4156 6300
472 244 487 263 ’
538 283 639 347 387
1738 286 2053 346 JOANNIS
2089 262 2607 343 CANTACUZENI
3668 285 3774 348 ass

535 398 896 466 optimatibus
928 398 1010 452 avi
1042 412 1158 460 sex,
1196 399 1600 469 conSpirantes,
1623 380 1758 453 bum
1788 417 1854 455 eo
1888 398 2100 454 eceulte
2136 402 2174 458 Α

2137 402 2174 458 Α
2203 397 2485 466 Βυζαντίῳ
2505 396 2715 466 βασιλεῖ
2745 394 2821 465 τῷ
2847 395 3207 468 πρεσΐυτὲρῳ
3241 397 3511 450 συνόντων
3547 401 3778 465 συγκλη-

534 500 785 560 egcrunt,
821 490 865 544 si
900 491 1140 559 placeret
1171 506 1443 561 occupare
1466 492 1805 562 Byzantium,
1844 492 1975 560 ipsis
1998 502 2106 545 tra-

2206 485 2375 541 τικῶν
2407 486 2467 550 ἓξ
2498 488 2965 557 συμφωνήσαντες
3014 489 3134 550 ταῖς
3175 487 3422 555 γνώμαις
3461 487 3778 556 πέμψαντες

538 583 818 645 dentibus.
865 583 1011 651 quod
1066 592 1346 651 poterant,
1402 585 1640 652 primum
1674 599 1732 636 se
1769 582 2107 652 illisjureju-

2207 581 2287 643 εἰς
2323 580 2742 651 Θεσσαλονίκην,
2777 578 3108 645 διειλέγοντο
3128 579 3316 649 κρύφα
3342 578 3422 649 τῷ
3447 580 3680 648 βασιλεῖ,
3705 581 3777 643 ὡς

537 675 710 729 rando
749 673 1136 740 obstringeret,
1175 687 1401 727 munere
1435 688 1545 741 quo
1586 689 1731 725 nune
1758 671 2101 741 fungeretur,

2208 673 2256 725 εἰ
2315 672 2558 742 βούλοιτο
2605 672 3242 741 Βυζάντιονδκατασχεῖν
3300 671 3483 724 αὐτῶν
3547 674 3778 741 παραδιι

536 780 794 836 magnum
844 765 1176 834 logothetam
1208 772 1546 825 ameturum,
1576 773 1741 833 atque
1775 764 1851 817 illi
1892 765 1945 817 in
1983 779 2106 833 per-

2204 765 2405 817 δῦντων
2426 804 2441 829 ,
2474 759 2617 833 ἦσαν
2663 766 2771 831 γὰρ
2794 764 2893 815 οὐκ
2922 762 3172 815 ἀδύνατοι
3201 764 3399 830 ποιεῖν,
3428 763 3646 832 πρῶτον
3681 762 3780 830 μὲν

536 867 762 928 petuum
813 870 1226 915 succensnrum,
1261 869 1439 923 neque
1492 869 1731 922 unquam
1763 854 2099 924 ignotarum.

2207 857 2390 917 αὐτοῖς
2453 853 2837 924 πιστώσασθαι,
2877 853 2944 906 δι’
2977 855 3166 924 ὅρκου,
3216 853 3316 920 τῆς
3370 870 3427 905 τε
3469 854 3778 924 ὑπηρεσίας

536 947 743 1003 Deinde
798 946 903 1000 alia
961 947 1205 1013 quzcrlam
1248 938 1368 1014 quae
1420 948 1782 1016 postularent,
1830 946 2107 1015 prmstitu-

2207 948 2274 1014 ὲιρ
2298 948 2366 1016 ἢν
2395 947 2489 999 νῦν
2521 946 2664 999 τελεί
2686 946 2776 998 τὸν
2820 946 2995 1014 μέγαν
3018 947 3321 1012 ἀποστῆσαι
3340 945 3655 1011 λογοθέτην,
3688 945 3776 998 τὸν

533 1056 681 1093 rum.
712 1038 788 1092 lta
821 1039 864 1091 si
897 1037 1135 1099 fecisset,
1167 1040 1284 1094 sine
1316 1055 1466 1093 mora
1496 1046 1703 1096 veniret
1732 1059 1746 1094 :
1776 1040 1939 1094 simul
1960 1040 2103 1092 enim

2206 1040 2535 1108 Μετοχίτην.
2563 1041 2657 1090 καὶ
2683 1037 2772 1089 διὰ
2810 1038 2925 1106 βίου
2959 1037 3158 1099 παντὸς
3191 1035 3260 1088 δι’
3289 1036 3458 1106 ὀργῆς
3488 1036 3655 1106 ἔχειν,
3685 1036 3778 1090 καὶ

534 1140 849 1192 venturum,
906 1138 963 1183 et
1011 1129 1202 1183 urbem
1258 1131 1313 1184 in
1358 1142 1682 1205 potesratem
1725 1139 2101 1200 accepturum.

2208 1133 2541 1200 συγγνώμην
2593 1130 2865 1200 μηδέποτε
2917 1132 3241 1198 παρασχεῖν.
3278 1129 3513 1181 Ἔπειτα
3574 1129 3632 1182 δὲ
3683 1132 3777 1183 καὶ

534 1222 711 1288 Super
745 1205 947 1289 quibus
980 1219 1270 1289 respondit
1305 1223 1627 1290 imperator,
1668 1238 1845 1292 neque
1878 1237 1938 1276 se
1975 1221 2107 1274 huic

2206 1219 2349 1289 ἕτερ’
2405 1220 2573 1281 ἄττα,
2639 1219 2737 1272 ὅσα
2787 1219 2941 1271 αὐτοὶ
2981 1217 3209 1288 ᾐτοῦντο
3266 1216 3597 1286 ὲκπληροῦνι
3658 1217 3775 1271 Κᾶν

532 1313 676 1366 bello
730 1322 891 1380 caput
938 1312 1131 1377 fuisse,
1166 1328 1348 1382 neque.
1392 1313 1475 1368 ab’
1512 1315 1634 1368 aliis
1666 1314 2013 1382 potissimum
2049 1313 2103 1367 id
2135 1356 2138 1359 λ

2135 1356 2138 1359 λ
2205 1309 2379 1363 ταῦτα
2413 1310 2597 1373 αὐτοῖς
2627 1309 2969 1378 πιστώσηται
3005 1307 3071 1361 δι’
3099 1309 3304 1376 ὅρκων,
3340 1308 3509 1377 μηδὶν
3539 1308 3774 1361 ἀνασαλ-

534 1400 796 1456 suscitari
850 1402 1091 1457 voluisse
1123 1403 1192 1457 ab
1234 1403 1430 1471 initio;
1483 1412 1538 1458 et
1570 1420 1637 1459 co
1666 1405 1948 1467 suscitato,
1992 1419 2107 1458 mo—

2206 1399 2429 1467 λὸμενον
2460 1398 2637 1469 ἣκειν,
2677 1398 2753 1460 ὡς
2802 1384 2918 1467 ἅμα
2973 1398 3049 1466 τῷ
3101 1384 3276 1449 ὲλθείν
3321 1397 3777 1466 παραληψόμενον

533 1491 688 1555 dum,
712 1492 968 1561 viamque
999 1508 1219 1547 onmem
1242 1495 1600 1564 excogitasse,
1630 1497 1835 1565 quibus
1864 1496 1918 1549 id
1949 1510 2104 1565 posse

2205 1494 2303 1563 τὴν
2356 1490 2531 1544 πόλιν.
2594 1490 2711 1559 Ἐφ’
2767 1485 2849 1552 οἷς
2897 1489 3232 1559 ἀπεκρίνατο
3282 1489 3311 1542 δ
3346 1488 3637 1558 βασιλεύς·
3671 1489 3774 1542 Τοῦ

531 1581 788 1650 dissipari
827 1582 1234 1650 arbitraretur;
1289 1600 1352 1639 ac
1400 1585 1571 1640 Deum
1606 1601 1787 1649 nosse,
1824 1587 1916 1655 qui
1956 1586 2103 1641 norit

2210 1577 2309 1647 μὲν
2344 1579 2481 1648 μήτε
2515 1577 2680 1629 αὐτὸν
2708 1577 2765 1629 ἐν
2790 1575 2867 1646 τῷ
2895 1575 3015 1628 νυνὶ
3047 1576 3270 1646 πολέμῳ
3294 1577 3474 1631 αἰτίαν
3503 1575 3776 1644 παρεσχῆ-

529 1674 712 1725 omnia
742 1680 1037 1742 antequam
1079 1674 1229 1737 ﬁant,
1268 1676 1432 1746 180
1466 1692 1663 1746 resque
1703 1678 1851 1746 ipsas
1892 1687 2101 1733 tantum
2138 1727 2170 1746 η

2138 1727 2177 1746 ﬂ
2210 1667 2359 1733 σθαι,
2413 1666 2540 1737 μήθ’
2588 1666 2678 1734 ὑφ’
2715 1667 2915 1737 ἐτέρων
2973 1667 3211 1736 μάλιστα
3253 1667 3458 1720 ἐθέλειν
3489 1667 3775 1735 κινηθῆναι

890 1727 907 1742 .
1268 1727 1429 1746 ..νν
1469 1727 1660 1746 -ν-τη
1703 1727 1847 1746 τη-

530 1776 641 1814 non
679 1765 843 1817 missa
896 1777 1030 1817 voce
1089 1764 1364 1819 testiﬁcari
1402 1766 1682 1835 idipsum;
1743 1769 1873 1835 quin
1919 1781 1975 1822 et
2007 1784 2104 1823 eos
2137 1727 2171 1786 θ

2137 1727 2178 1786 Β
2207 1755 2306 1826 τὴν
2342 1727 2537 1825 dri-xiii),
2568 1727 2664 1808 καλ
2693 1727 3011 1824 κινηθέντος
3035 1755 3121 1820 δὲ,
3151 1755 3328 1808 πάντα
3355 1757 3557 1826 τρόπον
3592 1727 3776 1808 ἐπίνε-

532 1852 702 1921 ipsos,
732 1854 778 1907 si
810 1869 935 1907 vera
969 1852 1155 1927 dicere
1188 1856 1381 1921 velint,
1415 1857 1794 1912 testimonium
1823 1859 1927 1913 sibi
1962 1859 2106 1913 latu-

2207 1848 2462 1915 νοηκέναι
2492 1845 2586 1900 καὶ
2624 1847 2871 1916 μηχανὴν
2893 1845 2960 1901 δι’
2987 1839 3062 1898 ὧν
3093 1845 3231 1915 ᾤετο
3260 1846 3423 1897 αὑτὸν
3450 1844 3776 1913 δυνήσεσθαι

530 1959 644 1998 ros.
674 1943 811 2011 Quia
841 1960 972 2025 vero
997 1960 1060 1999 ea
1084 1946 1332 2001 conditio
1364 1964 1547 2004 rerum
1578 1951 1672 2018 sit,
1700 1960 1760 2005 ut
1789 1967 1891 2006 avo
1915 1934 2104 2020 pacem

2207 1938 2517 2003 καταλύειν,
2575 1935 2710 1989 Θεὸν
2763 1953 2823 1988 τε
2873 1936 3103 2001 εἰδέναι,
3156 1937 3246 1988 τὸν
3281 1935 3459 1988 πάντα
3506 1937 3602 1988 καὶ
3646 1935 3776 2006 πρὶν

530 2034 783 2089 ftrrtditus
838 2037 1161 2106 rejectante,
1210 2042 1525 2095 necessario
1556 2052 1651 2096 aut
1693 2044 1829 2099 alter
1883 2045 2104 2099 illorum

2207 2030 2464 2100 γενέσθαι
2518 2030 2716 2090 εἰδότα,
2754 2027 2847 2081 καὶ
2875 2028 3013 2081 αὐτὰ
3045 2028 3115 2081 τά
3154 2028 3460 2097 πράγματα
3492 2027 3777 2098 μονονουχὶ

528 2126 763 2196 imperio
798 2127 1023 2198 depelli,
1057 2138 1150 2183 aut
1179 2130 1415 2200 subjecti
1448 2132 1691 2189 dissidiis
1727 2135 2004 2189 intestinis
2036 2138 2104 2189 ad

2208 2124 2393 2194 φωνὴν
2423 2122 2654 2188 ἀφιέντα
2690 2112 3032 2190 μᾶρτυρίων,
3065 2121 3160 2172 καὶ
3194 2120 3354 2189 ὑμεῖς
3385 2119 3429 2171 δ’
3454 2119 3612 2171 αὐτοὶ
3639 2134 3779 2188 συμ-

531 2219 835 2287 perniciem
886 2220 1070 2273 vocari
1103 2220 1364 2286 debeant,
1399 2223 1543 2277 velle
1572 2239 1652 2289 se,
1689 2224 1857 2293 idque
1898 2242 1963 2280 ex
2009 2241 2106 2278 nc—

2208 2215 2589 2286 μαρτυρήσετε
2634 2212 2699 2267 ἂν
2754 2213 2914 2282 ἐμοὶ,
2960 2212 3057 2264 ἐὰν
3109 2210 3299 2281 θέλητε
3342 2210 3523 2277 λέγειν
3540 2209 3770 2280 τάληθῆ.

530 2310 805 2374 cessitate,
860 2319 957 2363 aut
999 2310 1247 2380 ipsorum
1287 2324 1382 2367 aut
1425 2314 1659 2369 aliorum
1717 2331 1819 2380 ope
1865 2316 1967 2370 sub
2012 2317 2106 2386 jus

2218 2306 2374 2361 Ἐπεὶ
2397 2304 2441 2357 δ’
2463 2305 2608 2358 οὕτω
2640 2303 2709 2356 τὰ
2729 2304 2974 2374 ἡμέτερα
3007 2302 3307 2372 πράγματα
3342 2300 3773 2368 συνεσκευάσθη,

532 2414 692 2453 suum
732 2399 900 2471 redigi
931 2399 1296 2471 Byzantium;
1348 2402 1494 2473 quod
1526 2403 1633 2457 nisi
1665 2403 1778 2465 ﬁat,
1823 2419 2103 2473 nunquam

2206 2397 2349 2471 ὥστε
2397 2396 2642 2467 ἀνάγκην
2690 2389 2829 2448 εἶναι
2867 2396 2990 2464 μηδ’
3015 2395 3150 2457 ὅλως
3175 2394 3437 2463 βασιλέως
3462 2394 3774 2463 παραδεχο-

532 2491 692 2546 bellis
721 2492 975 2546 civilibus
1005 2492 1318 2548 defuturam
1351 2493 1657 2549 materiam.
1711 2477 1807 2550 Ob.
1823 2509 1886 2549 ea
1920 2504 2103 2550 autem

2209 2491 2372 2560 μένου
2416 2490 2514 2560 τὴν
2561 2489 2810 2559 εἰρήνην,
2840 2485 2873 2556 ἢ
2905 2486 2997 2539 τὸν
3027 2486 3217 2556 ἕτερον
3276 2485 3629 2538 ἐκπεσεῖσθαι
3678 2487 3776 2554 τῆς

530 2597 655 2650 qua:
715 2578 995 2651 rogassent
1032 2623 1048 2648 ,
1112 2598 1225 2637 non
1279 2583 1538 2654 Byzantio
1603 2585 1871 2640 duntaxat
1935 2585 2104 2669 potiri

2206 2583 2403 2653 ἀρχῆς,
2447 2581 2481 2651 ἢ
2536 2577 2946 2647 διαφθείρεσθαι
3002 2578 3063 2630 τὸ
3127 2576 3371 2646 ὑπήκοον
3428 2576 3776 2646 διῖστάμενον

533 2673 712 2736 nolle,
764 2673 856 2726 sed
911 2689 1088 2743 neque
1120 2684 1199 2729 tot
1233 2674 1484 2739 urbibus,
1526 2685 1663 2744 quot
1708 2686 1835 2731 sunt
1862 2667 2104 2748 Byzantii

2207 2675 2343 2743 πρὸς
2379 2673 2700 2741 ἑκατέρους,
2738 2669 3003 2740 βούλομαι
3025 2669 3343 2747 ἀναγκαίως
3364 2668 3399 2737 ἢ
3428 2667 3583 2737 ὑμῶν
3603 2684 3777 2738 πρατ-

531 2772 740 2818 turres.
768 2762 961 2835 Magno
987 2764 1279 2835 logotheta-
1306 2765 1627 2836 dignitatem
1663 2784 1770 2838 qua
1811 2784 1956 2823 nunc
1982 2768 2106 2822 fun-

2203 2765 2428 2829 τόντων,
2482 2763 2516 2833 ἡ
2547 2778 2708 2815 τινων
2741 2760 2962 2831 ἑτέρων,
3011 2760 3104 2813 ὑπ’
3159 2760 3397 2830 ἐμαυτὸν
3446 2760 3776 2828 ποιήσασθαι

530 2862 774 2924 geretur,
806 2870 915 2909 non
947 2855 1126 2910 solum
1167 2857 1297 2926 quia
1337 2857 1413 2912 illi
1448 2868 1725 2927 peterent.
1766 2860 1864 2914 sed
1893 2859 2101 2929 alioqui

2202 2855 2523 2924 Βυζάντιον,
2559 2856 2633 2918 ὡς
2666 2854 2733 2909 ἂν
2786 2853 2864 2922 μὴ
2891 2851 3049 2905 τοῦτο
3083 2853 3309 2922 γένηται
3351 2851 3458 2904 τῶν
3496 2852 3775 2923 ἐμφυλίων

528 2945 696 2999 etiam
731 2955 790 2999 ut
825 2945 1091 3001 molestiis
1114 2947 1467 3014 liberaretur,
1495 2949 1879 3019 abrogaturum
1904 2949 2097 3016 fuisse,

2204 2949 2265 3001 οὐ
2330 2948 2694 3016 παυσομένων
2750 2948 3030 3019 πολέμων.
3079 2946 3207 3001 Ἐπὶ
3264 2946 3531 3008 τοιούτοις
3594 2947 3776 3015 μέντοι

531 3034 576 3087 si
608 3048 774 3102 penes
804 3049 863 3088 se
895 3049 1110 3090 summa
1146 3034 1363 3104 imperii
1395 3035 1612 3090 fuisset.
1647 3036 1714 3091 Ut
1750 3046 1933 3091 autem
1964 3038 2098 3092 iram
2125 3053 2170 3115 ο

2132 3053 2170 3115 C
2204 3032 2292 3090 οἷα
2328 3034 2484 3088 αὐτοὶ
2533 3034 2797 3101 αἰτεῖσθε,
2847 3036 2908 3088 οὐ
2963 3035 3258 3099 Βυζάντιον
3298 3032 3478 3103 μόνον,
3518 3032 3635 3086 ἀλλ’
3663 3030 3773 3085 οὐδ’

530 3122 928 3178 inexorabilem
967 3123 1024 3178 in
1053 3124 1204 3179 omni
1234 3124 1348 3179 vita
1373 3124 1640 3181 adversus
1663 3141 1789 3181 eum
1813 3130 2097 3195 retineret,

2205 3128 2253 3179 εἰ
2283 3125 2444 3178 ιιιόσεϊι⁵
2489 3121 2673 3185 πόλεις
2703 3118 2845 3193 ἦσαν
2886 3124 3002 3176 ὅσοι
3048 3138 3248 3193 πυργοι
3283 3120 3613 3186 Βυζαντίου,
3647 3119 3776 3187 ἠθέ-

536 3209 589 3263 id
629 3225 752 3265 esse
790 3226 981 3276 unum,
1011 3212 1157 3281 quod
1189 3214 1434 3267 omnium
1475 3216 1703 3270 minime
1738 3216 1856 3271 ﬁeri
1892 3230 2098 3287 posset.

2203 3218 2343 3286 λησα
2368 3218 2434 3272 ἂν
2470 3219 2785 3287 κατασχεῖν.
2816 3219 2889 3270 Τὸ
2922 3217 3021 3287 μὲν
3059 3198 3169 3288 γὰρ
3198 3219 3289 3269 τὸν
3341 3200 3517 3286 μέγαν
3548 3214 3774 3283 λογοθέ-

532 3300 720 3372 Egone
773 3303 847 3357 ita
899 3303 1154 3374 delirem,
1212 3305 1413 3374 inquit,
1465 3315 1528 3361 ut
1561 3322 1658 3377 per
1704 3308 2100 3378 implacabilem

2204 3328 2304 3379 την
2348 3309 2661 3379 ἀποστῆσαι
2691 3309 2788 3379 τῆς
2830 3306 3139 3379 ὑπηρεσίας
3170 3307 3256 3375 ἐφ’
3295 3308 3362 3377 ἢν
3389 3305 3486 3358 νῦν
3516 3307 3682 3369 τελεῖ,
3714 3307 3775 3357 οὐ

531 3395 670 3446 iram
696 3395 959 3450 adversus
986 3397 1158 3463 illum,
1194 3399 1447 3454 mihimet
1477 3399 1683 3455 divinae
1714 3400 1975 3457 bonitatis
2010 3403 2104 3456 bc-

2206 3402 2370 3471 μόνον
2424 3400 2514 3455 διὰ.
2549 3401 2613 3454 τὸ
2643 3402 2817 3455 αἰτεῖν
2848 3399 2879 3453 ύ
2891 3402 3021 3469 μᾶς,
3052 3398 3188 3452 ἀλλὰ
3221 3399 3311 3452 καὶ
3348 3397 3524 3461 ἄλλως
3551 3397 3687 3467 πρὸς
3717 3397 3776 3449 τὸ

530 3483 696 3554 nigna
740 3485 953 3539 viscera
991 3488 1370 3555 praecludam?
1403 3478 1675 3560 siquidem
1706 3506 1813 3560 qua
1845 3507 2103 3546 mensura
2146 3527 2155 3543 .

2146 3527 2155 3543 .
2204 3493 2550 3564 ἀπηλλάχθαι
2580 3492 2954 3562 πραγμάτων,
2997 3489 3209 3561 ἔπραξα
3242 3489 3308 3542 ἂν
3341 3488 3433 3541 ὑπ’
3467 3489 3590 3559 ἐμοὶ
3621 3506 3778 3555 γενο-

529 3575 819 3628 conservis
848 3577 1054 3631 nostris
1088 3579 1265 3633 mensi
1298 3579 1590 3647 fuerimus,
1625 3582 1815 3637 eadem
1847 3598 1906 3637 se
1941 3584 2103 3639 nobis

2208 3587 2384 3655 μένων
2431 3585 2539 3639 τῶν
2574 3584 2942 3654 πραγμάτων.
2988 3582 3062 3635 Τὸ
3099 3582 3286 3652 μέντοι
3315 3597 3379 3649 γε
3414 3581 3580 3633 αὐτοῦ
3608 3596 3777 3634 κατα-

539 3668 923 3725 τθιηθιιδυιειιιη
978 3673 1359 3742 pronuntiavit
1413 3691 1429 3732 :
1490 3674 1656 3744 idque
1705 3690 1831 3731 cum
1877 3689 2103 3747 peccata

2203 3674 2551 3748 ψηφίσασθαι
2569 3677 2658 3729 διὰ
2690 3677 2807 3746 βίου
2855 3675 3235 3745 ἀπαραίτητον
3270 3674 3464 3745 ὀργὴν,
3496 3673 3775 3726 ἀδυνατώ-

530 3769 718 3814 nostra
755 3770 947 3815 contra
974 3761 1146 3817 Deum
1171 3762 1406 3818 inﬁnitis
1439 3765 1691 3834 partibus
1721 3782 1786 3822 ea
1816 3779 2100 3837 superent,

2203 3784 2365 3821 τατον
2397 3766 2508 3821 τῶν
2544 3768 2785 3822 πάντων.
2813 3767 2905 3837 Μὴ
2945 3767 3053 3834 γὰρ
3081 3764 3224 3819 οὕτω
3256 3766 3488 3837 μανείην
3515 3764 3657 3819 ὥστε
3684 3763 3775 3819 διὰ

530 3866 656 3919 quae
693 3851 762 3906 ab
793 3852 1110 3907 hominibus
1133 3864 1325 3909 contra
1361 3869 1461 3910 nos
1489 3865 1811 3924 peccantur.
1863 3859 2101 3915 Proinde

2202 3861 2302 3931 τῆς
2348 3862 2428 3924 εἰς
2473 3861 2681 3913 ἐκεῖνον
2730 3859 3109 3930 ἀπαραιτήτου
3158 3859 3328 3929 ὀργῆς
3379 3852 3602 3928 ἐμαί.)τῴ
3638 3860 3776 3910 ἀπο-

529 3942 848 4013 Byzantium
869 3943 970 3997 sibi
992 3958 1093 4013 pro
1110 3946 1386 4001 communi
1408 3945 1642 4002 utilitate
1658 3949 1963 4020 subjectum
1982 3966 2103 4023 per-

2203 3952 2422 4005 κλεῖσαι
2460 3950 2531 4004 τὰ
2562 3949 2922 4021 φιλάνθρωπα
2975 3951 3264 4019 σπλάγχνα
3306 3951 3406 4019 τῆς
3435 3949 3772 4017 ἀγαθότητος

530 4048 773 4100 cupere;
812 4032 915 4088 hac
959 4044 1143 4089 autem
1179 4036 1448 4104 petitione
1475 4048 1726 4109 excepta,
1773 4041 1816 4095 si
1850 4056 1954 4111 qua
1996 4043 2100 4098 alia

2201 4043 2297 4097 τοῦ
2333 4043 2492 4098 Θεοῦ.
2539 4044 2763 4114 Ἐπειδὴ
2807 4037 2852 4111 ᾧ
2891 4045 3075 4113 μέτρῳ
3117 4044 3463 4113 μετρήσομεν
3494 4046 3607 4104 τοῖς
3649 4059 3773 4094 συν-

531 4125 665 4194 ipsis
692 4127 926 4194 petenda
960 4128 1299 4196 viderentur,
1326 4131 1664 4188 auditurum.
1710 4132 1825 4189 Hoc
1856 4134 1935 4189 illi
1982 4153 2100 4192 ma-

2201 4135 2430 4201 δούλοις,
2462 4137 2883 4205 ἀντιμετρήσειν
2914 4136 3239 4205 ἀπεφήνατο
3267 4136 3417 4205 ἡμῖν.
3453 4135 3564 4188 Καὶ
3602 4134 3773 4186 ταῦτα

533 4228 676 4285 gnos
709 4217 1045 4273 domesticus
1065 4218 1121 4272 in
1146 4222 1474 4276 memoriam
1503 4223 1818 4291 revocabat,
1849 4237 1906 4280 et
1938 4228 2099 4301 plura

2194 4230 2300 4297 οὐκ
2329 4228 2509 4299 ἐξίσης
2527 4228 2635 4282 τῶν
2661 4229 2795 4298 ἡμῖν
2817 4227 3227 4299 ἡμαρτημένων
3257 4226 3446 4290 ὄντων,
3473 4226 3589 4279 ἀλλ’
3614 4228 3774 4279 ἁπειο

528 4319 654 4359 cum
683 4321 749 4361 eo
767 4306 1068 4374 disserens,
1087 4310 1233 4364 viros
1256 4312 1724 4383 producebat,qui
1741 4317 1931 4375 eadem
1954 4320 2096 4389 apud
2137 4385 2166 4392 _

2137 4385 2166 4392 _
2209 4320 2486 4392 ροπλασίῳ
2517 4319 2627 4375 τινὶ
2660 4320 2903 4390 ὑπεροχῇ
2940 4320 3049 4370 τῶν
3082 4319 3211 4387 ἐμοὶ
3251 4317 3387 4388 πρὸς
3415 4316 3551 4370 Θεὸν
3583 4318 3773 4390 ἡμαρ-

529 4396 725 4465 impcr:
748 4405 913 4451 torem
956 4398 1350 4469 loquebantur,
1394 4415 1770 4462 asseverantes
1803 4423 1863 4463 se
1899 4410 1978 4464 illi
2014 4428 2102 4466 ur-
2137 4385 2170 4439 θ

2137 4385 2177 4439 D
2202 4385 3207 4483 cqpévwvvBtatpspdvttuv."'l'otyapo59
3237 4385 3309 4457 to
3332 4406 3433 4473 μὲν
3469 4404 3562 4457 ὑπ’
3595 4385 3769 4474 ἐμαυ-

535 4486 656 4539 bem
706 4486 921 4541 tradere
969 4504 1149 4557 posse.
1200 4490 1414 4556 Quibus
1460 4494 1786 4551 collaudatis
1822 4501 2098 4571 qua'sivit,

2200 4499 2277 4570 τῷ
2310 4498 2636 4568 ποιήσασθαι
2697 4496 2992 4561 Βυζάντιον
3042 4497 3134 4549 καὶ
3192 4498 3334 4550 πάνυ
3370 4496 3633 4566 βούλομαι
3677 4498 3771 4552 τοῦ

533 4592 662 4630 num
687 4578 818 4646 quid
852 4580 921 4633 ab
953 4594 1011 4634 se
1034 4589 1304 4649 peterent.
1331 4583 1369 4635 li
1405 4583 1540 4637 nihil
1571 4593 1761 4653 petere
1791 4593 2101 4647 constitue-

2201 4584 2353 4660 κοινῇ
2394 4589 2796 4653 λυσιτελοῦντος
2825 4589 3005 4642 ἕνεκα.
3037 4590 3241 4644 Τούτου
3268 4592 3323 4645 δὲ
3350 4592 3442 4646 τοῦ
3470 4595 3773 4666 αἰτήματος

530 4680 649 4720 rant
675 4684 690 4733 ;
724 4667 819 4722 sed
846 4684 969 4723 Cum
995 4671 1289 4739 imperator
1311 4673 1540 4728 instaret
1561 4677 1993 4751 saepius,_viginti
2015 4684 2104 4754 j'u-

2200 4683 2455 4748 ἀπόντος,
2491 4684 2589 4737 καὶ
2641 4684 2698 4735 εἴ
2728 4700 2793 4752 γε
2815 4683 2906 4735 καὶ
2937 4684 3068 4752 ὑμῖν
3103 4685 3370 4749 συνδοκεῖ,
3401 4685 3509 4739 τότ’
3535 4687 3638 4757 ήδη
3678 4689 3773 4741 καὶ

526 4773 657 4826 gera
687 4761 1015 4827 petiverunt.
1076 4761 1213 4815 'l'um
1246 4763 1431 4819 ridens
1462 4766 1551 4820 ille
1597 4785 1609 4821 :
1644 4767 1711 4822 At
1740 4785 1863 4839 ego,
1891 4774 2088 4842 inquit,

2203 4776 2332 4844 περὶ
2370 4776 2479 4827 τῶν
2531 4776 2832 4829 ἐπιλοίπων
2883 4777 3036 4848 ὑμῶν
3084 4779 3393 4847 ἀκούσομαι
3425 4779 3767 4848 αἰτημάτων.

525 4846 716 4900 divino
742 4862 1005 4901 concessu
1028 4850 1250 4904 candori
1281 4853 1652 4923 probitatique
1686 4867 1883 4912 vestrae
1929 4859 2093 4930 digna

2200 4867 2420 4920 Τούτων
2447 4868 2548 4937 μὲν
2579 4866 2671 4921 οὖν
2705 4870 2732 4921 ὀ
2769 4846 2942 4938 μέγαξ
2972 4871 3093 4923 τότε
3119 4860 3437 4941 δομέστικος
3468 4846 3770 4940 ἀνεμίμνη-

526 4936 748 5006 pracmia
783 4938 1110 5006 persoltaru.
1142 4940 1316 4997 Medio
1339 4942 1393 4995 in
1425 4960 1679 5000 sermone
1707 4948 1926 5003 advolat
1961 4950 2094 5004 Sco-

2201 4967 2296 5003 σκε
2341 4936 2569 5022 βασιλέα
2595 4969 2609 4982 ·
2642 4958 2734 5006 καὶ
2756 4936 2898 5023 ἕτερ’
2932 4957 3066 5009 ἄττα
3093 4936 3228 5024 πρὲίς
3258 4957 3418 5009 αὐτὸν
3441 4936 3764 5024 διαλεχθεὶξ,

527 5031 649 5098 pelo
682 5030 791 5100 (1'5)
817 5045 846 5083 a
886 5032 1143 5098 prxefecto
1171 5035 1416 5101 nuntius,
1450 5036 1769 5093 Michaelcm
1794 5042 2088 5097 Mtcsorum

2201 5041 2446 5111 προσῆγε
2503 5044 2628 5104 τοὺς
2685 5043 2906 5113 ἄνδρας.
2974 5047 3038 5097 Οἰ
3100 5045 3157 5097 δὲ
3192 5047 3287 5098 καί
3346 5048 3480 5116 πρὸς
3539 5045 3766 5115 βασιλέα

528 5136 713 5189 regem
741 5122 794 5174 in
818 5122 932 5175 suis
956 5132 1010 5175 et
1044 5122 1411 5179 [tertianorum
1446 5128 1703 5184 conﬁniis
1726 5133 1868 5200 apud
1905 5134 2098 5188 urbem

2195 5133 2569 5205 διειλέχθησαν
2602 5138 2669 5190 τὰ
2706 5137 2817 5191 ἴσα.
2852 5138 2961 5190 Καὶ
2991 5134 3026 5207 ἦ
3059 5140 3166 5209 μὴν
3195 5139 3588 5211 διῖσχυρίζοντο
3614 5139 3766 5193 αύτοί

530 5226 708 5276 etiam,
762 5213 984 5266 nomine
1025 5213 1357 5283 Diampolin,
1399 5228 1578 5273 castra
1610 5222 1838 5284 locasse,
1874 5222 2103 5294 Scytha-

2195 5224 2521 5294 δυνήσεσθαι
2568 5227 2668 5297 τὴν
2719 5229 2874 5281 πόλιν
2938 5230 3306 5299 παραδώσειν.
3357 5230 3765 5292 Ἐπαινέσαίῶ

533 5319 654 5361 rum
693 5306 1015 5361 comitatum
1064 5310 1308 5371 auxiliis,
1339 5312 1431 5379 qui
1472 5312 1624 5382 juxta
1666 5314 2098 5371 Rhosocastrutn

2195 5317 2395 5381 αὐτοὺς
2442 5321 2469 5371 ὁ
2514 5319 2792 5389 βασιλεὺς,
2833 5322 2927 5374 καὶ
2975 5322 3027 5373 εἰ
3052 5338 3103 5373 τι
3165 5322 3497 5375 ἐπυνθάνετο
3529 5323 3763 5376 αἰτοῖεν

531 5397 767 5450 tentoria
839 5396 1129 5452 haberent.
1200 5398 1503 5468 Imperator
1562 5403 1693 5471 quid
1759 5403 2099 5472 faciendum,

2195 5409 2245 5476 οἱ
2285 5407 2329 5459 δ’
2361 5410 2641 5464 ἐπείθοντο
2699 5414 2870 5465 αἰτεῖν
2922 5414 3106 5466 οὐδέν’
3168 5413 3341 5468 πολλὰ
3393 5415 3452 5467 δὲ
3506 5413 3792 5479 πολλάκις

1771 5544 1990 5606 Jacobi
2028 5547 2285 5609 Poulani
2324 5558 2510 5613 nu’tm.

593 5658 710 5732 (ιὸ)
750 5660 873 5717 lltcc
905 5662 1170 5733 Scopelus
1199 5663 1442 5720 Thracia:
1469 5667 1602 5723 urbs
1632 5676 1737 5722 est.
