  <div class='ocr_page' id='page_1' title='image "/cluster/home/n/w/nwhite01/storage/ocr_20150623/153/mdp.39015078384727/214.png"; bbox 0 0 4156 6300; ppageno 0'>
   <div class='ocr_carea' id='block_1_1' title="bbox 399 329 510 396">
    <p class='ocr_par' dir='ltr' id='par_1_1' title="bbox 399 329 510 396">
     <span class='ocr_line' id='line_1_1' title="bbox 399 329 510 396; baseline 0.009 -1"><span class='ocrx_word' id='word_1_1' title='bbox 399 329 510 396; x_wconf 83' lang='lat'><strong>393</strong></span> 
     </span>
    </p>
   </div>
   <div class='ocr_carea' id='block_1_2' title="bbox 1593 345 2487 417">
    <p class='ocr_par' dir='ltr' id='par_1_2' title="bbox 1593 345 2487 417">
     <span class='ocr_line' id='line_1_2' title="bbox 1593 345 2487 417; baseline 0.013 -12"><span class='ocrx_word' id='word_1_2' title='bbox 1593 345 2136 412; x_wconf 68' lang='lat' dir='ltr'><strong>Hlb’l‘ORlARUM</strong></span> <span class='ocrx_word' id='word_1_3' title='bbox 2170 353 2401 414; x_wconf 86' lang='lat' dir='ltr'><strong>LIBER</strong></span> <span class='ocrx_word' id='word_1_4' title='bbox 2433 357 2487 417; x_wconf 90' lang='grc' dir='ltr'><strong>Ι.</strong></span> 
     </span>
    </p>
   </div>
   <div class='ocr_carea' id='block_1_3' title="bbox 3541 346 3646 426">
    <p class='ocr_par' dir='ltr' id='par_1_3' title="bbox 3541 346 3646 426">
     <span class='ocr_line' id='line_1_3' title="bbox 3541 346 3646 426; baseline -0.019 -17"><span class='ocrx_word' id='word_1_5' title='bbox 3541 346 3646 426; x_wconf 71' lang='lat' dir='ltr'><strong>soi</strong></span> 
     </span>
    </p>
   </div>
   <div class='ocr_carea' id='block_1_4' title="bbox 344 448 1957 536">
    <p class='ocr_par' dir='ltr' id='par_1_4' title="bbox 344 448 1957 529">
     <span class='ocr_line' id='line_1_4' title="bbox 344 448 1957 529; baseline 0.007 -28"><span class='ocrx_word' id='word_1_6' title='bbox 344 503 354 510; x_wconf 62' lang='lat'><strong>,</strong></span> <span class='ocrx_word' id='word_1_7' title='bbox 398 449 500 518; x_wconf 74' lang='grc' dir='ltr'><strong>τὴν</strong></span> <span class='ocrx_word' id='word_1_8' title='bbox 526 448 722 519; x_wconf 38' lang='grc' dir='ltr'>-ἇφιξιν</span> <span class='ocrx_word' id='word_1_9' title='bbox 774 452 940 508; x_wconf 79' lang='grc' dir='ltr'>αὐτοῦ</span> <span class='ocrx_word' id='word_1_10' title='bbox 987 456 1016 510; x_wconf 85' lang='grc' dir='ltr'><strong>δ</strong></span> <span class='ocrx_word' id='word_1_11' title='bbox 1066 473 1122 510; x_wconf 89' lang='grc' dir='ltr'><strong>τι</strong></span> <span class='ocrx_word' id='word_1_12' title='bbox 1147 456 1258 528; x_wconf 72' lang='grc' dir='ltr'><strong>εἴη.</strong></span> <span class='ocrx_word' id='word_1_13' title='bbox 1287 458 1350 512; x_wconf 78' lang='lat' dir='ltr'><strong>Ei</strong></span> <span class='ocrx_word' id='word_1_14' title='bbox 1381 459 1479 529; x_wconf 84' lang='grc' dir='ltr'><strong>μὲν</strong></span> <span class='ocrx_word' id='word_1_15' title='bbox 1514 458 1607 514; x_wconf 85' lang='grc' dir='ltr'>οῦν</span> <span class='ocrx_word' id='word_1_16' title='bbox 1631 461 1804 525; x_wconf 80' lang='grc' dir='ltr'>λύσας</span> <span class='ocrx_word' id='word_1_17' title='bbox 1849 463 1957 516; x_wconf 64' lang='grc' dir='ltr'><strong>τοὺς</strong></span> 
     </span>
    </p>
   </div>
   <div class='ocr_carea' id='block_1_5' title="bbox 2058 448 3640 536">
    <p class='ocr_par' dir='ltr' id='par_1_5' title="bbox 2081 464 3640 536">
     <span class='ocr_line' id='line_1_5' title="bbox 2081 464 3640 536; baseline 0 -18"><span class='ocrx_word' id='word_1_18' title='bbox 2081 480 2264 527; x_wconf 88' lang='lat' dir='ltr'><strong>nosse,</strong></span> <span class='ocrx_word' id='word_1_19' title='bbox 2298 481 2366 518; x_wconf 90' lang='lat' dir='ltr'><strong>an</strong></span> <span class='ocrx_word' id='word_1_20' title='bbox 2401 475 2564 536; x_wconf 78' lang='lat' dir='ltr'><strong>rupto</strong></span> <span class='ocrx_word' id='word_1_21' title='bbox 2595 465 2800 520; x_wconf 76' lang='lat' dir='ltr'><strong>foedere</strong></span> <span class='ocrx_word' id='word_1_22' title='bbox 2839 464 3038 519; x_wconf 88' lang='lat' dir='ltr'><strong>bellum</strong></span> <span class='ocrx_word' id='word_1_23' title='bbox 3065 464 3166 521; x_wconf 87' lang='lat' dir='ltr'><strong>sibi</strong></span> <span class='ocrx_word' id='word_1_24' title='bbox 3197 464 3451 531; x_wconf 89' lang='lat' dir='ltr'><strong>iutentet,</strong></span> <span class='ocrx_word' id='word_1_25' title='bbox 3480 476 3538 519; x_wconf 94' lang='lat' dir='ltr'><strong>ut</strong></span> <span class='ocrx_word' id='word_1_26' title='bbox 3566 466 3640 519; x_wconf 84' lang='lat' dir='ltr'><strong>si—</strong></span> 
     </span>
    </p>
   </div>
   <div class='ocr_carea' id='block_1_6' title="bbox 397 540 1957 625">
    <p class='ocr_par' dir='ltr' id='par_1_6' title="bbox 397 540 1957 624">
     <span class='ocr_line' id='line_1_6' title="bbox 397 540 1957 624; baseline 0.011 -34"><span class='ocrx_word' id='word_1_27' title='bbox 397 540 601 610; x_wconf 83' lang='grc' dir='ltr'>ὅρκους</span> <span class='ocrx_word' id='word_1_28' title='bbox 640 543 737 595; x_wconf 80' lang='grc' dir='ltr'>καὶ</span> <span class='ocrx_word' id='word_1_29' title='bbox 779 544 878 608; x_wconf 71' lang='grc' dir='ltr'><strong>τὰς</strong></span> <span class='ocrx_word' id='word_1_30' title='bbox 907 547 1141 612; x_wconf 78' lang='grc' dir='ltr'>σπονδὰς</span> <span class='ocrx_word' id='word_1_31' title='bbox 1165 549 1265 612; x_wconf 85' lang='grc' dir='ltr'>τὰς</span> <span class='ocrx_word' id='word_1_32' title='bbox 1313 550 1452 621; x_wconf 78' lang='grc' dir='ltr'>πρὸς</span> <span class='ocrx_word' id='word_1_33' title='bbox 1508 552 1693 618; x_wconf 79' lang='grc' dir='ltr'>αὑτὸν,</span> <span class='ocrx_word' id='word_1_34' title='bbox 1739 554 1957 624; x_wconf 55' lang='grc' dir='ltr'>πόλεμοι</span> 
     </span>
    </p>
   </div>
   <div class='ocr_carea' id='block_1_7' title="bbox 2058 540 3643 625">
    <p class='ocr_par' dir='ltr' id='par_1_7' title="bbox 2079 555 3643 625">
     <span class='ocr_line' id='line_1_7' title="bbox 2079 555 3643 625; baseline 0.001 -17"><span class='ocrx_word' id='word_1_35' title='bbox 2079 555 2286 608; x_wconf 88' lang='lat' dir='ltr'><strong>militer</strong></span> <span class='ocrx_word' id='word_1_36' title='bbox 2315 571 2374 610; x_wconf 90' lang='lat' dir='ltr'><strong>se</strong></span> <span class='ocrx_word' id='word_1_37' title='bbox 2403 565 2701 625; x_wconf 89' lang='lat' dir='ltr'><strong>comparet.</strong></span> <span class='ocrx_word' id='word_1_38' title='bbox 2733 555 2824 611; x_wconf 89' lang='lat' dir='ltr'><strong>Sin</strong></span> <span class='ocrx_word' id='word_1_39' title='bbox 2853 556 3013 610; x_wconf 90' lang='lat' dir='ltr'><strong>aliam</strong></span> <span class='ocrx_word' id='word_1_40' title='bbox 3050 555 3121 610; x_wconf 89' lang='lat' dir='ltr'><strong>ob</strong></span> <span class='ocrx_word' id='word_1_41' title='bbox 3139 570 3360 610; x_wconf 80' lang='lat' dir='ltr'><strong>causam</strong></span> <span class='ocrx_word' id='word_1_42' title='bbox 3388 563 3643 624; x_wconf 87' lang='lat' dir='ltr'><strong>suscepta</strong></span> 
     </span>
    </p>
   </div>
   <div class='ocr_carea' id='block_1_8' title="bbox 395 629 1957 717">
    <p class='ocr_par' dir='ltr' id='par_1_8' title="bbox 395 629 1957 706">
     <span class='ocr_line' id='line_1_8' title="bbox 395 629 1957 706; baseline 0.006 -21"><span class='ocrx_word' id='word_1_43' title='bbox 395 629 639 700; x_wconf 78' lang='grc' dir='ltr'>ἅρασθαι</span> <span class='ocrx_word' id='word_1_44' title='bbox 691 631 967 701; x_wconf 86' lang='grc' dir='ltr'>βούλεται,</span> <span class='ocrx_word' id='word_1_45' title='bbox 1013 637 1206 706; x_wconf 76' lang='grc' dir='ltr'>μαθεῖν</span> <span class='ocrx_word' id='word_1_46' title='bbox 1231 639 1460 706; x_wconf 73' lang='grc' dir='ltr'>ἐθέλειν,</span> <span class='ocrx_word' id='word_1_47' title='bbox 1513 642 1660 703; x_wconf 76' lang='grc' dir='ltr'>ὅπως</span> <span class='ocrx_word' id='word_1_48' title='bbox 1689 643 1784 694; x_wconf 75' lang='grc' dir='ltr'>καὶ</span> <span class='ocrx_word' id='word_1_49' title='bbox 1813 643 1957 705; x_wconf 60' lang='grc' dir='ltr'>αὐτὸς</span> 
     </span>
    </p>
   </div>
   <div class='ocr_carea' id='block_1_9' title="bbox 2058 629 3642 717">
    <p class='ocr_par' dir='ltr' id='par_1_9' title="bbox 2079 644 3642 717">
     <span class='ocr_line' id='line_1_9' title="bbox 2079 644 3642 717; baseline 0 -19"><span class='ocrx_word' id='word_1_50' title='bbox 2079 644 2151 699; x_wconf 93' lang='lat' dir='ltr'><strong>sit</strong></span> <span class='ocrx_word' id='word_1_51' title='bbox 2170 645 2468 714; x_wconf 70' lang='lat' dir='ltr'><strong>expeditio,</strong></span> <span class='ocrx_word' id='word_1_52' title='bbox 2498 661 2557 701; x_wconf 91' lang='lat' dir='ltr'><strong>se</strong></span> <span class='ocrx_word' id='word_1_53' title='bbox 2589 646 2642 700; x_wconf 90' lang='lat' dir='ltr'><strong>id</strong></span> <span class='ocrx_word' id='word_1_54' title='bbox 2673 660 2892 715; x_wconf 91' lang='lat' dir='ltr'><strong>quoque</strong></span> <span class='ocrx_word' id='word_1_55' title='bbox 2923 647 3176 717; x_wconf 83' lang='lat' dir='ltr'><strong>ignorare</strong></span> <span class='ocrx_word' id='word_1_56' title='bbox 3199 647 3365 700; x_wconf 80' lang='lat' dir='ltr'><strong>nolle.</strong></span> <span class='ocrx_word' id='word_1_57' title='bbox 3412 645 3642 701; x_wconf 80' lang='lat' dir='ltr'><strong>Verum-</strong></span> 
     </span>
    </p>
   </div>
   <div class='ocr_carea' id='block_1_10' title="bbox 400 722 1975 798">
    <p class='ocr_par' dir='ltr' id='par_1_10' title="bbox 400 722 1975 798">
     <span class='ocr_line' id='line_1_10' title="bbox 400 722 1975 798; baseline 0.007 -26"><span class='ocrx_word' id='word_1_58' title='bbox 400 722 884 788; x_wconf 79' lang='grc' dir='ltr'>παρασκευάζοιτο</span> <span class='ocrx_word' id='word_1_59' title='bbox 930 723 995 778; x_wconf 74' lang='grc' dir='ltr'>ἐκ</span> <span class='ocrx_word' id='word_1_60' title='bbox 1033 725 1130 778; x_wconf 89' lang='grc' dir='ltr'>τοῦ</span> <span class='ocrx_word' id='word_1_61' title='bbox 1173 728 1384 798; x_wconf 70' lang='grc' dir='ltr'>ὁμοίου.</span> <span class='ocrx_word' id='word_1_62' title='bbox 1436 730 1499 782; x_wconf 80' lang='grc' dir='ltr'><strong>Εἰ</strong></span> <span class='ocrx_word' id='word_1_63' title='bbox 1545 730 1601 782; x_wconf 80' lang='grc' dir='ltr'><strong>δέ</strong></span> <span class='ocrx_word' id='word_1_64' title='bbox 1645 747 1738 782; x_wconf 91' lang='grc' dir='ltr'>του</span> <span class='ocrx_word' id='word_1_65' title='bbox 1783 730 1975 796; x_wconf 81' lang='grc' dir='ltr'>ἑτέρου</span> 
     </span>
    </p>
   </div>
   <div class='ocr_carea' id='block_1_11' title="bbox 397 807 1974 895">
    <p class='ocr_par' dir='ltr' id='par_1_11' title="bbox 397 807 1974 895">
     <span class='ocr_line' id='line_1_11' title="bbox 397 807 1974 895; baseline 0.009 -35"><span class='ocrx_word' id='word_1_66' title='bbox 397 807 561 863; x_wconf 76' lang='grc' dir='ltr'>ἕνεκα</span> <span class='ocrx_word' id='word_1_67' title='bbox 593 813 626 883; x_wconf 79' lang='grc' dir='ltr'>ἡ</span> <span class='ocrx_word' id='word_1_68' title='bbox 682 814 1013 884; x_wconf 79' lang='grc' dir='ltr'>ὲκστρατεία</span> <span class='ocrx_word' id='word_1_69' title='bbox 1048 817 1157 887; x_wconf 75' lang='grc' dir='ltr'><strong>εἴη.</strong></span> <span class='ocrx_word' id='word_1_70' title='bbox 1218 818 1295 895; x_wconf 66' lang='grc' dir='ltr'>μὴ</span> <span class='ocrx_word' id='word_1_71' title='bbox 1347 821 1584 888; x_wconf 73' lang='grc' dir='ltr'><strong>ἀγνοεῖν.</strong></span> <span class='ocrx_word' id='word_1_72' title='bbox 1621 823 1809 891; x_wconf 86' lang='grc' dir='ltr'><strong>Ὅμως</strong></span> <span class='ocrx_word' id='word_1_73' title='bbox 1847 823 1974 891; x_wconf 83' lang='grc' dir='ltr'>μέν-</span> 
     </span>
    </p>
   </div>
   <div class='ocr_carea' id='block_1_12' title="bbox 396 906 1973 982">
    <p class='ocr_par' dir='ltr' id='par_1_12' title="bbox 396 906 1973 982">
     <span class='ocr_line' id='line_1_12' title="bbox 396 906 1973 982; baseline 0.01 -29"><span class='ocrx_word' id='word_1_74' title='bbox 396 918 482 954; x_wconf 86' lang='grc' dir='ltr'><strong>τοι</strong></span> <span class='ocrx_word' id='word_1_75' title='bbox 521 919 584 970; x_wconf 87' lang='grc' dir='ltr'><strong>γε</strong></span> <span class='ocrx_word' id='word_1_76' title='bbox 624 906 684 957; x_wconf 78' lang='grc' dir='ltr'><strong>τό</strong></span> <span class='ocrx_word' id='word_1_77' title='bbox 739 922 801 958; x_wconf 85' lang='grc' dir='ltr'>τε</span> <span class='ocrx_word' id='word_1_78' title='bbox 845 906 1082 979; x_wconf 78' lang='grc' dir='ltr'><strong>ἄκλητον</strong></span> <span class='ocrx_word' id='word_1_79' title='bbox 1124 909 1284 979; x_wconf 75' lang='grc' dir='ltr'>ήκειν</span> <span class='ocrx_word' id='word_1_80' title='bbox 1341 914 1640 982; x_wconf 83' lang='grc' dir='ltr'>τεκμήριον</span> <span class='ocrx_word' id='word_1_81' title='bbox 1703 915 1973 982; x_wconf 77' lang='grc' dir='ltr'>ποιεῖσθαι</span> 
     </span>
    </p>
   </div>
   <div class='ocr_carea' id='block_1_13' title="bbox 398 980 1974 1076">
    <p class='ocr_par' dir='ltr' id='par_1_13' title="bbox 398 980 1974 1076">
     <span class='ocr_line' id='line_1_13' title="bbox 398 980 1974 1076; baseline 0.009 -32"><span class='ocrx_word' id='word_1_82' title='bbox 398 994 501 1046; x_wconf 90' lang='grc' dir='ltr'>τοῦ</span> <span class='ocrx_word' id='word_1_83' title='bbox 537 995 658 1047; x_wconf 82' lang='grc' dir='ltr'>κατ’</span> <span class='ocrx_word' id='word_1_84' title='bbox 688 996 856 1050; x_wconf 82' lang='grc' dir='ltr'>αὑτοῦ</span> <span class='ocrx_word' id='word_1_85' title='bbox 914 1002 1137 1071; x_wconf 80' lang='grc' dir='ltr'><strong>χωρεῖν,</strong></span> <span class='ocrx_word' id='word_1_86' title='bbox 1165 1003 1262 1055; x_wconf 68' lang='grc' dir='ltr'><strong>καὶ</strong></span> <span class='ocrx_word' id='word_1_87' title='bbox 1307 1001 1368 1055; x_wconf 84' lang='grc' dir='ltr'>τὸ</span> <span class='ocrx_word' id='word_1_88' title='bbox 1397 980 1719 1067; x_wconf 67' lang='grc' dir='ltr'>Βυζαντίοις</span> <span class='ocrx_word' id='word_1_89' title='bbox 1750 980 1974 1076; x_wconf 79' lang='grc' dir='ltr'>συμμα-</span> 
     </span>
    </p>
   </div>
   <div class='ocr_carea' id='block_1_14' title="bbox 386 1086 1966 1166">
    <p class='ocr_par' dir='ltr' id='par_1_14' title="bbox 386 1086 1966 1166">
     <span class='ocr_line' id='line_1_14' title="bbox 386 1086 1966 1166; baseline 0.008 -29"><span class='ocrx_word' id='word_1_90' title='bbox 386 1086 532 1156; x_wconf 61' lang='grc' dir='ltr'>τχίαν·</span> <span class='ocrx_word' id='word_1_91' title='bbox 563 1087 681 1156; x_wconf 68' lang='grc' dir='ltr'>ἅμα</span> <span class='ocrx_word' id='word_1_92' title='bbox 725 1087 906 1161; x_wconf 76' lang='grc' dir='ltr'><strong>Ἰϐἀνῃ</strong></span> <span class='ocrx_word' id='word_1_93' title='bbox 932 1093 990 1155; x_wconf 76' lang='grc' dir='ltr'>ἐς</span> <span class='ocrx_word' id='word_1_94' title='bbox 1013 1093 1346 1163; x_wconf 83' lang='grc' dir='ltr'><strong>τρισχιλίους</strong></span> <span class='ocrx_word' id='word_1_95' title='bbox 1375 1095 1717 1165; x_wconf 81' lang='grc' dir='ltr'><strong>στρατιώτας</strong></span> <span class='ocrx_word' id='word_1_96' title='bbox 1748 1098 1966 1166; x_wconf 76' lang='grc' dir='ltr'>πέμψαι</span> 
     </span>
    </p>
   </div>
   <div class='ocr_carea' id='block_1_15' title="bbox 394 1175 1965 1258">
    <p class='ocr_par' dir='ltr' id='par_1_15' title="bbox 394 1175 1965 1258">
     <span class='ocr_line' id='line_1_15' title="bbox 394 1175 1965 1258; baseline 0.01 -29"><span class='ocrx_word' id='word_1_97' title='bbox 394 1175 516 1230; x_wconf 85' lang='grc' dir='ltr'>οὖσι</span> <span class='ocrx_word' id='word_1_98' title='bbox 566 1179 873 1251; x_wconf 80' lang='grc' dir='ltr'>πολεμίοις,</span> <span class='ocrx_word' id='word_1_99' title='bbox 925 1185 1175 1254; x_wconf 82' lang='grc' dir='ltr'>φανερῶς</span> <span class='ocrx_word' id='word_1_100' title='bbox 1206 1185 1358 1257; x_wconf 84' lang='grc' dir='ltr'><strong>αὑτῷ</strong></span> <span class='ocrx_word' id='word_1_101' title='bbox 1405 1190 1774 1258; x_wconf 76' lang='grc' dir='ltr'><strong>πολεμοῦντος</strong></span> <span class='ocrx_word' id='word_1_102' title='bbox 1804 1187 1965 1244; x_wconf 79' lang='grc' dir='ltr'>εῖναι.</span> 
     </span>
    </p>
   </div>
   <div class='ocr_carea' id='block_1_16' title="bbox 397 1271 1969 1352">
    <p class='ocr_par' dir='ltr' id='par_1_16' title="bbox 397 1271 1969 1352">
     <span class='ocr_line' id='line_1_16' title="bbox 397 1271 1969 1352; baseline 0.008 -28"><span class='ocrx_word' id='word_1_103' title='bbox 397 1271 720 1342; x_wconf 78' lang='grc' dir='ltr'>Θαυμὰζειν</span> <span class='ocrx_word' id='word_1_104' title='bbox 751 1274 808 1327; x_wconf 76' lang='grc' dir='ltr'>δὲ</span> <span class='ocrx_word' id='word_1_105' title='bbox 863 1275 1030 1330; x_wconf 76' lang='grc' dir='ltr'>αὑτοῦ</span> <span class='ocrx_word' id='word_1_106' title='bbox 1062 1279 1110 1330; x_wconf 77' lang='grc' dir='ltr'><strong>ει</strong></span> <span class='ocrx_word' id='word_1_107' title='bbox 1157 1277 1467 1348; x_wconf 84' lang='grc' dir='ltr'>πυθόμενος</span> <span class='ocrx_word' id='word_1_108' title='bbox 1516 1282 1647 1352; x_wconf 79' lang='grc' dir='ltr'>περὶ</span> <span class='ocrx_word' id='word_1_109' title='bbox 1678 1283 1969 1346; x_wconf 79' lang='grc' dir='ltr'>Βυζάντιον</span> 
     </span>
    </p>
   </div>
   <div class='ocr_carea' id='block_1_17' title="bbox 394 1363 1968 1442">
    <p class='ocr_par' dir='ltr' id='par_1_17' title="bbox 394 1363 1968 1442">
     <span class='ocr_line' id='line_1_17' title="bbox 394 1363 1968 1442; baseline 0.007 -25"><span class='ocrx_word' id='word_1_110' title='bbox 394 1363 769 1435; x_wconf 82' lang='grc' dir='ltr'>διατρίϐοντος</span> <span class='ocrx_word' id='word_1_111' title='bbox 824 1365 1013 1432; x_wconf 85' lang='grc' dir='ltr'>αὑτοῦ,</span> <span class='ocrx_word' id='word_1_112' title='bbox 1045 1370 1334 1434; x_wconf 81' lang='grc' dir='ltr'><strong>τοσούτους</strong></span> <span class='ocrx_word' id='word_1_113' title='bbox 1365 1371 1600 1442; x_wconf 80' lang='grc' dir='ltr'>πέμψειε</span> <span class='ocrx_word' id='word_1_114' title='bbox 1626 1373 1968 1442; x_wconf 81' lang='grc' dir='ltr'><strong>στρατιώτας</strong></span> 
     </span>
    </p>
   </div>
   <div class='ocr_carea' id='block_1_18' title="bbox 395 1456 1964 1532">
    <p class='ocr_par' dir='ltr' id='par_1_18' title="bbox 395 1456 1964 1532">
     <span class='ocr_line' id='line_1_18' title="bbox 395 1456 1964 1532; baseline 0.006 -25"><span class='ocrx_word' id='word_1_115' title='bbox 395 1456 863 1525; x_wconf 75' lang='grc' dir='ltr'><strong>συμμαχήσοντας</strong></span> <span class='ocrx_word' id='word_1_116' title='bbox 911 1458 1028 1520; x_wconf 90' lang='grc' dir='ltr'>τοῖς</span> <span class='ocrx_word' id='word_1_117' title='bbox 1073 1457 1396 1528; x_wconf 78' lang='grc' dir='ltr'>πολεμίοις’</span> <span class='ocrx_word' id='word_1_118' title='bbox 1441 1460 1474 1532; x_wconf 78' lang='grc' dir='ltr'><strong>ἢ</strong></span> <span class='ocrx_word' id='word_1_119' title='bbox 1531 1464 1753 1531; x_wconf 75' lang='grc' dir='ltr'><strong>ἀγνοεῖν</strong></span> <span class='ocrx_word' id='word_1_120' title='bbox 1799 1463 1876 1527; x_wconf 83' lang='grc' dir='ltr'><strong>ὡς</strong></span> <span class='ocrx_word' id='word_1_121' title='bbox 1904 1465 1964 1517; x_wconf 87' lang='grc' dir='ltr'><strong>ού</strong></span> 
     </span>
    </p>
   </div>
   <div class='ocr_carea' id='block_1_19' title="bbox 397 1547 1963 1622">
    <p class='ocr_par' dir='ltr' id='par_1_19' title="bbox 397 1547 1963 1622">
     <span class='ocr_line' id='line_1_19' title="bbox 397 1547 1963 1622; baseline 0.006 -24"><span class='ocrx_word' id='word_1_122' title='bbox 397 1547 770 1616; x_wconf 84' lang='grc' dir='ltr'>στρατεύματι</span> <span class='ocrx_word' id='word_1_123' title='bbox 806 1548 1073 1618; x_wconf 81' lang='grc' dir='ltr'>χρήσεται</span> <span class='ocrx_word' id='word_1_124' title='bbox 1095 1549 1232 1618; x_wconf 80' lang='grc' dir='ltr'>πρὸς</span> <span class='ocrx_word' id='word_1_125' title='bbox 1263 1551 1462 1614; x_wconf 81' lang='grc' dir='ltr'>αὐτοὺς</span> <span class='ocrx_word' id='word_1_126' title='bbox 1484 1553 1652 1606; x_wconf 73' lang='grc' dir='ltr'>εἰδόσι</span> <span class='ocrx_word' id='word_1_127' title='bbox 1681 1555 1963 1622; x_wconf 81' lang='grc' dir='ltr'><strong>πολεμεῖν,</strong></span> 
     </span>
    </p>
   </div>
   <div class='ocr_carea' id='block_1_20' title="bbox 395 1636 1966 1714">
    <p class='ocr_par' dir='ltr' id='par_1_20' title="bbox 395 1636 1966 1714">
     <span class='ocr_line' id='line_1_20' title="bbox 395 1636 1966 1714; baseline 0.006 -26"><span class='ocrx_word' id='word_1_128' title='bbox 395 1636 534 1690; x_wconf 72' lang='grc' dir='ltr'>ἀλλὰ</span> <span class='ocrx_word' id='word_1_129' title='bbox 583 1639 692 1698; x_wconf 87' lang='grc' dir='ltr'>τοῖς</span> <span class='ocrx_word' id='word_1_130' title='bbox 743 1639 1013 1706; x_wconf 74' lang='grc' dir='ltr'><strong>γεωργοῖς</strong></span> <span class='ocrx_word' id='word_1_131' title='bbox 1060 1637 1348 1706; x_wconf 84' lang='grc' dir='ltr'>κελεύσας,</span> <span class='ocrx_word' id='word_1_132' title='bbox 1411 1641 1828 1713; x_wconf 85' lang='grc' dir='ltr'>ἀδυνατωτέραν</span> <span class='ocrx_word' id='word_1_133' title='bbox 1868 1644 1966 1714; x_wconf 83' lang='grc' dir='ltr'><strong>θή-</strong></span> 
     </span>
    </p>
   </div>
   <div class='ocr_carea' id='block_1_21' title="bbox 395 1729 1965 1805">
    <p class='ocr_par' dir='ltr' id='par_1_21' title="bbox 395 1729 1965 1805">
     <span class='ocr_line' id='line_1_21' title="bbox 395 1729 1965 1805; baseline 0.004 -24"><span class='ocrx_word' id='word_1_134' title='bbox 395 1745 552 1782; x_wconf 84' lang='grc' dir='ltr'>σουσι</span> <span class='ocrx_word' id='word_1_135' title='bbox 589 1729 689 1798; x_wconf 75' lang='grc' dir='ltr'><strong>τὴν</strong></span> <span class='ocrx_word' id='word_1_136' title='bbox 721 1729 983 1782; x_wconf 74' lang='grc' dir='ltr'>ἐπάνοδον</span> <span class='ocrx_word' id='word_1_137' title='bbox 1013 1730 1196 1793; x_wconf 82' lang='grc' dir='ltr'>αὐτοῖς</span> <span class='ocrx_word' id='word_1_138' title='bbox 1240 1733 1274 1802; x_wconf 75' lang='grc' dir='ltr'>ἢ</span> <span class='ocrx_word' id='word_1_139' title='bbox 1335 1733 1393 1798; x_wconf 80' lang='grc' dir='ltr'>ἐξ</span> <span class='ocrx_word' id='word_1_140' title='bbox 1425 1732 1554 1805; x_wconf 68' lang='grc' dir='ltr'>ᾅδου</span> <span class='ocrx_word' id='word_1_141' title='bbox 1602 1734 1811 1789; x_wconf 85' lang='grc' dir='ltr'>πυλῶν.</span> <span class='ocrx_word' id='word_1_142' title='bbox 1859 1737 1965 1788; x_wconf 87' lang='grc' dir='ltr'><strong>Βα-</strong></span> 
     </span>
    </p>
   </div>
   <div class='ocr_carea' id='block_1_22' title="bbox 2078 735 3636 802">
    <p class='ocr_par' dir='ltr' id='par_1_22' title="bbox 2078 735 3636 802">
     <span class='ocr_line' id='line_1_22' title="bbox 2078 735 3636 802; baseline -0.001 -12"><span class='ocrx_word' id='word_1_143' title='bbox 2078 744 2259 790; x_wconf 88' lang='lat' dir='ltr'><strong>tamen</strong></span> <span class='ocrx_word' id='word_1_144' title='bbox 2313 751 2437 790; x_wconf 87' lang='lat' dir='ltr'><strong>cum</strong></span> <span class='ocrx_word' id='word_1_145' title='bbox 2478 752 2588 791; x_wconf 90' lang='lat' dir='ltr'><strong>non</strong></span> <span class='ocrx_word' id='word_1_146' title='bbox 2635 748 2858 792; x_wconf 85' lang='lat' dir='ltr'><strong>vocatus</strong></span> <span class='ocrx_word' id='word_1_147' title='bbox 2905 738 3110 802; x_wconf 89' lang='lat' dir='ltr'><strong>veniat,</strong></span> <span class='ocrx_word' id='word_1_148' title='bbox 3164 738 3498 792; x_wconf 90' lang='lat' dir='ltr'><strong>documento</strong></span> <span class='ocrx_word' id='word_1_149' title='bbox 3533 735 3636 790; x_wconf 85' lang='lat' dir='ltr'><strong>sibi</strong></span> 
     </span>
    </p>
   </div>
   <div class='ocr_carea' id='block_1_23' title="bbox 2075 826 3640 897">
    <p class='ocr_par' dir='ltr' id='par_1_23' title="bbox 2075 826 3640 897">
     <span class='ocr_line' id='line_1_23' title="bbox 2075 826 3640 897; baseline -0.001 -15"><span class='ocrx_word' id='word_1_150' title='bbox 2075 842 2195 882; x_wconf 83' lang='lat' dir='ltr'><strong>esse</strong></span> <span class='ocrx_word' id='word_1_151' title='bbox 2241 839 2431 883; x_wconf 89' lang='lat' dir='ltr'><strong>contra</strong></span> <span class='ocrx_word' id='word_1_152' title='bbox 2472 842 2531 881; x_wconf 89' lang='lat' dir='ltr'><strong>se</strong></span> <span class='ocrx_word' id='word_1_153' title='bbox 2563 829 2770 893; x_wconf 89' lang='lat' dir='ltr'><strong>venire,</strong></span> <span class='ocrx_word' id='word_1_154' title='bbox 2811 837 2867 882; x_wconf 91' lang='lat' dir='ltr'><strong>et</strong></span> <span class='ocrx_word' id='word_1_155' title='bbox 2913 829 3187 897; x_wconf 78' lang='lat' dir='ltr'><strong>Byzantiis</strong></span> <span class='ocrx_word' id='word_1_156' title='bbox 3225 827 3476 882; x_wconf 80' lang='lat' dir='ltr'><strong>hostibus</strong></span> <span class='ocrx_word' id='word_1_157' title='bbox 3523 826 3640 881; x_wconf 87' lang='lat' dir='ltr'><strong>suis</strong></span> 
     </span>
    </p>
   </div>
   <div class='ocr_carea' id='block_1_24' title="bbox 2074 917 3635 990">
    <p class='ocr_par' dir='ltr' id='par_1_24' title="bbox 2074 917 3635 990">
     <span class='ocr_line' id='line_1_24' title="bbox 2074 917 3635 990; baseline -0.002 -19"><span class='ocrx_word' id='word_1_158' title='bbox 2074 918 2214 973; x_wconf 82' lang='lat' dir='ltr'><strong>duce</strong></span> <span class='ocrx_word' id='word_1_159' title='bbox 2247 919 2414 974; x_wconf 87' lang='lat' dir='ltr'><strong>Ibane</strong></span> <span class='ocrx_word' id='word_1_160' title='bbox 2443 921 2509 975; x_wconf 90' lang='lat' dir='ltr'><strong>ad</strong></span> <span class='ocrx_word' id='word_1_161' title='bbox 2551 929 2635 975; x_wconf 85' lang='lat' dir='ltr'><strong>ter</strong></span> <span class='ocrx_word' id='word_1_162' title='bbox 2658 921 2804 976; x_wconf 88' lang='lat' dir='ltr'><strong>mille</strong></span> <span class='ocrx_word' id='word_1_163' title='bbox 2835 921 3050 990; x_wconf 88' lang='lat' dir='ltr'><strong>equites</strong></span> <span class='ocrx_word' id='word_1_164' title='bbox 3095 919 3330 982; x_wconf 83' lang='lat' dir='ltr'><strong>misisse,</strong></span> <span class='ocrx_word' id='word_1_165' title='bbox 3364 917 3635 972; x_wconf 81' lang='lat' dir='ltr'><strong>manifesti</strong></span> 
     </span>
    </p>
   </div>
   <div class='ocr_carea' id='block_1_25' title="bbox 2075 1002 3697 1080">
    <p class='ocr_par' dir='ltr' id='par_1_25' title="bbox 2075 1002 3697 1080">
     <span class='ocr_line' id='line_1_25' title="bbox 2075 1002 3697 1080; baseline -0.002 -17"><span class='ocrx_word' id='word_1_166' title='bbox 2075 1010 2250 1063; x_wconf 86' lang='lat' dir='ltr'><strong>hostis</strong></span> <span class='ocrx_word' id='word_1_167' title='bbox 2279 1011 2541 1064; x_wconf 90' lang='lat' dir='ltr'><strong>indicium</strong></span> <span class='ocrx_word' id='word_1_168' title='bbox 2573 1026 2717 1066; x_wconf 87' lang='lat' dir='ltr'><strong>esse.</strong></span> <span class='ocrx_word' id='word_1_169' title='bbox 2744 1011 2930 1066; x_wconf 76' lang='lat' dir='ltr'><strong>Mirari</strong></span> <span class='ocrx_word' id='word_1_170' title='bbox 2965 1019 3144 1065; x_wconf 86' lang='lat' dir='ltr'><strong>autem</strong></span> <span class='ocrx_word' id='word_1_171' title='bbox 3168 1009 3469 1080; x_wconf 84' lang='lat' dir='ltr'><strong>quomodo,</strong></span> <span class='ocrx_word' id='word_1_172' title='bbox 3507 1021 3634 1061; x_wconf 87' lang='lat' dir='ltr'><strong>cum</strong></span> <span class='ocrx_word' id='word_1_173' title='bbox 3687 1002 3697 1017; x_wconf 85' lang='grc'><em>“</em></span> 
     </span>
    </p>
   </div>
   <div class='ocr_carea' id='block_1_26' title="bbox 2071 1099 3634 1174">
    <p class='ocr_par' dir='ltr' id='par_1_26' title="bbox 2071 1099 3634 1174">
     <span class='ocr_line' id='line_1_26' title="bbox 2071 1099 3634 1174; baseline -0.003 -20"><span class='ocrx_word' id='word_1_174' title='bbox 2071 1099 2311 1154; x_wconf 76' lang='lat' dir='ltr'><strong>audierit</strong></span> <span class='ocrx_word' id='word_1_175' title='bbox 2352 1114 2411 1174; x_wconf 81' lang='lat' dir='ltr'><strong>se</strong></span> <span class='ocrx_word' id='word_1_176' title='bbox 2437 1099 2590 1168; x_wconf 80' lang='lat' dir='ltr'><strong>juxta</strong></span> <span class='ocrx_word' id='word_1_177' title='bbox 2625 1101 2944 1172; x_wconf 83' lang='lat' dir='ltr'><strong>Byzantium</strong></span> <span class='ocrx_word' id='word_1_178' title='bbox 2985 1102 3218 1164; x_wconf 86' lang='lat' dir='ltr'><strong>versari,</strong></span> <span class='ocrx_word' id='word_1_179' title='bbox 3258 1100 3477 1153; x_wconf 82' lang='lat' dir='ltr'><strong>interim</strong></span> <span class='ocrx_word' id='word_1_180' title='bbox 3517 1105 3634 1150; x_wconf 91' lang='lat' dir='ltr'><strong>tan-</strong></span> 
     </span>
    </p>
   </div>
   <div class='ocr_carea' id='block_1_27' title="bbox 2073 1189 3690 1261">
    <p class='ocr_par' dir='ltr' id='par_1_27' title="bbox 2073 1189 3690 1261">
     <span class='ocr_line' id='line_1_27' title="bbox 2073 1189 3690 1261; baseline -0.002 -17"><span class='ocrx_word' id='word_1_181' title='bbox 2073 1198 2186 1245; x_wconf 92' lang='lat' dir='ltr'><strong>tum</strong></span> <span class='ocrx_word' id='word_1_182' title='bbox 2213 1205 2504 1244; x_wconf 87' lang='lat' dir='ltr'><strong>numerum</strong></span> <span class='ocrx_word' id='word_1_183' title='bbox 2531 1191 2864 1248; x_wconf 87' lang='lat' dir='ltr'><strong>adversariis</strong></span> <span class='ocrx_word' id='word_1_184' title='bbox 2893 1192 3010 1247; x_wconf 88' lang='lat' dir='ltr'><strong>suis</strong></span> <span class='ocrx_word' id='word_1_185' title='bbox 3038 1191 3365 1261; x_wconf 89' lang='lat' dir='ltr'><strong>opitulatum</strong></span> <span class='ocrx_word' id='word_1_186' title='bbox 3393 1189 3630 1242; x_wconf 79' lang='lat' dir='ltr'><strong>miserit.</strong></span> <span class='ocrx_word' id='word_1_187' title='bbox 3681 1254 3690 1259; x_wconf 91' lang='lat'><strong><em>_</em></strong></span> 
     </span>
    </p>
   </div>
   <div class='ocr_carea' id='block_1_28' title="bbox 2068 1277 3629 1347">
    <p class='ocr_par' dir='ltr' id='par_1_28' title="bbox 2068 1277 3629 1347">
     <span class='ocr_line' id='line_1_28' title="bbox 2068 1277 3629 1347; baseline -0.003 -11"><span class='ocrx_word' id='word_1_188' title='bbox 2068 1280 2320 1337; x_wconf 83' lang='lat' dir='ltr'><strong>Nescisse</strong></span> <span class='ocrx_word' id='word_1_189' title='bbox 2349 1281 2575 1337; x_wconf 89' lang='lat' dir='ltr'><strong>forsitan</strong></span> <span class='ocrx_word' id='word_1_190' title='bbox 2609 1297 2666 1336; x_wconf 90' lang='lat' dir='ltr'><strong>se</strong></span> <span class='ocrx_word' id='word_1_191' title='bbox 2708 1299 2819 1336; x_wconf 86' lang='lat' dir='ltr'><strong>non</strong></span> <span class='ocrx_word' id='word_1_192' title='bbox 2862 1277 3158 1336; x_wconf 78' lang='lat' dir='ltr'><strong>exercitata</strong></span> <span class='ocrx_word' id='word_1_193' title='bbox 3187 1279 3346 1347; x_wconf 90' lang='lat' dir='ltr'><strong>copia</strong></span> <span class='ocrx_word' id='word_1_194' title='bbox 3387 1281 3442 1332; x_wconf 90' lang='lat' dir='ltr'><strong>in</strong></span> <span class='ocrx_word' id='word_1_195' title='bbox 3479 1279 3629 1332; x_wconf 91' lang='lat' dir='ltr'><strong>illum</strong></span> 
     </span>
    </p>
   </div>
   <div class='ocr_carea' id='block_1_29' title="bbox 2068 1369 3666 1441">
    <p class='ocr_par' dir='ltr' id='par_1_29' title="bbox 2068 1369 3666 1441">
     <span class='ocr_line' id='line_1_29' title="bbox 2068 1369 3666 1441; baseline -0.001 -18"><span class='ocrx_word' id='word_1_196' title='bbox 2068 1385 2317 1438; x_wconf 86' lang='lat' dir='ltr'><strong>usurum,</strong></span> <span class='ocrx_word' id='word_1_197' title='bbox 2345 1373 2439 1426; x_wconf 88' lang='lat' dir='ltr'><strong>sed</strong></span> <span class='ocrx_word' id='word_1_198' title='bbox 2469 1371 2686 1426; x_wconf 87' lang='lat' dir='ltr'><strong>rusticis</strong></span> <span class='ocrx_word' id='word_1_199' title='bbox 2717 1371 2996 1441; x_wconf 77' lang='lat' dir='ltr'><strong>negotium</strong></span> <span class='ocrx_word' id='word_1_200' title='bbox 3022 1371 3299 1435; x_wconf 91' lang='lat' dir='ltr'><strong>daturum,</strong></span> <span class='ocrx_word' id='word_1_201' title='bbox 3325 1369 3419 1438; x_wconf 88' lang='lat' dir='ltr'><strong>qui</strong></span> <span class='ocrx_word' id='word_1_202' title='bbox 3457 1369 3507 1423; x_wconf 91' lang='lat' dir='ltr'><strong>ei</strong></span> <span class='ocrx_word' id='word_1_203' title='bbox 3540 1384 3631 1422; x_wconf 84' lang='lat' dir='ltr'><strong>re-</strong></span> <span class='ocrx_word' id='word_1_204' title='bbox 3663 1434 3666 1438; x_wconf 27' lang='grc'><strong>,</strong></span> 
     </span>
    </p>
   </div>
   <div class='ocr_carea' id='block_1_30' title="bbox 2068 1461 3634 1532">
    <p class='ocr_par' dir='ltr' id='par_1_30' title="bbox 2068 1461 3634 1532">
     <span class='ocr_line' id='line_1_30' title="bbox 2068 1461 3634 1532; baseline -0.001 -17"><span class='ocrx_word' id='word_1_205' title='bbox 2068 1461 2244 1516; x_wconf 89' lang='lat' dir='ltr'><strong>ditum</strong></span> <span class='ocrx_word' id='word_1_206' title='bbox 2275 1462 2656 1530; x_wconf 79' lang='lat' dir='ltr'><strong>difﬁciliorem,</strong></span> <span class='ocrx_word' id='word_1_207' title='bbox 2685 1478 2847 1532; x_wconf 87' lang='lat' dir='ltr'><strong>quam</strong></span> <span class='ocrx_word' id='word_1_208' title='bbox 2886 1463 2954 1517; x_wconf 91' lang='lat' dir='ltr'><strong>ab</strong></span> <span class='ocrx_word' id='word_1_209' title='bbox 2982 1462 3278 1516; x_wconf 82' lang='lat' dir='ltr'><strong>inferorum</strong></span> <span class='ocrx_word' id='word_1_210' title='bbox 3325 1461 3496 1532; x_wconf 80' lang='lat' dir='ltr'><strong>portis</strong></span> <span class='ocrx_word' id='word_1_211' title='bbox 3520 1461 3634 1516; x_wconf 75' lang='lat' dir='ltr'><strong>elli-</strong></span> 
     </span>
    </p>
   </div>
   <div class='ocr_carea' id='block_1_31' title="bbox 2066 1553 3629 1624">
    <p class='ocr_par' dir='ltr' id='par_1_31' title="bbox 2066 1553 3629 1624">
     <span class='ocr_line' id='line_1_31' title="bbox 2066 1553 3629 1624; baseline 0 -18"><span class='ocrx_word' id='word_1_212' title='bbox 2066 1555 2232 1608; x_wconf 85' lang='lat' dir='ltr'><strong>ciant.</strong></span> <span class='ocrx_word' id='word_1_213' title='bbox 2266 1553 2393 1608; x_wconf 64' lang='lat' dir='ltr'><strong>Huic</strong></span> <span class='ocrx_word' id='word_1_214' title='bbox 2415 1555 2734 1624; x_wconf 85' lang='lat' dir='ltr'><strong>imperator.</strong></span> <span class='ocrx_word' id='word_1_215' title='bbox 2765 1553 2832 1608; x_wconf 81' lang='lat' dir='ltr'><strong>At</strong></span> <span class='ocrx_word' id='word_1_216' title='bbox 2863 1553 3112 1619; x_wconf 77' lang='lat' dir='ltr'><strong>Michael,</strong></span> <span class='ocrx_word' id='word_1_217' title='bbox 3151 1553 3247 1608; x_wconf 90' lang='lat' dir='ltr'><strong>ubi</strong></span> <span class='ocrx_word' id='word_1_218' title='bbox 3294 1568 3420 1606; x_wconf 89' lang='lat' dir='ltr'><strong>eum</strong></span> <span class='ocrx_word' id='word_1_219' title='bbox 3459 1565 3629 1621; x_wconf 84' lang='lat' dir='ltr'><strong>prope</strong></span> 
     </span>
    </p>
   </div>
   <div class='ocr_carea' id='block_1_32' title="bbox 2063 1643 3630 1714">
    <p class='ocr_par' dir='ltr' id='par_1_32' title="bbox 2063 1643 3630 1714">
     <span class='ocr_line' id='line_1_32' title="bbox 2063 1643 3630 1714; baseline -0.003 -15"><span class='ocrx_word' id='word_1_220' title='bbox 2063 1644 2579 1713; x_wconf 85' lang='lat' dir='ltr'><strong>Constantinopolin</strong></span> <span class='ocrx_word' id='word_1_221' title='bbox 2619 1659 2763 1711; x_wconf 89' lang='lat' dir='ltr'><strong>esse,</strong></span> <span class='ocrx_word' id='word_1_222' title='bbox 2809 1657 2913 1698; x_wconf 89' lang='lat' dir='ltr'><strong>nec</strong></span> <span class='ocrx_word' id='word_1_223' title='bbox 2951 1644 3110 1714; x_wconf 77' lang='lat' dir='ltr'><strong>longe</strong></span> <span class='ocrx_word' id='word_1_224' title='bbox 3149 1644 3217 1698; x_wconf 89' lang='lat' dir='ltr'><strong>ab</strong></span> <span class='ocrx_word' id='word_1_225' title='bbox 3249 1643 3497 1698; x_wconf 82' lang='lat' dir='ltr'><strong>exercitu</strong></span> <span class='ocrx_word' id='word_1_226' title='bbox 3528 1657 3630 1696; x_wconf 88' lang='lat' dir='ltr'><strong>suo</strong></span> 
     </span>
    </p>
   </div>
   <div class='ocr_carea' id='block_1_33' title="bbox 2065 1734 3632 1806">
    <p class='ocr_par' dir='ltr' id='par_1_33' title="bbox 2065 1734 3632 1806">
     <span class='ocr_line' id='line_1_33' title="bbox 2065 1734 3632 1806; baseline -0.002 -17"><span class='ocrx_word' id='word_1_227' title='bbox 2065 1735 2270 1790; x_wconf 84' lang='lat' dir='ltr'><strong>distare</strong></span> <span class='ocrx_word' id='word_1_228' title='bbox 2302 1734 2581 1806; x_wconf 81' lang='lat' dir='ltr'><strong>cognovit,</strong></span> <span class='ocrx_word' id='word_1_229' title='bbox 2610 1750 2835 1790; x_wconf 86' lang='lat' dir='ltr'><strong>suorum</strong></span> <span class='ocrx_word' id='word_1_230' title='bbox 2867 1750 3030 1790; x_wconf 88' lang='lat' dir='ltr'><strong>causa</strong></span> <span class='ocrx_word' id='word_1_231' title='bbox 3055 1750 3186 1790; x_wconf 88' lang='lat' dir='ltr'><strong>sane</strong></span> <span class='ocrx_word' id='word_1_232' title='bbox 3217 1751 3379 1805; x_wconf 88' lang='lat' dir='ltr'><strong>quam</strong></span> <span class='ocrx_word' id='word_1_233' title='bbox 3411 1744 3632 1789; x_wconf 85' lang='lat' dir='ltr'><strong>contur-</strong></span> 
     </span>
    </p>
   </div>
   <div class='ocr_carea' id='block_1_34' title="bbox 394 1791 1957 1894">
    <p class='ocr_par' dir='ltr' id='par_1_34' title="bbox 394 1791 1957 1894">
     <span class='ocr_line' id='line_1_34' title="bbox 394 1791 1957 1894; baseline 0.006 -25"><span class='ocrx_word' id='word_1_234' title='bbox 394 1818 582 1882; x_wconf 79' lang='grc' dir='ltr'>σιλεὺς</span> <span class='ocrx_word' id='word_1_235' title='bbox 618 1791 717 1887; x_wconf 76' lang='grc' dir='ltr'>μὲν</span> <span class='ocrx_word' id='word_1_236' title='bbox 743 1815 837 1873; x_wconf 82' lang='grc' dir='ltr'><strong>οῦν</strong></span> <span class='ocrx_word' id='word_1_237' title='bbox 890 1820 1121 1874; x_wconf 87' lang='grc' dir='ltr'>τοιαῦτα</span> <span class='ocrx_word' id='word_1_238' title='bbox 1168 1791 1562 1893; x_wconf 54' lang='grc' dir='ltr'>ἐπρεσϐεύετο.</span> <span class='ocrx_word' id='word_1_239' title='bbox 1627 1824 1850 1894; x_wconf 74' lang='grc' dir='ltr'>Μιχαὴλ</span> <span class='ocrx_word' id='word_1_240' title='bbox 1905 1825 1957 1878; x_wconf 83' lang='grc' dir='ltr'>δὲ</span> 
     </span>
    </p>
   </div>
   <div class='ocr_carea' id='block_1_35' title="bbox 2058 1791 3625 1894">
    <p class='ocr_par' dir='ltr' id='par_1_35' title="bbox 2066 1791 3625 1894">
     <span class='ocr_line' id='line_1_35' title="bbox 2066 1791 3625 1894; baseline -0.002 -13"><span class='ocrx_word' id='word_1_241' title='bbox 2066 1827 2244 1890; x_wconf 86' lang='lat' dir='ltr'><strong>batus,</strong></span> <span class='ocrx_word' id='word_1_242' title='bbox 2293 1791 2498 1881; x_wconf 76' lang='lat' dir='ltr'><strong>nullam</strong></span> <span class='ocrx_word' id='word_1_243' title='bbox 2549 1791 2709 1880; x_wconf 77' lang='lat' dir='ltr'><strong>aliam</strong></span> <span class='ocrx_word' id='word_1_244' title='bbox 2767 1841 2918 1894; x_wconf 86' lang='lat' dir='ltr'><strong>spem</strong></span> <span class='ocrx_word' id='word_1_245' title='bbox 2981 1826 3178 1881; x_wconf 88' lang='lat' dir='ltr'><strong>salutis</strong></span> <span class='ocrx_word' id='word_1_246' title='bbox 3234 1791 3476 1890; x_wconf 55' lang='lat' dir='ltr'><strong>videbat,</strong></span> <span class='ocrx_word' id='word_1_247' title='bbox 3521 1826 3625 1879; x_wconf 89' lang='lat' dir='ltr'><strong>nisi</strong></span> 
     </span>
    </p>
   </div>
   <div class='ocr_carea' id='block_1_36' title="bbox 393 1907 1962 1983">
    <p class='ocr_par' dir='ltr' id='par_1_36' title="bbox 393 1907 1962 1983">
     <span class='ocr_line' id='line_1_36' title="bbox 393 1907 1962 1983; baseline 0.006 -24"><span class='ocrx_word' id='word_1_248' title='bbox 393 1909 518 1960; x_wconf 69' lang='grc' dir='ltr'>ἐπεὶ</span> <span class='ocrx_word' id='word_1_249' title='bbox 563 1909 652 1961; x_wconf 72' lang='grc' dir='ltr'><strong>τόν</strong></span> <span class='ocrx_word' id='word_1_250' title='bbox 703 1925 762 1976; x_wconf 75' lang='grc' dir='ltr'>τε</span> <span class='ocrx_word' id='word_1_251' title='bbox 815 1908 1039 1979; x_wconf 83' lang='grc' dir='ltr'>βασιλέα</span> <span class='ocrx_word' id='word_1_252' title='bbox 1062 1911 1300 1965; x_wconf 78' lang='grc' dir='ltr'>ἐπύθετο</span> <span class='ocrx_word' id='word_1_253' title='bbox 1352 1907 1520 1983; x_wconf 81' lang='grc' dir='ltr'>’πρὸς</span> <span class='ocrx_word' id='word_1_254' title='bbox 1549 1913 1611 1967; x_wconf 78' lang='grc' dir='ltr'>τὸ</span> <span class='ocrx_word' id='word_1_255' title='bbox 1663 1915 1962 1978; x_wconf 77' lang='grc' dir='ltr'>Βυζάντιον</span> 
     </span>
    </p>
   </div>
   <div class='ocr_carea' id='block_1_37' title="bbox 389 2000 1962 2075">
    <p class='ocr_par' dir='ltr' id='par_1_37' title="bbox 389 2000 1962 2075">
     <span class='ocr_line' id='line_1_37' title="bbox 389 2000 1962 2075; baseline 0.005 -23"><span class='ocrx_word' id='word_1_256' title='bbox 389 2000 718 2068; x_wconf 75' lang='grc' dir='ltr'>ἀφιγμένον,</span> <span class='ocrx_word' id='word_1_257' title='bbox 788 2000 883 2053; x_wconf 77' lang='grc' dir='ltr'>καὶ</span> <span class='ocrx_word' id='word_1_258' title='bbox 927 2002 1027 2071; x_wconf 79' lang='grc' dir='ltr'>τῆς</span> <span class='ocrx_word' id='word_1_259' title='bbox 1075 2001 1239 2054; x_wconf 82' lang='grc' dir='ltr'>αὑτοῦ</span> <span class='ocrx_word' id='word_1_260' title='bbox 1295 2004 1559 2072; x_wconf 82' lang='grc' dir='ltr'>στρατιᾶς</span> <span class='ocrx_word' id='word_1_261' title='bbox 1627 2004 1688 2056; x_wconf 82' lang='grc' dir='ltr'><strong>οῦ</strong></span> <span class='ocrx_word' id='word_1_262' title='bbox 1740 2006 1962 2075; x_wconf 75' lang='grc' dir='ltr'>μακρὰν</span> 
     </span>
    </p>
   </div>
   <div class='ocr_carea' id='block_1_38' title="bbox 388 2089 1961 2166">
    <p class='ocr_par' dir='ltr' id='par_1_38' title="bbox 388 2089 1961 2166">
     <span class='ocr_line' id='line_1_38' title="bbox 388 2089 1961 2166; baseline 0.004 -22"><span class='ocrx_word' id='word_1_263' title='bbox 388 2091 982 2163; x_wconf 62' lang='grc' dir='ltr'>ἐστρατοπεδευμένον,</span> <span class='ocrx_word' id='word_1_264' title='bbox 1043 2089 1353 2166; x_wconf 71' lang='grc' dir='ltr'>ἐθορυϐήθη</span> <span class='ocrx_word' id='word_1_265' title='bbox 1413 2111 1474 2148; x_wconf 88' lang='grc' dir='ltr'><strong>τε</strong></span> <span class='ocrx_word' id='word_1_266' title='bbox 1527 2095 1796 2166; x_wconf 76' lang='grc' dir='ltr'>σφοδρῶς,</span> <span class='ocrx_word' id='word_1_267' title='bbox 1850 2098 1961 2150; x_wconf 84' lang='grc' dir='ltr'>τῶν</span> 
     </span>
    </p>
   </div>
   <div class='ocr_carea' id='block_1_39' title="bbox 389 2184 1960 2258">
    <p class='ocr_par' dir='ltr' id='par_1_39' title="bbox 389 2184 1960 2258">
     <span class='ocr_line' id='line_1_39' title="bbox 389 2184 1960 2258; baseline 0.003 -20"><span class='ocrx_word' id='word_1_268' title='bbox 389 2184 674 2256; x_wconf 74' lang='grc' dir='ltr'>σφετέρων</span> <span class='ocrx_word' id='word_1_269' title='bbox 701 2185 865 2240; x_wconf 72' lang='grc' dir='ltr'>ἕνεκα</span> <span class='ocrx_word' id='word_1_270' title='bbox 914 2187 1285 2256; x_wconf 85' lang='grc' dir='ltr'>στρατιωτῶν,</span> <span class='ocrx_word' id='word_1_271' title='bbox 1321 2187 1416 2241; x_wconf 76' lang='grc' dir='ltr'>καὶ</span> <span class='ocrx_word' id='word_1_272' title='bbox 1443 2187 1720 2258; x_wconf 82' lang='grc' dir='ltr'>σωτηρίας</span> <span class='ocrx_word' id='word_1_273' title='bbox 1773 2190 1960 2254; x_wconf 79' lang='grc' dir='ltr'>αὐτοῖς</span> 
     </span>
    </p>
   </div>
   <div class='ocr_carea' id='block_1_40' title="bbox 387 2274 1960 2347">
    <p class='ocr_par' dir='ltr' id='par_1_40' title="bbox 387 2274 1960 2347">
     <span class='ocr_line' id='line_1_40' title="bbox 387 2274 1960 2347; baseline 0.004 -21"><span class='ocrx_word' id='word_1_274' title='bbox 387 2275 582 2328; x_wconf 75' lang='grc' dir='ltr'>ἐλπίδα</span> <span class='ocrx_word' id='word_1_275' title='bbox 633 2274 890 2342; x_wconf 76' lang='grc' dir='ltr'>οῦδεμίαν</span> <span class='ocrx_word' id='word_1_276' title='bbox 936 2275 1208 2343; x_wconf 81' lang='grc' dir='ltr'>συνεώρα,</span> <span class='ocrx_word' id='word_1_277' title='bbox 1240 2277 1291 2328; x_wconf 81' lang='grc' dir='ltr'>ει</span> <span class='ocrx_word' id='word_1_278' title='bbox 1351 2275 1427 2345; x_wconf 86' lang='grc' dir='ltr'>μὴ</span> <span class='ocrx_word' id='word_1_279' title='bbox 1459 2276 1695 2347; x_wconf 80' lang='grc' dir='ltr'>τάχιστα</span> <span class='ocrx_word' id='word_1_280' title='bbox 1747 2277 1960 2332; x_wconf 74' lang='grc' dir='ltr'>πείσειε</span> 
     </span>
    </p>
   </div>
   <div class='ocr_carea' id='block_1_41' title="bbox 389 2365 1956 2440">
    <p class='ocr_par' dir='ltr' id='par_1_41' title="bbox 389 2365 1956 2440">
     <span class='ocr_line' id='line_1_41' title="bbox 389 2365 1956 2440; baseline 0.001 -20"><span class='ocrx_word' id='word_1_281' title='bbox 389 2367 620 2436; x_wconf 76' lang='grc' dir='ltr'>βασιλέα</span> <span class='ocrx_word' id='word_1_282' title='bbox 648 2366 731 2420; x_wconf 81' lang='grc' dir='ltr'>ὅτι</span> <span class='ocrx_word' id='word_1_283' title='bbox 759 2383 818 2418; x_wconf 89' lang='grc' dir='ltr'><strong>τε</strong></span> <span class='ocrx_word' id='word_1_284' title='bbox 848 2366 910 2419; x_wconf 78' lang='grc' dir='ltr'>οὐ</span> <span class='ocrx_word' id='word_1_285' title='bbox 960 2365 1144 2418; x_wconf 84' lang='grc' dir='ltr'>λύσειε</span> <span class='ocrx_word' id='word_1_286' title='bbox 1175 2367 1272 2430; x_wconf 84' lang='grc' dir='ltr'><strong>τὰς</strong></span> <span class='ocrx_word' id='word_1_287' title='bbox 1301 2366 1536 2430; x_wconf 75' lang='grc' dir='ltr'>σπονδὰς</span> <span class='ocrx_word' id='word_1_288' title='bbox 1556 2366 1657 2431; x_wconf 82' lang='grc' dir='ltr'>τὰς</span> <span class='ocrx_word' id='word_1_289' title='bbox 1687 2371 1825 2440; x_wconf 80' lang='grc' dir='ltr'>πρὸς</span> <span class='ocrx_word' id='word_1_290' title='bbox 1855 2369 1956 2421; x_wconf 83' lang='grc' dir='ltr'>αύ-</span> 
     </span>
    </p>
   </div>
   <div class='ocr_carea' id='block_1_42' title="bbox 387 2457 1954 2531">
    <p class='ocr_par' dir='ltr' id='par_1_42' title="bbox 387 2457 1954 2531">
     <span class='ocr_line' id='line_1_42' title="bbox 387 2457 1954 2531; baseline 0.002 -20"><span class='ocrx_word' id='word_1_291' title='bbox 387 2459 503 2525; x_wconf 64' lang='grc' dir='ltr'>τὸν,</span> <span class='ocrx_word' id='word_1_292' title='bbox 538 2459 632 2512; x_wconf 77' lang='grc' dir='ltr'>καὶ</span> <span class='ocrx_word' id='word_1_293' title='bbox 676 2459 778 2528; x_wconf 80' lang='grc' dir='ltr'><strong>τὴν</strong></span> <span class='ocrx_word' id='word_1_294' title='bbox 812 2457 1078 2528; x_wconf 71' lang='grc' dir='ltr'>στρατιὰν</span> <span class='ocrx_word' id='word_1_295' title='bbox 1127 2458 1230 2512; x_wconf 83' lang='grc' dir='ltr'>οὐκ</span> <span class='ocrx_word' id='word_1_296' title='bbox 1260 2458 1411 2528; x_wconf 84' lang='grc' dir='ltr'><strong>αὑτῷ</strong></span> <span class='ocrx_word' id='word_1_297' title='bbox 1463 2458 1954 2531; x_wconf 84' lang='grc' dir='ltr'>πολεμησείουσαν,</span> 
     </span>
    </p>
   </div>
   <div class='ocr_carea' id='block_1_43' title="bbox 389 2549 1961 2620">
    <p class='ocr_par' dir='ltr' id='par_1_43' title="bbox 389 2549 1961 2620">
     <span class='ocr_line' id='line_1_43' title="bbox 389 2549 1961 2620; baseline 0.001 -16"><span class='ocrx_word' id='word_1_298' title='bbox 389 2551 509 2604; x_wconf 82' lang='grc' dir='ltr'>ἀλλ’</span> <span class='ocrx_word' id='word_1_299' title='bbox 537 2551 724 2620; x_wconf 77' lang='grc' dir='ltr'>ἑτέρου</span> <span class='ocrx_word' id='word_1_300' title='bbox 769 2567 865 2604; x_wconf 83' lang='grc' dir='ltr'><strong>του</strong></span> <span class='ocrx_word' id='word_1_301' title='bbox 923 2549 1089 2603; x_wconf 69' lang='grc' dir='ltr'>ἕνεκα</span> <span class='ocrx_word' id='word_1_302' title='bbox 1120 2552 1199 2614; x_wconf 79' lang='grc' dir='ltr'>εις</span> <span class='ocrx_word' id='word_1_303' title='bbox 1246 2551 1544 2614; x_wconf 79' lang='grc' dir='ltr'>Βυζάντιον</span> <span class='ocrx_word' id='word_1_304' title='bbox 1605 2552 1802 2608; x_wconf 80' lang='grc' dir='ltr'>ἐλθεῖν.</span> <span class='ocrx_word' id='word_1_305' title='bbox 1853 2553 1961 2607; x_wconf 78' lang='grc' dir='ltr'><strong>Αὐ-</strong></span> 
     </span>
    </p>
   </div>
   <div class='ocr_carea' id='block_1_44' title="bbox 389 2637 1959 2716">
    <p class='ocr_par' dir='ltr' id='par_1_44' title="bbox 389 2637 1959 2716">
     <span class='ocr_line' id='line_1_44' title="bbox 389 2637 1959 2716; baseline 0.003 -21"><span class='ocrx_word' id='word_1_306' title='bbox 389 2642 522 2696; x_wconf 73' lang='grc' dir='ltr'>τίκα</span> <span class='ocrx_word' id='word_1_307' title='bbox 557 2659 618 2696; x_wconf 88' lang='grc' dir='ltr'><strong>τε</strong></span> <span class='ocrx_word' id='word_1_308' title='bbox 678 2642 716 2696; x_wconf 70' lang='grc' dir='ltr'><strong>ἃ.</strong></span> <span class='ocrx_word' id='word_1_309' title='bbox 761 2637 914 2712; x_wconf 82' lang='grc' dir='ltr'>εῖχεν</span> <span class='ocrx_word' id='word_1_310' title='bbox 943 2643 1002 2696; x_wconf 80' lang='grc' dir='ltr'><strong>ὲν</strong></span> <span class='ocrx_word' id='word_1_311' title='bbox 1038 2644 1149 2705; x_wconf 88' lang='grc' dir='ltr'>τοῖς</span> <span class='ocrx_word' id='word_1_312' title='bbox 1205 2642 1428 2706; x_wconf 86' lang='grc' dir='ltr'>κόλποις</span> <span class='ocrx_word' id='word_1_313' title='bbox 1478 2643 1610 2711; x_wconf 74' lang='grc' dir='ltr'>ἅγια</span> <span class='ocrx_word' id='word_1_314' title='bbox 1653 2645 1959 2716; x_wconf 72' lang='grc' dir='ltr'><strong>ἐξενεγκὼν</strong></span> 
     </span>
    </p>
   </div>
   <div class='ocr_carea' id='block_1_45' title="bbox 389 2734 1959 2812">
    <p class='ocr_par' dir='ltr' id='par_1_45' title="bbox 389 2734 1959 2812">
     <span class='ocr_line' id='line_1_45' title="bbox 389 2734 1959 2812; baseline 0.005 -25"><span class='ocrx_word' id='word_1_315' title='bbox 389 2737 486 2790; x_wconf 75' lang='grc' dir='ltr'><strong>ἐπὶ</strong></span> <span class='ocrx_word' id='word_1_316' title='bbox 521 2737 615 2790; x_wconf 92' lang='grc' dir='ltr'><strong>τοῦ</strong></span> <span class='ocrx_word' id='word_1_317' title='bbox 646 2737 1007 2807; x_wconf 79' lang='grc' dir='ltr'>πρεσϐευτοῦ,</span> <span class='ocrx_word' id='word_1_318' title='bbox 1043 2739 1139 2791; x_wconf 76' lang='grc' dir='ltr'>καὶ</span> <span class='ocrx_word' id='word_1_319' title='bbox 1184 2737 1242 2800; x_wconf 75' lang='grc' dir='ltr'>ὃς</span> <span class='ocrx_word' id='word_1_320' title='bbox 1275 2734 1344 2810; x_wconf 80' lang='grc' dir='ltr'><strong>ἦν</strong></span> <span class='ocrx_word' id='word_1_321' title='bbox 1374 2741 1434 2791; x_wconf 79' lang='grc' dir='ltr'><strong>ἐν</strong></span> <span class='ocrx_word' id='word_1_322' title='bbox 1484 2741 1668 2805; x_wconf 73' lang='grc' dir='ltr'>αὐτοῖς</span> <span class='ocrx_word' id='word_1_323' title='bbox 1725 2742 1959 2812; x_wconf 68' lang='grc' dir='ltr'>σταυρὸν</span> 
     </span>
    </p>
   </div>
   <div class='ocr_carea' id='block_1_46' title="bbox 389 2825 1956 2901">
    <p class='ocr_par' dir='ltr' id='par_1_46' title="bbox 389 2825 1956 2901">
     <span class='ocr_line' id='line_1_46' title="bbox 389 2825 1956 2901; baseline 0.004 -23"><span class='ocrx_word' id='word_1_324' title='bbox 389 2826 734 2896; x_wconf 79' lang='grc' dir='ltr'>ἐγχειρίσας,</span> <span class='ocrx_word' id='word_1_325' title='bbox 793 2825 982 2893; x_wconf 83' lang='grc' dir='ltr'>Τοῦτ’,</span> <span class='ocrx_word' id='word_1_326' title='bbox 1019 2826 1146 2897; x_wconf 72' lang='grc' dir='ltr'>ἔφη,</span> <span class='ocrx_word' id='word_1_327' title='bbox 1208 2829 1441 2898; x_wconf 85' lang='grc' dir='ltr'>κομίσας</span> <span class='ocrx_word' id='word_1_328' title='bbox 1485 2830 1622 2898; x_wconf 79' lang='grc' dir='ltr'>πρὸς</span> <span class='ocrx_word' id='word_1_329' title='bbox 1689 2831 1956 2901; x_wconf 85' lang='grc' dir='ltr'>βασιλέα,</span> 
     </span>
    </p>
   </div>
   <div class='ocr_carea' id='block_1_47' title="bbox 389 2917 1957 2993">
    <p class='ocr_par' dir='ltr' id='par_1_47' title="bbox 389 2917 1957 2993">
     <span class='ocr_line' id='line_1_47' title="bbox 389 2917 1957 2993; baseline 0.005 -25"><span class='ocrx_word' id='word_1_330' title='bbox 389 2917 618 2987; x_wconf 77' lang='grc' dir='ltr'>ὀμνύειν</span> <span class='ocrx_word' id='word_1_331' title='bbox 660 2921 765 2988; x_wconf 75' lang='grc' dir='ltr'><strong>ἐμὲ</strong></span> <span class='ocrx_word' id='word_1_332' title='bbox 809 2921 890 2982; x_wconf 82' lang='grc' dir='ltr'>εἰς</span> <span class='ocrx_word' id='word_1_333' title='bbox 941 2917 1032 2972; x_wconf 74' lang='grc' dir='ltr'><strong>τὸν</strong></span> <span class='ocrx_word' id='word_1_334' title='bbox 1069 2919 1128 2974; x_wconf 85' lang='grc' dir='ltr'><strong>ὲν</strong></span> <span class='ocrx_word' id='word_1_335' title='bbox 1179 2920 1330 2990; x_wconf 87' lang='grc' dir='ltr'><strong>αῦτῷ</strong></span> <span class='ocrx_word' id='word_1_336' title='bbox 1389 2920 1634 2988; x_wconf 83' lang='grc' dir='ltr'>παγέντα</span> <span class='ocrx_word' id='word_1_337' title='bbox 1676 2921 1842 2993; x_wconf 82' lang='grc' dir='ltr'>σαρκὶ</span> <span class='ocrx_word' id='word_1_338' title='bbox 1888 2922 1957 2976; x_wconf 85' lang='grc' dir='ltr'>δι’</span> 
     </span>
    </p>
   </div>
   <div class='ocr_carea' id='block_1_48' title="bbox 389 3008 1957 3082">
    <p class='ocr_par' dir='ltr' id='par_1_48' title="bbox 389 3008 1957 3082">
     <span class='ocr_line' id='line_1_48' title="bbox 389 3008 1957 3082; baseline 0.001 -20"><span class='ocrx_word' id='word_1_339' title='bbox 389 3010 542 3078; x_wconf 80' lang='grc' dir='ltr'>ἡμᾶς</span> <span class='ocrx_word' id='word_1_340' title='bbox 577 3009 718 3072; x_wconf 76' lang='grc' dir='ltr'>εἰπὲ,</span> <span class='ocrx_word' id='word_1_341' title='bbox 763 3009 839 3074; x_wconf 85' lang='grc' dir='ltr'><strong>ὡς</strong></span> <span class='ocrx_word' id='word_1_342' title='bbox 875 3008 1228 3063; x_wconf 70' lang='grc' dir='ltr'>οὕτε³λὲλυκα</span> <span class='ocrx_word' id='word_1_343' title='bbox 1267 3011 1366 3073; x_wconf 74' lang='grc' dir='ltr'><strong>τὰς</strong></span> <span class='ocrx_word' id='word_1_344' title='bbox 1421 3012 1652 3073; x_wconf 75' lang='grc' dir='ltr'>σπονδὰς</span> <span class='ocrx_word' id='word_1_345' title='bbox 1692 3014 1790 3076; x_wconf 76' lang='grc' dir='ltr'>τὰς</span> <span class='ocrx_word' id='word_1_346' title='bbox 1822 3013 1957 3082; x_wconf 71' lang='grc' dir='ltr'>πρὸς</span> 
     </span>
    </p>
   </div>
   <div class='ocr_carea' id='block_1_49' title="bbox 2063 1917 3626 1991">
    <p class='ocr_par' dir='ltr' id='par_1_49' title="bbox 2063 1917 3626 1991">
     <span class='ocr_line' id='line_1_49' title="bbox 2063 1917 3626 1991; baseline 0 -20"><span class='ocrx_word' id='word_1_347' title='bbox 2063 1932 2225 1988; x_wconf 89' lang='lat' dir='ltr'><strong>quam</strong></span> <span class='ocrx_word' id='word_1_348' title='bbox 2250 1918 2598 1991; x_wconf 34' lang='lat' dir='ltr'><strong>citissimelse</strong></span> <span class='ocrx_word' id='word_1_349' title='bbox 2621 1918 2804 1974; x_wconf 73' lang='lat' dir='ltr'><strong>fmdus</strong></span> <span class='ocrx_word' id='word_1_350' title='bbox 2828 1931 3071 1982; x_wconf 85' lang='lat' dir='ltr'><strong>servare,</strong></span> <span class='ocrx_word' id='word_1_351' title='bbox 3097 1927 3153 1973; x_wconf 87' lang='lat' dir='ltr'><strong>et</strong></span> <span class='ocrx_word' id='word_1_352' title='bbox 3177 1919 3362 1988; x_wconf 84' lang='lat' dir='ltr'><strong>copias</strong></span> <span class='ocrx_word' id='word_1_353' title='bbox 3383 1917 3504 1972; x_wconf 87' lang='lat' dir='ltr'><strong>illas</strong></span> <span class='ocrx_word' id='word_1_354' title='bbox 3518 1931 3626 1971; x_wconf 89' lang='lat' dir='ltr'><strong>non</strong></span> 
     </span>
    </p>
   </div>
   <div class='ocr_carea' id='block_1_50' title="bbox 2062 2008 3629 2079">
    <p class='ocr_par' dir='ltr' id='par_1_50' title="bbox 2062 2008 3629 2079">
     <span class='ocr_line' id='line_1_50' title="bbox 2062 2008 3629 2079; baseline 0 -17"><span class='ocrx_word' id='word_1_355' title='bbox 2062 2017 2254 2062; x_wconf 85' lang='lat' dir='ltr'><strong>contra</strong></span> <span class='ocrx_word' id='word_1_356' title='bbox 2278 2023 2425 2074; x_wconf 90' lang='lat' dir='ltr'><strong>eum,</strong></span> <span class='ocrx_word' id='word_1_357' title='bbox 2451 2010 2546 2064; x_wconf 90' lang='lat' dir='ltr'><strong>sed</strong></span> <span class='ocrx_word' id='word_1_358' title='bbox 2579 2009 2750 2064; x_wconf 86' lang='lat' dir='ltr'><strong>alium</strong></span> <span class='ocrx_word' id='word_1_359' title='bbox 2776 2008 3075 2078; x_wconf 84' lang='lat' dir='ltr'><strong>quemdam</strong></span> <span class='ocrx_word' id='word_1_360' title='bbox 3107 2008 3431 2079; x_wconf 83' lang='lat' dir='ltr'><strong>Byzantium</strong></span> <span class='ocrx_word' id='word_1_361' title='bbox 3456 2009 3629 2062; x_wconf 82' lang='lat' dir='ltr'><strong>addu~</strong></span> 
     </span>
    </p>
   </div>
   <div class='ocr_carea' id='block_1_51' title="bbox 2061 2100 3628 2170">
    <p class='ocr_par' dir='ltr' id='par_1_51' title="bbox 2061 2100 3628 2170">
     <span class='ocr_line' id='line_1_51' title="bbox 2061 2100 3628 2170; baseline 0 -18"><span class='ocrx_word' id='word_1_362' title='bbox 2061 2108 2198 2165; x_wconf 74' lang='lat' dir='ltr'><strong>etas,</strong></span> <span class='ocrx_word' id='word_1_363' title='bbox 2223 2100 2538 2169; x_wconf 86' lang='lat' dir='ltr'><strong>imperatori</strong></span> <span class='ocrx_word' id='word_1_364' title='bbox 2563 2101 2941 2170; x_wconf 85' lang='lat' dir='ltr'><strong>persuaderet,</strong></span> <span class='ocrx_word' id='word_1_365' title='bbox 2972 2102 3322 2170; x_wconf 70' lang='lat' dir='ltr'><strong>statimquete</strong></span> <span class='ocrx_word' id='word_1_366' title='bbox 3345 2102 3470 2155; x_wconf 82' lang='lat' dir='ltr'><strong>sinu</strong></span> <span class='ocrx_word' id='word_1_367' title='bbox 3503 2115 3628 2155; x_wconf 88' lang='lat' dir='ltr'><strong>san-</strong></span> 
     </span>
    </p>
   </div>
   <div class='ocr_carea' id='block_1_52' title="bbox 2061 2193 3651 2265">
    <p class='ocr_par' dir='ltr' id='par_1_52' title="bbox 2061 2193 3651 2265">
     <span class='ocr_line' id='line_1_52' title="bbox 2061 2193 3651 2265; baseline 0.004 -21"><span class='ocrx_word' id='word_1_368' title='bbox 2061 2201 2274 2245; x_wconf 90' lang='lat' dir='ltr'><strong>ctorum</strong></span> <span class='ocrx_word' id='word_1_369' title='bbox 2302 2193 2565 2261; x_wconf 84' lang='lat' dir='ltr'><strong>reliquias</strong></span> <span class='ocrx_word' id='word_1_370' title='bbox 2587 2207 2770 2247; x_wconf 86' lang='lat' dir='ltr'><strong>coram</strong></span> <span class='ocrx_word' id='word_1_371' title='bbox 2808 2194 2985 2263; x_wconf 84' lang='lat' dir='ltr'><strong>legato</strong></span> <span class='ocrx_word' id='word_1_372' title='bbox 3009 2193 3295 2265; x_wconf 87' lang='lat' dir='ltr'><strong>proferens</strong></span> <span class='ocrx_word' id='word_1_373' title='bbox 3315 2193 3450 2264; x_wconf 85' lang='lat' dir='ltr'><strong>(l9),</strong></span> <span class='ocrx_word' id='word_1_374' title='bbox 3481 2206 3536 2249; x_wconf 92' lang='lat' dir='ltr'><strong>et</strong></span> <span class='ocrx_word' id='word_1_375' title='bbox 3559 2211 3651 2258; x_wconf 65' lang='lat' dir='ltr'><strong>ex,</strong></span> 
     </span>
    </p>
   </div>
   <div class='ocr_carea' id='block_1_53' title="bbox 2062 2279 3628 2354">
    <p class='ocr_par' dir='ltr' id='par_1_53' title="bbox 2062 2279 3628 2354">
     <span class='ocr_line' id='line_1_53' title="bbox 2062 2279 3628 2354; baseline 0.004 -20"><span class='ocrx_word' id='word_1_376' title='bbox 2062 2279 2130 2335; x_wconf 87' lang='lat' dir='ltr'><strong>iis</strong></span> <span class='ocrx_word' id='word_1_377' title='bbox 2155 2295 2372 2336; x_wconf 89' lang='lat' dir='ltr'><strong>crucem</strong></span> <span class='ocrx_word' id='word_1_378' title='bbox 2393 2282 2443 2336; x_wconf 91' lang='lat' dir='ltr'><strong>ei</strong></span> <span class='ocrx_word' id='word_1_379' title='bbox 2476 2283 2530 2336; x_wconf 88' lang='lat' dir='ltr'><strong>in</strong></span> <span class='ocrx_word' id='word_1_380' title='bbox 2563 2298 2756 2338; x_wconf 88' lang='lat' dir='ltr'><strong>manus</strong></span> <span class='ocrx_word' id='word_1_381' title='bbox 2788 2285 3010 2338; x_wconf 87' lang='lat' dir='ltr'><strong>tradens</strong></span> <span class='ocrx_word' id='word_1_382' title='bbox 3058 2301 3070 2338; x_wconf 92' lang='lat'><strong>:</strong></span> <span class='ocrx_word' id='word_1_383' title='bbox 3113 2284 3263 2339; x_wconf 82' lang='lat' dir='ltr'><strong>Istuc</strong></span> <span class='ocrx_word' id='word_1_384' title='bbox 3295 2285 3364 2338; x_wconf 87' lang='lat' dir='ltr'><strong>ad</strong></span> <span class='ocrx_word' id='word_1_385' title='bbox 3389 2286 3628 2354; x_wconf 86' lang='lat' dir='ltr'><strong>impera-</strong></span> 
     </span>
    </p>
   </div>
   <div class='ocr_carea' id='block_1_54' title="bbox 2061 2373 3722 2445">
    <p class='ocr_par' dir='ltr' id='par_1_54' title="bbox 2061 2373 3722 2445">
     <span class='ocr_line' id='line_1_54' title="bbox 2061 2373 3722 2445; baseline 0.005 -19"><span class='ocrx_word' id='word_1_386' title='bbox 2061 2378 2236 2426; x_wconf 77' lang='lat' dir='ltr'><strong>torem</strong></span> <span class='ocrx_word' id='word_1_387' title='bbox 2266 2373 2534 2442; x_wconf 87' lang='lat' dir='ltr'><strong>portabis,</strong></span> <span class='ocrx_word' id='word_1_388' title='bbox 2560 2373 2759 2444; x_wconf 86' lang='lat' dir='ltr'><strong>inquit,</strong></span> <span class='ocrx_word' id='word_1_389' title='bbox 2793 2381 2848 2429; x_wconf 90' lang='lat' dir='ltr'><strong>et</strong></span> <span class='ocrx_word' id='word_1_390' title='bbox 2883 2389 2968 2429; x_wconf 90' lang='lat' dir='ltr'><strong>me</strong></span> <span class='ocrx_word' id='word_1_391' title='bbox 2996 2390 3094 2445; x_wconf 90' lang='lat' dir='ltr'><strong>per</strong></span> <span class='ocrx_word' id='word_1_392' title='bbox 3123 2375 3300 2440; x_wconf 88' lang='lat' dir='ltr'><strong>illum,</strong></span> <span class='ocrx_word' id='word_1_393' title='bbox 3339 2377 3432 2445; x_wconf 88' lang='lat' dir='ltr'><strong>qui</strong></span> <span class='ocrx_word' id='word_1_394' title='bbox 3463 2377 3519 2430; x_wconf 89' lang='lat' dir='ltr'><strong>in</strong></span> <span class='ocrx_word' id='word_1_395' title='bbox 3559 2392 3626 2430; x_wconf 89' lang='lat' dir='ltr'><strong>co</strong></span> <span class='ocrx_word' id='word_1_396' title='bbox 3713 2428 3722 2434; x_wconf 86' lang='lat'><strong>.</strong></span> 
     </span>
    </p>
   </div>
   <div class='ocr_carea' id='block_1_55' title="bbox 2060 2463 3625 2537">
    <p class='ocr_par' dir='ltr' id='par_1_55' title="bbox 2060 2463 3625 2537">
     <span class='ocr_line' id='line_1_55' title="bbox 2060 2463 3625 2537; baseline 0.002 -20"><span class='ocrx_word' id='word_1_397' title='bbox 2060 2472 2287 2535; x_wconf 86' lang='lat' dir='ltr'><strong>prepter</strong></span> <span class='ocrx_word' id='word_1_398' title='bbox 2307 2479 2408 2519; x_wconf 89' lang='lat' dir='ltr'><strong>nos</strong></span> <span class='ocrx_word' id='word_1_399' title='bbox 2421 2463 2648 2520; x_wconf 78' lang='lat' dir='ltr'><strong>sufﬁxus</strong></span> <span class='ocrx_word' id='word_1_400' title='bbox 2667 2473 2773 2532; x_wconf 90' lang='lat' dir='ltr'><strong>est,</strong></span> <span class='ocrx_word' id='word_1_401' title='bbox 2795 2466 2978 2537; x_wconf 85' lang='lat' dir='ltr'><strong>jurare</strong></span> <span class='ocrx_word' id='word_1_402' title='bbox 2995 2467 3160 2527; x_wconf 64' lang='lat' dir='ltr'><strong>,dices</strong></span> <span class='ocrx_word' id='word_1_403' title='bbox 3176 2481 3279 2521; x_wconf 87' lang='lat' dir='ltr'><strong>nec</strong></span> <span class='ocrx_word' id='word_1_404' title='bbox 3301 2466 3478 2523; x_wconf 73' lang='lat' dir='ltr'><strong>fmdus</strong></span> <span class='ocrx_word' id='word_1_405' title='bbox 3499 2481 3625 2522; x_wconf 90' lang='lat' dir='ltr'><strong>cum</strong></span> 
     </span>
    </p>
   </div>
   <div class='ocr_carea' id='block_1_56' title="bbox 2062 2555 3622 2624">
    <p class='ocr_par' dir='ltr' id='par_1_56' title="bbox 2062 2555 3622 2624">
     <span class='ocr_line' id='line_1_56' title="bbox 2062 2555 3622 2624; baseline 0.003 -16"><span class='ocrx_word' id='word_1_406' title='bbox 2062 2555 2181 2623; x_wconf 88' lang='lat' dir='ltr'><strong>ipso</strong></span> <span class='ocrx_word' id='word_1_407' title='bbox 2208 2568 2528 2624; x_wconf 86' lang='lat' dir='ltr'><strong>percussum</strong></span> <span class='ocrx_word' id='word_1_408' title='bbox 2569 2556 2818 2622; x_wconf 85' lang='lat' dir='ltr'><strong>solvisse,</strong></span> <span class='ocrx_word' id='word_1_409' title='bbox 2856 2573 2958 2612; x_wconf 89' lang='lat' dir='ltr'><strong>nec</strong></span> <span class='ocrx_word' id='word_1_410' title='bbox 3009 2559 3210 2613; x_wconf 84' lang='lat' dir='ltr'><strong>milites</strong></span> <span class='ocrx_word' id='word_1_411' title='bbox 3251 2569 3440 2615; x_wconf 88' lang='lat' dir='ltr'><strong>contra</strong></span> <span class='ocrx_word' id='word_1_412' title='bbox 3470 2560 3622 2614; x_wconf 86' lang='lat' dir='ltr'><strong>illum</strong></span> 
     </span>
    </p>
   </div>
   <div class='ocr_carea' id='block_1_57' title="bbox 2063 2644 3620 2717">
    <p class='ocr_par' dir='ltr' id='par_1_57' title="bbox 2063 2644 3620 2717">
     <span class='ocr_line' id='line_1_57' title="bbox 2063 2644 3620 2717; baseline 0.002 -18"><span class='ocrx_word' id='word_1_413' title='bbox 2063 2644 2297 2700; x_wconf 87' lang='lat' dir='ltr'><strong>misisse.</strong></span> <span class='ocrx_word' id='word_1_414' title='bbox 2361 2644 2628 2710; x_wconf 84' lang='lat' dir='ltr'><strong>Quocirca</strong></span> <span class='ocrx_word' id='word_1_415' title='bbox 2668 2660 2828 2700; x_wconf 85' lang='lat' dir='ltr'><strong>orare</strong></span> <span class='ocrx_word' id='word_1_416' title='bbox 2856 2661 2964 2710; x_wconf 88' lang='lat' dir='ltr'><strong>me,</strong></span> <span class='ocrx_word' id='word_1_417' title='bbox 3011 2656 3079 2701; x_wconf 90' lang='lat' dir='ltr'><strong>ne</strong></span> <span class='ocrx_word' id='word_1_418' title='bbox 3107 2648 3237 2717; x_wconf 89' lang='lat' dir='ltr'><strong>quid</strong></span> <span class='ocrx_word' id='word_1_419' title='bbox 3265 2649 3374 2702; x_wconf 86' lang='lat' dir='ltr'><strong>illis</strong></span> <span class='ocrx_word' id='word_1_420' title='bbox 3407 2661 3620 2703; x_wconf 78' lang='lat' dir='ltr'><strong>noceat.</strong></span> 
     </span>
    </p>
   </div>
   <div class='ocr_carea' id='block_1_58' title="bbox 2061 2737 3622 2809">
    <p class='ocr_par' dir='ltr' id='par_1_58' title="bbox 2061 2737 3622 2809">
     <span class='ocr_line' id='line_1_58' title="bbox 2061 2737 3622 2809; baseline 0.001 -16"><span class='ocrx_word' id='word_1_421' title='bbox 2061 2737 2217 2805; x_wconf 87' lang='lat' dir='ltr'><strong>Quod</strong></span> <span class='ocrx_word' id='word_1_422' title='bbox 2253 2747 2435 2793; x_wconf 89' lang='lat' dir='ltr'><strong>autem</strong></span> <span class='ocrx_word' id='word_1_423' title='bbox 2466 2754 2580 2793; x_wconf 90' lang='lat' dir='ltr'><strong>non</strong></span> <span class='ocrx_word' id='word_1_424' title='bbox 2609 2739 2677 2794; x_wconf 92' lang='lat' dir='ltr'><strong>de</strong></span> <span class='ocrx_word' id='word_1_425' title='bbox 2707 2739 2892 2794; x_wconf 87' lang='lat' dir='ltr'><strong>inultis</strong></span> <span class='ocrx_word' id='word_1_426' title='bbox 2940 2743 3008 2793; x_wconf 88' lang='lat' dir='ltr'><strong>ac</strong></span> <span class='ocrx_word' id='word_1_427' title='bbox 3049 2741 3302 2809; x_wconf 88' lang='lat' dir='ltr'><strong>pretiosis</strong></span> <span class='ocrx_word' id='word_1_428' title='bbox 3329 2741 3622 2795; x_wconf 85' lang='lat' dir='ltr'><strong>monilibus</strong></span> 
     </span>
    </p>
   </div>
   <div class='ocr_carea' id='block_1_59' title="bbox 2061 2831 3739 2902">
    <p class='ocr_par' dir='ltr' id='par_1_59' title="bbox 2061 2831 3739 2902">
     <span class='ocr_line' id='line_1_59' title="bbox 2061 2831 3739 2902; baseline 0.001 -18"><span class='ocrx_word' id='word_1_429' title='bbox 2061 2831 2174 2885; x_wconf 88' lang='lat' dir='ltr'><strong>suis</strong></span> <span class='ocrx_word' id='word_1_430' title='bbox 2221 2845 2343 2900; x_wconf 73' lang='lat' dir='ltr'><strong>quae</strong></span> <span class='ocrx_word' id='word_1_431' title='bbox 2373 2840 2621 2886; x_wconf 86' lang='lat' dir='ltr'><strong>cerneret</strong></span> <span class='ocrx_word' id='word_1_432' title='bbox 2668 2832 2804 2902; x_wconf 73' lang='lat'><strong>(20),</strong></span> <span class='ocrx_word' id='word_1_433' title='bbox 2835 2831 2929 2887; x_wconf 89' lang='lat' dir='ltr'><strong>sed</strong></span> <span class='ocrx_word' id='word_1_434' title='bbox 2986 2834 3127 2887; x_wconf 81' lang='lat' dir='ltr'><strong>lianc</strong></span> <span class='ocrx_word' id='word_1_435' title='bbox 3180 2847 3399 2886; x_wconf 89' lang='lat' dir='ltr'><strong>crucem</strong></span> <span class='ocrx_word' id='word_1_436' title='bbox 3448 2848 3480 2888; x_wconf 87' lang='lat' dir='ltr'><strong>e</strong></span> <span class='ocrx_word' id='word_1_437' title='bbox 3526 2835 3620 2887; x_wconf 84' lang='lat' dir='ltr'><strong>vili</strong></span> <span class='ocrx_word' id='word_1_438' title='bbox 3729 2855 3739 2871; x_wconf 70' lang='grc' dir='ltr'><strong>ι</strong></span> 
     </span>
    </p>
   </div>
   <div class='ocr_carea' id='block_1_60' title="bbox 2062 2922 3646 2995">
    <p class='ocr_par' dir='ltr' id='par_1_60' title="bbox 2062 2922 3646 2995">
     <span class='ocr_line' id='line_1_60' title="bbox 2062 2922 3646 2995; baseline 0.001 -19"><span class='ocrx_word' id='word_1_439' title='bbox 2062 2923 2287 2977; x_wconf 88' lang='lat' dir='ltr'><strong>materia</strong></span> <span class='ocrx_word' id='word_1_440' title='bbox 2328 2922 2630 2984; x_wconf 77' lang='lat' dir='ltr'><strong>confectam</strong></span> <span class='ocrx_word' id='word_1_441' title='bbox 2682 2923 2824 2994; x_wconf 89' lang='lat' dir='ltr'><strong>(erat</strong></span> <span class='ocrx_word' id='word_1_442' title='bbox 2861 2923 3006 2977; x_wconf 90' lang='lat' dir='ltr'><strong>enim</strong></span> <span class='ocrx_word' id='word_1_443' title='bbox 3047 2939 3112 2978; x_wconf 83' lang='lat' dir='ltr'><strong>ex</strong></span> <span class='ocrx_word' id='word_1_444' title='bbox 3151 2939 3258 2978; x_wconf 66' lang='lat' dir='ltr'><strong>aere</strong></span> <span class='ocrx_word' id='word_1_445' title='bbox 3304 2923 3646 2995; x_wconf 85' lang='lat' dir='ltr'><strong>fabrefacta)‘</strong></span> 
     </span>
    </p>
   </div>
   <div class='ocr_carea' id='block_1_61' title="bbox 2018 3012 3617 3086">
    <p class='ocr_par' dir='ltr' id='par_1_61' title="bbox 2018 3012 3617 3086">
     <span class='ocr_line' id='line_1_61' title="bbox 2018 3012 3617 3086; baseline 0.003 -20"><span class='ocrx_word' id='word_1_446' title='bbox 2018 3038 2020 3040; x_wconf 61' lang='grc' dir='ltr'><strong>τ</strong></span> <span class='ocrx_word' id='word_1_447' title='bbox 2061 3012 2138 3067; x_wconf 90' lang='lat' dir='ltr'><strong>illi</strong></span> <span class='ocrx_word' id='word_1_448' title='bbox 2176 3013 2439 3077; x_wconf 87' lang='lat' dir='ltr'><strong>mitteret,</strong></span> <span class='ocrx_word' id='word_1_449' title='bbox 2487 3013 2681 3067; x_wconf 87' lang='lat' dir='ltr'><strong>mirari</strong></span> <span class='ocrx_word' id='word_1_450' title='bbox 2725 3027 2831 3068; x_wconf 84' lang='lat' dir='ltr'><strong>non</strong></span> <span class='ocrx_word' id='word_1_451' title='bbox 2875 3013 3079 3069; x_wconf 88' lang='lat' dir='ltr'><strong>debere</strong></span> <span class='ocrx_word' id='word_1_452' title='bbox 3107 3030 3121 3067; x_wconf 89' lang='lat'><strong>:</strong></span> <span class='ocrx_word' id='word_1_453' title='bbox 3149 3030 3270 3070; x_wconf 90' lang='lat' dir='ltr'><strong>esse</strong></span> <span class='ocrx_word' id='word_1_454' title='bbox 3296 3017 3442 3071; x_wconf 91' lang='lat' dir='ltr'><strong>enim</strong></span> <span class='ocrx_word' id='word_1_455' title='bbox 3474 3018 3617 3086; x_wconf 89' lang='lat' dir='ltr'><strong>apud</strong></span> 
     </span>
    </p>
   </div>
   <div class='ocr_carea' id='block_1_62' title="bbox 383 3100 1957 3178">
    <p class='ocr_par' dir='ltr' id='par_1_62' title="bbox 383 3100 1955 3174">
     <span class='ocr_line' id='line_1_62' title="bbox 383 3100 1955 3174; baseline 0.002 -21"><span class='ocrx_word' id='word_1_456' title='bbox 383 3101 572 3168; x_wconf 74' lang='grc' dir='ltr'>αὐτὸν,</span> <span class='ocrx_word' id='word_1_457' title='bbox 605 3100 729 3154; x_wconf 75' lang='grc' dir='ltr'><strong>οὔτε</strong></span> <span class='ocrx_word' id='word_1_458' title='bbox 760 3101 881 3154; x_wconf 89' lang='grc' dir='ltr'>κατ’</span> <span class='ocrx_word' id='word_1_459' title='bbox 907 3101 1072 3156; x_wconf 80' lang='grc' dir='ltr'>αὑτοῦ</span> <span class='ocrx_word' id='word_1_460' title='bbox 1109 3102 1380 3172; x_wconf 78' lang='grc' dir='ltr'>πέπομφα</span> <span class='ocrx_word' id='word_1_461' title='bbox 1414 3102 1512 3172; x_wconf 82' lang='grc' dir='ltr'><strong>τὴν</strong></span> <span class='ocrx_word' id='word_1_462' title='bbox 1547 3105 1830 3174; x_wconf 78' lang='grc' dir='ltr'>στρατιάν.</span> <span class='ocrx_word' id='word_1_463' title='bbox 1865 3104 1955 3156; x_wconf 80' lang='grc' dir='ltr'>Διὸ</span> 
     </span>
    </p>
   </div>
   <div class='ocr_carea' id='block_1_63' title="bbox 2058 3100 3621 3178">
    <p class='ocr_par' dir='ltr' id='par_1_63' title="bbox 2061 3101 3621 3172">
     <span class='ocr_line' id='line_1_63' title="bbox 2061 3101 3621 3172; baseline 0.002 -15"><span class='ocrx_word' id='word_1_464' title='bbox 2061 3103 2259 3158; x_wconf 73' lang='grc' dir='ltr'>Μαιεοε</span> <span class='ocrx_word' id='word_1_465' title='bbox 2287 3102 2358 3156; x_wconf 83' lang='lat' dir='ltr'><strong>ob</strong></span> <span class='ocrx_word' id='word_1_466' title='bbox 2389 3101 2653 3157; x_wconf 83' lang='lat' dir='ltr'><strong>miracula</strong></span> <span class='ocrx_word' id='word_1_467' title='bbox 2676 3101 3064 3170; x_wconf 84' lang='lat' dir='ltr'><strong>percelebrem,</strong></span> <span class='ocrx_word' id='word_1_468' title='bbox 3095 3119 3215 3172; x_wconf 65' lang='lat' dir='ltr'><strong>quae</strong></span> <span class='ocrx_word' id='word_1_469' title='bbox 3250 3105 3417 3158; x_wconf 86' lang='lat' dir='ltr'><strong>multa</strong></span> <span class='ocrx_word' id='word_1_470' title='bbox 3443 3107 3621 3160; x_wconf 87' lang='lat' dir='ltr'><strong>adhuc</strong></span> 
     </span>
    </p>
   </div>
   <div class='ocr_carea' id='block_1_64' title="bbox 385 3186 1955 3264">
    <p class='ocr_par' dir='ltr' id='par_1_64' title="bbox 385 3186 1955 3264">
     <span class='ocr_line' id='line_1_64' title="bbox 385 3186 1955 3264; baseline 0.001 -18"><span class='ocrx_word' id='word_1_471' title='bbox 385 3195 484 3246; x_wconf 72' lang='grc' dir='ltr'>καὶ</span> <span class='ocrx_word' id='word_1_472' title='bbox 522 3193 713 3262; x_wconf 75' lang='grc' dir='ltr'>δέομαι</span> <span class='ocrx_word' id='word_1_473' title='bbox 765 3193 840 3264; x_wconf 80' lang='grc' dir='ltr'>μὴ</span> <span class='ocrx_word' id='word_1_474' title='bbox 891 3186 1325 3256; x_wconf 83' lang='grc' dir='ltr'>κακῶςάῦτοὺς</span> <span class='ocrx_word' id='word_1_475' title='bbox 1382 3193 1598 3247; x_wconf 86' lang='grc' dir='ltr'>παθεῖν.</span> <span class='ocrx_word' id='word_1_476' title='bbox 1667 3193 1788 3247; x_wconf 86' lang='grc' dir='ltr'><strong>Ὅτι</strong></span> <span class='ocrx_word' id='word_1_477' title='bbox 1819 3195 1873 3247; x_wconf 86' lang='grc' dir='ltr'>δὲ</span> <span class='ocrx_word' id='word_1_478' title='bbox 1895 3195 1955 3246; x_wconf 78' lang='grc' dir='ltr'><strong>οῦ</strong></span> 
     </span>
    </p>
   </div>
   <div class='ocr_carea' id='block_1_65' title="bbox 382 3283 1953 3354">
    <p class='ocr_par' dir='ltr' id='par_1_65' title="bbox 382 3283 1953 3354">
     <span class='ocr_line' id='line_1_65' title="bbox 382 3283 1953 3354; baseline -0.001 -16"><span class='ocrx_word' id='word_1_479' title='bbox 382 3285 494 3338; x_wconf 87' lang='grc' dir='ltr'><strong>τῶν</strong></span> <span class='ocrx_word' id='word_1_480' title='bbox 525 3284 832 3338; x_wconf 81' lang='grc' dir='ltr'>πολυτελῶν</span> <span class='ocrx_word' id='word_1_481' title='bbox 861 3284 1166 3352; x_wconf 81' lang='grc' dir='ltr'>ὲγκολπίων</span> <span class='ocrx_word' id='word_1_482' title='bbox 1214 3283 1428 3337; x_wconf 83' lang='grc' dir='ltr'>πολλῶν</span> <span class='ocrx_word' id='word_1_483' title='bbox 1476 3283 1603 3354; x_wconf 74' lang='grc' dir='ltr'><strong>ἐμοὶ</strong></span> <span class='ocrx_word' id='word_1_484' title='bbox 1643 3284 1953 3354; x_wconf 80' lang='grc' dir='ltr'>παρόντων,</span> 
     </span>
    </p>
   </div>
   <div class='ocr_carea' id='block_1_66' title="bbox 384 3375 1956 3447">
    <p class='ocr_par' dir='ltr' id='par_1_66' title="bbox 384 3375 1956 3447">
     <span class='ocr_line' id='line_1_66' title="bbox 384 3375 1956 3447; baseline -0.001 -18"><span class='ocrx_word' id='word_1_485' title='bbox 384 3377 464 3440; x_wconf 84' lang='grc' dir='ltr'>ὡς</span> <span class='ocrx_word' id='word_1_486' title='bbox 498 3379 647 3447; x_wconf 72' lang='grc' dir='ltr'>ἐρᾷς,</span> <span class='ocrx_word' id='word_1_487' title='bbox 679 3375 816 3430; x_wconf 78' lang='grc' dir='ltr'>ἀλλὰ</span> <span class='ocrx_word' id='word_1_488' title='bbox 846 3377 1056 3429; x_wconf 89' lang='grc' dir='ltr'>τουτονί</span> <span class='ocrx_word' id='word_1_489' title='bbox 1081 3375 1172 3428; x_wconf 80' lang='grc' dir='ltr'><strong>τὸν</strong></span> <span class='ocrx_word' id='word_1_490' title='bbox 1202 3375 1456 3446; x_wconf 69' lang='grc' dir='ltr'>σταυρὸν,</span> <span class='ocrx_word' id='word_1_491' title='bbox 1489 3376 1550 3440; x_wconf 83' lang='grc' dir='ltr'><strong>ἐξ</strong></span> <span class='ocrx_word' id='word_1_492' title='bbox 1575 3375 1824 3438; x_wconf 71' lang='grc' dir='ltr'>εὐτελοῦς</span> <span class='ocrx_word' id='word_1_493' title='bbox 1852 3391 1956 3428; x_wconf 87' lang='grc' dir='ltr'>πε-</span> 
     </span>
    </p>
   </div>
   <div class='ocr_carea' id='block_1_67' title="bbox 389 3463 1956 3537">
    <p class='ocr_par' dir='ltr' id='par_1_67' title="bbox 389 3463 1956 3537">
     <span class='ocr_line' id='line_1_67' title="bbox 389 3463 1956 3537; baseline -0.001 -19"><span class='ocrx_word' id='word_1_494' title='bbox 389 3469 695 3534; x_wconf 83' lang='grc' dir='ltr'>ποιημένον</span> <span class='ocrx_word' id='word_1_495' title='bbox 741 3465 873 3536; x_wconf 78' lang='grc' dir='ltr'>ὕλης</span> <span class='ocrx_word' id='word_1_496' title='bbox 921 3463 1011 3536; x_wconf 79' lang='grc' dir='ltr'><strong>(ἦν</strong></span> <span class='ocrx_word' id='word_1_497' title='bbox 1067 3466 1178 3536; x_wconf 84' lang='grc' dir='ltr'><strong>γὰρ</strong></span> <span class='ocrx_word' id='word_1_498' title='bbox 1227 3464 1508 3535; x_wconf 80' lang='grc' dir='ltr'>χαλκοῦς),</span> <span class='ocrx_word' id='word_1_499' title='bbox 1543 3465 1828 3535; x_wconf 80' lang='grc' dir='ltr'>πέπομφα,</span> <span class='ocrx_word' id='word_1_500' title='bbox 1881 3468 1956 3537; x_wconf 78' lang='grc' dir='ltr'>μὴ</span> 
     </span>
    </p>
   </div>
   <div class='ocr_carea' id='block_1_68' title="bbox 386 3556 1960 3630">
    <p class='ocr_par' dir='ltr' id='par_1_68' title="bbox 386 3556 1960 3630">
     <span class='ocr_line' id='line_1_68' title="bbox 386 3556 1960 3630; baseline -0.002 -20"><span class='ocrx_word' id='word_1_501' title='bbox 386 3558 671 3630; x_wconf 79' lang='grc' dir='ltr'>Θαυμάσῃ.</span> <span class='ocrx_word' id='word_1_502' title='bbox 713 3557 840 3611; x_wconf 84' lang='grc' dir='ltr'><strong>Ἐπὶ</strong></span> <span class='ocrx_word' id='word_1_503' title='bbox 874 3556 1123 3626; x_wconf 82' lang='grc' dir='ltr'>θαύμασι</span> <span class='ocrx_word' id='word_1_504' title='bbox 1150 3557 1260 3628; x_wconf 85' lang='grc' dir='ltr'><strong>γὰρ</strong></span> <span class='ocrx_word' id='word_1_505' title='bbox 1291 3558 1444 3626; x_wconf 74' lang='grc' dir='ltr'>παρὰ</span> <span class='ocrx_word' id='word_1_506' title='bbox 1494 3558 1628 3609; x_wconf 80' lang='grc' dir='ltr'>πᾶσι</span> <span class='ocrx_word' id='word_1_507' title='bbox 1674 3556 1960 3626; x_wconf 83' lang='grc' dir='ltr'>διαϐεϐόη-</span> 
     </span>
    </p>
   </div>
   <div class='ocr_carea' id='block_1_69' title="bbox 383 3648 1994 3720">
    <p class='ocr_par' dir='ltr' id='par_1_69' title="bbox 383 3648 1994 3720">
     <span class='ocr_line' id='line_1_69' title="bbox 383 3648 1994 3720; baseline 0 -18"><span class='ocrx_word' id='word_1_508' title='bbox 383 3667 478 3703; x_wconf 84' lang='grc' dir='ltr'><strong>ται</strong></span> <span class='ocrx_word' id='word_1_509' title='bbox 506 3650 735 3713; x_wconf 80' lang='grc' dir='ltr'>Μυσοῖς,</span> <span class='ocrx_word' id='word_1_510' title='bbox 765 3648 802 3702; x_wconf 70' lang='grc' dir='ltr'>ἃ</span> <span class='ocrx_word' id='word_1_511' title='bbox 831 3649 1002 3701; x_wconf 83' lang='grc' dir='ltr'>πολλὰ</span> <span class='ocrx_word' id='word_1_512' title='bbox 1037 3648 1135 3719; x_wconf 76' lang='grc' dir='ltr'><strong>μὲν</strong></span> <span class='ocrx_word' id='word_1_513' title='bbox 1169 3649 1265 3702; x_wconf 75' lang='grc' dir='ltr'>καὶ</span> <span class='ocrx_word' id='word_1_514' title='bbox 1293 3650 1394 3702; x_wconf 64' lang='grc' dir='ltr'>επὶ</span> <span class='ocrx_word' id='word_1_515' title='bbox 1432 3649 1527 3702; x_wconf 82' lang='grc' dir='ltr'><strong>τοῦ</strong></span> <span class='ocrx_word' id='word_1_516' title='bbox 1568 3648 1702 3720; x_wconf 73' lang='grc' dir='ltr'>ἐμοῦ</span> <span class='ocrx_word' id='word_1_517' title='bbox 1735 3650 1953 3718; x_wconf 79' lang='grc' dir='ltr'>περιόν·</span> <span class='ocrx_word' id='word_1_518' title='bbox 1991 3656 1994 3658; x_wconf 67' lang='grc'>⁷</span> 
     </span>
    </p>
   </div>
   <div class='ocr_carea' id='block_1_70' title="bbox 382 3739 1950 3812">
    <p class='ocr_par' dir='ltr' id='par_1_70' title="bbox 382 3739 1950 3812">
     <span class='ocr_line' id='line_1_70' title="bbox 382 3739 1950 3812; baseline -0.001 -17"><span class='ocrx_word' id='word_1_519' title='bbox 382 3758 476 3805; x_wconf 81' lang='grc' dir='ltr'><strong>τος</strong></span> <span class='ocrx_word' id='word_1_520' title='bbox 518 3741 598 3794; x_wconf 70' lang='grc' dir='ltr'>ἔτι</span> <span class='ocrx_word' id='word_1_521' title='bbox 628 3743 856 3812; x_wconf 77' lang='grc' dir='ltr'>πατρὸς,</span> <span class='ocrx_word' id='word_1_522' title='bbox 885 3740 1057 3794; x_wconf 75' lang='grc' dir='ltr'>πολλὰ</span> <span class='ocrx_word' id='word_1_523' title='bbox 1079 3740 1137 3794; x_wconf 76' lang='grc' dir='ltr'>δὲ</span> <span class='ocrx_word' id='word_1_524' title='bbox 1167 3741 1260 3794; x_wconf 77' lang='grc' dir='ltr'>καὶ</span> <span class='ocrx_word' id='word_1_525' title='bbox 1286 3739 1378 3792; x_wconf 64' lang='grc' dir='ltr'><strong>ἔπ’</strong></span> <span class='ocrx_word' id='word_1_526' title='bbox 1437 3739 1574 3810; x_wconf 75' lang='grc' dir='ltr'>ἐμοῦ</span> <span class='ocrx_word' id='word_1_527' title='bbox 1616 3740 1745 3811; x_wconf 87' lang='grc' dir='ltr'>παρ’</span> <span class='ocrx_word' id='word_1_528' title='bbox 1784 3740 1950 3794; x_wconf 84' lang='grc' dir='ltr'>αὐτοῦ</span> 
     </span>
    </p>
   </div>
   <div class='ocr_carea' id='block_1_71' title="bbox 385 3826 1953 3899">
    <p class='ocr_par' dir='ltr' id='par_1_71' title="bbox 385 3826 1953 3899">
     <span class='ocr_line' id='line_1_71' title="bbox 385 3826 1953 3899; baseline -0.003 -15"><span class='ocrx_word' id='word_1_529' title='bbox 385 3831 624 3884; x_wconf 83' lang='grc' dir='ltr'>τελεῖται</span> <span class='ocrx_word' id='word_1_530' title='bbox 651 3830 771 3883; x_wconf 91' lang='grc' dir='ltr'>νυνί</span> <span class='ocrx_word' id='word_1_531' title='bbox 791 3847 804 3862; x_wconf 76' lang='grc' dir='ltr'><strong>ο</strong></span> <span class='ocrx_word' id='word_1_532' title='bbox 837 3831 912 3892; x_wconf 78' lang='grc' dir='ltr'>ὡς</span> <span class='ocrx_word' id='word_1_533' title='bbox 951 3826 1045 3884; x_wconf 85' lang='grc' dir='ltr'><strong>οὖν</strong></span> <span class='ocrx_word' id='word_1_534' title='bbox 1077 3829 1279 3899; x_wconf 84' lang='grc' dir='ltr'>μᾶλλον</span> <span class='ocrx_word' id='word_1_535' title='bbox 1305 3828 1607 3898; x_wconf 73' lang='grc' dir='ltr'>ἀξιόχρεων</span> <span class='ocrx_word' id='word_1_536' title='bbox 1636 3831 1717 3892; x_wconf 80' lang='grc' dir='ltr'><strong>είς</strong></span> <span class='ocrx_word' id='word_1_537' title='bbox 1765 3829 1953 3882; x_wconf 80' lang='grc' dir='ltr'>πίστιν</span> 
     </span>
    </p>
   </div>
   <div class='ocr_carea' id='block_1_72' title="bbox 384 3914 1951 3994">
    <p class='ocr_par' dir='ltr' id='par_1_72' title="bbox 384 3914 1951 3994">
     <span class='ocr_line' id='line_1_72' title="bbox 384 3914 1951 3994; baseline -0.002 -19"><span class='ocrx_word' id='word_1_538' title='bbox 384 3921 613 3992; x_wconf 71' lang='grc' dir='ltr'>ἔπεμψα</span> <span class='ocrx_word' id='word_1_539' title='bbox 635 3922 822 3976; x_wconf 83' lang='grc' dir='ltr'>αὐτόν.</span> <span class='ocrx_word' id='word_1_540' title='bbox 854 3920 975 3992; x_wconf 70' lang='grc' dir='ltr'><strong>Κᾴν</strong></span> <span class='ocrx_word' id='word_1_541' title='bbox 1004 3938 1074 3994; x_wconf 88' lang='grc' dir='ltr'><strong>με</strong></span> <span class='ocrx_word' id='word_1_542' title='bbox 1104 3920 1336 3991; x_wconf 79' lang='grc' dir='ltr'>φωράσῃ</span> <span class='ocrx_word' id='word_1_543' title='bbox 1361 3914 1660 3974; x_wconf 76' lang='grc' dir='ltr'>ἀπατῶντα</span> <span class='ocrx_word' id='word_1_544' title='bbox 1683 3920 1718 3988; x_wconf 84' lang='grc' dir='ltr'>ἢ</span> <span class='ocrx_word' id='word_1_545' title='bbox 1757 3920 1951 3988; x_wconf 76' lang='grc' dir='ltr'>ψευδό-</span> 
     </span>
    </p>
   </div>
   <div class='ocr_carea' id='block_1_73' title="bbox 385 4010 1951 4097">
    <p class='ocr_par' dir='ltr' id='par_1_73' title="bbox 385 4010 1951 4097">
     <span class='ocr_line' id='line_1_73' title="bbox 385 4010 1951 4097; baseline 0 -33"><span class='ocrx_word' id='word_1_546' title='bbox 385 4030 573 4082; x_wconf 87' lang='grc' dir='ltr'>μενον,</span> <span class='ocrx_word' id='word_1_547' title='bbox 598 4013 722 4083; x_wconf 80' lang='grc' dir='ltr'>ὲμοὶ</span> <span class='ocrx_word' id='word_1_548' title='bbox 747 4012 937 4067; x_wconf 87' lang='grc' dir='ltr'>τοῦτον</span> <span class='ocrx_word' id='word_1_549' title='bbox 969 4010 1151 4065; x_wconf 85' lang='grc' dir='ltr'>λαϐὼν</span> <span class='ocrx_word' id='word_1_550' title='bbox 1181 4010 1404 4076; x_wconf 79' lang='grc' dir='ltr'>ὲπιέτω,</span> <span class='ocrx_word' id='word_1_551' title='bbox 1439 4011 1513 4075; x_wconf 81' lang='grc' dir='ltr'><strong>ὡς</strong></span> <span class='ocrx_word' id='word_1_552' title='bbox 1542 4011 1708 4097; x_wconf 66' lang='grc' dir='ltr'>αὐτοῦ</span> <span class='ocrx_word' id='word_1_553' title='bbox 1727 4027 1951 4080; x_wconf 86' lang='grc' dir='ltr'>συμμα-</span> 
     </span>
    </p>
   </div>
   <div class='ocr_carea' id='block_1_74' title="bbox 382 4103 1952 4179">
    <p class='ocr_par' dir='ltr' id='par_1_74' title="bbox 382 4103 1952 4179">
     <span class='ocr_line' id='line_1_74' title="bbox 382 4103 1952 4179; baseline -0.003 -21"><span class='ocrx_word' id='word_1_554' title='bbox 382 4105 610 4176; x_wconf 78' lang='grc' dir='ltr'>χοῦντος</span> <span class='ocrx_word' id='word_1_555' title='bbox 639 4109 881 4175; x_wconf 84' lang='grc' dir='ltr'>νικήσων</span> <span class='ocrx_word' id='word_1_556' title='bbox 913 4106 1006 4158; x_wconf 76' lang='grc' dir='ltr'>καὶ</span> <span class='ocrx_word' id='word_1_557' title='bbox 1039 4104 1507 4179; x_wconf 50' lang='grc' dir='ltr'>διαφθερῶειιύτι</span> <span class='ocrx_word' id='word_1_558' title='bbox 1541 4103 1598 4154; x_wconf 83' lang='grc' dir='ltr'>δὲ</span> <span class='ocrx_word' id='word_1_559' title='bbox 1649 4103 1711 4156; x_wconf 86' lang='grc' dir='ltr'><strong>οὐ</strong></span> <span class='ocrx_word' id='word_1_560' title='bbox 1750 4103 1952 4172; x_wconf 79' lang='grc' dir='ltr'>σκῆψις</span> 
     </span>
    </p>
   </div>
   <div class='ocr_carea' id='block_1_75' title="bbox 381 4193 1947 4265">
    <p class='ocr_par' dir='ltr' id='par_1_75' title="bbox 381 4193 1947 4265">
     <span class='ocr_line' id='line_1_75' title="bbox 381 4193 1947 4265; baseline -0.003 -15"><span class='ocrx_word' id='word_1_561' title='bbox 381 4197 560 4250; x_wconf 69' lang='grc' dir='ltr'>ταῦτα</span> <span class='ocrx_word' id='word_1_562' title='bbox 597 4196 718 4249; x_wconf 78' lang='grc' dir='ltr'>οὐδὲ</span> <span class='ocrx_word' id='word_1_563' title='bbox 747 4196 1022 4264; x_wconf 72' lang='grc' dir='ltr'>πρόφασις</span> <span class='ocrx_word' id='word_1_564' title='bbox 1076 4197 1390 4265; x_wconf 76' lang='grc' dir='ltr'>εὐπρεπὴς,</span> <span class='ocrx_word' id='word_1_565' title='bbox 1427 4195 1520 4247; x_wconf 79' lang='grc' dir='ltr'>τὸν</span> <span class='ocrx_word' id='word_1_566' title='bbox 1548 4193 1828 4260; x_wconf 79' lang='grc' dir='ltr'><strong>ἀπάξοντα</strong></span> <span class='ocrx_word' id='word_1_567' title='bbox 1849 4196 1947 4264; x_wconf 83' lang='grc' dir='ltr'><strong>τὴν</strong></span> 
     </span>
    </p>
   </div>
   <div class='ocr_carea' id='block_1_76' title="bbox 383 4283 1945 4354">
    <p class='ocr_par' dir='ltr' id='par_1_76' title="bbox 383 4283 1945 4354">
     <span class='ocr_line' id='line_1_76' title="bbox 383 4283 1945 4354; baseline 0 -18"><span class='ocrx_word' id='word_1_568' title='bbox 383 4285 652 4354; x_wconf 79' lang='grc' dir='ltr'>στρατιὰν</span> <span class='ocrx_word' id='word_1_569' title='bbox 683 4289 748 4340; x_wconf 80' lang='grc' dir='ltr'>ὲκ</span> <span class='ocrx_word' id='word_1_570' title='bbox 783 4287 883 4354; x_wconf 75' lang='grc' dir='ltr'>τῆς</span> <span class='ocrx_word' id='word_1_571' title='bbox 958 4285 1268 4354; x_wconf 77' lang='grc' dir='ltr'>Ῥωμαίων,</span> <span class='ocrx_word' id='word_1_572' title='bbox 1325 4283 1387 4348; x_wconf 74' lang='grc' dir='ltr'><strong>ἐξ</strong></span> <span class='ocrx_word' id='word_1_573' title='bbox 1433 4285 1602 4354; x_wconf 83' lang='grc' dir='ltr'>αὐτῆς</span> <span class='ocrx_word' id='word_1_574' title='bbox 1637 4285 1945 4342; x_wconf 82' lang='grc' dir='ltr'>ἀποστελῶ.</span> 
     </span>
    </p>
   </div>
   <div class='ocr_carea' id='block_1_77' title="bbox 382 4376 1948 4448">
    <p class='ocr_par' dir='ltr' id='par_1_77' title="bbox 382 4376 1948 4448">
     <span class='ocr_line' id='line_1_77' title="bbox 382 4376 1948 4448; baseline 0 -19"><span class='ocrx_word' id='word_1_575' title='bbox 382 4377 498 4429; x_wconf 74' lang='grc' dir='ltr'><strong>Καὶ</strong></span> <span class='ocrx_word' id='word_1_576' title='bbox 554 4377 754 4430; x_wconf 79' lang='grc' dir='ltr'>αὐτίκα</span> <span class='ocrx_word' id='word_1_577' title='bbox 786 4378 865 4447; x_wconf 73' lang='grc' dir='ltr'>τῷ</span> <span class='ocrx_word' id='word_1_578' title='bbox 902 4377 1005 4448; x_wconf 74' lang='grc' dir='ltr'><strong>μὲν</strong></span> <span class='ocrx_word' id='word_1_579' title='bbox 1074 4376 1383 4448; x_wconf 81' lang='grc' dir='ltr'>πρεσϐευτῇ</span> <span class='ocrx_word' id='word_1_580' title='bbox 1440 4379 1704 4446; x_wconf 85' lang='grc' dir='ltr'>παρεῖχεν</span> <span class='ocrx_word' id='word_1_581' title='bbox 1745 4377 1948 4441; x_wconf 81' lang='grc' dir='ltr'>ἵππους</span> 
     </span>
    </p>
   </div>
   <div class='ocr_carea' id='block_1_78' title="bbox 2058 3192 3619 3266">
    <p class='ocr_par' dir='ltr' id='par_1_78' title="bbox 2058 3192 3619 3266">
     <span class='ocr_line' id='line_1_78' title="bbox 2058 3192 3619 3266; baseline 0.001 -16"><span class='ocrx_word' id='word_1_582' title='bbox 2058 3204 2285 3264; x_wconf 87' lang='lat' dir='ltr'><strong>parente</strong></span> <span class='ocrx_word' id='word_1_583' title='bbox 2310 3208 2411 3248; x_wconf 87' lang='lat' dir='ltr'><strong>suo</strong></span> <span class='ocrx_word' id='word_1_584' title='bbox 2449 3192 2744 3262; x_wconf 84' lang='lat' dir='ltr'><strong>superstite</strong></span> <span class='ocrx_word' id='word_1_585' title='bbox 2782 3193 3039 3259; x_wconf 83' lang='lat' dir='ltr'><strong>ediderit,</strong></span> <span class='ocrx_word' id='word_1_586' title='bbox 3071 3195 3237 3248; x_wconf 89' lang='lat' dir='ltr'><strong>multa</strong></span> <span class='ocrx_word' id='word_1_587' title='bbox 3273 3211 3330 3249; x_wconf 88' lang='lat' dir='ltr'><strong>se</strong></span> <span class='ocrx_word' id='word_1_588' title='bbox 3357 3207 3619 3266; x_wconf 85' lang='lat' dir='ltr'><strong>regnanto</strong></span> 
     </span>
    </p>
   </div>
   <div class='ocr_carea' id='block_1_79' title="bbox 2057 3281 3616 3353">
    <p class='ocr_par' dir='ltr' id='par_1_79' title="bbox 2057 3281 3616 3353">
     <span class='ocr_line' id='line_1_79' title="bbox 2057 3281 3616 3353; baseline 0.001 -14"><span class='ocrx_word' id='word_1_589' title='bbox 2057 3286 2202 3339; x_wconf 83' lang='lat' dir='ltr'><strong>edat.</strong></span> <span class='ocrx_word' id='word_1_590' title='bbox 2234 3284 2516 3353; x_wconf 85' lang='lat' dir='ltr'><strong>Tanquam</strong></span> <span class='ocrx_word' id='word_1_591' title='bbox 2554 3283 2716 3352; x_wconf 90' lang='lat' dir='ltr'><strong>igitur</strong></span> <span class='ocrx_word' id='word_1_592' title='bbox 2741 3281 3108 3337; x_wconf 86' lang='lat' dir='ltr'><strong>fidelissimam</strong></span> <span class='ocrx_word' id='word_1_593' title='bbox 3138 3291 3351 3348; x_wconf 90' lang='lat' dir='ltr'><strong>testem,</strong></span> <span class='ocrx_word' id='word_1_594' title='bbox 3381 3300 3438 3339; x_wconf 91' lang='lat' dir='ltr'><strong>se</strong></span> <span class='ocrx_word' id='word_1_595' title='bbox 3468 3284 3616 3340; x_wconf 89' lang='lat' dir='ltr'><strong>illam</strong></span> 
     </span>
    </p>
   </div>
   <div class='ocr_carea' id='block_1_80' title="bbox 2059 3360 3616 3445">
    <p class='ocr_par' dir='ltr' id='par_1_80' title="bbox 2059 3360 3616 3445">
     <span class='ocr_line' id='line_1_80' title="bbox 2059 3360 3616 3445; baseline 0.002 -18"><span class='ocrx_word' id='word_1_596' title='bbox 2059 3375 2295 3428; x_wconf 85' lang='lat' dir='ltr'><strong>mittere.</strong></span> <span class='ocrx_word' id='word_1_597' title='bbox 2347 3374 2402 3427; x_wconf 86' lang='lat' dir='ltr'><strong>Si</strong></span> <span class='ocrx_word' id='word_1_598' title='bbox 2453 3376 2630 3443; x_wconf 89' lang='lat' dir='ltr'><strong>ipsum</strong></span> <span class='ocrx_word' id='word_1_599' title='bbox 2679 3360 2948 3438; x_wconf 85' lang='lat' dir='ltr'><strong>fallacem,</strong></span> <span class='ocrx_word' id='word_1_600' title='bbox 2998 3373 3381 3430; x_wconf 88' lang='lat' dir='ltr'><strong>mendacemve</strong></span> <span class='ocrx_word' id='word_1_601' title='bbox 3421 3375 3616 3445; x_wconf 85' lang='lat' dir='ltr'><strong>depre—</strong></span> 
     </span>
    </p>
   </div>
   <div class='ocr_carea' id='block_1_81' title="bbox 2056 3464 3620 3536">
    <p class='ocr_par' dir='ltr' id='par_1_81' title="bbox 2056 3464 3620 3536">
     <span class='ocr_line' id='line_1_81' title="bbox 2056 3464 3620 3536; baseline -0.001 -15"><span class='ocrx_word' id='word_1_602' title='bbox 2056 3466 2328 3532; x_wconf 86' lang='lat' dir='ltr'><strong>henderit,</strong></span> <span class='ocrx_word' id='word_1_603' title='bbox 2367 3480 2431 3520; x_wconf 90' lang='lat' dir='ltr'><strong>ea</strong></span> <span class='ocrx_word' id='word_1_604' title='bbox 2464 3479 2630 3519; x_wconf 89' lang='lat' dir='ltr'><strong>cruce</strong></span> <span class='ocrx_word' id='word_1_605' title='bbox 2659 3473 2906 3534; x_wconf 87' lang='lat' dir='ltr'><strong>correpta</strong></span> <span class='ocrx_word' id='word_1_606' title='bbox 2941 3479 3000 3518; x_wconf 89' lang='lat' dir='ltr'><strong>se</strong></span> <span class='ocrx_word' id='word_1_607' title='bbox 3032 3464 3272 3530; x_wconf 85' lang='lat' dir='ltr'><strong>invadat,</strong></span> <span class='ocrx_word' id='word_1_608' title='bbox 3317 3481 3424 3535; x_wconf 89' lang='lat' dir='ltr'><strong>qua</strong></span> <span class='ocrx_word' id='word_1_609' title='bbox 3463 3467 3620 3536; x_wconf 79' lang='lat' dir='ltr'><strong>adju-</strong></span> 
     </span>
    </p>
   </div>
   <div class='ocr_carea' id='block_1_82' title="bbox 2058 3555 3616 3613">
    <p class='ocr_par' dir='ltr' id='par_1_82' title="bbox 2058 3555 3616 3613">
     <span class='ocr_line' id='line_1_82' title="bbox 2058 3555 3616 3613; baseline 0.001 -5"><span class='ocrx_word' id='word_1_610' title='bbox 2058 3556 2194 3610; x_wconf 90' lang='lat' dir='ltr'><strong>trice</strong></span> <span class='ocrx_word' id='word_1_611' title='bbox 2223 3555 2503 3610; x_wconf 88' lang='lat' dir='ltr'><strong>victoriam</strong></span> <span class='ocrx_word' id='word_1_612' title='bbox 2538 3555 2608 3609; x_wconf 86' lang='lat' dir='ltr'><strong>sit</strong></span> <span class='ocrx_word' id='word_1_613' title='bbox 2640 3564 3059 3610; x_wconf 85' lang='lat' dir='ltr'><strong>consecuturus.</strong></span> <span class='ocrx_word' id='word_1_614' title='bbox 3107 3555 3177 3612; x_wconf 89' lang='lat' dir='ltr'><strong>Ut</strong></span> <span class='ocrx_word' id='word_1_615' title='bbox 3203 3566 3383 3612; x_wconf 89' lang='lat' dir='ltr'><strong>autem</strong></span> <span class='ocrx_word' id='word_1_616' title='bbox 3416 3558 3616 3613; x_wconf 68' lang='lat' dir='ltr'><strong>intell:-</strong></span> 
     </span>
    </p>
   </div>
   <div class='ocr_carea' id='block_1_83' title="bbox 2053 3641 3612 3722">
    <p class='ocr_par' dir='ltr' id='par_1_83' title="bbox 2053 3641 3612 3722">
     <span class='ocr_line' id='line_1_83' title="bbox 2053 3641 3612 3722; baseline 0.002 -21"><span class='ocrx_word' id='word_1_617' title='bbox 2053 3657 2164 3722; x_wconf 72' lang='lat' dir='ltr'><strong>gat,</strong></span> <span class='ocrx_word' id='word_1_618' title='bbox 2196 3662 2305 3702; x_wconf 88' lang='lat' dir='ltr'><strong>non</strong></span> <span class='ocrx_word' id='word_1_619' title='bbox 2348 3661 2470 3702; x_wconf 83' lang='lat' dir='ltr'><strong>esse</strong></span> <span class='ocrx_word' id='word_1_620' title='bbox 2507 3647 2625 3702; x_wconf 66' lang='lat' dir='ltr'><strong>baac</strong></span> <span class='ocrx_word' id='word_1_621' title='bbox 2679 3641 3022 3717; x_wconf 67' lang='lat' dir='ltr'><strong>praetextati),</strong></span> <span class='ocrx_word' id='word_1_622' title='bbox 3058 3663 3252 3720; x_wconf 64' lang='lat' dir='ltr'><strong>,neque</strong></span> <span class='ocrx_word' id='word_1_623' title='bbox 3303 3652 3612 3720; x_wconf 87' lang='lat' dir='ltr'><strong>speciosum</strong></span> 
     </span>
    </p>
   </div>
   <div class='ocr_carea' id='block_1_84' title="bbox 2056 3738 3616 3816">
    <p class='ocr_par' dir='ltr' id='par_1_84' title="bbox 2056 3738 3616 3816">
     <span class='ocr_line' id='line_1_84' title="bbox 2056 3738 3616 3816; baseline 0.003 -20"><span class='ocrx_word' id='word_1_624' title='bbox 2056 3741 2334 3812; x_wconf 81' lang='lat' dir='ltr'><strong>quoddam</strong></span> <span class='ocrx_word' id='word_1_625' title='bbox 2380 3742 2768 3806; x_wconf 87' lang='lat' dir='ltr'><strong>velamentum,</strong></span> <span class='ocrx_word' id='word_1_626' title='bbox 2813 3745 3066 3807; x_wconf 84' lang='lat' dir='ltr'><strong>protinus</strong></span> <span class='ocrx_word' id='word_1_627' title='bbox 3107 3738 3424 3811; x_wconf 83' lang='lat' dir='ltr'><strong>missurum,</strong></span> <span class='ocrx_word' id='word_1_628' title='bbox 3453 3746 3546 3816; x_wconf 88' lang='lat' dir='ltr'><strong>qui</strong></span> <span class='ocrx_word' id='word_1_629' title='bbox 3585 3763 3616 3800; x_wconf 77' lang='grc' dir='ltr'><strong>θ</strong></span> 
     </span>
    </p>
   </div>
   <div class='ocr_carea' id='block_1_85' title="bbox 2053 3833 3700 3892">
    <p class='ocr_par' dir='ltr' id='par_1_85' title="bbox 2053 3833 3700 3892">
     <span class='ocr_line' id='line_1_85' title="bbox 2053 3833 3700 3892; baseline 0.004 -6"><span class='ocrx_word' id='word_1_630' title='bbox 2053 3833 2255 3887; x_wconf 78' lang='lat' dir='ltr'><strong>ﬁnibus</strong></span> <span class='ocrx_word' id='word_1_631' title='bbox 2296 3833 2667 3887; x_wconf 81' lang='lat' dir='ltr'><strong>Romanorum</strong></span> <span class='ocrx_word' id='word_1_632' title='bbox 2711 3847 2842 3887; x_wconf 87' lang='lat' dir='ltr'><strong>suos</strong></span> <span class='ocrx_word' id='word_1_633' title='bbox 2883 3834 3148 3889; x_wconf 87' lang='lat' dir='ltr'><strong>continuo</strong></span> <span class='ocrx_word' id='word_1_634' title='bbox 3175 3836 3434 3891; x_wconf 78' lang='lat' dir='ltr'><strong>abducat.</strong></span> <span class='ocrx_word' id='word_1_635' title='bbox 3468 3838 3616 3892; x_wconf 76' lang='lat' dir='ltr'><strong>Mox-</strong></span> <span class='ocrx_word' id='word_1_636' title='bbox 3691 3833 3700 3841; x_wconf 74' lang='grc'><em>“</em></span> 
     </span>
    </p>
   </div>
   <div class='ocr_carea' id='block_1_86' title="bbox 2051 3916 3611 3996">
    <p class='ocr_par' dir='ltr' id='par_1_86' title="bbox 2051 3916 3611 3996">
     <span class='ocr_line' id='line_1_86' title="bbox 2051 3916 3611 3996; baseline 0.003 -20"><span class='ocrx_word' id='word_1_637' title='bbox 2051 3939 2160 3994; x_wconf 89' lang='lat' dir='ltr'><strong>que</strong></span> <span class='ocrx_word' id='word_1_638' title='bbox 2198 3924 2376 3993; x_wconf 83' lang='lat' dir='ltr'><strong>legato</strong></span> <span class='ocrx_word' id='word_1_639' title='bbox 2437 3924 2787 3992; x_wconf 85' lang='lat' dir='ltr'><strong>imperatoris</strong></span> <span class='ocrx_word' id='word_1_640' title='bbox 2812 3938 2982 3992; x_wconf 87' lang='lat' dir='ltr'><strong>equos</strong></span> <span class='ocrx_word' id='word_1_641' title='bbox 3021 3939 3087 3978; x_wconf 80' lang='lat' dir='ltr'><strong>ex</strong></span> <span class='ocrx_word' id='word_1_642' title='bbox 3133 3916 3448 3981; x_wconf 83' lang='lat' dir='ltr'><strong>cursoribus</strong></span> <span class='ocrx_word' id='word_1_643' title='bbox 3474 3943 3611 3996; x_wconf 88' lang='lat' dir='ltr'><strong>quos</strong></span> 
     </span>
    </p>
   </div>
   <div class='ocr_carea' id='block_1_87' title="bbox 2052 4012 3612 4086">
    <p class='ocr_par' dir='ltr' id='par_1_87' title="bbox 2052 4012 3612 4086">
     <span class='ocr_line' id='line_1_87' title="bbox 2052 4012 3612 4086; baseline 0.003 -18"><span class='ocrx_word' id='word_1_644' title='bbox 2052 4015 2232 4068; x_wconf 84' lang='lat' dir='ltr'><strong>alebat</strong></span> <span class='ocrx_word' id='word_1_645' title='bbox 2260 4012 2532 4074; x_wconf 84' lang='lat' dir='ltr'><strong>attribuit,</strong></span> <span class='ocrx_word' id='word_1_646' title='bbox 2553 4012 2752 4081; x_wconf 86' lang='lat' dir='ltr'><strong>jubens</strong></span> <span class='ocrx_word' id='word_1_647' title='bbox 2774 4014 3051 4067; x_wconf 71' lang='lat' dir='ltr'><strong>celeritate</strong></span> <span class='ocrx_word' id='word_1_648' title='bbox 3083 4029 3295 4070; x_wconf 87' lang='lat' dir='ltr'><strong>summa</strong></span> <span class='ocrx_word' id='word_1_649' title='bbox 3330 4016 3433 4070; x_wconf 90' lang='lat' dir='ltr'><strong>iter</strong></span> <span class='ocrx_word' id='word_1_650' title='bbox 3457 4017 3612 4086; x_wconf 84' lang='lat' dir='ltr'><strong>prius</strong></span> 
     </span>
    </p>
   </div>
   <div class='ocr_carea' id='block_1_88' title="bbox 2050 4102 3612 4172">
    <p class='ocr_par' dir='ltr' id='par_1_88' title="bbox 2050 4102 3612 4172">
     <span class='ocr_line' id='line_1_88' title="bbox 2050 4102 3612 4172; baseline 0.003 -14"><span class='ocrx_word' id='word_1_651' title='bbox 2050 4103 2344 4166; x_wconf 84' lang='lat' dir='ltr'><strong>conficere,</strong></span> <span class='ocrx_word' id='word_1_652' title='bbox 2398 4117 2561 4172; x_wconf 88' lang='lat' dir='ltr'><strong>quam</strong></span> <span class='ocrx_word' id='word_1_653' title='bbox 2609 4102 2903 4171; x_wconf 84' lang='lat' dir='ltr'><strong>imperator</strong></span> <span class='ocrx_word' id='word_1_654' title='bbox 2956 4105 3217 4158; x_wconf 83' lang='lat' dir='ltr'><strong>exercitui</strong></span> <span class='ocrx_word' id='word_1_655' title='bbox 3269 4122 3367 4160; x_wconf 88' lang='lat' dir='ltr'><strong>suo</strong></span> <span class='ocrx_word' id='word_1_656' title='bbox 3406 4108 3612 4163; x_wconf 89' lang='lat' dir='ltr'><strong>incom-</strong></span> 
     </span>
    </p>
   </div>
   <div class='ocr_carea' id='block_1_89' title="bbox 2051 4193 3611 4261">
    <p class='ocr_par' dir='ltr' id='par_1_89' title="bbox 2051 4193 3611 4261">
     <span class='ocr_line' id='line_1_89' title="bbox 2051 4193 3611 4261; baseline 0.002 -13"><span class='ocrx_word' id='word_1_657' title='bbox 2051 4194 2322 4249; x_wconf 83' lang='lat' dir='ltr'><strong>modaret.</strong></span> <span class='ocrx_word' id='word_1_658' title='bbox 2354 4193 2625 4261; x_wconf 70' lang='lat' dir='ltr'><strong>Praeterea</strong></span> <span class='ocrx_word' id='word_1_659' title='bbox 2660 4208 2831 4246; x_wconf 89' lang='lat' dir='ltr'><strong>unum</strong></span> <span class='ocrx_word' id='word_1_660' title='bbox 2860 4193 2928 4248; x_wconf 86' lang='lat' dir='ltr'><strong>de</strong></span> <span class='ocrx_word' id='word_1_661' title='bbox 2959 4193 3322 4249; x_wconf 89' lang='lat' dir='ltr'><strong>familiaribus</strong></span> <span class='ocrx_word' id='word_1_662' title='bbox 3344 4199 3611 4252; x_wconf 81' lang='lat' dir='ltr'><strong>ministris</strong></span> 
     </span>
    </p>
   </div>
   <div class='ocr_carea' id='block_1_90' title="bbox 2052 4285 3611 4362">
    <p class='ocr_par' dir='ltr' id='par_1_90' title="bbox 2052 4285 3611 4362">
     <span class='ocr_line' id='line_1_90' title="bbox 2052 4285 3611 4362; baseline 0.001 -21"><span class='ocrx_word' id='word_1_663' title='bbox 2052 4301 2175 4342; x_wconf 91' lang='lat' dir='ltr'><strong>cum</strong></span> <span class='ocrx_word' id='word_1_664' title='bbox 2206 4286 2399 4340; x_wconf 88' lang='lat' dir='ltr'><strong>eodem</strong></span> <span class='ocrx_word' id='word_1_665' title='bbox 2430 4285 2599 4339; x_wconf 90' lang='lat' dir='ltr'><strong>mittit</strong></span> <span class='ocrx_word' id='word_1_666' title='bbox 2628 4285 2894 4340; x_wconf 88' lang='lat' dir='ltr'><strong>ferentem</strong></span> <span class='ocrx_word' id='word_1_667' title='bbox 2940 4286 3173 4354; x_wconf 90' lang='lat' dir='ltr'><strong>litteras,</strong></span> <span class='ocrx_word' id='word_1_668' title='bbox 3220 4290 3418 4356; x_wconf 85' lang='lat' dir='ltr'><strong>quibus</strong></span> <span class='ocrx_word' id='word_1_669' title='bbox 3452 4291 3611 4362; x_wconf 66' lang='grc'><strong>184</strong></span> 
     </span>
    </p>
   </div>
   <div class='ocr_carea' id='block_1_91' title="bbox 2048 4377 3613 4448">
    <p class='ocr_par' dir='ltr' id='par_1_91' title="bbox 2048 4377 3613 4448">
     <span class='ocr_line' id='line_1_91' title="bbox 2048 4377 3613 4448; baseline 0.003 -15"><span class='ocrx_word' id='word_1_670' title='bbox 2048 4378 2202 4433; x_wconf 81' lang='lat' dir='ltr'><strong>lban&#39;i</strong></span> <span class='ocrx_word' id='word_1_671' title='bbox 2229 4377 2582 4448; x_wconf 65' lang='lat' dir='ltr'><strong>praecipiebat</strong></span> <span class='ocrx_word' id='word_1_672' title='bbox 2613 4378 2692 4432; x_wconf 91' lang='lat' dir='ltr'><strong>uti</strong></span> <span class='ocrx_word' id='word_1_673' title='bbox 2723 4379 3038 4432; x_wconf 83' lang='lat' dir='ltr'><strong>exercitum.</strong></span> <span class='ocrx_word' id='word_1_674' title='bbox 3057 4379 3345 4436; x_wconf 86' lang='lat' dir='ltr'><strong>reduceret</strong></span> <span class='ocrx_word' id='word_1_675' title='bbox 3383 4391 3439 4436; x_wconf 90' lang='lat' dir='ltr'><strong>et</strong></span> <span class='ocrx_word' id='word_1_676' title='bbox 3466 4385 3613 4437; x_wconf 68' lang='lat' dir='ltr'><strong>alain-</strong></span> 
     </span>
    </p>
   </div>
   <div class='ocr_carea' id='block_1_92' title="bbox 381 4451 1957 4544">
    <p class='ocr_par' dir='ltr' id='par_1_92' title="bbox 381 4468 1944 4540">
     <span class='ocr_line' id='line_1_92' title="bbox 381 4468 1944 4540; baseline -0.002 -15"><span class='ocrx_word' id='word_1_677' title='bbox 381 4469 489 4525; x_wconf 68' lang='grc' dir='ltr'><strong>τῶν</strong></span> <span class='ocrx_word' id='word_1_678' title='bbox 523 4472 876 4540; x_wconf 46' lang='grc' dir='ltr'>τρεφομένων</span> <span class='ocrx_word' id='word_1_679' title='bbox 907 4469 1267 4540; x_wconf 85' lang='grc' dir='ltr'>ταχυδρόμων</span> <span class='ocrx_word' id='word_1_680' title='bbox 1295 4468 1424 4540; x_wconf 73' lang='grc' dir='ltr'>παρ’</span> <span class='ocrx_word' id='word_1_681' title='bbox 1463 4469 1646 4539; x_wconf 75' lang='grc' dir='ltr'>αὐτῷ,</span> <span class='ocrx_word' id='word_1_682' title='bbox 1680 4468 1944 4533; x_wconf 79' lang='grc' dir='ltr'>κελεύσας</span> 
     </span>
    </p>
   </div>
   <div class='ocr_carea' id='block_1_93' title="bbox 2058 4451 3604 4544">
    <p class='ocr_par' dir='ltr' id='par_1_93' title="bbox 2058 4467 3604 4544">
     <span class='ocr_line' id='line_1_93' title="bbox 2058 4467 3604 4544; baseline 0.003 -21"><span class='ocrx_word' id='word_1_683' title='bbox 2058 4469 2438 4533; x_wconf 79' lang='lat' dir='ltr'><strong>ﬂammantem,</strong></span> <span class='ocrx_word' id='word_1_684' title='bbox 2468 4469 2613 4538; x_wconf 88' lang='lat' dir='ltr'><strong>quod</strong></span> <span class='ocrx_word' id='word_1_685' title='bbox 2646 4467 2790 4539; x_wconf 87' lang='lat' dir='ltr'><strong>apud</strong></span> <span class='ocrx_word' id='word_1_686' title='bbox 2818 4469 3016 4526; x_wconf 67' lang='lat' dir='ltr'><strong>Messes</strong></span> <span class='ocrx_word' id='word_1_687' title='bbox 3047 4471 3352 4528; x_wconf 81' lang='lat' dir='ltr'><strong>velocitatis</strong></span> <span class='ocrx_word' id='word_1_688' title='bbox 3385 4474 3604 4544; x_wconf 85' lang='lat' dir='ltr'><strong>signum</strong></span> 
     </span>
    </p>
   </div>
   <div class='ocr_carea' id='block_1_94' title="bbox 382 4557 1944 4630">
    <p class='ocr_par' dir='ltr' id='par_1_94' title="bbox 382 4557 1944 4630">
     <span class='ocr_line' id='line_1_94' title="bbox 382 4557 1944 4630; baseline 0.001 -20"><span class='ocrx_word' id='word_1_689' title='bbox 382 4559 457 4620; x_wconf 82' lang='grc' dir='ltr'>ὡς</span> <span class='ocrx_word' id='word_1_690' title='bbox 504 4560 740 4629; x_wconf 84' lang='grc' dir='ltr'>τάχιστα</span> <span class='ocrx_word' id='word_1_691' title='bbox 783 4558 972 4614; x_wconf 82' lang='grc' dir='ltr'>ἀνύειν</span> <span class='ocrx_word' id='word_1_692' title='bbox 998 4559 1107 4630; x_wconf 49' lang='grc' dir='ltr'>,τὴν</span> <span class='ocrx_word' id='word_1_693' title='bbox 1143 4559 1263 4613; x_wconf 79' lang='grc' dir='ltr'>ὁδὸν</span> <span class='ocrx_word' id='word_1_694' title='bbox 1291 4559 1423 4628; x_wconf 79' lang='grc' dir='ltr'>πρὶν</span> <span class='ocrx_word' id='word_1_695' title='bbox 1467 4557 1651 4630; x_wconf 82' lang='grc' dir='ltr'>φθάσῃ</span> <span class='ocrx_word' id='word_1_696' title='bbox 1685 4559 1944 4623; x_wconf 85' lang='grc' dir='ltr'>κακώσας</span> 
     </span>
    </p>
   </div>
   <div class='ocr_carea' id='block_1_95' title="bbox 2051 4551 3604 4637">
    <p class='ocr_par' dir='ltr' id='par_1_95' title="bbox 2051 4551 3604 4637">
     <span class='ocr_line' id='line_1_95' title="bbox 2051 4551 3604 4637; baseline 0.002 -21"><span class='ocrx_word' id='word_1_697' title='bbox 2051 4570 2135 4616; x_wconf 85' lang='lat' dir='ltr'><strong>est</strong></span> <span class='ocrx_word' id='word_1_698' title='bbox 2161 4559 2299 4632; x_wconf 48' lang='lat'><strong>(21);</strong></span> <span class='ocrx_word' id='word_1_699' title='bbox 2343 4551 2738 4629; x_wconf 44' lang='lat' dir='ltr'><strong>Postquam&#39;ad</strong></span> <span class='ocrx_word' id='word_1_700' title='bbox 2769 4559 3154 4631; x_wconf 84' lang='lat' dir='ltr'><strong>imperatorem</strong></span> <span class='ocrx_word' id='word_1_701' title='bbox 3183 4576 3473 4631; x_wconf 83' lang='lat' dir='ltr'><strong>venerunt,</strong></span> <span class='ocrx_word' id='word_1_702' title='bbox 3511 4565 3604 4637; x_wconf 86' lang='lat' dir='ltr'><strong>qui</strong></span> 
     </span>
    </p>
   </div>
   <div class='ocr_carea' id='block_1_96' title="bbox 1601 4695 2342 4763">
    <p class='ocr_par' dir='ltr' id='par_1_96' title="bbox 1601 4695 2342 4763">
     <span class='ocr_line' id='line_1_96' title="bbox 1601 4695 2342 4763; baseline 0.005 -9"><span class='ocrx_word' id='word_1_703' title='bbox 1601 4695 1817 4759; x_wconf 84' lang='lat' dir='ltr'><strong>Jacobi</strong></span> <span class='ocrx_word' id='word_1_704' title='bbox 1858 4697 2124 4763; x_wconf 85' lang='lat' dir='ltr'><strong>Pontani</strong></span> <span class='ocrx_word' id='word_1_705' title='bbox 2159 4705 2342 4762; x_wconf 75' lang='lat' dir='ltr'><strong>notas.</strong></span> 
     </span>
    </p>
   </div>
   <div class='ocr_carea' id='block_1_97' title="bbox 453 4813 1938 4891">
    <p class='ocr_par' dir='ltr' id='par_1_97' title="bbox 453 4813 1938 4891">
     <span class='ocr_line' id='line_1_97' title="bbox 453 4813 1938 4891; baseline 0 -13"><span class='ocrx_word' id='word_1_706' title='bbox 453 4822 567 4889; x_wconf 78' lang='grc'>(19)</span> <span class='ocrx_word' id='word_1_707' title='bbox 601 4813 767 4890; x_wconf 72' lang='grc' dir='ltr'>Ἅγια</span> <span class='ocrx_word' id='word_1_708' title='bbox 819 4822 876 4874; x_wconf 79' lang='grc' dir='ltr'><strong>ὲν</strong></span> <span class='ocrx_word' id='word_1_709' title='bbox 929 4821 1149 4884; x_wconf 81' lang='grc' dir='ltr'>κόλποις</span> <span class='ocrx_word' id='word_1_710' title='bbox 1199 4821 1378 4891; x_wconf 76' lang='lat' dir='ltr'><strong>hujus</strong></span> <span class='ocrx_word' id='word_1_711' title='bbox 1408 4820 1552 4891; x_wconf 87' lang='lat' dir='ltr'><strong>regis</strong></span> <span class='ocrx_word' id='word_1_712' title='bbox 1602 4836 1710 4875; x_wconf 87' lang='lat' dir='ltr'><strong>non</strong></span> <span class='ocrx_word' id='word_1_713' title='bbox 1762 4833 1938 4891; x_wconf 79' lang='lat' dir='ltr'><strong>erant,</strong></span> 
     </span>
    </p>
   </div>
   <div class='ocr_carea' id='block_1_98' title="bbox 382 4889 1936 4960">
    <p class='ocr_par' dir='ltr' id='par_1_98' title="bbox 382 4889 1936 4960">
     <span class='ocr_line' id='line_1_98' title="bbox 382 4889 1936 4960; baseline -0.001 -12"><span class='ocrx_word' id='word_1_714' title='bbox 382 4893 486 4948; x_wconf 86' lang='lat' dir='ltr'><strong>nisi</strong></span> <span class='ocrx_word' id='word_1_715' title='bbox 513 4889 826 4946; x_wconf 75' lang='lat' dir='ltr'><strong>sanctarum</strong></span> <span class='ocrx_word' id='word_1_716' title='bbox 859 4892 1103 4960; x_wconf 81' lang='lat' dir='ltr'><strong>reliquiae</strong></span> <span class='ocrx_word' id='word_1_717' title='bbox 1131 4889 1320 4960; x_wconf 84' lang='lat' dir='ltr'><strong>procul</strong></span> <span class='ocrx_word' id='word_1_718' title='bbox 1351 4889 1542 4953; x_wconf 86' lang='lat' dir='ltr'><strong>dubio,</strong></span> <span class='ocrx_word' id='word_1_719' title='bbox 1587 4899 1643 4944; x_wconf 90' lang='lat' dir='ltr'><strong>et</strong></span> <span class='ocrx_word' id='word_1_720' title='bbox 1676 4892 1744 4945; x_wconf 90' lang='lat' dir='ltr'><strong>iis</strong></span> <span class='ocrx_word' id='word_1_721' title='bbox 1773 4889 1936 4947; x_wconf 86' lang='lat' dir='ltr'><strong>etiam</strong></span> 
     </span>
    </p>
   </div>
   <div class='ocr_carea' id='block_1_99' title="bbox 382 4960 1940 5029">
    <p class='ocr_par' dir='ltr' id='par_1_99' title="bbox 382 4960 1940 5029">
     <span class='ocr_line' id='line_1_99' title="bbox 382 4960 1940 5029; baseline -0.002 -11"><span class='ocrx_word' id='word_1_722' title='bbox 382 4961 659 5018; x_wconf 88' lang='lat' dir='ltr'><strong>crucicula</strong></span> <span class='ocrx_word' id='word_1_723' title='bbox 697 4976 859 5023; x_wconf 71' lang='lat' dir='ltr'><strong>aerea,</strong></span> <span class='ocrx_word' id='word_1_724' title='bbox 907 4962 1184 5014; x_wconf 88' lang='lat' dir='ltr'><strong>miraculis</strong></span> <span class='ocrx_word' id='word_1_725' title='bbox 1215 4960 1523 5029; x_wconf 87' lang='lat' dir='ltr'><strong>nobilitata.</strong></span> <span class='ocrx_word' id='word_1_726' title='bbox 1572 4960 1756 5029; x_wconf 89' lang='lat' dir='ltr'><strong>Itaque</strong></span> <span class='ocrx_word' id='word_1_727' title='bbox 1785 4961 1940 5027; x_wconf 88' lang='lat' dir='ltr'><strong>illud,</strong></span> 
     </span>
    </p>
   </div>
   <div class='ocr_carea' id='block_1_100' title="bbox 2045 4824 3603 4900">
    <p class='ocr_par' dir='ltr' id='par_1_100' title="bbox 2045 4824 3603 4900">
     <span class='ocr_line' id='line_1_100' title="bbox 2045 4824 3603 4900; baseline 0.006 -20"><span class='ocrx_word' id='word_1_728' title='bbox 2045 4839 2235 4900; x_wconf 82' lang='lat' dir='ltr'><strong>eorum</strong></span> <span class='ocrx_word' id='word_1_729' title='bbox 2259 4824 2602 4900; x_wconf 78' lang='lat' dir='ltr'><strong>nuntiorum,</strong></span> <span class='ocrx_word' id='word_1_730' title='bbox 2629 4841 2765 4898; x_wconf 90' lang='lat' dir='ltr'><strong>quos</strong></span> <span class='ocrx_word' id='word_1_731' title='bbox 2798 4828 3173 4900; x_wconf 80' lang='grc' dir='ltr'>ταχυδρόμους</span> <span class='ocrx_word' id='word_1_732' title='bbox 3215 4832 3504 4898; x_wconf 85' lang='lat' dir='ltr'><strong>vocabant,</strong></span> <span class='ocrx_word' id='word_1_733' title='bbox 3538 4853 3603 4892; x_wconf 86' lang='lat' dir='ltr'><strong>eo</strong></span> 
     </span>
    </p>
   </div>
   <div class='ocr_carea' id='block_1_101' title="bbox 2048 4895 3605 4968">
    <p class='ocr_par' dir='ltr' id='par_1_101' title="bbox 2048 4895 3605 4968">
     <span class='ocr_line' id='line_1_101' title="bbox 2048 4895 3605 4968; baseline 0.008 -19"><span class='ocrx_word' id='word_1_734' title='bbox 2048 4895 2233 4968; x_wconf 80' lang='lat' dir='ltr'><strong>modo,</strong></span> <span class='ocrx_word' id='word_1_735' title='bbox 2257 4910 2365 4964; x_wconf 86' lang='lat' dir='ltr'><strong>quo</strong></span> <span class='ocrx_word' id='word_1_736' title='bbox 2398 4895 2659 4968; x_wconf 70' lang='lat' dir='ltr'><strong>notarios</strong></span> <span class='ocrx_word' id='word_1_737' title='bbox 2677 4912 2773 4968; x_wconf 84' lang='lat' dir='ltr'><strong>seu</strong></span> <span class='ocrx_word' id='word_1_738' title='bbox 2818 4895 3325 4968; x_wconf 66' lang='lat' dir='ltr'><strong>scribas&#39;quosdam</strong></span> <span class='ocrx_word' id='word_1_739' title='bbox 3351 4895 3605 4962; x_wconf 83' lang='lat' dir='ltr'><strong>nomina-</strong></span> 
     </span>
    </p>
   </div>
   <div class='ocr_carea' id='block_1_102' title="bbox 2049 4963 3603 5033">
    <p class='ocr_par' dir='ltr' id='par_1_102' title="bbox 2049 4963 3603 5033">
     <span class='ocr_line' id='line_1_102' title="bbox 2049 4963 3603 5033; baseline 0.009 -16"><span class='ocrx_word' id='word_1_740' title='bbox 2049 4963 2180 5017; x_wconf 83' lang='lat' dir='ltr'><strong>bant</strong></span> <span class='ocrx_word' id='word_1_741' title='bbox 2206 4963 2618 5033; x_wconf 78' lang='grc' dir='ltr'>ταχυγρὰφους,</span> <span class='ocrx_word' id='word_1_742' title='bbox 2650 4967 2719 5020; x_wconf 91' lang='lat' dir='ltr'><strong>ob</strong></span> <span class='ocrx_word' id='word_1_743' title='bbox 2751 4963 3095 5024; x_wconf 72' lang='lat' dir='ltr'><strong>celeritatem</strong></span> <span class='ocrx_word' id='word_1_744' title='bbox 3113 4971 3411 5026; x_wconf 79' lang='lat' dir='ltr'><strong>scribendi.</strong></span> <span class='ocrx_word' id='word_1_745' title='bbox 3463 4977 3603 5032; x_wconf 87' lang='lat' dir='ltr'><strong>llinc</strong></span> 
     </span>
    </p>
   </div>
   <div class='ocr_carea' id='block_1_103' title="bbox 381 5028 1957 5109">
    <p class='ocr_par' dir='ltr' id='par_1_103' title="bbox 381 5028 1936 5109">
     <span class='ocr_line' id='line_1_103' title="bbox 381 5028 1936 5109; baseline 0 -24"><span class='ocrx_word' id='word_1_746' title='bbox 381 5035 470 5103; x_wconf 75' lang='lat' dir='ltr'><strong>qui</strong></span> <span class='ocrx_word' id='word_1_747' title='bbox 524 5033 579 5084; x_wconf 83' lang='lat' dir='ltr'><strong>in</strong></span> <span class='ocrx_word' id='word_1_748' title='bbox 627 5046 683 5083; x_wconf 88' lang='lat' dir='ltr'><strong>eo</strong></span> <span class='ocrx_word' id='word_1_749' title='bbox 712 5039 940 5109; x_wconf 43' lang='lat' dir='ltr'><strong>propias</strong></span> <span class='ocrx_word' id='word_1_750' title='bbox 972 5047 1064 5083; x_wconf 80' lang='lat' dir='ltr'><strong>nos</strong></span> <span class='ocrx_word' id='word_1_751' title='bbox 1094 5029 1323 5109; x_wconf 58' lang='lat' dir='ltr'><strong>sumtus,</strong></span> <span class='ocrx_word' id='word_1_752' title='bbox 1363 5028 1729 5109; x_wconf 41' lang='lat' dir='ltr'><strong>referendum.</strong></span> <span class='ocrx_word' id='word_1_753' title='bbox 1758 5033 1936 5109; x_wconf 75' lang='lat' dir='ltr'><strong>estad</strong></span> 
     </span>
    </p>
   </div>
   <div class='ocr_carea' id='block_1_104' title="bbox 2058 5028 3602 5109">
    <p class='ocr_par' dir='ltr' id='par_1_104' title="bbox 2058 5028 3602 5109">
     <span class='ocr_line' id='line_1_104' title="bbox 2058 5028 3602 5109; baseline 0.008 -23"><span class='ocrx_word' id='word_1_754' title='bbox 2058 5035 2202 5109; x_wconf 73' lang='lat' dir='ltr'><strong>:tiam</strong></span> <span class='ocrx_word' id='word_1_755' title='bbox 2231 5028 2422 5109; x_wconf 66' lang='lat' dir='ltr'><strong>statth</strong></span> <span class='ocrx_word' id='word_1_756' title='bbox 2444 5028 2556 5086; x_wconf 70' lang='grc' dir='ltr'><strong>τῶν</strong></span> <span class='ocrx_word' id='word_1_757' title='bbox 2579 5028 2941 5109; x_wconf 65' lang='grc' dir='ltr'>ταχυδρόμων</span> <span class='ocrx_word' id='word_1_758' title='bbox 2979 5038 3139 5109; x_wconf 61' lang='lat' dir='ltr'><strong>erant</strong></span> <span class='ocrx_word' id='word_1_759' title='bbox 3177 5045 3474 5109; x_wconf 71' lang='grc' dir='ltr'>πτερωταὶ,</span> <span class='ocrx_word' id='word_1_760' title='bbox 3499 5028 3602 5099; x_wconf 71' lang='lat' dir='ltr'><strong>seu</strong></span> 
     </span>
    </p>
   </div>
   <div class='ocr_carea' id='block_1_105' title="bbox 381 5099 1941 5170">
    <p class='ocr_par' dir='ltr' id='par_1_105' title="bbox 381 5099 1941 5170">
     <span class='ocr_line' id='line_1_105' title="bbox 381 5099 1941 5170; baseline 0.001 -17"><span class='ocrx_word' id='word_1_761' title='bbox 381 5099 729 5170; x_wconf 74' lang='lat' dir='ltr'><strong>prototypon.</strong></span> <span class='ocrx_word' id='word_1_762' title='bbox 762 5099 844 5153; x_wconf 85' lang='lat' dir='ltr'><strong>Tu</strong></span> <span class='ocrx_word' id='word_1_763' title='bbox 892 5100 1146 5168; x_wconf 86' lang='lat' dir='ltr'><strong>pietatem</strong></span> <span class='ocrx_word' id='word_1_764' title='bbox 1178 5106 1306 5170; x_wconf 84' lang='lat' dir='ltr'><strong>nota</strong></span> <span class='ocrx_word' id='word_1_765' title='bbox 1330 5109 1573 5170; x_wconf 77' lang='lat' dir='ltr'><strong>veterum</strong></span> <span class='ocrx_word' id='word_1_766' title='bbox 1602 5099 1941 5154; x_wconf 82' lang='lat' dir='ltr'><strong>Christiano-</strong></span> 
     </span>
    </p>
   </div>
   <div class='ocr_carea' id='block_1_106' title="bbox 382 5168 1941 5237">
    <p class='ocr_par' dir='ltr' id='par_1_106' title="bbox 382 5168 1941 5237">
     <span class='ocr_line' id='line_1_106' title="bbox 382 5168 1941 5237; baseline -0.001 -13"><span class='ocrx_word' id='word_1_767' title='bbox 382 5168 530 5230; x_wconf 81' lang='lat' dir='ltr'><strong>rum,</strong></span> <span class='ocrx_word' id='word_1_768' title='bbox 567 5168 729 5221; x_wconf 83' lang='lat' dir='ltr'><strong>etiam</strong></span> <span class='ocrx_word' id='word_1_769' title='bbox 775 5169 1110 5237; x_wconf 84' lang='lat' dir='ltr'><strong>principum,</strong></span> <span class='ocrx_word' id='word_1_770' title='bbox 1141 5168 1233 5237; x_wconf 86' lang='lat' dir='ltr'><strong>qui</strong></span> <span class='ocrx_word' id='word_1_771' title='bbox 1273 5168 1339 5222; x_wconf 88' lang='lat' dir='ltr'><strong>de</strong></span> <span class='ocrx_word' id='word_1_772' title='bbox 1368 5168 1507 5221; x_wconf 93' lang='lat' dir='ltr'><strong>collo</strong></span> <span class='ocrx_word' id='word_1_773' title='bbox 1529 5169 1820 5237; x_wconf 78' lang='lat' dir='ltr'><strong>gestabant</strong></span> <span class='ocrx_word' id='word_1_774' title='bbox 1851 5184 1941 5224; x_wconf 88' lang='lat' dir='ltr'><strong>res</strong></span> 
     </span>
    </p>
   </div>
   <div class='ocr_carea' id='block_1_107' title="bbox 381 5239 1939 5310">
    <p class='ocr_par' dir='ltr' id='par_1_107' title="bbox 381 5239 1939 5310">
     <span class='ocr_line' id='line_1_107' title="bbox 381 5239 1939 5310; baseline 0 -19"><span class='ocrx_word' id='word_1_775' title='bbox 381 5240 693 5310; x_wconf 63' lang='lat' dir='ltr'><strong>huiusmodi</strong></span> <span class='ocrx_word' id='word_1_776' title='bbox 751 5253 958 5310; x_wconf 81' lang='lat' dir='ltr'><strong>sacras,</strong></span> <span class='ocrx_word' id='word_1_777' title='bbox 1003 5239 1217 5305; x_wconf 83' lang='lat' dir='ltr'><strong>sibique</strong></span> <span class='ocrx_word' id='word_1_778' title='bbox 1247 5239 1371 5310; x_wconf 81' lang='lat' dir='ltr'><strong>inde</strong></span> <span class='ocrx_word' id='word_1_779' title='bbox 1399 5239 1939 5310; x_wconf 26' lang='lat' dir='ltr'><strong>cwlesteau‘xilium,</strong></span> 
     </span>
    </p>
   </div>
   <div class='ocr_carea' id='block_1_108' title="bbox 380 5304 1942 5377">
    <p class='ocr_par' dir='ltr' id='par_1_108' title="bbox 380 5304 1942 5377">
     <span class='ocr_line' id='line_1_108' title="bbox 380 5304 1942 5377; baseline -0.001 -15"><span class='ocrx_word' id='word_1_780' title='bbox 380 5304 532 5377; x_wconf 63' lang='lat' dir='ltr'><strong>ct&#39;in</strong></span> <span class='ocrx_word' id='word_1_781' title='bbox 576 5306 830 5374; x_wconf 84' lang='lat' dir='ltr'><strong>periculis</strong></span> <span class='ocrx_word' id='word_1_782' title='bbox 882 5304 1140 5361; x_wconf 83' lang='lat' dir='ltr'><strong>tutamen</strong></span> <span class='ocrx_word' id='word_1_783' title='bbox 1169 5307 1482 5377; x_wconf 68' lang='lat' dir='ltr'><strong>sperabant.</strong></span> <span class='ocrx_word' id='word_1_784' title='bbox 1539 5304 1669 5360; x_wconf 85' lang='lat' dir='ltr'><strong>Vide</strong></span> <span class='ocrx_word' id='word_1_785' title='bbox 1697 5304 1942 5363; x_wconf 35' lang='lat' dir='ltr'><strong>Gretse‘ri</strong></span> 
     </span>
    </p>
   </div>
   <div class='ocr_carea' id='block_1_109' title="bbox 379 5375 1802 5446">
    <p class='ocr_par' dir='ltr' id='par_1_109' title="bbox 379 5375 1802 5446">
     <span class='ocr_line' id='line_1_109' title="bbox 379 5375 1802 5446; baseline -0.001 -15"><span class='ocrx_word' id='word_1_786' title='bbox 379 5379 460 5431; x_wconf 78' lang='lat' dir='ltr'><strong>De</strong></span> <span class='ocrx_word' id='word_1_787' title='bbox 488 5376 547 5428; x_wconf 79' lang='lat' dir='ltr'><strong>S.</strong></span> <span class='ocrx_word' id='word_1_788' title='bbox 571 5377 754 5446; x_wconf 76' lang='lat' dir='ltr'><strong>cruce,</strong></span> <span class='ocrx_word' id='word_1_789' title='bbox 785 5383 917 5432; x_wconf 90' lang='lat' dir='ltr'><strong>tom.</strong></span> <span class='ocrx_word' id='word_1_790' title='bbox 947 5377 988 5440; x_wconf 89' lang='grc' dir='ltr'>Ι,</span> <span class='ocrx_word' id='word_1_791' title='bbox 1021 5377 1124 5429; x_wconf 90' lang='lat' dir='ltr'><strong>lib.</strong></span> <span class='ocrx_word' id='word_1_792' title='bbox 1158 5375 1343 5446; x_wconf 55' lang='lat' dir='ltr'><strong>i,&#39;cap.</strong></span> <span class='ocrx_word' id='word_1_793' title='bbox 1380 5375 1446 5427; x_wconf 85' lang='lat'><strong>77</strong></span> <span class='ocrx_word' id='word_1_794' title='bbox 1475 5383 1529 5428; x_wconf 91' lang='lat' dir='ltr'><strong>et</strong></span> <span class='ocrx_word' id='word_1_795' title='bbox 1561 5391 1681 5446; x_wconf 88' lang='lat' dir='ltr'><strong>cap.</strong></span> <span class='ocrx_word' id='word_1_796' title='bbox 1715 5378 1802 5430; x_wconf 83' lang='lat'><strong>60.</strong></span> 
     </span>
    </p>
   </div>
   <div class='ocr_carea' id='block_1_110' title="bbox 451 5445 1945 5515">
    <p class='ocr_par' dir='ltr' id='par_1_110' title="bbox 451 5445 1945 5515">
     <span class='ocr_line' id='line_1_110' title="bbox 451 5445 1945 5515; baseline 0.002 -18"><span class='ocrx_word' id='word_1_797' title='bbox 451 5446 567 5514; x_wconf 73' lang='lat'><strong>(20)</strong></span> <span class='ocrx_word' id='word_1_798' title='bbox 610 5445 908 5510; x_wconf 81' lang='grc' dir='ltr'>Ἐγκόλπια</span> <span class='ocrx_word' id='word_1_799' title='bbox 953 5455 1128 5509; x_wconf 80' lang='lat' dir='ltr'><strong>vocat,</strong></span> <span class='ocrx_word' id='word_1_800' title='bbox 1163 5445 1297 5515; x_wconf 80' lang='lat' dir='ltr'><strong>quae</strong></span> <span class='ocrx_word' id='word_1_801' title='bbox 1326 5445 1697 5515; x_wconf 66' lang='lat' dir='ltr'><strong>praeterillam</strong></span> <span class='ocrx_word' id='word_1_802' title='bbox 1723 5461 1945 5515; x_wconf 90' lang='lat' dir='ltr'><strong>parvam</strong></span> 
     </span>
    </p>
   </div>
   <div class='ocr_carea' id='block_1_111' title="bbox 381 5513 1947 5584">
    <p class='ocr_par' dir='ltr' id='par_1_111' title="bbox 381 5513 1947 5584">
     <span class='ocr_line' id='line_1_111' title="bbox 381 5513 1947 5584; baseline 0.001 -16"><span class='ocrx_word' id='word_1_803' title='bbox 381 5513 608 5568; x_wconf 83' lang='lat' dir='ltr'><strong>crucem</strong></span> <span class='ocrx_word' id='word_1_804' title='bbox 659 5516 793 5569; x_wconf 83' lang='lat' dir='ltr'><strong>foris</strong></span> <span class='ocrx_word' id='word_1_805' title='bbox 845 5519 1081 5571; x_wconf 74' lang='lat' dir='ltr'><strong>fortasse</strong></span> <span class='ocrx_word' id='word_1_806' title='bbox 1143 5513 1356 5568; x_wconf 32' lang='lat' dir='ltr'><strong>a’collo</strong></span> <span class='ocrx_word' id='word_1_807' title='bbox 1407 5513 1738 5582; x_wconf 48' lang='lat' dir='ltr'><strong>pendentia;</strong></span> <span class='ocrx_word' id='word_1_808' title='bbox 1773 5530 1947 5584; x_wconf 89' lang='lat' dir='ltr'><strong>caque</strong></span> 
     </span>
    </p>
   </div>
   <div class='ocr_carea' id='block_1_112' title="bbox 377 5584 1943 5655">
    <p class='ocr_par' dir='ltr' id='par_1_112' title="bbox 377 5584 1943 5655">
     <span class='ocr_line' id='line_1_112' title="bbox 377 5584 1943 5655; baseline 0 -17"><span class='ocrx_word' id='word_1_809' title='bbox 377 5600 519 5638; x_wconf 81' lang='lat' dir='ltr'><strong>auro</strong></span> <span class='ocrx_word' id='word_1_810' title='bbox 548 5596 603 5637; x_wconf 90' lang='lat' dir='ltr'><strong>et</strong></span> <span class='ocrx_word' id='word_1_811' title='bbox 628 5584 858 5650; x_wconf 77' lang='lat' dir='ltr'><strong>gemmis</strong></span> <span class='ocrx_word' id='word_1_812' title='bbox 900 5585 1155 5655; x_wconf 83' lang='lat' dir='ltr'><strong>insignia,</strong></span> <span class='ocrx_word' id='word_1_813' title='bbox 1199 5585 1423 5637; x_wconf 85' lang='lat' dir='ltr'><strong>inclusis</strong></span> <span class='ocrx_word' id='word_1_814' title='bbox 1479 5594 1789 5638; x_wconf 84' lang='lat' dir='ltr'><strong>sanctorum</strong></span> <span class='ocrx_word' id='word_1_815' title='bbox 1819 5586 1943 5640; x_wconf 85' lang='lat' dir='ltr'><strong>reli-</strong></span> 
     </span>
    </p>
   </div>
   <div class='ocr_carea' id='block_1_113' title="bbox 374 5655 1460 5724">
    <p class='ocr_par' dir='ltr' id='par_1_113' title="bbox 374 5655 1460 5724">
     <span class='ocr_line' id='line_1_113' title="bbox 374 5655 1460 5724; baseline -0.002 -18"><span class='ocrx_word' id='word_1_816' title='bbox 374 5655 525 5724; x_wconf 79' lang='lat' dir='ltr'><strong>quiis</strong></span> <span class='ocrx_word' id='word_1_817' title='bbox 555 5656 818 5724; x_wconf 73' lang='lat' dir='ltr'><strong>gestabat.</strong></span> <span class='ocrx_word' id='word_1_818' title='bbox 941 5720 954 5724; x_wconf 90' lang='lat'><em>_</em></span> <span class='ocrx_word' id='word_1_819' title='bbox 1278 5703 1288 5711; x_wconf 85' lang='grc'><strong>,</strong></span> <span class='ocrx_word' id='word_1_820' title='bbox 1408 5721 1418 5724; x_wconf 83' lang='lat'><strong><em>_</em></strong></span> <span class='ocrx_word' id='word_1_821' title='bbox 1455 5665 1460 5668; x_wconf 87' lang='lat'>&#39;</span> 
     </span>
    </p>
   </div>
   <div class='ocr_carea' id='block_1_114' title="bbox 452 5720 1940 5794">
    <p class='ocr_par' dir='ltr' id='par_1_114' title="bbox 452 5720 1940 5794">
     <span class='ocr_line' id='line_1_114' title="bbox 452 5720 1940 5794; baseline 0.001 -18"><span class='ocrx_word' id='word_1_822' title='bbox 452 5720 569 5793; x_wconf 70' lang='grc'><strong>(21)</strong></span> <span class='ocrx_word' id='word_1_823' title='bbox 629 5723 855 5775; x_wconf 82' lang='lat' dir='ltr'><strong>Videtur</strong></span> <span class='ocrx_word' id='word_1_824' title='bbox 908 5720 992 5774; x_wconf 83' lang='lat' dir='ltr'><strong>ala</strong></span> <span class='ocrx_word' id='word_1_825' title='bbox 1047 5724 1325 5792; x_wconf 82' lang='lat' dir='ltr'><strong>preprium</strong></span> <span class='ocrx_word' id='word_1_826' title='bbox 1399 5721 1568 5779; x_wconf 86' lang='lat' dir='ltr'><strong>fuisse</strong></span> <span class='ocrx_word' id='word_1_827' title='bbox 1636 5723 1940 5794; x_wconf 81' lang='lat' dir='ltr'><strong>symbolum</strong></span> 
     </span>
    </p>
   </div>
   <div class='ocr_carea' id='block_1_115' title="bbox 701 5810 1389 5876">
    <p class='ocr_par' dir='ltr' id='par_1_115' title="bbox 701 5810 1389 5876">
     <span class='ocr_line' id='line_1_115' title="bbox 701 5810 1389 5876; baseline -0.012 -3"><span class='ocrx_word' id='word_1_828' title='bbox 701 5814 968 5876; x_wconf 67' lang='grc' dir='ltr'>Ρλτιιοι..</span> <span class='ocrx_word' id='word_1_829' title='bbox 1016 5820 1127 5874; x_wconf 74' lang='lat' dir='ltr'><strong>tiu.</strong></span> <span class='ocrx_word' id='word_1_830' title='bbox 1184 5810 1389 5871; x_wconf 86' lang='lat' dir='ltr'><strong>CLlll.</strong></span> 
     </span>
    </p>
   </div>
   <div class='ocr_carea' id='block_1_116' title="bbox 2041 5103 3600 5180">
    <p class='ocr_par' dir='ltr' id='par_1_116' title="bbox 2041 5103 3600 5180">
     <span class='ocr_line' id='line_1_116' title="bbox 2041 5103 3600 5180; baseline 0.008 -25"><span class='ocrx_word' id='word_1_831' title='bbox 2041 5103 2255 5180; x_wconf 36' lang='lat' dir='ltr'><strong>alata,“</strong></span> <span class='ocrx_word' id='word_1_832' title='bbox 2284 5103 2476 5180; x_wconf 77' lang='lat' dir='ltr'><strong>quales</strong></span> <span class='ocrx_word' id='word_1_833' title='bbox 2547 5103 2869 5180; x_wconf 67' lang='lat' dir='ltr'><strong>visebantur</strong></span> <span class='ocrx_word' id='word_1_834' title='bbox 2897 5109 3029 5180; x_wconf 86' lang='lat' dir='ltr'><strong>olim</strong></span> <span class='ocrx_word' id='word_1_835' title='bbox 3092 5103 3600 5180; x_wconf 61' lang='lat' dir='ltr'><strong>Constantinopoli,</strong></span> 
     </span>
    </p>
   </div>
   <div class='ocr_carea' id='block_1_117' title="bbox 2045 5171 3603 5246">
    <p class='ocr_par' dir='ltr' id='par_1_117' title="bbox 2045 5171 3603 5246">
     <span class='ocr_line' id='line_1_117' title="bbox 2045 5171 3603 5246; baseline 0.006 -20"><span class='ocrx_word' id='word_1_836' title='bbox 2045 5181 2180 5226; x_wconf 76' lang='grc' dir='ltr'>ιεειε</span> <span class='ocrx_word' id='word_1_837' title='bbox 2217 5171 2427 5246; x_wconf 68' lang='grc' dir='ltr'><strong>ςοαίηο</strong></span> <span class='ocrx_word' id='word_1_838' title='bbox 2446 5173 2516 5246; x_wconf 78' lang='lat' dir='ltr'><strong>in</strong></span> <span class='ocrx_word' id='word_1_839' title='bbox 2541 5189 2638 5226; x_wconf 87' lang='lat' dir='ltr'><strong>sua</strong></span> <span class='ocrx_word' id='word_1_840' title='bbox 2665 5173 3144 5246; x_wconf 76' lang='lat' dir='ltr'><strong>Constantinopoli.</strong></span> <span class='ocrx_word' id='word_1_841' title='bbox 3166 5177 3259 5232; x_wconf 86' lang='lat' dir='ltr'><strong>fol.</strong></span> <span class='ocrx_word' id='word_1_842' title='bbox 3288 5178 3375 5240; x_wconf 81' lang='lat'><strong>55,</strong></span> <span class='ocrx_word' id='word_1_843' title='bbox 3401 5171 3493 5235; x_wconf 72' lang='lat' dir='ltr'><strong>ubi</strong></span> <span class='ocrx_word' id='word_1_844' title='bbox 3524 5171 3603 5236; x_wconf 52' lang='lat' dir='ltr'><strong>ta;</strong></span> 
     </span>
    </p>
   </div>
   <div class='ocr_carea' id='block_1_118' title="bbox 2047 5243 3601 5316">
    <p class='ocr_par' dir='ltr' id='par_1_118' title="bbox 2047 5243 3601 5316">
     <span class='ocr_line' id='line_1_118' title="bbox 2047 5243 3601 5316; baseline 0.007 -22"><span class='ocrx_word' id='word_1_845' title='bbox 2047 5256 2169 5294; x_wconf 90' lang='lat' dir='ltr'><strong>meu</strong></span> <span class='ocrx_word' id='word_1_846' title='bbox 2226 5243 2627 5316; x_wconf 79' lang='lat' dir='ltr'><strong>D_ousa_incpte</strong></span> <span class='ocrx_word' id='word_1_847' title='bbox 2669 5246 2834 5316; x_wconf 73' lang='lat' dir='ltr'><strong>vertit</strong></span> <span class='ocrx_word' id='word_1_848' title='bbox 2882 5243 3103 5316; x_wconf 76' lang='grc' dir='ltr'>στήλας,</span> <span class='ocrx_word' id='word_1_849' title='bbox 3152 5248 3442 5313; x_wconf 76' lang='lat' dir='ltr'><strong>columnas,</strong></span> <span class='ocrx_word' id='word_1_850' title='bbox 3478 5266 3601 5305; x_wconf 72' lang='lat' dir='ltr'><strong>cuni</strong></span> 
     </span>
    </p>
   </div>
   <div class='ocr_carea' id='block_1_119' title="bbox 2044 5309 3662 5388">
    <p class='ocr_par' dir='ltr' id='par_1_119' title="bbox 2044 5309 3662 5388">
     <span class='ocr_line' id='line_1_119' title="bbox 2044 5309 3662 5388; baseline 0.002 -24"><span class='ocrx_word' id='word_1_851' title='bbox 2044 5309 2489 5388; x_wconf 67' lang='lat' dir='ltr'><strong>vertendumsit,</strong></span> <span class='ocrx_word' id='word_1_852' title='bbox 2518 5309 3238 5388; x_wconf 32' lang='lat' dir='ltr'><strong>s’tutuas.__Manav_itautem</strong></span> <span class='ocrx_word' id='word_1_853' title='bbox 3287 5332 3407 5372; x_wconf 86' lang='lat' dir='ltr'><strong>mos</strong></span> <span class='ocrx_word' id='word_1_854' title='bbox 3430 5309 3603 5388; x_wconf 69' lang='grc' dir='ltr'>’ταχυο</span> <span class='ocrx_word' id='word_1_855' title='bbox 3659 5365 3662 5368; x_wconf 87' lang='grc'>.</span> 
     </span>
    </p>
   </div>
   <div class='ocr_carea' id='block_1_120' title="bbox 2046 5380 3598 5456">
    <p class='ocr_par' dir='ltr' id='par_1_120' title="bbox 2046 5380 3598 5456">
     <span class='ocr_line' id='line_1_120' title="bbox 2046 5380 3598 5456; baseline 0.006 -24"><span class='ocrx_word' id='word_1_856' title='bbox 2046 5380 2283 5456; x_wconf 76' lang='grc' dir='ltr'>δρόμους</span> <span class='ocrx_word' id='word_1_857' title='bbox 2314 5380 2432 5456; x_wconf 84' lang='lat' dir='ltr'><strong>_alis</strong></span> <span class='ocrx_word' id='word_1_858' title='bbox 2478 5381 2782 5456; x_wconf 87' lang='lat' dir='ltr'><strong>instruendi</strong></span> <span class='ocrx_word' id='word_1_859' title='bbox 2809 5384 2876 5456; x_wconf 86' lang='lat' dir='ltr'><strong>ab</strong></span> <span class='ocrx_word' id='word_1_860' title='bbox 2911 5385 3132 5438; x_wconf 85' lang='lat' dir='ltr'><strong>ctlinico</strong></span> <span class='ocrx_word' id='word_1_861' title='bbox 3170 5386 3463 5456; x_wconf 82' lang='lat' dir='ltr'><strong>Mercurio,</strong></span> <span class='ocrx_word' id='word_1_862' title='bbox 3505 5380 3598 5456; x_wconf 63' lang='lat' dir='ltr'><strong>qui</strong></span> 
     </span>
    </p>
   </div>
   <div class='ocr_carea' id='block_1_121' title="bbox 2048 5450 3603 5517">
    <p class='ocr_par' dir='ltr' id='par_1_121' title="bbox 2048 5450 3603 5517">
     <span class='ocr_line' id='line_1_121' title="bbox 2048 5450 3603 5517; baseline 0.008 -16"><span class='ocrx_word' id='word_1_863' title='bbox 2048 5459 2102 5501; x_wconf 91' lang='lat' dir='ltr'><strong>et</strong></span> <span class='ocrx_word' id='word_1_864' title='bbox 2136 5451 2250 5516; x_wconf 87' lang='lat' dir='ltr'><strong>ipse</strong></span> <span class='ocrx_word' id='word_1_865' title='bbox 2278 5450 2474 5509; x_wconf 85' lang='lat' dir='ltr'><strong>alatus,</strong></span> <span class='ocrx_word' id='word_1_866' title='bbox 2497 5455 2752 5517; x_wconf 70' lang='lat' dir='ltr'><strong>tanquam</strong></span> <span class='ocrx_word' id='word_1_867' title='bbox 2785 5452 2929 5505; x_wconf 86' lang='lat' dir='ltr'><strong>celer</strong></span> <span class='ocrx_word' id='word_1_868' title='bbox 2960 5456 3206 5508; x_wconf 86' lang='lat' dir='ltr'><strong>nuntius.</strong></span> <span class='ocrx_word' id='word_1_869' title='bbox 3252 5456 3318 5512; x_wconf 87' lang='lat' dir='ltr'><strong>Et</strong></span> <span class='ocrx_word' id='word_1_870' title='bbox 3371 5450 3603 5514; x_wconf 70' lang='lat' dir='ltr'><strong>flamma:</strong></span> 
     </span>
    </p>
   </div>
   <div class='ocr_carea' id='block_1_122' title="bbox 2051 5517 3602 5589">
    <p class='ocr_par' dir='ltr' id='par_1_122' title="bbox 2051 5517 3602 5589">
     <span class='ocr_line' id='line_1_122' title="bbox 2051 5517 3602 5589; baseline 0.006 -19"><span class='ocrx_word' id='word_1_871' title='bbox 2051 5519 2152 5589; x_wconf 74' lang='lat' dir='ltr'><strong>illa:</strong></span> <span class='ocrx_word' id='word_1_872' title='bbox 2178 5519 2334 5589; x_wconf 68' lang='lat' dir='ltr'><strong>pictae</strong></span> <span class='ocrx_word' id='word_1_873' title='bbox 2365 5517 2588 5589; x_wconf 80' lang='lat' dir='ltr'><strong>fuerunt</strong></span> <span class='ocrx_word' id='word_1_874' title='bbox 2614 5535 2627 5571; x_wconf 89' lang='lat'><strong>:</strong></span> <span class='ocrx_word' id='word_1_875' title='bbox 2657 5535 2781 5589; x_wconf 83' lang='lat' dir='ltr'><strong>nam</strong></span> <span class='ocrx_word' id='word_1_876' title='bbox 2820 5531 2874 5573; x_wconf 83' lang='lat' dir='ltr'><strong>et</strong></span> <span class='ocrx_word' id='word_1_877' title='bbox 2904 5521 3041 5589; x_wconf 84' lang='lat' dir='ltr'><strong>ignis</strong></span> <span class='ocrx_word' id='word_1_878' title='bbox 3075 5524 3373 5579; x_wconf 83' lang='lat' dir='ltr'><strong>celeritatis</strong></span> <span class='ocrx_word' id='word_1_879' title='bbox 3411 5529 3602 5580; x_wconf 85' lang='lat' dir='ltr'><strong>hiero-</strong></span> 
     </span>
    </p>
   </div>
   <div class='ocr_carea' id='block_1_123' title="bbox 2049 5587 3602 5666">
    <p class='ocr_par' dir='ltr' id='par_1_123' title="bbox 2049 5587 3602 5666">
     <span class='ocr_line' id='line_1_123' title="bbox 2049 5587 3602 5666; baseline 0.01 -32"><span class='ocrx_word' id='word_1_880' title='bbox 2049 5587 2356 5666; x_wconf 77' lang='lat' dir='ltr'><strong>glypliicum</strong></span> <span class='ocrx_word' id='word_1_881' title='bbox 2396 5595 2497 5666; x_wconf 77' lang='lat' dir='ltr'><strong>est.</strong></span> <span class='ocrx_word' id='word_1_882' title='bbox 2535 5587 2612 5640; x_wconf 82' lang='lat' dir='ltr'><strong>ita</strong></span> <span class='ocrx_word' id='word_1_883' title='bbox 2661 5588 2896 5666; x_wconf 70' lang='lat' dir='ltr'><strong>Iacobus</strong></span> <span class='ocrx_word' id='word_1_884' title='bbox 2930 5587 3374 5666; x_wconf 26' lang='lat' dir='ltr'><strong>Cretaerustl’er</strong></span> <span class='ocrx_word' id='word_1_885' title='bbox 3408 5597 3602 5666; x_wconf 81' lang='lat' dir='ltr'><strong>hujus-</strong></span> 
     </span>
    </p>
   </div>
   <div class='ocr_carea' id='block_1_124' title="bbox 2049 5654 3600 5728">
    <p class='ocr_par' dir='ltr' id='par_1_124' title="bbox 2049 5654 3600 5728">
     <span class='ocr_line' id='line_1_124' title="bbox 2049 5654 3600 5728; baseline 0.009 -22"><span class='ocrx_word' id='word_1_886' title='bbox 2049 5654 2193 5708; x_wconf 73' lang='lat' dir='ltr'><strong>iubdi</strong></span> <span class='ocrx_word' id='word_1_887' title='bbox 2215 5655 2350 5728; x_wconf 80' lang='lat' dir='ltr'><strong>alain</strong></span> <span class='ocrx_word' id='word_1_888' title='bbox 2364 5655 2657 5728; x_wconf 79' lang='lat' dir='ltr'><strong>ardentem</strong></span> <span class='ocrx_word' id='word_1_889' title='bbox 2699 5668 2760 5728; x_wconf 86' lang='lat' dir='ltr'><strong>et</strong></span> <span class='ocrx_word' id='word_1_890' title='bbox 2797 5660 3017 5727; x_wconf 86' lang='lat' dir='ltr'><strong>pictam,</strong></span> <span class='ocrx_word' id='word_1_891' title='bbox 3049 5675 3209 5728; x_wconf 80' lang='lat' dir='ltr'><strong>quam</strong></span> <span class='ocrx_word' id='word_1_892' title='bbox 3236 5663 3384 5718; x_wconf 63' lang='lat' dir='ltr'><strong>Moesi</strong></span> <span class='ocrx_word' id='word_1_893' title='bbox 3417 5654 3600 5720; x_wconf 59' lang='lat' dir='ltr'><strong>trade-</strong></span> 
     </span>
    </p>
   </div>
   <div class='ocr_carea' id='block_1_125' title="bbox 2049 5725 3604 5798">
    <p class='ocr_par' dir='ltr' id='par_1_125' title="bbox 2049 5725 3604 5798">
     <span class='ocr_line' id='line_1_125' title="bbox 2049 5725 3604 5798; baseline 0.012 -23"><span class='ocrx_word' id='word_1_894' title='bbox 2049 5734 2170 5777; x_wconf 86' lang='lat' dir='ltr'><strong>rcut</strong></span> <span class='ocrx_word' id='word_1_895' title='bbox 2204 5725 2424 5790; x_wconf 79' lang='lat' dir='ltr'><strong>nuntiis,</strong></span> <span class='ocrx_word' id='word_1_896' title='bbox 2475 5743 2614 5796; x_wconf 85' lang='lat' dir='ltr'><strong>quos</strong></span> <span class='ocrx_word' id='word_1_897' title='bbox 2649 5725 2930 5783; x_wconf 80' lang='lat' dir='ltr'><strong>ambulare</strong></span> <span class='ocrx_word' id='word_1_898' title='bbox 2957 5725 3116 5798; x_wconf 78' lang='lat' dir='ltr'><strong>quain</strong></span> <span class='ocrx_word' id='word_1_899' title='bbox 3169 5733 3454 5788; x_wconf 82' lang='lat' dir='ltr'><strong>celerrime</strong></span> <span class='ocrx_word' id='word_1_900' title='bbox 3487 5738 3604 5794; x_wconf 58' lang='lat' dir='ltr'><strong>vel.</strong></span> 
     </span>
    </p>
   </div>
   <div class='ocr_carea' id='block_1_126' title="bbox 3216 5826 3287 5887">
    <p class='ocr_par' dir='ltr' id='par_1_126' title="bbox 3216 5826 3287 5887">
     <span class='ocr_line' id='line_1_126' title="bbox 3216 5826 3287 5887; baseline 0.042 -3"><span class='ocrx_word' id='word_1_901' title='bbox 3216 5826 3287 5887; x_wconf 76' lang='lat'><strong>15</strong></span> 
     </span>
    </p>
   </div>
  </div>
