4156 6300
583 341 689 410 407

1765 357 2090 419 JOANNIS
2123 361 2655 425 CANTACUZENI

3719 355 3822 418 ωδ

1557 729 1968 846 LIBER
2067 733 2318 846 SEC
2347 733 2880 851 UNDUS.‘

1919 1104 2147 1163 CAPUT
2189 1102 2487 1160 PRIMUM.

580 1195 703 1251 Post
740 1197 1109 1251 transitionem
1150 1196 1316 1261 docet,
1372 1199 1545 1264 'quam
1596 1213 1693 1251 avo
1739 1197 2048 1264 providerit,
2109 1207 2160 1252 et
2198 1213 2361 1266 quam
2407 1204 2702 1250 reverenter
2729 1211 2848 1249 eum
2905 1195 3172 1249 tractarit.
3208 1194 3295 1251 Ma
3336 1192 3460 1252 nunt
3509 1160 3824 1269 (agat/ictam

646 1270 818 1328 venia,
859 1274 1294 1337 protostratorem
1325 1265 1466 1320 urbis
1502 1267 1817 1336 praefectura
1856 1268 2036 1321 donat.
2091 1267 2135 1321 Α
2187 1267 2584 1337 patriarcha__ut
2628 1265 3233 1337 episcopisadversariis
3265 1213 3514 1337 og'ensam
3569 1271 3822 1331 remittat,

646 1270 818 1328 venia,
859 1274 1294 1334 protostratorem
1325 1265 1466 1320 urbis
1502 1267 1817 1336 praefectura
1856 1268 2036 1321 donat.
2091 1267 2135 1321 Α
2187 1265 2584 1336 patriarcha__ut
2628 1265 2887 1336 episcopis
2910 1267 3233 1320 adversariis
3265 1284 3294 1320 ο

3334 1271 3514 1322 'ensam
3569 1271 3822 1331 remittat.

647 1333 880 1390 obtinere
913 1337 1119 1408 nequit.
1169 1336 1304 1390 Aliis
1333 1337 1399 1408 Vde
1433 1333 1647 1390 se'bene
1680 1338 1880 1391 meritis
1902 1339 2128 1408 Agratias
2169 1333 2302 1404 agit.
2340 1333 2669 1408 ADe___Marco"
2699 1333 3005 1408 Caballurio
3033 1338 3270 1408 quasito,
3300 1333 3356 1390 et
3399 1340 3454 1408 in
3498 1347 3827 1408 conspectum

647 1403 1262 1479 imperatoris'a'dducto,
1289 1407 1540 1471 historia;
1565 1421 1628 1460 ea:
1655 1423 1761 1476 qua
1784 1415 1833 1460 et
1862 1403 1939 1460 vis
1968 1403 2302 1479 conscientia:
2333 1405 2387 1460 iit
2418 1403 2534 1470 illo,
2566 1408 2687 1460 etin
2719 1403 3053 1474 imperatore
3072 1405 3248 1460 divina
3281 1407 3524 1475 quadam
3553 1403 3825 1464 clementia

651 1475 836 1528 elucet.

648 1570 780 1637 Quae
810 1571 878 1626 ab
906 1570 1334 1641 imperatoribus
1361 1572 1508 1626 bello
1538 1579 1733 1627 mutuo
1769 1551 2011 1642 paceque
2050 1572 2152 1627 itc-
2181 1575 2229 1633 Α

580 1679 700 1717 rum
744 1663 1118 1733 redintegrata
1148 1673 1299 1733 gesta
1325 1663 1456 1727 sint,
1482 1663 1771 1732 superiore
1801 1664 1942 1718 libro
1971 1664 2156 1733 expla-

579 1755 852 1809 uaviuius.
889 1754 1155 1823 Sequitur
1187 1762 1248 1808 ut
1287 1754 1620 1825 qumjunior
1659 1755 2032 1820 Andronicus,
2072 1765 2156 1810 to-

580 1847 691 1900 tius
718 1847 830 1917 jam
864 1856 1063 1915 potens
1109 1846 1325 1916 imperii
1361 1860 1614 1901 seorsum
1647 1849 1967 1916 patraverit,
2019 1862 2156 1917 pro-

579 1937 757 1992 denda
793 1938 1071 1992 memoria:
1103 1937 1418 1993 videantur.
1471 1937 1569 1993 Die
1593 1938 1764 1993 altera
1798 1955 1828 1993 a
1865 1947 2026 2008 capto
2053 1938 2156 2009 By-

580 2029 763 2083 zantio
793 2038 1087 2096 antequam
1115 2029 1276 2083 ullam
1305 2038 1514 2099 partem
1543 2030 2042 2085 administrationis
2073 2039 2193 2098 atq

581 2121 833 2190 lingeret,
862 2121 1104 2175 rationes
1158 2123 1245 2174 avi
1278 2120 1331 2174 in
1361 2129 1644 2190 posterum
1675 2121 1778 2176 sibi
1816 2122 2159 2176 constituen-

579 2211 679 2265 das
707 2211 1048 2266 existimavit
1080 2211 1218 2282 (27).
1238 2213 1315 2266 Ac
1333 2212 1702 2282 principatum
1737 2212 1986 2285 quidem,
2005 2213 2157 2284 ejus-

579 2318 688 2372 que
719 2303 1152 2360 moderationem
1190 2305 1309 2375 ipse
1340 2305 1595 2374 sumpsit,
1633 2305 1976 2376 reliquorum
2003 2305 2155 2360 nullo

580 2411 706 2449 eum
741 2397 1016 2463 multavit,
1073 2397 1167 2452 sed
1190 2398 1478 2470 Romanos
1511 2406 1784 2469 quotquot
1813 2399 2024 2454 ditione
2056 2415 2154 2454 sua
2197 2385 2216 2404 ’

579 2489 1020 2554 continerentur,
1055 2491 1134 2546 illi
1166 2507 1277 2546 non
1316 2507 1475 2547 secus
1498 2507 1661 2561 quam
1688 2490 2006 2560 imperatori
2029 2492 2159 2546 obe-

580 2581 722 2648 dire,
750 2584 1005 2639 euzndem
1030 2597 1192 2650 quem
1219 2582 1324 2637 sibi
1355 2584 1618 2639 honorem
1644 2583 1910 2647 tribuere,
1939 2592 1994 2637 et
2021 2597 2158 2650 quo-

582 2671 688 2727 ties
717 2687 843 2726 eum
869 2673 1021 2727 adire
1047 2673 1336 2727 adoratum
1363 2674 1590 2738 vellent,
1620 2689 1690 2728 ne
1717 2689 1746 2727 a
1775 2689 2050 2742 quoquam
2071 2689 2158 2727 arr-

580 2773 844 2820 cerentur
865 2765 1063 2821 edixit.
1113 2766 1383 2820 Praeterea
1443 2764 1619 2836 ipsius
1648 2767 1875 2828 liberos,
1908 2767 2156 2837 aliosque

583 2865 847 2925 cognatos
899 2857 1164 2926 palatium
1201 2857 1501 2924 celebrare,
1540 2866 1684 2914 totos
1737 2859 1856 2914 dies
1905 2875 2028 2914 cum
2085 2875 2154 2914 eo

582 2961 926 3012 consumere,
977 2959 1034 3004 et
1061 2949 1306 3019 quandiu
1337 2950 1580 3020 placeret
1633 2951 1878 3016 versari;
1930 2952 1998 3007 de
2053 2969 2158 3007 ηυ-

572 3032 760 3107 inero,
789 3049 845 3095 et
877 3041 1158 3111 obsequiis
1205 3042 1584 3097 ministrorum
1643 3043 1781 3098 nihil
1839 3045 2064 3111 mutari,
2099 3052 2176 3099 et.

581 3131 751 3186 licere
789 3131 866 3186 illi
907 3149 1029 3202 quae
1055 3133 1296 3187 liberent
1323 3134 1526 3187 omnia.
1559 3133 1766 3188 Deinde
1815 3134 1868 3186 in
1903 3142 2156 3204 sumptus

581 3225 722 3294 ejus.
781 3225 1092 3280 etfamiliae
1144 3224 1214 3279 de
1272 3224 1508 3294 publicis
1558 3225 1941 3294 vectigalibus,
1990 3210 2156 3295 quam

579 3317 815 3386 τοπικὴν
850 3324 1047 3371 vocant
1082 3315 1220 3386 (28),
1249 3317 1513 3371 ferentem
1566 3317 1621 3370 iu
1679 3331 1858 3371 annos
1911 3316 2158 3385 singulos

581 3408 841 3463 duodena
899 3423 1194 3463 aureorum
1246 3409 1437 3472 millia,
1495 3417 1550 3463 et
1601 3409 1832 3463 alterum
1881 3416 2093 3462 tantum
2127 3425 2158 3464 e

583 3502 716 3555 ﬁsco
748 3500 1014 3555 decrevit.
1042 3500 1214 3569 Hujus
1247 3500 1496 3568 pecuni:e
1521 3499 1904 3570 dispensanda:
1937 3502 2157 3555 modum

584 3607 758 3662 penes
813 3592 968 3646 illum
1010 3592 1281 3654 reliquit:
1321 3591 1410 3646 cui
1464 3592 1669 3660 palatio
1701 3607 1923 3661 quoque
1955 3593 2161 3648 cedens

585 3682 832 3752 quandiu
890 3682 1187 3753 superfuit,
1245 3682 1298 3737 in
1331 3683 1541 3742 aedibus
1597 3684 1755 3754 192
1807 3699 1903 3738 seu
1959 3684 2160 3752 palatio

584 3773 848 3830 Demetrii
880 3773 1145 3845 despotae,
1176 3774 1356 3844 patrui
1386 3775 1496 3838 sui,
1531 3775 1820 3830 habitavit.
1853 3775 2064 3845 Saepius
2099 3776 2164 3830 il-

585 3868 700 3921 lum
734 3869 937 3925 visens.
960 3877 1114 3921 extra
1142 3867 1572 3939 simulationem,
1598 3869 1921 3937 sincereque
1955 3883 2165 3923 sermovo

588 3974 685 4014 nes
716 3968 772 4014 et
800 3959 1028 4014 consilia
1069 3975 1193 4014 cum
1229 3972 1296 4014 eo
1331 3958 1672 4025 conterebat,
1711 3959 1997 4028 nihiloque
2027 3958 2164 4014 int‘e-

585 4051 731 4105 riore
753 4065 917 4121 quam
953 4062 1112 4105 antea
1136 4051 1470 4112 reverentia.
1508 4061 1567 4105 ut
1587 4051 1839 4118 decebat,
1868 4061 1924 4107 et
1949 4051 2161 4106 honore

584 4143 737 4198 illum
767 4143 1226 4213 prosequebatur.
1265 4144 1781 4210 Verumenimvero,
1843 4159 2158 4214 quanquam

2331 1575 2401 1630 Ἃ
2436 1574 2536 1646 μὲν
2560 1573 2656 1628 οὖν
2685 1572 2990 1637 πολεμοῦσί
3025 1588 3084 1624 τε
3118 1571 3374 1643 ἀλλήλοις
3401 1573 3516 1633 τοῖς
3543 1553 3841 1641 βασιλεῦσι

2255 1664 2350 1716 καὶ
2386 1661 2592 1731 μεταξὺ
2621 1661 3108 1730 διαλλαττομένοις
3131 1661 3385 1731 ἐπράχθη
3417 1663 3537 1732 μετ’
3560 1662 3823 1732 ἀλλήλων,

2254 1752 2486 1806 τοιαῦτα
2509 1753 2625 1806 ἐστί
2649 1768 2664 1784 ⁸
2703 1753 2803 1805 νῦν
2835 1752 2892 1804 δὲ
2916 1747 3063 1805 εἶναί
3098 1769 3190 1822 μοι
3225 1752 3377 1805 δοκεῖ
3406 1752 3596 1806 λοιπὸν
3635 1753 3823 1822 διηγη-
3928 1825 3934 1831 ³

2254 1847 2376 1899 τέον
2408 1846 2559 1900 καὶά
2583 1845 2661 1916 τῷ
2692 1846 2799 1913 νέῳ
2813 1845 3144 1916 Ἀνδρονίκῳ
3175 1845 3276 1916 ήδη
3313 1846 3412 1917 τήν
3441 1846 3627 1898 πᾶσαν
3656 1847 3824 1915 ἀρχὴν

2269 1934 2559 2006 Ῥωμαίων
2597 1936 3068 2007 ὑποποιησαμένῳ
3113 1936 3370 2006 ἐπράχθη
3425 1936 3558 1988 καθ’
3615 1937 3823 1991 ἑαυτόν.

2267 2029 2359 2092 Ἐς
2419 2028 2533 2101 γάρ
2565 2029 2665 2100 τὴν
2719 2028 3024 2100 ὑστεραίαν
3085 2028 3226 2097 μετά
3257 2023 3360 2097 τὴν
3397 2028 3492 2080 τοῦ
3532 2029 3826 2092 Βυζαντίου

2255 2123 2440 2191 λῆψιν,
2467 2123 2602 2194 πρὶν
2641 2122 2809 2187 ἄλλης
2829 2122 2975 2185 τινὸς
3005 2121 3255 2192 ἅψασθαι
3294 2121 3625 2192 διοικήσεως
3652 2139 3825 2191 πραγ.

2261 2216 2472 2286 μάτων.
2505 2218 2562 2269 ὲν
2598 2215 2810 2277 ὁποίοις
2858 2215 2972 2266 τισὶ
3001 2213 3109 2284 χρὴ
3136 2214 3228 2266 τὸν
3263 2213 3494 2284 βασιλέα
3527 2217 3621 2268 καὶ
3678 2215 3828 2268 πάπ-

2258 2326 2362 2363 πον
2384 2307 2695 2377 κατέστησε
2721 2307 2956 2374 διάγειν.
2992 2307 3105 2360 Kal.
3133 2307 3234 2376 τὴν
3270 2306 3368 2374 μὲν
3404 2307 3580 2377 ἀρχὴν
3613 2307 3706 2360 καὶ
3729 2307 3829 2376 τὴν

2254 2400 2526 2470 διοίκησιν
2560 2401 2670 2453 τῶν
2709 2397 3060 2469 πραγμάτων
3111 2399 3411 2468 ἀπένειμεν
3467 2397 3651 2469 ἑαυτῷ
3675 2412 3694 2430 ⁶
3723 2399 3828 2451 τῶν

2256 2491 2434 2546 ἄλλων
2459 2493 2518 2546 δὲ
2552 2491 2705 2545 οὐδὲν
2722 2491 2908 2558 ὑφεῖλε
2944 2491 3233 2561 βασιλέως
3272 2492 3409 2545 ἀλλά
3438 2490 3567 2554 τούς
3603 2509 3662 2544 τε
3697 2490 3817 2545 Ῥωο

2259 2581 2457 2650 μαίους
2512 2580 2655 2633 ὅσων
2708 2574 2848 2650 ἦρχε
2885 2579 3229 2649 προσέταξεν
3287 2578 3443 2649 αύτῷ
3475 2580 3552 2642 ὼς
3618 2579 3830 2645 βασιλεὶ

2257 2673 2575 2742 προσέχειν,
2627 2672 2724 2725 καὶ
2777 2672 2878 2742 τὴν
2936 2674 3060 2742 τσην
3109 2673 3423 2726 ἀποδιδόναι
3477 2674 3669 2744 τιμήν.
3722 2673 3828 2725 Kal

2264 2765 2429 2817 ὁπότε
2483 2765 2761 2834 βούλοιντο
2815 2765 2954 2834 πρὸς
3002 2765 3167 2819 αὐτὸν
3215 2767 3292 2829 ὡς
3359 2767 3828 2836 προσκυνήσοντες

2263 2857 2420 2920 ἱέναι,
2469 2858 2777 2913 κωλύεσθαι
2835 2859 2972 2928 παρ’
3027 2859 3265 2921 οὐδενός.
3323 2861 3432 2912 Kal
3483 2860 3680 2923 παῖδας
3740 2859 3827 2912 καλ

2258 2951 2387 3010 τοὺς
2426 2949 2624 3012 ἀλλους
2675 2953 2966 3020 συγγενεῖς
3025 2950 3426 3020 βασιλέωςείς,
3470 2951 3538 3003 τὰ
3583 2949 3829 3020 βασίλεια

2259 3042 2532 3106 εἰσιόντας
2548 3042 2697 3113 αύτῷ
2727 3043 3177 3113 συνδιημερεύειν
3205 3043 3302 3096 καὶ
3332 3045 3573 3096 συνεῖναι
3597 3042 3830 3095 καθόσον

2263 3133 2547 3204 βούλοιντο
2578 3137 2726 3188 ἰκαὶ
2749 3135 2849 3205 τὴν
2878 3135 3184 3205 θεραπείαν
3221 3136 3403 3187 πᾶσαν
3433 3133 3696 3204 ἀκίνητον
3733 3133 3829 3202 μέ-

2259 3242 2374 3282 νειν
2409 3229 2508 3296 ὅση
2540 3221 2608 3296 ἧν
2636 3243 2652 3259 ο
2681 3227 2777 3280 καὶ
2825 3226 2914 3279 ἐπ’
2941 3226 3096 3304 αὐτῷ
3141 3222 3284 3279 εἶναι
3330 3227 3358 3279 ὃ
3405 3243 3458 3277 τι
3511 3225 3578 3278 ἂν
3632 3225 3827 3295 κελεύῃ

2261 3320 2465 3372 ποιεῖν.
2505 3318 2618 3371 Kal.
2645 3317 3031 3388 ἀναλωμάτων
3062 3316 3228 3370 ἕνεκα
3267 3315 3434 3369 αὐτοῦ
3466 3333 3523 3368 τε
3559 3317 3657 3370 καὶ
3686 3316 3830 3368 οἶκε·

2262 3410 2442 3474 τικοῢ,
2500 3409 2609 3462 ἀπό
2638 3425 2698 3461 τε
2754 3409 2868 3462 τῶν
2925 3409 3204 3478 δημοσίων
3237 3409 3423 3478 φόρων
3457 3408 3556 3478 τὴν
3596 3407 3828 3476 λεγομέ-

2265 3520 2363 3571 νην
2421 3503 2732 3574 παρέσχετο
2789 3501 3049 3572 τοπικὴν,
3104 3501 3383 3572 φέρουσαν
3435 3501 3522 3554 ἐπ’
3584 3499 3831 3556 ἐνιαυτὸν

2262 3592 2560 3663 δισχιλίους
2584 3595 2677 3647 ἐπὶ
2708 3593 2928 3664 μυρίοις
2958 3592 3218 3663 χρυσοῦς,
3251 3593 3349 3647 καὶ
3377 3592 3549 3662 ἕτερα
3577 3595 3830 3664 χρήματα

2266 3686 2356 3738 ica
2384 3687 2449 3738 ὲκ
2475 3684 2572 3738 τοῦ
2595 3685 2878 3754 βασιλικοῦ
2901 3685 3156 3738 ἐκέλευσε
3179 3685 3541 3754 χορηγεῖσθαι
3561 3684 3829 3754 ταμιείου.

2265 3779 2376 3832 Kal.
2403 3778 2581 3832 ταῦτα
2630 3773 2770 3832 εἶναι
2795 3777 2884 3831 ἐπ’
2927 3778 3123 3848 ἐκείνῳ
3174 3771 3306 3851 ᾖᾶν
3339 3777 3516 3831 ἐθέλοι
3564 3775 3831 3847 χρῆσθαικο

2261 3867 2372 3920 τῶν
2423 3883 2485 3918 τε
2537 3865 2826 3935 βασιλείων
2874 3867 3279 3936 παρεχώρησεν
3325 3853 3518 3934 αύτῷο
3573 3864 3736 3927 αὐτὸς
3777 3863 3832 3916 δὲ

2264 3958 2477 4011 εἴποτε
2520 3957 2815 4027 ὲπιδημοίη
2850 3959 2917 4027 τῇ
2953 3957 3370 4010 Κωνσταντίνου
3409 3956 3514 4019 ἓως
3559 3959 3584 4009 ὁ
3612 3956 3833 4017 πάππος

2266 4051 2491 4124 περιῆν,
2519 4050 2577 4104 ὲν
2609 4052 2724 4114 τοῖς
2767 4050 3089 4121 Δημητρίου
3135 4049 3230 4102 τοῦ
3258 4048 3525 4101 δεσπότου
3569 4046 3832 4117 διέτριϐεν

2263 4146 2438 4210 οἴκοις
2466 4146 2562 4200 καὶ
2598 4143 2736 4215 πρὸς
2763 4143 2995 4215 βασιλέα
3021 4143 3321 4212 ἐρχόμενος
3379 4141 3613 4213 συχνῶς,
3643 4140 3833 4210 ὡμίλει

585 4238 886 4304 imperator
914 4250 1026 4291 non
1057 4237 1204 4299 ﬁcte,
1243 4236 1340 4290 sed
1364 4251 1432 4290 ex
1467 4238 1652 4290 animo
1694 4234 2070 4301 mandaverat,
2101 4245 2162 4290 ut
2187 4269 2230 4324 ρ

585 4325 748 4382 liberi
783 4336 969 4382 essent
999 4329 1065 4382 ad
1104 4342 1265 4380 avum
1293 4326 1477 4381 aditus
1524 4341 1589 4380 ac
1631 4327 2044 4391 salutationes,-
2069 4343 2161 4382 ac—

583 4420 779 4472 cedere
811 4429 992 4474 tamen
1028 4420 1262 4474 Romani
1311 4435 1418 4472 non
1447 4418 1745 4480 audebant,
1779 4421 1925 4490 quod
1971 4418 2161 4473 formi-

585 4509 803 4575 darent,
837 4526 906 4566 ne
942 4510 1013 4564 ob
1068 4510 1144 4574 id,
1197 4509 1354 4578 quasi
1385 4524 1570 4562 rerum
1624 4524 1890 4562 novarum
1949 4510 2158 4579 cupidi,

583 4603 904 4672 suspicione
935 4602 1274 4657 laborarent.
1321 4601 1573 4670 Magnum
1615 4600 1948 4671 logothetam
1995 4602 2160 4672 Didy-

585 4695 889 4748 motichum
924 4694 1150 4759 abduci,
1181 4704 1238 4747 et
1293 4693 1346 4745 in
1400 4691 1587 4761 aliquo
1624 4693 1958 4747 monasterio
1988 4693 2153 4746 vitam

584 4784 792 4853 agitare
820 4784 1010 4854 jussit.
1039 4785 1107 4837 Et
1135 4783 1359 4853 agitavit
1408 4783 1629 4851 quidem
1666 4783 1743 4837 ibi
1791 4783 1861 4842 ad
1912 4794 2151 4854 tempus,

586 4874 762 4929 donec
791 4873 957 4928 etiam
1004 4873 1122 4942 ipse
1154 4862 1368 4927 veniam
1408 4880 1770 4938 consecutus,
1807 4875 2158 4944 Byzantium-

589 4981 697 5036 que
733 4965 1070 5037 postliminio
1095 4980 1350 5020 reversus
1376 4964 1520 5036 (29),
1542 4965 1654 5022 illic
1685 4967 1956 5036 reliquum
1977 4969 2156 5023 atatis

2265 4240 2414 4309 αὐτῷ
2457 4239 2720 4309 γνησίως,
2747 4238 2843 4290 καὶ
2893 4235 3212 4289 ἐϐουλεύετο
3253 4234 3385 4304 περὶ
3429 4234 3541 4287 τῶν
3580 4233 3813 4304 πραγμά

2263 4346 2391 4392 των,
2422 4329 2519 4380 καὶ
2537 4327 2693 4380 οὐδὲν
2713 4320 2876 4396 ἦττον
2899 4324 2931 4395 ἢ
2965 4325 3234 4394 πρότερον
3255 4322 3388 4376 αἰδῶ
3411 4324 3506 4376 καὶ
3539 4323 3709 4392 τιμὴν
3732 4339 3835 4376 παο

2265 4424 2416 4490 ρεῖχε
2438 4420 2539 4488 τὴν
2564 4419 2953 4489 προσήκουσαν
2977 4415 3147 4486 αὐτῷ.
3178 4413 3241 4470 Di
3284 4416 3330 4468 δ’
3357 4415 3507 4468 ἄλλοι
3549 4413 3834 4484 Ῥωμαῖοι,

2262 4511 2442 4564 καίτοι
2471 4509 2626 4579 παρά
2656 4509 2750 4562 τοῦ
2784 4511 2905 4562 νέου
2939 4506 3203 4577 βασιλέως
3242 4507 3302 4558 οὐ
3359 4505 3497 4576 πρὸς
3528 4505 3835 4574 εἰρωνείαν,

2265 4602 2382 4657 ἀλλ’
2410 4601 2630 4673 ἀληθῶς
2657 4598 3161 4671 προστεταγμένον,
3197 4598 3257 4650 τὸ
3285 4598 3466 4650 πάντα
3501 4597 3593 4650 τὸν
3622 4596 3836 4648 ἐθέλον-

2267 4712 2337 4748 τα
2362 4693 2499 4786 πρξδς
2535 4693 2762 4763 βασιλέα
2798 4691 3055 4763 ἔρχεσθαι
3103 4690 3198 4744 καὶ
3249 4689 3546 4752 ἀκωλύτως
3594 4682 3836 4759 προσκυ-

2267 4787 2380 4838 νεῖν
2431 4781 2620 4848 ἁύτὸν,
2679 4785 2830 4854 ὅμως
2857 4784 2919 4838 ού
2951 4781 3288 4854 προσῄεσαν,
3323 4781 3628 4843 δεδοικότες
3661 4781 3735 4849 μή
3785 4796 3836 4831 τι

2265 4878 2355 4932 διὰ
2408 4879 2582 4932 ταῦτα
2645 4876 2959 4946 ὑποπτευθῇ
3003 4874 3373 4945 νεωτερίζειν.
3434 4873 3541 4925 Τὸν
3578 4875 3751 4943 μέγαν
3781 4872 3835 4925 δὲ

2254 4969 2560 5041 ’λογοθέτην
2609 4969 2898 5024 ἐκέλευσεν
2927 4969 2956 5021 ὁ
2997 4967 3252 5040 βασιλεὺς
3308 4967 3390 5029 εἰς
3454 4965 3834 5036 Διδυμότειχον

1773 5090 1787 5095 ’
1814 5089 2032 5152 Jacobi
2068 5090 2330 5152 Pontani
2365 5097 2554 5154 nota.

659 5209 1030 5282 (Q7)Nimium
1049 5211 1408 5282 quantumali
1437 5209 1520 5264 bis
1545 5207 1742 5282 aliena,
1767 5209 2032 5282 longeque
2064 5209 2150 5282 di-_
2186 5214 2227 5268 D
2259 5209 2389 5282 bulo
2411 5208 2807 5282 estgregoras.

541 5301 552 5318 κ
588 5274 904 5336 versissima
965 5274 1265 5350 Gregoras,
1321 5279 1419 5334 lib.
1460 5296 1534 5340 Ix.
1589 5280 1657 5334 de
1710 5274 2028 5350 conditione
2065 5279 2153 5333 avi
2305 5349 2311 5350 γ
2343 5279 2458 5348 (28)
2492 5274 2935 5350 Gregoraslibro
2970 5281 3118 5332 ndno
3144 5277 3230 5350 [de
3269 5277 3460 5332 eadem
3486 5293 3546 5332 re
3583 5274 3831 5350 loquens,

588 5351 915 5411 Andronici,
943 5365 1049 5419 qua
1084 5345 1284 5414 luerit,
1317 5361 1474 5419 capta
1507 5366 1536 5404 a
1594 5358 1793 5418 nepote
1843 5349 2159 5419 Constanti-
2265 5345 2747 5403 aitAndronicum
2771 5349 3047 5417 iuniorem
3095 5345 3404 5419 assignasse
3429 5363 3532 5400 avo
3567 5345 3666 5419 τὴν
3693 5346 3826 5419 tua“

589 5422 768 5489 nopoli
807 5440 821 5476 ε
856 5415 1059 5475 vixisse
1100 5415 1429 5479 miserrime.
1458 5431 1514 5475 et
1545 5421 1600 5474 in
1634 5415 1877 5474 estrema
1937 5418 2158 5472 demum

2269 5419 2415 5470 τειόν
2462 5420 2726 5488 πρόσοδον
2753 5415 2852 5488 τῆς
2905 5415 3240 5489 ἁλιευτικῆς,
3271 5415 3831 5489 Διιηηιιιιηιιέάιίίιιιηι

587 5484 827 5561 egestate
858 5491 1021 5546 vitam
1050 5492 1306 5545 tinivisse.
1334 5491 1587 5560 Gregorae
1611 5490 1892 5561 mendacia
1921 5503 2164 5556 sequun-

2273 5484 2601 5561 piscationis,
2644 5489 2746 5557 πρὸ
2788 5484 2902 5561 τοῦ*
2917 5487 3215 5561 Βυζαντίου
3248 5485 3486 5538 τελεῖται
3507 5488 3644 5561 δέκα
3668 5484 3831 5561 χιλιέ-

591 5551 679 5616 tur
741 5561 1097 5616 continuator
1151 5561 1352 5630 Glycte,
1415 5551 1472 5614 (ιῖ
1507 5561 1622 5624 alii,
1667 5551 2163 5630 Andronigiinque

2264 5551 2545 5630 emacem;
2579 5551 2809 5626 ἔγγιστα
2852 5558 3037 5611 οὖσαν.
3076 5555 3211 5610 Vide
3269 5566 3387 5610 not.
3454 5556 3522 5609 ad
3577 5569 3699 5622 cap.
3747 5551 3832 5613 ιε,

589 5633 856 5697 iuniorem
882 5641 1196 5702 tyrannum,
1223 5627 1281 5702 et
1311 5631 1638 5702 parricidam
1664 5628 2009 5702 [aciunt._'l‘u
2048 5627 2164 5702 ipse
2261 5627 2522 5702 librj_iv._
2815 5697 2863 5702 __
3273 5668 3286 5702 τ

591 5693 757 5773 leges,
786 5702 846 5773 si_
863 5693 1035 5773 voles,
1075 5717 1162 5773 me
1194 5693 1345 5773 enim
1373 5699 1463 5773 illa
1490 5699 1598 5751 huc
1619 5698 1818 5773 afferre
1862 5697 2009 5766 piget
2031 5697 2164 5766 pro-'
2339 5698 2451 5766 (29)
2483 5697 2776 5773 Gregoras.
2810 5697 3234 5773 Magnusautcm
3268 5693 3534 5773 logotheta
3565 5693 3638 5773 ab
3656 5693 3831 5773 exsilio

593 5765 757 5824 tecto.
816 5769 920 5824 Sed
950 5770 1197 5824 omnium
1232 5768 1602 5823 falsidicorum
1644 5765 1876 5834 illorum:
1915 5765 2160 5822 antcatn-
2265 5765 2523 5834 reversus,
2560 5765 2662 5821 non
2697 5768 2837 5821 domi
2867 5782 2977 5822 suat
3001 5767 3230 5830 diuertit,
3282 5777 3419 5831 qum,
3469 5765 3666 5831 utjam
3704 5765 3830 5818 dixi-
