4156 6300
501 265 600 330 ιιι
874 266 877 267 ⁷
1671 272 2004 332 JOANNIS
2038 271 2106 332 Ci

2208 271 2535 334 PACUZEN
2541 271 2568 332 Ι
3109 287 3122 293 '
3665 274 3775 340 412

499 381 866 452 reum-simul
900 381 1285 451 imperatorem
1321 381 1640 453 Byzantium
1679 383 1906 438 init-isse
1932 384 2090 438 audi-

2208 388 2529 456 ιίκήσαντας
2548 383 2642 438 ἐπὶ
2671 385 2867 456 χρόνον
2888 386 3033 454 τινὰ,
3050 385 3118 440 τά
3135 385 3180 440 τ’
3204 385 3344 442 ἄλλα
3368 385 3768 461 ηὖχαρίστησε,

503 476 600 536 vit,
636 474 689 526 in
715 473 900 526 “foveis
933 474 1288 542 quibusdam,
1327 475 1578 544 locisque
1610 475 1988 529 subterraneis
2030 490 2089 530 se

2208 479 2288 531 (αἱ
2318 477 2668 548 εὐεργεσίαις
2701 478 2982 547 ἠμείψατο
3016 477 3248 542 πολλαῖς
3272 496 3286 510 ⁸
3337 481 3427 532 τὸν
3463 480 3520 534 δὲ
3574 500 3772 555 χαρτο-

506 565 817 628 absmndit,
856 573 917 619 ut
940 564 1007 618 ad
1047 566 1489 633 conquirendum
1517 566 1718 622 delecti
1754 568 1928 622 multo
1972 579 2090 622 tau—

2208 570 2436 638 ρύλακα,
2470 571 2593 624 ἐπεὶ
2625 569 2701 640 μὴ
2751 569 3017 638 ἠϐούλετο
3053 570 3159 623 ἀπὸ
3196 570 3298 639 τῆς
3348 569 3446 623 τοῦ
3496 573 3771 642 lapte-gad-

503 657 628 710 dem
687 658 878 711 labore
937 671 1066 710 eum
1123 657 1463 722 invenerint,
1492 675 1653 725 quem
1711 660 1768 714 in
1824 660 2088 729 palatium

2208 669 2359 717 ιακος
2406 656 2565 720 ἀξίας
2589 658 2669 719 είς
2723 656 2920 726 ἑτέραν
2953 656 3175 726 μείζονα
3210 657 3628 727 μετενεχθῆναι,
3677 660 3772 712 αύ-

503 749 907 820 perduxerunt.
942 749 1109 803 Fama
1134 749 1518 813 disseminata.
1549 753 1884 821 petulantem
1929 754 2088 808 illum

503 839 932 894 conviciatorem
978 840 1326 909 imperatoris
1359 843 1416 896 in
1455 843 1720 912 palatium
1777 844 1846 898 ad
1896 858 2092 913 paena:

504 930 729 992 abduci,
765 930 896 984 urbs
916 939 1027 984 tota
1054 931 1119 986 ad
1154 922 1511 1001 spectandam
1531 933 1717 988 miseri
1749 949 1938 990 necem
1963 950 2096 989 con-

505 1031 713 1076 cursat.
753 1022 820 1078 Ut
875 1024 1018 1076 intra
1068 1025 1331 1093 palatium
1391 1025 1564 1092 venit,
1622 1026 1744 1104 ipso
1792 1035 2093 1096 conspectu

507 1114 865 1180 imperatoris
895 1124 1140 1172 tremore
1167 1133 1231 1172 ac
1254 1119 1526 1188 vertigine
1553 1129 1868 1189 correptus,
1897 1120 1953 1174 in
1986 1128 2097 1174 ter-

506 1218 621 1257 ram
659 1205 996 1270 collabitur;
1035 1223 1198 1276 quem
1237 1209 1516 1278 erigentes
1539 1210 1631 1278 qui
1661 1211 1964 1274 ducebant,
1993 1212 2096 1264 im—

509 1297 753 1364 peratori
783 1298 1008 1358 sistunt.
1028 1301 1311 1369 oppletum
1331 1302 1607 1373 laerymis,
1631 1311 1691 1356 et
1718 1303 1910 1358 oculos
1942 1304 2093 1358 humi
2121 1297 2127 1306 ’

506 1388 802 1458 dejectum,
842 1407 948 1446 nec
978 1392 1271 1446 audentem
1331 1395 1456 1449 illos
1504 1406 1698 1451 contra
1733 1397 1948 1459 tollere.
1996 1395 2093 1450 sed

504 1481 628 1536 sine
687 1498 839 1536 mora
920 1486 1378 1554 exquisitissimis
1441 1490 1736 1542 tormentis
1794 1501 1856 1543 se
1906 1488 2099 1542 interi-

510 1581 771 1636 mendum
797 1583 1152 1652 cogitantem.
1192 1585 1374 1638 Altum
1406 1585 1568 1640 silere
1596 1586 1865 1652 universi,
1901 1595 1955 1642 et
1987 1603 2096 1656 qua

511 1688 674 1742 poena
727 1673 944 1728 Marcus
1005 1674 1378 1743 plecteretur,
1435 1677 1688 1745 suspensi
1747 1687 2092 1747 exspectare.

511 1763 820 1836 Cernentes
874 1777 1043 1832 porro
1094 1762 1234 1818 adeo
1300 1765 1637 1834 pavitantem
1683 1782 1748 1823 ac
1799 1768 2093 1822 tremulum

511 1863 715 1915 astare,
735 1854 828 1908 alii
853 1854 972 1908 solo
995 1857 1114 1926 ejus
1139 1866 1364 1924 aspectu
1385 1857 1439 1910 in
1467 1870 1716 1926 magnam
1747 1858 2103 1913 commisera-

517 1942 722 1996 tionem
749 1944 893 1997 versi
927 1943 1198 2014 laerymas
1227 1951 1286 1997 et
1309 1945 1547 2014 gemitus
1569 1945 1834 2000 cohibere
1868 1961 1977 2000 non
2007 1960 2104 2015 po—

516 2035 871 2110 terantzalii
925 2035 1339 2104 prudentiores,
1399 2050 1466 2089 ex
1526 2035 1783 2104 prresenti
1841 2052 1901 2090 re
1954 2037 2102 2091 illius

515 2125 699 2193 magni
730 2126 1035 2194 quondam.
1067 2137 1130 2180 ut
1159 2126 1436 2189 audimus,
1477 2126 1648 2181 futuri
1676 2128 1872 2199 judicii
1909 2144 2104 2198 quam-

511 2217 640 2270 dam
671 2215 964 2287 imaginem
993 2219 1407 2289 coneipiebant,
1437 2229 1494 2274 et
1526 2221 1670 2290 apud
1721 2222 1938 2275 animos
1971 2237 2103 2276 suos

515 2293 960 2376 inexplicabilem
995 2309 1149 2363 illum
1177 2325 1363 2366 coram
1399 2313 1630 2366 terribili
1692 2323 1748 2368 et
1781 2314 2103 2383 incorrupto

519 2399 783 2453 tribunali
837 2411 1198 2469 peccatorum
1284 2402 1551 2470 pudorem
1601 2404 1998 2473 depingebant.
2045 2402 2102 2456 Si

509 2490 665 2546 enim
698 2506 882 2545 coram
918 2507 1048 2562 rege
1098 2493 1340 2552 mortali.
1380 2493 1474 2547 ubi
1503 2493 1668 2548 etiam
1700 2511 1810 2548 non
1869 2504 2104 2563 possunt

512 2597 639 2637 esse
677 2582 938 2636 diuturna
969 2583 1267 2653 supplicia,
1321 2592 1468 2638 tanta
1496 2583 1600 2637 fuit
1633 2584 1692 2643 in
1722 2599 1820 2638 reo
1857 2594 2107 2640 conster-

510 2675 691 2737 natio,
751 2683 811 2728 ut
868 2675 987 2746 ejus
1045 2675 1422 2744 magnitudine
1479 2687 1608 2731 ante
1679 2677 1945 2746 prolatam
1982 2692 2107 2730 sen-

523 2769 752 2820 tentiam
810 2781 950 2836 pene
1005 2777 1297 2836 appareret
1336 2780 1590 2822 mortuus
1632 2768 1783 2838 (quia
1843 2769 2103 2822 nimirum

521 2871 766 2934 quorum
790 2857 1214 2926 coarguebatur,
1240 2855 1308 2910 ad
1334 2873 1398 2912 ea
1431 2857 1563 2926 quid
1599 2859 1958 2928 responderet
1989 2873 2100 2911 non

525 2948 804 3015 habebat),
840 2948 974 3018 quid
1005 2958 1137 3004 tunc
1172 2951 1289 3004 illis
1331 2951 1422 3005 lict
1453 2951 1547 3020 qui
1573 2951 1677 3006 sibi
1723 2952 1978 3021 improbe
2025 2953 2108 3006 fn-

513 3051 736 3095 ctorum
769 3050 899 3097 sunt
933 3043 1183 3098 conscii?
1234 3045 1314 3099 Ex
1372 3044 1692 3114 hujusmodi
1726 3045 2105 3115 paradigmate
2130 3073 2177 3136 ρ

525 3129 986 3202 intelligentiores
1021 3134 1097 3188 illi
1129 3133 1330 3205 seipsis
1363 3137 1624 3192 meliores
1669 3137 2004 3202 evadebant,
2029 3137 2109 3190 vi-

527 3235 746 3295 tamque
770 3240 924 3280 suam
985 3227 1052 3281 ad
1097 3242 1346 3284 normam
1390 3230 1684 3299 probitatis
1728 3230 2118 3285 accommoda-7

525 3315 680 3371 bant.
715 3320 1043 3388 Imperator,
1104 3337 1230 3377 cum
1286 3338 1469 3392 neque
1527 3325 1681 3392 prius
1714 3324 1952 3379 Marcum
2011 3339 2112 3394 pu-

526 3410 714 3463 niendi
749 3413 925 3479 gratia
955 3415 1269 3482 quaesisset,
1294 3424 1351 3469 et
1389 3425 1518 3470 tunc
1547 3431 1741 3471 omnes
1773 3417 1882 3472 hoc
1925 3430 2110 3470 exem-

530 3501 623 3568 plo
664 3503 812 3555 velut
861 3505 915 3556 in
985 3521 1148 3558 scena
1207 3507 1503 3576 castigatos
1552 3508 1981 3578 emendatosque
2031 3507 2112 3560 vi—

530 3590 689 3645 deret
726 3591 860 3660 (54),
894 3595 1115 3662 paulum
1138 3596 1554 3652 conticescens:
1581 3597 1722 3664 Quid
1761 3597 1888 3663 hoc,
1916 3598 2111 3654 Cabal-

532 3681 655 3744 Iari,
684 3681 879 3752 inquit,
912 3685 1060 3753 quod
1088 3694 1197 3740 tant
1226 3675 1667 3743 contumeliosus
1698 3690 1864 3743 etiam
1898 3690 1953 3743 in
1977 3704 2113 3759 pra:-

531 3781 744 3826 sentem
800 3788 883 3827 me
915 3773 1108 3830 fuisti?
1142 3793 1266 3830 nam
1297 3779 1656 3836 contumeliis
1681 3781 1896 3835 absenti
1939 3781 2113 3849 impo-

533 3865 657 3918 sitis
701 3864 909 3933 ignosci
962 3869 1154 3935 possit.
1211 3869 1324 3923 liae
1379 3885 1518 3925 voce
1579 3872 1823 3926 Marcum
1889 3872 2111 3928 animus

534 3957 1008 4026 relinquit,.ltumi
1045 3968 1274 4028 repente
1306 3961 1476 4028 cadit,
1531 3973 1588 4018 et
1637 3979 1756 4018 eam
1784 3963 1962 4032 capite
1992 3963 2112 4033 pul-

535 4066 683 4113 sans,
721 4067 830 4120 pra:
864 4053 1059 4106 timore
1089 4053 1345 4122 spiritum
1373 4054 1624 4110 editurus
1655 4057 1977 4125 putabatur.
2003 4055 2112 4110 Im»

537 4152 784 4211 perator,
840 4153 961 4211 post
1003 4144 1224 4214 longius
1283 4131 1591 4208 silentium,
1619 4149 1893 4218 jacentem
1953 4148 2112 4219 jubet

537 4252 783 4304 surgere.
819 4238 890 4291 At
921 4236 1029 4300 ille.
1051 4239 1167 4291 sive
1193 4241 1321 4308 quia
1355 4255 1463 4294 non
1496 4241 1757 4294 audiebat
1789 4242 1932 4310 quod
1965 4241 2113 4294 dice-

438 4347 444 4351 ι
531 4328 719 4393 batur,
769 4328 884 4384 sive
910 4329 1037 4398 quia
1067 4330 1262 4386 solutis
1298 4347 1504 4399 pavore
1532 4333 1798 4387 membris
1828 4348 2054 4402 surgere
2079 4347 2111 4386 e

2195 745 2296 816 τὴν
2328 745 2533 814 ἑαυτῆς
2557 746 2820 814 εποίησεν
2852 745 3235 814 ἐντιμοτέραν,
3285 747 3457 815 μέγαν
3484 747 3766 817 χαρτοφύ-

2190 834 2341 888 νλακα
2394 833 2893 905 προσαγορεύσαςσ
2938 837 3034 888 καὶ
3096 835 3192 888 ἀπ’
3225 836 3442 889 ἐκείνου
3495 840 3581 899 εις
3612 838 3771 906 δεῦρο

2191 924 2269 993 τῷ
2303 925 2639 995 χαρτούλακι
2677 925 3009 988 διασώζεται
3057 927 3120 979 τὸ
3185 929 3398 996 Μέγας.
3463 928 3692 998 Μάρκον
3713 930 3768 983 δὲ

2196 1016 2610 1087 Καόαλλάριον,
2649 1017 2741 1070 τὸν
2764 1017 2861 1070 τοῦ
2892 1017 3171 1087 Βάρδα,ὂς
3197 1015 3267 1090 ἦν
3297 1021 3406 1072 ἀπὸ
3439 1020 3550 1074 τῶν
3575 1021 3769 1092 τειχῶν

2195 1109 2472 1180 πρότερον
2523 1111 2660 1177 πρὸς
2687 1109 2852 1180 ὓϐριν
2884 1109 3522 1181 βασιλεῖ’διειλεγμένος,
3554 1113 3772 1166 ἐκέλευ-

2196 1219 2289 1254 σεν
2323 1201 2558 1271 ἀχθῆναι
2579 1203 2715 1271 πρὸς
2737 1203 2906 1254 αὑτὸν
2932 1205 2960 1254 ὁ
2992 1203 3269 1274 βασιλεύς.
3311 1205 3373 1257 '0
3405 1205 3484 1267 δὲ,
3519 1205 3615 1257 καὶ
3641 1207 3768 1272 πρὶν

2197 1293 2524 1365 ζητηθῆναι.
2558 1288 2648 1348 οἷα
2677 1293 2979 1363 ἐφθέγξατο
3017 1296 3198 1361 εἰδὼς,
3232 1297 3349 1365 ἅμα
3392 1297 3471 1368 τῷ
3504 1297 3768 1350 πυθέσθαι

2197 1388 2347 1448 ἐντὸς
2387 1382 2527 1438 εἶναι
2578 1387 2878 1450 Βυζαντίου
2915 1385 3160 1456 βασιλέα,
3225 1391 3282 1438 ὲν
3348 1387 3643 1456 ὑπονόμοις
3682 1391 3772 1443 καὶ

2197 1473 2424 1535 ἀδύτοις
2464 1472 2581 1526 τισὶ
2638 1472 2988 1542 κατέκρυψεν
3041 1474 3261 1526 ἑαυτόν.
3301 1474 3508 1543 Πολλὴν
3562 1475 3618 1528 δὲ
3679 1475 3770 1544 τὴν

2197 1567 2331 1637 περὶ
2381 1566 2482 1634 τὴν
2519 1564 2693 1619 αὐτοῦ
2747 1564 2977 1634 ζήτησιν
3024 1565 3076 1617 οί
3123 1569 3597 1636 προστεταγμένοι
3638 1569 3773 1620 εἰσε-

2200 1660 2491 1729 νεγκόντες
2529 1658 2791 1731 σπουδὴν,
2848 1659 3174 1728 εὑρίσκουσί
3203 1677 3261 1713 τε
3300 1661 3398 1713 καὶ
3438 1661 3666 1728 ἄγουσιν
3697 1665 3772 1724 εἰς

2203 1751 2472 1823 βασίλεια.
2502 1752 2706 1821 ,Φήμης
2763 1750 2821 1804 δὲ
2851 1749 3268 1821 διαδραμούσης
3298 1753 3393 1822 ὡς’
3421 1754 3461 1804 6‘
3508 1753 3773 1823 ὑϐριστὴς

2200 1846 2406 1905 ἐκεῖνος
2434 1843 2702 1914 βασιλέως
2727 1845 2811 1907 είς
2830 1844 2901 1898 τὰ
2939 1844 3194 1914 βασίλεια
3252 1845 3450 1912 ἄγεται
3508 1845 3774 1914 κολασθη-

2204 1935 2454 2003 σόμενος,
2484 1935 2826 2004 συνέδραμεν
2851 1937 2881 2005 ἡ
2905 1936 3058 1998 πόλις
3073 1936 3370 2006 πανδημεὶ,
3397 1941 3566 2006 ὁποίῳ
3590 1940 3777 2008 τρόπῳ

2201 2026 2460 2095 ὀψόμενοι
2489 2025 2870 2081 ἀποθανεῖται.
2893 2027 3159 2091 Βασιλεὺς
3206 2029 3264 2082 δὲ
3305 2027 3596 2082 ἐκέλευσεν
3619 2030 3776 2082 αὐτὸν

2203 2119 2459 2188 ἀχθῆναι.
2494 2119 2606 2173 Καὶ
2662 2119 2855 2190 ἐπειδὴ
2883 2121 2994 2172 τῶν
3024 2119 3123 2174 τοῦ
3148 2120 3300 2174 οἴκου
3329 2119 3513 2191 θυρῶν
3561 2124 3780 2189 ἐγένετο

2205 2207 2358 2272 είσω,
2383 2210 2464 2270 είς
2496 2208 2724 2278 βασιλέα
2762 2209 2910 2274 ἰδὼν,
2942 2211 3134 2281 τρόμῳ
3158 2227 3214 2264 τε
3239 2211 3469 2282 ἐλήφθη,
3498 2214 3594 2266 καὶ
3628 2203 3797 2282 περι-“

2205 2301 2471 2369 δινηθεὶς,
2531 2301 2840 2356 κατέπεσεν
2883 2303 2992 2354 tiri
3025 2303 3126 2373 τὴν
3179 2305 3308 2372 γῆν,
3348 2306 3780 2374 Ἀναστήσαντες

2205 2393 2261 2446 δὲ
2291 2393 2341 2445 οἱ
2370 2395 2617 2461 ἄγοντες,
2643 2393 2812 2462 ἐγγὺς
2841 2395 3048 2465 ἤγαγον
3095 2397 3380 2465 βασιλέως,
3418 2397 3672 2467 δακρύων
3720 2414 3780 2449 τε

2206 2485 2518 2550 ύπόπλεων,
2568 2485 2666 2539 καὶ
2698 2486 2836 2556 πρὸς
2885 2489 2986 2556 τὴν
3025 2489 3130 2558 γῆν
3191 2489 3515 2553 νενευκότα,
3547 2493 3668 2542 ικαὶ
3706 2491 3780 2558 μὴ

2205 2577 2512 2646 δυνάμενον
2567 2577 2710 2640 ὅλως
2763 2579 2848 2641 είς
2906 2577 3132 2648 βασιλέα
3197 2579 3348 2642 ἰδεῖν,
3404 2579 3519 2633 ἀλλ’
3578 2579 3779 2633 αὐτίκα

2209 2667 2600 2736 προσδοκῶντα
2634 2667 2930 2722 πείσεσθαι
2987 2669 3059 2722 τὰ
3111 2670 3424 2724 δεινότατα.
3489 2669 3678 2738 Σιωπὴ
3723 2672 3781 2722 δὲ

2206 2759 2399 2831 βαθεῖα
2430 2760 2668 2829 κατέσχε
2701 2761 2763 2814 τὸ
2793 2761 3008 2830 πλῆθος
3038 2763 3171 2817 πᾶν.
3232 2764 3346 2816 Καὶ
3393 2763 3597 2826 πάντες
3642 2760 3782 2832 ἦσαν

2213 2853 2487 2924 μετέωροι
2521 2855 2663 2923 πρὸς
2715 2853 2814 2923 τὴν
2871 2854 3391 2926 ἐπενεχθησομένην
3449 2853 3522 2924 τῷ
3569 2857 3782 2924 Μάρκῳ

2209 2946 2534 3016 καταδίκην.
2608 2946 2881 3018 Ὀρῶντες
2932 2947 2991 2999 δὲ
3043 2947 3210 3000 αὐτὸν
3255 2946 3432 3008 οὕτως
3493 2948 3783 3019 ἱστάμενον

2211 3038 2525 3108 ὑπότρομον
2553 3041 2649 3092 καὶ
2675 3038 2930 3107 περιδεῆ,
2970 3038 3020 3090 οἱ
3054 3037 3158 3109 μὲν
3211 3039 3392 3091 αὐτῶν
3426 3039 3520 3092 καὶ
3548 3038 3656 3091 ἀπὸ
3684 3039 3783 3108 τῆς

2211 3130 2341 3192 θέας
2371 3131 2542 3201 μόνης
2568 3128 3024 3200 περιαλγοῦντες,
3059 3132 3140 3186 εἰς
3166 3129 3377 3200 δάκρυα
3418 3133 3784 3200 κατεφέροντο

2212 3225 2306 3276 καὶ
2333 3221 2608 3292 οἰμωγάς.
2639 3223 2797 3276 Ὅσοι
2823 3221 2880 3274 δὲ
2905 3222 3002 3277 καὶ
3032 3222 3396 3291 συνετώτεροι
3423 3221 3533 3274 τῶν
3570 3221 3784 3275 πολλῶν

2209 3313 2374 3384 ἦσαν,
2399 3316 2498 3385 τῆς
2531 3297 2838 3386 μελλούσης
2867 3314 3103 3386 κρίσεως
3133 3313 3202 3385 ἣν
3234 3315 3508 3385 ἀκούομεν
3538 3315 3782 3382 ἐλάμϐα-

2212 3425 2303 3462 νον
2331 3409 2441 3463 ἀπὸ
2457 3408 2568 3462 τῶν
2597 3400 2901 3478 γινομένων
2941 3407 3148 3460 εἰκόνα.
3193 3408 3303 3460 Καὶ
3350 3408 3782 3478 ἀνεζωγράφουν

2212 3500 2272 3552 ὲν
2304 3499 2520 3562 ἑαυτοῖς
2548 3498 2649 3570 τὴν
2699 3497 2942 3569 ἄρρητον
2985 3496 3207 3564 ἐκείνην
3260 3497 3371 3549 τῶν
3429 3499 3783 3568 ἁμαρτωλῶν

2212 3590 2483 3661 αἰσχύνην
2523 3591 2618 3643 ἐπὶ
2642 3589 2741 3642 τοῦ
2773 3589 3014 3660 φοϐεροῦ
3049 3589 3144 3642 καὶ
3193 3589 3498 3644 ἀδεκάστου
3526 3593 3785 3661 δικαστη-

2213 3679 2355 3752 ρίου.
2393 3680 2457 3734 Εί
2487 3680 2597 3751 γὰρ
2626 3675 2720 3733 ἐπὶ
2751 3679 2950 3750 θνητοῦ
2979 3679 3272 3750 βασιλέως,
3319 3680 3452 3735 ἔνθα
3485 3684 3582 3736 καὶ
3613 3685 3671 3736 αἱ
3699 3700 3782 3736 τι·

2213 3771 2820 3845 μωρίαιόλιγοχρόνιοι,
2847 3773 3090 3842 τοσαύτη
3120 3773 3209 3826 τὸν
3231 3774 3560 3843 κρινόμενον
3585 3775 3787 3845 ἔκπληο

2216 3866 2294 3932 εις
2325 3861 2496 3936 εῐχεν,
2535 3865 2669 3918 ὥστ’
2722 3867 2825 3937 ἥδη
2882 3869 2977 3920 καὶ
3029 3866 3138 3937 πρὸ
3177 3869 3276 3937 τῆς
3315 3868 3648 3935 ἀποφάσεως
3707 3869 3787 3938 τῷ

2214 3959 2459 4030 πλείστῳ
2488 3959 2648 4029 μέρει
2678 3961 3114 4030 ἀποτεθνηκέναι
3149 3963 3255 4015 ὑπὸ
3281 3963 3460 4029 δέους,
3483 3965 3567 4017 ὅτι
3615 3963 3785 4035 μηδεο

2217 4059 2347 4125 μίαν
2376 4055 2678 4122 ἀπολογίαν
2722 4049 2869 4125 εῖχεν
2900 4054 2986 4122 ἐφ’
3017 4051 3097 4125 οἷς
3129 4059 3492 4125 κατηγορεῖτο
3513 4058 3786 4124 ἐνεγκεῖν,

2212 4148 2266 4199 τί
2293 4150 2397 4201 οὐκ
2421 4148 2487 4202 ἂν
2507 4147 2728 4202 πάθωσι
2749 4148 2874 4200 τότε
2890 4148 2941 4200 οἱ
2961 4149 3178 4217 πονηρά
3200 4132 3506 4211 συνειδότες
3529 4150 3743 4211 ἑαυτοῖς
3769 4165 3784 4213 ;

2214 4241 2312 4293 καὶ
2343 4240 2590 4310 βελτίους
2613 4241 2827 4295 ἑαυτῶν
2860 4240 3048 4294 ὲκτοῦ
3073 4242 3522 4312 παραδείγματος
3539 4243 3787 4309 ἐγίνοντο

2215 4333 2314 4385 καὶ
2343 4332 2482 4401 πρὸς
2512 4332 2960 4404 σωφρονέστερον
2989 4332 3492 4404 μετεῤῥυθμίζοντο
3523 4332 3656 4402 βίον.
3687 4333 3788 4383 Βα-

539 4430 683 4473 terra
721 4436 828 4474 non
879 4408 1114 4488 valebat,
1168 4423 1540 4484 volutabatur.
1585 4439 1687 4478 nec
1737 4424 1930 4478 oculos
1982 4440 2106 4493 ape-

2218 4426 2405 4488 σιλεὺς
2435 4426 2493 4479 δὲ
2541 4427 2814 4496 πρότερόν
2848 4443 2908 4480 τε
2946 4426 3048 4480 οὐκ
3090 4429 3195 4492 ,ἐπὶ
3226 4428 3304 4496 τῷ
3359 4426 3787 4498 τιμωρήσασθαι

537 4511 708 4576 riens,
738 4527 837 4566 nec
864 4516 1090 4567 verbum
1112 4515 1396 4569 emittens.
1431 4514 1594 4586 194
1614 4516 1916 4586 Imperator
1947 4530 2112 4586 appa-

541 4605 804 4659 ritoribus
824 4622 988 4660 manu
1017 4606 1234 4676 signum
1262 4607 1376 4674 dat,
1407 4609 1485 4662 uti
1512 4624 1638 4663 eum
1673 4607 1956 4676 attollant;
1981 4607 2112 4664 sub-

2216 4519 2309 4571 τον
2339 4520 2569 4590 Μάρκον
2595 4521 2800 4591 ζητῶν,
2837 4521 2932 4574 καὶ
2961 4523 3083 4576 τότε
3112 4522 3324 4585 πάντας
3350 4523 3496 4592 ὁρῶν
3519 4524 3588 4592 τῇ
3612 4523 3784 4589 σκηνῇ

2217 4612 2393 4684 ταύτῃ
2419 4613 2919 4682 σωφρονισθέντας,
2954 4615 3155 4684 μικρὸν
3195 4613 3466 4684 ἐπισχὼν,
3506 4614 3572 4667 Τί
3599 4612 3787 4667 παθὼν

1772 4743 1990 4804 Jacobi
2022 4744 2294 4805 Pontani
2327 4754 2520 4809 noue.

616 4859 728 4938 (ζῆ)
771 4869 821 4916 1η
857 4866 1064 4938 frena
1097 4866 1325 4932 tragira.
1369 4882 1462 4921 seu
1504 4869 1558 4922 in
1611 4871 1896 4938 tragoedia.
1958 4869 2117 4938 Apud

537 4935 822 5010 Stobreum
857 4934 1133 5010 Tintocles
1186 4940 1430 5010 comicus
1460 4939 1587 5006 quid
1633 4934 1840 5010 prosint
1883 4934 2118 5010 tragico-

547 5021 662 5059 tum
687 5007 889 5074 scripta
920 5007 1054 5059 satis
1083 5007 1328 5060 declarat
1358 5008 1444 5063 bis
1474 5004 1681 5071 verbis.
1746 5004 1756 5014 ’

520 5203 530 5214 υ
616 5139 718 5216 Qui
742 5158 944 5209 pauper
967 5149 1062 5216 est.
1093 5143 1218 5216 dum
1242 5160 1343 5216 non
1370 5145 1542 5197 minus
1565 5162 1727 5214 quam
1752 5144 2036 5216 Telephum

617 5209 684 5284 Sc
703 5227 853 5284 egere
875 5213 1028 5284 sentit
1052 5212 1190 5284 ,ἴω-ζ
1221 5214 1422 5267 malum
1445 5209 1691 5284 quietius.

614 5280 827 5351 insanit
855 5281 1094 5351 ali/ltus?
1125 5280 1473 5338 Alcmwonem
1497 5289 1730 5351 respicit.

615 5350 1094 5418 Ca-cutitHEdipi
1128 5352 1262 5405 levat
1292 5355 1488 5408 domno
1527 5350 1700 5410 animi.

615 5421 781 5496 beus
804 5423 921 5496 quis
941 5425 1055 5496 est?
1074 5422 1520 5496 lanienta‘Niobes
1541 5428 1755 5496 cogitur.

605 5489 884 5564 laudas
905 5493 1258 5545 reminiscitur
1292 5489 1830 5564 Philortetre'pedum.

619 5557 784 5632 ῌαρει
804 5559 884 5612 (Ε
891 5577 1065 5624 neum,
1089 5563 1322 5632 quisquis
1340 5580 1499 5616 senex
1530 5557 1628 5624 est,
1651 5576 1699 5618 et
1717 5568 1898 5621 miser.

621 5626 928 5702 Quicunque
959 5633 1078 5684 aliis
1101 5626 1228 5699 quid
1256 5635 1459 5686 accidat
1487 5640 1826 5702 reputaveril,

621 5697 738 5751 Erit
761 5699 815 5750 in
835 5701 941 5752 suis
961 5697 1192 5754 alacrior
1214 5704 1480 5771 periculis.

2222 4871 2291 4925 Et
2346 4888 2470 4926 cum
2509 4887 2635 4927 vera
2685 4873 2754 4926 sit
2790 4873 3081 4940 sapientia,
3116 4873 3388 4928 humanas
3435 4889 3524 4929 res
3575 4873 3786 4942 penitus

2224 4953 2512 5010 perceptas
2565 4957 2630 4995 ac
2683 4952 3044 5010 pertractatas
3081 4944 3306 5006 habere,
3343 4945 3482 4998 nihil
3530 4945 3785 4997 admirari

2224 5027 2347 5064 cum
2382 5012 2664 5072 acciderit,
2693 5013 2830 5065 nihil
2863 5021 3156 5082 antequam
3187 5015 3455 5078 evenerit,
3481 5030 3590 5068 non
3624 5030 3783 5081 posse

2223 5083 2470 5152 evenerit
2512 5083 2792 5152 arbitrari,
2829 5083 2972 5136 Valet
3007 5099 3074 5137 eo
3119 5084 3417 5152 plurimum
3469 5082 3728 5152 tragoedia
3773 5102 3784 5135 :

2225 5151 2319 5203 ubi
2352 5151 2619 5219 exemplis
2656 5153 3008 5207 evidentibus
3040 5151 3371 5213 ostenditur,
3411 5154 3467 5207 in
3499 5151 3662 5207 rebus
3690 5154 3782 5206 ho-

2220 5223 2430 5275 minum
2480 5222 2618 5274 nihil
2674 5237 2794 5275 esse
2845 5223 3062 5284 stabile,
3095 5223 3439 5286 diuturnum,
3487 5240 3551 5278 ac
3593 5235 3785 5291 perpe-

2221 5300 2424 5344 tuum:
2462 5291 2646 5344 omnia
2697 5291 2862 5353 ﬂuxa,
2919 5291 3509 5355 caduca,'ittattia.Et
3561 5293 3785 5347 omnino

2217 5361 2341 5428 plus
2389 5361 2587 5414 virium
2645 5360 2810 5413 habet
2860 5362 2926 5416 ad
2973 5362 3141 5416 vitam
3192 5373 3340 5416 recte
3389 5361 3784 5416 instituendam

2218 5430 2506 5513 tragmdia‘.
2539 5445 2701 5513 quam
2725 5431 2877 5511 .nuda
2908 5432 3368 5513 phil050pltorum
3397 5439 3665 5513 praecepta
3687 5447 3789 5513 Ξυ-

2219 5507 2326 5574 tem
2361 5501 2589 5567 prodest
2636 5500 2768 5574 viris
2817 5503 3273 5574 praepotentibus;
3317 5510 3375 5574 ut
3403 5502 3534 5574 dum
3572 5500 3787 5574 illi_l’o-

2215 5566 2597 5642 lymnestores,
2650 5566 3104 5642 Kgamemtionas,
3135 5572 3436 5642 Hercules.
3494 5569 3777 5642 Polynices

2216 5636 2429 5706 legunt,
2473 5657 2529 5693 se
2572 5636 2790 5708 quoque
2847 5641 3119 5707 homines,
3155 5651 3210 5698 et
3265 5640 3499 5696 fortuna:
3555 5636 3778 5696 casibus

2213 5707 2485 5772 subjectos
2517 5725 2636 5763 esse
2665 5707 3035 5766 recordentur.
