4156 6300
385 300 491 364 413

1545 315 2094 378 HISTORIARUM
2138 319 2373 382 LIBER
2413 322 2496 384 ῐΙ.

3536 329 3641 390 ili

386 407 433 466 ὦ
486 413 863 507 Καϐαλλὰριε,
913 413 1061 486 εἶπε,
1110 422 1350 479 τοσαῦτα
1397 423 1634 496 ὖόρικας
1691 431 1784 482 καὶ
1827 431 1958 500 πρὸς

2069 432 2278 489 blatum
2307 444 2368 488 ut
2401 451 2462 490 se
2491 435 2734 507 colligat,
2769 445 2828 492 et
2872 436 3038 493 dictis
3077 437 3320 493 mentem
3359 437 3638 504 adhibeat,

383 504 686 575 παρόντας
748 502 816 578 ἦν
861 508 969 581 γὰρ
1013 513 1078 565 ἀν
1111 529 1195 576 τις
1227 515 1364 585 πρὸς
1405 517 1615 571 ἀπόντα
1660 524 1963 591 γινομένων

383 597 494 648 τῶν
527 597 738 667 ὕϐρεων
773 601 1092 673 συγγνώμη.
1112 603 1170 657 Ὀ
1196 605 1275 670 δὲ,
1307 607 1414 660 ὑπὸ
1439 609 1540 678 τῆς
1573 610 1666 663 τοῦ
1697 610 1962 680 βασιλέως

384 693 574 760 φωνῆς
603 692 999 760 καταπλαγεὶς,
1035 697 1118 756 εἰς
1170 701 1279 768 γῆν
1310 716 1371 753 τε
1430 705 1738 755 κατέπεσεν
1770 704 1958 770 εὐθὺς,

383 784 480 835 καὶ
512 785 577 853 τῇ
613 785 684 853 γῇ
716 783 813 854 τὴν
833 785 1088 855 κεφαλὴν
1117 792 1549 861 προσαράσσων,
1595 795 1961 865 προσδόκιμος

381 870 453 945 ἦν
494 877 588 928 καὶ
633 878 734 946 τὴν
779 876 958 948 ψυχὴν
1007 880 1234 950 ἀφεῖναι
1286 883 1392 936 ὑπὸ
1423 884 1606 949 δέους.
1643 888 1812 941 Πάλιν
1844 889 1902 941 δὲ
1931 891 1960 942 ὁ

384 969 642 1038 βασιλεὺς
667 969 907 1043 σιγήσας
943 970 1031 1038 ἐφ’
1064 973 1274 1042 ἰκανὸν,
1309 975 1402 1028 τὸν
1448 978 1679 1047 Μάρκον
1706 979 1961 1034 ἐκέλευεν

382 1061 705 1130 ἀναστῆναι.
727 1062 785 1113 Ὀ
820 1060 898 1125 δὲ,
925 1063 1037 1115 εἰτε
1056 1065 1152 1117 καὶ
1174 1065 1282 1118 τῶν
1307 1068 1624 1139 λεγομένων
1642 1073 1744 1126 οὐκ
1769 1074 1960 1128 αἰσθα·

381 1155 631 1224 νόμενος,
692 1158 802 1209 είτε
863 1157 960 1210 καὶ
1001 1158 1077 1230 μὴ
1137 1159 1440 1230 δυνάμενος
1481 1165 1810 1236 ἀναστῆναι,
1854 1168 1958 1221 ὑπὸ

381 1247 476 1300 τοῦ
509 1247 663 1312 δέους
718 1249 990 1314 ὲκλυθεὶς,
1050 1253 1117 1320 τῇ
1153 1254 1224 1322 γῇ
1259 1256 1759 1322 προσεκυλινδεῖτο,
1822 1261 1958 1332 μήθ’

369 1339 526 1424 Ιόρῶν
553 1343 692 1409 μήτε
721 1340 1094 1412 φθεγγόμενος
1125 1345 1315 1414 μηδέν’
1341 1345 1596 1416 βασιλεὺς
1623 1352 1668 1403 δ’
1689 1354 1956 1421 ἐσήμαινε

379 1434 451 1502 τῇ
515 1432 653 1502 χειρί
705 1435 834 1496 τοὺς
888 1436 1225 1504 κατέχοντας
1285 1439 1534 1510 ἀνιστᾷν.
1611 1443 1832 1516 Ἐπειδὴ
1898 1446 1955 1499 δὲ

380 1523 613 1591 ἀνέστη,
647 1525 1058 1594 ἐπανέρχεσθαί
1111 1522 1172 1578 τέ
1204 1529 1458 1582 ἐκέλευεν
1491 1533 1575 1594 εἰς
1608 1534 1824 1599 ἑαυτήν,
1861 1537 1956 1589 καὶ

381 1615 678 1684 προσέχειν
709 1619 822 1678 τοῖς
876 1617 1222 1686 λεγομένοις.
1273 1617 1410 1674 Εἷπέ
1463 1638 1523 1674 τε
1557 1624 1698 1694 πρὸς
1729 1627 1894 1680 αὐτὸν
1926 1629 1956 1680 ό

383 1707 639 1776 βασιλεύς
666 1723 682 1742 α
712 1709 786 1761 Τὸ
838 1709 939 1778 μὲν
985 1711 1288 1765 δεδοικέναι
1331 1714 1427 1766 καὶ
1475 1716 1726 1788 τρέμειν,
1762 1720 1856 1772 καὶ
1886 1721 1957 1774 τὰ

380 1799 664 1854 δεινόταται
696 1801 985 1854 πείσεσθαι
1019 1805 1350 1874 προσδοκᾷν,
1377 1805 1588 1860 δίκαιόν
1614 1824 1676 1860 τε
1697 1810 1832 1878 ὁμοῦ
1865 1813 1960 1864 καὶ

383 1893 470 1944 σοὶ
510 1891 813 1964 προσῆκον.
872 1894 1035 1958 Ἀξια
1067 1896 1176 1965 γὰρ
1209 1897 1461 1964 ἐφθέγξω
1507 1898 1720 1953 πολλῶν
1770 1919 1960 1973 τιμω-

384 1983 543 2053 ριῶν.
590 1984 733 2052 Ἐγὼ
785 1986 843 2038 δὲ
877 1987 1102 2057 έμαυτῷ
1141 1988 1318 2042 πολλά
1371 1990 1633 2054 συνειδὼς
1669 1991 1807 2063 πρὸς
1861 1994 1956 2046 τὸν

382 2077 646 2130 ἁπάντων
681 2078 897 2152 Κύριον
923 2081 1018 2131 καὶ
1049 2079 1276 2149 βασιλέα
1301 2082 1690 2154 ἡμαρτημένα,
1719 2085 1816 2137 καὶ
1844 2085 1960 2139 δεό-

385 2186 551 2238 μενος
606 2171 966 2241 συγγνώμης,
1004 2171 1198 2245 ῶσπερ
1232 2175 1330 2228 καὶ
1365 2177 1429 2229 σὺ
1475 2177 1595 2243 νῦν,
1633 2178 1840 2248 μᾶλλον
1901 2178 1959 2233 δὲ

384 2268 478 2315 καὶ
507 2263 755 2323 πλείονος
785 2265 984 2336 πολλῷ,
1011 2265 1122 2336 ὅσῳ
1143 2269 1238 2320 καὶ
1267 2268 1337 2320 τὰ
1359 2270 1738 2339 ἡμαρτημένα
1769 2271 1956 2342 χείρω,

382 2357 480 2408 καὶ
511 2358 572 2410 οὐ
612 2359 750 2428 πρὸς
785 2358 1094 2435 σύνδουλον,
1142 2359 1332 2429 ὥσπερ
1370 2364 1456 2427 σὺ,
1497 2362 1614 2416 ἀλλ’
1649 2365 1728 2428 εἰς
1769 2363 1859 2416 τὸν
1895 2365 1961 2416 lx

387 2449 465 2520 μὴ
487 2449 663 2504 ὄντων
699 2451 1102 2520 παραγαγόντα
1135 2453 1632 2522 προσκεκρουκὼς,
1691 2455 1788 2508 καὶ
1841 2454 1960 2508 aea.

387 2559 554 2612 μενος
588 2544 682 2597 καὶ
739 2543 906 2606 αὐτὸς
936 2542 1117 2611 ἐλέου,
1146 2544 1354 2614 ἀφίημί
1402 2559 1464 2598 τε
1496 2546 1564 2599 τά
1595 2547 1961 2618 ἡμαρτημένα

384 2652 496 2700 σοι,
529 2634 995 2705 καὶσυγγνώμην
1035 2636 1286 2708 παρέχω.
1336 2639 1494 2690 Δυοῖν
1524 2639 1583 2692 δὲ
1617 2639 1784 2692 ἕνεκα
1812 2640 1872 2692 τὸ
1899 2641 1960 2693 σέ

382 2746 448 2782 τε
508 2730 694 2798 εὑρεῖν
731 2731 825 2783 καὶ
881 2729 1070 2784 ένθάδε
1127 2729 1364 2797 ἀγαγεῖν
1416 2731 1771 2801 ἐποιησάμην
1829 2734 1957 2802 περὶ

385 2823 646 2876 πλείστου
674 2839 688 2854 ο
721 2822 841 2885 ἑνὸς
872 2822 994 2892 μέν,
1029 2822 1098 2875 ῖν⁹
1119 2825 1187 2875 ὲκ
1213 2823 1327 2875 τῶν
1345 2823 1651 2892 γινομένων
1685 2825 1734 2876 οί
1768 2825 1959 2878 πολλοὶ

386 2913 804 2984 σωφρονισθῶσι
829 2913 904 2984 μὴ
924 2915 1188 2984 ἀκρατεῖς
1215 2907 1359 2968 εἶναι
1389 2914 1520 2985 περὶ
1552 2915 1652 2986 τὴν
1684 2916 1956 2984 γλῶτταν,

387 3007 526 3078 μηδὲ
577 3006 781 3078 ῥᾳδίως
814 3006 1152 3077 ἑκςςέρεσθαι
1213 2999 1352 3078 πρὸς
1392 3006 1601 3078 ὕϐρεις,
1635 3012 1730 3064 καὶ
1759 3010 1956 3076 ταῦτα,

2067 524 2343 592 hortatur,
2371 535 2428 581 et
2459 527 2538 581 sic
2567 543 2693 581 eum
2718 527 3059 598 alloquitur:
3091 529 3248 595 Quod
3301 532 3532 599 pavitas,
3584 544 3641 586 et

2065 612 2275 672 tremis.
2307 613 2737 684 gravissimeque
2765 622 3042 671 tormenta
3063 626 3373 687 exspectas,
3409 619 3464 673 id
3490 620 3638 689 quod

2061 717 2278 774 a'qnum
2315 716 2374 760 et
2407 718 2476 774 ,ιο
2522 709 2746 779 dignum
2793 719 2900 777 est,
2947 711 3120 776 facis;
3175 714 3365 769 multis
3403 729 3638 784 namque

2061 797 2400 852 cruciatibus
2431 799 2630 875 luenda
2655 804 3064 870 exprompsisti.
3085 803 3199 875 Ego
3221 821 3351 860 vero
3380 807 3479 875 ipsi
3498 808 3638 870 mihi

2060 887 2362 943 multorum
2403 872 2667 947 adversus
2693 895 3076 950 universorum
3105 897 3422 960 Dominum.
3458 899 3629 971 impe-

2060 987 2411 1050 ratoremque
2449 983 2812 1040 admissurum
2851 987 3110 1042 conscius
3135 1029 3149 1050 ,
3185 971 3339 1043 illum
3381 991 3597 1046 veniam
3623 1033 3638 1054 .

2060 1071 2525 1143 quemadmodum
2563 1083 2621 1128 tu
2644 1091 2793 1130 nunc
2825 1092 2909 1130 me
2946 1080 3210 1149 rogitans,
3246 1096 3310 1135 ac
3336 1090 3489 1136 tanto
3520 1085 3642 1153 qui-

2059 1165 2183 1218 dem
2214 1164 2502 1235 majorem,
2525 1177 2734 1234 quanto
2767 1169 2941 1237 magis
2967 1170 3197 1240 deliqui,
3231 1187 3356 1241 ego,
3387 1176 3639 1260 inquam,

2058 1257 2152 1326 qui
2179 1271 2290 1309 non
2323 1271 2648 1311 conservum
2674 1260 2750 1313 uti
2783 1268 2864 1324 tu,
2893 1261 2988 1315 sed
3015 1264 3141 1317 eum
3169 1264 3263 1334 qui
3290 1280 3378 1320 me
3408 1280 3438 1320 e
3467 1257 3640 1321 nihilo

2058 1347 2328 1411 condidit,
2355 1348 2586 1414 oﬂ‘endi,
2613 1358 2668 1403 et
2699 1351 2833 1404 mihi
2860 1367 3081 1420 quoque
3109 1365 3170 1408 ut
3204 1355 3521 1424 ignoscatur
3543 1357 3641 1411 ob-
3689 1339 3693 1342 λ

2059 1454 2241 1506 socru,
2268 1449 2358 1493 tua
2396 1441 2494 1495 tibi
2534 1437 2752 1510 peccata
2799 1444 3082 1510 condono,
3123 1453 3180 1499 et
3220 1446 3466 1514 ignosco.
3497 1448 3640 1503 Dua-

2060 1529 2165 1586 bus
2198 1547 2364 1601 porro
2385 1533 2453 1587 de
2482 1534 2664 1588 causis
2685 1535 3060 1604 conquisitum
3106 1537 3215 1592 huc
3237 1538 3432 1593 adduci
3464 1540 3640 1594 maxi-

2058 1638 2282 1692 mopere
2303 1626 2595 1695 concupivi
2627 1643 2640 1678 :
2677 1642 2809 1691 una,
2841 1637 2900 1682 ut
2931 1629 3106 1683 multo
3131 1637 3226 1684 tuo
3258 1631 3514 1700 exemplo
3536 1631 3640 1686 lin-

2062 1729 2181 1781 gua:
2225 1717 2502 1786 imperare
2530 1715 2841 1780 discerent,
2889 1734 2992 1773 nec
3029 1720 3189 1775 facile
3244 1721 3310 1774 ad
3352 1709 3552 1791 probra
3579 1738 3640 1778 se

2063 1805 2435 1872 el'underent,
2469 1808 2632 1878 idque
2664 1818 2859 1863 contra
2909 1811 3226 1879 superiores
3248 1853 3262 1875 ,
3292 1828 3430 1882 quos
3460 1815 3640 1869 colere

2061 1912 2126 1952 ac
2152 1898 2430 1953 venerari‘
2469 1899 2715 1968 debent;
2748 1912 2805 1956 et
2857 1903 3002 1970 quod
3033 1918 3063 1956 a
3103 1903 3343 1971 quodam
3395 1904 3640 1973 sapiente

2063 1989 2324 2058 praeclare
2353 1989 2561 2044 dictum
2601 2001 2705 2058 est,
2734 2004 2998 2061 praestare
3027 1995 3096 2046 ah
3121 1995 3253 2056 alto,
3284 2009 3446 2064 quam
3482 2009 3510 2048 a
3534 1995 3642 2049 lin-

2063 2097 2165 2151 gua
2201 2082 2417 2148 cadere,
2446 2085 2624 2153 reipsa
2654 2086 3011 2149 docerentur,
3045 2075 3344 2152 intuentes,
3388 2087 3443 2141 in
3477 2087 3640 2156 quale

2063 2173 2381 2230 barathrum
2403 2187 2456 2230 tu
2475 2191 2540 2230 ex
2563 2176 2984 2244 intemperantia
3000 2162 3200 2244 lingua».
3216 2178 3637 2246 praecipitasses;

2061 2263 2256 2324 altera,
2284 2272 2345 2318 ut
2372 2274 2423 2319 te
2448 2281 2547 2334 per
2575 2281 2795 2320 omnem
2834 2265 3002 2319 vitam
3044 2267 3241 2321 timore
3275 2267 3639 2338 periculoque

2063 2355 2396 2422 liberarem;
2435 2357 2639 2413 etenim
2690 2357 2799 2411 nisi
2836 2357 3004 2411 modo
3033 2357 3140 2412 huc
3166 2367 3495 2426 pertractus,
3546 2374 3639 2413 ve-
3699 2381 3707 2394 -

2063 2448 2209 2502 niam
2235 2458 2292 2504 et
2319 2463 2511 2518 pacem
2543 2463 2694 2504 esses
2723 2457 3081 2514 consecutus,
3114 2449 3212 2503 tibi
3248 2441 3516 2519 perpetuo
3542 2467 3637 2521 ge—

2062 2543 2256 2610 menti,
2286 2543 2654 2613 tremdntique
2683 2559 2850 2614 super
2892 2553 3118 2608 terram,
3168 2553 3224 2599 et
3256 2561 3284 2598 a
3312 2545 3508 2614 quovis
3543 2546 3640 2599 ob-

2062 2635 2152 2689 vio
2184 2634 2354 2690 ictum
2387 2634 2700 2689 lethil‘erum
2746 2636 3031 2701 metuenti,
3087 2637 3260 2691 nihilo
3296 2637 3640 2692 tolerabilior

2061 2725 2196 2789 vita,
2230 2739 2397 2794 quam
2427 2724 2533 2794 ipsi
2565 2723 2740 2780 Caino
2772 2725 2990 2794 fuisset.
3030 2725 3190 2782 Nunc
3216 2727 3373 2780 venia
3405 2727 3640 2782 donatus

2056 2815 2300 2887 jucunde
2331 2829 2637 2886 secureque
2667 2831 2844 2870 annos
2877 2817 3153 2878 traduces,
3181 2811 3306 2871 cum
3335 2831 3499 2870 nemo
3526 2833 3641 2870 am-

2062 2907 2420 2977 pliuspmnas
2463 2906 2518 2960 in
2570 2922 2657 2962 me
2687 2908 3110 2962 commissorum
3159 2907 3256 2962 abs
3288 2917 3339 2962 te
3387 2919 3639 2977 repetere

2061 2999 2254 3068 possit.
2287 2998 2563 3054 Hactenus
2600 3000 2785 3055 Marco
2823 3000 3142 3069 imperator.
3201 2999 3304 3066 Qui
3343 3012 3639 3070 praesentes

383 3077 527 3171 πρὸς
577 3077 952 3171 ὑπερέχοντας
1000 3101 1097 3154 καὶ
1151 3077 1322 3171 τιμῆς
1374 3077 1569 3166 ἀξίους
1616 3105 1907 3173 γινομένας
1936 3119 1952 3135 ·

2065 3090 2314 3155 aderant,
2354 3105 2480 3146 cum
2511 3104 2570 3144 se
2617 3077 2818 3143 novum
2846 3090 3144 3158 quoddam,
3185 3100 3242 3145 et
3280 3091 3635 3160 peregrinum

329 3219 344 3232 ι
381 3197 484 3248 καὶ
510 3193 574 3247 τδ
600 3197 860 3264 ⁴κρεῖσσον
889 3192 999 3248 ἀπὸ
1031 3192 1203 3261 ὕψους
1229 3193 1264 3264 ἢ
1299 3194 1408 3248 ἀπὸ
1459 3194 1714 3264 γλώσσης
1750 3200 1958 3264 πεσεῖν,

382 3288 492 3343 ὑπὸ
527 3288 637 3341 τῶν
675 3287 858 3355 σοφῶν
891 3302 1036 3348 τινος
1077 3286 1264 3348 καλῶς
1319 3289 1608 3358 εἰρημένον
1637 3288 1959 3362 ἔργῳδιδα.

324 3377 335 3388 ’
380 3383 611 3454 χθῶσιν,
660 3381 898 3452 δρῶντες
947 3384 1032 3444 εἰς
1083 3376 1200 3435 οἷον
1231 3381 1514 3454 βάραθρον
1572 3385 1632 3451 ἐξ
1687 3385 1962 3454 ἀκρασίας

387 3476 833 3545 περιπέπτωκας
867 3475 1050 3538 αὑτός.
1104 3474 1366 3546 Δεύτερον
1397 3476 1474 3542 δὲ,
1509 3475 1606 3530 τοῦ
1641 3493 1702 3530 σε
1734 3478 1823 3532 διὰ
1846 3479 1962 3549 βίου

380 3568 572 3638 φόϐων
605 3568 700 3621 καὶ
740 3568 1018 3635 κινδύνων,
1061 3569 1468 3641 ἀπαλλαγῆναι.
1501 3568 1706 3643 Εἰιγάρ
1758 3571 1833 3644 μὴ
1865 3572 1961 3627 νῦν

380 3660 580 3715 ἐνθάδε
637 3661 824 3731 ἀχθεὶς
877 3663 1177 3731 ἐτύγχανες
1223 3661 1582 3732 συγγνώμης,
1638 3663 1766 3736 κατ’¹
1807 3665 1958 3718 οὐδὲν

379 3754 742 3824 ἀνεκτότερον
796 3753 863 3806 ἂν
921 3753 1049 3817 ἔζης
1081 3753 1178 3806 τοῦ
1217 3754 1361 3807 Κάῖν
1413 3753 1556 3824 βίον.
1599 3756 1808 3810 στένων
1859 3759 1959 3810 καὶ

382 3846 610 3917 τρέμων
645 3848 741 3898 ἐπὶ
780 3845 881 3914 τῆς
914 3849 1040 3916 γῆς,
1069 3845 1164 3899 καὶ
1217 3844 1370 3916 παρά
1404 3847 1606 3909 παντὸς
1643 3848 1739 3901 τοῦ
1789 3866 1958 3918 προσ⁶

379 3938 644 4006 τυχόντος
670 3938 923 4007 οἰόμενος
954 3938 1154 3994 αὐτίκα
1189 3937 1534 3992 ἀπολεῖσθαι.
1567 3921 1706 3993 Νυνί
1731 3938 1787 3992 δὲ
1821 3957 1958 4008 συγ·-

383 4028 614 4098 γνώμης
638 4033 843 4098 τυχὼν,
879 4029 1050 4096 ἡδέως
1105 4028 1351 4103 βιώσεις,
1381 4031 1474 4082 καὶ
1507 4029 1702 4094 ἀδεῶς,
1741 4031 1956 4091 οὐδενὸς

2067 3209 2244 3265 genus
2291 3175 2485 3248 mortis
2541 3193 2757 3248 visuros
2789 3192 3103 3256 crederent,
3155 3192 3407 3248 viderent
3451 3204 3636 3248 autem

2068 3294 2266 3355 praeter
2323 3279 2675 3354 opinionem’
2709 3283 3143 3338 misericordiam
3203 3283 3386 3337 Marco
3444 3284 3672 3349 tribui,.

2066 3395 2304 3452 eumque
2341 3381 2589 3448 absolvi,
2627 3389 2684 3437 et
2713 3381 3099 3450 imperatorem
3147 3379 3216 3435 de
3245 3384 3384 3435 istac
3425 3395 3642 3451 sympa-

2070 3474 2185 3530 thia
2235 3473 2676 3538 admirabantur,
2727 3483 2782 3528 et
2808 3472 2992 3526 Marco
3021 3471 3257 3525 salutem
3294 3471 3642 3541 gratulabar:-

2065 3575 2175 3621 tur.
2208 3565 2459 3635 Cumque
2504 3563 2708 3636 singuli
2757 3563 2813 3618 in
2845 3579 2913 3618 eo
2941 3563 3271 3618 beneficium
3334 3563 3438 3616 sibi
3486 3577 3641 3618 acce-

2062 3661 2209 3730 pisse
2269 3659 2613 3722 viderentur,
2657 3659 3038 3715 exclamabant
3073 3676 3090 3713 :
3124 3657 3275 3722 Tibi,
3313 3658 3638 3728 imperator,

2058 3750 2226 3805 Deum
2255 3762 2466 3820 patrem
2507 3750 2784 3819 appellare
2819 3749 3106 3814 convenit,
3147 3758 3202 3803 et
3256 3748 3326 3802 ab
3371 3764 3435 3802 eo
3465 3747 3639 3802 libere

2057 3851 2414 3912 peccatorum
2467 3841 2687 3895 veniam
2726 3855 2976 3910 poscere,
3015 3840 3110 3910 qui
3144 3839 3381 3895 debitori
3413 3848 3509 3892 tuo
3542 3839 3638 3892 de-

2053 3940 2168 3995 bita
2201 3940 2485 4015 dimisisti.
2519 3939 2616 3993 llis
2641 3956 2706 3995 ac
2733 3939 3010 3994 similibus
3049 3940 3296 4010 jactatis,
3324 3946 3675 4027 conventus.
3707 3973 3718 3980 -

2053 4049 2178 4088 cum
2213 4040 2437 4100 stupore
2467 4039 2523 4084 et
2556 4031 2757 4100 gaudio
2789 4033 3000 4086 solutus
3031 4040 3135 4085 est.

381 4124 468 4178 ἐτι
498 4123 804 4192 δυναμένου
836 4121 944 4174 τῶν
997 4123 1076 4183 εἰς
1128 4120 1231 4190 ἐμὲ
1288 4121 1697 4191 ἡμαρτημένων
1729 4121 1962 4186 εὐθύνας
2001 4125 2276 4178 ἀπαιτεῖν.
2342 4122 2585 4176 Τοιαῦτα
2664 4123 2765 4193 μὲν
2818 4123 2847 4174 ὁ
2919 4122 3176 4194 βασιλεὺς
3221 4123 3356 4192 πρὸς
3410 4122 3639 4192 Μάρκον

380 4213 564 4269 εἶπεν.
607 4217 668 4267 Oi
706 4214 974 4284 παρόντες
999 4214 1077 4276 δὲ,
1110 4212 1399 4266 ἀλλόκοτον
1437 4213 1537 4284 μέν
1597 4231 1720 4267 τινα
1785 4215 2016 4285 δψεσθαι
2057 4213 2204 4293 ἰδέαν
2235 4215 2464 4269 θανάτου
2512 4216 2944 4286 προσδοκῶντες,
2982 4217 3174 4270 ἔπειτα
3200 4215 3460 4286 ἐξαίφνης
3488 4217 3637 4284 παρά

378 4304 544 4369 δόξαν
575 4310 667 4358 τὸν
694 4307 772 4369 εἰς
809 4307 898 4358 τὸν
925 4306 1180 4376 ’Μάρκον
1205 4304 1300 4358 τοῦ
1349 4304 1614 4374 βασιλέως
1645 4306 1817 4373 ἔλεον,
1848 4309 1946 4361 καὶ
1984 4310 2084 4380 τὴν
2114 4308 2398 4373 σώζουσαν
2427 4309 2608 4378 ψῆφον
2675 4308 2879 4372 ἰδόντες
2950 4307 3419 4378 ἐξενηνεγμένην,
3472 4305 3638 4357 ἐθαύ-

386 4401 561 4470 μαζόν
632 4419 692 4454 τε
745 4403 844 4470 τῆς
902 4399 1251 4471 συμπαθείας
1316 4402 1407 4454 τὸν
1461 4400 1712 4471 βασιλέα,
1769 4403 1989 4476 καὶτῷ
2069 4406 2284 4476 Μάρκῳ
2351 4407 2676 4474 συνέχαιρον
2735 4403 2833 4472 τῆς
2910 4403 3209 4473 σωτηρίας,
3271 4403 3366 4456 καὶ
3423 4401 3636 4455 οἰκείαν

381 4497 620 4558 ἕκαστος
683 4497 926 4556 οἰόμενοι
977 4497 1076 4566 τὴν
1120 4495 1466 4564 εὐεργεσίαν,
1522 4497 1612 4549 Σοὶ
1647 4500 1950 4568 προσήκειν
1987 4501 2196 4568 ελεγον,
2255 4498 2502 4572 βασιλεῦ,
2538 4498 2752 4569 πατέρα
2782 4497 2873 4550 τὸν
2897 4497 3030 4550 Θεὸν
3095 4496 3504 4558 ἐπικαλεῖσθαι,
3540 4496 3636 4547 καὶ

384 4587 527 4653 μετά
559 4589 875 4658 παρρησίας
907 4589 1016 4643 τῶν
1040 4587 1458 4657 ἡμαρτημένων
1519 4589 1618 4659 τὴν
1685 4591 2021 4662 συγγνώμην
2060 4594 2259 4658 αἰτεῖν,
2313 4593 2388 4658 ὡς
2423 4595 2641 4664 ἀφιέντι
2675 4591 2752 4662 τῷ
2811 4590 3286 4663 προσκεκρουκότι
3316 4595 3386 4642 τά
3423 4589 3635 4660 όφειλόυ

383 4698 548 4750 μενα.
587 4682 804 4735 Τούτων
850 4682 1132 4734 καίτινων
1183 4682 1390 4753 ἐτέρων
1445 4682 1706 4739 τοιούτων
1749 4685 1850 4738 ὑπὸ
1891 4687 1984 4738 τοῦ
2027 4687 2268 4758 πλήθους
2329 4689 2640 4759 εἰρημένων
2673 4687 3060 4758 σὺνέκπλήξει
3106 4686 3199 4738 καὶ
3227 4687 3420 4756 χαρᾷὸ
3449 4684 3634 4736 σύλλοο

378 4789 477 4844 γος
507 4776 751 4847 διελύθη.

1699 4877 1706 4881 ’
1744 4896 1903 4988 1‘95
1943 4897 2170 4954 CAPUT
2207 4899 2272 4953 ιι.
2745 4933 2786 4955 -

377 4996 608 5064 Magnus
642 4996 954 5049 domesticus
985 4994 1055 5048 ad
1091 4995 1456 5066 patriam/iam
1485 4995 1736 5066 episcopis
1777 4994 2224 5048 reconciliandam
2248 4997 2457 5060 missus,
2494 4997 2626 5050 nihil
2641 5000 2916 5065 agit:dies
2941 4999 3133 5062 iudicio
3158 5001 3527 5066 praestituitur.
3561 4999 3636 5052 De
3694 5011 3704 5020 ’

456 5075 629 5119 mente
658 5066 928 5138 domestici
961 5065 1338 5138 qua'stiointer
1368 5064 1665 5138 episcopos.
1687 5064 1793 5118 Pro
1824 5067 1928 5138 reis
1966 5067 2077 5134 ipse
2118 5067 2415 5120 orationem
2457 5068 2609 5121 habet
2656 5064 3094 5136 deprecatort’am,
3153 5064 3201 5122 et
3241 5071 3634 5138 partriarcham

453 5137 902 5206 ﬂectit.Absoluti
956 5135 1159 5204 gratias
1213 5135 1524 5204 imperatori
1581 5142 1781 5206 agunt,
1839 5137 1930 5205 qui
1983 5138 2177 5189 amicos
2233 5139 2517 5204 separatim
2583 5135 2979 5203 remuneratus,
3041 5135 3384 5192 communiter
3435 5138 3640 5190 civitati.

450 5207 728 5274 benefacit.

452 5325 716 5388 Βισιλεὺς
737 5325 794 5380 δὲ
818 5325 875 5378 τὸ
899 5325 995 5379 καὶ
1018 5326 1140 5386 τοὺς
1162 5324 1238 5395 τῷ
1258 5317 1572 5393 πατριάρχῃ
1590 5339 1958 5395 προσκεκρου-

2133 5323 2404 5378 Czeterum
2441 5323 2736 5392 imperator
2783 5322 3068 5392 indignum
3112 5331 3296 5385 ratus,
3331 5338 3436 5376 non
3471 5320 3650 5375 etiam
3691 5333 3700 5350 ι

379 5421 549 5484 κότας
564 5419 857 5488 ἀρχιερέας
885 5417 959 5487 μὴ
981 5418 1163 5486 τυχεῖν
1177 5413 1509 5485 συγγνώμης
1531 5413 1830 5484 ἡγούμενος
1851 5414 1953 5467 οὐκ

2061 5429 2086 5467 a
2119 5411 2428 5482 patriarcha
2478 5411 2684 5483 ignosci
2717 5412 3057 5482 episcopis,a
3088 5411 3288 5481 quibus
3315 5422 3431 5464 erat
3456 5410 3633 5465 oﬂ‘en-

378 5512 633 5577 ἀνεκτὸν,
682 5515 778 5564 τὸν
827 5510 1000 5580 μέγαν
1047 5508 1366 5578 δομέστικον
1416 5506 1628 5575 έπεμψε
1679 5508 1814 5575 πρὸς
1862 5507 1953 5560 τὸν

2061 5521 2178 5571 sus,
2237 5519 2490 5574 magnum
2545 5501 2904 5557 domesticum
2940 5503 3132 5569 mittit,
3182 5502 3277 5572 qui
3335 5503 3481 5556 velut
3529 5519 3632 5558 suo

379 5603 731 5676 πατριάρχην
761 5602 1137 5672 διαλεξόμενον
1167 5601 1265 5666 μὲν
1296 5601 1464 5670 αὐτῷ,
1485 5601 1580 5652 καὶ
1602 5597 1677 5662 ώς
1698 5598 1756 5663 ὲξ
1789 5597 1955 5651 αὐτοῦ

2063 5598 2286 5652 nomine
2315 5605 2440 5651 eum
2479 5610 2544 5650 eo
2573 5594 2640 5649 de
2674 5592 3124 5648 reconciliatione
3153 5601 3380 5662 ageret;
3436 5606 3500 5646 ac
3534 5606 3632 5662 per

380 5696 526 5749 ύπὲο
565 5695 667 5762 τῆς
709 5697 844 5764 πρὸς
873 5694 1000 5757 τοὺς
1035 5694 1330 5763 ἀρχιερέας
1361 5690 1654 5764 διαλλαγῆς
1676 5729 1692 5758 ,
1731 5690 1828 5743 καὶ
1864 5689 1956 5760 ἀφ’

2065 5705 2145 5754 se,
2179 5697 2442 5758 quantum
2479 5685 2594 5744 ﬁeri
2644 5694 2847 5755 posset,
2901 5685 3019 5752 paci
3084 5685 3368 5751 iungendae
3405 5698 3628 5741 operam
