4156 6300
511 267 616 330 415

1689 269 2015 333 JOANNIS
2052 272 2583 336 CANTACUZENI

3645 271 3752 338 416

513 389 686 442 daret.
712 381 1082 445 Domesticus,
1113 380 1344 451 magnis,
1373 389 1428 434 et
1455 379 1666 434 iteratis
1685 380 1945 449 precibus
1975 393 2075 448 pro

2202 379 2376 433 ιαυτοῦ
2404 381 2462 434 δέ
2479 381 2602 435 καθ’
2629 381 2752 434 ὅσον
2782 381 2847 435 ἂν
2876 373 2988 434 οἷόν
3011 397 3069 433 τε
3153 379 3626 452 ἐπιμελησόμενον
3653 370 3751 452 τῆς

511 476 786 548 episcopis
812 490 996 538 orans,
1025 473 1160 528 nihil
1206 470 1405 526 effecit.
1453 471 1762 525 Tenebatur
1823 470 1967 525 enim
1995 470 2076 524 ira

517 567 887 628 irrevocabili,
945 565 1441 633 proﬁtebaturque,
1476 580 1584 616 non
1614 578 1674 617 se
1709 573 1833 617 ante
1861 564 2079 630 ignotu-

518 677 659 723 rum,
689 674 851 726 quam
887 657 966 710 illi
1018 656 1258 710 audaciae
1288 670 1402 712 suae
1431 670 1619 724 poenas
1648 656 2037 723 persolvissent
2058 696 2074 721 ,

518 749 734 802 etiamsi
790 747 987 800 caelum
1045 753 1252 800 rueret.
1307 745 1496 813 Neque
1544 761 1602 799 se
1639 745 1847 800 idcirco
1899 745 2078 809 secius

519 841 720 900 facere,
750 840 794 894 si
825 838 1171 907 adjudicium
1197 830 1667 906 eos'provocaret.
1692 836 1827 892 Tum
1855 853 2080 908 magnus

521 931 858 986 domesticus
903 949 918 983 :
949 928 1114 999 Atqui
1149 929 1322 998 impar
1351 931 1458 984 erit
1491 933 1562 984 in.
1583 931 1685 985 hoc
1721 930 1932 1001 judirio
1965 931 2080 984 liti-

520 1023 763 1091 gantium
795 1022 1058 1086 conditio,
1111 1022 1156 1076 si
1193 1031 1246 1075 tu
1283 1022 1445 1093 judcx
1511 1023 1672 1077 simul
1707 1033 1764 1077 et
1795 1031 2082 1077 accusator

523 1115 746 1178 sedeas,
782 1115 996 1184 ipsique
1027 1116 1277 1169 eumdem
1323 1114 1557 1182 experiri
1591 1115 1991 1180 adversarium,
2026 1122 2084 1169 et

521 1204 784 1258 arbitrum
845 1213 1129 1272 cogantur.
1163 1202 1258 1258 Sin
1316 1201 1474 1258 fidem
1534 1203 1665 1266 das,
1701 1214 1750 1257 te
1778 1205 1866 1272 jus
1895 1219 2082 1258 eorum

467 1303 474 1308 '
522 1313 630 1351 non
693 1297 1103 1367 neglecturum,
1157 1311 1336 1364 neque
1367 1313 1430 1350 ex
1461 1296 1542 1348 ira
1581 1295 1762 1364 potius
1814 1311 1975 1364 quam
2018 1310 2086 1350 ex

523 1389 779 1457 aequitate
810 1403 896 1442 res
951 1387 1321 1456 judicaturum
1355 1429 1371 1452 ,
1429 1387 1520 1442 die
1575 1387 1718 1443 dicta
1749 1403 1808 1442 se
1862 1388 2082 1443 sistent.

525 1481 726 1536 Contra
754 1479 1093 1548 patriarcha:
1129 1478 1424 1533 Causarum
1470 1479 1782 1549 hujusmodi
1814 1479 2086 1548 cognitio-

527 1590 652 1628 nem
691 1588 862 1626 meam
885 1611 900 1635 ,
935 1572 1376 1641 reliquorumque
1441 1572 1670 1625 fratrum
1705 1571 2086 1640 episcoporum

2179 473 2421 543 εἰρήνης.
2479 475 2575 534 Ὀς
2623 472 2758 542 πρὸς
2803 473 3153 543 πατριάρχην
3195 471 3389 540 ἐλθὼν,
3438 476 3532 528 καὶ
3582 461 3752 530 πολλά

2178 563 2440 624 πολλάκις
2476 563 2616 632 ὑπὲρ
2656 564 2767 616 τῶν
2811 563 3115 633 ἀρχιερέων
3169 564 3406 634 δεηθεὶς,
3465 559 3589 619 ἐπεὶ
3622 570 3752 638 ήνυε

2184 654 2371 724 μηδὲν,
2418 654 2536 706 ἀλλ’
2576 654 2975 724 ἀπαραιτήτως
3021 657 3050 708 ό
3085 657 3438 728 πατριάρχης
3491 660 3602 728 εῖχε
3655 663 3754 729 τῆς

2179 746 2372 815 ὀργῆς,
2402 745 2496 798 καὶ
2529 745 2639 798 οὐδ’
2669 744 2761 808 ἀν,
2797 747 2852 798 ετ
2879 763 2931 798 τι
2969 748 3206 813 γένοιτο,
3241 749 3576 820 συγγνώμην
3600 751 3751 820 ἔλεγε

2181 841 2506 909 παρασχεῖν,
2541 839 2588 889 εί
2623 837 2698 907 μὴ
2722 839 2878 907 δίκην
2905 838 3045 890 δοῖεν
3067 841 3338 910 πρίτερον
3362 842 3471 894 τῶν
3489 845 3755 912 τετολμη-

2185 931 2384 999 μένων,
2416 932 2509 982 καὶ
2549 930 2672 983 οὐδὲ
2696 930 2905 983 ἀδικεῖν
2928 930 3112 998 ἔλεγεν
3143 934 3191 984 εί
3221 933 3315 985 ἐπὶ
3349 933 3507 1002 δίκην
3549 952 3755 1004 προκα-

2181 1025 2356 1078 λεῖται
2395 1040 2410 1054 ο
2439 1023 2735 1076 ὑπολαὸὼν
2774 1025 2801 1076 6
2841 1024 3017 1092 μέγας
3061 1024 3383 1095 δομέστικος
3422 1044 3436 1059 ’
3473 1027 3613 1080 Ἀλλ’
3653 1029 3754 1082 οὐκ

2183 1117 2249 1171 ἂν
2279 1118 2364 1186 εῖη
2400 1116 2484 1168 σοί
2511 1132 2572 1167 τε
2602 1115 2880 1185 κάκείνοις
2913 1115 2972 1178 ἐξ
3003 1115 3118 1168 ῐσου
3165 1115 3234 1169 τὰ
3260 1117 3359 1186 τῆς
3397 1117 3576 1188 δίκης,
3626 1118 3750 1188 ἔφη,

2185 1210 2233 1261 εί
2266 1208 2332 1260 σὺ
2387 1207 2488 1276 μὲν
2543 1206 2743 1276 καθεδῇ
2779 1206 3018 1269 δικάζων
3053 1223 3116 1258 τε
3167 1206 3282 1274 ἅμα
3330 1207 3426 1259 καὶ
3485 1210 3750 1275 ἐγκαλῶν,

2185 1300 2343 1352 αὐτοὶ
2392 1299 2448 1351 δὲ
2489 1297 2566 1367 τῷ
2611 1299 2758 1368 αὑτῷ
2807 1299 3066 1366 ’διαιτητῇ
3099 1314 3159 1350 τε
3213 1297 3330 1368 άμα
3359 1301 3754 1366 ἀναγκάζοιντο

2185 1392 2424 1460 χρῆσθαι
2451 1391 2541 1442 καὶ
2577 1389 2887 1460 κατηγόρῳ.
2925 1390 2982 1442 El
3013 1389 3072 1441 δὲ
3129 1389 3204 1459 μὴ
3244 1391 3555 1459 πρόψεσθαι
3587 1393 3648 1444 τδ
3675 1394 3755 1444 δίο

2186 1497 2340 1533 καιον
2395 1480 2597 1542 αὐτῶν,
2649 1481 2788 1550 μήτε
2848 1478 2954 1550 μὴν
3004 1469 3144 1550 ὀργῇ
3194 1479 3392 1549 μᾶλλον
3449 1481 3648 1552 ῆαὺτῇ
3687 1485 3750 1552 τῇ

2187 1572 2415 1640 δυνάμει
2446 1571 2542 1624 τοῦ
2593 1571 2808 1624 δικαίου
2860 1571 2928 1624 τά
2962 1572 3264 1641 πράγματα
3297 1572 3546 1626 δικάσειν
3588 1576 3756 1641 ἐπαγ-

525 1680 668 1729 esse,
707 1679 774 1718 ne
825 1671 875 1716 te
907 1662 1126 1732 quidem
1165 1662 1314 1715 latet.
1351 1660 1555 1716 Tamen
1605 1663 1731 1732 quia
1762 1679 1912 1717 nunc
1939 1663 2088 1732 ipsos

2202 1664 2379 1734 γέλλῃ,
2415 1665 2819 1732 ἀπαντήσουσιν
2843 1663 2934 1716 ἐπὶ
2972 1664 3032 1716 τὸ
3062 1664 3415 1733 δικαστήριον
3451 1667 3635 1734 ἡμέρα
3662 1684 3756 1718 τα-

525 1768 783 1824 tanquam
811 1755 970 1808 lessus
998 1755 1050 1807 in
1081 1753 1346 1822 judicium
1362 1753 1638 1821 pertraho,
1671 1770 1780 1807 non
1817 1763 1873 1808 ut
1896 1755 2087 1823 judex,

528 1849 624 1901 sed
661 1855 719 1900 ut
755 1861 903 1909 reus,
944 1845 1066 1898 aliis
1089 1845 1360 1914 episcopis
1379 1847 1467 1916 jus
1493 1847 1845 1902 reddentibus
1867 1849 2090 1904 sedebo.

529 1938 682 2004 Quod
709 1938 755 1994 si
788 1938 871 1992 vel
905 1938 1018 2006 ipse
1045 1937 1312 2006 judicium
1339 1953 1679 2005 exercerem,
1711 1956 1988 2011 nunquam
2024 1957 2092 1996 eo

530 2031 778 2094 insanire,
813 2029 1189 2084 insolentiaeve
1215 2030 1595 2098 progrederer,
1633 2039 1691 2084 ut
1721 2031 1857 2084 iram
1901 2033 2090 2102 magis,

531 2138 693 2190 quam
729 2129 928 2175 rectam
965 2121 1227 2174 rationem
1253 2121 1306 2174 in
1345 2121 1644 2191 judicando
1673 2121 1868 2176 ducem
1896 2138 2094 2192 seque-

533 2231 623 2269 rcr
653 2234 666 2270 :
699 2231 845 2269 nunc
878 2215 1242 2282 potissimum,
1277 2215 1495 2283 quando
1529 2203 1635 2268 non
1672 2230 1768 2284 pro
1800 2216 1908 2270 alio
1931 2216 2096 2286 (esset

529 2309 676 2362 enim
716 2309 898 2376 aliqua
924 2305 1130 2376 venia),
1153 2305 1246 2359 sed
1287 2321 1386 2374 pro
1417 2321 1501 2359 me
1526 2306 1851 2362 sententiam
1885 2307 2094 2361 laturus

527 2397 859 2453 essetin/Die
897 2388 1064 2465 igitur
1091 2393 1381 2463 praefinito,
1415 2410 1525 2464 quo
1552 2396 1794 2464 episcopi
1826 2396 2092 2466 judicium

529 2491 1010 2556 obirent,magnus
1040 2485 1376 2541 domesticus
1417 2487 1697 2549 valedixit,
1718 2503 1782 2542 ac
1817 2489 2090 2544 discessit.

529 2582 666 2634 Tum
697 2579 1007 2648 patriarcha
1047 2578 1408 2648 praesentibus
1446 2578 1547 2641 ait,
1594 2579 1810 2633 nescire
1853 2595 1931 2644 se,
1961 2581 2095 2650 quid

536 2673 641 2726 sibi
679 2671 834 2736 velit,
855 2671 1002 2739 quod
1031 2669 1364 2723 domesticus
1401 2668 1465 2721 ad
1497 2669 1764 2738 judicium
1798 2669 2096 2726 candicat:

536 2771 632 2816 aut
669 2777 776 2830 qua
830 2775 889 2814 re
914 2762 1173 2823 conlisus,
1210 2759 1498 2827 episcopos
1553 2751 1692 2812 adeo
1725 2775 1826 2814 suo
1854 2760 2095 2828 ipsorum

534 2853 741 2924 judicio
763 2852 875 2921 jam
906 2853 1216 2917 damnatos,
1246 2852 1312 2906 ad
1343 2866 1561 2905 causam
1586 2850 1868 2906 dicendam
1900 2867 2098 2907 occur-

539 2960 700 2999 suros
758 2942 1063 3013 promittat,
1125 2930 1230 2996 nisi
1283 2942 1405 2995 novi
1442 2940 1722 3010 quidpiam
1779 2941 2096 2997 fabricetur.

2192 1774 2314 1827 κτῃ.
2354 1755 2412 1809 Ὀ
2463 1755 2812 1825 πατριάρχης
2849 1755 2905 1809 δέ
2939 1772 2955 1787 ⁶
2987 1756 3059 1807 Τὸ
3103 1754 3225 1826 ’μὲν
3256 1757 3382 1825 ἐμοὶ
3438 1758 3542 1825 τὴν
3601 1758 3757 1825 δίκην

2192 1849 2493 1914 προσήκειν
2527 1845 2636 1897 τῶν
2679 1844 2939 1897 τοιούτων
2989 1844 3084 1896 καὶ
3124 1845 3237 1907 τοῖς
3264 1844 3474 1905 λοιποῖς
3505 1843 3756 1910 ἀδελφοῖς

2190 1941 2302 2002 τοῖς
2352 1937 2702 2008 ἀρχιερεῦσιν
2723 1977 2737 2002 ,
2791 1938 2892 1989 οὐκ
2921 1937 2986 1989 ἂν
3029 1936 3140 1989 οὐδ’
3169 1935 3355 2000 αὐτὸς,
3385 1931 3560 1999 εἶπεν,
3589 1937 3758 2006 ἀρνη-

2194 2031 2364 2102 θείης.
2393 2031 2515 2084 Ὅτι
2546 2030 2601 2083 δὲ
2635 2031 2797 2092 αὐτὸς
2829 2029 2904 2092 ὠς
2942 2030 3274 2099 ἠδικημένος
3298 2032 3378 2092 εἰς
3407 2031 3761 2098 δικαστήριον

2191 2124 2337 2178 ἐλκω
2372 2123 2487 2184 νῦν,
2535 2124 2596 2176 οὐ
2623 2122 2910 2190 δικαστὴς,
2957 2122 3098 2176 ἀλλά
3142 2123 3468 2193 κρινόμενος
3511 2125 3762 2177 καθεδοῦ-

2199 2233 2297 2285 μαι
2351 2214 2460 2266 τῶν
2493 2213 2671 2267 ἀλλων
2701 2212 3036 2276 δικαζόντων
3087 2213 3418 2282 ἀρχιερέων.
3457 2213 3519 2266 Et
3565 2214 3608 2266 δ’
3655 2215 3760 2282 ἄρα

2193 2306 2471 2374 δικάζοιμι
2527 2307 2623 2358 καὶ
2655 2305 2839 2369 αὐτὸς,
2901 2306 2974 2376 μή
3033 2322 3165 2358 ποτε
3195 2305 3451 2358 τοσοῦτον
3511 2308 3758 2375 μανείην,

2199 2399 2324 2467 μηδ’
2357 2397 2587 2461 ἀτοπίας
2645 2399 2723 2459 είς
2774 2397 3030 2450 τοσοῦτον
3068 2397 3409 2465 ἐξελάσαιμι,
3451 2397 3594 2450 ὥστε
3627 2398 3760 2468 ὀργῇ

2193 2490 2436 2556 δικάζειν
2469 2490 2566 2543 καὶ
2599 2489 2674 2558 μὴ
2710 2490 2825 2550 τοῖς
2855 2488 3038 2558 ὀρθοῖς
3093 2489 3223 2558 περὶ
3269 2489 3380 2543 τῶν
3422 2489 3764 2557 πραγμάτων

2195 2583 2501 2652 λογισμοῖς,
2532 2583 2624 2636 καὶ
2679 2580 2914 2651 μάλιστα
2941 2579 3080 2642 νυνὶ,
3131 2582 3207 2634 ὅτ’
3234 2576 3333 2650 οὐχ
3379 2581 3520 2650 ὑπὲρ
3553 2579 3762 2648 ἐτέρου,

2199 2671 2290 2745 (ἦν
2321 2674 2428 2744 γὰρ
2467 2675 2533 2728 ἀν
2561 2689 2647 2736 τις
2699 2671 3051 2742 συγγνώμη),
3101 2671 3220 2725 ἀλλ’
3248 2671 3339 2724 ὅτε
3364 2673 3498 2738 περὶ
3524 2669 3768 2739 ἐμαυτοῦ

2196 2769 2294 2837 τὴν
2322 2767 2504 2835 ψῆφον
2530 2763 2752 2831 ἐξάγειν
2785 2763 2986 2832 μέλλοι.
3017 2763 3128 2816 Καὶ
3163 2761 3430 2826 τάξαντες
3469 2761 3686 2832 ἡμέραν
3711 2761 3771 2812 ἐν

2198 2854 2233 2930 ἦ
2256 2857 2592 2928 παρέσονται
2623 2858 2820 2918 πάντες
2849 2856 3218 2933 οῖθάρχιερεῖς,
3240 2853 3312 2915 ὡς
3329 2855 3428 2922 τῆς
3457 2853 3617 2922 δίκης
3645 2855 3766 2905 ἐσο-

2205 2951 2395 3018 μένης,
2423 2950 2451 3000 ὀ
2487 2950 2662 3018 μέγας
2697 2947 2798 3018 μὲν
2837 2944 3264 3018 δομέστικοςσῷ
3296 2945 3616 3015 πατριάρχῃ
3649 2961 3771 2996 συν.

539 3037 672 3091 Pars
705 3035 1037 3104 respondere
1063 3073 1078 3095 ,
1114 3048 1184 3088 ne
1209 3047 1267 3087 se
1294 3031 1517 3102 quidem
1555 3031 1889 3101 prospicere,
1939 3047 2103 3101 quor-

2204 3042 2549 3112 ταξάμενος,
2602 3041 2787 3094 οἴκαδε
2846 3039 3167 3112 ἀπεχώρει·
3214 3040 3242 3092 ὁ
3306 3037 3654 3107 πατριάρχης
3714 3037 3770 3089 δὲ

543 3145 662 3182 sum
691 3137 820 3194 eat;
852 3143 977 3196 pars
1011 3166 1026 3191 ,
1082 3141 1140 3180 se
1195 3123 1490 3193 suspicari,
1543 3123 1688 3178 haud
1721 3124 1797 3178 illi
1831 3139 1947 3178 rem
1978 3139 2105 3180 vere

502 3285 510 3294 _
545 3221 846 3275 nuntiatam
885 3233 1003 3272 esse
1028 3259 1044 3283 ,
1073 3219 1164 3273 sed
1215 3218 1380 3271 variis
1414 3216 1573 3288 196
1619 3217 1966 3286 assiduisque
2012 3232 2110 3272 ne-

543 3311 742 3382 gotiis,
806 3321 861 3365 et
911 3309 1058 3364 curis
1119 3307 1626 3371 circumfluentem,
1678 3323 1798 3377 quae
1823 3308 2108 3375 audisset,

545 3405 838 3469 diligenter
871 3402 1210 3464 examinare,
1239 3416 1302 3456 ac
1334 3401 1667 3470 perpendere
1696 3415 1804 3454 non
1839 3400 2107 3469 potuisse.

549 3497 735 3565 Neque
769 3495 911 3547 enim
973 3493 1260 3562 probabile
1314 3509 1622 3564 apparere,
1676 3494 1723 3548 si
1785 3496 2110 3565 accepisset,

548 3584 824 3654 quomodo
859 3584 1060 3637 nullam
1098 3577 1428 3651 patriarcha:
1486 3585 1723 3653 culpam,
1756 3584 1852 3639 sed
1886 3584 2114 3640 manda-

555 3686 668 3734 tam
703 3674 970 3726 duntaxat
1015 3671 1363 3742 imperatoris
1406 3674 1806 3744 prqtendentes
1835 3673 2110 3738 venerint,

551 3779 788 3834 emnque
823 3780 920 3833 per
947 3779 1006 3819 se
1046 3779 1075 3816 a
1129 3778 1289 3834 grege
1315 3805 1330 3827 ,
1359 3773 1552 3819 contra
1599 3780 1760 3820 omne
1792 3767 1880 3837 jus
1923 3775 1980 3820 ct
2034 3766 2115 3820 fas

550 3857 860 3928 abegerint,
906 3865 961 3910 et
992 3871 1098 3909 non
1140 3871 1320 3920 secus,
1367 3872 1529 3926 quam
1587 3857 1860 3912 dirissimo
1911 3860 2116 3916 scelere

466 3937 471 3942 ’
517 3961 825 4013 οηοιιιιιιηι,
878 3949 934 4002 in
963 3964 1238 4004 carcerem
1294 3948 1684 4015 condiderint;
1718 3950 1773 4003 in
1814 3951 2115 4006 Ecclesiam

553 4042 660 4095 sibi
695 4040 1077 4095 auctoritatem
1121 4040 1444 4110 arrogarint,
1503 4050 1562 4094 ct
1605 4055 1730 4095 cum
1781 4051 1963 4096 essent
2014 4042 2116 4110 ipsi

553 4131 902 4201 iujnstissimi
960 4141 1124 4199 atque
1171 4130 1507 4195 avarissimi,
1568 4131 1825 4199 populum
1861 4129 2118 4200 perfricta

557 4227 736 4281 fronte
765 4227 833 4280 de
860 4225 1064 4279 virtute
1093 4225 1411 4288 docuerint;
1440 4224 1572 4294 quin
1607 4225 1772 4278 etiam
1798 4224 1866 4277 ob
1901 4225 2120 4292 rapinas

517 4371 520 4378 .
554 4335 682 4374 suas
711 4319 881 4390 gloria
909 4334 991 4380 se,
1028 4329 1081 4372 et
1115 4318 1502 4387 praedicatione
1523 4317 1845 4380 extulerint,
1881 4317 2015 4369 tales
2066 4317 2118 4369 in

2210 3135 2348 3206 πρὸς
2397 3135 2528 3196 τοὺς
2572 3133 2852 3202 παρόντας
2896 3133 3112 3199 ἀγνοεῖν
3149 3131 3251 3200 ἔφη
3295 3130 3323 3183 ὅ
3354 3146 3406 3182 τι
3440 3128 3520 3199 τῷ
3550 3128 3774 3197 μεγάλῳ

2207 3227 2514 3298 δομεστίκῳ
2539 3227 2640 3296 τὴν
2692 3225 2829 3297 πρὸς
2856 3223 2957 3295 τὴν
2989 3224 3150 3292 δίκην
3172 3221 3511 3290 ἐπαγγελίαν
3532 3224 3697 3283 νοεῖν,
3737 3221 3774 3291 ἡ

2205 3317 2313 3371 τίνι
2344 3316 2653 3387 θαρροῦντα
2686 3315 2826 3387 πρὸς
2864 3313 2964 3384 τὴν
3009 3314 3170 3382 δίκην
3202 3312 3616 3383 ἀπαντήσεσθαι
3648 3312 3773 3375 τοὺς

2207 3409 2502 3478 ἀρχιερέας
2536 3406 2728 3474 φάναι,
2777 3403 2953 3468 οὕτως
2990 3403 3492 3474 αὑτοκατιικρίτους
3523 3402 3705 3465 ὄντας,
3727 3403 3774 3453 εί

2212 3497 2286 3566 μή
2309 3513 2362 3549 τι
2394 3495 2708 3565 καινότερον
2735 3494 3081 3563 ἐπινενόηται
3117 3492 3286 3562 αὐτῷ.
3321 3493 3383 3546 υἱ
3408 3492 3673 3563 παρόντες
3697 3492 3775 3555 δὲ,

2209 3589 2257 3641 οῖ
2293 3587 2391 3657 μὲν
2423 3585 2531 3639 οὐδ’
2563 3585 2718 3639 αὐτοὶ
2743 3585 2957 3654 ἔφασαν
2980 3585 3036 3638 τί
3083 3578 3346 3638 δύνασθαι
3391 3584 3658 3636 συνεῖναι.
3712 3583 3776 3635 οι

2209 3680 2267 3733 δὲ
2299 3677 2624 3733 ὑπώπτευον
2651 3678 2726 3747 μὴ
2752 3681 2852 3731 οὐκ
2881 3677 3059 3748 ἀληθῆ
3088 3675 3187 3746 τὴν
3215 3676 3344 3745 περὶ
3377 3674 3486 3728 τῶν
3516 3674 3777 3744 πραγμά-

2161 3801 2184 3826 κ
2212 3771 2320 3826 τῶν
2355 3771 2512 3841 ἔσχεν
2538 3769 2882 3837 ἀπαγγελίαν
2903 3785 2919 3802 ο
2950 3768 3066 3824 ἀλλ’
3095 3767 3201 3821 ὑπὸ
3244 3767 3458 3820 πολλῶν
3500 3769 3595 3820 καὶ
3621 3784 3778 3820 συνε-

2211 3865 2324 3936 χῶν
2385 3864 2815 3934 περιρρεόμενος
2877 3861 3217 3931 φροντίδων,
3270 3861 3372 3912 οὐκ
3431 3861 3639 3930 ἀκριϐῆ
3681 3861 3779 3931 τὴν

2215 3958 2464 4022 ἐξέτασιν
2495 3957 2793 4020 ἐποιήσατο
2817 3953 2924 4006 τῶν
2945 3953 3344 4007 ἀκουσθέντων.
3381 3953 3456 4005 Οὐ
3491 3953 3598 4022 γάρ
3631 3954 3781 4004 ἐστιν

2217 4048 2366 4110 εἰκὸς
2399 4045 2708 4115 πυθόμενον
2742 4044 2872 4113 περὶ
2927 4042 3105 4095 αὐτῶν
3136 4042 3214 4105 ὡς
3267 4042 3355 4094 ἐπ’
3389 4042 3617 4114 οὐδεμιᾷ
3649 4061 3782 4113 προ-

2217 4141 2403 4210 φάσει,
2430 4137 2564 4191 ἀλλά
2585 4137 2723 4207 μόνῃ
2751 4138 2816 4206 τῇ
2854 4133 3148 4204 προστάξει
3177 4133 3473 4202 πυθόμενοι
3496 4134 3782 4203 βασιλέως,

2219 4231 2372 4286 αὑτοί
2416 4247 2475 4282 τε
2509 4228 2779 4294 ἐξήλασαν
2804 4225 3050 4288 ἐλθόντες
3077 4225 3174 4294 τῆς
3204 4225 3445 4295 ποίμνης
3469 4225 3540 4278 δι’
3574 4227 3783 4279 ἑαυτῶν

2221 4322 2374 4392 παρὰ
2403 4321 2579 4375 πάντα
2611 4319 2702 4372 τὸν
2727 4316 2819 4371 τοῦ
2854 4316 3065 4370 δικαίου
3090 4315 3270 4384 λόγον,
3304 4316 3399 4368 καὶ
3428 4316 3786 4370 κατέκλεισαν

554 4413 820 4490 judicium
883 4420 1148 4466 venturos
1199 4411 1636 4480 promissurum,
1681 4424 1745 4464 ac
1795 4423 1905 4461 non
1940 4406 2103 4476 potius

2223 4416 2281 4468 ἐν
2305 4387 2556 4486 ’φρουρᾷ
2602 4411 2790 4480 ὥσπερ
2834 4409 2957 4464 τινά
2989 4409 3098 4461 τῶν
3125 4409 3220 4462 ἐπὶ
3251 4409 3577 4470 δεινοτάτοις
3619 4410 3790 4461 ἑαλω-

559 4505 736 4572 ipsum
770 4503 1029 4556 omnibus
1062 4503 1216 4570 prius
1249 4500 1475 4555 calculis
1504 4515 1598 4554 eos
1627 4498 2118 4553 condemnaturum

559 4595 746 4648 fuisse.
779 4593 1005 4662 Excepit
1035 4592 1377 4662 patriarcha,
1412 4589 1555 4643 haud
1588 4589 1824 4643 absurde
1870 4589 2119 4652 locutos;

561 4701 619 4739 se
660 4685 1020 4738 nihilominus
1075 4683 1317 4736 nondum
1370 4680 1588 4742 adduci,
1620 4691 1677 4734 ut
1707 4681 1915 4744 credat,
1965 4679 2038 4734 ita
2064 4694 2122 4733 se

562 4793 674 4828 rem
701 4777 934 4839 habere;
965 4774 1061 4829 sed
1093 4774 1244 4827 illum
1292 4773 1582 4827 cumulata:
1619 4772 1922 4842 prudentia:
1946 4771 2120 4825 virum

563 4867 731 4937 (quod
781 4866 959 4920 sciant
991 4867 1205 4929 omnes)
1243 4865 1449 4934 aliquid
1478 4866 1850 4935 excogitasse,
1884 4862 2031 4934 quod
2067 4863 2122 4916 in

561 4974 806 5030 praesens
839 4957 946 5028 ipsi
969 4973 1078 5013 non
1101 4957 1453 5027 perspiciant.
1478 4955 1615 5021 Quia
1643 4971 1774 5010 vero
1804 4952 2126 5021 compromi-

562 5053 756 5115 serint,
793 5052 1082 5120 episcopos
1122 5064 1310 5102 omnes
1357 5048 1446 5102 die
1478 5048 1782 5117 praestituta
1811 5046 2120 5110 adfuturos,

561 5147 616 5199 id
647 5145 788 5198 facto
853 5143 1125 5216 complere
1198 5149 1475 5207 oportcre.
1531 5139 1633 5194 Ubi
1696 5138 1816 5193 dies
1863 5136 2126 5191 habendae

563 5235 768 5303 synodo
801 5233 1075 5286 nominata
1109 5231 1309 5292 illuxit,
1335 5230 1428 5299 qui
1465 5229 1520 5283 in
1566 5227 1901 5296 patriarcbio
1945 5234 2123 5292 erant,

563 5335 764 5396 praesto
796 5325 1036 5378 fuerunt.
1071 5323 1290 5390 Magnus
1323 5329 1502 5376 autem
1537 5320 1878 5374 domesticus
1913 5333 2126 5372 assum-

567 5419 676 5488 ptis
709 5416 984 5486 episcOpis
1035 5417 1160 5479 reis,
1191 5415 1468 5484 jussisque
1516 5429 1584 5467 ne
1633 5414 1831 5467 mutirc
1885 5411 2125 5481 quidem,

566 5506 1011 5576 quandoquidem
1047 5507 1162 5574 ipse
1212 5521 1403 5559 eorum
1458 5518 1680 5560 causam
1711 5511 2126 5565 acturusesset,

569 5614 692 5651 cum
722 5599 834 5652 illis
861 5598 1030 5653 veluti
1062 5615 1119 5654 se
1165 5599 1497 5654 defensurus
1535 5597 1865 5651 adventavit.
1890 5596 2129 5666 Congre-

575 5687 713 5756 gatis
757 5688 863 5757 jam
925 5688 1118 5743 eodem
1175 5689 1228 5742 in
1287 5689 1410 5744 loco
1473 5686 2129 5756 univcrsishpatriarcha

2222 4505 2416 4569 κάτων,
2450 4503 2604 4558 αὐτοί
2625 4521 2683 4556 τε
2702 4502 2792 4570 ὑφ’
2817 4503 3032 4560 ἑαυτοῖς
3059 4499 3390 4569 ἐποιήσαντο
3422 4501 3520 4570 τὴν
3554 4499 3787 4569 Ἰὲῖκκλη⁹

2225 4596 2366 4662 οἷαν,
2389 4597 2484 4650 καὶ
2503 4597 2568 4650 τὰ
2608 4595 2842 4664 μέγιστα
2867 4593 3182 4655 ἀδικοῦντες
3213 4592 3310 4645 καὶ
3335 4591 3789 4654 πλεονεκτοῦντες

2224 4683 2500 4737 ἐδίδασκον
2533 4682 2626 4735 τὸν
2650 4682 2777 4734 λαὸν
2809 4681 2942 4751 περὶ
2984 4681 3208 4749 ἀρετῆς,
3237 4679 3372 4749 μηδὲ
3405 4677 3787 4748 ἐρυθριῶντες,

2225 4775 2361 4830 ἀλλὰ
2393 4775 2488 4828 καὶ
2520 4773 2910 4844 σεμνυνόμενοι
2947 4774 3011 4844 τῇ
3066 4772 3314 4840 ἁρπαγῇ,
3344 4768 3788 4838 ἐπαγγέλλεσθαι

2225 4869 2421 4927 αὐτοὺς
2449 4867 2787 4937 ἀπαντήσειν
2815 4867 2895 4927 εῖς
2926 4865 3025 4936 τὴν
3043 4865 3220 4933 δίκην.
3248 4862 3423 4924 Αὐτὸς
3458 4862 3567 4930 γὰρ
3592 4860 3658 4913 ἂν
3691 4861 3790 4913 αῦ-

2224 4959 2334 5014 τῶν
2354 4958 2594 5020 ἀπάσαις
2628 4959 2889 5026 πρότερον
2916 4957 3183 5023 κατέγνω.
3235 4954 3295 5006 '0
3333 4951 3683 5021 πατριάρχης
3710 4949 3788 5012 δὲ,

2226 5051 2351 5105 νοῦν
2384 5051 2479 5117 μὲν
2499 5050 2701 5118 αὐτοὺς
2730 5047 2833 5117 ἔφη
2865 5047 3024 5115 λόγον
3055 5046 3250 5116 ἔχοντα
3291 5043 3595 5114 εἰρηκέναι,
3631 5039 3790 5095 αὑτὸν

2227 5141 2286 5194 δέ
2337 5139 2412 5208 μὴ
2446 5137 2731 5190 πείθεσθαι
2789 5135 2961 5197 οὕτως
2993 5129 3168 5186 εἶναι’
3222 5132 3360 5186 ἀλλά
3390 5149 3442 5183 τι
3476 5130 3568 5183 τὸν
3620 5130 3789 5198 μέγαν

2227 5230 2546 5300 δομέστικον
2570 5226 2998 5298 ἐπινενοηκέναι,
3031 5224 3298 5296 βαθείαις,
3324 5221 3577 5288 καθάπερ
3611 5218 3786 5287 ῖσμεν,

2226 5318 2572 5390 κεχρημένον
2625 5317 2746 5379 ταῖς
2796 5315 3012 5384 φρεσὶν,
3047 5313 3076 5366 δ
3124 5311 3217 5363 νῦν
3243 5310 3394 5380 ἡμᾶς
3429 5305 3789 5390 μὴδύνασθαι

2229 5411 2390 5462 νοεῖν.
2440 5408 2596 5460 Ἐπεὶ
2623 5407 2681 5459 δέ
2707 5403 3154 5474 ἐπηγγειλάμεθα
3184 5403 3307 5462 τοὺς
3333 5389 3629 5470 ἀρχιερέας
3652 5396 3786 5447 πάν-

2230 5518 2326 5562 τας
2358 5499 2438 5562 είς
2481 5498 2580 5569 τὴν
2627 5497 2972 5565 τεταγμένην
3012 5494 3224 5562 ἡμέραν
3250 5488 3543 5550 συνελθεῖν,
3565 5485 3594 5537 δ
3621 5487 3794 5551 ἐπηγ-

2231 5591 2554 5660 γειλάμεθα,
2587 5591 2677 5644 καὶ
2724 5589 2904 5659 ἔργοις
2952 5586 3256 5652 ἀναγκαῖον
3316 5578 3648 5648 ἐκπληροῦν.
3679 5577 3792 5643 Τῆς

2235 5681 2572 5753 προθεσμίας
2608 5680 2662 5733 δὲ
2693 5678 2956 5747 ἐλθούσης
2994 5679 3051 5730 ὲν
3178 5671 3286 5727 τῶν
3342 5669 3647 5740 ἀρχιερέων
3692 5665 3791 5737 τὴν
