4156 6300
381 370 509 466 4:1

1536 379 2088 441 HISTORIARUM
2133 382 2366 444 LIBER
2407 384 2486 445 II.

3534 393 3640 460 418

382 485 612 542 σύνοδον
642 484 750 538 ἔδει
783 479 948 551 εἶναι,
977 487 1026 539 oi
1069 487 1166 557 μὲν
1201 489 1260 542 έν
1303 493 1687 564 πατριαρχείῳ
1714 491 1968 564 παρῆσαν

2073 493 2364 564 episcopos
2395 511 2681 564 accusare,
2715 500 2861 571 quod
2898 501 3193 560 immerens
3244 505 3312 560 de
3348 505 3547 564 throno
3571 511 3639 566 ab

377 579 611 640 πάντες.
674 575 734 628 Ὀ
770 576 946 644 μέγας
978 577 1032 630 δὲ
1082 580 1406 649 δομέστικος
1452 584 1577 646 τοὺς
1629 584 1967 648 ὑπευθύνους

378 668 494 722 τῶν
522 668 827 738 ἀρχιερέων
861 668 1218 737 παραλαϐὼν,
1251 673 1346 724 καλ¹
1375 674 1755 743 παραγγείλας
1780 676 1966 738 αὐτοῖς

381 760 625 829 σιωπᾷν,
657 761 754 812 καὶ
787 759 1124 830 φθέγγεσθαι
1162 764 1332 832 μηδὲν
1358 765 1434 828 ὡς
1467 766 1607 835 ὑπὲρ
1656 766 1834 820 αὐτῶν
1870 769 1968 820 αὐ-

378 851 481 904 τοῦ
526 854 649 916 τοὺς
679 853 876 920 λόγους
929 859 1319 926 ποιησομένου,
1370 855 1502 930 ἦλθε
1543 861 1640 914 σὺν
1680 861 1862 926 αὐτοῖς
1893 863 1967 927 ὡς

381 945 529 1012 ὑπὲρ
561 939 636 998 ὧν
673 946 1028 1000 ἐνεκαλοῦντο
1087 949 1585 1021 ἀπολογησόμενος.
1652 953 1880 1008 Πάντων
1909 955 1966 1009 δὲ

381 1036 695 1104 γενομένων
720 1038 777 1088 ἐν
800 1037 1003 1108 ταύτῷ,
1037 1041 1164 1101 τοὺς
1192 1041 1629 1112 ἐγκαλουμένους
1669 1045 1963 1116 ἀρχιερέας

381 1127 411 1179 ὁ
442 1128 790 1197 πατριάρχης
823 1129 1015 1198 ᾐτιᾶτο
1043 1130 1180 1199 ὑπὲρ
1207 1130 1303 1184 τοῦ
1350 1131 1461 1185 τῶν
1515 1133 1726 1204 θρόνων
1751 1136 1962 1188 ἀπελα-

384 1215 585 1284 σθῆναι
630 1217 725 1268 ὑπ’
755 1219 956 1285 αὐτῶν,
998 1219 1336 1292 ἀδικήσαντα
1368 1225 1538 1295 μηδέν
1560 1243 1574 1258 ·
1615 1225 1711 1280 καὶ
1735 1229 1962 1297 προσέτι

381 1326 448 1375 γε
490 1309 799 1379 εἱρχθῆναι.
831 1312 894 1364 Ol
924 1311 1026 1380 μὲν
1069 1309 1164 1367 οὖν
1199 1315 1600 1387 ἐγκαλούμενοι
1629 1319 1962 1389 ἀπεκρίνατο

383 1401 578 1454 οὐδέν’
615 1402 834 1472 σιωπῆς
887 1404 945 1456 δὲ
995 1403 1225 1474 βαθείας
1276 1411 1576 1479 γενομένης
1609 1411 1702 1464 ἐπὶ
1751 1413 1963 1477 πολὺ,ὁ

386 1493 568 1562 μέγας
597 1492 916 1563 δομέστικος
946 1492 1133 1550 εἶπεν·
1167 1499 1245 1553 .'O
1287 1501 1492 1570 Κύριος
1535 1503 1696 1572 ἡμῶν
1756 1503 1963 1572 Ἰησοῦς

381 1583 624 1653 Χριστὸς
659 1585 717 1636 ἑν
757 1587 870 1651 τοῖς
902 1587 1260 1657 Εὐαγγελίοις
1305 1587 1495 1646 εἶπεν*
1542 1594 1666 1649 Ἐὰν
1713 1597 1788 1667 μὴ
1826 1597 1966 1667 ἠδι-

383 1673 654 1744 καιοσύνη
682 1674 836 1744 ὑμῶν
887 1680 1223 1752 περισσεύσῃ
1259 1681 1418 1736 πλέον
1450 1681 1560 1738 τῶν
1589 1691 1962 1758 γραμματέων

383 1765 486 1818 καὶ
520 1767 851 1836 φαρισαίων,
898 1771 960 1823 οὐ
1005 1770 1237 1826 δύνασθε
1296 1775 1564 1851 είσελθεῖν
1618 1780 1698 1842 είς
1728 1779 1827 1850 τὴν
1864 1781 1961 1850 βαι-

385 1854 598 1909 σιλείαν
637 1855 747 1908 τῶν
796 1857 1067 1927 οὐρανῶν.
1105 1861 1179 1913 Τὸ
1209 1861 1287 1926 δέ,
1347 1845 1672 1933 Illi-fovi:th
1697 1845 1964 1940 γραμμα-
1996 1845 2037 1900 Β

380 1944 528 1997 τέων
560 1947 652 1998 καὶ.
691 1949 1019 2018 φαρισαίων,
1065 1949 1140 2014 ὡς
1183 1952 1339 2021 ὑμῶν
1374 1955 1558 2010 ἀκούω
1604 1959 1964 2014 διδασκόντων

384 2034 523 2103 ἑγὼ,
556 2036 707 2089 οὐδὲν
736 2037 863 2091 ἀλλο
894 2035 1052 2108 εἶναι,
1086 2041 1118 2112 ἥ
1161 2042 1242 2104 τὸ,
1272 2043 1348 2116 μὴ
1383 2046 1544 2114 μόνον
1585 2048 1678 2102 τὸν
1706 2050 1962 2104 ἀδικοῦνο

383 2141 458 2176 τα
497 2124 572 2194 μὴ
606 2126 914 2196 ἀμύνεσθαι
945 2129 1143 2182 hmo?)
1207 2129 1348 2198 ίσου,
1391 2134 1529 2188 ἀλλά
1556 2139 1648 2189 καὶ
1678 2138 1738 2190 εὖ
1791 2143 1963 2194 ποιεῖν

385 2215 516 2269 καθ’
541 2219 663 2270 ὅσον
711 2217 778 2271 ἂν
802 2214 914 2272 οἷόν
941 2237 998 2272 τε
1124 2222 1217 2274 Διδ
1250 2226 1344 2278 καὶ⁸
1373 2228 1500 2289 τοὺς
1533 2231 1838 2300 σωτηρίους
1869 2233 1959 2286 νό-

392 2321 535 2372 μους
569 2305 761 2369 τιθεὶς,
812 2307 904 2360 τὶν
960 2299 1257 2379 ἑλκόμενον
1281 2314 1360 2376 είς
1406 2299 1763 2387 δικαστήριον
1821 2321 1962 2393 ὑπὲρ

384 2394 606 2480 τοῦτὸν
633 2398 838 2467 χιτῶνα
873 2401 1258 2472 ἀφαιρεθῆναι,
1297 2407 1390 2458 καὶ
1423 2407 1483 2460 τὸ
1538 2408 1756 2477 ἱμάτιον
1789 2426 1962 2480 προσο

388 2478 553 2555 ἐταξέ
601 2493 1147 2561 προσαπεδύσασθαι.
1205 2499 1316 2551 Καὶ
1366 2498 1458 2551 τὸν
1520 2478 1962 2568 πατάξαντα-ἐπὶ

390 2581 626 2653 κύρῤης,
652 2584 728 2656 μὴ
765 2586 927 2654 μόνον
968 2587 1197 2650 εὐθύνας
1229 2591 1329 2644 οὐκ
1380 2593 1656 2656 ἀπαιτεῖν,
1695 2595 1832 2650 ἀλλὰ
1868 2598 1964 2652 καὶ

390 2675 496 2744 τὴν
523 2675 716 2747 ἑτέραν
756 2678 1094 2750 ἐμπαρέχειν
1117 2696 1132 2711 ο
1188 2682 1282 2734 καὶ
1314 2681 1474 2736 ’ἄλλα
1516 2683 1617 2737 ὅσα
1648 2685 1749 2756 τῆς
1793 2687 1963 2758 αὐτῆς

391 2768 646 2838 ἐξέχεται
674 2769 930 2843 διανοίας.
969 2771 1311 2842 Παραθὴγων
1349 2775 1404 2827 δὲ
1453 2777 1601 2846 ἡμᾶς
1633 2779 1712 2841 εἰς
1743 2779 1841 2852 τὴν
1869 2782 1962 2852 ἐρ-

387 2858 596 2926 γασίαν
629 2858 738 2912 τῶν
772 2861 1056 2928 σωτηρίων
1092 2861 1297 2931 νόμων,
1346 2866 1479 2917 ποτὲ
1532 2865 1632 2935 μὲν
1682 2866 1803 2922 εἷπε
1825 2887 1839 2901 ⁶
1869 2871 1961 2942 Μὴ

392 2947 591 3015 γνώτω
624 2951 656 3018 ἡ
715 2946 982 3021 ἀριστερά
1009 2969 1104 3004 σου
1147 2952 1200 3006 τί
1253 2958 1399 3009 ποιεῖ
1435 2957 1467 3026 ἡ
1498 2956 1648 3023 δεξιὰ
1676 2960 1793 3014 σοῦ.
1830 2963 1962 3029 Καὶ,

395 3040 678 3094 Εἰσελθὼν
713 3044 793 3104 είς
829 3043 888 3097 τὸ
915 3046 1161 3114 ταμιεῖόν
1191 3062 1307 3108 σου,
1358 3048 1653 3117 πρόσευξαι
1682 3053 1757 3122 τῷ
1790 3055 1965 3126 Πατρί

394 3148 520 3197 σου,
544 3131 620 3201 τῷ
651 3134 708 3184 ὲν
728 3133 943 3203 οὐρανῷ
967 3149 981 3164 ο
1018 3137 1110 3188 καὶ
1135 3138 1382 3206 προσέτι,
1405 3139 1638 3202 Κλεὶσας
1655 3143 1755 3209 τὴν
1775 3144 1962 3215 θύραν.

393 3223 536 3278 ﬂore
571 3224 626 3276 δὲ
657 3225 760 3287 ὅτι,
794 3227 1077 3294 Λαμψάτω
1104 3228 1164 3280 τ’)
1205 3228 1320 3312 φῷς
1342 3231 1497 3300 ὑμῶν
1530 3232 1840 3313 ἔμπροσθεν
1861 3235 1968 3290 τῶν

393 3314 722 3383 ἀνθρώπων,
757 3316 903 3378 ὅπως
933 3316 1080 3370 ίδωσι
1103 3319 1172 3372 τὰ
1201 3307 1342 3372 καλὰ
1373 3322 1528 3390 ὑμῶν
1570 3323 1728 3394 ἔργα.
1776 3307 1968 3382 ιξαίτοι

391 3422 464 3475 γε
490 3405 568 3482 τῷ
602 3407 779 3459 δοκεῖν
803 3407 1113 3462 τὰτοιαῦτα
1145 3413 1588 3484 παραγγέλματα
1633 3397 1967 3471 ἀντίκεινται

395 3480 677 3564 ἀλλήλοις.
737 3494 890 3564 Ἐμοὶ
921 3492 977 3548 δὲ
1022 3495 1218 3564 δοκεῖν,
1255 3501 1367 3563 τοῖς
1408 3480 1509 3570 μὲν
1561 3503 1807 3556 ἀτελέσιν
1837 3507 1968 3575 ἡμῖν

395 3585 498 3638 καὶ
515 3584 842 3655 δυναμένοις
897 3584 960 3640 ἐκ
991 3587 1087 3656 τῆς
1117 3589 1430 3655 ἐπιδείξεως
1471 3591 1581 3646 τῶν
1604 3595 1864 3663 καμάτων
1900 3597 1968 3649 τὰ

395 3676 613 3730 ἔπαθλα
640 3677 1080 3747 ἀποστερεῖσθαι,
1115 3679 1174 3731 τὸ
1215 3682 1655 3753 ἐπικρύπτεσθαι
1695 3686 1852 3750 αὐτὰ,
1887 3689 1967 3738 εί-

394 3770 604 3839 ρῆσθαι
635 3769 800 3822 παντὶ
844 3769 1019 3823 σθένει
1040 3786 1056 3803 ο
1093 3774 1208 3834 τοῖς
1245 3773 1589 3840 διδασκάλοις
1610 3777 1665 3832 δὲ
1695 3779 1845 3848 ὑμῖν,
1873 3779 1967 3832 καὶ

395 3861 582 3913 κοινὸν
619 3861 974 3931 παράδειγμα
1007 3863 1167 3934 ὀρθοῦ
1231 3866 1326 3918 καὶ
1366 3866 1640 3938 σώφρονος
1680 3870 1798 3939 βίου
1837 3888 1971 3942 προ-

396 3955 700 4018 κειμένοις,
737 3954 795 4006 to
820 3954 1062 4025 λάμπειν
1093 3956 1248 4032 ὑμῷν
1272 3959 1340 4010 τὰ
1384 3959 1526 4012 καλὰ
1553 3962 1714 4032 ἔργα,
1743 3963 1890 4026 ὅπως
1919 3966 1967 4018 οἱ

398 4045 592 4098 πολλοὶ
618 4045 872 4115 ὁρῶντες,
895 4024 1008 4100 τὸν
1054 4024 1267 4119 πατέρα
1312 4051 1472 4120 ἡμῶν
1509 4024 1772 4116 δοέάῄζωσι
1797 4024 1886 4106 τὸν
1912 4059 1968 4107 ἐν

397 4138 515 4198 τοῖς
539 4137 810 4209 οὐρανοῖς.
856 4136 980 4189 Ἐὰν
1013 4137 1198 4191 τοίνυν
1246 4139 1405 4209 ὑμεῖς
1440 4142 1490 4194 oi
1518 4142 1636 4209 φῶς
1676 4143 1836 4211 ἡμῶν
1863 4145 1970 4197 τῶν

402 4231 889 4300 μαθητευομένων,
924 4233 1018 4283 καὶ
1047 4234 1168 4295 ταῖς
1195 4232 1433 4298 ἀπάταις
1457 4235 1550 4287 τοῦ
1587 4235 1701 4304 βίου
1752 4238 1847 4289 καὶ
1875 4255 1973 4308 με·

400 4323 628 4391 ρίμναις
663 4325 757 4375 καὶ
813 4324 1028 4394 ἡδοναῖς
1068 4327 1523 4395 προσισχομένων
1580 4325 1785 4380 δίκαιοι
1820 4328 1971 4393 ὄντες

400 4409 570 4475 εἶναι,
619 4414 783 4467 δεινοὶ
822 4415 914 4467 καὶ
961 4417 1355 4485 ἀπαραίτητοι,
1389 4418 1482 4470 δια)⁸
1531 4420 1804 4489 μηδεμίαν
1835 4438 1971 4492 παρ-

401 4507 625 4576 έχοντες
655 4505 986 4577 συγγνώμην
1017 4510 1129 4570 τοῖς
1158 4508 1448 4576 ἀδικήσασι
1491 4511 1587 4562 καὶ
1613 4513 1797 4574 κακῶς
1829 4513 1972 4580 ὑμᾶς

401 4596 639 4648 διαθεῖσι
667 4599 895 4666 φανῆτε,
937 4599 997 4650 ού
1035 4598 1240 4666 θηρίων
1272 4601 1564 4670 ἀνημέρων
1599 4604 1973 4674 ἀγριωτέρους

401 4690 559 4759 ἡμᾶς
603 4689 697 4740 καὶ
723 4689 1041 4760 ὠμοτέρους
1073 4682 1526 4759 παρασκευάσετε
1560 4694 1851 4760 γενέσθαι;
1880 4698 1972 4748 καὶ

407 4780 754 4850 συμϐήσεται
784 4783 913 4851 ὑμῖν
965 4781 1154 4850 ὥσπερ
1182 4782 1276 4833 τοῦ
1310 4782 1478 4834 καλοῦ
1515 4784 1866 4854 παράδειγμα
1889 4802 1975 4851 γι-

404 4872 655 4939 νομένοις
701 4874 841 4944 ὑπὲρ
896 4875 994 4943 τῆς
1061 4875 1281 4927 πάντων
1344 4873 1611 4943 ὠφελείας
1670 4876 1820 4945 mpii
1876 4874 1969 4927 τοῦ

407 4963 798 5033 φιλανθρώπου
822 4967 917 5018 καὶ
934 4964 1144 5017 δικαίου
1171 4965 1468 5035 βραϐευτοῦ
1494 4966 1770 5034 στεφάνων
1793 4964 1973 5030 ἀξιοῦ-

406 5054 536 5105 σθαι
570 5055 664 5107 καὶ
697 5055 895 5128 γερῶν,
933 5055 1072 5108 οὕτω
1104 5056 1198 5109 νῦν
1247 5056 1431 5124 ὅφλειν
1460 5058 1520 5110 οὐ
1573 5058 1670 5120 τὰς
1701 5059 1972 5128 τυχούσας

402 5148 564 5208 δίκας
605 5148 747 5216 ὑπὲρ
798 5147 890 5200 τοῦ
923 5148 1056 5199 πᾶσι
1087 5147 1290 5218 βλάϐης
1315 5149 1572 5217 ἀφορμὴν
1621 5149 1970 5218 παρεσχηκέ-

404 5256 519 5292 ναι.
568 5237 710 5304 Ἐγὼ
741 5240 796 5291 δὲ
857 5239 1214 5308 παράδειγμα
1268 5238 1681 5307 φιλανθρωπίας
1721 5232 1818 5291 καὶ
1858 5237 1974 5291 ἀπὸ

406 5331 518 5381 τῶν
564 5329 641 5392 τῷ
675 5328 771 5397 βίῳ
805 5329 1246 5397 προσηλωμένων
1297 5329 1452 5398 ἡμῶν
1484 5330 1789 5398 παρέξομαι
1823 5331 1975 5398 ὑμῖν,

404 5421 566 5473 οὔπω
588 5421 713 5488 χθὲς
743 5423 836 5473 καὶ
865 5419 1057 5491 πρῴην
1083 5423 1470 5488 γεγενημένον.
1517 5422 1708 5489 Ὁρᾶτε
1749 5422 1858 5490 γὰρ
1883 5422 1975 5475 τὸν

408 5510 663 5579 βασιλέα,
690 5509 916 5562 τοσοῦτο
941 5511 1051 5579 μὲν
1084 5511 1260 5580 ἀρχῆς
1302 5510 1530 5579 μέγεθος
1572 5511 1975 5580 περιϐεϐλημέ-

405 5618 522 5665 νον,
573 5599 714 5653 οὖτω
735 5600 778 5652 δ’
807 5603 864 5653 ὲν
898 5600 1048 5672 αύτῷ
1080 5602 1155 5672 τῷ
1210 5603 1306 5672 τῆς
1351 5603 1604 5672 νεότητος
1634 5601 1787 5656 ἄνθει
1813 5642 1830 5669 ,
1884 5605 1974 5656 ὅτε

488 5755 507 5786 ⁸
546 5753 738 5808 Matth.
776 5770 827 5821 ν,
863 5755 955 5808 20.
1031 5759 1051 5787 ³
1085 5755 1274 5809 Matth.
1326 5771 1414 5820 τι,
1477 5756 1530 5811 5.

2075 584 2208 655 ipsis
2245 586 2528 656 depulsus,
2557 600 2611 644 et
2647 591 2875 661 insuper
2908 596 3116 650 carceri
3158 599 3444 654 mandatus
3471 613 3636 656 esset.

2073 678 2327 732 Accusati
2351 680 2488 733 nihil
2545 684 2897 750 respondere.
2953 685 3081 740 Post
3109 687 3277 742 altum
3307 698 3362 744 et
3418 690 3637 757 longum

2073 769 2352 824 silentium
2408 788 2632 840 magnus
2678 773 3016 830 domesticus
3061 779 3134 832 ita
3159 779 3330 832 infit:
3372 781 3640 835 Dominus

2072 870 2260 916 noster
2293 861 2452 918 Jesus
2480 850 2734 919 Christus
2757 867 2810 920 in
2837 866 3142 938 Evangeliis
3174 885 3188 923 :
3227 888 3244 920 ι
3280 870 3394 933 Nisi
3423 872 3636 941 justitia

2071 964 2256 1008 vestra
2335 955 2697 1012 abundaverit
2773 959 3061 1029 plusquam
3119 961 3466 1028 scribarum,
3543 973 3639 1017 aut

2073 1044 2505 1115 pharisa'orum,
2581 1064 2690 1102 non
2740 1049 3016 1106 intrabitis
3087 1052 3142 1106 in
3187 1069 3411 1123 regnum
3467 1056 3638 1110 caelo-

2072 1153 2192 1190 rum
2225 1139 2264 1193 ί.
2327 1157 2344 1190 ι
2398 1139 2531 1194 Illud
2588 1151 2770 1196 autem
2827 1143 3129 1214 (plusquam
3198 1149 3490 1202 scribarum
3545 1158 3636 1202 aut

2069 1219 2515 1298 ρΙιανῖεωονιιηιῨ
2573 1242 2631 1288 ιιι
2708 1251 2806 1290 vos
2880 1238 3139 1294 docentes
3219 1239 3435 1300 audio,
3499 1239 3636 1293 nihil

2070 1335 2155 1379 est
2201 1325 2393 1385 aliud.
2449 1343 2609 1396 quam
2686 1343 2796 1381 non
2858 1330 3036 1383 solum
3097 1331 3334 1400 injurias
3377 1332 3635 1386 inferenti

2071 1431 2169 1484 par
2199 1431 2306 1468 non
2362 1416 2590 1482 referre,
2627 1417 2720 1472 sed
2753 1418 2932 1472 eidem
2965 1422 3128 1476 etiam
3158 1432 3423 1491 quantum
3458 1423 3636 1492 possis

2068 1503 2416 1558 benefacere.
2480 1505 2747 1570 Quocirca
2801 1508 2946 1563 idem
2997 1509 3126 1564 dum
3163 1512 3434 1565 salutares
3491 1511 3638 1579 leges

2067 1597 2619 1666 conderet,,trahenti
2648 1599 2701 1654 in
2727 1601 2996 1671 judicium
3024 1616 3247 1670 propter
3273 1605 3634 1659 auferendam

2071 1693 2334 1753 tunicam,
2364 1689 2588 1759 pallium
2623 1707 2843 1762 quoque
2893 1695 3090 1749 dimitti
3123 1697 3324 1765 jussit;
3357 1706 3412 1751 et
3441 1715 3635 1767 percu-

2069 1780 2227 1835 tienti
2258 1796 2420 1834 unam
2445 1783 2742 1846 maxillam,
2761 1784 2895 1839 citra
2922 1785 3219 1840 vindictam
3250 1789 3636 1857 porrigendam

2065 1883 2121 1928 et
2151 1872 2381 1927 alteram
2410 1889 2426 1938 ;
2482 1882 2539 1928 et
2571 1874 2676 1928 alia
2731 1875 2950 1930 demum
2986 1893 3106 1946 qum
3141 1877 3194 1932 in
3234 1879 3482 1934 eamdem
3513 1896 3640 1935 sen-

2067 1963 2294 2018 tentiam
2353 1973 2683 2033 sequuntur.
2745 1967 3030 2022 Exacuens
3085 1984 3250 2037 porro
3280 1984 3380 2024 nos
3417 1971 3482 2023 ad
3526 1987 3641 2024 ser-

2065 2055 2244 2108 vanda
2276 2064 2554 2125 praecepta
2589 2056 2893 2122 salutifera,
2941 2059 3235 2128 aliquando
3276 2060 3438 2125 dixit,
3480 2063 3636 2132 197

2071 2164 2090 2197 ι
2129 2145 2352 2201 Nesciat
2401 2147 2620 2202 sinistra
2649 2156 2764 2210 tua.
2795 2149 2928 2218 quid
2965 2149 3127 2204 faciat
3157 2151 3379 2207 dextera
3408 2165 3498 2206 tua
3532 2157 3576 2219 ’ς
3617 2176 3632 2204 ι

2065 2247 2116 2292 et
2148 2254 2164 2290 :
2199 2256 2215 2288 ι
2254 2237 2536 2307 Ingressus
2582 2239 2895 2293 cubiculum
2921 2249 3096 2302 tuum,
3136 2241 3320 2294 clauso
3342 2243 3510 2307 ostio,
3544 2259 3638 2297 ora

1975 2365 1988 2383 ε
2066 2326 2280 2382 Patrem
2308 2338 2480 2393 tuum,
2505 2328 2596 2398 qui
2622 2328 2676 2382 in
2707 2329 2862 2384 caelis
2882 2338 2968 2383 est
2985 2331 3057 2384 ⁸.»
3086 2330 3394 2399 Aliquando
3413 2342 3636 2387 autem:

2073 2435 2091 2467 ι
2134 2415 2333 2472 Luccat
2363 2418 2455 2471 lux
2489 2427 2669 2472 vestra
2713 2434 2894 2473 coram
2931 2421 3272 2484 hominibus,
3306 2431 3366 2476 ut
3419 2423 3638 2476 tideant
3713 2458 3716 2461 -

2065 2520 2231 2575 Opera
2260 2516 2441 2580 vestra
2471 2499 2615 2561 bona
2639 2509 2712 2563 ⁸.»
2758 2508 3012 2579 H:eleges
3033 2513 3284 2579 quamvis
3320 2528 3504 2567 secum
3532 2529 3640 2582 pu-

2067 2611 2232 2664 gnare
2275 2596 2588 2662 videantur,
2622 2607 2802 2653 tamen
2844 2600 2949 2652 nisi
2989 2601 3207 2655 aberrat
3235 2602 3444 2670 Opinio,
3478 2603 3638 2656 nobis

2065 2686 2416 2756 imperfectis,
2440 2696 2495 2742 et
2511 2688 2604 2758 qui
2620 2704 2913 2757 possumus
2925 2707 2989 2744 ex
3007 2692 3371 2746 ostentatione
3388 2693 3636 2747 laborum

2067 2787 2386 2834 nostrorum
2422 2780 2647 2850 praemia
2685 2782 2966 2838 amitterre
2997 2783 3204 2836 dictum
3235 2793 3338 2846 est,
3380 2783 3458 2836 uti
3492 2784 3641 2852 ipsos

2069 2868 2198 2923 totis
2227 2870 2440 2925 viribus
2470 2859 2907 2939 abscondantus;
2942 2875 3100 2928 vobis
3124 2885 3307 2929 autem
3340 2876 3638 2945 magistris,

2067 2967 2122 3011 et
2154 2959 2541 3013 communibus
2573 2971 2736 3014 recta:
2779 2960 3176 3031 inculpatmque
3210 2961 3330 3016 vita:
3360 2964 3641 3031 exempla-

2069 3049 2242 3114 ribus,
2279 3057 2337 3102 ut
2359 3049 2582 3104 luceant
2615 3066 2781 3119 opera
2808 3063 3013 3110 vestra.
3061 3068 3170 3120 quo
3196 3047 3544 3117 multifdum
3577 3069 3638 3106 ea

1992 3165 2038 3228 ο
2072 3140 2376 3220 intuentur,
2411 3141 2626 3196 Patrem
2660 3151 2906 3210 nostrum
2939 3144 3031 3212 qui
3057 3143 3111 3196 in
3135 3144 3290 3197 coelis
3311 3152 3413 3200 est.
3437 3143 3642 3211 gloriﬁ-

2070 3239 2217 3284 cent.
2251 3228 2305 3282 Si
2342 3215 2640 3298 itaque‘vos
2668 3231 2760 3300 qui
2784 3231 2873 3283 lux
2900 3240 3083 3304 nostra
3107 3271 3122 3293 ,
3149 3239 3358 3290 nostra,
3390 3230 3638 3298 inquam,

2069 3321 2163 3391 qui
2190 3320 2442 3389 diScipuli
2462 3330 2744 3382 sumus,et
2767 3319 3013 3384 fallaciis,
3043 3321 3513 3376 sollicitudinibus
3532 3363 3547 3388 ,
3575 3336 3640 3395 at;

2067 3409 2442 3480 voluptatibus
2479 3410 2641 3480 hujus
2673 3411 2798 3464 vita:
2833 3411 3097 3478 implicati
3131 3420 3403 3476 tenemur,
3447 3414 3640 3466 merito

2067 3519 2187 3559 esse
2213 3502 2449 3568 debetis,
2503 3501 2623 3556 duri
2679 3511 2735 3555 et
2796 3503 3162 3556 inexorabiles
3185 3502 3370 3564 eritis,
3415 3513 3469 3556 et
3501 3503 3638 3556 mala
3698 3515 3702 3518 '

2068 3598 2378 3666 irrogantes
2433 3595 2590 3648 venia
2625 3594 2772 3647 nulla
2809 3594 3241 3664 prosequcmiui,
3287 3610 3469 3648 nonne
3507 3593 3639 3648 feris

2070 3688 2375 3746 immitibus
2428 3685 2786 3749 immitiorcs,
2844 3701 2908 3739 ac
2962 3685 3218 3764 sa-viores
3270 3701 3370 3740 nos
3416 3684 3642 3740 facitis?

2069 3771 2250 3846 Quare
2281 3777 2746 3847 quemadmodum
2780 3777 2823 3830 si
2860 3777 2926 3831 ad
2959 3777 3202 3830 omnium
3243 3778 3477 3830 fructum
3512 3792 3639 3844 pro-

2070 3871 2259 3924 bitatis
2286 3870 2616 3938 exemplaria
2646 3869 2869 3935 fieretis,
2899 3885 2928 3922 a
2961 3868 3048 3938 pio
3066 3868 3290 3938 ct'justo
3325 3868 3640 3920 certaminis

2070 3961 2279 4016 arbitro
2308 3961 2531 4015 coronis
2575 3968 2630 4012 et
2666 3961 2906 4028 praemiis
2937 3959 3298 4028 diguaremini
3328 3976 3341 4010 :
3368 3958 3445 4010 sic
3471 3973 3636 4020 nunc,

2071 4057 2196 4123 quia
2235 4053 2500 4107 omnibus
2535 4052 2765 4106 nocendi
2801 4052 2922 4103 aliis
2952 4051 3292 4103 occasionem
3337 4050 3497 4113 datis,
3531 4067 3639 4106 non
3714 4045 3726 4050 ’

2072 4143 2391 4212 vulgaribus
2477 4143 2655 4210 paruis
2725 4139 3252 4194 condcmnahimini.
3310 4141 3476 4210 Atqui
3539 4155 3641 4210 ego

2071 4231 2383 4300 exemplum
2441 4229 2793 4283 humanitatis
2840 4228 2907 4282 de
2940 4229 3138 4292 nobis,
3204 4229 3330 4284 huic
3363 4231 3486 4284 vita:
3539 4246 3638 4287 ceu

2073 4325 2228 4379 clavo
2282 4321 2459 4376 aﬂixis
2519 4336 2816 4390 proponam
2847 4319 3025 4385 vobis,
3068 4320 3213 4390 quod
3265 4323 3640 4396 recentissime

2075 4404 2329 4486 contigit.
2372 4415 2582 4471 Videtis
2612 4415 3021 4483 imperatorem,
3044 4430 3354 4484 quanquam
3406 4415 3459 4468 in
3493 4425 3641 4468 tanto

2003 4501 2048 4557 Ι)
2076 4518 2294 4578 tamque
2321 4509 2502 4576 amplo
2529 4506 2766 4574 imperio
2797 4507 3345 4569 collocatum,~r.ilnlo
3383 4507 3565 4559 minus
3588 4506 3640 4558 in

2075 4604 2193 4670 ipso
2230 4601 2408 4655 aetatis
2436 4600 2587 4664 ﬂore,
2624 4599 2840 4668 quando
2869 4598 3014 4666 quis,
3049 4598 3213 4651 etiam
3243 4597 3531 4665 plurimum
3577 4598 3643 4650 de

2071 4694 2181 4746 vita
2224 4707 2369 4747 reete
2391 4693 2724 4744 instituenda
2749 4689 3039 4752 sollicitus,
3065 4689 3320 4742 facillime
3350 4700 3398 4741 et
3425 4704 3454 4740 a
3485 4689 3642 4740 volu-

2073 4781 2316 4851 ptatibus
2345 4781 2709 4856 pessumdari,
2729 4787 2784 4833 et
2813 4779 2879 4833 ad
2916 4781 3048 4832 iram
3077 4779 3488 4834 immoderatam
3549 4782 3647 4834 im-

2078 4873 2204 4942 pelli
2241 4875 2400 4938 solet,
2427 4872 2692 4926 adversus
2725 4873 3133 4942 protervitatetn
3168 4873 3356 4939 Marci,
3402 4877 3643 4927 omnium

2079 4963 2390 5018 mortalium
2447 4949 2842 5023 scelestissimi',
2869 4964 3040 5033 quali,
3070 4980 3339 5035 quamque
3394 4967 3647 5019 omnibus

2082 5054 2362 5123 inepinata
2399 5055 2825 5122 mansuetudine
2862 5065 2918 5108 et
2968 5054 3253 5108 clementia
3294 5071 3423 5107 usus
3458 5057 3546 5107 sit.
3590 5055 3646 5108 Si

2081 5161 2210 5214 ergo
2240 5143 2328 5199 ille
2357 5145 2844 5214 elartatejuvenis,
2866 5153 2920 5198 et
2945 5147 3261 5212 imperator,
3295 5154 3353 5196 ut
3381 5144 3646 5207 diximus,

2080 5235 2418 5304 et‘negutiis
2475 5235 2638 5304 hujus
2701 5234 2826 5287 vita:
2867 5234 3186 5294 involutus,
3247 5241 3352 5284 tam
3413 5233 3648 5286 libent-r

2077 5299 2339 5381 oﬂ‘ensam
2373 5324 2725 5386 condonavit,
2764 5334 2819 5376 tu
2870 5325 3178 5377 communis
3241 5313 3544 5392 praeceptor
3589 5332 3648 5376 et
3695 5364 3698 5368 .

2082 5430 2343 5487 tanquam
2408 5417 2700 5471 sanctioris
2756 5417 2881 5468 vitae
2950 5417 3230 5485 speculum
3289 5415 3645 5483 prepositus,

2079 5511 2340 5564 fratribus
2373 5508 2584 5577 ignavia
2619 5507 2854 5578 quadam
2880 5507 3017 5559 male
3043 5509 3110 5561 de
3141 5517 3191 5560 te
3223 5507 3433 5559 meritis
3465 5519 3648 5558 nonne

2083 5603 2374 5676 ignosces?
2413 5619 2480 5655 an
2524 5603 2596 5658 ita
2627 5603 2949 5658 oblirmatus
2980 5599 3036 5653 in
3080 5598 3432 5669 reposcendis
3457 5613 3488 5656 a
3517 5611 3652 5654 son-

1608 5756 1628 5787 ο
1664 5753 1800 5809 Ibid.
1834 5755 1886 5810 6.
1942 5755 1985 5792 ιι
2017 5757 2206 5812 Matth.
2245 5773 2296 5824 ν,
2325 5757 2414 5809 ιδ.
