4156 6300
297 341 400 404 421

1453 337 1996 399 ΗΙΞΤΟΒΙΑΒΗΜ
2039 335 2269 397 LIBER
2321 335 2400 396 [Ι.

3455 336 3566 404 4'22

205 437 216 454 In
298 450 558 523 βασιλεὺς
590 447 810 521 Μιχαὴλ
839 451 1186 522 πανστρατιᾷ
1209 448 1468 505 ἐσέϐαλεν
1496 450 1577 514 εἰς
1607 452 1708 520 τὴν
1749 450 1879 503 Ῥω.

1987 447 2252 503 omnibus
2281 446 2457 518 copiis
2486 446 2601 502 suis
2623 455 2677 502 et
2711 445 3038 517 Scytharum
3074 447 3316 512 auxiliis,
3343 449 3398 505 in
3425 450 3564 510 hncs

298 547 502 618 μαίων,
531 545 684 614 ἄγων
713 543 811 597 καὶ
867 545 1080 608 Σκύθας
1123 544 1467 616 συμμάχους,
1501 544 1599 597 καὶ
1636 545 1736 606 τὰς
1764 543 1880 597 ἀνω

293 637 398 707 τῆς
459 638 680 710 Θρᾴκης
729 635 934 706 ἐδῄωσε
988 637 1173 698 πόλεις
1221 636 1308 704 ἐφ’
1359 635 1600 706 ἡμέραις
1638 635 1876 695 ἱκαναῖς.

309 726 466 779 Ἐπεὶ
485 726 544 779 δέ
571 723 804 778 ἐπύθετο
825 726 852 774 ὸ
877 723 1130 793 βασιλεὺς
1155 723 1255 794 τὴν
1289 722 1560 791 εἰσϐολὴν,
1592 723 1727 792 ὃσην
1751 722 1878 792 ἐξῆν

295 813 561 884 ἀθροίσας
588 811 872 882 στρατιὰν,
927 805 1092 882 ἦλθεν
1142 812 1220 875 εἰς
1278 810 1482 881 Βιζύην
1513 809 1656 862 κατά
1687 809 1876 878 τάχος,

297 909 461 961 κάκεῖ
497 904 948 974 παρεσκευάζετο
998 903 1137 973 πρὸς
1167 908 1368 974 μάχην.
1403 903 1625 974 Μιχαὴλ
1662 903 1720 956 δὲ
1753 904 1878 955 ἐπεὶ

297 1002 439 1071 πρὸς
485 1001 597 1052 τῶν
645 1001 930 1069 σφετέρων
984 999 1148 1068 μάθοι
1201 1002 1572 1071 κατασκόπων
1617 999 1674 1050 ἐν
1706 984 1882 1066 Βιζῡη

300 1067 827 1162 παρασκευάζεσθαι
858 1089 949 1142 τὸν
980 1067 1207 1158 βασιλέα
1262 1088 1366 1159 (ἔτι
1410 1067 1521 1156 γὰρ
1551 1088 1610 1140 ἐν
1633 1089 1700 1157 τῇ
1744 1087 1876 1140 Ῥω-

302 1186 481 1256 μαίων
510 1185 820 1254 καθήμενος
853 1181 1060 1252 ἐδῄου),
1092 1181 1274 1243 δείσας
1307 1181 1383 1250 μὴ
1434 1179 1757 1234 ἐπελθόντα·
1777 1178 1875 1248 οὐχ

296 1273 408 1342 οἷός
439 1270 500 1332 τι
535 1276 840 1346 ἀμύνεσθαι
885 1271 942 1346 ᾖ,
1004 1275 1147 1342 έγνω
1201 1275 1312 1327 δεῖν
1358 1273 1735 1341 ἐξαπατῆσαιτ
1781 1272 1874 1324 καί

297 1371 523 1442 πέμψας
558 1368 927 1441 πρεσϐευτὴν,
960 1367 1261 1432 ἀκηκοέναι
1298 1365 1537 1434 ἔφασκεν
1565 1366 1643 1426 εἰς
1670 1361 1874 1432 Βιζύην

296 1463 636 1532 ἀφιγμένονο
676 1461 1034 1530 στοχάζεσθαί
1057 1477 1118 1529 γε
1157 1463 1264 1529 μὴν
1288 1461 1352 1512 ἐκ
1375 1459 1484 1511 τῶν
1516 1457 1747 1510 εἰκότων
1773 1457 1877 1526 μά-

294 1554 492 1626 χεσθαί
526 1557 575 1608 οί
604 1553 934 1624 ὡρμημένον
968 1553 1217 1604 ἐπιέναι·
1250 1551 1315 1604 οὐ
1347 1551 1456 1604 δεῖν
1482 1545 1577 1602 οὖν
1606 1548 1870 1618 κατατρί-

296 1649 419 1701 ϐειν
445 1648 544 1716 τὴν
572 1647 830 1717 στρατιὰν
869 1645 1090 1716 μακρὰν
1118 1643 1349 1698 ἀνύοντα
1381 1644 1529 1697 ὁδόν·
1569 1644 1734 1697 αὐτὸν
1765 1644 1874 1712 γὰρ

1989 541 2267 596 Romanos
2319 539 2541 610 irrupit,
2591 541 3009 610 superiorisque
3071 541 3320 597 Thraciae
3361 544 3563 612 oppida

1986 631 2184 686 diebus
2224 631 2424 704 multis
2453 633 2815 700 depopulatus
2872 642 2978 686 est.
3016 632 3096 686 Eo
3127 642 3433 702 comperto,
3462 634 3568 688 im-

1985 736 2212 793 perator
2263 738 2428 792 quam
2483 724 2752 778 maximos
2810 725 2990 793 potuit
3047 725 3299 779 delectus
3351 725 3483 796 egit,
3509 735 3564 780 et

1984 813 2201 884 Bizyam
2241 830 2562 884 properans.
2621 815 2696 869 ibi
2745 829 2802 869 se
2854 817 2920 869 ad
2971 817 3223 885 prazlium
3279 817 3561 871 instruxit.

1983 906 2139 971 Quod
2169 921 2294 960 cum
2350 921 2417 960 ex
2462 907 2899 975 speculatoribus
2937 909 3050 962 suis
3079 909 3307 963 Michael
3339 909 3565 964 didicis-

1984 1007 2064 1052 set
2100 998 2301 1058 (adhuc
2324 999 2472 1052 enim
2501 999 2802 1053 Romanam
2823 1001 3160 1068 provinciam
3195 1002 3563 1073 devastabat),

1983 1097 2261 1153 metuens,
2317 1105 2388 1143 ne
2435 1083 2820 1144 adventantem
2879 1091 3153 1146 sustinere
3188 1108 3297 1146 non
3356 1107 3562 1168 posset,

1983 1181 2051 1234 ad
2101 1181 2350 1236 fraudem
2411 1183 2846 1253 confugiendum
2889 1187 3128 1239 censuit.
3178 1187 3341 1242 Misso
3398 1189 3566 1256 igitur

1982 1273 2186 1343 legato,
2220 1271 2330 1326 dici
2377 1274 2574 1341 jussit,
2624 1276 2842 1332 audisse
2891 1291 2949 1332 se
2973 1293 3098 1332 eum
3146 1279 3360 1351 Bizyam
3396 1281 3566 1336 adve-

1982 1365 2155 1419 nisse.
2201 1363 2411 1420 Ducere
2447 1366 2826 1437 conjecturam
2873 1383 2902 1420 e
2936 1369 3350 1434 verisimilibus,
3381 1372 3564 1432 hostili

1979 1457 2165 1510 animo
2203 1459 2443 1523 venisse,
2475 1474 2659 1514 secum
2719 1460 3002 1528 praeliandi
3037 1462 3229 1515 ardore
3259 1463 3566 1517 inﬂamma-

1983 1556 2121 1600 tum.
2150 1547 2228 1602 Ne
2267 1548 2434 1618 igitur
2466 1549 2695 1604 militem
2734 1564 2896 1604 suum
2955 1552 3116 1622 longo
3149 1553 3348 1608 itinere
3386 1554 3563 1608 delas-

1981 1649 2089 1704 set,
2144 1654 2202 1695 se
2238 1657 2363 1695 cum
2415 1642 2922 1697 diliculo-crastino
2959 1644 3175 1710 Bizyam
3224 1646 3290 1700 ad
3343 1662 3566 1700 manum

296 1745 357 1804 ἐς
375 1743 480 1810 τὴν
503 1740 795 1808 ὑστεραίαν
834 1737 953 1808 ἅμα
986 1738 1061 1808 ἐῳ
1088 1738 1378 1806 ἀφίξεσθαι
1402 1738 1458 1815 ἐς
1486 1737 1688 1807 Βιζύην
1713 1737 1787 1799 ὡς
1815 1738 1870 1796 ἐς

1984 1733 2380 1788 conserendam
2450 1749 2822 1790 accessurum.
2879 1735 2977 1791 His
3027 1737 3297 1792 nuntiatis
3353 1738 3565 1807 legatus

300 1836 508 1904 μάχην.
545 1833 602 1886 ’0
633 1833 734 1902 μὲν
759 1829 854 1886 οὖν
872 1829 1217 1902 πρεσϐευτὴς
1247 1810 1470 1883 τοιαῦτα
1501 1828 1674 1882 εἰπὼν
1695 1827 1876 1898 ἀπῆλ-

1984 1827 2252 1883 discessit.
2285 1829 2353 1884 At
2404 1829 2656 1909 Michael,
2689 1829 2817 1885 inde
2847 1845 2904 1884 se
2939 1845 3185 1896 movens,
3218 1841 3273 1885 et
3307 1847 3402 1901 per
3439 1832 3564 1886 reli-

299 1925 384 1979 θε.
423 1922 642 1993 Μιχαὴλ
679 1923 736 1976 δὲ
767 1924 906 1993 ἄρας
936 1922 1012 1993 τῷ
1049 1921 1266 1992 στρατῷ
1299 1921 1398 1991 τῆς
1450 1937 1510 1974 τε
1562 1921 1774 1990 ὴμέρας
1818 1919 1880 1973 τδ

295 2016 490 2071 λοιπὸν
519 2015 614 2070 καὶ
646 2015 745 2086 τὴν
765 2013 1030 2068 ἐπιοῦσαν
1052 2013 1222 2067 νύκτα
1258 2013 1481 2082 βαδίσας
1503 2013 1792 2075 συντόνως,
1823 2013 1879 2074 ἐς

295 2107 398 2180 τὴν
428 2105 725 2177 ὑστεραίαν
752 2107 810 2159 ἐν
840 2105 1010 2176 ὁρίοις
1036 2103 1135 2173 τῆς
1164 2103 1298 2166 ίδίας
1326 2103 1626 2173 ἡγεμονίας
1649 2097 1740 2172 ἦν’
1781 2099 1879 2170 βα-

297 2201 486 2262 σιλεὺς
519 2199 577 2253 δέ
603 2201 722 2269 ἄμα
748 2197 919 2268 πρωῒ,
953 2198 1056 2269 τήν
1102 2213 1160 2249 τε
1213 2193 1476 2265 στρατιὰν
1531 2194 1794 2256 κελεύσας
1823 2195 1882 2246 ἐν

287 2295 414 2354 τοῖς
441 2292 625 2353 ὅπλοις
649 2279 815 2354 εἶναὶ,
843 2289 942 2343 καὶ
970 2289 1072 2359 τὴν
1099 2287 1287 2357 ἔφοδον
1318 2287 1425 2341 τῶν
1455 2287 1750 2359 βαρϐάρων
1779 2303 1879 2338 πε-

299 2383 570 2452 ριμένειν,
601 2381 900 2451 ἐξηρτύετο
947 2381 1042 2433 καὶ
1066 2381 1230 2442 αὐτὸς
1268 2380 1339 2432 τά
1367 2380 1502 2451 πρὸς
1535 2378 1635 2448 τὴν
1674 2380 1880 2448 μάχην.

296 2476 416 2530 Καὶ
443 2474 782 2546 στρατιιὶιτας
829 2473 1042 2542 ἔπεμψέ
1082 2490 1236 2536 τινας
1288 2473 1364 2536 ὡς
1421 2473 1481 2525 τὸ
1515 2473 1879 2543 στρατόπεδον

291 2568 411 2624 τῶν
438 2568 715 2636 πολεμίων
736 2567 1273 2637 κατασκεψομένους.
1299 2568 1431 2637 Περί
1454 2565 1804 2636 μεσημϐρίαν
1824 2565 1881 2620 δέ

293 2662 348 2714 οἰ
383 2659 724 2713 κατάσκοποι
761 2654 897 2730 ἧκον
931 2645 1287 2729 στρατιῶται,
1351 2660 1584 2728 ἄγοντες
1628 2659 1724 2711 καί
1768 2644 1883 2713 Μυ-

295 2753 429 2816 σοὺς
451 2752 813 2820 δοριαλώτους
835 2750 896 2816 ἓξ
917 2767 932 2781 ο
970 2751 1020 2804 οἶ
1050 2751 1504 2822 ἀνερευνώμενοι,
1532 2751 1622 2804 τδν
1656 2750 1879 2822 βασιλέα

292 2843 514 2914 ἔφασαν
543 2843 693 2909 σφῶν
719 2845 788 2913 τῇ
841 2841 1146 2912 προτεραίᾳ
1200 2843 1412 2912 ἄραντα
1438 2845 1504 2913 τῇ
1540 2843 1771 2913 στρατιᾷ
1804 2843 1881 2895 οἰ-

293 2936 494 3007 χεσθαι
533 2935 613 2997 εἰς
658 2934 761 3006 τὴν
815 2934 1045 2997 οἰκείαν,
1087 2935 1286 2996 αὐτοὺς
1313 2934 1371 2986 δέ
1420 2934 1679 3004 ἁρπαγῆς
1717 2933 1881 2988 ἐνεκα

294 3029 772 3100 περιλειφθέντας,
803 3028 910 3081 ὑπὸ
939 3027 1049 3081 τῶν
1086 3027 1440 3099 στρατιωτῶν
1472 3027 1694 3083 ἁλῶναι.
1723 3027 1881 3081 Οὕτω

1981 1935 2150 1989 quem
2187 1921 2319 1982 diei,
2369 1933 2698 1992 noctemque
2751 1924 3098 1978 continenter
3131 1925 3440 1989 ambulans,
3475 1927 3563 1980 die

1981 2013 2158 2067 altero
2189 2014 2328 2069 ﬁnes
2377 2015 2461 2070 sui
2497 2015 2839 2085 principatus
2874 2018 3080 2088 attigit.
3117 2017 3423 2087 Imperator
3450 2018 3565 2074 suis
3623 2080 3633 2092 ,

1981 2107 2261 2178 praecepit,
2299 2108 2378 2162 uti
2415 2123 2577 2162 mane
2604 2109 2659 2163 in
2712 2111 2882 2166 armis
2907 2110 3124 2165 hostem
3155 2119 3559 2180 exspectarent.

1981 2209 2037 2253 et
2084 2199 2201 2268 ipse
2236 2199 2516 2254 conﬂictui
2574 2203 2882 2256 necessaria
2916 2217 3136 2270 curans,
3171 2205 3464 2259 nonnullos
3495 2206 3560 2259 ad

1981 2297 2168 2344 castra
2211 2289 2507 2346 Moesorum
2534 2294 2871 2360 erploranda
2900 2294 3151 2360 dimittit,
3182 2295 3274 2364 qui
3313 2296 3414 2350 sub
3449 2312 3564 2351 me-

1980 2380 2174 2435 ridiem
2201 2397 2326 2436 cum
2359 2397 2454 2437 sex
2488 2382 2678 2439 Mmsis
2710 2386 2941 2454 captivis
2983 2389 3359 2439 revertuntur.
3393 2385 3435 2439 li
3479 2385 3564 2439 in-

1983 2474 2266 2543 terrogati,
2297 2489 2479 2544 regem
2537 2471 2716 2545 pridie
2748 2492 2870 2532 cum
2921 2477 3165 2531 exercitu
3216 2478 3439 2532 domum
3478 2495 3563 2532 reo

1980 2580 2254 2634 gressum,
2287 2581 2346 2620 se
2379 2567 2658 2635 praedandi
2689 2583 2850 2623 causa
2908 2568 3134 2623 relictos
3180 2579 3235 2623 et
3265 2569 3337 2624 ita
3375 2577 3564 2640 captos
3657 2587 3671 2597 ·

1982 2666 2313 2712 memorant.
2349 2657 2443 2713 Sic
2477 2657 2708 2713 Michael
2753 2667 3137 2728 strategemate
3171 2661 3562 2729 imperatorem

1980 2749 2204 2804 delusit.
2253 2749 2371 2804 Non
2408 2750 2565 2804 multi
2617 2749 2738 2804 dies
2784 2750 3238 2816 intercesserunt,
3281 2765 3406 2805 cum
3446 2750 3564 2820 ipse

1979 2839 2198 2912 quoque
2264 2845 2571 2912 imperator
2620 2841 2864 2898 Mmsiam
2921 2842 3233 2908 incursans,
3266 2852 3322 2897 et
3361 2852 3559 2898 caetera

1980 2933 2231 2988 infestam
2291 2932 2504 2994 habuit.
2556 2940 2611 2988 et
2665 2933 2971 3003 Diampolin
3048 2948 3113 2987 ex
3169 2934 3394 3022 itinere,
3463 2951 3561 2990 seu

1980 3025 2161 3097 primo
2196 3025 2427 3094 impetu,
2450 3025 2803 3094 expugnavit,
2836 3032 3001 3093 atque
3036 3024 3108 3078 ita
3141 3025 3194 3078 in
3221 3025 3561 3091 provinciam

293 3123 403 3192 μὲν
436 3122 648 3193 Μιχαὴλ
671 3121 1158 3191 κατεστρατήγησε
1193 3120 1442 3189 βασιλέα.
1472 3121 1548 3175 Οὐ
1579 3120 1800 3177 πολλαῖς
1823 3120 1878 3173 δέ

1986 3133 2140 3173 suam
2177 3133 2435 3174 reversus
2477 3129 2577 3172 est.
2608 3119 2700 3172 Die
2752 3117 2822 3172 ab
2854 3118 2958 3172 hac
2989 3119 3308 3174 incursione
3335 3135 3561 3188 sexage-

289 3211 531 3282 ὕστερον
559 3211 798 3282 ἡμέραις
827 3211 920 3262 καὶ
969 3209 1132 3273 αὐτὸς
1177 3210 1460 3264 εἰσέϐαλεν
1498 3212 1578 3272 εἰς
1611 3208 1707 3278 τὴν
1757 3209 1864 3262 Μυ-

287 3302 448 3364 σίαν,
477 3299 576 3352 καὶ
606 3298 776 3352 τᾶλλα
805 3314 863 3348 τε
894 3296 1175 3350 ἐκάκωσεν
1206 3297 1398 3365 αὐτὴν,
1428 3298 1524 3349 καὶ
1571 3297 1875 3364 Διάμπολιν

283 3387 444 3447 εἷλεν
491 3390 551 3454 ἐξ
579 3389 770 3458 ἐφόδου
789 3407 804 3422 ο
833 3388 930 3442 καὶ
961 3387 1246 3458 πορθήσας
1291 3388 1483 3458 αὐτὴν,
1517 3386 1876 3453 ἐπανίζευξεν

285 3486 379 3546 εἰς
411 3481 510 3553 τὴν
539 3481 765 3535 οἰκείαν.
806 3481 866 3533 ’0
887 3481 1109 3549 Μιχαὴλ
1152 3480 1208 3532 δὲ
1245 3482 1383 3550 μετὰ
1406 3479 1708 3549 ἑξηκοστὴν
1740 3479 1878 3549 ἡμέ-

289 3591 400 3647 ραν
431 3574 530 3643 τῆς
561 3572 826 3643 βασιλέως
861 3571 1173 3641 ἐίσόολῆς,
1213 3572 1378 3624 πάλιν
1419 3574 1514 3626 καὶ
1563 3571 1726 3634 αὐτὸς
1768 3573 1878 3647 εἰσ-

289 3638 497 3723 έϐαλεν
522 3638 602 3728 εἰς
639 3664 739 3734 τὴν
781 3638 1104 3734 Ῥωμαίων.-
1137 3665 1247 3719 Καὶ
1281 3663 1572 3741 γενόμενος
1602 3664 1661 3716 ἐν
1692 3638 1880 3729 Ὀδῖυ-

287 3760 438 3823 σοῖς,
466 3757 529 3810 τὸ
575 3755 840 3809 Βουκέλου
889 3757 1439 3826 προσαγορευόμενον
1496 3753 1740 3822 πόλισμα
1765 3749 1889 3828 εἶλε-

287 3849 584 3922 προδοσίᾳ,
617 3849 727 3902 τῶν
758 3848 1018 3918 φυλάκων
1039 3847 1234 3910 νυκτὸς
1264 3846 1715 3913 καταπροδόντων
1738 3862 1754 3877 ο
1784 3845 1878 3898 κοιλ⁸

285 3939 796 4012 ἐστρατοπέδευσεν
826 3940 885 3991 ἐν
912 3935 1064 4009 αὐτῷ
1093 3939 1361 4014 ἀδικήσας
1397 3937 1582 4007 μηδέν.
1616 3936 1880 4001 Βασιλεὺς

285 4036 348 4088 δέ
423 4033 792 4103 Διδυμοτείχῳ
851 4031 1226 4102 ἐνδιατρίϐων,
1285 4031 1409 4083 ἐπεὶ
1479 4028 1713 4082 ἐπύθετο
1779 4031 1879 4098 τὴν

287 4123 552 4193 εἰσϐολὴν
573 4163 589 4188 ,
620 4125 700 4188 εἰς
745 4121 1191 4194 Ἀδριανούπολιν
1221 4119 1352 4195 ἦλθε
1386 4122 1531 4175 κατὰ
1563 4122 1749 4192 τάχος,
1778 4124 1880 4177 κά-

289 4219 388 4272 κεῖ
419 4215 742 4286 συνήθροιζε
759 4215 857 4285 τὴν
883 4215 1145 4286 στρατιὰν
1173 4215 1250 4277 ὡς
1277 4214 1625 4285 μαχούμενος
1649 4213 1877 4276 Μυσοῖς.

287 4310 413 4364 Καὶ
445 4311 473 4361 ὁ
507 4307 726 4378 Μιχαὴλ
750 4309 806 4360 ἐν
835 4307 1106 4361 Βουκέλου
1125 4305 1707 4378 ἐστρατοπεδευμένος,
1740 4321 1882 4376 παρ-

285 4401 631 4464 εσκευάζετο
658 4399 754 4453 καὶ
794 4399 962 4476 ιαὺτδς
1007 4399 1072 4452 ἐκ
1103 4398 1202 4469 τῆς
1235 4398 1444 4461 οἰκείας
1480 4397 1741 4466 στρατιὰν
1783 4413 1882 4466 με·

1985 3209 2145 3270 simo.
2202 3225 2422 3263 rursum
2457 3208 2686 3263 Michael
2736 3210 2791 3263 in
2843 3209 3124 3264 Romanos
3155 3211 3563 3280 przedabundus

1986 3301 2215 3365 invadit,
2272 3311 2327 3355 et
2373 3301 2433 3355 in
2490 3301 2717 3372 Odrysis
2767 3301 3031 3355 Bucelum
3080 3301 3401 3372 oppidulum
3467 3319 3564 3372 per

1988 3390 2353 3460 proditionem
2393 3392 2776 3445 excubitorum
2818 3391 2982 3459 capit,
3017 3390 3203 3457 ibique
3234 3402 3414 3446 castra
3445 3393 3563 3446 sine

1985 3481 2252 3536 maleﬁcio
2280 3483 2452 3549 ponit.
2476 3481 2774 3551 Imperator
2807 3483 2968 3553 200
3000 3483 3436 3554 Didymotichum
3477 3486 3560 3538 in:
3645 3508 3648 3510 ν

1988 3577 2241 3633 cursione
2263 3577 2491 3646 perlata,
2523 3575 2914 3647 Adrianopolin
2937 3577 3177 3642 festinat,
3206 3577 3294 3631 ubi
3333 3577 3562 3632 militem

1984 3669 2052 3722 ad
2091 3684 2324 3738 pugnam
2377 3668 2603 3739 colligit.
2648 3668 2877 3723 Michael
2917 3683 3136 3738 quoque
3167 3669 3331 3723 domo
3363 3654 3590 3724 cohors

1987 3772 2068 3815 tcs
2107 3759 2367 3815 Bucelum
2396 3769 2609 3832 evocat.
2642 3775 2872 3829 seseque
2922 3747 2990 3813 ad
3030 3769 3306 3814 certamen
3342 3775 3567 3828 compa-

1989 3859 2093 3904 rat.
2117 3848 2247 3905 Post
2292 3865 2494 3918 paucos
2542 3850 2672 3906 dies,
2709 3849 3030 3913 Probatum,
3059 3848 3299 3902 vicinum
3326 3848 3566 3916 Oppidu-

1984 3942 2123 4007 lum,
2179 3941 2465 3997 obsidione
2513 3940 2702 4010 cingit.
2763 3939 2856 3993 Sic
2912 3955 3084 4008 usque
3128 3941 3182 3993 in
3221 3940 3570 3996 tricesimum

1986 4035 2132 4090 diem
2183 4043 2362 4087 castra
2409 4033 2606 4088 castris
2652 4041 3016 4100 opponentes,
3053 4029 3120 4085 ad
3157 4031 3402 4101 praelium
3442 4046 3576 4085 sese

1988 4125 2358 4182 instruebant.
2405 4123 2620 4181 Paratis
2668 4123 2777 4192 jam
2808 4105 3236 4183 omnibus,‘cum
3267 4121 3333 4176 ad
3371 4137 3582 4177 manus.

1988 4208 2318 4272 veniendum
2373 4223 2538 4278 esset,
2571 4213 2738 4268 mittit
2782 4212 3110 4282 legationem
3145 4213 3211 4265 ad
3248 4211 3577 4265 Michaelem.

1990 4314 2310 4380 imperator,
2361 4309 2518 4378 cujus
2569 4306 2686 4360 haec
2733 4319 2944 4359 summa
2979 4303 3335 4358 fuit:\lideri
3386 4303 3577 4373 ipsum

1991 4401 2238 4463 foederis,
2263 4408 2320 4454 et
2361 4396 2746 4469 iurisiurandi,
2787 4395 2934 4465 quod
2972 4395 3118 4448 inter
3145 4409 3202 4450 se
3232 4393 3374 4462 apud
3401 4396 3568 4449 Tzer-

285 4492 752 4563 ταπεμπδμενος.
813 4493 926 4547 Καὶ
973 4490 1208 4561 ὕστερον
1260 4491 1500 4560 ἡμέραις
1563 4489 1778 4557 ὀλίγαις
1824 4489 1879 4542 τὸ

1992 4496 2312 4550 nomianum
2346 4491 2652 4554 dedissent,
2683 4487 2957 4542 oblivione
2977 4497 3218 4556 captum,
3253 4495 3416 4556 atque
3443 4485 3580 4540 ideo»

287 4585 586 4656 Προϐἀτου
623 4587 717 4638 καὶ
772 4585 903 4638 αὐτὸ
945 4584 1193 4656 πόλισμα
1218 4584 1386 4652 ἐγγὺς
1423 4582 1484 4636 ὃν
1515 4599 1872 4654 περιστρατο-

291 4675 714 4745 πεδευσάμενος
751 4676 1084 4747 ἐπολιόρκει.
1146 4673 1304 4729 Οὕτω
1357 4675 1456 4746 μὲν
1491 4674 1584 4729 οὖν
1629 4674 1880 4745 ἀλλήλοις

292 4767 932 4838 ἀντεστρατοπεδεύοντο
978 4767 1074 4822 ἐπὶ
1119 4767 1418 4837 τριάκοντα
1451 4767 1686 4837 ἡμέραις
1723 4765 1884 4836 ἐξαρ-

281 4857 567 4928 ¹ἰευὸμενοι
615 4859 683 4912 τὰ
714 4859 851 4930 πρὸς
897 4858 1000 4928 τὴν
1054 4859 1255 4929 μάχην.
1294 4859 1448 4911 Ἐπεὶ
1480 4859 1536 4911 δέ
1573 4858 1675 4929 ἠδη
1707 4857 1885 4912 πάντα

291 4950 640 5016 ἐπεπόριστο
693 4947 786 4999 καὶ
820 4943 926 4997 ἔδει
959 4945 1192 5014 ἐπιέναι,
1251 4945 1555 5016 πρεσϐείαν
1600 4945 1820 5015 πέμψας
1857 4943 1887 4996 ὸ

290 5031 566 5110 βασῖλεὺς
615 5038 751 5106 πρὸς
789 5036 1032 5107 Μιχαὴλ,
1079 5037 1288 5091 οἴεσθαι
1316 5036 1503 5105 ἔλεγεν
1533 5036 1889 5107 ἐπιλελῆσθαι

287 5132 470 5186 αὑτὸν
493 5130 605 5182 τῶν
623 5147 684 5182 τε
707 5131 910 5199 ὅρκων,
959 5129 1052 5182 καὶ
1079 5128 1191 5182 τῶν
1229 5129 1536 5196 συνθηκῶν,
1568 5127 1617 5180 οἳ
1645 5130 1891 5204 ἐγένοντο

289 5225 492 5286 αὐτοῖς
515 5225 930 5293 συγγενομένοις
957 5222 1014 5273 ἐν
1037 5219 1469 5295 Τζερνομιᾲνου,
1499 5219 1592 5272 καὶ
1622 5219 1710 5272 διὰ
1733 5219 1890 5272 τοῦτο

286 5318 367 5385 τῇ
402 5330 463 5366 τε
510 5314 796 5384 Ῥωμαίων
843 5314 1062 5384 πρῶτον
1091 5311 1506 5385 ἐσϐεϐληκέναι,
1543 5311 1638 5364 καὶ
1669 5312 1759 5364 τὸν
1790 5313 1886 5363 πό·

286 5407 354 5458 λε
366 5423 475 5476 μον
513 5406 889 5474 κεκινηκέναι,
915 5405 1080 5459 αὑτὸν
1113 5403 1169 5456 δὲ
1205 5403 1514 5473 μεμνῆσθαί
1542 5418 1599 5454 τε
1623 5402 1729 5454 τῶν
1760 5419 1887 5454 συνο

287 5496 514 5566 θηκῶν,
547 5497 642 5551 καὶ
672 5498 937 5568 ἐμμένειν
981 5498 1100 5560 ταῖς
1129 5495 1414 5559 σπονδαῖς-
1448 5494 1806 5564 ἀδικούμενον
1831 5494 1888 5548 δέ

1982 4595 2038 4642 et
2070 4583 2373 4639 Romanam
2399 4581 2680 4648 regionem
2707 4580 3037 4642 incursasse,
3074 4586 3131 4633 et
3167 4577 3371 4632 bellum
3419 4591 3582 4630 com-

1985 4675 2246 4739 movisse,
2274 4688 2333 4728 se
2363 4680 2648 4742 pactorum
2683 4668 3017 4729 meminisse,
3053 4661 3154 4721 nec
3181 4681 3244 4722 ea
3273 4675 3577 4731 temerare,

1988 4769 2084 4826 sed
2119 4767 2308 4837 inique
2348 4765 2563 4828 laesum,
2597 4761 2955 4833 prioremque
2993 4759 3212 4814 insidiis
3241 4758 3571 4829 appetitum,

1990 4861 2132 4916 velle
2176 4876 2207 4914 a
2257 4873 2316 4914 se
2368 4859 2478 4912 vim
2502 4870 2703 4924 arcere
2738 4870 2802 4910 ac
2828 4853 3126 4924 depellere,
3156 4860 3212 4908 et
3242 4851 3472 4908 invitum
3501 4851 3576 4904 ad

1994 4955 2104 5009 hoc
2150 4950 2398 5022 praelium
2458 4946 2659 5018 adigi:
2705 4957 2761 5002 et
2819 4947 2950 5017 quia
3006 4953 3236 5014 uterque
3292 4944 3575 4998 exercitus

1996 5046 2240 5100 Thraces
2267 5044 2378 5098 sint
2409 5042 2525 5113 (55)
2562 5041 2722 5111 (quos
2755 5054 2865 5092 non
2889 5053 2948 5092 se
2979 5046 3188 5100 mutuo,
3216 5035 3309 5088 sed
3336 5033 3575 5104 junctint

1985 5139 2188 5208 impios
2233 5135 2288 5190 in
2325 5134 2492 5189 Deum
2533 5133 2800 5187 Barbaros
2851 5130 3021 5184 armis
3047 5129 3315 5202 lacessere
3351 5133 3572 5194 Oporte-

1987 5230 2118 5295 ret),
2151 5235 2209 5280 et
2259 5223 2387 5294 quia
2433 5238 2590 5277 soror
2621 5237 2718 5274 sua
2769 5233 2894 5274 cum
2949 5233 3017 5272 eo
3055 5225 3224 5283 nupta
3261 5215 3367 5278 sit;
3402 5227 3573 5281 quem

1985 5319 2218 5390 proinde
2273 5316 2508 5370 amicum
2569 5313 2697 5374 sibi,
2735 5327 2841 5366 non
2877 5311 3089 5364 hostem
3128 5307 3354 5376 cupiat;
3411 5304 3574 5358 sita-

1986 5426 2112 5464 men
2143 5409 2405 5478 oppidum
2440 5405 2753 5476 proditione
2788 5412 3117 5471 occupatum
3160 5398 3436 5452 restituat.
3469 5392 3579 5447 Sin

1989 5499 2193 5565 minus,
2247 5511 2373 5551 cum
2424 5492 2611 5561 cruce,
2643 5509 2806 5564 quam
2842 5491 2979 5545 alias
3022 5489 3092 5543 ab
3121 5503 3188 5542 eo
3220 5486 3441 5540 missam
3477 5498 3578 5538 ae-

1556 5601 1771 5664 Jecobi
1803 5587 2007 5667 Ponte
2020 5606 2082 5666 ni
2119 5614 2306 5668 notua.

377 5706 496 5778 (35)
527 5705 686 5799 limo,
716 5714 934 5777 uterque
978 5709 1236 5764 exercitus
1280 5708 1515 5764 eamdem
1574 5703 1880 5776 religionem
1933 5706 2478 5799 sectetur._hlendose
2552 5706 2610 5762 in
2658 5722 2760 5763 ms.
2812 5701 3146 5774 interpretis,
3186 5701 3408 5774 Θρᾴκης
3469 5713 3576 5770 pre

297 5776 634 5846 θρησκείας.
