4156 6300
453 258 562 322 425

1621 266 1669 323 Il
1685 264 1698 319 l
1714 262 1985 323 STOlilA
2000 260 2165 321 llUM
2208 259 2278 319 Ll
2296 254 2438 319 liEll
2478 261 2558 317 ll.

3611 266 3714 331 426

452 389 566 434 τες.
602 373 663 424 οὐ
698 371 857 440 μόνον
899 372 1052 427 αὐτοὶ
1106 373 1372 446 λαμπρῶς
1422 378 1514 429 καὶ
1578 358 1895 447 διαπρεπῶς
1929 393 2016 427 κε-

2126 374 2253 425 duui
2305 374 2526 427 fuerunt
2581 373 2853 441 dispositi,
2903 374 3094 428 accitis
3161 372 3456 433 Messorem
3512 380 3708 454 legatis

451 466 811 530 κοσμημένοι,
844 462 979 516 ἀλλὰ
1007 465 1097 518 καὶ
1122 465 1301 530 ἵπποι,
1329 466 1499 534 οἱμὲν
1541 466 1777 537 θώραξιν
1808 468 1870 519 ὲκ
1909 466 2032 537 βύρο

454 568 574 630 an;
587 556 979 623 πεποιημένοις
1008 597 1023 619 ,
1074 558 1122 608 οἱ
1150 557 1207 610 δὲ
1232 557 1626 620 άλυσειδωτοῑς.
1665 558 1776 611 Καὶ
1803 553 1872 628 ἦν
1905 558 2031 610 ἰδεῖν

450 646 515 699 οὐ
558 645 717 713 μόνον
749 647 930 701 ὅπλων
950 650 1041 702 καὶ
1071 651 1257 702 ἵππων
1275 649 1438 703 ἕνεκα
1467 650 1773 713 πολυτελῶς
1798 652 2030 718 μάλιστα

451 736 987 806 παρεσκευασμένην
1008 738 1107 806 τὴν
1149 739 1440 809 Ῥωμαίων
1473 738 1755 810 στρατιὰν,
1779 740 1914 793 ἀλλὰ
1935 741 2053 811 καὶὶ

451 828 651 899 πλήθει
690 828 755 882 ὲκ
796 826 992 881 πολλοῦ
1043 828 1141 882 τοῦ
1175 831 1371 900 χρόνου
1419 828 1574 884 οὔπω
1607 831 1736 901 ἄχρι
1785 832 1871 884 καὶ
1909 834 2029 885 τότε

444 922 727 991 τοσαύτην
768 921 1128 974 συνελθοῦσαν
1179 924 1259 985 εἰς
1290 922 1371 977 ἓν.
1442 925 1517 975 Ἥ
1557 939 1618 976 τε
1670 925 1778 993 γὰρ
1827 925 1890 976 ὲκ
1931 925 2029 993 τῆς

449 1010 695 1078 ἑσπέρας
741 1011 894 1061 πᾶσα
935 1008 1136 1079 παρῆν,
1168 1014 1260 1063 καὶ
1299 1011 1609 1081 Μακεδόνες
1643 1013 1741 1064 καὶ
1790 1012 2027 1083 Θρᾷκες,

453 1101 546 1153 καὶ
585 1101 701 1151 ὅσοι
733 1100 798 1151 ἐκ
820 1098 928 1150 τῶν
958 1100 1102 1152 κατὰ
1149 1099 1248 1169 τὴν
1278 1100 1354 1153 ἔω
1388 1103 1502 1165 τοίς
1539 1100 1835 1170 Ῥωμαίοις
1885 1102 2030 1169 ὑπη-

451 1195 596 1247 κόων
617 1192 826 1245 πόλεων
871 1188 1011 1262 ἦσαν
1036 1209 1050 1223 ·
1078 1193 1179 1245 καὶ
1209 1196 1274 1247 ὲκ
1302 1192 1599 1259 Βυζαντίου
1648 1194 1706 1247 δὲ
1749 1194 1916 1248 αὐτοῦ
1964 1195 2025 1247 ού

416 1314 425 1319 ι
456 1287 618 1357 μόνον
652 1286 861 1347 ἱππεῖς,
895 1284 1028 1338 ἀλλὰ
1060 1286 1153 1338 καὶ
1184 1286 1350 1350 πεζὸς
1380 1287 1569 1350 πολὺς,
1603 1286 1821 1341 ὀπλὶται
1844 1289 2029 1341 τεκαὶ

450 1377 668 1441 τοξόται
694 1375 865 1445 ψιλοί.
913 1376 1063 1428 Ἐπεὶ
1092 1376 1148 1429 δὲ
1181 1376 1322 1430 κατὰ
1355 1377 1641 1446 φάλαγγας
1664 1378 1739 1440 ὡς
1763 1380 1820 1441 ἐς
1850 1379 2028 1448 μάχην

452 1465 851 1536 παρετάξαντο,
872 1467 998 1537 τους
1017 1465 1220 1519 Μυσῶν
1245 1468 1745 1538 μεταπεμψάμενος
1771 1468 2029 1538 πρέσϐεις

420 1560 479 1615 ,ὁ
512 1556 787 1625 βασιλεὺς,
812 1555 925 1626 Τὴν
955 1557 1054 1625 μὲν
1112 1568 1371 1626 στρατιάν
1399 1560 1563 1628 ὁρᾶτε
1587 1560 1685 1630 τὴν
1707 1561 1866 1628 ἐμὴν,
1898 1561 2024 1631 ἔφη,

449 1650 528 1712 ὡς
592 1647 1041 1719 παρεσκεύασται
1103 1649 1242 1719 πρὸς
1301 1650 1514 1721 μάχην⁸
1581 1651 1910 1714 ἀπελθόντες
1966 1653 2025 1705 δὲ

2136 467 2435 534 imperator
2462 482 2476 517 :
2522 466 2835 519 Exercitum
2885 483 3066 521 ineum
3119 477 3178 521 ut
3211 470 3281 523 sit
3313 471 3379 524 ad
3406 474 3709 531 dimicatio-

2142 574 2262 610 nem
2321 570 2544 626 paratus
2601 558 2821 622 videtis,
2876 558 3078 627 inquit.
3129 560 3265 615 ltote
3296 579 3448 632 ergo,
3483 569 3709 638 regique

2137 657 2322 701 vestro
2344 648 2617 710 nuntiate,
2640 662 2725 701 me
2753 648 2864 719 jam
2898 659 3061 704 antea
3082 653 3707 727 pacis‘cupidissluium,
3746 676 3777 723 χ

2133 755 2243 793 non
2276 741 2448 795 semel
2484 740 2549 794 ad
2580 740 2732 794 illum
2769 756 2937 811 super
2968 759 3030 796 ea
3058 744 3265 813 legatos
3300 748 3549 813 misisse;
3578 766 3707 804 cum

2133 830 2269 884 nihil
2339 847 2555 900 aequum
2633 847 2698 887 ac
2751 833 3032 888 tolerabile
3086 837 3455 904 respondisse.
3522 840 3709 910 Itaque

2133 922 2315 975 crucis
2356 924 2564 977 virtute
2618 923 2845 992 fretum,
2891 941 3054 995 quam
3099 929 3198 982 sili
3230 929 3381 983 velut
3418 930 3616 1001 pignus
3645 951 3711 988 ac

2134 1022 2460 1075 sponsorem
2493 1013 2815 1067 constantiae
2847 1029 2961 1070 suae
2991 1016 3046 1069 in
3073 1002 3279 1072 foedere
3311 1023 3587 1077 servando
3612 1024 3708 1078 de-

2133 1100 2297 1162 derit,
2325 1102 2587 1156 adversus
2618 1103 2770 1157 illum
2790 1104 3201 1174 processurum.
3225 1109 3350 1165 Haec
3383 1112 3705 1181 imperator.

2132 1189 2321 1261 Legati
2349 1193 2412 1246 ad
2445 1209 2626 1264 regem
2657 1196 2947 1252 celerrime
2973 1200 3202 1271 reversi,
3235 1204 3369 1270 quid
3407 1204 3708 1273 imperator

2132 1278 2353 1341 dixerit,
2410 1283 2688 1350 quomodo
2742 1283 2988 1353 ingentes
3035 1288 3225 1356 copiae,
3255 1300 3312 1344 et
3365 1292 3446 1344 sic
3477 1302 3706 1349 armatae

2135 1383 2326 1426 contra
2357 1373 2532 1443 ipsum
2559 1374 2613 1428 in
2666 1375 2752 1428 via
2798 1375 2929 1439 sint,
2960 1380 3283 1436 retulerunt.
3314 1381 3561 1449 Michael,
3605 1386 3699 1453 qui

2133 1469 2296 1515 antea
2359 1463 2585 1517 rebatur
2648 1464 2924 1521 Romanos
2991 1482 3176 1522 secum
3223 1469 3509 1527 decertare
3555 1475 3704 1529 haud

2134 1566 2393 1615 ausuros,
2426 1553 2741 1623 intelligens
2766 1570 2862 1611 eos
2901 1556 3012 1624 jam
3043 1575 3151 1613 nun
3177 1576 3347 1629 parvo
3380 1567 3623 1619 exercitu
3649 1576 3705 1621 et

2132 1658 2328 1713 magno
2359 1653 2625 1713 apparatu
2653 1646 2720 1699 ad
2752 1647 2999 1715 puellum
3033 1652 3351 1717 procedere,
3376 1656 3569 1738 statuit
3593 1672 3704 1711 non

449 1712 823 1807 ἁπαγγεξλατε
844 1737 1054 1808 βασιλεῖ
1076 1712 1161 1807 re];
1183 1712 1458 1811 ὑμετέριρ,
1492 1740 1568 1803 ὡς
1594 1742 1704 1808 ἐγὼ
1728 1741 1826 1812 μὲν
1850 1712 2020 1795 ἀσπα-

2127 1733 2331 1788 debere
2365 1735 2419 1788 in
2448 1730 2623 1790 aliena
2655 1738 2879 1807 regione
2916 1742 3148 1809 pmviso
3189 1727 3496 1823 discrimini
3529 1761 3704 1805 semet

449 1834 678 1902 ζόμενος
703 1834 800 1901 τὴν
824 1830 1050 1900 εἰρήνην
1082 1830 1348 1900 πρότερον
1378 1832 1637 1896 πολλάκις
1665 1831 2020 1903 διεπρεσϐεύ-

450 1925 636 1993 σάμην
665 1923 802 1992 πρὸς
834 1921 894 1974 σὲ
937 1921 1066 1992 περὶ
1103 1921 1272 1991 αὐτῆς
1300 1937 1314 1954 ⁶
1376 1921 1468 1975 σοῦ
1514 1923 1570 1976 δὲ
1600 1924 1753 1977 οὐδὲν
1783 1926 2023 1989 ἐπιεικὲς

447 2016 909 2086 ἀποκρινομένου,
934 2016 1001 2085 τῇ
1031 2013 1125 2067 τοῦ
1159 2013 1397 2082 σταυροῦ
1421 2015 1652 2085 δυνάμει
1696 2014 1935 2087 θαρρῶν,
1963 2017 2022 2070 ὃν

420 2109 612 2181 ,αὐτὸς
644 2107 917 2180 ἐγγυητὴν
956 2106 1080 2175 ἐμοὶ
1108 2106 1385 2177 παρέσχου
1410 2106 1503 2160 τοῦ
1555 2108 1820 2180 μηδέποτε
1842 2124 2023 2178 παρα-

451 2200 775 2269 σπονδῆσαι,
833 2197 1120 2270 βαδιοῦμαι
1182 2199 1272 2252 ἐπὶ
1334 2198 1417 2253 σέ.
1464 2199 1728 2263 Βασιλεὺς
1774 2199 1876 2269 μὲν
1929 2195 2021 2254 οὗν

448 2290 678 2345 τοιαῦτα
702 2289 876 2345 εἷπενυ
908 2292 970 2344 0i
1000 2289 1263 2361 πρέσϐεις
1304 2289 1359 2342 δὲ
1383 2282 1417 2363 ᾖ
1444 2289 1641 2361 τάχους
1685 2286 1854 2369 εἶχον,
1885 2295 2022 2363 πρὸς

451 2382 678 2453 βασιλέα
705 2383 998 2452 ἀφιγμένοι
1019 2382 1110 2435 τὸν
1138 2380 1370 2446 ἑαυτῶν,
1398 2382 1523 2444 τούς
1555 2400 1614 2435 τε
1644 2368 1835 2452 λόγους
1850 2384 2024 2454 ἀπήγ-

450 2475 642 2544 γελλον
673 2475 958 2545 βασιλέως,
980 2475 1075 2527 καὶ
1106 2473 1181 2537 ὡς
1204 2474 1238 2544 ἡ
1273 2475 1504 2545 στρατιὰ
1542 2475 1781 2546 τοσαύτη
1808 2492 1866 2528 τε
1888 2474 2023 2530 οὖσα

451 2566 547 2619 καὶ
569 2564 738 2627 οὕτως
771 2563 1087 2635 ὡπλισμένη
1118 2565 1176 2617 ὲν
1201 2563 1304 2635 ὁδῷ
1334 2566 1471 2619 εἰσιν
1500 2566 1600 2637 ἤδη
1645 2569 1713 2637 τῇ
1755 2567 1892 2636 πρὸς
1916 2568 2019 2620 αύ-

448 2656 608 2719 τούςι
647 2656 862 2727 Μιχαὴλ
888 2657 947 2710 δὲ
979 2658 1243 2728 πρότερον
1295 2657 1395 2726 μὲν
1448 2660 1547 2711 οὐκ
1580 2657 1645 2712 ἂν
1674 2660 1917 2729 οἰόμενος
1943 2659 2022 2722 εἰς

448 2748 639 2818 χεῖρας
699 2746 885 2809 αὐτοῖς
918 2747 1056 2800 ἰέναι
1102 2745 1408 2818 Ῥωμαίους
1448 2748 1763 2818 ὑπομεῖναι,
1814 2749 1933 2802 τότε
1963 2751 2021 2802 δὲ

446 2837 553 2907 ῆδη
589 2837 730 2907 ὁρῶν
755 2838 952 2900 αὐτοὺς
992 2838 1356 2908 ὡρμημένους
1398 2842 1534 2910 πρὸς
1561 2841 1657 2910 τὴν
1704 2842 1906 2913 μάχην,
1960 2843 2020 2897 τό

448 2943 511 2983 τε
556 2929 758 3000 πλῆθος
793 2932 888 2984 καὶ
935 2930 1033 3000 τὴν
1067 2930 1421 3006 παρασκευὴν
1463 2931 1772 3001 πυθόμενος
1800 2936 1897 3005 ὅση
1927 2930 2017 3006 ἦν,

2125 1824 2425 1897 objectare.
2457 1827 2809 1900 Quapropter
2853 1830 3038 1886 denuo
3067 1835 3253 1890 missis
3288 1837 3508 1913 legatis,
3536 1840 3703 1910 idque

2124 1933 2247 1995 cum
2285 1920 2563 1976 celeritate
2595 1922 3124 1990 maxima,Bucelum
3156 1927 3526 1997 redditurum,
3552 1942 3608 1987 et
3631 1934 3700 1987 de

2123 2020 2321 2095 caetero
2362 2027 2553 2082 pacem
2597 2025 2952 2071 servaturum
3002 2021 3270 2088 spondet;
3312 2035 3577 2095 rogatque
3617 2023 3697 2082 uti

2125 2090 2352 2157 militem
2392 2102 2448 2157 in
2504 2116 2688 2160 castra
2728 2109 2976 2164 reducat.
3008 2109 3313 2180 Imperator
3345 2090 3700 2176 anim-adver-

2126 2199 2248 2244 tens
2296 2191 2445 2246 hunc
2498 2203 2776 2263 receptum
2831 2196 2935 2250 sibi
2975 2197 3094 2253 fore
3141 2198 3532 2267 honorificum.
3571 2225 3697 2265 cum

2126 2286 2418 2339 incruenta
2445 2277 2676 2341 victoria
2706 2288 2884 2344 libens
2901 2301 3082 2345 castra
3111 2295 3333 2361 repetit.
3362 2295 3496 2352 Nam
3530 2316 3702 2370 nuper

2124 2391 2227 2430 nec
2256 2375 2444 2439 verba,
2497 2393 2601 2432 nec
2637 2380 2780 2448 aequi
2820 2380 3062 2453 bonique
3119 2398 3315 2441 sensus
3346 2398 3406 2442 ut
3434 2390 3699 2448 Bucelum

2124 2466 2457 2532 restitueret,
2508 2467 2559 2536 ei
2611 2471 2945 2539 persuadere
3010 2474 3340 2543 potuissent,
3373 2482 3518 2548 quod
3551 2499 3701 2539 nunc

2126 2559 2462 2625 restitueret,
2501 2562 2763 2631 quodque
2799 2563 3029 2621 Romani
3059 2569 3330 2626 exercitus
3356 2587 3451 2641 per
3478 2576 3700 2631 ordines

2123 2649 2191 2702 ad
2224 2664 2459 2719 pugnam
2498 2649 2781 2707 distributi
2834 2670 3116 2711 accessum
3160 2675 3268 2714 non
3313 2664 3547 2727 tulisset.
3600 2670 3697 2723 sed

2126 2750 2254 2795 ante
2285 2739 2602 2796 conflictum
2642 2744 2826 2800 animo
2873 2746 3072 2814 victus,
3100 2759 3157 2803 et
3193 2752 3390 2808 timore
3411 2758 3700 2824 perculsus

2126 2846 2366 2902 pugnam
2420 2844 2751 2915 recusasset,
2778 2837 3052 2893 confessio
3106 2842 3391 2898 manifesta
3423 2856 3561 2913 erat,
3584 2848 3701 2904 Ro-

2125 2936 2318 2978 manos
2349 2925 2666 2993 superiores
2709 2940 2851 2985 esse.
2896 2926 3074 2994 Quare
3112 2940 3166 2986 et
3202 2932 3503 3003 imperator
3534 2954 3699 2993 occa-

445 3023 553 3075 οὐκ
605 3023 744 3087 ἔγνω
769 3020 879 3076 δεῖν
921 3024 978 3075 ὲν
1022 3022 1256 3093 πολεμίᾳ
1302 3023 1381 3086 εἰς
1430 3023 1709 3093 προῦπτον
1770 3027 2019 3080 κίνδυνον

2126 3013 2279 3069 sione
2312 3017 2601 3081 utendum,
2626 3031 2730 3071 nec
2760 3017 2898 3072 ultra
2930 3035 3094 3088 quam
3125 3021 3207 3077 fas
3249 3027 3693 3086 contendendum

448 3112 713 3182 καθιστᾷν
731 3111 943 3165 ἑαυτόν.
981 3112 1091 3165 Καὶ
1141 3111 1367 3182 πεμψας
1398 3113 1559 3167 πάλιν
1602 3116 2014 3186 τοὺςπρέσύεις

448 3196 484 3275 ᾖ
521 3201 772 3255 ἐδύναντο
799 3202 1031 3273 τάχιστα
1060 3203 1200 3274 πρὸς
1259 3202 1489 3273 βασιλέα
1515 3205 1623 3267 ,τό
1681 3225 1739 3259 τε
1777 3208 2013 3279 πόλισμα

450 3294 720 3347 Βουκέλου
787 3293 1158 3365 ἐπηγγέλλετο
1214 3295 1561 3366 παραδώσειν
1623 3299 1717 3352 καὶ⁷
1785 3302 2010 3371 εἰρήνην

447 3386 600 3451 ἄξειν
631 3385 723 3439 τοῦ
758 3386 965 3449 λοιποῦ,
999 3388 1092 3440 καὶ
1116 3383 1283 3441 ἐδεῖτο
1315 3388 1577 3459 βασιλέως
1620 3391 1699 3454 εἰς
1736 3391 1795 3444 τὸ
1815 3395 2013 3449 οἰκεῖον

450 3476 817 3547 στρατόπεδον
839 3478 1147 3546 ἀπαγαγεῖν
1203 3479 1301 3549 τὴν
1344 3481 1619 3551 στρατιάν.
1653 3483 1915 3549 Βασιλεὺς
1957 3487 2013 3541 δὲ

448 3570 595 3647 δρῶν
626 3570 806 3632 αὐτοῖς
842 3571 897 3622 ὲν
929 3569 1075 3638 καλῷ
1124 3569 1202 3639 τῷ
1240 3571 1480 3641 σχήματι
1528 3572 1626 3640 τὴν
1668 3574 2013 3647 ἀναχώρησιν

450 3640 769 3730 γινομένην,
820 3661 908 3714 καὶ
934 3663 1033 3731 τὴν
1063 3662 1218 3731 νίκην
1253 3640 1520 3732 ἀναιμωτὶ
1557 3640 2011 3738 προσγινομένην,

449 3753 686 3822 ἄσμενος
716 3753 1030 3828 ἁγεχώρησε
1064 3754 1196 3825 πρὸς
1220 3758 1280 3807 τὸ
1305 3756 1683 3824 στρατόπεδον.
1728 3755 1863 3811 Τότε
1903 3761 2011 3831 γάρ

450 3846 715 3915 πρότερον
760 3845 833 3914 μὴ
870 3846 1048 3912 λόγοις
1091 3845 1186 3897 καὶ
1233 3847 1299 3915 τῇ
1332 3845 1423 3899 τοῦ
1468 3845 1634 3899 καλοῦ
1678 3849 2009 3904 κα“ιδικαίου

450 3939 632 4005 κρίσει
663 3937 753 3990 τὸν
793 3936 1009 4010 Μιχαὴλ
1051 3935 1339 4004 πεισθῆναι
1378 3935 1442 3988 τὸ
1484 3935 1747 3990 Βουκέλου
1777 3939 2013 3998 ἀποδοῦ-

449 4042 562 4095 ναι,
596 4027 731 4082 ἀλλὰ
757 4027 873 4091 νῦν,
930 4029 1021 4082 καὶ
1056 4029 1116 4080 τὸ
1144 4028 1246 4098 ἤδη
1280 4028 1413 4098 πρὸς
1456 4029 1633 4099 μάχην
1670 4048 2014 4100 παρατεταγ-

453 4121 624 4189 μένης
670 4120 769 4188 τῆς
822 4119 1104 4187 Ῥωμαίων
1152 4119 1408 4188 στρατιᾶς
1439 4116 1537 4187 τὴν
1600 4117 1789 4186 ἔφοδον
1832 4120 2012 4172 αὐτῶν

450 4213 550 4282 οὐχ
582 4213 893 4281 ὑπομεῖναι,
911 4210 1044 4263 ἀλλὰ
1069 4210 1164 4262 καὶ
1190 4209 1297 4279 πρὸ
1317 4208 1417 4277 τῆς
1445 4208 1720 4278 συμϐολῆς
1748 4210 2012 4279 ἡττῆσθαι

451 4307 571 4366 ταῖς
593 4303 859 4373 γνώμαις,
889 4302 982 4355 καὶ
998 4302 1276 4363 δείσαντας
1297 4300 1673 4370 ἀπαγορεῦσαι
1689 4302 1788 4372 τὴν
1808 4303 2013 4373 μάχην,

2121 3105 2410 3176 judicavit.
2444 3106 2660 3161 Etenim
2689 3117 2816 3163 ante
2846 3110 3006 3179 202
3038 3112 3091 3166 id
3124 3122 3358 3184 tempus,
3382 3117 3698 3178 Andronico

2124 3197 2340 3253 seniore
2366 3197 2692 3267 imperante,
2718 3214 2842 3254 cum
2876 3201 2934 3254 in
2958 3201 3329 3260 Romanorum
3357 3210 3697 3276 provinciam

2125 3287 2322 3357 saepius
2378 3286 2798 3356 impressionem
2850 3288 3127 3357 fecissent,
3158 3309 3430 3366 nemoque
3471 3300 3579 3355 illis
3605 3319 3698 3359 oe—

2125 3378 2413 3441 currisset,
2445 3378 2541 3433 sed
2573 3378 2942 3449 legationibus
2973 3390 3028 3436 et
3058 3388 3404 3443 sermonibus
3429 3390 3695 3450 duntaxat

2125 3468 2363 3524 fuissent
2389 3471 2675 3539 diremptae
2709 3474 3120 3539 controversiae,
3151 3476 3524 3545 opinabantur
3578 3483 3692 3540 Ro-

2127 3576 2317 3614 manos
2344 3561 2701 3629 imperatores
2721 3577 2933 3627 eorum,
2963 3554 3021 3618 ut
3045 3565 3188 3622 bello
3221 3568 3691 3645 insaperabilium,

2125 3667 2195 3706 ne
2257 3661 2537 3721 aspectum
2610 3652 2831 3722 quidem
2914 3654 3120 3712 laturos
3172 3673 3316 3715 esse.
3373 3663 3512 3718 Tum
3568 3684 3696 3724 icio

2129 3759 2325 3812 magno
2381 3753 2547 3814 atque
2607 3752 2832 3800 strenuo
2883 3748 3127 3802 exercitu
3191 3751 3501 3809 tendentem
3551 3758 3607 3813 in
3634 3775 3696 3815 se

2125 3833 2514 3902 imperatorem
2565 3849 2797 3891 cernens
2841 3835 3109 3906 Michael,
3166 3842 3327 3899 aliter
3380 3848 3573 3914 sensit,
3637 3863 3695 3907 et

2124 3929 2318 3996 pedem
2355 3929 2582 3982 omnino
2641 3931 2991 3987 referendum
3048 3918 3227 3991 duxit.
3268 3922 3396 3993 Tale
3433 3940 3692 4001 nimirum

2129 4018 2380 4072 universe
2391 4017 2752 4073 Barbarorum
2778 4022 3053 4091 ingenium
3070 4036 3175 4089 est,
3194 4027 3461 4085 eﬂ‘renato
3482 4033 3692 4102 impetu

2126 4109 2335 4163 instare
2387 4110 2710 4165 cedentibus
2761 4108 2871 4182 ('59)
2907 4152 2923 4177 ,
2969 4114 3267 4186 intrepidos
3301 4130 3384 4174 -et
3464 4123 3519 4178 in
3573 4129 3691 4184 acie

2124 4209 2334 4256 stantes
2362 4201 2582 4271 aggredi
2637 4217 2745 4256 non
2794 4205 3017 4259 audere.
3049 4206 3281 4263 Romani
3312 4212 3517 4269 milites
3541 4220 3689 4286 quod

2123 4307 2454 4346 concurrere
2483 4302 2538 4347 et
2566 4291 2805 4347 hostium
2862 4293 3034 4363 spolia
3066 4298 3207 4365 (quae
3237 4308 3445 4355 tantum
3483 4318 3592 4359 non
3622 4313 3691 4363 de

447 4397 514 4449 τὸ
555 4395 842 4463 Ῥωμαίων
868 4392 1135 4463 ἡττῆσθαι
1171 4391 1421 4460 φανερῶς
1470 4391 1875 4460 ὁμολογούντων
1914 4388 2014 4463 ῆν·

2126 4387 2375 4442 manibus
2412 4386 2518 4441 sibi
2549 4400 2735 4456 erepta
2770 4387 3057 4460 putabant)
3096 4390 3277 4461 legere
3301 4409 3412 4448 non
3440 4395 3691 4455 licuisset

452 4487 548 4542 καὶ
577 4486 666 4540 διὰ
696 4484 854 4538 τοῦτο
883 4484 975 4537 καὶ
1008 4482 1218 4553 βασιλεῖ
1240 4483 1411 4536 ἐδόκει
1445 4481 1682 4553 χρῆσθαι
1711 4483 1786 4554 τῷ
1814 4484 2016 4555 καιρῷ,

454 4580 547 4632 καὶ
580 4578 657 4649 μὴ
682 4578 826 4648 πέρα
865 4575 956 4628 τοῦ
987 4575 1357 4644 προσήκοντος
1393 4574 1737 4642 φιλονεικεῖν.
1773 4576 1861 4627 Ἐν
1906 4574 2014 4645 γὰρ

450 4671 563 4731 τοῖς
607 4666 890 4738 προτέροις
937 4666 1171 4735 χρόνοις.
1216 4663 1557 4732 Ἀνδρονίκου
1583 4663 1676 4717 τοῦ
1713 4665 2022 4736 πρεσϐυτέ⁴

455 4780 547 4830 pou
608 4761 869 4831 βασιλέως
920 4760 1200 4828 ἄρχοντος,
1252 4756 1452 4820 πολλὰς
1477 4757 1534 4819 ὲς
1591 4759 1690 4826 τὴν
1730 4756 2018 4827 Ῥωμαίων

451 4854 677 4917 ἐσϐολὰς
723 4852 833 4905 τῶν
862 4851 1063 4906 Μυσῶν
1114 4853 1524 4919 ποιησαμένων,
1556 4850 1678 4903 ἐπεὶ
1710 4850 1884 4913 οὐδεὶς
1922 4851 2018 4902 αὐ-

450 4950 564 5009 τοῖς
596 4944 1012 5013 ἀντεπεξῆλθεν,
1048 4941 1183 4995 ἀλλὰ
1207 4925 1525 5010 πρεσϐείαις
1568 4943 1663 4994 καὶ
1708 4942 1892 5010 λόγοις
1922 4956 2015 4993 πι-

452 5038 634 5099 θανοῖς
660 5036 898 5090 διελύετο
943 5035 1042 5097 τὰς
1093 5032 1232 5103 πρὸς
1276 5032 1474 5095 αὐτοὺς
1512 5032 1773 5102 διαφορὰς
1804 5033 1832 5085 ό
1866 5033 2023 5103 βασι-

2125 4479 2519 4546 tristabantur;
2561 4488 2707 4534 tanta
2751 4481 3050 4537 dimicandi
3081 4483 3281 4554 cupido
3304 4501 3498 4545 omnes
3529 4506 3690 4561 cepe.

2122 4581 2227 4625 rat.
2278 4571 2504 4633 Tamen,
2542 4586 2672 4639 pace
2709 4572 3010 4627 constituta
3045 4583 3101 4628 et
3141 4575 3349 4631 foedere
3380 4593 3523 4634 novo
3551 4595 3689 4636 con-

2116 4663 2350 4729 firmata,
2377 4663 2605 4718 Michael
2641 4664 2903 4719 Bucelum
2934 4665 3172 4719 reddidit
3197 4682 3213 4733 ;
3242 4668 3405 4724 etdie
3434 4672 3690 4741 sequenti

2116 4758 2171 4809 in
2203 4756 2358 4824 equis
2407 4755 2812 4822 convenientes,
2847 4755 3142 4810 amicitiam
3192 4769 3556 4828 renovarunt;
3588 4778 3692 4820 nec

2117 4851 2319 4906 deinde
2347 4852 2491 4907 inter
2514 4850 2790 4906 Romanos
2842 4862 2896 4905 et
2941 4850 3140 4906 Mmsos
3184 4851 3409 4920 bellum,
3440 4856 3534 4909 sed
3564 4869 3691 4924 per-

2117 4952 2282 5013 petua
2309 4959 2411 5015 pax
2465 4945 2591 4998 fuit.
2624 4942 2873 5012 Cumque
2926 4943 3284 5015 pepigissent.
3316 4946 3371 4999 in
3408 4957 3686 5015 posterum

2118 5048 2485 5091 conventuros
2531 5051 2641 5106 quo
2693 5036 2814 5091 loco
2848 5036 3292 5106 complacuisset,
3322 5037 3416 5092 ille
3453 5039 3510 5092 in
3558 5037 3687 5093 Μω-

1702 5145 1917 5209 Jacobi
1949 5149 2212 5211 Pontani
2254 5158 2439 5212 notas.

453 5261 649 5318 stabile
675 5272 885 5328 agmen.
922 5254 1019 5328 Vir
1045 5255 1179 5328 viro,
1206 5268 1357 5328 arma
1390 5253 1552 5328 armis
1604 5264 1845 5328 conserta
1868 5266 2009 5319 sunt,

453 5340 523 5388 ad
553 5323 738 5384 nutum
767 5327 1024 5382 monentis
1061 5325 1270 5388 intenti,
1306 5324 1451 5392 sequi
1476 5323 1648 5391 signa,
1677 5324 1886 5377 ordines
1913 5340 2027 5376 ser-

452 5418 579 5460 vare
622 5399 868 5452 didicere.
910 5394 1060 5460 Quod
1094 5395 1385 5463 imperatur
1410 5434 1424 5453 ,
1464 5407 1640 5445 omnes
1690 5394 2021 5457 exaudiunt;

453 5474 726 5527 obsisfere,
757 5467 1001 5527 circuire,
1040 5465 1358 5523 discurrere,
1391 5464 1445 5515 in
1473 5478 1633 5515 cornu
1664 5472 1884 5532 mutare
1927 5480 2026 5532 pu-

450 5558 614 5614 gnam
652 5553 760 5614 agn
782 5538 940 5614 duces
966 5535 1156 5614 magis,
1180 5549 1338 5614 quam
1369 5530 1802 5614 militesrnllent.
1855 5568 1867 5578 .

525 5610 641 5679 (39)
679 5608 854 5660 Etiam
890 5599 1077 5680 bestia}
1100 5599 1356 5680 qua'dai'n
1379 5599 1649 5680 fugientes
1677 5615 2018 5680 persequun-

454 5670 568 5747 tur,
602 5684 999 5747 persequentes
1032 5672 1265 5741 fugiunt.
1297 5670 1364 5723 Et
1396 5670 1653 5722 nuoniain
1683 5670 1899 5724 barbari
1924 5685 2019 5739 pa-

785 5771 1051 5830 PATROL.
1086 5768 1203 5826 Gn.
1251 5764 1448 5828 CLlll.

2117 5269 2242 5309 rum
2273 5256 2533 5311 diﬂ‘erunt
2571 5270 2600 5310 a
2654 5254 2836 5310 brutis
2868 5254 3262 5316 animantibus,
3288 5256 3415 5321 quia
3446 5252 3683 5316 barbari,

2127 5325 2231 5379 hoc
2266 5333 2371 5390 est,
2402 5325 2616 5387 inculti,
2647 5332 2908 5393 agrestes,
2939 5324 3225 5393 inhumani
3260 5331 3407 5393 sunt,
3443 5338 3551 5377 non
3586 5325 3687 5375 mi-
3717 5361 3721 5366 .

2128 5409 2250 5447 rum
2282 5409 2379 5448 eos
2419 5395 2472 5447 in
2511 5395 2615 5448 hoc
2661 5391 2881 5460 quoque
2911 5392 3116 5447 bestias
3149 5391 3377 5450 imitari.
3409 5405 3685 5459 sensuque

2128 5465 2311 5531 potius
2338 5464 2487 5524 duci,
2526 5477 2688 5530 quam
2715 5464 2925 5531 ratione
2957 5462 3093 5531 regi,
3119 5477 3241 5516 cum
3277 5461 3406 5528 quid
3440 5462 3684 5526 virtutis,

2124 5530 2288 5601 atque
2316 5532 2453 5585 adeo
2485 5530 2829 5601 fortitudinis
2850 5531 2940 5601 sit,
2971 5530 3077 5601 non
3112 5531 3351 5593 videant,
3384 5538 3437 5584 et
3463 5540 3683 5599 gustum

2125 5599 2265 5655 vera:
2293 5601 2472 5655 laudis
2495 5609 2550 5654 et
2582 5600 2767 5668 gloriae
2791 5599 2998 5653 nullum
3036 5599 3295 5653 habeant.

3179 5755 3252 5816 14
