4156 6300
523 138 626 198 42ἴ
1679 139 2003 201 JOANNIS
2036 136 2528 226 CANTACUZEN
2540 139 2564 197 Ι
2702 201 2706 205 4
3649 140 3759 203 ίὲδ

520 259 680 324 siam,
727 260 1022 330 imperator
1074 258 1395 331 Byzantium
1430 257 1535 313 iter
1570 258 1823 328 arripuit,
1848 267 1903 313 et
1930 258 2070 311 miles

2189 256 2334 319 λεὺς,
2366 255 2532 325 ᾤοντο
2569 255 2644 318 ὡς
2673 271 2815 308 τισιν
2839 254 3077 325 ἀμάχοις
3107 254 3242 325 μηδὲ
3288 255 3649 324 προσϐλέπειν
3682 258 3765 310 ἑτι

521 351 821 420 oppidatim
854 353 1113 409 difﬂuxit.

2192 351 2519 420 δυνήσεσθαι
2552 352 2675 413 τοὺς
2723 349 3010 420 Ῥωμαίων
3037 348 3314 419 βασιλέας.
3340 349 3476 403 Τότε
3513 351 3571 403 δὲ
3605 353 3634 404 ὁ
3666 352 3759 405 Mt-

518 443 658 513 χαὴλ
686 444 825 515 ὁρῶν
848 445 948 515 ἤδη
986 445 1210 516 βασιλέα
1260 442 1483 497 ἐπιόντα
1510 440 1675 510 πολλῇ
1706 457 1763 493 τε
1788 442 1883 494 καὶ
1903 438 2079 511 ἀγαθῇ
2119 443 2184 511 τῇ
2224 443 2473 513 στρατιᾷ,
2504 442 2566 493 οὐ
2616 443 2715 505 τὰς
2776 440 2944 501 αὑτὰς
2976 437 3093 509 εἷχε
3151 441 3402 509 γνώμας,
3442 443 3561 497 ἀλλ’
3590 446 3770 527 ιέδιικει

514 539 623 593 δεῖν
648 541 974 611 ὑποχωρεῖν.
1038 540 1292 594 Τοιοῦτον
1323 540 1431 608 γάρ
1477 540 1539 592 τὸ
1583 535 1912 607 βαρϐαρικὸν
1968 535 2133 603 ἅπαν,
2173 538 2286 600 τοῖς
2330 554 2391 590 τε
2447 539 2546 608 οὐχ
2590 539 2958 607 ὑπομένουσιν
3008 538 3306 593 ὲπελαῦνον
3353 542 3609 610 ἀκρατῶς
3666 552 3766 603 καὶ

519 634 657 704 μετὰ
692 634 890 702 πολλῆς
924 632 1269 702 ἐπικείμενον
1307 618 1502 702 ὁρμῆς,
1565 628 1662 682 καὶ
1713 631 1825 691 τοῖς
1892 627 1967 698 μὴ
2008 628 2487 697 ὲκπληττομένοις,
2559 628 2695 684 ἀλλὰ
2741 630 2995 698 μένουσιν
3036 631 3094 682 ἐν
3160 630 3242 699 τῷ
3317 632 3602 703 πολεμεῖν,
3662 638 3766 691 οὐκ

515 730 671 782 αὐτοὶ
716 727 1080 790 ἀντεπιόντες.
1160 725 1224 780 Ἢ
1277 725 1376 792 μέν
1424 741 1507 777 τοι
1556 723 1782 793 στρατιά
1823 721 2113 791 Ῥωμαίων
2169 724 2451 793 μονονουχὶ
2491 725 2560 777 τὰ
2613 722 2722 775 ἀπὸ
2778 723 2884 776 τῶν
2960 721 3237 791 πολεμίων
3296 725 3469 780 σκῦλα
3521 729 3764 799 οἰόμενοι

515 828 954 897 ἀποστερεῖσθαι,
985 824 1215 892 ἠνιῶντο
1259 825 1341 877 ὅτι
1380 822 1454 893 μὴ
1502 821 1792 875 συνέϐαλον
1825 822 2069 883 Μυσοῖς·
2107 822 2342 893 τοσαύτη
2410 823 2692 893 προθυμία
2719 822 2952 892 κατέσχε
2985 823 3196 884 πάντας
3221 820 3362 891 πρὸς
3422 820 3523 891 τὴν
3555 822 3762 892 μάχην.

516 921 702 988 Ὅμως
724 920 831 972 τῶν
861 920 989 987 περί
1003 919 1099 987 τῆς
1121 920 1344 990 εἰρήνης
1407 917 1687 988 συνθηκῶν
1744 917 2148 987 γεγενημένων,
2182 918 2244 971 τό
2297 936 2353 971 τε
2385 918 2651 972 Βουκέλου
2684 918 2964 974 ἀπέδωκεν
2997 918 3029 970 ὁ
3073 917 3293 987 Μιχαὴλ
3341 917 3481 987 πρὸς
3513 916 3762 987 βασιλέα,

512 1016 605 1068 καὶ
628 1016 855 1083 ἔφιπποι
886 1015 966 1074 εἰς
996 1014 1092 1083 τὴν
1121 1014 1417 1085 ὑστεραίαν
1457 1012 1772 1075 ὲνωθέντες.
1817 1014 1920 1081 τήν
1949 1030 2009 1065 τε
2068 1012 2253 1081 φιλίαν
2318 1014 2712 1078 ἀνενεώσαντο,
2754 1015 2849 1068 καὶ
2881 1013 3183 1082 Ῥωμαίοις
3214 1013 3310 1067 καὶ
3332 1013 3542 1074 Μυσοῖς
3567 1013 3757 1067 οὐκέτι

512 1106 743 1171 πόλεμος
797 1106 1046 1176 ἐκινήθη,
1094 1105 1224 1177 ,ἀλλ’
1276 1106 1499 1177 εἰρήνην
1547 1100 1683 1175 ἦγον
1720 1101 2071 1161 τοῦκλοιποῦ.
2113 1102 2438 1171 Συνθέμενοι
2492 1106 2550 1159 δὲ
2601 1104 2854 1176 ἀλλήλοις
2917 1103 2995 1167 ὡς
3062 1103 3143 1165 εἰς
3192 1100 3419 1156 τούπιὸν
3486 1102 3548 1184 iv
3575 1102 3762 1172 ταῦτῷ

508 1200 828 1268 γενήσονται
878 1198 1091 1253 ὅποιᾶν
1120 1199 1273 1271 δοκῇ,
1320 1200 1348 1252 ὁ
1390 1198 1491 1268 μὲν
1519 1199 1600 1262 εἰς
1628 1194 1865 1262 Μυσίαν,
1919 1194 2174 1264 βασιλεὺς
2235 1194 2294 1248 δὲ
2328 1197 2408 1260 εἰς
2468 1196 2763 1261 Βυζάντιον
2825 1195 3118 1267 ἐπανῆκον,
3187 1196 3278 1247 καί
3318 1195 3352 1264 ή
3392 1192 3625 1262 στρατιὰ
3651 1192 3761 1246 διε-

506 1296 744 1365 λύθησαν
770 1291 911 1346 κατά
936 1291 1145 1354 πόλεις.
1604 1300 1609 1303 ’

1959 1402 2185 1462 CAPUT
2223 1388 2311 1460 1v.

507 1497 739 1569 Magnus
771 1499 1085 1555 domesticus
1115 1496 1408 1568 Syrgiamti
1428 1499 1687 1552 mitiorem
1712 1514 1978 1569 carcerem
1997 1500 2268 1569 impetrat.
2299 1497 2487 1551 Postea
2516 1496 2811 1569 libertatm:
2833 1498 2998 1553 eidem
3026 1499 3174 1569 petit.
3201 1497 3501 1569 Imperator
3530 1499 3756 1569 miratur

575 1567 693 1624 eam
730 1588 835 1625 non
864 1572 1045 1624 statim
1075 1567 1335 1637 petivisse,
1371 1583 1489 1620 cum
1526 1570 1639 1637 ejus
1679 1571 1849 1622 amori
1872 1567 2095 1622 daturus
2143 1568 2212 1621 sit
2242 1568 2443 1630 omnia,
2475 1568 2623 1636 cujus
2662 1567 3086 1637 magnitudinem
3116 1567 3377 1623 declarat.
3429 1567 3755 1622 Domestica:

575 1641 686 1705 ipse
720 1656 924 1709 quoque
951 1636 1105 1692 suum
1143 1652 1377 1709 amorem
1425 1638 1481 1689 in
1510 1636 1907 1709 {imperatorem
1940 1637 2216 1709 prtedicat,
2249 1645 2301 1688 et
2352 1640 2610 1709 rationem
2645 1636 2772 1709 facti
2805 1639 2992 1709 reddit.
3029 1637 3263 1709 Angelus
3293 1654 3518 1708 magnus
3561 1645 3756 1709 strato-

574 1704 846 1777 pedere/td
873 1725 966 1779 pro
1006 1709 1212 1777 egregio
1240 1707 1369 1759 duce
1394 1704 1814 1779 commendatur.
1850 1706 2199 1779 Imperatoris
2235 1714 2406 1759 mater
2438 1704 2587 1760 Xena
2617 1704 2673 1758 se
2707 1706 2768 1757 de
2796 1705 3095 1777 Syrgianne
3116 1704 3358 1760 'celatam
3385 1704 3433 1760 ἀ
3474 1707 3755 1761 domestica

573 1774 845 1832 irascitur.
874 1774 1209 1847 'Syrgi'anires
1231 1790 1258 1828 e
1286 1774 1523 1829 custodia
1554 1775 1859 1831 dimittitur.

576 1893 927 1963 Syrgiannes.
957 1898 1014 1942 ut
1072 1903 1238 1958 supra
1273 1887 1583 1962 docuimus,
1620 1903 1649 1942 a
1705 1887 1923 1944 seniore
1962 1888 2070 1963 An-

2244 1886 2351 1941 Τοΰ
2374 1886 2650 1959 Συργιάνη
2698 1887 2755 1941 δὲ
2793 1888 2899 1941 ὑπὸ
2933 1887 3027 1941 τοῦ
3062 1887 3436 1960 πρεσϐυτέρου
3480 1887 3748 1960 βασιλέως

505 1984 736 2037 dronico
792 1981 849 2033 in
897 1978 1117 2034 vinrula
1174 1986 1494 2047 compactus
1526 1978 1651 2033 fuit.
1681 1980 1752 2033 At
1790 1989 2077 2050 postquam

502 2076 691 2145 junior
719 2070 979 2142 Byzantio
1025 2071 1253 2140 potitus,
1293 2079 1466 2126 totum
1501 2072 1788 2141 imperium
1820 2073 2076 2139 obtinuit,

506 2180 737 2236 magnus
766 2162 1103 2217 domesticus
1129 2161 1248 2229 ejus
1280 2161 1384 2214 viri
1414 2162 1753 2229 recordatus,
1783 2172 1838 2218 et
1859 2162 1924 2217 ad
1952 2178 2076 2218 eum

503 2260 563 2313 in
597 2270 873 2312 carcerem
931 2254 1231 2324 ingressus,
1264 2253 1359 2308 ubi
1397 2255 1505 2310 loci
1539 2255 1810 2325 paedorem
1832 2300 1839 2305 .
1860 2257 2076 2325 squalo-

504 2362 757 2416 remque,
785 2354 841 2399 et
871 2345 1121 2415 bojarum
1162 2346 1215 2398 iu
1252 2346 1445 2415 primis
1484 2338 1690 2402 cervici
1730 2351 1850 2419 ejus
1914 2348 2077 2402 indu-

507 2452 719 2495 cta'um
752 2437 966 2508 pondus
1013 2438 1248 2505 aspexit,
1283 2437 1665 2509 imperatorem
1723 2440 1919 2504 oravit,
1966 2440 2079 2510 pri-

507 2546 657 2584 mum
688 2528 910 2598 quidem
947 2535 1006 2581 ut
1048 2527 1116 2579 iis
1156 2527 1457 2591 levaretur,
1489 2527 1686 2582 deinde
1723 2536 1785 2582 ut
1810 2528 1974 2613 efliam
2010 2545 2076 2585 ex

500 2620 622 2690 ipso
671 2635 780 2687 quo
832 2616 1121 2671 tenebatur
1170 2618 1475 2671 carcerein
1509 2619 1690 2673 arcem
1732 2618 1951 2673 Anemte
1982 2635 2076 2674 vo»-

502 2727 683 2771 catam
717 2715 854 2786 (40),
887 2728 1012 2767 cum
1064 2726 1235 2785 uxore
1281 2711 1583 2780 liberisque
1620 2714 1870 2767 victurus
1892 2713 2076 2768 dimit-

500 2818 730 2863 teretur.
762 2807 830 2859 Et.
857 2805 1152 2859 valuerunt
1216 2817 1426 2872 preces.
1474 2803 1841 2860 Nihilominus
1898 2804 2076 2859 adhuc

501 2898 943 2955 custodiebatur.
977 2895 1037 2949 In
1093 2894 1271 2950 reditu
1331 2902 1513 2949 autem
1541 2910 1572 2948 e
1604 2894 1837 2949 Thracia
1869 2894 2075 2967 Byzan-

498 2993 662 3054 tium,
704 2990 903 3043 iterum
964 2989 1347 3056 imperatorem
1385 2986 1594 3056 rogavit
1633 2994 1693 3040 ut
1741 2984 2074 3058 Syrgiannes

498 3098 530 3136 e
560 3081 810 3137 custodia
852 3093 1077 3149 prorsus
1131 3094 1196 3133 ac
1248 3077 1489 3147 perfecte
1517 3078 1871 3133 eximeretur.
1900 3079 2077 3150 Impe-

2202 1980 2564 2052 Ἀνδρονίκου,
2596 1981 2847 2054 καθάπερ
2870 1982 3115 2052 ἐφθημεν
3143 1981 3410 2046 εἰπόντες,
3452 1982 3510 2034 ὲν
3533 1981 3751 2052 δεσμω-

2184 2071 2357 2141 τηρίῳ
2392 2072 2803 2142 φρουρουμένου
2835 2071 2940 2124 ὑπὸ
2977 2071 3175 2135 κλοιοῖς
3199 2112 3212 2134 ,
3249 2072 3374 2124 ἐπεὶ
3399 2074 3426 2124 ὁ
3458 2073 3576 2135 νέος
3597 2073 3754 2142 βασι-

2185 2162 2309 2228 λεὺς
2340 2163 2633 2229 Βυζάντιον
2667 2162 2822 2227 ἑλὼν,
2853 2166 2953 2234 τῆς
2975 2163 3195 2233 ἀπάσης
3218 2164 3393 2234 ἀρχῆς
3421 2163 3520 2234 ήδη
3546 2164 3753 2231 ἐγκρα-

2184 2256 2284 2328 τής
2314 2252 2405 2325 ἦν,
2436 2257 2674 2324 ὸμέγας
2721 2255 3041 2325 δομέστικος
3089 2256 3397 2327 Συργιάννη
3462 2255 3748 2327 μνησθεὶς,

2184 2349 2277 2402 καὶ
2325 2348 2458 2420 πρὸς
2483 2347 2644 2401 αὑτὸν
2667 2349 2746 2412 εἰς
2769 2349 2831 2401 τὸ
2859 2348 3231 2420 δεσμωτήριον
3263 2347 3454 2412 ἐλθὼν,
3506 2349 3627 2401 ἐπεὶ
3648 2349 3749 2416 τήν

2184 2457 2243 2495 τε
2288 2440 2456 2509 ἄλλην
2494 2440 2601 2493 ἀπὸ
2659 2439 2755 2492 τοῦ
2791 2439 3170 2510 δεσμωτηρίου
3218 2434 3611 2506 κὰκοπάθειαν,
3656 2442 3751 2493 καὶ

2188 2532 2421 2601 μάλιστα
2442 2532 2540 2602 τὴν
2560 2531 2667 2585 ἀπὸ
2686 2532 2793 2586 τῶν
2816 2530 3010 2585 κλοιῶν
3061 2533 3356 2595 πιέζουσαν
3387 2532 3547 2583 αὑτὸν
3576 2530 3745 2600 ἑώρα,

2184 2623 2446 2695 βασιλέως
2472 2624 2663 2693 ἐδεήθη
2696 2623 2890 2692 πρῶτα
2925 2624 3024 2695 μὲν
3069 2623 3337 2693 ἀφεθῆναι
3377 2622 3486 2675 τῶν
3518 2621 3744 2676 κλοιῶν·

2182 2715 2374 2768 ἔπειτα
2407 2714 2464 2768 δὲ
2491 2716 2585 2769 καὶ
2606 2716 2713 2769 ἀπὸ
2734 2714 2827 2769 τοῦ
2860 2714 3233 2786 δεσμωτηρίου
3260 2716 3315 2767 ὲν
3335 2708 3381 2783 ᾧ
3404 2717 3743 2785 ἐφρουρεῖτο,

2182 2810 2261 2871 εἰς
2285 2808 2376 2860 τὸν
2408 2807 2500 2861 τοῦ
2547 2808 2749 2878 ’Δνεμᾶ
2789 2808 3122 2878 καλούμενον
3160 2806 3368 2877 πύργον
3401 2809 3620 2874 γυναικὶ
3652 2806 3744 2860 καὶ

2178 2895 2389 2959 τέκνοις
2422 2894 2747 2962 συνδιάγειν,
2786 2897 2882 2950 καὶ
2917 2895 3298 2964 κατεπράξατο
3341 2897 3590 2966 αἰτήσας.
3624 2898 3745 2948 Ἐτι

2183 2986 2366 3056 μέντοι
2404 2987 2764 3058 ἐφρουρεῖτο⁸
2815 2988 2957 3042 κατά
3007 2988 3065 3041 δὲ
3112 2988 3211 3059 τὴν
3243 2990 3306 3039 ὲκ
3358 2987 3578 3059 Θρᾴκης
3606 2988 3742 3058 πρὸς

2179 3077 2471 3143 Βυζάντιον
2505 3079 2762 3133 ἐπάνοδον
2784 3079 2985 3145 αὐτῶν,
3032 3075 3186 3145 αὖθις
3213 3080 3479 3151 βασιλέως
3505 3083 3536 3136 δ
3568 3084 3744 3151 μέγας

496 3182 650 3226 rator
702 3185 761 3225 se
809 3170 1091 3238 colligens,
1127 3167 1284 3238 203
1337 3166 1499 3221 modo
1543 3167 1612 3221 ab
1641 3166 1734 3221 illo
1762 3182 1973 3221 summa
2013 3181 2070 3221 se

2179 3169 2493 3237 δομέστικος
2543 3170 2744 3236 ἐδεῖτο,
2804 3172 3002 3235 τελέως
3052 3172 3149 3240 τῆς
3196 3171 3422 3241 εἱρκτῆς
3473 3171 3743 3240 ἀπολυθῆ-

497 3265 755 3320 allectum
828 3260 1078 3315 molestia
1171 3260 1330 3324 dixit,
1394 3266 1725 3328 ‘causamque
1799 3258 2070 3325 adiunxit,

2178 3279 2267 3315 ναι
2319 3263 2681 3333 Συργιάννην.
2733 3262 2946 3333 Μικρὸν
2993 3262 3050 3316 δὲ
3088 3263 3329 3332 ἐπισχὼν
3466 3263 3740 3333 βασιλεὺς,

499 3355 648 3427 quod
703 3369 902 3422 nempe
961 3368 1061 3409 suo
1114 3366 1241 3422 erga
1292 3351 1469 3421 ipsum
1520 3364 1710 3427 amore
1739 3349 2072 3405 domesticus

498 3446 724 3514 indigna
757 3442 1227 3513 cogitaret.'Adeo
1250 3443 1450 3511 quippe
1472 3442 1805 3497 excellenter
1833 3456 1892 3495 se
1921 3442 2070 3497 illum

496 3552 685 3591 amare
737 3535 875 3605 (ιι),
909 3545 970 3588 ut
1012 3534 1058 3588 si
1103 3538 1149 3588 is
1178 3548 1503 3602 quacunque
1564 3532 1779 3588 tandem
1814 3533 1881 3586 de
1909 3548 2071 3609 causa

496 3624 847 3697 propinquis,
903 3622 1119 3687 amicis,
1174 3622 1433 3677 omnibus
1478 3621 1733 3686 fortunis,
1793 3623 2074 3692 pretiosis-

498 3719 852 3785 simisatque
879 3714 1218 3769 charissimis
1248 3714 1560 3783 quibusque
1593 3713 1802 3768 relictis
1823 3716 1879 3768 in
1912 3730 2074 3784 pere.-

496 3808 657 3877 grino
686 3806 804 3861 solo
848 3807 1033 3877 potius
1062 3806 1260 3875 degere
1283 3805 1464 3868 vellet,
1501 3814 1801 3859 conaturus
1835 3816 1980 3860 esset
2013 3814 2071 3861 ut

495 3914 611 3952 rem
696 3898 1066 3952 illaudabilem
1142 3895 1495 3957 dissuadere;
1566 3898 1611 3950 si
1666 3895 1721 3951 id
1780 3897 2067 3966 nequiret,

498 3989 926 4059 disjunctionem
979 4003 1272 4058 corporum
1323 4000 1431 4040 non
1483 3985 1772 4052 ferentem,
1814 3988 2069 4043 similiter

499 4086 682 4136 omnia
723 4082 908 4136 valere
937 4082 1245 4152 iussurum.
1276 4090 1332 4135 et
1363 4093 1488 4132 cum
1518 4093 1585 4133 eo
1630 4080 1811 4147 potius
1846 4078 2071 4135 incertis

2174 3350 2511 3423 λελυπῆσθαι
2543 3351 2695 3420 ἔλεγε
2726 3353 2822 3405 καὶ
2854 3352 2992 3409 πάνυ
3019 3354 3154 3424 παρ’
3177 3350 3342 3405 αὐτοῦ
3364 3354 3502 3418 νυνὶ,
3527 3355 3621 3408 καὶ
3641 3357 3739 3418 τὰς

2173 3444 2352 3507 αἰτίας
2383 3445 2713 3514 προσετίθει,
2751 3445 2979 3511 ἀναξίας
3012 3452 3239 3516 φάσκων
3262 3446 3361 3516 τῆς
3401 3446 3537 3517 πρὸς
3573 3447 3735 3500 αὑτὸν

2173 3537 2353 3605 φιλίας
2413 3541 2510 3600 τὰς
2570 3537 2809 3601 διανοίας
2863 3523 3251 3608 ἐχεινάὐτόν.
3304 3538 3573 3593 Τοσοῦτον
3613 3540 3733 3611 ’γὰρ

2172 3624 2323 3694 αὐτῷ
2358 3626 2630 3697 περιεῖναι
2684 3626 2782 3698 τῆς
2841 3626 2978 3697 πρὸς
3030 3626 3193 3681 αὑτὸν
3252 3626 3458 3696 φιλίας,
3511 3628 3640 3685 ὥστ’
3686 3630 3737 3683 εἰ

2172 3717 2297 3770 καθ’
2315 3717 2600 3786 ἡντιναοῦν
2620 3719 2800 3772 αἰτίαν
2819 3719 3051 3783 οἰκείους
3071 3719 3249 3786 ἔδοξεν
3269 3720 3418 3791 αὑτῷ
3431 3722 3527 3774 ’καὶ
3549 3720 3737 3792 φίλους

2171 3807 2267 3859 καὶ
2300 3808 2621 3878 περιουσίαν
2650 3813 2852 3876 πᾶσαν,
2875 3813 3013 3869 αὐτά
3044 3832 3104 3868 τε
3124 3816 3191 3869 τὰ
3221 3816 3525 3885 τιμιώτατα
3552 3818 3646 3871 καὶ
3668 3820 3735 3872 τά

2172 3898 2404 3965 φίλτατα
2459 3901 2850 3965 καταλιπόντα,
2894 3904 2988 3957 ἐπὶ
3045 3904 3202 3973 ξένης
3254 3907 3425 3959 οἰκεῖν
3478 3905 3732 3975 ἑλέσθαι,

2170 3990 2332 4044 αὐτὸν
2371 3992 2473 4063 μὲν
2501 3993 2712 4046 πείθειν
2750 3996 3089 4066 ἀποσχέσθαι
3121 3997 3214 4051 τοῦ
3258 4000 3589 4069 πράγματος
3614 4001 3734 4053 ἐπι-

2167 4086 2394 4153 χειρεῖν,
2446 4084 2543 4155 τὴν
2593 4087 2824 4142 ἀτοπίαν
2867 4089 2964 4158 ὅση
3010 4090 3415 4144 ἐκδιδάσκονται.
3459 4092 3519 4144 Εἰ
3562 4092 3619 4145 δὲ
3656 4095 3732 4163 μὴ

502 4174 730 4229 sedibus
780 4183 1122 4243 vagaturnm.
1157 4171 1382 4241 Insuper
1436 4171 1482 4225 si
1512 4172 1790 4240 optionem
1837 4171 1989 4225 daret
2022 4172 2068 4225 is

2175 4171 2382 4226 δύναιτο
2415 4175 2669 4240 κωλύειν,
2723 4179 2799 4247 μὴ
2827 4179 3003 4248 ῥᾷστα
3044 4180 3141 4251 τὴν
3190 4181 3468 4249 διάζευξιν
3495 4182 3559 4237 ἂν
3597 4184 3733 4236 ὑπε-

494 4266 590 4336 qui
630 4265 746 4317 lucc
774 4264 1023 4317 absolute
1053 4271 1257 4331 potest,
1289 4270 1346 4315 ut
1380 4261 1517 4315 alter
1552 4276 1652 4329 pro
1681 4261 1852 4314 altero
1886 4275 2067 4313 more-

494 4365 671 4419 retur,
700 4370 758 4409 sc
810 4369 905 4422 pro
940 4353 1035 4407 illo
1081 4353 1246 4421 hujus
1295 4351 1437 4405 lucis
1479 4366 1644 4405 usura
1705 4350 2068 4404 libentissime

497 4444 822 4497 cariturum.
868 4440 1010 4507 Quin
1078 4441 1209 4504 imo,
1249 4439 1295 4493 si
1344 4439 1537 4493 stricto
1582 4452 1734 4501 ense,
1784 4438 2064 4492 occidendi

494 4549 660 4588 causa
686 4533 740 4586 in
773 4548 831 4587 se
855 4546 1077 4588 euntem
1107 4532 1338 4596 videret,
1361 4545 1423 4584 ac
1442 4529 1641 4585 deinde
1673 4530 2065 4600 impedimento

493 4627 702 4694 aliquo,
733 4625 859 4679 licet
909 4625 1148 4679 maxime
1183 4637 1493 4693 repugnans
1544 4622 1957 4692 prohiberetur,
1995 4639 2062 4678 ne

494 4716 576 4769 sic
595 4715 814 4783 quidem
849 4730 1009 4783 posse
1043 4729 1284 4782 unquam
1319 4712 1422 4768 sibi
1451 4713 1702 4767 odiosum
1732 4713 1875 4769 fieri.
1899 4714 2063 4768 Deni-

2168 4264 2404 4330 νεγκεῖν,
2423 4263 2558 4318 ἀλλὰ
2588 4266 2683 4319 καὶ
2721 4269 2882 4321 αὐτὸν
2900 4269 2963 4322 ὲκ
2983 4269 3076 4324 τοῦ
3099 4271 3284 4339 ὁμοίου
3313 4274 3481 4325 πᾶσιν
3505 4272 3728 4326 εἰπόντα

2165 4354 2396 4423 χαίρειν,
2434 4356 2493 4409 τὸ
2537 4360 2632 4411 σὺν
2683 4359 2835 4431 αὐτῷ
2870 4361 3177 4416 πλανᾶσθαι
3233 4363 3434 4433 μᾶλλον
3485 4364 3725 4420 ἑλέσθαι.

2171 4446 2289 4496 Ἔτι
2321 4463 2374 4498 τι
2421 4445 2668 4518 [προσέτι
2705 4450 2752 4502 εἰ
2800 4451 2879 4505 vel
2906 4452 2986 4504 ἔτι
3013 4453 3103 4508 καὶ
3144 4452 3217 4525 εἰ]
3248 4454 3297 4508 εἰ
3330 4454 3543 4524 αἵρεσις
3580 4456 3731 4524 αὐτῷ

2170 4535 2444 4606 προύτέθη
2502 4538 2651 4608 παρά
2700 4539 2795 4592 τοῦ
2846 4540 2913 4594 τὰ
2960 4542 3185 4596 τοιαῦτα
3230 4545 3404 4599 πάντα
3430 4545 3727 4615 δυναμένου

2167 4624 2308 4679 ὥστε
2332 4626 2420 4680 τὸν
2445 4628 2530 4681 ire
2540 4645 2633 4697 ρον
2653 4629 2831 4685 αὐτῶν
2860 4632 3296 4688 ἀπαλλάττεσθαι
3321 4634 3558 4710 τοῦ-ζῇν,
3582 4637 3727 4690 ἀπά-

2171 4730 2292 4779 σαις
2325 4717 2391 4771 ἂν
2416 4717 2588 4773 εἵλετο
2619 4719 2681 4774 τὸ
2713 4721 2822 4793 πρὸ
2864 4722 3031 4777 αὑτοῦ
3066 4724 3377 4781 ἀποθανεῖν.
3426 4728 3589 4781 Ἀλλά
3620 4728 3726 4799 μὴν

1718 4833 1937 4895 Jacobi
1970 4835 2234 4900 Pontani
2277 4847 2465 4907 notua.

566 4961 679 5048 (ιθ)
712 4956 1925 5048 Quae}???,Gtess3ita_:'.s:bv19§391‘s?
1964 4980 2062 5045 δεα·

2164 4974 2624 5048 tacuzenum,_et
2673 4971 2838 5041 hujus
2871 4972 2927 5026 in
2949 4973 3137 5048 illum,
3152 4974 3352 5048 multis
3393 4976 3553 5043 locis,
3584 4993 3721 5048 pre-

494 5029 759 5115 ὶοῇμενον
791 5029 1022 5115 πύργρν,
1055 5030 1816 5115 tanienexistimmriuntam
1847 5032 2059 5115 turrim
2161 5037 2351 5115 ser-tim
2377 5029 2685 5115 _per'_huuc
2723 5029 2790 5115 et
2838 5042 3059 5097 tertium
3088 5029 3305 5115 librum
3335 5029 3719 5115 memoriae;

493 5096 690 5160 solam.
732 5096 897 5169 quam
938 5100 1117 5153 locum
1152 5099 1463 5167 quempiam
1505 5096 1807 5169 munitum,
1843 5111 1940 5153 seu
1971 5117 2061 5157 ar-

492 5186 609 5226 cem
668 5168 1063 5239 συνεκδοχικῶς
1106 5169 1336 5221 indicari
1374 5176 1471 5221 :et
1503 5168 1575 5220 ita
1612 5179 1810 5239 nomen
1848 5170 2061 5239 πύργος

493 5241 713 5294 videtur
746 5236 873 5290 alibi
920 5234 1143 5305 quoque
1193 5251 1480 5306 usurpare,
1537 5234 1717 5306 quod__
1745 5234 2056 5295 observavi.

492 5307 752 5363 Germani
786 5303 1068 5377 dicerent,
1086 5309 1142 5361 in
1165 5308 1247 5360 die
1283 5303 1448 5377 Βία-9,
1479 5309 1532 5360 in
1557 5303 1924 5377 die_Ve_stung.
1952 5309 2057 5365 Sed

468 5381 650 5447 .prius
686 5376 823 5449 illud
876 5392 904 5429 a
954 5375 1143 5431 Graeco
1198 5378 1373 5446 ﬂuxit,
1397 5373 1483 5431 'ut
1516 5379 1623 5433 alia
1658 5373 1825 5443 hujus
1856 5373 2057 5449 linguae

493 5446 652 5517 Quam
689 5446 937 5517 plurima.

564 5519 678 5583 (41)
708 5517 875 5570 Amor
910 5515 1254 5579 imperatoris
1280 5518 1334 5571 in
1363 5518 1749 5587 domeSticum,
1780 5534 1877 5576 seu
1909 5516 2053 5573 Can-

2166 5103 2271 5158 l'uit
2300 5103 2448 5189 enim
2475 5108 2787 5179 singularis,
2817 5120 2874 5189 et
2907 5110 3134 5189 possunt
3171 5115 3224 5168 hi
3257 5116 3402 5189 inter
3441 5103 3719 5189 illahparia

2168 5179 2468 5256 numerari.
2499 5192 2733 5256 quorum
2788 5179 2860 5233 ob
2909 5179 3215 5256 amicitiam
3271 5179 3595 5240 immortalis
3640 5196 3721 5242 est

2168 5252 2453 5307 memoria.
2510 5252 2745 5303 Rursum
2804 5263 2926 5318 cap.
2987 5252 3041 5332 θ,
3069 5252 3163 5307 lib.
3198 5268 3277 5320 ιιι,
3314 5256 3440 5317 c.5,
3472 5256 3718 5322 4,6,14,

2163 5311 2255 5380 22,
2306 5313 2396 5379 24,
2441 5315 2527 5377 55,
2582 5319 2667 5379 74,
2717 5316 2806 5380 82,
2857 5318 2946 5380 99,
2984 5320 3082 5375 lib.
3128 5337 3203 5380 iv.
3252 5338 3373 5380 can.
3427 5324 3479 5380 1.
3522 5326 3578 5380 5.
3624 5324 3715 5380 24.

2166 5338 2255 5376 zz,
2309 5338 2396 5379 2.9,
2441 5338 2527 5377 ao,
2590 5338 2667 5379 ιθ,
2717 5338 2806 5383 ex,
2857 5338 2946 5383 vv,
2984 5338 3082 5375 ιιι).
3128 5338 3203 5387 ιν,
3252 5338 3373 5392 cap.
3427 5338 3479 5387 ι,
3522 5338 3578 5391 5,
3624 5338 3715 5381 24.

2163 5379 2381 5460 Omitto
2397 5384 2547 5440 locos
2573 5387 2709 5460 libri
2736 5386 2921 5460 primi,
2948 5398 3004 5443 et
3028 5390 3295 5460 insignem
3318 5393 3473 5447 illum
3514 5410 3580 5449 ex
3640 5404 3726 5448 te-

2162 5451 2422 5559 stimpnio
2459 5456 2652 5514 matris
2678 5451 2989 5526 domestici,
3022 5451 3260 5531 eapf28,
3285 5462 3534 5533 ejusdem
3566 5464 3716 5519 libri.
