4156 6300
526 166 631 234 899

1691 165 2236 236 HISTORIARUM
2265 168 2498 237 LIBER
2536 172 2616 239 Il.

3679 181 3784 257 430

523 292 642 356 εῐγε
692 290 788 343 καὶ
826 286 1051 355 οίκείοις
1080 291 1329 362 ὄμμασιν
1364 288 1510 363 ἐώρα
1546 292 1700 363 ξίφος
1727 293 1922 364 ἔχοντα
1958 293 2081 362 αύτὲ

2209 308 2317 364 que
2365 294 2633 365 quidquid
2673 295 2902 352 charum
2951 307 3006 355 et
3037 297 3337 369 jucundum
3390 300 3495 359 sibi
3532 314 3781 376 praestari

522 383 600 446 ὡς
626 372 1033 436 ἀποκτενοῦντα
1053 384 1288 450 ἐπιέναι,
1309 381 1411 439 εἷθ’
1436 386 1530 438 ὑπ’
1546 384 1711 456 ἄλλης
1734 385 2096 450 τινὸςάίτίας,

523 474 618 527 καὶ
658 473 801 526 πάνυ
847 473 922 544 μὴ
971 473 1300 544 βουλόμενον
1351 476 1675 546 συμϐέόηκε
1730 476 2096 539 κεκωλῦσθαι,

526 565 648 633 μηδ’
672 564 816 618 οὕτω
842 565 1141 636 δυνηθῆναι
1165 567 1231 621 ἄν
1257 576 1390 621 ποτε
1421 564 1681 638 ἀπεχθῶς
1724 568 2097 623 διακείσεσθαι

521 656 692 726 αὐτῷ.
734 657 844 711 Καὶ
872 659 1008 722 ὅλως
1040 660 1208 730 μηδὲν
1245 656 1386 714 εἶναι
1413 660 1441 714 ὃ
1467 662 1590 716 καθ’
1618 662 1813 733 ἡδονὴν
1839 663 1901 715 ὃν
1947 658 2097 733 αὗτῷ

521 750 855 819 πραχθῆναι,
885 750 960 821 μὴ
983 751 1145 805 αὐτὸν
1165 754 1262 806 σὺν
1279 755 1426 826 πάσῃ
1456 755 1630 826 προου
1640 755 1740 824 μία
1764 757 2093 826 παρασχεῖν,

520 839 598 901 ὡς
627 838 768 892 ἄττα
797 838 864 892 ἂν
891 840 1040 910 αὐτῷ
1082 841 1318 915 ἀρέσκῃ,
1365 848 1460 896 καὶ
1514 844 1662 914 αὑτῷ
1695 844 1867 913 ἡδέων
1906 862 2096 914 φαινο-

525 930 724 998 μένων.
782 930 1005 983 Τούτων
1056 928 1152 985 οὖν
1209 930 1382 996 οὕτως
1443 935 1701 1004 ἐχόντων,
1760 936 1949 1005 ὥσπερ
2002 938 2096 990 καὶ

520 1020 690 1073 αὐτὸν
736 1021 927 1088 σαφῶς
972 1022 1181 1075 οἴεσθαι
1210 1020 1533 1088 πεπεῖσθαι,
1562 1022 1866 1094 θαυμάζειν
1895 1027 1975 1079 ὃτι
2019 1026 2094 1097 μὴ

519 1112 661 1164 κατά
713 1102 942 1181 γνῶμην
972 1112 1034 1166 ὃν
1072 1113 1220 1183 αὐτῷ
1247 1115 1589 1186 Συργιάννην
1632 1114 1971 1186 ἀπολυθῆναι
1997 1119 2094 1188 τῆς

521 1205 769 1274 εἱρκτῆς,
802 1204 1101 1275 ἐλευθέρως
1124 1206 1223 1260 καλ⁸
1246 1206 1599 1278 ἀπεριέργως
1633 1203 1789 1262 εἶπεν
1811 1207 1870 1272 ἐξ
1896 1209 2091 1278 ἀρχῆς,

521 1297 639 1350 ἀλλ’
657 1295 847 1368 ὥσπερ
869 1299 1024 1361 τινάς
1049 1298 1333 1369 τιθέμενον
1372 1298 1744 1370 ἀναδασμοὺς,
1771 1300 1966 1370 πρῶτα
1997 1300 2095 1370 μὲν

523 1391 723 1452 είπεῖν,
781 1389 892 1442 τῶν
945 1389 1143 1443 κλοιῶν
1191 1390 1356 1444 αὐτὸν
1414 1391 1711 1460 ἀνεθῆναι,
1744 1387 1846 1445 εἶτ’
1883 1392 1948 1445 ἐκ
1996 1391 2092 1444 τοῦ

521 1478 906 1550 δεσμωτηρίου
944 1480 1080 1548 πρὸς
1105 1482 1292 1551 ἓτερον
1315 1482 1726 1553 ἐπιεικέστερον
1761 1483 2092 1553 μετενεχθῆο

456 1564 470 1576 ’
519 1589 630 1634 ναι,
649 1570 792 1625 ὥστε
821 1572 1085 1625 δύνασθαι
1129 1572 1279 1642 αὐτῷ
1303 1573 1400 1627 καὶ
1428 1575 1496 1628 τὰ
1528 1576 1695 1628 τέκνα
1729 1577 1964 1630 συνεῖναι
1998 1578 2092 1630 καὶ

2210 386 2360 451 velit,
2401 387 2457 442 id
2515 404 2573 444 se
2604 404 2770 459 quam
2802 391 3161 461 cupidissime
3215 395 3612 464 prmstiturum.
3646 401 3782 456 Nam

2206 492 2329 546 qua:
2366 480 2483 548 ejus
2521 480 2705 534 animo
2751 480 3022 549 placeant,
3070 483 3262 538 eadem
3314 494 3370 541 et
3436 488 3539 543 sibi
3594 492 3783 549 suavia

2205 573 2370 635 atque
2406 582 2621 623 amoena
2664 569 2860 623 videri.
2889 569 3020 637 Quae
3067 587 3188 626 cum
3230 572 3303 628 ita
3357 574 3490 642 sint,
3518 581 3784 647 quemad-

2207 657 2429 712 modum
2458 668 2513 713 et
2541 660 2772 729 ipsemet
2795 670 2947 716 certo
2974 663 3134 729 sciat,
3163 665 3352 719 mirari
3379 682 3458 732 se,
3489 683 3614 725 cum
3648 671 3780 742 Syr-

2203 749 2459 819 gianjnem
2487 752 2739 808 custodia
2775 754 3068 810 liberatum
3113 756 3478 827 desideraret,
3502 768 3780 832 quomodo

2204 842 2259 895 id
2287 857 2398 896 non
2437 857 2465 897 a
2518 844 2788 914 principio
2822 846 3057 916 ingenue
3088 849 3520 923 simpliciterque
3550 871 3783 926 aperue-

2202 935 2297 997 rit,
2329 933 2425 988 sed
2453 935 2724 1006 gradatim
2758 939 3095 1006 ascenderit,
3125 955 3190 995 ac
3223 944 3463 1011 primum
3498 943 3779 1004 collariam

2203 1024 2422 1079 detrahi
2450 1026 2728 1095 petiverit.
2761 1028 2889 1083 dein
2925 1029 3203 1087 hominem
3230 1034 3285 1088 in
3323 1050 3602 1094 carcerem
3638 1041 3777 1098 tole-

2201 1117 2516 1172 rabiliorem
2564 1118 2869 1185 transferri,
2913 1119 3008 1175 ubi
3061 1124 3170 1178 nati
3212 1133 3267 1180 et
3296 1126 3494 1197 conjux
3545 1144 3670 1186 cum
3704 1149 3773 1190 eo

2202 1210 2401 1280 degere
2431 1218 2655 1279 queant,
2679 1228 2825 1268 nunc
2872 1224 3052 1268 autem
3104 1216 3330 1272 omnino
3362 1235 3393 1274 e
3435 1236 3657 1280 carcere
3691 1225 3778 1280 di-

2200 1303 2366 1358 mitti.
2409 1303 2515 1357 Par
2554 1304 2745 1372 fuisse,
2795 1321 2894 1375 pro
2939 1320 3002 1361 ea
3037 1323 3146 1378 qua
3188 1311 3331 1381 apud
3369 1326 3429 1368 se
3471 1317 3644 1386 gratia
3676 1333 3777 1373 au-

2200 1395 2570 1464 ctoritateque
2605 1395 2804 1460 valeat,
2833 1398 3017 1452 statim
3060 1415 3091 1454 a
3131 1401 3406 1471 principio
3433 1405 3773 1464 voluntatem

2198 1499 2354 1540 suam
2383 1486 2666 1542 declarare
2697 1487 3002 1556 liberrime,
3029 1504 3130 1546 nec
3163 1507 3228 1547 ea
3262 1490 3440 1551 divisa
3481 1496 3536 1551 in
3566 1510 3773 1569 partes,

2199 1578 2280 1632 sic
2312 1593 2414 1648 pro
2471 1593 2567 1633 reo
2620 1595 2857 1649 precari.
2901 1580 3037 1636 Eum
3086 1592 3268 1640 autem
3323 1586 3552 1654 perinde
3608 1592 3774 1649 verba

516 1663 616 1729 τὴν
650 1666 907 1731 γυναῖκα,
940 1666 1057 1716 νυνὶ
1102 1662 1161 1716 δὲ
1206 1664 1563 1719 παντάπασιν
1620 1666 1958 1735 ἀπολυθῆναι
1990 1669 2081 1736 τῆς

2195 1668 2410 1733 fecisse,
2436 1685 2500 1725 ac
2529 1671 2571 1725 si
2604 1673 2689 1726 vel
2726 1675 2781 1727 in
2806 1674 3012 1729 amicos
3046 1676 3329 1734 sordidum
3355 1690 3411 1736 et
3436 1683 3662 1740 honoris
3682 1701 3775 1741 eo-

514 1742 759 1825 είρκτῆς.
797 1756 929 1808 Δέον
962 1754 1072 1825 γὰρ
1106 1755 1249 1824 μετὰ
1272 1757 1373 1824 τῆς
1404 1772 1488 1809 σοι
1530 1757 1919 1827 προσηκούσης
1952 1759 2092 1829 παῤ-

514 1848 714 1918 ῥησίας
742 1846 905 1919 εὐθὺς
927 1845 985 1910 ἐξ
1005 1836 1184 1917 ἀρχῆς
1207 1847 1266 1899 τὸ
1292 1845 1543 1916 βούλημα
1573 1850 1799 1915 ποιῆσαι
1833 1851 2089 1920 φανερὸν,

511 1939 611 1993 καὶ
635 1938 711 2009 μὴ
743 1938 1069 2008 διατεμόντα
1098 1939 1180 2001 είς
1212 1937 1401 2012 πολλὰ,
1431 1941 1574 1993 κατὰ
1605 1940 1773 2012 μέρος
1814 1943 2091 1996 ποιεῖσθαι

509 2028 613 2091 τὰς
646 2029 918 2098 αἰτήσεις.
952 2029 1025 2081 Σὺ
1057 2028 1103 2081 δ’
1130 2011 1320 2099 ὥσπερ
1350 2028 1382 2098 ἢ
1419 2028 1556 2099 ἐμοῦ
1593 2011 1796 2102 πολλὴν
1839 2034 2094 2102 μικρολο-

510 2120 638 2186 γίαν
667 2120 762 2173 καὶ
786 2119 1142 2190 ἀφιλοτιμίαν
1177 2118 1543 2187 κατεγνωκὼς
1568 2123 1699 2191 περ)⁵
1716 2123 1843 2186 τοὺς
1878 2125 2089 2192 φίλους,

412 2221 416 2223 ‘
512 2211 548 2280 ἦ
589 2210 776 2281 σαυτῷ
809 2211 1115 2280 ἀδυναμίαν
1145 2210 1430 2274 συνειδὼς,
1459 2211 1634 2274 οὕτως
1681 2215 1929 2284 ἐποιήσω
1962 2217 2091 2301 τοὺς

512 2304 738 2371 λόγους·
780 2295 840 2357 οῦ
884 2303 949 2373 δὴ
992 2303 1155 2356 ἓνεκα
1202 2306 1297 2357 καὶ
1347 2304 1679 2375 ἀχθεσθῆναι
1721 2300 1901 2362 εἶπον.
1950 2295 2090 2362 Νυνὶ

506 2397 554 2450 δ’
580 2396 703 2450 ἐπεί
736 2414 820 2449 σοι
853 2396 1006 2465 φίλον
1040 2395 1383 2467 ἀπολυθῆναι
1405 2398 1766 2470 Συργιάννην,
1791 2400 1851 2452 τὸ
1877 2401 2088 2455 κωλύον

507 2490 682 2544 οὐδέν.
717 2489 889 2543 Ἀττα
915 2489 1024 2559 γὰρ
1044 2488 1111 2541 ἂν
1141 2489 1290 2559 αὐτῷ
1320 2507 1402 2543 σοι
1435 2491 1530 2543 καὶ
1562 2489 1817 2560 βέλτιστα
1836 2492 1964 2563 δοκῇ
1995 2496 2088 2547 καὶ

508 2585 662 2653 ἡδέα,
698 2583 799 2636 οὐκ
850 2582 963 2636 ἐσθ’
989 2584 1139 2646 ὅπως
1196 2583 1273 2651 μὴ
1323 2585 1388 2636 ἐκ
1436 2582 1530 2636 τοῦ
1563 2582 1680 2635 ἴσου
1724 2583 1889 2654 ὅμοια
1919 2586 2089 2654 κάμοὶ

506 2678 707 2730 δοκεῖν.
724 2676 786 2729 '0
821 2677 991 2746 μέγας
1015 2675 1073 2728 δὲ
1101 2675 1423 2745 δομέστικος
1443 2713 1458 2739 ,
1501 2675 1702 2746 Ἀληθῆ
1728 2694 1792 2745 γε
1833 2678 2083 2747 εἴρηκας,

507 2768 684 2833 εἷπεν,
720 2761 765 2822 ὦ
790 2767 1043 2840 βασιλεῦ·
1073 2769 1134 2821 οὐ
1157 2768 1266 2838 γάρ
1317 2769 1487 2832 ἐστιν,
1517 2767 1619 2820 οὐκ
1665 2767 1813 2822 ἔστιν
1854 2770 2026 2834 οὐδὲν,
2059 2771 2087 2823 ὃ

507 2863 838 2933 θελήσαντος
881 2860 1019 2930 ἐμοῦ
1048 2860 1388 2930 πραχθῆναι,
1424 2860 1677 2914 ἐναντίαν
1708 2862 1877 2923 οἴσεις
1906 2862 2087 2931 ψῆφον

2194 1776 2317 1816 rum
2364 1763 2729 1833 negligentem
2777 1767 2955 1837 ipsum
2994 1769 3286 1837 judicarct,
3334 1771 3421 1828 vel
3472 1790 3531 1829 se
3576 1793 3770 1844 parum

2192 1868 2353 1923 posse
2387 1857 2648 1921 sentiret;
2679 1868 2842 1928 atque
2870 1860 2975 1916 hoc
3007 1877 3131 1918 esse
3162 1862 3308 1933 quod
3339 1865 3446 1922 sibi
3477 1864 3768 1926 molesium

2192 1947 2440 2002 accidere
2471 1956 2701 2005 testatus
2730 1954 2820 2007 sit.
2852 1949 3011 2009 Nunc
3042 1956 3301 2025 quoniam
3335 1968 3486 2028 optet
3512 1958 3774 2032 Syrgian-

2191 2053 2316 2093 nem
2384 2055 2416 2095 e
2469 2056 2694 2098 carcere
2750 2042 2930 2111 educi,
3017 2047 3378 2115 educeretur;
3429 2067 3773 2124 quaecunque

2191 2127 2336 2181 enim
2370 2129 2489 2198 ipse
2544 2130 2602 2185 in
2651 2132 2814 2187 bonis
2868 2143 2923 2188 et
2954 2133 3215 2204 jucundis
3261 2151 3601 2208 numeraret,
3650 2141 3766 2197 fieri

2192 2235 2301 2274 non
2330 2236 2511 2291 posse,
2537 2224 2671 2294 quin
2709 2225 2778 2279 ab
2812 2240 2870 2280 se
2899 2242 3120 2297 quoque
3147 2241 3601 2286 numerarentur.
3626 2235 3766 2290 Tum

2192 2323 2427 2381 magnus
2482 2312 2819 2371 domesticus
2853 2317 3035 2371 :Vera
3089 2327 3218 2374 sunt
3252 2319 3389 2381 hinc.
3427 2321 3766 2391 imperator;

2192 2402 2331 2455 nihil
2374 2402 2520 2458 enim
2572 2415 2675 2470 εει,
2735 2406 2898 2471 nihil,
2936 2406 3183 2478 in'quam,
3216 2419 3325 2476 est,
3358 2414 3505 2481 quod
3554 2414 3600 2468 si
3649 2415 3765 2472 ﬁeri

2189 2494 2377 2561 velim,
2416 2505 2477 2550 tu
2531 2511 2642 2552 non
2698 2501 3008 2567 concedas;
3061 2502 3224 2572 idque
3257 2519 3369 2558 non
3400 2520 3466 2562 ex
3497 2507 3599 2563 hac
3647 2525 3769 2564 ora-

2190 2588 2339 2643 tione
2390 2597 2503 2654 tua,
2569 2591 2662 2646 sed
2725 2607 2791 2646 ex
2842 2592 3002 2648 factis
3050 2595 3184 2665 ipsis
3245 2597 3380 2652 mihi
3436 2598 3493 2654 in
3551 2600 3766 2674 primis,

2189 2678 2389 2734 deinde
2445 2681 2566 2736 aliis
2615 2683 2874 2740 omnibus
2931 2687 3139 2755 pridem
3198 2701 3433 2746 constat.
3465 2691 3548 2747 Me
3581 2703 3764 2751 autem

2190 2776 2385 2826 eodem
2418 2786 2541 2827 esse
2575 2774 2628 2828 in
2656 2783 2708 2829 te
2742 2776 2946 2840 animo,
2990 2777 3242 2845 pluribus
3272 2780 3765 2840 demonstrandum

2187 2877 2301 2917 non
2334 2864 2563 2933 opinor;
2612 2874 2668 2919 tu
2724 2866 2868 2920 enim
2916 2868 3053 2925 alias
3082 2870 3216 2924 mihi
3247 2871 3569 2942 praeclarum
3600 2876 3767 2947 hujus

508 2956 692 3017 αὐτός.
726 2957 839 3008 Καὶ
871 2955 1051 3020 τοῦτο,
1076 2956 1174 3008 οὐκ
1200 2955 1310 3007 ἀπὸ
1342 2953 1452 3006 τῶν
1484 2953 1621 3023 πρὸς
1644 2954 1746 3024 ἐμὲ
1778 2955 2081 3026 είρημένων

2190 2954 2269 3009 rei
2301 2957 2674 3012 testimonium
2721 2959 3097 3029 impertivisti.
3131 2963 3294 3036 204
3333 2966 3445 3038 Ego
3475 2983 3607 3025 vero
3635 2986 3763 3026 cum

506 3048 623 3102 νυνὶ
675 3048 871 3116 λόγων,
921 3047 1061 3102 ἀλλὰ
1116 3046 1252 3100 πολὺ
1308 3046 1575 3116 πρότερον
1631 3046 1689 3112 ἐξ
1741 3047 1923 3100 αὐτῶν
1974 3049 2083 3111 τῶν

507 3141 705 3211 ἔργων,
734 3140 856 3210 ἐμοί
881 3157 939 3192 τε
975 3138 1192 3207 πρῶτον
1233 3140 1329 3193 καὶ
1357 3141 1472 3201 τοῖς
1504 3136 1683 3202 ἄλλοις
1728 3142 1932 3195 ἅπασίν
1965 3145 2081 3196 ἐστι

507 3232 843 3302 καταφανές.
878 3232 1000 3285 Ὀτι
1022 3231 1078 3284 δὲ
1126 3233 1219 3285 τὸν
1268 3233 1382 3287 ίσον
1410 3235 1610 3306 τρόπον
1639 3235 1747 3305 ἔχω
1784 3234 1877 3287 καὶ⁵
1918 3234 2082 3294 αὐτὸς

506 3325 645 3401 πρὸς
689 3323 782 3386 σέ,
823 3325 934 3377 οὐδ’
967 3324 1297 3389 ἀποδείξεως
1352 3325 1641 3396 δεήσεσθαι
1699 3326 1872 3379 δοκῶ·
1919 3326 2081 3389 αὐτὸς

503 3418 615 3487 γάρ
654 3435 742 3487 μοι
768 3418 981 3486 φθάσας
1029 3417 1299 3489 πρότερον
1343 3418 1830 3489 συνεμαρτύρησας
1873 3419 2073 3481 καλῶς.

516 3509 659 3579 Ἐγὼ
679 3509 734 3564 δὲ
749 3510 850 3579 τὴν
871 3511 1009 3582 πρὸς
1026 3510 1286 3579 ἀλλήλους
1306 3512 1338 3579 ἡ
1349 3510 1465 3580 μῶν
1487 3510 1670 3577 φι-λίαν
1691 3509 2075 3579 παραϐάλλων,

480 3602 582 3672 ’τῷ
619 3604 718 3672 μὲν
754 3601 906 3673 ὄγκῳ
938 3607 1037 3670 τῆς
1074 3602 1250 3673 ἀρχῆς
1281 3603 1376 3656 καὶ
1421 3601 1499 3671 τῷ
1534 3602 1756 3671 μεγέθει
1816 3601 2077 3656 ἐλασσοῦ-

505 3695 630 3747 σθαι
662 3691 869 3762 νομίζω
908 3694 1000 3746 καὶ
1032 3694 1184 3764 παρά
1227 3692 1385 3758 πολὺ,
1414 3695 1527 3756 τοῖς
1582 3693 1790 3757 λοιποῖς
1818 3693 1873 3748 δὲ
1901 3694 2073 3748 ἅπασι

501 3770 1184 3840 λείπεσθαιόὐδοπωσοῠν.
1223 3786 1298 3838 Οὐ
1337 3789 1499 3855 μόνον
1526 3786 1634 3858 γὰρ
1660 3785 1697 3840 ἃ
1731 3787 2073 3858 προείρηκας

501 3878 688 3943 αὐτὸς,
720 3877 839 3930 ἀλλ’
887 3879 942 3931 εί
966 3896 1016 3932 τι
1060 3881 1157 3932 καὶ
1186 3878 1392 3931 τούτων
1426 3877 1614 3948 μεῖζον
1638 3879 1745 3947 καὶ,
1770 3881 1946 3932 ποιεῖν
1977 3879 2071 3933 καὶ

502 3971 798 4040 ὑπομένειν
834 3971 974 4041 ὑπὲρ
1013 3968 1111 4039 τῆς
1147 3970 1281 4038 πρὸς
1331 3970 1390 4023 σὲ
1422 3969 1609 4036 φιλίας
1639 3968 1859 4038 ἕτοιμος
1904 3966 2065 4026 εῖναι.

500 4063 765 4129 Καίτοιγε
796 4060 920 4115 κατ’
942 4063 1181 4131 ἐμαυτὸν
1215 4059 1478 4122 πολλάκις
1538 4060 1665 4121 τοὺς
1713 4060 1866 4129 παρὰ
1911 4071 2069 4132 ποιη-

2187 3054 2438 3099 mutuum
2481 3061 2721 3100 amorem
2760 3058 3013 3103 nostrum
3058 3065 3338 3122 comparo,
3383 3057 3763 3127 magnitudine

2184 3143 2241 3190 et
2279 3137 2565 3206 majestate
2598 3137 2814 3206 imperii
2850 3140 3084 3195 multum
3131 3145 3406 3212 superari,
3440 3148 3650 3204 cmteris
3680 3167 3755 3205 re-

2184 3226 2290 3282 bus
2322 3242 2426 3282 nec
2451 3229 2721 3283 tantillum
2755 3229 2852 3284 abs
2881 3239 2932 3285 te
2958 3232 3103 3288 vinci
3139 3249 3227 3289 me
3260 3234 3538 3291 existimo.
3567 3239 3759 3310 Neque

2183 3323 2330 3377 enim
2364 3337 2427 3377 ea
2458 3324 2634 3377 solum
2671 3340 2792 3392 quae
2833 3329 3298 3393 commcmorasti,
3325 3333 3417 3385 sed
3446 3333 3493 3386 si
3532 3337 3663 3403 quid
3693 3338 3758 3394 iis

2181 3417 2358 3487 majus
2388 3416 2685 3486 excogitari
2722 3423 2922 3486 potest,
2949 3434 3050 3488 pro
3087 3435 3154 3473 eo
3191 3429 3453 3490 quantum
3480 3434 3535 3479 te
3568 3427 3757 3497 diligo,

2179 3514 2236 3561 et
2258 3507 2535 3573 facere,et
2558 3507 2768 3575 perpeti
2795 3520 2879 3561 me
2913 3517 3159 3577 paratum
3194 3511 3384 3568 habes.
3418 3514 3484 3569 Et
3509 3522 3758 3586 quamvis

2180 3611 2558 3668 saepenumero
2621 3614 2719 3668 per
2764 3614 2853 3653 me
2888 3600 3005 3669 ipse
3031 3603 3397 3671 consideravi,
3436 3617 3599 3678 atque
3632 3591 3756 3666 cum

2178 3676 2365 3745 uestra
2405 3691 2797 3761 conjunctione
2838 3692 3070 3757 contuli,
3100 3710 3241 3765 quos
3272 3697 3325 3750 in
3363 3676 3752 3756 omuimemo-

2175 3780 2258 3835 ria
2296 3797 2324 3834 a
2356 3782 2535 3851 poetis
2558 3790 2613 3836 et
2641 3781 2922 3837 historicis
2953 3785 3019 3838 ab
3042 3786 3280 3841 amicitia
3311 3786 3619 3847 celebratos
3639 3792 3752 3866 (52)

2174 3872 2396 3927 invenio
2440 3872 2569 3942 (etsi
2598 3883 2774 3943 poeta:
2836 3876 3208 3943 ambitiosius,
3239 3895 3514 3950 supraque
3538 3899 3754 3950 verum,

2173 3970 2234 4019 et
2267 3962 2557 4030 plusquam
2596 3963 2751 4017 decet
2780 3972 2894 4018 rem
2934 3981 3292 4036 exaggerasse
3315 3968 3650 4044 videantur),
3671 3978 3755 4032 ni-

2172 4053 2472 4107 hilominus
2536 4054 2863 4109 charitatem
2908 4068 3154 4111 nostram
3210 4061 3403 4115 sinon
3460 4067 3750 4133 majorem,

499 4157 620 4218 ταῖς
648 4154 744 4210 καὶ
773 4155 1153 4225 συγγραφεῦσι
1210 4153 1364 4222 παρά
1404 4151 1585 4205 πάντα
1611 4151 1704 4204 τὸν
1742 4152 1936 4221 χρόνον
1973 4153 2067 4206 ἐπὶ

2186 4150 2319 4198 :erte
2372 4140 2517 4195 haud
2570 4142 2843 4197 minorem
2902 4145 3126 4199 illorum
3182 4148 3449 4204 charitate
3503 4152 3750 4212 invvuio.

498 4243 654 4314 φιλίᾳ
684 4242 1056 4312 ὑμνουμένους
1096 4239 1369 4306 ἐξετάζων
1417 4238 1510 4291 καὶ
1541 4236 1906 4303 παραϐάλλων
1951 4240 2066 4303 τοῖς

2186 4231 2326 4298 Quod
2379 4233 2426 4287 si
2471 4231 2771 4302 aliquando
2822 4233 2877 4288 in
2914 4250 3033 4289 eam
3068 4236 3456 4306 cogitationem
3484 4245 3748 4315 venirem,

495 4336 793 4405 ἡμετέροις
820 4333 889 4386 τὰ
918 4333 1144 4386 ἐκείνων
1166 4333 1434 4402 (καίτοιγε
1480 4332 1784 4385 δοκούντων
1808 4332 1873 4401 τῇ
1909 4330 2063 4399 φιλο-

2186 4323 2566 4379 utdubitarcm
2612 4325 2806 4394 ecquid
2854 4334 3000 4380 esset
3051 4325 3157 4380 alia
3208 4331 3455 4396 quaedam
3513 4334 3744 4402 species,

495 4427 657 4496 τιμίᾳ
684 4426 793 4479 τῶν
827 4424 1070 4496 ποιητῶν
1089 4423 1186 4477 καὶ
1210 4424 1355 4495 πέρα
1385 4422 1480 4476 τοῦ
1504 4420 1739 4493 ἀληθοῦς
1769 4423 1864 4476 καὶ
1893 4435 2065 4495 προσ-

494 4520 722 4590 ήκοντος
757 4516 1273 4588 ηὐξῆσθαι),,δμως
1320 4513 1440 4568 κατ’
1469 4514 1622 4568 οὐδὲν
1650 4513 1967 4578 ἀποδέοντα,
2013 4512 2064 4565 εί

499 4609 576 4682 μὴ
607 4611 704 4664 καὶ
737 4608 910 4681 μείζω
940 4607 1011 4662 τὰ
1039 4608 1288 4678 ἡμέτερα
1310 4604 1570 4676 εὑρίσκω.
1596 4603 1659 4656 El
1691 4603 1748 4656 δέ
1770 4615 1900 4655 ποτε
1930 4617 2067 4671 συμ-

494 4701 626 4772 ϐαίη
664 4700 928 4763 τοιούτοις
952 4699 1236 4768 λογισμοῖς
1260 4696 1578 4764 περιπεσεῖν
1607 4693 1748 4748 ὥστε
1790 4690 2067 4762 ἀμφιϐάλ-

2172 4414 2382 4471 aliusve
2433 4414 2632 4470 modus
2680 4414 2737 4470 iu
2785 4417 3049 4482 amicitia,
3080 4410 3244 4488 quem
3288 4421 3433 4478 inter
3477 4440 3576 4480 nos
3636 4444 3746 4482 non

2171 4523 2632 4578 usurpassemus;
2700 4523 2769 4564 an
2835 4510 2903 4564 ad
2952 4526 3229 4567 summum
3290 4515 3412 4586 ejus
3469 4516 3744 4589 fastigium

2168 4598 2632 4668 pervenissemus,
2658 4608 2755 4653 aut
2783 4615 2926 4670 aegre
2955 4603 3185 4671 Spirare,
3205 4618 3269 4658 ac
3298 4620 3439 4675 pene
3469 4607 3679 4664 sutfoca
3717 4609 3735 4666 i

2169 4704 2256 4743 me
2288 4700 2399 4757 pra:
2423 4704 2627 4761 angore
2660 4698 2716 4745 et
2760 4699 2895 4746 aestu
2950 4693 3144 4759 animi,
3177 4696 3453 4767 vitamque
3493 4701 3743 4757 acerbam

493 4794 608 4845 λειν
631 4792 765 4854 είτις
792 4791 944 4845 ἐστὶν
973 4792 1084 4844 ἰδέα
1110 4789 1291 4859 φιλίας
1317 4789 1351 4857 ἢ
1390 4786 1594 4859 τρόπος
1612 4785 1797 4854 ἕτερος
1818 4782 1877 4837 ὃν
1899 4785 2064 4852 ἡμεῖς

2186 4789 2363 4835 tutare
2395 4795 2482 4837 me
2509 4790 2811 4851 oporteret,
2839 4783 2886 4838 si
2919 4783 2972 4838 in
2999 4799 3061 4840 re
3108 4795 3217 4840 tam
3249 4787 3498 4855 honesta,
3524 4803 3745 4862 tamque

491 4884 595 4937 οὐκ
623 4882 1023 4952 ἐπεδειξάμεθα
1070 4881 1345 4951 ἀλλήλοις,
1370 4879 1404 4948 ἦ
1440 4880 1489 4932 εί
1527 4878 1602 4948 μὴ
1626 4876 1764 4945 πρὸς
1797 4875 1861 4928 τδ
1898 4873 2064 4943 ἀκρό·

2190 4868 2383 4923 iberali
2428 4869 2591 4923 alicui
2625 4871 2908 4925 secundus
2940 4871 3220 4929 invenirer
3251 4890 3266 4930 :
3295 4884 3392 4930 aut
3428 4876 3639 4932 resilire
3674 4879 3742 4932 ab

490 4989 655 5027 τατον
682 4972 971 5043 ἀφίγμεθα
996 4971 1186 5040 αὐτῆς,
1223 4969 1257 5039 ἦ
1285 4966 1689 5034 ἀποπνίγεσθαι
1720 4965 1934 5032 ἀνάγκη
1969 4963 2064 5015 καὶ

2170 4961 2485 5033 hujusmodi
2511 4963 2791 5033 cogitatis,
2813 4971 2871 5017 et
2892 4965 3139 5020 animum
3173 4965 3542 5035 ﬁrmioribus,
3571 4985 3738 5037 quant

1736 5090 1955 5152 Jacobi
1988 5088 2254 5160 Pontani
2288 5097 2476 5150 notae.

563 5200 675 5277 (έῖ)
703 5201 747 5254 Α
780 5198 957 5277 poetis
980 5189 2053 5277 quidemcelebratur.amicitianf’j'lad‘is
2148 5190 2759 5277 QuodAautctii_amicus
2798 5189 3020 5277 dicitur.
3047 5192 3359 5277 alterIeg-o,"
3383 5193 3567 5277 Plutar

2151 5262 2553 5330 commentario
2590 5266 2718 5327 περὶ
2759 5261 3108 5330 πολυφιλίας,
3131 5263 3269 5316 nihil
3291 5262 3439 5317 aliud
3468 5266 3570 5319 sibi
3596 5268 3739 5322 velle

488 5281 545 5325 et
568 5258 807 5332 ‘Orcstis',
846 5258 1044 5321 Thesei
1071 5274 1128 5320 et
1162 5265 1416 5322 Pirithoi.
1456 5262 1685 5332 Achillis
1705 5270 1762 5315 et
1785 5258 2051 5332 Patrocli,

3215 5209 3331 5262 ego,
3383 5193 3636 5252 Plutarch
3647 5213 3731 5256 us.

488 5341 604 5393 Nisi
633 5349 689 5393 et
736 5327 977 5399 Euryali.
1008 5335 1093 5389 Ab
1134 5332 1411 5389 historicis
1442 5343 1499 5386 et
1527 5331 1651 5384 aliis
1693 5329 2056 5399 scriptoribus
2151 5330 2249 5391 ait,
2292 5344 2456 5399 quam
2488 5327 2754 5382 ὺὶηανὶτιηι
2780 5327 3182 5386 θεεθὶιηιίείιίω
3205 5347 3536 5388 mensura?"-
3565 5334 3738 5391 Ρθυίο

488 5409 786 5479 Alexandri
812 5396 987 5479 Magni
1023 5416 1079 5458 et
1101 5403 1523 5479 Hephaestionis:
1546 5399 1753 5479 lfythia:
1777 5396 1839 5479 et
1863 5399 2060 5479 D-amo-

490 5482 602 5539 nis,
638 5467 1028 5546 Epatiiinoiidaa
1066 5484 1121 5546 et
1154 5467 1449 5546 Felopidze.
1491 5467 1768 5546 Scipionis
1788 5477 1848 5546 et
1884 5467 2055 5546 Laelii.

2156 5406 2281 5465 post
2313 5395 2334 5448 ξ
2374 5395 2756 5467 Ιιαᾳιιενυαιάε
2826 5415 3010 5453 amare
3051 5408 3100 5452 et
3148 5404 3326 5455 amari
3361 5406 3503 5456 inter
3540 5406 3735 5460 multos

2157 5467 2326 5519 locum
2352 5481 2455 5519 non
2502 5466 2653 5519 habet
2689 5484 2703 5521 :
2737 5468 2826 5520 sed
2852 5470 2988 5521 sicut
3020 5485 3202 5523 amnes
3248 5473 3301 5524 in
3336 5472 3529 5527 multos
3579 5477 3736 5529 divisi

490 5535 610 5603 Nec
642 5535 892 5614 ig'uohilis
927 5552 1029 5614 est
1074 5545 1128 5596 in
1155 5535 1363 5614 divitiis
1397 5535 1607 5614 litteris
1634 5537 1855 5592 Davidis
1883 5546 1938 5591 et
1969 5538 2062 5614 J_0-
2158 5535 2783 5614 alveos-imbecilliﬂuunt
2812 5554 2896 5614 ac_
2924 5549 3128 5614 tenues,
3164 5541 3239 5592 sic
3266 5542 3538 5597 vehemens
3582 5560 3735 5598 amor

490 5607 690 5672 oath-az“
726 5613 1031 5667 arctissima
1077 5612 1423 5666 familiaritas
1487 5620 1543 5666 et
1596 5609 1808 5674 irrupta
1846 5607 2059 5676 cupula.

2160 5606 2212 5657 in
2245 5605 2446 5668 animo,
2482 5608 2527 5657 si
2560 5605 2845 5677 dissipetur
2879 5608 2932 5659 in
2972 5605 3185 5672 multos,
3217 5620 3520 5669 cnerratur.
