4156 6300
477 534 581 624 is

483 771 686 851 μένως.
731 770 904 822 Τοῦτο
942 769 1043 839 μὲν
1093 767 1185 822 οὖν
1238 769 1470 839 αἰτήσας
1503 769 1653 838 παρὰ
1685 769 1802 832 σοῦ,
1844 766 2056 837 ἔπραξα

481 860 668 929 αὐτῷ’
700 863 733 933 ἡ
764 861 821 914 δὲ
875 862 1059 932 μήτηρ
1108 862 1206 929 μὲν
1250 860 1437 926 αὐτοῦ,
1474 860 1593 914 θεία
1634 861 1691 914 δὲ
1739 862 1846 930 ἐμὴ
1870 901 1884 923 ,
1916 861 2056 930 ὅπερ

479 949 592 1003 οὐδ’
610 949 678 1004 ἄν
705 965 839 1001 ποτε
858 948 1090 1019 ἤλπισεν
1123 948 1305 1016 ὁρῶσα
1327 948 1714 1016 γεγενημένον,
1750 947 2053 1014 καὶταῦτα,

486 1036 579 1089 ὑπ’
630 1034 843 1097 οὐδενὸς
895 1032 1033 1104 ἐμοῦ
1090 1034 1626 1103 παρακεκλημένου,
1681 1032 1905 1096 εὔελπις
1963 1037 2059 1087 καὶ

482 1124 626 1194 πρὸς
670 1124 737 1179 τὰ
784 1123 1041 1177 λείποντα
1087 1123 1467 1192 γεγενημένη,
1523 1120 1800 1193 προσῆλθε
1846 1140 1905 1175 τε
1964 1122 2058 1174 καὶ

488 1214 684 1286 ἐδεήθη
734 1213 996 1284 περὶτῆς
1034 1213 1128 1267 τοῦ
1162 1214 1279 1268 υἱοῦ
1306 1212 1641 1282 ἐλευθερίας.
1695 1212 1835 1279 Ἐγὼ
1875 1212 1933 1264 δὲ
1978 1213 2061 1263 ὅτι

489 1327 549 1362 τε
585 1309 858 1376 συγγενής
882 1309 1030 1360 ἐστιν
1059 1307 1190 1377 ἐμὸς
1216 1305 1540 1375 ἐνθυμηθεὶς
1573 1304 1667 1356 καὶ
1693 1303 1788 1373 τὴν
1825 1301 2061 1373 ἀρχαίαν

490 1400 697 1469 φιλίαν,
748 1399 843 1453 καὶ
890 1399 992 1468 τὴν
1047 1399 1104 1450 ὲν
1152 1398 1273 1460 ταῖς
1324 1394 1636 1465 στρατείαις
1677 1394 2062 1464 συνδιατριϐἡν

487 1486 602 1559 (ὑφ’
628 1488 709 1541 ἐνὶ
741 1493 851 1558 γὰρ
881 1487 1223 1557 καθηγεμόνι
1252 1484 1331 1556 τῷ
1358 1485 1613 1557 ἡμετέρῳ
1649 1484 1776 1556 θείῳ
1816 1484 2060 1552 ’Δγγέλῳ

485 1578 564 1647 τῷ
619 1560 851 1649 μεγάλῷ
900 1576 1350 1649 στρατοπεδάρχῃ
1400 1579 1469 1630 τὰ
1520 1576 1755 1646 πολέμια
1779 1577 2062 1630 ὲδιδασκόυ

490 1670 652 1737 μεθα,
689 1671 749 1734 ὃς
776 1672 856 1723 ὀὐ
913 1669 1075 1739 μόνον
1124 1673 1254 1734 τοὺς
1294 1687 1391 1724 νυν
1421 1671 1480 1724 ὲν
1537 1673 1658 1735 ταῖς
1705 1671 2062 1740 στρατηγίαις

489 1763 778 1833 παρήλασε
823 1762 1006 1834 πολλῷ
1052 1764 1129 1834 τῷ
1177 1764 1384 1836 μέτρῳ,
1414 1764 1552 1818 ἀλλὰ
1600 1762 1699 1817 καὶ
1746 1764 1858 1826 τοῖς
1893 1761 2065 1817 πάλαι

489 1849 854 1920 ὑμνουμένοις
878 1852 937 1904 ἐν
964 1853 1086 1914 ταῖς
1114 1856 1461 1923 συγγραφαῖς
1505 1851 1791 1922 Ῥωμαίων
1831 1868 2066 1921 στρατη-

1633 562 2169 625 IIISTORlARUh’l
2212 563 2443 621 LlBEli
2492 562 2567 618 ll.

479 679 804 748 δεσμεῑσθαι
863 679 1181 744 ἅπολέλυτο,
1219 679 1390 749 ἡδέως
1431 678 1726 748 βιώσεσθαι
1775 679 1869 731 καὶ
1903 680 2052 731 ἀνει-

2181 693 2262 745 [ne
2299 676 2565 733 subnixa,
2604 672 2672 727 de
2708 671 2917 738 reliqua
2952 667 3210 721 libertate
3245 664 3358 717 ﬁlio
3392 663 3737 733 impetranda
3824 724 3837 730 ί

3622 544 3736 606 »ιιι

2164 784 2381 823 mecum
2425 768 2557 836 egit.
2613 765 2725 833 Ego
2766 775 2946 815 meum
2998 757 3392 813 consobrinum
3437 769 3560 808 esse
3591 754 3739 822 cogi—

2161 869 2314 922 tans,
2366 857 2679 925 veterisque
2743 852 2994 907 amicitiae
3048 858 3104 903 et
3167 846 3473 902 commilitii
3527 861 3739 899 memor

2164 953 2288 1025 (sub
2334 966 2442 1005 uno
2487 950 2632 1004 enim
2683 947 2946 1017 magistro
2987 943 3260 999 avunculo
3312 949 3501 995 nostro
3535 938 3737 1007 Angela

2162 1058 2362 1113 magno
2412 1038 2865 1109 stratopedareha
2928 1036 3137 1090 militias
3197 1033 3507 1087 rudimenta
3534 1032 3739 1100 ιρι)ευί-

2165 1150 2288 1189 mus
2346 1132 2459 1200 (46)
2515 1148 2532 1185 ι
2587 1131 2681 1200 qui
2714 1144 2822 1183 non
2858 1128 3022 1182 modo
3068 1127 3234 1197 hujus
3272 1124 3450 1179 astatis
3479 1123 3740 1177 ductores

2162 1225 2325 1294 longo
2355 1222 2644 1277 intervallo
2683 1220 2961 1291 superavit
2992 1221 3127 1291 (47),
3161 1216 3255 1272 Sed
3279 1217 3443 1271 etiam
3476 1231 3600 1270 cum
3630 1216 3742 1282 pri-

2163 1313 2273 1366 scis
2319 1313 2692 1366 Romanorum
2740 1309 2994 1372 ducibus,
3045 1322 3186 1377 quos
3230 1303 3589 1359 historiarum
3621 1317 3742 1354 nio-

2164 1411 2427 1458 numenta
2479 1401 2817 1468 loquuntur,
2860 1396 2928 1451 de
2963 1396 3141 1465 palma
3178 1391 3573 1460 contenderit),
3605 1398 3661 1443 et
3688 1390 3745 1441 in

2165 1493 2484 1548 memoriam
2531 1490 2849 1559 regrediens
2897 1502 3008 1556 quo
3054 1497 3214 1555 pacto
3261 1482 3456 1538 eodem
3503 1482 3593 1535 die
3634 1481 3748 1548 pri-

2165 1601 2315 1643 mum
2364 1599 2490 1640 cum
2523 1582 2778 1637 hostibus
2827 1578 3021 1652 (erant
3067 1589 3252 1632 autem
3283 1574 3497 1646 Persa!)
3548 1573 3744 1644 pedem

2167 1676 2608 1738 contulerimus,
2660 1670 2922 1741 quodque
2970 1683 3056 1723 me
3109 1668 3387 1737 praecipue
3452 1665 3745 1727 movebat,

2165 1768 2427 1834 conﬁsus,
2451 1765 2496 1821 si
2522 1773 2629 1819 tam
2662 1763 2857 1825 multa,
2890 1773 3129 1830 quorum
3165 1759 3269 1813 sibi
3310 1758 3363 1811 in
3403 1763 3455 1811 te
3484 1755 3747 1809 commis-

2165 1874 2351 1916 sorum
2381 1865 2530 1915 esset
2568 1854 2844 1918 conscius,
2882 1854 3216 1922 ignosceres,
3246 1859 3301 1905 et
3330 1847 3478 1903 omni
3513 1845 3748 1900 crimine

489 1941 631 2007 γοῖς,
662 1939 851 2010 ἡρισεν
883 1941 950 1995 ἂν
983 1944 1111 2011 περὶ
1150 1943 1483 2015 πρωτείων),
1505 1946 1596 1997 καὶ
1657 1943 1733 2005 ὼς
1780 1945 1838 1996 ἐν
1880 1942 2066 2013 ἡμέρᾳ

2181 1952 2511 2016 ibsolveres,
2557 1948 2737 2017 ipsum
2785 1958 3010 2014 quoque
3062 1955 3247 1996 mores
3296 1946 3659 2002 mutaturum,
3691 1952 3749 1991 re

489 2032 556 2100 τῇ
584 2031 720 2101 αὐτῇ
746 2031 1025 2101 πολεμίοις
1068 2033 1305 2104 πρώτοις
1329 2036 1559 2107 (Πέρσαι
1585 2036 1641 2089 δὲ
1684 2031 1845 2106 ἦσαν)
1876 2034 2068 2105 συνήλ-

2181 2048 2290 2115 ipsa
2343 2043 2567 2098 doctum
2615 2037 2873 2093 videlicet
2910 2036 2965 2090 in
2996 2034 3212 2103 qualem
3249 2033 3429 2085 virum
3458 2030 3594 2084 adeo
3625 2038 3750 2098 pce-

494 2121 665 2192 θομεν
699 2123 782 2185 είς
809 2125 1020 2195 χεῖρας.
1054 2126 1127 2179 Τὸ
1154 2126 1210 2178 δέ
1240 2144 1305 2197 με
1329 2128 1546 2180 πάντων
1579 2128 1808 2197 μάλιστα
1845 2130 2059 2189 πεῖσαν,

489 2206 574 2264 ὅτι
621 2214 668 2266 ει
698 2213 935 2268 τοσαῦτα
983 2213 1087 2268 ὅσα
1123 2215 1363 2269 σύνοιδεν
1408 2215 1558 2299 αὐτῷ
1593 2214 2088 2299 προσκεκρουκότιο

442 2348 453 2362 κ
495 2305 832 2377 συγγνώμην
873 2308 1177 2378 παράσχοις
1198 2309 1383 2373 αὐτὸς,
1412 2284 1602 2382 πάσης
1641 2284 1822 2371 αἰτίας
1847 2284 2069 2362 -ἀπολύέ

496 2413 620 2459 σας,
672 2398 1000 2465 μεταϐαλεῖν
1050 2400 1119 2454 ἂν
1172 2400 1478 2470 νομίσαντα
1516 2401 1609 2457 καὶ
1644 2401 1826 2463 αὐτὸν,
1867 2403 1931 2454 ὲκ
1958 2401 2066 2453 τῶν

494 2488 841 2557 πραγμάτων
893 2488 1071 2543 αὐτῶν
1096 2488 1420 2559 διδαχθέντα
1444 2508 1509 2543 πε
1520 2491 1571 2560 pl.
1595 2480 1708 2543 οἷον
1735 2491 2065 2559 ἡγνωμὸνει,

500 2578 596 2631 καὶ
625 2579 718 2631 τοῦ
751 2579 943 2632 λοιποῦ
978 2582 1159 2651 μενεῖν
1186 2580 1378 2634 εὔνουν
1406 2583 1501 2635 καὶ
1533 2582 1686 2650 φίλον
1725 2585 1952 2636 πιστόν·
1994 2582 2069 2646 ὡς

497 2670 753 2724 ἐντεῦθεν
782 2671 878 2724 δύο
910 2672 980 2723 τὰ
1014 2672 1247 2742 μέγιστα
1278 2673 1651 2744 ἐξειργάσθαι,
1685 2674 1769 2726 σοί
1795 2692 1853 2727 τε
1883 2675 2072 2743 φιλαν-

498 2761 753 2832 θρωπίας
782 2765 874 2817 καὶ
906 2766 1246 2845 ἡμερότητος
1275 2765 1627 2835 παρασχόντα
1663 2768 1938 2837 ἀφορμὴν,
1974 2769 2070 2822 καὶ

499 2856 730 2925 προσέτι
764 2856 1036 2926 χρήσιμον
1065 2857 1124 2910 ὲν
1151 2856 1365 2921 πολλοῖς
1418 2858 1584 2928 ἄνδρα
1623 2861 2067 2929 προσαγαγόντα,

498 2946 560 3010 ὃς
605 2948 673 3000 δι’
720 2947 928 3000 οἰκείαν
976 2949 1374 3020 ἀγνωμοσύνην
1425 2950 1731 3006 ἀπολώλει·
1767 2954 1863 3007 καὶ¹
1920 2954 2072 3024 αὐτῷ

509 3040 788 3109 μεγίστων
837 3040 1062 3107 ἀγαθῶν
1107 3041 1432 3096 αἰτιώτατον
1485 3042 1738 3111 ὀφθέντα,
1772 3046 2074 3116 ἐπειθόμην

498 3148 562 3184 τε
614 3133 800 3196 αὐτοῖς
844 3127 1143 3202 δεομένοις,
1175 3135 1269 3187 καὶ
1332 3137 1415 3188 σοὶ
1459 3136 1779 3207 προσελθὼν
1818 3139 2072 3209 περὶτῆς

501 3224 805 3288 παντελοῦς
850 3225 1017 3279 αὐτοῦ
1047 3226 1366 3298 ἐλευθερίας
1411 3228 1734 3299 διειλέχθην.
1777 3230 1928 3283 Ἐπεὶ
1973 3229 2070 3284 ἄλ-

505 3313 615 3379 λως
648 3332 709 3383 γε
735 3317 783 3369 εί
819 3317 914 3369 ἐπὶ
937 3318 1037 3386 τῆς
1067 3318 1236 3387 αὐτῆς
1272 3319 1579 3390 μοχθηρίας
1610 3321 1704 3374 καὶ
1746 3321 1841 3375 τοῦ
1884 3323 2074 3376 λοιποῦ

502 3407 671 3461 αὐτὸν
700 3407 966 3461 ὑπενόουν
1000 3410 1205 3477 μενεῖν,
1248 3411 1345 3480 οὐχ
1383 3410 1463 3464 ὅτι
1498 3428 1561 3479 γε
1595 3413 1778 3479 αὐτὸς,
1816 3413 1955 3468 ἀλλὰ
1984 3418 2078 3469 καὶ

501 3501 700 3571 ἑτέρου
735 3501 1066 3569 πράττοντος
1096 3500 1347 3555 ἐκώλυσα
1368 3502 1434 3555 ἂν
1462 3503 1563 3573 τὴν
1593 3503 1928 3575 ἐλευθερίαν.
1953 3505 2080 3571 Τοῖς

501 3593 615 3664 γὰρ
647 3593 894 3677 εὐνοοῦσί
932 3611 1015 3646 σοι
1048 3594 1201 3664 φίλος
1241 3590 1382 3649 εἶναι
1414 3597 1474 3649 οὐ
1512 3596 1713 3664 μᾶλλον
1757 3598 2080 3670 προῄρημαι

504 3687 567 3749 ἐξ
600 3687 800 3759 ἀρχῆς,
841 3688 874 3759 ἡ
904 3689 1164 3756 πολέμιος
1195 3691 1308 3750 τοῖς
1356 3689 1791 3746 ἐπιϐουλεύουσι.
1841 3694 2080 3748 Τοιαῦτα

512 3783 614 3852 μὲν
656 3784 794 3852 πρὸς
840 3782 1105 3853 ἀλλήλους
1166 3782 1548 3853 διειλέχθησαν
1609 3784 1765 3839 αὐτοί
1794 3803 1806 3816 ·
1850 3787 1975 3840 ἐπεὶ
2025 3789 2081 3842 δὲ

506 3874 826 3943 ἐκεκύρωτο
856 3874 948 3929 τὸν
994 3875 1335 3944 Συργιάννην
1387 3875 1480 3928 τοῦ
1529 3876 1907 3948 δεσμωτηρίου
1946 3882 2081 3949 ἀφε-

512 3964 700 4033 θῆναι,
730 3967 764 4037 ἡ
796 3965 891 4018 τοῦ
924 3965 1190 4035 βασιλέως
1237 3968 1422 4037 μήτηρ
1457 3965 1669 4038 βασιλὶς
1703 3971 1734 4040 ἡ
1763 3969 1926 4041 Ξένη,
1973 3989 2079 4024 πυ-

508 4056 716 4127 θομένη
746 4057 828 4110 ὅτι
861 4054 1077 4125 βασιλεῖ
1107 4057 1332 4110 τοιαῦτα
1368 4058 1517 4124 ἔδοξε
1549 4059 1679 4130 περὶ
1712 4060 1902 4123 αὐτοῦ,
1929 4062 2084 4115 ἐδυσ-

462 4142 483 4155 ’
511 4147 737 4219 χέραινέ
768 4165 826 4201 τε
855 4148 1042 4201 οὐκέτι
1075 4147 1342 4213 ἀνεκτῶς,
1366 4148 1461 4201 καὶ
1497 4148 1588 4202 τὸν
1618 4150 1796 4219 μέγαν
1841 4151 2088 4220 δομέστι-

2103 3374 2148 3437 C

2173 2137 2431 2200 cavisset,
2458 2150 2523 2189 ac
2549 2133 2618 2188 de
2648 2141 2846 2188 caetero
2877 2130 2931 2183 in
2971 2127 3079 2181 ﬁde
3099 2136 3155 2181 et
3193 2124 3573 2179 benevolentia
3604 2138 3749 2175 man-

2173 2242 2387 2290 surum,
2427 2226 2642 2280 uthinc
2672 2223 2784 2277 duo
2809 2219 3058 2290 quaedam
3086 2216 3287 2274 eximia
3314 2214 3662 2279 conﬁcerem,
3693 2227 3749 2269 et

2175 2322 2275 2376 tibi
2312 2319 2572 2375 nimirum
2611 2314 2973 2371 humanitatis
3003 2327 3067 2367 ac
3125 2308 3564 2366 mansuetudinis
3589 2323 3747 2361 exer-

2175 2410 2363 2467 cendae
2406 2410 2749 2465 occasionem
2794 2406 2978 2461 darem
3011 2442 3029 2468 ,
3060 2414 3436 2472 praetereaque
3473 2402 3650 2459 virum
3681 2398 3749 2453 ad

2176 2496 2346 2558 multa
2400 2501 2658 2556 idoneum
2705 2496 3096 2558 conciliarem,
3142 2509 3307 2563 quem
3360 2492 3541 2547 scelus
3589 2506 3750 2545 suum

2177 2596 2527 2669 perdiderat,
2576 2605 2633 2648 et
2667 2593 2769 2661 ipsi
2797 2590 3161 2645 maximorum
3193 2587 3465 2642 bonorum
3499 2597 3752 2637 summus

2178 2700 2370 2746 auctor
2414 2691 2624 2753 ﬁerem,
2667 2687 2818 2741 illius
2855 2693 3071 2754 rogatu,
3120 2680 3333 2745 matris,
3398 2680 3643 2757 inquam,
3682 2677 3751 2729 de

2179 2784 2298 2851 ejus
2344 2781 2502 2850 plena
2551 2777 2877 2833 liberatione
2910 2786 2961 2831 te
2999 2774 3274 2828 allocutus
3307 2785 3451 2825 sum.
3492 2767 3749 2837 Alioqui.

2181 2873 2342 2943 206
2391 2872 2435 2925 si
2492 2871 2546 2924 in
2590 2869 2782 2923 eadem
2840 2865 3111 2936 pravitate
3145 2868 3625 2932 perseveraturum
3661 2873 3754 2912 su-

2181 2967 2422 3035 Spicatus
2468 2962 2721 3027 fuissem,
2771 2975 2881 3014 non
2933 2959 3098 3012 modo
3138 2969 3247 3010 non
3284 2955 3400 3024 ipse
3441 2952 3752 3006 libertatem

2180 3060 2232 3113 ei
2283 3056 2627 3126 petivissem,
2673 3052 2769 3107 sed
2810 3049 3008 3120 quovis
3051 3048 3159 3102 alio
3189 3054 3412 3114 petente
3452 3059 3521 3098 ne
3554 3042 3757 3097 libera-

2183 3162 2337 3207 retur
2390 3147 2819 3219 iinpedivissem.
2871 3141 3042 3209 Haudj
3066 3140 3214 3194 enim
3261 3138 3432 3205 magis
3482 3134 3582 3191 tibi
3611 3135 3754 3189 bene

2183 3243 2468 3311 cupientes
2500 3251 2703 3301 amare,
2733 3250 2897 3304 quam
2930 3231 3257 3286 insidiantes
3288 3228 3470 3283 odisse
3495 3226 3563 3280 ab
3593 3225 3755 3280 initio

2186 3336 2350 3388 ﬁxum
2394 3337 2717 3398 certumque
2754 3324 2946 3381 habui.
2990 3322 3117 3377 Haec
3150 3320 3228 3375 illi
3259 3321 3403 3374 inter
3444 3332 3503 3373 se
3548 3330 3758 3372 sermo-

2183 3430 2536 3487 einabantur.
2588 3427 2659 3482 At
2711 3424 2868 3480 Xena
2925 3423 3277 3492 imperatoris
3342 3427 3539 3485 mater,
3584 3416 3754 3470 ﬁlium

2185 3521 2504 3594 Syrgiannis
2564 3518 2943 3573 dimissiOnem
2997 3513 3312 3570 decrevisse
3366 3511 3639 3574 audiens,
3705 3510 3758 3564 id

2188 3626 2340 3683 passa
2370 3617 2454 3664 est
2492 3608 2810 3680 aegerrime;
2845 3606 3252 3673 accusabatque
3284 3616 3538 3672 maguum
3566 3600 3757 3655 dome-

2155 3704 2426 3766 -stieum,
2478 3714 2585 3755 non
2639 3700 2815 3753 solum
2875 3697 3022 3768 quod
3078 3695 3222 3750 hosti
3265 3692 3649 3765 imperatoris,
3703 3701 3761 3748 et

2190 3788 2396 3850 idcirco
2452 3790 2806 3859 sempiternis
2853 3788 3091 3844 vinculis
3138 3787 3263 3857 jure
3330 3782 3760 3852 constringendo

2189 3888 2305 3955 ipse
2366 3884 2434 3938 ad
2489 3882 2799 3937 libertatem
2844 3879 3315 3949 patrocinaretur,
3372 3874 3469 3929 sed
3512 3875 3658 3942 quod
3703 3891 3761 3929 se
3816 3886 3828 3896 ‘

2188 3987 2303 4025 rem
2359 3970 2592 4045 celasset
2634 3967 2876 4036 penitus,
2918 3979 3099 4032 neque
3139 3977 3306 4030 super
3337 3961 3431 4015 illo
3465 3976 3524 4017 so
3554 3975 3761 4014 eonsrr

2184 4063 2396 4116 luisset.
2463 4057 2811 4112 Domesticos
2859 4055 3074 4124 culpam
3116 4054 3185 4108 ab
3230 4068 3289 4108 se
3316 4067 3630 4113 removens,
3664 4046 3762 4105 ne:

2185 4153 2358 4208 scisse
2414 4148 2722 4219 respondit,
2763 4148 2816 4201 id
2863 4161 2983 4200 eam
3037 4145 3200 4208 nolle,
3259 4144 3384 4199 ideo
3435 4144 3572 4198 nihil
3610 4144 3765 4213 prius

513 4256 613 4293 κον
667 4235 814 4309 εἶχεν
863 4242 921 4293 ἐν
975 4241 1200 4304 αἰτίαις,
1229 4240 1291 4292 οὐ
1348 4239 1509 4310 μόνον
1555 4241 1637 4293 ὅτι
1674 4241 1920 4313 πολεμίῳ
1969 4243 2076 4297 ὄντι

2187 4259 2310 4299 cum
2350 4257 2415 4297 ea
2443 4238 2902 4296 communicasse.
2937 4237 3211 4292 Caeterum
3258 4234 3593 4306 Syrgiannes
3646 4249 3768 4287 car-

513 4331 787 4402 βασιλέως
812 4373 827 4397 ,
859 4331 957 4383 καὶ
993 4331 1082 4383 διὰ
1118 4331 1279 4385 τοῦτο
1304 4331 1498 4403 δικαίῳ
1541 4333 1651 4386 ὄντι
1693 4333 1915 4404 δεσμοῖς
1951 4335 2085 4404 ἀφύ-

512 4440 667 4486 κτοις
703 4422 792 4475 διὰ
829 4422 944 4497 βίου
974 4422 1196 4492 ἔχεσθαι
1227 4423 1451 4488 παντὸς,
1483 4425 1646 4488 αὐτὸς
1687 4428 1904 4481 συνεῖπε
1945 4430 2082 4498 πρὸς

2188 4351 2313 4392 cere
2337 4350 2434 4405 pro
2460 4333 2685 4415 decreto
2706 4332 2920 4387 solutus
2941 4328 3077 4401 (48),
3099 4326 3768 4398 imperatorisquehuma-

2190 4430 2418 4483 nitatem
2454 4441 2519 4481 ac
2542 4424 2965 4480 beneﬁcentiam
2989 4430 3249 4493 expertus
3273 4430 3376 4475 est.

512 4519 614 4588 τὴν
643 4516 979 4585 ἐλευθερίαν,
1005 4517 1123 4571 ἀλλ’
1149 4518 1232 4572 ὅτι
1266 4521 1402 4590 μήτε
1452 4522 1714 4591 πρότερον
1740 4522 1877 4595 αὐτῇ
1915 4524 2082 4595 μηδὲν
2125 4527 2262 4596 μήτε
2289 4525 2520 4594 προεῖπε
2554 4522 2692 4593 μήτε
2720 4519 3083 4573 ἐϐουλεύσατο
3113 4535 3182 4570 πε
3194 4517 3247 4587 pi
3277 4515 3469 4569 αὑτοῦ.
3496 4515 3557 4568 '0
3592 4516 3769 4584 μέγας

514 4619 572 4672 δὲ
631 4619 955 4690 δομέστικος
1027 4618 1209 4681 αἰτίας
1258 4619 1513 4674 ἀπολύων
1576 4621 1794 4685 ἑαυτὸν,
1854 4623 2073 4690 ἀγνοεῖν
2109 4640 2169 4677 τε
2226 4624 2465 4693 ἔφασκεν
2497 4622 2580 4675 ὅτι
2632 4620 2706 4692 μὴ
2737 4619 2825 4689 εἴη
2861 4619 3003 4673 κατὰ
3032 4617 3260 4690 γνώμην
3289 4616 3357 4669 τὰ
3417 4615 3766 4687 πραττόμενα

1752 4750 1968 4813 Jacobi
2003 4753 2264 4815 Pontani
2297 4759 2486 4815 notae.

594 4852 708 4924 (ιθ)
743 4852 998 4924 Virgilius
1029 4865 1164 4924 vm_
1191 4850 1463 4916 zEneidos,
1506 4852 1574 4908 de
1620 4851 1885 4919 Pallante,
1930 4871 2091 4924 quem
2125 4863 2169 4916 1)
2200 4856 2492 4911 minondas
2515 4865 2570 4911 et
2601 4856 2692 4910 alii
2720 4873 2734 4919 ;
2779 4856 2913 4910 nihil
2943 4871 3008 4910 ex
3048 4853 3310 4909 Romanis
3340 4853 3493 4909 Fabii
3520 4855 3762 4915 Maximi.

522 4922 776 4977 Evander
844 4921 1041 4992 parens
1103 4921 1324 4987 Αἴπειαν,

522 4992 877 5048 commendat
920 5009 985 5047 ac
1029 4992 1219 5052 tradit.

737 5090 1015 5104 __._..~—
1051 5062 1145 5116 sub
1176 5071 1224 5132 te
1274 5061 1499 5116 tolerare
1528 5065 1780 5132 magistro

601 5131 868 5194 Militiam,
892 5141 940 5185 et
962 5148 1121 5206 grape
1150 5131 1339 5185 Martis
1363 5149 1511 5206 opus,
1538 5131 1629 5206 tua
1651 5150 1861 5187 cernere
1874 5136 2020 5206 facta

594 5207 891 5259 Assuescat.
919 5204 1103 5271 primis
1135 5210 1184 5253 et
1218 5209 1268 5254 te
1304 5205 1520 5255 miretur
1553 5203 1614 5255 ab
1652 5207 1828 5257 annis.

600 5275 713 5345 (.tj)
744 5273 1028 5345 Quadrant
1057 5273 1360 5345 huc__verha
1384 5273 1453 5345 Μ,
1484 5272 1648 5345 Tullii
1684 5290 1749 5327 ex
1783 5276 2095 5340 Maniliana,

450 5396 455 5411 ἱ
527 5341 744 5400 ἀρ’(ἰη.
807 5343 1065 5416 Pompeio
1102 5359 1117 5396 :
1163 5341 1395 5406 Utinam,
1430 5344 1678 5416 Quirites,
1718 5346 1951 5401 virorum
1993 5352 2102 5416 [or-

527 5417 661 5467 tium
710 5422 869 5482 atque
924 5413 1281 5466 innocentium
1326 5415 1535 5483 copiam
1577 5422 1783 5467 tantam
1819 5413 2095 5483 haberetis,

530 5494 588 5536 ut
637 5487 745 5536 ha'c
798 5483 937 5536 vobis
997 5483 1305 5535 deliberatio
1352 5482 1585 5552 difﬁcilis
1639 5493 1791 5552 esset,
1835 5482 2097 5552 quemnau

530 5554 860 5622 potissimum
888 5554 1051 5623 tantis
1075 5553 1243 5614 rebus,
1281 5568 1340 5605 ac
1363 5561 1515 5605 tanta
1545 5551 1681 5604 bello
1706 5551 2098 5623 prrc/iciendum

531 5624 815 5692 putaretis.
849 5622 1000 5677 Nunc
1034 5639 1151 5675 vero
1196 5638 1314 5675 cum
1354 5625 1419 5675 sit
1468 5639 1601 5677 unus
1631 5622 1744 5678 .Cn.
1796 5624 2097 5693 Pompeius,

532 5694 625 5759 qui
664 5709 765 5745 non
797 5693 950 5764 modo
990 5709 1170 5745 eorum
1204 5693 1472 5764 hominum
1514 5695 1601 5761 qui
1634 5709 1771 5745 nunc
1803 5706 1945 5755 sunt,
1985 5695 2100 5764 glo-

536 5764 696 5822 riam,
736 5762 825 5816 sed
859 5765 1021 5815 etiam
1061 5763 1400 5831 antiquitatis
1450 5764 1756 5818 memoriam
1789 5762 2100 5818 virtute—su—

533 5834 759 5900 peravit,
787 5841 893 5898 etc,
920 5832 1064 5885 Nihil
1099 5833 1263 5899 igitur
1294 5831 1359 5884 ad
1397 5831 1542 5884 hunc
1573 5833 1836 5900 Angelum
1864 5836 2097 5889 Asanem

534 5892 602 5971 εκ
625 5892 1015 5971 ϐναεοίεςὶηἰς,
1079 5892 1312 5971 quorum
1350 5901 1506 5971 Avitus
1560 5892 1816 5971 scripsit!
1845 5902 2099 5960 Eiiiilius

538 5969 771 6037 Probus,
825 5969 1112 6039 Miltiades,
1148 5969 1583 6041 _Themistocles,
1616 5969 1902 6038 Chabrias,
1962 5973 2099 6042 Epa-

1396 4932 1455 4975 ut
1533 4924 1792 4993 magistro
1865 4927 2092 4980 militari

2200 4927 2508 4996 Scipiones,
2566 4926 2827 4989 Marcelli,
2859 4941 3052 4979 omnes
3108 4925 3353 4996 denique
3404 4926 3530 4978 belli
3575 4928 3765 4991 duces,

2199 4995 2339 5066 ques
2388 4996 2629 5051 Ciceror
2670 4996 2744 5050 De
2768 5006 2907 5050 orat.
2949 4995 3456 5066 prmrstantissimos,
3518 5011 3580 5048 ac
3625 5012 3766 5064 pene

2200 5063 2638 5121 innumerabiles
2702 5082 2770 5121 ex
2823 5081 2933 5119 una
2961 5065 3182 5118 civitate
3233 5063 3454 5131 (Roma)
3521 5063 3765 5131 proferre

2198 5152 2358 5205 posse
2384 5137 2632 5191 nﬁirmat.
2659 5138 2763 5191 Sed
2784 5136 2954 5191 Gnaei
2981 5150 3153 5205 genus
3178 5134 3461 5186 hominum
3494 5134 3546 5186 in
3571 5135 3766 5191 laudes

2199 5204 2324 5261 suas
2350 5209 2581 5261 clinsuin
2614 5217 2669 5259 et
2698 5204 2999 5273 φιλόδοξον(
3112 5204 3126 5215 “

2273 5279 2385 5342 (48)
2411 5276 2607 5329 Narrat
2648 5271 2810 5327 etiam
2845 5274 3115 5343 Gregoras
3162 5273 3216 5325 in
3261 5272 3380 5326 haec
3416 5271 3578 5325 verba
3619 5292 3630 5329 :
3670 5275 3762 5328 "is

2201 5347 2521 5415 temporibus
2574 5344 2897 5414 Syrgiannes
2964 5359 3177 5396 carcere
3237 5343 3506 5398 educitur.
3567 5347 3763 5413 scripta

2200 5420 2347 5484 prius
2382 5416 2739 5484 jurejurando
2764 5415 2912 5474 dato,
2952 5422 3001 5464 et
3044 5415 3380 5466 atrocissima
3410 5427 3632 5484 quicque
3662 5416 3764 5468 sibi

2200 5482 2546 5554 imprecatus,
2583 5485 2628 5537 si
2663 5485 2787 5553 quid
2814 5492 2997 5554 contra
3048 5485 3422 5554 imperatorem
3465 5482 3761 5538 moliretur.

2203 5551 2298 5608 Sin
2324 5555 2501 5623 quovis
2562 5551 2712 5606 modo
2754 5553 2898 5621 apud
2950 5554 3178 5623 integros
3238 5551 3444 5619 judices
3501 5555 3764 5607 mendacii

2202 5620 2634 5684 convinceretur,
2691 5620 2883 5693 prteter
2931 5620 3236 5694 dirasillas
3273 5622 3533 5694 utetiam
3592 5628 3763 5694 capite
3838 5632 3842 5636 ’

2198 5695 2534 5763 plecteretur.
2574 5690 2897 5747 Non'laruen
2936 5692 3135 5745 mansit
3166 5692 3219 5763 in
3265 5690 3390 5763 lide,
3434 5702 3491 5746 et
3538 5690 3767 5750 interfe-

2198 5761 2319 5819 ctus
2353 5772 2746 5834 estutanquam
2781 5762 3045 5831 perlidus,
3095 5772 3155 5815 ut
3183 5761 3474 5834 docebitur
3516 5767 3759 5834 cap.25.

2193 5837 2265 5890 Et
2290 5849 2449 5901 quem
2476 5832 2627 5885 Xena
2648 5834 2755 5904 jam
2781 5840 3101 5904 devoratum
3134 5832 3273 5897 vult,
3299 5843 3487 5904 postea
3513 5832 3756 5904 adoptat,

2196 5906 2357 5971 eique
2391 5919 2448 5958 se
2487 5903 2657 5958 totam
2711 5903 3029 5970 committit,
3070 5911 3128 5957 ut
3175 5911 3258 5957 est
3303 5903 3446 5973 apud
3498 5903 3767 5959 eumdem.
3812 5920 3817 5927 ·

2197 5975 2513 6044 Grcgoraiu.
