4156 6300
432 498 540 566 435

1590 499 1837 560 ΙΟΑΝΝ
1848 498 1917 558 lS
1959 500 2490 565 CANTACUZENI

3571 507 3676 574 436

431 615 593 684 αὐτῇ,
662 612 756 668 καὶ
800 614 886 667 διὰ
929 614 1089 667 τοῦτο
1120 612 1286 685 μηδὲν
1336 615 1459 683 περῖ
1500 614 1689 667 τούτου
1745 614 2011 685 πρότερον
2046 615 2185 686 αὐτῇ
2246 614 2612 687 διαλεχθῆναι.
2647 618 2837 687 Ὅμως
2877 618 3002 673 ἐπεὶ
3044 614 3243 688 ἔδοξεν,
3311 619 3580 678 ἀπελύετό
3613 642 3673 678 τε

430 713 539 765 τῶν
568 710 781 781 δεσμῶν
812 714 837 764 ὀ
869 710 1225 781 Συργιάννης,
1263 709 1355 763 καὶ
1408 710 1697 778 εὐμενείας
1745 709 1983 764 ἀπέλαυε
2017 710 2111 763 καὶ
2139 710 2387 772 εὐποιῖας
2414 711 2511 782 τῆς
2535 713 2683 782 παρὰ
2713 711 2999 779 βασιλέως.

1886 822 2115 877 CAPUT
2153 824 2217 878 ν.

432 910 684 986 Germani
726 913 850 981 jure
895 914 1109 986 hospitii
1154 914 1217 966 ab
1268 915 1599 986 imperatore
1626 915 1843 982 pecunia
1893 914 2141 986 adjuvari
2191 924 2395 982 petunt.
2453 915 2680 985 Magnus
2728 915 3040 971 domesticus
3091 917 3369 986 respondet
3425 916 3675 972 atrarium

501 983 811 1053 exhaustum
843 998 971 1043 esse.
1011 984 1227 1035 militem
1260 983 1365 1036 illis
1402 984 1844 1053 suppeditatur-os.
1878 983 2131 1038 Germani
2157 994 2436 1049 recusant;
2467 983 2740 1039 abundare
2783 1004 2838 1040 se
2870 986 3141 1040 militibus.
3176 983 3525 1041 Dimittuntur
3559 1004 3678 1041 cum

497 1052 712 1105 honore.
746 1051 1044 1119 Exponitur
1076 1053 1343 1105 calliditas
1371 1051 1658 1106 deitiestici.
1691 1052 1822 1122 Item
1848 1053 2103 1122 quomodo
2135 1056 2460 1121 approbante
2487 1058 2805 1122 imperatore
2840 1066 3046 1122 partem
3076 1073 3296 1109 onerum
3324 1066 3372 1109 et
3416 1073 3672 1111 curarum

494 1137 712 1173 suarum
742 1122 796 1172 in
830 1125 1074 1194 humeros
1109 1126 1401 1194 Apocaucln'
1428 1125 1684 1194 rejecerit.
1711 1120 2101 1194 Causieqquare
2126 1120 2687 1194 imperatorlg'yzicum
2717 1120 2981 1194 profectus
3023 1128 3109 1179 sit.
3156 1125 3288 1179 Cum
3318 1125 3679 1180 Zamerchane

497 1200 744 1260 satrapa,
776 1193 866 1259 qui
895 1191 1193 1246 Orientales
1215 1191 1575 1246 Rontanormn
1598 1192 1746 1245 urbes
1772 1191 2014 1257 vexabat,
2035 1206 2213 1261 pacem
2239 1193 2387 1261 facit.
2421 1193 2616 1248 Moesus
2635 1191 2754 1248 cuin
2777 1191 3096 1266 imperatore
3124 1211 3348 1265 perenne
3376 1196 3541 1265 {wdus
3565 1196 3677 1249 icit.

499 1303 612 1358 Sub
666 1303 809 1359 idem
844 1316 1057 1387 tempus
1088 1323 1153 1361 ex
1184 1309 1465 1364 Alemania
1499 1310 1562 1364 ad
1593 1310 1864 1365 seniorem
1893 1310 1994 1362 im-
2017 1309 2069 1368 Α

428 1382 732 1464 peratorem
761 1398 922 1466 legati
955 1382 1202 1462 veniunt.
1234 1403 1521 1470 pecuniam
1553 1410 1823 1472 petentes,
1847 1401 1995 1471 quod

426 1502 489 1540 ex
513 1488 684 1541 veteri
718 1489 984 1544 societate
1034 1500 1090 1545 et
1120 1494 1380 1556 amicitia,
1413 1510 1536 1562 qua:
1565 1494 1700 1563 ipsis
1725 1509 1848 1548 cum
1882 1494 1995 1548 Ro-

427 1580 604 1634 manis
639 1579 1018 1639 intercederet.
1066 1595 1499 1639 consentancum
1527 1585 1828 1647 videretur,
1860 1586 1996 1640 alte-

428 1683 518 1723 ros
575 1670 643 1722 ab
685 1669 899 1734 alteris,
949 1672 994 1725 si
1036 1688 1146 1741 quo
1186 1682 1433 1742 egerent,
1465 1668 1733 1745 adjuvari.
1768 1674 1997 1729 Germa-

347 1830 351 1837 .
427 1758 512 1813 uis
557 1760 668 1829 (49)
708 1762 853 1815 enim
908 1763 1170 1817 omnibus
1193 1780 1315 1817 cum
1357 1765 1619 1818 Romanis
1651 1765 1998 1834 imperatori-

428 1851 532 1906 bus
575 1852 874 1921 hospitium
922 1870 1044 1908 esse
1089 1871 1101 1906 :
1149 1856 1241 1924 qui
1276 1856 1532 1911 Germani
1567 1858 1813 1914 studiose
1841 1874 1998 1912 cura-

427 1949 572 2001 rent.
604 1958 946 2013 qmecunque
978 1946 1238 1999 Romanis
1271 1948 1705 2002 emolumentum
1734 1964 1797 2002 ac
1827 1949 1997 2003 decus

427 2032 710 2087 atl‘errent.
756 2034 912 2088 Nunc
947 2036 1190 2102 pecunia:
1222 2048 1467 2105 egentes.
1500 2039 1566 2091 ad
1608 2039 1993 2107 imperatorem

426 2124 743 2191 compulsos
782 2125 1116 2196 confugere;
1165 2143 1277 2181 sum
1304 2130 1500 2197 inopiae
1527 2129 1595 2183 ab
1623 2131 1742 2199 ipso
1773 2132 1995 2185 consul-

428 2223 544 2267 tum
595 2217 658 2269 iri
703 2218 1063 2272 conﬁdentes.
1102 2218 1207 2273 Sed
1248 2236 1371 2274 cum
1416 2223 1785 2275 Andronicum
1816 2224 1998 2277 senio-

430 2322 542 2360 rem
568 2307 798 2376 imperio
834 2318 1041 2363 motum
1074 2314 1403 2379 reperirent,
1436 2313 1504 2367 ad
1533 2314 1808 2382 iuniorem
1842 2314 1997 2369 adie-

427 2408 580 2454 runt.
630 2399 680 2454 ls
725 2416 889 2455 causa
936 2402 1207 2457 adventus
1255 2420 1444 2458 eorum
1483 2414 1758 2475 percepta,
1800 2419 1997 2473 magno

428 2491 733 2547 domestico
769 2510 892 2562 quas
934 2496 1457 2549 convenientissima
1499 2504 1735 2565 putaret,
1772 2512 1996 2565 respon-

428 2584 591 2638 dendi
630 2595 813 2652 partes
852 2586 1024 2639 dedit.
1074 2587 1168 2640 Ille
1199 2588 1407 2641 vocatis
1436 2587 1503 2639 ad
1545 2602 1601 2641 se
1640 2588 1853 2658 legatis,
1891 2588 1994 2642 sibi

428 2686 485 2729 et
531 2676 843 2743 imperatori
892 2677 1251 2745 quamobrem
1309 2680 1605 2742 adessent,
1662 2678 1997 2733 intellectum

428 2777 585 2822 esse.
610 2772 665 2815 et
692 2773 959 2818 vetustam
989 2782 1179 2820 eorum
1211 2783 1331 2820 cum
1372 2766 1630 2821 [tosnanis
1682 2769 1999 2822 societatem

431 2850 841 2921 amicitiamque
862 2854 1004 2906 haud
1035 2869 1092 2907 s»:
1122 2855 1371 2924 ignorare
1396 2857 1532 2909 dix‘t
1561 2856 1755 2926 ;207
1781 2867 1834 2911 et
1857 2869 2004 2911 utro-

431 2958 669 3013 rumque
729 2945 1018 3013 imperium
1072 2947 1478 3014 quodammodo
1520 2964 1687 3003 unum
1730 2949 2003 3018 principa-

380 3102 393 3110 κ
434 3045 548 3090 tum
596 3037 700 3091 sibi
731 3038 898 3117 videri
929 3056 942 3104 ;
973 3040 1181 3109 justum
1213 3041 1342 3092 item
1381 3051 1437 3095 et
1499 3056 1621 3095 cum
1656 3041 1834 3096 oﬂioio
1869 3058 2002 3096 con—

427 3127 680 3198 iunctum
735 3145 891 3195 esse,
941 3133 1131 3185 ambos
1182 3132 1414 3186 invicem
1465 3134 1730 3188 utilitates
1780 3134 1999 3189 afferre.

432 3221 587 3286 Quod
635 3222 700 3276 ad
757 3225 1041 3291 pecuniam
1094 3226 1374 3291 attineret,
1427 3228 1470 3282 si
1527 3230 1804 3284 venissent
1851 3239 2002 3285 ante-

433 3329 598 3383 quam
650 3315 851 3371 bellum
902 3318 1046 3372 inter
1097 3319 1454 3388 imperatores
1489 3330 1795 3390 gereretur,
1832 3339 2005 3391 qus-n-

435 3416 550 3461 tum
603 3423 701 3476 pro
742 3410 1070 3466 necessitate
1093 3412 1416 3473 voluissent,
1453 3424 1779 3482 accepturos
1810 3415 2001 3471 fuisse.

432 3500 589 3555 Nunc
636 3501 779 3556 idem
819 3503 1023 3557 bellum
1054 3506 1373 3561 exhausisse
1404 3508 1679 3561 terarium.
1718 3507 2005 3563 Verumta-

434 3605 561 3644 men
583 3592 687 3646 alia
710 3593 795 3646 via
822 3608 977 3662 posse
997 3595 1123 3649 huic
1141 3596 1383 3665 ipsorum
1406 3600 2006 3669 sunitharite‘dillicul-

436 3680 534 3735 tati
585 3695 925 3748 occurrere;
961 3684 1263 3738 exercitum
1302 3685 1447 3740 enim
1501 3704 1753 3759 magnum
1795 3705 1858 3743 ac
1890 3690 2003 3742 lor-

435 3781 544 3827 tem
599 3783 786 3828 contra
825 3774 1015 3830 hostes
1048 3772 1255 3831 militia:
1281 3779 1490 3832 socium
1532 3780 1859 3849 pra'bituros
1914 3780 2005 3833 Sic

434 3880 673 3935 namque
711 3882 771 3921 se
813 3866 1148 3932 existimare,
1201 3884 1304 3922 non
1337 3870 1499 3934 alius,
1532 3887 1694 3938 quam
1726 3872 2003 3926 exercitus

2185 1308 2326 1364 Ὑπὸ
2368 1312 2423 1364 δὲ
2471 1311 2599 1375 τοὺς
2625 1311 2824 1374 αὐτοὺς
2855 1312 3083 1381 χρόνους
3116 1313 3209 1365 καὶ
3254 1313 3313 1378 ἐξ
3353 1310 3678 1379 Ἀλαμανῶν

2105 1403 2333 1472 ἀφίκετο
2365 1404 2503 1472 πρὸς
2556 1404 2783 1473 βασιλέα
2832 1405 2924 1457 τὸν
2958 1404 3336 1476 πρεσϐύτερον
3383 1403 3675 1472 πρεσϐεία,

2096 1495 2357 1565 χρήματα
2382 1493 2685 1559 αἰτοῦντες,
2708 1495 2981 1562 λέγοντες,
3014 1494 3155 1546 κατὰ
3187 1493 3429 1545 παλαιὰν
3454 1509 3679 1561 συμμα-

2098 1585 2221 1655 χίαν
2256 1587 2347 1639 καὶ
2389 1584 2571 1654 φιλίαν
2600 1588 2701 1656 τῆς
2733 1585 3005 1656 σφετέρας
3031 1603 3090 1637 τε
3124 1586 3217 1637 καὶ
3244 1585 3341 1655 τῆς
3379 1580 3677 1651 Ῥωμαίων

2097 1676 2392 1745 ἡγεμονίας
2446 1679 2573 1730 ὅταν
2628 1695 2728 1732 του
2781 1678 2993 1730 δέονται
3026 1679 3329 1745 προσήκειν
3388 1676 3678 1745 ἑκατέροις

2099 1768 2423 1837 κομίζεσθαι
2475 1769 2606 1840 παρ’
2665 1769 3307 1840 ἁλλήλων.1ἐμπλίνοις
3367 1768 3477 1836 γὰρ
3541 1770 3677 1819 πᾶτι
3758 1816 3763 1821 .

2100 1859 2282 1925 φιλίαν
2335 1855 2479 1912 εἶναι
2540 1860 2678 1930 πρὸς
2731 1861 2858 1924 τούς
2921 1860 3209 1931 Ῥωμαίων
3263 1859 3540 1929 βασιλέας,
3583 1858 3679 1912 καὶ

2100 1947 2507 2011 σπουδάζεσθαι
2539 1949 2725 2011 αὐτοῖς
2760 1950 2860 2002 ὅσα
2908 1949 3179 2017 ὠφέλειάν
3236 1965 3295 2001 τε
3349 1948 3445 2002 καὶ
3506 1947 3679 2018 τιμὴν

2112 2039 2400 2109 Ῥωμαίοις
2435 2044 2748 2111 περιποιεῖ·
2782 2043 2898 2096 νυνὶ
2938 2043 2994 2095 δὲ
3028 2043 3330 2111 χρημάτων
3364 2040 3676 2108 δεομένους,

2100 2132 2417 2199 ἀναγκαίως
2457 2135 2594 2195 πρὸς
2629 2133 2858 2201 βασιλέα
2887 2134 3061 2204 ἥκειν,
3095 2133 3436 2204 Θαρροῦντχς
3463 2133 3539 2195 ὡς
3579 2132 3680 2201 λή-

2097 2222 2288 2292 ψονται
2332 2224 2453 2275 ὅτου
2486 2223 2551 2275 ἂν
2595 2224 2848 2277 δέωνται.
2898 2224 3050 2276 Ἐπεὶ
3076 2223 3132 2276 δὲ
3177 2225 3523 2295 Ἀνδρόνικον
3582 2223 3676 2275 τὸν

2099 2315 2473 2387 πρεσϐύτερον
2505 2316 2735 2384 βασιλέα
2770 2308 2931 2385 εὗρον
2963 2316 3061 2386 τῆς
3106 2316 3282 2386 ἀρχῆς
3323 2314 3677 2392 *ἐκϐεϐλημέ-

2100 2422 2209 2468 νον,
2245 2404 2381 2474 προς
2422 2403 2513 2457 τὸν
2545 2404 2665 2458 νέον
2692 2403 2976 2458 ἐποιοῦντο
3011 2406 3112 2474 τὴν
3149 2404 3473 2472 πρεσϐείαν.
3513 2405 3678 2455 Βασιη

2100 2493 2229 2556 λεὺς
2267 2493 2311 2545 δ’
2345 2494 2468 2547 ἐπεὶ
2503 2494 2740 2547 ἐπύθετο
2784 2496 2913 2564 περὶ
2942 2488 3016 2547 ὧν
3040 2496 3247 2564 ἥκοιεν,
3293 2495 3564 2560 ἐπέτρεπε
3598 2492 3675 2561 τῷ

2108 2585 2329 2657 μεγάλῳ
2354 2587 2684 2656 δομεστίκῳ,
2715 2586 2849 2655 πρὸς
2878 2586 3079 2647 αὐτοὺς
3113 2585 3447 2655 ποιήσασθαι
3477 2584 3676 2637 ἀπολο-

2105 2670 2291 2749 γίανῇ
2340 2677 2407 2729 ἂν
2438 2676 2608 2743 δόξειε
2662 2676 2898 2746 μάλιστα
2946 2676 3005 2729 τὸ
3037 2674 3258 2744 εὔλογον
3313 2676 3479 2745 ἔχειν.
3524 2674 3583 2727 'U
3618 2674 3674 2727 δὲ

2109 2785 2242 2837 μετα
2255 2768 2622 2836 καλεσάμενος
2652 2769 2775 2829 τοὺς
2801 2766 3079 2836 πρέσϐεις,
3103 2765 3328 2835 βασιλέα
3356 2783 3413 2817 τε
3438 2764 3676 2831 ἔφασκεν

2105 2860 2403 2929 ἀκηκοέναι
2433 2860 2563 2929 περὶ
2588 2854 2661 2912 ὧν
2682 2860 2879 2929 ἥκουσι
2911 2858 3307 2928 πρεσϐεύοντες
3348 2859 3445 2910 καὶ
3476 2860 3672 2910 αὐτόν·

2107 2956 2202 3006 καὶ
2240 2953 2338 3021 τὴν
2374 2951 2471 3021 μὲν
2503 2951 2738 3003 παλαιὰν
2772 2951 3092 3020 συμμαχίαν
3139 2951 3232 3003 καὶ
3278 2951 3459 3019 φιλίαν
3498 2947 3675 3003 αὐτῶν

2108 3043 2247 3115 πρὸς
2275 3046 2399 3106 τοὺς
2444 3043 2735 3111 Ῥωμαίων
2767 3042 3023 3113 βασιλέας
3064 3044 3157 3095 καὶ
3218 3043 3382 3096 αὐτὸν
3432 3044 3630 3095 εἰδέναι
3656 3057 3673 3071 ·

2105 3141 2199 3193 καὶ
2250 3138 2489 3207 ὡσπερεὶ
2539 3137 2667 3207 μίαν
2702 3139 2994 3208 ἠγεμονίαν
3028 3136 3345 3207 ἀμφοτέρας
3396 3137 3493 3197 τὰς
3523 3135 3676 3204 βασι-

2105 3230 2254 3291 λείας
2313 3228 2593 3297 νομίζειν·
2654 3229 2751 3279 καὶ¹
2798 3228 3007 3280 δίκαιον
3070 3225 3189 3295 ἅμα
3249 3225 3342 3278 καὶ
3396 3222 3675 3293 προσῆκον

2106 3322 2377 3390 ἡγεῖσθαι,
2402 3323 2523 3375 ὅτου
2554 3320 2619 3374 ἂν
2640 3319 2862 3374 δέωνται
2889 3320 3159 3388 ἑκάτεροι,
3187 3316 3520 3386 ὠφελεῖσθαι
3544 3314 3674 3385 παρ’

2108 3414 2373 3483 ἀλλήλων.
2418 3414 2696 3481 Χρήματα
2727 3411 2782 3462 δὲ
2835 3410 2870 3462 ἃ
2905 3409 3121 3462 αἰτοῦσι
3148 3408 3261 3475 νῦν,
3313 3410 3361 3462 εί
3404 3409 3533 3479 πρὶν
3580 3408 3677 3460 τὸν

2108 3507 2244 3575 προς
2267 3504 2528 3572 ἀλλήλους
2554 3503 2665 3556 τῶν
2702 3503 2993 3572 Ῥωμαίων
3012 3502 3277 3572 βασιλέων
3303 3502 3537 3571 πόλεμον
3582 3519 3676 3555 κε·

2107 3596 2362 3667 κινῆσθαι
2394 3592 2549 3668 ἧκον,
2579 3595 2907 3665 ἐκομίσαντο
2940 3588 3061 3667 ἂνῇ
3090 3593 3374 3647 ἐϐούλοντο
3406 3592 3677 3662 ἀρκοῦντα

2053 3722 2068 3736 .
2109 3690 2244 3761 πρὸς
2266 3690 2365 3759 τὴν
2396 3689 2611 3760 χρείαν.
2644 3688 2781 3739 Νυνὶ
2805 3687 2861 3739 δὲ
2892 3686 3278 3740 ἀναλωθέντων
3306 3687 3385 3747 είς
3417 3685 3507 3738 τὸν
3539 3685 3674 3754 πρὸς

2110 3781 2370 3851 ἀλλήλους
2414 3779 2672 3850 πόλεμον,
2705 3776 3008 3847 χρημάτων
3045 3776 3143 3846 μὲν
3176 3777 3239 3829 τὸ
3272 3776 3369 3829 νῦν
3414 3771 3551 3828 εῖναι
3576 3775 3678 3828 οὐκ

2108 3873 2359 3941 εὐπορεῖν
2380 3886 2393 3900 ο
2436 3870 2626 3939 ἕτερον
2656 3869 2710 3921 δέ
2736 3868 2936 3938 τρόπον
2965 3867 3231 3922 δύνασθαι
3264 3866 3522 3920 ἰάσασθαι
3577 3864 3676 3935 τὴν

435 3972 598 4012 causa
661 3956 808 4027 ipsos
865 3974 1114 4028 quaerere
1166 3962 1477 4027 pecuniam.
1541 3962 1695 4017 Hunc
1757 3980 1887 4031 ergo
1957 3964 2001 4015 si

2112 3964 2345 4034 ἀπορίαν
2373 3962 2482 4014 τῶν
2510 3961 2829 4031 χρημάτων.
2850 3959 3083 4029 Σρατιὰν
3126 3960 3233 4029 γὰρ
3262 3958 3327 4011 ἂν
3374 3958 3677 4029 παρασχεῖν

433 4049 832 4120 adipiscantur,
870 4051 1016 4122 quod
1051 4061 1159 4107 tam
1192 4053 1439 4124 diligenti
1471 4070 1640 4123 opera
1673 4065 2005 4110 conarentur

434 4142 705 4209 invenire,
752 4146 864 4214 jam
913 4146 1196 4201 inventum
1230 4147 1457 4202 habere.
1491 4147 1691 4203 Contra
1724 4150 1910 4216 legati,
1946 4163 2004 4201 se

390 4234 702 4305 “pecunias,
735 4251 844 4291 non
900 4238 1176 4293 exercitus
1224 4253 1390 4293 causa
1439 4240 1668 4307 missos;
1724 4240 2003 4307 regionem

436 4328 678 4395 ipsorum
720 4329 928 4384 multos
962 4329 1110 4385 alere
1143 4338 1507 4402 strenuosque
1551 4332 1770 4396 milites,
1804 4331 2006 4400 quibus

435 4420 517 4476 uti
568 4435 758 4475 eorum
805 4424 920 4492 regi
966 4422 1151 4488 liceat,
1201 4425 1247 4478 si
1290 4433 1544 4493 sumptus
1573 4434 1780 4479 tantum
1812 4427 1866 4479 in
1900 4428 2003 4481 sti-

435 4513 633 4581 pendia
661 4528 769 4567 non
798 4513 963 4569 desit.
993 4513 1149 4569 Hunc
1187 4513 1242 4568 in
1277 4515 1501 4569 modum
1531 4517 1735 4585 legatos
1763 4520 2005 4589 impera.

435 4614 524 4658 tor
542 4604 754 4669 dextre,
781 4613 840 4660 et
855 4604 1016 4659 donis
1037 4620 1201 4674 quam
1226 4607 1406 4675 potuit
1426 4608 1727 4678 magniﬁcis
1751 4611 2006 4667 bumani~

437 4702 520 4746 ter
568 4691 799 4747 donatos
827 4693 895 4747 ab
925 4709 983 4748 se
1012 4692 1255 4760 dimisit;
1292 4695 1594 4767 auditoque
1627 4700 1753 4768 quid
1779 4716 2006 4771 respon~

435 4784 609 4839 disset
654 4785 725 4838 iis
773 4800 1002 4854 magnus
1045 4785 1403 4850 domesticus,
1435 4789 1646 4858 opinari
1675 4807 1732 4846 se
1768 4792 2005 4850 allirma-

437 4879 540 4941 vit,
566 4887 691 4947 apte
734 4885 791 4933 et
836 4878 1228 4934 convenienter
1248 4880 1459 4937 Latinis
1483 4885 1851 4952 respondisse,
1879 4903 2003 4942 cum

439 4981 697 5042 tanquam
757 4971 951 5026 amicis
1009 4971 1312 5027 subsidium
1390 4975 1606 5045 aliquod
1672 4978 2004 5043 promissum

435 5072 618 5122 esset.
660 5062 754 5132 qui
794 5064 841 5117 si
880 5061 1185 5118 voluissent
1215 5065 1483 5133 promissa
1514 5067 1752 5136 exigere,
1782 5083 1891 5123 non
1924 5070 2005 5122 vi-

435 5154 568 5209 dere
595 5169 655 5209 se
697 5154 827 5224 quid
878 5154 1194 5222 responderi
1224 5156 1509 5224 potuisset.
1543 5158 1607 5213 Ει
1630 5176 1858 5231 magnus
1902 5161 2005 5216 do-

435 5247 734 5310 mesticus,
784 5244 888 5301 sibi
925 5261 1145 5315 quoque
1189 5247 1335 5302 inter
1376 5252 1819 5319 respondendum
1859 5269 2008 5309 eam-

434 5339 558 5396 dem
602 5339 1005 5399 dubitationem
1052 5349 1320 5397 exortam.
1383 5342 1453 5398 At
1484 5345 1630 5399 enim
1658 5346 1803 5415 quod
1839 5362 2010 5416 pecu-

438 5431 586 5486 niam
637 5433 879 5488 detlcere
919 5430 1157 5497 dixerit,
1206 5432 1401 5503 pudori
1449 5435 1674 5490 minime
1719 5436 2005 5503 futurum,

437 5520 658 5590 quando
704 5534 764 5577 et
806 5521 910 5591 ipsi
948 5537 1011 5576 ea
1062 5518 1305 5586 careant,
1333 5533 1496 5591 atque
1526 5522 1750 5577 aliunde
1783 5533 2003 5593 petant.

436 5613 639 5689 Copias
685 5626 870 5670 autem
929 5614 1117 5670 datum
1168 5614 1235 5669 iri
1285 5614 1614 5684 pollicitum,
1654 5617 2007 5684 quantumvis

2109 4055 2312 4124 πολλήν
2345 4071 2404 4106 τε
2429 4054 2522 4106 καὶ
2546 4049 2777 4119 ἀγαθὴν,
2806 4051 3276 4121 συμμαχήσουσαν
3305 4050 3402 4102 ἐπὶ
3423 4052 3551 4111 τοὺς
3578 4065 3675 4101 πο-

2106 4147 2358 4216 λεμίους’
2392 4143 2599 4197 οἴεσθαι
2621 4143 2679 4196 δὲ
2710 4142 2846 4213 μηδὲ
2877 4142 3078 4206 αὐτοὺς
3108 4142 3301 4213 ἑτέρου
3351 4160 3443 4194 του
3487 4141 3673 4203 ἕνεκα,

2106 4240 2284 4312 ἢητῆς
2341 4238 2622 4307 στρατιᾶς,
2665 4234 2874 4288 δεῖσθαι
2922 4233 3031 4287 τῶν
3079 4233 3413 4305 χρημάτων’
3474 4234 3566 4285 καὶ
3622 4235 3678 4309 ξι

2108 4330 2299 4383 τούτου
2335 4329 2568 4398 τύχοιεν,
2597 4329 2658 4380 τὸ
2713 4326 3149 4394 σπουδαζόμενον
3192 4327 3376 4387 αὐτοῖς
3422 4323 3708 4394 ὴνύσθαι.·

2108 4422 2171 4474 Οἱ
2222 4419 2480 4491 πρέσϐεις
2527 4419 2584 4471 δὲ
2634 4419 2937 4488 χρημάτων
2977 4417 3139 4470 ἕνεκα
3184 4417 3344 4487 ἥκειν
3373 4415 3579 4485 ἔλεγον,
3613 4414 3677 4467 οὐ

2110 4506 2393 4582 στρατιᾶς.
2446 4511 2555 4581 Τὴν
2602 4512 2714 4582 γὰρ
2745 4510 2924 4565 αὐτῶν
2956 4508 3184 4572 πολλούς
3213 4525 3273 4561 τε
3317 4509 3411 4560 καὶ
3439 4506 3678 4575 ἀγαθοὺς

2107 4605 2330 4674 τρέφειν
2376 4597 2459 4666 οἷς
2504 4603 2684 4667 ἔξεστι
2742 4601 2978 4673 χρῆσθαι
3040 4600 3119 4672 τῷ
3171 4601 3419 4671 σφετέρῳ
3470 4599 3681 4671 βασιλεῖ

2110 4696 2483 4766 ἀναλωμάτων
2535 4693 2875 4764 εὐποροῦντι.
2927 4692 3070 4756 Τοὺς
3127 4693 3227 4762 μὲν
3284 4690 3379 4744 οῦν
3419 4689 3679 4760 πρέσϐεις

2107 4787 2277 4851 οὕτως
2306 4784 2521 4855 εὐφυῶς
2550 4786 2579 4838 ὁ
2598 4783 2852 4855 βασιλεὺς
2878 4783 3265 4853 ἀπεπέμψατο,
3303 4782 3495 4853 δώροις
3530 4783 3679 4851 φιλο-

2111 4879 2523 4951 φρονησάμενος
2571 4878 2651 4940 είς
2681 4878 2806 4929 ὅσον
2854 4875 2986 4944 ἐξῆν
3045 4875 3526 4945 μεγαλωπρεπῶς.
3565 4873 3677 4942 Τὴν

2110 4972 2167 5023 δὲ
2197 4971 2334 5043 πρὸς
2365 4971 2491 5033 τούς
2524 4968 2787 5039 πρέσϐεις
2814 4966 2905 5019 τοῦ
2937 4967 3178 5036 μεγάλου
3208 4967 3535 5036 δομεστίκου
3572 4983 3678 5019 πυ·-

2112 5063 2338 5131 θόμενος
2385 5059 2707 5127 ἀπολογίαν,
2744 5057 2839 5112 νῦν
2879 5057 2981 5127 μὲν
3012 5057 3165 5125 ἔλεγε
3220 5058 3357 5127 πρὸς
3388 5058 3549 5110 αὐτὸν
3577 5057 3679 5124 άρο

2113 5151 2383 5223 μύζουσιν
2415 5148 2705 5219 φαίνεσθαι
2730 5145 2828 5216 τὴν
2852 5147 2989 5217 πρὸς
3012 5147 3137 5210 τοὺς
3169 5147 3436 5209 Λατίνους
3482 5145 3679 5199 ἀπολο-

2112 5247 2235 5313 γίαν
2271 5242 2600 5313 πεποιῆσθαι
2622 5241 2885 5296 δοκοῦσαν
2914 5241 3090 5309 φίλοις
3112 5241 3297 5303 αὐτοῖς
3322 5239 3477 5293 οὖσιν
3502 5241 3680 5306 ἑπαγ-

2118 5338 2404 5407 γέλλεσθαί
2441 5354 2565 5390 τινα
2601 5334 2876 5405 ὠφέλειαν
2929 5333 3208 5405 παρέξειν.
3255 5332 3383 5387 Ἐὰν
3410 5332 3467 5386 δὲ
3498 5332 3680 5395 αὐτοῖς

2116 5432 2293 5484 ἐδόκει
2339 5430 2435 5500 τὴν
2470 5427 2890 5499 ἐπηγγελμένην
2922 5425 3182 5495 στρατιάν
3222 5424 3428 5493 ζητεῖν,
3457 5424 3683 5492 ἀπορεῖν

2113 5516 2181 5593 ἧς
2213 5521 2278 5576 ἂν
2309 5521 2614 5589 εὐπόρησεν
2636 5516 2952 5585 ἀπολογίας.
2990 5516 3055 5568 Ὀ
3081 5515 3253 5585 μέγας
3275 5515 3332 5567 δὲ
3360 5514 3682 5582 δομέστικος

2114 5615 2210 5667 καὶ
2256 5611 2416 5674 αὐτὸς
2464 5611 2565 5681 μὲν
2621 5604 2775 5664 εἶπεν
2809 5610 2905 5664 ἐπὶ
2952 5608 3078 5662 νοῦν
3131 5607 3338 5679 ταύτην
3389 5608 3683 5679 ἐσχηκέναι

1685 5731 1901 5792 Jacobi
1927 5728 2196 5794 Pontani
2227 5737 2416 5791 notae.

533 5831 1210 5903 {9)7Grateeeirsu6llv0tc,
1259 5833 1351 5901 qui
1385 5833 1461 5887 nil
1490 5831 1638 5903 aliud
1663 5840 1794 5886 sunt
1831 5848 1996 5903 quam
2052 5838 2066 5855 '

438 5900 655 5963 Goblini
690 5902 807 5958 sive
836 5902 1098 5962 Gibclini.
1135 5900 1405 5959 Caeterum
1438 5902 1621 5959 senior
1638 5900 1988 5961 Andronicus

2101 5833 2352 5890 subsidia
2394 5827 2665 5886 Gibelinis
2712 5828 2859 5883 misit
2906 5836 3099 5884 contra
3146 5826 3480 5896 pontiﬂclos,
3521 5834 3580 5882 ut
3606 5838 3679 5882 ex

2094 5904 2302 5961 Joanne
2333 5901 2527 5960 Villani
2555 5899 2867 5955 Florentino
2893 5897 2991 5954 lib.
3025 5914 3077 5961 Ix
3118 5907 3284 5968 patet.
