  <div class='ocr_page' id='page_1' title='image "/cluster/home/n/w/nwhite01/storage/ocr_20150623/153/mdp.39015078384727/236.png"; bbox 0 0 4156 6300; ppageno 0'>
   <div class='ocr_carea' id='block_1_1' title="bbox 460 478 639 571">
    <p class='ocr_par' dir='ltr' id='par_1_1' title="bbox 460 478 639 571">
     <span class='ocr_line' id='line_1_1' title="bbox 460 478 639 571; baseline 0.006 -2"><span class='ocrx_word' id='word_1_1' title='bbox 460 507 570 571; x_wconf 70' lang='lat'><strong>431</strong></span> <span class='ocrx_word' id='word_1_2' title='bbox 628 478 639 483; x_wconf 64' lang='grc'><em>’</em></span> 
     </span>
    </p>
   </div>
   <div class='ocr_carea' id='block_1_2' title="bbox 1622 474 2552 593">
    <p class='ocr_par' dir='ltr' id='par_1_2' title="bbox 1622 474 2552 593">
     <span class='ocr_line' id='line_1_2' title="bbox 1622 474 2552 593; baseline 0.005 -17"><span class='ocrx_word' id='word_1_3' title='bbox 1622 516 2161 593; x_wconf 73' lang='lat' dir='ltr'><strong>HISTORIARUM</strong></span> <span class='ocrx_word' id='word_1_4' title='bbox 2202 474 2433 579; x_wconf 71' lang='lat' dir='ltr'><strong>LlBElt</strong></span> <span class='ocrx_word' id='word_1_5' title='bbox 2473 522 2552 582; x_wconf 76' lang='grc' dir='ltr'><strong>[Ι.</strong></span> 
     </span>
    </p>
   </div>
   <div class='ocr_carea' id='block_1_3' title="bbox 3598 520 3709 581">
    <p class='ocr_par' dir='ltr' id='par_1_3' title="bbox 3598 520 3709 581">
     <span class='ocr_line' id='line_1_3' title="bbox 3598 520 3709 581; baseline -0.018 0"><span class='ocrx_word' id='word_1_6' title='bbox 3598 520 3709 581; x_wconf 66' lang='grc' dir='ltr'><strong>4ἰ8</strong></span> 
     </span>
    </p>
   </div>
   <div class='ocr_carea' id='block_1_4' title="bbox 450 620 2030 711">
    <p class='ocr_par' dir='ltr' id='par_1_4' title="bbox 450 620 2019 711">
     <span class='ocr_line' id='line_1_4' title="bbox 450 620 2019 711; baseline 0.002 -36"><span class='ocrx_word' id='word_1_7' title='bbox 450 621 709 711; x_wconf 77' lang='grc' dir='ltr'>ἀπορίαν,</span> <span class='ocrx_word' id='word_1_8' title='bbox 723 620 860 693; x_wconf 70' lang='grc' dir='ltr'>πρὸς</span> <span class='ocrx_word' id='word_1_9' title='bbox 879 622 1120 688; x_wconf 81' lang='grc' dir='ltr'>ἐκείνους</span> <span class='ocrx_word' id='word_1_10' title='bbox 1146 625 1462 696; x_wconf 82' lang='grc' dir='ltr'>ποιούμενος</span> <span class='ocrx_word' id='word_1_11' title='bbox 1486 628 1613 689; x_wconf 81' lang='grc' dir='ltr'>τοὺς</span> <span class='ocrx_word' id='word_1_12' title='bbox 1624 625 1838 695; x_wconf 82' lang='grc' dir='ltr'>λόγους.</span> <span class='ocrx_word' id='word_1_13' title='bbox 1873 626 2019 697; x_wconf 76' lang='grc' dir='ltr'><strong>Πλὴν</strong></span> 
     </span>
    </p>
   </div>
   <div class='ocr_carea' id='block_1_5' title="bbox 2134 620 3702 711">
    <p class='ocr_par' dir='ltr' id='par_1_5' title="bbox 2134 630 3702 711">
     <span class='ocr_line' id='line_1_5' title="bbox 2134 630 3702 711; baseline -0.001 -26"><span class='ocrx_word' id='word_1_14' title='bbox 2134 632 2364 701; x_wconf 83' lang='lat' dir='ltr'><strong>perbene</strong></span> <span class='ocrx_word' id='word_1_15' title='bbox 2402 637 2600 699; x_wconf 77' lang='lat' dir='ltr'><strong>sciret,</strong></span> <span class='ocrx_word' id='word_1_16' title='bbox 2650 633 2706 690; x_wconf 90' lang='lat' dir='ltr'><strong>id</strong></span> <span class='ocrx_word' id='word_1_17' title='bbox 2747 633 2895 711; x_wconf 75' lang='lat' dir='ltr'><strong>quod</strong></span> <span class='ocrx_word' id='word_1_18' title='bbox 2942 644 3096 699; x_wconf 88' lang='lat' dir='ltr'><strong>erat,</strong></span> <span class='ocrx_word' id='word_1_19' title='bbox 3144 648 3251 689; x_wconf 83' lang='lat' dir='ltr'><strong>non</strong></span> <span class='ocrx_word' id='word_1_20' title='bbox 3298 632 3527 687; x_wconf 92' lang='lat' dir='ltr'><strong>militem</strong></span> <span class='ocrx_word' id='word_1_21' title='bbox 3581 630 3702 686; x_wconf 60' lang='lat' dir='ltr'><strong>illos</strong></span> 
     </span>
    </p>
   </div>
   <div class='ocr_carea' id='block_1_6' title="bbox 449 710 2019 787">
    <p class='ocr_par' dir='ltr' id='par_1_6' title="bbox 449 710 2019 787">
     <span class='ocr_line' id='line_1_6' title="bbox 449 710 2019 787; baseline 0.003 -22"><span class='ocrx_word' id='word_1_22' title='bbox 449 712 514 765; x_wconf 75' lang='grc' dir='ltr'>τὺ</span> <span class='ocrx_word' id='word_1_23' title='bbox 558 710 660 782; x_wconf 81' lang='grc' dir='ltr'><strong>μέν</strong></span> <span class='ocrx_word' id='word_1_24' title='bbox 689 715 915 782; x_wconf 74' lang='grc' dir='ltr'>ἀπορεῖν</span> <span class='ocrx_word' id='word_1_25' title='bbox 944 717 1243 787; x_wconf 84' lang='grc' dir='ltr'>χρημάτων</span> <span class='ocrx_word' id='word_1_26' title='bbox 1292 719 1490 782; x_wconf 86' lang='grc' dir='ltr'>είπεῖν,</span> <span class='ocrx_word' id='word_1_27' title='bbox 1529 718 1786 786; x_wconf 77' lang='grc' dir='ltr'><strong>οὐδεμίαν</strong></span> <span class='ocrx_word' id='word_1_28' title='bbox 1831 718 2019 779; x_wconf 82' lang='grc' dir='ltr'>αὐτοῖς</span> 
     </span>
    </p>
   </div>
   <div class='ocr_carea' id='block_1_7' title="bbox 344 802 2017 884">
    <p class='ocr_par' dir='ltr' id='par_1_7' title="bbox 344 802 2017 884">
     <span class='ocr_line' id='line_1_7' title="bbox 344 802 2017 884; baseline 0.002 -28"><span class='ocrx_word' id='word_1_29' title='bbox 344 880 350 884; x_wconf 30' lang='grc'>.</span> <span class='ocrx_word' id='word_1_30' title='bbox 454 802 525 857; x_wconf 75' lang='grc' dir='ltr'><strong>ἂν</strong></span> <span class='ocrx_word' id='word_1_31' title='bbox 553 803 744 873; x_wconf 82' lang='grc' dir='ltr'>φέρειν</span> <span class='ocrx_word' id='word_1_32' title='bbox 774 805 1059 877; x_wconf 81' lang='grc' dir='ltr'>αίσχὺνην,</span> <span class='ocrx_word' id='word_1_33' title='bbox 1088 806 1184 862; x_wconf 74' lang='grc' dir='ltr'>ᾶτε</span> <span class='ocrx_word' id='word_1_34' title='bbox 1210 808 1274 879; x_wconf 78' lang='grc' dir='ltr'>δὴ</span> <span class='ocrx_word' id='word_1_35' title='bbox 1300 809 1393 863; x_wconf 71' lang='grc' dir='ltr'><strong>καὶ</strong></span> <span class='ocrx_word' id='word_1_36' title='bbox 1421 807 1600 862; x_wconf 83' lang='grc' dir='ltr'>αὐτῶν</span> <span class='ocrx_word' id='word_1_37' title='bbox 1638 807 2017 877; x_wconf 85' lang='grc' dir='ltr'><strong>ἀπορούντων,</strong></span> 
     </span>
    </p>
   </div>
   <div class='ocr_carea' id='block_1_8' title="bbox 453 887 2030 968">
    <p class='ocr_par' dir='ltr' id='par_1_8' title="bbox 453 887 2030 968">
     <span class='ocr_line' id='line_1_8' title="bbox 453 887 2030 968; baseline 0.003 -22"><span class='ocrx_word' id='word_1_38' title='bbox 453 894 553 947; x_wconf 72' lang='grc' dir='ltr'>καὶ</span> <span class='ocrx_word' id='word_1_39' title='bbox 597 887 881 965; x_wconf 69' lang='grc' dir='ltr'>δεομένων</span> <span class='ocrx_word' id='word_1_40' title='bbox 921 896 1055 968; x_wconf 83' lang='grc' dir='ltr'>παρ’</span> <span class='ocrx_word' id='word_1_41' title='bbox 1088 897 1269 952; x_wconf 81' lang='grc' dir='ltr'>αὐτῶν</span> <span class='ocrx_word' id='word_1_42' title='bbox 1296 914 1311 929; x_wconf 82' lang='lat'>&#39;</span> <span class='ocrx_word' id='word_1_43' title='bbox 1367 898 1626 967; x_wconf 74' lang='grc' dir='ltr'>στρατιὰν</span> <span class='ocrx_word' id='word_1_44' title='bbox 1675 896 1733 950; x_wconf 82' lang='grc' dir='ltr'>δὲ</span> <span class='ocrx_word' id='word_1_45' title='bbox 1794 897 2030 968; x_wconf 82' lang='grc' dir='ltr'>παρέχε-</span> 
     </span>
    </p>
   </div>
   <div class='ocr_carea' id='block_1_9' title="bbox 454 983 2028 1061">
    <p class='ocr_par' dir='ltr' id='par_1_9' title="bbox 454 983 2028 1061">
     <span class='ocr_line' id='line_1_9' title="bbox 454 983 2028 1061; baseline 0.001 -22"><span class='ocrx_word' id='word_1_46' title='bbox 454 984 579 1040; x_wconf 90' lang='grc' dir='ltr'>σθαι</span> <span class='ocrx_word' id='word_1_47' title='bbox 620 987 979 1057; x_wconf 77' lang='grc' dir='ltr'>ἐπηγγέλθαι,</span> <span class='ocrx_word' id='word_1_48' title='bbox 1014 989 1247 1058; x_wconf 84' lang='grc' dir='ltr'>μάλιστα</span> <span class='ocrx_word' id='word_1_49' title='bbox 1282 989 1380 1060; x_wconf 79' lang='grc' dir='ltr'><strong>μὲν</strong></span> <span class='ocrx_word' id='word_1_50' title='bbox 1422 991 1562 1059; x_wconf 84' lang='grc' dir='ltr'>ὅπερ</span> <span class='ocrx_word' id='word_1_51' title='bbox 1590 983 1659 1061; x_wconf 79' lang='grc' dir='ltr'><strong>ἦν</strong></span> <span class='ocrx_word' id='word_1_52' title='bbox 1718 988 1811 1042; x_wconf 71' lang='grc' dir='ltr'><strong>καὶ</strong></span> <span class='ocrx_word' id='word_1_53' title='bbox 1864 986 2028 1041; x_wconf 81' lang='grc' dir='ltr'>αὑτὸν</span> 
     </span>
    </p>
   </div>
   <div class='ocr_carea' id='block_1_10' title="bbox 450 1077 2029 1151">
    <p class='ocr_par' dir='ltr' id='par_1_10' title="bbox 450 1077 2029 1151">
     <span class='ocr_line' id='line_1_10' title="bbox 450 1077 2029 1151; baseline 0.002 -24"><span class='ocrx_word' id='word_1_54' title='bbox 450 1077 702 1145; x_wconf 78' lang='grc' dir='ltr'>οἰόμενον</span> <span class='ocrx_word' id='word_1_55' title='bbox 727 1080 789 1132; x_wconf 83' lang='grc' dir='ltr'>οὐ</span> <span class='ocrx_word' id='word_1_56' title='bbox 815 1080 1075 1150; x_wconf 78' lang='grc' dir='ltr'>στρατιᾶς</span> <span class='ocrx_word' id='word_1_57' title='bbox 1103 1080 1273 1151; x_wconf 80' lang='grc' dir='ltr'>ἐρεῖν,</span> <span class='ocrx_word' id='word_1_58' title='bbox 1304 1079 1440 1134; x_wconf 83' lang='grc' dir='ltr'>ἀλλὰ</span> <span class='ocrx_word' id='word_1_59' title='bbox 1468 1097 1575 1151; x_wconf 87' lang='grc' dir='ltr'>χρη</span> <span class='ocrx_word' id='word_1_60' title='bbox 1586 1079 1770 1151; x_wconf 88' lang='grc' dir='ltr'>μάτων</span> <span class='ocrx_word' id='word_1_61' title='bbox 1799 1078 2029 1131; x_wconf 86' lang='grc' dir='ltr'>δεῖσθαι.</span> 
     </span>
    </p>
   </div>
   <div class='ocr_carea' id='block_1_11' title="bbox 450 1168 2031 1243">
    <p class='ocr_par' dir='ltr' id='par_1_11' title="bbox 450 1168 2031 1243">
     <span class='ocr_line' id='line_1_11' title="bbox 450 1168 2031 1243; baseline 0.001 -23"><span class='ocrx_word' id='word_1_62' title='bbox 450 1168 515 1220; x_wconf 73' lang='lat' dir='ltr'><strong>El.</strong></span> <span class='ocrx_word' id='word_1_63' title='bbox 551 1168 598 1222; x_wconf 80' lang='grc' dir='ltr'>δ’</span> <span class='ocrx_word' id='word_1_64' title='bbox 628 1169 737 1239; x_wconf 77' lang='grc' dir='ltr'>ἄρα</span> <span class='ocrx_word' id='word_1_65' title='bbox 777 1171 869 1223; x_wconf 77' lang='grc' dir='ltr'>καὶ</span> <span class='ocrx_word' id='word_1_66' title='bbox 906 1171 1044 1240; x_wconf 80' lang='grc' dir='ltr'>πρὸς</span> <span class='ocrx_word' id='word_1_67' title='bbox 1094 1172 1165 1224; x_wconf 81' lang='grc' dir='ltr'>τὰ</span> <span class='ocrx_word' id='word_1_68' title='bbox 1210 1171 1444 1243; x_wconf 88' lang='grc' dir='ltr'>δεύτερα</span> <span class='ocrx_word' id='word_1_69' title='bbox 1486 1172 1739 1241; x_wconf 85' lang='grc' dir='ltr'>χωροῖεν,</span> <span class='ocrx_word' id='word_1_70' title='bbox 1785 1168 1879 1222; x_wconf 80' lang='grc' dir='ltr'><strong>νῦν</strong></span> <span class='ocrx_word' id='word_1_71' title='bbox 1934 1169 2031 1239; x_wconf 79' lang='grc' dir='ltr'><strong>μὲν</strong></span> 
     </span>
    </p>
   </div>
   <div class='ocr_carea' id='block_1_12' title="bbox 449 1258 2030 1331">
    <p class='ocr_par' dir='ltr' id='par_1_12' title="bbox 449 1258 2030 1331">
     <span class='ocr_line' id='line_1_12' title="bbox 449 1258 2030 1331; baseline 0.001 -21"><span class='ocrx_word' id='word_1_72' title='bbox 449 1258 631 1311; x_wconf 74' lang='grc' dir='ltr'>εἰπεῖν</span> <span class='ocrx_word' id='word_1_73' title='bbox 666 1260 727 1312; x_wconf 84' lang='grc' dir='ltr'>οὐ</span> <span class='ocrx_word' id='word_1_74' title='bbox 758 1260 941 1331; x_wconf 77' lang='grc' dir='ltr'>ῥᾴδιον</span> <span class='ocrx_word' id='word_1_75' title='bbox 989 1263 1319 1331; x_wconf 83' lang='grc' dir='ltr'>παρασχεῖν,</span> <span class='ocrx_word' id='word_1_76' title='bbox 1366 1260 1560 1331; x_wconf 82' lang='grc' dir='ltr'>καιροῦ</span> <span class='ocrx_word' id='word_1_77' title='bbox 1588 1260 1851 1330; x_wconf 81' lang='grc' dir='ltr'><strong>δεομένην</strong></span> <span class='ocrx_word' id='word_1_78' title='bbox 1893 1260 2030 1330; x_wconf 81' lang='grc' dir='ltr'>πρὸς</span> 
     </span>
    </p>
   </div>
   <div class='ocr_carea' id='block_1_13' title="bbox 450 1351 2033 1421">
    <p class='ocr_par' dir='ltr' id='par_1_13' title="bbox 450 1351 2033 1421">
     <span class='ocr_line' id='line_1_13' title="bbox 450 1351 2033 1421; baseline 0.001 -17"><span class='ocrx_word' id='word_1_79' title='bbox 450 1351 837 1420; x_wconf 80' lang='grc' dir='ltr'>παρασκευὴν,</span> <span class='ocrx_word' id='word_1_80' title='bbox 862 1351 1037 1415; x_wconf 82' lang='grc' dir='ltr'>άλλως</span> <span class='ocrx_word' id='word_1_81' title='bbox 1069 1369 1130 1405; x_wconf 83' lang='grc' dir='ltr'><strong>τε</strong></span> <span class='ocrx_word' id='word_1_82' title='bbox 1158 1353 1539 1421; x_wconf 72' lang='grc' dir='ltr'>οὐδ’,άκριϐὦς</span> <span class='ocrx_word' id='word_1_83' title='bbox 1569 1353 1783 1416; x_wconf 84' lang='grc' dir='ltr'><strong>εἰδότας</strong></span> <span class='ocrx_word' id='word_1_84' title='bbox 1814 1354 1863 1406; x_wconf 85' lang='grc' dir='ltr'><strong>εί</strong></span> <span class='ocrx_word' id='word_1_85' title='bbox 1890 1351 2033 1406; x_wconf 76' lang='grc' dir='ltr'>κατὰ</span> 
     </span>
    </p>
   </div>
   <div class='ocr_carea' id='block_1_14' title="bbox 447 1438 2033 1515">
    <p class='ocr_par' dir='ltr' id='par_1_14' title="bbox 447 1438 2033 1515">
     <span class='ocr_line' id='line_1_14' title="bbox 447 1438 2033 1515; baseline 0.001 -21"><span class='ocrx_word' id='word_1_86' title='bbox 447 1441 679 1512; x_wconf 79' lang='grc' dir='ltr'><strong>γνώμην</strong></span> <span class='ocrx_word' id='word_1_87' title='bbox 728 1442 815 1510; x_wconf 69' lang='grc' dir='ltr'>εἴη</span> <span class='ocrx_word' id='word_1_88' title='bbox 854 1442 929 1512; x_wconf 80' lang='grc' dir='ltr'>τῷ</span> <span class='ocrx_word' id='word_1_89' title='bbox 959 1438 1208 1514; x_wconf 79' lang='grc' dir='ltr'>σφετέρῳ</span> <span class='ocrx_word' id='word_1_90' title='bbox 1254 1444 1483 1515; x_wconf 83' lang='grc' dir='ltr'>βασιλεῖ.</span> <span class='ocrx_word' id='word_1_91' title='bbox 1525 1443 1586 1497; x_wconf 84' lang='lat' dir='ltr'><strong>El</strong></span> <span class='ocrx_word' id='word_1_92' title='bbox 1624 1443 1670 1497; x_wconf 89' lang='grc' dir='ltr'>δ’</span> <span class='ocrx_word' id='word_1_93' title='bbox 1710 1442 2033 1504; x_wconf 80' lang='grc' dir='ltr'><strong>ἀπελθόντες</strong></span> 
     </span>
    </p>
   </div>
   <div class='ocr_carea' id='block_1_15' title="bbox 449 1532 2032 1606">
    <p class='ocr_par' dir='ltr' id='par_1_15' title="bbox 449 1532 2032 1606">
     <span class='ocr_line' id='line_1_15' title="bbox 449 1532 2032 1606; baseline 0.001 -21"><span class='ocrx_word' id='word_1_94' title='bbox 449 1535 592 1605; x_wconf 76' lang='grc' dir='ltr'>πρὸς</span> <span class='ocrx_word' id='word_1_95' title='bbox 612 1532 713 1605; x_wconf 83' lang='grc' dir='ltr'><strong>τὴν</strong></span> <span class='ocrx_word' id='word_1_96' title='bbox 741 1533 969 1598; x_wconf 85' lang='grc' dir='ltr'>οίκείαν,</span> <span class='ocrx_word' id='word_1_97' title='bbox 982 1535 1358 1603; x_wconf 84' lang='grc' dir='ltr'>ἀπαγγείλωσι</span> <span class='ocrx_word' id='word_1_98' title='bbox 1379 1551 1445 1588; x_wconf 87' lang='grc' dir='ltr'><strong>πε</strong></span> <span class='ocrx_word' id='word_1_99' title='bbox 1456 1536 1509 1606; x_wconf 77' lang='lat' dir='ltr'><strong>pi.</strong></span> <span class='ocrx_word' id='word_1_100' title='bbox 1537 1536 1635 1604; x_wconf 80' lang='grc' dir='ltr'>τῆς</span> <span class='ocrx_word' id='word_1_101' title='bbox 1657 1536 1912 1603; x_wconf 72' lang='grc' dir='ltr'>στρατιᾶς</span> <span class='ocrx_word' id='word_1_102' title='bbox 1937 1535 2032 1587; x_wconf 79' lang='grc' dir='ltr'><strong>καὶ</strong></span> 
     </span>
    </p>
   </div>
   <div class='ocr_carea' id='block_1_16' title="bbox 448 1623 2023 1698">
    <p class='ocr_par' dir='ltr' id='par_1_16' title="bbox 448 1623 2023 1698">
     <span class='ocr_line' id='line_1_16' title="bbox 448 1623 2023 1698; baseline 0.002 -22"><span class='ocrx_word' id='word_1_103' title='bbox 448 1623 624 1677; x_wconf 82' lang='grc' dir='ltr'>δέοιτο</span> <span class='ocrx_word' id='word_1_104' title='bbox 657 1624 848 1695; x_wconf 80' lang='grc' dir='ltr'>αὐτῆς,</span> <span class='ocrx_word' id='word_1_105' title='bbox 894 1625 1003 1678; x_wconf 79' lang='grc' dir='ltr'>τότ’</span> <span class='ocrx_word' id='word_1_106' title='bbox 1026 1626 1125 1695; x_wconf 72' lang='grc' dir='ltr'>ἠδη</span> <span class='ocrx_word' id='word_1_107' title='bbox 1160 1626 1285 1691; x_wconf 76' lang='grc' dir='ltr'>τοὺς</span> <span class='ocrx_word' id='word_1_108' title='bbox 1321 1626 1808 1698; x_wconf 82' lang='grc' dir='ltr'><strong>παραληψομένους</strong></span> <span class='ocrx_word' id='word_1_109' title='bbox 1842 1626 2023 1696; x_wconf 80' lang='grc' dir='ltr'>ἥκειν.</span> 
     </span>
    </p>
   </div>
   <div class='ocr_carea' id='block_1_17' title="bbox 448 1713 2030 1787">
    <p class='ocr_par' dir='ltr' id='par_1_17' title="bbox 448 1713 2030 1787">
     <span class='ocr_line' id='line_1_17' title="bbox 448 1713 2030 1787; baseline 0.002 -22"><span class='ocrx_word' id='word_1_110' title='bbox 448 1713 683 1782; x_wconf 82' lang='grc' dir='ltr'>Χρονίου</span> <span class='ocrx_word' id='word_1_111' title='bbox 714 1715 823 1784; x_wconf 83' lang='grc' dir='ltr'><strong>γὰρ</strong></span> <span class='ocrx_word' id='word_1_112' title='bbox 870 1714 1038 1785; x_wconf 77' lang='grc' dir='ltr'>οὔσης</span> <span class='ocrx_word' id='word_1_113' title='bbox 1090 1717 1183 1770; x_wconf 77' lang='grc' dir='ltr'><strong>καὶ</strong></span> <span class='ocrx_word' id='word_1_114' title='bbox 1238 1716 1529 1787; x_wconf 75' lang='grc' dir='ltr'>ὑπερορίου</span> <span class='ocrx_word' id='word_1_115' title='bbox 1577 1717 1675 1786; x_wconf 81' lang='grc' dir='ltr'>τῆς</span> <span class='ocrx_word' id='word_1_116' title='bbox 1720 1715 2030 1787; x_wconf 80' lang='grc' dir='ltr'>στρατείας,</span> 
     </span>
    </p>
   </div>
   <div class='ocr_carea' id='block_1_18' title="bbox 450 1803 2030 1876">
    <p class='ocr_par' dir='ltr' id='par_1_18' title="bbox 450 1803 2030 1876">
     <span class='ocr_line' id='line_1_18' title="bbox 450 1803 2030 1876; baseline 0 -21"><span class='ocrx_word' id='word_1_117' title='bbox 450 1803 550 1855; x_wconf 62' lang='grc' dir='ltr'><strong>καὶ⁸</strong></span> <span class='ocrx_word' id='word_1_118' title='bbox 606 1804 801 1872; x_wconf 85' lang='grc' dir='ltr'>χρόνου</span> <span class='ocrx_word' id='word_1_119' title='bbox 841 1804 1050 1857; x_wconf 75' lang='grc' dir='ltr'>δεῖσθαι</span> <span class='ocrx_word' id='word_1_120' title='bbox 1094 1804 1287 1873; x_wconf 61' lang='grc' dir='ltr'>συχνοῦ</span> <span class='ocrx_word' id='word_1_121' title='bbox 1338 1807 1474 1876; x_wconf 79' lang='grc' dir='ltr'>πρὸς</span> <span class='ocrx_word' id='word_1_122' title='bbox 1516 1808 1616 1874; x_wconf 76' lang='grc' dir='ltr'><strong>τὴν</strong></span> <span class='ocrx_word' id='word_1_123' title='bbox 1655 1803 2030 1871; x_wconf 86' lang='grc' dir='ltr'>παρασκευήν.</span> 
     </span>
    </p>
   </div>
   <div class='ocr_carea' id='block_1_19' title="bbox 2134 721 3698 794">
    <p class='ocr_par' dir='ltr' id='par_1_19' title="bbox 2134 721 3698 794">
     <span class='ocr_line' id='line_1_19' title="bbox 2134 721 3698 794; baseline -0.002 -16"><span class='ocrx_word' id='word_1_124' title='bbox 2134 723 2485 790; x_wconf 88' lang='lat' dir='ltr'><strong>desiderare,</strong></span> <span class='ocrx_word' id='word_1_125' title='bbox 2539 724 2636 780; x_wconf 86' lang='lat' dir='ltr'><strong>sed</strong></span> <span class='ocrx_word' id='word_1_126' title='bbox 2682 725 2988 779; x_wconf 79' lang='lat' dir='ltr'><strong>nummaria</strong></span> <span class='ocrx_word' id='word_1_127' title='bbox 3050 732 3369 794; x_wconf 72' lang='lat' dir='ltr'><strong>paupertate</strong></span> <span class='ocrx_word' id='word_1_128' title='bbox 3426 721 3698 776; x_wconf 77' lang='lat' dir='ltr'><strong>laborare.</strong></span> 
     </span>
    </p>
   </div>
   <div class='ocr_carea' id='block_1_20' title="bbox 2132 814 3701 887">
    <p class='ocr_par' dir='ltr' id='par_1_20' title="bbox 2132 814 3701 887">
     <span class='ocr_line' id='line_1_20' title="bbox 2132 814 3701 887; baseline -0.004 -16"><span class='ocrx_word' id='word_1_129' title='bbox 2132 815 2187 871; x_wconf 89' lang='lat' dir='ltr'><strong>Si</strong></span> <span class='ocrx_word' id='word_1_130' title='bbox 2241 824 2421 872; x_wconf 88' lang='lat' dir='ltr'><strong>tamen</strong></span> <span class='ocrx_word' id='word_1_131' title='bbox 2478 816 2545 872; x_wconf 83' lang='lat' dir='ltr'><strong>ad</strong></span> <span class='ocrx_word' id='word_1_132' title='bbox 2593 818 2827 875; x_wconf 87' lang='lat' dir='ltr'><strong>alterum</strong></span> <span class='ocrx_word' id='word_1_133' title='bbox 2861 818 3024 872; x_wconf 84' lang='lat' dir='ltr'><strong>etiam</strong></span> <span class='ocrx_word' id='word_1_134' title='bbox 3061 814 3478 887; x_wconf 83' lang='lat' dir='ltr'><strong>processissent,</strong></span> <span class='ocrx_word' id='word_1_135' title='bbox 3519 814 3701 866; x_wconf 86' lang='lat' dir='ltr'><strong>dictu-</strong></span> 
     </span>
    </p>
   </div>
   <div class='ocr_carea' id='block_1_21' title="bbox 2132 904 3709 975">
    <p class='ocr_par' dir='ltr' id='par_1_21' title="bbox 2132 904 3709 975">
     <span class='ocr_line' id='line_1_21' title="bbox 2132 904 3709 975; baseline -0.003 -16"><span class='ocrx_word' id='word_1_136' title='bbox 2132 921 2256 961; x_wconf 87' lang='lat' dir='ltr'><strong>rum</strong></span> <span class='ocrx_word' id='word_1_137' title='bbox 2326 905 2534 972; x_wconf 83' lang='lat' dir='ltr'><strong>fuisse,</strong></span> <span class='ocrx_word' id='word_1_138' title='bbox 2609 922 2758 962; x_wconf 87' lang='lat' dir='ltr'><strong>nunc</strong></span> <span class='ocrx_word' id='word_1_139' title='bbox 2818 906 3109 962; x_wconf 75' lang='lat' dir='ltr'><strong>diﬂiculter</strong></span> <span class='ocrx_word' id='word_1_140' title='bbox 3157 905 3278 959; x_wconf 85' lang='lat' dir='ltr'><strong>dari</strong></span> <span class='ocrx_word' id='word_1_141' title='bbox 3340 920 3500 975; x_wconf 86' lang='lat' dir='ltr'><strong>posse</strong></span> <span class='ocrx_word' id='word_1_142' title='bbox 3555 904 3709 972; x_wconf 75' lang='lat' dir='ltr'><strong>quod</strong></span> 
     </span>
    </p>
   </div>
   <div class='ocr_carea' id='block_1_22' title="bbox 2131 994 3700 1069">
    <p class='ocr_par' dir='ltr' id='par_1_22' title="bbox 2131 994 3700 1069">
     <span class='ocr_line' id='line_1_22' title="bbox 2131 994 3700 1069; baseline -0.004 -16"><span class='ocrx_word' id='word_1_143' title='bbox 2131 1012 2284 1053; x_wconf 90' lang='lat' dir='ltr'><strong>mora</strong></span> <span class='ocrx_word' id='word_1_144' title='bbox 2341 1012 2405 1053; x_wconf 90' lang='lat' dir='ltr'><strong>ac</strong></span> <span class='ocrx_word' id='word_1_145' title='bbox 2470 1007 2715 1069; x_wconf 89' lang='lat' dir='ltr'><strong>tempore</strong></span> <span class='ocrx_word' id='word_1_146' title='bbox 2773 999 2841 1054; x_wconf 89' lang='lat' dir='ltr'><strong>ad</strong></span> <span class='ocrx_word' id='word_1_147' title='bbox 2907 998 3272 1069; x_wconf 78' lang='lat' dir='ltr'><strong>colligendum</strong></span> <span class='ocrx_word' id='word_1_148' title='bbox 3333 1011 3472 1065; x_wconf 84' lang='lat' dir='ltr'><strong>Opus</strong></span> <span class='ocrx_word' id='word_1_149' title='bbox 3537 994 3700 1048; x_wconf 85' lang='lat' dir='ltr'><strong>foret.</strong></span> 
     </span>
    </p>
   </div>
   <div class='ocr_carea' id='block_1_23' title="bbox 2129 1090 3700 1161">
    <p class='ocr_par' dir='ltr' id='par_1_23' title="bbox 2129 1090 3700 1161">
     <span class='ocr_line' id='line_1_23' title="bbox 2129 1090 3700 1161; baseline -0.003 -16"><span class='ocrx_word' id='word_1_150' title='bbox 2129 1090 2211 1145; x_wconf 84' lang='lat' dir='ltr'><strong>Ad</strong></span> <span class='ocrx_word' id='word_1_151' title='bbox 2277 1092 2391 1145; x_wconf 70' lang='lat' dir='ltr'><strong>haec</strong></span> <span class='ocrx_word' id='word_1_152' title='bbox 2441 1091 2683 1146; x_wconf 90' lang='lat' dir='ltr'><strong>nondum</strong></span> <span class='ocrx_word' id='word_1_153' title='bbox 2735 1091 2944 1161; x_wconf 88' lang='lat' dir='ltr'><strong>liquido</strong></span> <span class='ocrx_word' id='word_1_154' title='bbox 2992 1090 3162 1156; x_wconf 75' lang='lat' dir='ltr'><strong>sciri,</strong></span> <span class='ocrx_word' id='word_1_155' title='bbox 3215 1106 3284 1145; x_wconf 89' lang='lat' dir='ltr'><strong>an</strong></span> <span class='ocrx_word' id='word_1_156' title='bbox 3350 1090 3404 1143; x_wconf 94' lang='lat' dir='ltr'><strong>id</strong></span> <span class='ocrx_word' id='word_1_157' title='bbox 3453 1091 3700 1158; x_wconf 85' lang='lat' dir='ltr'><strong>ipsorum</strong></span> 
     </span>
    </p>
   </div>
   <div class='ocr_carea' id='block_1_24' title="bbox 2132 1181 3700 1251">
    <p class='ocr_par' dir='ltr' id='par_1_24' title="bbox 2132 1181 3700 1251">
     <span class='ocr_line' id='line_1_24' title="bbox 2132 1181 3700 1251; baseline -0.003 -17"><span class='ocrx_word' id='word_1_158' title='bbox 2132 1182 2246 1251; x_wconf 79' lang='lat' dir='ltr'><strong>regi</strong></span> <span class='ocrx_word' id='word_1_159' title='bbox 2289 1181 2611 1251; x_wconf 89' lang='lat' dir='ltr'><strong>placiturum</strong></span> <span class='ocrx_word' id='word_1_160' title='bbox 2656 1181 2747 1237; x_wconf 87' lang='lat' dir='ltr'><strong>sit.</strong></span> <span class='ocrx_word' id='word_1_161' title='bbox 2808 1182 3037 1237; x_wconf 80' lang='lat' dir='ltr'><strong>Reversi</strong></span> <span class='ocrx_word' id='word_1_162' title='bbox 3090 1182 3253 1250; x_wconf 82' lang='lat' dir='ltr'><strong>igitur</strong></span> <span class='ocrx_word' id='word_1_163' title='bbox 3299 1181 3551 1243; x_wconf 86' lang='lat' dir='ltr'><strong>domum,</strong></span> <span class='ocrx_word' id='word_1_164' title='bbox 3596 1194 3700 1251; x_wconf 86' lang='lat' dir='ltr'><strong>sn-</strong></span> 
     </span>
    </p>
   </div>
   <div class='ocr_carea' id='block_1_25' title="bbox 2134 1270 3701 1341">
    <p class='ocr_par' dir='ltr' id='par_1_25' title="bbox 2134 1270 3701 1341">
     <span class='ocr_line' id='line_1_25' title="bbox 2134 1270 3701 1341; baseline -0.004 -14"><span class='ocrx_word' id='word_1_165' title='bbox 2134 1287 2232 1341; x_wconf 89' lang='lat' dir='ltr'><strong>per</strong></span> <span class='ocrx_word' id='word_1_166' title='bbox 2279 1272 2527 1327; x_wconf 83' lang='lat' dir='ltr'><strong>exercitu</strong></span> <span class='ocrx_word' id='word_1_167' title='bbox 2572 1273 2864 1326; x_wconf 85' lang='lat' dir='ltr'><strong>certiorem</strong></span> <span class='ocrx_word' id='word_1_168' title='bbox 2912 1272 3181 1332; x_wconf 86' lang='lat' dir='ltr'><strong>facerent,</strong></span> <span class='ocrx_word' id='word_1_169' title='bbox 3230 1285 3286 1325; x_wconf 86' lang='lat' dir='ltr'><strong>et</strong></span> <span class='ocrx_word' id='word_1_170' title='bbox 3315 1271 3585 1339; x_wconf 85' lang='lat' dir='ltr'><strong>siquidem</strong></span> <span class='ocrx_word' id='word_1_171' title='bbox 3616 1270 3701 1323; x_wconf 61' lang='lat' dir='ltr'><strong>in.</strong></span> 
     </span>
    </p>
   </div>
   <div class='ocr_carea' id='block_1_26' title="bbox 2134 1362 3705 1434">
    <p class='ocr_par' dir='ltr' id='par_1_26' title="bbox 2134 1362 3705 1434">
     <span class='ocr_line' id='line_1_26' title="bbox 2134 1362 3705 1434; baseline -0.003 -17"><span class='ocrx_word' id='word_1_172' title='bbox 2134 1362 2360 1433; x_wconf 81' lang='lat' dir='ltr'><strong>digeret,</strong></span> <span class='ocrx_word' id='word_1_173' title='bbox 2410 1373 2524 1419; x_wconf 90' lang='lat' dir='ltr'><strong>tum</strong></span> <span class='ocrx_word' id='word_1_174' title='bbox 2564 1365 2819 1419; x_wconf 85' lang='lat' dir='ltr'><strong>venirent</strong></span> <span class='ocrx_word' id='word_1_175' title='bbox 2846 1364 2940 1434; x_wconf 88' lang='lat' dir='ltr'><strong>qui</strong></span> <span class='ocrx_word' id='word_1_176' title='bbox 2971 1380 3096 1420; x_wconf 88' lang='lat' dir='ltr'><strong>eum</strong></span> <span class='ocrx_word' id='word_1_177' title='bbox 3142 1363 3498 1428; x_wconf 85' lang='lat' dir='ltr'><strong>abducerent,</strong></span> <span class='ocrx_word' id='word_1_178' title='bbox 3546 1362 3705 1429; x_wconf 87' lang='lat' dir='ltr'><strong>quip-</strong></span> 
     </span>
    </p>
   </div>
   <div class='ocr_carea' id='block_1_27' title="bbox 2133 1452 3702 1527">
    <p class='ocr_par' dir='ltr' id='par_1_27' title="bbox 2133 1452 3702 1527">
     <span class='ocr_line' id='line_1_27' title="bbox 2133 1452 3702 1527; baseline -0.001 -19"><span class='ocrx_word' id='word_1_179' title='bbox 2133 1470 2203 1523; x_wconf 88' lang='lat' dir='ltr'><strong>pe</strong></span> <span class='ocrx_word' id='word_1_180' title='bbox 2251 1470 2374 1509; x_wconf 91' lang='lat' dir='ltr'><strong>cum</strong></span> <span class='ocrx_word' id='word_1_181' title='bbox 2432 1457 2639 1511; x_wconf 90' lang='lat' dir='ltr'><strong>lentum</strong></span> <span class='ocrx_word' id='word_1_182' title='bbox 2695 1471 2757 1510; x_wconf 92' lang='lat' dir='ltr'><strong>ac</strong></span> <span class='ocrx_word' id='word_1_183' title='bbox 2801 1458 3020 1527; x_wconf 78' lang='lat' dir='ltr'><strong>longum</strong></span> <span class='ocrx_word' id='word_1_184' title='bbox 3070 1455 3347 1523; x_wconf 76' lang='lat' dir='ltr'><strong>negotium</strong></span> <span class='ocrx_word' id='word_1_185' title='bbox 3401 1455 3470 1507; x_wconf 89' lang='lat' dir='ltr'><strong>sit</strong></span> <span class='ocrx_word' id='word_1_186' title='bbox 3514 1452 3702 1521; x_wconf 88' lang='lat' dir='ltr'><strong>copias</strong></span> 
     </span>
    </p>
   </div>
   <div class='ocr_carea' id='block_1_28' title="bbox 2133 1543 3700 1616">
    <p class='ocr_par' dir='ltr' id='par_1_28' title="bbox 2133 1543 3700 1616">
     <span class='ocr_line' id='line_1_28' title="bbox 2133 1543 3700 1616; baseline -0.003 -16"><span class='ocrx_word' id='word_1_187' title='bbox 2133 1547 2481 1616; x_wconf 79' lang='lat' dir='ltr'><strong>peregrinas</strong></span> <span class='ocrx_word' id='word_1_188' title='bbox 2514 1554 2570 1601; x_wconf 89' lang='lat' dir='ltr'><strong>et</strong></span> <span class='ocrx_word' id='word_1_189' title='bbox 2621 1562 2653 1601; x_wconf 91' lang='lat' dir='ltr'><strong>e</strong></span> <span class='ocrx_word' id='word_1_190' title='bbox 2706 1546 2842 1601; x_wconf 88' lang='lat' dir='ltr'><strong>locis</strong></span> <span class='ocrx_word' id='word_1_191' title='bbox 2894 1545 3275 1602; x_wconf 74' lang='lat' dir='ltr'><strong>remotissimis</strong></span> <span class='ocrx_word' id='word_1_192' title='bbox 3351 1543 3700 1599; x_wconf 84' lang='lat' dir='ltr'><strong>contrahere.</strong></span> 
     </span>
    </p>
   </div>
   <div class='ocr_carea' id='block_1_29' title="bbox 2137 1632 3702 1701">
    <p class='ocr_par' dir='ltr' id='par_1_29' title="bbox 2137 1632 3702 1701">
     <span class='ocr_line' id='line_1_29' title="bbox 2137 1632 3702 1701; baseline 0.001 -17"><span class='ocrx_word' id='word_1_193' title='bbox 2137 1632 2201 1684; x_wconf 87' lang='lat' dir='ltr'><strong>Et</strong></span> <span class='ocrx_word' id='word_1_194' title='bbox 2257 1632 2371 1687; x_wconf 69' lang='lat' dir='ltr'><strong>haec</strong></span> <span class='ocrx_word' id='word_1_195' title='bbox 2414 1633 2636 1701; x_wconf 87' lang='lat' dir='ltr'><strong>quidem</strong></span> <span class='ocrx_word' id='word_1_196' title='bbox 2685 1632 2789 1688; x_wconf 89' lang='lat' dir='ltr'><strong>isto</strong></span> <span class='ocrx_word' id='word_1_197' title='bbox 2854 1633 3017 1688; x_wconf 88' lang='lat' dir='ltr'><strong>modo</strong></span> <span class='ocrx_word' id='word_1_198' title='bbox 3069 1642 3186 1695; x_wconf 87' lang='lat' dir='ltr'><strong>acta</strong></span> <span class='ocrx_word' id='word_1_199' title='bbox 3247 1641 3394 1686; x_wconf 87' lang='lat' dir='ltr'><strong>sunt.</strong></span> <span class='ocrx_word' id='word_1_200' title='bbox 3453 1632 3532 1686; x_wconf 81' lang='lat' dir='ltr'><strong>Ex</strong></span> <span class='ocrx_word' id='word_1_201' title='bbox 3591 1647 3702 1700; x_wconf 89' lang='lat' dir='ltr'><strong>quo</strong></span> 
     </span>
    </p>
   </div>
   <div class='ocr_carea' id='block_1_30' title="bbox 2134 1724 3699 1795">
    <p class='ocr_par' dir='ltr' id='par_1_30' title="bbox 2134 1724 3699 1795">
     <span class='ocr_line' id='line_1_30' title="bbox 2134 1724 3699 1795; baseline 0.003 -20"><span class='ocrx_word' id='word_1_202' title='bbox 2134 1731 2312 1776; x_wconf 88' lang='lat' dir='ltr'><strong>autem</strong></span> <span class='ocrx_word' id='word_1_203' title='bbox 2366 1739 2535 1793; x_wconf 80' lang='lat' dir='ltr'><strong>nepos</strong></span> <span class='ocrx_word' id='word_1_204' title='bbox 2579 1724 2646 1778; x_wconf 88' lang='lat' dir='ltr'><strong>ab</strong></span> <span class='ocrx_word' id='word_1_205' title='bbox 2683 1740 2783 1779; x_wconf 85' lang='lat' dir='ltr'><strong>avo</strong></span> <span class='ocrx_word' id='word_1_206' title='bbox 2811 1725 3083 1780; x_wconf 88' lang='lat' dir='ltr'><strong>dissidens</strong></span> <span class='ocrx_word' id='word_1_207' title='bbox 3105 1725 3498 1795; x_wconf 86' lang='lat' dir='ltr'><strong>Adrianopolin</strong></span> <span class='ocrx_word' id='word_1_208' title='bbox 3528 1726 3699 1790; x_wconf 77' lang='lat' dir='ltr'><strong>venit,</strong></span> 
     </span>
    </p>
   </div>
   <div class='ocr_carea' id='block_1_31' title="bbox 2139 1812 3703 1883">
    <p class='ocr_par' dir='ltr' id='par_1_31' title="bbox 2139 1812 3703 1883">
     <span class='ocr_line' id='line_1_31' title="bbox 2139 1812 3703 1883; baseline 0.002 -19"><span class='ocrx_word' id='word_1_209' title='bbox 2139 1827 2308 1881; x_wconf 85' lang='lat' dir='ltr'><strong>usque</strong></span> <span class='ocrx_word' id='word_1_210' title='bbox 2350 1812 2417 1866; x_wconf 87' lang='lat' dir='ltr'><strong>ad</strong></span> <span class='ocrx_word' id='word_1_211' title='bbox 2470 1812 2621 1867; x_wconf 84' lang='lat' dir='ltr'><strong>illum</strong></span> <span class='ocrx_word' id='word_1_212' title='bbox 2666 1813 2809 1869; x_wconf 87' lang='lat' dir='ltr'><strong>diem</strong></span> <span class='ocrx_word' id='word_1_213' title='bbox 2847 1814 3015 1868; x_wconf 85' lang='lat' dir='ltr'><strong>rebus</strong></span> <span class='ocrx_word' id='word_1_214' title='bbox 3057 1816 3314 1869; x_wconf 88' lang='lat' dir='ltr'><strong>omnibus</strong></span> <span class='ocrx_word' id='word_1_215' title='bbox 3342 1816 3594 1883; x_wconf 83' lang='lat' dir='ltr'><strong>agundis,</strong></span> <span class='ocrx_word' id='word_1_216' title='bbox 3622 1824 3703 1868; x_wconf 87' lang='lat' dir='ltr'><strong>at-</strong></span> 
     </span>
    </p>
   </div>
   <div class='ocr_carea' id='block_1_32' title="bbox 464 1894 2030 1974">
    <p class='ocr_par' dir='ltr' id='par_1_32' title="bbox 464 1894 2025 1967">
     <span class='ocr_line' id='line_1_32' title="bbox 464 1894 2025 1967; baseline -0.002 -18"><span class='ocrx_word' id='word_1_217' title='bbox 464 1894 630 1949; x_wconf 68' lang='grc' dir='ltr'><strong>’Δλλᾶ</strong></span> <span class='ocrx_word' id='word_1_218' title='bbox 658 1896 831 1951; x_wconf 79' lang='grc' dir='ltr'>ταῦτα</span> <span class='ocrx_word' id='word_1_219' title='bbox 864 1896 962 1967; x_wconf 75' lang='grc' dir='ltr'>μὲν</span> <span class='ocrx_word' id='word_1_220' title='bbox 980 1896 1226 1953; x_wconf 80' lang='grc' dir='ltr'>τοιαῦτα.</span> <span class='ocrx_word' id='word_1_221' title='bbox 1270 1897 1360 1962; x_wconf 83' lang='grc' dir='ltr'>Ἐξ</span> <span class='ocrx_word' id='word_1_222' title='bbox 1383 1898 1593 1950; x_wconf 90' lang='grc' dir='ltr'>ἐκείνου</span> <span class='ocrx_word' id='word_1_223' title='bbox 1620 1897 1677 1950; x_wconf 85' lang='grc' dir='ltr'><strong>δέ</strong></span> <span class='ocrx_word' id='word_1_224' title='bbox 1702 1897 1797 1949; x_wconf 73' lang='grc' dir='ltr'><strong>τοῦ</strong></span> <span class='ocrx_word' id='word_1_225' title='bbox 1828 1897 2025 1965; x_wconf 81' lang='grc' dir='ltr'>χρόνου</span> 
     </span>
    </p>
   </div>
   <div class='ocr_carea' id='block_1_33' title="bbox 2134 1894 3701 1974">
    <p class='ocr_par' dir='ltr' id='par_1_33' title="bbox 2136 1901 3701 1974">
     <span class='ocr_line' id='line_1_33' title="bbox 2136 1901 3701 1974; baseline 0.003 -20"><span class='ocrx_word' id='word_1_226' title='bbox 2136 1916 2244 1969; x_wconf 88' lang='lat' dir='ltr'><strong>que</strong></span> <span class='ocrx_word' id='word_1_227' title='bbox 2293 1901 2460 1956; x_wconf 90' lang='lat' dir='ltr'><strong>etiam</strong></span> <span class='ocrx_word' id='word_1_228' title='bbox 2492 1902 2861 1972; x_wconf 85' lang='lat' dir='ltr'><strong>imperatoriis</strong></span> <span class='ocrx_word' id='word_1_229' title='bbox 2892 1905 3227 1974; x_wconf 89' lang='lat' dir='ltr'><strong>diplomatis,</strong></span> <span class='ocrx_word' id='word_1_230' title='bbox 3256 1920 3379 1974; x_wconf 65' lang='lat' dir='ltr'><strong>quae</strong></span> <span class='ocrx_word' id='word_1_231' title='bbox 3400 1905 3467 1958; x_wconf 88' lang='lat' dir='ltr'><strong>ad</strong></span> <span class='ocrx_word' id='word_1_232' title='bbox 3493 1905 3701 1974; x_wconf 88' lang='lat' dir='ltr'><strong>aliquid</strong></span> 
     </span>
    </p>
   </div>
   <div class='ocr_carea' id='block_1_34' title="bbox 456 1965 2030 2064">
    <p class='ocr_par' dir='ltr' id='par_1_34' title="bbox 456 1965 2030 2056">
     <span class='ocr_line' id='line_1_34' title="bbox 456 1965 2030 2056; baseline 0.001 -20"><span class='ocrx_word' id='word_1_233' title='bbox 456 1983 521 2050; x_wconf 79' lang='grc' dir='ltr'>ἐξ</span> <span class='ocrx_word' id='word_1_234' title='bbox 556 1985 681 2039; x_wconf 80' lang='grc' dir='ltr'>ὅτου</span> <span class='ocrx_word' id='word_1_235' title='bbox 739 1965 995 2056; x_wconf 79' lang='grc' dir='ltr'>βασιλεὺς</span> <span class='ocrx_word' id='word_1_236' title='bbox 1036 1988 1065 2041; x_wconf 85' lang='grc' dir='ltr'><strong>ὁ</strong></span> <span class='ocrx_word' id='word_1_237' title='bbox 1099 1988 1216 2051; x_wconf 83' lang='grc' dir='ltr'>νέος</span> <span class='ocrx_word' id='word_1_238' title='bbox 1247 1988 1341 2041; x_wconf 83' lang='grc' dir='ltr'>τοῦ</span> <span class='ocrx_word' id='word_1_239' title='bbox 1375 1988 1606 2041; x_wconf 85' lang='grc' dir='ltr'>πάππου</span> <span class='ocrx_word' id='word_1_240' title='bbox 1641 1988 1736 2040; x_wconf 68' lang='grc' dir='ltr'>καὶ</span> <span class='ocrx_word' id='word_1_241' title='bbox 1769 1985 2030 2056; x_wconf 84' lang='grc' dir='ltr'>βασιλέως</span> 
     </span>
    </p>
   </div>
   <div class='ocr_carea' id='block_1_35' title="bbox 2134 1965 3705 2064">
    <p class='ocr_par' dir='ltr' id='par_1_35' title="bbox 2136 1990 3705 2064">
     <span class='ocr_line' id='line_1_35' title="bbox 2136 1990 3705 2064; baseline 0.003 -20"><span class='ocrx_word' id='word_1_242' title='bbox 2136 1990 2573 2046; x_wconf 79' lang='lat' dir='ltr'><strong>confirmandum</strong></span> <span class='ocrx_word' id='word_1_243' title='bbox 2621 1993 3019 2059; x_wconf 88' lang='lat' dir='ltr'><strong>scriberentur,</strong></span> <span class='ocrx_word' id='word_1_244' title='bbox 3071 2010 3169 2063; x_wconf 87' lang='lat' dir='ltr'><strong>per</strong></span> <span class='ocrx_word' id='word_1_245' title='bbox 3214 2009 3273 2049; x_wconf 82' lang='lat' dir='ltr'><strong>se</strong></span> <span class='ocrx_word' id='word_1_246' title='bbox 3320 2009 3553 2064; x_wconf 80' lang='lat' dir='ltr'><strong>magnus</strong></span> <span class='ocrx_word' id='word_1_247' title='bbox 3602 1994 3705 2048; x_wconf 89' lang='lat' dir='ltr'><strong>do-</strong></span> 
     </span>
    </p>
   </div>
   <div class='ocr_carea' id='block_1_36' title="bbox 448 2073 2033 2151">
    <p class='ocr_par' dir='ltr' id='par_1_36' title="bbox 448 2073 2033 2151">
     <span class='ocr_line' id='line_1_36' title="bbox 448 2073 2033 2151; baseline -0.001 -21"><span class='ocrx_word' id='word_1_248' title='bbox 448 2074 714 2144; x_wconf 80' lang='grc' dir='ltr'>διαστὰς,</span> <span class='ocrx_word' id='word_1_249' title='bbox 778 2078 861 2142; x_wconf 87' lang='grc' dir='ltr'><strong>είς</strong></span> <span class='ocrx_word' id='word_1_250' title='bbox 917 2079 1357 2149; x_wconf 86' lang='grc' dir='ltr'>Ἀδριανούπολιν</span> <span class='ocrx_word' id='word_1_251' title='bbox 1423 2073 1531 2151; x_wconf 75' lang='grc' dir='ltr'><strong>ἧκν</strong></span> <span class='ocrx_word' id='word_1_252' title='bbox 1582 2079 1709 2150; x_wconf 80' lang='grc' dir='ltr'>ἄχρι</span> <span class='ocrx_word' id='word_1_253' title='bbox 1761 2079 1854 2131; x_wconf 76' lang='grc' dir='ltr'>καὶ</span> <span class='ocrx_word' id='word_1_254' title='bbox 1913 2077 2033 2130; x_wconf 86' lang='grc' dir='ltr'>τότε</span> 
     </span>
    </p>
   </div>
   <div class='ocr_carea' id='block_1_37' title="bbox 448 2167 2029 2242">
    <p class='ocr_par' dir='ltr' id='par_1_37' title="bbox 448 2167 2029 2242">
     <span class='ocr_line' id='line_1_37' title="bbox 448 2167 2029 2242; baseline 0.002 -22"><span class='ocrx_word' id='word_1_255' title='bbox 448 2168 566 2227; x_wconf 76' lang='grc' dir='ltr'>τοῖς</span> <span class='ocrx_word' id='word_1_256' title='bbox 621 2185 683 2221; x_wconf 87' lang='grc' dir='ltr'><strong>τε</strong></span> <span class='ocrx_word' id='word_1_257' title='bbox 732 2167 914 2233; x_wconf 75' lang='grc' dir='ltr'>ἄλλοις</span> <span class='ocrx_word' id='word_1_258' title='bbox 959 2171 1134 2224; x_wconf 74' lang='grc' dir='ltr'>ἅπασι</span> <span class='ocrx_word' id='word_1_259' title='bbox 1184 2173 1293 2234; x_wconf 89' lang='grc' dir='ltr'>τοῖς</span> <span class='ocrx_word' id='word_1_260' title='bbox 1349 2172 1764 2242; x_wconf 86' lang='grc' dir='ltr'>πραττομένοις,</span> <span class='ocrx_word' id='word_1_261' title='bbox 1821 2173 1914 2224; x_wconf 78' lang='grc' dir='ltr'>καὶ</span> <span class='ocrx_word' id='word_1_262' title='bbox 1963 2169 2029 2239; x_wconf 84' lang='grc' dir='ltr'><strong>δὴ</strong></span> 
     </span>
    </p>
   </div>
   <div class='ocr_carea' id='block_1_38' title="bbox 450 2259 2032 2334">
    <p class='ocr_par' dir='ltr' id='par_1_38' title="bbox 450 2259 2032 2334">
     <span class='ocr_line' id='line_1_38' title="bbox 450 2259 2032 2334; baseline 0 -21"><span class='ocrx_word' id='word_1_263' title='bbox 450 2260 549 2313; x_wconf 79' lang='grc' dir='ltr'>καὶ</span> <span class='ocrx_word' id='word_1_264' title='bbox 598 2260 715 2323; x_wconf 87' lang='grc' dir='ltr'>τοῖς</span> <span class='ocrx_word' id='word_1_265' title='bbox 767 2259 1071 2330; x_wconf 79' lang='grc' dir='ltr'><strong>βασιλικοῖς</strong></span> <span class='ocrx_word' id='word_1_266' title='bbox 1116 2264 1443 2334; x_wconf 85' lang='grc' dir='ltr'>γράμμασιν</span> <span class='ocrx_word' id='word_1_267' title='bbox 1492 2263 1528 2317; x_wconf 70' lang='grc' dir='ltr'>ἃ</span> <span class='ocrx_word' id='word_1_268' title='bbox 1579 2264 1702 2316; x_wconf 72' lang='grc' dir='ltr'>ἐπεὶ</span> <span class='ocrx_word' id='word_1_269' title='bbox 1737 2260 2032 2333; x_wconf 84' lang='grc' dir='ltr'>βεϐαιώσει</span> 
     </span>
    </p>
   </div>
   <div class='ocr_carea' id='block_1_39' title="bbox 449 2350 2031 2424">
    <p class='ocr_par' dir='ltr' id='par_1_39' title="bbox 449 2350 2031 2424">
     <span class='ocr_line' id='line_1_39' title="bbox 449 2350 2031 2424; baseline -0.001 -19"><span class='ocrx_word' id='word_1_270' title='bbox 449 2350 665 2420; x_wconf 60' lang='grc' dir='ltr'>μγίνετό</span> <span class='ocrx_word' id='word_1_271' title='bbox 716 2369 862 2415; x_wconf 90' lang='grc' dir='ltr'>τινος</span> <span class='ocrx_word' id='word_1_272' title='bbox 917 2351 984 2406; x_wconf 82' lang='grc' dir='ltr'>δι’</span> <span class='ocrx_word' id='word_1_273' title='bbox 1018 2352 1213 2406; x_wconf 82' lang='grc' dir='ltr'>ἐαυτοῦ</span> <span class='ocrx_word' id='word_1_274' title='bbox 1266 2353 1361 2407; x_wconf 82' lang='grc' dir='ltr'>τοῦ</span> <span class='ocrx_word' id='word_1_275' title='bbox 1417 2353 1653 2424; x_wconf 84' lang='grc' dir='ltr'>μεγάλου</span> <span class='ocrx_word' id='word_1_276' title='bbox 1709 2351 2031 2421; x_wconf 89' lang='grc' dir='ltr'>δομεστίκου</span> 
     </span>
    </p>
   </div>
   <div class='ocr_carea' id='block_1_40' title="bbox 452 2441 2030 2516">
    <p class='ocr_par' dir='ltr' id='par_1_40' title="bbox 452 2441 2030 2516">
     <span class='ocr_line' id='line_1_40' title="bbox 452 2441 2030 2516; baseline 0 -21"><span class='ocrx_word' id='word_1_277' title='bbox 452 2441 898 2506; x_wconf 74' lang='grc' dir='ltr'>ἐπιστατοῦντος,</span> <span class='ocrx_word' id='word_1_278' title='bbox 921 2442 1033 2497; x_wconf 77' lang='grc' dir='ltr'>δέει</span> <span class='ocrx_word' id='word_1_279' title='bbox 1064 2442 1158 2497; x_wconf 81' lang='grc' dir='ltr'>τοῦ</span> <span class='ocrx_word' id='word_1_280' title='bbox 1203 2447 1277 2516; x_wconf 84' lang='grc' dir='ltr'>μή</span> <span class='ocrx_word' id='word_1_281' title='bbox 1311 2462 1364 2498; x_wconf 90' lang='grc' dir='ltr'><strong>τι</strong></span> <span class='ocrx_word' id='word_1_282' title='bbox 1392 2446 1497 2498; x_wconf 86' lang='grc' dir='ltr'><strong>τῶν</strong></span> <span class='ocrx_word' id='word_1_283' title='bbox 1542 2445 1616 2516; x_wconf 78' lang='grc' dir='ltr'><strong>μὴ</strong></span> <span class='ocrx_word' id='word_1_284' title='bbox 1644 2442 2030 2516; x_wconf 81' lang='grc' dir='ltr'>προσηκόντων</span> 
     </span>
    </p>
   </div>
   <div class='ocr_carea' id='block_1_41' title="bbox 451 2538 2030 2611">
    <p class='ocr_par' dir='ltr' id='par_1_41' title="bbox 451 2538 2030 2611">
     <span class='ocr_line' id='line_1_41' title="bbox 451 2538 2030 2611; baseline -0.003 -18"><span class='ocrx_word' id='word_1_285' title='bbox 451 2538 710 2608; x_wconf 78' lang='grc' dir='ltr'>γενέσθαι</span> <span class='ocrx_word' id='word_1_286' title='bbox 743 2539 777 2610; x_wconf 83' lang='grc' dir='ltr'>ἢ</span> <span class='ocrx_word' id='word_1_287' title='bbox 824 2540 914 2594; x_wconf 80' lang='grc' dir='ltr'>διὰ</span> <span class='ocrx_word' id='word_1_288' title='bbox 949 2539 1245 2611; x_wconf 80' lang='grc' dir='ltr'>ῥᾳθυμίαν,</span> <span class='ocrx_word' id='word_1_289' title='bbox 1275 2541 1308 2611; x_wconf 77' lang='grc' dir='ltr'><strong>ἦ</strong></span> <span class='ocrx_word' id='word_1_290' title='bbox 1340 2541 1427 2594; x_wconf 80' lang='grc' dir='ltr'><strong>διὰ</strong></span> <span class='ocrx_word' id='word_1_291' title='bbox 1455 2540 1744 2594; x_wconf 76' lang='grc' dir='ltr'>κακόνοιαν</span> <span class='ocrx_word' id='word_1_292' title='bbox 1772 2538 2030 2599; x_wconf 81' lang='grc' dir='ltr'>τῶνέπι-</span> 
     </span>
    </p>
   </div>
   <div class='ocr_carea' id='block_1_42' title="bbox 451 2630 2029 2706">
    <p class='ocr_par' dir='ltr' id='par_1_42' title="bbox 451 2630 2029 2706">
     <span class='ocr_line' id='line_1_42' title="bbox 451 2630 2029 2706; baseline -0.001 -21"><span class='ocrx_word' id='word_1_293' title='bbox 451 2632 876 2702; x_wconf 81' lang='grc' dir='ltr'>τετραμμένων,</span> <span class='ocrx_word' id='word_1_294' title='bbox 931 2633 1028 2686; x_wconf 68' lang='grc' dir='ltr'><strong>καὶ</strong></span> <span class='ocrx_word' id='word_1_295' title='bbox 1061 2632 1120 2685; x_wconf 81' lang='grc' dir='ltr'>οὐ</span> <span class='ocrx_word' id='word_1_296' title='bbox 1172 2634 1366 2706; x_wconf 88' lang='grc' dir='ltr'>μικρόν</span> <span class='ocrx_word' id='word_1_297' title='bbox 1407 2650 1529 2686; x_wconf 90' lang='grc' dir='ltr'>τινα</span> <span class='ocrx_word' id='word_1_298' title='bbox 1583 2632 1670 2685; x_wconf 85' lang='grc' dir='ltr'>διὰ</span> <span class='ocrx_word' id='word_1_299' title='bbox 1713 2630 1887 2683; x_wconf 80' lang='grc' dir='ltr'>ταῦτα</span> <span class='ocrx_word' id='word_1_300' title='bbox 1936 2630 2029 2684; x_wconf 85' lang='grc' dir='ltr'>τὸν</span> 
     </span>
    </p>
   </div>
   <div class='ocr_carea' id='block_1_43' title="bbox 452 2720 2024 2793">
    <p class='ocr_par' dir='ltr' id='par_1_43' title="bbox 452 2720 2024 2793">
     <span class='ocr_line' id='line_1_43' title="bbox 452 2720 2024 2793; baseline -0.003 -16"><span class='ocrx_word' id='word_1_301' title='bbox 452 2723 621 2777; x_wconf 72' lang='grc' dir='ltr'>πόνον</span> <span class='ocrx_word' id='word_1_302' title='bbox 655 2722 1058 2792; x_wconf 80' lang='grc' dir='ltr'>ὑφισταμένου.</span> <span class='ocrx_word' id='word_1_303' title='bbox 1092 2725 1241 2793; x_wconf 87' lang='grc' dir='ltr'>ὅμως</span> <span class='ocrx_word' id='word_1_304' title='bbox 1268 2721 1574 2790; x_wconf 79' lang='grc' dir='ltr'>ἀναγκαίαν</span> <span class='ocrx_word' id='word_1_305' title='bbox 1608 2723 1707 2791; x_wconf 77' lang='grc' dir='ltr'><strong>τὴν</strong></span> <span class='ocrx_word' id='word_1_306' title='bbox 1738 2720 2024 2791; x_wconf 67' lang='grc' dir='ltr'>πρόνοιαν,</span> 
     </span>
    </p>
   </div>
   <div class='ocr_carea' id='block_1_44' title="bbox 450 2814 2027 2886">
    <p class='ocr_par' dir='ltr' id='par_1_44' title="bbox 450 2814 2027 2886">
     <span class='ocr_line' id='line_1_44' title="bbox 450 2814 2027 2886; baseline -0.002 -18"><span class='ocrx_word' id='word_1_307' title='bbox 450 2816 548 2868; x_wconf 68' lang='grc' dir='ltr'><strong>καὶ</strong></span> <span class='ocrx_word' id='word_1_308' title='bbox 574 2814 675 2875; x_wconf 79' lang='grc' dir='ltr'>τὴν</span> <span class='ocrx_word' id='word_1_309' title='bbox 704 2815 799 2867; x_wconf 80' lang='grc' dir='ltr'>ἐπὶ</span> <span class='ocrx_word' id='word_1_310' title='bbox 820 2815 957 2868; x_wconf 77' lang='grc' dir='ltr'>πᾶσι</span> <span class='ocrx_word' id='word_1_311' title='bbox 1010 2816 1270 2885; x_wconf 81' lang='grc' dir='ltr'>φροντίδα</span> <span class='ocrx_word' id='word_1_312' title='bbox 1295 2815 1669 2886; x_wconf 77' lang='grc' dir='ltr'>λογιζομένου,</span> <span class='ocrx_word' id='word_1_313' title='bbox 1704 2815 1801 2867; x_wconf 72' lang='grc' dir='ltr'><strong>καὶ</strong></span> <span class='ocrx_word' id='word_1_314' title='bbox 1830 2814 1894 2883; x_wconf 86' lang='grc' dir='ltr'><strong>φέ</strong></span> <span class='ocrx_word' id='word_1_315' title='bbox 1906 2831 2027 2884; x_wconf 89' lang='grc' dir='ltr'>ρον-</span> 
     </span>
    </p>
   </div>
   <div class='ocr_carea' id='block_1_45' title="bbox 450 2901 2025 2977">
    <p class='ocr_par' dir='ltr' id='par_1_45' title="bbox 450 2901 2025 2977">
     <span class='ocr_line' id='line_1_45' title="bbox 450 2901 2025 2977; baseline -0.004 -18"><span class='ocrx_word' id='word_1_316' title='bbox 450 2923 544 2969; x_wconf 79' lang='grc' dir='ltr'><strong>τος</strong></span> <span class='ocrx_word' id='word_1_317' title='bbox 572 2906 662 2960; x_wconf 76' lang='grc' dir='ltr'>τὸν</span> <span class='ocrx_word' id='word_1_318' title='bbox 694 2905 942 2977; x_wconf 88' lang='grc' dir='ltr'>κάματον</span> <span class='ocrx_word' id='word_1_319' title='bbox 976 2909 1140 2976; x_wconf 76' lang='grc' dir='ltr'>σιγῇ,</span> <span class='ocrx_word' id='word_1_320' title='bbox 1173 2906 1293 2959; x_wconf 88' lang='grc' dir='ltr'>τότε</span> <span class='ocrx_word' id='word_1_321' title='bbox 1327 2906 1384 2959; x_wconf 88' lang='grc' dir='ltr'><strong>δέ</strong></span> <span class='ocrx_word' id='word_1_322' title='bbox 1404 2906 1510 2959; x_wconf 92' lang='grc' dir='ltr'><strong>τῶν</strong></span> <span class='ocrx_word' id='word_1_323' title='bbox 1541 2904 1820 2976; x_wconf 78' lang='grc' dir='ltr'>ἐμφυλίων</span> <span class='ocrx_word' id='word_1_324' title='bbox 1862 2901 2025 2956; x_wconf 72' lang='grc' dir='ltr'>πολέα</span> 
     </span>
    </p>
   </div>
   <div class='ocr_carea' id='block_1_46' title="bbox 2137 2078 3706 2149">
    <p class='ocr_par' dir='ltr' id='par_1_46' title="bbox 2137 2078 3706 2149">
     <span class='ocr_line' id='line_1_46' title="bbox 2137 2078 3706 2149; baseline 0.003 -19"><span class='ocrx_word' id='word_1_325' title='bbox 2137 2079 2398 2133; x_wconf 88' lang='lat' dir='ltr'><strong>mesticus</strong></span> <span class='ocrx_word' id='word_1_326' title='bbox 2429 2078 2755 2148; x_wconf 76' lang='lat' dir='ltr'><strong>praefuerat;</strong></span> <span class='ocrx_word' id='word_1_327' title='bbox 2790 2093 2857 2133; x_wconf 90' lang='lat' dir='ltr'><strong>ne</strong></span> <span class='ocrx_word' id='word_1_328' title='bbox 2882 2079 3015 2149; x_wconf 91' lang='lat' dir='ltr'><strong>quid</strong></span> <span class='ocrx_word' id='word_1_329' title='bbox 3045 2094 3139 2149; x_wconf 92' lang='lat' dir='ltr'><strong>per</strong></span> <span class='ocrx_word' id='word_1_330' title='bbox 3166 2080 3474 2135; x_wconf 86' lang='lat' dir='ltr'><strong>socordiam</strong></span> <span class='ocrx_word' id='word_1_331' title='bbox 3539 2080 3706 2149; x_wconf 74' lang='lat'><strong>208</strong></span> 
     </span>
    </p>
   </div>
   <div class='ocr_carea' id='block_1_47' title="bbox 2136 2154 3706 2240">
    <p class='ocr_par' dir='ltr' id='par_1_47' title="bbox 2136 2154 3706 2240">
     <span class='ocr_line' id='line_1_47' title="bbox 2136 2154 3706 2240; baseline 0.001 -18"><span class='ocrx_word' id='word_1_332' title='bbox 2136 2170 2598 2240; x_wconf 81' lang='lat' dir='ltr'><strong>malignitatemve</strong></span> <span class='ocrx_word' id='word_1_333' title='bbox 2647 2172 2881 2225; x_wconf 89' lang='lat' dir='ltr'><strong>aliorum</strong></span> <span class='ocrx_word' id='word_1_334' title='bbox 2906 2212 2923 2236; x_wconf 95' lang='lat'><strong>,</strong></span> <span class='ocrx_word' id='word_1_335' title='bbox 2962 2172 3164 2240; x_wconf 91' lang='lat' dir='ltr'><strong>quibus</strong></span> <span class='ocrx_word' id='word_1_336' title='bbox 3196 2154 3259 2227; x_wconf 70' lang='lat' dir='ltr'><strong>ea</strong></span> <span class='ocrx_word' id='word_1_337' title='bbox 3289 2174 3706 2226; x_wconf 86' lang='lat' dir='ltr'><strong>committeren-</strong></span> 
     </span>
    </p>
   </div>
   <div class='ocr_carea' id='block_1_48' title="bbox 2134 2258 3704 2321">
    <p class='ocr_par' dir='ltr' id='par_1_48' title="bbox 2134 2258 3704 2321">
     <span class='ocr_line' id='line_1_48' title="bbox 2134 2258 3704 2321; baseline 0.003 -11"><span class='ocrx_word' id='word_1_338' title='bbox 2134 2265 2245 2321; x_wconf 86' lang='lat' dir='ltr'><strong>tur,</strong></span> <span class='ocrx_word' id='word_1_339' title='bbox 2278 2258 2586 2313; x_wconf 83' lang='lat' dir='ltr'><strong>sinisterius</strong></span> <span class='ocrx_word' id='word_1_340' title='bbox 2610 2259 2765 2312; x_wconf 82' lang='lat' dir='ltr'><strong>ﬁeret</strong></span> <span class='ocrx_word' id='word_1_341' title='bbox 2791 2277 2803 2311; x_wconf 88' lang='lat'><strong>:</strong></span> <span class='ocrx_word' id='word_1_342' title='bbox 2839 2273 2940 2313; x_wconf 88' lang='lat' dir='ltr'><strong>nec</strong></span> <span class='ocrx_word' id='word_1_343' title='bbox 2963 2259 3112 2314; x_wconf 82' lang='lat' dir='ltr'><strong>leves</strong></span> <span class='ocrx_word' id='word_1_344' title='bbox 3153 2260 3209 2313; x_wconf 89' lang='lat' dir='ltr'><strong>in</strong></span> <span class='ocrx_word' id='word_1_345' title='bbox 3238 2274 3304 2313; x_wconf 92' lang='lat' dir='ltr'><strong>eo</strong></span> <span class='ocrx_word' id='word_1_346' title='bbox 3330 2260 3549 2313; x_wconf 86' lang='lat' dir='ltr'><strong>labores</strong></span> <span class='ocrx_word' id='word_1_347' title='bbox 3580 2274 3704 2315; x_wconf 88' lang='lat' dir='ltr'><strong>sus-</strong></span> 
     </span>
    </p>
   </div>
   <div class='ocr_carea' id='block_1_49' title="bbox 2134 2348 3702 2419">
    <p class='ocr_par' dir='ltr' id='par_1_49' title="bbox 2134 2348 3702 2419">
     <span class='ocr_line' id='line_1_49' title="bbox 2134 2348 3702 2419; baseline -0.001 -17"><span class='ocrx_word' id='word_1_348' title='bbox 2134 2348 2408 2414; x_wconf 88' lang='lat' dir='ltr'><strong>tinuerat,</strong></span> <span class='ocrx_word' id='word_1_349' title='bbox 2460 2364 2597 2419; x_wconf 89' lang='lat' dir='ltr'><strong>quos</strong></span> <span class='ocrx_word' id='word_1_350' title='bbox 2643 2349 3035 2414; x_wconf 84' lang='lat' dir='ltr'><strong>nihilominus,</strong></span> <span class='ocrx_word' id='word_1_351' title='bbox 3098 2349 3225 2419; x_wconf 89' lang='lat' dir='ltr'><strong>quia</strong></span> <span class='ocrx_word' id='word_1_352' title='bbox 3261 2364 3450 2403; x_wconf 90' lang='lat' dir='ltr'><strong>curam</strong></span> <span class='ocrx_word' id='word_1_353' title='bbox 3490 2348 3702 2403; x_wconf 69' lang='lat' dir='ltr'><strong>sollici~</strong></span> 
     </span>
    </p>
   </div>
   <div class='ocr_carea' id='block_1_50' title="bbox 2132 2440 3700 2510">
    <p class='ocr_par' dir='ltr' id='par_1_50' title="bbox 2132 2440 3700 2510">
     <span class='ocr_line' id='line_1_50' title="bbox 2132 2440 3700 2510; baseline -0.001 -15"><span class='ocrx_word' id='word_1_354' title='bbox 2132 2441 2489 2510; x_wconf 89' lang='lat' dir='ltr'><strong>tudinemque</strong></span> <span class='ocrx_word' id='word_1_355' title='bbox 2554 2442 2609 2494; x_wconf 91' lang='lat' dir='ltr'><strong>in</strong></span> <span class='ocrx_word' id='word_1_356' title='bbox 2664 2442 2922 2495; x_wconf 88' lang='lat' dir='ltr'><strong>omnibus</strong></span> <span class='ocrx_word' id='word_1_357' title='bbox 2970 2441 3335 2497; x_wconf 87' lang='lat' dir='ltr'><strong>necessariam</strong></span> <span class='ocrx_word' id='word_1_358' title='bbox 3390 2440 3700 2510; x_wconf 83' lang='lat' dir='ltr'><strong>judicabat,</strong></span> 
     </span>
    </p>
   </div>
   <div class='ocr_carea' id='block_1_51' title="bbox 2131 2530 3703 2601">
    <p class='ocr_par' dir='ltr' id='par_1_51' title="bbox 2131 2530 3703 2601">
     <span class='ocr_line' id='line_1_51' title="bbox 2131 2530 3703 2601; baseline 0 -15"><span class='ocrx_word' id='word_1_359' title='bbox 2131 2532 2349 2586; x_wconf 90' lang='lat' dir='ltr'><strong>silentio</strong></span> <span class='ocrx_word' id='word_1_360' title='bbox 2396 2530 2731 2601; x_wconf 82' lang='lat' dir='ltr'><strong>perferebat.</strong></span> <span class='ocrx_word' id='word_1_361' title='bbox 2758 2530 2914 2586; x_wconf 91' lang='lat' dir='ltr'><strong>Tunc</strong></span> <span class='ocrx_word' id='word_1_362' title='bbox 2943 2546 3096 2597; x_wconf 89' lang='lat' dir='ltr'><strong>vero,</strong></span> <span class='ocrx_word' id='word_1_363' title='bbox 3135 2532 3369 2601; x_wconf 90' lang='lat' dir='ltr'><strong>sepultis</strong></span> <span class='ocrx_word' id='word_1_364' title='bbox 3394 2532 3507 2601; x_wconf 86' lang='lat' dir='ltr'><strong>jam</strong></span> <span class='ocrx_word' id='word_1_365' title='bbox 3539 2531 3703 2587; x_wconf 86' lang='lat' dir='ltr'><strong>bellis</strong></span> 
     </span>
    </p>
   </div>
   <div class='ocr_carea' id='block_1_52' title="bbox 2130 2622 3701 2694">
    <p class='ocr_par' dir='ltr' id='par_1_52' title="bbox 2130 2622 3701 2694">
     <span class='ocr_line' id='line_1_52' title="bbox 2130 2622 3701 2694; baseline -0.001 -16"><span class='ocrx_word' id='word_1_366' title='bbox 2130 2623 2409 2688; x_wconf 81' lang='lat' dir='ltr'><strong>civilibus,</strong></span> <span class='ocrx_word' id='word_1_367' title='bbox 2464 2623 2788 2693; x_wconf 86' lang='lat' dir='ltr'><strong>insidiisque</strong></span> <span class='ocrx_word' id='word_1_368' title='bbox 2836 2639 2901 2678; x_wconf 85' lang='lat' dir='ltr'><strong>ac</strong></span> <span class='ocrx_word' id='word_1_369' title='bbox 2932 2623 3342 2694; x_wconf 88' lang='lat' dir='ltr'><strong>suspicionibus</strong></span> <span class='ocrx_word' id='word_1_370' title='bbox 3378 2622 3562 2686; x_wconf 87' lang='lat' dir='ltr'><strong>nullis,</strong></span> <span class='ocrx_word' id='word_1_371' title='bbox 3593 2622 3701 2677; x_wconf 88' lang='lat' dir='ltr'><strong>sibi</strong></span> 
     </span>
    </p>
   </div>
   <div class='ocr_carea' id='block_1_53' title="bbox 2128 2717 3730 2788">
    <p class='ocr_par' dir='ltr' id='par_1_53' title="bbox 2128 2717 3730 2788">
     <span class='ocr_line' id='line_1_53' title="bbox 2128 2717 3730 2788; baseline -0.001 -17"><span class='ocrx_word' id='word_1_372' title='bbox 2128 2733 2350 2788; x_wconf 90' lang='lat' dir='ltr'><strong>quoque</strong></span> <span class='ocrx_word' id='word_1_373' title='bbox 2404 2719 2796 2788; x_wconf 87' lang='lat' dir='ltr'><strong>occupationes</strong></span> <span class='ocrx_word' id='word_1_374' title='bbox 2844 2718 3184 2787; x_wconf 88' lang='lat' dir='ltr'><strong>aliquantum</strong></span> <span class='ocrx_word' id='word_1_375' title='bbox 3224 2717 3546 2772; x_wconf 86' lang='lat' dir='ltr'><strong>minuendas</strong></span> <span class='ocrx_word' id='word_1_376' title='bbox 3579 2731 3730 2772; x_wconf 84' lang='lat' dir='ltr'><strong>esse.</strong></span> 
     </span>
    </p>
   </div>
   <div class='ocr_carea' id='block_1_54' title="bbox 2129 2803 3703 2875">
    <p class='ocr_par' dir='ltr' id='par_1_54' title="bbox 2129 2803 3703 2875">
     <span class='ocr_line' id='line_1_54' title="bbox 2129 2803 3703 2875; baseline 0 -17"><span class='ocrx_word' id='word_1_377' title='bbox 2129 2805 2437 2860; x_wconf 85' lang='lat' dir='ltr'><strong>constituit.</strong></span> <span class='ocrx_word' id='word_1_378' title='bbox 2485 2803 2758 2871; x_wconf 85' lang='lat' dir='ltr'><strong>Quocirca</strong></span> <span class='ocrx_word' id='word_1_379' title='bbox 2812 2804 3134 2875; x_wconf 90' lang='lat' dir='ltr'><strong>imperatori</strong></span> <span class='ocrx_word' id='word_1_380' title='bbox 3181 2805 3445 2875; x_wconf 69' lang='lat' dir='ltr'><strong>praeteriti</strong></span> <span class='ocrx_word' id='word_1_381' title='bbox 3484 2813 3703 2873; x_wconf 81' lang='lat' dir='ltr'><strong>tempo-</strong></span> 
     </span>
    </p>
   </div>
   <div class='ocr_carea' id='block_1_55' title="bbox 2127 2893 3702 2965">
    <p class='ocr_par' dir='ltr' id='par_1_55' title="bbox 2127 2893 3702 2965">
     <span class='ocr_line' id='line_1_55' title="bbox 2127 2893 3702 2965; baseline -0.001 -17"><span class='ocrx_word' id='word_1_382' title='bbox 2127 2893 2203 2949; x_wconf 90' lang='lat' dir='ltr'><strong>ris</strong></span> <span class='ocrx_word' id='word_1_383' title='bbox 2251 2895 2585 2949; x_wconf 85' lang='lat' dir='ltr'><strong>laboriosam</strong></span> <span class='ocrx_word' id='word_1_384' title='bbox 2612 2896 3143 2952; x_wconf 88' lang='lat' dir='ltr'><strong>administrationem</strong></span> <span class='ocrx_word' id='word_1_385' title='bbox 3170 2910 3324 2950; x_wconf 90' lang='lat' dir='ltr'><strong>suam</strong></span> <span class='ocrx_word' id='word_1_386' title='bbox 3356 2897 3604 2965; x_wconf 77' lang='lat' dir='ltr'><strong>exponit,</strong></span> <span class='ocrx_word' id='word_1_387' title='bbox 3635 2908 3702 2948; x_wconf 89' lang='lat' dir='ltr'><strong>ac</strong></span> 
     </span>
    </p>
   </div>
   <div class='ocr_carea' id='block_1_56' title="bbox 453 2976 2030 3070">
    <p class='ocr_par' dir='ltr' id='par_1_56' title="bbox 453 2976 2025 3070">
     <span class='ocr_line' id='line_1_56' title="bbox 453 2976 2025 3070; baseline -0.006 -15"><span class='ocrx_word' id='word_1_388' title='bbox 453 3016 578 3070; x_wconf 82' lang='grc' dir='ltr'><strong>μων</strong></span> <span class='ocrx_word' id='word_1_389' title='bbox 597 2976 887 3065; x_wconf 80' lang='grc' dir='ltr'>λυθέντων,</span> <span class='ocrx_word' id='word_1_390' title='bbox 917 3000 1013 3053; x_wconf 73' lang='grc' dir='ltr'><strong>καὶ</strong></span> <span class='ocrx_word' id='word_1_391' title='bbox 1038 2999 1409 3068; x_wconf 80' lang='grc' dir='ltr'>πεπαυμένων</span> <span class='ocrx_word' id='word_1_392' title='bbox 1435 2997 1543 3052; x_wconf 86' lang='grc' dir='ltr'><strong>τῶν</strong></span> <span class='ocrx_word' id='word_1_393' title='bbox 1591 2994 1899 3050; x_wconf 89' lang='grc' dir='ltr'>ἐπιϐουλῶν</span> <span class='ocrx_word' id='word_1_394' title='bbox 1926 2995 2025 3047; x_wconf 78' lang='grc' dir='ltr'>καὶ</span> 
     </span>
    </p>
   </div>
   <div class='ocr_carea' id='block_1_57' title="bbox 2134 2976 3740 3070">
    <p class='ocr_par' dir='ltr' id='par_1_57' title="bbox 2134 2976 3740 3056">
     <span class='ocr_line' id='line_1_57' title="bbox 2134 2976 3740 3056; baseline -0.001 -16"><span class='ocrx_word' id='word_1_395' title='bbox 2134 2995 2313 3040; x_wconf 90' lang='lat' dir='ltr'><strong>monet</strong></span> <span class='ocrx_word' id='word_1_396' title='bbox 2334 2985 2494 3040; x_wconf 89' lang='lat' dir='ltr'><strong>malis</strong></span> <span class='ocrx_word' id='word_1_397' title='bbox 2521 2986 2774 3041; x_wconf 81' lang='lat' dir='ltr'><strong>civilibus</strong></span> <span class='ocrx_word' id='word_1_398' title='bbox 2796 2995 2852 3041; x_wconf 91' lang='lat' dir='ltr'><strong>et</strong></span> <span class='ocrx_word' id='word_1_399' title='bbox 2883 2987 3206 3056; x_wconf 89' lang='lat' dir='ltr'><strong>suspiciosis</strong></span> <span class='ocrx_word' id='word_1_400' title='bbox 3225 2986 3566 3056; x_wconf 86' lang='lat' dir='ltr'><strong>temporibus</strong></span> <span class='ocrx_word' id='word_1_401' title='bbox 3585 2987 3699 3056; x_wconf 89' lang='lat' dir='ltr'><strong>jam</strong></span> <span class='ocrx_word' id='word_1_402' title='bbox 3721 2976 3740 2994; x_wconf 81' lang='grc'><em>’</em></span> 
     </span>
    </p>
   </div>
   <div class='ocr_carea' id='block_1_58' title="bbox 451 3077 2030 3163">
    <p class='ocr_par' dir='ltr' id='par_1_58' title="bbox 451 3085 2024 3163">
     <span class='ocr_line' id='line_1_58' title="bbox 451 3085 2024 3163; baseline -0.004 -17"><span class='ocrx_word' id='word_1_403' title='bbox 451 3092 747 3160; x_wconf 81' lang='grc' dir='ltr'>ὑπονοιῶν,</span> <span class='ocrx_word' id='word_1_404' title='bbox 792 3091 934 3163; x_wconf 78' lang='grc' dir='ltr'>ἔγνω</span> <span class='ocrx_word' id='word_1_405' title='bbox 967 3092 1078 3145; x_wconf 84' lang='grc' dir='ltr'>δεῖν</span> <span class='ocrx_word' id='word_1_406' title='bbox 1133 3093 1224 3145; x_wconf 71' lang='grc' dir='ltr'>καὶ</span> <span class='ocrx_word' id='word_1_407' title='bbox 1251 3090 1412 3154; x_wconf 80' lang='grc' dir='ltr'>αὐτὸς</span> <span class='ocrx_word' id='word_1_408' title='bbox 1450 3090 1559 3143; x_wconf 87' lang='grc' dir='ltr'><strong>τῶν</strong></span> <span class='ocrx_word' id='word_1_409' title='bbox 1611 3088 1792 3142; x_wconf 86' lang='grc' dir='ltr'>πόνων</span> <span class='ocrx_word' id='word_1_410' title='bbox 1832 3085 2024 3139; x_wconf 80' lang='grc' dir='ltr'>ἐαυτὸν</span> 
     </span>
    </p>
   </div>
   <div class='ocr_carea' id='block_1_59' title="bbox 2134 3077 3699 3163">
    <p class='ocr_par' dir='ltr' id='par_1_59' title="bbox 2134 3077 3699 3149">
     <span class='ocr_line' id='line_1_59' title="bbox 2134 3077 3699 3149; baseline 0.001 -18"><span class='ocrx_word' id='word_1_411' title='bbox 2134 3078 2419 3147; x_wconf 70' lang='lat' dir='ltr'><strong>przeteritis</strong></span> <span class='ocrx_word' id='word_1_412' title='bbox 2475 3077 2909 3146; x_wconf 86' lang='lat' dir='ltr'><strong>providendum,</strong></span> <span class='ocrx_word' id='word_1_413' title='bbox 2964 3078 3044 3132; x_wconf 88' lang='lat' dir='ltr'><strong>uti</strong></span> <span class='ocrx_word' id='word_1_414' title='bbox 3094 3093 3182 3133; x_wconf 90' lang='lat' dir='ltr'><strong>res</strong></span> <span class='ocrx_word' id='word_1_415' title='bbox 3236 3079 3699 3149; x_wconf 73' lang='lat' dir='ltr'><strong>quemadmodum</strong></span> 
     </span>
    </p>
   </div>
   <div class='ocr_carea' id='block_1_60' title="bbox 451 3164 3693 3256">
    <p class='ocr_par' dir='ltr' id='par_1_60' title="bbox 451 3164 3693 3256">
     <span class='ocr_line' id='line_1_60' title="bbox 451 3164 3693 3256; baseline -0.002 -16"><span class='ocrx_word' id='word_1_416' title='bbox 451 3186 661 3240; x_wconf 79' lang='grc' dir='ltr'>ἀνεῖναι</span> <span class='ocrx_word' id='word_1_417' title='bbox 692 3184 909 3256; x_wconf 89' lang='grc' dir='ltr'>μικρόν.</span> <span class='ocrx_word' id='word_1_418' title='bbox 952 3184 1062 3237; x_wconf 75' lang='grc' dir='ltr'><strong>Καὶ</strong></span> <span class='ocrx_word' id='word_1_419' title='bbox 1096 3182 1303 3254; x_wconf 86' lang='grc' dir='ltr'>βασιλεῖ</span> <span class='ocrx_word' id='word_1_420' title='bbox 1334 3179 1670 3253; x_wconf 79' lang='grc' dir='ltr'>προσελθὼν,</span> <span class='ocrx_word' id='word_1_421' title='bbox 1705 3179 1799 3232; x_wconf 90' lang='grc' dir='ltr'><strong>τόν</strong></span> <span class='ocrx_word' id='word_1_422' title='bbox 1837 3196 1896 3232; x_wconf 89' lang='grc' dir='ltr'><strong>τε</strong></span> <span class='ocrx_word' id='word_1_423' title='bbox 1932 3178 2023 3230; x_wconf 74' lang='grc' dir='ltr'><strong>ἐπὶ</strong></span> <span class='ocrx_word' id='word_1_424' title='bbox 2124 3172 2275 3231; x_wconf 52' lang='lat' dir='ltr'><strong>ante:</strong></span> <span class='ocrx_word' id='word_1_425' title='bbox 2314 3164 2452 3218; x_wconf 72' lang='lat' dir='ltr'><strong>bene</strong></span> <span class='ocrx_word' id='word_1_426' title='bbox 2494 3165 2861 3256; x_wconf 76' lang='lat' dir='ltr'><strong>decenterque</strong></span> <span class='ocrx_word' id='word_1_427' title='bbox 2897 3174 3283 3234; x_wconf 70' lang='grc' dir='ltr'><strong>ΡΓοοιπθηιυτν</strong></span> <span class='ocrx_word' id='word_1_428' title='bbox 3318 3173 3375 3220; x_wconf 70' lang='grc' dir='ltr'><strong>ει</strong></span> <span class='ocrx_word' id='word_1_429' title='bbox 3403 3166 3506 3219; x_wconf 70' lang='lat' dir='ltr'><strong>Sibi</strong></span> <span class='ocrx_word' id='word_1_430' title='bbox 3532 3164 3693 3256; x_wconf 57' lang='grc' dir='ltr'>θυῖε*</span> 
     </span>
    </p>
   </div>
   <div class='ocr_carea' id='block_1_61' title="bbox 451 3255 2030 3359">
    <p class='ocr_par' dir='ltr' id='par_1_61' title="bbox 451 3255 2022 3349">
     <span class='ocr_line' id='line_1_61' title="bbox 451 3255 2022 3349; baseline -0.005 -18"><span class='ocrx_word' id='word_1_431' title='bbox 451 3278 553 3332; x_wconf 81' lang='grc' dir='ltr'>τοῦ</span> <span class='ocrx_word' id='word_1_432' title='bbox 576 3255 842 3348; x_wconf 82' lang='grc' dir='ltr'>προτέρου</span> <span class='ocrx_word' id='word_1_433' title='bbox 866 3277 1057 3347; x_wconf 85' lang='grc' dir='ltr'>χρόνου</span> <span class='ocrx_word' id='word_1_434' title='bbox 1095 3276 1367 3349; x_wconf 75' lang='grc' dir='ltr'>πρὸς’τὴν</span> <span class='ocrx_word' id='word_1_435' title='bbox 1402 3275 1672 3343; x_wconf 80' lang='grc' dir='ltr'>διοίκησιν</span> <span class='ocrx_word' id='word_1_436' title='bbox 1699 3272 1810 3325; x_wconf 88' lang='grc' dir='ltr'><strong>τῶν</strong></span> <span class='ocrx_word' id='word_1_437' title='bbox 1842 3287 2022 3343; x_wconf 91' lang='grc' dir='ltr'>πραγ-</span> 
     </span>
    </p>
   </div>
   <div class='ocr_carea' id='block_1_62' title="bbox 2134 3255 3695 3359">
    <p class='ocr_par' dir='ltr' id='par_1_62' title="bbox 2134 3255 3695 3326">
     <span class='ocr_line' id='line_1_62' title="bbox 2134 3255 3695 3326; baseline 0 -15"><span class='ocrx_word' id='word_1_438' title='bbox 2134 3264 2235 3311; x_wconf 84' lang='lat' dir='ltr'><strong>lem</strong></span> <span class='ocrx_word' id='word_1_439' title='bbox 2284 3271 2347 3310; x_wconf 89' lang='lat' dir='ltr'><strong>ac</strong></span> <span class='ocrx_word' id='word_1_440' title='bbox 2395 3255 2775 3310; x_wconf 86' lang='lat' dir='ltr'><strong>remissionem</strong></span> <span class='ocrx_word' id='word_1_441' title='bbox 2809 3256 3048 3326; x_wconf 87' lang='lat' dir='ltr'><strong>aliquam</strong></span> <span class='ocrx_word' id='word_1_442' title='bbox 3082 3256 3515 3311; x_wconf 88' lang='lat' dir='ltr'><strong>concedendam.</strong></span> <span class='ocrx_word' id='word_1_443' title='bbox 3546 3255 3695 3319; x_wconf 86' lang='lat' dir='ltr'><strong>Con-</strong></span> 
     </span>
    </p>
   </div>
   <div class='ocr_carea' id='block_1_63' title="bbox 456 3348 2030 3440">
    <p class='ocr_par' dir='ltr' id='par_1_63' title="bbox 456 3348 2023 3440">
     <span class='ocr_line' id='line_1_63' title="bbox 456 3348 2023 3440; baseline -0.003 -18"><span class='ocrx_word' id='word_1_444' title='bbox 456 3369 646 3440; x_wconf 83' lang='grc' dir='ltr'>μάτων</span> <span class='ocrx_word' id='word_1_445' title='bbox 674 3368 910 3438; x_wconf 86' lang='grc' dir='ltr'>διηγεῖτο</span> <span class='ocrx_word' id='word_1_446' title='bbox 952 3348 1255 3433; x_wconf 13' lang='grc' dir='ltr'>πόνον,ίκαὶ</span> <span class='ocrx_word' id='word_1_447' title='bbox 1280 3367 1353 3429; x_wconf 83' lang='grc' dir='ltr'>ὦς</span> <span class='ocrx_word' id='word_1_448' title='bbox 1380 3366 1491 3420; x_wconf 89' lang='grc' dir='ltr'><strong>τῶν</strong></span> <span class='ocrx_word' id='word_1_449' title='bbox 1524 3365 1801 3435; x_wconf 73' lang='grc' dir='ltr'>ἐμφυλίων</span> <span class='ocrx_word' id='word_1_450' title='bbox 1833 3365 2023 3418; x_wconf 81' lang='grc' dir='ltr'>κακῶν</span> 
     </span>
    </p>
   </div>
   <div class='ocr_carea' id='block_1_64' title="bbox 2134 3348 3685 3440">
    <p class='ocr_par' dir='ltr' id='par_1_64' title="bbox 2134 3348 3685 3417">
     <span class='ocr_line' id='line_1_64' title="bbox 2134 3348 3685 3417; baseline -0.001 -13"><span class='ocrx_word' id='word_1_451' title='bbox 2134 3363 2409 3404; x_wconf 82' lang='lat' dir='ltr'><strong>cessurum</strong></span> <span class='ocrx_word' id='word_1_452' title='bbox 2454 3356 2635 3402; x_wconf 86' lang='lat' dir='ltr'><strong>autem</strong></span> <span class='ocrx_word' id='word_1_453' title='bbox 2664 3389 2678 3413; x_wconf 91' lang='lat'><strong>,</strong></span> <span class='ocrx_word' id='word_1_454' title='bbox 2730 3348 2776 3401; x_wconf 91' lang='lat' dir='ltr'><strong>si</strong></span> <span class='ocrx_word' id='word_1_455' title='bbox 2826 3348 3300 3417; x_wconf 84' lang='lat' dir='ltr'><strong>imperatoriarum</strong></span> <span class='ocrx_word' id='word_1_456' title='bbox 3351 3350 3685 3415; x_wconf 82' lang='lat' dir='ltr'><strong>litterarum,</strong></span> 
     </span>
    </p>
   </div>
   <div class='ocr_carea' id='block_1_65' title="bbox 452 3434 2030 3533">
    <p class='ocr_par' dir='ltr' id='par_1_65' title="bbox 452 3456 2023 3533">
     <span class='ocr_line' id='line_1_65' title="bbox 452 3456 2023 3533; baseline 0.001 -21"><span class='ocrx_word' id='word_1_457' title='bbox 452 3461 558 3533; x_wconf 68' lang='grc' dir='ltr'>ἥδη</span> <span class='ocrx_word' id='word_1_458' title='bbox 584 3458 975 3530; x_wconf 80' lang='grc' dir='ltr'>πεπαυμένων,</span> <span class='ocrx_word' id='word_1_459' title='bbox 1003 3461 1097 3513; x_wconf 72' lang='grc' dir='ltr'><strong>καὶ</strong></span> <span class='ocrx_word' id='word_1_460' title='bbox 1122 3459 1356 3529; x_wconf 72' lang='grc' dir='ltr'>ὑποψίας</span> <span class='ocrx_word' id='word_1_461' title='bbox 1388 3456 1553 3529; x_wconf 76' lang='grc' dir='ltr'>οὔσης</span> <span class='ocrx_word' id='word_1_462' title='bbox 1583 3458 1866 3529; x_wconf 76' lang='grc' dir='ltr'>οὐδεμιᾶς,</span> <span class='ocrx_word' id='word_1_463' title='bbox 1904 3459 2023 3513; x_wconf 81' lang='grc' dir='ltr'>δέον</span> 
     </span>
    </p>
   </div>
   <div class='ocr_carea' id='block_1_66' title="bbox 2134 3434 3692 3533">
    <p class='ocr_par' dir='ltr' id='par_1_66' title="bbox 2134 3434 3692 3504">
     <span class='ocr_line' id='line_1_66' title="bbox 2134 3434 3692 3504; baseline 0 -14"><span class='ocrx_word' id='word_1_464' title='bbox 2134 3445 2179 3490; x_wconf 74' lang='lat' dir='ltr'><strong>et</strong></span> <span class='ocrx_word' id='word_1_465' title='bbox 2227 3435 2363 3499; x_wconf 81' lang='lat' dir='ltr'><strong>ﬁsci,</strong></span> <span class='ocrx_word' id='word_1_466' title='bbox 2411 3443 2465 3489; x_wconf 90' lang='lat' dir='ltr'><strong>et</strong></span> <span class='ocrx_word' id='word_1_467' title='bbox 2516 3435 2858 3489; x_wconf 77' lang='lat' dir='ltr'><strong>exactionum</strong></span> <span class='ocrx_word' id='word_1_468' title='bbox 2912 3434 3292 3504; x_wconf 70' lang='lat' dir='ltr'><strong>przeiecturam</strong></span> <span class='ocrx_word' id='word_1_469' title='bbox 3351 3437 3404 3490; x_wconf 91' lang='lat' dir='ltr'><strong>in</strong></span> <span class='ocrx_word' id='word_1_470' title='bbox 3460 3438 3692 3491; x_wconf 88' lang='lat' dir='ltr'><strong>alterum</strong></span> 
     </span>
    </p>
   </div>
   <div class='ocr_carea' id='block_1_67' title="bbox 454 3525 2030 3626">
    <p class='ocr_par' dir='ltr' id='par_1_67' title="bbox 454 3525 2022 3621">
     <span class='ocr_line' id='line_1_67' title="bbox 454 3525 2022 3621; baseline 0 -17"><span class='ocrx_word' id='word_1_471' title='bbox 454 3525 712 3619; x_wconf 67' lang='grc' dir='ltr'>πρόνοιάν</span> <span class='ocrx_word' id='word_1_472' title='bbox 733 3525 854 3605; x_wconf 74' lang='grc' dir='ltr'>τινα</span> <span class='ocrx_word' id='word_1_473' title='bbox 878 3549 1208 3621; x_wconf 85' lang='grc' dir='ltr'>ποιήσασθαι</span> <span class='ocrx_word' id='word_1_474' title='bbox 1235 3525 1375 3602; x_wconf 86' lang='grc' dir='ltr'>ῶστε</span> <span class='ocrx_word' id='word_1_475' title='bbox 1408 3550 1480 3603; x_wconf 86' lang='grc' dir='ltr'><strong>τά</strong></span> <span class='ocrx_word' id='word_1_476' title='bbox 1504 3525 1563 3601; x_wconf 79' lang='grc' dir='ltr'><strong>τε</strong></span> <span class='ocrx_word' id='word_1_477' title='bbox 1591 3525 1891 3618; x_wconf 78' lang='grc' dir='ltr'>πράγματα</span> <span class='ocrx_word' id='word_1_478' title='bbox 1915 3551 2022 3604; x_wconf 83' lang='grc' dir='ltr'><strong>ὥσ-</strong></span> 
     </span>
    </p>
   </div>
   <div class='ocr_carea' id='block_1_68' title="bbox 2134 3525 3697 3626">
    <p class='ocr_par' dir='ltr' id='par_1_68' title="bbox 2134 3525 3697 3609">
     <span class='ocr_line' id='line_1_68' title="bbox 2134 3525 3697 3609; baseline 0.003 -29"><span class='ocrx_word' id='word_1_479' title='bbox 2134 3525 2435 3589; x_wconf 83' lang='lat' dir='ltr'><strong>transferat,</strong></span> <span class='ocrx_word' id='word_1_480' title='bbox 2496 3541 2658 3595; x_wconf 90' lang='lat' dir='ltr'><strong>quem</strong></span> <span class='ocrx_word' id='word_1_481' title='bbox 2694 3541 2793 3580; x_wconf 92' lang='lat' dir='ltr'><strong>suo</strong></span> <span class='ocrx_word' id='word_1_482' title='bbox 2827 3526 3097 3582; x_wconf 88' lang='lat' dir='ltr'><strong>arbitratu</strong></span> <span class='ocrx_word' id='word_1_483' title='bbox 3130 3529 3413 3601; x_wconf 78' lang='lat' dir='ltr'><strong>delegerit.</strong></span> <span class='ocrx_word' id='word_1_484' title='bbox 3447 3529 3697 3609; x_wconf 60' lang='lat' dir='ltr'><strong>liespon-</strong></span> 
     </span>
    </p>
   </div>
   <div class='ocr_carea' id='block_1_69' title="bbox 454 3614 2030 3714">
    <p class='ocr_par' dir='ltr' id='par_1_69' title="bbox 454 3614 2025 3714">
     <span class='ocr_line' id='line_1_69' title="bbox 454 3614 2025 3714; baseline -0.002 -18"><span class='ocrx_word' id='word_1_485' title='bbox 454 3614 567 3714; x_wconf 73' lang='grc' dir='ltr'><strong>περ</strong></span> <span class='ocrx_word' id='word_1_486' title='bbox 583 3641 843 3712; x_wconf 83' lang='grc' dir='ltr'>πρότερον</span> <span class='ocrx_word' id='word_1_487' title='bbox 867 3614 1047 3704; x_wconf 87' lang='grc' dir='ltr'>καλῶς</span> <span class='ocrx_word' id='word_1_488' title='bbox 1068 3641 1163 3693; x_wconf 76' lang='grc' dir='ltr'><strong>καὶ</strong></span> <span class='ocrx_word' id='word_1_489' title='bbox 1183 3639 1257 3703; x_wconf 85' lang='grc' dir='ltr'><strong>ὡς</strong></span> <span class='ocrx_word' id='word_1_490' title='bbox 1278 3639 1398 3693; x_wconf 87' lang='grc' dir='ltr'>δέον</span> <span class='ocrx_word' id='word_1_491' title='bbox 1423 3614 1768 3701; x_wconf 34' lang='grc' dir='ltr'>διοικεῖσθαι..</span> <span class='ocrx_word' id='word_1_492' title='bbox 1798 3641 1893 3694; x_wconf 79' lang='grc' dir='ltr'><strong>καὶ</strong></span> <span class='ocrx_word' id='word_1_493' title='bbox 1923 3641 2025 3695; x_wconf 83' lang='grc' dir='ltr'>αὑ-</span> 
     </span>
    </p>
   </div>
   <div class='ocr_carea' id='block_1_70' title="bbox 2134 3614 3727 3714">
    <p class='ocr_par' dir='ltr' id='par_1_70' title="bbox 2134 3614 3727 3685">
     <span class='ocr_line' id='line_1_70' title="bbox 2134 3614 3727 3685; baseline 0 -16"><span class='ocrx_word' id='word_1_494' title='bbox 2134 3614 2205 3669; x_wconf 77' lang='lat' dir='ltr'><strong>dit</strong></span> <span class='ocrx_word' id='word_1_495' title='bbox 2229 3614 2556 3682; x_wconf 87' lang='lat' dir='ltr'><strong>imperator,</strong></span> <span class='ocrx_word' id='word_1_496' title='bbox 2587 3628 2692 3669; x_wconf 88' lang='lat' dir='ltr'><strong>nec</strong></span> <span class='ocrx_word' id='word_1_497' title='bbox 2723 3628 2780 3668; x_wconf 89' lang='lat' dir='ltr'><strong>se</strong></span> <span class='ocrx_word' id='word_1_498' title='bbox 2812 3614 3065 3685; x_wconf 81' lang='lat' dir='ltr'><strong>ignorare</strong></span> <span class='ocrx_word' id='word_1_499' title='bbox 3093 3627 3329 3685; x_wconf 87' lang='lat' dir='ltr'><strong>quantos</strong></span> <span class='ocrx_word' id='word_1_500' title='bbox 3362 3617 3453 3673; x_wconf 76' lang='lat' dir='ltr'><strong>ille</strong></span> <span class='ocrx_word' id='word_1_501' title='bbox 3476 3618 3698 3675; x_wconf 87' lang='lat' dir='ltr'><strong>labores</strong></span> <span class='ocrx_word' id='word_1_502' title='bbox 3724 3664 3727 3669; x_wconf 16' lang='grc' dir='ltr'><strong>ι</strong></span> 
     </span>
    </p>
   </div>
   <div class='ocr_carea' id='block_1_71' title="bbox 451 3712 2030 3805">
    <p class='ocr_par' dir='ltr' id='par_1_71' title="bbox 451 3712 2027 3805">
     <span class='ocr_line' id='line_1_71' title="bbox 451 3712 2027 3805; baseline -0.005 -13"><span class='ocrx_word' id='word_1_503' title='bbox 451 3712 549 3792; x_wconf 77' lang='grc' dir='ltr'><strong>τὸν</strong></span> <span class='ocrx_word' id='word_1_504' title='bbox 605 3734 923 3805; x_wconf 85' lang='grc' dir='ltr'>ἀναπαύλης</span> <span class='ocrx_word' id='word_1_505' title='bbox 956 3733 1099 3797; x_wconf 78' lang='grc' dir='ltr'>τινὸς</span> <span class='ocrx_word' id='word_1_506' title='bbox 1135 3732 1451 3803; x_wconf 80' lang='grc' dir='ltr'>τυγχάνειν.</span> <span class='ocrx_word' id='word_1_507' title='bbox 1512 3731 1681 3785; x_wconf 86' lang='grc' dir='ltr'>Τοῦτο</span> <span class='ocrx_word' id='word_1_508' title='bbox 1732 3732 1789 3784; x_wconf 82' lang='grc' dir='ltr'><strong>δέ</strong></span> <span class='ocrx_word' id='word_1_509' title='bbox 1830 3732 2027 3801; x_wconf 83' lang='grc' dir='ltr'>γένοιτ’</span> 
     </span>
    </p>
   </div>
   <div class='ocr_carea' id='block_1_72' title="bbox 2134 3712 3697 3805">
    <p class='ocr_par' dir='ltr' id='par_1_72' title="bbox 2134 3712 3697 3787">
     <span class='ocr_line' id='line_1_72' title="bbox 2134 3712 3697 3787; baseline 0.003 -20"><span class='ocrx_word' id='word_1_510' title='bbox 2134 3715 2394 3768; x_wconf 81' lang='lat' dir='ltr'><strong>hactenus</strong></span> <span class='ocrx_word' id='word_1_511' title='bbox 2443 3712 2725 3780; x_wconf 87' lang='lat' dir='ltr'><strong>subiisset,</strong></span> <span class='ocrx_word' id='word_1_512' title='bbox 2764 3729 2891 3771; x_wconf 91' lang='lat' dir='ltr'><strong>cum</strong></span> <span class='ocrx_word' id='word_1_513' title='bbox 2927 3731 3069 3771; x_wconf 89' lang='lat' dir='ltr'><strong>unus</strong></span> <span class='ocrx_word' id='word_1_514' title='bbox 3111 3718 3372 3774; x_wconf 90' lang='lat' dir='ltr'><strong>omnibus</strong></span> <span class='ocrx_word' id='word_1_515' title='bbox 3405 3727 3697 3787; x_wconf 65' lang='lat' dir='ltr'><strong>praeesset,</strong></span> 
     </span>
    </p>
   </div>
   <div class='ocr_carea' id='block_1_73' title="bbox 451 3813 2030 3897">
    <p class='ocr_par' dir='ltr' id='par_1_73' title="bbox 451 3824 2024 3897">
     <span class='ocr_line' id='line_1_73' title="bbox 451 3824 2024 3897; baseline -0.003 -14"><span class='ocrx_word' id='word_1_516' title='bbox 451 3827 547 3894; x_wconf 69' lang='grc' dir='ltr'>ἂν,</span> <span class='ocrx_word' id='word_1_517' title='bbox 576 3830 624 3880; x_wconf 84' lang='grc' dir='ltr'><strong>εί</strong></span> <span class='ocrx_word' id='word_1_518' title='bbox 652 3827 753 3897; x_wconf 87' lang='grc' dir='ltr'><strong>τήν</strong></span> <span class='ocrx_word' id='word_1_519' title='bbox 772 3844 833 3879; x_wconf 88' lang='grc' dir='ltr'><strong>τε</strong></span> <span class='ocrx_word' id='word_1_520' title='bbox 850 3826 958 3881; x_wconf 89' lang='grc' dir='ltr'>τῶν</span> <span class='ocrx_word' id='word_1_521' title='bbox 984 3824 1286 3896; x_wconf 85' lang='grc' dir='ltr'>βασιλικῶν</span> <span class='ocrx_word' id='word_1_522' title='bbox 1310 3824 1657 3897; x_wconf 79' lang='grc' dir='ltr'>γραμμάτων</span> <span class='ocrx_word' id='word_1_523' title='bbox 1678 3825 2024 3889; x_wconf 73' lang='grc' dir='ltr'>ἐπιστασίαν,</span> 
     </span>
    </p>
   </div>
   <div class='ocr_carea' id='block_1_74' title="bbox 2134 3813 3697 3897">
    <p class='ocr_par' dir='ltr' id='par_1_74' title="bbox 2134 3813 3697 3888">
     <span class='ocr_line' id='line_1_74' title="bbox 2134 3813 3697 3888; baseline 0.004 -19"><span class='ocrx_word' id='word_1_524' title='bbox 2134 3813 2224 3869; x_wconf 85' lang='lat' dir='ltr'><strong>sed</strong></span> <span class='ocrx_word' id='word_1_525' title='bbox 2257 3814 2430 3884; x_wconf 89' lang='lat' dir='ltr'><strong>probe</strong></span> <span class='ocrx_word' id='word_1_526' title='bbox 2462 3829 2645 3881; x_wconf 90' lang='lat' dir='ltr'><strong>nosse,</strong></span> <span class='ocrx_word' id='word_1_527' title='bbox 2671 3824 2727 3870; x_wconf 93' lang='lat' dir='ltr'><strong>et</strong></span> <span class='ocrx_word' id='word_1_528' title='bbox 2763 3830 3109 3888; x_wconf 90' lang='lat' dir='ltr'><strong>summopere</strong></span> <span class='ocrx_word' id='word_1_529' title='bbox 3140 3817 3499 3885; x_wconf 75' lang='lat' dir='ltr'><strong>admiratum,</strong></span> <span class='ocrx_word' id='word_1_530' title='bbox 3514 3820 3697 3874; x_wconf 87' lang='lat' dir='ltr'><strong>solum</strong></span> 
     </span>
    </p>
   </div>
   <div class='ocr_carea' id='block_1_75' title="bbox 455 3916 2030 3990">
    <p class='ocr_par' dir='ltr' id='par_1_75' title="bbox 455 3916 2009 3988">
     <span class='ocr_line' id='line_1_75' title="bbox 455 3916 2009 3988; baseline -0.005 -13"><span class='ocrx_word' id='word_1_531' title='bbox 455 3919 554 3974; x_wconf 73' lang='grc' dir='ltr'>καὶ</span> <span class='ocrx_word' id='word_1_532' title='bbox 581 3918 679 3987; x_wconf 77' lang='grc' dir='ltr'><strong>τὴν</strong></span> <span class='ocrx_word' id='word_1_533' title='bbox 713 3919 807 3970; x_wconf 85' lang='grc' dir='ltr'><strong>ἐπί</strong></span> <span class='ocrx_word' id='word_1_534' title='bbox 827 3917 921 3971; x_wconf 81' lang='grc' dir='ltr'><strong>τοῦ</strong></span> <span class='ocrx_word' id='word_1_535' title='bbox 945 3917 1054 3972; x_wconf 88' lang='grc' dir='ltr'><strong>τῶν</strong></span> <span class='ocrx_word' id='word_1_536' title='bbox 1085 3916 1382 3988; x_wconf 84' lang='grc' dir='ltr'>βασιλικῶν</span> <span class='ocrx_word' id='word_1_537' title='bbox 1410 3916 1710 3986; x_wconf 84' lang='grc' dir='ltr'>χρημάτων</span> <span class='ocrx_word' id='word_1_538' title='bbox 1735 3917 2009 3986; x_wconf 79' lang='grc' dir='ltr'>ταμιείου,</span> 
     </span>
    </p>
   </div>
   <div class='ocr_carea' id='block_1_76' title="bbox 2134 3916 3702 3990">
    <p class='ocr_par' dir='ltr' id='par_1_76' title="bbox 2134 3916 3702 3990">
     <span class='ocr_line' id='line_1_76' title="bbox 2134 3916 3702 3990; baseline 0.004 -21"><span class='ocrx_word' id='word_1_539' title='bbox 2134 3924 2292 3970; x_wconf 79' lang='lat' dir='ltr'><strong>tantae</strong></span> <span class='ocrx_word' id='word_1_540' title='bbox 2335 3916 2679 3985; x_wconf 78' lang='lat' dir='ltr'><strong>negotiorum</strong></span> <span class='ocrx_word' id='word_1_541' title='bbox 2714 3917 2844 3971; x_wconf 91' lang='lat' dir='ltr'><strong>moli</strong></span> <span class='ocrx_word' id='word_1_542' title='bbox 2876 3919 3212 3973; x_wconf 68' lang='lat' dir='ltr'><strong>sustinenda:</strong></span> <span class='ocrx_word' id='word_1_543' title='bbox 3241 3933 3426 3987; x_wconf 86' lang='lat' dir='ltr'><strong>parem</strong></span> <span class='ocrx_word' id='word_1_544' title='bbox 3458 3934 3580 3974; x_wconf 88' lang='lat' dir='ltr'><strong>esse</strong></span> <span class='ocrx_word' id='word_1_545' title='bbox 3611 3936 3702 3990; x_wconf 87' lang='lat' dir='ltr'><strong>po-</strong></span> 
     </span>
    </p>
   </div>
   <div class='ocr_carea' id='block_1_77' title="bbox 456 4006 2030 4080">
    <p class='ocr_par' dir='ltr' id='par_1_77' title="bbox 456 4007 2028 4079">
     <span class='ocr_line' id='line_1_77' title="bbox 456 4007 2028 4079; baseline -0.004 -14"><span class='ocrx_word' id='word_1_546' title='bbox 456 4010 541 4065; x_wconf 82' lang='grc' dir='ltr'>ιτι</span> <span class='ocrx_word' id='word_1_547' title='bbox 574 4010 632 4064; x_wconf 82' lang='grc' dir='ltr'><strong>δέ</strong></span> <span class='ocrx_word' id='word_1_548' title='bbox 662 4010 756 4063; x_wconf 79' lang='grc' dir='ltr'>καὶ</span> <span class='ocrx_word' id='word_1_549' title='bbox 786 4010 886 4079; x_wconf 69' lang='grc' dir='ltr'><strong>τὴν</strong></span> <span class='ocrx_word' id='word_1_550' title='bbox 913 4008 1006 4063; x_wconf 71' lang='grc' dir='ltr'>ἐπὶ</span> <span class='ocrx_word' id='word_1_551' title='bbox 1050 4007 1157 4061; x_wconf 87' lang='grc' dir='ltr'><strong>τῶν</strong></span> <span class='ocrx_word' id='word_1_552' title='bbox 1219 4008 1655 4076; x_wconf 82' lang='grc' dir='ltr'>εἰσπραττόντων</span> <span class='ocrx_word' id='word_1_553' title='bbox 1698 4009 1822 4068; x_wconf 76' lang='grc' dir='ltr'>τοὺς</span> <span class='ocrx_word' id='word_1_554' title='bbox 1859 4008 2028 4076; x_wconf 83' lang='grc' dir='ltr'>δημο-</span> 
     </span>
    </p>
   </div>
   <div class='ocr_carea' id='block_1_78' title="bbox 2134 4006 3701 4080">
    <p class='ocr_par' dir='ltr' id='par_1_78' title="bbox 2134 4006 3701 4080">
     <span class='ocr_line' id='line_1_78' title="bbox 2134 4006 3701 4080; baseline 0.004 -21"><span class='ocrx_word' id='word_1_555' title='bbox 2134 4006 2321 4060; x_wconf 90' lang='lat' dir='ltr'><strong>tuisse.</strong></span> <span class='ocrx_word' id='word_1_556' title='bbox 2359 4006 2630 4060; x_wconf 72' lang='lat' dir='ltr'><strong>Praeterea</strong></span> <span class='ocrx_word' id='word_1_557' title='bbox 2666 4006 2911 4062; x_wconf 87' lang='lat' dir='ltr'><strong>doluisse</strong></span> <span class='ocrx_word' id='word_1_558' title='bbox 2950 4008 3392 4079; x_wconf 84' lang='lat' dir='ltr'><strong>fortunam-ejus,</strong></span> <span class='ocrx_word' id='word_1_559' title='bbox 3422 4024 3545 4064; x_wconf 91' lang='lat' dir='ltr'><strong>cum</strong></span> <span class='ocrx_word' id='word_1_560' title='bbox 3573 4013 3701 4080; x_wconf 85' lang='lat' dir='ltr'><strong>qui-</strong></span> 
     </span>
    </p>
   </div>
   <div class='ocr_carea' id='block_1_79' title="bbox 459 4093 2030 4172">
    <p class='ocr_par' dir='ltr' id='par_1_79' title="bbox 459 4096 2028 4172">
     <span class='ocr_line' id='line_1_79' title="bbox 459 4096 2028 4172; baseline -0.004 -16"><span class='ocrx_word' id='word_1_561' title='bbox 459 4102 611 4165; x_wconf 84' lang='grc' dir='ltr'>σίους</span> <span class='ocrx_word' id='word_1_562' title='bbox 644 4103 846 4172; x_wconf 85' lang='grc' dir='ltr'>φόρους</span> <span class='ocrx_word' id='word_1_563' title='bbox 875 4099 1125 4154; x_wconf 82' lang='grc' dir='ltr'>ἀναθεῖεν</span> <span class='ocrx_word' id='word_1_564' title='bbox 1159 4099 1334 4169; x_wconf 83' lang='grc' dir='ltr'>ἐτέρῳ</span> <span class='ocrx_word' id='word_1_565' title='bbox 1366 4101 1494 4163; x_wconf 70' lang='grc' dir='ltr'>τινὶ,</span> <span class='ocrx_word' id='word_1_566' title='bbox 1528 4096 1589 4151; x_wconf 84' lang='grc' dir='ltr'>δν</span> <span class='ocrx_word' id='word_1_567' title='bbox 1619 4098 1687 4152; x_wconf 76' lang='grc' dir='ltr'>ἂν</span> <span class='ocrx_word' id='word_1_568' title='bbox 1737 4098 2028 4166; x_wconf 76' lang='grc' dir='ltr'>ἐκλέξηται</span> 
     </span>
    </p>
   </div>
   <div class='ocr_carea' id='block_1_80' title="bbox 2134 4093 3700 4172">
    <p class='ocr_par' dir='ltr' id='par_1_80' title="bbox 2134 4093 3700 4166">
     <span class='ocr_line' id='line_1_80' title="bbox 2134 4093 3700 4166; baseline 0.006 -20"><span class='ocrx_word' id='word_1_569' title='bbox 2134 4094 2235 4147; x_wconf 91' lang='lat' dir='ltr'><strong>bus</strong></span> <span class='ocrx_word' id='word_1_570' title='bbox 2296 4100 2639 4162; x_wconf 88' lang='lat' dir='ltr'><strong>premeretur</strong></span> <span class='ocrx_word' id='word_1_571' title='bbox 2689 4093 2973 4158; x_wconf 88' lang='lat' dir='ltr'><strong>oneribus,</strong></span> <span class='ocrx_word' id='word_1_572' title='bbox 3022 4109 3210 4149; x_wconf 90' lang='lat' dir='ltr'><strong>secum</strong></span> <span class='ocrx_word' id='word_1_573' title='bbox 3260 4097 3546 4166; x_wconf 76' lang='lat' dir='ltr'><strong>cogitaret.</strong></span> <span class='ocrx_word' id='word_1_574' title='bbox 3592 4097 3700 4154; x_wconf 86' lang='lat' dir='ltr'><strong>Sed</strong></span> 
     </span>
    </p>
   </div>
   <div class='ocr_carea' id='block_1_81' title="bbox 456 4182 2030 4259">
    <p class='ocr_par' dir='ltr' id='par_1_81' title="bbox 456 4189 2022 4259">
     <span class='ocr_line' id='line_1_81' title="bbox 456 4189 2022 4259; baseline -0.004 -10"><span class='ocrx_word' id='word_1_575' title='bbox 456 4196 641 4255; x_wconf 80' lang='grc' dir='ltr'>αὐτός.</span> <span class='ocrx_word' id='word_1_576' title='bbox 690 4194 955 4256; x_wconf 84' lang='grc' dir='ltr'>Βασιλεὺς</span> <span class='ocrx_word' id='word_1_577' title='bbox 1002 4193 1058 4246; x_wconf 76' lang='grc' dir='ltr'>δὲ</span> <span class='ocrx_word' id='word_1_578' title='bbox 1134 4190 1254 4244; x_wconf 85' lang='grc' dir='ltr'><strong>οὐδέ</strong></span> <span class='ocrx_word' id='word_1_579' title='bbox 1311 4190 1472 4253; x_wconf 84' lang='grc' dir='ltr'>αὐτὸς</span> <span class='ocrx_word' id='word_1_580' title='bbox 1523 4189 1761 4259; x_wconf 75' lang='grc' dir='ltr'>ἔφασκεν</span> <span class='ocrx_word' id='word_1_581' title='bbox 1806 4191 2022 4259; x_wconf 82' lang='grc' dir='ltr'>ἀγνοεῖν</span> 
     </span>
    </p>
   </div>
   <div class='ocr_carea' id='block_1_82' title="bbox 2134 4182 3703 4259">
    <p class='ocr_par' dir='ltr' id='par_1_82' title="bbox 2134 4182 3703 4259">
     <span class='ocr_line' id='line_1_82' title="bbox 2134 4182 3703 4259; baseline 0.004 -22"><span class='ocrx_word' id='word_1_582' title='bbox 2134 4198 2256 4237; x_wconf 89' lang='lat' dir='ltr'><strong>cum</strong></span> <span class='ocrx_word' id='word_1_583' title='bbox 2304 4182 2422 4252; x_wconf 88' lang='lat' dir='ltr'><strong>ipse</strong></span> <span class='ocrx_word' id='word_1_584' title='bbox 2456 4197 2675 4252; x_wconf 91' lang='lat' dir='ltr'><strong>quoque</strong></span> <span class='ocrx_word' id='word_1_585' title='bbox 2713 4183 3107 4248; x_wconf 84' lang='lat' dir='ltr'><strong>consideraret,</strong></span> <span class='ocrx_word' id='word_1_586' title='bbox 3137 4186 3284 4254; x_wconf 87' lang='lat' dir='ltr'><strong>quod</strong></span> <span class='ocrx_word' id='word_1_587' title='bbox 3309 4185 3541 4253; x_wconf 76' lang='lat' dir='ltr'><strong>dixerat,</strong></span> <span class='ocrx_word' id='word_1_588' title='bbox 3567 4205 3703 4259; x_wconf 83' lang='lat' dir='ltr'><strong>quo-</strong></span> 
     </span>
    </p>
   </div>
   <div class='ocr_carea' id='block_1_83' title="bbox 456 4274 2030 4355">
    <p class='ocr_par' dir='ltr' id='par_1_83' title="bbox 456 4280 2030 4355">
     <span class='ocr_line' id='line_1_83' title="bbox 456 4280 2030 4355; baseline -0.006 -14"><span class='ocrx_word' id='word_1_589' title='bbox 456 4287 584 4342; x_wconf 80' lang='grc' dir='ltr'>δσον</span> <span class='ocrx_word' id='word_1_590' title='bbox 602 4285 797 4339; x_wconf 64' lang='grc' dir='ltr'>ἐπ).τοῦ</span> <span class='ocrx_word' id='word_1_591' title='bbox 817 4282 1085 4355; x_wconf 78' lang='grc' dir='ltr'>προτέρου</span> <span class='ocrx_word' id='word_1_592' title='bbox 1113 4281 1307 4353; x_wconf 87' lang='grc' dir='ltr'>χρόνου</span> <span class='ocrx_word' id='word_1_593' title='bbox 1323 4281 1589 4350; x_wconf 80' lang='grc' dir='ltr'>ὑφίστατο</span> <span class='ocrx_word' id='word_1_594' title='bbox 1607 4281 1697 4333; x_wconf 81' lang='grc' dir='ltr'>τὸν</span> <span class='ocrx_word' id='word_1_595' title='bbox 1717 4280 1903 4347; x_wconf 86' lang='grc' dir='ltr'>πόνον,</span> <span class='ocrx_word' id='word_1_596' title='bbox 1926 4280 2030 4332; x_wconf 77' lang='grc' dir='ltr'><strong>πᾶ-</strong></span> 
     </span>
    </p>
   </div>
   <div class='ocr_carea' id='block_1_84' title="bbox 2134 4274 3705 4355">
    <p class='ocr_par' dir='ltr' id='par_1_84' title="bbox 2135 4274 3705 4355">
     <span class='ocr_line' id='line_1_84' title="bbox 2135 4274 3705 4355; baseline 0.006 -26"><span class='ocrx_word' id='word_1_597' title='bbox 2135 4275 2297 4331; x_wconf 91' lang='lat' dir='ltr'><strong>modo</strong></span> <span class='ocrx_word' id='word_1_598' title='bbox 2342 4284 2567 4346; x_wconf 88' lang='lat' dir='ltr'><strong>propter</strong></span> <span class='ocrx_word' id='word_1_599' title='bbox 2612 4274 2750 4329; x_wconf 89' lang='lat' dir='ltr'><strong>bella</strong></span> <span class='ocrx_word' id='word_1_600' title='bbox 2779 4274 2961 4330; x_wconf 87' lang='lat' dir='ltr'><strong>civilia</strong></span> <span class='ocrx_word' id='word_1_601' title='bbox 2994 4283 3050 4355; x_wconf 81' lang='lat' dir='ltr'><strong>et</strong></span> <span class='ocrx_word' id='word_1_602' title='bbox 3104 4276 3331 4332; x_wconf 84' lang='lat' dir='ltr'><strong>insidias</strong></span> <span class='ocrx_word' id='word_1_603' title='bbox 3356 4292 3483 4333; x_wconf 92' lang='lat' dir='ltr'><strong>eum</strong></span> <span class='ocrx_word' id='word_1_604' title='bbox 3509 4279 3705 4337; x_wconf 80' lang='lat' dir='ltr'><strong>adesse</strong></span> 
     </span>
    </p>
   </div>
   <div class='ocr_carea' id='block_1_85' title="bbox 459 4348 2030 4446">
    <p class='ocr_par' dir='ltr' id='par_1_85' title="bbox 459 4348 2030 4446">
     <span class='ocr_line' id='line_1_85' title="bbox 459 4348 2030 4446; baseline -0.005 -14"><span class='ocrx_word' id='word_1_605' title='bbox 459 4395 549 4432; x_wconf 89' lang='grc' dir='ltr'><strong>σιν</strong></span> <span class='ocrx_word' id='word_1_606' title='bbox 570 4377 729 4440; x_wconf 81' lang='grc' dir='ltr'>αὐτὸς</span> <span class='ocrx_word' id='word_1_607' title='bbox 758 4348 1097 4446; x_wconf 70' lang='grc' dir='ltr'>ἐφεστηκὼς·</span> <span class='ocrx_word' id='word_1_608' title='bbox 1113 4348 1264 4428; x_wconf 63' lang='grc' dir='ltr'><strong>⁷άλλὲι</strong></span> <span class='ocrx_word' id='word_1_609' title='bbox 1297 4348 1503 4427; x_wconf 73' lang='grc' dir='ltr'>εἰδέναι</span> <span class='ocrx_word' id='word_1_610' title='bbox 1521 4390 1579 4426; x_wconf 90' lang='grc' dir='ltr'><strong>τε</strong></span> <span class='ocrx_word' id='word_1_611' title='bbox 1594 4372 1800 4437; x_wconf 79' lang='grc' dir='ltr'>καλῶς,</span> <span class='ocrx_word' id='word_1_612' title='bbox 1820 4373 1915 4425; x_wconf 71' lang='grc' dir='ltr'>καὶ</span> <span class='ocrx_word' id='word_1_613' title='bbox 1931 4372 2030 4443; x_wconf 75' lang='grc' dir='ltr'><strong>οὐχ</strong></span> 
     </span>
    </p>
   </div>
   <div class='ocr_carea' id='block_1_86' title="bbox 2134 4348 3737 4446">
    <p class='ocr_par' dir='ltr' id='par_1_86' title="bbox 2134 4348 3737 4439">
     <span class='ocr_line' id='line_1_86' title="bbox 2134 4348 3737 4439; baseline -0.001 -16"><span class='ocrx_word' id='word_1_614' title='bbox 2134 4368 2412 4433; x_wconf 91' lang='lat' dir='ltr'><strong>omnibus,</strong></span> <span class='ocrx_word' id='word_1_615' title='bbox 2458 4376 2515 4422; x_wconf 90' lang='lat' dir='ltr'><strong>et</strong></span> <span class='ocrx_word' id='word_1_616' title='bbox 2557 4384 2653 4439; x_wconf 87' lang='lat' dir='ltr'><strong>per</strong></span> <span class='ocrx_word' id='word_1_617' title='bbox 2685 4383 2813 4424; x_wconf 91' lang='lat' dir='ltr'><strong>eum</strong></span> <span class='ocrx_word' id='word_1_618' title='bbox 2847 4368 2962 4422; x_wconf 83' lang='lat' dir='ltr'><strong>ﬁeri</strong></span> <span class='ocrx_word' id='word_1_619' title='bbox 2996 4348 3503 4439; x_wconf 63' lang='lat' dir='ltr'><strong>omniaOporteret,</strong></span> <span class='ocrx_word' id='word_1_620' title='bbox 3537 4372 3737 4426; x_wconf 50' lang='lat' dir='ltr'><strong>etiam.</strong></span> 
     </span>
    </p>
   </div>
   <div class='ocr_carea' id='block_1_87' title="bbox 455 4459 2030 4539">
    <p class='ocr_par' dir='ltr' id='par_1_87' title="bbox 455 4464 2030 4539">
     <span class='ocr_line' id='line_1_87' title="bbox 455 4464 2030 4539; baseline -0.003 -18"><span class='ocrx_word' id='word_1_621' title='bbox 455 4468 657 4539; x_wconf 75' lang='grc' dir='ltr'>ἥκιστα</span> <span class='ocrx_word' id='word_1_622' title='bbox 681 4466 868 4537; x_wconf 87' lang='grc' dir='ltr'>θαυμά</span> <span class='ocrx_word' id='word_1_623' title='bbox 880 4468 1009 4532; x_wconf 73' lang='grc' dir='ltr'>ζειν,</span> <span class='ocrx_word' id='word_1_624' title='bbox 1033 4468 1084 4519; x_wconf 86' lang='grc' dir='ltr'><strong>εί</strong></span> <span class='ocrx_word' id='word_1_625' title='bbox 1111 4465 1250 4536; x_wconf 85' lang='grc' dir='ltr'>πρὸς</span> <span class='ocrx_word' id='word_1_626' title='bbox 1291 4465 1562 4535; x_wconf 80' lang='grc' dir='ltr'>τοσαύτην</span> <span class='ocrx_word' id='word_1_627' title='bbox 1598 4464 1867 4533; x_wconf 86' lang='grc' dir='ltr'>διοίκησιν</span> <span class='ocrx_word' id='word_1_628' title='bbox 1894 4480 2030 4533; x_wconf 86' lang='grc' dir='ltr'>πρα-</span> 
     </span>
    </p>
   </div>
   <div class='ocr_carea' id='block_1_88' title="bbox 2134 4459 3705 4539">
    <p class='ocr_par' dir='ltr' id='par_1_88' title="bbox 2135 4459 3705 4533">
     <span class='ocr_line' id='line_1_88' title="bbox 2135 4459 3705 4533; baseline 0.003 -17"><span class='ocrx_word' id='word_1_629' title='bbox 2135 4462 2410 4517; x_wconf 89' lang='lat' dir='ltr'><strong>nolentem</strong></span> <span class='ocrx_word' id='word_1_630' title='bbox 2466 4469 2684 4533; x_wconf 87' lang='lat' dir='ltr'><strong>tempus</strong></span> <span class='ocrx_word' id='word_1_631' title='bbox 2729 4459 3048 4516; x_wconf 64' lang='lat' dir='ltr'><strong>extrasisse.</strong></span> <span class='ocrx_word' id='word_1_632' title='bbox 3080 4461 3239 4516; x_wconf 89' lang='lat' dir='ltr'><strong>Nunc</strong></span> <span class='ocrx_word' id='word_1_633' title='bbox 3265 4463 3523 4531; x_wconf 86' lang='lat' dir='ltr'><strong>quoniam</strong></span> <span class='ocrx_word' id='word_1_634' title='bbox 3561 4464 3705 4521; x_wconf 89' lang='lat' dir='ltr'><strong>Deus</strong></span> 
     </span>
    </p>
   </div>
   <div class='ocr_carea' id='block_1_89' title="bbox 458 4553 2030 4628">
    <p class='ocr_par' dir='ltr' id='par_1_89' title="bbox 458 4553 2030 4628">
     <span class='ocr_line' id='line_1_89' title="bbox 458 4553 2030 4628; baseline -0.003 -16"><span class='ocrx_word' id='word_1_635' title='bbox 458 4558 690 4628; x_wconf 82' lang='grc' dir='ltr'>γμάτων</span> <span class='ocrx_word' id='word_1_636' title='bbox 723 4553 804 4621; x_wconf 76' lang='grc' dir='ltr'>εἷς</span> <span class='ocrx_word' id='word_1_637' title='bbox 860 4556 937 4611; x_wconf 82' lang='grc' dir='ltr'>ὢν</span> <span class='ocrx_word' id='word_1_638' title='bbox 990 4557 1152 4619; x_wconf 79' lang='grc' dir='ltr'>αὐτὸς</span> <span class='ocrx_word' id='word_1_639' title='bbox 1197 4556 1452 4627; x_wconf 84' lang='grc' dir='ltr'>ἐξαρκεῖ·</span> <span class='ocrx_word' id='word_1_640' title='bbox 1490 4556 1572 4608; x_wconf 78' lang='grc' dir='ltr'><strong>ἐτι</strong></span> <span class='ocrx_word' id='word_1_641' title='bbox 1624 4556 1683 4609; x_wconf 84' lang='grc' dir='ltr'><strong>δέ</strong></span> <span class='ocrx_word' id='word_1_642' title='bbox 1715 4557 1810 4607; x_wconf 73' lang='grc' dir='ltr'><strong>καὶ</strong></span> <span class='ocrx_word' id='word_1_643' title='bbox 1846 4554 2030 4623; x_wconf 84' lang='grc' dir='ltr'>ἀλγεῖν</span> 
     </span>
    </p>
   </div>
   <div class='ocr_carea' id='block_1_90' title="bbox 2134 4553 3704 4628">
    <p class='ocr_par' dir='ltr' id='par_1_90' title="bbox 2139 4554 3704 4626">
     <span class='ocr_line' id='line_1_90' title="bbox 2139 4554 3704 4626; baseline 0.003 -19"><span class='ocrx_word' id='word_1_644' title='bbox 2139 4554 2529 4623; x_wconf 89' lang='lat' dir='ltr'><strong>rempublicam</strong></span> <span class='ocrx_word' id='word_1_645' title='bbox 2583 4554 2894 4609; x_wconf 90' lang='lat' dir='ltr'><strong>ordinasset</strong></span> <span class='ocrx_word' id='word_1_646' title='bbox 2934 4564 3098 4624; x_wconf 89' lang='lat' dir='ltr'><strong>atque</strong></span> <span class='ocrx_word' id='word_1_647' title='bbox 3145 4556 3542 4621; x_wconf 89' lang='lat' dir='ltr'><strong>constituisset,</strong></span> <span class='ocrx_word' id='word_1_648' title='bbox 3588 4558 3704 4626; x_wconf 87' lang='lat' dir='ltr'><strong>ipse</strong></span> 
     </span>
    </p>
   </div>
   <div class='ocr_carea' id='block_1_91' title="bbox 458 4644 2030 4728">
    <p class='ocr_par' dir='ltr' id='par_1_91' title="bbox 458 4644 2030 4728">
     <span class='ocr_line' id='line_1_91' title="bbox 458 4644 2030 4728; baseline -0.002 -29"><span class='ocrx_word' id='word_1_649' title='bbox 458 4647 604 4716; x_wconf 82' lang='grc' dir='ltr'>ὑπὲρ</span> <span class='ocrx_word' id='word_1_650' title='bbox 640 4646 810 4700; x_wconf 79' lang='grc' dir='ltr'>αὑτοῦ</span> <span class='ocrx_word' id='word_1_651' title='bbox 846 4649 938 4701; x_wconf 75' lang='grc' dir='ltr'>τὸν</span> <span class='ocrx_word' id='word_1_652' title='bbox 962 4647 1210 4716; x_wconf 85' lang='grc' dir='ltr'>κάματον</span> <span class='ocrx_word' id='word_1_653' title='bbox 1239 4644 1307 4699; x_wconf 83' lang='grc' dir='ltr'>δν</span> <span class='ocrx_word' id='word_1_654' title='bbox 1341 4645 1613 4715; x_wconf 77' lang='grc' dir='ltr'>ὑπέμενεν</span> <span class='ocrx_word' id='word_1_655' title='bbox 1637 4644 2030 4728; x_wconf 50' lang='grc' dir='ltr'>ἐννρῶνθοπερ</span> 
     </span>
    </p>
   </div>
   <div class='ocr_carea' id='block_1_92' title="bbox 2134 4644 3841 4728">
    <p class='ocr_par' dir='ltr' id='par_1_92' title="bbox 2141 4644 3841 4717">
     <span class='ocr_line' id='line_1_92' title="bbox 2141 4644 3841 4717; baseline 0 -19"><span class='ocrx_word' id='word_1_656' title='bbox 2141 4644 2321 4713; x_wconf 87' lang='lat' dir='ltr'><strong>potius</strong></span> <span class='ocrx_word' id='word_1_657' title='bbox 2339 4644 2406 4697; x_wconf 88' lang='lat' dir='ltr'><strong>ad</strong></span> <span class='ocrx_word' id='word_1_658' title='bbox 2430 4657 2495 4697; x_wconf 89' lang='lat' dir='ltr'><strong>ea</strong></span> <span class='ocrx_word' id='word_1_659' title='bbox 2515 4658 2638 4713; x_wconf 81' lang='lat' dir='ltr'><strong>quae</strong></span> <span class='ocrx_word' id='word_1_660' title='bbox 2657 4644 2993 4700; x_wconf 87' lang='lat' dir='ltr'><strong>nominasset</strong></span> <span class='ocrx_word' id='word_1_661' title='bbox 3010 4660 3236 4700; x_wconf 88' lang='lat' dir='ltr'><strong>munera</strong></span> <span class='ocrx_word' id='word_1_662' title='bbox 3262 4647 3515 4702; x_wconf 87' lang='lat' dir='ltr'><strong>obeunda</strong></span> <span class='ocrx_word' id='word_1_663' title='bbox 3539 4663 3703 4717; x_wconf 90' lang='lat' dir='ltr'><strong>quem</strong></span> <span class='ocrx_word' id='word_1_664' title='bbox 3734 4694 3738 4698; x_wconf 88' lang='lat'><strong>.</strong></span> <span class='ocrx_word' id='word_1_665' title='bbox 3834 4696 3841 4707; x_wconf 88' lang='grc'><strong>,</strong></span> 
     </span>
    </p>
   </div>
   <div class='ocr_carea' id='block_1_93' title="bbox 456 4732 2030 4807">
    <p class='ocr_par' dir='ltr' id='par_1_93' title="bbox 456 4732 2030 4807">
     <span class='ocr_line' id='line_1_93' title="bbox 456 4732 2030 4807; baseline -0.002 -17"><span class='ocrx_word' id='word_1_666' title='bbox 456 4735 516 4791; x_wconf 82' lang='grc' dir='ltr'><strong>δέ</strong></span> <span class='ocrx_word' id='word_1_667' title='bbox 537 4735 700 4801; x_wconf 85' lang='grc' dir='ltr'>αὐτὸς</span> <span class='ocrx_word' id='word_1_668' title='bbox 727 4732 864 4807; x_wconf 66' lang='grc' dir='ltr'>[φης</span> <span class='ocrx_word' id='word_1_669' title='bbox 881 4735 1233 4807; x_wconf 75' lang='grc' dir='ltr'>λογιζόμενος</span> <span class='ocrx_word' id='word_1_670' title='bbox 1268 4736 1363 4789; x_wconf 80' lang='grc' dir='ltr'>καὶ</span> <span class='ocrx_word' id='word_1_671' title='bbox 1389 4735 1574 4798; x_wconf 83' lang='grc' dir='ltr'>αὐτὸς,</span> <span class='ocrx_word' id='word_1_672' title='bbox 1606 4734 1681 4798; x_wconf 81' lang='grc' dir='ltr'>ὡς</span> <span class='ocrx_word' id='word_1_673' title='bbox 1713 4734 1823 4788; x_wconf 91' lang='grc' dir='ltr'><strong>τῶν</strong></span> <span class='ocrx_word' id='word_1_674' title='bbox 1846 4736 1870 4787; x_wconf 87' lang='grc' dir='ltr'><strong>ἐ</strong></span> <span class='ocrx_word' id='word_1_675' title='bbox 1880 4751 2030 4805; x_wconf 84' lang='grc' dir='ltr'>μφυ-</span> 
     </span>
    </p>
   </div>
   <div class='ocr_carea' id='block_1_94' title="bbox 2134 4732 3708 4807">
    <p class='ocr_par' dir='ltr' id='par_1_94' title="bbox 2134 4733 3708 4804">
     <span class='ocr_line' id='line_1_94' title="bbox 2134 4733 3708 4804; baseline 0.003 -16"><span class='ocrx_word' id='word_1_676' title='bbox 2134 4734 2299 4788; x_wconf 80' lang='lat' dir='ltr'><strong>vellet</strong></span> <span class='ocrx_word' id='word_1_677' title='bbox 2346 4733 2639 4804; x_wconf 69' lang='lat' dir='ltr'><strong>deligeret,</strong></span> <span class='ocrx_word' id='word_1_678' title='bbox 2697 4733 2784 4788; x_wconf 90' lang='lat' dir='ltr'><strong>cui</strong></span> <span class='ocrx_word' id='word_1_679' title='bbox 2841 4742 3021 4789; x_wconf 91' lang='lat' dir='ltr'><strong>tamen</strong></span> <span class='ocrx_word' id='word_1_680' title='bbox 3047 4750 3158 4789; x_wconf 83' lang='lat' dir='ltr'><strong>non</strong></span> <span class='ocrx_word' id='word_1_681' title='bbox 3193 4736 3523 4790; x_wconf 88' lang='lat' dir='ltr'><strong>omnimodis</strong></span> <span class='ocrx_word' id='word_1_682' title='bbox 3549 4738 3708 4793; x_wconf 91' lang='lat' dir='ltr'><strong>abso-</strong></span> 
     </span>
    </p>
   </div>
   <div class='ocr_carea' id='block_1_95' title="bbox 457 4822 2030 4896">
    <p class='ocr_par' dir='ltr' id='par_1_95' title="bbox 457 4826 2030 4896">
     <span class='ocr_line' id='line_1_95' title="bbox 457 4826 2030 4896; baseline -0.001 -15"><span class='ocrx_word' id='word_1_683' title='bbox 457 4827 592 4881; x_wconf 85' lang='grc' dir='ltr'>λίων</span> <span class='ocrx_word' id='word_1_684' title='bbox 625 4826 796 4881; x_wconf 69' lang='grc' dir='ltr'>ἕνεκα</span> <span class='ocrx_word' id='word_1_685' title='bbox 828 4827 1086 4896; x_wconf 88' lang='grc' dir='ltr'>πολέμων</span> <span class='ocrx_word' id='word_1_686' title='bbox 1115 4827 1345 4881; x_wconf 77' lang='grc' dir='ltr'>καὶτῶν</span> <span class='ocrx_word' id='word_1_687' title='bbox 1394 4826 1699 4880; x_wconf 83' lang='grc' dir='ltr'>ἐπιϐουλῶν</span> <span class='ocrx_word' id='word_1_688' title='bbox 1728 4826 2030 4894; x_wconf 80' lang='grc' dir='ltr'>ἀναγκαῖον</span> 
     </span>
    </p>
   </div>
   <div class='ocr_carea' id='block_1_96' title="bbox 2134 4822 3704 4896">
    <p class='ocr_par' dir='ltr' id='par_1_96' title="bbox 2134 4822 3704 4891">
     <span class='ocr_line' id='line_1_96' title="bbox 2134 4822 3704 4891; baseline 0.004 -16"><span class='ocrx_word' id='word_1_689' title='bbox 2134 4822 2357 4891; x_wconf 91' lang='lat' dir='ltr'><strong>Iuteque</strong></span> <span class='ocrx_word' id='word_1_690' title='bbox 2388 4838 2478 4877; x_wconf 89' lang='lat' dir='ltr'><strong>res</strong></span> <span class='ocrx_word' id='word_1_691' title='bbox 2515 4822 2917 4877; x_wconf 73' lang='lat' dir='ltr'><strong>committendae</strong></span> <span class='ocrx_word' id='word_1_692' title='bbox 2938 4823 3049 4877; x_wconf 90' lang='lat' dir='ltr'><strong>sint</strong></span> <span class='ocrx_word' id='word_1_693' title='bbox 3073 4839 3089 4883; x_wconf 83' lang='lat'><strong>;</strong></span> <span class='ocrx_word' id='word_1_694' title='bbox 3114 4825 3355 4878; x_wconf 73' lang='lat' dir='ltr'><strong>sed&#39;eum</strong></span> <span class='ocrx_word' id='word_1_695' title='bbox 3383 4841 3578 4881; x_wconf 89' lang='lat' dir='ltr'><strong>rursus</strong></span> <span class='ocrx_word' id='word_1_696' title='bbox 3607 4843 3704 4882; x_wconf 84' lang='lat' dir='ltr'><strong>ne-</strong></span> 
     </span>
    </p>
   </div>
   <div class='ocr_carea' id='block_1_97' title="bbox 459 4914 2034 4986">
    <p class='ocr_par' dir='ltr' id='par_1_97' title="bbox 459 4914 2034 4986">
     <span class='ocr_line' id='line_1_97' title="bbox 459 4914 2034 4986; baseline 0 -17"><span class='ocrx_word' id='word_1_697' title='bbox 459 4914 547 4986; x_wconf 88' lang='grc' dir='ltr'>ἐφ’</span> <span class='ocrx_word' id='word_1_698' title='bbox 578 4914 753 4969; x_wconf 70' lang='grc' dir='ltr'>ἅπασί</span> <span class='ocrx_word' id='word_1_699' title='bbox 805 4932 866 4967; x_wconf 90' lang='grc' dir='ltr'><strong>σε</strong></span> <span class='ocrx_word' id='word_1_700' title='bbox 904 4916 1192 4985; x_wconf 83' lang='grc' dir='ltr'>παρεῖναι,</span> <span class='ocrx_word' id='word_1_701' title='bbox 1221 4916 1318 4969; x_wconf 77' lang='grc' dir='ltr'>καὶ</span> <span class='ocrx_word' id='word_1_702' title='bbox 1350 4916 1530 4969; x_wconf 84' lang='grc' dir='ltr'>πάντα</span> <span class='ocrx_word' id='word_1_703' title='bbox 1561 4914 1915 4985; x_wconf 88' lang='grc' dir='ltr'>πράττεσθαι</span> <span class='ocrx_word' id='word_1_704' title='bbox 1944 4914 2034 4969; x_wconf 80' lang='grc' dir='ltr'>διὰ</span> 
     </span>
    </p>
   </div>
   <div class='ocr_carea' id='block_1_98' title="bbox 461 5000 2031 5079">
    <p class='ocr_par' dir='ltr' id='par_1_98' title="bbox 461 5000 2031 5079">
     <span class='ocr_line' id='line_1_98' title="bbox 461 5000 2031 5079; baseline -0.002 -18"><span class='ocrx_word' id='word_1_705' title='bbox 461 5007 583 5072; x_wconf 78' lang='grc' dir='ltr'>σοῦ,</span> <span class='ocrx_word' id='word_1_706' title='bbox 608 5008 703 5061; x_wconf 74' lang='grc' dir='ltr'><strong>καὶ</strong></span> <span class='ocrx_word' id='word_1_707' title='bbox 722 5007 874 5062; x_wconf 73' lang='grc' dir='ltr'>ἄκων</span> <span class='ocrx_word' id='word_1_708' title='bbox 896 5007 1131 5078; x_wconf 76' lang='grc' dir='ltr'>παρῄειν</span> <span class='ocrx_word' id='word_1_709' title='bbox 1185 5009 1314 5078; x_wconf 78' lang='grc' dir='ltr'>σιγῇ</span> <span class='ocrx_word' id='word_1_710' title='bbox 1345 5006 1438 5061; x_wconf 84' lang='grc' dir='ltr'>τὸν</span> <span class='ocrx_word' id='word_1_711' title='bbox 1476 5008 1692 5078; x_wconf 66' lang='grc' dir='ltr'><strong>χρῦνον.</strong></span> <span class='ocrx_word' id='word_1_712' title='bbox 1728 5007 1869 5061; x_wconf 79' lang='grc' dir='ltr'>Νυνὶ</span> <span class='ocrx_word' id='word_1_713' title='bbox 1913 5006 1969 5059; x_wconf 87' lang='grc' dir='ltr'>δὲ</span> 
     </span>
    </p>
   </div>
   <div class='ocr_carea' id='block_1_99' title="bbox 461 5096 2031 5169">
    <p class='ocr_par' dir='ltr' id='par_1_99' title="bbox 461 5096 2031 5169">
     <span class='ocr_line' id='line_1_99' title="bbox 461 5096 2031 5169; baseline 0.001 -16"><span class='ocrx_word' id='word_1_714' title='bbox 461 5097 713 5153; x_wconf 73' lang='grc' dir='ltr'>ἐϐούλετο</span> <span class='ocrx_word' id='word_1_715' title='bbox 743 5096 838 5151; x_wconf 80' lang='grc' dir='ltr'>τοῦ</span> <span class='ocrx_word' id='word_1_716' title='bbox 860 5097 1000 5151; x_wconf 85' lang='grc' dir='ltr'><strong>Θεοῦ</strong></span> <span class='ocrx_word' id='word_1_717' title='bbox 1027 5097 1099 5151; x_wconf 83' lang='grc' dir='ltr'><strong>τά</strong></span> <span class='ocrx_word' id='word_1_718' title='bbox 1128 5097 1435 5169; x_wconf 87' lang='grc' dir='ltr'>πράγματα</span> <span class='ocrx_word' id='word_1_719' title='bbox 1464 5100 1931 5168; x_wconf 79' lang='grc' dir='ltr'>καταστήσαντος,</span> <span class='ocrx_word' id='word_1_720' title='bbox 1967 5097 2031 5154; x_wconf 81' lang='grc' dir='ltr'><strong>ὃν</strong></span> 
     </span>
    </p>
   </div>
   <div class='ocr_carea' id='block_1_100' title="bbox 463 5184 2033 5260">
    <p class='ocr_par' dir='ltr' id='par_1_100' title="bbox 463 5184 2033 5260">
     <span class='ocr_line' id='line_1_100' title="bbox 463 5184 2033 5260; baseline 0.001 -17"><span class='ocrx_word' id='word_1_721' title='bbox 463 5190 533 5243; x_wconf 83' lang='grc' dir='ltr'><strong>ἂν</strong></span> <span class='ocrx_word' id='word_1_722' title='bbox 565 5190 725 5251; x_wconf 82' lang='grc' dir='ltr'>αὐτὸς</span> <span class='ocrx_word' id='word_1_723' title='bbox 750 5189 943 5259; x_wconf 81' lang='grc' dir='ltr'>ἐθέλῃς</span> <span class='ocrx_word' id='word_1_724' title='bbox 973 5188 1176 5260; x_wconf 75' lang='grc' dir='ltr'>μᾶλλον</span> <span class='ocrx_word' id='word_1_725' title='bbox 1207 5189 1344 5259; x_wconf 81' lang='grc' dir='ltr'>πρὸς</span> <span class='ocrx_word' id='word_1_726' title='bbox 1369 5191 1470 5258; x_wconf 84' lang='grc' dir='ltr'><strong>τὴν</strong></span> <span class='ocrx_word' id='word_1_727' title='bbox 1495 5190 1760 5260; x_wconf 83' lang='grc' dir='ltr'>διοίκησιν</span> <span class='ocrx_word' id='word_1_728' title='bbox 1787 5184 1861 5245; x_wconf 82' lang='grc' dir='ltr'><strong>ὧν</strong></span> <span class='ocrx_word' id='word_1_729' title='bbox 1897 5190 2033 5260; x_wconf 75' lang='grc' dir='ltr'>ἔφης</span> 
     </span>
    </p>
   </div>
   <div class='ocr_carea' id='block_1_101' title="bbox 461 5280 2038 5354">
    <p class='ocr_par' dir='ltr' id='par_1_101' title="bbox 461 5280 2038 5354">
     <span class='ocr_line' id='line_1_101' title="bbox 461 5280 2038 5354; baseline 0 -20"><span class='ocrx_word' id='word_1_730' title='bbox 461 5281 810 5354; x_wconf 83' lang='grc' dir='ltr'>πραγμάτων</span> <span class='ocrx_word' id='word_1_731' title='bbox 842 5280 965 5332; x_wconf 82' lang='grc' dir='ltr'><strong>ἐλοῦ</strong></span> <span class='ocrx_word' id='word_1_732' title='bbox 992 5297 1008 5312; x_wconf 87' lang='grc'><strong>·</strong></span> <span class='ocrx_word' id='word_1_733' title='bbox 1053 5280 1114 5334; x_wconf 83' lang='grc' dir='ltr'>οὐ</span> <span class='ocrx_word' id='word_1_734' title='bbox 1149 5281 1250 5350; x_wconf 88' lang='grc' dir='ltr'><strong>μέν</strong></span> <span class='ocrx_word' id='word_1_735' title='bbox 1277 5282 1473 5352; x_wconf 73' lang='grc' dir='ltr'>ἐκείνῳ</span> <span class='ocrx_word' id='word_1_736' title='bbox 1513 5284 1859 5337; x_wconf 81' lang='grc' dir='ltr'>παντάπασιν</span> <span class='ocrx_word' id='word_1_737' title='bbox 1914 5285 2038 5335; x_wconf 81' lang='grc' dir='ltr'>ἐπι-</span> 
     </span>
    </p>
   </div>
   <div class='ocr_carea' id='block_1_102' title="bbox 469 5371 2032 5441">
    <p class='ocr_par' dir='ltr' id='par_1_102' title="bbox 469 5371 2032 5441">
     <span class='ocr_line' id='line_1_102' title="bbox 469 5371 2032 5441; baseline 0.001 -18"><span class='ocrx_word' id='word_1_738' title='bbox 469 5371 672 5441; x_wconf 81' lang='grc' dir='ltr'>τρέψαι</span> <span class='ocrx_word' id='word_1_739' title='bbox 704 5371 774 5423; x_wconf 85' lang='grc' dir='ltr'><strong>τά</strong></span> <span class='ocrx_word' id='word_1_740' title='bbox 814 5372 1118 5440; x_wconf 81' lang='grc' dir='ltr'>πράγματα</span> <span class='ocrx_word' id='word_1_741' title='bbox 1144 5372 1250 5441; x_wconf 85' lang='grc' dir='ltr'><strong>χρή</strong></span> <span class='ocrx_word' id='word_1_742' title='bbox 1280 5388 1295 5403; x_wconf 80' lang='grc'><em>’</em></span> <span class='ocrx_word' id='word_1_743' title='bbox 1329 5373 1470 5426; x_wconf 81' lang='grc' dir='ltr'>ἀλλὰ</span> <span class='ocrx_word' id='word_1_744' title='bbox 1501 5374 1596 5425; x_wconf 78' lang='grc' dir='ltr'>καὶ</span> <span class='ocrx_word' id='word_1_745' title='bbox 1650 5372 1807 5432; x_wconf 78' lang='grc' dir='ltr'>αὖθις</span> <span class='ocrx_word' id='word_1_746' title='bbox 1865 5372 2032 5426; x_wconf 77' lang='grc' dir='ltr'>αὑτὸν</span> 
     </span>
    </p>
   </div>
   <div class='ocr_carea' id='block_1_103' title="bbox 468 5458 2041 5535">
    <p class='ocr_par' dir='ltr' id='par_1_103' title="bbox 468 5458 2041 5535">
     <span class='ocr_line' id='line_1_103' title="bbox 468 5458 2041 5535; baseline 0.001 -20"><span class='ocrx_word' id='word_1_747' title='bbox 468 5464 802 5531; x_wconf 79' lang='grc' dir='ltr'>ἐφίστασθαι</span> <span class='ocrx_word' id='word_1_748' title='bbox 832 5465 948 5527; x_wconf 86' lang='grc' dir='ltr'>τοῖς</span> <span class='ocrx_word' id='word_1_749' title='bbox 985 5458 1336 5531; x_wconf 82' lang='grc' dir='ltr'>ἀναγκαίοις,</span> <span class='ocrx_word' id='word_1_750' title='bbox 1373 5466 1469 5517; x_wconf 67' lang='grc' dir='ltr'><strong>καλ⁵</strong></span> <span class='ocrx_word' id='word_1_751' title='bbox 1496 5465 1677 5520; x_wconf 86' lang='grc' dir='ltr'>πάντα</span> <span class='ocrx_word' id='word_1_752' title='bbox 1704 5463 2041 5535; x_wconf 87' lang='grc' dir='ltr'>πράττεσθαί</span> 
     </span>
    </p>
   </div>
   <div class='ocr_carea' id='block_1_104' title="bbox 474 5555 2040 5628">
    <p class='ocr_par' dir='ltr' id='par_1_104' title="bbox 474 5555 2040 5628">
     <span class='ocr_line' id='line_1_104' title="bbox 474 5555 2040 5628; baseline -0.001 -17"><span class='ocrx_word' id='word_1_753' title='bbox 474 5574 557 5611; x_wconf 89' lang='grc' dir='ltr'><strong>σοι</strong></span> <span class='ocrx_word' id='word_1_754' title='bbox 612 5557 754 5610; x_wconf 81' lang='grc' dir='ltr'>κατὰ</span> <span class='ocrx_word' id='word_1_755' title='bbox 792 5556 1055 5626; x_wconf 83' lang='grc' dir='ltr'>γνώμην·</span> <span class='ocrx_word' id='word_1_756' title='bbox 1087 5556 1233 5610; x_wconf 77' lang='grc' dir='ltr'>οὕτω</span> <span class='ocrx_word' id='word_1_757' title='bbox 1288 5555 1398 5627; x_wconf 83' lang='grc' dir='ltr'>γὰρ</span> <span class='ocrx_word' id='word_1_758' title='bbox 1436 5558 1502 5610; x_wconf 83' lang='grc' dir='ltr'><strong>ἂν</strong></span> <span class='ocrx_word' id='word_1_759' title='bbox 1531 5559 1600 5610; x_wconf 84' lang='grc' dir='ltr'><strong>τά</strong></span> <span class='ocrx_word' id='word_1_760' title='bbox 1627 5574 1686 5609; x_wconf 85' lang='grc' dir='ltr'><strong>τε</strong></span> <span class='ocrx_word' id='word_1_761' title='bbox 1734 5559 2040 5628; x_wconf 83' lang='grc' dir='ltr'>πράγματα</span> 
     </span>
    </p>
   </div>
   <div class='ocr_carea' id='block_1_105' title="bbox 2134 4914 3705 4989">
    <p class='ocr_par' dir='ltr' id='par_1_105' title="bbox 2134 4914 3705 4989">
     <span class='ocr_line' id='line_1_105' title="bbox 2134 4914 3705 4989; baseline 0.005 -22"><span class='ocrx_word' id='word_1_762' title='bbox 2134 4914 2391 4968; x_wconf 85' lang='lat' dir='ltr'><strong>cessariis</strong></span> <span class='ocrx_word' id='word_1_763' title='bbox 2439 4930 2672 4985; x_wconf 65' lang='lat' dir='ltr'><strong>praeesse</strong></span> <span class='ocrx_word' id='word_1_764' title='bbox 2694 4955 2709 4980; x_wconf 92' lang='lat'><strong>,</strong></span> <span class='ocrx_word' id='word_1_765' title='bbox 2762 4924 2815 4968; x_wconf 91' lang='lat' dir='ltr'><strong>et</strong></span> <span class='ocrx_word' id='word_1_766' title='bbox 2844 4916 3026 4969; x_wconf 88' lang='lat' dir='ltr'><strong>omnia</strong></span> <span class='ocrx_word' id='word_1_767' title='bbox 3058 4924 3124 4972; x_wconf 80' lang='lat' dir='ltr'><strong>e‘x</strong></span> <span class='ocrx_word' id='word_1_768' title='bbox 3148 4917 3267 4987; x_wconf 86' lang='lat' dir='ltr'><strong>ejus</strong></span> <span class='ocrx_word' id='word_1_769' title='bbox 3294 4919 3503 4989; x_wconf 90' lang='lat' dir='ltr'><strong>judicio</strong></span> <span class='ocrx_word' id='word_1_770' title='bbox 3529 4921 3705 4975; x_wconf 88' lang='lat' dir='ltr'><strong>admi-</strong></span> 
     </span>
    </p>
   </div>
   <div class='ocr_carea' id='block_1_106' title="bbox 2136 5004 3702 5077">
    <p class='ocr_par' dir='ltr' id='par_1_106' title="bbox 2136 5004 3702 5077">
     <span class='ocr_line' id='line_1_106' title="bbox 2136 5004 3702 5077; baseline 0.006 -20"><span class='ocrx_word' id='word_1_771' title='bbox 2136 5004 2360 5058; x_wconf 84' lang='lat' dir='ltr'><strong>nistrari</strong></span> <span class='ocrx_word' id='word_1_772' title='bbox 2392 5005 2617 5061; x_wconf 88' lang='lat' dir='ltr'><strong>debere.</strong></span> <span class='ocrx_word' id='word_1_773' title='bbox 2646 5007 2736 5061; x_wconf 87' lang='lat' dir='ltr'><strong>Sic</strong></span> <span class='ocrx_word' id='word_1_774' title='bbox 2758 5008 2905 5061; x_wconf 90' lang='lat' dir='ltr'><strong>enim</strong></span> <span class='ocrx_word' id='word_1_775' title='bbox 2935 5008 3147 5077; x_wconf 72' lang='lat' dir='ltr'><strong>negotia</strong></span> <span class='ocrx_word' id='word_1_776' title='bbox 3172 5011 3429 5077; x_wconf 68' lang='lat' dir='ltr'><strong>praaclare</strong></span> <span class='ocrx_word' id='word_1_777' title='bbox 3450 5022 3702 5066; x_wconf 85' lang='lat' dir='ltr'><strong>curatum</strong></span> 
     </span>
    </p>
   </div>
   <div class='ocr_carea' id='block_1_107' title="bbox 2139 5096 3705 5167">
    <p class='ocr_par' dir='ltr' id='par_1_107' title="bbox 2139 5096 3705 5167">
     <span class='ocr_line' id='line_1_107' title="bbox 2139 5096 3705 5167; baseline 0.006 -18"><span class='ocrx_word' id='word_1_778' title='bbox 2139 5096 2229 5159; x_wconf 89' lang='lat' dir='ltr'><strong>iri,</strong></span> <span class='ocrx_word' id='word_1_779' title='bbox 2272 5108 2329 5151; x_wconf 86' lang='lat' dir='ltr'><strong>et</strong></span> <span class='ocrx_word' id='word_1_780' title='bbox 2367 5099 2543 5167; x_wconf 90' lang='lat' dir='ltr'><strong>ipsum</strong></span> <span class='ocrx_word' id='word_1_781' title='bbox 2574 5106 2658 5151; x_wconf 89' lang='lat' dir='ltr'><strong>sat</strong></span> <span class='ocrx_word' id='word_1_782' title='bbox 2685 5098 2886 5166; x_wconf 82' lang='lat' dir='ltr'><strong>quietis</strong></span> <span class='ocrx_word' id='word_1_783' title='bbox 2918 5108 3362 5155; x_wconf 88' lang='lat' dir='ltr'><strong>consecuturum.</strong></span> <span class='ocrx_word' id='word_1_784' title='bbox 3392 5102 3705 5159; x_wconf 83' lang='lat' dir='ltr'><strong>Assentitur</strong></span> 
     </span>
    </p>
   </div>
   <div class='ocr_carea' id='block_1_108' title="bbox 2141 5189 3702 5259">
    <p class='ocr_par' dir='ltr' id='par_1_108' title="bbox 2141 5189 3702 5259">
     <span class='ocr_line' id='line_1_108' title="bbox 2141 5189 3702 5259; baseline 0.006 -18"><span class='ocrx_word' id='word_1_785' title='bbox 2141 5204 2369 5257; x_wconf 77' lang='lat' dir='ltr'><strong>magnus</strong></span> <span class='ocrx_word' id='word_1_786' title='bbox 2412 5189 2770 5252; x_wconf 85' lang='lat' dir='ltr'><strong>domesticus,</strong></span> <span class='ocrx_word' id='word_1_787' title='bbox 2800 5190 3269 5259; x_wconf 78' lang='lat' dir='ltr'><strong>etApocaucbum</strong></span> <span class='ocrx_word' id='word_1_788' title='bbox 3292 5192 3433 5246; x_wconf 82' lang='lat' dir='ltr'><strong>sacri</strong></span> <span class='ocrx_word' id='word_1_789' title='bbox 3461 5195 3702 5250; x_wconf 90' lang='lat' dir='ltr'><strong>cubiculi</strong></span> 
     </span>
    </p>
   </div>
   <div class='ocr_carea' id='block_1_109' title="bbox 2137 5278 3700 5352">
    <p class='ocr_par' dir='ltr' id='par_1_109' title="bbox 2137 5278 3700 5352">
     <span class='ocr_line' id='line_1_109' title="bbox 2137 5278 3700 5352; baseline 0.004 -19"><span class='ocrx_word' id='word_1_790' title='bbox 2137 5280 2451 5348; x_wconf 70' lang='lat' dir='ltr'><strong>praefectum</strong></span> <span class='ocrx_word' id='word_1_791' title='bbox 2504 5279 2590 5334; x_wconf 88' lang='lat' dir='ltr'><strong>his</strong></span> <span class='ocrx_word' id='word_1_792' title='bbox 2618 5278 2996 5336; x_wconf 87' lang='lat' dir='ltr'><strong>functionibus</strong></span> <span class='ocrx_word' id='word_1_793' title='bbox 3059 5281 3284 5351; x_wconf 82' lang='lat' dir='ltr'><strong>deligit,</strong></span> <span class='ocrx_word' id='word_1_794' title='bbox 3320 5293 3374 5337; x_wconf 93' lang='lat' dir='ltr'><strong>et</strong></span> <span class='ocrx_word' id='word_1_795' title='bbox 3401 5284 3700 5352; x_wconf 85' lang='lat' dir='ltr'><strong>imperator</strong></span> 
     </span>
    </p>
   </div>
   <div class='ocr_carea' id='block_1_110' title="bbox 2136 5370 3701 5449">
    <p class='ocr_par' dir='ltr' id='par_1_110' title="bbox 2136 5370 3701 5449">
     <span class='ocr_line' id='line_1_110' title="bbox 2136 5370 3701 5449; baseline 0.003 -25"><span class='ocrx_word' id='word_1_796' title='bbox 2136 5374 2453 5426; x_wconf 90' lang='lat' dir='ltr'><strong>assentitur.</strong></span> <span class='ocrx_word' id='word_1_797' title='bbox 2477 5370 2840 5437; x_wconf 83' lang='lat' dir='ltr'><strong>Apocauchus</strong></span> <span class='ocrx_word' id='word_1_798' title='bbox 2872 5381 3089 5426; x_wconf 90' lang='lat' dir='ltr'><strong>creatus</strong></span> <span class='ocrx_word' id='word_1_799' title='bbox 3114 5389 3297 5428; x_wconf 88' lang='lat' dir='ltr'><strong>rerum</strong></span> <span class='ocrx_word' id='word_1_800' title='bbox 3326 5370 3701 5449; x_wconf 80' lang='lat' dir='ltr'><strong>communium</strong></span> 
     </span>
    </p>
   </div>
   <div class='ocr_carea' id='block_1_111' title="bbox 2137 5458 3703 5531">
    <p class='ocr_par' dir='ltr' id='par_1_111' title="bbox 2137 5458 3703 5531">
     <span class='ocr_line' id='line_1_111' title="bbox 2137 5458 3703 5531; baseline 0.004 -15"><span class='ocrx_word' id='word_1_801' title='bbox 2137 5461 2547 5516; x_wconf 86' lang='lat' dir='ltr'><strong>administrator</strong></span> <span class='ocrx_word' id='word_1_802' title='bbox 2585 5458 2749 5530; x_wconf 82' lang='lat'><strong>(50),</strong></span> <span class='ocrx_word' id='word_1_803' title='bbox 2800 5476 3140 5531; x_wconf 68' lang='lat' dir='ltr'><strong>quaecunque</strong></span> <span class='ocrx_word' id='word_1_804' title='bbox 3186 5471 3341 5517; x_wconf 87' lang='lat' dir='ltr'><strong>erant</strong></span> <span class='ocrx_word' id='word_1_805' title='bbox 3390 5469 3703 5522; x_wconf 73' lang='lat' dir='ltr'><strong>necessaria</strong></span> 
     </span>
    </p>
   </div>
   <div class='ocr_carea' id='block_1_112' title="bbox 2140 5551 3723 5627">
    <p class='ocr_par' dir='ltr' id='par_1_112' title="bbox 2140 5551 3723 5627">
     <span class='ocr_line' id='line_1_112' title="bbox 2140 5551 3723 5627; baseline 0.002 -19"><span class='ocrx_word' id='word_1_806' title='bbox 2140 5568 2238 5608; x_wconf 90' lang='lat' dir='ltr'><strong>seu</strong></span> <span class='ocrx_word' id='word_1_807' title='bbox 2275 5551 2498 5622; x_wconf 84' lang='lat' dir='ltr'><strong>majoris</strong></span> <span class='ocrx_word' id='word_1_808' title='bbox 2536 5551 2842 5616; x_wconf 89' lang='lat' dir='ltr'><strong>momenti,</strong></span> <span class='ocrx_word' id='word_1_809' title='bbox 2870 5553 3191 5624; x_wconf 87' lang='lat' dir='ltr'><strong>etjudicem</strong></span> <span class='ocrx_word' id='word_1_810' title='bbox 3227 5571 3483 5627; x_wconf 77' lang='lat' dir='ltr'><strong>magnum</strong></span> <span class='ocrx_word' id='word_1_811' title='bbox 3511 5556 3723 5611; x_wconf 56' lang='lat' dir='ltr'><strong>dotue-.</strong></span> 
     </span>
    </p>
   </div>
   <div class='ocr_carea' id='block_1_113' title="bbox 1705 5670 2427 5736">
    <p class='ocr_par' dir='ltr' id='par_1_113' title="bbox 1705 5670 2427 5736">
     <span class='ocr_line' id='line_1_113' title="bbox 1705 5670 2427 5736; baseline -0.006 -3"><span class='ocrx_word' id='word_1_812' title='bbox 1705 5673 1921 5736; x_wconf 83' lang='lat' dir='ltr'><strong>Jacobi</strong></span> <span class='ocrx_word' id='word_1_813' title='bbox 1951 5670 2218 5735; x_wconf 85' lang='lat' dir='ltr'><strong>Pontani</strong></span> <span class='ocrx_word' id='word_1_814' title='bbox 2242 5676 2427 5731; x_wconf 60' lang='lat' dir='ltr'><strong>notas.</strong></span> 
     </span>
    </p>
   </div>
   <div class='ocr_carea' id='block_1_114' title="bbox 544 5770 2031 5845">
    <p class='ocr_par' dir='ltr' id='par_1_114' title="bbox 544 5770 2031 5845">
     <span class='ocr_line' id='line_1_114' title="bbox 544 5770 2031 5845; baseline 0.001 -18"><span class='ocrx_word' id='word_1_815' title='bbox 544 5772 660 5845; x_wconf 69' lang='grc' dir='ltr'><strong>(ὅθ)</strong></span> <span class='ocrx_word' id='word_1_816' title='bbox 691 5772 817 5845; x_wconf 69' lang='grc' dir='ltr'>Τῶν</span> <span class='ocrx_word' id='word_1_817' title='bbox 845 5770 1044 5845; x_wconf 75' lang='grc' dir='ltr'>κοινῶν</span> <span class='ocrx_word' id='word_1_818' title='bbox 1069 5773 1413 5845; x_wconf 85' lang='grc' dir='ltr'>πραγμάτων</span> <span class='ocrx_word' id='word_1_819' title='bbox 1440 5775 1735 5845; x_wconf 74' lang='grc' dir='ltr'>διοικητὴς.</span> <span class='ocrx_word' id='word_1_820' title='bbox 1766 5784 1853 5829; x_wconf 88' lang='lat' dir='ltr'><strong>est</strong></span> <span class='ocrx_word' id='word_1_821' title='bbox 1888 5775 2031 5845; x_wconf 87' lang='lat' dir='ltr'><strong>apud</strong></span> 
     </span>
    </p>
   </div>
   <div class='ocr_carea' id='block_1_115' title="bbox 474 5839 2035 5913">
    <p class='ocr_par' dir='ltr' id='par_1_115' title="bbox 474 5839 2035 5913">
     <span class='ocr_line' id='line_1_115' title="bbox 474 5839 2035 5913; baseline 0.001 -17"><span class='ocrx_word' id='word_1_822' title='bbox 474 5839 583 5913; x_wconf 76' lang='lat' dir='ltr'><strong>nos</strong></span> <span class='ocrx_word' id='word_1_823' title='bbox 601 5839 999 5913; x_wconf 78' lang='lat' dir='ltr'><strong>Cancellarius,</strong></span> <span class='ocrx_word' id='word_1_824' title='bbox 1028 5839 1236 5913; x_wconf 67' lang='lat' dir='ltr'><strong>itaque</strong></span> <span class='ocrx_word' id='word_1_825' title='bbox 1261 5839 1644 5912; x_wconf 81' lang='lat' dir='ltr'><strong>explicationis</strong></span> <span class='ocrx_word' id='word_1_826' title='bbox 1670 5839 1854 5897; x_wconf 65' lang='lat' dir='ltr'><strong>&#39;rausa</strong></span> <span class='ocrx_word' id='word_1_827' title='bbox 1895 5839 2035 5913; x_wconf 77' lang='lat' dir='ltr'><strong>pene</strong></span> 
     </span>
    </p>
   </div>
   <div class='ocr_carea' id='block_1_116' title="bbox 484 5856 2036 5985">
    <p class='ocr_par' dir='ltr' id='par_1_116' title="bbox 484 5856 2036 5985">
     <span class='ocr_line' id='line_1_116' title="bbox 484 5856 2035 5913; baseline 0.001 -16"><span class='ocrx_word' id='word_1_828' title='bbox 484 5858 583 5898; x_wconf 89' lang='lat' dir='ltr'><strong>nos</strong></span> <span class='ocrx_word' id='word_1_829' title='bbox 601 5856 999 5905; x_wconf 72' lang='lat' dir='ltr'><strong>uattcettartus,</strong></span> <span class='ocrx_word' id='word_1_830' title='bbox 1028 5856 1101 5894; x_wconf 85' lang='lat' dir='ltr'><strong>Ita</strong></span> <span class='ocrx_word' id='word_1_831' title='bbox 1145 5858 1211 5897; x_wconf 89' lang='lat' dir='ltr'><strong>ue</strong></span> <span class='ocrx_word' id='word_1_832' title='bbox 1261 5856 1644 5912; x_wconf 82' lang='lat' dir='ltr'><strong>expltcauonls</strong></span> <span class='ocrx_word' id='word_1_833' title='bbox 1693 5860 1854 5897; x_wconf 83' lang='lat' dir='ltr'><strong>causa</strong></span> <span class='ocrx_word' id='word_1_834' title='bbox 1895 5860 2035 5913; x_wconf 83' lang='lat' dir='ltr'><strong>pene</strong></span> 
     </span>
     <span class='ocr_line' id='line_1_117' title="bbox 484 5856 2036 5985; baseline -0.001 -19"><span class='ocrx_word' id='word_1_835' title='bbox 484 5910 593 5968; x_wconf 80' lang='lat' dir='ltr'><strong>hoc</strong></span> <span class='ocrx_word' id='word_1_836' title='bbox 629 5911 860 5971; x_wconf 78' lang='lat' dir='ltr'><strong>verbum</strong></span> <span class='ocrx_word' id='word_1_837' title='bbox 889 5856 1219 5982; x_wconf 52' lang='lat' dir='ltr'><strong>adjeci.(bui</strong></span> <span class='ocrx_word' id='word_1_838' title='bbox 1263 5913 1469 5969; x_wconf 82' lang='lat' dir='ltr'><strong>fuerint</strong></span> <span class='ocrx_word' id='word_1_839' title='bbox 1514 5913 1906 5985; x_wconf 79' lang='grc' dir='ltr'>μεσιτεύοντες,</span> <span class='ocrx_word' id='word_1_840' title='bbox 1939 5931 2036 5984; x_wconf 78' lang='grc' dir='ltr'>με-</span> 
     </span>
    </p>
   </div>
   <div class='ocr_carea' id='block_1_117' title="bbox 2140 5770 3703 5845">
    <p class='ocr_par' dir='ltr' id='par_1_117' title="bbox 2140 5770 3703 5845">
     <span class='ocr_line' id='line_1_118' title="bbox 2140 5770 3703 5845; baseline 0.002 -19"><span class='ocrx_word' id='word_1_841' title='bbox 2140 5771 2395 5845; x_wconf 79' lang='grc' dir='ltr'>σάζοντες</span> <span class='ocrx_word' id='word_1_842' title='bbox 2425 5771 2539 5845; x_wconf 81' lang='grc' dir='ltr'>τοῖς</span> <span class='ocrx_word' id='word_1_843' title='bbox 2572 5770 2879 5845; x_wconf 82' lang='grc' dir='ltr'>πράγμασι,</span> <span class='ocrx_word' id='word_1_844' title='bbox 2913 5770 3022 5827; x_wconf 88' lang='grc' dir='ltr'><strong>τῶν</strong></span> <span class='ocrx_word' id='word_1_845' title='bbox 3052 5774 3392 5845; x_wconf 71' lang='grc' dir='ltr'>πραγμάτων</span> <span class='ocrx_word' id='word_1_846' title='bbox 3418 5771 3515 5827; x_wconf 69' lang='grc' dir='ltr'><strong>τοῦ</strong></span> <span class='ocrx_word' id='word_1_847' title='bbox 3541 5773 3703 5845; x_wconf 68' lang='grc' dir='ltr'>βασι-</span> 
     </span>
    </p>
   </div>
   <div class='ocr_carea' id='block_1_118' title="bbox 2141 5840 3703 5968">
    <p class='ocr_par' dir='ltr' id='par_1_118' title="bbox 2141 5840 3703 5968">
     <span class='ocr_line' id='line_1_119' title="bbox 2141 5840 3703 5913; baseline 0.005 -19"><span class='ocrx_word' id='word_1_848' title='bbox 2141 5843 2301 5906; x_wconf 83' lang='grc' dir='ltr'>λέως,</span> <span class='ocrx_word' id='word_1_849' title='bbox 2348 5849 2408 5895; x_wconf 82' lang='grc' dir='ltr'><strong>ιιι</strong></span> <span class='ocrx_word' id='word_1_850' title='bbox 2458 5840 2543 5896; x_wconf 88' lang='lat' dir='ltr'><strong>bis</strong></span> <span class='ocrx_word' id='word_1_851' title='bbox 2589 5841 2715 5897; x_wconf 84' lang='lat' dir='ltr'><strong>libri</strong></span> <span class='ocrx_word' id='word_1_852' title='bbox 2749 5857 2993 5913; x_wconf 76' lang='lat' dir='ltr'><strong>persaepe</strong></span> <span class='ocrx_word' id='word_1_853' title='bbox 3027 5840 3397 5911; x_wconf 71' lang='lat' dir='ltr'><strong>nominantur,</strong></span> <span class='ocrx_word' id='word_1_854' title='bbox 3426 5840 3573 5900; x_wconf 77' lang='lat' dir='ltr'><strong>infra</strong></span> <span class='ocrx_word' id='word_1_855' title='bbox 3609 5843 3703 5902; x_wconf 67' lang='lat' dir='ltr'><strong>die</strong></span> 
     </span>
     <span class='ocr_line' id='line_1_120' title="bbox 2143 5923 2316 5968; baseline -0.012 0"><span class='ocrx_word' id='word_1_856' title='bbox 2143 5923 2316 5968; x_wconf 87' lang='lat' dir='ltr'><strong>cetur.</strong></span> 
     </span>
    </p>
   </div>
  </div>
