4156 6300
343 483 448 547 441

1514 496 1562 554 Il
1576 495 2055 559 ISTOIUABUM
2100 500 2278 559 LIBE
2292 502 2335 561 Β
2379 502 2459 562 ΙΙ.

3484 495 3591 558 449.

1788 626 2016 681 CAPUT
2056 627 2142 682 Vl.

336 709 644 795 lmlmrator
683 711 952 795 Barbaros
1002 715 1361 795 in_Bithynia
1412 718 1668 795 invadere
1707 721 1964 795 rogitans.
2021 719 2334 795 ContOphris
2370 723 2617 795 rpratfecti
2663 722 2884 795 consilio
2919 722 3192 795 incitatur.
3247 726 3312 795 et
3354 719 3586 795 docetur.

408 780 761 857 Batbanﬂad
792 784 1020 857 editiora
1071 786 1186 841 loca
1221 780 1277 841 δέ
1321 790 1593 855 recipiunt.
1627 780 1894 843 Orchanes
1931 799 2151 854 satrapa
2187 780 2239 846 in
2281 780 2406 846 locis
2458 780 2707 846 montosis
2772 800 2824 844 et
2867 792 3127 857 impeditis
3171 790 3351 843 tendit.
3395 790 3590 854 Quibus

407 853 716 931 εοηερεεεῐδ.
746 851 916 921 Placet
950 853 1199 931 Romanis
1230 874 1334 931 non
1382 851 1526 910 ultra
1563 859 1846 931 progredi._
1872 851 2163 931 ΡοείνιιιὶεΔ
2182 870 2358 916 tamen
2414 865 2524 914 acie
2557 864 2611 915 in
2639 878 2826 931 campo
2853 851 3110 915 instructa
3141 877 3226 913 eos
3263 851 3586 925 exspectant.

406 920 676 1001 Orchaues
707 920 895 1001 centra
942 941 1063 978 suos
1105 927 1338 989 instruit,
1377 920 1684 1001 partemque
1726 929 1779 1001 in
1828 927 2032 981 insidiis
2063 926 2303 984 collocat.
2355 932 2674 985 Describitur
2705 920 2901 1001 pugna.
2952 932 3098 1001 cujus
3147 932 3284 983 mira
3324 920 3592 989 uarietas:

408 991 634 1044 uictoria
658 1006 815 1061 penes
848 991 1117 1048 Romanos
1143 1005 1255 1049 stat
1285 1012 1305 1061 ε
1332 991 1402 1049 ait
1430 991 1919 1067 quamplurimum
1948 1002 2157 1068 egregia
2182 1002 2518 1071 imperatOris
2557 991 2735 1055 concio
2765 991 2985 1073 ualuit“

406 1104 670 1168 Βασιλεὺς
699 1106 755 1158 δὲ
781 1107 838 1157 ἐν
864 1106 1023 1178 δεινῷ
1054 1107 1339 1179 τιθέμενος
1363 1109 1425 1162 re
1458 1110 1671 1180 Πέρσας
1704 1110 1803 1181 μὲν
1827 1110 1912 1162 ἀεὶ

2085 1111 2390 1181 Imperator
2448 1130 2615 1184 porro
2662 1104 2999 1185 indignatus,
3048 1114 3242 1169 Persas
3289 1113 3455 1167 toties
3480 1114 3594 1166 Ro-

348 1195 648 1265 Ῥωμαιοις
677 1198 1121 1268 ἐπιστρατεύειν,
1163 1200 1363 1264 αὐτοὺς
1392 1201 1446 1253 δέ
1479 1202 1708 1262 ἐκείνοις
1745 1201 1914 1271 μηδα-

340 1288 482 1359 μῶς,
519 1287 663 1356 ἔγνω
696 1288 823 1345 δεῖν.
840 1291 978 1358 πρὸς
1007 1292 1109 1360 τὴν
1138 1292 1214 1344 ἕω
1244 1292 1599 1362 περαιωθεὶς,
1631 1296 1745 1354 τοῖς
1776 1291 1917 1345 κατὰ

336 1378 617 1449 Βυθηνίαν
652 1378 766 1449 (52)
803 1380 1104 1452 βαρϐάροις
1149 1381 1434 1435 ἐπιθέσθαι
1459 1399 1472 1412 ·
1507 1380 1587 1436 ἐτι
1618 1382 1726 1452 γὰρ
1749 1383 1915 1451 ἐσκήτ

334 1484 470 1521 νουν
495 1469 555 1521 ἐν
584 1471 699 1532 τοῖς
726 1471 932 1534 πεδίοις
959 1471 1122 1541 έαρος
1144 1472 1245 1543 ήδη
1281 1472 1568 1542 μεσοῦντος
1601 1474 1740 1526 κατὰ
1769 1474 1916 1540 μῆνα

331 1559 556 1614 Μάῖονο
609 1559 704 1615 καὶ
740 1561 1252 1632 μετακαλεσάμενος
1300 1562 1389 1616 τὸν
1442 1564 1540 1634 τῆς
1578 1561 1917 1631 Μεσοθηνίας

333 1654 583 1722 ἄρχοντα
630 1651 723 1706 τὴν
765 1643 1209 1722 πρωτοκτδνηγδνο
1253 1653 1553 1723 Κοντοφρέ,
1601 1653 1917 1705 ἐϐουλεύετο

340 1744 479 1812 περὶ
506 1743 605 1813 τῆς
633 1744 774 1797 κατὰ
803 1745 912 1796 τῶν
943 1743 1236 1814 βαρϐάρων
1267 1743 1540 1813 εἰσϐολῆς.
1572 1739 1680 1796 Ἦν
1714 1745 1823 1814 γὰρ
1851 1744 1916 1814 δὴ

336 1836 370 1887 6
402 1835 706 1901 Κοντοφρὲ.
738 1835 798 1886 οὐ
832 1832 921 1887 διὰ
944 1834 1005 1887 τὸ
1028 1834 1372 1903 Μεσοθηνίας
1401 1834 1781 1901 ἐπιτροπεύειν
1817 1833 1915 1900 μό‹

337 1942 458 1990 νον,
484 1926 679 1994 πεῖραν
707 1923 847 1994 ἔχων
876 1925 983 1977 τῶν
1016 1924 1155 1977 κατὰ
1181 1925 1306 1987 τοὺς
1330 1923 1637 1994 βαρϐάρους
1662 1923 1919 1993 πραγμά-

339 2033 479 2078 των,
511 2015 648 2068 ἀλλὰ
674 2016 767 2067 καὶ
789 2015 961 2078 ἄλλως
991 2015 1130 2086 ἀνὴρ
1161 2013 1383 2084 ἀγαθὸς,
1409 2016 1502 2068 καὶ
1526 2015 1734 2067 πολλῶν
1764 2006 1919 2068 πολέ-

346 2125 471 2177 μων
502 2107 768 2176 ἔμπειρος
791 2107 887 2160 καὶ
918 2108 1151 2175 μάλιστα
1177 2109 1284 2160 τῶν
1312 2108 1615 2174 Περσικῶν,
1647 2102 1733 2160 οἷα
1757 2108 1826 2175 δὴ
1853 2110 1916 2161 ἐκ

347 2200 578 2270 πρώτης
607 2200 821 2270 ἡλικίας
868 2202 977 2263 τοῖς
1021 2200 1175 2270 ἦθεσί
1220 2217 1279 2253 τε
1318 2201 1410 2252 καὶ
1449 2202 1568 2263 ταῖς
1618 2200 1918 2269 διατριϐαῖς

343 2292 531 2346 αὐτῶν
553 2293 861 2360 ἐντραφείς.
902 2293 1181 2361 Κοντοφρέ
1209 2292 1265 2345 δὲ
1291 2292 1573 2364 ἐπέῤῥωσέ
1617 2309 1677 2344 τε
1705 2293 1795 2344 τὸν
1826 2291 1920 2360 βα-

347 2383 506 2437 σιλέα
558 2384 692 2453 πρὸς
736 2383 826 2436 τὸν
862 2384 999 2436 κατὰ
1040 2384 1150 2436 τῶν
1199 2384 1491 2454 βαρϐάρων
1535 2386 1785 2452 πόλεμον,
1824 2384 1917 2437 καὶ

2018 1205 2199 1258 manis
2248 1207 2602 1274 praedatorem
2657 1207 2955 1260 immittere
2993 1205 3318 1270 exercitum,
3347 1220 3470 1257 cum
3520 1205 3591 1258 ab
3684 1216 3688 1227 ”

2018 1293 2087 1348 iis
2112 1295 2249 1357 nihil
2289 1297 2563 1364 patiantur
2588 1297 2714 1351 mali
2741 1337 2756 1362 ,
2789 1297 2841 1350 in
2870 1296 3149 1351 Orientem
3182 1282 3585 1365 trajiciendum,

2015 1396 2074 1442 et
2146 1387 2414 1443 Barbaros
2456 1390 2527 1459 ,in
2579 1389 2829 1460 Bithynia
2882 1389 3215 1443 adoriundos
3264 1388 3369 1441 sibi
3421 1387 3587 1456 210

2017 1477 2214 1545 duxit;
2266 1479 2652 1547 adltuc'enim,
2683 1483 2871 1536 adulto
2903 1496 3051 1544 vere,
3091 1495 3302 1544 mense,
3339 1482 3586 1549 inquam,

2016 1566 2177 1630 Maio,
2228 1569 2282 1623 in
2319 1571 2683 1626 tabernaculis
2715 1589 2815 1642 per
2841 1587 3065 1640 campos
3112 1571 3477 1637 habitabant;
3514 1570 3586 1623 de

2018 1673 2124 1727 qua
2159 1659 2522 1728 impressione
2556 1664 2878 1717 advocatum
2911 1662 3286 1732 ContOpltretn
3322 1661 3592 1716 Mesotbe—

2020 1751 2122 1803 nite
2170 1752 2486 1820 proiectum
2510 1795 2524 1819 ,
2560 1764 2881 1808 venatorum
2911 1754 3238 1823 principem,
3270 1752 3586 1816 consuluit;

2018 1842 2463 1912 quandoquidem
2515 1844 2563 1899 is
2611 1860 2723 1898 non
2750 1844 2926 1899 solum
2960 1843 3032 1897 ob
3068 1843 3443 1912 praefecturam
3480 1842 3588 1894 Me-

2018 1933 2283 1988 sotbenias
2322 1949 2408 1989 res
2446 1934 2807 1990 Barbarorum
2842 1944 3106 1989 noverat.
3157 1933 3254 1988 sed
3288 1943 3343 1987 et
3372 1934 3457 1985 vir
3488 1933 3587 1985 bo-

2021 2042 2127 2080 nus
2177 2027 2410 2095 alioqui,
2434 2038 2490 2081 et
2515 2027 2728 2082 bellicae
2757 2024 3079 2096 disciplinae,
3116 2027 3420 2097 prasertim
3455 2027 3589 2079 Per-

2019 2133 2242 2181 sarum,
2292 2119 2519 2173 minime
2554 2119 2708 2173 rudis
2735 2127 2877 2182 erat,
2904 2129 3094 2188 utpote
3129 2135 3157 2172 a
3196 2118 3435 2187 pueritia
3472 2133 3591 2171 mo-

2019 2207 2173 2261 ribus
2220 2216 2277 2261 et
2335 2207 2599 2263 institutis
2640 2224 2832 2263 eorum
2862 2209 3188 2264 innutritus.
3220 2211 3270 2263 Is
3298 2209 3588 2279 imperato-

2019 2314 2132 2351 rem
2173 2298 2240 2352 ad
2278 2299 2549 2354 Barbaros
2594 2297 2763 2353 armis
2794 2301 3123 2355 coercendos
3151 2295 3498 2366 conﬁrmare,
3534 2311 3590 2356 et

2021 2390 2254 2445 libenter
2293 2390 2439 2445 diem
2478 2392 2628 2444 illum
2659 2393 2899 2446 visurum
2932 2402 3239 2458 autumare,
3264 2408 3373 2461 quo
3400 2393 3592 2455 liceret

340 2476 522 2544 ἡδέως
551 2475 736 2543 ἔλεγεν
768 2477 981 2544 ἐκείνην
1012 2475 1107 2547 τὴν
1133 2477 1343 2547 ἡμέραν
1369 2476 1436 2528 ἂν
1471 2477 1618 2549 ἰδεῖν,
1664 2478 1722 2530 ἐν
1813 2475 1919 2528 ἀπὸ

2021 2479 2283 2534 Romanis
2323 2489 2402 2534 tot
2432 2479 2661 2547 injurias
2686 2483 2791 2536 sibi
2817 2482 2994 2536 illatas
3025 2483 3349 2549 rependere.
3386 2474 3593 2535 Admo-

341 2568 456 2620 τῶν
514 2566 809 2638 βαρϐάρων
847 2568 1062 2635 ἐξέσται
1106 2568 1421 2635 Ῥωμαίοις,
1472 2562 1547 2621 ὧν
1597 2570 1674 2630 εἰς
1724 2569 1919 2630 αὐτοὺς

344 2659 622 2729 ὑπῆρξαν,
642 2660 853 2713 πολλῶν
878 2660 1102 2713 ἀδικιῶν
1131 2661 1284 2722 δίκας
1309 2660 1513 2714 λαϐεῖν.
1557 2661 1828 2713 ’Υπετίθει
1860 2679 1918 2712 τε

347 2750 429 2820 μὴ
466 2750 707 2820 μέλλειν,
744 2753 819 2814 ὡς
849 2752 971 2803 ὅσον
1001 2751 1152 2804 ούπω
1181 2736 1313 2803 τῶν
1339 2751 1633 2823 βαρϐάρων
1669 2753 1774 2802 ἀπὸ
1812 2753 1919 2804 τῶν

345 2840 586 2893 πεδινῶν
642 2842 736 2893 ἐπὶ
789 2842 857 2895 τὰ
910 2841 1226 2912 ὀρεινότερα
1282 2843 1769 2914 ἀναχωρησάντων,
1821 2844 1919 2914 τὴν

344 2929 520 2984 ἀλέαν
558 2928 917 2985 ἐκκλινόντων
947 2932 1043 3002 τὴν
1091 2932 1197 2984 ἀπὸ
1230 2931 1321 2985 τοῦ
1368 2932 1582 3000 θέρους·
1624 2932 1765 2986 οὕτω
1810 2936 1918 3003 γὰρ

342 3021 496 3077 εἶναι
541 3024 728 3087 αὐτοῖς
764 3024 885 3084 ἔθος
936 3018 1056 3077 οὖσι
1091 3024 1341 3093 νομάσιν.
1380 3024 1532 3077 Ἐπεὶ
1569 3025 1628 3078 δὲ
1677 3025 1921 3078 ἐδέδοκτο

344 3114 766 3186 ἐπιστρατεύειν
807 3117 922 3178 τοῖς
971 3115 1262 3191 βαρϐάροις
1294 3116 1388 3168 καὶ
1433 3116 1508 3185 μὴ
1543 3115 1776 3185 μέλλειν,
1820 3117 1920 3183 τὴν

346 3207 419 3258 ἐκ
445 3204 743 3269 Βυζαντίου
793 3206 887 3257 καὶ
932 3204 1344 3275 Διδυμοτείχου,
1388 3206 1483 3257 καὶ
1535 3205 1920 3275 Ἀδριανουπό-

341 3297 488 3360 λεως
519 3297 613 3349 καὶ
666 3295 888 3366 Θρᾴκης
948 3294 1307 3366 συναθροίσας
1358 3295 1658 3366 στρατιάν·
1708 3296 1767 3349 ού
1811 3298 1920 3367 γέρ

345 3389 481 3456 ἐξῆν
508 3389 609 3459 τήν
641 3405 700 3442 τε
735 3392 798 3442 ἐκ
828 3389 1167 3452 Μακεδονίας
1216 3391 1309 3441 καὶ
1353 3390 1451 3459 τῆς
1488 3389 1650 3459 ἄλλης
1680 3391 1920 3459 ἑσπέρας

348 3480 801 3551 μετακαλεῖσθαι·
835 3482 1137 3550 κατήπειγε
1165 3481 1277 3550 γὰρ
1310 3482 1337 3534 ὁ
1368 3482 1578 3551 καιρὸς,
1613 3482 1705 3534 καὶ
1729 3482 1756 3534 ὁ
1785 3483 1920 3534 Κονο

342 3575 520 3645 τοφρέ
555 3556 717 3626 πάλίν
747 3574 809 3625 ἐκ
838 3571 1182 3641 Μεσοθηνίας
1211 3570 1399 3633 ἐλθὼν,
1432 3574 1525 3624 καὶ
1560 3573 1785 3640 φάσκων
1825 3573 1920 3627 νῦν

344 3653 501 3717 εἷναί
522 3665 713 3732 καιρὸν
738 3660 1026 3714 ἐπιθέσθαι
1049 3664 1165 3722 τοῖς
1193 3660 1508 3731 βαρϐάροις,
1528 3661 1600 3725 ὡς
1621 3662 1743 3715 ὅσον
1766 3662 1921 3717 οὔπω

264 3740 295 3752 ’
347 3753 492 3823 πρὸς
522 3757 619 3817 τὰς
649 3753 954 3824 δυσχωρίας
987 3754 1406 3822 ἀποχωρήσουσι
1434 3753 1531 3822 τῆς
1563 3756 1798 3826 ὀρεινῆς·
1823 3757 1917 3828 τὴν

330 3844 418 3915 -ὴθ
429 3844 722 3913 ροισμένην
744 3843 1011 3913 στρατιάν
1033 3844 1215 3897 λαϐὼν
1247 3845 1274 3896 ὁ
1297 3844 1572 3913 βασιλεὺς,
1605 3850 1920 3920 ἐπεραιώθη

348 3939 492 4007 ,ιρις
525 3938 623 4004 τὴν
652 3937 726 3989 ξω
754 3937 1012 4008 λήγοντος
1044 3937 1149 4008 ἤδη
1196 3936 1376 4006 ἔαρος.
1415 3940 1555 3991 κατᾶ
1588 3939 1653 3991 τὸ
1681 3941 1919 3995 Σκουτά-

350 4044 474 4098 ριον
514 4030 1076 4098 προσαγορευόμενον.
1114 4027 1269 4081 Ἐπεὶ
1299 4029 1354 4081 δὲ
1386 4029 1625 4100 ἠγγέλθη
1654 4033 1766 4093 τοῖς
1793 4032 1924 4102 βαρ-

346 4119 547 4189 ϐάροις
584 4121 616 4188 ἡ
657 4118 751 4170 τοῦ
786 4118 1049 4188 βασιλέως
1080 4118 1285 4189 ἔφοδος.
1320 4121 1435 4173 ὅσοι
1464 4120 1562 4188 μὲν
1589 4116 1728 4190 ἦσαν
1758 4123 1923 4189 νομά-

346 4210 440 4272 δες
480 4209 622 4262 κατὰ
649 4209 746 4280 τὴν
786 4210 1056 4279 Βυθηνίαν
1105 4210 1567 4279 διεσκεδασμένοι,
1620 4213 1825 4281 σκηνάς
1863 4229 1922 4264 τε

348 4299 720 4363 ἀναλαϐόντες
772 4303 865 4353 καὶ
895 4300 1241 4371 βοσκήματα,
1278 4301 1373 4354 καὶ
1429 4302 1529 4369 τὴν
1572 4301 1737 4373 ἄλλην
1786 4305 1922 4356 ἀπο-ι

351 4392 580 4463 σκευὴν,
629 4392 724 4444 ἐπὶ
767 4392 835 4444 τὰ
869 4392 1175 4463 ὑψηλότερα
1221 4393 1452 4462 ἀνῆλθον
1485 4393 1594 4446 τῶν
1626 4394 1790 4464 ὀρῶν,
1831 4397 1923 4449 καὶ

350 4484 695 4555 πορρωτέρω
720 4483 753 4555 ἢ
781 4483 838 4550 ἐξ
869 4483 1023 4545 ἔθους
1059 4479 1127 4554 ἦν
1158 4484 1361 4546 αὐτοῖς.
1382 4485 1649 4554 Ὀρχάνης
1678 4487 1733 4540 δὲ
1758 4490 1786 4541 ὁ
1818 4469 1923 4541 τῶν

349 4575 544 4630 αὐτόθι
593 4575 822 4644 Περσῶν
866 4575 1178 4644 σατράπης,
1223 4573 1321 4645 ὅση
1358 4569 1426 4646 ἦν
1461 4576 1607 4646 αὐτῷ
1653 4577 1793 4646 πεζὴ
1829 4581 1922 4633 καὶ

308 4688 321 4695 ι
355 4665 564 4736 ἱππικὴ
585 4665 813 4735 δύναμις
842 4662 1150 4725 ἀναλαϐὼν,
1183 4665 1306 4717 ἐπεὶ
1336 4665 1567 4720 ἐπύθετο
1582 4668 1673 4722 τὸν
1698 4666 1924 4738 βασιλέα

352 4762 444 4818 διὰ
470 4760 817 4829 Μεσοθηνίας
838 4759 1102 4829 μέλλοντα
1128 4761 1284 4827 ἱέναι,
1303 4762 1503 4826 πολλὰς
1527 4763 1760 4834 ἐχούσης
1799 4764 1928 4820 δυσ-

308 4858 321 4869 ⁸
352 4854 565 4925 χωρίας
597 4852 691 4906 καὶ
737 4852 1076 4923 ὀχυρότητας
1136 4852 1450 4920 αὐτοφυεῖς,
1493 4854 1553 4906 οὐ
1582 4857 1648 4925 τῇ
1685 4858 1924 4928 σφετέρᾳ

353 4945 584 5013 δυνάμει
618 4945 839 5013 μᾶλλον,
898 4944 931 5014 ἢ
978 4946 1045 5015 τῆ
1080 4942 1227 4997 θέσει
1274 4943 1562 5016 θαρρήσας
1599 4946 1694 4999 τοῦ
1730 4947 1920 5011 τόπου,

351 5036 435 5097 εἰς
464 5035 809 5103 Μεσοθηνίαν
829 5034 1024 5099 ἐλθὼν,
1044 5034 1267 5106 ὑψηλοῖς
1287 5036 1507 5106 χωρίοις
1527 5036 1621 5089 καὶ
1649 5037 1920 5110 δυσπροσ-

2021 2570 2182 2622 nebat
2215 2580 2395 2624 autem
2452 2586 2521 2625 ne
2581 2572 3041 2639 procrastinaret,
3091 2569 3236 2637 quod
3291 2569 3511 2623 Barbari
3561 2578 3603 2624 e'

2019 2661 2420 2728 campestribus
2457 2661 2509 2713 in
2559 2662 2792 2716 editiora
2835 2664 2973 2726 loca,
3001 2648 3223 2715 aestivos
3253 2660 3463 2715 calores
3492 2660 3594 2716 de-

2020 2748 2291 2803 clinantes
2336 2751 2651 2819 propediem
2701 2733 3008 2805 successuri
3057 2759 3281 2810 essent;
3335 2751 3415 2804 sic
3443 2749 3593 2805 enim

2020 2838 2142 2892 illos
2175 2853 2487 2900 consuesse.
2518 2844 2657 2895 'cum
2719 2843 2830 2895 sint
2874 2842 3105 2910 νομάδες
3166 2839 3296 2912 [hoc
3343 2851 3464 2904 est,
3497 2839 3593 2907 qui

2019 2945 2140 2983 cum
2189 2930 2405 2999 pascuis
2450 2932 2679 3000 mapalia
2711 2930 2970 3003 mutent].
3017 2932 3088 2988 Ut
3119 2931 3305 2986 animo
3333 2931 3485 2986 stetit
3512 2931 3597 2984 in-

2019 3020 2158 3088 festo
2208 3022 2479 3091 petendos
2528 3024 2746 3092 agmine
2772 3063 2787 3087 ,
2827 3025 3110 3095 Byzantio,
3165 3023 3550 3095 Didymoticbo
3577 3062 3594 3087 ,

2019 3114 2394 3184 Adrianopoli,
2432 3124 2485 3168 et
2518 3129 2550 3168 e
2584 3114 2818 3169 Thracia
2843 3115 3054 3169 coactis
3081 3115 3258 3185 cepiis
3282 3116 3413 3186 (non
3446 3115 3593 3168 enim

2018 3206 2398 3262 Macedonicas
2468 3207 2813 3274 reliquasque
2873 3205 3106 3260 orientis
3143 3205 3347 3260 licebat
3372 3219 3593 3275 cogere,

2021 3301 2167 3367 quod
2200 3307 2417 3368 tempus
2456 3299 2686 3367 urgebat
2720 3305 2817 3353 :et
2842 3295 3005 3350 simul
3034 3294 3382 3366 Contopltres
3417 3311 3448 3349 e
3479 3295 3592 3349 Me-

2020 3390 2271 3446 sotltenia
2321 3404 2597 3453 reversus,
2644 3404 2793 3444 nunc
2845 3403 2966 3443 esse
2998 3397 3271 3443 maturum
3299 3387 3596 3442 conﬁrma-

2021 3478 2115 3534 bat
2148 3478 2416 3533 Barbaros
2450 3477 2696 3548 aggredi,
2725 3486 3019 3546 antequam
3050 3476 3119 3532 ad
3147 3477 3412 3547 impedita
3432 3492 3592 3531 mon-

2022 3571 2156 3625 tium
2217 3570 2337 3624 loca
2383 3569 2722 3636 recederent,
2762 3570 2907 3639 quod
2970 3584 3099 3624 mox
3142 3568 3339 3624 facturi
3390 3569 3596 3638 essent)

2023 3659 2077 3713 in
2129 3658 2434 3726 Orientem,
2467 3667 2702 3714 exeunte
2742 3659 2855 3728 jam
2894 3674 3023 3714 vere
3054 3660 3315 3731 navigans
3353 3659 3489 3729 (55),
3525 3661 3597 3715 ad

2025 3751 2357 3815 Scutarium,
2420 3761 2481 3805 ut
2524 3751 2854 3821 appellatur,
2896 3766 3061 3805 naves
3094 3752 3309 3821 appulit
3341 3751 3474 3821 (5i).
3513 3750 3602 3804 ln-

2026 3844 2244 3898 tellecto
2268 3843 2454 3899 hostili
2484 3843 2837 3912 imperatoris
2855 3842 3120 3904 adventu.
3143 3834 3416 3910 quotquot
3438 3849 3607 3899 erant

2025 3934 2288 3988 nomades
2336 3948 2435 4001 per
2483 3932 2794 4001 Bithyniam
2829 3932 3084 4001 dispersi,
3113 3947 3238 3987 cum
3269 3931 3605 3985 tabernacuq

2026 4027 2091 4081 lis
2130 4035 2185 4080 ct
2232 4039 2453 4094 pecore,
2485 4032 2791 4092 caeteraque
2821 4023 3145 4092 supellectili
3186 4023 3254 4077 ad
3297 4023 3405 4078 alta
3436 4039 3600 4078 mon-

2027 4119 2184 4181 t'um,
2240 4127 2297 4172 et
2341 4116 2559 4186 longius
2607 4117 2850 4185 quidem,
2873 4130 3035 4184 quam
3073 4131 3170 4182 pro
3197 4115 3605 4170 consuetudine

2024 4225 2122 4263 sua
2169 4216 2555 4279 properarunt.
2596 4205 2881 4262 Orcbanes
2920 4206 3209 4260 Persarum
3256 4205 3310 4258 in
3342 4205 3597 4277 Bithynia

2025 4314 2241 4372 satrapa
2286 4302 2424 4374 [sive
2477 4300 2782 4373 princeps],
2831 4301 3131 4370 assumptis
3182 4316 3322 4370 quas
3364 4301 3600 4355 habebat

2027 4395 2372 4466 pedestribus
2399 4394 2865 4464 equestribusque
2895 4392 3093 4462 c0piis,
3120 4402 3407 4462 postquam
3432 4392 3601 4446 resci-

2026 4488 2107 4545 vit
2159 4489 2543 4559 imperatorem
2589 4502 2689 4557 per
2719 4485 3116 4542 Mesotbeniatn
3158 4493 3474 4547 venturum,
3521 4484 3600 4539 lo-

2025 4596 2152 4637 cum
2194 4579 2385 4634 multis
2430 4579 2848 4634 diliicultatibus
2890 4588 2947 4632 et
3025 4577 3371 4632 naturalibus
3417 4577 3603 4630 muni-

2029 4673 2229 4729 mentis
2277 4671 2625 4741 impeditum,
2671 4687 2780 4725 non
2812 4671 2984 4742 magis
3004 4670 3122 4726 suis
3158 4670 3397 4734 viribus,
3433 4684 3600 4739 quam
3665 4710 3671 4717 .

2027 4765 2130 4822 bac
2159 4781 2218 4820 re
2247 4762 2442 4827 fretus,
2466 4763 2524 4817 in
2560 4762 2950 4819 Mesotbeuiam
2986 4763 3233 4827 veniens,
3262 4762 3317 4815 in
3370 4760 3605 4829 excelsis

2027 4867 2083 4910 et
2126 4871 2263 4925 pene
2294 4855 2589 4909 inaccessis
2611 4854 2914 4908 exercitum
2946 4855 3258 4909 collocavit.
3295 4853 3600 4924 Imperator

1984 4968 1999 4991 ε
2029 4946 2280 5003 Scutario
2334 4947 2487 5002 bidui
2542 4947 2742 5002 itinere
2792 4946 3091 5017 proiectus,
3144 4963 3269 5002 cum
3317 4947 3482 5001 tertio
3513 4945 3604 5001 die

1972 5076 1980 5085 ι
2030 5056 2191 5097 mane
2234 5048 2517 5110 pergeret,
2557 5040 2753 5096 Persas
2807 5040 2999 5110 procul
3053 5040 3109 5093 in
3150 5040 3301 5094 edito
3341 5037 3609 5099 sedentes

1589 5152 1806 5225 Jacobi
1846 5155 2117 5216 Pontani
2149 5160 2336 5215 notas.

420 5270 544 5344 (52)
569 5274 644 5326 ita
672 5274 933 5344 scriptum
964 5274 1018 5328 in
1066 5276 1463 5344 manuscripto,
1498 5275 1687 5329 nescio
1737 5291 1805 5330 an
1833 5294 1915 5331 er-

346 5357 478 5416 rore
508 5343 770 5416 _librarii,
815 5359 883 5397 an
917 5347 1051 5410 aevi;
1081 5343 1393 5413 quanquam
1418 5345 1562 5416 apud
1584 5344 1910 5416 iGregoram,

347 5413 445 5486 qui
497 5411 887 5486 cantacuzcno
936 5411 1780 5486 coaevus,clupea—Cadmum,
1824 5417 1918 5486 qui
1964 5429 1972 5443 ν’

346 5481 518 5537 etiam
556 5482 783 5553 inferior
815 5493 921 5549 est,
952 5483 1163 5553 legatur
1196 5481 1437 5537 Βιθυνία.

424 5553 544 5622 (55)
584 5553 659 5605 De
720 5552 1228 5624 bac_expeditione
1304 5554 1451 5622 legas
1508 5569 1740 5615 censeo.
1798 5570 1921 5624 quae

344 5620 498 5678 libro
522 5620 577 5675 ix
607 5630 793 5675 narrat
824 5620 1112 5689 Gregoras.
1147 5631 1201 5676 et
1237 5620 1574 5679 eum—nostra
1606 5620 1918 5678 narratione

346 5694 625 5749 conferas,
659 5707 823 5760 quam
848 5694 1020 5746 multo
1068 5692 1375 5747 uberiorem
1412 5708 1477 5748 ac
1495 5693 1915 5759 distinctioretn,

348 5765 517 5822 addo,
547 5762 713 5815 etiam
757 5761 1025 5815 veriorem
1064 5763 1331 5817 invenies.
1892 5762 1901 5771 ’

420 5832 535 5897 (Siti)
562 5831 776 5900 Angulo
809 5830 1080 5886 Sultaniui
1114 5831 1286 5886 Saraii
1316 5832 1392 5899 (id
1429 5840 1531 5897 est,
1564 5831 1769 5902 palatii)
1832 5848 1916 5888 re-

349 5903 593 5972 spondet
628 5902 899 5975 cregionc
935 5902 1246 5957 Seutarium
1279 5903 1334 5955 in
1381 5901 1525 5970 Asia,
1566 5901 1862 5974 disiunctis
1886 5920 1919 5959 α

1942 5284 1996 5343 D
2021 5295 2080 5334 se
2106 5279 2337 5335 invicem
2359 5279 2497 5333 locis
2529 5278 2958 5333 hisceduntaxat
2985 5294 3094 5332 uno
3127 5277 3346 5333 milliari
3376 5277 3592 5335 Graeco,

2023 5349 2164 5404 Ante
2188 5365 2338 5413 vero,
2363 5364 2523 5415 quam
2571 5349 2660 5401 hic
2706 5349 2961 5417 trajectus
2985 5364 3298 5415 superetur,
3343 5349 3595 5401 occurrit

2032 5419 2087 5472 in
2126 5420 2258 5487 ipsis
2282 5417 2438 5484 aquis
2479 5425 2753 5487 exstructa
2799 5420 3045 5487 qttzedatn
3090 5433 3191 5487 arx
3221 5433 3408 5485 parva,
3435 5433 3595 5485 quam

2028 5489 2229 5542 turrim
2267 5487 2614 5539 Scutariuam
2642 5486 2813 5541 Graeci
2843 5497 3058 5547 vocant,
3099 5486 3259 5539 Turci
3297 5487 3595 5547 Kisculam,

2027 5557 2130 5611 hoc
2178 5564 2283 5616 est,
2312 5570 2492 5607 arcem
2517 5556 2768 5624 virginis.
2800 5554 2975 5608 Distat
3010 5571 3037 5608 a
3061 5556 3376 5609 continente
3396 5557 3609 5610 Asiana-

2025 5626 2337 5680 Scutarium
2366 5634 2585 5693 centum
2620 5626 2895 5693 passibus.
2936 5624 3146 5679 Nomen
3181 5626 3385 5693 oppido
3412 5626 3599 5681 vicino

2022 5696 2193 5757 dedit,
2226 5703 2286 5749 ut
2309 5694 2358 5747 id
2391 5692 2595 5748 Graecis
2622 5692 2790 5749 bodie
2832 5695 3169 5758 Scutarium,
3222 5692 3416 5752 Turcis
3445 5697 3597 5751 Iseo-

2022 5766 2120 5838 dar
2149 5765 2369 5838 dicatur
2398 5763 2557 5816 :olim
2583 5781 2692 5820 non
2709 5765 3045 5838 Chalcedon,
3080 5778 3137 5838 ut
3161 5766 3383 5838 quidam
3407 5768 3591 5838 magni
3672 5806 3677 5813 .

2020 5835 2123 5909 viri
2144 5834 2278 5909 falso
2311 5846 2661 5909 putaverunt,
2685 5836 2781 5891 sed
2808 5835 3190 5909 Chrysopolis.
3220 5834 3591 5895 Leunclavius

2022 5904 2282 5960 Pandectc
2316 5903 2546 5958 historia:
2587 5904 2618 5959 Ἰ
2632 5912 2835 5963 urcicw.
