4156 6300
527 465 678 529 '413

1753 467 2077 529 JOANNIS
2117 468 2642 532 CANTACUZENI

3711 471 3816 533 444

569 575 881 647 οοηεροιίι,
955 578 1292 648 paulumque
1343 579 1485 634 ultra
1535 595 1881 650 progressus,
1931 590 1986 636 et
2039 582 2154 651 ipse

2261 586 2395 650 όδοις
2445 586 2802 657 ἐγκαθίδρυσε
2855 588 2954 657 τὴν
2997 586 3274 656 στρατιάν.
3333 584 3598 649 Βασιλεὺς
3634 584 3816 640 δέἀπδ

572 669 630 722 in
679 669 819 730 loco,
875 669 963 723 cui
1020 670 1288 724 Pelecano
1342 683 1541 724 nomen
1589 679 1696 748 est,
1747 679 1926 726 castra
1985 670 2151 736 fecit,

573 761 890 829 coactisque
927 760 1287 829 primoribus.
1335 761 1464 830 quid
1495 760 1639 814 facto
1669 745 1807 830 opus
1837 762 2152 829 exquisivit.

573 850 860 918 Sententia
912 851 1012 904 fuit
1053 867 1161 905 non
1211 867 1331 906 esse
1379 852 1611 906 ulterius
1651 853 2152 922 progrediendum,

576 952 690 995 tum
722 941 867 1009 quod
897 942 1072 995 Persae
1111 943 1377 997 nomades
1401 943 1456 996 in
1483 959 1621 1012 quos
1657 944 1973 1008 tendebant,
2001 942 2153 997 velut

575 1030 630 1083 in
684 1031 950 1083 servitute
997 1031 1318 1100 abrepturi,
1374 1033 1426 1086 id
1477 1033 1779 1088 sentientes
1840 1033 2147 1104 fugerent:

575 1122 732 1189 211
785 1131 897 1175 tum
929 1123 1056 1191 quia
1099 1124 1254 1185 locis,
1310 1139 1407 1194 per
1447 1141 1569 1192 qua:
1612 1135 1799 1180 essent
1838 1125 2150 1190 transituri,

577 1215 737 1266 inviis
783 1223 837 1265 et
878 1218 1142 1282 angustis.
1178 1215 1528 1286 pedestrique
1575 1226 1631 1271 et
1675 1218 1918 1286 equestri
1989 1233 2148 1272 exer-

575 1305 684 1358 citu
718 1317 909 1360 contra
941 1322 1263 1372 occursuro,
1314 1325 1421 1361 non
1458 1309 1750 1362 videbatur
1775 1308 2150 1362 necessarium

576 1398 729 1450 nullo
761 1414 885 1451 cum
920 1398 1103 1452 fructu
1141 1400 1295 1453 adire
1324 1400 1657 1468 periculum.
1687 1401 1767 1454 Ne
1793 1409 1974 1454 tamen
2002 1409 2149 1454 metu

576 1485 944 1540 Barbarorum
973 1489 1182 1556 regredi
1211 1498 1564 1556 putarentur,
1589 1490 1860 1559 postridie
1893 1490 2150 1544 matutini

577 1578 632 1630 in
670 1579 913 1645 planitie.
944 1581 1093 1634 velut
1125 1581 1187 1635 ad
1215 1591 1450 1652 pugnam
1481 1582 1756 1651 dispertiti
1779 1581 1904 1646 viri,
1934 1582 2150 1651 disper-

576 1669 662 1722 titi
694 1672 939 1734 ordines,
971 1687 1000 1725 e
1048 1674 1275 1741 regione
1305 1675 1696 1727 consisterent.
1747 1674 1814 1728 Et
1852 1673 1896 1726 si
1927 1673 2148 1741 quidem

577 1760 767 1815 hostes
803 1777 833 1815 e
869 1763 1008 1816 locis
1052 1764 1238 1815 arduis
1285 1764 1535 1832 digressi,
1587 1779 1746 1832 aequo
1800 1779 1992 1833 campo
2023 1779 2146 1817 eum

577 1851 712 1920 ipsis
760 1853 965 1905 vellent
1016 1869 1376 1917 concurrere.
1434 1857 1695 1909 virtutem
1748 1870 1901 1909 suam
1957 1864 2146 1908 contra

580 1951 964 2008 ostentarent;
995 1945 1077 1998 sin
1106 1953 1311 2002 autem.
1345 1946 1663 2017 Byzantium
1691 1947 1832 2000 viam
1855 1945 2150 2000 ordinatim

579 2043 953 2100 capesserent,
992 2051 1050 2090 re
1082 2036 1361 2101 docentes,
1411 2053 1519 2091 non
1556 2038 1683 2106 quia
1729 2038 2010 2100 timerent,
2054 2038 2152 2093 sed

579 2126 709 2194 quia
740 2126 1066 2194 quibuscum
1106 2140 1412 2198 pugnarent
1446 2145 1556 2183 non
1603 2130 1891 2194 haberent,
1930 2130 2152 2184 domum

581 2231 858 2270 reversos.
893 2219 1008 2271 lloe
1035 2218 1110 2271 illi
1143 2219 1528 2286 decreverunt,
1559 2231 1616 2276 et
1644 2221 1786 2290 apud
1823 2221 2152 2276 Pelecanum

581 2318 1002 2376 pernoctaruut.
1045 2310 1404 2381 Posteaquam
1444 2313 1616 2382 pulsis
1673 2313 1914 2368 tenebris
1958 2313 2153 2366 diurna

581 2399 673 2454 lux
709 2401 938 2466 affulsit,
977 2403 1233 2458 laudibus
1274 2405 1384 2458 Deo
1415 2404 1480 2459 de
1512 2420 1664 2459 more
1695 2404 1878 2470 dictis,
1913 2405 2153 2474 impera-

582 2499 669 2543 tor
699 2494 965 2546 militibus
1001 2494 1130 2547 tuba
1160 2495 1375 2565 signum
1424 2495 1490 2549 ad
1539 2511 1688 2550 arma
1739 2496 2003 2565 capienda
2035 2495 2153 2550 dari

580 2583 764 2648 jussit.
813 2584 1020 2637 Armati
1075 2585 1262 2654 igitur,
1299 2587 1455 2654 juxta
1502 2587 1822 2640 hesternum
1873 2588 2153 2642 decretum

583 2680 774 2724 contra
819 2671 1092 2726 Barbaros
1150 2674 1206 2726 in
1273 2675 1419 2729 acies
1461 2675 1734 2745 dispositi,
1785 2686 2040 2741 tanquam
2087 2678 2154 2733 ad

585 2763 829 2832 praelium
849 2763 1252 2818 conserendum
1284 2764 1612 2833 procedunt.
1639 2767 1716 2820 Eo
1739 2767 1857 2822 viso
1879 2768 2156 2824 Orchanes

585 2867 718 2907 suos
754 2853 882 2907 item
911 2853 1157 2918 instruit,
1189 2864 1510 2923 partemque
1539 2855 1594 2909 in
1620 2847 1840 2912 insidiis
1870 2861 2108 2913 occultat
2139 2877 2153 2914 :

587 2945 724 2998 utsi
781 2945 1010 2998 Romani
1041 2945 1114 3012 {in
1170 2946 1274 3001 hos
1318 2948 1679 3016 praevalentes
1732 2951 2028 3017 irruerent,
2082 2953 2157 3006 illi

587 3035 886 3105 derepente
909 3037 1284 3106 prosilientes,
1315 3055 1411 3094 eos
1436 3041 1950 3108 perterrefaeerent,
1994 3053 2158 3113 atque

586 3127 642 3178 in
697 3127 877 3198 fugam
915 3130 1335 3198 compellerent.
1379 3132 1628 3201 Reliquis
1681 3133 1868 3202 itaque
1915 3135 2015 3190 sibi
2056 3136 2156 3190 ad-

2260 677 2592 747 Σκουταρίου
2639 677 2786 730 δυεῖν
2834 677 3060 748 ἡμερῶν
3106 677 3224 730 ὁδὸν
3266 675 3493 739 ἀνύσας,
3541 677 3608 746 τῇ
3661 677 3816 747 τρίτῃ

2257 767 2370 837 ἆμα
2399 768 2474 837 ἐῳ
2505 768 2631 822 ἐπεὶ
2669 769 2834 821 πάλιν
2879 770 2978 837 τῆς
3009 767 3181 836 αὐτῆς
3221 768 3428 836 είχοντο
3461 765 3606 831 ὁδοῦ,
3657 768 3746 819 καὶ
3782 770 3815 836 ἡ

2256 856 2502 926 Περσικὴ
2541 857 2770 926 στρατιά
2798 856 2971 926 ἐφάνη
3003 853 3223 908 ἄπωθεν
3257 855 3315 906 ἐν
3346 853 3568 923 χωρίοις
3601 852 3816 921 dij/1310i;

2258 948 2721 1017 ἐγκαθιδρυμένη.
2763 947 2973 1014 Ὀλίγον
3021 945 3078 998 δέ
3129 945 3410 1018 προελθὼν
3453 945 3482 996 ὁ
3529 943 3814 1012 βασιλεὺς,

2254 1038 2715 1108 ἐστρατοπέδευσε
2743 1038 2837 1091 καὶ
2859 1037 3021 1100 αύτδς
3050 1039 3108 1090 ἐν
3135 1037 3321 1108 χωρίῳ
3347 1034 3641 1100 Πελεκάνῳ
3658 1051 3819 1102 προσ-

2253 1132 2660 1199 αγορευομένῳ·
2692 1130 2786 1182 καί⁵
2828 1131 2956 1191 τοὺς
3001 1131 3061 1182 ἐν
3095 1129 3237 1182 τέλει
3288 1126 3635 1194 συναγαγὼν,
3667 1125 3817 1178 ἐϐου-

2258 1221 2476 1274 λεύοντο
2535 1224 2563 1276 ὃ
2600 1239 2651 1274 τι
2689 1222 2797 1274 δέοι
2837 1223 3032 1277 ποιεῖν.
3073 1220 3276 1273 Ἐδόκει
3305 1220 3368 1289 δὴ
3403 1218 3713 1288 περαιτέρω
3747 1217 3815 1284 μὴ

2254 1313 2593 1383 προϐαίνειν,
2631 1313 2748 1382 ἅμα
2786 1313 2886 1383 μὲν
2929 1314 3023 1366 καὶ
3053 1311 3141 1366 διὰ
3175 1313 3235 1364 τὸ
3267 1313 3394 1374 τοὺς
3420 1311 3655 1379 νομάδας
3687 1309 3818 1376 [lip-

2255 1416 2351 1464 σας
2381 1395 2462 1462 οἷς
2489 1400 2826 1471 ἐπῄεσανὼς
2857 1399 3456 1470 ἐξανδραποδισάμενοι,
3491 1397 3588 1467 τὴν
3634 1396 3815 1463 ἔφοδον

2252 1489 2607 1559 αἰσθομένους
2649 1491 2950 1560 διαδράναισ
2991 1491 3108 1562 ἃμα
3157 1491 3203 1542 δ’
3233 1491 3316 1544 ὅτι
3359 1489 3466 1542 τῶν
3503 1505 3562 1540 τε
3597 1488 3812 1558 χωρίων

2251 1581 2530 1637 δυσϐάτων
2569 1582 2663 1636 καί
2691 1583 2892 1636 στενῶν
2922 1582 3094 1636 ὄντων
3133 1583 3202 1634 δι’
3233 1575 3305 1635 ὧν
3339 1581 3564 1650 ἔμελλον
3604 1580 3812 1640 διῖέναι,

2252 1674 2346 1727 καὶ
2381 1676 2640 1745 στρατιᾶς
2675 1673 3372 1743 ἀντιστρατοπεδευομένης
3422 1672 3593 1740 πεζῆς
3631 1687 3693 1722 τε
3727 1672 3813 1722 καὶ

2254 1767 2508 1836 ἱππικῆς,
2558 1767 2658 1819 οὐκ
2699 1767 2998 1833 ἀναγκαῖον
3035 1763 3458 1818 διακινδυνεύειν
3498 1763 3591 1815 ἐπὶ
3637 1761 3813 1828 κέρδει

2251 1858 2447 1912 ούδενί.
2489 1859 2602 1911 Ἵνα
2632 1857 2688 1910 δὲ
2725 1857 2798 1925 μὴ
2853 1857 3058 1932 δοκοῖεν
3109 1856 3186 1924 τῷ
3225 1855 3332 1908 δέει
3384 1855 3492 1908 τῶν
3527 1853 3813 1923 βαρϐάρων

2253 1950 2638 2020 ἀναστρέφειν,
2673 1951 2752 2011 εἰς
2781 1948 2881 2016 τὴν
2921 1949 3218 2016 ὑστεραίαν
3253 1949 3366 2016 ἅμα
3395 1946 3470 2014 ἕῳ
3513 1945 3814 2014 ὁπλισαμέ-

2255 2057 2378 2102 νους
2410 2041 2501 2092 ἐπὶ
2531 2039 2625 2092 τοῦ
2659 2039 2841 2091 πεδίου
2870 2037 3154 2091 κατέναντι
3180 2035 3288 2089 τῶν
3322 2035 3614 2105 βαρϐάρων
3641 2050 3814 2116 παρα-

2254 2130 2518 2197 τάξασθαι
2546 2131 2621 2192 ὡς
2662 2130 2743 2192 είς
2787 2130 2988 2199 μάχην.
3018 2130 3138 2182 Κᾶν
3167 2128 3264 2196 μὲν
3303 2127 3458 2178 αὐτοὶ
3488 2125 3586 2194 τῆς
3617 2125 3818 2193 δυσχωο

2257 2219 2378 2288 ρίας
2403 2220 2759 2282 ἀποστάντες,
2800 2219 2894 2270 ἐπὶ
2939 2215 3032 2268 τοῦ
3076 2217 3281 2285 ὁμαλοῦ
3323 2215 3594 2284 θελήσωσι
3624 2215 3820 2281 διαγω-

2255 2309 2506 2362 νίσασθαι
2539 2311 2747 2374 αὐτοῖς,
2783 2311 2876 2362 καὶ
2900 2309 3055 2362 αὐτοὶ
3094 2308 3458 2374 ἐπιδείξεσθαι
3489 2307 3584 2377 τὴν
3615 2305 3821 2358 οἰκείαν

2256 2403 2477 2471 ἀρετήν·
2511 2402 2604 2454 ἐὰν
2632 2402 2686 2453 δὲ
2722 2401 2796 2472 μὴ
2829 2401 2982 2453 αὐτοὶ
3005 2401 3099 2469 τῆς
3127 2399 3430 2469 δυσχωρίας
3460 2398 3819 2466 ἀφιστῶνται,

2256 2493 2354 2562 τῆς
2393 2494 2471 2554 εἰς
2513 2493 2803 2556 Βυζάντιον
2853 2491 3073 2560 ἔχεσθαι
3121 2489 3394 2560 φερούσης
3449 2489 3817 2557 τεταγμένως·

2258 2585 2404 2654 ἔργῳ
2435 2583 2713 2648 δείξαντας
2744 2582 2818 2644 ὡς
2841 2581 2900 2634 ού
2931 2581 3020 2634 διὰ
3044 2580 3272 2644 δειλίαν,
3307 2579 3444 2632 ἀλλὰ
3477 2579 3537 2631 τὸ
3577 2578 3656 2648 μὴ
3684 2577 3821 2646 ἔχειν

2259 2671 2457 2729 οἷστισι
2518 2675 2908 2744 συμϐαλοῦσιν,
2977 2671 3270 2738 ἀνέζευξαν
3341 2672 3422 2733 εἰς
3475 2670 3571 2740 τὴν
3623 2671 3820 2722 οἰκίαν.

2259 2767 2418 2822 Οὕτω
2469 2768 2568 2837 μὲν
2616 2767 2679 2836 δὴ
2726 2767 3002 2819 ἐδέδοκτοο
3049 2766 3143 2818 καὶ
3187 2763 3479 2834 ηὐλίσαντο
3507 2761 3602 2832 τὴν
3661 2761 3821 2814 νύκτα

2261 2859 2478 2929 ἐκείνην
2505 2858 2644 2912 κατά
2670 2857 2758 2910 τὸν
2786 2857 3114 2910 Πελεκάνον.
3151 2855 3303 2924 Ἀμα
3331 2855 3388 2908 δὲ
3427 2855 3501 2925 ἕῳ
3535 2854 3679 2922 μετά
3705 2854 3820 2912 τοὺς

2261 2952 2516 3014 εἰωθότας
2548 2949 2752 3018 ὕμνους
2781 2947 2916 3020 πρὸς
2941 2951 3098 3013 Θεὸν,
3125 2952 3190 3018 τῇ
3221 2949 3484 3014 σάλπιγγι
3509 2946 3761 2998 ἐκέλευεν
3798 2947 3822 2996 ὁ

2265 3045 2518 3116 βασιλεὺς
2556 3048 2622 3115 τῇ
2649 3046 2876 3114 στρατιᾷ
2905 3044 3004 3114 τὴν
3031 3043 3317 3112 ἐφόπλισιν
3337 3041 3648 3112 σημαίνειν.
3681 3040 3822 3092 Ἐπεὶ

2263 3137 2317 3190 δὲ
2353 3136 2684 3201 ὡπλίσαντο,
2718 3136 3006 3188 κατέναντι
3039 3135 3148 3187 τῶν
3189 3134 3484 3204 βαρϐάρων
3513 3128 3700 3202 ἦλθον,
3731 3149 3827 3184 πα·

585 3217 813 3287 junctis,
879 3218 934 3272 in
1007 3219 1229 3274 sublimi
1305 3223 1505 3278 stabat.
1561 3224 1801 3279 Secretis
1850 3241 2014 3295 porro
2049 3235 2157 3282 tre-

2265 3227 2658 3297 ρατεταγμένοι
2677 3227 2750 3287 ὼς
2773 3229 2828 3289 ἐς
2857 3220 3114 3296 μάχην,ᾗ
3140 3226 3382 3278 ἐδέδοκτο
3405 3227 3468 3294 τῇ
3500 3225 3819 3293 προτεραίᾳ.

588 3314 761 3367 centis
787 3312 1068 3382 equitibus
1097 3314 1394 3384 sagittariis
1431 3305 1880 3385 pugnacissimis,
1922 3318 1974 3371 iu
2005 3320 2162 3388 equis

587 3405 971 3469 velocissimis,
1008 3405 1299 3474 imperavit
1342 3407 1424 3461 eis
1450 3447 1466 3472 ,
1508 3423 1574 3461 ne
1641 3409 1890 3463 cominus
1945 3419 2000 3463 et
2050 3421 2162 3464 sta-

591 3498 731 3550 taria
777 3511 978 3566 pugna,
1009 3497 1106 3551 sed
1140 3513 1207 3552 ex
1235 3499 1463 3552 incursu
1511 3499 1834 3556 invadentes
1870 3503 2003 3572 (55),
2040 3519 2162 3556 cum

592 3585 854 3641 [tertianis
899 3585 1297 3655 depugnarent,
1326 3603 1655 3658 rursumque
1681 3591 1954 3660 fugerent,
1977 3603 2030 3647 et
2063 3595 2165 3648 tela

593 3674 649 3728 in
697 3682 911 3744 tergum
951 3683 1273 3744 torquerent
1305 3676 1453 3745 (56);
1513 3677 1712 3732 deinde
1766 3681 2038 3745 conversi,
2081 3697 2167 3734 re-

593 3767 798 3832 dirent,
851 3767 1178 3836 hostemque
1256 3767 1440 3824 denuo
1485 3769 1850 3826 lacesserent.
1925 3771 2166 3843 Contigit

595 3875 802 3927 autem,
822 3869 881 3915 ut
907 3860 1142 3931 spatium
1164 3861 1405 3917 medium
1428 3877 1624 3917 versus
1643 3863 1918 3919 Romanos
1935 3866 2164 3934 aequale,

594 3962 652 4007 et
682 3953 856 4023 equiti
902 3954 1200 4019 idoneum;
1236 3969 1430 4010 versus
1465 3953 1656 4010 Persas
1686 3970 1796 4010 non
1843 3957 2047 4011 acclive
2075 3971 2166 4012 so-

595 4047 736 4109 lum,
768 4061 1106 4116 accessuque
1139 4045 1501 4111 laboriosum,
1537 4047 1632 4102 sed
1673 4057 1728 4102 et
1771 4047 1932 4105 fossis
1967 4050 2168 4105 nativis

597 4135 962 4207 undequaque
996 4135 1372 4206 interceptum
1408 4145 1576 4191 esset.
1624 4136 1741 4203 Qua
1777 4138 2168 4194 commoditate

596 4229 822 4283 Barbari
860 4228 1212 4298 potissimum
1241 4229 1492 4295 ﬁdentes,
1518 4229 1573 4283 in
1603 4230 1880 4286 Romanos
1904 4231 2169 4286 audacius

597 4337 656 4376 se
687 4319 1016 4375 inferebant.
1063 4319 1160 4375 llis
1211 4319 1378 4390 igitur
1421 4320 1704 4388 trecentis,
1744 4331 1804 4375 ut
1851 4322 1956 4377 hoc
2006 4322 2169 4377 modo

597 4429 722 4468 cum
759 4414 1020 4468 Romanis
1051 4413 1401 4477 dimicarent,
1451 4413 1750 4480 mandavit,
1788 4414 1926 4468 alios
1959 4414 2107 4468 mille
2138 4431 2168 4468 a

601 4517 756 4575 tergo
787 4521 977 4562 eorum
1014 4505 1080 4559 ad
1107 4505 1283 4560 fossas
1329 4515 1386 4560 et
1414 4505 1719 4575 angustias,
1761 4505 1854 4578 qui
1893 4505 2169 4561 Romanos

2273 3319 2544 3388 Ὀρχάνης
2576 3319 2633 3371 δὲ
2683 3323 2776 3372 καὶ
2817 3319 2979 3380 αύτδς
3028 3319 3153 3372 ἰδὼν
3181 3324 3272 3372 τὸν
3309 3318 3534 3388 βασιλέα
3584 3318 3823 3375 ἐπιόντα,

2261 3410 2694 3478 ἀντιπαρέταττε
2739 3410 2834 3463 καὶ
2870 3409 3031 3474 αὐτὸς
3058 3412 3158 3480 τὴν
3190 3409 3470 3481 στρατιάν.
3517 3409 3627 3461 Καὶ
3669 3409 3826 3478 μέρος

2265 3504 2363 3570 μέν
2395 3519 2445 3554 τι
2487 3501 2834 3571 κατέκρυψεν
2866 3503 2922 3553 ἐν
2944 3500 3124 3570 λόχοις
3145 3516 3160 3531 ο
3207 3501 3285 3564 ὡς
3313 3499 3377 3553 ἃν
3409 3500 3458 3552 εἰ
3484 3500 3531 3552 οἰ
3571 3499 3828 3567 Ῥωμαῖοι
3891 3484 3898 3490 ’

2263 3593 2630 3663 ὑπερσχόντες
2663 3592 2890 3646 ἐπίωσιν
2918 3593 3135 3658 αὐτοῖς,
3168 3594 3214 3646 οἱ
3248 3595 3305 3645 ἐν
3339 3594 3458 3656 ταῖς
3490 3593 3735 3660 ἐνέδραις
3769 3592 3828 3642 ἐκ

2264 3685 2356 3738 τοῦ
2388 3685 2659 3754 αἰφνιδίου
2683 3683 2999 3747 ἐπελθόντες
3021 3684 3337 3755 ἐκπλήξωσί
3362 3701 3420 3737 τε
3439 3685 3525 3737 διά
3550 3684 3611 3736 τὸ
3628 3686 3831 3751 ἀπροσ-

2263 3775 2510 3845 δόκητον,
2549 3776 2644 3829 καὶ
2671 3776 2979 3846 τρέψωνται
3011 3777 3230 3838 αύτούς.
3258 3776 3368 3846 Τὴν
3402 3776 3447 3828 δ’
3489 3775 3661 3844 ἀλλην
3695 3775 3829 3828 ἃπα-

2267 3886 2368 3922 σαν
2396 3868 2626 3938 δύναμιν
2663 3868 2970 3934 ἀναλαϐὼν,
3023 3867 3154 3937 ἔστη
3188 3868 3279 3919 ἐπὶ
3332 3866 3636 3936 μετεώρου.
3672 3867 3832 3936 Τρια-

2267 3961 2482 4022 κοσίους
2525 3959 2582 4011 δέ
2613 3958 3018 4028 ἀπολεξάμενος
3067 3958 3194 4018 τοὺς
3230 3955 3359 4025 παρ’
3392 3955 3540 4023 αὐτῷ
3575 3971 3826 4026 μαχιμω-

2266 4051 2461 4114 τάτους
2514 4050 2894 4117 ἱπποτοξότας,
2929 4050 3131 4110 ἵππους
3163 4048 3385 4118 ἔχοντας
3434 4047 3544 4099 τῶν
3602 4047 3831 4116 μάλιστα

2269 4143 2413 4196 θέειν
2438 4143 2680 4211 ἀγαθῶν,
2727 4142 3015 4196 ἐκέλευσεν
3055 4143 3239 4205 αὐτοῖς
3273 4141 3336 4193 ού
3376 4140 3517 4193 κατά
3545 4139 3828 4206 συστάδην,

2268 4234 2384 4288 ἀλλ’
2412 4235 2469 4301 ἐξ
2496 4235 2698 4302 ἐφόδων
2723 4233 3140 4305 συμπλέκεσθαι
3175 4236 3242 4303 τῇ
3282 4231 3550 4302 βασιλέως
3580 4229 3826 4300 στρατιᾷ·

2269 4327 2364 4379 καὶ
2404 4327 2655 4389 ἐπιόντας
2705 4327 2804 4394 μὲν
2843 4325 2918 4396 μὴ
2962 4323 3284 4393 ὑπομένειν,
3338 4320 3475 4374 ἀλλὰ
3527 4319 3826 4388 φεύγοντας

2268 4418 2502 4482 τοξείαις
2528 4419 2787 4489 χρῆσθαι,
2819 4416 3168 4487 ἀναχωροῦσι
3195 4416 3254 4470 δὲ
3281 4413 3439 4475 αὖθις
3470 4411 3830 4466 ἐπιτίθεσθαι.

2271 4507 2595 4576 Συμϐέϐηκε
2626 4508 2684 4562 δὲ
2722 4507 2784 4559 τὸ
2828 4506 3032 4574 μεταξὺ
3055 4504 3167 4557 τῶν
3195 4501 3622 4572 στρατευμάτων
3665 4499 3834 4564 ἀμφο-

597 4597 951 4667 inscquentes
979 4598 1317 4666 exciperent,
1369 4597 1648 4651 eteadem
1683 4595 1751 4649 de
1799 4611 1964 4651 causa
2018 4598 2158 4652 mille

2271 4601 2469 4670 τέρων,
2499 4599 2625 4652 ὅσον
2653 4598 2749 4668 μὲν
2775 4593 2843 4669 ἦν
2878 4597 3017 4650 κατά
3047 4597 3173 4658 τοὺς
3215 4592 3519 4663 Ῥωμαίους
3548 4588 3751 4658 ὁμαλόν
3780 4601 3833 4636 τε

599 4690 656 4745 in
694 4699 932 4757 utroque
963 4688 1139 4742 latere
1171 4688 1388 4742 locavit.
1423 4687 1728 4756 Imperator
1755 4687 1847 4741 ubi
1880 4687 2073 4743 Persas
2101 4688 2170 4743 de

599 4780 737 4834 colle
783 4779 1132 4834 descendisse
1169 4779 1481 4848 conspexit,
1532 4778 1699 4833 etiam
1742 4778 1860 4848 ipse
1897 4787 2172 4834 trecentos

599 4871 669 4926 de
703 4870 818 4925 suis
845 4870 1029 4939 elegit,
1062 4885 1090 4923 a
1120 4871 1320 4939 quibus
1351 4870 1671 4939 stiparetur,
1721 4885 1924 4940 eosque
1971 4872 2172 4926 talibus

599 4963 789 5015 verbis
835 4960 1092 5015 accendit
1135 4975 1151 5013 :
1206 4959 1377 5024 Quam
1440 4961 1692 5029 gloriam,
1750 4961 1976 5020 milites.
2025 4961 2172 5028 quod

601 5053 773 5108 decus
808 5052 1041 5107 Romani
1095 5051 1222 5106 inde
1259 5053 1324 5104 ab
1366 5050 1525 5106 initio
1569 5066 1637 5106 ex
1685 5067 1751 5106 eo
1800 5053 1903 5105 sibi
1949 5066 2174 5120 compa-

2275 4686 2434 4753 εἰναι,
2469 4691 2565 4744 καὶ
2600 4689 2784 4760 ῥᾴδιον
2819 4689 2955 4758 πρὸς
2987 4687 3086 4748 τὰς
3121 4684 3480 4755 ἰππηλασίαςο
3508 4680 3570 4734 τὸ
3600 4681 3656 4732 δέ
3701 4677 3836 4732 κατά

2273 4783 2400 4845 τοὺς
2435 4781 2684 4850 Πέρσας,
2727 4782 2786 4833 οὐ
2828 4780 2988 4850 μόνον
3039 4779 3272 4839 ἄναντες
3320 4775 3414 4828 καὶ
3450 4769 3833 4841 δυσπρόσοδον,

2274 4875 2410 4928 ἀλλά
2443 4876 2536 4926 καὶ
2585 4873 2817 4943 τάφροις
2865 4871 3158 4937 αὐτοφυέσι
3212 4866 3521 4937 πανταχόσε
3553 4864 3837 4929 διατετμη-

2259 4958 2461 5036 ⁰μὲνον⁶
2495 4958 2538 5031 ᾧ
2571 4965 2666 5017 καὶ
2698 4962 2897 5034 μᾶλλον
2923 4963 2971 5014 οἱ
2999 4961 3267 5031 βάρϐαροι
3308 4945 3635 5017 πεποιθότες
3676 4951 3834 5022 ἐπῄε-

2279 5073 2379 5109 σαν
2432 5055 2751 5122 Ῥωμαίοις.
2789 5053 3012 5116 Τούτοις
3050 5053 3146 5122 μὲν
3193 5051 3286 5104 οὖν
3337 5051 3449 5111 τοῖς
3506 5045 3837 5116 τριακοσίοις

601 5145 798 5207 rarint,
844 5143 991 5212 quod
1033 5142 1286 5196 has-tibus
1342 5142 1716 5198 formidabiles
1770 5142 2013 5205 fuerunt,
2073 5158 2158 5196 nec

2278 5144 2686 5214 προσετέτακτο
2706 5142 2798 5196 τὸν
2824 5142 3025 5212 τρόπον
3052 5141 3238 5193 τοῦτον
3261 5137 3674 5208 συμπλέκεσθαι
3709 5132 3836 5186 Ῥωο

601 5235 760 5291 vobis
792 5246 876 5290 est
903 5235 1172 5306 ignotum.
1202 5234 1266 5288 lli
1307 5234 1456 5288 enim
1509 5242 1658 5299 sunt,
1702 5234 1796 5303 qui
1832 5242 2005 5288 totum
2036 5249 2174 5302 pene

2281 5234 2485 5305 μαίοις.
2529 5233 2783 5303 Ἐτέρους
2812 5232 2866 5284 δὲ
2895 5231 3098 5302 χιλίους
3127 5228 3348 5282 ὄπισθεν
3375 5227 3553 5281 αὐτῶν
3576 5226 3836 5291 ἐπέστησε

1858 5371 2076 5433 Jacobi
2111 5372 2379 5434 Pontani
2415 5381 2600 5434 notae.

631 5505 788 5584 “(55)
830 5505 962 5561 Tale
1014 5519 1188 5575 genus
1245 5517 1443 5573 pugnae
1485 5499 1657 5553 habes
1707 5501 1848 5570 apud
1901 5498 2173 5552 Maronem

604 5573 984 5699 ιὼίῖίὲοτίιιιδεὶ
1017 5643 1239 5698 Rutulos
1258 5659 1411 5712 egere
1433 5641 1502 5695 ad
1535 5641 1724 5693 muenia
1757 5655 1953 5702 versos,

681 5713 770 5766 Bis
800 5715 980 5782 rejecti
1008 5715 1173 5768 armis
1211 5718 1511 5779 respectant
1546 5717 1691 5782 terga
1719 5717 1946 5782 tegentes
1976 5723 1992 5760 :

686 5776 867 5836 Tertid
895 5785 986 5836 sed
1011 5776 1584 5852 postquam-congressi
1612 5776 1666 5830 in
1707 5776 1914 5846 prwlia,
1935 5788 2042 5829 etc.

687 5870 803 5942 (56)
829 5869 920 5926 Sic
941 5869 1129 5926 Parthi
1158 5883 1401 5942 pugnare
1431 5875 1852 5924 consueverant.
1887 5865 2039 5920 Unde
2074 5864 2181 5918 llo-

2279 5505 2385 5552 rat.
2414 5496 2529 5553 Ode
2562 5497 2650 5562 l9,
2684 5497 2783 5550 lib.
2811 5512 2848 5548 ι.

2356 5589 2427 5642 Et
2467 5589 2630 5641 uersis
2668 5587 2970 5640 animosum
3000 5583 3144 5652 equis
3183 5579 3460 5634 Parthum.

2280 5701 2595 5771 Fugientes.
2655 5700 2903 5769 inquam,
2959 5713 3025 5753 ea
3067 5695 3224 5765 cquis
3281 5690 3621 5763 pugnabant.
3671 5685 3837 5755 Virgi—
3891 5710 3896 5714 τ

2279 5771 2388 5826 lius
2420 5773 2474 5825 5.
2493 5772 2691 5839 Georg.

2357 5861 2734 5932 Fidcntcmquc
2762 5861 2884 5932 fuga
2915 5859 3190 5925 Parthum,
3231 5859 3488 5927 versisque
3503 5855 3733 5924 sagittis.
