4156 6300
311 543 425 606 445

1475 541 2022 606 HISTORIARUM
2061 544 2286 605 LIBER
2332 547 2411 606 ΙΙ.

3463 552 3567 615 4.16

323 656 472 708 κατά
499 654 600 718 τὰς
641 656 884 725 τάφρους
937 656 1034 710 καὶ
1084 656 1184 718 τὰς
1233 657 1562 727 δυσχωρίας,
1597 659 1673 720 ὡς
1717 656 1782 710 ἂν
1836 655 1886 706 εἰ

1996 655 2205 723 orbem,
2236 660 2396 728 212
2425 674 2726 732 omnesque
2761 671 2954 732 gentes
2980 663 3317 733 subegerunt
3342 662 3477 735 (5'7),
3505 674 3562 719 et

320 747 608 801 διώκοιντο
644 745 692 800 οἰ
725 746 1032 816 τριακόσιοι
1064 748 1201 818 πρὸς
1246 747 1354 802 τῶν
1393 747 1704 816 Ῥωμαίων,
1739 745 1897 797 αὐτοὶ

319 839 465 910 πρὸς
491 839 561 892 τὰ
591 840 754 893 στενὰ
785 840 1024 902 ἑστῶτες
1068 841 1351 909 άμύνωσιν
1389 821 1593 902 αὐτοῖς’
1622 839 1898 907 ἑκατέρω-

321 929 418 982 θέν
450 948 508 984 τε
539 931 720 982 αὐτῶν
761 931 966 1000 χιλίους
1011 933 1096 999 ἐφ’
1131 932 1351 1002 ἑκάστῳ
1386 933 1544 1001 μέρει
1592 930 1693 1000 τῆς
1726 931 1897 994 αὐτῆς

321 1019 492 1072 ἕνεκα
521 1019 722 1083 αἰτίας.
763 1019 1026 1082 Βασιλεὺς
1059 1021 1118 1086 δὲ
1156 1022 1279 1074 ἐπεὶ
1319 1023 1464 1091 ἑώρα
1512 1023 1639 1084 τοὺς
1677 1022 1898 1092 Πέρσας

321 1108 434 1159 ἀπὸ
492 1107 589 1160 τοῦ
639 1108 806 1176 λόφου
864 1110 1174 1174 κατιόντας,
1216 1112 1566 1180 τριακοσίους
1607 1111 1704 1165 καὶ
1735 1111 1898 1175 αὐτὸς

323 1196 722 1265 ἐπιλεξάμενος
769 1199 835 1252 ἐκ
893 1201 1004 1253 τῶν
1062 1201 1229 1267 ἰδίων,
1283 1201 1378 1256 καὶ
1416 1202 1898 1272 περιστησάμενος

321 1290 526 1356 ἐαυτῷ,
571 1290 830 1360 τοιαύτην
874 1293 995 1344 τινὰ
1047 1295 1374 1362 παραίνεσιν
1423 1295 1722 1363 ἐποιήσατο
1757 1294 1896 1364 πρὸς

321 1380 543 1443 αὐτούς’
576 1382 803 1450 Ἄνδρες
836 1384 1196 1452 στρατιῶται,
1249 1386 1348 1455 τὴν
1378 1387 1476 1456 μὲν
1513 1385 1767 1440 εύκλειαν
1790 1387 1895 1439 τῶν

335 1469 636 1538 Ῥωμαίων
667 1474 764 1524 καὶ
791 1473 892 1541 τὴν
929 1474 1109 1540 δόξαν,
1151 1476 1220 1546 ἢν
1251 1478 1359 1530 άπὸ
1386 1477 1482 1530 τοῦ
1527 1478 1752 1547 φοϐεροὶ
1782 1480 1898 1541 τοῖς

316 1560 610 1630 πολεμίοις
662 1559 800 1618 εἷναι
848 1566 1155 1634 ἐκτήσαντο
1213 1569 1272 1632 ἐξ
1313 1570 1529 1639 ἀρχῆς,
1578 1571 1694 1624 οὐδ’
1742 1571 1899 1625 αὐτοὶ

315 1652 594 1719 ἀγνοεῖτεο
614 1651 761 1709 οὗτοι
783 1657 893 1727 γάρ
917 1659 1056 1710 εἰσιν
1079 1659 1130 1710 οἰ
1153 1660 1350 1728 μικροῦ
1373 1661 1484 1714 δεῖν
1507 1663 1690 1715 πᾶσαν
1719 1680 1898 1733 παρα-

319 1744 662 1813 στησάμενοι
713 1746 813 1816 τήν
847 1749 1199 1820 οἰκουμένην,
1235 1753 1328 1804 καὶ
1382 1753 1557 1806 πάντα
1611 1756 1744 1822 γένη
1802 1756 1898 1808 καὶ

317 1833 629 1902 Εὐρωπαῖα
679 1837 776 1889 καὶ
825 1838 896 1890 τὰ
948 1839 1042 1891 ἐπὶ
1084 1839 1183 1908 τῆς
1242 1842 1429 1905 Ἀσίας
1487 1845 1897 1911 ἀναγκάσαντες

318 1923 512 1988 αὐτοῖς
539 1925 839 1981 δουλεύειν·
881 1929 961 1982 ὅτι
1016 1931 1072 1984 δὲ
1105 1933 1254 2000 ἡμᾶς
1287 1933 1386 1985 οὐκ
1421 1934 1513 1987 ἐπὶ
1556 1936 1725 1989 πολύν
1773 1955 1896 1989 τινα

318 2015 518 2081 χρόνον
557 2017 656 2069 οὐκ
705 2017 861 2084 ὀλίγα
893 2021 1018 2072 τινὰ
1063 2021 1172 2074 τῶν
1213 2023 1504 2094 βαρϐάρων
1545 2027 1895 2094 συμϐέϐηκεν

315 2103 712 2175 ἐλαττωθῆναι,
734 2109 794 2160 ού
816 2110 921 2179 χρὴ
949 2112 1036 2164 διὰ
1060 2113 1230 2166 ταῦτα
1257 2116 1353 2168 καὶ
1379 2117 1515 2185 πρὸς
1533 2117 1598 2169 τὰ
1623 2118 1896 2171 ὑπόλοιπα

315 2195 715 2264 ἀπαγορεύειν.
749 2199 885 2251 Οὐδὲ
931 2201 1040 2272 γὰρ
1088 2207 1231 2256 κατὰ
1263 2205 1361 2275 τὴν
1390 2208 1672 2277 ἡμετέραν
1700 2211 1897 2261 κακίαν

312 2281 384 2334 τὺ
416 2284 686 2371 ἡσσῆσθαι
722 2290 1081 2356 προσεγένετο
1103 2309 1120 2371 ⁸.
1159 2294 1297 2348 ἀλλὰ
1339 2296 1435 2349 τοῦ
1464 2299 1602 2351 Θεοῦ
1638 2301 1775 2368 πρὸς
1809 2301 1898 2353 ἔκ-

315 2387 468 2423 τισιν
500 2367 574 2426 ὧν
602 2379 1136 2449 προσκεκρούκαμεν
1164 2384 1334 2454 αὐτῷ,
1361 2385 1448 2438 διὰ
1475 2387 1584 2440 τῶν
1606 2389 1897 2458 βαρϐάρων

317 2466 773 2552 τιμωρουμένου·
807 2469 867 2520 οὐ
899 2471 962 2539 δὴ
998 2471 1208 2526 δίκαιον
1252 2476 1382 2539 τοὺς
1417 2478 1514 2546 τὴν
1563 2479 1786 2550 γνώμην
1822 2483 1896 2552 μὴ

318 2551 468 2602 κατὰ
517 2552 723 2616 κράτος
782 2559 1129 2628 νικηθέντας,
1198 2563 1422 2633 ἔχοντας
1483 2569 1540 2620 δέ
1593 2587 1714 2624 τινα
1741 2551 1896 2635 αὖθις

317 2638 612 2730 κρείττονα
661 2643 852 2698 ἐλπίδα
903 2651 1002 2718 τῆς
1036 2656 1324 2722 συμφορᾶς
1359 2659 1424 2724 τῇ
1466 2659 1731 2713 ἀποϐάσει
1785 2664 1894 2730 ἀμ-

322 2729 659 2786 ϐλύνεσθαι·
693 2738 911 2806 νομίσαι
942 2741 998 2793 δὲ
1033 2743 1090 2796 ὲν
1143 2746 1243 2810 μὲν
1295 2751 1414 2810 ταῖς
1463 2751 1725 2821 πράξεσιν
1753 2729 1897 2807 ἐνδέ-

314 2823 513 2892 χεσθαι
533 2826 862 2892 σφάλλεσθαι
887 2834 1014 2896 τοὺς
1039 2836 1381 2905 ἀνθρώπους·
1409 2844 1528 2905 ταῖς
1557 2843 1612 2896 δὲ
1636 2845 1896 2913 γνώμαις

316 2918 415 2970 ἀεὶ
450 2923 576 2982 τοὺς
609 2923 812 2987 αὐτοὺς
846 2927 1128 2996 ἀνδρείους
1159 2932 1334 2997 ὀρθῶς
1360 2931 1521 3000 εἶναι,
1559 2939 1654 2991 καὶ
1706 2940 1782 3007 μὴ
1809 2939 1897 2993 διὰ

317 3010 426 3080 τὴν
455 3014 731 3083 προτέραν
753 3012 920 3087 ⁴ἧτταν
941 3020 1038 3072 τοῦ
1065 3023 1317 3092 ἀνδρείου
1356 3030 1644 3097 παρόντος,
1668 3032 1896 3097 εἰκότως

317 3101 391 3155 ἂν
421 3102 480 3154 ἐν
504 3121 611 3157 τινι
638 3108 842 3172 κακοὺς
876 3109 1132 3180 ὀφθῆναι.
1174 3114 1365 3184 Ὑμεῖς
1398 3119 1453 3172 δὲ
1482 3120 1603 3174 οὔτε
1633 3125 1898 3195 ἐμπειρίᾳ

317 3195 390 3264 τῇ
422 3195 556 3265 πρὸς
600 3198 700 3262 τὰς
739 3199 920 3270 μάχας
971 3204 1225 3259 λείπεσθε
1255 3210 1364 3263 τῶν
1401 3211 1715 3282 βαρϐάρων,
1761 3216 1896 3269 ἀλλὰ

319 3287 422 3340 καὶ
449 3291 514 3359 τῇ
541 3290 714 3362 τόλμῃ
739 3294 876 3347 πολὺ
910 3298 1174 3366 προέχετε
1205 3301 1405 3356 αὐτῶν.
1438 3303 1630 3375 Ὁρᾶτε
1667 3308 1775 3376 γὰρ
1799 3309 1894 3361 αὑ-

315 3377 451 3441 τοὺς
481 3383 894 3452 κατεπτηχότας
912 3386 1005 3437 καὶ
1025 3391 1467 3460 καταδυομένους
1496 3397 1631 3465 πρὸς
1652 3400 1721 3450 τὰ
1741 3400 1893 3450 κοῖλα

317 3469 433 3559 τῶν
459 3469 623 3540 ὀρῶν,
657 3476 752 3526 καὶ
793 3477 1050 3544 μηδαμοῦ
1091 3481 1188 3550 τῆς
1237 3483 1545 3554 δυσχωρίας
1590 3490 1895 3559 ἀποστῆναι

318 3557 708 3628 βουλομένους,
749 3568 886 3635 μηδὲ
917 3571 980 3620 ἐκ
1011 3569 1104 3622 τοῦ
1138 3573 1255 3624 τσου
1298 3575 1730 3642 διαγωνίσασθαι
1765 3557 1896 3650 ημῖν

315 3649 669 3744 τολμῶντας.
700 3655 920 3710 Γίνεσθε
951 3660 1013 3728 δὴ
1061 3663 1256 3732 ἄνδρες
1301 3666 1516 3734 ἀγαθοὶ,
1553 3672 1646 3744 καὶ
1675 3649 1897 3738 τηνίκα-

318 3743 674 3798 ταπεσοῦσαν
703 3748 804 3818 ἥδη
848 3749 1009 3814 δόξαν
1057 3755 1168 3806 τῶν
1218 3758 1502 3826 προγόνων
1545 3762 1895 3830 ἀνορθώσατε

317 3831 499 3927 αὐτοίο
534 3837 628 3889 καὶ
665 3839 741 3909 μὴ
791 3843 1052 3913 νομίσητε
1113 3847 1252 3916 ὑπὲρ
1308 3851 1476 3920 μηδὲν
1511 3858 1898 3927 προσηκούσης

318 3926 429 3994 γῆς
462 3925 592 3993 ὑμῖν
624 3929 1044 3998 διαγωνίζεσθαι
1066 3937 1204 4008 πρὸς
1233 3940 1359 4003 τοὺς
1396 3941 1742 4013 βαρϐάρους¹,
1777 3925 1894 3998 ἀλλ’

321 4015 467 4085 ὑπὲρ
502 4017 818 4090 ἐλευθερίας
851 4025 1112 4092 μάλιστα,
1161 4031 1255 4083 καὶ
1287 4032 1388 4100 τῆς
1423 4033 1634 4097 οἰκείας
1663 4036 1897 4101 ἕκαστος

319 4108 608 4175 πατρίδος.
655 4111 780 4165 Ἐὰν
811 4114 920 4184 γάρ
962 4116 1198 4172 ἐνταῦθα
1251 4119 1418 4184 ἀξίως
1448 4123 1660 4175 ἑαυτῶν
1693 4123 1896 4192 ἀγώνι-

318 4199 545 4270 ζόμενοι
593 4205 912 4276 νικήσωμεν
958 4211 1192 4276 αὐτοὺς,
1245 4214 1382 4281 πρὸς
1431 4209 1513 4277 οἷς
1561 4217 1896 4285 ἀφῃρήμεθα

322 4291 600 4361 πρότερον
631 4292 723 4346 ὑπ’
757 4295 957 4361 αὐτῶν,
1007 4299 1103 4350 καὶ
1143 4298 1242 4369 τὴν
1287 4299 1454 4354 οὖσαν
1487 4303 1896 4371 καρπωσόμεθα

319 4379 522 4445 ἀδεῶς.
555 4383 698 4450 Πρὸς
723 4385 933 4450 τούτοις
964 4387 1042 4454 δὲ,
1094 4389 1142 4442 εἰ
1193 4391 1293 4458 μὲν
1323 4392 1420 4445 καὶ
1451 4393 1613 4456 αύτὺς
1644 4409 1896 4464 συνηγω-

321 4473 556 4544 νιζόμην
579 4475 708 4544 ὑμῖν
745 4477 804 4530 ὲν
851 4478 932 4547 τῷ
959 4481 1212 4550 παρόντι,
1251 4483 1525 4553 πρόφασις
1564 4484 1630 4537 ἂν
1675 4481 1742 4556 ἦν
1787 4503 1895 4540 τινι

321 4563 484 4635 κακῷ
510 4567 768 4632 γενέσθαι
796 4569 986 4639 λήσειν
1021 4572 1275 4642 οἰομένῳ’
1318 4576 1454 4626 ἔπει
1489 4575 1544 4628 δὲ
1596 4577 1758 4639 αὐτὸς
1791 4577 1896 4643 ἔξω

321 4653 534 4726 ῑστηκα
548 4655 658 4711 τῶν
679 4657 853 4712 ἄλλων
875 4659 1208 4732 βρασευτὴς,
1230 4663 1408 4728 ἔξεστι
1427 4668 1654 4720 σκοπεῖν
1675 4661 1893 4738 έκάστῴ

2003 749 2235 817 Europae
2281 749 2531 818 Asiaeque
2559 750 2749 821 iugum
2777 753 3175 820 imposuerunt.
3201 752 3355 816 Quod
3381 762 3566 808 autem

2000 853 2102 891 nos
2138 838 2289 892 brevi
2340 847 2588 908 tempore
2617 855 2725 894 non
2773 856 2945 910 pauca
3001 857 3030 894 a
3086 842 3338 896 Barbaris
3389 843 3566 896 detrio

2000 937 2183 982 menta
2219 929 2553 996 accepimus,
2587 944 2695 982 non
2728 939 3020 998 propterea
3045 930 3112 983 de
3141 940 3338 984 crrtero
3367 931 3568 985 animis

1999 1017 2172 1086 frangi
2206 1018 2492 1073 debemus.
2541 1017 2694 1072 Haud
2720 1021 2866 1073 enim
2923 1020 3159 1089 ignavia,
3204 1021 3297 1074 sed
3327 1021 3567 1089 peccatis

1999 1109 2226 1184 nostris,
2277 1108 2390 1163 Deo
2436 1123 2534 1162 nos
2592 1123 2690 1177 per
2737 1109 3008 1164 Barbaros
3061 1111 3377 1173 ulciscente,
3432 1111 3562 1164 victi

1999 1215 2210 1256 sumus.
2244 1201 2361 1256 Non
2402 1201 2566 1270 igitur
2599 1201 2678 1255 fas
2720 1211 2823 1265 est,
2855 1217 3089 1270 quorum
3137 1202 3365 1270 spiritus
3414 1203 3565 1257 nulla

1997 1295 2082 1348 vis
2113 1293 2335 1353 devicit.
2363 1305 2418 1347 et
2452 1309 2590 1361 quos
2634 1309 2854 1347 rursum
2905 1295 3098 1346 melior
3141 1310 3266 1361 spes
3321 1294 3438 1356 alit,
3470 1310 3566 1347 eos

1996 1383 2206 1439 eventu’
2255 1383 2579 1438 calamitatis
2641 1383 2888 1436 hebetari
2961 1392 3124 1452 atque
3174 1385 3563 1453 languescere;

1997 1489 2123 1528 cum
2173 1475 2377 1528 rectius
2427 1475 2498 1526 sit
2542 1473 2817 1537 arbitrari,
2854 1472 2906 1526 in
2949 1474 3263 1527 actionibus
3315 1474 3566 1527 homines

1998 1564 2250 1618 frustrari
2297 1579 2360 1618 ac
2385 1563 2561 1632 decipi
2590 1605 2605 1630 ,
2633 1563 2834 1616 animis
2868 1577 3003 1616 vero
3032 1578 3248 1633 semper
3290 1580 3443 1632 asque
3502 1579 3567 1618 ac

1996 1670 2126 1709 vere
2153 1669 2448 1724 generosos
2473 1669 2595 1709 esse
2626 1669 2823 1722 posse;
2862 1667 2962 1706 nec
2992 1653 3118 1722 quia
3167 1653 3318 1721 prius
3371 1667 3566 1706 manus

1997 1743 2270 1807 dederint,
2310 1743 2436 1797 ideo
2487 1741 2541 1795 in
2574 1757 2811 1809 praesens
2843 1740 3041 1794 merito
3097 1740 3346 1793 imbelles
3390 1739 3564 1792 videri

1997 1836 2218 1889 debere.
2255 1834 2397 1900 Quin
2445 1848 2542 1887 vos
2589 1833 2842 1886 Barbaris
2893 1848 2996 1887 nec
3064 1847 3160 1884 usu
3203 1831 3424 1884 militari
3474 1845 3566 1885 ce-

1999 1928 2149 1990 ditis,
2198 1936 2249 1980 et
2277 1925 2530 1980 audendo
2582 1914 2813 1977 multum
2886 1923 3233 1977 antecellitis.
3294 1922 3559 1981 Cernit's,

1924 2009 2453 2090 Bquemadmodum
2525 2016 2861 2082 trepidantes
2915 2016 2968 2068 in
3019 2029 3149 2066 cava
3202 2013 3473 2065 montium
3507 2027 3564 2064 se

1998 2112 2220 2173 abdant,
2253 2119 2308 2164 et
2351 2108 2419 2162 ab
2454 2108 2560 2161 illis
2595 2107 2931 2160 :mfractibus
2963 2116 3128 2172 atque
3171 2105 3439 2172 angustiis
3485 2104 3568 2155 lo-

1997 2219 2186 2258 corum
2217 2203 2502 2271 seiungere
2537 2215 2594 2252 se
2646 2213 2915 2266 nusquam
2952 2197 3208 2258 audeant,
3270 2211 3368 2248 nec
3414 2210 3565 2261 aequo

1998 2310 2191 2362 campo
2264 2291 2550 2345 nobiscum
2619 2287 2902 2357 congredi.
2959 2286 3327 2351 Quamobrem
3388 2294 3564 2338 estote

1996 2383 2098 2436 viri
2171 2382 2379 2442 fer-tes,
2445 2390 2500 2432 et
2561 2379 2854 2446 collapsam
2918 2378 3182 2444 majorum
3254 2385 3563 2429 vestrorum

1997 2474 2223 2545 gloriam
2275 2473 2575 2526 instaurate
2620 2489 2631 2522 :
2669 2484 2808 2523 neve
2862 2487 2984 2523 cum
3034 2469 3290 2522 Barbaris
3342 2485 3438 2537 pro
3475 2484 3564 2522 re-

1997 2566 2156 2632 gione
2190 2561 2255 2614 ad
2292 2576 2390 2613 vos
2422 2559 2560 2612 nihil
2596 2557 2886 2623 attinente,
2935 2561 3028 2611 sed
3087 2573 3186 2625 pro
3225 2558 3476 2611 libertate
3508 2557 3563 2611 in

1998 2651 2213 2720 primis,
2245 2656 2301 2702 et
2351 2663 2803 2718 unumquemque
2837 2663 2934 2715 pro
2977 2648 3148 2715 patria
3199 2663 3294 2700 sua
3335 2647 3564 2700 dimica~

1999 2755 2183 2800 turum
2217 2743 2604 2798 existimatote.
2638 2741 2692 2794 Si
2725 2742 2872 2794 enim
2912 2742 3023 2802 hic,
3064 2751 3122 2794 ut
3149 2741 3308 2794 nobis
3339 2741 3563 2807 dignum

1997 2848 2101 2899 est,
2144 2843 2446 2904 pugnantes
2480 2848 2575 2888 eos
2613 2832 3095 2897 debellaverimus,
3124 2846 3322 2900 praeter
3353 2847 3414 2885 ea
3443 2847 3563 2900 quae

2000 2929 2150 2996 prius
2194 2926 2297 2994 ipsi
2353 2925 2512 2979 nobis
2572 2924 2921 2978 abstulerunt
2977 2931 3334 2993 recuperata,
3399 2924 3562 2976 etiam

1998 3026 2182 3072 nostra
2245 3017 2464 3086 regione
2523 3025 2639 3068 tuto
2698 3014 2949 3067 fruemur
3007 3015 3145 3084 (58).
3196 3014 3275 3066 Ad
3310 3015 3458 3076 lucc,
3517 3012 3562 3065 si

1998 3109 2217 3179 quidem
2246 3124 2349 3176 ego
2381 3122 2526 3160 nunc
2553 3106 2833 3161 vobiscum
2869 3121 2974 3160 una
3016 3106 3068 3158 in
3117 3106 3328 3158 hostem
3363 3119 3566 3173 pugna-

1993 3217 2135 3267 rem,
2167 3201 2392 3254 daretur
2421 3199 2627 3252 imbelli
2677 3199 2842 3251 alicui
2900 3197 3135 3261 occasio,
3161 3199 3288 3249 dum
3326 3211 3384 3249 se
3408 3209 3564 3260 posse

2000 3294 2167 3346 latere
2216 3292 2574 3345 existimaret.
2626 3287 2731 3341 Sed
2783 3288 3046 3356 quoniam
3108 3295 3263 3339 extra
3318 3284 3562 3352 pra-lium

1998 3385 2208 3438 arbiter
2260 3392 2316 3436 et
2356 3381 2526 3449 iudex
2583 3378 2900 3432 certaminis
2958 3392 3126 3439 sum,
3163 3376 3292 3428 licet
3334 3374 3565 3443 quisque

1998 3490 2185 3530 secum
2218 3473 2444 3543 cogitet,
2501 3471 2544 3524 si
2601 3471 2828 3538 ignavus
2881 3468 3068 3530 fuerit,
3112 3483 3300 3536 poenas
3352 3467 3566 3520 debitas

1997 3570 2303 3632 luiturum,
2341 3574 2599 3618 strenuos
2678 3573 2858 3615 autem
2918 3561 3142 3630 paribus
3215 3560 3397 3612 virtuti
3455 3575 3566 3613 sua:

1998 3661 2237 3732 praemiis
2269 3659 2595 3712 honoratum
2627 3655 2712 3708 iri.
2743 3655 2846 3709 Sed
2877 3671 2984 3724 qua
3026 3655 3236 3709 ratione
3265 3672 3386 3708 cum
3439 3656 3566 3707 Bar-

1998 3755 2146 3808 baris
2195 3769 2373 3823 pugna
2433 3750 2719 3820 pugnanda
2775 3749 2866 3812 sit,
2911 3749 3014 3818 ipsi
3051 3751 3212 3802 etiam
3251 3764 3280 3801 a
3328 3748 3566 3816 pueritia

1996 3843 2208 3898 bellicis
2235 3840 2526 3895 assuefacti
2577 3839 2837 3909 operibus
2883 3855 2990 3891 non
3037 3842 3342 3904 ignoratis:
3383 3848 3564 3892 tamen

1997 3934 2323 3988 admonebo.
2359 3931 2414 3985 Si
2451 3931 2552 3998 ipsi
2583 3931 2636 3983 in
2669 3931 2817 3983 acies
2852 3929 3134 3983 distributi
3175 3930 3422 3998 praelium
3461 3930 3567 3982 ini-

1999 4029 2154 4090 bunt,
2191 4041 2290 4078 nos
2330 4037 2549 4090 quoque
2599 4021 2715 4074 acie
2757 4020 3010 4073 ordinata
3059 4021 3166 4073 illis
3210 4035 3566 4075 occurramus

1997 4130 2222 4172 necesse
2268 4123 2370 4167 est.
2417 4113 2554 4176 Quia
2590 4126 2738 4175 vero,
2773 4121 3037 4179 quantum
3089 4111 3407 4180 conjectura
3442 4127 3566 4180 pro-

1997 4209 2180 4270 video,
2219 4221 2327 4259 non
2355 4204 2575 4258 dextras
2621 4217 2934 4267 conserere,
2982 4203 3073 4256 sed
3119 4202 3300 4270 iacula
3349 4205 3566 4256 eminus

1998 4312 2278 4368 spargere,
2311 4304 2366 4349 et
2393 4293 2483 4348 ubi
2512 4294 2566 4346 in
2600 4308 2698 4346 nos
2723 4292 3076 4355 incursarint,
3103 4308 3211 4346 non
3235 4291 3564 4356 subsistere,

1997 4389 2093 4445 sed
2122 4387 2190 4442 ad
2225 4385 2344 4439 loca
2373 4383 2658 4454 impedita,
2707 4382 3022 4452 ibidemque
3056 4383 3108 4436 in
3133 4381 3352 4436 insidiis
3382 4382 3566 4436 subsi-

1997 4484 2190 4539 dentes
2217 4479 2469 4549 refugere
2506 4478 2862 4538 meditantur,
2889 4486 2944 4531 et
2975 4492 3070 4531 vos
3086 4486 3252 4565 .extra
3301 4475 3390 4528 teli
3433 4490 3566 4528 con-

1993 4577 2199 4648 iectum
2225 4571 2365 4631 sitis,
2403 4570 2662 4638 lenteque
2706 4568 2940 4622 servatis
2970 4568 3264 4623 ordinibus
3298 4567 3566 4622 incedatis

2003 4673 2241 4737 oportet.
2290 4661 2395 4717 Ubi
2451 4669 2631 4714 autem
2680 4659 2965 4728 propiores
3023 4660 3280 4726 fueritis,
3345 4675 3562 4716 omnem

1570 4812 1787 4874 Jacobi
1821 4813 2088 4875 Pontani
2127 4815 2313 4871 notae.

403 4925 517 5004 (5:!)
549 4925 738 4982 Jovem
774 4928 1081 4998 pollicitum
1123 4944 1269 4996 esse,
1295 4945 1328 4985 e
1369 4930 1624 5004 Troianis
1657 4934 1898 4987 nascitu-
1930 4935 1978 4993 D
2007 4933 2144 5004 Iipp.
2168 4930 2201 4983 6
2233 4945 2250 4986 :
2279 4926 2470 5004 Reguli
2498 4927 2721 5004 Romani
2746 4929 2974 5004 ricloris,
2997 4931 3304 5004 dominique
3329 4937 3564 4988 omnium

326 4997 424 5051 ros
464 4997 760 5060 Romanos,

399 5065 505 5131 Qui
537 5085 702 5132 mare,
743 5069 834 5136 qui
871 5078 1041 5124 terras
1067 5069 1213 5123 omni
1239 5070 1437 5124 ditione
1470 5079 1727 5136 tenerent,

324 5158 407 5213 ait
443 5159 627 5215 Venus
659 5175 674 5214 t
707 5161 924 5216 Eneid.
946 5163 1140 5217 Postea
1162 5161 1378 5232 Jupiter
1404 5163 1471 5218 de
1495 5163 1778 5231 Romanis,

328 5249 430 5322 ῌὶδ
459 5269 552 5322 ego
585 5270 676 5306 nec
708 5262 871 5307 metas
895 5271 1096 5317 rerum,
1121 5270 1213 5307 nec
1245 5261 1482 5322 tempora
1513 5271 1647 5321 pauo
1667 5269 1688 5308 :

326 5319 748 5392 [mperiumsiue
771 5323 878 5390 [ine
907 5325 1044 5378 dedi.
1090 5323 1227 5388 Quin
1251 5319 1439 5392 aspera
1465 5319 1626 5389 Juno,

329 5389 461 5466 Qua:
481 5409 635 5466 mare
657 5389 802 5466 nunc,
847 5404 1119 5466 terrasque
1162 5389 1325 5456 metu,
1357 5399 1645 5466 caelumque
1679 5394 1896 5466 fatigat,

329 5458 570 5533 Qonsilia
596 5465 652 5516 in
681 5464 867 5516 melius
905 5458 1113 5532 referet,
1145 5479 1448 5533 mecumque
1475 5458 1668 5533 fovebit

328 5528 598 5603 Bonane:
623 5549 799 5585 rerum
822 5528 1082 5594 dominos,
1106 5528 1414 5603 gentemque
1433 5528 1694 5602 togatam.

327 5597 420 5669 Sjc
446 5600 702 5669 placitum
729 5619 745 5654 :
777 5605 942 5656 veniet
971 5597 1154 5657 lustris
1189 5597 1647 5658 labentibus'aztas
1671 5645 1684 5666 ,

328 5668 675 5745 Qum‘domus
698 5672 950 5726 Assaraci
980 5672 1214 5745 Pthiam,
1253 5673 1531 5745 clarasque
1555 5674 1804 5745 Mycenas

327 5737 558 5794 Seruilio
585 5751 806 5810 premet,
840 5758 902 5796 ac
937 5744 1086 5796 victis
1115 5737 1474 5797 dominabitur
1502 5737 1679 5812 Argis.

2003 4999 2268 5072 gentium.
2289 4999 2414 5068 Agit
2435 4999 2602 5053 etiam
2632 4999 3108 5072 demagnitudine
3137 4999 3360 5056 Romani
3392 5005 3564 5070 impe-

2002 5068 2066 5124 rii
2132 5068 2451 5138 Appianus,
2515 5068 2834 5136 praefatione
2883 5071 3165 5136 Strategiui
3240 5068 3561 5140 praeclare:

1998 5140 2266 5194 Romanos
2297 5154 2461 5209 neque
2492 5155 2605 5209 rex,
2645 5154 2811 5205 neque
2837 5141 3045 5198 civitas,
3079 5157 3242 5209 neque
3287 5158 3411 5208 gens
3451 5143 3560 5194 ulla

1995 5210 2209 5275 imperii
2251 5208 2605 5276 amplitudine
2652 5211 2941 5277 superavit.
2978 5211 3088 5260 lmo
3115 5208 3204 5262 nec
3246 5217 3451 5262 tantum
3483 5221 3564 5263 at-

1996 5282 2195 5350 tingere
2247 5294 2478 5350 unquam
2529 5279 2718 5346 potuit,
2770 5295 2862 5350 uec
2907 5288 2980 5330 tot
3014 5279 3326 5332 swculorum
3383 5289 3563 5333 wtates

1998 5347 2308 5404 mansuram
2335 5347 2552 5414 ﬁrmare
2577 5349 2890 5414 potentiam,
2922 5361 3027 5401 etc.

2077 5421 2188 5490 (58)
2234 5417 2646 5490 Demosthenica
2681 5417 2834 5490 plane
2876 5420 3178 5490 sententia,
3210 5435 3272 5490 ex
3305 5433 3337 5490 _t
3397 5419 3565 5484 Olyn-

2009 5480 2206 5575 thiaca.
2245 5486 2385 5575 Πρὸς
2437 5480 2515 5546 οἷς
2556 5480 3317 5575 ἀφῃρήμεθαθὶτρότερὲελύτῗ
3359 5480 3562 5575 αὐτῶν,

2008 5561 2099 5611 καὶ
2122 5559 2232 5626 ξτὴν
2261 5554 2425 5626 οὖσαν
2450 5554 2856 5626 καρπωσόμεθα
2885 5555 3076 5626 ᾀδεὼς.
3095 5554 3300 5609 ‘Valeat
3367 5559 3558 5610 eadem

2003 5623 2295 5690 sententia,
2353 5624 2463 5676 imo
2493 5623 2600 5678 tcta
2646 5625 2821 5678 oratio
2873 5623 3191 5690 Olynthiaca
3254 5626 3342 5680 illa
3397 5627 3560 5680 hodie

2001 5679 2331 5766 magnopere
2366 5694 2432 5745 ad
2458 5694 2803 5766 Christianos
2827 5692 2880 5766 in
2907 5679 2984 5748 Tu
2996 5711 3139 5750 rcam
3162 5679 3556 5762 exhortandus,

1995 5778 2050 5820 et
2082 5761 2145 5822 ea
2196 5761 2325 5820 usus
2369 5771 2456 5836 es_t_
2478 5761 2606 5817 olim
2654 5766 2722 5818 ad
2755 5765 3028 5830 verbum,
3074 5766 3128 5820 in
3171 5767 3365 5822 eodem
3398 5761 3560 5836 argu-

325 5829 466 5908 Yide
503 5831 700 5908 quaein
733 5831 1312 5908 symbolisnostris‘ad
1341 5833 1490 5887 hunc
1515 5833 1694 5908 lorum
1725 5835 1897 5908 adngo-
1992 5837 2210 5908 inemo,
2243 5832 2490 5908 pauculis
2530 5849 2921 5908 nonnunquam
2967 5829 3032 5908 de
3089 5845 3190 5894 sne
3237 5829 3556 5908 interiectu,

325 5899 593 5974 t_a_vimu_s,
625 5901 690 5974 in
751 5899 957 5968 quibus
995 5901 1082 5955 illa
1109 5918 1173 5957 ex
1217 5902 1480 5974 Cicerone
1526 5902 1764 5974 Philipp.
1815 5906 1890 5960 '5:

329 5969 441 6028 Nec
463 5971 727 6041 principes
763 5979 1051 6038 terrarum,
1094 5973 1431 6042 omniumque
1475 5969 1730 6043 gentium.
1760 5975 1892 6031 Phi-

1990 5901 2285 5984 Bessarioh
2337 5901 2640 5962 cardinalis
2713 5901 3121 5966 eruditissimus
3197 5924 3261 5965 ac
3307 5901 3554 5966 celeber-

1990 5989 2182 6031 rimus.
