4156 6300
607 489 712 549 ιιτ
1767 440 2655 543 JOANNISCAN'I‘ACUZENI

3762 472 3863 536 428

608 597 967 651 acrimoniam
1001 606 1058 650 et
1087 595 1348 650 virtutem
1401 594 1568 650 animi
1602 596 1961 665 expromatis,
2011 596 2175 650 simul

2299 594 2355 655 ὓς
2386 594 2433 645 εἰ
2466 592 2565 660 μὲν
2596 590 2767 651 κακδς
2789 585 3007 655 ὀφθείη,
3037 583 3448 653 κολασθήσεται
3476 587 3544 652 τῇ
3580 584 3866 655 πρεπούσῃ

607 687 845 755 Spatium
904 687 957 740 in
1014 685 1197 740 medio
1252 687 1663 748 contrahentes,
1716 702 1783 741 ne
1829 702 1927 755 per
1975 703 2180 742 moram

607 777 732 829 tn-lis
781 775 1015 829 crebris
1044 773 1319 829 feriamlni
1358 792 1371 828 :
1417 775 1581 829 simul
1632 775 1898 830 Barbaros
1958 785 2182 843 receptu

604 867 985 936 prohibentes,
1040 867 1201 936 213
1236 877 1290 920 et
1338 867 1488 935 ipsos
1534 867 1675 921 male
1734 868 2052 923 multantes.
2103 868 2185 923 Ne

605 973 767 1026 porro
818 959 924 1011 illis
987 957 1323 1027 fugientibus
1389 958 1550 1013 valde
1602 961 1800 1015 instate
1868 958 2005 1032 (59),
2046 975 2185 1016 neve

605 1047 940 1101 confidentia
990 1048 1141 1110 elati,
1190 1047 1245 1101 in
1290 1049 1587 1105 discrimen
1640 1065 1736 1106 vos
1776 1050 2054 1121 conjicite,
2087 1052 2183 1107 sed

604 1149 897 1207 postquam
929 1139 998 1193 ad
1029 1140 1247 1194 triarios
1281 1155 1380 1194 seu
1411 1140 1773 1196 subsidiarios
1797 1157 1993 1197 eorum
2022 1159 2185 1199 vene-

604 1230 747 1294 ritis,
781 1232 833 1283 in
861 1246 1114 1300 campum
1169 1232 1537 1294 revertimini,
1574 1235 1920 1304 servatisque
1974 1236 2187 1290 ordini-

603 1324 727 1383 bus,
787 1336 884 1376 eos
930 1323 1277 1377 incursantes
1338 1325 1682 1394 propulsata.
1732 1323 1828 1380 llis
1886 1326 2187 1396 imperator

605 1430 737 1468 suos
769 1416 1041 1478 hortatus.
1073 1425 1132 1470 et
1159 1432 1189 1472 a
1222 1417 1333 1472 Deo
1363 1417 1629 1485 auxilium
1679 1419 1815 1489 ipsis
1867 1421 2186 1475 victoriaru-

603 1519 711 1581 que
762 1513 1021 1573 precatus
1053 1516 1154 1561 est.
1205 1505 1309 1572 Qui
1352 1508 1593 1562 vicissim
1639 1523 1765 1565 eum
1809 1511 2080 1575 venerati,
2131 1520 2188 1566 et

603 1610 661 1647 se
694 1603 790 1647 aut
823 1595 1055 1651 honeste
1100 1597 1349 1652 victuros
1380 1609 1477 1652 aut
1509 1613 1635 1653 cum
1683 1600 1848 1655 laude
1895 1602 2186 1657 οοοιὼίιιιε

608 1698 696 1737 ros
740 1683 853 1753 (60)
895 1686 1153 1754 professi,
1205 1686 1469 1757 signoque
1508 1686 1690 1741 erucis
1740 1687 2010 1742 obarmati
2049 1686 2185 1757 (6t),

606 1775 658 1827 ἰιι
697 1775 908 1829 hostem
942 1777 1094 1831 lento
1125 1790 1288 1844 passu
1313 1787 1370 1831 et
1403 1777 1618 1842 ordine,
1654 1777 1967 1834 Exotrocho
1991 1795 2187 1850 magno

609 1869 973 1923 hetaeriarcha
999 1870 1259 1937 ducente,
1314 1870 1708 1941 prooedebant.
1758 1870 2020 1926 Similiter
2053 1873 2187 1926 Bar-

609 1960 725 2014 bari
758 1961 989 2030 gradum
1023 1961 1356 2017 inferebant.
1381 1960 1516 2017 Cum
1550 1962 1859 2032 spatiojam
1890 1963 2182 2030 distarent,

610 2066 722 2118 quo
773 2052 939 2106 telum
997 2053 1160 2124 adjici
1215 2064 1418 2122 potest,
1460 2054 1688 2108 Romani
1739 2065 1800 2110 ut
1856 2056 2187 2126 imperatum

606 2149 748 2205 erat,
784 2142 1048 2196 immissis
1092 2144 1314 2213 penitus
1363 2143 1596 2199 habenis
1622 2159 1800 2212 quam
1837 2149 2105 2201 acerrime
2134 2148 2189 2203 in

608 2234 801 2288 P-~rsas
832 2234 1210 2291 incurrebant.
1260 2233 1345 2291 Illi
1413 2237 1735 2307 aliquandiu
1806 2242 2191 2308 persistentes,

610 2327 715 2380 tela
750 2326 803 2380 in
840 2327 1119 2382 Romanos
1149 2330 1616 2399 contorquebant,
1648 2342 1935 2400 sperantes
1984 2349 2042 2387 se
2075 2335 2195 2389 illo-

610 2432 731 2468 rum
762 2417 1046 2473 incursum
1091 2421 1167 2474 ita
1222 2435 1595 2489 repressuros.
1652 2421 1757 2477 Sed
1793 2423 1886 2477 ubi
1919 2438 2017 2477 eos
2063 2440 2193 2479 con-

611 2516 819 2561 stanter
854 2526 1126 2578 premere,
1164 2511 1606 2581 sagittarumque
1653 2526 1882 2568 securos
1907 2514 2192 2582 viderunt,

611 2608 728 2653 tum
761 2600 814 2653 in
847 2602 1031 2673 fugam
1062 2618 1120 2657 se
1146 2612 1526 2672 penetrarunt,
1566 2604 1620 2658 in
1651 2620 1756 2674 qua
1806 2606 2031 2660 circiter
2059 2623 2194 2676 qua~

610 2690 862 2762 draginta
893 2692 1252 2750 ceciderunt:
1292 2696 1489 2764 reliqui
1523 2696 1589 2750 ad
1619 2698 1906 2766 angustias
1934 2698 2188 2754 locorum

610 2792 669 2835 et
701 2782 1069 2857 subsidiarios
1101 2794 1251 2840 retro
1300 2787 1599 2842 collocatos
1639 2797 2042 2855 pervenerunt;
2080 2789 2192 2843 Ro-

613 2889 908 2929 manorum
952 2892 1116 2931 nemo
1167 2893 1351 2948 neque
1397 2880 1695 2946 occubuit,
1746 2896 1927 2950 neque
1996 2884 2194 2939 vulnus

612 2967 858 3035 accepit;
892 2968 1053 3036 pauci
1088 2969 1215 3040 egui
1263 2971 1627 3025 eonsauciati.
1655 2972 1935 3042 Regressi,
1991 2973 2046 3027 in
2076 2975 2195 3044 pla-

622 3057 757 3113 nitie
790 3074 1011 3114 rursum
1064 3060 1300 3125 hostem,
1326 3063 1483 3131 quasi
1520 3062 1663 3118 intra
1711 3079 1966 3120 carceres
2001 3081 2197 3137 exspe-

610 3154 829 3204 ctantes
843 3140 1233 3206 constiterunt.
1260 3151 1444 3208 Persae
1464 3154 1870 3226 aliquantisper
1896 3157 2040 3214 inter
2064 3176 2195 3216 suos

2216 1923 2263 1982 Β

2288 683 2486 753 ζημίαο
2513 684 2563 735 οἱ
2595 681 2652 734 δὲ
2684 679 2885 747 ἀγαθοὶ
2920 677 3329 747 τιμηθήσονται
3350 676 3463 738 τοῖς
3495 676 3867 746 προσήκουσιν

2285 775 2469 838 ἄθλοις
2502 776 2603 843 τῆς
2632 770 3002 843 ἀρετῆς..Τὴν
3032 769 3089 822 δὲ
3122 766 3458 837 συμπλοκὴν
3513 766 3708 819 ὁποίαν
3751 768 3868 822 τινὰ

2288 866 2396 936 χρὴ
2427 865 2706 917 ποιεῖσθαι
2738 862 2879 933 πρὸς
2901 862 3030 924 τοὺς
3072 858 3419 930 βαρϐάρους,
3446 857 3547 911 καὶ
3582 858 3741 912 αὐτοὶ
3772 859 3867 928 μὲν

2287 960 2402 1012 ῐστε
2453 960 2518 1010 ἐκ
2579 956 2775 1017 παιδὸς
2828 954 3115 1023 πολεμίοις
3161 951 3352 1020 ἔργοις
3397 950 3861 1021 έντεθραμμένοι·

2287 1049 2608 1116 παραινέσω
2650 1048 2707 1100 δὲ
2751 1048 2847 1099 καὶ
2889 1046 3073 1107 αὑτός.
3121 1045 3190 1098 Εἰ
3247 1042 3350 1113 μὲν
3390 1042 3502 1111 γὰρ
3545 1042 3870 1112 τεταγμένοι

2288 1143 2430 1196 κατά
2470 1141 2755 1209 φάλαγγας
2789 1140 2854 1192 ὲκ
2885 1137 2984 1190 τοῦ
3008 1136 3206 1207 ὁμοίου
3250 1135 3348 1188 καὶ
3394 1134 3550 1187 αὐτοὶ
3601 1134 3868 1203 ἐμάχοντο

2289 1235 2443 1303 ἡμῖν,
2477 1228 2546 1301 ἦν
2563 1233 2863 1299 ἀναγκαῖον
2878 1229 2974 1283 καὶ
3006 1229 3159 1299 ἡμᾶς
3186 1224 3292 1295 τὴν
3311 1225 3468 1291 τάξιν
3495 1224 3866 1292 φυλάττοντας

2288 1325 2477 1383 αὐτοῖς
2511 1324 2747 1378 ὲπιέναγ
2801 1322 2924 1373 ἐπεὶ
2955 1319 3033 1383 δὲ,
3093 1319 3222 1371 ὅσον
3259 1316 3368 1369 ἀπὸ
3409 1315 3522 1369 τῶν
3567 1316 3868 1383 γινομένων

2289 1415 2439 1468 ἐστιν
2466 1414 2733 1477 εἰκάζειν,
2750 1413 2852 1465 οὐκ
2877 1413 2958 1473 εἰς
2975 1411 3167 1480 χεῖρας
3185 1409 3321 1478 ύμῖν
3352 1407 3487 1459 ἰέναι
3502 1407 3866 1472 διανοοῦνται,

2289 1506 2404 1562 ἀλλ’
2427 1504 2654 1560 ἄπωθέν
2683 1520 2743 1557 τε
2780 1502 3021 1574 βάλλειν,
3071 1501 3170 1554 καὶ
3205 1499 3466 1563 ἐπιόντας
3502 1501 3602 1569 οὐχ
3636 1499 3864 1567 ὑφίστα-

2293 1597 2439 1662 σθαι,
2478 1597 2596 1651 ἀλλ’
2630 1596 3019 1665 ύπαναχωρεῖν
3071 1594 3214 1661 πρὸς
3257 1592 3363 1655 τὰς
3402 1593 3715 1662 δυσχωρίας
3775 1593 3866 1645 καὶ

2288 1692 2416 1752 τοὺς
2439 1694 2814 1758 τεταγμένους
2862 1690 2922 1741 ὲν
2965 1685 3180 1749 αὐταῖς,
3211 1684 3333 1737 δέον
3360 1686 3455 1737 καὶ
3500 1685 3670 1754 ὑμᾶς.
3705 1685 3864 1754 μέχρι

2293 1783 2393 1850 μὲν
2428 1780 2524 1834 τοῦ
2551 1785 2608 1834 ὲν
2635 1779 2844 1850 ἐφικτῷ
2876 1779 2985 1833 τῶν
3010 1776 3374 1846 τοξευμάτων
3394 1778 3669 1845 γενεσθαι,
3702 1779 3862 1847 σχολῇ

2294 1871 2536 1941 βαδίζειν
2555 1871 2649 1924 καὶ
2677 1871 3056 1938 τεταγμένως
3087 1869 3311 1923 ἐπειδὰν
3333 1869 3391 1921 δὲ
3413 1868 3647 1937 γένησθε
3680 1870 3863 1936 ἐγγὺς,

2289 1964 2514 2034 ὀξύτητι
2551 1965 2700 2034 πάσῃ
2749 1961 2987 2034 χρῆσθαι
3032 1962 3128 2014 καὶ
3166 1959 3418 2031 εὐψυχίᾳ.
3476 1960 3635 2029 ’Ἅμα
3677 1960 3777 2028 μὲν
3807 1961 3868 2012 τὸ

2295 2056 2626 2125 μεταίχμιον
2680 2040 3079 2125 συναιροῦντας
3134 2052 3210 2116 ὡς
3265 2052 3331 2105 ἂν
3388 2052 3466 2122 μὴ
3501 2050 3642 2105 κατά
3676 2050 3870 2121 σχολὴν

2295 2147 2564 2218 βάλλησθε
2602 2150 2716 2210 τοῖς
2744 2146 2929 2216 βέλεσι
2977 2148 3212 2215 συχνοῖς,
3250 2146 3369 2213 ἆμα
3415 2143 3462 2196 δ’
3509 2144 3597 2196 ἵνα
3628 2145 3727 2198 καὶ
3771 2143 3870 2215 τὴν

2260 2272 2267 2277 -
2294 2240 2647 2311 ἀναχώρησιν
2681 2241 2789 2294 τῶν
2814 2239 3103 2309 βαρϐάρων
3126 2237 3427 2306 φθάνοντες
3454 2237 3657 2298 αὐτοὺς
3684 2236 3872 2300 κακῶς

2296 2334 2511 2402 ποιῆτε.
2552 2333 2664 2404 Τὴν
2693 2332 2876 2396 δίωξιν
2913 2332 2968 2385 δὲ
3003 2331 3078 2400 μὴ
3107 2330 3336 2382 ἐπιπολὺ
3393 2330 3693 2383 ποιεῖσθαι·
3733 2331 3871 2400 μηδὲ

2296 2423 2600 2495 θρασύτητι
2619 2425 3044 2495 ἐπαιρομένους,
3080 2424 3311 2486 ἑαυτοὺς
3331 2424 3411 2485 εἰς
3439 2424 3566 2484 τοὺς
3589 2423 3870 2486 κινδύνους

2296 2518 2567 2572 εἱσωθεῖνε
2604 2518 2724 2571 ἀλλ’
2755 2517 2978 2571 ἐπειδὰν
3012 2517 3071 2567 ὲν
3108 2517 3222 2577 τοῖς
3281 2515 3602 2575 ἐπιτάκτοις
3637 2513 3872 2585 γένησθε

2295 2607 2548 2669 ἐκείνοις,
2579 2606 2744 2659 πάλιν
2788 2605 3179 2673 ὑπαναχωρεῖν
3228 2601 3368 2671 πρὸς
3410 2602 3471 2654 τὺ
3521 2600 3736 2666 πεδίον,
3772 2603 3874 2672 τὴν

2295 2696 2452 2760 τάξιν
2485 2713 2544 2748 τε
2589 2694 2905 2765 φυλάττειν,
2962 2694 3055 2747 καὶ
3092 2692 3345 2754 ἐπιόντας
3381 2690 3692 2757 ἀμύνεσθαι
3746 2694 3874 2756 τοὺς

2298 2786 2632 2858 βαρϐάρους.
2666 2784 2909 2837 Τοιαῦτα
2942 2783 3041 2854 μὲν
3073 2785 3101 2836 ὁ
3131 2782 3386 2853 βασιλεὺς
3419 2783 3873 2854 παρεκελεύσατο

2294 2877 2410 2936 τοῖς
2446 2873 2838 2943 στρατιώταις,
2871 2873 2990 2942 ἅμα
3053 2872 3148 2924 καὶ
3204 2870 3462 2940 βοήθειαν
3514 2871 3614 2942 τὴν
3660 2874 3724 2925 ὲκ
3772 2872 3871 2927 τοῦ

2295 2969 2630 3040 κρείττονος,
2683 2971 2782 3022 καὶ
2830 2966 2988 3035 νίκην
3031 2964 3405 3031 ἐπευξάμενος
3441 2965 3652 3029 αὐτοῖς.
3709 2967 3773 3018 0i
3813 2964 3877 3020 δὲ

2298 3055 2783 3128 προσκυνήσαντές
2821 3070 2882 3107 τε
2908 3052 3158 3124 βασιλέα,
3194 3050 3348 3122 καὶῆ
3385 3050 3571 3113 καλῶς
3605 3053 3874 3122 νικήσειν,

2299 3152 2333 3224 ῆ
2366 3149 2606 3213 εὐκλεῶς
2650 3147 3009 3219 τεθνήξεσθαι
3038 3145 3308 3211 εἰπόντες,
3344 3147 3568 3216 σταυρῴ
3615 3162 3677 3197 τε
3710 3145 3877 3199 καθο-

614 3240 832 3307 morati,
857 3240 1110 3310 pluribus
1139 3259 1303 3313 quam
1359 3247 1717 3315 oppetierant
1772 3252 2089 3320 assumptis,
2138 3255 2194 3310 in

2301 3244 2591 3306 πλισαντες
2626 3244 2879 3307 ἑαυτοὺς,
2933 3239 3178 3311 ἐχώρουν
3225 3237 3367 3291 κατὰ
3413 3236 3522 3289 τῶν
3582 3237 3877 3308 βαρϐάρων

616 3328 893 3385 ltomanos
933 3330 1117 3387 denuo
1146 3334 1371 3390 vadunt.
1396 3334 1503 3391 Sed
1535 3338 1641 3393 illis
1675 3354 1861 3408 parem
1897 3343 2067 3411 priori
2097 3346 2197 3398 im-

615 3430 802 3486 petum
853 3417 1305 3494 alacritatemque
1337 3427 1750 3497 adhibentibus,
1778 3432 1976 3488 iterum
2008 3434 2189 3504 fugam

614 3512 910 3581 arripiunt,
955 3514 1008 3568 in
1047 3531 1154 3586 qua
1204 3516 1425 3572 circiter
1456 3519 1676 3588 triginta
1727 3521 1965 3589 cadunt;
1997 3524 2198 3580 Roma-

618 3618 815 3658 norum
865 3605 1049 3661 nullus
1103 3607 1467 3675 desideratus,
1525 3626 1627 3666 nec
1692 3614 2015 3670 vulneratus
2065 3625 2190 3682 est,

615 3695 890 3752 vulnerati
927 3707 1108 3754 tamen
1141 3701 1266 3770 equi
1311 3702 1542 3772 aliquot.
1591 3702 1872 3760 Orchanes
1899 3722 1932 3762 e
1976 3709 2191 3765 tumulo

618 3803 750 3843 suos
770 3789 882 3859 jam
917 3789 1003 3846 bis
1032 3791 1205 3847 victos
1231 3794 1597 3864 conspiciens,
1620 3795 1838 3852 animos
1866 3799 2039 3865 addit,
2075 3817 2195 3856 ma-

619 3898 863 3952 numque
902 3883 1243 3939 auxiliarium
1279 3887 1574 3942 submittit.
1625 3887 1930 3960 Imperator
1979 3908 2197 3963 quoque

619 3989 751 4030 suos
782 3975 849 4030 de
886 3977 1332 4047 magnanimitate
1360 3994 1426 4034 ac
1459 3978 1784 4037 fortitudine
1815 3985 2201 4053 commendat;

621 4065 982 4136 hortaturque
1008 4083 1077 4122 ne
1102 4068 1232 4137 quid
1262 4068 1331 4124 de
1364 4085 1450 4136 ea,
1478 4079 1666 4141 utpote
1694 4089 1910 4144 semper
1947 4075 2205 4133 Barbaris

621 4157 940 4226 superiores
999 4158 1196 4225 futuri,
1251 4160 1615 4229 deminuunt;
1676 4165 1956 4236 mittitque
2015 4181 2206 4224 contra

624 4248 744 4304 illos
824 4266 1009 4319 parem
1082 4252 1322 4321 capiam.
1370 4254 1441 4310 Ut
1500 4255 1604 4309 sibi
1665 4240 2203 4328 apprOpinquarunt,

620 4341 807 4400 Persa:
859 4343 1045 4400 denuo
1102 4344 1290 4401 acrius
1344 4347 1642 4414 resistunt;
1680 4350 1772 4404 sed
1827 4351 2202 4406 Romanorum

2303 3338 2651 3408 τεταγμένοις
2675 3334 2935 3389 καὶκατὰ
2965 3332 3187 3404 σχολήν.
3225 3330 3590 3400 Ἐστρατήγει
3612 3329 3669 3382 δὲ
3696 3330 3879 3383 αὐτῶν

2315 3432 2646 3502 Ἑξώτροχος
2692 3433 2719 3483 ὁ
2757 3409 2932 3497 μέλτας
2982 3425 3393 3496 ὲταιρειάρχης’
3431 3424 3781 3494 ἀντεπῄεσαν
3819 3424 3878 3477 δὲ

2303 3526 2398 3579 καὶ
2426 3525 2477 3577 οἱ
2523 3522 2786 3594 βάρῦαροι
2842 3521 3027 3583 αὐτοῖς
3076 3517 3302 3590 ὁμοίως.
3367 3515 3588 3586 Ἐπειδὴ
3638 3516 3695 3569 δὲ
3739 3512 3880 3586 ἦσαν

2303 3616 2471 3682 ἔγγὺς
2500 3613 2751 3684 ἀλλήλων
2776 3613 2903 3666 ὅσον
2933 3609 3279 3681 ἐφικνεῖσθαι
3300 3609 3415 3671 τοῖς
3439 3607 3796 3677 τοξεύμασιν,
3830 3609 3881 3661 οι

2311 3708 2580 3777 Ῥωμαῖοι
2634 3706 2736 3774 μὲν
2865 3704 3051 3766 αὐτοῖς
3085 3700 3493 3770 προσετέτακτο
3533 3700 3671 3769 πρὸς
3726 3701 3881 3769 βασι-

2304 3798 2464 3863 λέως,
2516 3797 2670 3859 ὅλους
2716 3795 2939 3856 ἀνέντες
2999 3790 3276 3861 χαλινοὺς,
3336 3790 3462 3843 ὅσον
3522 3790 3654 3859 ἐνῆν
3713 3788 3881 3852 ὀξέως

2307 3891 2641 3960 ἐπεφέροντο
2675 3889 2788 3951 τοῖς
2822 3887 3084 3956 Πέρσαις
3114 3884 3166 3937 οἱ
3220 3881 3484 3954 βάρϐαροι
3515 3882 3571 3936 δὲ
3604 3882 3881 3952 καρτερή.

2305 4000 2501 4044 σαντες
2535 3981 2634 4052 μὲν
2668 3981 2762 4033 ἐπὶ
2820 3978 3037 4050 μικρὸν,
3082 3978 3176 4030 καὶ
3229 3976 3359 4047 βέλη
3408 3974 3552 4028 κατά
3602 3974 3713 4026 τῶν
3752 3974 3883 4027 Ῥω-

2305 4077 2484 4148 μαίων
2514 4073 2749 4145 ἀφέντες
2809 4064 3051 4143 οἰόμενοι
3100 4070 3274 4131 οὕτως
3324 4068 3391 4122 ἂν
3445 4067 3752 4137 ἀποτρέψαι
3783 4068 3881 4135 τῆς

2300 4170 2505 4240 ὁρμῆς,
2543 4167 2670 4222 ἐπεὶ
2705 4164 2892 4237 ἑώρων
2926 4164 3128 4226 αὐτοὺς
3160 4163 3447 4231 ἀτρέπτως
3479 4157 3742 4222 ἐπιόντας
3785 4159 3882 4210 καὶ

2302 4261 2425 4314 οὐδὲ
2472 4261 2633 4327 ὀλίγα
2690 4256 3084 4327 φροντίζοντας
3134 4254 3243 4307 τῶν
3297 4251 3519 4315 οἰστῶν,
3570 4252 3650 4315 εἰς
3705 4248 3881 4319 φυγὴν

2304 4340 2607 4425 ἐτράποντο
2641 4349 2825 4413 εὐθύς.
2888 4349 2980 4401 Ἐν
3036 4347 3095 4401 δὲ
3148 4347 3216 4416 τῇ
3272 4345 3419 4415 φυγῇ
3453 4344 3729 4398 ἀπέθανον
3756 4340 3882 4410 περὶ

1894 4539 2111 4600 Jacobi
2148 4542 2415 4602 Pontani
2442 4539 2631 4602 notae“.

696 4716 809 4784 (59)
849 4711 1174 4769 Onosander
1224 4727 1348 4782 cap.
1406 4728 1467 4776 ιι,
1526 4710 1768 4766 Hostium
1831 4713 2190 4780 discessiones,
2227 4716 2274 4774 υ
2300 4710 2579 4784 ηοιινίνῇι
2614 4710 2847 4784 honeste
2873 4750 2886 4774 ,
2910 4725 3027 4784 _n_ec
3064 4711 3158 4784 qui
3191 4724 3249 4763 se
3285 4707 3715 4784 timore_l‘ractus
3738 4707 3880 4784 hosti

621 4787 829 4853 inquit,
860 4799 1064 4853 semper
1092 4792 1348 4853 suspecta:
1372 4824 1385 4843 ,
1419 4798 1513 4835 nec
1546 4797 1781 4853 unquam
1812 4800 2005 4853 susque
2029 4785 2197 4853 deque

623 4851 901 4910 habenda‘.
959 4851 1022 4904 Et
1080 4852 1446 4923 considerandi
1506 4853 1677 4917 potius
1712 4851 1987 4923 focorum,
2038 4851 2195 4923 quam

625 4928 854 4981 hostium
894 4924 1069 4987 situs;
1110 4937 1200 4975 nec
1229 4921 1402 4974 solum
1436 4938 1540 4993 qua
1572 4923 1654 4993 via
1686 4922 1915 4976 ducatur
1941 4921 2196 4977 exercitus

628 4993 1204 5061 prospiciendum;sed
1255 4994 1415 5044 etiam
1450 4992 1509 5045 ut
1557 4992 1742 5045 eadem
1795 4996 1969 5047 reduci
2015 4997 2201 5061 possit,

627 5067 1032 5135 providendum.
1075 5062 1141 5116 Et
1170 5061 1452 5135 velcopias
1478 5078 1581 5135 non
1614 5065 1867 5117 immittat
1891 5105 1904 5126 ,
1949 5066 2039 5117 sed
2064 5082 2207 5118 coer—

639 5145 759 5191 ceat
790 5153 853 5187 ac
880 5134 1166 5200 reprimat,
1192 5133 1272 5186 vel
1306 5136 1350 5185 si
1386 5133 1678 5196 immittat,
1712 5145 1890 5186 careat
1926 5136 2207 5204 diligenter

626 5218 676 5262 et
707 5207 964 5259 montium
993 5207 1271 5258 cacumina
1295 5244 1307 5261 .
1341 5204 1816 5273 angustiarumque
1845 5207 2043 5272 fauces,
2077 5206 2207 5257 refi-

629 5280 725 5332 ctis
755 5274 1079 5343 custodibus,
1112 5274 1366 5343 occupari
1396 5290 1427 5324 a
1459 5274 1570 5326 suis
1612 5283 1781 5337 curet,
1817 5285 1872 5326 ut
1908 5284 2079 5327 tutum
2108 5276 2207 5327 iter

629 5340 864 5416 receptui
915 5354 1215 5416 pnestetur.
1243 5340 1251 5343 ⁷
1278 5342 1368 5396 Sic
1400 5344 1509 5397 ille.
1569 5344 1817 5416 Pyrrhus
1862 5344 2206 5416 Epirotarum

632 5413 758 5472 rex'
796 5415 1092 5484 pragcepit,
1137 5431 1247 5469 non
1300 5429 1424 5467 esse
1473 5415 1833 5481 pertinaciter
1893 5413 2208 5467 instandum

598 5480 603 5485 ”
630 5480 1042 5556 ἰιιιειίῖυεὶεξιιιί
1070 5502 1084 5551 ;
1112 5502 1223 5538 non
1258 5485 1437 5537 solum
1473 5480 1541 5536 ne
1568 5486 1761 5556 fortius
1789 5500 1855 5537 ex
1883 5484 2211 5556 necessitate

632 5560 855 5612 resistat
879 5552 899 5621 ξ
927 5555 1111 5621 sedut
1145 5563 1337 5624 postea
1371 5570 1589 5624 quoque
1622 5554 1842 5607 facilius
1870 5554 1987 5607 acie
2022 5552 2210 5624 cedat,

634 5640 786 5681 ratus
811 5670 826 5693 ,
876 5643 985 5681 non
1013 5623 1186 5693 usque
1217 5625 1283 5679 ad
1319 5623 1616 5693 perniciem
1654 5623 1993 5693 fugientibus
2040 5623 2208 5676 iusta-

635 5707 789 5751 turos
820 5698 1081 5750 victores.

711 5768 821 5831 (60:
865 5766 1019 5834 Quod
1048 5766 1399 5834 profitentur,
1425 5780 1481 5817 se
1506 5765 1737 5817 honeste
1770 5763 2036 5821 victuros,
2071 5760 2212 5813 indi-

632 5847 765 5887 (aut
786 5875 799 5894 ,
837 5850 942 5886 non
974 5833 1267 5903 fugituros,
1314 5843 1367 5886 et
1399 5835 1613 5886 hostem
1647 5844 2001 5903 superaturos
2029 5834 2212 5903 potius

638 5919 803 5971 quam
840 5920 896 5958 sc
955 5903 1030 5958 illi
1069 5903 1371 5957 dedituros.
1407 5904 1541 5957 Nam
1590 5903 1681 5970 qui
1716 5922 1741 5955 ι.
1787 5902 1971 5972 ίιτίιιιιυ
2037 5902 2170 5971 fugit
2198 5941 2211 5967 ,

2302 4783 2478 4838 dedit.
2531 4780 2789 4835 lnstituto
2828 4780 3053 4849 quidem
3082 4778 3097 4779 ί
3119 4778 3661 4849 Lacedaemoniorum
3691 4819 3705 4841 ,
3741 4779 3880 4847 apud

2302 4868 2440 4921 quos
2495 4860 2592 4905 aut
2662 4848 2913 4921 vincere
2943 4850 3274 4921 oportebat,
3350 4857 3448 4902 aut
3500 4848 3690 4921 mori,
3748 4849 3882 4921 nihil

2300 4917 2535 4977 dabatur
2588 4920 2834 4974 tertium.
2891 4917 3432 4973 Lacedremoniorum
3498 4917 3665 4988 igitur
3728 4918 3886 4987 spiri-

2302 5005 2390 5048 tus
2438 5003 2493 5044 et
2541 4992 2753 5043 animos
2804 4989 3006 5043 milites
3033 4989 3122 5042 isti
3154 4988 3438 5057 gerebant.

2382 5060 2492 5131 (6|)
2524 5059 2852 5131 Christiana:
2876 5061 3093 5131 pietatis
3112 5070 3215 5131 est.
3238 5057 3505 5131 omniain
3530 5057 3753 5112 nomine
3789 5057 3882 5111 Do-

2304 5126 2552 5195 mini,'et
2584 5144 2721 5191 cum,
2748 5126 2948 5182 fiducia
2982 5129 3222 5182 caelestis
3250 5127 3436 5180 auxilii
3466 5126 3649 5181 facere
3676 5144 3691 5179 :
3729 5130 3881 5193 cuius

2308 5203 2605 5256 voluntatis
2640 5215 2703 5253 ac
2748 5199 2863 5267 spei
2897 5201 3113 5267 signum
3134 5208 3236 5260 est,
3264 5198 3558 5250 formatum
3599 5200 3651 5249 in
3680 5195 3879 5277 fronte.

2308 5281 2405 5326 aut
2438 5273 2491 5322 in
2530 5285 2658 5322 aere
2682 5277 2812 5323 ante
2845 5284 2949 5321 nos
2977 5284 3235 5336 expressa
3265 5283 3427 5319 manu
3462 5278 3664 5319 sancire
3704 5273 3880 5320 erucis

2309 5342 2481 5411 figura
2509 5356 2522 5391 :
2557 5355 2654 5407 per
2713 5354 2875 5411 quam
2909 5338 3046 5411 bona
3082 5339 3286 5401 omnia,
3320 5343 3376 5389 et
3421 5337 3573 5411 sal_us
3603 5336 3880 5411 nobisper

2313 5406 2517 5465 Filium
2556 5406 2585 5462 a
2644 5406 2938 5462 DeoPatre
2992 5409 3283 5475 impetrata
3334 5415 3440 5460 est.
3486 5406 3667 5458 Credo
3716 5408 3879 5458 etiam

2314 5482 2421 5535 hos
2474 5480 2677 5532 milites
2726 5477 2899 5530 fuisse
2950 5492 3222 5530 memores
3260 5476 3444 5533 illius,
3499 5476 3647 5543 quod
3685 5478 3737 5528 in
3778 5476 3877 5527 vita

2312 5548 2656 5606 Constantini
2696 5547 2927 5615 legimus
2953 5587 2967 5610 ,
3016 5546 3198 5623 lyr/ioc
3234 5554 3384 5615 signo
3432 5544 3804 5623 v_in_t:es._Sunt
3830 5553 3880 5622 et

2314 5622 2419 5674 alia
2451 5619 2720 5684 exempla,
2757 5614 2813 5670 et
2843 5632 3012 5669 unum
3050 5617 3262 5669 illustre
3288 5614 3470 5668 ’sancti
3505 5614 3759 5674 Martini,
3796 5614 3877 5665 cui

2316 5706 2441 5745 eum
2477 5689 2741 5741 timiditas
2789 5687 3146 5754 objiceretur,
3178 5694 3400 5753 pr0pter
3444 5699 3607 5752 quam
3664 5685 3879 5737 missio-

2318 5777 2443 5814 nent
2476 5767 2706 5823 peteret,
2745 5756 2877 5825 Ego,
2919 5756 3099 5823 inquit
3125 5796 3139 5818 ,
3173 5757 3322 5823 signa
3353 5756 3545 5815 crucis,
3570 5770 3678 5807 non
3708 5758 3879 5825 clypeo

2322 5838 2583 5894 protectus
2614 5870 2627 5885 .
2698 5822 2810 5879 σπη’
2846 5822 3023 5893 galea,
3076 5822 3301 5879 hostium
3353 5840 3543 5878 cuneos
3606 5822 3880 5892 penetralia

2322 5916 2552 5953 arcanis.
2589 5898 2876 5968 Sulpitius,
2913 5896 2968 5950 in
3001 5898 3118 5965 ejus
3158 5894 3297 5949 Vita.
