4156 6300
645 243 796 309 .451.

1836 238 2164 303 JOANNIS
2203 239 2738 304 CANTACUZENI

3807 236 3914 302 £52.

667 356 843 415 secuti
905 364 1053 411 sunt.
1119 354 1179 411 In
1224 368 1291 410 eo
1343 353 1602 409 conﬂictu
1662 353 1954 408 Persarum
2017 362 2232 407 centum

2342 353 2571 422 τόλμης,
2604 351 2821 420 ἔπεμπε
2871 364 2966 405 και
3000 350 3264 422 στρατιὰν
3309 350 3509 423 ἑτέραν
3537 345 3606 424 ἧς
3637 347 3778 423 ἦρχε
3815 356 3920 409 Τά-

668 448 1069 519 quinquaginta
1115 448 1293 512 cassis,
1344 461 1375 500 e
1434 445 1695 502 Romanis
1747 459 1850 499 nec
1903 444 2081 509 miles,
2136 457 2239 498 nec

666 556 844 608 equus
898 541 1220 594 vulneratus
1260 551 1364 593 est.
1414 540 1718 608 Imperator
1770 535 1899 590 inde
1926 550 1987 590 se
2019 536 2237 605 recipit,

668 647 791 685 cum
831 631 896 684 ad
949 631 1148 684 collem
1177 629 1554 698 occupandum
1589 626 1726 683 eniti
1784 641 1895 681 non
1936 627 2237 681 arbitrare-

670 733 759 777 tur
783 722 1117 785 conducere,
1168 731 1223 776 et
1259 721 1312 774 in
1361 735 1612 789 campum
1654 719 1883 773 veniens
1921 718 2114 782 edixit,
2174 726 2240 773 ut

667 816 903 884 quisque
959 824 1206 868 servaret
1267 812 1517 866 ordinem
1568 792 1752 876 suum,
1780 825 1942 880 quem
1982 812 2050 865 ab
2082 810 2242 864 initio

667 907 1019 962 obtinuisset.
1084 903 1245 973 215
1298 903 1520 958 Barbari
1577 902 1634 955 in
1682 901 2076 970 prominentia,
2141 915 2241 954 seu

2343 462 2507 515 γαρις
2550 444 2811 517 Μανουὴλ
2858 446 2886 498 ό
2925 444 3100 515 μέγας
3137 445 3660 516 στρατοπεδάρχης,
3693 446 3771 509 ὡς
3815 450 3915 501 σὺν

2344 535 2531 599 αὐτοῖς
2561 536 3035 607 ἀντιστησομένην
3064 541 3178 599 τοῖς
3224 537 3547 608 βαρϐάροις.
3606 539 3716 591 Καὶ
3767 555 3922 606 γενος

2347 628 2514 699 μένης
2541 628 2634 680 ἐπὶ
2678 628 2817 681 πολὺ
2854 628 3036 699 μάχης
3086 628 3314 699 ἰσχυρᾶς
3363 628 3424 693 ἐξ
3477 629 3760 699 ἑκατέρων
3805 628 3918 683 τῶν

2345 720 2549 791 μερῶν,
2580 721 2690 773 τῶν
2728 720 2829 790 μὲν
2866 720 3160 791 Ῥωμαίων
3210 722 3397 774 ἵππων
3434 721 3756 791 ἐτρώθησαν
3786 721 3916 775 πολε

2340 809 2443 874 λοὶ,
2499 812 2833 880 στρατιῶται
2884 811 2943 863 δέ
3004 811 3258 878 ἐγένοντο
3312 812 3484 880 ὀλίγοι
3531 813 3913 882 τραυματίαι,

2337 903 2569 973 τέθνηκε
2601 903 2660 955 δέ
2685 897 2786 967 εἷς·
2814 903 3041 974 Περσῶν
3070 903 3127 957 δὲ
3163 904 3365 957 ἔπεσον
3394 902 3741 975 πεντήκοντα
3763 906 3917 977 παρὰ

667 996 951 1066 crepidine
1001 997 1206 1050 montis
1250 1004 1478 1061 stantes,
1520 993 1745 1065 prodire
1784 993 2017 1047 ulterius
2094 991 2232 1046 haud

2337 991 2440 1061 τὴν
2469 992 2672 1063 μάχην.
2719 993 2988 1064 Ὀρχάνης
3015 994 3073 1046 δέ
3098 995 3155 1046 ἐν
3185 988 3232 1062 ᾧ
3253 996 3288 1064 ἡ
3318 996 3467 1068 μάχη
3509 997 3914 1066 συνεκροτεῖτο,

667 1096 848 1142 tutum
884 1088 1279 1155 opinabantur.

2337 1083 2439 1151 τὴν
2470 1081 2762 1153 στρατιὰν,
2799 1083 2866 1154 ἢν
2893 1079 3031 1154 εἷχε,
3062 1086 3244 1161 πᾶσαν
3278 1084 3509 1156 ἔστησεν
3538 1087 3633 1138 ἐπὶ
3659 1086 3914 1156 μετώπου

665 1181 955 1261 (πρότερον
982 1181 1091 1249 γὰρ
1120 1180 1285 1250 μέρος
1312 1196 1366 1231 τι
1397 1185 1571 1248 αυτῆς
1628 1175 1765 1230 πολὺ
1798 1178 1859 1229 ἐν
1880 1177 1998 1238 ταῖς
2060 1173 2305 1244 ἐνέδραις
2346 1176 2738 1245 κεκρυμμένον
2761 1169 2871 1245 ἧν)⁶
2901 1175 2979 1239 ὡς
3010 1172 3152 1229 εἶναι
3171 1179 3462 1249 καταφανῆ
3493 1178 3602 1231 καῖε
3618 1177 3914 1245 Ῥωμαίοις

666 1275 763 1327 καὶ
790 1271 1106 1344 βαρϐάροις,
1138 1272 1382 1342 οἰόμενος
1417 1272 1648 1335 ἐκείνοις
1687 1289 1749 1324 τε
1787 1269 2101 1341 προθυμίαν
2127 1273 2221 1326 καὶ
2269 1270 2569 1340 Ῥωμαίοις
2628 1269 2894 1341 ἔκπληξιν
2955 1272 3017 1325 τὸ
3047 1271 3288 1326 τοιοῦτον
3316 1274 3668 1343 έμποιήσειν.
3714 1272 3808 1336 Ὠς
3848 1273 3905 1327 δὲ

662 1369 814 1441 ἐώρα
863 1369 964 1438 τῆς
1006 1366 1250 1430 ἐπινοίας
1319 1368 1661 1436 άπονάμενος
1726 1366 1880 1420 οὐδὲν
1926 1366 1998 1436 (οἱ
2042 1366 2299 1435 Ῥωμαῖοι
2339 1365 2448 1435 γὰρ
2480 1363 2642 1418 οὐδὲν
2676 1360 2840 1436 ἦττον
2870 1364 3143 1435 ἐμάχοντο
3175 1365 3448 1435 εὐψύχως,
3469 1366 3564 1420 καὶ
3589 1364 3696 1435 ἤδη
3722 1380 3910 1434 περιε-

662 1464 881 1532 γίνοντο
932 1461 1041 1514 τῶν
1099 1460 1430 1531 πολεμίων),
1510 1457 1834 1530 Παζαρλοῦν
1887 1459 1980 1532 τὸν
2038 1457 2268 1525 ἀδελφὸν
2317 1458 2664 1527 πανστρατιᾷ
2721 1456 2973 1510 ἐκέλευσε
3030 1459 3144 1522 τοῖς
3220 1458 3513 1528 Ῥωμαίοις
3573 1457 3907 1529 συμϐαλεῖν·

667 1554 862 1627 μικρὸν
900 1552 957 1605 δέ
999 1553 1092 1607 καὶ
1116 1552 1280 1616 αὐτὸς
1319 1552 1428 1605 ἀπὸ
1478 1550 1575 1604 τοῦ
1624 1551 1789 1620 λόφου
1829 1531 2099 1613 κατᾶϐὰίς,
2150 1549 2319 1602 πάλιν
2353 1548 2485 1618 ἔστη
2528 1549 2647 1619 μετ’
2675 1549 2872 1615 ὀλίγων
2901 1548 2930 1601 ὃ
2981 1566 3034 1602 τι
3066 1550 3133 1602 ἂν
3191 1549 3434 1620 ἀποϐαίη
3466 1550 3707 1603 σκοπῶν.
3749 1549 3908 1605 Βασι-

663 1647 787 1711 λεὺς
812 1648 857 1700 δ’
897 1647 1018 1700 ἐπεὶ
1050 1643 1198 1713 ἐώρα
1229 1644 1575 1715 πανστρατιᾷ
1608 1643 1746 1712 πρὸς
1778 1640 1875 1711 τὴν
1909 1642 2089 1711 μάχην
2109 1639 2239 1703 τοὺς
2268 1639 2581 1710 βαρϐάρους
2609 1637 3002 1707 ὡρμημένους,
3032 1639 3131 1701 τὰς
3155 1638 3256 1709 μὲν
3278 1637 3445 1702 ἄλλας
3467 1639 3693 1711 ἐκέλευε
3730 1640 3905 1706 τάξεις

667 1741 853 1808 μένειν
886 1736 1068 1798 πάσας
1095 1734 1462 1805 ἀτρεμούσας·
1499 1734 1662 1797 αὐτὸς
1686 1733 1743 1786 δὲ
1773 1734 1901 1803 τρία
1970 1732 2101 1802 τέλη
2170 1732 2489 1799 ἀναλαϐὼν,
2557 1730 2755 1801 ἐχώρει
2800 1732 2937 1800 πρὸς
2975 1733 3074 1802 τὴν
3122 1733 3329 1804 μάχην.
3387 1732 3684 1786 Ἐτέτακτο
3728 1731 3785 1786 δὲ
3814 1733 3902 1785 ἐπὶ

666 1831 767 1899 μὲν
794 1829 885 1882 τοῦ
919 1827 1096 1892 δεξιοῦ
1124 1827 1302 1896 κέρως
1326 1828 1354 1880 ὁ
1386 1826 1559 1896 μέγας
1593 1826 1915 1895 δομέστικος
1941 1838 1956 1854 ⁸
1990 1827 2051 1878 τὸ
2081 1823 2371 1896 ἀριστερὸν
2429 1823 2488 1877 δὲ
2557 1820 2702 1895 εἶχεν
2761 1825 2789 1876 ό
2820 1825 3087 1893 Ἀγγελος
3116 1826 3374 1896 Ἰωάννης
3424 1825 3718 1894 ἐξάδελφος
3738 1825 3902 1894 αὑτῷο

667 1921 919 1990 βασιλεὺς
945 1922 1003 1974 δὲ
1029 1923 1213 1990 ἐπεῖχε
1242 1922 1303 1974 τὸ
1342 1920 1507 1989 μέσον
1527 1934 1542 1951 θ
1577 1920 1676 1971 κα)⁵
1720 1919 2094 1987 συμϐαλόντες
2123 1920 2236 1979 τοῖς
2276 1917 2599 1989 βαρϐάροις,
2651 1918 2948 1988 ἐτρέψαντό
2968 1936 3029 1972 τε
3050 1920 3192 1973 κατὰ
3216 1925 3418 1989 κράτος
3463 1921 3600 1990 μηδέ
3633 1921 3903 1990 ἀντισχεῖν

662 2015 764 2083 τὴν
795 2014 1017 2081 πρώτην
1058 2012 1386 2081 δυνηθέντας
1435 2013 1629 2082 ὁρμήν·
1664 2012 1760 2064 καὶ
1795 2012 1894 2075 τὰς
1958 2011 2265 2081 δυσχωρίας
2300 2011 2482 2073 πάσας
2542 2012 2901 2082 ὑπερϐάντες,
2939 2014 3206 2089 ἄχριοτῶν
3240 2014 3427 2084 ἄκρων
3448 2014 3788 2080 κατεδίωξαν
3812 2011 3901 2066 τοῦ

664 2109 856 2176 λόφου,
893 2104 1022 2158 ἔνθα
1075 2103 1172 2157 καὶ
1225 2104 1496 2175 Ὀρχάνης
1565 2100 1634 2175 ἦν
1691 2104 1882 2168 ἐστώς.
1952 2105 2190 2157 Ἔπεσον
2245 2104 2301 2157 δὲ
2335 2105 2489 2171 παρὰ
2521 2106 2620 2170 τὴν
2654 2105 2858 2173 μάχην,
2890 2107 3118 2175 Περσῶν
3147 2108 3246 2176 μὲν
3278 2100 3617 2178 πεντήκοντα
3653 2113 3749 2165 καὶ
3778 2112 3904 2165 sxa-

664 2200 777 2263 τδν,
828 2197 1119 2267 Ῥωμαίων
1154 2198 1211 2249 δὲ
1256 2197 1471 2260 οὐδείς·
1508 2197 1623 2249 ἀλλ’
1674 2196 1795 2249 οὔτε
1848 2196 2059 2267 ἐτρώθη
2116 2195 2241 2249 οὔτε
2299 2195 2645 2265 στρατιώτης
2704 2196 2829 2249 οὔτε
2872 2198 3085 2259 κῖππος.
3138 2199 3404 2276 Βασιλεὺς
3447 2200 3504 2253 δὲ
3553 2201 3902 2271 ἀνεχώρησεν

663 2292 897 2353 ἐκεῖθεν,
925 2293 984 2342 τὸ
1016 2290 1303 2361 βιάζεσθαι
1336 2290 1473 2361 πρὸς
1494 2290 1585 2343 τὸν
1611 2291 1775 2359 λόφον
1835 2291 1932 2361 οὐχ
1999 2290 2300 2358 ἡγούμενος
2339 2289 2638 2343 λυσιτελεῖν
2662 2306 2676 2322 ·
2716 2294 2811 2345 καὶ
2858 2291 2997 2361 πρὸς
3030 2294 3090 2345 τὸ
3140 2293 3323 2346 πεδίον
3373 2293 3544 2347 ἐλθὼν
3567 2334 3581 2358 ,
3623 2294 3903 2347 ἐκέλευσεν

663 2385 916 2443 ἕκαστον,
951 2383 1049 2450 τὴν
1094 2384 1160 2452 ἢν
1211 2379 1355 2453 εἶχεν
1392 2383 1450 2448 ἐξ
1518 2385 1693 2453 ἀρχῆς
1722 2383 1874 2447 τάξιν
1932 2383 2249 2451 φυλάττειν.
2323 2383 2386 2434 Oi
2439 2381 2708 2454 βάρϐαροί
2762 2399 2820 2435 τε
2871 2383 2965 2435 ἐπὶ
3014 2384 3143 2448 τοὺς
3201 2385 3480 2454 πρόποδας
3528 2384 3765 2455 ἔστησαν
3811 2383 3902 2438 τοῦ

664 2475 847 2545 ὅρους,
875 2474 937 2527 τὺ
980 2476 1291 2545 περαιτέρω
1332 2475 1648 2546 προϐαίνειν
1675 2477 1773 2546 οὐχ
1803 2475 2102 2546 ἡγούμενοι
2132 2474 2455 2529 λυσιτελεῖν.

2097 2590 2322 2646 CAPUT
2363 2590 2474 2645 VII.

549 2713 568 2729 ο
665 2680 952 2736 Consilium
989 2684 1175 2753 magni
1208 2683 1499 2749 domestici,
1523 2685 1647 2752 quia
1672 2685 1841 2737 hostes
1876 2699 1931 2736 se
1962 2684 2119 2737 victos
2160 2682 2486 2750 fatebantur,
2535 2684 2589 2737 in
2624 2691 2802 2737 castra
2839 2684 3184 2745 redeundum,
3226 2692 3273 2736 et
3308 2683 3622 2753 Byzantium
3653 2686 3900 2753 postridie

736 2751 1119 2826 revertendum.
1144 2751 1365 2826 Placet;
1392 2756 1445 2807 in
1473 2751 1647 2826 castra
1673 2755 1904 2826 reditur;
1928 2753 2219 2826 triumphus
2247 2754 2478 2805 canitur.
2504 2753 2638 2826 Pars
2670 2753 3269 2826 Persaruminscquimr
3298 2751 3577 2820 abeuntes;
3606 2751 3902 2826 conﬂigitur

734 2822 791 2873 in
839 2823 945 2884 via,
976 2838 1099 2874 cum
1143 2824 1356 2891 quidam
1396 2824 1601 2876 ordines
1635 2840 1753 2877 suos
1792 2823 2179 2884 deseruissent;
2212 2837 2340 2889 quos
2387 2831 2434 2873 et
2480 2825 2815 2887 domesticus,
2867 2833 2915 2876 et
2961 2824 3255 2892 imperator
3302 2827 3575 2879 reductum
3623 2822 3778 2890 euut}
3813 2826 3900 2878 sed

733 2902 950 2966 uterque
978 2907 1181 2943 summo
1206 2910 1323 2945 cum
1351 2892 1600 2966 periculo.
1634 2893 2009 2962 Sebastopulus
2045 2908 2165 2945 cum
2198 2892 2440 2945 trecentis
2484 2893 2719 2962 fugatur.
2769 2893 3085 2964 Byzantium
3127 2897 3342 2949 nuntius
3372 2897 3443 2949 ad
3465 2904 3897 2966 protostratorem

735 2961 1000 3026 mittitur;
1028 2973 1205 3014 castra
1231 2963 1614 3020 custodiuntur.

730 3077 1178 3145 Desperationem
1200 3074 1560 3130 Barbarorum
1576 3077 1887 3147 intelligens
1907 3078 2220 3146 imperator,

2402 3077 2667 3139 Βασιλεὺς
2697 3077 2775 3145 δὲ,
2822 3079 2967 3150 ὀρῶν
3012 3080 3139 3144 τοὺς
3193 3082 3527 3153 βαρϐάρους,
3574 3088 3761 3144 οὐκέτι
3788 3092 3900 3146 δια-

661 3169 728 3223 ad
765 3183 1021 3237 proceres
1049 3166 1182 3236 quid
1208 3166 1519 3221 faciendum
1545 3179 1688 3223 esset
1722 3169 1931 3223 retulit.
1969 3169 2226 3237 Progres-

662 3275 756 3313 sus
784 3261 836 3311 in
889 3259 1137 3313 medium
1171 3274 1399 3328 magnus
1442 3260 1780 3315 domesticus
1807 3259 1880 3315 ita
1914 3260 2179 3314 disseruit
2212 3277 2227 3314 :

662 3351 773 3404 Res
822 3350 999 3408 nobis.
1036 3349 1183 3403 sicut
1226 3350 1295 3404 ab
1333 3350 1489 3403 initio
1540 3351 1678 3404 inter
1728 3365 1830 3406 nos
1882 3351 2228 3420 optabamus,

664 3442 812 3495 exitu
842 3440 988 3495 felici
1020 3441 1327 3494 terminata:
1364 3451 1509 3496 sunt.
1562 3442 1692 3495 Acie
1739 3444 1886 3495 enim
1935 3442 2228 3506 instructa,

665 3533 903 3601 priores,
942 3540 1003 3585 ut
1050 3532 1117 3585 ad
1160 3533 1407 3600 praelium
1446 3532 1769 3601 prodiimus,
1814 3549 1883 3587 ne
1917 3541 2062 3587 metu
2103 3534 2231 3586 Bar-

662 3624 920 3677 barorum
972 3624 1231 3675 recedere
1287 3623 1647 3676 videremur:
1684 3622 1777 3689 qui
1831 3632 2018 3691 aperte
2055 3623 2226 3676 aciem

664 3722 858 3768 contra
891 3712 1127 3781 dirigere
1162 3726 1270 3764 non
1302 3721 1428 3765 sunt
1454 3712 1595 3776 ausi,
1627 3726 1737 3775 quo
1760 3726 1820 3765 se
1855 3711 2008 3765 nobis
2036 3712 2231 3765 cedere

664 3804 954 3860 manifeste
981 3805 1322 3868 docuerunt;
1352 3817 1461 3854 non
1500 3812 1677 3856 tamen
1709 3802 2056 3869 quievi-runt,
2094 3801 2228 3870 quin

667 3908 807 3951 totas
839 3898 1026 3965 copias
1081 3910 1210 3949 suas
1245 3895 1650 3962 experirentur.
1706 3893 1773 3947 Et
1824 3894 2075 3962 quamvis
2127 3894 2230 3947 Or-

663 3989 867 4042 cliaues
914 3988 1031 4055 ipse
1073 3986 1259 4055 praelia
1321 4000 1429 4038 non
1478 3984 1813 4045 interfuerit,
1877 3993 1937 4037 ut
1977 3986 2227 4037 timorem

662 4080 898 4148 aliquem
934 4079 1284 4140 haberemus,
1316 4077 1438 4145 plus
1477 4076 1653 4145 ipsum
1687 4087 2009 4144 prwsentem
2049 4089 2226 4143 posse,

664 4184 843 4226 tamen
878 4172 1050 4240 ipsius
1075 4169 1421 4237 pra-sentiam
1458 4167 1633 4220 nihilo
1670 4167 1790 4234 plus
1822 4165 2141 4219 cﬂ‘ecturam
2169 4179 2229 4219 re

664 4266 777 4333 ipsa
833 4265 1209 4330 cognovimus.
1259 4258 1490 4324 Quando
1534 4258 1701 4327 igitur
1737 4256 1915 4325 palam
1950 4267 2227 4310 certamen

664 4356 1013 4424 subterfugit,
1042 4362 1097 4407 et
1125 4353 1178 4405 in
1209 4350 1635 4419 particularibus
1659 4347 1857 4417 pugnis
1887 4362 1990 4402 nos
2011 4362 2229 4416 semper

662 4413 946 4500 victoriam
1004 4445 1293 4499 retulimus
1356 4442 1495 4511 (pro
1546 4441 1808 4495 trecentis
1872 4440 2020 4493 enim
2098 4413 2300 4492 Bar—C

661 4540 810 4594 baris
838 4553 979 4592 unus
1015 4533 1367 4590 duntaxatde
1402 4533 1660 4588 Romanis
1693 4533 1999 4603 occubuit),
2031 4546 2220 4599 quam,

663 4644 871 4696 QIIaPSO,
911 4626 1439 4681 demonstrationem
1483 4624 1770 4692 quisquam
1807 4623 2226 4677 luculentiorem

662 4719 963 4780 desideret,
1023 4726 1079 4771 et
1121 4716 1449 4785 corporibus
1500 4724 1556 4770 et
1603 4716 1800 4770 animis
1840 4716 1997 4771 nobis
2033 4731 2230 4771 succu-

662 4810 850 4864 buisse
899 4807 1208 4862 Barbaros?
1250 4807 1388 4862 Illud
1414 4821 1634 4876 quoque
1665 4823 1763 4875 pro
1805 4807 2005 4861 indicio
2039 4810 2231 4864 certis-

674 4905 813 4958 simo
840 4901 1027 4956 haberi
1052 4909 1252 4970 potest,
1279 4914 1375 4954 eos
1415 4915 1516 4954 nos
1543 4899 1645 4954 sibi
1672 4905 1750 4964 ,ιιι
1772 4900 2107 4969 potentiores
2136 4915 2235 4953 an-

677 5003 961 5062 teponere,
1008 4990 1152 5061 quod
1200 5005 1324 5045 cum
1376 4989 1613 5044 militum
1651 5001 1965 5045 nostrorum
2011 4990 2234 5045 servitia

677 5096 793 5142 toto
876 5085 965 5141 die
1020 5100 1189 5155 prope
1267 5083 1454 5154 ipsos,
1516 5082 1674 5154 equis
1732 5083 1928 5153 pabula
1989 5083 2235 5152 legerent

667 5183 1002 5253 (quanquam
1027 5181 1228 5250 alioqui
1267 5188 1323 5234 et
1369 5180 1519 5243 belli,
1553 5189 1609 5234 et
1640 5179 1779 5233 lucri
1827 5179 2234 5234 incredibiliter

660 5274 894 5344 cupidi),
916 5273 1207 5342 prohibere
1236 5288 1297 5327 ea
1319 5273 1558 5343 aggressi
1588 5287 1697 5325 non
1726 5280 1876 5325 sunt.
1898 5273 1963 5326 Et
1991 5271 2118 5341 quia
2147 5272 2227 5326 sol

660 5366 879 5420 occasui
939 5364 1221 5434 proximus
1268 5373 1396 5429 est,
1446 5362 1918 5417 consultissimum
1979 5371 2112 5431 puto
2171 5362 2228 5416 in

662 5467 838 5511 castra
901 5471 1177 5518 reversos,
1243 5455 1314 5510 ibi
1366 5464 1578 5509 noctem
1637 5470 1819 5525 agere,
1875 5456 2229 5524 erastinoque

663 5549 909 5602 diluculo
937 5548 1116 5617 captis
1146 5547 1336 5613 armis,
1369 5557 1423 5601 et
1444 5547 1658 5617 agndae
1689 5547 1993 5616 composito
2026 5547 2231 5615 Byzan-

664 5640 799 5692 tium
830 5639 972 5693 viam
1005 5639 1167 5693 inire.
1197 5640 1263 5693 Et
1290 5640 1333 5695 si
1366 5640 1585 5707 quidem
1626 5640 1846 5695 Barbari
1878 5639 2225 5707 impeditiora

2330 3170 2658 3239 νοουμένους
2680 3172 2759 3233 είς
2787 3171 2976 3241 χεῖρας
3004 3175 3191 3238 αὐτοῖς
3219 3175 3379 3241 ίέναι,
3410 3178 3733 3237 ἐϐουλεύετο
3759 3187 3895 3250 μετὰ
3933 3173 3946 3185 ’

2327 3262 2437 3315 τῶν
2465 3264 2524 3316 ἐν
2564 3263 2707 3317 τέλει
2736 3265 2765 3317 ὅ
2821 3281 2875 3318 τι
2903 3266 3010 3319 δέοι
3050 3271 3229 3322 ποιεῖν
3255 3270 3473 3333 αὐτούς.
3522 3273 3816 3343 Παρελθὼν
3839 3279 3895 3332 δέ

2328 3354 2357 3405 ό
2409 3353 2585 3423 μέγας
2643 3353 2986 3424 δομέστικος,
3054 3357 3371 3413 ἐϐουλεύετο
3413 3363 3616 3416 τοιάδεο
3669 3365 3751 3420 Τά
3800 3368 3896 3437 μὲν

2330 3446 2633 3516 πράγματα
2668 3449 2824 3517 ἡμῖν,
2916 3449 3071 3502 αὐτοί
3098 3467 3157 3504 τε
3208 3452 3655 3525 ἐϐουλευσάμεθα
3690 3459 3750 3524 ἐξ
3796 3461 3895 3529 ἁρ-

2329 3538 2431 3608 χῆς
2451 3538 2696 3609 καὶπρὸς
2714 3540 2890 3611 πέρας
2910 3543 3189 3612 ἐχώρησεν
3215 3534 3441 3613 ἀγαθόν.
3462 3532 3898 3622 Παρεταξάμεθά

2328 3644 2389 3681 τε
2404 3628 2511 3699 γὰρ
2542 3630 2696 3683 αὐτοὶ
2726 3631 2976 3695 ἐλθόντες
3004 3633 3079 3696 ὼς
3104 3635 3242 3703 πρὸς
3275 3640 3456 3706 μάχην
3473 3638 3704 3710 πρῶτοι,
3737 3643 3809 3713 ὥς
3831 3645 3896 3699 ἂν

2331 3721 2405 3790 μὴ
2431 3721 2717 3791 δοκοίημεν
2747 3723 2824 3793 τῷ
2860 3724 2970 3777 δέει
3010 3725 3118 3778 τῶν
3155 3726 3449 3799 βαρϐάρων
3490 3732 3816 3804 ἀναχωρεῖν,
3845 3739 3897 3792 οῖ

2327 3827 2386 3864 τε
2418 3814 2691 3883 πολέμιοι,
2724 3817 2979 3885 φανερῶς
3012 3819 3112 3886 μὲν
3162 3820 3551 3888 ἀντιτάξασθαι
3599 3827 3701 3881 οὐκ
3745 3830 3892 3897 ἐτόλ·

2331 3919 2514 3972 μησαν
2557 3907 2730 3975 ἡμῖνὁ
2778 3911 3232 3979 μαρτυρήσαντες
3312 3916 3597 3985 ἐναργῶς,
3645 3919 3722 3985 ὡς
3796 3923 3894 3976 οὐκ

2327 3995 2654 4068 ἀξιομάχους
2688 4000 2911 4063 ἑαυτοὺς
2942 4002 3203 4070 ἐνόμισαν
3236 4006 3390 4075 ἡμῖν,
3427 4009 3609 4063 οὐκέτι
3658 4013 3716 4067 δέ
3761 4016 3894 4068 ἀπέ-

2329 4099 2516 4152 σχοντο
2543 4086 2636 4137 τοῦ
2667 4085 2742 4155 μὴ
2770 4086 2863 4140 καὶ
2894 4090 3092 4157 πεῖραν
3118 4089 3302 4144 λαϐεῖν
3339 4096 3641 4168 συμπάσης
3680 4101 3782 4172 τῆς
3806 4104 3897 4156 δυ.

2329 4173 2546 4242 νάμεως
2574 4176 2772 4232 αὐτῶν.
2804 4176 2991 4248 Εἰγὰρ
3015 4180 3093 4250 μὴ
3119 4182 3215 4234 καὶ
3244 4182 3519 4255 Ὀρχάνης
3536 4190 3699 4253 αὐτὸς
3722 4209 3896 4262 παρε-

2328 4265 2512 4332 γένετο
2532 4265 2667 4335 πρὸς
2683 4267 2784 4337 τὴν
2808 4269 2989 4346 μάχην
3007 4271 3157 4335 ὅπως
3178 4273 3299 4327 τινὰ
3318 4277 3449 4345 ἡμῖν
3472 4279 3555 4332 ἔτι
3578 4282 3895 4339 ὑπολίποιτο

2331 4356 2523 4410 ἐλπίδα
2549 4358 2643 4411 τοῦ
2673 4359 3002 4430 δυνήσεσθαί
3030 4380 3083 4416 τι
3116 4365 3278 4419 πλέον
3317 4368 3480 4432 αὐτὸς
3524 4373 3738 4442 παρὼν,
3784 4377 3897 4429 ἀλλ’

2334 4449 2561 4542 ημῖνγε
2587 4449 2748 4518 δῆλον
2784 4450 2846 4516 ἐξ
2891 4453 3073 4508 αὐτῶν
3098 4457 3338 4528 κατέστη
3365 4461 3472 4514 τῶν
3523 4469 3896 4542 πραγμάτων,

2331 4539 2405 4603 ὡς
2433 4541 2587 4594 οὐδὲν
2618 4542 2685 4596 ἂν
2711 4543 2887 4598 ἔσοιτο
2917 4545 3078 4599 πλέον
3106 4548 3273 4603 αὐτοῦ
3306 4553 3600 4623 παρόντος.
3637 4556 3766 4611 Ὅτε
3793 4539 3900 4612 τοίλ-

2331 4649 2426 4686 νυν
2455 4634 2518 4685 τὸ
2548 4634 2650 4704 μὲν
2696 4636 2775 4699 είς
2819 4639 3006 4707 χεῖρας
3035 4640 3169 4710 ἡμῖν
3217 4642 3355 4695 ίέναι
3389 4646 3644 4715 φανερῶς
3692 4649 3901 4713 ἐξέκλι-

2331 4741 2423 4778 νεν
2447 4726 2629 4789 αὐτὸς,
2660 4726 2718 4779 ἐν
2737 4727 2793 4779 δὲ
2819 4731 2941 4792 ταῖς
2970 4731 3112 4783 κατὰ
3144 4732 3314 4803 μέρος
3345 4736 3687 4804 συμπλοκαῖς
3712 4740 3800 4791 ἀεὶ
3841 4741 3897 4793 τὸ

2332 4815 2494 4867 πλέον
2522 4812 2753 4884 ἔσχομεν
2793 4817 2956 4885 ἡμεῖς
2998 4818 3163 4887 (ὑπὲρ
3221 4821 3608 4890 τετρακοσίους
3654 4825 3770 4893 γὰρ
3799 4840 3897 4878 πε-

2332 4906 2536 4960 σόντων
2583 4906 2891 4978 βαρϐάρων,
2926 4909 3212 4978 Ῥωμαίων
3260 4909 3491 4979 τέθνηκε
3545 4911 3709 4981 μόνος
3753 4909 3896 4985 εἷς),

2333 4999 2494 5052 ποίαν
2519 4997 2584 5051 άν
2608 5016 2692 5063 τις
2730 4999 3007 5063 ἀπόδειξιν
3047 4998 3235 5071 ζητοίη
3271 5000 3500 5072 μείζονα
3540 5004 3636 5056 καὶ
3662 5020 3899 5075 περιφα-

2332 5090 2595 5160 νεστέραν
2624 5090 2719 5143 τοῦ
2751 5092 2847 5143 καὶ
2873 5093 2990 5153 ταῖς
3020 5090 3269 5161 γνώμαις
3297 5093 3423 5154 τοὺς
3450 5092 3759 5162 βαρϐάρους
3805 5097 3898 5147 καὶ

2331 5185 2442 5245 τοῖς
2469 5182 2713 5251 σώμασιν
2741 5181 2898 5252 ὴμῶν
2927 5182 3201 5252 ἡσσῆσθαι
3229 5199 3243 5247 ;
3277 5185 3517 5239 Κάκεῖνο
3547 5184 3606 5239 δέ
3627 5201 3715 5247 τις
3743 5185 3897 5255 μέγι-

2334 5286 2456 5322 στον
2501 5269 2564 5322 ἂν
2609 5270 2912 5340 τεκμήριον
2960 5269 3135 5338 τιθείη
3176 5269 3272 5321 τοῦ
3312 5271 3524 5324 οἴεσθαι
3573 5274 3725 5341 ἡμᾶς
3770 5273 3896 5333 τοὺς

2333 5361 2640 5432 βαρϐάρους
2662 5360 3066 5432 δυνατωτέρους
3092 5362 3302 5416 ἐαυτῶν
3329 5380 3345 5396 ο
3377 5362 3474 5417 τοῦ
3507 5365 3615 5435 γὰρ
3644 5366 3884 5436 ὑπηρετιρ

2332 5452 2430 5504 κοῦ
2460 5454 2557 5522 τῆς
2585 5453 2843 5522 στρατιᾶς
2871 5453 2958 5506 διὰ
3005 5454 3185 5524 πάσης
3217 5455 3319 5523 τῆς
3352 5457 3569 5526 ἡμέρας
3609 5460 3776 5526 ἐγγῑές
3805 5457 3885 5510 αὖ·

2331 5547 2440 5599 τῶν
2486 5563 2552 5617 τρ
2585 5547 2689 5615 φὴν
2722 5548 2832 5609 τοῖς
2873 5545 3060 5608 ἵπποις
3108 5544 3496 5615 συλὶεγόντων,
3532 5551 3654 5603 οὐδὲ
3690 5547 3887 5617 ἐπεχεί-

2337 5656 2510 5709 ρησαν
2543 5640 2589 5690 ei
2622 5637 2889 5707 βάρϐαροι
2939 5638 3181 5690 κωλῦσαι
3228 5638 3501 5706 (καίτοιγε
3542 5645 3610 5696 τὰ
3648 5644 3781 5696 ἄλλα
3808 5641 3886 5693 δν·
