4156 6300
376 239 490 302 453

1529 241 2070 303 HISTORIARUM
2110 243 2341 303 LIBER
2385 244 2462 306 If.

3514 251 3624 316 454

375 365 467 409 τες
492 346 584 401 τοΞ
608 346 819 410 δέοντος
845 348 1048 419 μᾶλλον
1069 347 1423 418 φιλοπόλεμοι
1449 350 1539 403 καὶ
1559 348 1945 419 φιλοκερδεῖς).

2053 349 2141 403 illa
2173 350 2291 404 loca
2316 351 2650 416 deserentes,
2676 351 2733 407 in
2758 352 2984 423 planitie
3014 355 3309 427 conﬂigere
3335 361 3624 419 nobiscum

389 438 612 491 Ἐπειδῆ
641 439 695 491 δὲ
726 439 849 492 ὅσον
878 440 1031 494 οὔπω
1052 440 1147 493 καὶ
1175 442 1201 494 ὀ
1229 440 1380 510 ἥλιός
1408 443 1525 494 ἐστι
1553 443 1690 510 πρὸς
1719 440 1950 510 δυσμὰς,

374 529 605 599 ἄριστον
638 526 780 583 εἶναι
813 549 904 602 μοι
930 532 1099 597 δοκεῖ,
1141 535 1220 596 είς
1265 533 1323 586 τὸ
1368 534 1730 604 στρατόπεδον
1771 533 1955 587 ἐλθόν-

377 640 503 686 τας,
552 623 880 677 αὐλίσασθαι
921 625 1020 693 τὴν
1051 624 1243 689 νύκτα,
1289 626 1383 678 καὶ
1429 628 1488 689 ἐς
1513 625 1611 697 τὴν
1660 624 1952 695 ὑστεραίαν

377 714 498 783 ἅμα
534 713 680 783 πρωῒ
708 715 775 768 τά
804 714 948 769 ὅπλα
977 715 1222 786 ἔχοντας,
1250 717 1603 788 τεταγμένως
1626 717 1725 788 τὴν
1760 721 1817 781 ἐς
1850 720 1954 770 Βυ-

378 804 598 868 ζάντιον
632 805 789 859 ἰέναι.
825 804 947 860 Κᾶν
978 807 1080 876 μὲν
1111 806 1163 860 οἱ
1200 807 1467 878 βάρϐαροι
1509 809 1607 877 τῆς
1646 809 1954 878 δυσχωρίας

372 888 724 968 ’ἀποστάντες
754 895 849 948 ἐπὶ
870 894 966 949 τοῦ
991 898 1176 950 πεδίου
1204 898 1501 968 ἐθελήσωσι
1525 899 1952 968 διαγωνίσασθαι

379 984 519 1053 πρὸς
565 964 735 1054 ημᾶς,
789 982 914 1055 Θεῷ
947 986 1176 1055 μελήσει
1211 986 1310 1056 τὴν
1351 964 1519 1058 ⁷νίκην
1558 964 1839 1058 ὁποτέροις
1868 989 1954 1054 κᾶν

377 1074 675 1143 παράσχοι.
713 1073 813 1126 Ἂν
843 1072 889 1127 δ’
922 1075 1019 1128 ἐπὶ
1040 1075 1135 1127 τοῦ
1160 1074 1325 1143 λόφου
1369 1076 1645 1145 μένοντες,
1676 1078 1956 1146 ἀπόσχων-

352 1181 469 1219 ται
498 1164 596 1234 τῆς
629 1164 808 1235 μάχης
836 1156 900 1234 (ᾧ
929 1165 1023 1219 καί
1076 1182 1166 1235 μοι
1198 1165 1397 1234 μᾶλλον
1429 1166 1608 1219 ἔπεισι
1638 1150 1953 1232 πείθεσθαι,

377 1255 455 1318 ὡς
487 1255 573 1308 διὰ
611 1256 798 1309 πεδίου
848 1256 1121 1327 μέλλομεν
1152 1259 1289 1311 ἰέναι
1318 1258 1733 1329 ἐνθυμουμένῳ)
1761 1301 1775 1325 ,
1812 1259 1953 1330 μετὰ

379 1346 660 1416 βελτίστου
693 1347 785 1401 τοῦ
832 1349 1115 1419 σχήματος
1157 1351 1190 1418 ἡ
1222 1350 1480 1413 ἐπάνοδος
1521 1352 1766 1405 κείσεται
1795 1353 1950 1422 ἡμῖν,

378 1439 774 1509 ἀμφοτέρωθεν
806 1437 994 1509 ἔχουσι
1024 1439 1120 1510 τὴν
1145 1441 1329 1511 νίκην,
1364 1442 1427 1495 ἔκ
1453 1459 1510 1495 τε
1550 1436 1624 1495 ὧν
1659 1446 1723 1514 τῇ
1761 1460 1954 1512 προτε-

381 1530 516 1601 ραίᾳ
544 1531 947 1600 ἀγωνισάμενοι
978 1533 1040 1585 τδ
1084 1533 1245 1586 πλέον
1276 1535 1513 1605 ἔσχομεν
1541 1536 1740 1600 αὐτῶν,
1766 1535 1861 1588 καὶ
1892 1534 1950 1602 ἐξ

376 1613 457 1671 ὦν
489 1620 568 1680 είς
612 1618 711 1689 τὴν
739 1618 1033 1689 ὑστεραίαν
1083 1620 1236 1674 αὐτοὶ
1268 1622 1368 1691 μὲν
1416 1621 1563 1693 ἔργῳ
1607 1624 1951 1692 προύκαλού-

382 1709 527 1779 μεθα
577 1709 657 1772 εἰς
687 1710 889 1780 μάχηντ
935 1711 1137 1765 ἐκεῖνοι
1175 1711 1220 1765 δ’
1266 1712 1366 1766 οὐκ
1407 1714 1706 1784 ἀξιόχρεως
1752 1716 1948 1781 αὐτοὺς

376 1799 719 1868 νομίζοντες,
751 1800 974 1870 ἔμειναν
1012 1802 1247 1866 ἑστῶτες
1281 1803 1512 1858 ἐπὶτῶν
1550 1807 1945 1877 ὀχυρωμάτων.

378 1889 617 1943 Τοιαῦτα
645 1889 740 1942 τοῦ
775 1890 1015 1959 μεγάλου
1042 1890 1365 1960 δομεστίκου
1410 1893 1845 1964 βουλευσαμένου
1875 1939 1890 1963 ,
1921 1897 1949 1951 ὅ

375 1996 441 2032 τε
473 1980 730 2049 βασιλεὺς
747 1979 995 2035 ἐπείθετο
1027 1983 1249 2049 αὐτίκα,
1282 1987 1376 2037 καὶ
1406 1988 1519 2048 τοῖς
1543 1986 1725 2049 ἄλλοις
1753 1989 1950 2059 ἄριστα

379 2072 583 2125 ἐδόκει.
614 2072 721 2125 Καὶ
740 2072 846 2125 τῶν
872 2074 1123 2149 σημείων
1141 2076 1419 2145 ἀρθέντων
1441 2076 1557 2146 ἅμα
1586 2080 1678 2132 καὶ
1707 2080 1805 2150 τῆς
1827 2080 1978 2142 σάλ-,

382 2178 581 2229 πιγγος
605 2161 892 2228 ἀνάζευξιν
929 2152 1280 2238 σημηνάσης,
1315 2166 1452 2236 πρὸς
1492 2170 1552 2222 τὸ
1588 2171 1948 2240 στρατόπεδον

381 2252 651 2324 ἐχώρουν,
707 2256 1104 2320 παιωνίσαντες
1155 2258 1231 2321 ὡς
1278 2260 1372 2312 ἐπὶ
1420 2260 1568 2330 νίκῃ.
1598 2261 1858 2331 Ὀρχάνης
1891 2262 1949 2316 δὲ

379 2348 546 2410 αὐτὸς
579 2348 678 2411 μὲν
711 2347 925 2418 ἔμεινεν
952 2351 1045 2403 ἐπὶ
1080 2349 1172 2404 τοῦ
1202 2350 1365 2421 λόφου
1399 2352 1461 2405 τὸ
1486 2352 1621 2406 πολὺ
1655 2355 1755 2422 τῆς
1789 2372 1952 2426 στρα-

379 2439 507 2500 τιᾶς
538 2439 696 2508 ἔχων,
752 2440 919 2510 μέρος
948 2441 1005 2494 δέ
1046 2459 1098 2495 τι
1144 2442 1390 2513 πέμψας,
1438 2444 1786 2515 παρέπεσθαι
1833 2448 1952 2500 ἐκέ-

380 2529 545 2581 λευσε
585 2528 877 2599 Ῥωμαίοις
908 2530 1037 2601 ἄχρι
1060 2535 1445 2604 στρατοπέδου.
1487 2536 1579 2589 Ἐκ
1606 2535 1662 2589 δὲ
1687 2537 1787 2607 τῆς
1818 2535 1950 2590 Ῥω-

384 2619 567 2689 μαίων
592 2622 852 2691 στρατιᾶς
873 2623 921 2675 οἱ
951 2623 1187 2692 μάλιστα
1209 2625 1471 2695 ἡϐῶντες,
1505 2627 1565 2680 οὑ
1596 2627 1703 2680 τῶν
1733 2630 1946 2696 εὐγενε-

385 2710 595 2779 στέρων
627 2713 811 2782 μόνον,
860 2714 994 2766 ἀλλά
1028 2716 1120 2768 καὶ
1164 2717 1268 2787 τῆς
1297 2717 1464 2784 ἄλλης
1511 2722 1793 2788 στρατιᾶς,
1825 2723 1949 2784 τοὺς

381 2802 608 2870 Πέρσας
659 2803 840 2867 αὐτοῖς
890 2805 1125 2877 ὀρῶντες
1170 2808 1498 2878 ἑπομένους,
1548 2806 1637 2864 οἷα
1689 2798 1811 2864 νέοι
1855 2813 1950 2865 καὶ

380 2894 747 2948 δυσκάθεκτοι
778 2899 901 2960 ταῖς
931 2900 1150 2968 ὁρμαῖς,
1190 2900 1300 2954 τῶν
1331 2900 1538 2966 τάξεων
1572 2901 1814 2967 ἐξιόντες
1841 2907 1950 2959 τῶν

384 2986 687 3055 σφετέρων,
738 2988 1095 3044 ὑπελείποντο
1122 2992 1319 3060 ὀπίσω,
1353 2995 1446 3046 καὶ
1498 2997 1611 3058 τοῖς
1651 2994 1949 3066 βαρὸάροις
1976 3021 2019 3077 C

379 3076 778 3131 συνεπλέκοντο
822 3077 881 3144 ἐξ
928 3081 1156 3149 ἐφόδων.
1225 3083 1284 3136 '0
1333 3083 1508 3153 μέγας
1537 3085 1593 3137 δὲ
1625 3086 1969 3156 δομέστικοςυ

377 3172 485 3240 τήν
530 3188 590 3225 τε
620 3173 877 3243 ἀκαιρίαν
924 3171 1270 3237 ὑποπτεύων,
1315 3173 1417 3245 ήδη
1448 3174 1557 3245 γὰρ
1609 3175 1706 3246 ὀψὲ
1733 3170 1821 3246 ἦν,
1852 3177 1947 3229 καὶ

378 3263 573 3327 δεδιὼς
605 3265 732 3334 περὶ
762 3266 874 3328 τοῖς
905 3267 1266 3335 στρατιώταις
1301 3267 1375 3336 μὴ
1410 3284 1462 3319 τι
1494 3270 1608 3331 τοῖς
1649 3268 1947 3338 βαρϐάροις

379 3356 739 3427 κακουργηθῇ
791 3357 920 3428 περὶ¹
970 3357 1190 3424 αὐτοὺς,
1222 3356 1396 3421 ἄλλως
1441 3376 1500 3412 τε
1544 3360 1637 3412 καὶ
1678 3359 1746 3412 δι’
1776 3360 1947 3431 ὀργῆς

378 3448 588 3510 αὐτοὺς
630 3447 951 3518 ποιούμενος
983 3450 1066 3502 ὅτι
1095 3450 1231 3520 μήτε
1266 3449 1533 3520 βασιλέως
1576 3451 1944 3522 προστεταχό-

378 3556 498 3603 τος,
530 3538 655 3609 μήτ’
693 3538 882 3605 αὑτοῦ,
925 3541 1025 3606 τῆς
1047 3539 1338 3610 Ῥωμαίων
1385 3540 1681 3607 συμπάσης
1712 3557 1947 3609 στρατη-

377 3629 609 3700 γοῦντος
640 3631 923 3698 στρατιᾶς,
949 3631 1235 3695 ¹ἀτάκτως,
1279 3632 1375 3683 καὶ
1402 3630 1747 3700 συνθήματος
1776 3631 1947 3700 χωρὶς

376 3725 499 3785 τοῖς
526 3722 824 3790 βαρϐάροις
857 3722 1263 3792 συμπλέκονται
1290 3723 1601 3791 λειπόμενοι
1627 3722 1823 3787 ὀπίσω,
1847 3724 1948 3795 τὴν

381 3811 488 3882 μὲν
512 3810 776 3883 ,σημαίαν
817 3810 911 3863 καὶ
957 3811 1017 3862 τὸ
1047 3810 1235 3882 τάγμα
1281 3810 1341 3863 τὸ
1386 3811 1477 3863 ὑπ’
1505 3812 1669 3865 αὑτὸν
1712 3813 1793 3866 ἐνὶ
1836 3814 1946 3864 τῶν

381 3896 950 3967 ὑποστρατηγούντων
994 3896 1143 3966 αὑτῷ
1188 3898 1483 3967 παραδοὺς,
1517 3900 1598 3961 είς
1625 3899 1684 3951 τὸ
1725 3900 1948 3970 στρατό-

378 3989 549 4043 πεδον
568 3990 787 4042 ἐκέλευε
818 3991 1040 4059 χωρεῖν·
1069 3989 1230 4051 αὐτὸς
1258 3990 1315 4042 δὲ
1342 3989 1555 4057 ὀλίγους
1579 3990 1809 4056 λογάδας
1844 4007 1946 4041 πα-

379 4081 663 4152 ραλαϐὼν,
707 4081 905 4152 ὲχὼρει
956 4082 1094 4152 πρὸς
1133 4083 1261 4145 τοὺς
1307 4081 1646 4153 μαχομένους
1675 4082 1787 4142 τοῖς
1819 4081 1948 4148 βαρ-

379 4171 746 4248 ὀάροιςηᾶμα
786 4171 884 4240 μὲν
911 4170 1010 4241 τῆς
1058 4172 1238 4241 μάχης
1293 4172 1639 4241 ἀποστήσων,
1670 4172 1763 4223 καὶ
1805 4169 1946 4232 ἄξων

382 4261 512 4332 μεθ’
551 4262 745 4315 ἑαυτοῦ
775 4262 912 4331 πρὸς
962 4263 1062 4331 τήν
1111 4263 1395 4331 στρατιὰν,
1428 4263 1545 4332 ἅμα
1579 4263 1634 4315 δὲ
1667 4263 1764 4315 καὶ
1789 4260 1946 4329 δίκην

2052 435 2348 499 voluerint,
2384 439 2496 493 Deo
2521 455 2665 494 curre
2688 441 2813 504 erit,
2842 444 2985 497 utris
3006 443 3292 501 victoriam
3329 448 3621 518 largiatur.

2053 525 2147 581 Sin
2186 536 2451 584 restantes
2488 531 2542 583 in
2595 533 2841 595 tumulis,
2872 550 3104 603 pugnam
3131 536 3618 596 reformidaverint

2055 617 2219 687 (quod
2247 619 2416 687 magis
2441 622 2685 676 futurum
2714 624 2904 687 credo,
2931 625 3040 694 jam
3070 626 3348 683 incessum
3375 641 3623 688 nostrum

2054 724 2151 777 per
2186 724 2440 778 campum
2473 712 2808 781 cogitatione
2853 716 3220 788 concipiens),
3264 721 3428 792 216
3456 723 3626 779 hone—

2052 800 2288 855 stissima
2317 802 2475 855 nobis
2506 803 2836 872 relinquitur
2863 808 3132 871 reversio,
3176 811 3439 880 utrinque
3470 816 3624 869 scili-

2054 895 2139 943 cet
2197 891 2496 946 victoribus
2546 910 2560 945 ι
2617 902 2732 946 tum
2774 895 2922 963 quod
2955 897 3213 953 hesterna
3258 900 3379 957 luce
3425 920 3624 959 manus

2053 995 2178 1034 cum
2231 981 2365 1051 ipsis
2410 996 2768 1040 conserentes
2814 988 3136 1057 vicerimus,
3197 1000 3311 1047 tum
3348 996 3497 1063 quod
3531 1013 3626 1065 po-

2054 1071 2246 1125 stridie
2270 1073 2338 1126 ad
2370 1082 2650 1128 certamen
2683 1091 2777 1130 eos
2807 1082 3314 1148 provocaverimus,
3364 1085 3439 1138 illi
3485 1102 3616 1141 vero

2053 1176 2111 1215 se
2142 1162 2377 1231 impares
2429 1165 2762 1234 judicantcs,
2807 1169 2861 1222 in
2907 1171 3017 1225 illis
3063 1172 3308 1227 locorum
3364 1176 3621 1231 claustris

2056 1251 2269 1307 haerere
2296 1257 2656 1322 perrexerint.
2691 1256 2830 1312 Huic
2862 1261 3092 1316 consilio
3111 1261 3405 1330 imperator
3437 1267 3620 1321 statim

2052 1340 2326 1405 assensit,
2380 1344 2673 1411 ca‘terique
2727 1354 2791 1398 ut
2836 1347 3102 1414 optimum
3154 1352 3391 1421 amplexi
3453 1366 3616 1422 sunt;

2053 1422 2397 1499 sublatisque
2430 1431 2625 1501 signis,
2660 1448 2784 1488 cum
2830 1438 2972 1491 tuba:
3005 1440 3260 1510 clangore
3307 1443 3362 1497 in
3413 1456 3618 1510 castra,

2054 1518 2394 1587 triumphum
2464 1531 2728 1577 canentes
2785 1524 3088 1580 redierunt.
3155 1528 3436 1587 Orchanes
3493 1548 3618 1589 cum

2053 1625 2283 1677 corpore
2317 1612 2594 1665 exercitus
2631 1618 2688 1666 in
2746 1615 2981 1670 collibus
3031 1619 3355 1686 subsistens,
3406 1636 3619 1693 partem

2053 1700 2292 1769 aliquam
2359 1700 2589 1767 dimisit,
2644 1719 2766 1773 quae
2810 1707 3090 1763 Romanos
3129 1726 3302 1780 usque
3331 1714 3397 1768 ad
3437 1725 3621 1771 castra

2053 1792 2441 1848 insectaretur.
2486 1794 2565 1848 Ex
2604 1778 2868 1851 Romanis
2912 1809 3095 1853 autem
3145 1778 3238 1871 qui
3269 1814 3430 1861 aetate
3463 1807 3621 1877 vige-

2051 1882 2177 1937 bant
2213 1885 2468 1950 maxime,
2499 1901 2607 1940 non
2642 1886 2710 1941 de
2739 1884 3114 1946 nobilioribus
3146 1893 3328 1961 modo,
3363 1911 3459 1951 seu
3495 1914 3620 1968 gre-

2051 1975 2220 2043 gariis
2267 1978 2456 2040 etiam,
2488 1978 2683 2034 Persas
2711 1983 2868 2051 sequi
2907 1986 3335 2054 conspicientes,
3367 1999 3428 2043 ut
3454 1992 3614 2060 juve-

2054 2080 2149 2118 nes
2178 2076 2233 2119 et
2268 2066 2597 2135 impotentes
2626 2071 2817 2137 animi,
2854 2073 3146 2129 ordinibus
3174 2075 3427 2142 desertis,
3463 2090 3614 2135 retro

2052 2170 2118 2208 ex
2174 2156 2370 2211 itinere
2417 2174 2544 2211 cum
2595 2160 2664 2215 iis
2695 2164 3483 2237 concurrebant.‘Atnmgnus
3513 2171 3616 2224 ilo-

2051 2248 2333 2314 mesticus,
2365 2250 2436 2304 ob
2493 2260 2706 2320 tempus
2758 2253 3165 2311 incommodum
3212 2257 3420 2329 (serum
3469 2263 3619 2317 enim

2055 2337 2167 2391 diei
2217 2341 2358 2407 erat)
2397 2340 2722 2407 formidans,
2768 2358 2839 2399 ne
2887 2344 3019 2413 quid
3068 2347 3270 2401 milites
3302 2364 3330 2402 a
3362 2349 3618 2407 Barbaris

2050 2428 2363 2497 aceipercnt
2416 2432 2573 2498 mali,
2608 2432 2779 2488 iratus
2804 2435 3050 2505 insuper,
3082 2438 3227 2507 quod
3251 2454 3425 2509 neque
3449 2441 3622 2511 impe-

2052 2521 2276 2585 ratoris,
2304 2536 2480 2592 neque
2511 2538 2632 2588 sua,
2667 2525 2760 2594 qui
2785 2524 2956 2580 totum
2988 2527 3291 2585 Romanum
3316 2533 3620 2589 exercitum

2051 2610 2297 2680 duceret,
2345 2616 2694 2683 auctoritate,
2728 2619 2957 2676 confuse
3002 2629 3057 2675 et
3090 2623 3453 2693 incomposite
3490 2644 3615 2683 cum
3652 2615 3671 2630 ’

2051 2704 2309 2760 Barbaris
2365 2716 2514 2762 retro
2559 2709 2920 2766 subsistentes
2968 2713 3288 2769 dimicarent
3316 2718 3619 2780 ,vexillum

2050 2806 2105 2851 et
2156 2813 2348 2868 agmen
2405 2815 2564 2854 suum
2618 2803 2712 2855 uni
2753 2804 2855 2858 sub
2906 2819 2964 2858 se
3016 2804 3218 2861 ducum
3270 2809 3513 2873 tradens,
3560 2811 3619 2866 in

2051 2898 2229 2943 castra
2263 2899 2321 2944 ut
2348 2901 2599 2962 pergeret
2629 2892 2945 2960 mandavit;
2995 2886 3115 2964 ipse
3141 2912 3263 2952 cum
3290 2902 3482 2968 paucis
3515 2902 3615 2956 de-

2051 2979 2207 3034 lectis
2235 2980 2301 3033 ad
2335 2996 2431 3036 eos
2460 2983 2553 3051 qui
2586 2996 2711 3035 cum
2758 2983 3016 3040 Barbaris
3062 2989 3379 3055 pugnabant
3411 3005 3617 3060 prope-

2053 3072 2215 3137 ravit,
2268 3083 2319 3126 et
2355 3082 2414 3126 ut
2459 3082 2638 3142 coepto
2685 3085 2970 3130 revocatos
3004 3091 3190 3132 secum
3227 3079 3293 3133 ad
3337 3082 3612 3152 reliquum
3672 3098 3683 3101 '

2052 3164 2353 3219 exercitum
2399 3166 2735 3241 reduceret”
2754 3174 2812 3221 et
2855 3176 2914 3220 ut
2960 3183 3175 3237 poenam
3224 3170 3479 3227 ordinum
3523 3175 3623 3229 de-
3728 3214 3735 3222 .

2054 3254 2360 3310 sertoribus
2405 3255 2647 3310 debitam
2709 3257 3037 3325 imponeret.
3095 3261 3296 3315 Eadem
3359 3265 3619 3332 cogitatio

2054 3343 2404 3413 imperatoris
2442 3345 2567 3411 fuit,
2603 3347 2724 3416 qui,
2761 3362 2890 3402 suas
2913 3349 3169 3405 cohortes
3195 3361 3251 3405 et
3276 3353 3489 3423 signum
3516 3357 3620 3424 im-

2053 3434 2259 3504 periale
2313 3435 2547 3490 Manueli
2606 3437 2792 3504 Asani,
2827 3439 3141 3496 Andronici
3181 3444 3333 3512 tilio,
3382 3457 3619 3517 cognato

2052 3540 2154 3580 suo
2176 3525 2284 3597 (63)
2317 3527 2689 3593 committens,
2718 3535 2774 3583 et
2801 3529 2856 3583 in
2891 3541 3068 3587 castra
3101 3534 3616 3608 abducerejubens,

2054 3617 2170 3687 ipse
2197 3618 2448 3673 similiter
2475 3633 2598 3673 cum
2632 3620 2855 3677 selectis
2890 3623 3104 3693 aliquot
3133 3633 3283 3681 retro
3310 3631 3608 3685 concessit.

2054 3711 2130 3764 Ita
2162 3712 2410 3780 contigit,
2441 3722 2501 3766 ut
2527 3713 2667 3768 alter
2702 3713 2759 3768 in
2795 3714 3027 3771 alterum
3062 3716 3350 3783 incideret,
3370 3730 3616 3776 .eteam-

2053 3802 2175 3857 dem
2204 3804 2308 3858 sibi
2340 3814 2487 3859 retro
2509 3805 2777 3861 redeundi
2806 3821 3029 3863 causam
3049 3807 3219 3864 fuisse
3246 3811 3618 3879 intelligerent

2052 3895 2367 3966 factumque
2417 3899 2732 3966 probarent,
2787 3900 2854 3954 ad
2904 3911 3215 3970 pugnantes
3268 3902 3617 3970 accederent,

2051 3999 2255 4053 eosque
2299 3987 2707 4051 abstrahentes,
2756 3989 2860 4056 ipsi
2907 3992 3164 4058 quamvis
3205 3992 3455 4048 nolentes
3488 4009 3615 4048 cum

2052 4076 2309 4130 Barbaris
2340 4077 2744 4145 praeliarentur.
2788 4077 2923 4132 Nam
2959 4080 3205 4146 Barbari,
3242 4098 3366 4137 cum
3403 4087 3616 4140 exerci-

2054 4176 2168 4222 tum
2194 4169 2498 4222 Romanum
2525 4169 2635 4238 jam
2665 4185 2771 4224 non
2813 4169 3028 4226 modico
3066 4173 3135 4227 ab
3162 4173 3295 4242 ipsis
3329 4174 3617 4232 intervallo

2053 4259 2347 4314 distantem
2376 4268 2688 4325 cernerent,
2717 4270 2774 4316 et
2805 4262 3030 4317 relictos
3066 4277 3187 4317 esse
3222 4279 3451 4333 paucos,
3482 4282 3613 4323 cen-

377 4355 660 4424 ὲπιθήσων
683 4355 780 4425 τήν
804 4356 1189 4426 προσήκουσαν
1211 4357 1324 4419 τοῖς
1352 4355 1625 4419 ἀτάκτοις.
1656 4355 1782 4417 Τοῖς
1812 4353 1948 4417 ἴσοις

2052 4353 2344 4422 serentque
2372 4361 2648 4407 maturum
2694 4367 2817 4408 esse
2845 4368 2941 4409 eos
2982 4354 3240 4410 invadere
3267 4366 3323 4410 et
3355 4367 3615 4425 mactare,

377 4446 440 4500 δὲ
500 4447 780 4516 λογισμοῖς
830 4446 1182 4518 χρησάμενος
1233 4446 1330 4500 καὶ
1376 4445 1651 4517 βασιλεὺς,
1699 4444 1761 4498 τὸ
1811 4444 1943 4498 ῐδιον

377 4538 571 4608 τάγμα
613 4539 708 4591 καὶ⁸
751 4539 914 4602 αὐτὸς
943 4538 1039 4592 καὶ
1079 4538 1178 4608 τὴν
1228 4539 1469 4609 σημαίαν
1511 4537 1611 4606 τήν
1656 4535 1941 4605 βασιλικὴν

398 4630 603 4701 Ἀσάνῃ
640 4629 897 4700 Μανουὴλ
926 4629 1003 4699 τῷ
1037 4630 1372 4699 ’Δνδρονίκου
1400 4629 1500 4699 υίῷ
1525 4628 1799 4698 ὲξαδέλφῳ
1830 4627 1943 4680 ὄντι

380 4720 552 4782 αὑτοῦ
593 4720 890 4791 παραδοὺς,
937 4721 1031 4773 καὶ
1063 4720 1261 4791 χωρεξν
1304 4719 1438 4790 πρὸς
1467 4717 1544 4772 τὸ⁹
1580 4719 1945 4790 στρατόπεδον

2051 4446 2195 4514 quod
2220 4456 2277 4498 et
2305 4443 2407 4512 ipsi
2438 4442 2625 4498 selecti
2654 4452 2857 4510 essent,
2884 4454 2939 4499 et
2967 4445 3174 4513 aliquot
3209 4447 3375 4502 tantis
3402 4449 3613 4516 plures,

2051 4540 2107 4594 in
2134 4554 2406 4594 summum
2457 4538 2580 4594 illos
2628 4538 2927 4594 discrimen
2977 4539 3343 4595 adduxerunt.
3393 4541 3618 4609 Magnus
3684 4580 3700 4587 -

2052 4631 2253 4701 quippe
2281 4631 2636 4691 domesticus.
2670 4631 2891 4699 equoin
2929 4639 3009 4685 tot
3042 4632 3301 4687 cursibus
3337 4641 3392 4687 et
3425 4648 3616 4689 recur-

2051 4726 2203 4781 sibus
2232 4723 2625 4798 przecipitante,
2660 4723 2831 4779 ferme
2858 4723 3129 4795 periisset,
3162 4723 3261 4778 nisi
3288 4725 3356 4781 ab
3386 4725 3618 4795 impera-

378 4812 668 4877 κελεύσας,
699 4813 926 4878 λογάδας
955 4813 1048 4867 καὶ
1069 4814 1232 4872 αὐτὸς
1260 4813 1592 4882 παραλαϐών
1617 4827 1790 4876 τινας,
1823 4806 1949 4863 ἑϐάέ

2052 4823 2186 4877 tore,
2234 4816 2465 4885 aliisque
2493 4813 2762 4885 proximis
2811 4816 2865 4869 in
2897 4814 3064 4869 alium
3106 4830 3308 4885 equum
3345 4817 3621 4871 continuo

377 4910 528 4971 διςεν
558 4904 755 4958 ὀπίσω.
789 4905 945 4958 Οὕτω
972 4906 1029 4959 δὲ
1076 4906 1315 4975 συμϐὰν,
1366 4906 1652 4974 γενόμενοι
1692 4902 1947 4973 ἀλλήλοις

2052 4907 2294 4962 sublatus
2324 4906 2533 4962 fuisset.
2558 4907 2720 4976 217
2751 4907 2822 4961 Et
2870 4906 3225 4977 imperatoris
3273 4907 3494 4977 quidem
3521 4908 3621 4978 ju-o

378 5003 443 5053 ἐν
467 5001 671 5074 ταύτῷ,
697 4996 792 5052 καὶ
815 4998 913 5068 τὴν
936 4998 1115 5051 αἰτίαν
1143 4997 1242 5069 τῆς
1275 4996 1621 5066 ὑποστροφῆς
1647 4994 1946 5064 πυθόμενοι

2052 5005 2287 5049 mentum
2328 4997 2474 5067 [licet
2532 4995 2727 5050 lcthali
2789 4994 3104 5050 confossum
3170 4996 3427 5058 vulnere,
3500 5012 3611 5052 non

376 5088 522 5146 εἶναι
552 5094 651 5165 τὴν
679 5091 872 5162 αὐτὴν,
897 5090 1025 5143 ἐπεὶΔ
1060 5087 1280 5142 ἐδόκουν
1311 5088 1544 5157 καιρίως
1585 5083 1940 5155 πεποιῆσθαι,

2052 5095 2231 5142 tamen
2259 5086 2483 5154 cecidit,
2514 5085 2697 5157 quoad
2748 5101 2780 5141 a
2805 5085 3070 5142 Barbarie
3097 5100 3157 5141 se
3181 5085 3443 5155 eriperet.
3492 5086 3614 5141 Ac-

1641 5224 1856 5287 Jacobi
1887 5224 2151 5287 Pontani
2191 5235 2382 5287 natm.

394 5321 425 5342 ο
451 5355 565 5426 (65)
600 5353 860 5420 Quamvis
886 5353 1071 5409 Graece
1112 5353 1184 5407 sit
1214 5348 1517 5418 ὲξαδέλφῳ,
1547 5345 1692 5428 quod
1727 5354 1942 5428 patrue-
2048 5362 2158 5401 non
2192 5346 2316 5402 fuit.
2354 5345 2744 5428 Yerumtamen
2776 5360 2900 5428 eum
2930 5343 3279 5428 {Andronicus
3302 5344 3509 5428 Asanes
3546 5361 3614 5428 es

378 5414 482 5481 lem
517 5414 978 5505 intErpretantur,
1010 5432 1192 5476 tamen
1242 5414 1604 5497 certum'est',
1634 5414 1937 5505 hiahuel'em
2046 5430 2243 5505 sorore
2284 5416 2548 5505 senioris,
2572 5415 3293 5505 AndronipiJi-rnperatpris
3333 5424 3515 5505 natus

377 5483 688 5551 Andronici
746 5483 1196 5565 Asanis'hlium,
1227 5487 1597 5565 imperatoris
1647 5485 1810 5554 hujus
1840 5501 1937 5565 pa-
2046 5486 2336 5565 (siquidem
2373 5486 2417 5565 is
2461 5486 2607 5565 θεῖος
2642 5485 2760 5565 ejus
2812 5483 3295 5565 dicitur),b_lanuel
3347 5484 3434 5565 hic
3487 5499 3623 5539 eum

378 5565 613 5620 truelem
667 5562 893 5615 minime
925 5561 1131 5626 fuisse;
1184 5554 1287 5614 nisi
1331 5554 1449 5626 ipse
1494 5557 1703 5626 Asanes
1754 5555 1938 5626 senior
2043 5554 2256 5626 minore
2285 5554 2619 5621 Andronico,
2642 5562 2705 5608 ut
2740 5562 2904 5622 patet,
2930 5554 3257 5622 cognatione
3285 5554 3625 5625 coniunctus

376 5632 664 5689 Michaelis
714 5631 886 5699 patris
932 5622 1286 5699 imperatoris
1322 5622 1491 5680 frater
1540 5624 1725 5678 fuerit.
1767 5624 1932 5693 Atqui
2042 5622 2170 5681 fuit.
