4156 6300
568 275 675 335 455
746 288 749 290 ’

1726 264 2052 325 JOANNIS
2095 259 2489 322 CANTACUZ
2503 261 2625 321 ENI

3701 251 3803 314 lii-6

568 385 714 454 cepit
745 383 909 437 etiam
942 381 1279 436 luculentam
1312 379 1523 448 plagam
1571 378 1867 431 fortissime
1914 392 2037 430 cum
2072 378 2139 428 iis

2259 380 2373 448 ἱχρι
2402 376 2508 428 τῶν
2560 373 2887 444 μαχομένων
2919 364 3104 440 ἦλθον·
3149 366 3242 419 καὶ
3270 368 3367 435 τῆς
3402 362 3674 434 συμϐολῆς
3710 366 3804 435 μὲν

567 476 843 529 dimicans
900 474 1221 543 imperator,
1257 472 1451 526 adacto
1494 486 1589 539 per
1639 472 1816 523 femur
1850 470 2019 532 telo;-
2047 484 2143 521 ve-

569 582 694 621 rum
752 567 871 619 sine
920 565 1186 635 periculo,
1236 572 1360 633 post
1409 562 1677 615 decimum
1729 575 1962 626 namque
1998 559 2139 612 diem

570 657 863 712 consanuit
922 656 1139 718 femur,
1204 665 1265 708 ut
1336 654 1381 708 si
1450 668 1729 721 nunquam
1791 654 2142 705 vulneratum

570 748 786 821 fuisset.
839 748 957 801 Jam
1007 761 1138 821 νει-ο
1193 760 1317 798 cum
1370 743 1601 797 viriliter
1642 757 2013 810 generoseque
2054 743 2146 795 dc-

573 818 899 899 eertassent,
944 846 999 890 ct
1028 818 1237 905 paucos
1292 833 1513 902 quidem
1560 833 1851 896 Barbaros,
1902 833 2144 886 illustres

574 941 756 981 tamen
787 926 1139 989 occidissent,
1178 928 1328 979 nullo
1364 926 1697 979 obturbante
1730 923 1796 976 ad
1832 925 2138 978 exercitum

575 1020 882 1080 redierunt,
914 1027 971 1071 et
1000 1018 1066 1071 ad
1124 1030 1302 1070 castra
1337 1018 1706 1077 ambularunt,
1732 1017 1911 1070 Persa!
1946 1016 2147 1069 Roma-

575 1111 662 1165 nis
701 1110 939 1179 amplius
978 1124 1085 1162 uon
1114 1109 1288 1178 magis
1312 1125 1475 1181 quam
1531 1108 1639 1177 igni
1674 1108 2143 1185 appropinquare,

573 1216 778 1267 eosque
814 1211 1039 1268 tangere
1076 1200 1193 1251 ausi
1224 1209 1371 1253 sunt.
1432 1199 1604 1253 Porro
1633 1199 1856 1267 quidam
1893 1199 2148 1252 Schasto—

574 1294 735 1363 pulns
768 1293 878 1360 (64)
930 1291 1247 1361 imperatori
1296 1305 1518 1359 parens,
1544 1306 1741 1360 genere
1772 1290 1992 1353 Mmsus,
2039 1299 2149 1343 tre-

576 1395 860 1439 centorum
918 1384 1174 1446 militum,
1206 1398 1312 1435 non
1350 1381 1507 1435 valde
1556 1390 1914 1446 armatorum,
1970 1398 2145 1451 neque

502 1512 512 1519 -
575 1477 747 1530 bonos
780 1491 954 1543 equos
1000 1474 1318 1528 habentium
1356 1473 1666 1543 praefectus,
1702 1483 1755 1527 et
1802 1474 1853 1527 in
1901 1484 2149 1527 extremo

579 1566 801 1636 agmine
836 1581 1059 1625 curans.
1093 1565 1356 1619 omnibus
1407 1565 1522 1618 suis
1555 1565 1879 1632 assumptis,
1916 1572 1969 1617 et
1999 1563 2151 1632 pedi-

581 1659 729 1712 tibus
765 1658 973 1725 aliquot
1007 1657 1062 1709 in
1104 1655 1369 1707 auxilium
1401 1655 1610 1717 ascitis,
1651 1654 1868 1722 reliquo
1898 1653 2146 1706 exercitu

579 1751 819 1812 deserto,
854 1748 1055 1803 cursim
1088 1751 1137 1802 in
1173 1750 1368 1802 Persas
1404 1745 1683 1799 tendebat.
1713 1745 1793 1798 llli
1836 1745 1976 1797 hanc
2015 1744 2152 1798 inci-

584 1841 852 1895 tationem
918 1838 984 1892 ad
1034 1853 1187 1892 suam
1237 1836 1540 1907 perniciem
1594 1836 1877 1904 pertinere
1927 1835 2050 1897 rati,
2096 1843 2152 1888 et

580 1933 800 2002 longius
833 1946 927 1985 eos
956 1931 1023 1984 ab
1060 1931 1305 1984 exercitu
1353 1929 1599 1983 volentes
1630 1928 1977 1989 abstrahere,
2019 1941 2150 1995 per-

585 2026 711 2077 inde
743 2033 800 2076 ut
824 2024 955 2076 victi
990 2022 1171 2089 fugam
1207 2021 1543 2075 simulabant
1580 2019 1713 2086 (65).
1757 2018 2153 2086 Sebastopulus

585 2125 791 2168 temere
846 2122 899 2166 et
936 2112 1256 2166 incrmsulto
1283 2111 1615 2181 insequitur.
1649 2110 1789 2164 Tum
1824 2108 2047 2162 Barbari
2088 2107 2155 2161 de

584 2198 883 2273 improviso
940 2202 1210 2263 conferti,
1267 2201 1420 2254 laetos
1461 2201 1732 2254 clamores
1766 2199 1975 2260 tollere,
2011 2208 2065 2251 et
2100 2198 2153 2251 in

585 2291 861 2344 Romanos
895 2290 1162 2344 violenter
1192 2291 1429 2344 irrut-re.
1466 2289 1573 2353 Qui
1609 2288 2021 2358 impressionem
2048 2304 2155 2341 non

584 2384 926 2438 sustinentes
987 2376 1286 2451 in‘fugam
1344 2397 1403 2436 se
1440 2380 1803 2434 effuderunt.
1875 2379 2156 2433 Trucidati

587 2475 803 2545 equites
846 2476 1137 2543 plusquam
1174 2488 1340 2543 supra
1373 2473 1589 2542 viginti,
1617 2472 1833 2542 pedites
1878 2472 2103 2527 totidem
2143 2489 2158 2526 :

587 2574 814 2619 cmteros
853 2565 1098 2620 subitmn
1159 2579 1259 2617 nec
1283 2563 1540 2632 exiguum
1570 2566 1635 2617 ab
1662 2563 1905 2616 exercitu
1931 2563 2160 2616 missum

550 2644 555 2647 ’
588 2656 890 2710 subsidium
927 2656 1302 2709 conservavit.
1342 2654 1645 2723 Imperator
1690 2669 1910 2708 rursum
1953 2654 2006 2706 in
2052 2654 2159 2708 Pe-

588 2744 782 2799 lecano
815 2754 1262 2809 castrametatus,
1299 2745 1588 2798 confestim
1620 2745 1938 2816 Byzantium
1973 2755 2161 2815 proto-

591 2835 814 2890 stratori
854 2844 975 2889 acta
1022 2835 1340 2888 nuntiatum
1384 2836 1554 2898 misit,
1598 2852 1720 2890 cum
1754 2838 2048 2901 mandatis,
2084 2837 2199 2891 uti'

594 2942 761 2981 naves
810 2925 879 2980 ad
932 2926 1400 2980 transducendum
1454 2938 1577 2996 post
1631 2944 1797 2981 unum
1863 2929 2165 2985 alterumve

595 3019 738 3073 diem
771 3017 1075 3072 exercitum
1103 3025 1307 3086 par-aue
1331 3026 1537 3070 essent.
1588 3017 1655 3071 Et
1695 3034 1819 3073 cum
1851 3030 2158 3086 vereretur,

595 3126 663 3164 ne
707 3109 873 3179 (quod
910 3108 1134 3171 accidit)
1181 3109 1283 3162 alia
1323 3122 1489 3177 quam
1528 3125 1627 3178 pro
1671 3126 1802 3164 vero
1832 3110 1897 3164 de
1934 3112 2162 3167 vulnere

595 3216 697 3255 suo
728 3202 867 3254 fama
891 3200 1287 3268 divulgaretur,
1325 3201 1390 3254 de
1438 3216 1504 3254 eo
1543 3216 1764 3270 quoque
1797 3211 2164 3270 protostrato-

596 3308 711 3346 rem
738 3293 1028 3347 certiorem
1067 3307 1190 3346 esse
1226 3291 1420 3349 voluit.
1456 3293 1805 3347 vulneratum
1850 3309 1909 3345 se
1942 3294 2163 3362 quidem

596 3382 653 3436 in
681 3381 911 3447 feruore,
954 3391 1009 3435 at
1034 3398 1142 3435 non
1168 3383 1498 3450 periculose,
1536 3399 1717 3452 neque
1749 3384 1958 3438 idcirco
1991 3404 2046 3437 se
2082 3402 2165 3439 re-

597 3475 737 3536 dire,
788 3472 881 3527 sed
934 3474 1079 3540 quod
1131 3473 1294 3526 etiam
1338 3484 1463 3526 ante
1512 3475 1711 3528 vulnus
1759 3475 1833 3528 ita
1871 3492 1901 3527 e
1954 3493 2009 3529 re
2048 3476 2165 3531 fore

598 3563 901 3617 Statuisset.
952 3561 1176 3630 Magnus
1224 3577 1355 3616 vero
1387 3563 1722 3618 domCSticus
1752 3567 2037 3620 commode
2072 3583 2163 3621 ca-

601 3654 734 3709 stris
762 3654 1099 3713 constitutis,
1137 3652 1373 3723 sumptis
1400 3635 1538 3723 quot
1582 3656 1755 3708 voluit
1788 3656 2070 3720 militibus,
2113 3658 2165 3712 in

598 3762 791 3800 eorum
832 3746 981 3800 aditu
1034 3755 1232 3800 natura
1289 3747 1518 3815 pulchre
1582 3758 1831 3817 angusto,
1865 3761 1919 3802 et
1970 3749 2171 3803 isthmo

601 3836 788 3900 simili,
823 3837 933 3891 lato
966 3837 1259 3890 admodum
1291 3838 1555 3891 interiore
1588 3838 1785 3908 spatio.
1828 3854 1927 3908 per
1959 3852 2172 3912 noctem

602 3952 861 4007 excubias
886 3951 1016 4021 egit.

2243 468 2560 534 ἀπέστησαν
2609 455 2887 523 ἐκείνους·
2945 461 3098 513 αὐτοὶ
3159 458 3216 511 δὲ
3271 457 3366 510 καὶ
3416 456 3645 518 ἄκοντες
3696 458 3805 518 τοῖς

2245 558 2545 630 βαρϐάροις
2583 556 2996 608 συνεπλέκοντο.
3031 553 3095 604 Oi
3141 551 3251 620 γὰρ
3282 549 3550 618 βάρϐαροι
3579 547 3680 616 τὴν
3710 547 3806 617 μὲν

2247 651 2507 722 στρατιὰν
2543 648 2778 719 δρῶντες
2837 646 2937 716 ἤδη
2978 646 3079 698 οὐκ
3121 643 3302 709 ὀλίγον
3348 642 3528 693 αὐτῶν
3577 642 3809 709 ἀφεστη-

2242 748 2423 805 κυῖαν,
2443 742 2566 804 τοὺς
2602 736 3061 807 ὑπολειπομένους
3093 736 3147 787 δὲ
3178 733 3413 801 ὀλίγους,
3441 733 3534 785 καὶ
3560 730 3813 801 νομίσαν-

2244 853 2336 898 τες
2387 836 2576 906 καιρὸν
2632 830 2770 886 εἶναι
2820 831 3003 892 αὐτοῖς
3055 827 3413 896 ἐπιθεμένους
3462 824 3809 893 διαφθεῖραι,

2246 926 2470 993 λογάδες
2517 926 2610 978 καὶ
2662 923 2722 989 ἐξ
2767 922 2966 987 αὐτῶν,
3000 920 3095 973 καὶ
3137 919 3401 981 πολλάκις
3461 918 3598 970 τόσοι
3634 916 3817 968 ἐπιθέ-

2250 1036 2444 1088 μενοι,
2490 1019 2549 1070 ἐν
2586 1017 2708 1086 χρῷ
2757 1017 3103 1083 κατέστησαν
3161 1011 3358 1073 αὐτοὺς
3405 1008 3684 1063 κινδύνου.
3727 1011 3817 1061 Δο-

2251 1112 2507 1184 μέστικός
2544 1127 2600 1163 τε
2640 1110 2750 1179 γάρ
2786 1111 2813 1162 ὀ
2857 1111 3031 1178 μέγας
3071 1106 3166 1158 τοῦ
3205 1105 3376 1156 ἵππου
3422 1101 3572 1172 αὐτῷ
3605 1103 3665 1154 ὲν
3698 1102 3816 1162 ταῖς

2247 1205 2539 1272 ἐκδρομαῖς
2611 1201 2707 1254 καὶ
2776 1200 3142 1268 ἀναστροφαῖς
3221 1194 3480 1272 πεσόντος
3528 1233 3544 1257 ,
3618 1191 3814 1259 μικροῦ

2252 1297 2474 1363 ἐδέησεν
2516 1294 2841 1353 ἀποθανεῖν,
2901 1292 2948 1343 εἰ
3013 1291 3086 1359 μὴ
3147 1286 3416 1358 βασιλέως
3452 1285 3543 1338 καὶ
3579 1283 3683 1336 τῶν
3721 1282 3814 1336 άλι

2249 1388 2356 1441 λων
2432 1388 2806 1456 περιστάντων
2889 1384 2976 1450 ἐφ’
3057 1383 3244 1448 ἕτερον
3318 1379 3644 1448 ἀνηνέχθη.
3710 1374 3818 1427 Καὶ⁸

2250 1484 2340 1535 τὸν
2403 1480 2665 1550 βασιλέως
2699 1478 2866 1531 ῖππον
2918 1477 3162 1546 ἔτρωσαν
3228 1475 3325 1541 μὲν
3370 1473 3651 1541 τραύμασι.
3702 1484 3821 1521 και-

2257 1574 2413 1644 ρίοις,
2457 1573 2696 1641 ἐπέζησε
2731 1571 2787 1623 δὲ
2843 1572 2968 1624 ὅσον
3000 1568 3310 1632 ἀπαλλάξαι
3359 1563 3471 1617 τῶν
3503 1562 3818 1633 βαρϐάρων.

2265 1666 2513 1736 Ἐτρώοη
2546 1666 2602 1720 δὲ
2637 1667 2734 1717 καὶ
2784 1667 2811 1717 ὀ
2842 1660 3099 1734 βασιλεὺς
3139 1661 3285 1730 βέλει
3327 1659 3419 1711 τὸν
3451 1656 3649 1726 μηρὸν,
3682 1656 3818 1721 ἀγαν

2258 1758 2510 1828 εὐψύχως
2568 1757 2883 1827 μαχόμενος
2931 1758 3044 1817 τοῖς
3090 1750 3430 1823 βαρϐάροις·
3488 1749 3582 1801 καὶ
3635 1744 3816 1813 διῆλθε

2254 1846 2315 1898 τὸ
2344 1847 2496 1916 βέλος
2526 1845 2844 1916 ἀμφοτέρας
2877 1844 2974 1906 τὰς
3007 1842 3354 1911 ἐπιφανείας.
3387 1837 3648 1890 Κίνδυνον
3678 1835 3733 1889 δὲ
3760 1834 3819 1886 τδ

2254 1938 2478 2009 τραῦμα
2528 1939 2720 1992 οὐδένα
2771 1935 3016 2002 ὑπενόει,
3074 1932 3213 1986 ἀλλὰ
3270 1930 3408 2002 μετά
3455 1930 3691 2000 δεκάτην
3723 1928 3820 1997 τῆς

2257 2026 2477 2097 πληγῆς
2509 2027 2723 2097 ἡμέραν
2768 2022 2928 2086 αὖθις
2951 2022 3110 2092 ὑγιὴς
3141 2017 3230 2092 ἦν,
3268 2019 3344 2082 ὡς
3371 2018 3438 2072 ἂν
3467 2017 3515 2070 εἹ
3564 2016 3698 2087 μηδὲ
3727 2016 3822 2086 τὴν

2258 2119 2436 2189 ἀρχὴν
2464 2116 2703 2186 ἐτρώθη.
2736 2114 2883 2185 Πλὴν
2912 2112 3165 2183 εὐψύχως
3206 2111 3299 2164 καὶ
3329 2109 3595 2178 γενναίως
3620 2107 3823 2174 ἀγωνι-

2261 2212 2512 2280 σάμενοι,
2560 2207 2654 2263 καὶ
2700 2206 3036 2278 βαρϐάρους,
3068 2204 3285 2272 ὀλίγους
3326 2202 3446 2272 μὲν,
3491 2201 3600 2253 τῶν
3629 2202 3826 2267 ἐπιφα-

2261 2303 2367 2356 νῶν
2396 2303 2452 2356 δὲ
2481 2302 2789 2365 ἀνελόντες,
2823 2300 2918 2352 καὶ
2940 2296 3291 2356 διαλυθέντες
3324 2295 3417 2348 ἀπ’
3457 2292 3723 2361 ἀλλήλων,
3776 2291 3828 2343 οἱ

2266 2394 2365 2465 μὲν
2395 2394 2757 2448 ἀπελείποντο
2782 2391 2980 2456 ὀπίσω,
3014 2390 3205 2456 ὥσπερ
3233 2388 3405 2458 πυρὸς
3428 2384 3830 2457 τῆςῬωμαίων

2262 2486 2596 2554 ἀπεχόμενοι
2637 2485 2920 2554 στρατιᾶς,
2965 2485 3058 2535 καὶ
3102 2480 3228 2550 μηδ’
3254 2480 3423 2547 ὲγγὺς
3465 2478 3830 2546 ὑπομένοντες

2263 2573 2540 2641 γενέσθαι.
2571 2570 2836 2632 Βασιλεὺς
2867 2570 2924 2622 δὲ
2951 2570 3047 2623 καὶ
3074 2569 3122 2621 οί
3151 2566 3289 2637 ἀμφ’
3335 2565 3522 2628 αὐτὸν,
3550 2563 3832 2633 ἐνοχλοῦν·

2265 2680 2355 2726 τος
2406 2662 2657 2733 μηδενὸς,
2713 2660 2851 2731 πρὸς
2906 2657 2969 2712 τὸ
3024 2657 3339 2727 στράτευμα
3385 2655 3688 2722 γενόμενοι,
3731 2653 3834 2722 τὴν

2265 2756 2360 2809 ἐπὶ
2397 2756 2457 2808 τὸ
2488 2753 2854 2825 στρατόπεδον
2889 2750 3153 2820 ἐχώρουν.
3191 2746 3629 2806 Σεδαστόπουλος
3653 2745 3709 2797 δέ
3743 2740 3847 2807 τις

2266 2846 2375 2900 τῶν
2421 2843 2878 2912 ὑποτεταγμένων
2929 2840 3159 2910 βασιλεῖ,
3208 2840 3269 2891 τὸ
3301 2837 3461 2907 γένος
3495 2836 3592 2906 μὲν
3623 2836 3831 2899 Μυσὸς,

2267 2938 2598 3010 τριακοσίων
2632 2936 2690 2990 δὲ
2736 2938 2920 3007 ἄρχων
2952 2932 3323 3004 στρατιωτῶν,
3369 2931 3428 2983 οὐ
3463 2931 3604 2983 πάνυ
3661 2927 3834 2982 ὡπλι-

2192 3071 2235 3127 C
2271 3032 2507 3101 σμένων,
2531 3029 2655 3082 οὐδὲ
2688 3028 2878 3090 ἵπποις
2916 3024 3217 3096 χρωμένων
3268 3021 3514 3090 ἀγαθοῖς,
3546 3020 3682 3074 ἀλλά
3733 3019 3833 3089 τὴν

2266 3127 2504 3195 ἐσχάτην
2538 3122 2723 3194 χώραν
2764 3120 3073 3190 ἐπεχόντων
3120 3121 3178 3172 ἐν
3227 3120 3294 3187 τῇ
3329 3117 3581 3187 στρατιᾷ,
3611 3115 3738 3178 τούς
3771 3133 3833 3168 τε

2270 3217 2435 3280 ίδίους
2464 3218 2580 3269 ὅσοι
2610 3213 2750 3286 ἦσαν
2789 3211 3144 3283 παραλαϐὼν,
3175 3212 3270 3264 καὶ
3306 3209 3506 3273 πεζοὺς
3538 3225 3837 3274 προσεται-
3902 3214 3905 3217 ’

2270 3303 2567 3375 ρισάμενός
2618 3318 2791 3366 τινας,
2851 3300 2951 3371 τὴν
3006 3298 3176 3368 ἄλλην
3231 3296 3493 3369 στρατιάν
3550 3295 3834 3375 ἀπολιπὼν

2265 3368 2450 3465 δρόμιρ
2481 3395 2624 3447 κατά
2650 3392 2878 3461 Περσῶν
2906 3368 3128 3460 έχώρει.
3177 3368 3492 3453 Συνιδόντες
3522 3389 3579 3443 δὲ
3608 3390 3658 3442 oi
3698 3368 3838 3458 Πέρἰ

2268 3505 2359 3540 σαι
2382 3486 2455 3549 ὡς
2487 3487 2578 3539 ἐπὶ
2617 3484 2774 3555 κακῷ
2798 3482 2879 3555 τῷ
2911 3483 3161 3553 σφετέρῳ
3197 3483 3296 3551 τὴν
3326 3480 3516 3550 ἔφοδον
3550 3481 3835 3535 ποιοῦνται

2269 3577 2520 3646 ταυτηνὶ,
2554 3574 2648 3628 καὶ
2708 3573 3018 3644 ἀποστῆσαι
3052 3574 3151 3639 τῆς
3212 3575 3472 3641 στρατιᾶς
3520 3571 3840 3642 βουλόμενοι

2272 3670 2526 3735 ἐπιπολὺ,
2562 3672 2660 3740 τὴν
2685 3665 2857 3741 ἦττάν
2891 3685 2950 3721 τε
2990 3668 3437 3737 προσεποιοῦντο,
3486 3671 3581 3721 καὶ
3616 3671 3841 3737 φεύγειν

2274 3764 2493 3815 ἐδόκουν
2520 3777 2533 3791 ·
2565 3763 2613 3813 oi
2648 3761 2694 3813 δ’
2730 3760 3018 3828 ἐφείποντο
3050 3759 3313 3830 ἀνοήτως.
3352 3755 3468 3813 Εἶτ’
3495 3761 3762 3828 αἰφνίδιον
3790 3764 3839 3815 οί

2279 3856 2547 3926 βάρϐαροι
2591 3854 3017 3922 συστραφέντες,
3053 3851 3150 3923 βοῇ
3198 3869 3256 3903 τε
3295 3850 3535 3920 ἐχρῶντο
3569 3853 3666 3905 καὶ
3710 3852 3840 3906 ἀλα-

2277 3949 2531 4017 λαγμοῖς.
2565 3946 2801 4009 καὶτοῖς
2837 3945 3135 4011 Ῥωμαίοις
3168 3944 3507 4014 ἐπεφέροντο
3545 3946 3753 4013 ὀξέως·
3792 3945 3842 3999 oi

601 4046 657 4099 δὲ
689 4045 765 4115 μὴ
800 4046 1121 4112 ἐνεγκόντες
1146 4045 1256 4097 τῶν
1307 4043 1600 4113 βαρϐάρων
1631 4046 1732 4113 τὴν
1776 4046 1975 4115 ὁρμὴν,
2038 4045 2344 4116 ἐτράποντό
2400 4031 2496 4096 τε)
2530 4045 2623 4097 καί⁹
2687 4041 3034 4109 κατέστησαν
3065 4042 3144 4103 είς
3175 4042 3389 4111 φυγήν·
3416 4041 3513 4093 καὶ
3547 4043 3722 4096 εἴκοσι
3746 4044 3843 4113 μὲν

601 4137 874 4189 ἀπέθανον
902 4138 963 4189 ὲκ
994 4138 1104 4188 τῶν
1137 4137 1367 4202 ἱππέων,
1402 4137 1561 4190 πέντε
1619 4138 1675 4190 δὲ
1735 4140 1829 4190 καὶ
1859 4138 2039 4208 ἕτεροι
2088 4139 2330 4193 τοσοῦτοι
2398 4138 2579 4202 πεζοί.
2649 4139 2709 4191 Oi
2775 4137 2820 4190 δ’
2859 4134 3011 4189 ἄλλοι
3060 4134 3399 4207 διεσώθησαν
3429 4135 3494 4188 ὲκ
3532 4137 3632 4207 τῆς
3676 4153 3841 4206 στρα-

600 4230 723 4291 τιᾶς
759 4227 972 4281 πολλῶν
1026 4230 1192 4293 ὀξέως
1248 4228 1764 4299 ἐπιΰοηθησάντων·
1821 4230 2077 4299 βασιλεὺς
2120 4231 2164 4282 δ’
2203 4232 2327 4285 ἐπεὶ
2388 4228 2925 4302 ἐστρατοπεδεύσατο
2963 4231 3127 4282 πάλιν
3191 4228 3336 4283 κατὰ
3376 4230 3472 4282 τὸν
3513 4231 3837 4297 Πελεκάνον,

525 4397 533 4406 .
604 4323 681 4383 είς
706 4319 1001 4384 Βυζάντιον
1026 4321 1187 4382 εὐθὺς
1214 4323 1337 4384 τοὺς
1378 4322 1723 4390 μηνύσοντας
1788 4323 2007 4392 ἔπεμπε
2046 4314 2501 4395 πρωτοστράτορι
2572 4325 2642 4378 τὰ
2713 4322 3111 4393 γεγεννημένα,
3175 4321 3396 4378 ἐκέλευέ
3427 4339 3487 4377 τε
3531 4324 3666 4388 ναῦς
3698 4325 3842 4397 ἔχειν

607 4415 1137 4485 παρεσκευασμένας
1163 4416 1298 4485 πρὸς
1333 4415 1424 4468 τὸν
1455 4415 1646 4485 πόρον,
1708 4415 1781 4478 ὡς
1816 4417 1915 4484 τῆς
1983 4421 2245 4489 στρατιᾶς
2287 4419 2426 4489 μετὰ
2479 4419 2611 4489 μίαν
2648 4418 2862 4490 ἡμέραν
2890 4419 2925 4490 ἢ
2968 4416 3230 4489 δευτέραν
3288 4419 3842 4493 περαιωθησομένης.

1873 4555 2087 4616 Jacobi
2131 4553 2399 4618 Pontani
2433 4564 2621 4616 noue.

680 4704 791 4773 (64)
832 4701 1061 4768 Quidam
1112 4703 1373 4759 Sebastus
1421 4703 1642 4759 nomine
1665 4743 1680 4766 ,
1714 4718 1839 4757 nam
1876 4706 2093 4770 πουλοε,
2117 4717 2174 4762 et
2204 4710 2251 4769 D
2278 4709 2409 4764 Tale
2453 4715 2641 4760 narrat
2673 4704 2915 4760 Zonaras
2945 4713 3094 4758 tomo
3139 4701 3203 4755 ΙΙΙ
3244 4703 3449 4773 Annal.
3473 4703 3529 4757 in
3577 4704 3843 4761 Constan-

614 4772 811 4840 πουλον
869 4774 1089 4845 syllaba:
1138 4783 1265 4845 sunt
1319 4774 1636 4845 adjectitiae
1668 4775 1969 4828 recentium
2017 4775 2167 4831 Graz-
2280 4785 2437 4839 tino,
2467 4775 2787 4831 Constantio
2814 4815 2828 4841 ,
2866 4783 2925 4845 et
2954 4774 3253 4828 Constante
3300 4772 3564 4845 fratribus
3610 4777 3843 4845 impera-

613 4836 839 4915 corum,
871 4828 1174 4915 idquetam
1223 4842 1278 4915 in
1330 4828 1705 4915 appellativis,
1741 4859 1901 4915 quam
1932 4828 2168 4914 propriis
2278 4828 2513 4903 idiib’us'.
2550 4828 2698 4899 Nam
2732 4828 2828 4914 qui
2859 4844 3007 4896 missi
3048 4851 3208 4897 erant
3234 4845 3284 4915 (a
3313 4841 3616 4915 constante
3650 4828 3838 4899 contra

612 4912 965 4985 nominibus,
1010 4911 1146 4985 nihil
1198 4913 1590 4985 significantes.
1637 4912 1795 4981 Apud
1843 4911 1980 4983 quos
2028 4911 2174 4982 legas

613 4983 917 5056 ἁετόπουλα
962 4997 1060 5056 pro
1099 4982 1269 5045 ἀετοὶ,
1309 4985 1737 5056 ἀρχοντόπουλον
1784 4982 1885 5056 pro
1916 4986 2174 5056 ἄρχοντα,

615 5054 1090 5125 στρατηγόμπουλος
1121 5068 1220 5125 pro
1245 5053 1571 5125 στρατηγὸς,
1596 5053 2181 5125 τουρκόπουλοέίοὺμ-

613 5122 976 5192 ϐερτόπουλος
1008 5138 1106 5192 pro
1126 5122 1391 5193 τοῦρκος,
1419 5133 1473 5176 et
1509 5122 1833 5193 οὐμϐέρτος.
1887 5124 1978 5179 Sic
2007 5124 2179 5179 Otho—

616 5194 853 5263 nopulus
879 5235 894 5258 ,
922 5192 1333 5263 Francopulus,
1381 5204 1489 5247 ctc.
1520 5192 1591 5263 7A
1631 5194 1867 5246 πέλεσθαι
1923 5195 2180 5248 videntur

613 5262 774 5317 ducta
800 5265 962 5317 ambo
991 5302 1005 5327 ,
1055 5274 1108 5315 et
1138 5262 1237 5332 pzo
1277 5265 1437 5326 πολὶις
1477 5262 1608 5316 dici.
1663 5264 1805 5316 l’ura
1852 5263 2179 5319 scholiastcs

609 5334 977 5403 CurOpaIatae.

683 5404 796 5473 (65)
839 5404 1029 5460 Genus
1057 5404 1167 5460 doli
1200 5406 1478 5467 militaris,
1509 5421 1619 5472 quo
1653 5404 1734 5458 usi
1770 5415 1900 5458 sunt
1922 5404 2181 5457 lsraclitre

611 5484 804 5527 contra
833 5475 1162 5546 Benjaaiitas
1197 5475 1296 5529 lib.
1342 5476 1593 5546 Judictun
1630 5491 1752 5542 cap.
1805 5491 1894 5528 xx.
1927 5475 2060 5527 Nam
2096 5476 2181 5525 fu-

613 5557 733 5610 gam
766 5554 883 5597 arte
932 5546 1276 5605 simulantes,
1311 5545 1602 5598 consilium
1645 5547 1923 5608 inierunt,
1972 5554 2029 5597 ut
2057 5547 2180 5596 abs-

617 5614 896 5690 traherent
940 5631 1035 5690 eos
1086 5617 1445 5690 ‘de__civitate
1493 5614 1753 5690 _(Gabaa)_
1783 5624 1838 5667 et
1885 5614 2041 5682 quasi
2094 5612 2177 5665 fu-

615 5682 825 5747 gientes
848 5721 863 5743 ,
891 5686 955 5737 ad
998 5686 1343 5752 supradictas
1372 5682 1594 5738 semitas
1625 5685 1993 5752 perducerent
2018 5724 2032 5750 ,
2062 5694 2170 5737 etc.

2280 4915 2701 4972 Constantinum
2727 4912 2762 4977 ,“
2795 4915 2888 4983 qui
2943 4923 3170 4981 paterna
3225 4912 3517 4983 partitione
3567 4929 3677 4968 non
3714 4929 3842 4968 con-

2284 4995 2500 5048 tentus,
2531 4985 2718 5038 fratris
2773 4983 3088 5053 provincias
3132 4983 3448 5053 invadebat)
3479 4997 3607 5036 cum
3651 4999 3839 5053 parum

2284 5074 2313 5110 a
2345 5055 2706 5109 Constantino
2747 5052 3021 5123 abessent,
3053 5052 3280 5123 insidias
3312 5052 3517 5123 locant,
3555 5052 3840 5123 pugnaque

2287 5125 2417 5179 inita
2447 5125 2627 5192 fugam
2655 5122 2939 5177 simulant.
2980 5121 3143 5186 Quos-
3170 5122 3307 5192 dum
3342 5121 3690 5177 Constantini
3741 5121 3840 5192 mi-

2286 5196 2411 5250 lites
2457 5191 2882 5262 persequuntur,
2933 5194 3026 5260 qui
3072 5193 3126 5244 in
3166 5191 3379 5246 insidiis
3422 5192 3677 5245 collocati
3727 5191 3840 5262 fue-

2287 5273 2411 5319 rant
2439 5261 2471 5327 ,ί
2513 5279 2542 5317 a
2584 5275 2736 5332 tergo
2788 5263 3077 5316 invadunt.
3138 5262 3228 5316 Sic
3286 5263 3626 5332 fugientibus
3675 5261 3841 5332 etiam

2281 5334 2599 5391 conversis.
2658 5330 2710 5386 in
2761 5335 2944 5387 medio
2991 5334 3225 5386 duorum
3281 5330 3621 5385 exercituum
3676 5330 3841 5384 inter-

2279 5405 2420 5473 cepti
2448 5446 2462 5468 ,
2510 5418 2700 5471 magna
2737 5419 2802 5457 ex
2853 5412 3006 5472 parte
3056 5402 3276 5473 cadunt,
3316 5402 3433 5471 ipso
3480 5400 3650 5454 etiam
3695 5399 3838 5454 Con-

2278 5472 2517 5527 stantino
2572 5472 2882 5528 interfecto.
2942 5473 3073 5528 Vide
3135 5472 3189 5526 in
3247 5475 3351 5525 hoc
3399 5485 3601 5540 genere
3648 5479 3841 5524 stratae

2277 5560 2431 5667 pilenta
2463 5543 2676 5616 Gorgiae
2725 5553 2917 5599 contra
2952 5544 3275 5599 thdibam
3305 5539 3453 5610 apud
3508 5539 3837 5610 I’olyamum,

2301 5630 2371 5667 l).
2412 5631 2472 5667 ιι.

2278 5617 2371 5667 lib.
2412 5631 2472 5668 ιι.
