4156 6300
328 384 376 449 ,4
388 383 459 447 57
1509 379 1920 444 HISTORIA?

2019 381 2057 440 ll
2098 378 2330 440 LIBER
2379 380 2450 439 ll.
3499 396 3601 467 εδδ

346 503 548 565 Δείσας
596 498 651 553 δὲ
688 497 786 569 μὴ,
813 499 951 569 ὅπερ
999 498 1243 566 ἐγένετο,
1277 495 1409 568 περὶ
1464 496 1559 550 τοῦ
1608 496 1931 567 τραύματος
1974 496 2141 549 αὐτοῦ
2178 496 2382 566 ἑτέρως
2421 497 2453 567 ἦ
2514 498 2588 561 ὡς
2651 496 2766 566 ἔχει
2809 497 3082 570 φημισθῇ,
3113 500 3300 571 ἐδήλου
3342 508 3437 560 καὶ
3470 512 3603 580 περὶ

342 590 543 659 αὺτδῦ,
592 591 668 654 ὡς
698 589 938 662 τρωθείη
976 590 1076 660 μὲν
1117 589 1210 642 τὸν
1241 588 1440 659 μηρὸν,
1479 587 1741 657 οὐδεμίαν
1789 588 1846 641 δὲ
1875 589 1938 641 τὸ
1973 587 2198 659 τραῦμα
2250 588 2398 659 ἔχειν
2429 588 2686 659 ὑποψίαν,
2726 591 2846 645 οὐδὲ
2912 592 2999 647 διά
3027 594 3186 649 τοῦτο
3216 596 3317 667 τὴν
3341 599 3602 658 ἐπάνοδον

342 686 650 749 ποιεῖσθαι,
685 681 981 736 ἀλ).ὀ⁴ύτω
1002 682 1163 747 δόξαν
1217 682 1521 736 λυσιτελεῖν
1577 682 1674 735 καὶ
1733 683 1869 753 πρὶν
1924 685 2227 756 τρωθῆναι.
2274 686 2330 739 '0
2380 687 2551 757 μέγας
2604 688 2661 741 δὲ
2714 688 3210 769 δο,ιέστικος,ἐπεὶ
3239 693 3310 748 τὰ
3336 700 3464 768 περὶ
3502 701 3603 769 τὴν

350 774 780 845 στρατοπεδείαν
841 776 1218 845 κατεστήσατο
1274 773 1481 837 καλῶς,
1531 775 1692 839 ὅσους
1745 775 1924 842 ἔδοξεν
1964 775 2116 846 αὐτῷ
2150 779 2249 848 τῆς
2312 780 2575 849 στρατιᾶς
2642 766 3002 852 παραλαϐὼν,
3039 786 3182 838 κατά
3214 786 3312 858 τὴν
3351 766 3604 860 εἰσϐολην

342 871 445 923 τοῦ
498 870 888 941 στρατοπέδω.
935 871 1060 924 ἐπεὶ
1113 868 1380 939 ἐπεφύκει
1426 868 1610 934 καλῶς
1672 869 1926 941 καθάπερ
1968 871 2162 942 ίσθμὺς
2233 870 2368 925 οὖσα
2436 876 2622 947 στενὴ,
2658 875 2751 928 τοῦ
2811 875 3024 932 ἔνδοθεν
3062 879 3294 952 ἐπιπολὺ
3334 883 3604 936 πλατυνο-

345 961 542 1032 μένου,
588 960 855 1032 ηὐλίσατο
909 963 1010 1035 τὴν
1064 962 1259 1032 νύκτα,
1301 962 1552 1034 φυλακῆς
1604 963 1794 1017 ἕνεκεν
1865 963 1968 1033 τῆς
2006 965 2290 1034 στρατιᾶς.

1678 1106 1846 1177 213
1879 1105 2107 1163 CAPUT
2150 1107 2285 1164 vut.

345 1229 564 1282 Laudat
602 1240 699 1296 pro
733 1226 980 1279 concione
1025 1225 1293 1296 Romanos
1348 1223 1618 1296 ordientes
1660 1225 1745 1280 uel
1774 1226 1967 1291 hostis;
1996 1228 2051 1281 in
2098 1226 2270 1283 locum
2312 1233 2559 1287 tutiorem
2599 1233 2980 1288 abscedentium
3029 1235 3235 1292 suadet.
3290 1235 3604 1291 Dissuadent

415 1294 668 1375 segreget
698 1296 1045 1375 quaratione
1082 1297 1137 1348 in
1174 1295 1353 1375 cadent
1383 1294 1495 1349 loco
1528 1298 1850 1375 manendum
1905 1299 1996 1375 sit,
2019 1298 2263 1375 edocent.
2308 1301 2515 1375 Duplex
2549 1305 2614 1356 de
2667 1305 2988 1374 imperatore
3026 1322 3118 1375 per
3147 1316 3323 1360 castra
3352 1323 3531 1359 rumor
3555 1316 3603 1359 et

418 1367 652 1441 militum
691 1366 1017 1441 trepidatio;
1068 1380 1293 1441 quarunt
1327 1365 1509 1441 fugam
1561 1368 1870 1441 domesticus
1917 1367 2154 1441 inhibere
2203 1365 2405 1440 nequit,
2464 1365 2845 1441 Imperatorem
2897 1365 3063 1428 lembo
3104 1384 3303 1430 vectum
3347 1375 3608 1431 Constan-

417 1435 680 1515 tinopolin
727 1432 929 1504 {rustra
971 1432 1181 1503 quierit.
1232 1432 1504 1488 Exercitus
1550 1437 1752 1507 fugiens
1798 1438 1853 1490 in
1882 1432 2111 1506 quatiior
2146 1432 2340 1510 oppida
2390 1458 2447 1497 se
2487 1432 2750 1515 dispertit.
2790 1445 2944 1514 Apud
2979 1443 3324 1499 Pliilocrenen
3391 1454 3604 1514 act-rpite

413 1507 721 1562 calamitas.

434 1649 709 1720 Ὀρχάνης
741 1647 818 1713 δὲ,
855 1647 980 1702 ἐπεὶ
1014 1648 1317 1703 ἐπελάϐετο
1345 1651 1378 1721 ἡ
1404 1640 1520 1716 νύξ.
1557 1656 1682 1712 τοὺς
1716 1649 1805 1702 ὑπ’
1833 1651 1920 1703 air

2102 1646 2406 1715 Orchanes,
2461 1662 2751 1724 postquam
2787 1657 3225 1724 conteneliravit,
3262 1662 3468 1715 coactis
3515 1678 3605 1715 sa-

339 1741 444 1815 τὶξν
492 1743 779 1811 σατράπας
805 1740 1019 1802 πάντας
1050 1740 1403 1809 συναγαγὼν,
1439 1742 1551 1811 Τὴν
1595 1742 1694 1811 μὲν
1734 1742 1928 1810 ἐμπει-

332 1832 498 1904 ρίαν,
532 1827 675 1894 εἷπε,
701 1831 797 1884 καὶ
828 1831 928 1900 τὴν
957 1831 1162 1900 τόλμαν
1191 1830 1302 1883 τῶν
1341 1832 1632 1900 Ῥωμαίων
1656 1833 1756 1902 τὴν
1784 1831 1926 1885 κατά

340 1922 453 1985 ιιιὲις
492 1922 695 1990 μάχας,
745 1921 939 1977 οὐδένα
972 1922 1218 1993 σήμερον
1251 1920 1408 1991 ὑμῶν
1453 1921 1639 1991 οἴομαι
1663 1923 1930 1992 ἠγνοηκέ-

341 2031 466 2069 ναι.
490 2014 644 2068 Δσκῶ
670 2004 843 2083 δέ’μοι
873 2015 967 2067 καὶ
990 2013 1192 2077 αὐτοὺς
1220 2012 1290 2068 ἂν
1315 2014 1439 2084 ἐμοὶ
1466 2013 1925 2084 συνομολογῆσαι,

338 2103 424 2166 ὡς
457 2103 573 2158 οὔτ’
595 2103 684 2175 ἐφ’
703 2104 883 2174 ἡμῶν,
912 2102 1025 2159 οὔτ’
1050 2104 1144 2158 ἐπὶ
1174 2103 1285 2157 τῶν
1322 2105 1608 2177 ἡμετέρων
1643 2105 1927 2175 προγόνων

341 2196 534 2265 ἕτεροί
565 2213 717 2261 τινες
750 2195 1041 2267 Ῥωμαίων
1065 2195 1241 2259 οὕτως
1266 2197 1509 2261 εὐκλεῶς
1553 2197 1698 2264 άγαν
1726 2196 1929 2266 ἠγωνί-

346 2306 523 2345 σαντο
554 2290 651 2344 καὶ
687 2290 830 2360 μετά
867 2289 1054 2360 πάσης
1083 2289 1404 2360 ἐμπειρίας.
1453 2287 1554 2347 Διά
1584 2287 1772 2359 πάσης
1815 2287 1927 2358 γὰρ

342 2381 574 2451 ἡμέρας
616 2382 797 2451 ἡμῶν.
841 2381 874 2452 ἢ
910 2382 1119 2453 ἀπάτης
1165 2379 1198 2451 ἢ
1241 2378 1527 2450 ἐκπλήξει,
1561 2379 1595 2448 ἢ
1648 2380 1793 2449 ὁρμῇ
1830 2378 1927 2432 καὶ

332 2472 657 2542 θρασύτητι
679 2473 999 2543 παραϐόλῳ.
1021 2472 1054 2542 ἦ
1076 2471 1165 2526 ἑνὶ
1184 2471 1246 2540 γέ
1279 2488 1357 2541 τῳ
1378 2470 1669 2541 τρόπῳείς
1698 2469 1926 2534 ἀταξίαν

342 2562 553 2625 αὐτοὺς
579 2563 939 2632 πειρωμένων
984 2562 1268 2632 ἐμϐαλεῖν,
1305 2562 1354 2614 oi
1405 2558 1452 2613 δ’
1503 2560 1657 2613 οὐδὲν
1721 2558 1925 2629 μᾶλλον

344 2653 694 2722 ἐκινήθησαν
752 2652 848 2706 τοῦ
904 2654 1283 2723 προσήκοντος
1328 2651 1677 2722 φρονήματος
1711 2651 1923 2718 αὐτοῖς,

343 2743 470 2798 ἀλλ’
497 2744 763 2814 ἐμπειρίᾳ
807 2744 907 2814 μὲν
950 2743 1224 2812 ἐφύλαξαν
1262 2742 1361 2814 τὴν
1405 2741 1588 2809 τάξιν,
1620 2742 1817 2813 ἀνδρία
1864 2742 1921 2795 δέ

349 2837 452 2889 καὶ
482 2837 718 2908 εὐψυχίᾳ
747 2836 1035 2908 κρείττους
1079 2837 1167 2890 ἀεὶ
1209 2834 1531 2904 φαινόμενοι
1561 2835 1746 2905 ἡμῶν,
1776 2834 1918 2888 ἀπέ-

343 2906 575 2984 κτειναν
778 2906 1007 2990 πολλοὺς
1038 2927 1202 2998 ἡμῶν
1225 2943 1239 2957 ⁸
1273 2927 1501 2982 ἐκείνων
1540 2927 1599 2980 δέ
1645 2906 1918 2982 ἀπέθανον

2031 1741 2203 1810 trapis
2230 1742 2366 1807 suis,
2398 1744 2526 1800 talia
2557 1747 2724 1801 verba
2755 1747 3021 1804 disseruit
3052 1767 3065 1807 :
3111 1751 3285 1816 Quam
3333 1754 3443 1806 sint
3474 1752 3600 1806 belli

2028 1830 2288 1897 scientes,
2316 1848 2593 1905 manuque
2631 1838 2870 1907 prompti
2913 1839 3170 1905 Romani,
3206 1842 3483 1895 neminem
3511 1857 3604 1895 ve-

2027 1930 2202 1977 strum
2234 1924 2399 1981 hodie
2427 1929 2645 1983 nescire
2675 1929 2895 1999 opinor,
2940 1930 3179 2000 novique
3218 1946 3319 2001 pro
3343 1941 3517 1999 certo,
3546 1944 3603 1987 et

2028 2028 2127 2069 vos
2156 2015 2293 2070 mihi
2324 2032 2669 2087 assensuros,
2695 2036 2877 2091 neque
2916 2023 3124 2078 nostris
3147 2065 3162 2091 ,
3199 2040 3380 2094 neque
3428 2027 3602 2096 majo-

2027 2120 2150 2160 rum
2166 2117 2480 2163 nostrorum
2500 2112 3173 2183 saeculiskomanosjalios
3194 2130 3317 2170 cum
3340 2124 3487 2172 tanta
3504 2134 3603 2172 no-

2027 2196 2191 2253 minis
2210 2198 2296 2254 sui
2313 2200 2506 2270 gloria,
2528 2209 2750 2273 tamque
2769 2205 3030 2273 singulari
3046 2207 3242 2276 peritia
3262 2208 3598 2266 decertasse.

2025 2284 2163 2341 Cum
2202 2288 2351 2342 enim
2375 2305 2474 2358 per
2493 2300 2667 2346 totum
2694 2293 2836 2347 diem
2861 2305 2956 2349 aut
2974 2295 3214 2361 fallacia,
3248 2307 3341 2352 aut
3362 2306 3597 2366 terrore,

2024 2384 2120 2431 aut
2158 2377 2365 2449 impetu
2406 2380 2599 2436 audaci
2644 2397 2709 2437 ac
2742 2385 3056 2453 repentino,
3103 2396 3199 2442 aut
3224 2387 3333 2442 alio
3359 2388 3598 2459 denique

2025 2466 2189 2523 modo
2203 2468 2425 2526 ordines
2443 2486 2633 2527 eorum
2655 2473 2968 2530 disturbare
2987 2490 3339 2542 conaremur,
3362 2479 3464 2547 ipsi
3497 2494 3599 2535 nec

2027 2560 2305 2615 tantillum
2336 2577 2364 2615 a
2396 2564 2619 2632 propria
2672 2564 2779 2619 sibi
2819 2565 3114 2622 altitudine
3159 2568 3326 2623 animi
3360 2570 3600 2647 deﬂexe-

2025 2657 2175 2715 runt,
2206 2651 2301 2705 sed
2318 2667 2424 2721 qua
2444 2654 2627 2708 valent
2646 2653 2962 2724 disciplina,
2986 2656 3251 2712 stationes
3284 2672 3597 2714 servarunt.

2005 2739 2345 2797 .fortitudine
2370 2749 2555 2797 autem
2586 2743 2868 2814 animique
2904 2746 3220 2815 praestantia
3247 2762 3467 2818 semper
3502 2765 3603 2803 no-

2019 2833 2108 2889 bis
2139 2833 2415 2901 meliores,
2446 2837 2764 2906 complures
2794 2848 3042 2893 nostrum
3060 2837 3203 2896 Orco
3234 2841 3596 2907 demiserunt,

2021 2941 2093 2981 ne
2144 2926 2339 2997 paucis
2372 2928 2596 2997 quidem
2638 2929 2704 2985 de
2738 2945 2931 2986 eorum
2964 2947 3198 2988 numero
3244 2934 3596 2992 desideratis.

341 3021 475 3075 οὐδὲ
499 3020 672 3088 ὀλίγοι
692 3037 705 3051 ο
735 3022 831 3073 καὶ
860 3019 920 3073 τὸ
951 3020 1017 3090 δὴ
1043 3019 1514 3090 θαυμαστότερον,
1541 3021 1623 3074 ὅτι
1648 3021 1746 3074 καὶ
1781 3021 1920 3090 μετά

2025 3017 2293 3088 Quodque
2337 3019 2669 3075 mirabilius.
2694 3031 2798 3085 est,
2829 3022 2994 3077 etiam
3044 3023 3097 3077 in
3145 3036 3321 3081 castra
3358 3041 3421 3083 se
3453 3030 3598 3082 reci-

342 3111 452 3183 τὴν
492 3111 785 3176 ἀνάζευξιν
834 3113 931 3182 τῆς
986 3112 1251 3181 στρατιᾶς
1280 3111 1480 3181 ὀλίγων
1529 3113 1695 3165 τινῶν
1740 3111 1920 3167 ὀπίσω

342 3203 817 3272 ὖπολιπομένων,
869 3202 1313 3266 πολλαπλασίους
1366 3204 1432 3256 ἐκ
1487 3204 1596 3256 τῶν
1632 3204 1921 3276 ἡμετέρων

348 3297 673 3366 ἐπιθέμενοι
722 3296 928 3359 αὐτοῖς,
962 3295 1023 3348 ού
1061 3296 1223 3365 μόνον
1266 3295 1328 3347 ού
1379 3295 1760 3365 περιεγένοντο
1821 3297 1921 3351 αὐ-

346 3390 483 3456 τῶν,
520 3388 658 3445 ἀλλά
705 3388 799 3442 καὶ
829 3388 938 3440 τῶν
990 3387 1211 3442 οἰκείων
1240 3387 1520 3442 ἀπέϐαλον
1548 3390 1677 3452 τοὺς
1723 3389 1920 3460 ἀνδρίᾳ

242 3506 249 3509 ·
347 3482 591 3553 μάλιστα
620 3481 950 3551 προέχοντας
1007 3481 1104 3532 καὶ
1152 3480 1362 3551 τόλμῃ’
1420 3480 1516 3533 καὶ
1549 3480 1669 3549 μετ’
1717 3482 1919 3545 αὐτοὺς

343 3571 516 3625 πάλιν
543 3570 768 3640 ἐτέρων,
809 3569 1054 3638 καίτοιγε
1078 3569 1343 3640 ἀνοήτως,
1372 3568 1800 3637 προσϐαλόντων
1823 3570 1918 3624 καὶ

343 3661 576 3731 φαύλως
605 3660 1056 3730 ἀγωνισαμένων,
1085 3659 1148 3713 τὸ
1172 3660 1374 3727 δοκεῖν,
1404 3659 1481 3724 ὡς
1511 3661 1614 3731 ἐμὲ
1665 3662 1919 3733 οἰηθῆναι

347 3754 559 3815 πάντας
582 3754 779 3815 αὐτοὺς
821 3751 1142 3823 διαφθερεῖν
1172 3751 1341 3821 ἡμᾶς,
1370 3751 1523 3820 ὅμως
1549 3752 1689 3823 πλὴν
1720 3752 1918 3821 ὀλίγων

342 3848 460 3900 τῶν
483 3846 784 3910 πεσόντων,
825 3846 875 3898 οί
924 3844 1075 3899 ἄλλοι
1116 3844 1317 3908 πάντες
1347 3846 1498 3917 παρά
1543 3846 1703 3914 δόξαν
1731 3848 1920 3902 διεσώ-

338 3939 548 4009 θησαν.
585 3931 686 3991 Ὧν
727 3954 820 4007 μοι
853 3936 950 3990 καὶ
972 3937 1121 3990 δοκεῖ
1150 3935 1243 3991 τὸν
1271 3936 1578 4008 στρατηγὸν
1602 3939 1632 3992 ὀ
1663 3939 1919 4007 βασιλεὺς

342 4032 447 4096 τῆς
480 4029 709 4093 ἀταξίας
733 4029 902 4082 ἕνεκα
932 4030 1013 4092 εἰς
1034 4027 1134 4097 τὴν
1162 4029 1441 4099 σωτηρίαν
1472 4027 1798 4097 ζημιώσειν.
1820 4030 1919 4083 Ἐκ

342 4123 535 4176 τοίνυν
555 4120 761 4175 τούτων
800 4119 1019 4173 πάντων
1047 4118 1195 4182 είκδς
1224 4119 1318 4174 τὸν
1350 4118 1577 4190 βασιλέα
1604 4121 1815 4175 οίεσθαι
1835 4125 1918 4184 είς

341 4216 448 4287 τὴν
481 4213 780 4285 ὑστεραίαν
814 4212 1017 4283 μᾶλλον
1051 4210 1083 4273 ἢ
1129 4212 1402 4283 πρότερον
1446 4210 1755 4283 θαρροῦντα
1784 4214 1917 4283 ἡμῖν

343 4307 805 4379 ἐπιστρατεύσειν
829 4323 845 4338 ’
877 4306 1025 4377 ἡμᾶς
1075 4304 1131 4358 δὲ
1158 4304 1239 4375 μὴ
1286 4304 1621 4374 δυναμένρυς
1648 4304 1783 4377 πρὸς
1817 4304 1917 4376 τὴν

344 4401 539 4472 μάχην
572 4399 869 4468 ἀντισχεῖν,
904 4396 1131 4466 φεύγειν
1181 4394 1397 4466 ἀνάγκη
1444 4394 1783 4465 ἡττηθέντας
1828 4396 1918 4449 alo

345 4491 532 4561 σχρῶς
566 4490 663 4545 καὶ
695 4487 964 4560 ἀγεννῶς.
999 4489 1061 4540 Ei
1090 4486 1147 4540 δὲ
1195 4486 1373 4557 παρὸν
1400 4485 1706 4550 ἀκινδύνως
1752 4483 1921 4553 σώζε-

346 4581 499 4644 σθαι,
554 4581 650 4633 καὶ
687 4580 912 4649 προσέτι
969 4578 1069 4631 καὶ
1099 4575 1200 4648 τὴν
1234 4577 1299 4630 ἐκ
1343 4578 1442 4646 τῆς
1487 4576 1659 4647 ἥττης
1699 4576 1919 4643 ἀδοξίαν

341 4671 656 4739 διαφυγεῖν,
692 4671 893 4741 (οὐδεὶς
918 4670 1030 4741 γάρ
1058 4670 1127 4723 ἀν
1158 4670 1295 4739 ἡμῖν
1337 4667 1617 4740 μέμψαιτο
1646 4670 1756 4723 τῶν
1795 4670 1919 4725 νοῦν

343 4764 582 4833 ἐχόντων
607 4764 699 4817 τὸν
746 4763 1027 4833 προῦπτον
1078 4762 1590 4833 παραιτησαμένοις
1622 4762 1916 4834 κίνδυνον),

342 4856 527 4909 ἔπειθ’
563 4856 666 4908 ὑπὸ
706 4853 1045 4922 φιλονεικίας
1090 4854 1171 4916 είς
1213 4853 1344 4916 τοὺς
1383 4852 1647 4923 ἐσχάτους
1693 4853 1917 4918 ἑαυτοὺς

343 4950 772 5017 καταστήσομεν
799 4943 1108 5007 κινδύνους,
1147 4943 1249 4998 οὐκ
1272 4944 1383 5015 ἄρα
1414 4943 1642 5014 δόξομεν
1663 4945 1921 5016 ἀνοηταί-

342 5058 460 5096 νειν
489 5039 585 5094 καὶ
616 5035 991 5093 ἐπιϐουλεύειν
1027 5036 1274 5102 ἐαυτοῖς;
1302 5035 1398 5090 Διὸ
1415 5034 1478 5106 δή
1512 5052 1602 5107 μοι
1634 5038 1724 5089 καὶ
1746 5036 1917 5105 δοκεῖ,

341 5132 502 5187 τουτὶ
550 5130 652 5200 μὲν
693 5130 755 5184 τὸ
807 5126 1174 5198 στρατόπεδον
1219 5127 1566 5191 καταλιπεῖν,
1619 5127 1817 5199 ἐτέρας
1861 5128 1920 5182 δὲ

334 5223 552 5286 ’πολλὰς
594 5221 979 5293 ἀναχωρήσεις
1004 5218 1360 5290 ὀχυρωτάτας
1389 5220 1487 5272 καὶ
1517 5219 1918 5288 δυσπροσόδους

342 5317 566 5388 ἔχοντος
591 5314 688 5368 τοῦ
720 5314 915 5376 τόπου,
945 5310 1025 5374 είς
1070 5325 1196 5364 τινα
1225 5308 1407 5363 αὐτῶν
1436 5308 1630 5374 ἐλθεῖν,
1672 5314 1834 5363 κακεϊ
1857 5310 1918 5363 τὸ

340 5409 768 5478 ἀποϐησόμενον
801 5403 1146 5475 περιμένειν.
1185 5401 1409 5455 Βέλτιον
1432 5402 1541 5470 γὰρ
1573 5401 1713 5470 μετά
1733 5401 1919 5465 ἀδείας

338 5499 679 5569 ἀναχωρεῖν,
732 5495 765 5566 ἢ
828 5494 1058 5564 φεύγειν
1092 5492 1202 5547 τῶν
1246 5492 1536 5562 Ῥωμαίων
1587 5491 1912 5547 διωκόντων.

2027 3108 2212 3176 piente
2256 3108 2523 3175 exercitu,
2562 3123 2686 3162 cum
2739 3109 2883 3164 haud
2936 3110 3011 3165 ita
3064 3112 3222 3167 multi
3269 3114 3595 3181 rediissem,

2027 3216 2236 3272 eosque
2269 3202 2337 3257 de
2363 3202 2713 3257 nobismnlto
2763 3202 2950 3273 plures
2984 3204 3334 3272 invasissent,
3383 3217 3595 3262 tantum

2025 3296 2207 3360 abest,
2241 3303 2300 3350 ut
2352 3310 2447 3351 eos
2499 3294 2758 3363 vicerint,
2793 3305 2853 3350 ut
2894 3296 3064 3350 etiam
3105 3296 3174 3353 de
3224 3298 3340 3352 suis
3392 3300 3595 3354 virtute

2025 3397 2081 3443 et
2127 3386 2411 3442 alacritate
2475 3385 2637 3457 longe
2709 3386 3021 3458 praecipuos
3087 3388 3411 3445 amiserunt.
3467 3391 3597 3448 Post

2020 3492 2254 3534 eoscum
2277 3477 3046 3549 alii,tametsiimprudenter,
3096 3480 3150 3534 in
3199 3496 3298 3538 nos
3335 3481 3598 3537 incurris-

2021 3580 2143 3626 sent
2186 3570 2554 3640 infausteque,
2581 3579 2640 3626 ut
2669 3572 2985 3642 apparebat,
3013 3585 3345 3645 pugnassent
3366 3578 3452 3648 (ut
3478 3589 3598 3631 cre-

2020 3661 2257 3717 diderim
2321 3677 2514 3717 omnes
2573 3659 2639 3716 ad
2698 3678 2865 3717 unum
2945 3664 3202 3720 manibus
3262 3665 3467 3722 nostris
3513 3665 3597 3719 in-

2019 3754 2308 3810 terfectum
2356 3755 2471 3822 iri),
2500 3763 2679 3809 tamen
2709 3755 2942 3826 demptis
2973 3772 3079 3811 non
3130 3756 3203 3811 ita
3243 3757 3451 3825 multis,
3488 3772 3595 3812 cae-

2018 3844 2121 3899 teri
2155 3859 2345 3900 omnes
2371 3860 2569 3916 praner
2607 3845 2925 3916 opinionem
2970 3855 3305 3902 evaserunt:
3357 3861 3592 3916 quorum

2018 3938 2184 3992 etiam
2216 3938 2410 3992 ducem
2443 3938 2763 4008 imperator,
2792 3948 3018 4008 prapter
3046 3938 3296 3993 ordinem
3325 3953 3432 3992 non
3471 3952 3590 3991 ser-

2019 4037 2226 4094 vatum,
2272 4029 2587 4083 salutariter
2623 4028 2949 4083 multaturus
2984 4029 3218 4083 videtur.
3259 4030 3337 4082 Ex
3363 4028 3449 4082 bis
3500 4044 3594 4082 ve-

2020 4120 2248 4174 risimile
2295 4116 2374 4183 ﬁt,
2414 4118 2567 4171 illum
2614 4118 2920 4188 majoribus
2966 4133 3130 4188 quam
3175 4129 3336 4173 antea
3388 4119 3595 4189 spiriti-

2020 4205 2124 4262 bus
2158 4207 2278 4262 luce
2311 4206 2549 4262 crastina
2586 4220 2692 4261 nos
2721 4222 3135 4277 aggressurum.
3163 4223 3262 4263 nos
3286 4220 3468 4263 autem
3504 4219 3593 4262 ut-

1944 4335 1988 4396 ϐ
2023 4309 2150 4371 pote
2169 4299 2238 4355 ad
2254 4299 2627 4396 resistendum
2675 4300 2978 4396 imbecilles
3009 4309 3066 4354 et
3094 4300 3290 4396 victos,
3330 4301 3590 4356 illiberali

2023 4406 2088 4446 ac
2122 4389 2269 4463 turpi
2301 4391 2428 4462 fuga
2479 4391 2713 4446 salutem
2765 4390 3010 4446 volentes
3048 4390 3407 4461 nolentesque
3448 4394 3592 4463 peti-

2024 4493 2199 4539 turos.
2229 4481 2384 4548 Quod
2414 4480 2485 4546 si,
2526 4496 2651 4537 cum
2685 4481 2855 4537 vitato
2899 4480 3223 4563 discrimine
3260 4481 3427 4537 salvis
3471 4486 3603 4537 esse‘

2019 4584 2075 4631 et
2105 4574 2402 4645 ignominia
2431 4588 2548 4644 quae
2572 4573 2746 4628 victos
2774 4572 3045 4643 sequitur,
3065 4588 3253 4630 carere
3283 4574 3442 4630 liceat
3466 4575 3591 4646 (ue—

2020 4682 2112 4723 mo
2142 4666 2414 4736 siquidem
2438 4664 2791 4735 prudentium
2817 4666 3202 4734 reprehendet,
3232 4666 3276 4720 si
3297 4668 3587 4735 praevisum

2019 4755 2324 4827 periculum
2353 4769 2385 4808 a
2413 4753 2576 4809 nobis
2607 4754 2988 4823 detestentur),
3014 4768 3080 4808 ex
3115 4754 3462 4809 aemulatione
3497 4769 3595 4809 ex-

2019 4858 2195 4905 trema
2220 4845 2470 4918 pericula
2502 4846 2776 4902 nobismet
2805 4846 3197 4910 ereavetimus,
3235 4862 3302 4900 an
3347 4861 3455 4901 non
3498 4850 3591 4901 de-

2020 4944 2226 5014 sipere,
2248 4950 2306 4996 et
2328 4941 2432 5010 ipsi
2457 4940 2733 5010 capitibus
2762 4939 2966 4993 nostris
2991 4948 3196 5008 pestem
3219 4948 3435 4993 struere
3461 4955 3588 4993 cen-

2018 5031 2491 5102 sebimur1219
2514 5031 2880 5099 Quamobrem
2913 5030 3043 5086 hinc
3083 5030 3498 5094 discedendum,
3532 5042 3589 5085 et

2019 5124 2281 5196 quoniam
2333 5125 2485 5193 regio
2507 5124 2646 5179 alios
2680 5122 3015 5193 complures,
3050 5107 3582 5190 munitissimosque,

2018 5224 2074 5271 et
2103 5214 2402 5284 impervios
2432 5227 2688 5268 recessus
2709 5212 2896 5277 habet,
2919 5202 3156 5282 aliquem
3176 5212 3581 5281 occupandum,

2017 5314 2074 5360 et
2116 5305 2229 5360 illic
2274 5311 2533 5360 eventum
2584 5302 3018 5372 exspectandum
3082 5301 3291 5373 judico.
3356 5302 3585 5372 Impune

2018 5398 2189 5461 enim,
2231 5406 2439 5451 etcum
2492 5395 2791 5450 securitate
2841 5396 3124 5461 recedere,
3182 5411 3344 5466 quam
3403 5411 3586 5465 perse—

2018 5487 2315 5559 quentibus
2336 5486 2601 5541 Romanis
2628 5485 2831 5554 {ugere,
2854 5494 3077 5555 praestat
3106 5487 3314 5555 utique.
3344 5484 3470 5540 Haec
3487 5485 3586 5542 Or-

339 5591 589 5647 Τοιαῦτα
621 5586 1010 5659 μένὊρχάνης
1039 5584 1177 5655 μετὰ
1206 5583 1317 5637 τῶν
1345 5585 1402 5637 ἐν
1435 5583 1579 5636 τέλει
1600 5582 1917 5637 ἐϐουλεύετο

2022 5583 2229 5638 chanes
2256 5578 2323 5634 ad
2359 5578 2554 5633 Persas
2584 5591 2841 5648 proceres
2872 5595 2886 5631 :
2921 5593 3043 5647 qua:
3077 5587 3135 5631 ut
3160 5588 3309 5631 recta
3352 5579 3505 5632 valde
3529 5590 3585 5633 et

340 5682 595 5753 Περσῶν,
623 5658 721 5734 καὶ
763 5678 939 5732 ἐδόκει
977 5678 1178 5747 άριστα
1218 5672 1362 5731 εἶναι
1403 5672 1916 5730 καὶ’λυσιτελοῦντα

2026 5674 2181 5731 utilia
2206 5672 2450 5727 omnium
2479 5668 2755 5738 suﬂ‘ragiis
2780 5666 3266 5723 conﬁrmabantur.
3317 5668 3584 5725 Caeterum

338 5774 581 5836 ἑαυτοῖς,
631 5771 729 5824 καὶ
762 5768 1167 5838 ἐπεψηφίζοντο
1222 5768 1446 5831 πάντες.
1504 5765 1823 5837 Κολαούζης
1860 5767 1917 5820 δὲ

589 5867 834 5927 Pyrum.
887 5865 1002 5923 Gn.
1043 5859 1246 5921 CLIII.
1287 5880 1319 5950 ς

2022 5764 2281 5822 Colauses
2312 5759 2628 5832 Salingaris,
2656 5758 3049 5829 ctCataegialus
3075 5759 3410 5817 Pacbaturcs
3429 5772 3589 5818 a't'ate

3164 5855 3237 5916 15
