4156 6300
413 289 512 354 θοι

1564 272 2104 366 ΗιετοιιιλιιυΜ
2141 304 2378 367 LIBER
2418 309 2498 368 ll.

3553 324 3658 386 462

412 412 651 462 πλεῖστα
690 410 815 473 τούς
849 429 908 465 τε
940 414 1234 485 πολεμίους
1282 416 1607 488 δυνήσονται
1635 419 1865 490 βλάψαι,
1901 440 1970 476 κα

2100 418 2209 473 tius
2238 423 2494 487 evenire;
2538 424 2824 478 v'ctoriam
2883 426 3027 481 enim
3070 430 3227 484 nullo
3284 431 3468 491 labore
3518 438 3658 496 inte-

404 502 541 562 τοὺς
574 502 762 570 φίλους
790 504 1094 574 ὠφελῆσαι.
1120 507 1183 562 Ei
1200 508 1244 562 δ’
1269 510 1375 578 ἄρα
1399 511 1655 566 τοσοῦτον
1683 514 1986 581 ἐκστήσον-

409 609 498 644 ται
546 594 656 645 τῶν
704 595 881 663 ὀρθῶς
937 598 1171 669 ἑχόντων
1220 600 1521 671 λογισμῶν,
1563 603 1696 657 ὥσθ’
1754 608 1985 670 ἑαυτοὺς

411 685 662 752 θρασέως
698 687 901 741 οὑτωσὶ
931 691 1025 744 καὶ
1056 693 1379 763 παραϐόλως
1406 696 1500 750 ἐπὶ
1519 695 1589 748 τὰ
1619 697 1849 767 κρημνά
1876 697 1985 750 τῶν

405 774 553 844 δρῶν
585 778 678 831 καὶ
708 780 806 844 τὰς
845 783 1124 854 χαράδρας
1161 787 1429 849 είσωθεῖν,
1462 786 1606 840 τοῦτ’
1633 786 1699 840 ἂν
1740 787 1984 856 μάλιστα

409 866 744 936 βουλοίμεθα
773 872 953 941 ἡμεῖς,
988 875 1083 928 καὶ
1112 875 1278 946 εὐχῆς
1304 877 1370 930 ἂν
1404 876 1565 948 ἔργον
1596 878 1727 932 ἰδεῖν
1752 895 1987 949 γεγενη-

410 956 577 1025 μένον
599 958 706 1030 είη.
728 962 840 1030 Τὴν
871 964 1029 1035 νίκην
1052 966 1160 1038 γάρ
1192 968 1324 1037 ήμῖν
1355 968 1773 1039 παραδώσουσιν
1803 969 1978 1023 ἀπον-

409 1049 500 1115 ητὶ
563 1050 978 1123 διαφθαρέντες.
1005 1057 1178 1112 Τοῦτο
1207 1059 1308 1128 μὲν
1336 1055 1429 1114 οὖν
1457 1059 1703 1114 τοιοῦτον
1733 1060 1814 1125 δν,
1855 1061 1982 1114 οὐδὲ

401 1139 607 1203 αὐτοὺς
635 1142 862 1211 οἰόμεθα
891 1146 1192 1216 ἀγνοῆσαι,
1237 1151 1437 1216 πεῖραν
1468 1149 1543 1213 ὡς
1570 1149 1791 1220 ὁρῶμεν
1818 1151 1983 1203 πολε-

411 1231 552 1298 μίων
580 1232 766 1302 ἔργων
794 1235 1035 1305 ἔχοντας.
1068 1239 1335 1294 Δείπεται
1370 1242 1434 1311 δὴ
1467 1242 1857 1312 περιελθόντας
1880 1242 1980 1309 τὴν

405 1323 586 1392 ἄκραν
652 1325 763 1379 τῶν
824 1327 973 1397 ὀρῶν
1003 1330 1068 1384 ὲκ
1107 1331 1343 1402 θατέρου
1383 1336 1586 1403 μέρους
1645 1333 1980 1402 προσϐαλεῖν

403 1416 560 1485 ἡμῖν,
606 1419 827 1474 πεδινοῦ
850 1438 908 1473 τε
944 1422 1118 1488 ὄντος,
1159 1426 1253 1477 καὶ
1297 1426 1485 1495 ῥᾳδίαν
1511 1425 1845 1495 παρέχοντος
1875 1425 1981 1496 τὴν

402 1510 752 1581 ἐπιχείρησιν
776 1513 984 1581 αὐτοῖς,
1014 1516 1383 1584 Στοχάςεσθαι
1408 1514 1465 1569 δὲ
1493 1515 1669 1581 ἔξεστι
1703 1518 1869 1570 παντὶ
1896 1517 1976 1587 τῷ

404 1598 745 1671 βουλομένῳ,
778 1602 855 1666 ὡς
905 1604 1067 1675 ἄχρις
1106 1607 1174 1661 ἂν
1224 1606 1473 1676 αὐτοῖςή
1527 1608 1648 1669 ὁδὸς
1689 1607 1972 1678 διανυσθῇ,

400 1691 632 1746 δυνατὸν
661 1697 796 1766 ἡμῖν
852 1696 958 1760 ἔξω
1016 1715 1073 1750 τε
1131 1698 1395 1752 κινδύνων
1428 1700 1521 1753 καὶ
1569 1700 1737 1768 φόϐου
1770 1703 1973 1764 παντὸς

2093 519 2355 578 remptos,
2406 514 2560 581 quasi
2606 513 2659 566 in
2686 529 2907 570 manum
2963 518 3280 574 tradituros.
3325 523 3447 579 lich
3478 530 3551 582 ita
3593 545 3655 587 se

2090 598 2313 661 habere,
2347 616 2415 655 ne
2449 603 2571 656 illos
2608 605 2755 673 ipsos
2782 607 3001 675 quidem
3038 609 3333 679 Romanos,
3375 632 3474 672 usu
3522 621 3651 677 belli

2088 690 2281 744 doctos
2332 691 2504 746 videri
2561 694 2834 763 ignorare.
2891 697 3147 767 Relinqui
3196 701 3384 771 igitur,
3445 716 3503 762 ut
3559 713 3652 767 ubi

2088 781 2357 835 montium
2393 784 2703 852 crepidines
2734 802 2829 841 seu
2853 775 3095 844 extrema
3112 792 3461 860 circuieriut,
3483 815 3550 854 ex
3575 804 3654 856 al-

2089 876 2201 922 tera
2238 878 2414 939 parte.
2451 888 2557 942 qua
2593 874 2848 943 planities
2886 890 2989 945 est,
3040 890 3095 935 et
3126 883 3193 936 ad
3225 886 3649 954 aggrediendum

2087 960 2471 1021 commoditas.
2494 963 2778 1019 invadant.
2807 967 2970 1037 220
2991 968 3309 1041 Conjectare
3337 984 3516 1030 autem
3536 980 3656 1032 cui-

2085 1050 2169 1103 vis
2196 1050 2385 1115 licere,
2420 1054 2466 1107 si
2498 1055 2665 1121 volet,
2703 1056 2883 1113 donec
2910 1060 2983 1112 illi
3006 1062 3346 1128 circuierint,
3376 1082 3532 1134 posse
3556 1085 3652 1126 eos

2084 1146 2149 1198 ad
2176 1147 2543 1202 munitissima
2581 1151 2701 1205 loca
2755 1152 2977 1207 interim
3005 1154 3349 1220 secedentes,
3381 1158 3529 1211 omni
3562 1176 3653 1213 va-

2083 1248 2209 1289 care
2263 1239 2459 1292 timore
2504 1252 2669 1310 atque
2700 1242 2970 1311 periculo.
3026 1244 3300 1301 Accedere
3326 1246 3429 1302 hoc
3455 1249 3649 1313 etiam,

2083 1328 2227 1396 quod
2268 1344 2375 1383 non
2411 1330 2629 1386 illorum
2685 1333 2882 1388 timore
2918 1336 3155 1403 pereulsi
3216 1337 3403 1407 fugere
3434 1339 3513 1408 (in
3541 1356 3651 1409 quo

2082 1432 2294 1473 summa
2323 1420 2454 1475 insit
2483 1424 2784 1491 turpitudo)
2812 1427 2906 1480 sed
2940 1428 3135 1495 peritia
3170 1429 3322 1483 ducis
3353 1431 3457 1492 usi,
3496 1447 3653 1486 scru-

2082 1509 2302 1564 ritatem
2351 1514 2467 1567 suis
2500 1530 2751 1582 quaerere
2787 1517 3143 1572 videbuntur.
3183 1519 3329 1585 Quos
3358 1537 3488 1576 vero
3514 1538 3648 1577 cen-

2081 1608 2197 1654 tum
2250 1611 2509 1672 tanquam
2553 1606 2608 1658 in
2662 1610 2884 1676 specula
2937 1622 3082 1664 stare
3141 1611 3343 1668 debere
3384 1613 3645 1677 dixerint,

2081 1690 2468 1777 imperatorem
2501 1695 2629 1749 dum
2653 1698 2943 1754 accederet
2962 1701 3320 1757 observantes
3338 1744 3351 1769 ,
3380 1711 3495 1758 tum
3511 1720 3649 1775 quo-

400 1785 636 1851 ἑαυτοὺς
662 1763 931 1860 καθιστᾷν
967 1791 1105 1861 πρὸς
1150 1791 1217 1844 τὰ
1250 1763 1642 1862 καρτερώτατα
1691 1794 1970 1864 ἀναχωρή-

2079 1799 2186 1852 que
2220 1763 2369 1853 ipsos
2388 1801 2584 1841 secure
2615 1803 2951 1854 secessuros,
2976 1808 3115 1860 quos
3143 1802 3202 1847 ut
3233 1795 3337 1849 levi
3366 1807 3644 1852 armatura

405 1892 635 1944 σαντας,
664 1881 762 1933 καὶ
785 1881 1015 1949 προσέτι
1047 1883 1351 1952 προσέσται
1380 1882 1444 1935 τὸ
1484 1883 1558 1954 μὴ
1587 1884 1678 1937 διὰ
1708 1885 1807 1954 τὴν
1832 1884 1976 1937 ὲκεί-

400 1988 514 2026 νων
570 1971 841 2042 ὀρρωδίαν
875 1974 1099 2043 φεύγειν
1144 1975 1346 2041 δοκεῖν,
1382 1978 1441 2029 ἐν
1490 1969 1535 2043 ᾧ
1585 1977 1821 2048 μάλιστά
1856 1979 1973 2032 ἐστι

398 2062 465 2115 τὸ
498 2065 747 2134 αἰσχρὸν,
781 2066 898 2118 ἀλλ’
926 2068 1192 2140 ἐμπειρίᾳ
1242 2069 1570 2140 στρατηγῶν
1627 2069 1970 2139 χρωμένους,

396 2154 504 2223 τὴν
543 2156 848 2225 ἀσφάλειαν
878 2158 990 2220 τοῖς
1014 2158 1238 2222 οίκείοις
1274 2160 1611 2236 ἐκπορίζειν.
1648 2160 1756 2224 Ui);
1790 2162 1972 2230 μέντοι

399 2245 616 2316 ἔφημεν
644 2244 832 2319 ὥσπερ
864 2252 1098 2314 σκοποὺς
1126 2252 1349 2307 ἑστάναι
1370 2254 1585 2321 ὲκατδν,
1622 2255 1711 2308 τὸν
1750 2254 1972 2323 βασιλέα

401 2340 832 2409 περιμείναντας
859 2343 1019 2413 ἄχρις
1047 2345 1112 2399 ἂν
1143 2346 1309 2414 ἐγγὺς
1355 2345 1605 2415 γένηταιι
1632 2344 1834 2408 αὐτῶν,
1861 2346 1971 2398 τότ’

399 2431 508 2501 ἤδη
557 2435 652 2489 καὶ
682 2435 881 2497 αὐτοὺς
930 2435 1189 2505 ἀσφαλῶς
1245 2437 1580 2507 ἀποχωρεῖν,
1637 2434 1852 2499 οὐδενὸς
1904 2436 1971 2490 ἂν

397 2524 802 2596 ἑπιθησομένου
831 2527 921 2581 διά
957 2528 1020 2582 τδ
1053 2528 1337 2592 εὐσταλεῖς
1390 2524 1532 2581 εἶναι
1580 2529 1675 2580 καὶ
1709 2528 1969 2594 κούφους,

397 2616 498 2671 καὶ
529 2619 718 2683 ῖπποις
753 2619 996 2692 χρῆσθαι
1040 2621 1291 2690 ἀγαθοῖς.
1338 2619 1579 2675 Τοιαῦτα
1617 2620 1726 2673 τῶν
1763 2620 1973 2691 βαρϐά-

397 2726 514 2782 ρων
548 2710 1027 2781 βουλευσαμένων,
1078 2714 1348 2785 Ὀρχάνης
1400 2729 1461 2766 τε
1503 2713 1755 2767 ἐπείθετο
1794 2713 1889 2766 καὶ
1920 2714 1970 2766 οῖ

396 2802 555 2857 ἄλλοι
576 2818 589 2832 ·
623 2803 719 2856 καὶ
746 2803 994 2861 ἐδέδοκτο
1021 2806 1204 2876 μένειν
1235 2804 1311 2869 ὡς
1355 2806 1415 2868 ἐς
1440 2805 1543 2873 τήν
1573 2804 1870 2873 ύστεραίαν
1901 2805 1970 2858 τὰ

402 2892 811 2962 βεϐουλευμένα
858 2895 1267 2959 ὲκτελέσοντας.
1322 2895 1418 2958 Eii;
1464 2895 1519 2948 δὲ
1564 2895 1625 2948 τὸ
1679 2895 1970 2965 Ῥωμαίων

397 2985 767 3054 στρατόπεδον
824 2984 962 3057 διῄει
1019 2986 1199 3057 φήμη,
1267 2985 1343 3050 ὡς
1401 2986 1662 3056 βασιλεὺς
1718 2987 1827 3041 ἀπὸ
1873 2986 1968 3040 τοῦ

392 3076 721 3145 τραύματος
774 3078 1033 3146 πονήρως
1081 3078 1215 3146 ἔχει,
1250 3078 1480 3150 καιρίως
1524 3078 1776 3148 πληγείς.
1810 3078 1966 3132 Ὅσοι
1993 3089 2039 3149 c

389 3169 454 3222 δὲ
490 3164 633 3239 ἦσαν
670 3169 757 3223 ist
802 3173 897 3226 καὶ
944 3169 1024 3240 τῷ
1063 3169 1421 3241 πρεσϐυτέρῳ
1458 3168 1671 3240 βασιλεῖ
1711 3169 1969 3238 προσκεί-

396 3275 554 3328 μενοι
612 3260 713 3322 τάς
772 3260 1021 3331 γνώμας,
1069 3260 1409 3331 διεφήμισαν
1458 3262 1534 3323 ώς
1571 3260 1968 3332 τεθνηξόμενον

391 3353 525 3407 ὅσον
557 3353 771 3408 οὐδέπω
815 3353 1084 3424 βασιλέα·
1116 3351 1229 3405 sise
1285 3351 1343 3405 δὲ
1392 3354 1488 3406 καὶ
1526 3351 1749 3422 ἀληθῶς
1790 3350 1965 3413 οὕτως

391 3445 544 3515 ἔχειν
591 3445 890 3515 οἰηθέντες,
938 3445 1049 3498 εἴτε
1080 3446 1176 3500 καὶ
1214 3444 1348 3515 πρὸς
1380 3443 1584 3514 ἔχθραν
1622 3445 1689 3496 τά
1733 3443 1966 3497 τοιαῦτα

389 3537 779 3609 διεθρύλησαν,
817 3536 875 3590 ἐν
922 3536 1108 3608 ἀδήλῳ
1148 3535 1499 3605 κατελείφθη,
1549 3534 1642 3586 τοῦ
1695 3532 1966 3604 βασιλέως

393 3628 630 3698 ὕστερον
654 3628 741 3683 διὰ
764 3629 827 3681 τὸ
856 3628 931 3698 μὴ
953 3629 1132 3681 δοκεῖν
1170 3626 1272 3697 τῆς
1316 3627 1397 3688 είς
1429 3624 1524 3678 τὸν
1551 3624 1780 3680 πάππον
1801 3624 1964 3677 ἕνεκα

392 3722 614 3785 εὐνοίας
650 3721 953 3792 ἀμύνεσθαι
976 3721 1177 3783 αὐτοὺς
1218 3719 1589 3774 ἀϐασάνιστον
1631 3716 1964 3771 καταλιπόν-

387 3831 488 3878 τος
515 3813 576 3867 τὸ
604 3814 868 3869 τοιοῦτον.
905 3815 1056 3877 Τέως
1078 3808 1172 3867 οῦν
1200 3811 1525 3883 διεθρυλήθη
1578 3810 1712 3881 παρ’
1739 3810 1919 3863 αὐτῶν
1946 3825 1960 3839 ·

390 3905 492 3958 καὶ
539 3901 654 3967 τοῖς
681 3904 745 3957 ὲκ
798 3903 1097 3968 Βυζαντίου
1129 3900 1490 3973 στρατιώταις
1549 3898 1960 3966 συνεϐούλευον,

384 3994 492 4048 τοῦ
528 3995 893 4065 στρατοπέδου
930 3994 1068 4065 πρὸς
1093 3994 1195 4057 τὰς
1225 3991 1642 4062 παρακειμένας
1673 3990 1775 4057 τῆς
1803 3991 1964 4042 Βιθυ-

385 4087 514 4152 νίας
579 4089 887 4157 ἀναχωρεῖν
947 4087 1174 4150 πόλεις·
1233 4087 1310 4148 ὡς
1342 4085 1396 4138 εῐ
1427 4100 1479 4137 τι
1535 4082 1781 4151 συμϐαίη
1834 4085 1963 4151 περὶ

384 4180 623 4254 βασιλέα
672 4183 894 4235 πάντων
945 4180 1127 4233 αὐτῶν
1178 4177 1286 4232 ὑπὸ
1324 4177 1549 4249 Περσῶν
1593 4174 1961 4245 διαφθαρησο-

389 4276 614 4345 μένωνο
655 4273 790 4327 ένιοι
818 4272 875 4326 δὲ
923 4272 1125 4337 αὐτῶν,
1166 4269 1259 4325 καὶ
1293 4270 1432 4340 πρὸς
1462 4270 1554 4322 τὸν
1599 4269 1774 4338 μέγαν
1799 4267 1960 4336 δομέ-

389 4385 581 4423 στικον
610 4367 880 4430 ἐλθόντες,
908 4361 997 4419 οἷα
1024 4364 1089 4433 δὴ
1127 4358 1274 4418 εὖνοι
1321 4361 1707 4415 συνεϐούλευον
1734 4362 1959 4427 ἀπαγα-

2078 1874 2360 1942 praeditos,
2383 1885 2439 1931 et
2467 1876 2520 1930 in
2558 1877 2715 1946 equis
2758 1881 3032 1948 expeditis
3066 1898 3230 1939 nemo
3264 1885 3337 1940 sit
3364 1900 3648 1957 aggressu-

2078 1981 2192 2019 rus.
2216 1967 2328 2019 Hac
2360 1967 2606 2023 oratione
2627 1967 2865 2025 Orchani
2926 1972 3247 2043 caeterisque
3275 1976 3533 2033 manendi
3551 1993 3648 2033 vo-

2074 2055 2258 2110 luntas
2279 2057 2474 2127 injecta
2493 2068 2599 2120 est,
2635 2060 3110 2133 decreveruntque
3134 2063 3223 2120 die
3247 2068 3497 2135 sequenti
3517 2083 3649 2124 con-

2074 2149 2217 2201 sulta
2243 2158 2527 2216 praestare.
2563 2150 2771 2207 Interea
2817 2152 3188 2208 Romanorum
3231 2166 3415 2212 castra
3455 2175 3647 2215 rumor

2076 2239 2335 2306 pervasit,
2377 2240 2760 2310 imperatorem
2799 2258 2865 2298 ex
2894 2244 3083 2299 lethali
3111 2247 3338 2304 vulnere
3367 2249 3646 2307 laborare.

2073 2329 2402 2398 Quicunque
2429 2341 2609 2386 autem
2638 2333 2820 2389 adhuc
2873 2335 3079 2392 seniori
3114 2337 3390 2407 favebant,
3420 2342 3642 2414 jamjam

2075 2419 2314 2474 animam
2340 2422 2726 2477 exlialaturum
2757 2424 3103 2485 dictitabant.
3131 2429 3212 2483 An
3241 2430 3370 2500 quia
3411 2434 3492 2487 sic
3520 2447 3644 2489 esse

2073 2520 2350 2582 putarent,
2378 2529 2446 2568 an
2478 2529 2548 2570 ex
2600 2515 2726 2572 odio
2767 2517 2967 2572 famam
3012 2519 3170 2574 istam
3207 2533 3549 2593 spargerent,
3585 2524 3643 2580 in

2074 2604 2332 2673 ambiguo
2372 2607 2605 2673 mansit;
2656 2624 2782 2662 nam
2826 2610 3125 2675 imperator
3167 2614 3538 2682 postmodum,
3572 2633 3644 2673 ne

2072 2695 2220 2764 quod
2264 2712 2366 2752 avo
2406 2698 2546 2753 bene
2594 2700 2798 2754 velli-nt
2845 2715 2941 2755 eos
2972 2703 3252 2771 puuivisse
3303 2703 3647 2762 existimare-

2074 2796 2184 2851 tur,
2227 2804 2342 2842 rem
2394 2789 2757 2845 indiscussam
2803 2793 3049 2863 reliquit.
3086 2793 3221 2848 Dum
3262 2795 3379 2851 haec
3419 2812 3517 2864 per
3546 2812 3642 2853 ora

2074 2876 2446 2943 volverentur,
2475 2880 2644 2934 etiam
2675 2881 3003 2952 Byzantinos
3040 2884 3245 2940 milites
3273 2887 3638 2956 impulerunt,

2042 2980 2045 2983 ‘
2074 2968 2153 3021 uti
2186 2983 2217 3023 e
2266 2971 2466 3025 castris
2493 2972 2544 3023 in
2586 2972 2752 3026 urbes
2791 2973 3058 3044 Bithyniae
3092 2975 3303 3030 vicinas
3334 2992 3395 3032 se
3423 2978 3641 3033 confer-

2074 3068 2240 3112 rent:
2277 3059 2502 3130 alioqui,
2531 3061 2574 3114 si
2613 3062 2743 3131 quid
2788 3062 3105 3118 humanitus
3137 3063 3458 3134 imperatori
3496 3069 3641 3123 acci-

2072 3151 2242 3205 disset
2278 3149 2413 3221 (68),
2446 3166 2638 3206 omnes
2665 3168 2696 3207 a
2717 3152 2902 3209 Persis
2935 3155 3270 3209 trucidandi.
3302 3156 3538 3221 Quidam
3557 3159 3639 3213 in-

2071 3257 2237 3312 super
2261 3244 2421 3299 amici
2448 3245 2516 3299 ad
2551 3260 2806 3313 magnum
2829 3245 3190 3301 domeSticum
3221 3247 3487 3305 adeuntes
3511 3251 3639 3305 bor-

2072 3334 2345 3399 tabantur,
2383 3336 2612 3390 militem
2659 3336 2715 3388 in
2747 3335 2950 3405 oppida
2978 3336 3286 3407 propinqua
3314 3338 3635 3407 deduceret,

2071 3433 2329 3493 tanquam
2357 3410 2518 3478 malis
2564 3424 2776 3478 nuntiis
2829 3425 3214 3489 conterritum,
3264 3438 3321 3484 et
3365 3429 3514 3485 illico
3552 3440 3638 3486 tu-

2069 3516 2492 3570 multuaturum.
2554 3501 2866 3571 Domestico
2912 3531 3015 3573 eos
3072 3519 3393 3589 repellente,
3447 3524 3637 3580 multis

2068 3601 2330 3683 precibus
2357 3626 2549 3682 rogare
2583 3610 2924 3681 institerunt,
2956 3612 3035 3668 uti
3064 3618 3398 3670 sententiam
3438 3633 3631 3674 eorum

2067 3717 2193 3757 cum
2226 3703 2555 3773 imperatore
2598 3704 3046 3766 communicaret,
3071 3705 3335 3777 lieretque
3360 3711 3509 3778 quod
3553 3712 3634 3766 illi

2066 3795 2385 3865 placuisset.
2407 3793 2524 3850 Hoc
2540 3794 2920 3860 obtinuerunt,
2946 3796 3167 3865 quando
3189 3807 3245 3852 et
3276 3798 3368 3853 ille
3396 3800 3634 3869 impera-

2069 3895 2241 3948 torem
2269 3884 2401 3954 quid
2430 3894 2704 3955 ageretur,
2729 3886 2952 3939 omnino
2974 3889 3305 3941 monendum
3336 3889 3630 3945 sentiebat.

2066 3979 2322 4033 Protinus
2376 3978 2543 4038 vadit,
2596 3985 2654 4032 ut
2711 3977 2761 4030 ei
2826 3979 3062 4041 nuntiet,
3099 3979 3228 4047 quid
3273 3981 3564 4048 optimates
3596 4000 3629 4040 e

2065 4068 2346 4135 republica
2373 4065 2616 4120 futurum
2651 4066 3010 4119 arbitrentur.
3035 4067 3338 4136 Imperator
3364 4070 3420 4124 id
3447 4073 3628 4140 ipsum

2064 4161 2182 4214 fore
2197 4157 2679 4213 damnosissimum
2703 4159 2929 4222 ducere,
2942 4172 3044 4211 nec
3058 4159 3253 4212 leviter
3269 4163 3626 4230 stomachari,

2065 4265 2127 4306 ac
2153 4251 2452 4321 praecipere
2485 4248 2890 4319 quamprimum
2918 4262 2977 4302 se
2992 4247 3059 4303 ad
3079 4258 3297 4318 portam
3320 4261 3626 4311 castrorum

2063 4344 2354 4415 objiceret,
2400 4342 2604 4397 milites
2631 4340 2936 4406 cohiberet,
2962 4354 3028 4394 ac
3070 4340 3389 4410 neutiquam
3426 4345 3631 4400 tumul-

386 4462 511 4530 γεῖν
538 4460 634 4529 τὴν
663 4460 926 4528 στρατιὰν
1116 4455 1217 4519 τὰς
1246 4452 1479 4523 πλησίον
1517 4452 1702 4515 πόλεις
1750 4450 1825 4515 ώς
1855 4451 1956 4521 ἤδη

2072 4436 2209 4492 luari
2259 4434 2554 4502 omniaque
2576 4431 2840 4511 confundi
2867 4432 3094 4495 sineret,
3130 4446 3200 4485 ne
3232 4433 3352 4489 sine
3376 4435 3631 4492 hostibus

385 4552 807 4621 τεταραγμένην
837 4549 945 4604 ὑπὸ
987 4548 1089 4618 τῆς
1137 4549 1349 4618 φήμης,
1377 4549 1474 4600 καὶ
1520 4545 1643 4598 ὅσον
1671 4543 1827 4597 οῦπω
1860 4543 1957 4598 καὶ

386 4644 587 4715 ἀταξίᾳ
611 4645 959 4714 χρησομένην
991 4642 1051 4699 ’0
1078 4640 1135 4696 δὲ
1163 4639 1381 4695 ἀνένευέ
1398 4646 1461 4691 τε
1487 4637 1623 4709 πρὸς
1649 4637 1743 4690 τδν
1770 4634 1952 4702 λόγον,

385 4738 486 4793 καὶ
524 4725 608 4807 μὴ’
637 4733 1019 4790 λυσιτελοῦντα
1067 4732 1275 4803 ἔφασκε
1318 4727 1673 4800 βουλεύεσθαι
1734 4724 1957 4786 αὐτούς.

395 4832 490 4894 Ὧς
539 4830 596 4883 δὲ
629 4830 731 4883 οὐκ
780 4826 1000 4881 ἔπειθον
1048 4824 1222 4877 πολλὰ
1260 4823 1541 4893 ⁹δεόμενοι,
1594 4823 1688 4874 καὶ
1749 4819 1964 4890 βασιλεῖ

2067 4528 2173 4600 ipsi
2197 4525 2519 4596 semetipsos
2534 4523 2848 4593 perderent.
2875 4521 2975 4577 Ubi
2991 4525 3057 4577 ad
3077 4523 3286 4578 aditum
3320 4534 3629 4611 castrorum

2062 4629 2218 4685 venit
2249 4626 2420 4697 (venit
2450 4632 2658 4685 autem,
2702 4622 2780 4675 uti
2815 4621 3131 4677 mandatum
3177 4631 3316 4686 erat,
3343 4622 3626 4689 festinus‘,

2065 4728 2240 4776 totum
2273 4716 2576 4773 exercitum
2606 4713 2672 4767 ad
2710 4712 2887 4782 fugam
2935 4712 2990 4766 in
3027 4713 3189 4767 urbes
3221 4712 3630 4769 incumbentem

2060 4810 2291 4866 invenit.
2324 4806 2458 4862 Nam
2483 4803 2768 4877 Byzantini
2803 4817 2870 4857 ne
2905 4811 3227 4873 exspectato
3270 4805 3488 4875 quidem
3510 4805 3629 4878 ejus
3681 4830 3685 4836 -

387 4923 704 4978 κοινοῦσθαι
734 4922 832 4992 τὴν
860 4918 1090 4991 γνώμην
1117 4915 1455 4980 ὑπετίθεντο,
1483 4914 1560 4975 ὡς
1580 4914 1607 4965 ὅ
1634 4929 1686 4964 τι
1718 4912 1784 4965 ἂν
1808 4909 1961 4980 αὐτῷ

2072 4905 2237 4960 reditu
2256 4902 2325 4957 ab
2348 4902 2675 4969 imperatore
2695 4899 2876 4969 (quem
2902 4895 3104 4967 obiisse
3132 4896 3450 4967 putabant),
3467 4899 3624 4968 221
3662 4896 3671 4919 ι

385 5015 579 5086 δοκοίη
626 5010 1110 5085 πραχθησομένου.
1146 5005 1320 5061 Τοῦτο
1360 5003 1460 5077 μὲν
1492 5003 1556 5075 δη
1609 5001 1824 5056 ἔπειθον
1858 5001 1962 5053 οἰό-

2062 4996 2427 5054 tabernaculis
2483 5009 2609 5049 eum
2635 4993 2785 5045 omni
2850 4990 3217 5045 instrumento
3265 4992 3515 5055 sublatis,
3557 4994 3627 5044 ad

1622 5145 1839 5209 Jacobi
1888 5144 2149 5208 Pontani
2183 5147 2365 5202 nota}.

459 5301 591 5373 (68),
638 5301 1059 5373 Demosthenes,
1115 5297 1174 5373 ei
1227 5293 1422 5373 παθεῖν
1475 5292 1525 5344 τί
1593 5286 1956 5373 μοιρσυνέᾼϐη,

384 5376 434 5429 si
462 5357 592 5444 quid
614 5371 743 5444 mihi
769 5357 1090 5444 contigisset,
1122 5366 1311 5444 idest,
1344 5363 1387 5417 si
1424 5373 1674 5444 mortuus
1702 5357 1954 5444 fuissem3

384 5423 669 5512 quomodo
695 5423 992 5512 _et_Cice'ro
1025 5423 1309 5512 loquitur,
1341 5448 1441 5503 pro
1460 5431 1718 5512 ΔΜίιοιιιιίξ
1744 5425 1811 5508 Si.
1836 5423 1962 5512 quid

386 5494 803 5579 rjrtiIiiuccidei-i't
827 5494 1313 5579 prius,_qu'an_tAItoc
1343 5494 1561 5579 ἶᾳιιιιιηι
1589 5494 1720 5579 τιμιίὶ
1763 5494 1961 5579 uidero.

390 5563 581 5644 itit,"
614 5580 687 5632 De
735 5563 928 5631 iuvent
953 5563 1054 5647 {5i
1087 5576 1220 5647 quid
1272 5571 1473 5647 pigpiilo
1523 5567 1815 5647 accidisset.
1845 5563 1917 5647 ,ιιι
1950 5577 1966 5615 l

389 5634 581 5705 autem
610 5647 911 5716 Philippica
943 5662 957 5699 :
993 5634 1220 5716 Siquid
1244 5634 1369 5697 mihi
1402 5637 1705 5716 humanitus
1745 5634 1970 5716 accidis-

389 5701 830 5788 set-,vidiestxu't
870 5701 1213 5772 hominum
1242 5720 1328 5768 est
1373 5717 1552 5766 autent
1578 5780 1582 5785 ἣ
1609 5713 1819 5761 natura:
1867 5701 1970 5755 hu-

2068 5296 2244 5336 mana!
2296 5277 2540 5334 conditio
2567 5315 2582 5340 ,
2642 5284 2704 5329 ut
2755 5289 2784 5327 a
2822 5279 2998 5327 morte
3034 5284 3311 5340 nunquam
3368 5276 3481 5322 tuta
3514 5264 3626 5340 _sit.

2058 5335 2239 5408 Habet
2271 5361 2402 5416 ergo
2430 5335 2655 5398 verbum
2692 5344 2886 5416 πάσχω
2911 5341 3123 5416 _Gr.rcis
3163 5335 3323 5416 iitodo
3355 5335 3626 5406 optativo,
3707 5358 3712 5362 ί

2061 5407 2364 5491 particulis:
2405 5407 3033 5491 elfixprae‘ccd‘entibus
3072 5407 3400 5491 singularem
3436 5418 3632 5491 quam-

2062 5476 2187 5545 dam
2248 5484 2491 5557 patiendi
2514 5552 2522 5557 _
2545 5476 2999 5557 signiﬁcationem
3030 5520 3035 5525 .
3069 5476 3326 5557 videlicet
3370 5482 3625 5557 mortem.

2064 5560 2120 5615 In
2163 5574 2211 5611 iv
2242 5547 2560 5610 Catilinaria
2586 5547 2724 5623 dixit
2748 5565 2759 5601 :
2786 5547 2843 5623 S_i
2872 5547 3160 5623 quidqud-lii
3187 5547 3450 5623 obviggru,
3478 5558 3628 5623 ᾳνιιιιο

2067 5613 2244 5682 animo
2262 5632 2550 5694 paratoque
2566 5619 2784 5673 moriar.
2805 5613 2952 5672 Et'iu
2983 5616 3272 5670 Manilium
3292 5632 3305 5667 :
3323 5613 3379 5669 Si
3412 5614 3537 5687 quid
3566 5628 3628 5667 eo

2070 5692 2373 5769 (Pompeio)
2409 5692 2605 5761 factum
2644 5695 2792 5743 esset.
