4156 6300
579 305 686 366 463

1753 287 2074 352 JOANNIS
2115 282 2643 344 CANTACUZENI

3707 282 3797 345 461

582 420 749 472 urbes
785 427 921 483 quas
969 409 1210 464 diximus
1261 407 1366 460 iter
1413 399 1792 472 capessebant.
1851 400 1971 462 Quo
2017 395 2223 452 (Ὅτι-Α

2177 395 2224 452 Α
2259 389 2405 459 μένοι
2447 390 2540 441 καὶ
2587 387 2749 440 αὑτὸν
2801 387 3100 456 ἀναγκαῖον
3152 386 3218 440 τὰ
3266 387 3524 456 γινόμενα
3553 393 3796 460 γνωρίσαι

583 519 791 579 specto,
827 505 915 560 alii
970 520 1039 557 ne
1069 501 1169 572 ipsi
1214 498 1437 569 quidem
1493 508 1712 548 manere
1757 496 2029 559 poterant,
2061 485 2155 539 sed

586 576 774 656 cuncti
807 598 918 666 jam
957 595 1138 662 fugam
1187 589 1581 644 moliebantur.
1630 583 1861 650 Magnus
1897 576 2158 632 domesti-

583 709 686 749 cus
705 692 781 744 rei
809 687 1187 757 indignitatem
1214 681 1402 749 iniquo
1424 691 1615 748 passus
1641 675 1852 734 animo,
1879 668 2157 740 principes

587 784 855 852 fugitores
898 777 964 830 ad
1014 766 1338 829 reditionem
1393 769 1656 824 inducere
1697 762 1994 818 nitebatur.
2019 758 2156 812 Cum

589 874 728 929 nihil
759 871 1034 925 obtineret
1060 869 1256 936 (totum
1283 862 1484 930 quippe
1516 871 1708 927 agmen
1744 855 1854 925 jam
1883 852 2157 908 seditione

594 963 889 1030 fervebat),
928 959 1136 1026 reliqua
1171 956 1223 1009 in
1253 951 1546 1023 postremis
1577 963 1818 1018 ponens,
1867 945 2015 1000 omni
2047 951 2163 996 stu—

592 1057 684 1112 dio
718 1066 958 1120 curaque
1015 1049 1082 1102 ad
1133 1048 1364 1100 salutem
1421 1040 1774 1112 imperatoris
1832 1053 1891 1092 se
1928 1037 2054 1099 dat;
2107 1041 2162 1087 et

531 1166 538 1172 '
594 1163 759 1218 quam
789 1143 1082 1199 celerrime
1116 1148 1321 1208 potest,
1353 1137 1418 1190 ad
1453 1136 1574 1204 ejus
1613 1130 2024 1186 tabernaculum
2061 1141 2162 1210 ’σο-

592 1251 826 1294 currens
851 1249 976 1288 eum
1009 1247 1116 1286 non
1146 1230 1369 1298 reperit,
1405 1225 1549 1295 quod
1573 1221 1986 1283 ministri,-dum
2008 1234 2163 1272 exer-

590 1331 758 1384 citum
813 1325 879 1378 ad
934 1323 1116 1391 fugam
1159 1317 1367 1384 eli'erri,
1429 1324 1611 1369 castra
1661 1312 1935 1372 deserere,
1985 1308 2160 1376 ipsum

590 1433 817 1491 propter
846 1417 1054 1470 illatum
1086 1412 1280 1465 vulnus
1303 1423 1443 1474 equo
1469 1404 1705 1459 insidere
1737 1417 1842 1455 non
1866 1414 2024 1469 posse
2047 1413 2165 1451 cer-

592 1517 814 1572 nerent,
834 1508 952 1574 ejus
975 1504 1134 1557 saluti
1171 1508 1498 1560 metuentes,
1532 1493 1698 1563 tapeti
1733 1491 2070 1560 impositum,
2101 1501 2164 1540 ac

590 1599 776 1656 lembo
807 1596 946 1649 forte
978 1593 1196 1646 fortuna
1223 1585 1540 1642 occurrenti
1575 1582 1869 1637 crcditmu.
1899 1580 2165 1634 Constan-

593 1689 863 1758 tinopolin
895 1681 1306 1754 pervchendum
1355 1685 1701 1732 curaverant.
1748 1674 2018 1726 Reversus
2046 1671 2164 1738 ipse

592 1795 815 1852 quoque
863 1777 1229 1831 Pliilocrenen
1264 1768 1557 1824 concessit.
1604 1767 1662 1819 ln
1710 1773 1947 1834 quatuor
1982 1772 2164 1816 autem

591 1873 810 1943 agmina
829 1869 1021 1924 divisis
1039 1865 1328 1926 militibus,
1349 1875 1516 1914 unum
1535 1857 1916 1917 Philoerenen,
1933 1855 2166 1907 alterum

592 1963 955 2027 Nicetiatum,
983 1959 1204 2014 tertium
1229 1951 1585 2014 Diacibizam,
1608 1955 1863 2018 quartum
1888 1945 2165 2001 Rbitzium

593 2054 872 2111 discessit.
906 2051 1192 2107 Orcbanes
1239 2047 1436 2099 horum
1463 2041 1708 2095 omnium
1736 2039 1958 2108 ignarus
1985 2036 2160 2090 nihilo

593 2148 782 2202 minus
832 2143 1113 2199 Parzalum
1168 2140 1392 2194 fratrem
1433 2149 1558 2190 cum
1602 2131 1785 2188 Persis
1813 2130 2024 2198 aliquot
2064 2130 2164 2194 ire,

592 2236 1012 2302 exercitumque
1062 2228 1408 2299 imperatoris
1461 2223 1733 2294 speculari
1777 2221 1986 2291 jussit;
2039 2233 2166 2271 nam

591 2344 691 2384 eos
721 2343 792 2382 ne
823 2338 1074 2381 somnum
1108 2319 1334 2390 quidem
1386 2317 1662 2386 placatum
1694 2329 1758 2366 ea
1817 2320 1977 2366 nocte
2019 2309 2166 2364 visu-

590 2437 713 2485 ros,
750 2419 845 2475 sed
882 2419 950 2471 ad
1000 2416 1211 2469 cladem
1246 2411 1493 2480 ipsorum
1545 2405 1827 2476 quippiam
1883 2402 2167 2457 machina-

591 2525 746 2569 turos
771 2509 1123 2583 opinabatur.
1150 2505 1247 2560 llle
1279 2501 1522 2558 tenebris
1555 2514 1720 2568 quam
1742 2498 1975 2551 maxime
2001 2494 2168 2548 daba-

590 2611 685 2658 tur
734 2611 933 2667 tectus,
973 2607 1030 2654 et
1083 2595 1280 2652 castris
1313 2594 1547 2654 vicinus,
1586 2591 1676 2645 ubi
1709 2590 1910 2643 milites
1943 2587 2166 2642 turbare

593 2696 794 2760 sensit,
826 2709 857 2748 e
893 2692 1123 2760 vestigio
1171 2688 1424 2742 nuntium
1465 2685 1532 2737 ad
1571 2684 1798 2736 fratrem
1832 2680 2027 2744 mittit;
2057 2693 2168 2746 quo

593 2789 690 2843 ille
719 2786 915 2840 nuntio
963 2797 1277 2853 percussus,
1326 2788 1509 2832 motus
1548 2776 1708 2828 hosce
1747 2773 1883 2826 nihil
1927 2771 2044 2824 suis
2071 2784 2169 2837 ap-

594 2887 818 2948 portare
846 2874 977 2929 boni
1018 2880 1103 2926 est
1131 2877 1454 2939 auguratus.
1487 2867 1653 2921 Paulo
1686 2875 1806 2933 post
1852 2877 1948 2931 per
1971 2874 2170 2916 secun-

597 2973 728 3024 dum
770 2967 1028 3022 nuntium
1065 2979 1192 3018 eum
1231 2961 1393 3015 docet
1428 2958 1704 3012 Romanos
1755 2953 2073 3025 perturbate
2103 2966 2169 3006 ac

2262 482 2494 551 βασιλεῖ.
2532 481 2640 533 Καὶ
2669 479 2734 550 δὴ
2764 479 2901 548 πρὸς
2931 479 3160 548 βασιλέα
3192 479 3464 542 ἀπελθὼν,
3491 481 3797 552 ἀπήγγειλεν

2259 573 2356 625 ὅσα
2388 572 2436 624 οἱ
2470 573 2526 622 ὲν
2546 569 2688 622 τέλει
2714 565 2868 621 εἷπον
2898 571 3026 638 περὶ
3050 569 3144 622 τοῦ
3176 569 3476 624 λυσιτελεῖν
3515 571 3800 636 δοκοῦντος.

2263 663 2524 724 Βασιλεὺς
2564 661 2619 714 δὲ
2653 660 3124 730 ἀσυμφορώτατόν
3160 679 3218 715 τε
3246 663 3452 730 ἡγεῖτο,
3483 663 3572 714 καὶ
3604 664 3805 733 ἐδυσχέυ

2263 772 2446 824 ραινεν
2478 755 2540 807 οὐ
2584 754 2842 824 μετρίως.
2900 753 3150 806 Ἐκέλευέ
3198 771 3258 806 τε
3291 756 3373 807 ὄτι
3411 755 3638 824 τάχιστα
3683 757 3802 828 πρὶς

2259 845 2354 900 τοῦ
2392 849 2760 917 στρατοπέδου
2817 847 2916 914 τὴν
2968 845 3222 916 εἰσϐολὴν
3270 845 3517 908 ἐλθόντα,
3571 849 3803 916 κατέχειν

2260 941 2362 1008 τὴν
2398 939 2681 1008 στρατιὰν,
2720 938 2814 990 καὶ
2863 939 3132 1007 μηδαμῶς
3173 940 3434 991 ἀτακτεῖν
3469 941 3561 1008 ἐᾷν
3594 940 3662 1003 ὼς
3690 941 3804 992 ἄνευ

2264 1033 2544 1098 πολεμίων
2595 1031 2797 1093 αὐτοὺς
2841 1030 2928 1098 ἐφ’
2981 1032 3208 1093 ἑαυτοὺς
3257 1029 3804 1101 διαφθαρησομένους.

2266 1125 2439 1178 Τοῦτο
2482 1124 2578 1192 μὲν
2606 1120 2698 1177 οὖν
2801 1123 3206 1192 προσετέτακτο
3257 1122 3428 1174 ἐποίει
3473 1121 3611 1174 κατὰ
3642 1121 3806 1189 τάχος.

2281 1212 2480 1265 Ἐλθὼν
2531 1213 2588 1264 δὲ
2642 1213 2791 1280 παρὰ
2842 1212 2939 1282 τὴν
2970 1212 3238 1280 εἰσϐολὴν,
3283 1211 3381 1279 τὴν
3417 1211 3671 1279 στρατιὰν
3699 1204 3808 1281 εὗρε

2268 1307 2450 1358 πᾶσαν
2475 1307 2574 1374 ἤδη
2609 1304 2952 1373 ὡρμημένην
2981 1303 3121 1372 πρὸς
3154 1305 3250 1364 τὰς
3286 1302 3470 1364 πόλεις
3507 1305 3734 1370 φεύγειν.
3757 1305 3808 1354 Οἱ

2269 1399 2378 1466 γὰρ
2409 1399 2472 1448 ἐκ
2516 1394 2840 1458 Βυζαντίου,
2871 1395 3004 1464 μηδέ
3036 1394 3133 1464 τὴν
3163 1397 3225 1446 ἐκ
3275 1394 3538 1464 βασιλέως
3577 1394 3812 1446 ἐπάνοδον

2271 1489 2689 1558 τεριμείναντες
2721 1488 2911 1552 αὑτοῦ,
2948 1488 3083 1540 ἀλλὰ
3131 1490 3460 1556 νομίσαντες
3518 1487 3812 1555 τεθνηκέναι

2271 1581 2726 1652 βασιλέα,σκηνάς
2746 1598 2805 1633 τε
2824 1582 2917 1633 καὶ
2936 1581 3072 1634 ἄλλα
3084 1582 3182 1633 ὅσα
3202 1583 3532 1649 ἐπεφέροντο
3552 1581 3810 1649 ἀράμενοι,

2271 1673 2511 1742 ἐχώρουν
2572 1677 2709 1744 πρὸς
2751 1674 2852 1736 τὰς
2892 1674 3196 1742 εἰρημένας
3230 1673 3437 1736 πόλεις,
3479 1673 3730 1743 Ὀρῶντες
3764 1673 3814 1724 δέ

2271 1769 2363 1820 καὶ
2385 1769 2432 1819 οἱ
2461 1767 2658 1827 λοιποὶ,
2692 1765 2880 1818 οὐκέτι
2919 1768 3105 1834 μένειν
3147 1765 3268 1818 οὐδὲ
3292 1765 3454 1817 αὐτοὶ
3473 1764 3715 1818 ἐδύναντο
3735 1765 3815 1816 ἐπὶ

2269 1857 2364 1910 τοῦ
2388 1857 2776 1929 στρατοπέδου,
2799 1857 2933 1910 ἀλλὰ
2948 1858 3204 1926 κεκίνητο
3223 1857 3326 1926 ἤδη
3344 1858 3497 1910 πᾶσα
3517 1857 3646 1926 πρὸς
3659 1854 3814 1927 φυγὴν

2270 1950 2303 2018 ἡ
2329 1951 2580 2019 στρατιά.
2597 1949 2656 2001 '0
2677 1950 2847 2018 μέγας
2865 1950 2921 2002 δὲ
2939 1949 3259 2016 δομέστικος
3279 1951 3336 2002 ἐν
3357 1948 3519 2020 δεινῷ
3549 1949 3643 2018 μὲν
3663 1951 3722 2003 τὰ
3744 1967 3816 2017 τι·

2270 2043 2472 2112 νόμενα
2489 2043 2744 2104 ἐποιεῖτο,
2771 2047 2861 2095 καὶ
2879 2043 3109 2112 ὥρμητο
3124 2043 3247 2102 τοὺς
3275 2041 3526 2110 πρώτους
3551 2041 3641 2108 τῆς
3657 2039 3815 2107 φυγῆς

2268 2136 2610 2206 ἀρξαμένους
2634 2136 2997 2206 ἀναστρέφειν
3018 2153 3032 2166 ο
3065 2137 3139 2198 ὡς
3158 2135 3214 2188 δέ
3229 2136 3381 2189 οὐδὲν
3412 2137 3519 2188 τῶν
3541 2135 3817 2206 προσηκόν-

2269 2247 2376 2282 των
2435 2230 2589 2299 ἴσχυε
2644 2227 2905 2299 πράττειν
2963 2228 3136 2299 (πᾶσα
3178 2228 3284 2298 γὰρ
3337 2228 3440 2298 ἤδη
3496 2227 3735 2297 κεκίνητο
3787 2228 3816 2294 ἡ

2271 2322 2550 2391 στρατιὰ),
2584 2321 2692 2373 τῶν
2723 2321 2898 2372 ἄλλων
2923 2318 3224 2389 ἀμελήσας,
3257 2318 3346 2372 διὰ
3379 2320 3615 2388 σπουδῆς
3643 2321 3819 2371 ἐποιεῖ-

2268 2429 2329 2464 το
2387 2412 2570 2480 πάσης
2625 2413 2718 2463 καὶ
2762 2409 3046 2480 φροντίδος
3089 2411 3188 2480 τὴν
3223 2409 3491 2478 βασιλέως
3523 2411 3813 2480 σωτηρίαν

2261 2506 2367 2556 διαὶ
2417 2499 2709 2577 ᾖτάχιστα
2765 2500 2902 2572 εἶχε,
2967 2502 3104 2573 πρδς
3165 2503 3266 2574 τὴν
3326 2502 3596 2571 βασιλέως
3637 2502 3818 2573 σκηνὴν

2269 2596 2463 2657 ἐλθὼν,
2503 2597 2694 2648 τοῦτον
2733 2595 2832 2664 μὲν
2890 2596 2988 2664 οὐχ
3044 2589 3224 2663 εὗρεν.
3264 2595 3327 2648 Ἦ
3359 2596 3474 2663 γὰρ
3501 2596 3750 2666 Θεραπεία
3787 2596 3817 2664 ἠ

2271 2689 2400 2758 περὶ
2443 2687 2629 2752 αὑτὸν,
2671 2688 2770 2758 τὴν
2810 2688 2908 2756 μέν
2939 2689 3202 2758 στρατιὰν
3250 2688 3351 2758 ἤδη
3386 2692 3568 2743 πᾶσαν
3608 2689 3816 2759 δρῶντες

2269 2782 2607 2851 ὡρμημένην
2639 2781 2774 2850 πρὸς
2809 2781 2985 2850 φυγὴν
3017 2781 3114 2834 καὶ
3141 2781 3203 2834 τὸ
3237 2785 3604 2852 στρατόπεδον
3634 2784 3816 2851 ἔρημον

2271 2874 2659 2940 καταλειφθὲν,
2687 2874 2780 2927 τόν
2808 2891 2866 2926 τε
2901 2874 3128 2944 βασιλέα
3153 2875 3436 2936 ἀδυνάτως
3461 2877 3647 2945 ἔχοντα
3671 2875 3751 2928 διὰ
3768 2877 3818 2924 τὸ

2272 2967 2495 3037 τραῦμα
2533 2967 2683 3035 ἵππῳ
2709 2967 2969 3036 χρῆσθαι,
2999 2967 3277 3031 δείσαντες
3306 2970 3439 3040 περὶ
3469 2968 3634 3038 αὐτῷ,
3667 2969 3817 3036 ἆραι-

596 3061 802 3117 mistim
845 3056 1040 3112 castris
1075 3052 1506 3110 consurrexisse,
1544 3063 1644 3102 nec
1691 3047 2036 3117 Byzantium,
2072 3042 2166 3098 sed
2200 3065 2237 3124 ε

2200 3065 2241 3124 C
2273 3078 2362 3122 τες
2409 3059 2500 3112 ἐπὶ
2535 3059 2801 3126 τάπητος,
2851 3061 2936 3112 ἐνὶ
2979 3059 3089 3112 τῶν
3135 3062 3564 3130 παρατυχόντων
3591 3060 3815 3113 ἐνέϐαλον

594 3168 794 3210 versus
839 3148 1185 3219 supradictas
1233 3144 1398 3198 urbes
1443 3141 1741 3210 aufugisse.
1766 3139 1885 3203 Quo
1929 3135 2167 3206 cognito,

597 3248 703 3303 sub
735 3257 992 3300 auroram
1028 3241 1144 3310 ipse
1174 3252 1395 3307 quoque
1438 3235 1602 3287 motis
1632 3230 1852 3292 castris,
1889 3228 2031 3283 circa
2074 3226 2174 3280 lio-

598 3354 717 3395 ram
750 3337 818 3391 ab
837 3346 960 3389 orto
1005 3333 1121 3386 sole
1149 3328 1468 3391 secundam,
1493 3325 1851 3379 Pliilocrenen
1875 3321 2041 3374 venit.
2068 3318 2174 3374 Ro—

599 3430 771 3491 mani,
801 3427 895 3496 qui
937 3439 1004 3478 eo
1030 3438 1088 3477 se
1119 3429 1464 3489 receperant,
1500 3417 1758 3483 quoniam
1791 3413 1972 3467 claves
2006 3418 2174 3480 portae

599 3537 728 3577 casu
762 3518 990 3589 perdita:
1042 3515 1293 3576 fuerant,
1329 3510 1554 3565 confuse
1601 3524 1724 3562 cum
1778 3506 2064 3561 calonibus
2119 3512 2176 3558 et

599 3613 748 3673 lixis,
781 3622 911 3662 vasa
941 3614 996 3659 et
1035 3618 1202 3658 onera
1235 3599 1587 3666 portantibus
1637 3605 1868 3658 stantes,
1899 3609 2022 3648 cum
2061 3594 2173 3662 jam

599 3704 779 3759 Persae
809 3707 960 3753 certo
1001 3696 1056 3748 in
1101 3695 1258 3762 ipsos
1296 3690 1676 3760 graderentur,
1711 3687 1764 3740 in
1795 3685 2046 3739 ordinem
2085 3698 2175 3736 re-

601 3794 715 3864 digi
746 3792 811 3846 ad
841 3785 1206 3843 resistendum
1243 3799 1351 3837 non
1386 3786 1660 3850 poterant,
1705 3792 1735 3830 a
1771 3776 1968 3845 bajulis
1999 3773 2174 3828 servi-

602 3889 805 3955 tiisque
855 3882 981 3936 aliis
1012 3877 1338 3934 intermistis
1369 3873 1642 3944 impediti.
1679 3871 1783 3927 Ubi
1815 3871 2059 3924 clavibus
2096 3869 2179 3921 in-

599 3979 782 4036 ventis
813 3985 986 4046 portae
1025 3971 1310 4043 patefactae
1349 3976 1498 4031 sunt,
1537 3966 1722 4035 plures
1755 3962 2042 4017 confertim
2093 3961 2178 4014 in-

603 4080 690 4125 tro
726 4067 1075 4136 rumpebant.
1109 4061 1358 4130 Cumque
1387 4073 1444 4114 se
1492 4057 1546 4110 in
1580 4056 1699 4124 ipso
1749 4053 1979 4108 introitu
2017 4051 2178 4106 vehe-

603 4175 848 4231 mentius
875 4167 1287 4230 contruderent,
1347 4179 1411 4218 ac
1451 4173 1702 4216 mutuum
1750 4156 2178 4228 comprimerent

603 4277 660 4326 et
707 4265 1118 4322 eoneulearent,
1167 4270 1280 4314 tres
1307 4255 1519 4320 obtriti,
1552 4253 1714 4321 222
1748 4251 1882 4304 foris
1910 4259 2092 4303 autem
2146 4263 2176 4301 a

2275 3152 2501 3222 λέμϐῳ·
2541 3153 2633 3203 καὶ
2679 3151 2932 3206 ἐκέλευον
2979 3155 3093 3215 τοῖς
3147 3153 3372 3217 ναύταις
3421 3156 3503 3218 είς
3551 3155 3818 3217 Βυζάντιον

2273 3243 2542 3297 ἐλαύνειν.
2589 3244 2966 3313 ’Δναστρέψας
3019 3244 3076 3297 δὲ
3135 3245 3335 3317 ἐχώρει
3411 3251 3505 3300 καὶ
3559 3249 3709 3311 αὐτὸς
3750 3251 3818 3306 εἰς

2273 3335 2634 3407 Φιλοκρήνην.
2677 3335 2770 3394 Εἰς
2802 3336 3041 3406 τέτταρα
3077 3337 3133 3389 δέ
3157 3339 3189 3408 ἡ
3215 3339 3450 3409 στρατιὰ
3486 3339 3818 3409 διαιρεθεῖσα,

2274 3429 2335 3481 τὸ
2369 3433 2469 3494 μέν
2499 3427 2672 3496 αὐτῆς
2705 3427 2989 3498 ἐχώρησεν
3029 3430 3106 3491 εἰς
3148 3430 3492 3502 Φιλοκρήνην
3516 3447 3530 3464 ο
3569 3433 3644 3494 είς
3671 3431 3822 3498 Νικη-

2277 3518 2464 3571 τιάτου
2519 3517 2576 3569 δέ
2630 3518 2690 3570 τὸ
2719 3518 2938 3573 λοιπόν
2974 3522 3057 3582 εἰς
3110 3520 3413 3584 Δακίδιζαν
3452 3523 3507 3575 δὲ
3552 3524 3609 3574 τὸ
3634 3522 3818 3592 τρίτον,

2277 3611 2373 3661 καὶ
2413 3610 2473 3661 τὸ
2506 3608 2766 3679 τέταρτον
2814 3611 2894 3674 είς
2923 3611 2982 3662 τὸ
3025 3611 3284 3676 Ῥιτζίου.
3324 3615 3594 3686 Ὀρχάνης
3627 3613 3680 3666 δὲ
3729 3612 3819 3663 τῶν

2277 3701 2584 3768 γινομένων
2613 3701 2782 3768 μηδὲν
2808 3701 2987 3765 εἰδὼς,
3018 3702 3167 3771 ὅμως
3211 3703 3535 3774 Παρζαλοῦν
3573 3706 3660 3757 τὸν
3684 3703 3820 3756 ἀδελ·

2277 3791 2376 3856 φὸν
2413 3791 2552 3857 μετά
2575 3807 2742 3843 τινων
2785 3791 3013 3861 Περσῶν
3047 3793 3251 3860 ὀλίγων
3306 3797 3593 3850 ἐκέλευσεν
3621 3795 3820 3847 ἐλθόντα

2281 3881 2741 3949 κατασκέψασθαι
2799 3882 2897 3951 τὴν
2930 3882 3204 3952 βασιλέως
3238 3889 3524 3956 στρατιάν.
3559 3889 3706 3958 ᾬετο
3729 3887 3821 3952 γὰρ

2279 3972 2477 4034 αὐτοὺς
2529 3975 2648 4026 οὐδὲ
2707 3973 2805 4043 τὴν
2860 3975 3031 4029 νύκτα
3087 3979 3445 4050 καθευδήσειν
3505 3979 3816 4048 ἀμερίμνως.

2277 4065 2393 4117 ἀλλ’
2425 4067 2806 4136 ἐπιχειρήσειν
2857 4085 2913 4121 τι
2969 4071 3106 4140 πρὸς
3158 4073 3408 4126 κάκωσιν
3460 4075 3658 4128 αὐτῶν.
3698 4071 3751 4122 '0
3781 4068 3819 4120 δ’

2280 4159 2384 4210 ὑπὸ
2415 4157 2476 4210 τὸ
2513 4159 2704 4223 σκότος
2739 4159 2814 4220 ὠς
2847 4161 2974 4229 ἐνῆν
3004 4161 3242 4230 μάλιστα
3273 4163 3477 4229 λαθὼν,
3509 4166 3599 4217 καὶ
3618 4161 3819 4230 γιενόμε⁴

2279 4265 2367 4310 νος
2397 4250 2564 4318 ἐγγὺς
2592 4250 2687 4303 τοῦ
2714 4253 3078 4320 στρατοπέδου
3112 4255 3236 4306 ἐπεὶ
3263 4255 3532 4325 ᾐσθάνετο
3560 4255 3652 4324 τὴν
3678 4269 3822 4321 στρα-

606 4359 862 4414 Barbaris
911 4355 1021 4408 duo
1050 4360 1105 4406 et
1149 4350 1374 4419 triginta
1428 4345 1574 4398 ferro
1625 4341 1894 4411 perempti
1937 4349 2099 4404 sunt;
2145 4352 2176 4391 e
2207 4387 2247 4442 ῃ

2207 4387 2251 4442 D
2279 4340 2401 4442 τιὰν
2432 4341 2825 4442 κεκινημένην,
2855 4343 3064 4410 ταχέως
3105 4345 3340 4414 Ὀρχάνῃ
3375 4344 3454 4414 τῷ
3483 4343 3683 4412 ἁδελφῷ
3709 4340 3817 4406 ἐδή-

607 4451 812 4522 quibus
844 4447 957 4502 duo
986 4445 1253 4500 illustres.
1297 4437 1510 4492 Manuel
1557 4433 1947 4498 Tarchaniota,
1975 4440 2034 4485 et
2084 4431 2178 4485 Ni-

607 4549 880 4612 cephorus
922 4538 1358 4595 Cantacuzenus,
1391 4529 1550 4582 ambo
1589 4525 1805 4595 cognati
1847 4523 2026 4593 magni
2078 4525 2176 4576 do-

609 4633 854 4695 mestici;
890 4629 1033 4698 capti
1066 4627 1196 4682 item
1224 4631 1444 4678 centum
1469 4617 1885 4688 quinquaginta,
1917 4617 2179 4686 majorem

610 4730 821 4792 partem
855 4720 999 4772 servi
1046 4716 1308 4768 militum.
1362 4711 1501 4778 Equi
1551 4709 1716 4762 ablati
1771 4707 2178 4775 quadringenti.

613 4810 827 4878 Reliqui
848 4808 989 4861 facto
1019 4806 1179 4875 globo
1203 4817 1324 4856 cum
1348 4801 1603 4855 Barbaris
1627 4797 2011 4860 conflixerunt,
2039 4809 2094 4852 et
2113 4813 2180 4850 ex

611 4905 718 4959 illis
753 4902 916 4972 paulo
961 4900 1144 4951 minus
1194 4897 1463 4949 ducentos
1512 4891 1854 4947 occiderunt.
1901 4891 2180 4944 Orcbancs

609 5009 841 5050 cernens
864 4993 1136 5047 Romanos
1165 4989 1273 5057 jam
1310 5003 1367 5041 se
1395 4985 1712 5048 defendere,
1745 4998 1868 5038 cum
1897 4982 2041 5037 aliud
2070 4997 2176 5035 non

609 5095 818 5157 posset,
865 5084 1053 5153 cepias
1103 5097 1133 5134 a
1188 5079 1462 5133 mmnibus
1491 5077 1771 5130 abducens
1827 5074 1882 5127 in
1927 5075 2178 5142 proximo

608 5187 788 5235 castra
826 5176 979 5230 fecit.
1008 5174 1112 5239 Qui
1164 5171 1330 5242 igitur
1363 5169 1475 5222 illic
1504 5168 1702 5238 partim
1759 5164 1948 5229 occisi,
1983 5164 2175 5233 partim

611 5270 757 5342 capti
789 5275 940 5330 sunt,
979 5279 1209 5319 numero
1255 5271 1335 5316 tot
1368 5261 1612 5315 fuerunt.
1653 5257 1922 5312 Postridie
1963 5256 2073 5324 (69)
2123 5255 2177 5307 in

2279 4431 2396 4484 λου.
2461 4431 2552 4502 Τῷ
2590 4432 2633 4486 δ’
2688 4433 2864 4484 ἐδόκει
2912 4435 3011 4502 μὲν
3055 4435 3217 4498 εὐθὺς
3250 4437 3348 4488 οὐκ
3402 4436 3491 4488 ἐπ’
3547 4433 3722 4502 ἀγαθῷ
3751 4429 3820 4499 τῷ

2279 4523 2531 4592 σφετέρῳ
2563 4523 2775 4592 κίνησις
2801 4523 2900 4593 τῆς
2929 4527 3213 4594 στρατιᾶς,
3243 4528 3338 4578 καὶ
3367 4528 3689 4580 διεσέσειστο
3707 4522 3816 4582 τοὺς

2276 4613 2598 4682 λογισμοὺς,
2627 4614 2764 4684 μετὰ
2791 4615 2989 4683 μικρὸν
3012 4615 3088 4679 δὲ,
3119 4617 3438 4686 Παρζαλοῦν
3475 4617 3568 4670 καὶ
3587 4614 3817 4682 δεύτερον

2281 4705 2504 4774 πέμψας
2551 4706 2808 4784 ἄγγελον,
2847 4706 3038 4774 ἐδήλου
3097 4707 3196 4775 τὴν
3234 4705 3518 4777 Ῥωμαίων
3582 4702 3816 4774 στρατιὰν

2281 4795 2536 4858 ἀτάκτως
2567 4798 2660 4848 καὶ
2694 4797 3063 4866 πεφυρμένως
3104 4800 3420 4850 ἀναστᾶσαν
3452 4801 3515 4849 ὲκ
3558 4799 3644 4848 τοῦ
3672 4810 3815 4858 στρα-

2279 4888 2506 4940 τοπέδου
2549 4889 2624 4958 μὴ
2655 4888 2751 4956 τὴν
2780 4891 2873 4950 εἰς’
2900 4888 3199 4952 Βυζάντιον
3223 4889 3548 4958 τραπέσθαι,
3580 4887 3704 4939 ἀλλὰ
3730 4882 3816 4949 τὴν

2279 4981 2418 5047 πρὸς
2450 4979 2546 5040 τὰς
2579 4979 2876 5047 εἰρημένας
2911 4980 3010 5048 τῆς
3042 4979 3298 5040 Βιθυνίας
3325 4979 3530 5041 πόλεις.
3566 4977 3623 5028 Ὀ
3647 4975 3688 5026 δ’
3710 4972 3816 5022 ἐπεὶ

2279 5071 2533 5133 ἐπύθετο,
2570 5073 2692 5122 ἐπεὶ
2725 5078 2820 5123 καὶ
2857 5075 2988 5142 περὶ
3017 5071 3215 5142 ὄρθρον
3250 5066 3319 5140 ἦν
3365 5072 3397 5139 ἡ
3441 5069 3555 5133 νὺξ,
3585 5067 3712 5134 ἄρας
3736 5059 3817 5113 καὶ

2279 5161 2440 5222 αὐτὸς
2492 5165 2860 5233 πανστρατιᾷ,
2925 5159 3090 5232 ἦλθεν
3157 5166 3238 5223 εἰς
3300 5162 3653 5230 Φιλοκρήνην,
3703 5148 3816 5218 περὶ

2279 5254 2430 5323 ὥραν
2459 5256 2556 5322 τῆς
2611 5256 2823 5325 ἡμέρας
2885 5256 3126 5325 μάλιστα
3160 5256 3444 5324 δευτέραν.
3480 5248 3725 5318 Ῥωμαῖοι
3765 5242 3814 5294 δε

1853 5369 2069 5431 Jacobi
2102 5369 2361 5429 Pontani
2396 5375 2582 5429 notae.

685 5509 798 5579 (69)
853 5507 1033 5562 Codex
1079 5506 1300 5579 Grzceus
1347 5504 1548 5566 habet,
1597 5504 1662 5579 τῇ
1853 5496 2174 5579 προτεραίᾳ,

613 5569 803 5648 pridie.
861 5579 966 5632 Sed
1015 5578 1236 5646 quando
1270 5577 1393 5648 line
1429 5569 1680 5648 venerint
1715 5569 1804 5622 isti
1858 5569 2082 5648 equites
2109 5580 2174 5618 ac

615 5638 849 5714 pedites,
881 5657 935 5699 et
961 5663 989 5699 a
1025 5638 1225 5715 quibus
1263 5646 1514 5715 Barliaris
1559 5640 1869 5705 interempti
1905 5638 2173 5715 sirm-pou

615 5703 762 5782 queo
791 5703 1101 5784 conjicere;
1151 5725 1299 5770 certe
1340 5714 1618 5766 Orcbancs
1663 5703 1819 5761 mane
1849 5705 2000 5760 venit
2046 5703 2174 5759 Plii-

2281 5495 2562 5557 locreneu.
2623 5497 2756 5550 hora
2802 5497 2973 5550 altera
3008 5505 3130 5565 post
3180 5505 3364 5548 ortum
3399 5481 3815 5565 solis._l7.sistim0

2280 5565 2401 5618 luco
2451 5569 2513 5634 τῇ
2567 5567 2622 5618 δέ
2655 5555 3326 5636 προτεραίᾳ,’1‹»εοιι‹1υιιι
3376 5565 3442 5627 τῇ
3473 5561 3526 5612 δὲ
3561 5555 3814 5626 ὑστεραίᾳ.

2281 5637 2482 5702 postrid
2507 5652 2534 5688 e
2559 5651 2662 5706 pro
2696 5637 2895 5706 pridie.
2930 5635 3259 5691 Coristdcret
3292 5635 3484 5688 lector.
