4156 6300
433 458 540 520 4ῡὸ

1580 458 2131 519 IIlSTURlARUM
2166 460 2397 524 LIBER
2436 462 2521 521 Π.

3561 463 3667 525 466

433 571 485 623 υἱ
520 570 597 632 είς
626 567 806 638 αὐτὴν,
826 567 1097 632 ἐλθόντες,
1129 566 1253 621 ἐπεὶ
1292 567 1494 638 συνέϐη
1528 569 1587 621 τὸ
1623 567 1873 636 κλεῖθρον
1901 568 2004 637 τῆς

2125 587 2289 643 mgna
2318 573 2534 642 equites
2577 586 2641 628 ac
2675 573 2890 642 pedites
2920 572 3081 631 simul
3107 590 3297 629 omnes
3335 587 3543 645 septem
3574 596 3672 634 su-

435 659 614 730 πύλης
636 658 963 722 ἀπολέσθαι,
993 659 1200 729 ἀναμὶξ
1229 658 1464 720 ἑστῶτες
1492 658 1631 728 μετὰ
1668 659 1780 711 τῶν
1811 675 2003 713 σκευο-

434 754 641 822 φόρων,
669 750 745 816 ὡς
768 753 817 805 oi
852 752 1061 820 Πέρσαι
1107 751 1209 821 ήδη
1236 749 1532 820 κατάδηλοι
1563 746 1704 820 ἦσαν
1728 751 2000 816 ἐπιόντες,

434 844 630 914 πρῶτα
673 845 774 913 μὲν
818 844 919 897 οὐκ
964 842 1313 912 ἠδυνήθησαν
1353 844 1432 906 είς
1461 842 1615 907 τάξιν
1662 842 2003 910 καταστῆναι

435 937 534 991 καὶ
559 935 875 1003 ἀμύνασθαι
904 939 1033 1000 τοὺς
1059 935 1398 1006 βαρϐάρους,
1436 935 1771 1005 κωλυόμενοι
1806 935 1915 989 ύπό
1944 952 2005 988 τε

435 1027 550 1080 τῶν
570 1025 897 1096 ᾁχθοφόρων
927 1025 1026 1079 καὶ
1053 1024 1150 1078 τοῦ
1183 1024 1344 1078 ἄλλου
1376 1023 1650 1078 οίκετικοῦ
1673 1025 2008 1095 ἀναπεφυρ-

441 1119 606 1189 μένου
647 1119 849 1180 αὐτοῖς.
893 1117 1049 1171 Ἐπεὶ
1095 1116 1152 1170 δὲ
1198 1117 1309 1171 τῶν
1346 1115 1619 1187 κλείθρων
1658 1117 2005 1188 εὑρημένων,

439 1209 795 1280 ἀνεῴχθησαν
827 1209 883 1261 ai
915 1208 1103 1273 πύλαι,
1145 1211 1196 1263 oi
1250 1208 1471 1272 πλείους
1521 1209 1707 1281 ἀθρόοι
1737 1210 2008 1280 ὥρμησαν

441 1301 595 1366 ὲντδς
628 1299 825 1355 ἐλθεῖν.
874 1300 1174 1369 Γενομένου
1208 1301 1265 1353 δὲ
1317 1300 1567 1371 ὠθισμοῦ
1615 1300 1813 1356 πολλοῦ
1863 1300 2011 1356 κατὰ

440 1393 543 1461 τὴν
571 1392 795 1455 είσοδον,
850 1393 944 1444 καὶ
986 1391 1428 1462 συνθλιϐομένων
1484 1394 1578 1448 ὑπ’
1630 1393 1878 1464 ἀλλήλων
1915 1391 2010 1448 καὶ

445 1483 945 1551 συμπατουμένων,
974 1483 1246 1538 ἀπέθανον
1280 1485 1381 1554 μὲν
1407 1487 1557 1555 τρεῖς
1587 1486 1726 1539 κατά
1758 1484 1857 1548 τὰς
1904 1483 2012 1539 πύ-

443 1575 565 1637 λας,
596 1575 703 1627 τῶν
744 1573 921 1628 ἀλλων
954 1576 1332 1640 εἰσελθόντων,
1367 1576 1471 1641 ἔξω
1497 1577 1554 1631 δὲ
1600 1577 1704 1630 ὑπὸ
1732 1576 1841 1629 τῶν
1872 1575 2012 1646 βαρ-

445 1665 631 1736 ϐάρων
690 1666 784 1719 δύο
832 1666 933 1737 μὲν
989 1668 1262 1723 ἀπέθαιοον
1305 1671 1400 1723 καὶ
1440 1671 1732 1739 τριάκοντα
1760 1684 1775 1703 ο
1832 1671 1893 1736 ἐξ
1940 1664 2015 1724 ὧν

442 1754 588 1826 ἦσαν
609 1759 704 1813 δύο
731 1760 841 1815 τῶν
871 1762 1180 1831 ἐπιφανῶν,
1204 1762 1464 1834 Μανουὴλ
1497 1766 1525 1818 δ
1568 1763 2013 1833 Ταρχανειώτης,

448 1849 543 1901 καὶ
571 1850 600 1902 δ
625 1850 1077 1922 Καντακουζηνδς
1100 1853 1435 1924 Νικηφόρος,
1466 1853 1560 1907 τοῦ
1590 1854 1827 1922 μεγάλου
1853 1855 2013 1923 δομεο

450 1939 638 1992 στίκου
662 1941 754 1991 καὶ
778 1941 1076 2013 ἀμφότεροι
1102 1944 1461 2015 τυγχάνοντες
1492 1945 1702 2013 ἀνεψιοί
1725 1962 1738 1976 '
1770 1945 2019 2000 ἑάλωσαν

446 2030 507 2082 δὲ
532 2033 625 2084 καὶ
649 2031 849 2095 ζῶντες
896 2035 1234 2103 πεντήκοντα
1254 2039 1347 2091 καὶ
1368 2037 1564 2089 ἑκατόν
1588 2053 1600 2066 ·
1626 2031 1702 2091 ὧν
1726 2038 1777 2090 οἱ
1801 2036 2018 2100 πλείους

452 2119 517 2171 ἐκ
542 2121 650 2172 τῶν
677 2121 1098 2192 ὑπηρετούντων
1127 2130 1239 2188 τοῖς
1267 2124 1628 2195 στρατιώταις
1660 2121 2019 2196 ἧσαν.¹Ὶπποι

447 2210 506 2264 δὲ
539 2214 590 2264 oi
634 2214 1029 2285 ἀφαιρεθέντες
1093 2216 1346 2286 ἐγένοντο
1392 2219 1468 2281 ώς
1513 2219 1885 2289 τετρακόσιοι.
1930 2220 2020 2272 Ἔ-

450 2319 615 2356 πειτα
641 2306 691 2358 οί
720 2304 871 2361 ἄλλοι
898 2309 1326 2380 συστραφέντες,
1360 2310 1779 2381 συνεπλάκησάν
1816 2328 1876 2365 τε
1906 2314 2021 2375 τοῖς

2105 679 2203 733 pra
2251 663 2611 733 quadraginta
2675 665 3098 730 occubuerunt,
3160 676 3217 719 et
3245 667 3311 720 ad
3364 678 3674 725 extremum

2105 769 2335 824 magnus
2364 755 2722 810 beteriarcha
2756 756 3121 822 Exotrochus,
3150 773 3312 827 quem
3346 775 3456 814 non
3488 776 3518 816 a
3558 762 3682 816 bar-

2105 848 2260 909 baro,
2301 848 2395 901 sed
2431 845 2676 901 Romano
2736 849 2919 919 aliquo
2970 850 3138 903 ictum
3196 850 3520 919 ferebatur;
3558 855 3678 909 sive

2106 937 2252 1009 quod
2288 953 2413 992 eum
2447 954 2557 994 non
2599 948 2922 1009 agnosceret.
2969 942 3097 1009 (jam
3126 942 3272 996 enim
3303 959 3412 997 nox
3438 945 3679 1000 interve-

2106 1031 2310 1100 nerat),
2345 1031 2461 1086 sive
2495 1032 2641 1101 quod
2687 1033 2758 1087 ob
2788 1032 3076 1089 dissidium
3104 1035 3289 1089 nescio
3317 1037 3478 1104 quale
3508 1052 3565 1092 se
3598 1039 3682 1093 ul-

2107 1122 2238 1177 cisci
2263 1122 2448 1184 vellet,
2477 1124 2719 1179 tenebris
2743 1124 3069 1181 maleﬁcium
3122 1128 3550 1185 occultantibus.
3576 1130 3682 1184 Sn-

2110 1214 2284 1283 spicio
2315 1214 2421 1270 l‘uit
2442 1230 2471 1269 a
2503 1215 2749 1270 Romano
2778 1216 3151 1277 vulneratum.
3189 1220 3317 1288 quia
3344 1220 3525 1275 Persae
3562 1231 3675 1274 tum
3716 1238 3727 1247 ·

2112 1314 2478 1370 recesserant,
2515 1305 2739 1375 quando
2770 1306 2887 1376 ipse
2921 1316 3085 1377 caput.
3120 1308 3302 1378 gladio
3333 1308 3592 1368 diiiissus,
3616 1327 3682 1363 ac

2112 1397 2343 1452 cerebro
2376 1405 2620 1466 patente,
2652 1398 2953 1453 etiamnum
2982 1399 3037 1454 in
3076 1414 3242 1469 equo,
3275 1400 3393 1455 sine
3422 1417 3555 1455 voce
3594 1402 3679 1454 in-

2112 1497 2308 1543 ventus
2330 1497 2436 1553 est,
2470 1504 2571 1544 nec
2596 1490 2688 1543 diu
2712 1499 2832 1559 post
2850 1490 3086 1544 animam
3120 1493 3413 1547 exhalavit.
3441 1493 3544 1548 Per
3578 1495 3685 1549 alia

2115 1593 2280 1648 porro
2313 1578 2510 1648 oppida
2542 1578 2823 1647 dispersus
2852 1580 3130 1635 [letnanus
3162 1580 3457 1644 exercitus,
3486 1579 3684 1634 eodem

2114 1670 2202 1725 die
2221 1671 2445 1726 velutex
2462 1671 2762 1739 composito
2776 1670 3129 1726 Philocrcneu
3151 1672 3430 1736 convenit,
3448 1671 3687 1741 indeque

2115 1778 2225 1823 non
2256 1762 2444 1831 procul
2475 1777 2502 1815 a
2526 1761 2722 1815 castris
2759 1761 3033 1816 Orcbanis
3075 1771 3442 1823 transeuntes,
3486 1762 3684 1817 Scuta-

2120 1856 2258 1910 rium
2288 1862 2659 1914 accesserunt,
2691 1864 2745 1909 et
2771 1853 3089 1925 Byzantium
3120 1855 3289 1909 libere
3323 1855 3681 1922 traiecerunt,

2125 1946 2268 2002 unde
2299 1945 2365 2000 ad
2389 1961 2519 2001 suos
2533 1946 2765 2015 quisque
2789 1946 2933 2001 lares
2956 1946 3239 2002 remeavit.
3262 1946 3566 2016 Imperator
3587 1928 3683 1999 eos

2124 2036 2219 2107 qui
2241 2036 2310 2091 de
2340 2046 2513 2091 morte
2543 2052 2641 2091 sua
2668 2038 2723 2092 in
2754 2037 2950 2091 castris
2974 2036 3211 2093 fabulam
3239 2038 3685 2096 disseminarant,

2125 2127 2372 2184 criminis
2385 2127 2676 2183 damnabat
2698 2128 2787 2183 ille
2801 2129 3043 2198 quidem,
3065 2144 3428 2200 magnopereq
3438 2145 3502 2182 ue
3523 2143 3618 2181 acc
3630 2143 3692 2180 u—

2125 2213 2302 2282 subat,
2333 2233 2441 2272 non
2472 2228 2653 2272 tamen
2691 2234 2791 2287 pro
2812 2218 3007 2273 merito
3036 2220 3321 2286 multabat,
3349 2219 3555 2281 veritus
3589 2219 3695 2273 sel-

2123 2311 2273 2393 licet,
2304 2326 2372 2366 ne
2410 2310 2538 2366 odio
2561 2311 2646 2366 avi
2671 2312 2724 2366 id
2750 2311 2934 2367 facere
2963 2312 3265 2368 videretur.
3383 2306 3386 2310 Α

453 2393 779 2465 βαρϐάροις,
811 2398 905 2452 καὶ
942 2399 1275 2455 ἀπέκτειναν
1306 2400 1366 2467 ἐξ
1400 2400 1583 2455 αὐτῶν
1649 2399 1822 2472 ὀλίγῳ
1877 2401 2094 2464 δέοντας
2133 2401 2448 2457 διακοσίων.
2490 2402 2756 2473 Ὀρχάνης
2787 2402 2844 2456 δὲ
2891 2404 3036 2473 ὁρῶν
3081 2404 3185 2475 ήδη
3218 2403 3347 2467 τοὺς
3388 2401 3693 2472 Ῥωμαίους

452 2483 856 2552 ἀμυνομένους.
898 2488 974 2557 μὴ
1012 2489 1310 2559 δυνάμενός
1339 2509 1391 2544 τι
1430 2492 1628 2563 δράσαι
1661 2492 1844 2554 πλέον,
1880 2493 2140 2563 ἀπήγαγέ
2167 2509 2227 2546 τε
2261 2493 2364 2564 τὴν
2431 2494 2694 2563 στρατιὰν
2755 2494 2859 2563 τῆς
2899 2495 3242 2565 Φιλοκρήνης
3265 2536 3280 2561 ,
3350 2493 3447 2547 καὶ
3494 2496 3695 2563 ἐστρα-

451 2577 782 2635 τοπέδευσεν
810 2584 945 2636 ἐκεῖ.
984 2584 1243 2638 Τοσοῦτοι
1294 2586 1395 2657 μὲν
1439 2572 1712 2641 ἀπέθανον
1742 2588 1885 2640 κατά
1923 2588 2022 2657 τήν
2059 2587 2401 2658 Φιλοκρήνην
2445 2588 2541 2640 καὶ
2613 2586 2863 2641 ἑάλωσαν
2938 2588 3160 2652 ζῶντες.
3195 2588 3274 2658 Τῇ
3305 2584 3608 2656 προτεραίᾳ
3636 2583 3696 2637 δὲ

453 2673 598 2725 κατὰ
623 2672 721 2736 τὰς
755 2676 936 2744 μάχας
964 2676 1012 2728 oi
1055 2677 1377 2748 σύμπαντες
1419 2661 1693 2734 ἀπέθανον
1766 2681 1953 2742 ίππείς
1994 2696 2052 2732 τε
2094 2680 2188 2733 καὶ
2253 2678 2430 2744 πεζοὶ,
2487 2681 2633 2734 έπτά
2675 2680 2771 2734 καὶ
2800 2682 3217 2750 τεσσαράκοντα
3243 2700 3257 2714 ·
3316 2683 3409 2736 καὶ
3443 2681 3471 2733 ὁ
3518 2681 3696 2751 μέγας

451 2765 844 2839 ἐταιρειάρχης
909 2768 1245 2840 Ἐξώτροχος
1319 2772 1461 2826 κατά
1523 2771 1622 2843 τὴν
1693 2772 2011 2826 τελευταίαν
2053 2773 2378 2843 συμπλοκήν
2402 2789 2415 2804 ο
2448 2772 2508 2835 δς
2574 2778 2668 2828 καὶ
2727 2773 2948 2841 ἐλέγετο
2974 2776 3074 2844 οὐχ
3102 2774 3208 2827 ὑπὸ
3240 2773 3545 2845 βαρϐάρου,
3578 2770 3695 2827 ἀλλ’

450 2857 562 2909 ὑπὸ
627 2857 904 2930 Ῥωμαίου
967 2861 1113 2925 τινὸς
1160 2863 1452 2933 πληγῆναι,
1522 2862 1635 2916 εἴτε
1695 2864 2065 2936 ἀγνοήσαντος
2103 2865 2267 2919 αὐτὸν
2319 2865 2442 2937 (ήδη
2479 2866 2589 2937 γάρ
2641 2866 2942 2920 ἐπελάϐετο
2985 2868 3018 2936 ή
3072 2866 3217 2936 νὺξ),
3279 2866 3389 2921 εἴτε
3426 2866 3697 2919 καὶκατὰ

449 2966 576 3003 τινα
604 2950 869 3021 διαφοράν
899 2952 1273 3023 ἀμυνομένου,
1310 2953 1402 3008 τοῦ
1442 2956 1671 3019 σκότους
1719 2959 2257 3028 ουνεπικρύπτοντος
2322 2956 2424 3027 τὴν
2487 2957 2850 3026 κακουργίαν.
2902 2956 3272 3028 ’Υπωπτεύθη
3311 2958 3367 3011 δὲ
3412 2957 3518 3011 ὑπὸ
3557 2956 3698 3010 Ῥωο

454 3045 621 3115 μαίου
651 3046 946 3117 πληγῆναι,
978 3049 1060 3102 ὅτι
1086 3049 1577 3120 ἀνακεχωρηκότες
1601 3048 1703 3121 ήδη
1763 3050 1814 3103 oi
1881 3050 2090 3120 Πέρσαι
2125 3044 2289 3120 ἦσαν,
2326 3049 2416 3103 ὅτε
2441 3050 2648 3112 ἐκεῖνος
2676 3051 2776 3121 τὴν
2799 3051 3048 3122 κεφαλὴν
3080 3050 3278 3122 εὑρέθη
3307 3050 3699 3119 πεπληγμένος

451 3143 626 3211 ξίφει,
653 3141 887 3212 ἔφιππος
917 3143 998 3196 ἔτι
1031 3142 1128 3199 ὢν.
1171 3143 1413 3215 ’Δφωνίᾳ
1452 3144 1508 3198 δὲ
1584 3145 1919 3217 κατεσχέθη,
1967 3145 2065 3199 τοῦ
2104 3143 2413 3214 ἐγκεφάλου
2447 3144 2739 3216 aeuum;
2806 3145 2906 3214 τῆς
2946 3146 3186 3217 πληγῆς,
3228 3148 3319 3200 καὶ
3376 3146 3698 3214 ἐτελεύτησε

456 3220 601 3303 μετά
640 3235 857 3305 μικρόν.
915 3235 982 3287 Ἦ
1021 3234 1205 3304 μέντοι
1251 3233 1398 3288 κατά
1448 3233 1549 3298 τὰς
1599 3234 1772 3298 ἄλλας
1833 3234 2022 3298 πόλεις
2060 3235 2491 3304 διεσκεδασμένη
2558 3235 2791 3305 στρατιά
2842 3234 3135 3304 Ῥωμαίων
3158 3236 3259 3305 τῆς
3288 3237 3461 3304 αὐτῆς
3485 3237 3700 3305 ἡμέρας

451 3330 648 3399 ῶσπερ
676 3330 741 3383 ὲκ
810 3328 1157 3399 συνθήματος
1220 3330 1301 3391 είς
1338 3327 1680 3401 Φιλοκρήνην
1724 3328 2096 3394 συνελθόντες,
2137 3326 2351 3381 ἐκεῖθέν
2379 3342 2439 3378 τε
2458 3327 2521 3380 ού
2549 3327 2684 3379 πολὺ
2716 3326 2936 3380 ἄπωθεν
2957 3326 3054 3380 τοῦ
3077 3328 3444 3397 στρατοπέδου
3460 3327 3700 3398 Ὀρχάνη

455 3426 772 3495 παριόντες,
795 3419 960 3493 ἦλθον
986 3424 1066 3485 είς
1093 3424 1452 3491 Σκουτάριον,
1477 3425 1572 3476 καὶ
1600 3422 2023 3494 ἐπεραιώθησαν
2063 3424 2144 3487 είς
2213 3420 2509 3484 Βυζάντιον
2578 3419 2771 3484 ἀδεῶς,
2815 3419 3027 3474 ἐκεῖθέν
3067 3436 3126 3471 τε
3166 3416 3525 3489 ἀνεχώρησαν
3565 3417 3700 3470 ἐκα-

458 3535 591 3583 στος
619 3519 705 3573 ἐπ’
736 3518 910 3575 οἴκου.
945 3516 1213 3583 Βασιλεὺς
1259 3518 1318 3573 δὲ
1346 3519 1474 3581 τοὺς
1507 3520 1591 3582 είς
1635 3518 1699 3570 τὸ
1750 3516 2119 3586 στρατόπεδον
2178 3515 2682 3586 διαθρυλλήσαντας
2734 3512 2812 3577 ώς
2882 3513 3198 3584 ἐτεθνήκει,
3252 3514 3311 3566 έν
3365 3511 3701 3580 αίτίαιςσμὲν

454 3614 755 3684 ἐποιήσατο
810 3614 909 3666 καὶ
960 3614 1311 3685 κατηγόρησε
1366 3613 1561 3680 πολλὰ,
1620 3611 1803 3668 οὐκέτι
1857 3612 1916 3666 δὲ
1971 3613 2067 3665 καὶ
2106 3610 2493 3681 ἐτιμωρήσατο
2549 3607 2717 3673 ἀξίως
2761 3609 2864 3678 τῆς
2921 3606 3267 3679 κακουργίας
3322 3604 3558 3671 ἑαυτῶν,
3588 3604 3702 3662 δέει

456 3706 557 3761 τοῦ
613 3706 692 3777 μή
740 3705 919 3760 δοκεῖν
970 3705 1050 3776 τῷ
1080 3708 1215 3778 πρὸς
1258 3706 1350 3763 τὸν
1381 3707 1610 3761 πάππον
1666 3705 1762 3762 καὶ
1796 3706 2025 3777 βασιλέα
2062 3703 2212 3779 ἔχθει
2240 3692 2549 3772 ἀμύνεσθαι
2578 3700 2798 3764 αὐτούς.

1901 3852 2127 3911 CAPUT
2165 3853 2259 3912 ιχ.

453 3968 627 4023 Amor
658 3969 989 4042 imperatoris
1020 3969 1076 4022 in
1106 3986 1356 4042 magnum
1391 3970 1728 4042 domesticum
1766 3970 2087 4025 incredibilis
2127 3972 2441 4042 exprimitur
2486 3973 2680 4027 denuo.
2732 3972 2958 4026 Docetur
2991 3972 3320 4042 quantopere
3349 3964 3700 4042 ερηζςηάυῙὶτ.

534 4047 591 4092 ut
616 4035 739 4092 eunt
765 4040 972 4106 imperii
996 4035 1285 4111 consortem
1311 4040 1556 4105 haberet;
1590 4058 1741 4111 quem
1771 4049 1947 4093 tamen
1974 4035 2223 4111 honorent
2248 4038 2356 4111 ille
2386 4051 2691 4094 constanter
2714 4043 2867 4094 toties
2891 4035 3217 4111 repudiauit,
3262 4057 3380 4093 cum
3411 4035 3611 4107 alioqui
3642 4051 3698 4093 re

529 4112 645 4176 ipsa
687 4124 877 4179 parum
906 4111 1120 4163 omnino
1163 4110 1226 4164 ab
1258 4108 1873 4176 intperatore'diﬂ'erret,
1915 4108 2341 4179 quandoquidem
2376 4126 2530 4179 penes
2562 4126 2678 4162 eum
2725 4117 2836 4179 erat
2869 4118 2981 4179 tota
3029 4110 3236 4177 imperii
3281 4110 3698 4162 administratio.

532 4179 638 4251 Sed
668 4178 816 4233 certis
842 4178 906 4231 de
928 4180 1098 4232 causis
1125 4195 1157 4251 ιι
1189 4179 1396 4251 nomine
1421 4191 1467 4235 et
1498 4180 1786 4251 insignibus
1830 4178 2121 4244 abstinuit;
2154 4193 2273 4247 qua:
2311 4188 2513 4246 tamen,
2553 4188 2613 4231 ut
2645 4178 2929 4232 videoimus
2960 4178 3091 4231 libro
3129 4181 3305 4243 tertio,
3333 4180 3495 4232 etiam
3528 4188 3700 4233 certas

534 4250 595 4303 ob
627 4263 813 4303 causas
853 4256 1034 4317 postea
1064 4249 1298 4303 admisit.

547 4369 770 4438 Ὀλίγαις
826 4370 885 4424 δὲ
930 4369 1284 4439 ὲνδιατρίψας
1312 4370 1531 4440 ἡμέρας
1577 4367 1879 4438 Βυζαντίῳ,
1906 4367 2020 4422 ἐπεί

2212 4368 2415 4423 Diebus
2443 4383 2553 4423 non
2609 4367 2748 4423 adeo
2787 4368 2975 4423 multis
3027 4366 3273 4437 Byzantii
3303 4375 3698 4430 commoratus,

460 4462 563 4516 καὶ
588 4463 616 4514 ὁ
647 4462 822 4531 μηρὸς
865 4461 1015 4532 αὐτῷ
1046 4461 1154 4515 ἀπὸ
1188 4459 1282 4513 τοῦ
1315 4460 1627 4530 τραύματος
1654 4458 1801 4530 εῖχεν
1829 4458 2026 4528 ὑγιῶς,

460 4555 698 4622 ἐξελθὼν
720 4553 885 4625 ἦλθεν
912 4555 992 4616 είς
1022 4553 1406 4623 Διδυμότειχον
1427 4554 1524 4606 καὶ
1546 4553 1614 4607 τά
1638 4556 1769 4622 περὶ
1808 4553 2032 4622 Ἀδριαιι

461 4647 579 4701 νοῦ.
616 4645 920 4714 Διατρίϐων
977 4643 1035 4696 δὲ
1098 4645 1249 4708 ἐκεῖ,
1298 4626 1393 4695 καὶ
1431 4643 1659 4719 πάντοτε
1713 4641 1814 4710 μὲν
1859 4639 2031 4709 ἡδέως

460 4734 580 4809 εἶχε
613 4736 691 4808 τῷ
726 4735 949 4806 μεγάλῳ
972 4734 1279 4804 δομεστίκῳ
1316 4719 1554 4787 συνεῖναι
1584 4732 1679 4787 καὶ
1702 4731 1935 4801 ὁμιλεῖν,
1954 4729 2031 4793 ὠς

364 4828 369 4837 ’
462 4832 563 4884 καὶ
592 4827 942 4898 διημερεύειν
970 4826 1167 4888 αὐτοὺς
1189 4825 1447 4888 πολλάκις
1478 4823 2032 4893 καὶδιανυκτερεύειν

464 4924 528 4975 ἐν
552 4924 675 4985 ταῖς
704 4919 969 4989 ὁμιλίαιςο
1001 4921 1093 4971 καὶ
1122 4918 1248 4972 τότε
1274 4918 1330 4970 δὲ
1378 4917 1586 4987 ὁμιλῶν
1616 4916 1768 4987 αύτῷ
1804 4917 1906 4986 τῆς
1929 4919 2032 4988 ἀρ-

461 5014 622 5084 χαίας
643 5030 703 5066 τε
737 5011 1149 5081 ἀνεμίμνησκεν
1175 5009 1338 5064 αὑτὸν
1368 5009 1503 5078 πρὸς
1522 5006 1789 5079 ἀλλήλους
1823 5008 2028 5076 φιλίας,

460 5107 563 5161 καὶ
606 5106 706 5175 τῆς
759 5104 1045 5173 κατάκρας
1081 5101 1398 5169 συναφείας,
1455 5099 1557 5153 ούκ
1628 5101 1687 5152 ὲν
1742 5100 2029 5169 παρέργῳ,

458 5197 602 5253 ἀλλὰ
651 5196 790 5265 μετά
839 5212 986 5258 τινος
1038 5192 1322 5263 φροντίδος
1372 5191 1469 5247 καὶ
1525 5190 1761 5261 σπουδῆς
1789 5230 1803 5255 ,
1834 5193 1928 5244 καὶ
1956 5186 2032 5246 ὧν

464 5290 651 5362 μικρῷ
681 5288 920 5359 πρόσθεν
947 5288 1163 5358 εἰρήκει
1198 5285 1336 5355 πρὸς
1381 5284 1569 5350 αὐτὸν,
1603 5285 1694 5338 ὅτε
1726 5285 1856 5355 περὶ
1898 5285 2033 5354 Συρ-

459 5387 661 5452 γιάννη
693 5383 866 5436 ἐδεῖτο
912 5382 1011 5450 τῆς
1065 5380 1291 5451 εἱρκτῆς
1324 5377 1693 5448 ἀπολυθῆναι,
1723 5378 1799 5440 ὡς
1823 5376 1937 5431 οὔτ’
1965 5377 2033 5431 ἂν

459 5476 548 5547 εἴη
576 5494 631 5528 τι
658 5475 768 5527 τῶν
804 5473 1021 5526 πάντων
1050 5471 1079 5525 δ
1104 5471 1248 5525 κατὰ
1271 5470 1501 5539 γνώμην
1531 5469 1682 5539 αὐτῷ
1714 5470 2031 5540 πραχθῆναι

458 5568 521 5620 δν
567 5566 736 5621 αὑτὸν
775 5563 1031 5634 ἐθελῆσαι
1070 5564 1136 5618 ἀν
1184 5579 1316 5620 ποτε
1363 5561 1626 5627 κωλύσαι,
1663 5560 1800 5613 ἀλλά
1829 5577 2034 5629 συγνα-

459 5657 833 5729 τεργάσεσθαι
890 5657 1041 5728 πάσῃ
1097 5657 1325 5727 σπουδῇ·
1365 5654 1491 5708 οὔτε
1542 5656 1591 5707 εί
1630 5640 1778 5707 κατά
1810 5652 1874 5722 δή
1911 5670 2032 5706 τινα

459 5750 672 5819 τρόπον
720 5749 922 5813 δόξειεν
985 5748 1134 5817 αὐτῷ
1188 5749 1288 5817 τῆς
1343 5747 1526 5811 οἰκίας
1574 5744 1891 5799 ἀποστάντα
1937 5746 2031 5798 καὶ

464 5840 742 5911 φιλτάτων
766 5843 859 5898 καὶ
881 5840 1163 5909 γυναικὸς,
1194 5839 1290 5893 καὶ
1333 5838 1663 5908 συμπάντων
1692 5836 1868 5890 εἰπεῖν
1894 5848 2030 5905 χρη·

2138 4460 2347 4517 femore
2372 4461 2485 4531 jam
2525 4468 2817 4529 persanato
2851 4458 3291 4531 Didymotielium
3325 4467 3378 4513 et
3435 4458 3705 4513 Adriano-

2140 4550 2290 4621 polin
2323 4551 2590 4606 excurrit.
2614 4549 2712 4615 lbi,
2750 4564 2875 4604 cum
2908 4559 3066 4604 antea
3094 4562 3309 4618 semper
3352 4564 3476 4603 cum
3506 4564 3700 4618 magno

2139 4642 2441 4697 domestico
2476 4648 2583 4695 tam
2607 4640 2850 4712 jucunde
2884 4640 2938 4694 in
2968 4654 3222 4695 sermone
3246 4640 3447 4695 vorsari
3475 4639 3700 4705 soleret,

2140 4744 2201 4788 ut
2228 4733 2388 4803 223
2416 4747 2558 4804 saepe
2588 4732 2727 4797 dies,
2758 4746 2902 4802 saepe
2931 4739 3117 4787 noctes
3138 4730 3541 4787 confabulando
3574 4749 3705 4788 con-

2140 4833 2512 4890 sumcrentur,
2540 4824 2668 4879 dum
2700 4824 3052 4880 collocutioni
3085 4837 3307 4889 vacant,
3343 4828 3547 4882 veteris
3568 4827 3703 4880 anni-

2136 4916 2281 4972 citiae
2304 4916 2701 4971 etarctissitnae
2724 4916 3150 4984 conjunctionis,
3185 4932 3294 4971 non
3325 4932 3422 4987 per
3459 4927 3707 4972 transen-

2140 5024 2288 5073 nam,
2315 5008 2409 5064 sed
2438 5008 2690 5078 cogitato,
2736 5017 2792 5060 et
2820 5006 2887 5060 de
2916 5005 3186 5063 industria
3229 5021 3355 5061 eum
3387 5022 3703 5061 commone—

2139 5101 2306 5167 facit;
2354 5101 2575 5155 illorum
2630 5107 2914 5168 praeterea,
2957 5113 3079 5166 quae
3111 5097 3429 5164 nuperrime
3452 5112 3550 5165 pro
3574 5096 3705 5168 Syr-

2140 5175 2337 5265 gianne
2361 5209 2393 5248 e
2422 5205 2646 5248 carcere
2667 5190 2951 5244 liberando
2980 5190 3186 5257 roganti
3210 5189 3585 5256 responderat,
3619 5192 3702 5242 ui-

2142 5286 2217 5340 hil
2237 5285 2454 5355 penitus
2485 5284 2601 5339 fore
2628 5281 2861 5344 scilicet,
2896 5281 3040 5350 quod
3085 5279 3126 5334 si
3158 5279 3246 5334 ille
3277 5279 3482 5334 factum
3513 5280 3698 5343 νιιιιιιι,
3757 5345 3761 5349 ,

2138 5391 2248 5430 non
2271 5375 2414 5430 idem
2438 5375 2555 5442 ipse
2581 5372 2743 5427 vellet
2761 5414 2776 5436 ,
2799 5381 2855 5426 et
2884 5372 2938 5426 in
2961 5386 3070 5440 quo
3093 5369 3377 5425 cilicicndo
3403 5385 3514 5425 non
3536 5370 3700 5424 etiam

2138 5466 2289 5522 omni
2320 5464 2502 5520 studio
2546 5463 2870 5525 elaboraret,
2905 5475 3083 5531 neque
3110 5463 3155 5515 si
3186 5476 3297 5532 quo
3328 5459 3488 5514 modo
3512 5459 3698 5514 relicta

2138 5558 2337 5626 patria,
2374 5571 2567 5619 uxore,
2593 5555 2816 5627 iliberis,
2854 5563 2909 5609 et
2958 5564 3017 5607 ut
3070 5554 3239 5634 semel
3279 5553 3481 5613 dicam,
3537 5552 3702 5605 rebus

2139 5650 2413 5714 omnibus,
2443 5647 2498 5701 in
2531 5645 2646 5701 solo
2678 5645 2967 5717 peregrino
3021 5660 3195 5699 aevum
3230 5646 3513 5700 traducere
3544 5644 3702 5699 iusti—

2141 5746 2339 5799 tueret,
2369 5751 2524 5808 posse
2552 5753 2793 5808 unquam
2824 5738 2893 5792 ab
2914 5752 2981 5792 eo
3010 5735 3217 5802 divelli,
3250 5736 3345 5791 sed
3387 5736 3542 5806 prius
3568 5751 3695 5790 cum

2139 5833 2452 5894 doctarum,
2482 5845 2645 5898 quam
2696 5830 2749 5885 id
2800 5827 3181 5901 intempestive
3209 5839 3371 5900 atque
3404 5829 3704 5885 insolenter
