4156 6300
435 401 544 468 £69

1599 410 2148 472 HISTORIARUM
2189 413 2422 475 LIBER
2468 417 2552 478 ΙΙ.

3588 424 3697 486 470

439 517 639 570 Καίτοι
699 515 859 570 τοῦτο
905 516 1056 583 δόξαι
1105 519 1204 589 μὲν
1251 519 1316 574 ἂν
1349 523 1460 585 τοῖς
1507 522 1708 589 ἔξωθεν
1740 525 2018 595 ὑπερφυὲς

2125 525 2192 578 ab
2225 526 2391 598 224
2431 527 2672 585 amicitia
2711 536 2893 595 autem
2934 536 2990 583 et
3042 528 3386 583 voluntatum
3420 533 3703 604 (δοιὶειεὶι-εέ

435 607 633 676 ὥσπερ
682 607 817 676 δῆτα
863 609 954 661 καὶ
1001 609 1139 670 ἔστι,
1189 613 1315 682 τῇδε
1351 614 1561 669 ἔνδοθεν
1625 617 1764 685 πρὸς
1812 618 1872 669 σέ
1909 634 2010 686 μου

439 695 686 750 διαθέσει
747 698 1051 752 διασάλλων
1113 719 1220 767 τις,
1287 703 1602 774 ἡττώμενον
1652 707 1877 776 εὑρήσει
1911 725 2015 761 πα-

445 788 787 858 ραπολύ.,Τὸ
846 790 946 857 μὲν
977 792 1085 861 γὰρ
1120 794 1380 847 κοινωνὸν
1430 795 1652 850 ἑλέσθαι
1683 799 1781 867 τῆς
1833 799 2013 870 ἀρχῆς

441 877 540 928 καὶ
577 877 680 943 τῆς
710 877 956 943 εὐδοξίας
991 883 1342 951 μεταδοῦναι,
1398 889 1491 940 καὶ
1527 887 1710 950 ἄλλοις
1757 889 1822 943 ἄν
1870 907 2014 945 τισιν

443 962 598 1032 εὖροι
642 983 727 1029 τις
773 970 1138 1038 εἰργασμένον
1179 974 1286 1042 πρὸ
1308 976 1484 1046 ἡμῶν·
1535 981 1601 1048 τῇ
1646 979 1702 1034 δὲ
1733 981 1887 1051 φιλίᾳ
1921 983 2017 1035 καὶ

442 1057 510 1123 τῇ
550 1057 824 1127 συμπνοία
853 1098 866 1120 ,
918 1061 986 1130 ἢν
1021 1064 1078 1114 ὲν
1125 1063 1377 1132 ἀλλήλοις
1429 1069 1786 1140 ἐκτησάμεθα
1823 1074 2012 1142 ἡμεῖς,

444 1145 544 1197 καὶ
579 1147 707 1208 τοὺς
743 1150 898 1218 παρά
927 1155 1180 1222 πνιηταῖς
1209 1156 1305 1209 καὶ
1338 1161 1752 1228 συγγραφεῦσιν
1801 1164 1892 1215 ἐπὶ
1926 1174 2043 1233 φιο·

448 1235 594 1300 λίαις
625 1239 1005 1310 ὑμνουμένους
1037 1245 1136 1299 οὐκ
1171 1249 1258 1300 ἐπ’
1286 1248 1471 1317 ὀλίγον
1498 1252 1703 1321 νομίζω
1736 1272 2018 1324 παρηκον-

446 1327 686 1382 τικέναι.
718 1329 882 1384 Ὅθεν
908 1333 960 1385 εί
993 1351 1045 1386 τι
1069 1337 1165 1388 καὶ
1195 1337 1302 1390 τῶν
1336 1338 1662 1410 Θαυμασίων
1694 1344 1843 1398 δοκεῖ
1877 1342 2018 1401 εἶναι

447 1415 560 1475 τοῖς
613 1415 794 1480 ἄλλοις
847 1420 1016 1484 πᾶσι,
1064 1421 1174 1474 τῶν
1223 1427 1461 1496 μετρίων
1521 1429 1709 1498 ἔμοιγε
1769 1435 2020 1500 φαίνεται

449 1508 548 1558 καὶ
593 1507 812 1574 ὀλίγων,
863 1511 926 1563 οὐ
999 1511 1086 1565 διὰ
1141 1514 1202 1567 τὸ
1250 1516 1482 1583 μάλιστα
1528 1521 1815 1590 βούλεσθαι
1860 1527 2021 1593 μόνον

449 1597 552 1650 καὶ
586 1597 776 1669 ὥσπερ
821 1617 875 1653 τι
911 1601 1112 1672 δεῖγμα
1151 1607 1358 1660 οἴεσθαι
1412 1613 1609 1680 μικρὸν
1662 1614 1763 1683 τῆς
1807 1617 2020 1674 ἔνδοθεν

455 1689 694 1758 στοργῆς
733 1692 834 1761 τῆς
886 1695 1016 1762 περὶ
1067 1695 1146 1762 σὲ,
1195 1698 1310 1751 ἀλλ’
1357 1700 1438 1753 ὅτι
1483 1702 1578 1756 καὶ
1619 1703 1925 1776 Ῥωμαίους
1959 1712 2020 1764 οὐ

454 1781 655 1870 μικρὸν
686 1782 768 1845 είς
797 1786 863 1837 τὰ
891 1786 1193 1857 πράγματα
1220 1788 1588 1862 λυσιτελήσει.
1618 1796 1886 1862 Βασιλεὺς
1927 1801 2024 1870 μὲν

2121 616 2268 672 tione
2289 618 2453 672 etiam
2486 637 2516 673 a
2549 620 2727 689 poetis
2764 619 3158 690 historicisque
3208 620 3554 689 pra-dicatos.
3590 637 3698 673 non

2121 726 2314 780 parum
2350 727 2378 766 a
2413 713 2574 768 nobis
2623 714 2910 781 superatos
2958 712 3176 781 opinor.
3232 712 3495 778 Quamvis
3532 713 3699 782 igitur

2121 804 2242 858 aliis
2298 805 2555 859 omnibus
2593 805 2865 865 mirabile.
2917 805 3052 859 mihi
3092 813 3272 858 tamen
3312 804 3588 858 mediocre
3643 813 3698 857 et

2121 894 2377 964 exiguum
2408 896 2664 964 quiddam
2692 905 2950 965 apparet;
2980 911 3086 949 non
3107 897 3281 948 solum
3307 896 3434 963 quia
3461 895 3694 948 maxime

2123 980 2224 1035 tibi
2244 980 2387 1045 volo,
2403 992 2457 1035 et
2475 981 2804 1050 iditanquam
2826 985 3051 1051 parvum
3071 981 3286 1050 aliquod
3308 981 3700 1035 documentum

2124 1071 2408 1126 intrinsoci
2441 1072 2753 1142 summique
2810 1072 3017 1127 amoris
3043 1087 3171 1141 erga
3209 1081 3260 1126 te
3285 1073 3390 1126 mei
3421 1072 3698 1133 existimo,

2124 1163 2219 1218 sed
2248 1160 2417 1216 etiam
2450 1163 2578 1232 quia
2617 1163 2668 1218 id
2708 1163 2967 1217 Romanae
2999 1163 3314 1233 reipublicae
3347 1164 3607 1232 majorem
3645 1164 3700 1216 in

2127 1252 2348 1307 modum
2384 1253 2649 1322 proderit.
2690 1252 2784 1307 llis
2838 1253 3144 1307 rationibus
3208 1253 3511 1322 imperator
3571 1267 3686 1304 ma-

2126 1357 2292 1413 gnum
2326 1346 2689 1399 domesticum
2717 1360 3040 1413 promovere
3073 1345 3372 1409 nitebatur,
3398 1352 3454 1398 ut
3483 1342 3697 1410 imperii

2129 1435 2334 1506 collega
2373 1436 2534 1489 simul
2566 1437 2629 1490 ad
2667 1437 2878 1490 clavum
2906 1437 3140 1491 sederet.
3178 1436 3272 1490 Ille
3307 1451 3438 1490 vero
3469 1435 3610 1488 idem
3641 1450 3701 1487 se

2128 1542 2358 1597 prorsus.
2383 1528 2590 1581 sentire
2633 1527 2938 1596 respondit,
2972 1538 3024 1582 et
3055 1542 3310 1598 magnum
3344 1525 3605 1595 quiddam
3637 1540 3700 1578 ac

2131 1617 2543 1687 suspiciendum
2580 1633 2700 1672 esse
2733 1619 3032 1687 imperium
3051 1619 3359 1675 Romanum
3393 1633 3489 1687 per
3526 1633 3606 1678 se,
3644 1627 3703 1672 et

2130 1707 2251 1762 aliis
2271 1707 2632 1762 humanarum
2660 1708 2978 1762 felicitatum
3002 1710 3156 1779 quasi
3175 1709 3493 1764 coronidem
3512 1724 3704 1779 quam-

2130 1797 2256 1851 dam
2314 1805 2369 1851 et
2407 1797 2683 1868 fastigium
2725 1799 3001 1868 quoddam
3033 1799 3246 1864 videri;
3281 1800 3323 1852 si
3357 1808 3539 1853 tamen
3573 1814 3702 1852 cum

446 1869 549 1924 οὖν
603 1873 669 1924 ὲκ
730 1875 937 1930 τούτων
988 1880 1268 1949 ἐπεχείρει
1324 1883 1416 1937 τὸν
1469 1885 1647 1954 μέγαν
1701 1869 2019 1959 δομέστικον

2133 1904 2331 1972 eorum.
2381 1899 2572 1944 mutua
2631 1891 2903 1945 charitate
2943 1888 3282 1955 conferatur,
3324 1905 3424 1944 nec
3464 1890 3702 1943 admira-

459 1961 674 2016 πείθειν
721 1965 867 2033 αὐτῷ
925 1968 1354 2038 συμϐασιλεύειν
1413 1977 1507 2028 καὶ
1566 1978 1870 2034 συνδιέπειν
1922 1982 2023 2053 τὴν

447 2051 667 2121 ἀρχήν·
719 2055 746 2106 δ
783 2056 840 2108 δὲ
882 2057 978 2109 καὶ
1037 2060 1201 2124 αὐτὸς
1259 2062 1358 2130 μὲν
1405 2065 1559 2133 ἔλεγε
1614 2069 1710 2137 τὴν
1759 2071 1882 2142 ίσην
1930 2051 2024 2127 καὶ

447 2142 651 2210 ὁμοίαν
671 2143 819 2215 ἔχειν
863 2148 997 2216 περὶ
1023 2149 1084 2201 τὸ
1112 2152 1347 2222 πρᾶγμα
1379 2155 1560 2220 δόξαν·
1595 2161 1692 2212 καὶ
1734 2162 1878 2231 μέγα
1925 2166 2024 2234 μὲν

450 2235 662 2290 οἴεσθαι
696 2238 791 2292 καὶ
821 2238 1140 2308 θαυμαστὸν
1178 2245 1298 2299 καθ’
1333 2248 1497 2302 ἑαυτὸ
1529 2269 1587 2304 τε
1635 2249 1776 2308 εἶναι
1814 2256 1910 2309 καὶ
1939 2259 2024 2311 δο-

456 2327 576 2377 κεῖν
629 2329 737 2390 τοῖς
767 2329 951 2394 ἄλλοις
984 2331 1176 2405 ὥσπερ
1213 2353 1298 2400 τις
1336 2342 1566 2409 κορωνὶς
1597 2343 1708 2398 τῶν
1735 2347 1790 2397 ὲν
1813 2347 2025 2418 ἀνθρώ-

457 2432 582 2508 ποις
613 2419 1010 2490 εὐτυχημάτων
1039 2424 1120 2493 ὃν,
1157 2433 1223 2498 τῇ
1263 2429 1418 2500 φιλίᾳ
1453 2431 1510 2485 δὲ
1537 2435 1714 2488 αὐτῶν
1739 2441 2027 2508 παραϐαλ-

454 2506 687 2600 λδμενον
712 2514 779 2582 τῇ
817 2514 956 2583 πρὸς
1002 2516 1289 2588 ἀλλήλους,
1343 2523 1496 2577 οὐδὲν
1542 2526 1649 2579 τῶν
1700 2506 2023 2600 θαυμασίων

455 2595 620 2667 εἶναι,
672 2603 794 2656 οὐδὲ
844 2605 955 2658 τῶν
1009 2609 1236 2674 εἰκότως
1285 2613 1350 2665 ἂν
1383 2615 1653 2686 ἐκπλῆξαι
1683 2595 2020 2692 δυναμένων.

419 2737 426 2744 .
466 2691 526 2744 Ὀ
559 2694 666 2766 γὰρ
698 2694 797 2766 τὴν
824 2698 996 2751 αὑτοῦ
1035 2699 1181 2772 ζωὴν
1212 2706 1311 2773 τῆς
1340 2706 1550 2770 οἰκείας
1585 2691 1888 2780 προτιθελς,
1929 2720 2024 2772 καὶ

456 2783 746 2877 μεθ’ᾼὸσης
785 2786 852 2840 ἀν
889 2789 1084 2860 ἡδονῆς
1128 2793 1188 2845 τὸ
1243 2794 1384 2865 ὑπὲρ
1444 2798 1608 2854 αὑτοῦ
1663 2805 2023 2877 ἀνθελόμενος

453 2873 753 2968 ἀποθανεῖν
848 2881 901 2933 τι
960 2881 1280 2952 θαυμαστὸν
1325 2888 1374 2940 εί
1414 2892 1507 2944 καὶ
1543 2892 1822 2962 βασιλείας
1857 2873 2024 2968 μετα-λ

448 2959 594 3060 δοίη,
625 2965 657 3035 ἢ
696 2965 752 3060 εἴ
777 2984 921 3060 τινος
951 2972 1044 3023 καὶ
1076 2973 1268 3028 τούτου
1303 2959 1758 3055 θαυμασιωτέρου
1778 2959 1815 3053 ;V
1838 2959 1936 3060 ⁸τῆς
1965 2991 2022 3045 δὲ

457 3053 788 3153 εὐεργεσίας
816 3059 978 3113 ἕνεκα
1019 3067 1254 3135 ’ταυτησὶ⁵
1289 3068 1490 3134 πολλὰς
1533 3074 1631 3143 μὲν
1659 3053 2024 3153 δφείλεινχά-

463 3161 619 3213 ριτας
671 3149 992 3220 ὁμολογεῖν,
1035 3157 1130 3208 καὶ
1183 3156 1360 3226 λόγοις
1399 3179 1459 3214 τε
1511 3164 1746 3222 καθόσον
1803 3149 2020 3229 οἶόν-*τε

454 3237 730 3334 τὴν-ὑπὲρ
751 3242 948 3334 μαὺτῆς
1007 3247 1168 3314 χάριν
1210 3249 1492 3318 ἀφοσιοῦν,
1525 3253 1712 3325 ἔργοις
1758 3278 1817 3314 τε
1862 3265 2022 3334 ἀμεί-

452 3323 651 3428 ϐεσθαι
688 3330 802 3428 τοῖς
853 3331 1014 3398 ῖσοις,
1071 3338 1169 3408 τὴν
1222 3341 1416 3409 ὁμοίαν
1467 3323 1567 3400 καί
1605 3323 1766 3405 αὑτὸν
1819 3323 2023 3428 ἐκ-τῆς

453 3419 688 3520 καρδίας
727 3421 878 3520 αὐτῷ
904 3428 1257 3495 προσάγοντα
1289 3435 1384 3487 καὶ
1414 3437 1598 3504 φιλίαν
1630 3445 1723 3496 καὶ
1762 3419 2017 3520 στοργήνί

459 3510 525 3562 ..υ
561 3510 618 3605 gg
684 3513 834 3583 αὐτῷ
885 3521 1211 3588 προστάττει
1249 3524 1343 3577 νῦν
1381 3527 1630 3598 δέχεσθαί
1685 3551 1767 3602 τε,
1811 3510 1915 3592 καὶ.
1948 3510 2023 3605 ως

453 3602 842 3702 τετελεσμένον
875 3611 1118 3678 νομίζειν
1147 3615 1246 3685 ῆδη
1279 3632 1293 3648 ·
1339 3618 1399 3670 τὸ
1429 3621 1538 3692 γὰρ
1575 3625 1657 3688 είς
1681 3627 1842 3682 αὐτὸν
1865 3602 2020 3702 ἧκον,

454 3694 609 3794 οθδὲν
631 3695 901 3794 ελλείπειν
926 3702 1020 3755 τοῦ
1049 3707 1390 3777 λιτιεπριὶίχθαι⁹
1417 3711 1564 3785 ἔργῳ
1591 3716 1646 3769 δὲ
1675 3719 1852 3774 τελεῖν
1883 3694 2022 3794 μήτε

449 3786 718 3883 δθνασθαι
756 3794 891 3862 μήτε
913 3801 1054 3850 κατά
1091 3800 1319 3872 γνώμην
1354 3804 1502 3875 αὐτῷ
1532 3804 1698 3878 εἴναι,
1727 3818 1865 3883 μήτε
1883 3786 2021 3871 ’κᾷθ’

450 3880 672 3951 ἡδονήν.
697 3883 786 3935 Διὸ
807 3885 972 3939 αὐτόν
1005 3905 1065 3941 τε
1103 3891 1377 3947 παύεσθαι
1404 3897 1618 3952 πείθειν
1641 3880 2022 3975 ἐπιχειροῦντα

456 3972 589 4062 περὶ
622 3973 839 4042 τούτου,
861 3980 956 4032 καὶ
977 3981 1124 4050 αὐτῷ
1153 3989 1579 4059 παραιτουμένῳ
1597 3972 2020 4062 συγγινώσκειν.

452 4061 718 4126 Βασιλεὺς
748 4065 804 4118 δὲ
853 4069 953 4139 οὐχ
978 4069 1152 4136 οὕτως
1179 4073 1422 4144 ἔφασκεν
1451 4081 1892 4152 ἀπροφασίστως
1916 4108 2022 4144 πα-

451 4156 766 4222 ραιτεῖσθαι
835 4159 1053 4228 χρῆναν
1113 4163 1254 4217 ἀλλὰ
1311 4167 1411 4231 τὰς
1481 4171 1663 4237 αίτίας
1727 4175 2020 4242 διδάξαντα

451 4245 691 4338 πρῶτον,
731 4248 826 4300 καὶ
858 4249 954 4319 τὴν
997 4251 1222 4316 ἀξίωσιν
1255 4256 1523 4314 πείσαντα
1561 4261 1637 4324 ὡς
1683 4267 2018 4338 παράλογον,

450 4333 630 4400 οὕτως
683 4339 783 4408 ἤδη
838 4341 1177 4398 ἀπολύεσθαι
1245 4347 1465 4410 αἱτίας’
1526 4357 1659 4424 πρὶν
1725 4333 1783 4410 δὲ
1848 4333 2019 4415 ταῦτα

451 4431 629 4480 ποιεῖν
680 4430 764 4482 οὐ.
797 4432 1037 4498 συνετὸν,
1085 4437 1196 4490 οὐδ’
1228 4437 1369 4508 ἄγαν
1405 4441 1694 4510 φιλοῦντος
1741 4448 1915 4514 οὕτως
1957 4454 2016 4519 ἐξ

2131 1980 2379 2046 bile,nec
2401 1982 2598 2036 merito
2621 1983 3120 2052 obstupescendum
3149 1997 3289 2036 esse.
3326 1982 3426 2046 Qui
3452 1983 3600 2036 enim
3629 1982 3706 2035 al-

2134 2070 2304 2124 terius
2360 2071 2528 2124 vitam
2563 2085 2674 2124 sua:
2707 2073 2981 2136 antetulit,
3017 2081 3072 2126 et
3126 2086 3226 2141 pro
3262 2071 3452 2127 eodem
3487 2071 3700 2127 summa

2131 2175 2256 2215 cum
2281 2161 2561 2230 voluptate
2596 2163 2766 2216 emori
2816 2163 3002 2233 elegit,
3045 2163 3174 2234 quid
3217 2164 3438 2227 mirum,
3475 2163 3518 2218 si
3571 2178 3697 2217 cum

2133 2253 2239 2306 hoc
2262 2253 2572 2322 imperium,
2599 2263 2694 2309 aut
2722 2254 2765 2308 si
2795 2255 2925 2324 quid
2956 2255 3187 2323 imperio
3218 2255 3563 2325 praestantius
3590 2264 3694 2322 est,

2133 2344 2374 2401 dividat?
2407 2345 2482 2399 De
2513 2345 2616 2399 hac
2645 2353 2827 2399 autem
2873 2344 3232 2400 beneﬁcentia
3260 2346 3492 2400 multum
3536 2361 3594 2401 se
3623 2347 3699 2400 illi

2134 2434 2358 2499 debere,
2416 2434 2584 2503 idque
2636 2433 2873 2502 ingenue
2903 2433 3179 2500 conﬁteri,
3213 2443 3268 2490 et
3313 2437 3492 2491 verbis
3535 2452 3700 2506 quam

2134 2525 2548 2596 religiosissime
2572 2526 2745 2595 possit
2770 2525 2972 2596 gratias
2996 2540 3189 2596 agere,
3223 2543 3282 2582 re
3318 2527 3434 2596 ipsa
3465 2529 3696 2592 referre,

2131 2632 2255 2673 cum
2305 2617 2489 2671 animo
2517 2616 2767 2672 eamdem
2816 2616 2894 2670 illi
2947 2617 3344 2672 benevolentia:
3387 2620 3700 2688 amorisque

2133 2708 2563 2780 magnitudinem
2593 2707 2934 2762 remetiatur.
2955 2708 3107 2774 Quod
3132 2724 3262 2764 vero
3293 2725 3438 2764 nunc
3461 2710 3566 2764 sibi
3596 2711 3700 2765 im-

2130 2811 2317 2872 ponat,
2348 2799 2400 2855 id
2426 2815 2485 2854 se
2518 2799 2826 2864 admittere,
2853 2811 2907 2854 et
2941 2815 3037 2868 pro
3069 2801 3321 2856 confecto
3347 2802 3550 2856 ducere
3581 2800 3699 2873 [75]

2133 2893 2303 2965 (quod
2335 2895 2483 2948 enim
2510 2891 2578 2946 ad
2601 2907 2661 2947 se
2690 2891 2943 2957 attineat,
2991 2887 3129 2946 nihil
3159 2895 3372 2955 deesse,
3403 2894 3698 2963 quominus

2129 2985 2441 3043 confectum
2470 2983 2588 3047 sit),
2623 2998 2682 3038 re
2731 2989 2912 3038 tamen
2937 2983 3164 3053 nequire
3195 2983 3482 3052 perﬁcere,
3516 2999 3695 3053 neque

2131 3077 2469 3133 allubescere
2502 3076 2626 3140 sibi,
2657 3091 2836 3145 neque
2867 3075 3031 3128 ullam
3051 3075 3450 3146 iucunditatem
3480 3090 3691 3145 parere.

2131 3172 2498 3241 Quamobrem
2521 3169 2712 3238 coeptis
2734 3169 2980 3234 desistat,
2999 3169 3210 3237 sibique
3226 3169 3498 3224 recusanti
3517 3169 3698 3239 ignos-

2125 3273 2231 3320 cat.
2271 3262 2409 3316 Tum
2445 3260 2744 3330 imperator
2780 3277 2793 3312 :
2826 3259 2944 3313 Non
2995 3259 3066 3313 ita
3123 3258 3374 3328 praecise,
3433 3261 3695 3329 nulloque

2128 3360 2390 3424 praetextu
2417 3349 2804 3414 recusandum,
2853 3363 3042 3402 verum
3071 3362 3266 3402 causas
3290 3349 3617 3415 atrerendas,
3639 3361 3696 3406 et

2125 3442 2270 3513 quod
2289 3441 2616 3512 postuletur,
2638 3455 2760 3494 cum
2777 3440 2990 3494 ratione
3011 3454 3120 3494 non
3143 3453 3446 3510 congruere
3471 3439 3697 3495 demon—

2126 3532 2436 3596 strandum,
2463 3541 2627 3601 atque
2654 3532 2729 3586 ita
2761 3530 2980 3585 demum
3014 3530 3230 3600 culpam
3265 3530 3332 3584 ab
3355 3545 3413 3585 se
3438 3545 3696 3586 amoven-

2124 3625 2250 3680 dam
2275 3640 2289 3676 :
2315 3622 2515 3692 alioqui
2537 3637 2638 3676 nec
2660 3622 2966 3692 prudentis,
2993 3636 3093 3677 nec
3115 3621 3268 3676 valde
3289 3623 3520 3677 amantis
3545 3637 3692 3688 esse,

2124 3731 2438 3772 asseverare
2460 3715 2800 3784 simpliciter,
2833 3730 3113 3784 nunquam
3141 3713 3243 3768 sibi
3258 3729 3582 3784 persuasum
3604 3716 3692 3770 iri.

2123 3808 2202 3863 Ac
2228 3808 2272 3863 si
2295 3823 2402 3863 non
2429 3805 2600 3870 aliud,
2634 3807 2737 3861 hoc
2759 3821 2931 3860 unum
2959 3817 3132 3874 certe,
3162 3808 3306 3876 quod
3335 3821 3551 3876 semper
3583 3821 3696 3876 pra:

2125 3915 2185 3955 se
2219 3901 2378 3963 ferat,
2404 3898 2544 3952 nihil
2577 3912 2698 3952 esse
2731 3906 2837 3951 tam
2861 3913 3089 3966 parvum
3119 3906 3210 3951 aut
3243 3912 3522 3968 magnum,
3549 3901 3694 3968 quod

2124 4007 2192 4047 eo
2228 3991 2441 4044 volente
2472 4004 2578 4042 non
2613 3989 2685 4042 sit
2713 3989 2975 4050 facturus,
3003 3989 3127 4057 jure
3159 3988 3225 4041 ad
3256 3988 3464 4042 dandas
3500 4004 3694 4043 manus

2125 4095 2284 4152 posse
2305 4078 2653 4147 compellere.
2682 4076 2738 4130 Si
2768 4076 2928 4128 aliter
2953 4076 3030 4136 ﬁt,
3064 4091 3164 4144 par
3193 4091 3329 4142 esse,
3375 4086 3434 4131 ut
3462 4078 3693 4132 demon-

2121 4181 2281 4236 stret,
2313 4188 2424 4242 quo
2459 4187 2517 4225 se
2549 4170 2815 4223 hactenus
2851 4167 2994 4222 dolis
3023 4167 3307 4222 ductatum
3337 4168 3505 4225 fuisse
3535 4171 3695 4226 intel—

2121 4267 2270 4334 ligat.
2304 4264 2442 4318 Tum
2484 4275 2711 4331 magnus
2738 4257 3071 4314 domesticus
3097 4276 3110 4312 :
3140 4259 3259 4314 Non
3289 4261 3446 4315 aliter
3475 4277 3614 4326 esse,
3637 4273 3694 4319 et

2121 4366 2337 4426 semper
2367 4369 2488 4409 sese
2515 4351 2787 4408 alﬁrmare
2824 4351 3106 4406 facturum
3127 4368 3252 4423 quze
3294 4353 3383 4408 ille
3413 4354 3542 4409 velit
3576 4370 3694 4411 om-

2119 4456 2233 4520 nia,
2265 4461 2321 4508 et
2350 4453 2406 4506 in
2438 4465 2680 4520 praesens
2706 4449 2880 4504 nihilo
2926 4450 3106 4505 minus
3133 4450 3201 4504 ad
3254 4452 3356 4506 hoc
3389 4451 3566 4523 ipsum
3599 4470 3692 4523 pa-

449 4521 714 4590 οὐδεμιᾶς
755 4525 936 4625 αἰτίας
980 4527 1352 4598 ἰσχυρίζεσθαι
1402 4531 1464 4586 τὸ
1501 4535 1575 4606 μὴ
1621 4539 1907 4612 πεισθῆναι
1948 4545 2016 4598 ἄν

2123 4556 2300 4601 ratum
2324 4557 2461 4598 esse.
2486 4540 2756 4597 Caeterum
2792 4540 2939 4610 quod
2971 4540 3135 4600 modo
3170 4556 3199 4594 a
3247 4556 3304 4597 se
3334 4551 3564 4597 conetur
3593 4544 3693 4598 im.

451 4627 605 4664 ποτε.
657 4613 919 4683 Καίτοιγε
953 4618 1000 4670 εί
1050 4618 1126 4688 μή
1171 4636 1224 4672 τι
1256 4620 1419 4684 ἄλλο,
1457 4624 1518 4676 τὸ
1549 4628 1680 4693 γοῦν
1709 4630 1799 4682 ἀεὶ
1829 4632 2014 4688 διαόεο

449 4700 740 4756 ϐαιοῦσθαι
782 4705 951 4774 μηδὲν
989 4703 1130 4760 εἶναι
1165 4709 1300 4780 μήτε
1339 4713 1526 4779 μεῖζον
1569 4717 1706 4788 μήτε
1734 4716 1955 4776 ἔλαττον
1988 4725 2017 4777 ὃ

446 4793 780 4862 θελήσαντος
810 4799 1044 4860 ἐκείνου,
1081 4799 1159 4869 μὴ
1205 4801 1271 4854 ἂν
1300 4804 1380 4864 είς
1421 4805 1597 4872 πέρας
1641 4809 1871 4878 ἀγαγεῖν
1921 4815 2020 4868 αὑ-

443 4884 538 4975 τδν
580 4884 730 4951 ἀξιον
766 4889 1210 4957 καταναγκάζειν
1249 4891 1532 4948 πείθεσθαι
1569 4898 1738 4968 αὐτῷ.
1764 4901 1824 4954 Ei
1849 4902 1894 4954 δ’
1918 4906 2018 4975 οὐχ

447 4973 624 5039 οὕτως
671 4977 841 5047 ἔχεις,
876 4979 1088 5046 δίκαιον
1131 4983 1408 5039 διδάσκειν
1443 4987 1519 5050 ὼς
1573 4988 1639 5042 ἂν
1680 4993 1886 5064 εἰδείην
1925 4973 2016 5050 τὸν

451 5069 721 5140 πρότερον
777 5073 1134 5145 ἡπατημὲνος
1180 5079 1395 5147 χρῦνον.
1453 5081 1643 5148 Οὕτως
1691 5083 1932 5156 ἔφασκεν
1983 5092 2012 5143 ὁ

2051 4676 2064 4689 .
2122 4645 2362 4709 peti-are,
2405 4635 2460 4688 in
2495 4649 2560 4688 eo
2591 4649 2700 4688 non
2743 4633 2853 4687 dici
2886 4633 3243 4689 cohaerentia.
3287 4634 3448 4704 225
3496 4633 3690 4691 Omnia

2120 4729 2266 4784 enim
2293 4737 2514 4797 propter
2539 4741 2627 4780 me
2657 4733 3048 4780 exsecuturum
3078 4725 3336 4791 dixerim,
3368 4727 3570 4796 inquit,
3593 4729 3689 4783 sed

2119 4827 2343 4888 propter
2392 4827 2442 4871 te
2475 4817 2625 4872 ﬁant.
2647 4816 2785 4872 Cum
2827 4833 2994 4887 porro
3045 4817 3122 4883 id,
3158 4819 3226 4874 de
3257 4836 3365 4891 quo
3401 4835 3544 4874 nunc
3578 4835 3692 4875 ser—

2117 4918 2332 4964 monem
2362 4909 2646 4972 habemus,
2682 4919 2908 4978 propter
2941 4925 3028 4965 me
3061 4913 3140 4975 ﬁt,
3172 4926 3352 4981 neque
3377 4910 3590 4981 justitia
3619 4911 3692 4965 si-

2100 5001 2218 5067 nit,
2244 5015 2424 5070 neque
2448 5001 2747 5056 necessitas
2772 5000 2975 5070 ﬂagitat
2997 5002 3295 5070 quidquam
3321 5011 3372 5056 te
3397 5003 3686 5056 verborum

2116 5091 2352 5161 amplius
2396 5090 2770 5161 persuasionis
2816 5106 2946 5161 ergo
2977 5091 3252 5161 proloqui.
3285 5091 3419 5144 Nam
3449 5093 3576 5160 quia
3628 5102 3684 5145 tu

1581 5254 1590 5260 .
1672 5208 1884 5270 Jacobi
1923 5211 2192 5274 Pontani
2223 5221 2412 5276 notat.

444 5305 730 5375 respondit
751 5347 774 5389 ,_
798 5319 1177 5389 praestaturum
1211 5329 1289 5389 _se
1313 5330 1405 5380 ea,
1461 5318 1506 5372 si
1561 5321 1835 5375 secundus
1879 5323 2005 5389 sibi,

441 5390 557 5429 non
614 5390 712 5458 par
751 5377 1156 5458 ‘haberinvelit.
1199 5377 1470 5458 Caeterum
1519 5404 1715 5458 nempe
1743 5377 2004 5447 munduui

442 5459 608 5525 posse
637 5446 1103 5525 duobus_solibus
1132 5454 1245 5524 regi
1276 5494 1290 5518 ,
1350 5472 1529 5525 neque
1576 5446 1768 5514 orbem
1801 5446 2014 5516 summa

436 5515 557 5636 l«111:0
588 5529 756 5636 rlegna
807 5520 958 5574 salvo
990 5531 1134 5576 statu
1178 5515 1453 5580 tErrarum
1488 5528 1711 5584 habere.
1763 5515 2016 5587 Justinus

463 5603 476 5636 ι
637 5624 649 5636 .

463 5600 517 5636 ιι)
591 5600 649 5638 11.

468 5723 481 5736 .
507 5653 632 5738 _(75)
678 5655 979 5738 Pungnantia
1011 5660 1230 5738 videtur
1255 5664 1429 5738 loqui,
1467 5667 1510 5722 si
1552 5669 1839 5738 sequentia
1875 5687 2010 5726 con-

433 5722 687 5808 sideres;
737 5722 843 5781 Sed
902 5729 1031 5808 haec
1062 5731 1133 5808 ad
1184 5722 1428 5794 animum
1458 5777 1474 5802 ,
1509 5722 1646 5807 quae.
1674 5722 2008 5808 sequuntur,

429 5793 507 5849 ad
540 5791 811 5865 habitum,
841 5808 898 5855 et
927 5800 1184 5872 insignia,
1217 5813 1272 5860 ct
1319 5791 2009 5881 nomon'pertinent,"quie

2116 5325 2220 5378 sibi
2247 5326 2323 5378 ait
2373 5340 2480 5378 non
2519 5325 2877 5394 allubescere,
2929 5339 3106 5393 neque
3161 5323 3326 5380 ullam
3373 5324 3702 5394 jucundita—-

2118 5405 2224 5465 tem
2252 5393 2725 5465 parereaAd-hibet
2745 5396 2907 5448 etiam
2930 5394 3029 5447 ista
3057 5393 3399 5450 recusatione
3421 5395 3682 5465 argutias.

2121 5459 2350 5518 Dent—um
2407 5459 2586 5529 infra‘,
2640 5478 2704 5515 ex
2756 5465 2893 5524 illis,
2950 5467 3204 5516 exteriore
3244 5465 3451 5533 quidem
3484 5459 3684 5518 'habim

2117 5535 2406 5602 vestituque
2459 5549 2562 5585 non
2600 5549 2675 5586 eo.
2707 5542 2812 5586 etc.
2837 5572 2852 5595 ,
2895 5542 3064 5601 patet,
3111 5548 3220 5587 non
3257 5544 3364 5587 tam
3412 5534 3585 5589 ollicia
3618 5551 3684 5591 ac

2118 5618 2345 5657 munera
2411 5602 2768 5676 imperatoria
2823 5617 3148 5666 recusasse,
3222 5619 3385 5673 quam
3448 5616 3682 5676 propter

2115 5683 2399 5742 externam
2454 5671 2601 5726 illam
2662 5671 2999 5742 majestatem
3031 5711 3046 5742 ,
3094 5671 3379 5727 cuminon
3429 5671 3684 5734 deessent

2115 5741 2432 5797 Andronico
2493 5742 2677 5810 liberi,
2728 5740 2830 5797 etsi
2879 5740 3226 5812 impuberes,
3288 5744 3548 5800 invidiam
3597 5747 3682 5800 fu-

2112 5815 2274 5883 gisse.
2337 5863 2344 5869 .
