4156 6300
471 354 576 422 471

1660 358 1987 421 JOANNIS
2024 361 2563 425 CANTACUZENI

3621 354 3735 418 472

474 466 550 523 ita
582 467 809 522 allectus
837 482 896 522 es
926 482 1054 538 erga
1100 484 1207 532 me,
1252 478 1310 525 ut
1351 486 1452 540 ego
1499 485 1625 539 erga
1681 480 1755 534 te,
1807 480 1861 525 et
1908 470 2047 525 idem

2168 474 2330 542 μέγας
2371 472 2691 544 δομέστικος
2731 471 2899 541 ἔχειν,
2945 470 3044 525 καὶ
3071 469 3159 524 ἀεί
3191 487 3273 543 rei.
3291 466 3724 538 διῖσχυρίζεσθαι

475 557 622 627 quod
670 573 772 627 ego
828 558 1121 627 protiteris,
1156 576 1266 614 non
1318 570 1402 615 est
1439 560 1741 615 secundum
1788 562 2055 615 rationem

2168 566 2633 637 πάνταλπράττειν
2664 563 2895 627 ἐθέλειν,
2952 563 3091 617 ἅττα
3135 563 3203 619 ἂν
3248 561 3494 633 βούλοιτο
3538 561 3723 625 αὐτὸς,

474 650 813 714 existimare,
840 651 1145 705 orationem
1176 648 1321 706 tua'm
1345 652 1488 722 apud
1512 667 1597 706 me
1616 653 1799 707 valere
1830 652 2050 717 debere,

476 755 658 798 meam
689 741 831 810 apud
874 751 924 795 te
952 757 1062 799 non
1095 743 1246 798 item.
1282 742 1338 796 Si
1369 743 1534 811 igitur
1559 744 1612 796 in
1645 755 1878 812 utroque
1902 758 2055 798 cam-

481 828 608 885 dem
642 830 752 884 vim
783 830 946 885 habet
977 831 1234 901 idemque
1276 832 1441 897 valet,
1473 832 1633 887 decet
1659 840 1717 886 ut
1746 841 1800 886 tu
1833 848 2052 902 quoque

482 923 629 991 quod
663 936 765 991 ego
787 921 974 974 malim
1014 921 1068 977 id
1094 931 1338 991 praestes,
1370 937 1494 977 eum
1531 923 1831 993 praesertim
1861 922 1930 976 de
1966 936 2053 977 me

484 1013 557 1068 sit
582 1010 883 1082 negotium.
913 1010 1029 1075 llis,
1052 1021 1106 1068 et
1131 1013 1383 1083 pluribus
1415 1014 1560 1069 ultro
1585 1017 1836 1083 citroque
1872 1014 2052 1076 dictis.

480 1103 818 1173 imperatore
873 1104 927 1158 id
962 1116 1177 1174 agente,
1214 1117 1417 1162 uteum
1447 1106 1518 1161 ad
1575 1107 1793 1175 imperii
1825 1107 2060 1163 societa-

480 1204 593 1248 tem
616 1196 1006 1264 capessendam
1036 1196 1344 1264 induceret,
1368 1213 1569 1269 magno
1592 1214 1720 1253 vero
1753 1198 2055 1253 domestico

478 1301 707 1356 prorsus
749 1289 1049 1353 abnuente,
1084 1289 1140 1344 in
1173 1305 1415 1359 praesens
1445 1290 1672 1361 digressi
1698 1298 1828 1345 sunt
1860 1306 1875 1345 :
1930 1283 2054 1345 cum

483 1393 585 1432 nec
615 1379 709 1432 ille
737 1395 887 1449 spem
935 1380 1161 1435 omnino
1217 1382 1503 1452 abjieeret,
1553 1396 1654 1436 nec
1701 1382 1792 1437 hic
1845 1390 2055 1436 tantum

480 1472 687 1527 valeret
739 1482 797 1538 ut
854 1491 882 1528 a
915 1476 1184 1529 sententia
1216 1475 1369 1531 i'lum
1419 1476 1792 1546 detorqueret.
1852 1476 2058 1532 Videas

480 1578 614 1635 ergo
640 1574 778 1619 adeo
811 1567 1200 1621 retractarium
1236 1567 1554 1637 imperator,
1585 1568 1726 1623 alios
1751 1569 1976 1638 insuper
2002 1568 2056 1622 in

480 1667 693 1724 partem
735 1658 938 1714 laboris
984 1661 1150 1728 hujus
1183 1676 1380 1715 vocare
1426 1662 1639 1725 statuit,
1696 1661 1745 1715 si
1782 1660 1923 1715 forte
1957 1675 2058 1728 per

482 1764 580 1803 eos
604 1749 748 1817 quod
780 1750 993 1805 volebat
1027 1762 1474 1823 consequeretur.
1524 1752 1896 1807 Andronicum
1927 1751 2060 1805 Asa-

483 1857 633 1908 nem,
666 1843 839 1914 ipsius
860 1860 1139 1912 socerum.
1158 1857 1214 1902 et
1233 1857 1685 1917 protostratorem
1707 1845 2056 1918 Synadenum
2089 1826 2132 1881 Β

483 1934 737 1999 assumit,
773 1937 1194 2005 domesticoque
1224 1955 1409 1995 coram
1449 1948 1741 2010 praesente,
1770 1948 2057 2009 postquam

485 2041 654 2095 super
687 2027 809 2082 aliis
845 2030 1128 2084 nonnullis
1147 2046 1245 2087 eos
1269 2030 1637 2102 compellavit,
1666 2045 1782 2085 rem
1805 2029 2059 2099 proposi-

485 2127 597 2171 tam
628 2132 858 2173 exorsus
885 2127 990 2175 est.
1015 2120 1364 2176 Domestlcus
1385 2120 1641 2177 divinans
1669 2135 1780 2190 quo
1807 2120 1875 2175 de
1902 2135 2064 2190 argu-

486 2218 675 2263 mento
707 2219 987 2266 texeretur
1032 2212 1234 2275 oratio,
1285 2227 1318 2267 e
1351 2211 1586 2267 concilio
1648 2212 2061 2282 imperatorem,

486 2316 550 2354 ac
579 2301 622 2354 si
657 2302 920 2370 quiddam
955 2306 1325 2359 necessarium
1358 2304 1585 2360 haberet
1615 2304 1821 2370 dicere,
1845 2315 2062 2372 evocat;

485 2405 543 2447 et
566 2395 837 2450 seducens
856 2411 1008 2461 eum,
1032 2411 1130 2464 per
1155 2396 1323 2451 Deum
1362 2395 1694 2460 obtestatur,
1724 2411 1791 2449 ne
1819 2396 1947 2464 quid
1970 2411 2063 2450 eo-

489 2498 609 2537 rum
634 2498 757 2552 quae
787 2484 1124 2540 decrevisset
1150 2489 1215 2539 ad
1242 2494 1538 2555 praesentes
1564 2487 1854 2556 proferret.
1874 2496 2062 2556 utpote

487 2575 725 2630 utilitate
764 2577 914 2632 nulla
969 2578 1095 2633 inde
1147 2587 1536 2634 consecutura.
1585 2579 1724 2634 Nam
1770 2582 1815 2635 si
1845 2579 1915 2632 ab
1949 2579 2063 2633 ullo

489 2668 804 2723 mortalium
826 2685 894 2723 eo
925 2670 1150 2740 perpelli
1176 2671 1463 2739 potuisset,
1483 2671 1552 2725 ab
1569 2671 1689 2741 ipso
1713 2671 1974 2741 potuisse.
1997 2673 2065 2726 Et

490 2760 619 2828 quia
650 2761 839 2815 multis
859 2762 1204 2831 assiduisque
1225 2763 1613 2833 congressibus
1630 2772 1813 2818 actum
1837 2766 2060 2833 egisset,

491 2853 677 2907 mirari
716 2868 798 2919 se,
861 2856 1139 2924 quomodo
1183 2856 1319 2910 alios
1364 2856 1418 2910 id
1468 2856 1571 2911 sibi
1625 2855 1914 2911 etl‘ecluros
1943 2872 2068 2927 spe-

491 2945 720 3000 raverit.
771 2944 1094 3014 Imperator,
1151 2947 1411 3016 quoniam
1456 2956 1712 3002 conatum
1743 2962 1907 3005 suum
1946 2949 2063 3004 fore

490 3038 710 3091 inanem
755 3039 1041 3103 cernebat,
1085 3052 1285 3108 magno
1331 3038 1387 3092 in
1421 3038 1609 3094 dolore
1635 3053 1734 3108 per
1764 3038 1882 3094 dies
1916 3053 2066 3093 com-

2156 656 2248 709 καὶ
2282 656 2377 709 νῦν
2417 656 2571 709 οὐδὲν
2605 652 2772 726 ἦττον
2812 655 2950 725 πρὸς
2994 653 3154 708 τοῦτο
3207 652 3728 723 παρεσκευασμένος

2156 744 2319 802 εἶναι.
2369 747 2488 816 Ἐφ’
2518 740 2580 801 οὗ
2612 746 2671 799 δὲ
2703 746 2914 799 πείθειν
2944 748 3040 799 νῦν
3067 745 3399 816 ἐπιχειρεῖς,
3429 744 3491 799 οὐ
3532 742 3727 807 σώζειν

2156 841 2256 909 τὴν
2289 837 2610 892 ἀκολουθίαν
2648 838 2737 892 τὸν
2775 837 2955 906 λόγον.
3001 838 3120 891 Πᾶν
3159 836 3274 906 γὰρ
3320 834 3528 889 έθέλειν
3557 835 3726 886 ποιεῖν

2156 930 2326 999 φαίην
2353 932 2442 995 ἂν,
2472 929 2502 982 δ
2529 930 2589 982 οὐ
2628 929 2695 983 δι’
2737 930 2836 1000 ἐμὲ
2867 928 2934 983 ἂν
2961 928 3225 997 γίγνοιτο,
3265 928 3354 981 διά
3381 927 3442 980 σὲ
3475 926 3551 979 δέ.
3592 924 3728 995 Περὶ

2155 1014 2218 1074 οὗ
2256 1021 2312 1075 δὲ
2365 1020 2462 1076 νῦν
2512 1022 2543 1075 ό
2598 1022 2755 1090 λόγος
2792 1022 2862 1074 δι’
2909 1020 3011 1090 ἐμὲ
3045 1019 3222 1084 ὄντος,
3258 1020 3318 1073 οὐ
3361 1019 3576 1085 δίκαιον
3619 1015 3729 1069 οὐδ’

2157 1116 2463 1184 ἀναγκαῖον
2486 1118 2565 1179 είς
2607 1115 2783 1168 πειθὼ
2827 1114 2906 1184 τῷ
2954 1114 3101 1185 λόγῳ
3154 1110 3415 1183 χρῆσθαι·
3452 1109 3630 1172 ἄλλως
3669 1125 3730 1161 τε

2159 1210 2254 1264 καὶ
2287 1210 2453 1263 αὐτὸν
2481 1207 2748 1273 ὡσαύτως
2787 1207 3133 1278 διακείμενον
3168 1205 3302 1275 περὶ
3333 1203 3457 1275 ἐμὲ,
3495 1203 3730 1264 καὶτοῖς

2159 1303 2369 1374 ὁμοίοις
2422 1304 2518 1355 καὶ
2569 1301 2737 1355 αὐτὸν
2784 1300 3078 1372 χρώμενον
3112 1297 3321 1365 λόγοις,
3355 1296 3456 1349 οὐκ
3509 1292 3731 1362 εΰλογον

2162 1395 2297 1464 πρὸς
2340 1395 2441 1464 ἐμὲ
2483 1395 2582 1465 μὲν
2620 1394 2847 1465 ίσχυρδν
2876 1393 2969 1447 τὸν
2999 1392 3161 1461 λόγον
3200 1391 3478 1461 ἡγεῖσθαι,
3509 1391 3645 1459 πρὸς
3673 1390 3729 1442 σὲ

2157 1484 2215 1539 δὲ
2254 1483 2331 1555 μὴ
2374 1483 2638 1538 δύνασθαι
2671 1482 2743 1537 τά
2777 1482 2889 1537 ίσα.
2920 1483 2986 1538 Ei
3018 1472 3062 1535 δ’
3095 1483 3153 1534 έν
3178 1479 3515 1550 ἀμφοτέροις
3540 1478 3730 1548 ὁμοίαν

2160 1575 2271 1644 ἔχει
2301 1573 2402 1645 τὴν
2434 1574 2608 1644 ίσχὺν,
2639 1573 2852 1630 δίκαιον
2897 1572 2994 1627 καὶ
3044 1571 3127 1635 σὲ,
3167 1571 3196 1625 ὃ
3227 1571 3430 1642 μᾶλλον
3460 1567 3572 1638 ἐγὼ
3611 1569 3731 1640 βού-

2159 1665 2216 1718 λς
2228 1683 2324 1736 μαι
2365 1666 2616 1735 ποιῆσαι,
2646 1665 2825 1728 ἄλλως
2867 1681 2928 1717 τε
2960 1664 3057 1718 καὶ
3083 1663 3211 1731 περὶ
3244 1662 3382 1732 ἐμοῦ
3410 1661 3503 1714 τοῦ
3535 1660 3728 1730 Cnseo-

2164 1760 2326 1829 μένου
2377 1758 2550 1822 δντος.
2600 1757 2877 1812 Τοιούτων
2904 1757 2969 1828 δή
3002 1772 3166 1810 τινων
3194 1755 3292 1809 καὶ
3319 1754 3587 1808 πλειόνων
3602 1752 3728 1805 trs-

2162 1869 2272 1926 ρων
2303 1852 2440 1923 πρὸς
2484 1851 2753 1922 ἀλλήλους
2802 1849 3132 1920 εἰρημένων,
3187 1847 3449 1918 βασιλέως
3482 1845 3582 1916 μὲν
3608 1846 3727 1897 ἑπι-

2161 1944 2475 2017 χειροῦντος
2536 1943 2749 1997 πείθειν
2799 1941 3051 2013 δέχεσθαι
3105 1940 3206 2011 τὴν
3258 1940 3578 2010 βασιλείαν,
3635 1937 3726 1991 τοῦ

2165 2038 2402 2106 μεγάλου
2436 2038 2759 2107 δομεστίκου
2792 2035 2851 2089 δὲ
2872 2038 3009 2106 μήτε
3029 2018 3358 2105 βουλομένου
3381 2035 3518 2103 μήτε
3546 2033 3730 2085 πειθο-

2164 2130 2356 2199 μένου,
2388 2128 2447 2181 τὸ
2477 2127 2573 2181 νῦν
2606 2129 2705 2197 μὲν
2736 2126 2884 2196 ἕχον,
2908 2126 3259 2195 διελύθησαν.
3286 2124 3399 2178 οὔτ’
3423 2121 3733 2191 ἀπαγορεύ-

2165 2234 2364 2280 σαντος
2408 2217 2486 2278 είς
2521 2212 2675 2277 τέλος
2718 2214 3009 2285 βασιλέως,
3050 2213 3177 2266 οὔτε
3225 2211 3320 2265 τοῦ
3374 2212 3614 2280 μεγάλου
3646 2211 3731 2265 δοο

2165 2307 2428 2378 μεστίκου
2459 2306 2806 2376 ἀποσχέσθαι
2835 2305 2943 2358 τοῦ
2965 2305 3294 2375 πράγματος
3333 2305 3524 2357 πεῖσαι
3575 2301 3731 2371 δυνη-

2164 2405 2353 2464 θέντος
2406 2401 2659 2471 βασιλέα.
2696 2398 2959 2462 Βασιλεὺς
2989 2398 3048 2451 δὲ
3079 2397 3245 2452 αὑτὸν
3271 2395 3444 2459 οὕτως
3479 2393 3732 2449 ἀνθιστάο

2167 2511 2330 2565 μενον
2388 2493 2552 2565 ὁρῶν,
2587 2494 2700 2547 δετν
2738 2492 2883 2562 ἔγνω
2938 2492 3036 2546 καὶ
3097 2492 3319 2560 ἑτέρους
3376 2490 3515 2562 πρδς
3565 2488 3735 2543 πειθὼ

2166 2586 2536 2656 παραλαϐεῖν,
2587 2587 2760 2649 είπως
2808 2584 3066 2655 δυνηθείη
3102 2584 3171 2649 δι’
3213 2583 3397 2637 αὐτῶν
3439 2585 3630 2636 πεῖσαι
3655 2582 3743 2637 δέ·-

2167 2674 2363 2738 ξασθαι
2400 2675 2498 2739 τὴν
2537 2672 2845 2742 βασιλείαν,
2892 2673 2986 2726 καὶ
3020 2671 3357 2743 παραλαϐὼν
3397 2671 3737 2742 ’Δνδρόνικον

2165 2769 2257 2820 τὸν
2308 2766 2566 2835 ’Δσάνην,
2605 2766 2735 2820 ὄντα
2766 2767 2860 2819 τοῦ
2905 2765 3144 2835 μεγάλου
3175 2765 3499 2835 δομεστίκου
3533 2765 3738 2818 πενθε-

2168 2859 2285 2930 ρὸν,
2316 2861 2412 2911 καὶ
2441 2859 2534 2912 τὸν
2569 2858 3038 2928 πρωτοστράτορα
3080 2858 3411 2928 Συναδηνὸν,
3441 2859 3539 2911 καὶ
3575 2857 3735 2911 αὐτοῦ

2171 2949 2410 3021 μεγάλου
2443 2949 2774 3019 δομεστίκου
2801 2930 3099 3020 παρόντος,
3135 2949 3276 3019 μετά
3302 2949 3363 3001 τὸ
3390 2947 3737 3019 διαλεχθῆναι

2167 3043 2299 3111 περί
2347 3058 2513 3095 τινων
2545 3041 2752 3111 ἑτέρων
2782 3039 2922 3111 πρὸς
2970 3039 3194 3106 αὐτοὺς,
3227 3039 3330 3111 ήδη
3362 3037 3614 3109 καὶπερὶ
3643 3040 3751 3092 τοῦ

493 3127 679 3198 plures
711 3126 833 3193 fuit,
881 3128 1061 3197 deque
1112 3130 1293 3199 magni
1343 3130 1629 3187 domestici
1695 3130 2062 3186 inobedientia

2170 3131 2538 3199 προκειμένου
2568 3126 3096 3200 προοιμιαζομένου,
3127 3129 3155 3180 ὁ
3207 3129 3385 3198 μέγας
3417 3126 3739 3195 δομέστικος

493 3226 550 3272 et
576 3233 767 3287 parum
803 3218 1035 3273 honesta
1074 3219 1379 3285 pertinacia
1412 3219 1814 3289 querimoniam
1847 3219 2061 3274 habuit.

490 3309 885 3366 Verumtamen
937 3311 1194 3381 precibus
1218 3312 1537 3380 obsecutus,
1591 3314 1659 3369 de
1687 3328 1747 3369 re
1779 3322 2066 3383 tantopere

493 3402 679 3470 cupita
703 3402 991 3457 conticuit.
1036 3400 1118 3457 Illi
1140 3403 1254 3469 alii,
1294 3404 1427 3473 quid
1457 3405 1755 3474 imperator
1784 3382 2063 3472 voluistset,

493 3506 606 3547 non
627 3492 763 3548 satis
778 3501 1000 3556 norant,
1013 3493 1119 3549 nisi
1137 3494 1282 3563 quod
1299 3493 1668 3551 verisimiliter
1686 3497 2069 3567 coniectabant

493 3584 566 3638 de
593 3583 783 3639 arduis
805 3584 1045 3654 negotiis
1069 3600 1194 3639 cum
1226 3585 1362 3655 ipsis
1396 3595 1669 3654 acturum,
1696 3603 1727 3642 a
1762 3586 2068 3642 domestico

493 3670 820 3743 impeditum
853 3675 1029 3732 fuisse
1068 3692 1084 3730 :
1120 3692 1285 3745 quam
1333 3692 1449 3732 rem
1488 3678 1539 3733 ei
1574 3679 1711 3733 vitio
1764 3681 2067 3748 vertebant,

494 3782 796 3837 secumque
841 3767 1189 3837 iniquissime
1225 3779 1406 3824 actum
1442 3771 1867 3826 contendebant.
1901 3773 2068 3829 Porro

495 3873 660 3913 nemo
698 3860 793 3929 qui
826 3859 930 3913 ista
969 3861 1146 3926 audit,
1172 3859 1323 3914 nullo
1354 3870 1680 3931 argumento
1709 3862 1937 3932 probata
1967 3881 2071 3921 nos

494 3951 744 4007 scribere
780 3966 844 4007 ac
870 3952 1096 4006 mentiri
1158 3961 1332 4023 putet,
1364 3955 1510 4024 quod
1532 3944 1664 4010 haec
1702 3971 1875 4027 usque
1905 3957 2070 4013 hodie

494 4058 608 4098 non
641 4043 860 4113 publice
884 4045 1262 4101 innatuerunt.
1296 4045 1466 4117 226
1498 4045 1692 4102 Testor
1710 4047 1857 4102 enim
1887 4047 2071 4103 omnia

496 4135 895 4205 inspectautcm
917 4147 972 4191 et
1008 4136 1279 4192 universis
1306 4152 1429 4205 quae
1447 4148 1576 4193 sunt
1597 4153 1812 4208 semper
1831 4154 2072 4208 praesen-

497 4233 607 4278 tem
638 4225 1084 4294 incertorumque
1114 4232 1171 4278 et
1201 4226 1539 4280 occultorum
1568 4227 1707 4281 nihil
1731 4227 2069 4282 nescientem

494 4315 694 4379 Deum,
729 4332 813 4369 me
844 4330 1026 4384 neque
1056 4315 1109 4368 in
1134 4315 1348 4370 caeteris
1371 4315 1652 4378 omnibus,
1682 4333 1802 4385 qua:
1826 4318 2068 4379 narravi.

496 4409 584 4469 vel
613 4409 818 4473 odium,
846 4408 930 4462 vel
961 4408 1212 4478 gratiam,
1237 4407 1324 4461 vel
1349 4406 1493 4462 aliud
1520 4407 1826 4476 quidquam
1850 4408 2071 4462 veritati

2168 3223 2299 3292 περὶ
2343 3215 2419 3275 ὧν
2449 3221 2661 3274 ἔσοιντο
2701 3220 2752 3273 oi
2787 3220 2937 3287 λόγοι
2965 3218 3290 3290 συμϐαλὼν,
3326 3217 3520 3289 ἀνίστη
3564 3234 3624 3272 τε
3650 3217 3753 3272 τὸν-

2172 3314 2399 3385 βασιλέα
2432 3313 2528 3367 τοῦ
2562 3310 2860 3381 συνεδρίου,
2890 3310 2967 3373 ὡς
2991 3310 3281 3382 περίτινος
3297 3311 3597 3378 ἀναγκαίου
3624 3310 3742 3381 μέλ-

2169 3402 2280 3456 λων
2313 3399 2683 3467 διαλέξεσθαι·
2720 3401 2816 3454 καὶ
2843 3399 3004 3471 μόνον
3032 3397 3389 3470 παραλαϐὼν,
3424 3397 3630 3469 ὦρκιζε
3652 3398 3745 3451 τὸν

2169 3495 2328 3559 Θεὸν,
2367 3493 2537 3566 μηδὲν
2563 3494 2701 3565 πρὸς
2731 3493 2857 3555 τοὺς
2890 3491 3213 3562 εἰρημένους
3238 3492 3369 3560 περὶ
3396 3483 3473 3545 ὧν
3504 3490 3763 3563 βούλοιτο.

2171 3584 2375 3646 εἰπεῖν,
2415 3583 2491 3646 ὡς
2521 3581 2790 3649 ὠφελείας
2817 3581 3078 3651 οὐδεμιᾶς
3109 3582 3173 3633 ὲκ
3202 3580 3313 3633 τῶν
3344 3579 3518 3649 λόγων
3545 3580 3742 3651 ἐσομέ-

2172 3692 2291 3746 νης.
2328 3675 2391 3729 Εί
2421 3676 2532 3746 γὰρ
2567 3674 2698 3744 ένῆν
2737 3674 2846 3728 ὑπό
2885 3691 3053 3728 τινων
3090 3673 3411 3743 πεισθῆναι,
3442 3673 3647 3744 μᾶλλον
3673 3673 3740 3728 ἂν
3804 3684 3813 3685 ί

2171 3763 2280 3817 τῶν
2318 3763 2493 3819 ἄλλων
2526 3762 2747 3836 πάντων
2803 3762 3052 3817 ἐπείθετο
3109 3761 3281 3833 αὐτῷ.
3333 3761 3510 3815 Αὐτοῦ
3564 3762 3631 3832 δὴ
3672 3763 3754 3828 ,ὲκ-

2175 3854 2387 3909 πολλῶν
2412 3855 2504 3909 καὶ
2536 3854 2780 3925 συνεχῶν
2803 3853 3034 3925 ὁμιλιῶν
3068 3852 3233 3906 πλέον
3270 3853 3537 3924 ἠνυκότος
3567 3852 3745 3919 οὐδὲν,

2174 3948 2481 4019 θαυμάζειν
2514 3948 2564 4000 εί
2603 3946 2817 4017 ἑτέροις
2848 3934 2991 3999 τισὶν
3025 3944 3227 4016 ἦλπισε
3270 3942 3433 3998 τοῦτο
3485 3943 3740 4014 γενέσθαι

2173 4039 2419 4095 δυνατόν.
2452 4038 2720 4101 Βασιλεὺς
2773 4037 2829 4092 δὲ
2865 4036 3083 4107 ήλγησε
3135 4038 3235 4107 μὲν
3266 4037 3368 4090 οὐκ
3421 4037 3511 4090 ἐπ’
3542 4039 3745 4105 ὀλίγον,

2175 4132 2321 4201 ὀρῶν
2356 4132 2459 4202 ἥδη
2504 4131 2603 4202 τὴν
2635 4130 2985 4200 ἐπιχείρησιν
3016 4130 3117 4184 οὐκ
3143 4130 3414 4200 ἐσομένην
3447 4131 3746 4202 ἀνυσθῆναι

2174 4226 2432 4294 δυνατήν.
2473 4225 2583 4278 Καὶ
2624 4224 2926 4277 διετέλεσεν
2973 4223 3190 4293 ἡμέρας
3248 4222 3350 4277 οὐκ
3391 4223 3605 4293 ὀλίγας,
3658 4224 3747 4276 ἀλ·
3800 4284 3805 4291 ,

2174 4317 2288 4383 γῶν
2323 4331 2385 4367 τε
2422 4316 2518 4368 καὶ
2547 4314 2719 4368 πολλά
2754 4313 2848 4367 τὸν
2889 4313 3066 4385 μέγαν
3108 4314 3432 4385 δομέστικον
3460 4333 3767 4387 καταμεμ-ρ

2176 4410 2411 4479 φάμενος
2457 4410 2558 4479 τῆς
2609 4406 2894 4471 ἀπειθείας
2933 4407 3029 4462 καὶ
3060 4408 3159 4477 τῆς
3205 4409 3269 4463 οὐ
3302 4409 3475 4479 καλῆς
3508 4410 3747 4478 φιλονει-

496 4500 888 4572 praeposuisse,
921 4510 976 4554 et
1002 4513 1150 4554 nunc
1172 4513 1285 4553 rem
1310 4506 1516 4568 gestam
1549 4509 1610 4553 ut
1634 4509 1786 4569 gesta
1807 4508 1894 4555 est
1912 4500 2066 4556 vobis

2176 4505 2325 4566 κίας.
2358 4503 2549 4569 Ὅμως
2602 4501 2790 4571 μέντοι
2819 4501 2932 4562 τοῖς
2969 4500 3184 4555 ἐκείνου
3213 4501 3540 4571 πειθόμενος
3565 4501 3747 4570 λόγοις

499 4590 816 4646 tradidisse.
844 4589 1035 4659 Neque
1089 4602 1221 4644 vero
1250 4587 1442 4654 semel,
1479 4587 1634 4643 bisve
1659 4596 1944 4658 quaterve,
1977 4591 2072 4646 sed

495 4684 701 4751 saepius
725 4681 1072 4737 Andronicus
1100 4681 1289 4751 junior
1313 4681 1609 4749 imperator
1631 4678 2072 4737 Cantacuzenum

495 4789 754 4843 magnum
789 4773 1147 4828 domesticum
1178 4780 1292 4828 toto
1314 4780 1537 4841 pectore
1576 4781 1631 4827 et
1692 4772 1844 4827 omni
1873 4784 2071 4830 conatu

496 4865 834 4921 ornamentis
859 4864 1228 4933 imperatoriis
1251 4864 1640 4925 condecorare,
1659 4863 1877 4933 sibique
1900 4879 2076 4921 asses-

499 4973 682 5014 sorem
710 4967 767 5012 et
801 4956 1069 5026 collegam
1099 4964 1359 5026 cooptare
1390 4956 1695 5011 contendit.
1729 4956 1848 5023 Quo
1878 4958 2074 5013 nimio-

498 5067 630 5122 pere
658 5053 1021 5116 detrectante,
1045 5049 1535 5119 conﬁrmanteque,
1565 5065 1677 5120 quo
1717 5065 1803 5105 res
1837 5065 2075 5121 cumque

499 5146 742 5208 caderet,
772 5159 1048 5213 nunquam
1076 5159 1134 5198 se
1163 5142 1695 5212 obtemperaturum,
1720 5141 1813 5196 diu
1846 5144 1901 5195 in
1925 5143 2072 5212 gravi

504 5236 826 5306 aegrimonia
866 5243 1121 5290 Versatus
1144 5245 1247 5297 est,
1286 5244 1341 5290 et
1369 5234 1715 5290 immodicam
1758 5235 1878 5305 ejus
1908 5234 2077 5288 obsti-

500 5329 782 5384 nationem
806 5328 859 5382 in
880 5326 1309 5397 reprehensione
1325 5327 1529 5398 posuit.
1548 5325 1836 5381 Exteriore
1856 5325 2075 5396 quidem

500 5419 691 5475 habitu
722 5419 1037 5489 vestituque
1085 5434 1191 5473 non
1216 5435 1280 5474 eo
1314 5419 1760 5490 incedebat,.quo
1780 5420 2075 5488 imperator

504 5515 835 5580 postulabat,
868 5514 961 5568 sed
991 5512 1302 5569 actionibus
1326 5512 1724 5583 propemodum
1754 5512 1892 5567 nihil
1910 5511 1980 5566 ab
2008 5526 2076 5565 eo

502 5603 817 5661 diﬁerebat.
848 5604 983 5659 Nam
1019 5614 1073 5659 et
1108 5619 1291 5658 rerum
1325 5611 1438 5658 tota
1470 5602 1878 5658 administratio
1911 5617 2077 5673 penes

501 5694 655 5748 illum
690 5705 828 5759 erat,
864 5707 919 5749 et
942 5696 1138 5751 edictis
1166 5694 1541 5764 imperatoriis
1567 5710 1721 5763 aeque
1745 5703 1805 5747 ut
1832 5693 1947 5762 ipse
1972 5694 2076 5746 im-

501 5797 722 5857 peratur
755 5789 923 5841 m’nio
959 5804 1054 5842 seu
1079 5785 1763 5843 rumabarisubscribebat
1799 5802 1811 5837 :
1845 5801 2076 5855 (“1.2.118

2177 4592 2451 4660 ἀπέσχετο
2497 4587 2593 4643 τοῦ
2645 4587 2828 4657 λέγειν
2869 4590 3001 4658 περὶ
3043 4580 3121 4642 ὧν
3170 4585 3400 4658 ὥρμητο
3443 4589 3582 4658 πρὸς
3622 4590 3764 4652 τοὺςς

2175 4683 2659 4753 είρημένουςνΚαὶ
2700 4682 2855 4735 αὐτοὶ
2902 4681 2961 4735 δὲ
3011 4683 3038 4735 ὅ
3070 4699 3122 4735 τι
3156 4681 3257 4751 μὲν
3307 4681 3535 4752 ἔμελλεν
3580 4684 3746 4752 ἐρεῖν,

2177 4776 2276 4830 οὐκ
2317 4774 2539 4846 ᾔδεισαν
2584 4772 2851 4845 ἀκριϐῶς,
2885 4775 2914 4827 ό
2958 4772 3239 4844 βασιλεὺς,
3272 4771 3424 4843 ὅμως
3454 4772 3513 4826 δὲ
3546 4773 3611 4824 ὲκ
3638 4770 3747 4824 τῶν

2178 4867 2408 4921 εἰκότων
2445 4864 2841 4935 στοχαζόμενοι
2866 4863 2942 4927 ὡς
2973 4864 3105 4935 περί
3135 4880 3299 4916 τινων
3336 4863 3599 4933 μεγάλων
3635 4863 3750 4916 δια-

2183 4958 2437 5025 λέξεσθαι
2473 4958 2759 5028 μέλλοντος
2795 4955 3004 5021 αὐτοῖς,
3045 4955 3152 5008 ὑπὸ
3185 4954 3280 5008 τοῦ
3313 4954 3559 5024 μεγάλου
3592 4956 3749 5024 δομε-

2180 5055 2367 5107 στίκου
2394 5050 2690 5120 κωλυθείη,
2722 5051 2782 5102 έν
2810 5048 3017 5111 αίτίαις
3036 5065 3093 5100 τε
3116 5048 3280 5101 αὐτὸν
3317 5049 3624 5113 ἐποιοῦντο,
3655 5047 3748 5102 καὶ

2177 5145 2248 5200 τά
2269 5145 2473 5216 ἔσχατα
2502 5141 2795 5215 ἠδικῆσθαι
2827 5141 3158 5195 διετείνοντο
3191 5141 3283 5194 ὑπ’
3327 5140 3517 5196 αὑτοῦ.
3546 5140 3750 5210 Μηδεὶς

2178 5239 2237 5293 δὲ
2297 5236 2451 5291 ταῦτ’
2502 5235 2742 5303 ἀκούων,
2801 5233 3167 5302 ἀνεξέλεγκτα
3207 5233 3406 5288 οίέσθω
3456 5232 3750 5302 ψεύδεσθαι

2177 5333 2328 5402 ἡμᾶς
2358 5330 2449 5383 διὰ
2486 5330 2547 5384 τὸ
2578 5328 2655 5400 μὴ
2691 5329 2827 5382 πᾶσι
2878 5328 3044 5399 μέχρι
3079 5329 3175 5381 νῦν
3217 5325 3287 5379 τά
3317 5326 3550 5380 τοιαῦτα
3584 5324 3748 5379 κατά·
3860 5384 3873 5389 ,

2178 5424 2319 5492 δηλα
2355 5422 2635 5491 γενέσθαι.
2670 5423 2834 5497 Ἵστω
2882 5421 2993 5493 γὰρ
3037 5419 3170 5483 Θεὸς
3216 5419 3246 5471 ό
3303 5418 3485 5471 πάντα
3516 5417 3746 5488 ἐφορῶν,

2180 5515 2274 5569 καὶ
2304 5515 2442 5568 πᾶσι
2490 5516 2605 5577 τοῖς
2634 5513 2943 5584 γινομένοις
2974 5512 3062 5566 ἀεὶ
3096 5509 3310 5583 παρὼν.
3345 5510 3441 5564 καὶ
3478 5509 3588 5563 τῶν
3624 5509 3752 5578 ἀδή-

2180 5602 2286 5655 λων
2337 5602 2432 5655 καὶ
2473 5601 2877 5672 κεκρυμμένων
2920 5599 3132 5667 ἀγνοῶν
3184 5597 3383 5669 μηδὲν.
3420 5597 3495 5659 ὡς
3521 5594 3750 5649 οὔτ’ἐπὶ

2181 5696 2293 5756 τοῖς
2353 5693 2535 5756 ἀλλοις
2597 5694 2709 5755 τοῖς
2769 5689 3287 5761 συγγεγραμμένοις
3343 5688 3587 5751 άπασιν,
3638 5683 3750 5739 οὔτ’

2183 5783 2382 5856 ἔχθραν
2419 5782 2542 5837 οὔτε
2599 5780 2806 5852 φιλίαν,
2860 5780 2969 5836 οὔτ’
3006 5779 3136 5834 ἄλλο
3176 5780 3283 5836 τῶν
3328 5777 3547 5835 πάντων
3601 5774 3761 5831 οὐδὲν
