4156 6300
582 482 694 548 475

1786 468 2031 531 JOANN
2048 469 2115 527 IS
2156 458 2685 527 CANTACUZENI

589 606 781 663 pacem
817 606 942 647 cum
973 587 1235 645 Zaeliaria
1266 583 1594 654 composuit.
1626 581 1727 637 sub
1754 596 1818 635 ea
1845 579 2162 635 conditione
2193 628 2197 637 .

2299 574 2469 648 ηαδίως
2500 572 2680 643 ἔχοντι
2711 568 2932 639 πολέμῳ
2955 567 3056 638 τὴν
3075 567 3241 638 νῆσον
3277 562 3573 635 Ῥωμαίοις
3602 563 3832 616 sum.

592 698 653 740 ut
704 687 749 739 is
789 685 984 737 Chium
1028 682 1291 737 retineret
1347 694 1442 747 per
1469 675 1821 738 decennium,
1883 688 1984 728 nec
2018 681 2164 727 esset

593 776 942 836 tributarius,
970 782 1181 826 tantum
1206 780 1267 824 ut
1284 769 1461 823 insula
1488 764 1834 835 imperatoris
1853 773 2162 829 vocaretur,

594 881 650 923 et
683 870 736 921 in
759 866 931 921 muris
955 865 1109 934 signa
1135 863 1254 931 ejus
1282 859 1600 931 figerentur;
1626 872 1691 913 eo
1716 866 1961 927 tempore
1987 855 2162 919 linito,

596 960 855 1015 Romanis
910 959 1315 1013 restitueretur.
1365 952 1478 1007 lloe
1511 952 1690 1007 foedus
1747 950 1984 1020 primum
2040 962 2166 1001 cum

596 1051 860 1106 Zacharia
897 1050 1167 1120 percussit
1197 1047 1512 1116 imperator.
1539 1043 1688 1098 Intra
1727 1040 1950 1097 eosdem
1993 1052 2169 1092 annos

597 1139 914 1205 Zacharias,
946 1137 1099 1192 Chiis
1133 1137 1394 1202 subactis,
1429 1134 1665 1187 insulam
1699 1132 1783 1187 sui
1836 1131 1975 1201 juris
2011 1128 2168 1194 fecit;

600 1230 874 1300 Ochyrum
897 1228 1182 1296 oppidum,
1208 1233 1263 1280 et
1292 1225 1397 1279 alia
1425 1233 1695 1278 vetusmte
1721 1224 1944 1277 rninosa
1961 1219 2170 1274 instau-

606 1323 802 1385 ravit;
856 1329 913 1373 et
956 1318 1146 1373 sicubi
1207 1331 1345 1386 opus
1387 1323 1507 1369 erat
1534 1355 1549 1378 ,
1593 1328 1784 1368 muros
1825 1314 1880 1367 in
1932 1308 2174 1365 altitudi-

606 1426 729 1466 nem
769 1411 1030 1480 majorem
1059 1407 1279 1472 eduxit;
1311 1407 1485 1461 fossas
1530 1407 1660 1460 item
1714 1413 1770 1459 et
1801 1404 1902 1458 alia
1939 1403 2175 1457 adorna-

604 1505 706 1569 vit,
744 1520 865 1573 quae
892 1504 1242 1567 usuiesscnt,
1275 1501 1319 1556 si
1345 1500 1488 1555 bello
1515 1507 1813 1569 peteretur.
1846 1497 2044 1566 Elapso
2070 1496 2175 1551 hoc

605 1598 873 1652 tlecennio
900 1611 1025 1650 cum
1062 1594 1272 1648 videret
1303 1592 1606 1660 imperator
1639 1588 1838 1645 Chium
1867 1587 1945 1643 sic
1991 1586 2176 1641 muni-

608 1698 719 1743 tam
771 1687 917 1742 haud
957 1687 1077 1740 sine
1110 1698 1309 1754 magno
1349 1683 1538 1736 labore
1571 1695 1733 1751 posse
1765 1680 1965 1748 recipi,
2007 1686 2063 1732 et
2088 1691 2180 1731 ac-

607 1779 869 1835 cessisset
899 1785 1166 1846 praiterea
1201 1764 1403 1843 legatio
1445 1786 1474 1824 a
1499 1770 1785 1834 Zacharia,
1815 1784 1920 1839 qua
1950 1769 2181 1838 rogaba-

611 1879 724 1933 tur,
773 1884 844 1923 ne
893 1868 998 1923 sibi
1023 1874 1248 1937 propter
1294 1864 1530 1918 insulam
1556 1861 1835 1932 negotium
1860 1861 2175 1924 exhiberet,
2209 1904 2254 1964 Β

612 1960 1052 2031 quinquennium
1093 1958 1198 2013 Sub
1236 1956 1430 2011 iisdem
1484 1954 1894 2010 conditionibus
1956 1952 2177 2022 adjecit,

613 2065 946 2122 rursumque
1011 2049 1160 2105 aliud
1214 2048 1675 2118 quinquennium.
1715 2043 1975 2098 Zacharia
2033 2043 2181 2098 enim

615 2154 855 2210 mortuo,
912 2143 1009 2197 inii
1035 2143 1177 2211 ejus,
1215 2150 1276 2195 ut
1300 2126 1449 2202 cini,
1486 2139 1561 2193 ita
1588 2147 1830 2208 paternae
1866 2134 2185 2191 calliditatis

617 2236 884 2301 haeredes,
917 2244 973 2290 et
1019 2235 1405 2303 imperatorem
1458 2231 1631 2285 instar
1659 2228 1811 2299 pueri
1864 2236 2182 2293 tractantes,

616 2326 933 2396 priusquam
966 2325 1095 2379 anni
1125 2322 1369 2379 concessi
1409 2320 1722 2388 (inirentur,
1773 2319 1912 2373 alios
1937 2318 2184 2388 pacisce-

614 2420 819 2475 bantur
852 2435 866 2473 :
896 2428 951 2473 et
979 2432 1104 2474 cum
1140 2432 1200 2471 re
1231 2414 1455 2485 quidem
1504 2414 1607 2483 ipsi
1642 2411 1818 2467 insula
1848 2410 2185 2476 fruerentur,

620 2508 737 2563 ευιο
764 2507 987 2562 nomine
1023 2505 1415 2576 imperatorem
1450 2517 1576 2558 esse
1599 2501 1882 2557 dominum
1913 2499 2186 2555 sinebant.

600 2596 738 2651 'Jam
789 2594 970 2651 foedus
1000 2595 1204 2660 exibat,
1244 2608 1367 2648 cum
1402 2592 1724 2648 Calothetus
1773 2604 1915 2645 unus
1940 2589 2007 2644 de
2037 2587 2189 2644 Chiis

620 2685 868 2754 dynastis
902 2685 1261 2738 maximarum
1294 2697 1487 2751 opum,
1528 2681 1618 2735 cui
1652 2696 1777 2734 cum
1817 2679 1983 2733 domo
2008 2678 2190 2748 magni

624 2772 914 2827 domestici
976 2780 1137 2826 vetus
1181 2780 1240 2825 et
1286 2785 1499 2825 summa
1530 2784 1648 2824 erat
1699 2767 2050 2823 necessitudo
2083 2766 2190 2838 (avi

623 2864 770 2916 enim
828 2863 967 2933 ejus,
999 2861 1302 2917 domestici
1349 2861 1651 2932 majoribus
1678 2859 2018 2926 amicissimi,
2064 2875 2196 2914 con-

623 2952 1069 3022 iunctissimiquc
1101 2951 1342 3018 fuerant,
1373 2961 1434 3005 ut
1476 2961 1531 3006 et
1579 2951 1694 3020 ipse
1721 2949 2069 3019 domestico),
2103 2950 2196 3004 hic

627 3043 797 3113 igitur
829 3042 1153 3098 Calothetus
1186 3041 1253 3096 ad
1286 3051 1515 3096 matrem
1567 3040 1709 3110 ejus,
1743 3054 1839 3109 per
1870 3039 1922 3095 id
1981 3049 2197 3110 tempus

629 3134 996 3206 Didymotichi
1028 3140 1340 3188 manentem
1368 3130 1525 3198 adiit,
1564 3129 1883 3186 Latinorum
1931 3131 2112 3187 scelus
2144 3131 2196 3185 ei

2269 670 2414 732 σθαι,
2472 666 2619 732 εδοξε
2669 663 2967 717 λυσιτελεῖν
3028 660 3312 733 εἰρηνικὰς
3376 657 3515 729 πρὸς
3558 655 3834 725 Ζαχαρίαν

2269 755 2501 818 σπονδὰς
2550 752 2761 816 θέσθαι,
2813 748 2956 803 ὥστε
3005 750 3135 802 Χίον
3192 748 3291 819 μὲν
3329 746 3422 799 ἐπὶ
3481 744 3613 798 δέκα
3690 743 3837 794 ἔτεσι

2267 846 2599 917 κατέχεσθαι
2630 843 2763 912 παρ’
2788 841 2978 907 αὐτοῦ,
3012 841 3114 895 ικαὶ
3166 839 3370 910 μηδένα
3413 836 3635 907 βασιλεῖ
3666 832 3839 902 παρέ-

2268 956 2385 1010 χειν
2418 938 2605 1007 φὸρον,
2658 931 3028 1004 ὀνομάζεσθαι
3084 931 3141 984 δὲ
3201 931 3360 1001 μόνον
3415 927 3705 1000 βασιλέως,
3747 927 3841 979 καὶ

2272 1029 2516 1100 σημαίας
2567 1028 2662 1081 ἐπὶ
2734 1024 2844 1079 τῶν
2900 1023 3096 1095 τειχῶν
3153 1021 3455 1090 ἀνάγεσθαι
3516 1020 3836 1090 βασιλικᾶςο

2277 1120 2415 1191 μετὰ
2442 1120 2499 1172 δὲ
2533 1118 2634 1189 τὴν
2662 1118 2973 1180 δεκαετίαν,
3002 1115 3165 1167 πάλιν
3203 1111 3498 1182 Ῥωμαίοις
3542 1111 3642 1181 τὴν
3678 1111 3840 1178 νῆσον

2273 1213 2606 1270 ἀποδιδόναι.
2665 1209 2935 1271 Τοιαύτας
2995 1208 3093 1275 μὲν
3154 1204 3405 1276 βασιλεὺς
3463 1205 3561 1266 τὰς
3623 1201 3846 1272 πρώτας

2278 1303 2514 1367 σπονδὰς
2553 1303 2706 1356 ἔθετο
2758 1301 2895 1370 πρὶς
2946 1298 3224 1369 Ζαχαρίαν
3248 1312 3263 1328 '
3312 1297 3533 1357 ἐντοῖς
3564 1295 3751 1356 αὐτοῖς
3786 1293 3841 1345 δὲ

2277 1396 2455 1449 ἐτεσιν
2506 1395 2670 1457 αὐτὸς
2719 1392 3025 1462 περιεποίει
3071 1406 3131 1443 τε
3163 1388 3261 1459 τὴν
3296 1386 3460 1458 νῆσον
3486 1383 3667 1454 ἑαυτῷ
3707 1386 3840 1437 ὑπο-

2280 1485 2603 1553 ποιούμενος
2634 1484 2759 1545 τοὺς
2793 1482 2982 1543 Χίους,
3019 1478 3116 1531 καὶ
3162 1476 3390 1548 Ὦχύρου
3435 1473 3535 1546 τὴν
3573 1476 3750 1538 πόλιν,
3777 1475 3844 1529 τά

2278 1593 2338 1629 τε
2389 1575 2743 1643 πεπονηκότα.
2788 1568 3183 1639 ἀνοικοδομῶν,
3235 1567 3332 1620 καὶ
3372 1567 3531 1620 είπου
3558 1565 3693 1631 δέοι,
3734 1567 3845 1628 τοῖς

2279 1666 2516 1736 τείχεσιν
2550 1664 2684 1734 ὕψος
2709 1661 3046 1733 προστιθείς
3072 1660 3169 1713 καὶ
3194 1659 3438 1727 τάφρους
3466 1673 3528 1709 τε
3556 1655 3654 1709 καὶ
3679 1655 3843 1709 τᾶλλα

2282 1752 2673 1824 ἐξαρτυόμενος
2703 1750 2738 1804 ἃ
2769 1749 2965 1820 ἔμελλε
3007 1746 3383 1812 λυσιτελήσειν
3414 1745 3461 1796 εί
3502 1742 3843 1812 καστασταίη

2285 1845 2421 1913 προς
2473 1844 2564 1895 τὸν
2597 1842 2861 1910 πόλεμον.
2897 1836 3057 1893 Μετὰ
3086 1836 3145 1890 δὲ
3176 1836 3382 1898 ταύτας
3413 1834 3513 1897 τὰς
3540 1833 3842 1895 δεκαετεῖς,

2282 1935 2343 1987 οὐ
2397 1933 2586 2005 ῥᾳδίαν
2640 1931 2783 2002 ὀρῶν
2834 1931 2862 1983 ὁ
2927 1928 3180 2000 βασιλεὺς
3234 1927 3333 1996 τὴν
3373 1923 3695 1995 παράὒηιδιν
3748 1925 3846 1992 τῆς

2285 2025 2420 2079 Χίου
2451 2024 2542 2076 διὰ
2583 2022 2645 2076 τδ
2684 2019 3041 2092 ὠχυρωσθαι,
3094 2017 3271 2080 ἄλλως
3323 2032 3382 2068 τε
3430 2013 3529 2068 κοιλ⁵
3578 2012 3847 2083 Ζαχαρίου

2258 2114 2585 2187 πρεσδείαν
2630 2111 2971 2182 πέμψαντος,
3016 2109 3113 2162 καλ⁹
3160 2105 3426 2178 βασιλέως
3461 2103 3721 2173 δεομένου
3776 2102 3850 2169 μὴ

2288 2207 2420 2278 περὶ
2463 2206 2565 2275 τῆς
2600 2206 2769 2277 νήσου
2819 2201 3084 2273 ἐνοχλεῖν,
3119 2199 3316 2269 ἐτέρας
3347 2197 3504 2250 ἔθετο
3539 2194 3853 2255 πενταετεῖς

2291 2300 2386 2352 ἐπὶ
2418 2299 2530 2360 τοῖς
2578 2298 2717 2359 ίσοις
2763 2293 2862 2349 καὶ
2893 2293 3121 2363 ὁμοίοις,
3155 2290 3251 2343 καὶ
3283 2287 3405 2358 μετ’
3437 2286 3626 2351 αὑτὰς,
3658 2284 3851 2354 ἑτέρας

2289 2391 2475 2446 πάλινο
2510 2389 2605 2443 καὶ
2647 2384 3102 2454 τετελευτηκότος
3145 2380 3445 2452 Ζαχαρίου,
3475 2380 3575 2449 τῆς
3606 2395 3667 2431 τε
3721 2377 3853 2431 Χίου

2289 2481 2385 2534 καὶ
2416 2482 2517 2551 τῆς
2543 2478 2886 2549 πανουργίας
2928 2476 2979 2528 οι
3017 2474 3206 2536 παῖδες
3232 2470 3696 2540 καταλειφθέντες
3721 2467 3857 2538 κλη-

2293 2571 2549 2644 ρονόμοι,
2580 2568 2724 2623 οὕτω
2755 2565 3228 2634 διεπαιδαγώγουν
3274 2562 3521 2635 βασιλέα,
3573 2561 3705 2631 πρὶν
3757 2560 3857 2622 τὰς

2292 2664 2458 2728 οὔσας
2516 2661 2798 2729 ἐξικέσθαι
2857 2660 3051 2730 ἑτέρας
3110 2658 3408 2727 τιθέμενοι·
3441 2656 3533 2707 καὶ
3583 2654 3728 2724 ἔργῳ
3760 2647 3859 2722 μὲν

2294 2757 2448 2811 αὐτοὶ
2486 2753 2858 2823 καρπούμενοι
2887 2750 2985 2820 τὴν
3032 2748 3186 2816 Χίον,
3239 2746 3370 2825 ψιλῇ
3421 2746 3478 2798 δὲ
3514 2742 3860 2815 προσηγορίᾳ

2298 2846 2511 2918 βασιλεῖ
2538 2843 2873 2913 παρέχοντες
2903 2840 3072 2909 αὐτῆς
3123 2840 3301 2908 κυρίῳ
3334 2832 3496 2891 εἶναι.
3537 2835 3655 2888 Τῶν
3688 2850 3860 2887 σπεν-

2295 2937 2401 2992 δῶν
2445 2936 2502 2990 δὲ
2534 2935 2717 2996 αὐτοῖς
2752 2932 2875 2985 τότε
2921 2929 3058 3000 πρὸς
3087 2928 3265 2994 ἔξοδον
3315 2929 3416 3000 ἤδη
3452 2925 3650 2991 οὐσῶν,
3683 2923 3849 2978 Καλό-

2299 3028 2452 3092 θετος
2506 3028 2613 3081 τῶν
2662 3024 2813 3095 παρὰ
2868 3023 3021 3084 Χίοις
3073 3019 3318 3074 δυνατῶν
3347 3021 3375 3072 ὀ
3403 3018 3639 3087 μάλιστα
3667 3015 3859 3083 διαιροο

2304 3119 2567 3191 ρώτατος,
2603 3116 2681 3187 τῷ
2712 3115 2956 3193 μεγάλου
2987 3112 3314 3182 δομεστίκου
3345 3106 3483 3180 οἴκῳ
3513 3124 3865 3179 προσῳκειω-

636 3199 921 3290 indicavit,
981 3222 1076 3293 qui
1119 3223 1397 3277 Romanos
1427 3220 1602 3276 insula
1646 3219 1992 3290 spoliassent,
2031 3234 2194 3289 quam

2306 3212 2466 3282 μένος
2524 3211 2587 3263 ὲκ
2646 3206 2858 3261 πολλῶν
2913 3204 3051 3259 ἐτῶν
3080 3204 3341 3274 (πατέρες
3399 3217 3461 3253 τε
3516 3202 3624 3268 γὰρ
3654 3199 3863 3252 ἐκείνου

633 3329 734 3385 per
791 3312 1046 3370 fraudem
1096 3312 1287 3369 tandiu
1341 3319 1717 3381 occuparent;
1770 3317 1827 3364 et
1881 3325 1994 3364 rem
2051 3309 2198 3364 haud

630 3406 1112 3474 contemnendam,
1172 3421 1351 3476 neque
1400 3417 1606 3462 temere
1642 3422 1674 3461 e
1723 3406 1975 3461 manibus
2013 3406 2203 3461 dimit-

634 3496 852 3552 tendam
876 3497 1074 3563 videri,
1091 3512 1212 3551 cum
1243 3499 1296 3551 in
1321 3513 1494 3553 annos
1520 3498 1763 3569 singulos
1791 3498 1956 3567 228
1982 3507 2202 3552 centum

638 3585 829 3655 viginti
890 3600 1183 3640 aureorum
1232 3587 1403 3640 millia
1455 3588 1713 3657 pcnsitet.
1761 3587 2204 3642 Benevolentiam

635 3689 857 3744 quoque
886 3688 1039 3728 suam
1067 3682 1122 3728 et
1171 3675 1614 3744 conjunctionem
1642 3674 2058 3729 consuetudinis
2078 3690 2204 3728 cum

638 3765 777 3835 ipsa,
810 3771 867 3819 et
921 3764 1041 3835 ejus
1088 3763 1200 3818 filio
1254 3763 1311 3817 in
1361 3763 1600 3818 medium
1630 3763 1834 3829 attulit,
1871 3779 1935 3818 ac
1987 3763 2205 3817 tandem

640 3863 831 3910 auctor
852 3851 956 3908 fuit
983 3862 1042 3908 ut
1068 3854 1113 3908 si
1144 3861 1328 3923 posset
1358 3852 1661 3925 imperator
1690 3853 1917 3908 classem
1937 3853 2209 3909 subsidia-

638 3947 778 4001 riam
818 3945 875 4000 in
930 3944 1127 4001 Chium
1163 3944 1443 4011 mitteret;
1501 3946 1618 4016 ipse
1650 3960 1783 4000 vero
1841 3943 1935 4015 qui
2000 3960 2097 4015 per
2148 3960 2207 4001 se

641 4037 938 4106 plurimum
969 4036 1168 4106 opibus
1193 4045 1249 4090 et
1273 4037 1445 4106 gratia
1479 4037 1708 4103 valeret,
1738 4036 2048 4106 multosque
2072 4035 2209 4090 alios

644 4138 761 4183 tum
793 4129 999 4183 amicos
1025 4136 1138 4182 tum
1161 4137 1424 4199 cognatos
1448 4127 1515 4182 ad
1543 4128 1860 4184 societatem
1893 4135 2211 4197 aggregatu-

595 4233 607 4245 '
644 4236 740 4276 rus
760 4229 925 4285 esset,
954 4221 1020 4275 ad
1058 4220 1289 4276 insulam
1319 4219 1708 4275 vindicandam
1740 4220 1885 4273 vires
1918 4233 2046 4273 suas
2077 4234 2211 4273 con-

639 4312 915 4383 iungeret.
941 4312 1265 4367 Praeclaram
1284 4320 1465 4365 autem
1490 4310 1833 4364 occasionem
1863 4308 1989 4364 belli
2010 4308 2210 4364 contra

644 4402 936 4458 Martinum
987 4400 1128 4467 fore,
1185 4412 1298 4456 tum
1347 4401 1492 4471 quod
1549 4399 1774 4456 fmderis
1832 4408 2047 4471 tempus
2099 4402 2210 4470 jam

646 4496 972 4563 exspiraret,
1008 4503 1120 4549 tum
1149 4494 1295 4561 quod
1333 4494 1665 4564 imperatore
1696 4494 1891 4556 inscio,
1931 4507 2109 4547 arcem
2144 4493 2212 4547 ad

2304 3301 2419 3360 τοῖς
2469 3297 2706 3368 μεγάλου
2763 3293 3089 3364 δομεστίκου
3130 3293 3404 3362 πατράσιν
3437 3293 3493 3353 ἃς
3529 3291 3598 3343 τὰ
3630 3289 3865 3358 μάλιστα

2303 3386 2443 3461 ἦσαν
2474 3389 2618 3457 φίλοι
2645 3388 2738 3442 καὶ
2772 3389 2987 3450 οίκεῖοι,
3025 3385 3118 3439 καὶ
3147 3384 3310 3447 αὐτὸς
3341 3382 3532 3453 αὐτῷ),
3562 3375 3718 3445 οὗτος
3745 3381 3808 3451 δὴ
3836 3381 3869 3434 δ

2304 3485 2618 3547 Καλόθετος
2648 3486 2714 3555 τῇ
2768 3481 2864 3536 τοῦ
2905 3482 3143 3553 μεγάλου
3184 3480 3509 3551 δομεστίκου
3543 3476 3874 3549 μητρὶ’τότε

2306 3575 2619 3646 προσελθὼν
2658 3576 3028 3645 Διδυμοτείχῳ
3071 3571 3489 3643 ὲνδιατριδούσῃ
3510 3611 3525 3636 ,
3562 3568 3657 3622 καὶ
3688 3568 3789 3638 τήν
3816 3583 3877 3620 τε

2308 3669 2648 3739 κακουργίαν
2712 3667 2821 3721 τῶν
2870 3666 3118 3722 Λατίνων
3151 3664 3498 3733 ἀπαγγείλας
3538 3653 3873 3734 ᾗχρώμενοι

2308 3758 2699 3829 ἀπεστέρησάν
2755 3776 2816 3812 τε
2852 3756 3161 3827 Ῥωμαίους
3212 3759 3312 3826 τῆς
3358 3755 3489 3808 Χίου
3543 3752 3643 3822 τὴν
3676 3750 3873 3820 ἀρχὴν,

2309 3851 2403 3902 καὶ
2438 3847 2532 3901 νῦν
2588 3849 2682 3900 ἐπὶ
2743 3846 2999 3900 τοσοῦτον
3052 3845 3377 3915 κατέχουσιν
3443 3840 3825 3909 ἐξαπατῶντες
3857 3877 3876 3901 .

2311 3938 2543 4009 πρᾶγμα
2568 3937 2669 3988 οὐκ
2701 3934 3207 4006 εὖκαταφρόνητον,
3246 3933 3359 3986 οὐδ’
3379 3927 3491 3985 οἷον
3527 3930 3725 4002 ῥαδίως
3751 3928 3877 3981 τινὰ

2311 4034 2443 4088 αὐτὸ
2506 4029 2946 4100 καταπροέσθαιο
2993 4027 3087 4081 δύο
3118 4027 3227 4096 γὰρ
3278 4025 3414 4096 πρὸς
3444 4024 3566 4086 ταῖς
3603 4023 3733 4077 δέκα
3764 4039 3873 4091 μυ-

2315 4124 2462 4194 ριάσι
2507 4121 2730 4194 χρυσίου
2784 4120 3032 4189 ἐτησίους
3085 4117 3229 4171 τελεῖ
3256 4116 3479 4187 φόρους,
3543 4117 3643 4186 τήν
3682 4130 3741 4166 τε
3786 4110 3878 4166 εὔ-

2313 4233 2460 4269 νοιαν
2499 4214 2665 4268 αὑτοῦ
2695 4211 2793 4283 τὴν
2827 4209 3060 4281 ἀρχαίαν
3091 4208 3188 4262 καὶ
3216 4207 3315 4278 τὴν
3353 4206 3644 4274 συνήθειαν
3683 4205 3785 4274 τήν
3815 4220 3881 4257 τε

2313 4308 2449 4375 πρὸς
2504 4304 2677 4374 αὐτὴν
2725 4303 2823 4357 καὶ
2854 4301 2947 4354 τὸν
2981 4299 3118 4363 υἱὸν,
3151 4299 3465 4352 τελευταῖον
3490 4294 3885 4349 συνεϐούλευεν

2313 4396 2386 4461 ὡς
2427 4399 2475 4450 εί
2522 4396 2607 4465 εἴη
2635 4394 2859 4448 δυνατὸν
2878 4391 3107 4463 βασιλέα
3143 4390 3317 4462 στόλῳ
3354 4392 3435 4453 είς
3455 4389 3557 4461 τὴν
3586 4389 3721 4441 Χίον
3758 4387 3892 4458 βοη-

2319 4490 2503 4560 θῆσαι,
2539 4488 2704 4541 αὐτὸν
2748 4486 2819 4539 τὰ
2851 4486 3086 4557 μέγιστα
3127 4482 3194 4537 ἂν
3248 4481 3588 4553 συνάρασθαι
3634 4496 3775 4550 προς
3824 4482 3893 4534 τὸ

644 4586 840 4641 Chium
893 4586 945 4641 vi
979 4585 1376 4657 subjugandatu
1410 4594 1740 4639 exstrueret.
1774 4583 1976 4638 Orabat
2026 4591 2197 4637 tamen

2317 4581 2729 4652 ἀνακτήσασθαι
2757 4578 2855 4650 τὴν
2896 4579 3082 4649 νῆσον,
3120 4578 3190 4630 τὰ
3232 4576 3425 4646 πρῶτά
3472 4591 3532 4627 τε
3575 4574 3888 4643 δυνάμενον

645 4678 817 4744 illam,
852 4668 1131 4748 negotium
1168 4677 1321 4748 prius
1376 4676 1744 4748 perpenderet
1785 4674 2094 4744 diligenter,
2145 4689 2213 4729 ne

646 4774 764 4842 ipse
802 4782 966 4842 caput
1030 4781 1086 4826 et
1118 4771 1366 4827 fortunas
1396 4788 1524 4826 suas
1558 4771 1612 4825 in
1643 4771 1943 4841 periculum
1978 4770 2217 4825 adduce-

649 4870 754 4927 ret,
785 4861 833 4917 si
870 4862 1172 4931 imperator
1200 4877 1324 4916 cum
1357 4862 1532 4931 cepiis
1573 4877 1681 4918 non
1705 4862 1870 4932 justis
1898 4877 1963 4916 eo
1991 4861 2217 4916 adnavi-

646 4964 819 5023 garet.
846 4951 963 5008 Sibi
987 4952 1209 5021 quidem
1232 4952 1369 5006 nihil
1402 4965 1523 5008 esse
1548 4952 1808 5021 optatius,
1838 4967 1998 5023 quam
2017 4950 2214 5007 Chium

645 5060 864 5117 quoque
896 5060 1005 5100 non
1038 5044 1392 5100 mediocriter
1426 5053 1765 5101 fructuosam
1794 5046 1897 5101 sub
1935 5045 2217 5101 Romano-

646 5154 769 5193 rum
808 5138 1072 5193 ditionem
1103 5137 1444 5203 succedere;
1482 5136 1844 5192 nihilominus
1902 5152 1962 5193 se
1991 5138 2097 5193 sibi
2152 5152 2218 5193 ac

646 5232 971 5302 propinquis
1021 5231 1138 5286 suis
1168 5230 1501 5301 prospicere.
1552 5230 1609 5286 Si
1659 5245 1895 5301 namque
1934 5244 2025 5284 res
2062 5245 2220 5284 secus

647 5325 957 5387 evenirent,
990 5337 1113 5376 cum
1142 5332 1251 5377 tota
1273 5323 1444 5393 stirpe
1470 5322 1579 5377 vita
1609 5332 1664 5377 et
1716 5319 2066 5376 facultatibus
2087 5335 2221 5375 exu-

649 5429 764 5471 tum
796 5417 887 5481 iri,
916 5430 1113 5485 nempe
1141 5414 1352 5471 Latinis
1375 5414 1799 5470 resciscentibus
1825 5414 1945 5484 ejus
1984 5412 2221 5483 impulsu

650 5512 1038 5579 imperatorem
1081 5521 1206 5562 cum
1250 5507 1438 5562 hostili
1498 5508 1672 5563 classe
1730 5505 2045 5561 advenisse.
2093 5504 2222 5559 Ideo

648 5616 816 5670 porro
866 5615 927 5656 se
980 5600 1085 5670 ipsi
1125 5610 1253 5656 ante
1292 5616 1487 5656 omnes
1522 5610 1759 5656 mentem
1792 5614 1949 5654 suam
1983 5596 2220 5667 aperire,

646 5692 798 5761 quod
829 5691 1128 5761 imperator
1149 5707 1248 5763 per
1273 5695 1459 5746 omnia
1490 5707 1556 5747 ex
1579 5692 1700 5762 ejus
1736 5690 1947 5762 judicio
1967 5688 2224 5744 arbitrio-

655 5798 766 5850 que
796 5791 1019 5837 acturus
1048 5784 1141 5837 sit.
1176 5783 1301 5837 Haec
1335 5783 1497 5836 matri
1532 5782 1710 5853 magni
1763 5780 2051 5837 domestici
2083 5781 2222 5836 clam

652 5871 725 5929 de
751 5872 889 5930 Chio
914 5875 1263 5943 Calothetus;
1304 5876 1426 5946 quae
1464 5874 1718 5933 stimulos
1744 5876 1807 5932 ei
1826 5876 2062 5948 majores
2093 5876 2225 5934 sub-

2318 4676 2471 4746 παρὰ
2505 4675 2658 4738 Χίοις
2706 4673 2801 4727 καὶ
2844 4671 3078 4733 πολλοὺς
3127 4668 3351 4739 ἐτέρους
3384 4666 3897 4738 προσεταιρισάμε-

2317 4785 2406 4823 νον
2436 4767 2530 4821 καὶ
2572 4765 2681 4819 τῶν
2713 4764 2884 4834 φίλων
2911 4764 3007 4816 καὶ
3036 4761 3145 4814 τῶν
3185 4758 3486 4828 συγγενῶν.
3511 4755 3669 4811 Εἶναι
3702 4758 3761 4811 δὲ
3790 4759 3893 4812 καὶ

2320 4857 2576 4930 ἀφορμὰς
2615 4857 2717 4909 οὐκ
2749 4855 2993 4922 ἀγεννεῖς
3019 4854 3114 4905 τοῦ
3150 4851 3287 4922 πρὸς
3312 4851 3592 4922 Μαρτῖνον
3617 4850 3891 4921 πολέμου,

2318 4951 2443 5005 τότε
2497 4949 2634 5021 πρὸς
2673 4948 2853 5013 ἔξοδον
2906 4946 3006 5017 ἤδη
3060 4939 3201 4997 εἶναι
3249 4942 3349 5003 τὰς
3406 4941 3660 5004 σπονδὰς.
3696 4943 3793 4993 καὶ
3826 4940 3897 4993 τδ

2323 5043 2589 5117 βασιλέως
2637 5039 2963 5108 ἀγνοοῦντος
3020 5035 3319 5108 ἀκρόπολιν
3370 5034 3468 5087 ὲπὶ
3518 5032 3600 5104 τῷ
3632 5032 3767 5086 Χίον
3798 5033 3897 5105 βίᾳ

2320 5137 2617 5205 κατασχεῖν
2660 5133 2993 5202 οἰκοδομεῖν,
3050 5127 3223 5183 ἐδεῖτό
3254 5144 3315 5180 τε
3362 5125 3538 5194 αὐτῆς
3578 5123 3898 5193 σκέψασθαι

2323 5231 2453 5301 περὶ
2483 5229 2649 5283 αὐτοῦ
2689 5226 2957 5297 πρότερον
2985 5221 3191 5286 καλῶς,
3216 5219 3478 5288 ὅπως-μὴ
3507 5214 3658 5286 αὐτῷ
3688 5219 3747 5279 ἐς
3773 5215 3897 5268 κίν-

2321 5325 2477 5379 δυνον
2498 5322 2568 5376 τὰ
2611 5320 2915 5389 πράγματα
2946 5314 3213 5387 χωρήσει,
3242 5309 3510 5382 βασιλέως
3537 5309 3600 5362 οὗ
3629 5308 3771 5376 μετὰ
3793 5307 3901 5375 τῆς

2325 5412 2721 5487 προσηκούσης
2752 5410 3037 5479 δυνάμεως
3070 5408 3188 5460 ἐκεῖ
3225 5403 3495 5465 ἐλθόντος.
3545 5399 3686 5471 Περὶ
3744 5397 3905 5450 πλεί-

2327 5525 2454 5563 στου
2510 5507 2606 5578 μὲν
2652 5505 2765 5576 γὰρ
2811 5500 3088 5557 ποιεῖσθαι
3144 5499 3242 5552 καὶ
3289 5496 3351 5550 τὸ
3400 5494 3536 5561 Χίον
3588 5491 3897 5562 Ῥωμαίοις

2325 5599 2724 5672 προσχωρῆσαι
2768 5594 3043 5665 ὠφέλειαν
3089 5588 3439 5658 παρέξουσαν
3469 5586 3533 5640 οὐ
3564 5584 3664 5653 τὴν
3691 5579 3897 5652 τυχοῦ-

2328 5706 2450 5743 σαν.
2475 5687 2649 5761 Οθδὲν
2678 5686 2734 5739 δὲ
2771 5680 2936 5757 ἦττον
2986 5681 3082 5734 καὶ
3134 5675 3333 5733 ἑαυτοῦ
3388 5675 3486 5729 καῖ⁹
3533 5674 3647 5728 τῶν
3675 5674 3903 5727 οίκιίων

2327 5779 2697 5853 προνοεῖσθαι,
2719 5777 2794 5842 ὡς
2825 5778 2872 5830 εί
2903 5775 2980 5846 μὴ
3005 5772 3148 5828 κατὰ
3182 5769 3413 5839 γνώμην
3435 5766 3586 5838 αὐτῷ
3613 5765 3685 5819 τὰ
3716 5763 3908 5835 πράγ-

2330 5884 2479 5945 ματα
2532 5869 2815 5944 χωρήσει,
2873 5862 3195 5937 πανοικεσίᾳ
3247 5857 3790 5932 διαφθαρησομένου,
3845 5854 3909 5911 ει

3736 450 3834 513 476
3912 468 3943 489 κ
