4156 6300
352 452 466 516 ΕΠ

1518 453 2059 517 IIISTORIARUM
2090 451 2323 515 LIBER
2361 454 2442 513 II.

2783 522 2825 565 ε
2846 520 2897 567 ἴῃ
2925 564 2959 567 Δ
3142 561 3154 567 _
3416 561 3448 567 μ
3474 448 3633 567 ‘478’;

360 568 665 638 κατάδηλον
693 566 905 635 γένοιτο
950 567 1225 632 Λατίνοις,
1260 569 1343 622 δτι
1377 568 1544 622 αὖτοῦ
1601 570 1923 639 πράττοντος

2034 566 2187 637 jecit,
2206 569 2522 637 bonumque
2549 574 2604 621 et
2625 564 2767 621 utile
2784 561 2894 618 tuin
2924 561 3188 619 Romanis
3243 570 3356 616 tum
3386 561 3607 618 sibimet

363 664 804 732 ἐπεστράτευσεν
865 661 1052 724 αὐτοῖς
1112 662 1139 714 ὁ
1198 661 1472 733 βασιλεύς.
1523 655 1599 715 Οὗ
1654 662 1718 730 δὴ
1770 660 1937 714 ἕνεκα

366 756 510 826 αὐτῇ
564 755 665 825 τήν
725 753 954 823 γνώμην
986 754 1270 808 ἀναθεῖναι
1325 755 1519 825 πρώτῃ
1560 752 1636 815 ὡς
1697 752 1838 806 ἅττα
1869 751 1936 804 ἂν

367 849 513 918 αὐτῇ
552 848 739 916 δοκοίη
774 849 987 902 ἐκείνου
1022 847 1487 917 διαπραξομένου.
1542 844 1780 898 Τοιαῦτα
1835 843 1934 912 μὲν

364 942 393 991 ὁ
451 938 761 1000 Καλόθετος
810 943 879 1009 τῇ
922 939 1095 1009 μητρὶ¹
1152 939 1246 991 τοῦ
1310 938 1551 1008 μεγάλου
1609 934 1934 1005 δομεστίκου

363 1030 556 1098 κρύφα
588 1031 718 1101 περὶ
763 1027 893 1083 Χίου
927 1030 1218 1100 διειλέχθηο
1250 1031 1283 1099 ή
1307 1029 1363 1083 δὲ
1394 1028 1674 1101 ἐπέρρωσε
1702 1045 1762 1081 τε
1796 1025 1935 1095 μᾶλ-

362 1120 457 1173 λον
515 1121 653 1189 πρὸς
689 1121 752 1174 τὸ
802 1121 966 1190 ἔργον
1010 1120 1197 1185 αὑτὸν,
1231 1119 1325 1173 καὶ
1359 1119 1543 1181 καλῶς
1588 1118 1795 1187 ἔφασκε
1837 1120 1932 1170 καὶ

359 1211 786 1275 λυσιτελούντως
842 1211 1231 1281 βεϐουλεῦσθαι
1293 1212 1387 1265 καὶ
1455 1209 1752 1280 Ῥωμαίοις
1834 1210 1930 1263 καὶ

358 1301 562 1370 ἐαυτῷ.
620 1301 776 1355 Ἐπεὶ
825 1302 884 1356 δέ
919 1303 1065 1373 αὐτῇ
1105 1300 1201 1372 τὴν
1232 1302 1433 1372 πρᾶξιν
1463 1301 1689 1371 ἀναθείη
1737 1299 1930 1372 πρώτῃ

355 1392 449 1444 διὰ
498 1393 602 1461 τὴν
658 1393 891 1463 ἀρχαίαν
949 1394 1261 1463 οἰκειότητα
1313 1395 1407 1446 καὶ
1460 1393 1559 1464 τὴν
1614 1390 1828 1445 εὔνοιαν
1861 1392 1928 1461 ἢν

353 1482 595 1553 ἔσχηκεν
653 1485 719 1537 ἐκ
773 1483 1007 1538 παλαιοῦ
1067 1485 1207 1549 πρὸς
1266 1484 1440 1553 αὐτὴν
1475 1484 1570 1537 καὶ
1618 1482 1753 1548 υἱὸν,
1785 1481 1925 1549 αὐτὴ

353 1577 457 1630 καὶ
494 1577 858 1646 διαπράξεται
895 1577 1044 1636 ὅπως
1088 1576 1287 1645 ἄριστα
1335 1574 1485 1644 αὐτῷ
1531 1573 1665 1640 ἕξει.
1711 1572 1924 1643 Ἐκείνη

356 1669 461 1737 μὲν
490 1667 584 1721 οὖν
635 1668 862 1722 τοιαῦτα
893 1664 1039 1721 εἴπεο
1074 1667 1342 1738 πέμψασα
1397 1667 1453 1719 δὲ
1503 1667 1568 1719 ἐκ
1625 1665 1922 1729 Βυζαντίου

352 1757 587 1837 βασιλέα
639 1759 732 1813 καὶ
771 1760 864 1812 τὸν
904 1759 1019 1813 υἱὸν
1062 1760 1142 1823 είς
1171 1758 1555 1828 Διδυμότειχον
1608 1756 1812 1820 ἐκάλει,
1849 1759 1924 1819 ὡς

353 1853 677 1918 ἀναγκαίων
726 1852 856 1921 πέρι
895 1851 1271 1921 διαλεξομένη.
1316 1852 1381 1904 Οἱ
1420 1851 1465 1905 δ’
1500 1849 1663 1913 εὐθὺς
1695 1850 1802 1904 τῶν
1832 1850 1925 1903 ἄλ-

351 1942 468 1994 λων
533 1943 934 2012 ἀμελήσαντες,
985 1945 1197 2014 εῖχοντο
1238 1944 1360 1999 δδοῦ
1386 1961 1401 1978 ο
1439 1944 1724 2013 γενόμενοι
1773 1942 1830 1996 δὲ
1868 1943 1927 1996 ἐν

349 2035 762 2106 Διδυμοτείχῳ,
815 2036 941 2090 ἐπεὶ
995 2036 1258 2090 ἐπύθοντο
1316 2037 1448 2102 περὶ
1497 2030 1573 2090 ὧν
1629 2036 1923 2100 καλοῖντο,

355 2127 541 2197 ἡδέως
572 2144 632 2181 τε
663 2128 914 2194 ἐδέξαντο
950 2129 1079 2192 τοὺς
1127 2128 1342 2197 λόγους,
1375 2129 1474 2182 καὶ
1505 2128 1678 2180 ἐδόκει
1705 2128 1817 2180 δεῖν
1852 2127 1929 2189 ὡς

350 2219 489 2289 περὶ
520 2221 829 2289 ἀναγκαίου
856 2222 954 2290 τῆς
984 2222 1114 2275 Χίου
1144 2221 1671 2292 παρασκευάζεσθαι
1697 2223 1766 2274 τὰ
1790 2220 1928 2290 πρὸς

349 2315 451 2366 τὸν
503 2314 744 2389 πόλεμον
809 2312 1127 2383 προθύμως.
1188 2314 1293 2368 Τόν
1344 2331 1405 2367 τε
1450 2315 1756 2368 Καλόθετον
1818 2309 1927 2382 ἰδίᾳ

358 2401 886 2471 μετακαλεσάμενοι,
920 2401 1179 2471 ἑκάτερος
1211 2400 1392 2454 αὐτῶν
1435 2400 1617 2468 λόγοις
1658 2416 1717 2453 τε
1762 2397 1929 2471 ἐπέρ-

357 2495 549 2563 ρωσαν
580 2492 716 2560 πρὸς
750 2492 809 2545 τὸ
843 2491 1006 2564 ἔργον
1052 2493 1385 2560 ἐπαγωγοῖς,
1420 2494 1519 2564 καὶ,
1547 2493 1741 2560 δώροις
1773 2491 1925 2560 φιλο-

356 2583 768 2652 φρονησάμενοι
791 2583 956 2648 ἀξίως
995 2582 1232 2646 ἑαυτῶν,
1265 2583 1344 2636 ἔτι
1378 2583 1434 2636 δὲ
1464 2581 1927 2652 ἐπαγγειλάμενοι

356 2673 525 2727 αὐτόν
567 2691 630 2726 τε
677 2678 773 2728 καὶ
808 2676 974 2743 γένος
1021 2670 1081 2730 εὖ
1116 2675 1385 2745 ποιήσειν,
1427 2673 1757 2745 ἐξέπεμψαν
1791 2673 1926 2743 πρὸς

356 2764 494 2819 Χίον
538 2766 614 2830 ὡς
653 2761 727 2819 ὧν
763 2766 832 2820 ἂν
863 2768 1041 2821 δέοιτο
1069 2768 1629 2840 παρασκευασόμενον
1689 2768 1821 2839 πρὸς
1865 2769 1928 2821 τδ

355 2855 634 2918 Λατίνοις,
669 2855 738 2926 ἢν
775 2855 889 2927 δέῃ,
928 2857 1238 2913 ἐπιθέσθαι.
1287 2859 1456 2913 Αὐτοί
1512 2860 1570 2913 δὲ
1609 2860 1689 2922 εἰς
1721 2857 1929 2923 Βυζάν-

353 2960 474 2998 τιον
526 2946 1059 3016 ἐπαναστρὲψαντες,
1110 2950 1354 3019 τριήρεις
1415 2966 1474 3003 τε
1554 2949 1929 3019 ἐναυπηγοῦν-

355 3049 445 3097 το,
503 3033 599 3085 atat
654 3034 827 3087 τᾶλλα
898 3039 1373 3106 παρεσκευάζοντο
1426 3039 1501 3102 ὡς
1531 3038 1926 3108 πλευσούμενοι

354 3125 417 3187 ἐς
478 3125 629 3180 Χίον.
681 3127 1081 3197 Σκεπτομένοις
1131 3129 1190 3183 δέ
1247 3130 1430 3193 αὐτοῖς
1473 3130 1668 3199 ἥντινα
1706 3129 1941 3196 ἐξέσται

354 3215 456 3269 τοῦ
489 3215 731 3286 πολέμου
789 3219 1154 3290 εὐπρόσωπον
1208 3221 1382 3293 ἀρχὴν
1434 3222 1642 3286 λαὸεῖν,
1678 3224 1707 3275 ὁ
1749 3222 1925 3292 μέγας

348 3308 677 3378 δομέστικος
723 3310 1079 3365 συνεσούλευε
1130 3313 1230 3377 τὰς
1279 3315 1382 3383 μὲν
1421 3316 1669 3384 τριήρεις
1712 3328 1925 3382 ναυπη-

346 3397 595 3464 γεῖσθαι,
624 3398 810 3452 καὶτὰ
848 3398 990 3452 ὅπλα
1027 3393 1103 3453 ὧν
1134 3401 1344 3456 δέονται
1372 3401 1922 3470 παρασκευάζεσθαι,

351 3490 453 3543 καὶ
497 3489 750 3543 ναυτικὸν
795 3490 1078 3559 συλλέγειν
1126 3492 1177 3545 οῖ
1219 3494 1595 3563 ἐπιδήσονται,
1624 3492 1721 3546 καὶ
1763 3491 1923 3544 ὁπλί-

351 3599 480 3643 τας.
526 3581 680 3635 Ἐπεὶ.
716 3582 775 3635 δὲ
815 3583 877 3636 αῖ
917 3598 979 3636 τε
1029 3584 1256 3638 σπονδαὶ
1284 3584 1363 3654 τῷ
1389 3585 1653 3654 Μαρτίιῳ
1677 3586 1733 3637 ὲν
1758 3582 1923 3653 ἐξόδῳ

351 3672 501 3724 εἰσὶν
537 3673 659 3743 ήδη,
711 3675 806 3726 καὶ
853 3673 1033 3745 ἄκραν
1080 3675 1350 3744 βασιλέως
1395 3675 1471 3744 μὴ
1521 3674 1921 3745 ἐπιτρέψαντος

345 3758 635 3828 οἰκοδομεῖ
701 3760 795 3812 ἐπὶ
845 3759 924 3831 τῷ
989 3760 1503 3816 καταδουλώσασθαι
1573 3762 1676 3832 τὴν
1737 3761 1919 3830 νῆσον,

347 3851 694 3921 πρόσταγμα
751 3851 886 3921 πρὸς
936 3852 1149 3906 ἐκεῖνον
1196 3852 1364 3905 αὐτοῦ
1417 3852 1759 3922 πεμφθῆναι,
1804 3851 1922 3921 ἄμα

352 3942 458 4009 μὲν
507 3940 669 3993 αὐτὸν
725 3942 1056 4012 αἰτιωμένου
1113 3942 1189 4005 ὡς
1246 3943 1346 4012 τὴν
1396 3943 1574 4012 ἄκραν
1624 3941 1790 3996 αὐτοῦ
1845 3943 1920 4013 μὴ

345 4035 658 4099 συνειδότος
692 4036 1030 4107 οἰκοδομοίη,
1071 4036 1386 4099 κελεύοντός
1423 4053 1485 4089 τε
1517 4036 1581 4089 τὸ
1609 4038 1920 4107 οἰκοδομεῖν

346 4124 472 4195 tiu,
504 4125 598 4176 καὶ
631 4125 941 4195 περαιτέρω
972 4124 1048 4196 μή
1080 4125 1433 4196 προϐαίνειν
1469 4125 1588 4196 ἅμα
1614 4127 1671 4180 δέ
1696 4127 1792 4180 καὶ
1821 4128 1921 4191 τὰς

348 4208 590 4273 σπονδὰς
639 4211 714 4276 ὡς
746 4215 797 4266 εἰ
823 4211 1067 4282 βούλοιτο
1119 4214 1317 4283 ἐτέρας
1352 4213 1546 4268 θέσθαι
1595 4215 1708 4267 τῶν
1740 4215 1921 4269 οὐσῶν

345 4299 453 4369 ἤδη
510 4297 841 4368 ἐξηκουσῶν,
902 4300 985 4360 εἰς
1040 4298 1338 4364 Βυζάντιον
1413 4299 1591 4355 ἐλθεῖν
1620 4311 1636 4331 ⁵
1665 4299 1771 4355 κᾶν
1821 4300 1923 4371 μὲν

345 4389 632 4458 παύσηταί
661 4406 720 4442 τε
751 4389 1074 4460 οἰκοδομεῖν,
1108 4392 1203 4444 καὶ
1228 4391 1520 4461 γενόμενος
1546 4392 1604 4444 ἐν
1637 4391 1919 4461 Βυζαντίῳ

345 4482 484 4551 περὶ
517 4480 721 4553 ἐτέρων
745 4481 916 4535 δέοιτο
959 4482 1224 4547 σπονδῶν,
1253 4483 1281 4536 ὃ
1307 4498 1362 4535 τι
1403 4481 1472 4536 ἂν
1515 4483 1604 4553 εἴη
1644 4483 1924 4553 σκεψαμέ-

2041 673 2262 728 quoque
2295 659 2579 713 consilium
2612 656 2828 712 dedisse
2853 654 3163 710 aiiirmavit.
3201 653 3271 709 Et
3301 653 3429 724 quia
3450 654 3516 706 ad
3545 667 3605 708 se

2039 751 2280 821 primum
2320 764 2420 818 pro
2445 749 2665 818 antiqua
2698 746 3067 801 familiaritate
3120 760 3184 801 ac
3213 744 3604 800 benevolentia

2039 858 2161 912 qua:
2188 841 2266 896 illi
2302 856 2510 905 secum,
2557 849 2612 895 ct
2642 855 2765 895 cum
2797 839 2910 895 filio
2953 838 3080 893 inde
3110 852 3140 891 a
3175 837 3475 910 majoribus
3513 837 3602 891 in-

2038 930 2403 995 tercessisset,
2444 929 2788 985 referendum
2836 927 3157 999 putavisset,
3188 941 3245 981 se
3274 941 3387 980 rem
3409 940 3604 995 quam-

2037 1023 2242 1091 optime
2289 1023 2681 1077 confecturam.
2719 1021 2843 1076 Hmc
2887 1020 2997 1074 illa.
3040 1018 3169 1073 lude
3212 1018 3599 1088 imperatorem

2034 1122 2091 1167 et
2125 1112 2292 1166 filium
2327 1112 2584 1184 Byzantio
2610 1112 3076 1182 Didymotichum,
3107 1109 3251 1164 utde
3272 1109 3601 1164 necessariis

2033 1202 2357 1271 quibusdam
2378 1218 2501 1258 cum
2534 1201 2666 1269 ipsis
2689 1211 2899 1268 actura,
2925 1201 3192 1266 accersit;
3222 1199 3454 1269 quiimox
3479 1199 3601 1254 aliis

2033 1293 2384 1362 posthabitis.
2427 1294 2482 1349 in
2529 1295 2674 1348 viam
2735 1308 2794 1347 se
2844 1293 3134 1348 dederunt.
3175 1290 3375 1346 Audita
3429 1305 3599 1346 causa

2032 1386 2103 1440 ob
2124 1401 2286 1455 quam
2316 1394 2501 1440 essent
2526 1384 2762 1450 evocati,
2798 1384 3040 1438 laetitiam
3077 1388 3343 1451 ceperunt
3369 1381 3599 1437 bellum-

2030 1490 2137 1545 que
2189 1491 2288 1545 pro
2330 1475 2467 1531 Chio
2501 1483 2560 1529 ut
2610 1490 2724 1528 rem
2759 1473 3014 1544 pra-cipui
3049 1472 3310 1528 momenti
3349 1479 3598 1541 prompte

2030 1566 2458 1636 comparandum
2490 1566 2876 1621 decreverunt.
2910 1565 3160 1621 Accitum
3198 1579 3416 1635 quoque
3436 1562 3596 1619 Calo-

2030 1659 2240 1711 tlietum
2296 1657 2478 1711 verbis
2524 1656 2839 1711 efﬁcacibus
2896 1657 2949 1710 in
2987 1655 3270 1726 proposito
3309 1653 3600 1710 confirma-

2029 1757 2259 1810 runt,et
2304 1763 2404 1818 pro
2446 1748 2710 1818 dignitate
2736 1762 2834 1801 sua
2883 1746 3195 1800 humaniter
3214 1754 3594 1811 munerarunt;

2033 1839 2287 1910 datisque
2315 1840 2618 1909 promissis,
2662 1855 2722 1896 se
2762 1839 2864 1910 ipsi
2911 1847 2966 1894 et
2993 1839 3179 1909 generi
3210 1853 3309 1893 suo
3339 1837 3595 1893 benefac-

1954 1912 2002 1972 Β
2033 1933 2205 1992 turos,
2244 1925 2441 1981 Chium
2469 1927 2817 1990 dimiserunt,
2851 1934 2913 1980 ut
2952 1927 3151 1997 quibus
3184 1942 3325 1996 opus
3358 1926 3500 1982 foret
3525 1928 3594 1982 ad

2027 2016 2253 2073 Latinos
2306 2019 2361 2072 in
2417 2027 2661 2087 tempore
2711 2018 3051 2073 adoriundos
3091 2027 3452 2089 nraapararet;
3493 2019 3596 2089 ipsi

2026 2106 2346 2179 Byzantium
2379 2109 2606 2175 reversi,
2656 2109 2909 2165 triremes
2940 2109 3288 2165 fabricandos
3318 2109 3592 2172 locarunt.

2026 2209 2083 2258 et
2121 2213 2317 2260 caetera
2363 2215 2620 2275 tanquam
2669 2206 2868 2262 Chium
2904 2206 3206 2277 navigaturi
3232 2215 3590 2281 curaverunt.

2026 2294 2165 2349 Dum
2224 2311 2356 2351 vero
2388 2297 2900 2368 circumspicerent,
2941 2307 2996 2353 et
3036 2298 3328 2353 honestum
3371 2297 3595 2367 aliquod

2029 2389 2158 2445 belli
2187 2391 2522 2463 principium
2570 2402 2900 2463 qumrerent,
2944 2408 3175 2464 magnus
3220 2392 3385 2463 229
3409 2393 3599 2448 dome-

2026 2481 2220 2546 sticus,
2273 2484 2527 2539 triremes
2580 2493 2636 2539 et
2691 2499 2842 2539 arma
2884 2485 3191 2540 necessaria
3218 2482 3591 2550 conﬁcienda,

2027 2576 2352 2647 copiamque
2399 2578 2670 2643 navalem,
2704 2587 2762 2633 et
2785 2577 2968 2648 gravis
3007 2587 3299 2633 armatura:
3338 2577 3593 2645 militem,

2027 2666 2120 2734 qui
2153 2668 2580 2732 conscenderet,
2625 2668 2995 2740 colligendum
3030 2668 3320 2724 suadebat.
3354 2669 3421 2723 Et
3459 2684 3597 2739 quo-

2028 2759 2172 2814 niam
2204 2758 2430 2815 foederis
2463 2775 2588 2815 cum
2614 2758 2847 2814 Μαι·ιίηο
2879 2760 3149 2815 terminus
3177 2760 3414 2825 adesset,
3450 2761 3596 2830 ipse-

2026 2864 2134 2919 que
2162 2850 2474 2906 inconsuito
2510 2852 2842 2921 imperatore
2869 2866 3052 2908 arcem
3086 2851 3155 2906 ad
3208 2852 3447 2908 insulam
3483 2866 3598 2907 ser-
3673 2868 3683 2883 ·

2027 2943 2197 2997 vitute
2230 2943 2648 3013 opprimendam
2700 2943 3089 3010 exaediﬁcaret,
3145 2944 3466 3000 mandatum
3515 2944 3595 2999 illi

2026 3034 2376 3100 mittendum,
2410 3050 2520 3105 quo
2547 3045 2663 3090 tum
2702 3035 2772 3091 de
2821 3035 2967 3092 facto
3012 3037 3381 3103 incusaretur,
3411 3043 3468 3092 et
3495 3052 3595 3092 ex-

2021 3124 2325 3180 structione
2346 3124 2618 3179 desistere
2631 3123 2954 3194 iuberetur;
2976 3132 3089 3178 tum
3111 3123 3157 3178 si
3178 3122 3359 3178 foedus
3386 3137 3593 3177 novum

2000 3242 2003 3279 :
2030 3224 2278 3287 cuperet,
2308 3216 2491 3286 priore
2520 3217 2630 3287 iam
2662 3224 2876 3282 exacto,
2911 3215 3233 3287 Byzantium
3263 3215 3452 3269 venire
3475 3229 3593 3268 mo-

2031 3316 2276 3363 neretur.
2329 3307 2385 3363 Si
2418 3307 2691 3363 aedificare
2722 3307 2968 3371 cessarit,
2995 3315 3053 3360 et
3095 3305 3417 3377 Byzantium
3454 3319 3590 3374 pro-

2023 3397 2222 3462 fectus,
2281 3408 2440 3468 pacta
2496 3407 2764 3453 conventa
2801 3412 2942 3453 nova
2988 3399 3280 3469 rogaverit,
3329 3397 3480 3468 quod
3531 3413 3593 3453 re

2023 3491 2369 3546 considerata
2400 3490 2595 3546 melius
2618 3489 2953 3555 censebitur,
2986 3504 3043 3544 se
3075 3490 3339 3544 facturos.
3370 3489 3588 3545 Etenim

2023 3591 2119 3637 aut
2135 3581 2346 3653 justum
2367 3596 2512 3648 esse,
2541 3597 2650 3636 non
2672 3581 2782 3652 pati
2810 3579 2880 3635 de
2908 3588 3108 3637 caetero
3128 3580 3422 3636 Martinum
3448 3580 3589 3637 Chio

2022 3672 2314 3741 imperare,
2348 3672 2444 3726 sed
2473 3671 2579 3727 alio
2603 3672 2769 3727 modo
2797 3673 2866 3727 de
2898 3672 2993 3728 illo
3018 3672 3159 3729 bene
3189 3672 3412 3740 mereri,
3440 3672 3591 3728 insu-

2021 3763 2240 3834 lamque
2286 3764 2549 3820 Romanis
2582 3779 2775 3834 parere
2808 3783 2821 3820 :
2856 3774 2953 3821 aut
3003 3764 3185 3821 fmdus
3233 3780 3343 3820 non
3396 3765 3450 3819 in
3497 3779 3593 3821 eas

2020 3854 2389 3921 conditiones,
2428 3855 2482 3909 in
2513 3869 2649 3924 quas
2674 3863 2859 3920 antea,
2892 3855 2989 3911 sed
3027 3855 3230 3925 quibus
3257 3854 3390 3924 ipsis
3413 3853 3592 3909 libue-

2021 3944 2114 4006 rit,
2140 3945 2460 4011 ineundum,
2491 3960 2689 4015 nempe
2718 3954 2778 4000 ut
2814 3946 3082 4001 Martinus
3113 3960 3333 4001 rursum
3356 3943 3422 3999 ad
3456 3956 3594 4000 tem-

2020 4049 2125 4105 pus
2149 4043 2362 4089 certum
2388 4035 2573 4102 praesit
2599 4051 2614 4088 :
2645 4044 2702 4088 et
2730 4034 2774 4088 si
2799 4050 2977 4104 neque
3002 4036 3273 4090 aedificare
3296 4035 3593 4100 destiterit,

2020 4141 2200 4196 neque
2227 4126 2430 4181 foedera
2463 4138 2604 4180 nova
2635 4123 2936 4195 quaesierit,
2967 4140 3031 4180 ac
3056 4125 3101 4180 si
3123 4126 3235 4197 jam
3266 4127 3424 4180 firma
3451 4127 3595 4182 διιεῖ

2000 4227 2078 4273 et
2108 4217 2322 4273 stabilis
2353 4216 2546 4272 insulae
2597 4217 2897 4287 possessio,
2961 4225 3077 4272 tum
3110 4216 3393 4272 instructis
3426 4216 3591 4273 trire-

2021 4308 2205 4364 mibus
2230 4309 2410 4377 primo
2438 4321 2658 4377 quoque
2685 4315 2930 4377 tempore
2956 4306 3086 4362 illuc
3110 4306 3588 4373 contendendum;

2021 4399 2430 4470 mittendasque
2459 4399 2686 4470 insuper
2714 4399 2946 4463 litteras,
2976 4413 3099 4469 quae
3137 4397 3306 4453 Chios
3332 4398 3388 4452 in
3419 4396 3593 4453 sediti-

2021 4492 2199 4546 cando
2241 4505 2470 4561 pergere
2493 4499 2698 4557 vetent,
2732 4497 2792 4545 ut
2836 4490 2943 4546 hac
2972 4489 3191 4544 ratione
3242 4496 3339 4544 aut
3385 4488 3593 4544 invitus

343 4590 464 4637 νοις
495 4574 704 4645 βέλτιον
754 4576 951 4631 ποιεῖν.
989 4575 1063 4628 Ἢ
1104 4575 1215 4644 γὰρ
1244 4574 1441 4644 μηκέτι
1481 4575 1616 4630 Χίου
1640 4576 1919 4646 Μαρτίνον

2023 4580 2262 4647 desinat,
2299 4582 2366 4636 ab
2399 4580 2584 4651 operis
2612 4580 2897 4648 desertus;
2930 4593 3026 4636 aut
3059 4582 3104 4637 si
3137 4581 3303 4637 etiam
3338 4580 3592 4636 nolentes

344 4666 543 4737 ἄρχειν
589 4666 800 4720 δίκαιον
832 4667 953 4737 ἐᾷν,
981 4666 1097 4722 ἀλλ’
1126 4665 1320 4736 ἕτερον
1356 4667 1558 4737 τρόπον
1601 4665 1661 4720 εὖ
1696 4668 1872 4721 ποιεῖν
1896 4683 1912 4700 ο

342 4759 449 4829 τὴν
478 4758 641 4828 νῆσον
683 4759 742 4812 δὲ
786 4758 962 4812 τελεῖν
996 4757 1102 4812 ὑπὸ
1141 4758 1526 4829 ⁹Ρωμαίους,ή
1569 4759 1804 4822 σπονδὰς
1853 4758 1915 4813 οὐ

343 4849 495 4905 κατά
529 4850 632 4913 τὰς
678 4851 972 4920 προτέρας,
1016 4850 1132 4904 ἀλλ’
1172 4850 1262 4920 ἐφ’
1291 4846 1375 4914 οἷς
1400 4849 1467 4905 ἂν
1496 4851 1679 4913 αὐτοῖς
1708 4851 1917 4921 βέλτιον

341 4941 530 5012 δοκοίη
562 4940 836 5008 τίθεσθαι,
862 4941 1005 4995 ὥστε
1059 4938 1217 5006 αὖθις
1251 4943 1528 5012 Μαρτῖνον
1554 4942 1687 4997 Χίου
1726 4942 1918 5014 ἄρχειν

343 5030 443 5082 ἐπὶ
501 5029 696 5100 χρόνον
754 5032 878 5084 τινὰ
939 5031 1104 5102 ῥητόν
1135 5050 1149 5064 °
1199 5031 1293 5086 ἐὰν
1356 5032 1413 5086 δὲ
1473 5033 1614 5103 μήτε
1674 5034 1917 5104 παύηται

340 5121 671 5191 οἰκοδομῶν,
704 5123 952 5177 σπονδῶν
993 5140 1055 5177 τε
1108 5126 1185 5195 μὴ
1236 5124 1410 5179 δέοιτο
1439 5127 1666 5197 ἑτέρων,
1699 5126 1775 5189 ὡς
1812 5127 1912 5198 ἤδη

342 5214 583 5285 βεϐαίως
606 5214 707 5284 τῆς
743 5217 909 5284 νήσου
949 5218 1239 5288 ἐχομένης,
1284 5222 1407 5273 τότε
1455 5221 1913 5290 παρεσκευασμέ-

339 5323 454 5359 νων
501 5306 614 5359 τῶν
650 5306 925 5375 τριήρεων
969 5309 1167 5374 οὐσῶν,
1190 5310 1294 5378 τὴν
1325 5311 1588 5380 ταχίστην
1618 5311 1872 5365 ἐπιπλεῖν
1895 5329 1910 5343 ·

339 5398 589 5465 πέμπειν
616 5395 675 5450 δέ
711 5401 807 5450 καὶ
837 5398 1004 5468 ἔτερα
1052 5401 1363 5470 γράμματα
1403 5402 1580 5467 Χίοις,
1614 5404 1913 5457 κελεύοντα

339 5491 438 5543 καὶ
467 5490 652 5551 αὐτοῖς
676 5489 1016 5559 ἀποσχέσθαι
1047 5490 1142 5543 τοῦ
1171 5493 1498 5561 οἰκοδομεῖν,
1517 5495 1592 5558 ὡς
1623 5496 1655 5566 ἢ
1685 5496 1914 5550 παύοιτο

336 5584 441 5634 καὶ
460 5581 610 5635 ἀκων
633 5581 735 5635 οὐκ
754 5580 893 5652 ἔχων
915 5583 1044 5645 τοὺς
1067 5584 1514 5653 συναιρομένους,
1537 5586 1568 5655 ἦ
1595 5588 1643 5638 εἰ
1671 5586 1915 5657 βιάζοιτο

338 5677 434 5727 καὶ
486 5671 753 5737 ἄκοντας,
796 5673 998 5742 μᾶλλον
1041 5674 1480 5743 ἐκπολεμωθεῖεν
1531 5678 1668 5748 πρὸς
1722 5679 1910 5731 αὐτόν.

338 5764 500 5817 υῦτω
551 5764 1008 5836 βουλευσαμένοις
1043 5766 1219 5819 ἐδόκει
1263 5768 1377 5839 δεῖν
1407 5769 1475 5823 τά
1513 5787 1573 5823 τε
1603 5770 1910 5841 γράμματα

338 5859 431 5920 εἰς,
490 5856 622 5912 Χίον
676 5858 936 5927 πέμπειν,
992 5861 1085 5913 καὶ
1139 5860 1392 5931 τριήρεις
1462 5861 1559 5926 τάς
1628 5880 1685 5915 τε
1743 5861 1913 5925 οὔσας

2023 4675 2286 4745 coegerit,
2317 4672 2423 4729 sibi
2469 4672 2802 4730 infensiores
2827 4674 3043 4730 reddat.
3079 4674 3269 4746 Itaque
3297 4674 3590 4729 consilium

2021 4774 2305 4837 ceperunt,
2334 4774 2394 4821 ut
2424 4765 2579 4821 Chiis
2606 4766 2935 4831 scriberent,
2970 4775 3027 4823 et
3058 4783 3180 4839 quae
3219 4777 3405 4824 essent
3430 4780 3593 4836 para-

2024 4866 2093 4913 tae
2145 4858 2420 4924 triremes,
2464 4872 2558 4915 eas
2598 4869 2898 4925 armarent,
2924 4860 3169 4931 aliasque
3214 4875 3384 4916 novas
3423 4858 3593 4948 addc-

2019 4957 2164 5002 rent.
2194 4948 2273 5003 Ac
2298 4945 2528 5018 epistola
2555 4948 2778 5019 quidem
2808 4949 3155 5020 imperatoris
3192 4950 3430 5005 Martino
3463 4945 3592 5004 red~

2021 5041 2133 5096 dita
2187 5039 2392 5094 frustra
2423 5038 2559 5095 fuit:
2591 5056 2655 5096 ea
2677 5042 2958 5112 siquidem
3015 5043 3175 5107 lecta,
3223 5042 3377 5112 operi
3410 5042 3586 5112 magis

2018 5128 2236 5197 institit,
2264 5148 2478 5189 summa
2517 5148 2622 5204 ope
2666 5134 2882 5190 enitens
2946 5146 3007 5189 ut
3038 5150 3136 5190 arx
3169 5134 3585 5200 absolveretur;

2018 5233 2074 5279 et
2103 5232 2164 5279 ut
2188 5225 2391 5295 quibus
2419 5208 2566 5281 esset
2597 5239 2758 5295 opus,
2789 5225 2858 5281 iis
2890 5225 3183 5281 adventum
3212 5226 3585 5296 imperatoris,
3661 5237 3679 5253 θ

2016 5331 2182 5385 quem
2202 5317 2313 5386 jam
2337 5315 2649 5385 suspicione
2679 5325 2735 5370 et
2781 5315 2895 5386 ipse
2925 5315 3298 5387 praecipiebat,
3328 5325 3585 5370 antever-

2020 5414 2178 5461 teret.
2206 5394 2534 5461 Benedictus
2557 5418 2725 5474 porro
2756 5418 2880 5459 cum
2914 5405 3146 5459 Martino
3165 5404 3332 5459 fratre
3364 5404 3585 5471 litigans

2018 5499 2088 5553 de
2128 5512 2225 5553 sex
2253 5510 2547 5551 aureorum
2578 5494 2841 5560 millibus,
2878 5510 3000 5564 qua:
3035 5495 3139 5551 sibi
3172 5495 3226 5549 in
3257 5508 3432 5549 annos
3465 5495 3584 5549 sin-

2015 5590 2173 5660 gulos
2195 5587 2543 5644 haereditario
2576 5588 2702 5659 jure
2734 5586 2802 5643 de
2832 5587 3068 5658 publicis
3099 5585 3596 5656 vectigalibus'de-

2017 5682 2307 5741 bebantur,
2342 5680 2655 5749 quibusque
2693 5679 2763 5734 ab
2805 5679 3001 5734 eodem
3034 5678 3316 5732 fraudatus
3346 5665 3486 5746 erat,
3513 5678 3587 5733 ad.

2017 5772 2404 5841 imperatorem
2445 5785 2505 5824 se
2529 5771 2790 5836 contulit,
2825 5769 3010 5825 fratris
3042 5768 3390 5840 iniquitatem
3421 5758 3589 5826 accu-

2016 5880 2143 5919 sans
2201 5874 2254 5919 et
2307 5862 2571 5917 auxilium
2629 5862 2875 5935 fiagitan=
2910 5877 2924 5917 :
2958 5861 3089 5932 quin
3144 5861 3310 5917 etiam
3368 5859 3592 5918 “item
