4156 6300
583 455 686 516 ιίἹ)
1415 461 1424 470 ’
1759 527 1761 530 ς
1797 457 2112 517 JUANNlS
2146 455 2668 517 CANTACUZENI
3726 455 3829 518 480

583 570 872 633 exhibens,
907 569 1108 640 quibus
1144 585 1334 640 magna
1383 570 1530 624 illius
1594 568 1860 639 injustitia
1892 571 2155 638 intprobi—

2274 567 2658 631 ιπισκευοὶζειν,
2689 568 2782 620 καὶ
2806 569 3002 637 ἑτέρας
3035 569 3458 638 ἐπιναυπηγεῖν.
3492 570 3572 622 Τὰ
3607 569 3706 637 μὲν
3737 567 3828 620 οὖν

585 670 778 728 tasque
812 663 1234 732 coarguebatur.
1279 661 1580 729 imperator
1613 670 1669 713 et
1711 674 1790 719 se.
1826 660 1914 714 ubi
1943 675 2007 714 co
2052 676 2151 714 ve-

2274 664 2564 732 (ράμματα
2633 661 2894 731 βασιλέως
2980 662 3266 731 ἀοξιγμένα
3339 662 3477 734 πρὸς
3553 663 3830 731 Μαρτῖνον

585 749 776 816 uisset,
812 753 990 806 scelus
1023 753 1447 815 vindicaturum,
1483 762 1534 805 et
1574 751 1931 804 Benedictum
1975 751 2150 806 nihilo

2274 754 2423 806 πλέον
2463 755 2668 825 ήνυσαν
2707 753 2864 806 οὐδέν
2893 769 2906 784 ο
2952 753 3069 806 ἀλλ’
3107 754 3396 820 ἀναγνοὺς,
3428 754 3630 822 μᾶλλον
3660 753 3827 822 έργου

586 843 766 896 minus
790 845 1076 912 pecuniam
1111 846 1465 898 interversam
1500 853 1844 913 recepturum
1875 844 2148 912 promisit.

2274 845 2460 914 εἴχετο,
2494 847 2588 898 καὶ
2639 847 2822 898 πᾶσαν
2865 845 3217 899 ἐπεδείκνυτο
3263 846 3506 917 σπουδήν
3536 847 3679 899 ὥστε
3728 845 3830 914 τήν

584 939 882 1008 ἀκρόπολιν
933 941 1234 1010 ἀπαρτίσαι
1284 934 1358 992 ὧν
1403 939 1470 993 ἂν
1530 941 1702 993 δέοιτο
1754 940 1855 1009 τὴν
1921 939 2190 1008 βασιλέως
2231 940 2443 1009 φθάσας
2527 941 2736 1010 ἔφοδον.
2797 942 2936 1011 Ἤδη
2991 941 3101 1012 γὰρ
3154 943 3448 995 ὑπώπτευε
3501 943 3599 995 καὶ
3647 942 3830 1004 αὐτός.

583 1032 864 1094 Μπενέτος
910 1033 966 1085 δὲ
1008 1036 1033 1086 δ
1079 1034 1358 1102 Μαρτίνου
1389 1034 1640 1101 ἀδελφὸς,
1667 1035 1724 1086 ἐν
1753 1034 1992 1104 διαφορᾷ
2021 1033 2158 1103 πρὸς
2195 1035 2407 1086 ἐκεῖνον
2462 1033 2764 1098 καταστὰς,
2822 1035 2905 1088 ὅτι
2957 1033 3199 1104 χρυσίων
3270 1034 3656 1104 ἑξακισχιλίων
3701 1032 3835 1086 ἀπο-

587 1124 830 1188 στεροῖτο
875 1126 1005 1195 παρ’
1033 1123 1218 1188 αὑτοῦ,
1253 1124 1288 1179 ἀ
1335 1126 1501 1194 ἐχρῆν
1566 1125 1728 1176 αὐτὸν
1780 1126 1844 1177 ὲκ
1909 1124 2018 1176 τῶν
2079 1123 2355 1193 δημοσίων
2405 1125 2505 1193 τῆς
2554 1126 2685 1178 Χίου
2759 1127 2943 1196 φόρων
2991 1127 3292 1196 λαμϐάνειν
3337 1126 3590 1196 ἐτησίως,
3625 1123 3831 1191 προσή-

588 1231 751 1267 κοντα
800 1217 862 1269 ἐκ
957 1218 1211 1288 πατρῴου
1263 1217 1491 1288 κλήρου,
1570 1213 1706 1290 ἧκεν
1747 1219 1823 1280 ὡς
1868 1217 2098 1288 βασιλέα
2121 1216 2218 1287 τὴν
2259 1217 2474 1272 ἀδικίαν
2526 1219 2776 1286 ἐγκαλῶν
2813 1219 2892 1288 τῷ
2950 1220 3165 1289 ἀδελφῷ
3214 1220 3309 1272 καὶ
3348 1221 3532 1287 τυχεῖν
3579 1216 3834 1284 δεόμενος

586 1309 926 1378 ἐπικουρίας.
969 1311 1335 1380 Γραμματεῖἀ
1375 1327 1432 1363 τε
1481 1310 1695 1363 ἐδείκνυ
1757 1309 1792 1363 ἀ
1857 1309 2046 1378 σαφῶς
2096 1291 2299 1378 πολλὴν
2363 1308 2458 1362 τοῦ
2491 1309 2726 1379 ἀδελφοῦ
2781 1312 2876 1363 καὶ
2905 1312 3005 1380 τὴν
3034 1310 3246 1364 ἀδικίαν
3281 1311 3584 1379 κατηγόρει
3616 1308 3710 1361 καὶ
3737 1306 3834 1374 τήν

588 1401 1000 1469 ἀγνωμοσύνην.
1036 1402 1300 1464 Βασιλεὺς
1352 1401 1408 1454 δὲ
1455 1401 1820 1471 ἐπηγγέλλετό
1867 1417 1925 1453 τε
1983 1403 2322 1472 τιμωρήσειν
2393 1402 2544 1471 αὑτῷ
2616 1402 2702 1471 ἐφ’
2735 1397 2819 1465 οἷς
2889 1402 3156 1455 ἀδικεῖται
3211 1402 3548 1471 ἀφικόμενος
3581 1402 3718 1466 ἐκεῖ,
3744 1401 3833 1452 καὶ

590 1495 753 1556 αὐτὸς
800 1495 952 1548 οὐδὲν
1004 1491 1168 1568 ἦττον
1239 1495 1274 1549 δ.
1328 1497 1479 1566 παρὰ
1536 1496 1817 1566 Μαρτίνου
1884 1496 2152 1549 ἀδικεῖται
2186 1494 2584 1564 ἀπολήψεσθαι.

1935 1613 2098 1682 230
2131 1610 2362 1666 CAPUT
2407 1611 2495 1664 XI.

595 1701 862 1756 Numerus
900 1704 1113 1755 navium
1150 1704 1201 1755 in
1234 1703 1419 1758 Chium
1455 1705 1897 1767 proﬁriscentium
1928 1722 1945 1758 :
1985 1706 2403 1757 tricrarcltarum
2440 1703 2721 1757 ambitiosa
2755 1703 3042 1756 contentio.
3079 1701 3194 1766 Qua
3220 1702 3518 1754 conditione
3549 1703 3832 1770 imperator

665 1771 902 1842 llinrtitto
932 1773 1119 1838 insula;
1149 1775 1518 1842 prwfecturam
1550 1773 1844 1842 relinquere
1867 1774 2135 1827 statuerit.
2172 1773 2302 1842 Ejus
2331 1777 2684 1826 contumacia.
2718 1773 3017 1827 Calathi-tus
3049 1774 3302 1836 adjuvare
3338 1771 3603 1824 Romanos
3633 1773 3830 1824 metuit.

666 1841 976 1893 Benedictus
1005 1841 1278 1895 castellum
1308 1846 1617 1906 imperatori
1643 1846 1828 1896 tradit.
1863 1844 2128 1896 Martinus
2153 1846 2304 1894 rebus
2332 1845 2620 1911 desperatis
2650 1861 2703 1895 se
2738 1843 2898 1900 dedit,
2939 1851 2987 1892 et
3032 1843 3275 1897 Chiorum
3310 1843 3552 1911 manibus
3585 1859 3616 1894 a
3649 1858 3834 1911 tinguo

661 1912 943 1980 domestico
975 1913 1214 1976 eripitur.
1251 1913 1514 1965 Martinus
1547 1915 1600 1964 in
1632 1913 1841 1966 vincula
1873 1913 2130 1965 ducitur:
2165 1928 2318 1972 umor,
2371 1910 2542 1973 liberi,
2585 1913 2773 1978 {amuli
2817 1911 2999 1964 exsilio
3049 1913 3365 1964 multantur.
3418 1910 3551 1980 Ejus
3591 1910 3833 1963 militibus

668 1979 861 2041 duplex
902 1981 1130 2034 conditio
1164 1983 1494 2050 proponitur.
1532 1982 1878 2052 Imperatoris
1913 1999 2016 2035 non
2041 1992 2151 2034 tam
2181 1982 2235 2034 in
2267 1982 2392 2034 bene
2422 1985 2612 2036 mereri
2644 1983 2905 2051 cupientes
2937 1990 3118 2051 gratus
3152 1981 3380 2033 animus.

665 2096 850 2164 itaque
881 2097 1072 2150 classis
1101 2105 1319 2150 centum
1351 2108 1406 2152 et
1447 2100 1692 2168 quinque
1741 2099 1964 2153 navium
2007 2114 2162 2153 com-

2337 2097 2788 2166 Παρεσκευάζετο
2821 2097 2921 2166 μὲν
2952 2097 3046 2150 οὖν
3073 2097 3260 2160 στόλος
3292 2096 3458 2148 πέντε
3494 2095 3590 2147 καὶ
3642 2096 3834 2149 ἑκατὸν

594 2188 911 2256 parabatur,
946 2203 976 2240 e
1000 2187 1207 2255 quibus
1233 2190 1395 2257 paulo
1427 2194 1714 2257 pauciores
1743 2200 1898 2245 erant
1926 2191 2164 2244 duorum

594 2293 879 2347 generum,
907 2278 1151 2332 biremes
1185 2287 1239 2332 et
1269 2279 1539 2344 triremes
1570 2282 1844 2345 videlicet,
1893 2290 1948 2335 et
1981 2296 2047 2334 ex
2079 2282 2165 2334 his

601 2369 890 2440 hippagogi
946 2368 1174 2440 [quibus
1227 2371 1486 2425 nimirum
1535 2375 1659 2442 equi
1711 2373 2164 2444 trausveltuntttr]

599 2471 747 2523 octo,
786 2462 838 2514 in
890 2461 956 2514 iis
989 2462 1117 2529 equi
1162 2464 1418 2523 trecenti.
1454 2464 1683 2532 reliqua:
1726 2467 2029 2518 uniretnes.
2070 2465 2166 2520 llis

603 2550 808 2618 paratis
851 2550 1155 2619 equitatum
1209 2559 1264 2606 et
1304 2553 1510 2607 cibaria
1557 2540 1841 2622 imposuit.
1885 2554 2020 2607 Tum
2054 2568 2165 2607 non

603 2642 742 2694 levis
788 2643 1070 2697 contentio
1120 2644 1444 2698 trierarchis
1496 2644 1711 2708 incidit,
1758 2644 1886 2698 dum
1934 2643 2167 2714 quilibet

599 2741 828 2784 Caeteros
867 2741 1188 2802 sumptuoso
1251 2733 1650 2803 splendidoque
1688 2741 1954 2803 apparatu
1997 2748 2164 2801 supe-

603 2839 726 2877 rare
769 2825 986 2891 nititur,
1016 2836 1072 2880 et
1117 2841 1242 2880 cum
1275 2827 1380 2881 alia
1431 2828 1723 2897 magniﬁco
1772 2827 2013 2890 instruit,
2051 2836 2164 2880 tum

601 2915 1007 2969 classiariorum
1061 2931 1256 2980 arma,
1319 2926 1374 2972 et
1413 2919 1636 2987 clypeos
1691 2917 1802 2972 suis
1864 2916 2168 2984 insignibus

602 3015 832 3060 exornat
869 3025 882 3061 ι
921 3022 1020 3062 nec
1052 3008 1198 3062 enim
1229 3007 1297 3064 de
1345 3007 1530 3063 intima
1567 3008 1745 3076 plebe,
1793 3007 1889 3062 sed
1925 3008 2027 3062 viri
2073 3023 2169 3062 no-

607 3094 747 3150 biles
805 3106 858 3150 et
883 3095 1177 3151 admodum
1205 3098 1412 3168 copiosi
1441 3107 1618 3152 erant.
1646 3097 1984 3169 Navigabam
2006 3113 2170 3168 porro

603 3202 728 3242 cum
773 3187 1102 3258 imperatore
1145 3205 1252 3243 non
1289 3190 1452 3244 modo
1481 3190 1659 3258 gravis
1702 3199 1758 3245 et
1801 3191 1936 3245 levis
1995 3204 2173 3244 arma-

607 3285 741 3332 turae
773 3279 954 3342 multi,
987 3295 1175 3334 verum
1207 3280 1370 3334 etiam
1404 3280 1471 3334 de
1498 3281 1820 3350 proceribus
1850 3297 1957 3336 non
1988 3280 2166 3350 pauci,

610 3375 666 3422 et
693 3379 892 3435 praeter
920 3369 1136 3438 equites
1174 3371 1471 3426 multitudo
1510 3371 1639 3426 item
1678 3385 1788 3425 non
1837 3371 2166 3442 spernenda.

2267 2188 2402 2242 νεῶν
2424 2207 2438 2222 ·
2470 2184 2545 2243 ὧν
2590 2186 2729 2260 ἦσαν
2760 2191 2941 2263 ,ὀλίγῳ
2972 2189 3236 2250 ἐλάσσους
3266 2189 3345 2251 είς
3374 2190 3476 2250 τὰς
3506 2187 3601 2241 δύο
3637 2189 3834 2257 μοίρας

2263 2282 2472 2352 διήρεις
2510 2285 2604 2336 καὶ
2631 2283 2882 2353 τριήρεις
2913 2300 2927 2314 ο
2961 2282 3021 2346 ἐξ
3050 2276 3124 2335 ὧν
3155 2279 3298 2354 ἦσαν
3341 2282 3664 2348 ἱππαγωγοὶ
3694 2280 3836 2334 ὀκτὼ

2265 2375 2496 2441 ἄγουσαι
2544 2374 2869 2446 τριακοσίαν
2901 2375 3068 2428 ίππον
3094 2390 3109 2406 ⁸
3152 2375 3208 2427 αί
3251 2373 3436 2425 λοιπαὶ
3471 2373 3528 2435 δὲ
3581 2374 3839 2444 μονήρεις

2264 2463 2426 2537 ἦσαν.
2489 2465 2645 2519 Ἐπεὶ
2700 2467 2755 2521 δέ
2811 2465 3334 2536 παρεσκευασμέναι
3393 2461 3558 2536 ἦσαν,
3612 2467 3713 2533 τήν
3780 2483 3838 2518 τε

2267 2559 2434 2613 ῐππον
2488 2559 2828 2628 ὲσεκόμιζον,
2863 2561 2958 2612 καὶ
3011 2559 3082 2612 τὰ
3135 2559 3271 2612 ἀλλα
3314 2558 3619 2627 ἐπιτήδεια.
3663 2553 3732 2630 ἦν
3779 2575 3837 2611 τε

2265 2648 2470 2717 ἅμιλλα
2519 2648 2692 2720 πολλή
2741 2650 2855 2710 τοῖς
2902 2649 3288 2717 τριηράρχαις,
3315 2647 3552 2700 ἑκάστου
3607 2649 3838 2716 φιλονει-

2265 2737 2492 2800 κοῦντος
2539 2738 2856 2808 πολυτελείᾳ
2915 2738 3008 2790 καὶ
3060 2738 3410 2807 λαμπρότητι
3480 2737 3838 2808 παρασκευῆς

2265 2830 2390 2892 τοὺς
2433 2829 2624 2890 ἄλλους
2673 2828 3104 2900 ὑπερϐαλέσθαι.
3144 2829 3252 2881 Καὶ
3283 2829 3351 2881 τά
3381 2846 3440 2880 τε
3492 2829 3628 2882 ἀλλα
3679 2829 3838 2897 ἐξηρο

2265 2918 2458 2972 τύοντο
2512 2918 2648 2988 πρὸς
2682 2918 2745 2971 τὸ
2801 2918 3408 2989 μεγαλοπρεπέστερον,
3445 2920 3541 2972 καὶ
3587 2918 3653 2972 τά
3702 2920 3836 2988 πλη-

2273 3008 2503 3081 ρώματα
2533 3009 2800 3079 ἐκόσμουν
2847 3009 3002 3073 ἰδίοις
3048 3012 3426 3080 παρασήμοις,
3469 3010 3526 3063 εν
3567 3027 3626 3063 τε
3657 3011 3839 3073 ὅπλοις

2270 3102 2364 3154 καὶ
2397 3101 2622 3155 ἀσπίσιν
2649 3117 2662 3132 ο
2689 3099 2834 3172 ἦσαν
2862 3101 2971 3172 γὰρ
3000 3101 3060 3155 οὑ
3091 3103 3200 3154 τῶν
3242 3103 3536 3171 τυχόντων,
3567 3103 3703 3156 ἀλλὰ
3729 3104 3839 3156 τῶν

2268 3209 2330 3244 τε
2375 3193 2616 3260 εὐγενῶν
2668 3196 2762 3248 καὶ
2807 3194 3019 3263 μεγάλα
3067 3192 3406 3262 δυναμένων.
3447 3195 3752 3248 Συνέπλεον
3782 3196 3839 3248 δὲ

2269 3283 2347 3352 τῷ
2376 3283 2588 3353 βασιλεί
2614 3285 2676 3338 οὐ
2735 3285 2892 3354 μόνον
2916 3285 3129 3338 ὁπλῖται
3159 3286 3257 3338 καὶ
3279 3284 3432 3353 ψιλὸς
3475 3286 3665 3349 πολὺς,
3708 3287 3842 3340 ἀλλά

2270 3375 2377 3429 τῶν
2406 3391 2467 3428 τε
2505 3374 2882 3445 συγκλητικῶν
2916 3375 3016 3427 οὐκ
3053 3373 3250 3440 ὀλίγοι,
3275 3375 3370 3427 καὶ
3396 3375 3749 3443 στρατιωτῶν
3777 3376 3837 3428 οὐ

605 3458 866 3514 Omnibus
888 3437 994 3514 rite
1043 3477 1107 3515 ac
1141 3463 1379 3530 perfecte
1411 3464 1636 3532 paratis,
1668 3437 1924 3535 Byzantio
1961 3463 2082 3518 vela
2113 3463 2168 3516 in

2277 3468 2438 3538 μόνον
2480 3470 2528 3521 οἱ
2583 3437 2914 3537 ἀρησόμενοι
2959 3468 3070 3528 τοῖς
3106 3437 3316 3531 ἵπποις,
3341 3437 3480 3519 ἀλλά
3533 3469 3628 3520 καὶ
3683 3467 3844 3529 ἄλλος

608 3549 780 3602 altum
829 3550 1045 3612 dantes,
1099 3567 1320 3607 cursum
1374 3554 1427 3608 in
1485 3555 1686 3608 Chium
1739 3555 1980 3623 dirigunt
2033 3553 2167 3623 (76).

607 3635 881 3691 Statuerat
921 3653 1053 3693 vero
1096 3639 1395 3709 imperator
1427 3650 1486 3695 ut
1520 3643 1564 3696 si
1587 3643 1879 3707 Martinus,
1933 3643 2171 3698 adventu

605 3726 796 3781 classis
844 3728 1061 3794 audito,
1095 3730 1416 3800 priusquam
1445 3733 1499 3786 iu
1548 3733 1781 3787 insulam
1815 3733 2174 3790 descendere-

607 3827 720 3884 tur,
749 3834 850 3889 pro
887 3833 950 3873 ea
990 3831 1236 3890 rogatum
1267 3824 1499 3888 veniret,
1533 3825 1804 3894 reliquum
1836 3827 1979 3882 arcis
2004 3826 2176 3882 aedifi-

607 3926 755 3975 care,
787 3923 843 3966 et
878 3927 977 3981 pro
1007 3913 1305 3970 securitate
1349 3916 1404 3969 in
1435 3916 1703 3982 futurum,
1743 3919 2058 3987 praesidium
2093 3918 2174 3973 illi

607 4001 930 4070 imponere:
957 4003 1216 4070 Martiuo,
1243 4007 1556 4063 restituenti
1579 4009 1876 4064 Benedicto
1899 4019 2174 4066 certorum

610 4108 902 4159 annorum,
939 4111 1107 4164 quam
1148 4097 1198 4152 ei
1243 4099 1557 4154 detraxerat
1593 4102 1903 4171 pecuniam,
1951 4103 2176 4172 reliqua:

610 4185 804 4241 insqu
849 4186 1233 4254 praalecturam
1279 4192 1647 4246 committere.
1691 4193 1794 4258 Qui
1845 4203 2024 4248 tamen
2065 4208 2176 4249 non

611 4278 786 4331 solum
821 4281 956 4334 nihil
986 4296 1180 4336 eorum
1222 4282 1372 4347 fecit,
1421 4300 1541 4353 qua:
1572 4286 1786 4351 debuit,
1832 4287 1928 4342 sed
1957 4288 2052 4342 ubi
2083 4303 2176 4356 ap-

613 4368 987 4437 propinquare
1043 4370 1272 4426 classem
1321 4375 1611 4437 intellexit,
1685 4386 1867 4430 ternas
1924 4379 2178 4434 triremes

609 4474 761 4521 suas,
792 4475 997 4530 easque
1038 4479 1242 4518 vacuas
1271 4464 1326 4518 iu
1379 4480 1528 4518 mare
1564 4465 1849 4533 demersit,
1884 4469 2176 4524 Romanis-

608 4565 714 4618 que
748 4551 982 4606 insulam
1015 4553 1413 4619 habitantibus,
1447 4557 1638 4610 mortis
1679 4571 1839 4625 paena
1872 4559 2174 4627 proposita,

607 4642 779 4696 armis
802 4641 1104 4705 interdixit,
1133 4645 1284 4699 urbis
1312 4660 1498 4713 portas
1519 4647 1863 4710 communiit,
1891 4657 1946 4703 et
1972 4658 2170 4703 extera

2271 3561 2457 3631 ὅμιλος
2501 3559 2690 3621 πολύς.
2731 3557 2885 3610 Ἐπεὶ
2925 3557 2982 3609 δέ
3027 3557 3206 3610 πάντα
3239 3555 3343 3626 ήδη
3374 3556 3726 3627 ἐπεπόριστο,
3751 3559 3846 3610 καὶ

2273 3652 2425 3705 οὐδὲν
2457 3650 2624 3704 ἐνέδει
2678 3648 2781 3711 ἔτι,
2809 3647 3036 3719 ἄραντες
3072 3649 3136 3700 ἐκ
3179 3648 3474 3711 Βυζαντίου
3510 3647 3704 3700 ἔπλεον
3751 3648 3847 3701 ἐπὶ

2273 3740 2423 3794 Χίον.
2449 3738 2679 3809 Γνώμην
2702 3738 2759 3792 δὲ
2785 3734 2930 3809 εἶχεν
2951 3739 2980 3790 ὁ
3007 3737 3283 3806 βασιλεὺς,
3313 3735 3389 3801 ὡς
3419 3737 3488 3807 ἢν
3514 3739 3542 3790 δ
3569 3739 3846 3807 Μαρτῖνος

2272 3830 2364 3885 τὸν
2432 3829 2697 3883 ἐπίπλουν
2776 3827 3103 3895 πυθόμενος,
3169 3827 3302 3897 πρὶν
3381 3827 3461 3889 είς
3519 3828 3620 3898 τὴν
3687 3828 3848 3896 νῆσον

2274 3927 2534 3996 κατᾶραι,
2595 3922 2866 3991 ἀφίκηται
2929 3919 3067 3990 πρὸς
3116 3920 3277 3973 αὑτὸν
3336 3920 3435 3972 καὶ
3487 3918 3655 3990 δεηθῇ
3718 3921 3848 3987 περὶ

2274 4021 2464 4089 αὐτῆς,
2489 4015 2592 4087 τὴν
2643 4015 2742 4084 μὲν
2792 4013 3115 4076 ἀκρόπολιν,
3141 4013 3206 4081 ἢν
3236 4011 3400 4074 αὐτὸς
3450 4011 3746 4080 ᾠκοδόμει,
3780 4011 3849 4063 τε

2273 4112 2588 4165 ἐλλείποντα
2641 4105 3032 4167 ἐπισκευάσας,
3089 4105 3387 4172 κατασχεῖν
3431 4103 3686 4172 φρουρᾷ,
3745 4101 3848 4167 τῆς

2274 4207 2552 4256 είσέπειτα
2591 4197 2888 4265 ἀσφαλείας
2925 4196 3086 4248 ἕνεκα
3111 4210 3124 4224 °
3168 4194 3430 4264 Μαρτίνῳ
3461 4193 3518 4247 δὲ
3547 4197 3647 4261 τῆς
3679 4193 3851 4259 ann;

2274 4295 2436 4363 νήσου
2488 4289 2778 4358 ἐπιτρέψαι
2817 4287 3026 4357 ἄρχειν,
3055 4284 3370 4338 ἀποδιδόντι
3417 4284 3656 4352 ἐτησίως
3694 4285 3852 4336 Μπε-

2275 4385 2412 4452 νέτῳ
2467 4381 2504 4436 ἀ
2555 4381 2816 4450 πρότερον
2897 4378 3163 4448 χρήματα
3215 4378 3533 4444 ἀπεστέρει.
3618 4374 3724 4429 Ὧδ’
3787 4377 3853 4427 οὐ

2279 4477 2438 4546 μόνον
2487 4474 2664 4526 ἐποίει
2695 4471 2804 4524 τῶν
2830 4471 3059 4523 δεόντων
3093 4469 3270 4536 οὐδὲν,
3309 4468 3428 4522 ἀλλ’
3460 4470 3582 4521 ἐπεὶ
3611 4468 3856 4524 ἐπύθετο

2275 4569 2401 4621 ὅσον
2464 4564 2678 4618 οὐδέπω
2759 4561 3088 4614 ἐπιπλέοντα
3145 4561 3238 4612 τὸν
3303 4560 3516 4622 στόλον,
3583 4558 3682 4622 τὰς
3756 4558 3858 4627 μὲν

2275 4663 2522 4732 τριήρεις
2573 4658 2640 4721 ἃς
2686 4651 2824 4726 εἶχε,
2847 4656 3002 4725 τρεῖς
3033 4653 3089 4706 δὲ
3119 4649 3280 4723 ἦσαν,
3323 4654 3403 4715 είς
3444 4652 3544 4721 τὴν
3571 4650 3857 4704 θάλασσαν

609 4751 774 4803 quam
799 4739 975 4793 visum
1017 4749 1103 4795 est
1145 4740 1352 4810 optime
1385 4741 1693 4807 constituit,
1719 4743 2174 4815 octingentosque

2279 4751 2540 4805 κατέδυσε
2577 4747 2738 4809 κενάς
2764 4761 2782 4780 ο
2828 4745 3122 4814 Ῥωμαίων
3172 4761 3232 4796 τε
3265 4748 3380 4807 τοῖς
3427 4744 3526 4813 τὴν
3549 4746 3715 4814 νῆσον
3754 4762 3860 4798 κα⁸

610 4836 854 4882 armatos
891 4845 1032 4898 quos
1079 4831 1343 4892 habebat.
1380 4832 1438 4886 in
1487 4834 1661 4888 muris
1714 4833 1780 4888 ad
1828 4835 2178 4905 imperatoris

613 4917 878 4986 impetum
928 4921 1306 4989 repellendum
1351 4925 1674 4990 collocavit;
1711 4925 1824 4994 jam
1869 4927 2017 4981 enim
2069 4943 2180 4981 non

614 5012 782 5067 dubie
806 5013 1199 5081 rebellabatur,
1241 5032 1345 5072 nec
1378 5018 1533 5089 signa
1574 5020 1926 5087 imperatoria
1959 5021 2016 5074 in
2047 5035 2184 5075 mo:-

615 5105 800 5172 nibus,
863 5122 965 5175 pro
1013 5111 1439 5175 consuetudine,
1487 5110 1583 5166 sed
1639 5111 1857 5166 Martini
1920 5111 2186 5167 duntaxat

2276 4839 2521 4894 τοικοῦσι
2556 4837 2748 4907 μηδενὶ
2799 4835 3084 4890 ἐκέλευσεν
3131 4835 3331 4899 ἐξεῖναι
3375 4835 3562 4897 ὅπλοις
3588 4835 3854 4904 χρῆσθαι,

2281 4928 2615 4985 θάνατονδὲ
2668 4923 2812 4979 εἶναι
2847 4925 2946 4995 τὴν
2995 4923 3200 4994 ζημίαν
3249 4925 3326 4994 τῷ
3349 4925 3646 4995 χρωμένῳ.
3684 4923 3861 4986 Αὐτὸς

2280 5023 2336 5075 δὲ
2365 5022 2462 5082 τάς
2485 5037 2545 5072 τε
2572 5018 2749 5078 πύλας
2782 5016 2878 5084 τῆς
2906 5015 3113 5076 πόλεως
3143 5015 3618 5084 ἀσφαλισάμενος,
3662 5014 3759 5066 καὶ
3789 5015 3860 5065 τὰ

2286 5114 2422 5168 ἄλλα
2452 5110 2801 5179 καταστήσας
2897 5106 3048 5177 αὐτῷ
3091 5107 3293 5177 ἄριστα
3330 5107 3506 5160 ἐδόκει
3537 5106 3706 5177 ἔχειν,
3739 5109 3860 5175 ἃμα

1849 5228 2061 5289 Jacobi
2097 5228 2362 5289 Pontani
2399 5233 2583 5287 notat.

693 5351 802 5420 (76)
833 5351 905 5404 De
941 5350 1043 5403 huc
1074 5349 1219 5403 bello
1251 5359 1358 5404 tam
1386 5353 1748 5414 memorabili,
1775 5365 1829 5406 et
1859 5352 2038 5406 causis
2065 5351 2186 5418 ejus

619 5419 792 5492 pauca
824 5422 1143 5492 perstringit
1189 5419 1478 5492 Gregoras,
1528 5425 1623 5476 lib.
1662 5440 1732 5475 tx.
1769 5423 1902 5476 Nam
1951 5438 2071 5490 qua:
2115 5421 2182 5473 ad

621 5490 847 5558 gloriam
876 5491 1109 5554 iunioris
1137 5490 1438 5545 Andronici
1473 5493 1948 5553 iaciunt,libeuter
1980 5493 2062 5547 vel
2090 5507 2186 5543 ex-

625 5573 834 5623 truunt,
865 5563 948 5613 vel
979 5561 1184 5614 omittit
1214 5578 1228 5614 :
1263 5561 1369 5614 Sub
1399 5572 1711 5615 autumnum
1755 5563 1995 5615 omuibus
2031 5561 2186 5613 trire-

624 5635 788 5682 mibus
821 5634 1198 5693 liontanorum,
1255 5647 1369 5698 quat
1423 5632 1687 5697 Byzantii,
1720 5632 1866 5684 Lesbi
1895 5673 1907 5694 ,
1941 5641 2098 5699 atque
2132 5631 2183 5680 in

623 5703 824 5751 ctrteris
854 5700 1062 5763 insulis,
1099 5711 1144 5751 et
1188 5700 1465 5752 maritimis
1504 5702 1710 5751 urbibus
1743 5711 1912 5765 crant,
1949 5716 2039 5752 nec
2082 5715 2185 5750 non

629 5769 968 5836 «uirentibus,
1011 5779 1059 5820 et
1107 5779 1337 5836 quatuor
1371 5771 1670 5821 auxiliariis
1700 5771 1993 5822 triremibus
2025 5786 2056 5820 a
2087 5769 2187 5836 Cy-

627 5834 841 5888 cladum
901 5834 1194 5891 insularum
1241 5837 1475 5906 prinupc
1505 5842 1788 5904 accersitis,
1820 5856 1846 5892 e
1876 5851 2033 5905 portu
2081 5834 2159 5890 soil

2294 5349 2386 5409 vit,
2448 5358 2562 5402 etc.
2602 5346 2737 5400 Rem
2770 5354 2960 5407 totam,
2995 5343 3062 5398 de
3097 5359 3203 5413 qua
3240 5353 3428 5396 noster
3465 5349 3572 5413 tam
3605 5341 3773 5413 multa
3801 5352 3862 5393 et

2296 5419 2550 5486 insignia,
2586 5418 2845 5482 deinceps
2875 5412 3126 5486 versibus
3159 5414 3404 5486 _circite_r
3452 5412 3646 5479 viginti
3683 5412 3864 5464 tribus

2288 5481 2542 5542 absolvit.
2576 5487 2916 5553 Quamquam
2953 5494 3005 5537 et
3039 5483 3172 5537 illud
3200 5481 3548 5553 verissimum
3589 5493 3696 5542 est,
3732 5496 3866 5553 pau-_

2285 5574 2475 5612 corum
2503 5551 2796 5609 admodum
2826 5555 3073 5608 notitiam
3104 5553 3359 5607 habuisse
3373 5551 3694 5619 Gregoram,
3715 5551 3859 5618 quod

2287 5638 2340 5680 et
2373 5636 2561 5681 noster
2586 5625 3009 5678 Cantacuzettus
3050 5623 3206 5676 initio
3238 5621 3480 5675 historiae
3506 5635 3640 5684 suae,
3667 5636 3863 5688 quant-

2284 5713 2447 5765 quam
2499 5696 2662 5750 tacito
2693 5697 2811 5764 ejus
2833 5695 3049 5765 nomine
3081 5692 3384 5765 amrmavit,
3414 5699 3470 5743 et
3515 5705 3616 5758 ego
3667 5705 3856 5765 narra-

2287 5761 2530 5820 tionibus
2581 5761 2865 5833 utriusque
2909 5761 3255 5818 conferendis
3315 5774 3558 5833 perseepc
3591 5763 3860 5825 expertus

2284 5852 2346 5891 δυ
2356 5852 2430 5891 lli.
