4156 6300
334 311 441 376 481

331 520 518 588 τείχη.
550 515 626 577 ώς
653 509 1024 582 ἀμυνούμενοι
1068 506 1294 560 ἑπιόντα
1321 503 1571 573 βασιλέα.
1616 500 1758 568 Ἤδη
1804 496 1915 588 γάρ

335 587 661 665 ἀνθίσταντο
728 600 1051 670 ἀναφανδόν.
1114 598 1224 651 Καὶ
1294 595 1417 649 οὐδὲ
1490 591 1735 663 σημαίας
1816 587 1916 650 τὰς

338 699 628 775 βασιλικὰς
666 695 910 765 ἠξίωσαν
955 691 1252 759 ἀναγαγεῖν
1284 689 1377 742 ἐπὶ
1413 688 1485 740 τὰ
1519 670 1696 755 τείχη,
1724 682 1916 775 ώσπερ

333 772 407 865 ἦν
459 793 604 856 εθος,
657 788 796 843 ἀλλά
851 785 949 849 τὰς
1008 781 1289 852 Μαρτίνου
1325 778 1514 849 μόνας,
1554 775 1629 836 ώς
1682 772 1917 843 βεϐαίως

334 889 442 958 ήδη
474 886 575 953 τῆς
630 883 798 950 νήσου
857 876 1153 948 ἐχομένης.
1202 871 1509 933 Καλόθετος
1553 867 1599 921 δ’
1645 866 1763 958 ἅμα
1804 865 1918 958 τοῖς

337 953 477 1048 περὶ
517 973 704 1034 αὐτὸν,
737 971 926 1032 ὅπλοις
968 968 1068 1037 μὲν
1122 965 1225 1019 οὐκ
1272 963 1517 1031 ἐτόλμων
1560 957 1802 1048 χρῆσθαι
1839 953 1918 1048 τῷ
1960 966 1969 982 '

333 1045 450 1122 δέει
495 1065 608 1120 τῶν
651 1062 936 1117 Λατίνων*
981 1052 1497 1126 παρεσκευασμένοι
1550 1051 1609 1103 δὲ
1647 1045 1791 1119 ἦσαν
1840 1045 1915 1108 ὡς

339 1158 733 1225 ἐπιθησόμενοι
762 1153 971 1215 αὐτοῖς,
1010 1148 1234 1203 ἐπειδάν
1263 1149 1292 1199 ὁ
1329 1144 1584 1213 βασιλεὺς
1626 1145 1706 1203 είς
1746 1156 1921 1209 τειχο-

344 1252 548 1323 μαχίαν
573 1246 846 1315 καταστῇ.
873 1243 1151 1312 Μαρτῖνος
1183 1240 1280 1308 μὲν
1313 1231 1407 1289 οὖν
1427 1232 1573 1287 οὕτω
1605 1234 1717 1294 τοῖς
1750 1229 1918 1281 ὀκτα-

339 1343 546 1402 κοσίοις
592 1334 890 1398 πεποιθὼς,
922 1329 1286 1399 ἀντικατέστη
1346 1326 1486 1397 πρὸς
1543 1324 1643 1392 τὴν
1706 1322 1914 1399 μάχην.

342 1430 610 1492 Βασιλεὺς
646 1428 703 1481 δὲ
756 1427 821 1496 τῇ
852 1425 1002 1494 νήσῳ
1058 1422 1135 1484 ὼς
1181 1420 1505 1490 προσέσχεν,
1547 1413 1822 1468 ἀπόϐασίν
1857 1426 1917 1463 τε

346 1524 611 1585 ἐποιεῖτο,
659 1519 758 1585 τῆς
788 1515 896 1585 γῆς
957 1514 1119 1575 εὐθὺς
1170 1509 1411 1578 κρατῶν,
1463 1506 1560 1561 καὶ
1607 1505 1704 1575 τὴν
1753 1504 1918 1557 ἵππον

345 1615 564 1682 ἐξάγων
636 1605 1084 1679 παρεσκευάζετο
1155 1603 1292 1671 πρὸς
1366 1601 1466 1671 τὴν
1532 1596 1916 1668 τειχομαχίαν.

344 1697 631 1760 Μπενέτος
678 1696 734 1748 δὲ
781 1695 811 1747 ό
854 1689 1135 1762 Μαρτίνου
1178 1689 1407 1758 assae»;
1444 1685 1704 1756 φρούριόν
1736 1701 1791 1737 τι
1821 1682 1917 1736 καὶ

340 1789 513 1853 αὐτὸς
580 1786 833 1857 κατέχων
903 1784 965 1837 οὗ
1049 1782 1269 1854 μακρὰν
1328 1781 1429 1849 τῆς
1489 1779 1660 1846 ἄλλης
1707 1775 1918 1838 πόλεως

337 1879 790 1953 ᾠκοδομημένον,
849 1874 968 1929 ἀλλ’
1025 1876 1153 1929 ὅσον
1201 1873 1296 1943 ἀφ’
1336 1872 1603 1942 ἑκατέρου
1668 1869 1807 1938 πρὸς
1856 1867 1918 1919 τὸ

335 1974 535 2043 ἓτερον
579 1969 716 2040 λίθῳ
761 1966 950 2037 σχεδὸν
991 1966 1340 2034 ἐξικνεῖσθαι,
1366 1965 1701 2036 ἐνεχείρισεν
1746 1958 1919 2013 ἐλθὼν

337 2060 421 2132 τῷ
464 2059 694 2131 βασιλεῖ,
732 2056 902 2111 πολλά
943 2054 1040 2109 τοῦ
1075 2053 1308 2123 ἀδελφοῦ
1360 2052 1692 2122 κατηγορῶν
1718 2050 1793 2113 ώς
1823 2049 1918 2101 καὶ

339 2148 550 2215 ἀνόητα
583 2144 679 2199 καὶ
708 2144 869 2199 ἄδικα
896 2142 1162 2213 πράττειν
1200 2140 1508 2208 ἐγνωκότος
1537 2156 1551 2170 ο
1584 2139 1746 2192 τοῦτο
1793 2137 1916 2207 μὲν,

338 2239 393 2292 σί
436 2238 574 2306 πρὸς
619 2235 893 2304 τοσαύτην
934 2233 1167 2303 δύναμιν
1216 2231 1571 2302 ἀντισχήσειν
1597 2230 1797 2301 ἤλπισε
1843 2228 1920 2299 μή

342 2329 514 2391 αὐτὸς
545 2328 602 2393 ἒξ
634 2328 759 2398 ίσης
812 2325 1136 2395 ὁρμώμενος
1171 2324 1530 2393 παρασκευῆς
1556 2339 1571 2354 ·
1605 2322 1823 2376 ἀδικίαν
1860 2321 1919 2375 δὲ

346 2416 761 2484 κατεγίνωσκεν
795 2413 984 2480 αὐτοῦ,
1018 2415 1066 2466 εἰ
1096 2412 1267 2466 πολλά
1297 2411 1432 2483 πρὸς
1460 2410 1726 2481 βασιλέως
1764 2412 1924 2479 etlap-

343 2510 627 2580 γετηθεὶς,
661 2510 795 2563 Χίον
824 2507 1072 2577 διενοήθη
1105 2505 1282 2568 ,αὐτοῦ
1322 2503 1721 2573 ἀποστερῆσαι.
1762 2501 1920 2555 Βασι-

341 2601 477 2665 λεὺς
529 2599 628 2670 μὲν
677 2598 772 2653 οὖν
831 2601 909 2658 είς
953 2597 1016 2649 τὸ
1057 2597 1321 2668 φρούριον
1365 2595 1603 2664 εἰσῆλθε,
1639 2594 1919 2647 Μπενέτον

343 2694 447 2758 τῆς
472 2693 554 2755 είς
592 2691 755 2745 αὐτὸν
788 2689 1002 2753 εὐνοίας
1049 2688 1371 2750 ἐπαινέσας.
1405 2688 1515 2740 Καὶ
1549 2686 1688 2755 μετὰ
1725 2687 1922 2754 μικρὸν

345 2782 584 2848 ἐξελθὼν
611 2782 889 2851 διεκόσμει
915 2779 1012 2854 τὴν
1044 2780 1307 2851 στρατιὰν
1338 2778 1414 2838 ώς
1444 2779 1504 2840 ὲς
1534 2776 1916 2847 τειχομαχίαν.

344 2876 625 2946 Μαρτῖνος
674 2875 731 2928 δὲ
791 2874 926 2942 πρός
975 2889 1035 2925 τε
1073 2872 1171 2942 τὴν
1204 2871 1470 2942 βασιλέως
1519 2869 1782 2938 στρατιὰν
1815 2868 1920 2938 ἤδη

348 2964 544 3018 ἑαυτὸν
601 2965 699 3017 οὐκ
743 2962 1046 3032 ἀξιόμαχον
1082 2959 1246 3029 ὁρῶν,
1273 2958 1340 3012 ἐκ
1377 2975 1437 3010 τε
1482 2957 1591 3009 τῶν
1618 2958 1768 3009 Χίων
1797 2956 1920 3008 ἐπι-

348 3051 577 3122 κουρίαν
632 3050 888 3119 οὐδεμίαν
945 3046 1264 3119 προσδοκῶν
1343 3046 1432 3099 διὰ
1487 3045 1548 3098 τὸ
1604 3045 1702 3113 οὔχ
1754 3036 1924 3114 ἦσσον

349 3143 521 3196 αὑτοῦ
559 3142 929 3211 ἀρεστηκέναι
958 3141 1078 3203 ταῖς
1108 3137 1361 3207 γνώμαις
1390 3136 1422 3207 ἢ
1456 3136 1578 3190 καθ’
1619 3137 1746 3188 ὅσον
1776 3132 1925 3187 εὖνοι

348 3229 494 3303 ἦσαν
527 3231 736 3302 βασιλεῖ
771 3228 1214 3290 ὑπωπτευκέναι,
1242 3225 1419 3287 ἄλλως
1440 3240 1499 3277 τε
1530 3224 1622 3275 καὶ
1640 3221 1925 3277 Μπενέτου

349 3323 874 3396 προσχωρήσαντος,
905 3320 999 3375 καὶ
1030 3319 1091 3372 τὸ
1119 3317 1381 3388 φρούριον
1404 3315 1741 3385 παραδόντος
1765 3313 1793 3366 ὃ
1826 3312 1927 3366 οὐκ

350 3418 578 3472 ἐλαττον
614 3414 846 3483 ἠδύνατο
891 3408 1283 3480 ἀποτειχισμοῦ
1315 3406 1460 3460 οὓτω
1511 3406 1738 3476 πλησίον
1783 3405 1928 3475 ᾠκο-

347 3507 682 3576 δομημέον,
716 3504 961 3572 σφοδρῶς
1002 3518 1061 3554 τε
1099 3498 1431 3568 ἐθορυϐεῖτο,
1460 3498 1557 3553 καὶ
1587 3500 1685 3561 τάς
1723 3496 1930 3562 σωζού-

350 3616 459 3663 σας
495 3597 896 3664 ’ἀπεγίνωσκεν
942 3592 1184 3655 ἐλπίδας.
1216 3591 1375 3645 Ἐπεὶ
1404 3592 1461 3644 δὲ
1494 3590 1564 3643 τά
1611 3606 1671 3643 τε
1724 3591 1927 3658 σημεῖα

353 3692 459 3760 ἥδη
491 3691 654 3760 ᾔρετο
692 3690 788 3742 καὶ
818 3683 989 3756 ἦρχον
1026 3685 1204 3757 μάχης
1236 3687 1288 3737 ot
1314 3684 1605 3753 Ῥωμαῖοι,
1627 3681 1928 3751 πρεσϐείαν

352 3783 585 3850 πέμψας
638 3782 666 3834 ὁ
723 3781 1019 3849 Μαρτίνος,
1051 3779 1220 3831 ἐδεῖτο
1279 3776 1546 3848 βασιλέως
1597 3774 1929 3845 συγγνώμης

349 3876 564 3943 τυχεῖν,
597 3872 690 3924 καὶ
726 3869 859 3937 πρὸς
892 3867 1210 3937 συμϐάσεις
1239 3868 1488 3937 χωρῆσαι
1519 3865 1639 3928 οἵας
1686 3863 1751 3917 ἂν
1795 3864 1927 3935 δοκῇ

355 3963 593 4036 βασιλεῖ.
624 3961 887 4024 Βασιλεὺς
933 3961 989 4013 δὲ
1037 3957 1330 4012 ἀπεώσατό
1368 3974 1429 4010 τε
1475 3956 1573 4027 τὴν
1607 3954 1925 4026 πρεσϐείαν,

354 4056 455 4109 καὶ
485 4056 588 4107 οὒκ
620 4052 827 4123 ἔφασκε
857 4052 968 4105 δεῖν
1005 4051 1103 4119 τῆς
1136 4051 1397 4137 στρατιᾶς
1429 4048 1564 4117 πρὸς
1611 4048 1708 4115 τὴν
1748 4047 1930 4116 μάχην

353 4145 880 4216 παρατεταγμένης,
948 4141 1300 4211 διαλέγεσθαι
1376 4139 1505 4211 περὶ
1583 4137 1929 4207 συμϐάσεων.

356 4237 632 4308 Πρότερον
681 4237 789 4304 γὰρ
836 4235 988 4304 αὐτῲ
1017 4233 1150 4304 ἐξῆν
1195 4236 1330 4304 πρὶν
1365 4232 1555 4285 ἐνθάδε
1583 4231 1762 4301 ήκειν,
1796 4244 1930 4296 συγ-

352 4330 588 4399 γνώμην
621 4344 679 4379 τε
707 4328 901 4390 αίτείν,
929 4326 1025 4379 καὶ
1066 4325 1303 4388 σπονδὰς
1341 4322 1588 4376 τίθεσθαι
1616 4321 1927 4392 εἰρηνικάς,

1493 293 1547 352 Π
1560 284 2035 351 [STORIARUM
2074 283 2305 344 LIBER
2348 283 2369 341 ί
2381 281 2424 341 ῐ.
3354 348 3361 355 .

332 422 682 484 ὀκτακοσίοις
726 417 821 482 οὓς
861 414 999 487 εἶχε,
1050 412 1393 486 φραξάμενοι
1440 410 1674 481 ἀνῆλθον
1727 409 1809 471 είς
1842 406 1914 459 τά

2026 402 2327 473 figebantur
2356 420 2368 454 :
2395 397 2553 470 quasi
2583 395 2765 451 insula
2789 394 2859 450 ab
2881 409 2949 450 eo
2975 401 3126 448 t-crto
3150 393 3261 463 jam
3289 395 3582 464 acquisita,

3481 273 3588 343 482

2016 504 2073 549 et
2116 490 2390 561 mancipio
2436 489 2663 544 obtenta
2707 494 2873 543 esset.
2915 484 3211 541 Calothcus
3268 499 3392 538 cum
3423 485 3582 555 231

2019 582 2136 637 suis
2183 581 2506 636 Latinorum
2557 587 2704 633 metu
2756 579 3036 647 corripere
3087 591 3239 630 arma
3283 576 3431 629 ultro
3473 590 3587 629 non

2020 674 2323 742 audebant,
2350 674 2443 731 sed
2473 674 2541 729 ad
2580 688 2801 743 operam
2834 671 3222 742 pra'standam,
3243 669 3336 725 ubi
3358 671 3591 738 impera-

2020 777 2108 822 tor
2134 782 2459 839 Oppugnare
2491 766 2682 821 urbem
2709 765 2989 835 coepisset,
3023 754 3211 833 parati
3232 769 3408 817 erant.
3451 761 3591 815 Μαι·-
3682 770 3691 779 ‘

2025 863 2173 917 tinus
2211 861 2547 931 octingentis
2585 860 2696 914 illis
2722 859 2982 917 confisus.
3012 872 3071 911 se
3104 855 3398 910 defendere
3434 853 3592 909 insti-

2022 953 2229 1008 tuebat.
2253 953 2560 1020 Imperator
2577 951 2643 1005 ad
2660 951 2817 1005 littus
2840 950 3126 1020 appulsus,
3155 955 3212 1001 et
3230 945 3590 1000 exscensione

2018 1044 2183 1108 facta,
2230 1054 2377 1098 terra
2425 1044 2612 1098 statim
2648 1042 2877 1111 potitus,
2929 1040 3201 1110 producto
3237 1039 3491 1108 equitatu
3521 1036 3592 1090 ad

2019 1135 2484 1204 eppugnationem
2530 1135 2945 1204 aceingebatnr.
2990 1132 3323 1185 Benedictus
3371 1128 3589 1183 Martini

2019 1240 2315 1288 germanus
2354 1225 2641 1279 castellum
2674 1226 2824 1293 jactu
2866 1223 3065 1293 lapidis
3098 1223 3167 1276 ab
3198 1221 3403 1291 oppido
3431 1221 3592 1274 dissi-

2023 1327 2138 1371 tum
2180 1329 2372 1371 tenens
2416 1316 2587 1379 venit,
2642 1316 2887 1385 illudque
2936 1314 3254 1384 imperatori
3305 1313 3492 1378 tradit,
3535 1322 3592 1367 et

2021 1406 2249 1461 fratretn
2291 1416 2351 1460 ut
2404 1405 2675 1475 iniustum
2714 1420 2778 1459 ac
2808 1404 3066 1459 stolidum
3098 1414 3323 1458 accusat
3348 1445 3362 1468 ,
3386 1402 3431 1456 si
3460 1401 3589 1470 qui—

2021 1497 2143 1553 dem
2187 1507 2452 1569 apparatu
2498 1499 2672 1552 multo
2718 1498 2969 1559 inferior,
3022 1497 3188 1551 tantis
3235 1496 3410 1565 cepiis
3455 1495 3593 1550 resi-

2019 1599 2168 1644 stere
2197 1604 2257 1644 se
2298 1602 2464 1659 posse
2492 1589 2847 1659 speravisset,
2878 1597 2935 1643 et
2959 1588 3210 1657 pluribus
3252 1587 3318 1641 ab
3351 1587 3594 1653 impera-

2024 1689 2141 1735 tore
2195 1681 2475 1735 beneticiis
2535 1680 2851 1749 obligatus,
2916 1679 3057 1734 Chio
3117 1680 3292 1748 ipsum
3355 1678 3593 1748 spoliare

2020 1773 2316 1829 meditatus
2359 1781 2525 1828 esset.
2584 1773 2893 1842 Imperator
2926 1772 3211 1826 castellum
3259 1771 3589 1841 ingreditur,

2021 1866 2384 1921 Benedictum
2410 1867 2479 1920 de
2521 1864 2702 1920 ofﬁcio
2737 1864 3087 1919 commendat
3121 1882 3135 1917 :
3167 1864 3435 1932 pauloque
3470 1876 3594 1933 [md

2020 1960 2324 2013 exercitum
2379 1957 2445 2013 ad
2498 1957 2920 2028 oppugnandam
2975 1959 3168 2014 urbem
3228 1959 3469 2022 ordinat,
3528 1973 3593 2012 ac

2022 2050 2290 2119 disponit.
2333 2049 2606 2103 Martinus
2632 2051 2745 2120 jam
2795 2061 2854 2103 se
2894 2048 2971 2104 illi
3002 2050 3264 2119 imparem
3300 2049 3592 2119 aSpiciens,

2023 2150 2078 2196 et
2122 2143 2330 2196 nullum
2379 2157 2409 2196 a
2460 2140 2614 2196 Chiis
2662 2140 2973 2195 subsidium
3029 2152 3396 2210 exspectans,
3448 2141 3594 2212 quad

2021 2249 2213 2288 eorum
2245 2233 2462 2287 animos
2514 2246 2625 2286 non
2670 2231 2856 2287 minus
2886 2248 2918 2287 a
2963 2246 3023 2286 se
3069 2247 3313 2296 aversos,
3341 2248 3505 2302 quam
3538 2233 3594 2286 in

2024 2327 2412 2396 imperatorem
2470 2338 2767 2378 conversos
2817 2323 3180 2392 coniectabat,
3244 2338 3369 2377 cum
3428 2323 3595 2377 etiam

2021 2418 2353 2472 Benedictus
2387 2415 2668 2471 deditione
2711 2417 2923 2470 castelli
2968 2415 3109 2471 facta
3158 2416 3326 2485 (quod
3370 2415 3594 2485 quidem

2025 2524 2184 2564 muro
2227 2508 2414 2564 valido
2455 2510 2698 2563 cinctum
2745 2519 2801 2564 ct
2846 2509 3147 2574 firmatum,
3195 2508 3433 2577 urbique
3466 2508 3600 2562 vici-

2022 2618 2179 2667 num,
2207 2617 2362 2671 aeque
2393 2601 2651 2655 resistere
2685 2600 2946 2669 poterat),
2980 2602 3097 2672 ejus
3139 2599 3262 2654 fidei
3312 2603 3598 2668 potestati-

2021 2708 2132 2765 que
2178 2707 2238 2748 se
2286 2693 2651 2762 permisisset,
2707 2692 3026 2747 medullitus
3076 2691 3463 2753 conturbatus,
3517 2692 3586 2745 de

2025 2799 2123 2855 spe
2175 2800 2290 2855 qua
2330 2800 2387 2839 se
2416 2785 2596 2839 adhuc
2625 2784 3032 2843 consolabatur.
3067 2783 3290 2838 decidit.
3323 2782 3458 2836 Cum
3495 2780 3601 2834 Ro-

2027 2876 2172 2929 mani
2208 2877 2319 2946 jam
2352 2876 2504 2946 signa
2551 2875 2837 2936 vellerent,
2868 2890 3220 2944 pugnamque
3254 2873 3594 2935 ordirentur,

2025 2966 2211 3022 missis
2242 2967 2439 3037 legatis
2467 2952 2737 3021 Martinus
2780 2966 2995 3021 veniam
3041 2966 3278 3033 precari,
3309 2976 3365 3021 et
3405 2967 3596 3035 pactis,

2026 3074 2150 3128 quae
2185 3058 2350 3113 vellet
2383 3058 2685 3126 imperator
2719 3072 2778 3113 se
2811 3066 3084 3111 staturum
3120 3058 3465 3125 promittere.
3506 3057 3600 3110 llte

2030 3148 2237 3218 legatos
2264 3148 2577 3217 repudiare,
2613 3162 2676 3201 ac
2706 3146 2913 3209 dicere,
2943 3153 3121 3200 stante
3146 3145 3256 3214 jam
3300 3145 3352 3197 in
3380 3146 3602 3212 procin-

2030 3251 2118 3295 ctu
2152 3240 2355 3298 milite.
2389 3240 2768 3307 importunum
2796 3253 2919 3291 esse
2939 3236 3006 3291 de
3037 3237 3211 3306 pactis
3242 3250 3424 3305 agere,
3456 3236 3602 3292 inte«

2029 3347 2187 3401 grum
2218 3331 2267 3384 ei
2300 3331 2467 3384 fuisse
2495 3339 2789 3399 antequam
2832 3329 2941 3383 huc
2969 3329 3144 3384 iretur
3166 3336 3222 3382 et
3261 3327 3477 3381 veniam
3514 3344 3605 3382 ro-

2030 3436 2178 3490 gare,
2214 3428 2268 3472 et
2297 3420 2364 3473 de
2400 3434 2530 3488 pace
2560 3435 2745 3473 secum
2773 3420 3093 3473 convenire.
3134 3417 3295 3472 Nunc
3328 3418 3510 3472 facere
3542 3433 3602 3473 se

2030 3510 2179 3581 quod
2231 3510 2455 3574 liberet,
2509 3511 2730 3580 quando
2784 3511 2903 3580 ipse
2950 3526 3048 3566 sua
3106 3511 3281 3566 fretus
3319 3511 3598 3578 potentia,

2032 3610 2225 3654 contra
2275 3616 2332 3655 se
2370 3615 2524 3654 arma
2557 3615 2756 3670 capere
2804 3615 2916 3654 non
2963 3599 3292 3654 dubitasset.
3336 3599 3604 3653 Martinus

2031 3691 2181 3745 omni
2212 3693 2323 3763 jam
2357 3709 2453 3762 spe
2500 3692 2783 3762 deperdita
2820 3693 3018 3749 timens
3060 3707 3130 3744 ne
3165 3692 3391 3759 insuper
3439 3689 3603 3744 morti

2032 3784 2364 3849 dederetur,
2410 3784 2548 3840 urbe
2588 3800 2865 3854 egressus,
2918 3799 3124 3854 seque,
3184 3784 3603 3851 exercitumque

2031 3888 2188 3928 suum
2235 3874 2553 3942 imperatori
2589 3872 2884 3927 transdidit
2911 3912 2926 3926 .
2971 3872 3090 3925 Chii
3129 3871 3407 3925 hominem
3455 3884 3605 3922 nunc

2030 3969 2097 4024 ad
2144 3968 2345 4037 captivi
2387 3968 2663 4020 fortunam
2710 3969 2998 4021 redactum
3055 3974 3370 4026 cernentes,
3423 3962 3606 4015 insur-

2031 4074 2183 4129 gere,
2233 4068 2293 4111 ut
2323 4072 2448 4113 eum
2483 4068 2609 4111 ante
2654 4057 2844 4112 oculos
2876 4057 3226 4124 imperatoris
3272 4061 3599 4108 mactarent.

2031 4150 2102 4203 At
2164 4166 2395 4220 magnus
2435 4149 2776 4205 domesticus
2821 4164 2881 4203 se
2928 4148 3185 4218 pessimis
3240 4145 3419 4200 modis
3476 4146 3604 4200 illos

2032 4249 2389 4309 accepturum
2438 4241 2831 4302 comminatus,
2880 4239 2927 4292 si
2976 4236 3110 4306 quid
3157 4236 3208 4291 ei
3260 4237 3602 4302 nocuissent,

2031 4332 2218 4388 vivum
2295 4332 2743 4402 incolumemque
2817 4330 3082 4386 servavit.
3144 4330 3453 4399 Imperator
3534 4327 3604 4382 de

356 4420 457 4474 νῦν
485 4421 543 4473 δὲ
594 4420 741 4482 ὅπως
778 4419 845 4472 ἀν
890 4418 1040 4489 αὐτῷ
1079 4418 1212 4489 δοκῇ
1260 4418 1459 4475 ποιεῖν,
1512 4415 1639 4469 επεὶ
1683 4417 1752 4486 τῇ
1793 4428 1924 4481 σφε-

2032 4424 2271 4479 amentia
2315 4424 2686 4494 obiurgatum,
2735 4422 2872 4478 nulli
2912 4422 3182 4492 supplicio
3212 4420 3463 4490 subjecit,
3507 4420 3604 4474 sed

351 4510 496 4580 τέρᾳ
544 4507 820 4572 πεποιθὼς
861 4508 1088 4580 δυνάμει
1120 4509 1263 4573 ὅπλα
1314 4507 1466 4576 αὐτῷ
1511 4506 1738 4576 ἀντῆρε.
1772 4505 1932 4558 Βασι-

353 4605 485 4665 λεὺς
528 4602 629 4672 μὲν
654 4598 749 4655 οὗν
772 4599 1001 4655 τοιαῦτα
1026 4595 1151 4653 εἷπε
1169 4614 1185 4631 ·
1214 4600 1488 4668 Μαρτϊνος
1519 4597 1576 4650 δὲ
1609 4597 1710 4668 ἠδη
1747 4598 1932 4650 πᾶσαν

353 4693 551 4748 ἐλπίδα
597 4692 1006 4764 περιῃρημένος
1047 4691 1347 4760 σωτηρίας,
1381 4690 1567 4752 δείσας
1618 4688 1695 4759 μή
1730 4687 1826 4742 καὶ
1871 4686 1931 4739 τὸ

356 4785 464 4855 ζῇν
485 4782 839 4855 ἀφαιρεθείη,
875 4783 1073 4836 ἑαυτὸν
1113 4781 1416 4851 ἐνεχείρισε
1457 4780 1666 4850 βασιλεί
1706 4779 1802 4832 καὶ
1831 4778 1931 4849 τὴν

355 4876 619 4944 στρατιάν
668 4877 770 4944 τῆς
826 4875 1036 4936 πόλεως
1092 4873 1352 4940 ἐξελθών.
1385 4875 1447 4925 0i
1480 4873 1604 4925 Χῖοι
1656 4871 1713 4924 δὲ
1764 4871 1930 4924 αὑτὸν

352 4967 595 5037 ὁρῶντες
627 4968 728 5038 ήδη
766 4968 902 5034 πρὸς
937 4966 1287 5039 αἰχμαλώτου
1336 4966 1507 5036 τύχην
1553 4966 1926 5030 καταστάντα,

353 5057 629 5130 ὥρμησαν
673 5059 748 5124 ώς
789 5061 883 5111 ἐπὶ
927 5058 1021 5111 τοῦ
1055 5056 1322 5128 βασιλέως
1367 5056 1818 5121 ἀποκτενοῦντες.
1870 5058 1930 5109 ὐ

356 5151 537 5220 μέγας
561 5150 621 5205 δὲ
645 5149 971 5220 δομέστικος
1003 5151 1309 5221 ἀπειλήσας
1329 5148 1530 5212 αὐτοὺς
1556 5148 1624 5203 τὰ
1642 5149 1930 5202 δεινότατα

351 5240 642 5310 διαθήσειν
697 5240 751 5293 εῐ
797 5258 852 5295 τι
904 5240 1289 5311 νεωτερίζοιεν
1334 5241 1464 5308 περὶ
1508 5239 1693 5303 αὐτὸν,
1739 5239 1929 5309 ἀπαθῆ

352 5330 656 5402 διετήρησε
696 5330 911 5389 κακῶν.
954 5331 1222 5395 Βασιλεὺς
1254 5332 1312 5385 δὲ
1350 5332 1516 5384 αὑτὸν
1567 5330 1740 5384 πολλά
1765 5348 1932 5385 κατα-

357 5420 725 5491 μεμψάμενος
753 5422 851 5491 τῆς
880 5421 1159 5488 ἀϐουλίας,
1185 5422 1338 5493 ὅμως
1362 5422 1423 5476 οὐ
1472 5421 1728 5490 διέθηκεν
1765 5421 1931 5474 αὐτὸν

351 5516 568 5575 κακῶς,
596 5512 738 5566 ἀλλά
775 5514 875 5584 τήν
919 5515 1020 5583 μὲν
1051 5517 1293 5583 γυναῖκα
1336 5513 1504 5568 αὐτοῦ
1534 5513 1793 5567 ἐκέλευσε
1835 5512 1930 5566 καὶ

354 5606 583 5668 παῖδας,
621 5604 702 5658 ἔτι
730 5605 786 5658 δὲ
826 5608 924 5660 καὶ
950 5608 1345 5678 θεραπαινίδας
1387 5608 1511 5660 ὅσαι
1550 5602 1717 5677 ἦσαν,
1760 5605 1933 5667 αὐτὰς

354 5696 461 5767 μὲν
505 5696 979 5765 ἑπιφορτίσασθαι
1020 5699 1146 5753 ὅσον
1190 5692 1385 5755 ἀνῖισαι
1431 5699 1657 5755 δυνατὸν
1704 5700 1767 5752 ἐκ
1824 5698 1933 5751 τῶν

2034 4531 2280 4579 uxorem,
2315 4517 2543 4584 liberos,
2575 4526 2632 4571 et
2661 4506 2892 4571 famulas
2919 4521 3193 4586 quotquot
3225 4520 3384 4568 erant
3414 4512 3604 4566 tollere

2027 4606 2192 4678 jussit
2221 4615 2488 4676 quantum
2521 4605 2664 4660 ferre
2691 4607 2853 4677 232
2883 4616 3104 4676 possent
3136 4605 3205 4660 de
3239 4604 3387 4659 illius
3415 4604 3602 4667 rebus,

2032 4699 2381 4766 pretiosaque
2432 4697 2816 4767 supellectile:
2848 4697 3083 4752 famulos
3142 4706 3326 4750 autem
3375 4695 3601 4758 toralia,

2032 4798 2263 4859 tapetes,
2304 4805 2368 4844 ac
2410 4789 2620 4858 reliqua
2657 4788 2841 4843 omnia
2888 4790 2954 4843 ad
3003 4797 3328 4842 nocturnam
3361 4790 3602 4857 quietem

2031 4879 2319 4949 requisita,
2367 4889 2421 4935 et
2471 4879 2609 4934 Chio
2659 4880 2987 4936 excedentes
3042 4880 3144 4941 ire,
3193 4892 3304 4948 quo
3352 4879 3606 4933 Voluntas

2032 4973 2280 5035 duceret,
2316 4969 2615 5025 Martinum
2663 4980 2843 5025 autem
2876 4969 3177 5037 imvirtcula
3210 4969 3356 5021 duci.
3389 4967 3456 5021 Et
3488 4970 3604 5023 [nec

2031 5063 2253 5135 quidem
2309 5063 2416 5118 hoc
2460 5063 2624 5118 modo
2653 5071 2866 5132 patrata
2913 5070 3061 5127 sunt,
3097 5077 3160 5115 ac
3203 5060 3376 5114 ferme
3419 5064 3603 5113 omnia

2032 5173 2155 5225 quae
2183 5156 2446 5211 Martinus
2473 5155 2731 5220 habebat,
2764 5153 3026 5208 ministra:
3075 5160 3133 5207 et
3156 5166 3295 5205 uxor
3328 5151 3381 5203 in
3400 5149 3604 5205 hume—

2033 5261 2125 5300 ros
2174 5247 2387 5300 sublata
2439 5244 2781 5299 extulerunt.
2831 5243 3187 5312 Oetingentos
3235 5249 3419 5294 autem
3457 5240 3601 5302 illos,

2034 5336 2127 5407 qui
2152 5336 2331 5391 cidem
2365 5334 2697 5397 militabant,
2725 5335 2885 5389 venia
2905 5345 2961 5388 et
2991 5335 3317 5404 impunitate
3345 5332 3606 5402 dignatus

2035 5437 2156 5493 est;
2205 5427 2300 5481 tali
2355 5427 2577 5495 optione
2627 5425 2777 5489 data,
2830 5431 2893 5478 ut
2942 5425 3037 5493 qui
3093 5423 3316 5489 vellent,
3366 5439 3491 5479 eum
3543 5439 3604 5478 re

2036 5517 2293 5573 familiari
2340 5531 2438 5570 sua
2470 5516 2645 5570 libere
2692 5516 2872 5570 insula
2907 5516 3316 5587 demigrarent;
3351 5515 3444 5584 qui
3490 5532 3607 5570 ma-

2036 5624 2168 5664 nere
2200 5607 2445 5673 mallent,
2466 5606 2535 5661 iis
2558 5621 2721 5662 nemo
2742 5615 2889 5662 esset
2909 5606 3193 5669 molestus,
3224 5614 3281 5660 et
3314 5609 3607 5676 imperato-

2036 5699 2117 5754 ris
2160 5699 2412 5753 militiam
2473 5696 2729 5753 merccde
2783 5698 3103 5755 tolerarent.
3154 5697 3352 5754 Paucis
3402 5699 3603 5755 Chium
