4156 6300
616 275 729 338 εδει
815 341 832 355 ,

1794 279 2122 339 JOANNIS
2160 277 2688 343 CANTACUZENI
2892 232 2901 237 ’
3726 282 3817 346 ut

618 382 1026 447 deserentibus,
1057 380 1241 438 caeteri
1266 397 1457 438 omnes
1487 392 1581 438 aut
1611 383 1814 439 ibidem
1844 401 1948 439 aera
1974 401 2186 441 merere

2315 387 2489 457 ικείνῳ
2521 386 2834 456 προσόντων
2862 383 3161 455 χρημάτων
3198 401 3255 438 τε
3289 384 3383 438 καὶ
3414 385 3585 440 ἄλλων
3602 389 3819 446 ἐπίπλων

617 483 1035 547 perrexerunt,
1084 482 1178 529 aut
1235 475 1289 529 in
1344 474 1629 531 ministros
1676 477 1795 546 ejus
1851 476 2187 532 domesticos

619 566 775 621 relati
814 575 963 621 sunt.
995 565 1110 620 [lac
1137 567 1348 621 ratione
1377 565 1547 622 Chius
1584 567 1637 620 in
1671 567 2049 621 Romanorum
2094 568 2186 637 jus

622 657 1069 726 mancipiumque
1110 655 1294 712 rediit.
1340 657 1644 726 Imperator
1673 657 1876 711 deinde
1923 667 1978 712 et
2016 657 2191 712 Bene-

622 749 775 803 dicto
802 764 906 819 pro
941 758 1133 803 navata
1166 748 1548 804 benevolentia
1608 763 1673 802 ac
1710 760 1958 818 prompta
1994 750 2188 802 volun-

627 848 757 904 tate,
788 848 843 892 et
883 837 1143 892 Chiorum
1189 838 1534 907 principibus
1609 840 1919 907 populoque
1959 841 2184 909 gratiam

626 929 852 998 rependi
877 943 1093 997 aequum
1113 929 1401 998 judicavit.
1426 928 1530 994 Qui
1555 944 1868 998 quanquam
1896 930 1963 985 ad
1989 931 2188 984 bellum

626 1029 819 1074 contra
847 1017 1139 1072 Martinam
1177 1019 1313 1072 nihil
1352 1019 1742 1083 contulissent,
1781 1031 1959 1074 tamen
1993 1021 2039 1074 is
2071 1028 2191 1075 erat

623 1125 816 1164 eorum
859 1125 1056 1166 sensus
1087 1121 1249 1180 atque
1293 1112 1528 1177 animus,
1575 1121 1633 1167 ut
1678 1115 2007 1169 necessitate
2038 1114 2190 1185 ﬂagi-

625 1209 799 1264 tante,
849 1217 1069 1257 omnem
1133 1218 1359 1272 operam
1409 1204 1475 1258 ad
1531 1204 1919 1273 imperatorem
1965 1214 2189 1260 strenue

622 1294 988 1363 adjuvandum
1034 1294 1285 1350 collaturi
1328 1294 1555 1350 fuerint.
1597 1296 1778 1362 Quare
1818 1303 1876 1350 et
1935 1295 2192 1350 Calothe-

626 1394 840 1448 tum,et
866 1399 1039 1453 genus
1053 1386 1173 1455 ejus
1203 1395 1315 1441 tum
1336 1386 1404 1442 iis
1432 1403 1552 1456 qum
1578 1387 1719 1455 apud
1749 1386 2188 1457 Didymotichum

621 1476 693 1530 de
725 1474 864 1530 Chio
894 1476 1240 1531 clandestino
1268 1492 1454 1533 secum
1504 1478 1798 1532 disserenti
1840 1478 2187 1543 promiserat,

623 1578 742 1621 tum
804 1567 926 1622 aliis
989 1578 1254 1637 praetcrea
1310 1569 1563 1637 pluribus
1625 1578 2005 1622 remuneratus
2059 1579 2186 1634 est;

2290 480 2386 532 καὶ
2418 478 2630 532 σκευῶν
2664 477 2993 542 πολυτελῶν,
3022 478 3149 537 τοὺς
3192 477 3249 530 δὲ
3283 477 3523 542 δούλους,
3551 481 3822 551 στρώματά

2288 589 2348 625 τε
2377 573 2473 625 καὶ
2498 573 2748 642 τάπητας
2781 568 2934 640 ἆραι,
2969 572 3065 624 καὶ
3091 570 3227 626 ἄλλα
3255 573 3357 626 ὅσα
3396 572 3669 642 ἐπιτήδεια
3705 575 3823 643 πρὸς

2287 662 2350 716 τὸ
2411 662 2696 717 καθεύδειν
2749 665 2849 733 τῆς
2908 665 3121 726 νυκτὸς.
3174 663 3270 716 καὶ
3331 661 3638 727 ἐξελθόντας
3682 666 3819 733 Χίου,

2291 753 2621 823 πορεύεσθαι
2671 756 2794 808 ὅποι
2848 755 2915 808 ἂν
2966 756 3121 826 δοκῇ.
3151 755 3430 825 Μαρτίνον
3473 756 3530 809 δὲ
3563 757 3821 811 ἐκέλευσεν

2289 847 2596 916 εἱρχθῆναι.
2630 848 2740 900 Καὶ
2774 845 2934 899 τοῦτο
2964 846 3069 914 μὲν
3108 844 3300 898 τοῦτον
3334 845 3582 917 ἐπράχθη
3611 847 3696 900 τὸν
3717 850 3825 917 ιιρὸ-

2291 952 2415 997 πον,
2449 936 2542 989 καὶ
2570 936 2760 1005 σχεδὸν
2788 938 2887 989 ὅσα
2918 936 3184 1006 Μαρτίνῳ
3210 932 3350 1006 ἦσαν
3387 937 3445 990 at
3475 934 3822 1006 θεραπαινίδες

2291 1028 2409 1095 ἅμα
2438 1031 2660 1094 γυναικὶ
2681 1028 3135 1098 ἐπεφορτίσαντο.
3165 1029 3305 1090 Τοὺς
3334 1027 3591 1091 συνόντας
3623 1028 3675 1080 δὲ
3692 1029 3823 1099 αὐτῷ

2290 1119 2670 1183 ὀκτακοσίους,
2713 1117 3047 1189 συγγνώμης
3107 1135 3166 1173 τε
3221 1119 3460 1189 ήξίωσεν
3503 1120 3532 1171 ὁ
3574 1118 3819 1189 βασιλεὺς,

2290 1211 2558 1280 ἀδικήσας
2619 1211 2820 1281 μηδέν’
2875 1215 2973 1266 κα)⁴
3033 1210 3348 1280 προύθηκεν
3406 1210 3615 1280 αἵρεσιν
3665 1211 3824 1273 αὐτοῖς

2290 1298 2570 1368 τοιαύτην,
2634 1300 2776 1351 ὥστε
2822 1301 2935 1363 τοῖς
2971 1314 3032 1353 τε
3068 1298 3421 1369 βουλομένοις
3468 1298 3535 1352 τά
3579 1298 3699 1351 ὄντα
3746 1299 3825 1351 λα-

2291 1390 2483 1452 ὀόντας
2517 1390 2716 1456 ἐξεῖναι
2748 1390 3055 1460 ἀναχωρεῖν
3082 1407 3095 1420 ·
3129 1391 3243 1454 τοίς
3278 1406 3340 1442 τε
3383 1389 3567 1458 μένειν
3600 1389 3821 1441 ἐθέλουσι

2295 1481 2501 1551 μηδένα
2563 1480 2807 1550 ἐνοχλεῖν
2832 1497 2846 1511 ⁸
2893 1480 3028 1535 ἀλλά
3085 1479 3188 1549 τὴν
3242 1478 3584 1550 μισθοφορὰν
3635 1477 3822 1547 λαμ.δά-

2293 1588 2504 1638 νοντας,
2547 1571 2821 1626 δουλεύειν
2859 1571 3095 1641 βασιλεϊτ⁵
3121 1570 3325 1638 Ὀλίγοι
3375 1572 3476 1640 μὲν
3506 1565 3598 1623 οὗν
3632 1569 3824 1622 ἐκείνων

618 1666 789 1727 atque
808 1657 948 1714 alios
970 1659 1135 1714 donis
1157 1668 1213 1715 et
1242 1659 1548 1714 honoribus
1573 1659 1744 1723 auxit,
1777 1660 2035 1728 p0pulum
2056 1675 2188 1715 vero

2315 1662 2518 1732 ιπῆραν
2565 1664 2631 1716 ἐκ
2672 1663 2772 1730 τῆς
2800 1661 2960 1726 Χίου,
2988 1662 3038 1714 ot
3076 1661 3256 1715 λοιποὶ
3284 1662 3366 1725 δέ,
3401 1662 3454 1714 οί
3488 1661 3586 1730 μὲν
3634 1659 3824 1729 ἔμειναν

622 1751 957 1807 tributorum
1016 1766 1219 1815 onere,
1280 1766 1391 1821 quo
1456 1752 1779 1815 gravissime
1833 1751 2192 1821 premebatur

2315 1767 2353 1803 ιν
2387 1719 2503 1820 Χίῳ
2532 1749 2689 1813 αὖθις
2723 1719 3204 1820 μισθοφοροῦντες,
3235 1750 3285 1802 οί
3332 1719 3389 1800 δὲ
3452 1719 3563 1810 τοῖς
3596 1719 3825 1817 βασιλέως

619 1840 848 1899 levavit.
2101 1910 2106 1923 α
2298 1843 2793 1914 συνηριθμήθησαν
2855 1843 3119 1904 οἰκέταις.
3181 1841 3311 1905 Χίος
3369 1840 3473 1911 μὲν
3532 1836 3625 1893 οὖν
3676 1836 3825 1901 οὕτως

623 1932 780 2000 αὖθις
802 1936 1024 2007 γέγονεν
1056 1936 1160 1991 ὐπὸ
1184 1936 1479 2006 Ῥωμαίοις
1501 1953 1515 1967 ’
1580 1937 1836 2007 βασιλεὺς
1859 1937 1916 1991 δὲ
1975 1938 2260 1991 Μπενὲτον
2297 1954 2356 1990 τε
2384 1937 2595 1990 δίκαιον
2621 1937 2838 2005 ἔκρινεν
2873 1936 3202 2003 ἀμείϐεσθαι
3228 1937 3326 2006 τῆς
3356 1934 3575 1997 εὐνοίας
3623 1931 3711 1987 καὶ
3747 1930 3829 1998 τῆς

624 2033 934 2104 προθυμίας
956 2033 1058 2103 τῆς
1085 2035 1166 2096 είς
1202 2032 1399 2095 αὐτόν’
1434 2033 1529 2086 καὶ
1558 2033 1667 2085 τῶν
1698 2034 1846 2087 Χίων
1905 2033 2038 2098 τούς
2094 2033 2354 2096 δυνατοὺς
2385 2034 2480 2085 καὶ
2538 2031 2630 2086 τὸν
2665 2032 2859 2101 δῆμον.
2898 2032 2961 2084 El
2992 2032 3100 2100 γὰρ
3167 2030 3261 2083 καὶ
3295 2028 3466 2100 μηδὲν
3497 2029 3577 2091 εἰς
3606 2026 3693 2078 τὸν
3714 2024 3831 2093 πρὸς

625 2124 902 2193 Μαρτίνον
966 2127 1202 2194 πόλεμον
1256 2125 1583 2195 εἰσήνεγκαν
1637 2125 1811 2188 αὐτοὶ,
1871 2124 2010 2178 ἀλλά
2062 2126 2183 2186 ταῖς
2223 2124 2472 2193 γνώμαις
2531 2121 2706 2185 οὕτως
2750 2119 2894 2192 ἦσαν
2932 2121 3473 2191 παρεσκευασμένοι,
3533 2117 3607 2179 ὡς
3642 2115 3702 2188 ἢν
3728 2113 3830 2185 δὲῃ,

624 2221 809 2270 πίσαν
856 2218 1252 2287 ἐπιδειξόμενοι
1296 2218 1534 2287 σπουδὴν
1572 2218 1665 2270 καί⁵
1737 2218 2050 2288 προθυμίαν
2117 2218 2255 2287 ὑπὲρ
2297 2217 2586 2286 βασιλέως.
2628 2216 2717 2268 Διὸ
2751 2217 2846 2269 καὶ
2893 2215 3199 2268 Καλόθετον
3228 2216 3326 2284 μὲν
3365 2213 3463 2266 καὶ
3493 2212 3666 2284 γένος,
3697 2214 3758 2266 τά
3783 2227 3833 2263 τε

625 2313 684 2362 ἐν
734 2310 1101 2381 Διδυμοτείχῳ
1160 2311 1681 2382 προεπηγγελμένα,
1729 2313 1816 2364 ὅτε
1876 2312 2003 2380 περὶ
2084 2311 2217 2363 Χίου
2296 2312 2478 2380 κρύφα
2526 2309 2833 2379 διειλέχθη,
2891 2311 2983 2362 καὶ
3042 2308 3268 2380 προσέτι.
3326 2304 3501 2363 πλείω
3550 2305 3831 2376 εὐηργέτει.

623 2405 888 2469 Καὶητούς
919 2405 1115 2469 ἄλλους
1144 2407 1454 2477 καὶίτιμαίς
1490 2406 1750 2478 ἠμείϐετο
1790 2407 1884 2459 καὶ
1922 2406 2173 2477 δωρεαῖς.
2218 2403 2322 2457 Τὸν
2356 2405 2524 2475 δῆμον
2563 2403 2620 2458 δὲ
2654 2404 2763 2458 τῶν
2791 2403 3066 2475 δημοσίων
3128 2404 3331 2475 ἀνῆκεν
3394 2401 3683 2472 εἰσφορῶν,
3732 2401 3835 2452 ὅσαι

630 2500 867 2570 μάλιστα
904 2498 1140 2561 ἐπίεζον.

2057 2586 2280 2643 CAPUT
2320 2585 2438 2643 XII.

624 2687 927 2755 Imperator
965 2688 1033 2741 ad
1066 2687 1294 2755 gratiam
1328 2684 1604 2738 Benedicto
1632 2685 1982 2753 referendam,
2008 2682 2122 2737 Chii
2143 2682 2457 2755 prcefectura
2483 2681 2633 2755 illum
2665 2696 2859 2733 ornare
2884 2680 3012 2755 uult,
3036 2696 3152 2732 cum
3205 2680 3459 2733 reditibus
3502 2678 3832 2755 amplissimis.

698 2750 868 2812 Homo
894 2750 1108 2821 avarus,
1162 2765 1210 2808 et
1256 2756 1560 2808 ambitiosus
1608 2750 1773 2806 totum
1820 2755 2049 2806 insulam
2085 2750 2179 2820 pro
2216 2750 2419 2819 peculio
2448 2752 2603 2804 audet
2636 2759 2827 2821 puere.
2879 2750 3113 2802 Certatur
3144 2766 3263 2803 eum
3308 2765 3507 2821 sanare
3554 2751 3831 2821 imperator.

697 2828 873 2880 Datur
895 2817 1124 2895 spatium
1157 2828 1225 2878 ad
1252 2825 1667 2895 deliberandum.
1697 2824 1869 2895 Manet
1911 2827 1964 2895 in
1992 2817 2253 2895 sententia
2305 2817 2664 2895 pertinaciter.
2708 2819 2977 2895 Galalam‘
3000 2820 3406 2895 trirentespetit,
3443 2835 3579 2895 quas
3600 2817 3676 2895 illi
3701 2825 3832 2895 negat

698 2887 1010 2965 imperat-or.
1046 2896 1246 2949 Iterum
1269 2895 1501 2965 spatium
1533 2893 1857 2965 deliberandi
1885 2893 2066 2955 datur,
2096 2901 2143 2944 et
2173 2887 2606 2965 Benedicttts_pra
2637 2890 2783 2965 [aluo
2810 2891 3048 2965 habetur.
3082 2888 3363 2965 Consilium
3390 2887 3579 2965 magni
3596 2887 3831 2965 domestici

699 2953 1013 3035 de'infamia
1043 2953 1350 3035 imperato-ri
1379 2962 1689 3031 effugienda.
1731 2962 1772 3013 Α
1822 2953 2131 3035 Latinorum
2172 2971 2427 3035 conventu
2481 2953 2790 3035 Benedictus
2834 2973 2929 3035 pro
2960 2960 3144 3035 insano
3175 2953 3508 3035 damnatur:
3524 2956 3742 3035 Honores
3764 2953 3833 3007 illi

697 3025 1259 3104 exqui'sitisst'ntiicum
1294 3025 1791 3104 viginti'uureornm
1832 3032 2066 3085 millibus
2098 3032 2475 3099 promittuntur
2502 3045 2518 3084 .'
2548 3031 2749 3097 spernit
2774 3025 2977 3081 omnia.
3005 3027 3347 3097 Imperatoris
3368 3027 3541 3080 virtus
3568 3025 3834 3080 laudatur:

696 3103 1006 3159 Benedictus
1044 3103 1296 3157 Galatam
1334 3103 1569 3170 navigat.
1705 3162 1719 3170 _
2545 3116 2557 3130 ·

700 3197 1036 3252 Accersitum
1062 3208 1282 3263 quoque
1310 3192 1665 3248 Benedictum
1704 3162 1933 3247 'Martini
1967 3191 2194 3248 fratrem

2368 3192 2649 3246 Μπένετον
2710 3190 2766 3244 δὲ
2833 3187 3352 3260 μετακαλεσάμενος
3422 3186 3518 3241 τὸν
3581 3186 3834 3257 Μαρτίνου

628 3288 995 3346 accusationis
1036 3288 1314 3350 admonet,
1345 3300 1508 3355 quam
1540 3287 1588 3341 ei
1619 3286 1934 3357 Byzantium
1969 3285 2199 3339 veniens

634 3383 948 3437 intenderat
980 3381 1048 3436 de
1077 3394 1168 3433 sex
1200 3394 1490 3433 aureorum
1523 3379 1785 3442 millibus,
1822 3393 1942 3447 qua:
1975 3392 2075 3446 pro
2100 3392 2198 3447 pa-

631 3483 786 3526 terna
843 3479 993 3525 sorte
1040 3469 1107 3523 de
1155 3469 1393 3538 publicis
1466 3468 1591 3524 Chii
1650 3468 1922 3524 reditibus
2001 3479 2198 3536 capere

631 3561 935 3625 debuisset,
974 3559 1044 3614 ab
1084 3559 1175 3613 illo
1207 3569 1412 3624 autem,
1456 3561 1548 3629 qui
1599 3561 1833 3615 insulam
1870 3558 1975 3614 sibi
2012 3557 2202 3614 vendi-

631 3660 833 3714 casset,
867 3650 1117 3721 privatus
1153 3650 1366 3705 fuisset.
1404 3650 1473 3705 Et
1501 3658 1797 3719 quo‘pacto
1830 3649 2121 3714 auxilium,
2152 3650 2199 3704 si

632 3741 780 3812 quod
818 3734 1027 3811 posset,
1058 3738 1239 3794 afferri
1271 3738 1592 3809 petivisset;
1623 3754 1744 3807 quae
1773 3738 1888 3807 ipse
1918 3738 2201 3807 promisis—

632 3841 741 3901 set,
766 3832 924 3903 233
947 3846 1111 3901 quam
1145 3844 1336 3885 severe
1360 3830 1620 3883 nimirum
1654 3829 1710 3882 in
1738 3828 1933 3883 Chium
1966 3829 2199 3896 delatus,

629 3936 687 3982 et
718 3926 844 3992 sibi,
878 3935 935 3980 et
964 3925 1041 3979 illi
1076 3925 1332 3996 iujuriam
1374 3923 1575 3977 illatam
1603 3922 1822 3976 ulturus
1847 3923 2009 3977 foret.
2041 3922 2199 3988 Quod

630 4018 892 4088 quoniam
948 4016 1202 4079 feliciter,
1247 4023 1411 4084 atque
1450 4023 1508 4068 ut
1541 4028 1637 4086 par
1676 4024 1814 4079 erat,
1845 4014 2111 4074 evenerit,
2144 4022 2201 4068 et

633 4109 900 4174 Martinus
930 4110 1110 4164 insula
1136 4116 1363 4164 exactus
1393 4108 1485 4174 sit,
1522 4117 1954 4163 consentaneum
1984 4108 2088 4162 sibi
2122 4108 2203 4162 vi-

633 4203 748 4258 deri
796 4203 1064 4272 promissa
1116 4201 1455 4271 persolvere,
1510 4209 1567 4254 et
1610 4201 1836 4255 castello
1872 4209 2066 4270 sponte
2108 4202 2203 4254 dc-

635 4293 816 4348 dendo
840 4294 1172 4348 declaratum
1213 4307 1342 4361 erga
1390 4307 1449 4345 se
1490 4291 1912 4360 pr0pensionem
1943 4306 2205 4360 compen-

630 4399 776 4440 sare.
822 4383 1091 4450 Quocirca
1144 4398 1202 4438 se
1252 4383 1330 4436 illi
1374 4381 1754 4452 praefecturam
1797 4381 1919 4436 Chii
1963 4382 2199 4436 deferre.

630 4475 880 4545 Cumque
917 4476 1127 4530 reditus
1157 4474 1347 4528 insulae
1388 4483 1608 4527 centum
1651 4488 1714 4526 ac
1737 4473 1931 4542 viginti
1967 4473 2199 4528 millium

2298 3284 2547 3353 ἀδελφὸν,
2600 3281 2979 3352 ἀνεμίμνησκε
3063 3296 3123 3332 τε
3204 3273 3280 3334 ὧν
3355 3278 3499 3350 πρὸς
3571 3278 3836 3341 Βυζάντιον

2298 3375 2470 3429 ἐλθὼν
2512 3375 2607 3426 τοῦ
2627 3371 2878 3439 ἀδελφοῦ
2928 3372 3253 3441 κατηγόρει,
3286 3372 3361 3434 ὼς
3393 3370 3724 3441 ἀποστεροίη
3755 3369 3841 3436 μὲν

2298 3468 2411 3523 τῶν
2440 3467 2826 3536 ἑξακισχιλίων
2871 3467 3137 3536 χρυσίων,
3170 3464 3207 3519 ἀ.
3253 3463 3538 3535 προσῆκεν
3579 3461 3719 3530 αὐτῷ
3750 3461 3841 3513 ἀπὸ

2298 3560 2408 3613 τῶν
2493 3559 2770 3630 δημοσίων
2828 3557 3109 3625 προσόδων
3180 3556 3281 3626 τῆς
3346 3556 3489 3610 Χίου
3550 3553 3838 3624 λαμϐάνειν,

2301 3652 2464 3713 αὐτὸς
2541 3651 2599 3704 δὲ
2681 3639 2780 3720 τὴν
2850 3648 3019 3720 νῆσον
3099 3647 3559 3717 σφετεριζόμενος
3634 3646 3836 3699 ἀποστε-

2304 3746 2422 3816 ροίη
2481 3740 2575 3798 τοῦ
2630 3742 2889 3813 πατρῴου
2954 3743 3184 3812 κλήρου,
3241 3742 3339 3795 καὶ
3412 3742 3491 3804 ὡς
3543 3742 3705 3794 ἐδεῖτο
3759 3736 3841 3803 τῆς

2298 3837 2532 3907 δυνατῆς
2576 3839 2758 3907 τυχεῖν
2826 3836 3170 3905 ἐπικουρίας,
3233 3829 3309 3887 ὧν
3370 3851 3433 3887 τε
3487 3833 3645 3893 αὐτὸς
3692 3834 3842 3895 ἐπηγ-

2301 3930 2544 3997 γείλατο,
2569 3928 2646 3991 ὡς
2673 3928 2798 3980 ὅσον
2830 3928 2930 3997 ήδη
2958 3928 3253 3996 γενόμενος
3306 3927 3364 3978 ἐν
3393 3925 3514 3995 Χίῳ
3546 3929 3645 3994 τῆς
3683 3940 3737 3974 τε
3775 3921 3842 3980 είς

2302 4018 2467 4071 αὐτὸν
2510 4018 2606 4070 καὶ
2657 4015 2750 4069 τὸν
2785 4015 3014 4083 ἀδελφὸν
3061 4015 3279 4077 ἀδικίας
3326 4015 3681 4084 εἰσπράξεται
3712 4013 3843 4072 Map-

2302 4112 2447 4163 τῖνον
2474 4108 2651 4171 δίκας.
2698 4106 2801 4160 Ὦν
2839 4108 2904 4178 δή
2938 4106 3034 4161 νῦν
3074 4108 3258 4169 καλῶς
3311 4107 3410 4160 καὶ
3462 4109 3538 4169 ὡς
3589 4105 3843 4175 προσῆκεν

2303 4201 2652 4265 ἀποϐάντων,
2685 4199 2781 4254 καὶ
2829 4200 3108 4270 Μαρτίνου
3145 4199 3279 4252 Χίου
3340 4193 3845 4267 ἐξεληλαμένουξδί-

2303 4309 2462 4347 καιον
2512 4292 2768 4362 ἡγεῖσθαι
2804 4293 2951 4344 είναι
2980 4291 3081 4354 τάς
3116 4307 3175 4344 τε
3211 4291 3548 4358 ἐπαγγελίας
3566 4284 3845 4356 ἐκπληροῦν

2303 4384 2402 4447 τὰς
2428 4387 2507 4447 εἰς
2537 4384 2722 4448 αὐτὸν,
2756 4382 2852 4436 καὶ
2880 4385 2980 4452 τῆς
3015 4383 3232 4446 εὐνοίας
3259 4382 3587 4453 ἀμείϐεσθαι
3633 4375 3696 4451 ἦς
3728 4376 3846 4446 πρὸς

2305 4474 2531 4528 ἐλθόντα
2582 4473 2909 4538 ἐνεδείξατο,
2963 4473 3023 4527 τὸ
3048 4473 3311 4543 φρούριον
3368 4472 3669 4541 παραδούς.
3699 4463 3767 4521 Οὐ
3793 4464 3846 4531 δὴ

631 4582 927 4621 aureorum
982 4580 1247 4622 summam
1303 4565 1463 4635 plane
1523 4565 1892 4623 conﬁcerent.
1957 4565 2024 4617 ad
2087 4567 2196 4635 ejus

2315 4565 2471 4619 ἕνεκα
2508 4565 2609 4634 τῆς
2639 4582 2699 4617 τε
2734 4567 2869 4618 Χίου
2907 4565 3230 4633 ἐπιτρέπειν
3275 4564 3371 4633 τὴν
3405 4563 3602 4633 ἀρχὴν,
3635 4561 3721 4614 καὶ
3753 4558 3846 4609 τίὲν

630 4658 1102 4729 procurationem,
1130 4656 1197 4712 ad
1229 4656 1503 4725 praesidia,
1550 4672 1794 4727 ususque
1839 4659 2204 4723 necessarios,

633 4759 900 4819 quantum
950 4764 1008 4803 re
1036 4758 1325 4817 perspecta
1359 4750 1555 4803 merito
1585 4749 1786 4817 requiri
1817 4758 2056 4817 putaret.
2109 4752 2209 4802 im—

635 4838 942 4909 penderet;
973 4839 1041 4892 de
1078 4838 1292 4905 reliquo
1326 4837 1614 4893 dimidium
1659 4854 1831 4893 unum
1885 4842 1937 4892 in
1973 4840 2208 4908 impera-

534 4952 542 4959 π
635 4932 771 4981 toris
827 4927 1020 4982 fiscum
1083 4927 1336 4992 inferret,
1388 4929 1561 4983 altero
1625 4928 1742 4999 ipse
1792 4931 2088 4985 frueretur.
2140 4931 2207 4985 Et

631 5021 891 5091 quoniam
936 5036 1070 5075 suus
1097 5036 1371 5091 quemque
1409 5021 1526 5075 dies
1573 5021 1725 5087 latet,
1760 5038 1976 5090 aequum
2042 5038 2114 5077 se.
2147 5030 2204 5077 ct

633 5115 765 5167 utile
793 5114 1069 5177 arbitrari,
1098 5128 1280 5168 arcem
1315 5130 1346 5168 a
1377 5113 1611 5169 Martino
1649 5114 1954 5167 inchoatam
1987 5115 2198 5183 perlici,

2304 4655 2581 4725 προσόδων
2612 4657 2783 4725 αὐτῆς
2802 4655 2917 4708 τῶν
2948 4655 3224 4725 δημοσίων
3251 4654 3352 4706 οὐκ
3388 4654 3618 4706 ἔλαττον
3644 4649 3844 4721 χρυσίου

2307 4747 2587 4817 μυριάδων
2636 4747 2967 4799 δυοκαίδεκα
3018 4746 3219 4812 οὐσῶν,
3274 4748 3355 4808 είς
3403 4749 3508 4814 μὲν
3553 4741 3847 4811 ἐπιμέλειαν

2302 4842 2404 4907 τῆς
2481 4842 2647 4907 νήσου
2717 4840 2814 4893 καὶ
2870 4839 3146 4908 φυλακήν,
3202 4838 3285 4890 ἐτι
3330 4854 3389 4889 τε
3445 4836 3642 4904 λοιπὴν
3696 4834 3846 4894 ἁναγ·

2306 4931 2478 4983 καίων
2518 4931 2891 4998 ἀναλωμάτων
2922 4929 3117 4999 χρείαν
3144 4931 3245 4982 ὅσα
3270 4928 3335 4982 ἂν
3358 4927 3510 4996 αὐτῷ
3545 4922 3847 4991 σκεψαμένῳ

2315 5021 2525 5088 βέλτιον
2559 5020 2742 5089 δοκοίη
2781 5020 2927 5087 ἔχειν
2959 5016 3194 5071 ἀναλοῦν
3223 5033 3238 5047 '
3270 5017 3342 5070 τά
3384 5017 3447 5069 δὲ
3478 5011 3849 5079 ὑπολειφθέντα
3876 5072 3882 5077 ⁴

2309 5116 2588 5181 William.
2610 5112 2678 5163 τὰ
2700 5110 2872 5181 ἡμίση
2906 5110 3005 5179 μὲν
3032 5108 3110 5178 τῷ
3132 5107 3401 5178 βασιλικῷ
3428 5105 3665 5174 ταμιείῳ
3694 5102 3849 5153 εἰσκο-

629 5216 686 5258 et
715 5222 746 5261 a
773 5221 831 5260 se
857 5221 982 5260 cum
1017 5207 1271 5275 praesidio
1297 5207 1576 5276 occupari;
1596 5222 1723 5276 quo,
1750 5208 1793 5260 si
1817 5207 1969 5276 quid,
1999 5215 2059 5260 ut
2081 5216 2196 5260 sunl

2315 5204 2510 5271 μίζειν,
2541 5202 2703 5255 αὐτὸν
2754 5202 2814 5255 δὲ
2851 5202 2921 5254 τὰ
2958 5200 3216 5253 ἐπίλοιπα
3240 5196 3615 5268 καρποῦσθαι.
3647 5190 3848 5276 ’Δδηλον

632 5312 722 5352 res
752 5300 1024 5365 humanae,
1055 5299 1158 5353 sibi
1202 5300 1486 5364 acciderit,
1526 5311 1583 5355 et
1631 5302 1776 5354 inter
1804 5299 2055 5352 Immines
2088 5313 2196 5352 essc

2315 5295 2361 5346 δὲ
2416 5294 2474 5348 ὃν
2509 5293 2783 5362 ἀνθρώπῳ
2834 5292 2999 5346 παντὶ
3027 5291 3192 5345 ὁπότε
3226 5289 3637 5361 ἀπροσδόκητον
3678 5275 3849 5345 ἐξειτδ

632 5390 879 5453 desierit,
921 5390 1152 5445 Bonnani
1200 5390 1420 5457 Chium,
1449 5393 1538 5447 cui
1591 5391 1749 5448 multi
1803 5398 1856 5443 et
1884 5389 2100 5451 remoti,
2156 5398 2196 5441 el

2315 5388 2460 5448 τέλος
2493 5386 2589 5454 τῆς
2617 5384 3011 5454 ξωῆς,δίκαιον
3032 5381 3149 5451 ἅμα
3181 5383 3276 5434 κοιλ¹
3307 5378 3591 5441 λυσιτελὲς
3620 5367 3847 5445 ήγείσθαι

632 5484 824 5549 vicini,
859 5484 1272 5554 praisertimque
1312 5485 1451 5540 Delii
1484 5484 1898 5554 liosliitaleuses
1928 5481 2043 5551 (77)
2079 5480 2196 5533 insi-

2315 5475 2452 5532 εἶναι
2478 5479 2578 5549 τὴν
2601 5478 2922 5548 ἀκρόπολιν,
2960 5477 2994 5545 ἣ
3030 5474 3169 5544 πρὸς
3197 5472 3478 5543 Μαρτίνου
3510 5463 3841 5540 ᾤκοδομεῖτθς

1886 5587 2101 5649 Jacobi
2138 5585 2410 5645 Pontani
2446 5591 2633 5646 notae.

713 5688 824 5758 (7'7)
855 5689 1015 5745 Delus
1039 5698 1154 5745 tum
1189 5690 1653 5762 Hospitalensium
1683 5699 1823 5757 erat,
1850 5684 2127 5758 quomodo
2152 5694 2209 5740 et
2246 5681 2466 5739 Graccus
2513 5682 2682 5739 code:
2736 5681 2861 5738 illos
2878 5679 3147 5737 nominat.
3170 5677 3410 5749 Σπιτάλη
3440 5676 3589 5733 enim
3615 5673 3669 5729 in
3684 5668 3846 5726 Greco
