4156 6300
349 311 459 374 885

1518 258 2063 368 HISTORIARUM
2101 303 2338 403 LtBEll
2374 306 2453 367 ιι.

3499 300 3606 364 486

342 420 857 477 μὲπισκευασθεϊσαν
911 414 986 475 ὧν
1018 420 1216 487 δέοιτο,
1272 421 1492 491 φρουρᾷ
1522 421 1931 489 κατασχεθῆναι

2049 419 2279 482 iientur,
2331 433 2417 487 ne,
2451 416 2728 473 amittant.
2778 415 2903 473 Haec
2937 431 3062 472 cum
3123 414 3423 497 imperator
3459 414 3609 470 dice-

350 514 491 583 παρ⁹
521 512 712 579 αὑτοῦ,
741 512 815 576 ὥς
837 515 892 566 εί
912 530 967 566 τι
997 512 1126 585 περὶ
1159 512 1345 575 αὐτοῦ,
1380 507 1468 564 οἶα
1498 513 1564 566 τὰ
1593 511 1932 582 ἀνθρώπινα,

356 604 610 676 συμϐαίη
644 605 741 659 καὶ
797 606 1010 680 γένοιτο
1063 605 1123 670 ἐξ
1177 603 1505 675 ἀνθρώπων,
1544 605 1621 676 μὴ
1671 606 1772 674 τὴν
1804 604 1935 656 Χίον

358 694 680 766 Ῥωμαίους
713 695 1182 766 ἀποστερηθῆναι,
1216 696 1447 761 πολλοὺς
1464 696 1700 766 ἔχουσαν
1721 695 1781 747 οὐ
1807 695 1937 766 πάρ-

363 786 546 855 ρωοεν
599 787 780 855 μόνον,
826 786 961 839 ἀλλὰ
1002 788 1097 840 καὶ
1155 786 1389 852 ἐγγύθεν
1445 785 1784 847 ἐπιϐούλους,
1844 786 1939 837 καὶ

362 876 612 943 μάλιστα
639 875 765 937 τοὺς
802 878 865 929 ἐκ
903 877 1076 947 Δήλου
1101 877 1500 940 Σπιταλεώτας.
1529 877 1770 931 Τοιαῦτα
1802 877 1937 945 πρὸς

352 967 649 1020 Μπενέτον
675 967 969 1032 διεξιόντος
1003 969 1295 1038 βασιλέως,
1347 972 1440 1023 καὶ
1476 971 1678 1041 μικρᾶς
1712 968 1932 1032 εὐνοίας

361 1059 530 1129 χάριν
559 1058 809 1129 μεγάλην
839 1060 1298 1130 κατατιθεμένου,
1336 1062 1385 1114 οἱ
1417 1061 1515 1131 μὲν
1540 1062 1690 1115 ἄλλοι
1735 1061 1938 1124 πάντες

362 1149 813 1218 κατεπλήττοντο
851 1149 951 1213 τὴν
984 1150 1113 1219 περὶ
1140 1150 1238 1212 τὰς
1290 1151 1616 1220 εὐεργεσίας
1647 1151 1743 1204 τοῦ
1780 1151 1939 1219 βασι-

360 1238 502 1301 λέως
523 1238 861 1307 φιλοτιμίαν,
902 1239 989 1292 ὅτι
1025 1241 1234 1310 μικρᾶς
1264 1241 1430 1293 ἕνεκα
1480 1242 1695 1303 εὐνοίας
1744 1221 1941 1295 τοσαύ-

350 1348 466 1399 τεην
502 1330 872 1399 ἀντιπαρέσχε
919 1331 1107 1401 χάριν,
1144 1332 1284 1401 μήτε
1317 1323 1392 1385 ὧν
1423 1332 1671 1385 ἀνάλωσε
1706 1334 1941 1402 χρημά-

292 1411 303 1417 ’
361 1439 477 1475 των
510 1422 647 1493 πρὸς
667 1423 769 1491 τὴν
798 1423 1160 1492 παρασκευὴν
1188 1423 1282 1476 τοῦ
1318 1425 1506 1478 στόλου
1536 1427 1633 1479 καὶ
1661 1427 1754 1495 τῆς
1787 1443 1943 1478 συνε-

290 1562 299 1569 ι
353 1514 585 1581 πομένη
641 1512 807 1582 ἄλλης
837 1516 1102 1584 στρατιᾶς
1122 1514 1594 1585 ὑπολογισάμενος
1625 1519 1683 1569 τὸ
1714 1518 1940 1586 πλῆθος,

353 1605 515 1674 ’μήτε
569 1597 645 1657 ὧν
698 1605 763 1657 ἐκ
823 1605 960 1658 Χίου
1009 1604 1240 1676 ἔμελλεν
1289 1608 1521 1678 ὲτησίως
1577 1611 1605 1661 ὁ
1654 1608 1942 1670 Μπενέτος

354 1697 770 1767 ἀποφέρεσθαι,
808 1699 904 1750 καὶ
957 1698 1153 1764 ταῦτα,
1181 1699 1339 1767 ὀλίγα
1386 1700 1418 1769 ἢ
1471 1700 1626 1753 οὐδὲν
1678 1701 1814 1770 πρὸς
1851 1699 1940 1752 τὸν

2040 521 2144 573 ret,
2172 523 2452 578 parvoque
2496 506 2676 562 oliicio
2704 505 2851 561 illius
2878 507 3083 576 ingenti
3113 505 3381 561 beneficio
3400 521 3501 560 suo
3524 521 3614 561 re-

2039 600 2357 670 sponderet,
2400 599 2595 669 reliqui
2637 614 2831 653 omnes
2866 600 2983 668 ejus
3016 606 3126 652 tam
3177 598 3398 652 fervens
3441 598 3613 654 bene-

2037 693 2267 746 faciendi
2335 693 2576 746 studium
2642 692 3147 759 obstupescebant,
3214 691 3437 760 quando
3498 700 3608 747 tam

2038 785 2253 839 modica
2300 794 2408 837 tam
2450 783 2663 853 magnis
2706 791 2961 852 pensaret
2994 799 3007 835 :
3038 798 3145 835 non
3184 795 3467 851 reputans,
3509 798 3611 838 ne-

2039 888 2146 940 que
2185 884 2421 942 quantos
2466 880 2719 942 sumptus
2771 872 2824 925 in
2872 872 3196 926 aedificanda
3252 873 3611 942 ornandaque

2040 965 2258 1030 classe,
2309 973 2365 1018 et
2427 963 2483 1017 in
2529 963 2844 1017 classiarios
2905 962 3124 1019 fecisset
3162 981 3175 1018 :
3210 979 3386 1033 neque
3445 981 3611 1033 quam

2041 1055 2302 1125 grandem
2360 1054 2650 1123 pecuniam
2706 1053 3038 1109 Benedictus
3092 1054 3475 1112 anniversarie
3526 1073 3614 1111 rc-

2041 1155 2361 1216 pnrtaturus
2384 1155 2567 1211 esset,
2601 1145 2767 1214 idque
2794 1161 2919 1199 cum
2964 1161 3152 1213 parum
3187 1156 3282 1200 aut
3308 1147 3445 1200 nihil
3469 1148 3613 1201 bello

2041 1253 2140 1308 pro
2165 1236 2303 1292 Chio
2334 1238 2759 1292 commodasset.
2798 1236 2903 1291 Sed
2939 1236 3232 1292 Benedicto
3283 1238 3419 1291 nihil
3462 1236 3612 1293 salii-

2041 1330 2219 1384 eiebat
2248 1346 2262 1383 :
2296 1330 2475 1398 quise
2511 1332 2680 1383 etiam
2715 1328 2914 1400 injuria
2959 1329 3119 1392 allici,
3145 1339 3202 1383 et
3241 1330 3357 1383 suis
3386 1329 3616 1399 spoliari

2004 1464 2011 1471 .
2043 1419 2324 1485 censebat,
2354 1418 2500 1487 quod
2555 1419 2855 1489 majoribus
2891 1419 3092 1488 dignus
3141 1434 3249 1473 non
3292 1418 3614 1474 haberetur.

2043 1506 2223 1573 Quare
2253 1512 2607 1565 donationem
2660 1510 3008 1581 imperatoris
3053 1512 3358 1581 rejiciebat,
3394 1510 3618 1580 proﬁte-

2045 1597 2337 1667 baturque,
2374 1615 2483 1652 non
2511 1617 2569 1655 se
2608 1602 2679 1655 iis
2710 1601 2960 1672 indigere
2996 1618 3010 1655 :
3044 1617 3145 1657 nec
3175 1602 3373 1656 Chium
3415 1617 3619 1672 procu-

2048 1705 2167 1743 rare
2195 1691 2354 1753 velle,
2402 1707 2506 1746 nec
2553 1680 2793 1748 retinere
2826 1694 2893 1748 iis
2925 1695 3364 1761 conditionibus,
3415 1695 3619 1765 quibus

367 1788 518 1858 ὑπὲρ
577 1789 679 1858 τῆς
729 1791 863 1843 Χίου
896 1791 1137 1859 πόλεμον
1187 1767 1542 1861 εἰσενεγκὼν.
1577 1767 1852 1860 Μπενέτῳ
1886 1792 1942 1844 δὲ

2049 1793 2141 1836 aut
2178 1798 2396 1850 parens,
2446 1794 2541 1837 aut
2572 1785 2741 1839 frater
2798 1785 3173 1841 retinuissent.
3215 1786 3270 1842 Si
3322 1787 3621 1856 imperator

355 1879 529 1932 ὀὐδὲν
550 1879 660 1949 ἄρα
687 1880 871 1951 ἢρκει,
896 1880 1013 1933 ἀλλ’
1042 1881 1346 1934 ἀδικεῖσθαι
1371 1883 1559 1950 ἡγεῖτο
1588 1884 1683 1934 καὶ
1711 1883 1944 1935 ἀποστε-

363 1971 592 2042 ρεῖσθαι
628 1974 701 2041 μὴ
739 1972 1004 2042 μειζόνων
1033 1971 1372 2041 ἀξιούμενος.
1407 1973 1499 2025 Διὸ
1528 1976 1625 2028 καὶ
1655 1974 1755 2045 τὴν
1793 1974 1947 2043 βασι-

367 2063 515 2126 λέως
568 2064 780 2133 δωρεὰν
815 2065 1124 2118 ἀπεωθεῖτο
1163 2067 1237 2133 μὴ
1270 2065 1480 2118 δεῖσθαι
1534 2067 1764 2136 φάσκων
1818 2067 1944 2137 μήτ’

368 2155 758 2224 ἐπιτροπεύειν
778 2155 932 2219 Χίου,
965 2155 1089 2226 μήτ’
1119 2157 1204 2222 ἐφ’
1223 2151 1305 2219 οἷς
1328 2159 1354 2209 ὁ
1382 2157 1567 2228 πατὴρ
1591 2157 1781 2223 αὐτοῦ,
1812 2156 1944 2227 μήθ’

368 2247 401 2297 ὁ
428 2244 658 2314 ἀδελφὸς
689 2246 967 2315 Μαρτίνος
993 2248 1088 2300 καὶ
1118 2248 1284 2301 αὐτὸν
1307 2249 1562 2318 κατέχειν
1591 2265 1602 2277 ·
1622 2249 1737 2302 ἀλλ’
1773 2252 1821 2302 εἰ
1847 2250 1946 2318 μὲν

370 2336 530 2407 αὕτῷ
563 2338 881 2391 παντάπασι
919 2341 1019 2408 τῆς
1079 2340 1214 2392 Χίου
1250 2338 1505 2410 βασιλεὺς
1560 2342 1945 2412 παραχωροίη,

366 2426 510 2482 ὥστ’
540 2429 678 2482 ἰδίαν
710 2431 861 2500 αὑτῴ
894 2432 1071 2503 ἀρχὴν
1124 2429 1286 2497 εἶναι,
1330 2433 1424 2486 καὶ
1459 2435 1726 2504 μηδαμῶς
1772 2436 1947 2489 τελεῖν

368 2522 482 2573 ὑπὸ
520 2520 850 2590 Ῥωμαίους.
905 2522 1112 2594 πολλὴν
1143 2523 1210 2576 ἂν
1246 2524 1412 2595 εἰδείη
1469 2526 1567 2592 τῆς
1624 2525 1947 2597 εὐεργεσίας

365 2613 559 2685 χάριν.
603 2613 663 2666 El
692 2614 749 2667 δὲ
779 2613 855 2685 μὴ
884 2614 1076 2668 τοῦτον
1115 2615 1362 2686 βούλοιτο
1394 2618 1484 2669 τὸν
1514 2617 1738 2686 τρόπον,
1789 2617 1951 2688 μηδε-

366 2703 508 2771 μιᾶς
542 2703 736 2774 ἑτέρας
758 2706 1080 2773 εὐεργεσίας
1119 2706 1435 2775 μεμνῆσθαι
1474 2705 1549 2770 ὡς
1580 2707 1721 2776 πρὸς
1752 2708 1949 2779 ἡδονὴν

362 2793 524 2862 αὑτῷ
547 2795 647 2847 οὐκ
674 2795 961 2866 ἐσομένης·
995 2795 1112 2850 ἀλλ’
1143 2797 1307 2850 αὐτὸν
1335 2799 1384 2859 ὅ,
1429 2817 1479 2851 τι
1505 2798 1572 2852 ἂν
1595 2798 1725 2868 δοκῇ
1753 2799 1949 2852 δεσπό-

369 2885 623 2955 τηνδντα
664 2887 793 2956 περὶ
845 2889 944 2956 τῆς
1001 2888 1166 2957 νήσου
1231 2891 1515 2959 πράττειν.
1572 2888 1839 2953 Βασιλεὺς
1892 2888 1949 2942 δὲ

366 2978 436 3029 οὐ
468 2976 654 3030 δίκαια
681 2979 856 3031 αίτεῖν
885 2978 1094 3045 ἔφασκε
1134 2981 1436 3047 Μπενέτον,
1487 2980 1596 3032 οὐδ’
1629 2975 1715 3033 οἷα
1743 2984 1946 3052 τυχεῖν.

2044 1887 2164 1927 eam
2206 1884 2373 1928 totam
2406 1875 2737 1930 omnimodis
2788 1893 2886 1945 pro
2924 1878 3188 1947 peculiari
3222 1879 3555 1948 principatu.
3588 1894 3620 1932 a

2048 1963 2419 2018 Romanorum
2450 1964 2684 2035 imperio
2715 1982 2937 2036 prorsus
2960 1980 3266 2038 exemptam
3297 1969 3400 2024 sibi
3437 1970 3620 2033 cedat.

2051 2065 2163 2108 tum
2208 2055 2428 2111 demum
2460 2057 2535 2111 illi
2570 2070 2629 2112 ut
2670 2059 2939 2114 beneficio
2968 2061 3196 2131 gratiam
3241 2076 3492 2131 magnam
3531 2063 3626 2115 ha-

2047 2149 2316 2203 biturum.
2370 2148 2426 2204 Si
2473 2152 2635 2225 nolit,
2680 2167 2747 2205 ne
2780 2152 2948 2206 ullius
2985 2153 3242 2207 beneficii
3282 2153 3621 2207 mentionem

2052 2241 2229 2303 iaciat,
2282 2242 2474 2295 audire
2506 2243 2652 2296 enim
2704 2257 2814 2296 non
2860 2259 3039 2312 posse.
3097 2245 3299 2298 Verum
3339 2258 3465 2298 eum
3508 2240 3626 2313 ipse

2049 2331 2240 2385 insulre
2274 2332 2532 2386 dominus
2561 2332 2653 2397 sit,
2694 2345 2881 2403 ageret
2912 2349 3011 2403 pro
3038 2335 3326 2389 arbitratu.
3371 2332 3624 2404 Respon-

2049 2422 2130 2475 dit
2185 2422 2503 2492 imperator,
2554 2424 2840 2480 Benedicti
2883 2426 3205 2494 petitionem
3252 2442 3357 2481 nec
3386 2424 3623 2497 :eqtratn,

2048 2530 2152 2569 nec
2191 2514 2597 2584 impetrabilem
2646 2532 2809 2571 esse:
2849 2517 3157 2587 oportuisse
3206 2518 3353 2572 enim
3399 2534 3493 2572 sex
3529 2534 3627 2573 au-

2049 2624 2268 2661 reorum
2304 2608 2545 2663 millibus
2585 2625 2613 2662 a
2646 2609 2882 2663 Martino
2913 2609 3247 2681 recipiendis
3276 2620 3623 2680 contentum,

2047 2702 2245 2756 alienis
2286 2718 2344 2757 se
2397 2719 2505 2757 non
2541 2704 2847 2773 implicare.
2889 2703 3027 2759 Cum
3076 2722 3207 2761 vero
3255 2721 3363 2760 non
3404 2714 3622 2761 tantqu

2052 2795 2235 2863 modo,
2277 2796 2370 2852 sed
2418 2798 2592 2851 multo
2636 2797 2803 2852 etiam
2841 2798 3019 2867 plura,
3066 2808 3123 2852 et
3163 2798 3389 2868 insuper
3433 2798 3627 2853 insule

2049 2887 2429 2959 praefecturam
2482 2890 2744 2959 consequi
2797 2891 3000 2954 liceat,
3035 2890 3201 2962 234.
3245 2891 3341 2960 qui
3407 2892 3625 2948 tandem

2051 2997 2252 3052 manus
2284 2982 2387 3036 hoc
2427 2980 2547 3048 ejus
2575 2983 2786 3037 meritis
2836 2982 3181 3053 impar'juste
3217 2983 3390 3037 videri
3415 2982 3628 3052 queat?

374 3070 590 3139 Ἔχρῆν
620 3070 720 3138 μὲν
745 3071 853 3138 γὰρ
881 3073 931 3124 εί
963 3074 1055 3126 καὶ
1086 3071 1210 3134 τοὺς
1240 3072 1640 3142 ἑξακισχιλίους
1667 3074 1945 3144 ἐλάμϐανε

2050 3073 2131 3127 Ad
2163 3075 2287 3136 hoc,
2322 3073 2367 3127 si
2406 3082 2573 3128 totam
2619 3075 2857 3128 insulam
2913 3076 2963 3129 ei
3012 3075 3067 3128 in
3115 3077 3388 3145 mancipio
3427 3076 3539 3137 det,
3571 3075 3628 3129 id

368 3161 632 3230 χρυσοῦς,
665 3154 742 3214 ὧν
770 3161 924 3228 παρά
967 3163 1248 3230 Μαρτίνου
1276 3164 1540 3231 ἠδικεῖτο,
1573 3165 1819 3235 ἀγαπᾷν,
1851 3166 1946 3219 καὶ

366 3253 866 3322 πολυπραγμονεῖν
922 3253 1110 3324 μηδέν.
1166 3254 1229 3308 Εἰ
1261 3255 1317 3308 δὲ
1350 3257 1411 3309 οὐ
1459 3255 1701 3319 τοσαῦτα
1760 3259 1946 3328 μένον,

356 3344 515 3399 illi:
568 3346 665 3399 καὶ
719 3344 1106 3399 πολλαπλασίω
1156 3334 1387 3409 τούτων,
1424 3350 1534 3401 ίκαὶ
1571 3350 1800 3418 προσέτι
1849 3351 1948 3421 τὴν

361 3438 557 3508 ’ἀρχὴν
600 3436 746 3507 ἔχειν
792 3437 972 3502 ἔξεστι
998 3438 1099 3508 τῆς
1132 3440 1323 3510 νήσου,
1361 3441 1478 3504 πῶς
1511 3441 1579 3496 ἂν
1609 3443 1692 3513 εἴη
1736 3444 1949 3496 δίκαιον

364 3530 539 3583 ἐνδεᾶ
564 3529 665 3600 τὴν
718 3529 880 3601 χάριν
915 3530 1012 3583 τοῦ
1064 3535 1442 3603 προσήκοντος
1466 3532 1750 3603 νομίζειν;
1786 3535 1868 3589 ἔτι
1893 3536 1948 3589 ἐὲ

371 3624 505 3678 οὐδὲ
559 3623 740 3691 ἑαυτῷ
789 3624 849 3676 τὸ
906 3624 1258 3678 παντάπασιν
1321 3625 1473 3696 αὐτῷ
1531 3629 1944 3699 παραχωρῆσαι

376 3715 540 3774 Χίου,
574 3715 633 3766 ἐν
672 3714 822 3784 καλῷ
853 3715 945 3768 τοῦ
974 3716 1253 3786 σχήματος
1283 3717 1387 3786 ἔφη
1418 3719 1752 3772 κείσεσθαιὸ
1791 3720 1949 3790 βασιο

372 3807 527 3873 λεὺς,
549 3807 670 3860 οὐδὲ
696 3808 1011 3879 φιλοτιμίαν
1030 3810 1123 3861 καὶ
1146 3810 1582 3880 μεγαλοψυχίαν,
1608 3812 1744 3865 ἀλλὰ
1769 3830 1949 3882 παρα-

372 3898 617 3968 πληξίαν
640 3899 732 3951 καὶ
765 3897 1026 3967 ἀκρισίαν
1054 3900 1350 3969 περιάψειν
1385 3902 1583 3970 ἐαυτῷ.
1608 3903 1671 3956 Et
1707 3904 1816 3975 γὰρ
1841 3904 1949 3957 ἔδει

369 3983 636 4038 τοσοῦτον
657 3984 816 4038 πόνον
832 3986 997 4039 αὐτόν
1022 4004 1081 4040 τε
1110 3988 1530 4059 καίῬωμαίους
1558 3991 1947 4062 ὑπομείναντα,

373 4080 476 4133 καὶ
513 4078 749 4131 τοσαῦτα
783 4080 924 4132 κατά
949 4080 1048 4148 τὴν
1076 4081 1432 4152 παρασκευὴν
1461 4081 1553 4135 τοῦ
1593 4083 1781 4136 στόλου
1811 4086 1949 4154 χρή-

375 4185 529 4237 ματα
546 4169 648 4222 οὐκ
678 4170 841 4222 αὑτὸν
890 4170 1051 4240 μόνον
1080 4173 1144 4224 ἐκ
1174 4173 1281 4224 τῶν
1317 4171 1633 4241 βασιλικῶν,
1664 4173 1803 4229 ἀλλά
1855 4177 1950 4230 καὶ

372 4264 441 4313 ὲκ
483 4259 593 4312 τῶν
626 4261 775 4313 ἰδίων
806 4261 914 4315 τῶν
944 4263 1223 4332 ἐπιφανῶν
1250 4264 1422 4317 πολλὰ
1453 4264 1815 4319 ἀναλωκότων
1841 4265 1951 4320 ὥσ-

372 4368 436 4403 τε
490 4353 763 4422 κρατῆσαι
794 4354 951 4419 Χίου,
1010 4354 1202 4408 ἔπειτα
1252 4355 1403 4423 αὐτῷ
1431 4359 1838 4429 παραχωρῆσαι
1893 4361 1950 4423 ἐς

2055 3165 2156 3219 sibi
2203 3166 2520 3234 neutiquam
2547 3165 2696 3220 laudi
2727 3165 2885 3232 fore;
2916 3181 3095 3235 neque
3121 3166 3307 3236 gloria:
3341 3166 3630 3236 cupidum,

2054 3267 2109 3312 et
2142 3257 2571 3327 magnanimum,
2613 3257 2708 3311 sed
2747 3272 3036 3323 vesanum,
3071 3264 3128 3310 et
3177 3258 3385 3311 nullius
3415 3257 3629 3313 cerebri

2054 3347 2232 3402 visum
2262 3349 2349 3402 iri.
2387 3349 2443 3402 Si
2481 3349 2629 3402 enim
2667 3362 2890 3403 necesse
2925 3358 3044 3404 erat
3089 3357 3163 3403 tot
3193 3349 3478 3404 laboribus
3512 3360 3567 3405 et
3595 3366 3628 3406 a

2056 3453 2115 3491 se
2159 3438 2452 3508 susceptis,
2501 3448 2559 3493 et
2587 3454 2618 3492 a
2663 3439 2950 3501 Rounanis,
3000 3447 3168 3507 atque
3218 3440 3273 3494 in
3326 3440 3499 3494 classe
3541 3439 3629 3494 in-

2055 3531 2315 3585 struenda
2369 3546 2480 3584 non
2520 3547 2549 3585 a
2602 3546 2661 3586 se
2694 3531 2980 3596 duntaxat,
3020 3547 3051 3587 e
3085 3533 3216 3586 llsco
3255 3548 3377 3598 suo,
3432 3532 3528 3587 sed
3559 3531 3630 3587 ab

2056 3623 2361 3678 illustribus
2390 3639 2611 3692 quoque
2645 3625 2942 3693 separatim
2975 3623 3221 3692 impensa
3267 3639 3375 3678 non
3419 3625 3631 3679 medio-

2055 3714 2131 3769 eri
2184 3715 2351 3776 facta.
2393 3726 2451 3770 ut
2494 3714 2666 3770 Chius
2707 3716 3074 3786 reciperetur,
3119 3714 3321 3769 deinde
3377 3730 3496 3769 eam
3547 3716 3626 3771 illi

2057 3812 2388 3879 relinquere,
2436 3810 2574 3864 adeo
2619 3820 2678 3864 ut
2723 3810 2958 3865 Romani
3009 3824 3193 3878 neque
3231 3823 3401 3871 nunc,
3445 3821 3629 3876 neque

2055 3902 2283 3971 posthac
2317 3902 2618 3971 quidquam
2676 3902 2803 3956 inde
2845 3902 3201 3956 emolumenti
3249 3900 3626 3968 perciperent,

2056 3994 2167 4047 imo
2203 4008 2303 4046 nec
2339 3994 2508 4046 verbo
2543 3993 2738 4074 saltem
2769 3995 2917 4048 illius
2949 3994 3161 4047 domini
3192 3991 3628 4061 appellarentur,

2054 4084 2217 4152 longe
2252 4083 2446 4151 utique
2472 4084 2691 4150 melius,
2731 4094 2795 4162 et.
2835 4084 3250 4138 conducibilius
3282 4083 3472 4146 fuisse,
3507 4098 3633 4150 pro-

2055 4178 2144 4232 cul
2176 4176 2415 4247 negotiis
2455 4180 2695 4245 quietem
2739 4175 3016 4245 per>equi,
3053 4174 3459 4244 Martinumque
3507 4189 3629 4229 eam

2057 4266 2300 4320 retinere
2351 4265 2587 4334 perpeti,
2630 4273 2692 4333 et
2743 4264 2873 4318 nihil
2909 4264 3196 4318 turbarum
3230 4263 3497 4318 excitare.
3538 4261 3630 4317 Sic

2058 4370 2295 4426 namque
2324 4367 2380 4410 et
2405 4355 2802 4425 defatigatione
2826 4370 2889 4410 ac
2914 4355 3101 4410 labore
3128 4353 3499 4422 expeditionis
3529 4354 3631 4407 hu-

373 4442 637 4495 τοσοῦτον
671 4441 813 4496 ὥστε
878 4445 1018 4514 μήτε
1076 4444 1173 4497 νῦν
1218 4446 1347 4515 μήθ’
1379 4445 1610 4518 ὕστερον
1644 4450 1718 4520 μὴ
1787 4449 1945 4518 μόνον

2053 4452 2166 4520 jus,
2212 4457 2270 4503 et
2306 4447 2529 4518 quidem
2578 4447 2868 4502 maritima:
2906 4455 2962 4500 et
2995 4454 3257 4515 prmterea
3293 4454 3631 4515 consumptae

378 4533 458 4601 μὴ
510 4535 754 4601 μετεῖναι
803 4532 1100 4603 Ῥωμαίοις
1119 4536 1220 4604 τῆς
1270 4536 1542 4604 ὡρελείας
1598 4540 1696 4607 τῆς
1756 4541 1945 4609 αὐτῆς,

2052 4544 2300 4613 pecuniae
2331 4540 2683 4611 supersederi
2711 4539 2976 4609 potuisse.
3007 4539 3182 4617 Adde,
3225 4539 3395 4608 quod,
3427 4540 3473 4595 si
3521 4555 3626 4592 non

377 4625 518 4679 ἀλλὰ
557 4625 695 4696 μηδὲ
742 4629 1100 4696 προσρήματι
1130 4627 1271 4697 ψιλῷ
1323 4628 1550 4699 κυρίους
1581 4630 1945 4700 ὀνομάζεσθαι

2053 4635 2159 4689 hoc
2187 4636 2452 4702 tempore”.
2499 4641 2555 4687 at
2588 4632 2885 4702 aliquando
2925 4632 3218 4694 Romanis,
3259 4638 3319 4683 ut
3366 4628 3628 4697 injuriam

377 4719 577 4785 αὐτῆς,
606 4718 787 4789 πολλῷ
812 4720 890 4790 τῷ
922 4721 1110 4790 μέτρῳ
1136 4721 1349 4791 βέλτιον
1382 4724 1476 4775 καὶ
1514 4724 1956 4794 λυσιτελέστερον

376 4808 472 4880 ἦν,
499 4811 600 4879 τὴν
637 4812 1085 4880 ἀπραγμοσύνην
1116 4812 1212 4864 καὶ
1258 4814 1357 4882 τὴν
1382 4816 1619 4885 ἡσυχίαν
1655 4817 1953 4885 αἱρεῖσθαι,

379 4904 661 4972 Μαρτῖνόν
712 4921 770 4956 τε
826 4907 923 4974 ὲᾷν
964 4905 1229 4974 κατέχειν
1279 4908 1373 4959 καὶ
1433 4907 1510 4977 μὴ
1569 4911 1954 4980 παρενοχλεῖν.

391 4993 655 5056 Ἑκείνως
681 4996 779 5063 μὲν
802 4994 911 5063 γὰρ
942 4995 1079 5061 πρὸς
1100 4995 1178 5065 τῷ
1202 4999 1278 5065 μὴ
1308 4998 1609 5052 κόπτεσθαι
1634 5002 1730 5054 καὶ
1763 5001 1955 5055 ταλαι-

379 5088 592 5156 πωρεῖν
652 5086 712 5136 ὲν
774 5086 1115 5153 στρατείαις,
1181 5089 1277 5140 καὶ
1340 5088 1537 5151 ταῦτα,
1595 5089 1949 5156 διαποντίως,

380 5181 476 5230 καὶ
510 5178 579 5230 τὰ
611 5176 966 5230 ἀναλωθέντα
1025 5180 1285 5249 χρήματα
1315 5178 1445 5246 ἐξῆν
1468 5182 1777 5250 κερδαίνειν
1804 5199 1818 5212 ·
1855 5185 1952 5237 καὶ

380 5269 675 5339 προσέτιγε
710 5269 762 5323 εί
804 5270 880 5341 μὴ
937 5269 1057 5335 νῦν,
1099 5269 1217 5325 ἀλλ’
1253 5269 1480 5342 ὕστερόν
1536 5290 1667 5327 ποτε
1719 5274 1950 5345 δύναμιν

2054 4727 2251 4797 passis,
2285 4739 2601 4794 comparato
2631 4724 2875 4779 exercitu
2910 4724 3143 4777 insulam
3199 4736 3526 4791 recuperare
3564 4721 3634 4775 li-
3709 4709 3712 4713 ’

2056 4820 2239 4887 cebit;
2293 4828 2349 4874 et
2379 4819 2461 4873 vel
2512 4833 2575 4872 ea
2623 4817 2813 4887 potitis
2861 4818 2950 4885 jus
3001 4832 3163 4872 suum
3214 4817 3495 4877 obtinere,
3543 4814 3628 4868 vel

2061 4911 2302 4980 potentia
2329 4911 2768 4965 adversariorum
2793 4910 3089 4980 superatis,
3120 4924 3300 4977 neque
3338 4922 3628 4975 perperam

2057 5003 2257 5077 egisse,
2291 5018 2468 5070 neque
2489 5003 2667 5056 taedas
2702 5002 2936 5057 violasse
2967 5000 3292 5056 existimari.
3332 4995 3450 5063 Sin,
3484 4997 3632 5065 quod

2058 5103 2115 5146 tu
2178 5109 2323 5147 nunc
2361 5093 2631 5163 postulas,
2663 5093 2900 5147 insulam
2950 5091 3049 5144 tibi
3104 5101 3358 5151 cessero,
3412 5098 3636 5153 praeter-

2056 5199 2220 5252 quam
2252 5184 2397 5253 quod
2436 5194 2672 5252 tempus,
2703 5189 2759 5235 et
2803 5182 3052 5250 impensa
3094 5176 3282 5248 periit,
3318 5176 3468 5228 nulia
3509 5188 3634 5235 spes

2054 5278 2175 5348 ejus
2232 5293 2473 5344 unquam
2534 5276 2863 5346 recipienda:
2923 5275 3183 5330 Betnanis
3238 5272 3624 5342 relinquetur;

1638 5392 1854 5455 Jac0bi
1887 5394 2155 5456 Pontani
2188 5402 2374 5456 notae.

377 5511 617 5583 barbaro
679 5510 963 5583 hospitium
1011 5519 1114 5566 est.
1169 5511 1355 5583 Genus
1403 5513 1792 5583 religiosorum
1849 5516 1952 5570 sub

382 5580 597 5651 Hygino
648 5582 931 5651 pontifice,
961 5590 1173 5651 notum.
1238 5581 1405 5636 Iidem
1446 5580 1539 5651 qui
1567 5584 1787 5649 Rhodii,
1851 5600 1949 5639 seu

384 5648 753 5722 illiodienses,
781 5659 865 5722 tet;
892 5650 1203 5722 melilenses
1247 5651 1409 5705 hodie
1445 5648 1681 5722 quorum
1709 5648 1950 5722 historize

384 5718 599 5783 Latinis
623 5727 676 5772 et
698 5718 902 5776 Italicis
940 5720 1143 5775 litteris
1168 5729 1403 5776 exstant.
1451 5718 1526 5778 De
1565 5724 1776 5797 origine
1807 5720 1947 5776 Hos-

2056 5518 2412 5588 pitalensium
2468 5517 2856 5588 Hierosolyma:
2893 5520 3114 5588 scripsit
3159 5519 3211 5572 in
3250 5516 3487 5572 Historia
3532 5533 3631 5574 sua

2056 5588 2325 5660 Qriental.
2367 5602 2486 5657 cap.
2533 5588 2905 5660 6i,_‘.|at_{obus
2934 5589 3001 5644 de
3039 5589 3301 5653 Vitriaco,
3335 5588 3633 5660 episcopus

2058 5657 2402 5715 Tusculanus
2432 5666 2486 5712 et
2518 5657 2833 5713 cardiitalis.
