4156 6300
610 365 711 430 491

1799 363 2121 425 JOANNIS
2164 356 2697 424 CANTACUZENI

3771 351 3874 424 Μ

611 485 783 543 voret,
814 490 919 531 non
973 484 1057 533 est
1100 473 1375 533 curiosius
1411 473 1819 545 inquirendum.
1842 473 2189 529 Ccnsendnm

2296 471 2476 526 οἴκαδε
2507 473 2785 545 ἀπεχώρει
2806 471 2882 534 ὡς
2903 470 2972 525 τὰ
2995 472 3202 542 ἔσχατα
3229 470 3581 542 ἠδικημένος.
3604 462 3869 548 Βασιλεὺς

600 582 748 625 vero
780 567 1115 623 furiosorum
1148 581 1271 623 esse
1303 566 1565 630 similem,
1589 565 1683 635 qui
1717 580 1895 635 neque
1930 564 2061 635 quid
2095 579 2190 619 ne-

614 675 723 729 que
805 658 950 729 apud
1011 674 1149 729 quos
1203 658 1538 728 loquamur,
1589 665 1831 723 norunt,
1887 657 1982 711 sed
2051 671 2191 726 qua-

615 760 776 806 tenus
841 766 872 805 a
940 750 1321 805 cacodtemone
1395 750 1778 820 exagitantur,
1843 749 2193 819 cogitationi-

615 840 721 897 bus
766 841 1026 896 humanis
1080 841 1440 896 abhorrentia
1497 842 1782 897 eﬂ‘utiunt.
1820 841 1890 897 Ut
1924 850 2106 895 autem
2134 840 2190 894 in

616 944 896 1004 posterum
941 947 1044 989 nec
1080 933 1221 1002 ipse,
1260 948 1365 989 nec
1392 933 1532 987 alius
1565 932 1853 987 veritatem
1904 932 2193 987 mendacio

616 1026 918 1082 obscurare
965 1033 1155 1095 queat,
1204 1033 1260 1079 et
1309 1024 1504 1079 inanes
1556 1023 1899 1080 comminisci
1954 1022 2188 1086 fabulas,

615 1133 726 1188 quo
801 1118 962 1173 nobis
1031 1117 1212 1172 labem
1274 1116 1518 1186 aliquam
1570 1108 1938 1185 improbitatis
1986 1113 2192 1179 inurat,

616 1210 780 1281 236
839 1225 963 1281 quae
1019 1208 1157 1263 mihi
1226 1205 1622 1272 videantur,'si
1682 1205 1823 1260 forte
1873 1202 2193 1259 cademlibi

604 1303 1026 1374 probabuntur,
1061 1301 1310 1370 eloquar.
1346 1299 1485 1367 Quia
1536 1300 1588 1353 in
1641 1312 1881 1368 prmsens
1925 1311 2035 1350 non
2082 1295 2193 1349 Ro-

615 1394 762 1449 mani
798 1394 1084 1459 duntaxat,
1120 1391 1214 1447 sed
1244 1400 1301 1445 et
1329 1388 1650 1446 Genuenses
1679 1399 1736 1444 et
1774 1388 1966 1445 Veneti
2002 1389 2057 1443 in
2092 1388 2196 1442 hac

616 1488 794 1542 insula
838 1486 1212 1556 negotiantur,
1241 1492 1297 1537 et
1333 1482 1591 1537 Nicolaus
1621 1480 1865 1536 Sanutus
1898 1478 2195 1549 Cyeladnm

615 1581 929 1650 praefectus,
980 1577 1073 1648 qui
1128 1574 1384 1630 amicitiai
1431 1588 1563 1644 ergo
1595 1582 1648 1627 te
1679 1572 1973 1627 salutatum
2005 1571 2192 1630 venit;

617 1672 745 1724 item
774 1686 839 1725 ex
869 1668 1081 1723 Latinis
1112 1666 1430 1737 episcopus;
1468 1664 1557 1719 cui
1590 1680 1619 1719 a
1652 1679 1789 1734 papa
1821 1662 1945 1718 Cltii
1981 1658 2197 1731 pontiﬁ-

616 1772 771 1817 catus
821 1760 1149 1816 commissus
1195 1763 1280 1812 est.
1333 1753 1471 1825 (79),
1511 1763 1566 1809 et
1619 1754 1832 1825 aliquot
1877 1753 2196 1809 Ferraricn-

616 1871 703 1910 ses
736 1854 876 1925 (80),
905 1851 999 1922 qui
1034 1860 1235 1905 terram
1263 1848 1408 1902 hanc
1437 1847 1697 1913 lustrare,
1727 1855 1781 1901 et
1802 1861 1985 1901 mores
2018 1845 2195 1900 homi-

619 1960 747 1999 num
803 1957 1137 2014 cognoscere
1209 1938 1471 2003 student;
1531 1945 1865 1993 conventum
1934 1936 2193 2017 omnibus

608 2038 738 2091 istis
771 2035 1019 2098 indicito,
1072 2042 1129 2087 et
1175 2032 1227 2085 in
1264 2045 1458 2086 eorum
1504 2031 1795 2100 prasentia
1834 2029 2191 2085 Benedictum

617 2126 933 2197 compellari
955 2125 1147 2196 julieto
1176 2140 1190 2177 :
1225 2122 1317 2192 qui
1352 2122 1398 2176 si
1430 2121 1576 2190 quod
1606 2120 1793 2184 otl’ers,
1830 2129 2071 2176 mutatus
2099 2121 2194 2176 ad-

622 2221 857 2285 miserit,
892 2217 1303 2290 optatissimum
1339 2213 1648 2280 acciderit;
1681 2216 1762 2267 s'n
1800 2214 1984 2283 priore
2013 2216 2195 2268 adhuc

615 2314 935 2369 obstrictus
964 2309 1225 2371 amentia.
1274 2324 1396 2378 (ιυλο
1447 2307 1501 2361 in
1558 2306 1817 2360 manibus
1848 2307 2015 2361 habet
2048 2307 2191 2362 bona

613 2404 921 2473 abiecerit,
980 2416 1102 2471 qua:
1149 2408 1330 2454 autem
1380 2399 1526 2452 nulla
1581 2406 1740 2462 sunt,
1774 2391 1953 2466 neque
2004 2406 2189 2462 erunt,

619 2492 981 2561 conettpierit,
1011 2500 1065 2544 et
1096 2505 1197 2544 nos
1222 2489 1299 2543 illi
1324 2488 1482 2541 [idem
1514 2486 1695 2541 facere
1722 2488 2101 2555 oequibimus.
2126 2506 2189 2543 ea

614 2584 794 2650 ipsum
827 2581 1129 2652 postulare,
1168 2594 1291 2648 quae
1330 2578 1447 2631 dari
1487 2593 1594 2631 non
1624 2578 1859 2647 possint,
1891 2591 2039 2632 certe
2063 2596 2193 2649 prae.

618 2687 805 2730 sontes
832 2673 1052 2744 quidem
1087 2687 1196 2725 non
1245 2671 1422 2725 solum
1465 2679 1651 2733 testes,
1681 2686 1873 2725 verum
1905 2674 2070 2726 etiam
2106 2676 2194 2727 in-

620 2767 890 2837 tegritatis
924 2775 1031 2820 tua:
1084 2778 1149 2818 ac
1190 2762 1361 2817 studii
1410 2762 1463 2817 in
1511 2762 1926 2829 benefaciendo,
1964 2775 2020 2820 et
2047 2767 2194 2837 illius

620 2861 847 2916 insaniae
880 2872 1162 2928 praecones
1184 2854 1514 2910 habebimus
1545 2874 1558 2909 :
1588 2865 1644 2910 et
1667 2856 1797 2911 hinc
1831 2835 2189 2927 prtee‘puam,

615 2968 849 3023 eamque
881 2934 1190 3021 bipartitam
1233 2948 1522 3003 utilitatem
1560 2950 1899 3014 hauriemus,
1919 2951 2064 3020 quod
2092 2967 2192 3006 nos

617 3047 769 3116 ipsos
800 3045 1063 3099 nimirum
1106 3043 1175 3097 ab
1222 3042 1492 3096 immerita
1547 3042 1769 3097 infamia
1827 3037 2189 3112 servabimus,

2292 564 2352 618 δὲ
2382 566 2477 618 ἐπὶ
2511 568 2627 629 τοῖς
2663 564 2975 636 γινομένοις
3003 564 3405 636 δυσχεραίνων,
3441 565 3552 617 τῶν
3578 565 3867 633 παρόντων

2293 657 2627 711 ὶπυνθάνετο
2663 656 2974 727 Ῥωμαίων,
2995 658 3043 709 εί
3070 658 3144 727 μὴ
3175 656 3275 727 τὴν
3305 658 3693 727 προσήκουσαν
3716 656 3869 725 susp:

2294 750 2492 817 γεσίαν
2520 749 2878 803 κατατίθεται
2932 748 3230 818 Μπενέτῳ,
3273 747 3447 818 μικρά
3477 747 3510 816 ἦ
3540 747 3701 799 οὐδὲν
3735 748 3871 817 πρ³ς

2293 842 2386 895 τὸν
2416 842 2559 912 ὑπὲρ
2582 842 2684 909 τῆς
2708 842 2843 894 Χίου
2868 841 3108 904 πόλεμον
3137 827 3581 909 συναρέμένῳμῆ
3611 840 3659 891 εί
3685 839 3871 891 δικαία

2294 936 2327 1003 ἡ
2354 934 2580 997 ἀξίωσις
2620 932 2787 984 αὑτοῦ
2818 932 2915 984 καὶ
2945 932 3042 984 σὺν
3071 931 3216 999 λόγῳ
3244 931 3530 1000 γινομένη.
3559 930 3733 983 Αὐτὸν
3763 931 3872 1000 γὰρ

2300 1024 2375 1095 μὴ
2408 1023 2670 1078 δύνασθαι
2700 1025 2967 1085 συνεῖναι,
3010 1023 3038 1075 ὃ
3098 1039 3151 1075 τι
3184 1021 3357 1075 ταῦτα
3385 1022 3534 1089 αὐτῷ
3554 1021 3622 1073 τὰ
3652 1022 3873 1090 ῥήματα

2295 1120 2427 1171 νοεῖ.
2455 1117 2519 1170 Οἱ
2554 1117 2651 1185 μὲν
2673 1114 2765 1168 οὖν
2796 1114 2949 1169 ἄλλοι
2975 1113 3265 1168 Μπενέτον
3292 1130 3351 1167 τε
3378 1113 3747 1183 κατῃτιῶντο,
3777 1112 3873 1164 καὶ

2299 1208 2502 1279 πολλὴν
2538 1206 2948 1274 κατεγίνωσκον
3001 1204 3169 1259 αὐτοῦ
3205 1204 3544 1274 ἀϐελτηρίαν
3568 1220 3584 1235 ο
3633 1207 3661 1256 ό
3699 1204 3873 1271 μέγας

2295 1300 2352 1354 δὲ
2388 1282 2731 1370 δομέστικοέ.
2762 1298 2874 1368 Τὴν
2924 1298 3024 1366 μὲν
3065 1297 3313 1365 ἀλογίαν,
3350 1292 3523 1362 εἶπεν,
3554 1290 3599 1348 ὦ
3628 1294 3868 1365 βασιλεῦ.

2295 1390 2395 1445 καὶ
2423 1392 2524 1461 τὴν
2551 1392 2857 1460 παράνοιαν
2898 1389 3011 1440 τῶν
3041 1388 3333 1441 Μπενέτου
3368 1387 3709 1456 ζητημάτων
3740 1387 3877 1440 πάνο

2296 1499 2391 1547 τες
2420 1499 2479 1535 τε
2504 1483 2655 1535 ῐσασι
2690 1482 2902 1551 σαφῶς,
2931 1483 3028 1534 καὶ
3054 1481 3154 1551 τὴν
3184 1480 3379 1550 ὁμοίαν
3408 1480 3594 1549 ψῆφον
3646 1480 3871 1549 φέρουσι

2301 1571 2431 1643 περὶ
2466 1571 2653 1625 αὐτοῦ.
2693 1574 2785 1625 Διὸ
2816 1572 2939 1625 οὐδὲ
2978 1571 3470 1641 πολυπραγμονεῖν
3502 1569 3870 1636 ,ἐξετάζοντας

2298 1665 2405 1736 χρὴ
2452 1664 2480 1718 ὅ
2535 1682 2588 1718 τι
2655 1665 2982 1736 βουλόμενος
3030 1664 3325 1727 ἀνενδότως
3358 1664 3473 1734 ἔχει
3531 1662 3662 1733 περὶ
3708 1661 3867 1715 αὐτά.

2300 1758 2524 1811 Οίεσθαι
2557 1757 2614 1812 δὲ
2648 1758 2814 1811 αὑτὸν
2870 1760 2987 1819 τοῖς
3044 1757 3403 1828 μαινομένοις
3459 1755 3867 1827 προσεοικέναι,

2298 1852 2349 1905 οἳ
2384 1854 2523 1923 μήτε
2552 1854 2686 1923 περὶ
2719 1846 2797 1906 ὧν
2816 1851 3061 1920 λέγουσι,
3098 1851 3236 1921 μήτε
3268 1850 3412 1920 πρὸς
3460 1848 3556 1912 οὓς
3589 1847 3869 1903 ποιοῦνται

2302 1947 2449 2000 ἴσασι
2509 1946 2636 2009 τοὺς
2667 1944 2888 2013 λόγους,
2924 1945 3040 1996 ἀλλ’
3166 1944 3233 1998 ἂν
3271 1944 3335 1996 τὸ
3360 1942 3643 2011 δαιμόνιον
3669 1940 3868 2009 κινοίη,

2301 2038 2631 2107 φθέγγονται
2669 2038 2968 2108 ἀδιανόητα
3018 2038 3137 2100 ’τοῖς
3200 2038 3385 2091 πᾶσιν.
3426 2035 3516 2098 Ὠς
3545 2034 3613 2087 ἂν
3641 2034 3699 2087 δὲ
3747 2034 3867 2103 μήθ’

2301 2129 2529 2200 ὕστερον
2571 2129 2739 2192 ,αὐτός
2771 2146 2903 2181 ποτε
2958 2127 3083 2198 μηδ’
3135 2126 3322 2196 ἕτερός
3369 2145 3452 2188 τις
3483 2124 3585 2197 τὴν
3614 2125 3869 2195 ἀλήθειαν

2300 2223 2508 2277 ἐθέλων
2541 2224 2829 2292 ἀφανίζειν
2855 2221 3075 2277 δύναιτο
3102 2222 3179 2290 τῷ
3198 2221 3386 2291 ψεύδει
3417 2221 3658 2291 χρῆσθαι
3691 2222 3783 2273 καὶ
3804 2218 3869 2272 τά

2300 2316 2401 2369 οὐκ
2428 2315 2554 2368 δντα
2585 2316 2912 2381 λογοποιεῖν,
2949 2315 3151 2368 κακίαν
3174 2314 3338 2382 δῆθεν
3397 2313 3867 2385 προστριϐόμενος

2299 2408 2432 2476 ἡμῖν
2459 2423 2606 2470 τινα,
2636 2406 2671 2459 ἆ
2706 2423 2801 2474 μοι
2827 2406 2971 2460 δοκῶ
3011 2406 3267 2477 ποιητέα,
3326 2405 3441 2474 εἴτε
3468 2406 3565 2458 καὶ
3603 2399 3758 2474 αὐτῷ
3790 2421 3870 2456 σοι

2302 2498 2605 2561 συνδόξειεν
2630 2494 2794 2561 εἶναι,
2839 2499 2970 2568 ἐρῶ.
3006 2501 3085 2566 Τῇ
3140 2497 3251 2567 Χίῳ
3274 2498 3393 2549 νυνὶ
3435 2498 3654 2554 πολλῶν
3686 2498 3871 2569 ἐπιδη-

2305 2591 2572 2660 μούντων,
2606 2593 2666 2643 οὐ
2696 2592 2993 2658 Ῥωμαίων
3018 2591 3198 2659 μόνον,
3226 2590 3360 2643 ἀλλὰ
3387 2593 3479 2643 καὶ
3513 2593 3572 2643 ἐκ
3609 2593 3868 2655 Ι“εννούας

2299 2685 2394 2733 καὶ
2421 2682 2671 2744 Bantia;
2700 2682 2822 2734 κατ’
2856 2682 3155 2752 ἐμπορίαν,
3189 2684 3282 2734 καὶ
3303 2682 3577 2735 Νικολάου
3605 2685 3867 2736 Σανούτου

2297 2773 2393 2826 τοῦ
2423 2774 2529 2827 τῶν
2562 2774 2862 2827 Κυκλάδων
2884 2776 3169 2845 ἄρχοντος,
3204 2775 3262 2837 ὃς
3292 2770 3396 2847 ἧκε
3424 2776 3566 2829 κατά
3602 2766 3868 2843 φιλίαν’σε

2301 2863 2729 2932 προσκυνήσων,
2750 2862 2833 2914 ἔτι
2864 2861 2921 2914 δὲ
2948 2853 3044 2916 καὶ
3075 2864 3137 2916 ἐκ
3175 2864 3423 2917 Λατίνων
3461 2864 3786 2933 ἀρχιερέως,
3812 2865 3868 2929 ὃς

2298 2949 2400 3019 τὴν
2444 2948 2538 3018 τῆς
2576 2951 2710 3003 Χίου
2740 2936 2891 3022 παρὰ
2918 2949 3014 3003 τοῦ
3042 2952 3203 3004 πάπα
3240 2952 3618 3023 ἐπιτέτραπτο
3648 2954 3866 3006 ἐπισκο-

2300 3043 2429 3111 πὴν,
2464 3043 2558 3097 καὶ
2586 3041 2835 3113 Φρερίων
2862 3043 3027 3097 τινῶν
3058 3044 3187 3097 καθ’
3219 3045 3776 3114 ίστορίαν,’κέλευσον
3806 3050 3867 3099 ἐκ

617 3147 673 3192 et
726 3138 848 3192 aliis
896 3153 925 3193 a
964 3144 1299 3190 nocunzento
1354 3133 1626 3189 mendacii
1688 3135 2025 3191 cavebimus.
2068 3134 2191 3191 llzcc

2302 3136 2520 3187 πάντων
2555 3136 2853 3207 ἐκκλησίαν
2876 3135 3233 3206 ἀθροισθῆναι
3263 3151 3278 3165 ⁸
3315 3140 3533 3193 πάντων
3562 3140 3619 3191 δὲ
3670 3141 3870 3211 παρόν-

619 3229 711 3283 ubi
742 3228 939 3283 etl‘atus
969 3237 1054 3282 est
1090 3240 1318 3296 magnus
1348 3224 1706 3291 domesticus,
1744 3225 2043 3295 imperator
2070 3241 2193 3295 pro-

618 3321 768 3375 tinus
794 3319 846 3373 in
879 3318 1000 3388 eius
1036 3312 1370 3371 sententiam
1425 3315 1548 3378 ivit,
1597 3326 1653 3371 et
1702 3316 1780 3371 rei
1835 3315 2193 3372 conﬁciendae

619 3413 896 3483 negotium
930 3409 1006 3464 illi
1037 3408 1191 3464 dedit
1218 3425 1232 3461 :
1260 3417 1428 3478 atque
1461 3406 1569 3462 hoc
1601 3409 1856 3478 amplius.
1889 3407 1993 3462 nisi
2021 3407 2194 3462 Bene-

617 3506 800 3559 dictus
826 3519 892 3558 ex
934 3502 1104 3571 priori
1155 3500 1379 3556 decreto
1420 3500 1621 3556 Chium
1655 3501 2045 3556 administrare
2075 3500 2187 3555 vcl-

620 3599 714 3659 Ict,
757 3605 817 3650 ut
849 3595 1011 3648 aliam
1039 3594 1090 3648 ei
1121 3608 1187 3648 ex
1208 3592 1546 3648 liberalitate
1591 3592 1988 3656 conditionem.
2014 3594 2192 3663 prima

617 3703 970 3759 nequaquam
1008 3685 1341 3740 deteriorem
1380 3696 1733 3754 proponeret.
1765 3686 1860 3740 Die
1886 3687 2191 3756 prmstituta

617 3792 743 3836 cum
793 3795 1020 3850 magnus
1071 3778 1410 3832 domesticus
1456 3793 1522 3831 ex
1561 3778 1825 3832 Romanis
1880 3787 1936 3837 et
1981 3778 2192 3834 Latinis

618 3873 845 3928 advenis
874 3879 1207 3927 conventum
1239 3870 1509 3940 coegisset
1533 3879 1566 3933 ς’
1589 3878 1858 3939 prmsente
1888 3872 2053 3925 etiam
2090 3871 2189 3926 Bc-

618 3964 864 4030 nedicto,
890 3973 946 4018 et
971 3978 1080 4017 non
1113 3960 1319 4032 paucis,
1349 3960 1440 4031 qui
1472 3969 1632 4015 antea
1659 3976 1784 4017 cum
1816 3961 2051 4017 Martino
2081 3961 2193 4016 fra-

621 4070 702 4112 tre
727 4057 846 4128 ejus
868 4055 1216 4110 familian'ter
1242 4053 1520 4121 vivebant,
1537 4059 1604 4108 ad
1629 4054 1797 4108 verba
1821 4062 2044 4109 ventum
2069 4064 2186 4122 cst;

619 4149 894 4216 altiusque
943 4146 1178 4216 repetito
1220 4145 1517 4215 principio,
1559 4145 1895 4202 domesticus
1923 4149 2187 4216 narravit,

619 4261 729 4313 quo
759 4252 917 4313 pacto
962 4241 1295 4296 Benedictus
1346 4242 1667 4326 Byzantium
1699 4243 1766 4296 ad
1797 4238 2187 4313 imperaturem

618 4335 979 4405 confugiens,
1026 4333 1251 4388 fratrem
1288 4333 1613 4403 injuriarum
1644 4335 1996 4402 postulasset,
2030 4337 2191 4406 quid-

619 4441 728 4496 que
758 4426 1057 4494 imperator
1091 4423 1326 4493 supplici
1357 4423 1751 4493 respondisset,
1783 4434 1841 4478 ct
1876 4442 1983 4493 qua
2020 4427 2067 4480 is
2096 4427 2191 4483 be-

2298 3244 2404 3281 των
2433 3229 2689 3296 γενέσθαι
2723 3230 2852 3288 τοὺς
2881 3230 3076 3299 λόγους
3119 3232 3256 3300 πρὸς
3298 3232 3606 3288 Μπενέτον.
3637 3234 3757 3287 Κᾶν
3782 3236 3869 3288 δέ-

2296 3320 2460 3387 ξηται
2483 3321 2733 3382 πεισθεὶς
2758 3323 2858 3390 τὴν
2905 3323 3254 3392 εὐεργεσίαν,
3289 3327 3632 3395 πανταχόθεν
3665 3331 3730 3381 ἂν
3758 3329 3868 3397 ῐχιι

2296 3406 2479 3468 καλῶς
2505 3424 2519 3437 ο
2556 3410 2656 3461 ἐὰν
2675 3409 2731 3462 δὲ
2760 3412 2826 3480 τῇ
2853 3411 3103 3488 προτέρα
3136 3413 3412 3483 παρανοίᾳ
3439 3413 3868 3483 χριῦμενος,τῶν

2297 3501 2396 3569 μὲν
2421 3503 2477 3553 ὲν
2502 3504 2688 3573 χερσὶν
2714 3502 3025 3573 ἀπόσχηται
3048 3503 3289 3571 ἀγαθῶν,
3318 3506 3427 3559 τῶν
3443 3507 3499 3559 δὲ
3526 3511 3664 3578 μήτε
3702 3509 3872 3562 ὄντων

2298 3594 2439 3664 μήτε
2454 3595 2737 3663 ἐσομένων
2759 3595 3151 3665 ὲπιθυμοίη,εί
3194 3599 3270 3667 μὴ
3308 3598 3470 3652 αὐτὸν
3518 3600 3595 3662 ὡς
3630 3600 3809 3653 ἀδύνα
3832 3620 3868 3652 α

2300 3686 2480 3756 ἀξιοίη
2502 3689 2690 3740 πεῖσαι
2714 3687 3079 3758 δυνησόμεθα,
3105 3688 3243 3743 ἀλλά
3257 3692 3384 3754 τούς
3401 3709 3465 3758 γε
3506 3693 3786 3764 παρόντας
3805 3696 3866 3746 οὔ

2296 3780 2584 3848 μάρτυρας
2608 3779 2769 3849 μόνον
2792 3780 3008 3850 ἕξομεν,
3034 3782 3173 3836 ἀλλὰ
3206 3784 3301 3836 καὶ
3336 3787 3607 3855 κήρυκας,
3651 3788 3746 3838 καὶ
3767 3790 3865 3855 τῆς

2296 3873 2394 3941 σῆς
2425 3872 2837 3940 καλοκαγαθίας
2878 3875 2972 3927 καὶ
3009 3877 3324 3945 φιλοτιμίας
3370 3882 3499 3947 περὶ
3525 3882 3622 3940 τάς
3646 3879 3868 3948 εὐεργε-

2295 3960 2440 4027 σίας,
2459 3962 2701 4031 βασιλεῡ,
2722 3967 2812 4019 καὶ
2829 3966 2927 4036 τῆς
2948 3968 3160 4021 ἐκείνου
3182 3988 3252 4020 πα
3263 3970 3569 4040 ραπληξὲας
3583 3972 3675 4024 καὶ
3689 3974 3779 4025 δύο
3797 3977 3865 4026 τὶ

2296 4055 2529 4125 μέγιστα
2548 4056 2795 4137 ἐντεῦθεν
2815 4060 3205 4131 κερδανοῦμεν,
3226 4065 3374 4131 ἡμᾶς
3397 4082 3454 4115 τε
3474 4065 3670 4128 αὐτοὺς
3696 4066 3869 4119 dmi-

2293 4147 2581 4212 λάττοντες
2623 4150 2838 4216 ἀδοξίας
2856 4152 2917 4207 οὐ
2946 4154 3352 4224 προσηκούσης,
3377 4157 3473 4207 καὶ
3507 4157 3632 4218 τοὺς
3672 4158 3863 4220 ἄλλους

2290 4240 2390 4310 τῆς
2416 4243 2481 4294 ὲκ
2504 4242 2599 4295 τοῦ
2641 4242 2869 4311 ψεύδους
2898 4244 3308 4316 ἐλευθεροῦντες
3342 4251 3865 4319 προσγενησομένης

2295 4330 2515 4401 βλάόης.
2537 4334 2772 4386 Τοιαῦτα
2791 4336 2887 4403 μὲν
2918 4337 2946 4387 ὁ
2981 4336 3157 4404 μέγας
3181 4329 3499 4407 δομέστικος
3530 4337 3675 4391 εἷπε·
3710 4344 3865 4409 βατι-

2292 4422 2415 4485 λεὺς
2437 4423 2492 4476 δὲ
2516 4424 2764 4479 ἐπείθετό
2787 4443 2843 4479 τε
2869 4428 3030 4490 εὐθὺς
3064 4432 3178 4492 τοῖς
3217 4434 3535 4501 εἰρημένοις
3559 4434 3635 4495 ὡς
3681 4436 3861 4497 καλῶς

620 4517 933 4573 nevolentia
984 4524 1171 4585 postea
1216 4513 1470 4569 eumdem
1513 4514 1899 4582 imperatorem
1947 4517 1999 4569 in
2049 4519 2186 4574 Chio

2296 4512 2494 4583 ἑχουσι,
2514 4517 2604 4570 καὶ
2630 4517 2779 4589 αὑτῷ
2804 4519 3071 4591 ἐπέτρεπε
3091 4522 3189 4589 τὴν
3233 4524 3430 4592 πρᾶξιν
3451 4565 3466 4589 ,
3486 4527 3763 4595 προσθεὶς,
3785 4529 3856 4588 tit;

625 4612 944 4680 complexus
969 4615 1149 4673 esset;
1186 4617 1350 4676 atque
1402 4607 1542 4660 hanc
1588 4621 1711 4660 esse
1745 4621 1987 4676 causam,
2020 4625 2193 4679 quare

626 4706 926 4773 imperator
952 4711 1157 4754 tantam
1183 4699 1234 4754 ei
1267 4698 1499 4768 gratiam
1544 4698 1794 4754 referret.
1830 4699 2188 4759 Benedictum

626 4806 807 4849 autem
837 4795 1056 4856 iterato,
1081 4790 1238 4860 quasi
1269 4803 1327 4843 se
1362 4789 1639 4858 indignam
1668 4790 1959 4858 reiecisse;
1993 4809 2057 4848 ac
2081 4795 2191 4851 nisi

623 4886 766 4940 Chio
799 4903 828 4937 a
862 4883 1110 4937 Romano
1143 4883 1377 4951 imperio
1421 4882 1609 4936 avulsa
1642 4882 1743 4937 sibi
1774 4885 1993 4953 penitus
2024 4888 2187 4944 cede-

621 4987 730 5047 ret,
761 4976 912 5031 nullo
936 4990 994 5029 se
1028 4973 1137 5027 alio
1165 4974 1287 5044 ejus
1319 4972 1588 5028 beneficio
1627 4990 1788 5043 egere
1816 4975 2053 5044 jactasse
2087 4995 2099 5031 :
2131 4989 2188 5034 et

2293 4609 2341 4659 εί
2366 4609 2439 4677 μὴ
2456 4609 2704 4678 βούλοιτο
2719 4612 2860 4665 κατὰ
2877 4612 2945 4665 τὰ
2963 4614 3369 4685 δ;ατεταγμένα
3392 4620 3658 4689 πρότερον
3672 4621 3859 4690 ἄρχειν

2293 4699 2321 4750 ὁ
2344 4701 2632 4765 Μπενέτος
2656 4704 2814 4769 Χίου,
2870 4708 2963 4757 καὶ
2989 4705 3255 4777 δευτέραν
3290 4709 3505 4777 αἵρεσιν
3538 4712 3860 4781 εὐεργεσίας

2292 4794 2442 4865 αὐτῷ
2477 4794 2777 4863 προθεῖναι,
2808 4795 3094 4878 ἐλάττονος
3119 4797 3151 4866 ἢ
3180 4800 3319 4851 κατὰ
3343 4798 3442 4870 τὴν
3479 4802 3751 4872 προτέραν
3769 4804 3859 4856 οὖ-

2288 4886 2500 4957 δαμῶς.
2531 4889 2717 4960 Τακτῇ
2752 4889 2808 4941 δὲ
2844 4891 3027 4960 ἡμέρᾳ
3074 4890 3372 4958 ἐκκλησίαν
3405 4895 3430 4945 ὁ
3464 4896 3638 4962 μέγας
3690 4896 3855 4966 δομέ-

2291 4995 2472 5042 στικος
2493 4979 2556 5032 ἔκ
2578 4997 2635 5031 τε
2652 4979 2939 5048 Ῥωμαίων
2978 4982 3070 5033 καὶ
3117 4982 3224 5035 τῶν
3248 4984 3725 5053 ἐπιχωριαζόντων
3752 4990 3857 5039 Λειν

618 5083 689 5123 ne
719 5069 910 5121 irritus
940 5080 1006 5120 ac
1037 5065 1366 5119 temerarius
1393 5064 1551 5119 labor
1601 5064 2038 5133 impossibilibus
2081 5070 2188 5125 sibi

2296 5072 2447 5124 τίνων
2471 5070 2820 5139 συναγαγὼν,
2841 5073 3110 5142 παρόντος
3133 5076 3225 5126 καὶ
3242 5075 3408 5128 αὑτοῦ
3430 5078 3738 5144 Μπενέτου,
3765 5082 3857 5132 καὶ
3956 5128 3963 5135 .

619 5160 918 5216 suadendis
967 5158 1365 5227 susciperetur,
1424 5155 1724 5210 monuisse.
1781 5156 1886 5221 Qui
1933 5158 2185 5222 aderant,

2296 5162 2396 5214 τῶν
2440 5164 2702 5234 Μαρτίνῳ
2754 5163 2832 5233 τῷ
2866 5164 3083 5234 ἀδελφῷ
3135 5166 3400 5238 πρότερον
3447 5173 3716 5223 συνόντων
3756 5174 3856 5225 οὐκ

616 5253 800 5308 Latini
826 5249 1388 5321 przesertim.l‘atuum
1421 5247 1555 5301 adeo
1584 5247 1864 5303 Benedicti
1914 5248 2185 5319 judicium

2296 5247 2505 5319 5λίγων,
2536 5254 2614 5314 είς
2648 5251 2847 5320 λόγους
2872 5271 2929 5305 τε
2953 5254 3301 5320 καθίσταντο,
3326 5259 3420 5331 καὶ
3443 5260 3685 5328 διηγεῖτο
3718 5262 3853 5315 ἄνω·

617 5343 1058 5407 insectubantnr,
1112 5349 1167 5397 et
1223 5340 1559 5395 damnabant
1594 5341 1984 5409 apertissime;
2018 5352 2186 5412 atque

2296 5344 2381 5395 θεν
2416 5342 2700 5413 ἀπαρχῆς,
2726 5344 2876 5406 ὅπως
2906 5361 2966 5396 τε
3001 5346 3079 5408 εἰς
3108 5346 3404 5411 Βυζάντιον
3434 5351 3691 5419 ἀφίκοιτο
3716 5353 3851 5422 πρὸς

1865 5458 2078 5521 Jacobi
2105 5460 2373 5521 Pontani
2415 5468 2600 5523 nota».

684 5590 796 5660 ('79)
830 5589 988 5644 Hunc
1017 5585 1679 5660 episcopumAGenuenses
1712 5586 2065 5651 induxerunt,
2092 5600 2179 5639 ca-

613 5658 878 5714 tholicum
913 5660 1123 5725 utique,
1153 5673 1251 5726 pro
1276 5658 1649 5711 schismatico.

686 5729 796 5798 (80)
826 5729 882 5780 In
917 5724 1107 5798 Gncco
1137 5724 1399 5798 (i’pspit-PL,
1427 5727 1519 5793 qui
1560 5740 1671 5798 non
1699 5733 1830 5798 sunt
1859 5724 2179 5798 Ferrarien-

616 5794 736 5860 ses;
764 5812 870 5865 quo
900 5796 1086 5848 enim?
1125 5810 1248 5848 nam
1278 5804 1327 5847 et
1362 5794 1605 5846 Fcrrariu
1634 5794 1856 5859 Graecis,
1891 5805 1949 5848 ut
1975 5796 2027 5848 in
2052 5795 2177 5849 cod.

2287 5586 2625 5669 florentino,
2657 5586 2862 5669 dicitur
2898 5590 3173 5669 Φερῤαρία
3196 5592 3338 5669 ;__s_cd
3366 5602 3458 5669 est
3489 5611 3592 5650 vox
3620 5598 3848 5669 Gallica,

2288 5657 2684 5734 [réres;__erant
2728 5668 2909 5734 autem
2949 5657 3167 5734 equites
3200 5657 3723 5734 'llicrosolymitani,
3773 5657 3852 5727 te:

2287 5734 2466 5806 stante
2495 5727 2698 5806 ἱδῐὶοεῑει⁵
2720 5743 2861 5806 ριξεζ.Δ
2928 5727 3209 5806 iSprinAzze
3242 5727 3522 5806 editionis.
3564 5727 3721 5806 Πρὸς
3741 5740 3847 5793 τῶν

2299 5795 2743 5865 Ἱεροσολυμιτῶν
2770 5798 2966 5864 λυθεὶς,
3006 5795 3100 5862 οὓς
3124 5802 3380 5871 Φρερίους
3417 5806 3600 5872 ᾷῒτίδι
