4156 6300
567 317 672 382 503

1750 323 2075 386 JOANNIS
2113 321 2636 384 CAN'I‘ACUZENI

3698 315 3803 383 504

567 434 872 491 domestico
924 436 980 491 in
1035 437 1293 494 omnibus
1345 439 1586 498 libenter
1632 441 2130 511 obtemperaturos.

2254 442 2486 512 ιαθαρὰν
2515 441 2608 494 καί
2634 439 2820 494 ἄδολον
2843 439 3033 510 τηρεῖν
3050 454 3066 470 ο
3095 435 3381 491 πείθεσθαι
3409 435 3467 490 δέ
3493 437 3677 491 πάντα
3705 440 3804 493 καὶ

527 515 658 583 ἐἰσ
697 526 1009 599 iuramenta
1053 531 1527 601 concipiebantur,
1569 532 1954 601 dabanturque
1985 531 2134 588 ordi-

565 634 638 674 ne
685 619 754 674 ab
809 621 1089 676 omnibus.
1127 622 1248 691 Ipse
1282 637 1448 693 porro
1477 623 1532 677 in
1578 621 1822 693 regunda
1849 622 2131 692 republica

566 711 715 780 quod
762 712 1032 782 optimum
1072 713 1377 784 judicabat,
1418 714 1472 769 id
1519 715 1855 783 sequebatur
1895 731 1910 766 :
1955 722 2012 767 et
2039 728 2133 766 ur-

568 801 722 856 bium
755 803 1114 872 praefecturas
1141 805 1453 872 mandabat,
1483 805 1688 875 quibus
1711 805 2053 866 mandandis,
2079 811 2134 858 et

567 895 875 958 auferebat,
934 895 1140 963 quibus
1191 895 1506 951 auferendi»
1553 896 1900 951 videbantur.
1959 890 2134 961 Quot'o

567 997 700 1054 quot
724 1001 858 1040 vero
886 987 1258 1042 Romanorum
1289 997 1420 1044 tunc
1440 989 1806 1061 Didymoticbi
1838 988 2132 1059 degebant.

568 1095 677 1133 non
725 1081 1071 1147 eptimatium
1112 1081 1294 1145 modo,
1335 1098 1526 1137 verum
1575 1083 1739 1136 etiam
1786 1081 1854 1136 de
1898 1080 2136 1136 ducibus
2173 1143 2179 1154 ι

567 1168 868 1235 exercitus,
899 1169 967 1222 ad
1001 1169 1158 1222 illum
1194 1170 1522 1225 accedentes
1561 1172 1832 1242 urgebant
1857 1171 1922 1224 ad
1971 1187 2136 1224 usur-

567 1261 745 1330 panda
779 1261 1014 1331 insignia
1050 1263 1424 1333 imperatoria,
1460 1274 1791 1328 asserentes,
1831 1273 1886 1318 et
1912 1263 2039 1319 aliis
2069 1263 2138 1319 de

567 1353 753 1408 causis
805 1353 861 1408 id
905 1355 1114 1426 justum
1165 1370 1308 1421 esse,
1343 1365 1400 1411 et
1451 1355 1578 1425 quia
1610 1355 1912 1425 imperator
1944 1356 2016 1410 ita
2045 1355 2141 1409 de-

567 1445 871 1500 crevisset.-
920 1446 1209 1502 Renuebat
1261 1447 1618 1512 domesticus,
1667 1447 2015 1517 petebatque,
2071 1462 2142 1501 ne

571 1537 912 1604 postulantes
959 1551 1081 1607 qua:
1146 1539 1266 1608 ipse
1324 1539 1501 1594 facere
1553 1539 1880 1607 neutiquam
1934 1547 2142 1608 posset,

573 1626 878 1681 molestiam
911 1628 1016 1682 sibi
1044 1628 1390 1683 exhiberem.
1443 1629 1844 1683 Constantinus
1889 1628 2142 1697 despota,

517 1780 524 1783 Α
571 1730 733 1779 quem
765 1732 873 1770 non
901 1717 1063 1787 longe
1102 1733 1131 1770 a
1173 1717 1447 1787 principio
1488 1718 1655 1790 hujus
1694 1717 1941 1773 historia:
1971 1717 2144 1772 Thes-

572 1807 812 1861 salonica
848 1808 903 1861 in
940 1809 1202 1875 vinculis,
1237 1811 1388 1865 cultu
1440 1810 1695 1865 monachi
1735 1810 2056 1873 adductum,
2086 1819 2144 1864 et

572 1898 860 1952 Callistum
935 1901 1270 1969 appellatum
1346 1901 1884 1967 demonstravimus,
1964 1903 2145 1958 adhuc

575 1988 944 2060 Didymotichi
1009 1992 1064 2045 in
1123 2007 1344 2049 carcere
1421 1995 1784 2050 attinebatur.
1861 1994 2146 2050 Timentes

578 2079 746 2148 igitur
787 2079 880 2149 qui
926 2079 1155 2136 aderant
1201 2082 1471 2152 primores
1540 2091 1598 2139 et
1656 2083 1940 2153 principes
1991 2097 2147 2140 exer-

575 2171 740 2236 citus,
793 2185 891 2228 'ne
941 2171 1275 2242 imperatore
1341 2174 1629 2241 defuncto,
1686 2175 1916 2246 despota
1964 2191 1997 2231 e
2049 2190 2147 2229 cu-

574 2262 1032 2340 stodia'elapsus
1102 2265 1239 2336 (86),
1292 2281 1486 2322 novam
1550 2267 1697 2322 inter
1751 2268 2027 2322 Romanos
2060 2281 2148 2322 se-

577 2355 844 2411 ditionem
894 2358 1220 2422 concitaret,
1287 2359 1547 2430 civilique
1595 2360 1741 2417 bello
1799 2369 1920 2415 sato
1975 2361 2150 2431 impe-

577 2452 718 2504 rium
773 2451 879 2507 sibi
925 2453 1244 2520 ascisceret,
1299 2463 1356 2508 et
1404 2455 1804 2524 rempublicam
1865 2455 2146 2525 perderet,

577 2540 738 2613 2&3
785 2557 1043 2612 magnum
1103 2543 1464 2599 domesticum
1511 2545 1780 2602 adeuntes
1837 2554 2150 2617 precantur,

583 2640 665 2700 uti
715 2624 996 2695 hominem
1043 2653 1074 2692 e
1131 2639 1316 2694 medio
1385 2639 1575 2694 tollat:
1608 2641 1663 2696 id
1697 2642 1843 2695 enim
1874 2641 2150 2724 communi

583 2727 957 2798 maximopere
1009 2728 1382 2798 profuturum.
1423 2731 1501 2784 illi
1534 2747 1622 2785 ηε
1655 2731 1816 2801 plena
1841 2731 2155 2786 inhumani-

581 2819 709 2873 tatis
747 2827 802 2873 et
829 2818 1170 2876 crudelitatis
1202 2820 1358 2886 visa;
1385 2821 1550 2892 idque
1595 2823 1775 2890 ipsum
1806 2821 1897 2876 alii
1936 2831 1998 2876 ut
2029 2837 2153 2876 ere-

581 2913 792 2976 derent,
854 2909 1120 2981 perlicere
1171 2911 1472 2976 nitebatur,
1524 2923 1839 2982 autumans,
1872 2929 2151 2984 nunquam

583 3020 642 3058 se
670 3004 1038 3074 cogitaturum
1086 3005 1278 3070 fuisse,
1312 3020 1406 3060 eos
1437 3006 1492 3073 in
1527 3006 1813 3078 despotam
1841 3008 2151 3064 istiusmodi

2241 532 2463 602 μεγάλῳ
2505 529 2848 600 δομεστίκῳ,
2891 529 2985 582 καὶ
3027 528 3096 583 τά
3141 528 3475 598 κελευόμενα
3516 527 3610 583 ὑπ’
3636 527 3804 584 αὑτοῦ

2239 622 2406 692 μηδὲν
2441 621 2824 689 ἀντιλέγοντας
2864 621 3062 674 ποιεῖν.
3098 619 3260 674 Οὕτω
3305 619 3406 689 μὶν
3436 616 3532 674 οὖν
3563 619 3810 688 ἐγίνοντο

2233 715 2283 766 οἱ
2327 715 2512 784 ὅρκοι,
2555 715 2774 765 πάντων
2813 711 3128 779 ὀμνυόντων
3172 711 3392 780 ἐφεξῆς.
3430 710 3602 772 Αὐτὸς
3643 710 3703 763 δὲ
3742 709 3813 764 τὰ

2235 806 2537 876 πράγματα
2576 803 2764 874 διῴκει
2866 802 3015 872 αὐτῷ
3051 801 3252 872 ἄριστα
3288 802 3465 855 ἐδόκει
3498 803 3680 870 ἔχειν,
3716 803 3813 852 καὶ

2234 897 2333 959 τὰς
2356 897 2530 966 ἀρχάς
2554 897 2824 966 ἐπέτρεπε
2847 895 2956 949 τῶν
2980 895 3190 947 πόλεων
3213 888 3295 957 οἷς
3319 894 3500 964 ἔκρινε
3541 892 3672 957 δεῖν,
3698 892 3813 944 τῶν

2233 985 2290 1039 δέ
2332 985 2620 1056 ἀφῃρεῖτο.
2655 987 2813 1039 Ὅσοι
2880 985 2936 1038 δέ
2977 983 3266 1051 Ῥωμαίων
3309 985 3386 1046 εἰς
3428 983 3815 1051 Διδυμότειχον

2235 1077 2428 1146 ἔτυχον
2449 1077 2572 1130 τότε
2600 1077 2893 1146 παρόντες,
2919 1076 2983 1129 οὐ
3005 1076 3104 1145 τῆς
3133 1075 3440 1144 συγκλήτου
3471 1075 3655 1144 μόνον,
3679 1075 3818 1126 ἀλλὰ

2235 1170 2334 1244 καὶ
2364 1170 2460 1239 τῆς
2494 1172 2790 1240 στρατιᾶς,
2820 1169 2910 1222 τδν
2943 1168 3119 1238 μέγαν
3148 1168 3470 1236 δομέστικον
3498 1166 3818 1236 ἠνάγκαζον

2243 1261 2599 1323 συνελθόντες
2617 1261 2687 1312 τά
2712 1258 2970 1330 βασιλικά
2997 1258 3244 1326 σύμὸολα
3270 1257 3632 1328 περιθέσθαι·
3659 1257 3816 1309 τά“τε

2239 1355 2378 1410 ἄλλα
2413 1351 2820 1425 ἰσχυριζόμενοι
2849 1353 3061 1406 δίκαιον
3088 1347 3253 1414 εἶναι,
3284 1351 3380 1405 καὶ
3412 1350 3495 1403 ὅτι
3525 1348 3672 1401 οὕτω
3703 1349 3818 1400 δια-

2240 1445 2464 1512 τάξαιτο
2502 1444 2778 1514 βασιλεύς.
2811 1442 2872 1496 '0
2905 1442 2972 1496 δι’
2999 1441 3218 1495 ἀνένευε
3247 1456 3330 1506 τε,
3359 1439 3454 1492 καὶ
3485 1437 3703 1490 ἐκέλευε
3743 1436 3820 1502 μὴ

2243 1537 2602 1606 παρενοχλεῖν
2641 1538 2716 1597 ὡς
2759 1533 2998 1588 ἀδύνατα
3038 1531 3274 1596 ἀξιοῦσι.
3311 1530 3727 1589 Κωνσταντῖνος
3764 1526 3822 1581 δὲ

2244 1629 2273 1680 δ
2310 1627 2619 1697 δεσπότης,
2652 1625 2714 1680 δν
2745 1627 2806 1680 ἐν
2837 1626 3032 1694 ἀρχαῖς
3065 1623 3165 1692 τῆς
3203 1622 3446 1692 ἱστορίας
3485 1621 3722 1690 μάλιστα
3758 1621 3821 1680 ἐκ

2246 1718 2647 1789 Θεσσαλονίκης
2674 1717 2889 1788 ἔφημεν
2919 1715 3154 1786 ἀχθῆναι
3185 1713 3472 1783 δεσμώτην
3491 1751 3507 1776 ,
3542 1709 3732 1781 σχῆμά
3763 1725 3821 1760 τε

2247 1813 2624 1884 ἠμφιεσμένον
2651 1809 2926 1880 μοναχῶν,
2955 1811 3050 1863 καὶ
3079 1808 3381 1862 Κάλλιστον
3404 1805 3823 1874 ὠνομασμένον,

2248 1907 2326 1961 ἐτι
2361 1907 2459 1978 μὲν
2484 1909 2541 1959 ἐν
2567 1903 2929 1974 δεσμωτηρίῳ
2958 1906 3102 1956 κατὰ
3127 1902 3186 1956 τὸ
3214 1901 3604 1969 Διδυμότειχον
3627 1900 3825 1966 ἐφροψ
3860 1953 3874 1966 ,

2251 2002 2414 2070 ρεῖτο.
2453 1999 2744 2058 Δείσαντες
2784 1996 2840 2049 δὲ
2881 1996 2931 2047 oi
2980 1995 3244 2065 παρόντες
3282 1993 3392 2048 τῶν
3436 1990 3824 2059 συγκλητικῶν

2250 2091 2342 2145 καὶ
2373 2090 2473 2159 τῆς
2511 2089 2768 2159 στρατιᾶς
2809 2087 2882 2157 μὴ
2914 2085 3010 2140 τοῦ
3045 2085 3309 2156 βασιλέως
3337 2083 3766 2152 τελευτήσαντος
3799 2081 3828 2132 ὁ

2249 2183 2514 2252 δεσπότης
2555 2180 2652 2234 τοῦ
2695 2179 3078 2250 δεσμωτηρίου
3123 2178 3384 2248 διαδρὰς,
3429 2177 3620 2230 στάσιν
3663 2175 3828 2228 πάλιν

2249 2279 2364 2338 τοῖς
2387 2273 2684 2343 Ῥωμαίοις
2710 2272 2926 2340 ἐγερεῖ,
2952 2271 3048 2324 καὶ
3076 2269 3145 2323 τὰ
3174 2270 3480 2338 πράγματα
3509 2265 3826 2334 διαφθερεῖ,

2253 2369 2493 2438 πόλεμον
2519 2364 2783 2438 ἐμφύλιον
2811 2363 3063 2434 κινήσας,
3092 2361 3192 2432 τὴν
3221 2361 3498 2432 βασιλείαν
3525 2358 3705 2426 ἐαυτῷ
3733 2372 3832 2408 πε-

2257 2432 2672 2530 ριποιούμενος,
2706 2458 2846 2527 πρὸς
2881 2432 2972 2508 rev
3007 2455 3190 2524 μέγαν
3220 2453 3548 2524 δομέστικον
3579 2450 3831 2510 ἐλθόντες

2253 2553 2462 2606 ἐδέοντο
2491 2551 2654 2603 αὐτὸν
2681 2546 3071 2604 ἀποκτιννύναι
3100 2545 3280 2617 (τοῦτο
3307 2544 3414 2614 γάρ
3449 2544 3690 2613 μάλιστα
3715 2544 3830 2603 τοῖς

2254 2644 2547 2713 πράγμασι
2579 2635 2922 2710 λυσιτελεῖν).
2959 2639 3019 2693 '0
3058 2639 3229 2708 μέγας
3259 2636 3316 2690 δέ
3344 2635 3692 2704 δομέστικος.
3719 2632 3831 2712 δει-

2253 2735 2359 2796 νῶς
2387 2751 2448 2787 τε
2478 2732 2845 2802 ἀπάνθρωπον
2873 2730 3012 2802 ᾤετο
3041 2730 3100 2783 τὸ
3131 2731 3365 2800 πρᾶγμα
3397 2727 3492 2779 καὶ
3521 2725 3670 2794 ὠμὸν
3688 2763 3704 2784 ,
3736 2723 3832 2774 καὶ

2201 2893 2204 2896 γ
2253 2827 2379 2890 τοὺς
2410 2825 2606 2888 ἄλλους
2640 2824 2919 2894 ἐπεχείρει
2951 2823 3184 2886 πείθειν,
3218 2821 3488 2891 μηδέποτε
3519 2817 3697 2884 λέγων
3727 2830 3835 2865 πα-

2259 2919 2522 2991 ραστῆναι
2555 2916 2623 2970 ἂν
2653 2915 2804 2984 αὐτῷ
2837 2914 2970 2984 περὶ
3004 2913 3185 2967 αὐτῶν
3215 2911 3444 2965 τοιαῦτα
3476 2912 3569 2963 καὶ
3609 2907 3831 2977 βουλεύ-

2259 3010 2456 3064 σασθαι
2483 3011 2580 3062 καὶ
2605 3009 2784 3061 εἰπεῖν
2808 3007 2939 3076 περὶ
2969 3005 3254 3058 δεσπότου.
3283 3003 3344 3056 Ei
3371 3003 3480 3072 γὰρ
3511 2999 3710 3071 mut
3739 2996 3834 3066 ἀφ’

583 3112 816 3152 ausuros
857 3096 1111 3163 meditari
1148 3111 1212 3152 ac
1244 3097 1513 3168 proloqui.
1548 3099 1684 3153 Nam
1723 3101 1770 3156 si
1804 3099 1906 3170 ipsi
1942 3115 2038 3171 per
2071 3116 2150 3168 se,

2259 3101 2470 3158 ἑαυτῶν
2504 3100 2661 3154 αὐτοὶ
2694 3102 2934 3154 συνεῖναι
2969 3099 3035 3152 τά
3069 3097 3256 3152 δέοντα
3286 3091 3424 3166 ἦσαν
3462 3093 3660 3153 ἱκανοὶ,
3696 3090 3833 3143 ἀλλὰ

581 3189 715 3260 quid
763 3188 925 3244 ollicii
971 3189 1112 3244 ratio
1149 3189 1411 3260 exigeret,
1443 3190 1629 3246 videre
1659 3206 1769 3255 non
1799 3201 2026 3262 possent
2054 3209 2070 3257 ;
2097 3201 2155 3246 at

582 3283 918 3353 imperatore
969 3281 1194 3338 licuisse
1236 3297 1335 3352 pro
1383 3283 1649 3354 magistro
1691 3284 1794 3352 uti,
1833 3285 1927 3356 qui
1981 3300 2157 3354 usque

587 3389 735 3427 nunc
767 3373 927 3428 t‘actis
959 3387 1056 3427 eos
1081 3371 1383 3436 docuisset,
1419 3373 1529 3428 Deo
1559 3389 1618 3430 se
1643 3374 1836 3439 lidere,
1863 3377 1958 3446 qui
1989 3377 2156 3434 etiam

583 3466 652 3519 de
678 3472 877 3518 caetero
907 3459 1220 3530 adfuturus,
1250 3473 1305 3519 et
1326 3465 1380 3518 in
1416 3464 1778 3538 longinquum
1816 3477 2033 3539 tempus
2062 3484 2160 3524 eos

581 3557 848 3611 docturus
874 3562 1040 3620 esset,
1075 3570 1142 3609 ne
1203 3556 1330 3610 saevi
1371 3567 1428 3612 et
1463 3559 1531 3612 ad
1572 3559 1788 3614 civilem
1813 3553 2158 3628 potissimum

583 3640 910 3716 sanguinem
965 3645 1308 3712 fundendum
1338 3649 1610 3719 proclives
1639 3650 1768 3704 sint.
1799 3650 1974 3717 Quem
2010 3653 2158 3709 enim

525 3813 529 3816 η
585 3748 765 3802 morte
803 3737 1121 3806 damnasset
1174 3738 1496 3809 imperator,
1531 3743 1782 3810 quamvis
1813 3758 1920 3797 non
1955 3759 2160 3814 paucos

585 3831 691 3886 sibi
726 3829 1040 3899 insidiatos,
1071 3837 1127 3884 et
1147 3837 1359 3886 tantum
1392 3847 1501 3888 non
1542 3847 1640 3888 sua
1663 3849 1828 3898 manu
1849 3851 1976 3890 eum
2003 3837 2163 3908 jugu-

585 3925 700 3978 lare
751 3923 1034 3993 cupit-ntes
1090 3922 1398 3980 invenerit?
1455 3926 1638 3991 Quare
1698 3928 1743 3984 si
1810 3929 1929 3998 ipse
1965 3945 2066 3999 pro
2103 3945 2162 3987 se

587 4019 709 4086 ipso
737 4025 886 4072 tanta
932 4025 1017 4072 est
1067 4032 1199 4072 usus
1247 4017 1612 4086 humanitate,
1667 4016 1872 4091 inquit,
1923 4038 2026 4078 nec
2066 4039 2166 4087 nos

585 4124 803 4179 aequum
851 4119 940 4164 est
987 4110 1042 4164 in
1100 4118 1289 4164 nostra
1340 4110 1585 4182 ipsorum
1643 4127 1807 4170 causa
1853 4113 2162 4178 bclluarum

590 4202 986 4257 imanitatem
1026 4215 1315 4270 superasse
1352 4201 1678 4269 existimari,
1712 4205 1808 4260 sed
1842 4205 1929 4261 bis
1954 4209 2164 4277 cogita-

591 4291 835 4348 tionibus
883 4291 1172 4360 depositis,
1217 4293 1558 4348 mansuetius
1601 4308 1667 4350 ac
1724 4296 2060 4352 moderatius
2107 4301 2165 4353 in

588 4386 741 4438 illum
803 4384 1113 4438 consulere.
1171 4382 1309 4436 Tum
1339 4383 1601 4450 Romani,
1628 4385 1774 4440 haud
1808 4401 1868 4442 se
1917 4389 2165 4447 volentes

590 4478 934 4532 imminentia
966 4477 1104 4532 beila
1134 4477 1339 4551 civilia,
1371 4476 1696 4544 seditiones,
1732 4495 2026 4552 rerumque
2048 4498 2165 4538 om-

590 4575 748 4632 nium
789 4571 1232 4642 perturbationes
1279 4585 1572 4641 passuros;
1603 4587 1764 4628 nosse
1801 4574 1969 4640 enim,
1999 4591 2164 4644 quam

589 4663 765 4717 diram
805 4665 1015 4720 cladem
1059 4673 1334 4734 patratum
1392 4663 1536 4734 inter
1568 4664 1928 4742 imperatores
1961 4667 2162 4724 bellum

2256 3195 2334 3266 τῷ
2363 3211 2425 3263 γε
2458 3194 2671 3264 βασιλεῖ
2702 3194 2830 3262 ἐξῆν
2859 3190 3097 3262 χρῆσθαι
3126 3188 3436 3254 διδασκάλῳ
3466 3186 3651 3245 αὐτοῖς
3685 3183 3832 3252 πρά-

2257 3305 2430 3360 γμασι
2466 3285 2776 3342 παιδεύοντι
2811 3286 2940 3354 ἄχρι
2975 3283 3091 3345 νῦν,
3127 3281 3245 3350 Θεῷ
3277 3280 3334 3332 δὲ
3367 3279 3594 3349 θαρρεῖν
3626 3276 3701 3338 ὡς
3738 3273 3837 3328 καὶ

2257 3382 2337 3445 είς
2369 3380 2591 3434 τούπιὸν
2627 3378 2970 3448 συνεσομένῳ
3011 3377 3103 3429 καὶ
3145 3373 3489 3428 παιδεύσοντι
3529 3371 3661 3440 άχρι
3704 3368 3836 3420 πολ-

2256 3472 2373 3540 λοῦ,
2409 3473 2485 3542 μὴ
2516 3471 2702 3541 ὠμοὺς
2734 3469 2870 3540 μηδὲ
2901 3468 3154 3539 φονικοὺς
3182 3462 3344 3528 εἶναι,
3371 3465 3464 3517 καὶ
3491 3463 3668 3517 ταῦτα
3701 3459 3836 3529 πρὸς

2258 3564 2586 3636 ὁμοφύλους.
2611 3562 2770 3625 Τίνος
2798 3561 2906 3630 γὰρ
2932 3559 3346 3629 κατεψηφίσατο
3371 3556 3601 3609 θάνατον
3627 3555 3655 3606 δ
3684 3553 3838 3621 βασι-

2258 3659 2407 3723 λεὺς,
2447 3658 2540 3712 καὶ
2573 3655 2748 3710 ταῦτα
2789 3655 2890 3708 οὐκ
2931 3651 3149 3722 ὀλίγους
3194 3650 3342 3717 αὐτῷ
3385 3646 3838 3704 ἐπιδουλεύοντας

2261 3749 2469 3820 εὑρὼν,
2501 3749 2596 3802 καὶ
2628 3747 2954 3816 αὐτόχειρας
2987 3743 3271 3815 μονονουχί
3290 3759 3305 3808 ;
3337 3743 3384 3794 εί
3415 3741 3470 3794 δέ
3501 3738 3664 3800 αὐτὸς
3697 3733 3839 3802 ὑπὲρ

2263 3843 2458 3896 ἑαυτοῦ
2500 3839 2742 3910 τοσαύτῃ
2782 3839 3056 3908 ἐχρήσατο
3095 3832 3509 3914 φιλανθρωπία,
3555 3829 3666 3882 οὐδ’
3691 3823 3841 3898 ἡμᾶς

2266 3935 2402 4004 ὑπὲρ
2444 3933 2611 3986 αὑτοῦ
2649 3932 2856 3984 δίκαιον
2893 3921 3106 4000 ’θηρίων
3146 3925 3522 3996 ἀγριωτέρους
3567 3922 3840 3990 ὀφθῆναι,

2263 4025 2380 4082 ἀλλ’
2397 4023 2739 4086 ἀποστάντας
2759 4021 2870 4074 τῶν
2889 4019 3146 4073 τοιούτων
3169 4014 3446 4086 λογισμῶν
3467 4052 3482 4076 ,
3505 4011 3841 4082 ήμερὼτερα

2265 4118 2362 4172 καὶ
2395 4114 2738 4188 μετριώτερα
2771 4111 3168 4183 βουλεύσασθαι
3202 4109 3331 4179 περὶ
3361 4108 3409 4161 τ’
3431 4107 3744 4175 ἀνθρώπου.
3776 4103 3842 4155 Οἱ

2265 4211 2311 4266 δ’
2334 4210 2542 4280 ἔφασαν
2569 4208 2629 4261 οὐ
2661 4205 3017 4276 περιόψεσθαι
3045 4204 3267 4262 ἑκόντες
3294 4195 3433 4254 εἶναι
3459 4199 3539 4262 είς
3570 4195 3843 4264 πολέμους

2266 4302 2564 4373 ἐμφυλίους
2606 4300 2700 4353 καὶ
2746 4299 2966 4360 στάσεις
3007 4297 3104 4350 καὶ
3143 4293 3386 4366 ταραχὰς
3422 4292 3493 4345 τά
3536 4291 3844 4360 πράγματα

2237 4411 2242 4465 ς
2269 4398 2590 4465 χωρήσοντα
2617 4391 2933 4463 Ῥωμαίοις.
2959 4390 3123 4444 Αὐτοὶ
3153 4388 3262 4458 γάρ
3294 4386 3495 4440 ειδέναι
3523 4374 3696 4434 ὁπόσα
3722 4380 3846 4431 stu.

2274 4489 2483 4558 μήνατο
2511 4487 2622 4550 τοῖς
2652 4486 2974 4556 πράγμασιν
3005 4485 3033 4537 ὁ
3065 4482 3176 4536 τῶν
3209 4479 3475 4552 βασιλέων
3504 4476 3643 4546 πρὸς
3673 4474 3844 4542 ἀλλή-

2269 4581 2395 4642 λους
2441 4579 2702 4649 πόλεμος.
2744 4579 2838 4632 Διὸ
2884 4577 3120 4648 μάλιστα
3167 4576 3267 4645 μὲν
3311 4571 3477 4626 αὑτοῦ
3520 4567 3729 4623 δεῖσθαι
3772 4565 3843 4617 τὰ

2270 4670 2624 4742 ὕφορμοῦντα
2675 4669 2824 4742 κακά
2875 4669 3118 4724 ἐκποδὼν
3173 4669 3344 4736 ποιεῖν
3370 4681 3387 4698 ⁶
3439 4664 3534 4718 καὶ
3589 4663 3666 4733 μὴ
3716 4659 3844 4720 τοὺς

1850 4783 2066 4844 Jacobi
2102 4786 2367 4850 Pontani
2401 4793 2604 4848 notua.—

665 4907 780 4975 (86)
813 4905 1080 4974 (ἔνθεοι-ας
1108 4925 1120 4960 ;
1155 4905 1537 4959 Constantinus
1574 4906 1788 4974 despota
1822 4922 1939 4959 cum
1965 4909 2169 4962 carteris

592 4976 814 5033 vinculis
837 4976 1059 5040 solutus,
1087 4984 1143 5028 ut
1166 4975 1399 5040 diximus
1425 4975 1694 5044 (captivos
1713 4976 1946 5044 iussisse
1967 4976 2167 5031 dimitti

594 5051 982 5116 imperatorem
1019 5060 1181 5114 supra
1216 5045 1374 5116 digit,
1403 5044 1827 5116 constantinum
1859 5045 2170 5116 despotant,

592 5114 850 5183 magnum
893 5115 1226 5186 logotltetam
1278 5114 1633 5180 Metoeltiten,
1683 5129 1880 5171 omnes
1933 5114 2173 5186 denique

593 5192 784 5240 eodem
819 5187 1052 5242 crimine
1086 5186 1420 5250 damnatos),
1448 5201 1564 5238 cum
1589 5186 1807 5254 paulum
1831 5202 1884 5240 se
1918 5189 2175 5240 ostendis-

591 5269 686 5322 δεῖ,
720 5275 906 5310 rursus
937 5260 993 5309 in
1029 5257 1277 5315 obscuras
1326 5255 1560 5310 latebras
1603 5266 1756 5308 noctu
1792 5273 1825 5308 α
1869 5257 2172 5320 proceribus

591 5328 781 5381 nnlit‘is
819 5337 894 5380 est
935 5325 1160 5382 abditus.
1201 5325 1357 5388 Veriti
1403 5327 1560 5390 enim,
1601 5341 1665 5377 ne
1695 5328 2017 5394 imperatore
2065 5327 2156 5380 de-

593 5408 773 5467 yuncto
807 5399 958 5467 turba
993 5400 1053 5467 in
1085 5394 1276 5463 populo
1305 5397 1555 5467 oriretur,
1603 5411 1723 5448 cum
1772 5395 1852 5467 ob,
1874 5395 2006 5459 alia,
2058 5407 2172 5450 tum

594 5464 812 5538 promer
867 5466 927 5522 Ο.
983 5465 1218 5538 litteram
1238 5464 1532 5538 .__et'olint
1568 5478 1791 5538 temere“
1820 5466 1883 5538 de
1948 5468 2041 5519 illo
2077 5467 2168 5534 ja-

595 5534 797 5594 ctatum
826 5552 1092 5591 rumorem
1126 5537 1201 5589 sic
1230 5535 1382 5588 illum
1416 5543 1737 5588 tractarunt.
1760 5534 2004 5605 Vulgaris
2028 5539 2167 5589 enim

595 5616 743 5676 [ama
773 5617 907 5672 erat,
934 5607 1218 5677 imperium
1255 5617 1422 5659 vetere
1459 5608 1781 5677 imperatore
1811 5606 2078 5677 defuncto,
2120 5608 2168 5659 ei

595 5672 704 5729 csse
731 5672 1074 5740 destinatum,
1111 5676 1265 5744 cujus
1307 5691 1497 5728 nomen
1537 5672 1602 5744 ϐ.
1638 5675 1816 5727 littera
1866 5672 2162 5730 inchoaret.

607 5744 753 5810 Unde
784 5761 902 5799 cum
927 5755 976 5799 ct
1012 5747 1120 5815 ipse
1159 5747 1534 5803 Constantinus
1571 5743 1847 5813 diceretur,
1893 5756 2159 5816 suspectus

2269 4918 2404 4962 erat.
2428 4908 2616 4980 Pergit
2635 4907 2856 4980 deinde,
2887 4921 2950 4980 ac
2977 4905 3160 4980 docet,
3186 4919 3296 4975 quo
3327 4911 3490 4980 pacto
3519 4900 3683 4980 iidem
3716 4913 3841 4980 pro.

2268 4994 2423 5033 ceres
2471 4973 2753 5033 seniorem
2813 4973 3387 5049 Andronicum'_ntale
3435 4973 3836 5049 multaverint:

2269 5065 2390 5117 qua:
2422 5057 2606 5102 tamen
2645 5063 2768 5101 cum
2801 5056 2985 5102 nostra
3043 5045 3361 5117 narratione
3393 5045 3841 5117 pugnantmirao

2269 5113 2476 5174 biliter.
2507 5117 2614 5184 Sed
2643 5133 2741 5172 cur
2768 5117 3036 5184 Gregoras
3057 5115 3388 5184 singularem
3439 5113 3834 5184 humanitatem

2272 5197 2327 5243 et
2358 5181 2708 5242 clementiam
2754 5181 2935 5256 magni
2976 5181 3266 5241 domeStici
3314 5185 3368 5256 in
3415 5181 3837 5256 Constantinum

2275 5261 2439 5332 istum
2458 5252 2977 5332 przetermittitfqui
3001 5257 3166 5310 nullis
3180 5253 3439 5332 precibus
3469 5252 3613 5332 ﬂecti
3638 5256 3838 5329 potest.

2268 5342 2326 5380 ut
2346 5329 2408 5400 ei
2427 5323 2618 5381 oculos
2641 5336 2828 5400 eruat,
2848 5323 2918 5382 ne
2948 5327 3076 5400 dum
3109 5323 3546 5400 ut’iilu_mf(quod
3569 5323 3841 5400 inprimis

2273 5397 2532 5452 volebant
2557 5398 2837 5466 proceres)
2869 5395 3127 5451 occidat?
3159 5394 3346 5449 nescio
3373 5409 3494 5462 quae
3527 5393 3839 5466 malignitas

2272 5467 2513 5540 hominis
2645 5468 2832 5540 prodit
2872 5482 3144 5540 _non_raro
3169 5483 3201 5540 ;_
3224 5480 3347 5540 nam
3389 5473 3452 5517 ut
3481 5463 3659 5540 multa
3688 5463 3839 5540 igno-

2267 5538 2422 5603 rarit,
2464 5537 2612 5606 quod
2646 5531 2950 5606 aliquoties
2993 5537 3103 5605 jam
3151 5535 3423 5597 diximus;
3459 5543 3568 5586 tant
3605 5531 3839 5585 illustria

2265 5608 2358 5676 qui
2394 5607 2612 5714 tandem
2642 5607 2694 5663 ei
2728 5609 2974 5679 inaudita
3031 5616 3083 5662 et
3119 5607 3459 5675 incomperta
3496 5617 3617 5657 esse
3647 5611 3842 5672 potuec

2266 5690 2387 5714 rnnl

2266 5690 2392 5732 runt
2409 5690 2435 5730 ’ί
