4156 6300
429 322 528 386 ιιι

1626 318 1957 381 JOANNIS
1996 315 2525 378 CANTACUZENI

3593 313 3696 377 512

429 439 502 492 ita
525 438 710 493 obiter
749 447 807 495 et
853 438 1165 492 temeritate
1217 437 1453 507 quadam
1494 453 1522 491 a
1561 448 1894 506 quocunque
1924 432 2011 486 bis

2137 434 2264 496 ιοίας
2295 431 2562 505 ἐνδύμασι
2585 435 2681 488 καὶ
2702 434 2992 507 πράγμασι
3021 432 3114 486 τὸν
3145 429 3339 503 κριτὴν
3373 428 3533 483 ἵλεων
3563 431 3697 502 αὐτῇ

428 534 600 586 sacris
663 531 908 597 initiari;
976 531 1288 601 liujusmodi
1342 532 1488 586 enim
1551 541 1610 585 ut
1660 529 2006 598 loqueretur.

427 625 662 678 edoctus
705 632 844 677 erat.
895 623 989 676 llis
1038 620 1221 677 verbis
1253 638 1364 676 non
1399 637 1593 693 parum
1627 621 1874 675 irritatus
1909 619 2011 672 im-

431 725 660 784 perator
710 732 968 785 magnum
1023 716 1392 770 domesticum
1444 717 1498 768 in
1532 716 1740 769 crimen
1770 713 2008 776 vaeavit,

429 807 500 859 ab
544 822 610 861 eo
637 808 866 862 salutem
915 823 1068 862 suam
1116 808 1369 878 impediri
1399 808 1696 862 affirmans.
1738 807 1845 873 Qui
1881 822 2008 862 cum

434 900 830 970 sull‘ragaretur
884 901 990 961 bis,
1030 917 1152 969 qua:
1181 901 1486 969 Spiritualis
1511 900 2012 963 dixerat,’testare-

438 1003 635 1060 turque
695 992 886 1046 abesse
924 993 1099 1056 illum,
1132 993 1222 1045 cui
1278 1002 1558 1061 oporteret
1603 991 1730 1046 talia
1763 990 2017 1044 commit-

439 1091 578 1144 tere,
629 1087 683 1133 et
735 1081 962 1148 insuper
1014 1080 1392 1150 polliceretur,
1435 1081 1480 1134 si
1514 1081 1736 1150 quando
1787 1081 2014 1141 rediret.

437 1173 557 1227 sine
603 1173 1103 1242 procrqstinatione
1127 1172 1479 1236 adfuturum,
1505 1171 1741 1226 credens
1783 1172 2020 1239 impera-

439 1275 550 1322 tor.
601 1265 838 1333 quievit.
886 1265 1157 1319 Czeterum
1209 1264 1378 1335 Barys
1432 1263 1778 1318 medicorum
1857 1263 2020 1332 longe

441 1356 955 1425 experientissimus
1001 1357 1300 1425 indignari,
1333 1355 1622 1423 viderique
1651 1353 1800 1408 haud
1833 1369 2024 1423 passu-

443 1463 560 1511 rus,
608 1447 1025 1516 imperatorem.
1075 1449 1232 1517 cujus
1282 1447 1395 1502 vita
1443 1447 1505 1500 in
1553 1455 1800 1501 extremo
1831 1445 2027 1500 discri—

442 1539 589 1592 mine
617 1549 786 1600 esset,
833 1555 862 1592 a
912 1554 1110 1608 magno
1141 1538 1450 1592 domestico
1484 1537 1758 1601 delusum,
1791 1537 2025 1590 salutem

444 1633 716 1686 amittere.
740 1631 921 1698 Quare
974 1632 1152 1702 ipsum
1176 1631 1331 1702 [puta
1383 1631 1803 1702 imperatorem]
1828 1633 2028 1687 docere

444 1724 715 1787 instituit,
749 1741 872 1793 qua:
920 1727 1065 1779 circa
1115 1736 1331 1794 patrem
1364 1725 1708 1792 spiritualem
1746 1740 1844 1793 per
1879 1725 2028 1780 tech-

445 1829 572 1866 nam
601 1816 834 1868 t'onticta
865 1824 1050 1869 essent
1075 1832 1087 1867 :
1114 1815 1275 1885 247
1312 1815 1559 1885 nihilque
1594 1815 1881 1885 impedire,
1918 1832 2027 1886 quo

450 1906 632 1960 minus
679 1907 821 1960 alius
866 1906 1112 1962 absentis
1169 1923 1369 1962 mutnus
1393 1907 1732 1978 fungeretur,
1757 1924 1882 1962 cum
1906 1924 2026 1962 0m-

447 1997 599 2049 nium
657 1997 841 2066 opifex
899 1999 1156 2053 omnibus
1215 2001 1463 2068 patribus
1513 2000 1898 2070 spiritualibus
1945 2015 2016 2056 ex

449 2103 605 2157 τοι]υο
647 2089 894 2143 eamdem
928 2099 1254 2159 potestatem
1305 2092 1723 2148 continuaverit.
1757 2093 2030 2148 Domesti-

449 2195 549 2235 ωε
609 2181 898 2244 odoratus,
944 2183 1075 2251 quid
1131 2183 1306 2254 Barys
1350 2195 1636 2253 coqueret,
1689 2200 1814 2239 eum
1875 2195 2031 2241 extra

447 2275 708 2330 conclave
735 2275 941 2339 educit,
967 2283 1020 2329 et
1048 2317 1063 2342 ,
1088 2275 1362 2340 Quantum
1395 2278 1710 2347 conjectura
1741 2279 1987 2349 percipio
2014 2319 2028 2340 .

449 2367 654 2435 inquit,
721 2368 1116 2437 imperatorem
1175 2369 1501 2425 dement-are
1550 2371 1651 2436 vis,
1690 2381 1751 2426 ut
1782 2372 2031 2427 habitum

453 2458 818 2510 iuonasticum
862 2472 892 2511 e
934 2460 1314 2528 cujuscunque
1389 2461 1558 2529 patris
1585 2461 1888 2530 Spiritualis
1923 2479 2036 2517 ma-

452 2545 618 2599 nibus
649 2545 864 2611 induat,
889 2547 958 2600 ad
988 2549 1134 2616 quod
1187 2550 1342 2604 illum
1390 2552 1500 2622 jam
1536 2553 1743 2621 pridem
1770 2555 2036 2608 exstimu-

454 2636 600 2691 lasti.
645 2637 724 2692 Ac
779 2646 909 2690 tunc
969 2639 1192 2707 quidem
1239 2640 1390 2710 quod
1419 2652 1679 2712 expertus
1711 2644 1818 2698 tale
1867 2645 2033 2713 quid-

449 2745 619 2798 quam
673 2745 780 2784 non
819 2746 990 2794 esses,
1033 2732 1521 2802 conditionemque
1555 2735 1630 2789 rei
1669 2735 1969 2805 ignorares,
2005 2753 2035 2792 a

455 2821 728 2890 supplicio
772 2823 1144 2890 excusabare;
1201 2826 1246 2880 si
1297 2825 1480 2880 denuo
1510 2827 1792 2896 quidpiam
1849 2830 2038 2901 Hujus-

453 2913 629 2980 modi,
663 2924 758 2968 aut
785 2910 1032 2970 deteriu’s
1060 2916 1264 2986 aliquid
1299 2919 1596 2985 conabere,
1628 2921 1766 2975 scito
1800 2921 1898 2976 tibi
1924 2938 2035 2977 non

458 3007 539 3061 sic
592 3007 897 3062 abiturum.
963 3009 1204 3064 Primum
1256 3010 1426 3075 enim,
1461 3012 1507 3065 si
1557 3012 1661 3066 hoc
1708 3014 2037 3083 imperatore

2113 529 2686 598 προκατασκευάζειν,
2717 529 2784 583 ,⁸0
2815 528 2862 581 δ’
2909 527 3296 598 ἀντησπάζετο
3337 527 3434 595 μὲν
3471 525 3698 596 βασιλέα

2114 619 2208 673 καὶ
2238 621 2424 685 αὐτὸς,
2455 621 2528 692 μὴ
2561 621 2763 686 ἐξεῖναι
2792 621 2846 675 δὲ
2877 621 3027 690 αὐτῷ
3053 620 3241 689 ἔλεγεν
3268 620 3346 672 ἔτι
3375 619 3580 682 ζῶντος
3609 621 3699 671 τοῦ

2114 714 2322 785 πατρὸς
2363 707 2409 782 ᾧ
2468 715 2652 785 φέρων
2695 714 2890 767 ἑαυτὸν
2945 713 3227 779 ὑπέταξας
3287 711 3698 778 πνευματικῶς,

2113 807 2302 878 ἓτερον
2331 806 2730 877 ἀνθαιρεῖσθαι,
2763 808 2857 860 καὶ
2890 806 3087 871 ταῦτα,
3125 807 3184 857 ἐν
3211 807 3423 873 καιροῖς
3461 803 3699 870 μάλιστα

2113 897 2399 960 τοιούτοις,
2441 900 2529 950 ὅτε
2565 896 2763 967 βούλει.
2810 894 3256 968 μεταλλάξασθαι
3289 897 3382 947 τὸν
3436 895 3570 964 βὶονι
3604 899 3699 948 καὶ

2117 989 2256 1060 πρὸς
2286 988 2584 1059 ἀγγελικὴν
2627 989 3037 1056 μετατάξασθαι
3071 985 3375 1041 πολιτείαν.
3415 986 3569 1037 Ἐπεὶ
3607 986 3702 1038 καὶ

2114 1083 2205 1138 διὰ
2239 1083 2356 1152 βίου
2380 1083 2603 1148 παντὸς,
2640 1082 2817 1152 τούτῳ
2847 1082 3085 1153 χρῆσθαι
3118 1081 3330 1135 δίκαιον
3368 1079 3696 1150 διδασκάλῳ,

2120 1176 2214 1230 καὶ
2247 1175 2321 1238 ὡς
2365 1175 2475 1229 τῶν
2524 1175 2852 1247 κρειττόνων
2908 1175 3019 1228 τινὶ
3069 1175 3382 1245 προσέχειν,
3435 1173 3574 1225 ἀλλὰ
3631 1173 3705 1242 μὴ

2120 1268 2312 1333 ἁπλῶς
2337 1268 2480 1323 οὕτω
2503 1271 2597 1324 καὶ
2623 1270 3048 1338 ἀπερισκέπτως
3080 1269 3184 1320 ὑπο
3213 1268 3304 1320 τοῦ
3328 1268 3586 1336 τυχόντος
3637 1267 3704 1320 τὰ

2123 1359 2350 1414 τοιαῦτα
2382 1359 3135 1431 μυσταγωγεῖσθαι.Τοιαῡτα
3162 1358 3270 1429 γὰρ
3290 1353 3358 1428 ἦν
3386 1349 3706 1426 δεδιδαγμέ-

2125 1471 2214 1515 νος
2241 1453 2445 1521 λέγειν.
2473 1453 2736 1516 Βασιλεὺς
2765 1453 2821 1506 δὲ
2852 1453 3200 1523 ἐδυσχέραινε
3247 1451 3346 1518 μὲν
3370 1452 3429 1502 οὐ
3467 1451 3704 1518 μετρὲως

2128 1547 2265 1618 πρὸς
2319 1548 2446 1609 τοὺς
2502 1545 2718 1614 λόγους,
2757 1546 2854 1598 καὶ
2901 1545 2993 1597 τὸν
3047 1545 3224 1614 μέγαν
3278 1540 3606 1610 δομέστικον
3648 1540 3706 1590 ἐν

2130 1640 2333 1703 αἰτίαις
2383 1641 2641 1697 ἐποιεῖτο,
2677 1637 2768 1690 ὑπ’
2794 1637 2962 1689 αὑτοῦ
3007 1637 3235 1705 φάσκων
3266 1631 3580 1686 κωλύεσθαι
3607 1648 3711 1682 σω-

2130 1731 2325 1801 τηρίας
2348 1731 2556 1798 τυχεῖν.
2589 1725 3027 1798 Συνηγοροῦντος
3058 1725 3114 1777 δὲ
3145 1722 3307 1777 αὐτοῦ
3342 1725 3456 1782 τοῖς
3481 1720 3712 1790 εἰρημέ-

2131 1842 2244 1886 νοις
2269 1823 2372 1876 61:6
2396 1823 2492 1875 τοῦ
2529 1818 2931 1892 πνευματικοῦ,
2982 1818 3078 1870 καὶ
3106 1816 3592 1884 διαϐεϐαιουμένου
3634 1811 3709 1881 μὴ

2129 1918 2388 1986 παρεῖναι
2419 1915 2631 1967 ἐκεῖνον
2650 1955 2665 1978 ,
2694 1904 2738 1979 ᾧ
2762 1913 2972 1965 δίκαιον
2998 1909 3068 1962 τὰ
3097 1906 3329 1962 τοιαῦτα
3364 1905 3707 1975 ἐπιτρέπειν·

2130 2007 2212 2060 ἔτι
2255 2023 2314 2058 τε
2345 2003 2825 2074 ἐπαγγελλομένου
2877 2001 2952 2064 ὡς
2985 2001 3170 2053 εἴποτε
3217 1998 3503 2070 ἐπανήξει,
3543 1994 3710 2065 μηδὲν

2131 2097 2568 2166 ἀναϐαλλόμενος
2600 2097 2894 2166 παρέσται.
2940 2093 3183 2165 ἡσύχασε
3219 2091 3464 2151 πεισθεὶς
3498 2089 3524 2139 6
3555 2087 3709 2158 .313:-
3805 2136 3807 2138 ,

2131 2188 2278 2252 λεύς.
2314 2186 2490 2258 Βαρὺς
2526 2185 2603 2253 δὲ,
2641 2185 2750 2238 τῶν
2801 2184 3002 2253 ἰατρῶν
3030 2184 3058 2234 6
3087 2183 3324 2252 μάλιστα
3371 2181 3710 2249 ἐμπειρότα-

2129 2298 2245 2345 τος,
2269 2280 2419 2334 δεινὰ
2471 2281 2734 2343 ἐποιεῖτο,
2790 2278 2886 2330 καὶ
2934 2277 3055 2329 οὐδὲ
3091 2273 3376 2338 ἀνέξεσθαι
3409 2273 3604 2334 ἐδόκει,
3663 2274 3710 2322 εί

2095 2434 2098 2437 _
2135 2374 2392 2446 βασιλεὺς
2448 2373 2882 2442 ἁποστερήσοιτο
2911 2368 3011 2437 τῆς
3052 2366 3326 2436 σωτηρίας
3361 2366 3415 2416 ὲν
3449 2364 3566 2432 χρῴ
3600 2379 3715 2414 κιν-

2133 2467 2291 2521 δύνου
2342 2463 2663 2530 καθεστὼς,
2697 2463 2802 2516 ὑπὸ
2833 2460 2927 2515 τοῦ
2963 2460 3205 2531 μεγάλου
3254 2457 3577 2526 δομεστίκου
3613 2472 3713 2506 πα-

2138 2561 2379 2634 ραχθεὶς,
2404 2558 2632 2630 ὥρμητό
2674 2574 2734 2611 τε
2765 2557 2902 2627 δῆλα
2933 2555 3144 2626 βασιλεῖ
3177 2554 3352 2606 ποιεῖν
3373 2551 3472 2604 ὅσα
3495 2545 3564 2602 ’τε
3589 2549 3716 2618 περὶ

2134 2655 2227 2708 τὸν
2258 2651 2629 2722 πνευματικὸν
2660 2649 2877 2718 πατέρα
2919 2645 3347 2713 συσκευασθεῐη,
3379 2644 3474 2695 καὶ
3513 2641 3586 2704 ὡς
3619 2641 3713 2692 οὐ-

2133 2749 2224 2802 δὲν
2257 2748 2324 2800 ἂν
2368 2747 2452 2816 εἴη
2490 2745 2741 2813 κώλυμα,
2799 2742 2849 2795 εί
2909 2741 2984 2810 μὴ
3017 2740 3219 2810 παρείη
3275 2740 3303 2789 6
3334 2737 3713 2798 πνευματικὸς

2137 2843 2366 2906 ἐκεῖνος,
2397 2839 2586 2909 ἓτερον
2625 2840 2694 2890 τὰ
2731 2837 2895 2906 ὅμοια
2929 2837 3107 2886 ποιεῖν
3131 2832 3232 2901 τῆς
3265 2832 3434 2900 αὐτῆς
3465 2829 3716 2896 ἐξουσίας

2139 2933 2246 2988 ὑπὸ
2281 2932 2376 2985 τοῦ
2409 2927 2756 2999 παντουργοῦ
2797 2928 3109 2996 πνεύματος
3156 2926 3292 2977 πᾶσι
3334 2923 3717 2991 πνευματικοῖς

2139 3025 2418 3095 πατράσιν
2445 3022 2633 3093 ὲξίσης
2683 3020 3169 3091 κεχορηγημένης.
3207 3017 3441 3069 Συνιδὼν
3463 3017 3520 3068 δὲ
3551 3016 3580 3068 6
3617 3013 3712 3083 μέ·

451 3099 742 3163 orbemur,
773 3115 879 3154 non
911 3099 1134 3155 dabitur
1158 3101 1318 3156 nobis
1337 3103 1390 3156 in
1413 3103 1530 3156 foro
1558 3120 1741 3158 rerum
1763 3106 2035 3161 venalium

2143 3135 2244 3186 γας
2276 3116 2600 3186 δομέστικος
2639 3114 2669 3168 ὅ
2717 3131 2771 3166 τι
2819 3112 3068 3182 βούλεται
3094 3113 3122 3163 6
3149 3111 3352 3179 Βαρὺς,
3379 3109 3459 3170 είς
3490 3108 3550 3160 τὸ
3583 3105 3715 3171 ego.

454 3214 642 3254 emere
685 3199 872 3253 alium.
909 3200 1090 3269 Atque
1143 3208 1204 3254 ut
1259 3200 1504 3265 daretur,
1546 3204 1599 3256 in
1633 3203 1894 3268 talem,id
1933 3213 2036 3271 est,

457 3290 793 3345 omnimodis
824 3291 1116 3359 optimum,
1138 3306 1248 3346 non
1291 3292 1617 3347 incidemus.
1643 3293 1778 3348 Nam
1805 3310 2036 3362 quorum

459 3383 519 3435 in
576 3397 772 3438 manus
815 3391 1027 3438 tantum
1083 3384 1377 3453 imperium
1442 3385 1772 3440 tradendum
1802 3396 1908 3450 est,
1943 3400 2041 3442 eos

460 3475 646 3528 omnia
671 3476 1016 3544 prospiciens
1041 3477 1207 3540 Deus,
1234 3493 1334 3546 pro
1369 3487 1485 3532 rata
1515 3479 1770 3547 portione
1795 3480 1862 3536 ad
1889 3481 2042 3550 prin-

362 3633 364 3636 ν
457 3569 682 3636 cipatus
725 3567 1162 3638 magnitudinem
1203 3571 1443 3624 condere
1489 3580 1654 3639 atque
1687 3583 1874 3641 aptare
1911 3588 2044 3628 con-

465 3659 664 3712 suevit.
697 3659 777 3712 Ad
828 3660 954 3725 boc,
981 3675 1146 3730 quam
1199 3661 1354 3715 multi
1387 3677 1512 3715 cum
1541 3662 1870 3731 periculosis
1894 3678 2042 3719 mor-

463 3749 550 3803 bis
599 3750 1000 3816 luctantes,“
1049 3768 1079 3808 a
1139 3752 1373 3807 medicis
1414 3752 1709 3822 desperati,
1756 3762 1922 3823 atque
1973 3754 2041 3810 ad

467 3852 795 3907 extremum,
843 3851 906 3897 ut
947 3845 1265 3912 apparebat,
1319 3843 1547 3897 Italituzn
1605 3844 1836 3910 redacti,
1874 3845 1943 3900 ab
1976 3861 2043 3902 eo

461 3933 560 4002 qui
596 3933 735 4004 regit
787 3944 1197 4005 commutatque
1239 3935 1420 3989 omnia
1463 3947 1628 4006 prout
1657 3937 1793 4003 vult,
1818 3938 2044 4009 integri-

471 4025 567 4078 tati
597 4026 723 4080 vitze
771 4042 836 4081 ac
884 4027 1222 4082 valetudinis
1261 4029 1524 4090 restituti,
1552 4031 1846 4098 praeteritis
1884 4031 2045 4088 annis

465 4131 578 4170 non
635 4117 924 4185 pauciores
970 4119 1440 4189 supervixerunt?
1467 4121 1614 4175 Nihil
1653 4138 1782 4192 ergo
1817 4139 2042 4190 novum,

463 4209 516 4261 si
568 4207 665 4262 Dei
711 4219 852 4264 nutu
905 4191 1226 4280 imperatori
1289 4224 1480 4267 nostro
1539 4213 1682 4267 idem
1726 4191 2043 4286 contigerit.

461 4297 643 4362 Quam
679 4299 750 4352 ob
779 4315 998 4354 causam
1032 4301 1273 4370 praedico
1306 4302 1428 4363 tibi,
1463 4301 1734 4370 quiescas,
1767 4319 1867 4358 nec
1891 4305 2042 4358 illum

2139 3226 2302 3275 τερον
2352 3209 2562 3277 οἴκημα
2605 3205 2963 3275 παραλαϐὼν,
3018 3201 3360 3272 Στοχὰζομαί
3418 3217 3510 3263 σε,
3573 3195 3715 3263 εἷπε,

2143 3298 2429 3368 βούλεσθαι
2481 3295 2706 3366 βασιλέα
2751 3295 3081 3362 παρακινεῖν
3112 3291 3174 3344 τὸ
3218 3289 3475 3360 μοναχῶν
3504 3288 3716 3342 ὲνδύναι

2144 3392 2331 3462 σχῆμα
2361 3391 2459 3460 ὑφ’.
2477 3393 2602 3443 ὅτου
2636 3389 2700 3443 ἂν
2731 3388 2886 3459 τύχοι
2912 3386 3120 3456 πατρὸς
3143 3382 3542 3452 πνευματικοῦ.
3581 3383 3650 3434 Σὺ
3670 3381 3718 3433 δ’

2143 3484 2306 3548 αὐτὸς
2339 3482 2432 3536 καὶ
2447 3481 2547 3551 τὴν
2575 3481 2750 3551 ἀρχὴν
2767 3481 2847 3542 είς
2877 3476 3036 3532 τοῦτο
3057 3476 3441 3545 παρώρμησας
3471 3474 3714 3544 βασιλέα.

2143 3579 2277 3631 Τότε
2314 3576 2417 3647 μὲν
2439 3573 2532 3628 οὖν
2567 3575 2601 3642 ἡ
2653 3573 2882 3644 ἀπειρία
2914 3571 3012 3625 καὶ
3055 3571 3310 3640 ήᾶγνοια
3365 3567 3720 3639 παρητήσατό

2147 3685 2208 3722 σε
2235 3667 2310 3738 μὴ
2341 3664 2530 3727 κακῶς
2561 3662 2775 3716 παθεῖν.
2813 3662 2913 3712 “Av
2943 3659 2989 3712 δ’
3015 3657 3174 3721 αὖθις
3202 3660 3317 3720 τοῖς
3345 3657 3528 3718 αὐτοῖς
3568 3655 3599 3724 ἦ
3629 3654 3719 3706 καὶ

2145 3760 2384 3830 χείροσιν
2410 3757 2713 3826 ἐπιχειρῇς,
2747 3755 2858 3808 ίσθι
2895 3752 2968 3822 μὴ
3002 3751 3134 3806 ἄνευ
3175 3749 3450 3820 τιμωρίας
3474 3747 3719 3800 ἀπαλλά-

2146 3852 2274 3916 ξων.
2314 3848 2538 3919 Πρῶτον·
2582 3846 2681 3916 μὲν
2712 3848 2844 3914 γὰρ,
2877 3845 2978 3897 οὐκ
3004 3843 3063 3909 ἐξ
3100 3844 3307 3912 ἀγορᾶς
3340 3841 3486 3893 ἔστιν
3510 3839 3718 3907 ὠνήσα-

2147 3944 2274 3996 σθαι
2309 3940 2556 4011 βασιλέα,
2583 3938 2649 3992 ἃν
2677 3937 2772 3991 τοῦ
2799 3938 2955 4000 ὄντος
2984 3933 3716 4004 ἁποστερηθῶμεν.Ἕπειτα

2147 4035 2195 4087 εἰ
2225 4034 2320 4085 καὶ
2347 4030 2491 4085 τοῦτ’
2511 4030 2660 4098 ἐξῆν,
2685 4026 2800 4079 ἀλλ’
2833 4027 2934 4080 οὐκ
2957 4024 3022 4078 ἂν
3053 4024 3281 4092 τοιούτῳ
3311 4039 3375 4090 γε
3395 4021 3720 4089 ἐνετύχομεν

2146 4128 2215 4179 τὰ
2246 4127 2427 4178 πάντα
2465 4122 2744 4193 βελτίστῳ.
2779 4119 2921 4181 Τοὺς
2971 4116 3080 4186 γὰρ
3114 4114 3406 4184 μέλλοντας
3451 4110 3720 4180 τοσαύτην

2148 4215 2490 4287 προστασίαν
2518 4208 3028 4282 ὲγχειρισθήσεσθαι
3055 4209 3402 4277 πραγμάτων
3433 4207 3462 4257 6
3490 4203 3558 4257 τὰ
3591 4203 3721 4258 πάν-

2149 4326 2218 4362 τα
2250 4305 2631 4376 προορώμενος
2665 4301 2796 4362 Θεὸς
2831 4298 3132 4366 ἀναλόγους
3161 4296 3300 4366 πρδς
3329 4297 3388 4348 τδ
3416 4295 3515 4364 τῆς
3549 4293 3721 4364 ἀρχῆς

465 4389 768 4456 obturbes,
819 4392 914 4446 sed
958 4392 1107 4447 hunc
1143 4408 1305 4461 quem
1361 4393 1502 4462 gerit
1557 4393 1802 4448 habitum
1855 4410 2035 4464 gerere

2155 4397 2385 4470 μέγεθος
2407 4394 2754 4464 δημιουργεῖ.
2777 4390 2988 4451 ’Ἄλλως
3005 4406 3083 4449 τε,
3111 4389 3299 4449 πόσοις
3324 4387 3433 4439 τῶν
3455 4387 3724 4454 νοσήμασι

466 4482 640 4536 sinas.
670 4482 738 4536 Et
769 4483 813 4537 si
840 4484 1062 4554 quidem
1095 4485 1241 4540 Deus
1259 4486 1538 4540 Romanos
1571 4477 1808 4555 propitio
1836 4487 2047 4543 lumine

473 4575 793 4644 respiciens,
818 4577 1208 4647 imperatorem
1255 4577 1368 4645 illis
1397 4579 1764 4644 redonaverit,
1788 4589 1844 4634 et
1877 4597 2049 4650 quan-

467 4675 558 4720 4as
586 4681 744 4722 mens
772 4678 960 4722 nostra
993 4669 1138 4737 capit
1161 4669 1364 4738 gratias
1398 4685 1644 4739 agemus,
1673 4680 1731 4724 et
1757 4672 2048 4726 sanitatem

464 4757 593 4826 ejus
627 4757 679 4810 in
708 4759 941 4811 maxima
976 4759 1256 4815 felicitatis
1285 4769 1439 4832 parte
1474 4762 1907 4818 numerabimus.
1928 4764 2048 4828 Sin,

465 4848 622 4917 iquod
677 4849 844 4904 absitl
897 4850 1115 4906 occulto
1161 4853 1261 4914 Dei
1320 4853 1532 4922 judicio
1586 4853 1655 4907 ab
1697 4854 1847 4908 hisce
1890 4855 2050 4911 [linis

468 4940 824 5011 .terrenisque
849 4942 918 4998 ad
955 4943 1187 5000 meliora
1211 4960 1276 5000 ac
1321 4945 1658 5010 durabiliora
1683 4949 1882 5017 palatia
1915 4964 2048 5003 evo-

468 5032 624 5097 larit,
660 5034 754 5103 qui
790 5045 872 5090 est
904 5036 1088 5107 justus
1125 5038 1317 5110 judex,
1349 5046 1404 5094 et
1449 5041 1698 5094 cordium
1765 5042 2051 5110 cogitatio-

474 5141 720 5196 numque
773 5139 1075 5194 scrutator,
1122 5131 1192 5186 de
1244 5132 1363 5203 ejus
1409 5134 1694 5202 proposito
1723 5135 2050 5188 sententiam

477 5219 920 5291 feretzeumque
975 5239 1083 5278 non
1132 5240 1229 5280 sua
1269 5226 1485 5295 sponte,
1517 5226 1609 5282 sed
1653 5227 1829 5282 aliena
1862 5227 2053 5284 fraude

476 5313 584 5369 hoc
629 5314 774 5369 bono
821 5317 1118 5384 privatum.
1150 5319 1266 5386 pari
1327 5335 1450 5374 cum
1503 5322 1788 5378 monachis
1829 5324 2054 5392 prmmio

481 5406 820 5473 dignabitur.
850 5407 977 5464 llaec
1021 5410 1113 5464 tibi
1142 5411 1288 5467 dicta
1314 5412 1650 5470 domesticus
1685 5416 1856 5481 dedit,
1886 5416 2054 5487 Barys

487 5500 820 5566 impotenter
868 5519 1185 5574 erumpens,
1223 5507 1320 5569 ait,
1347 5523 1455 5560 non
1497 5523 1554 5561 se
1593 5508 1648 5562 in
1681 5515 1929 5562 extremo
1960 5524 2056 5576 pe-

483 5590 661 5647 riequ
706 5607 1020 5651 versantem
1073 5597 1460 5668 imperatorem
1517 5599 1904 5660 deserturum,
1961 5600 2055 5654 sed

479 5698 649 5750 quam
679 5697 864 5755 posset
895 5705 1057 5760 opem
1098 5689 1150 5744 ei
1181 5693 1476 5746 allaturum
1508 5709 1522 5749 τ
1563 5707 1673 5748 non
1713 5691 1894 5756 modo,
1927 5693 2058 5762 quia

485 5778 598 5853 nisi
625 5779 884 5837 salutaria
916 5781 1152 5839 suaserit
1182 5791 1236 5837 ut
1274 5781 1522 5842 medicus
1568 5783 1915 5852 gravissimas
1940 5799 2057 5852 pm-

2152 4491 2348 4551 δεινοῖς
2390 4485 2758 4548 παλαιόντων,
2791 4482 2898 4536 ὑπὸ
2936 4482 3036 4551 μὲν
3071 4479 3179 4533 τῶν
3216 4477 3418 4549 ἰατρῶν
3447 4476 3724 4547 συμϐέϐη-

2149 4599 2244 4640 κεν
2274 4578 2743 4650 ἀπαγορευθῆναι,
2777 4576 2872 4629 καὶ
2901 4575 2982 4636 είς
3021 4573 3155 4629 αὐτὸ
3182 4572 3243 4625 τὸ
3276 4572 3508 4642 ἔσχατον
3537 4566 3727 4622 δοκοῦν

2150 4676 2550 4750 κατηντηκέναι
2606 4673 2707 4742 τῆς
2729 4670 2900 4738 ζωῆς,
2928 4667 3035 4722 61:6
3077 4668 3134 4721 δὲ
3155 4667 3248 4720 τοῦ
3274 4666 3343 4719 τὰ
3373 4669 3549 4718 πάντα
3579 4666 3728 4716 obto-

2151 4768 2446 4839 νομοῦντος
2469 4766 2562 4818 καὶ
2590 4751 3154 4834 μετασκευάξοντοςῇ
3191 4756 3468 4826 βούλεται,
3501 4754 3729 4808 ἀνεϐίω-

2152 4863 2250 4915 σιὶν
2271 4876 2330 4912 τε
2360 4857 2538 4919 αὖθις,
2559 4856 2653 4908 καὶ
2679 4855 2993 4924 ῥαΐσαντες,
3024 4851 3126 4904 οὐκ
3155 4849 3370 4922 ἐλάσσω
3388 4848 3498 4900 τῶν
3533 4847 3730 4915 προτέ-

2151 4969 2264 5024 ρων
2289 4950 2384 5020 ἕτη
2406 4948 2714 5002 ἐπεϐίωσαν
2736 4963 2751 5011 ;
2776 4945 2841 4998 Τί
2874 4940 2968 4997 οὖν
2995 4940 3334 5010 θαυμαστὸν,
3359 4943 3409 4994 εί
3439 4937 3731 5008 6506306-

2151 5047 2405 5118 λομένου,
2433 5042 2657 5098 τοιαῦτα
2689 5039 3050 5110 παραπλήσια
3070 5038 3164 5090 καὶ
3193 5035 3288 5088 ἐπὶ
3325 5033 3422 5088 τοῦ
3450 5035 3726 5105 ἡμετέρου

2155 5139 2494 5210 συμϐήσεται
2543 5133 2848 5205 βασιλέως;
2901 5124 2964 5183 οὗ
2998 5129 3064 5200 δὴ
3091 5128 3260 5182 ἕνεκα
3290 5143 3374 5180 σοι
3400 5125 3550 5194 λέγω
3605 5128 3733 5196 ἡρε-

2156 5231 2299 5300 μεῖν,
2329 5229 2422 5281 καὶ
2463 5227 2540 5296 μὴ
2591 5222 2819 5294 βασιλέα
2860 5220 3246 5292 παρενοχλεῖν,
3286 5217 3403 5272 ἀλλ’
3437 5219 3534 5288 ὲᾷν
3559 5216 3730 5278 οὕτως

2153 5322 2301 5384 ὅπως
2333 5319 2446 5389 ἔχει
2475 5319 2773 5390 σχήματος.
2799 5314 2917 5370 Κᾶν
2945 5314 3044 5384 μὲν
3076 5313 3209 5377 Θεὸς
3249 5311 3546 5382 Ῥωμαίοις
3573 5311 3729 5365 ἵλεων

2156 5410 2477 5480 ἐπιϐλέψας,
2503 5410 2594 5464 τὸν
2625 5408 2885 5478 σφέτερον
2909 5406 3193 5478 χαρίσεται
3221 5405 3471 5475 βασιλέα,
3496 5404 3649 5474 αὐτῷ
3671 5419 3731 5456 τε

2156 5505 2255 5567 τὰς
2276 5503 2507 5566 δυνατὰς
2538 5503 2890 5570 ἀποδώσομεν
2932 5498 3307 5568 εὐχαριστίας,
3343 5498 3439 5550 καὶ
3465 5491 3602 5568 ’ἡμῖν
3631 5495 3730 5550 αὖ·

2159 5599 2272 5658 τοῖς
2307 5597 2430 5649 ἀντὶ
2460 5596 2723 5665 μεγίστης
2754 5592 3014 5664 εὐτυχίας
3048 5593 3144 5663 τὴν
3169 5592 3360 5660 ὑγείαν
3398 5589 3732 5660 λογιούμεθα

2165 5687 2459 5760 βασιλέως’
2495 5687 2561 5742 ἂν
2613 5687 2681 5756 δ’,
2713 5688 2741 5741 ὃ
2777 5689 2854 5759 μὴ
2884 5687 3118 5757 γένοιτο,
3169 5685 3440 5757 κρίμασιν
3480 5683 3562 5747 οἷς
3591 5683 3732 5739 οἶδεν
3809 5697 3817 5708 ·

2166 5779 2348 5850 αὐτὸς,
2397 5781 2458 5835 ἐκ
2507 5785 2618 5836 τῶν
2672 5783 3026 5854 προσκαίρων
3065 5781 3159 5837 καὶ
3197 5781 3459 5850 ἐπιγείων
3492 5781 3628 5854 πρὶς
3664 5781 3730 5834 τὰ
