4156 6300
340 314 445 376 525

1490 309 2032 373 HISTORIARUM
2073 310 2301 370 LIBER
2342 309 2419 370 Π.

3473 313 3575 376 Sili

338 442 416 511 τῷ
469 441 683 510 σώματι
738 440 839 506 τῆς
894 442 1197 514 ίστορίαςή
1237 444 1344 497 τῶν
1396 445 1702 498 δοκούντων
1742 443 1904 497 τινῶν

2032 444 2105 497 'iae
2139 459 2336 511 corpus
2362 442 2615 496 vitiosum
2673 457 2735 498 ac
2788 444 3036 498 mutilum
3072 444 3265 500 reddat
3309 462 3574 514 quorum-

338 532 670 603 παράλειψις
699 534 1032 600 ἀναγκαίων.
1074 534 1160 597 Ὠς
1193 534 1303 606 γὰρ
1334 536 1362 587 6
1397 535 1655 604 βασιλεὺς
1691 535 1880 604 Ἀνδρό

337 640 490 685 νικος
559 625 586 675 6
642 624 793 687 νέος,
853 624 1105 694 καθάπερ
1156 624 1405 694 ἐφθημεν
1464 626 1745 687 εἰπόντες,
1809 625 1910 692 τῆς

342 713 629 785 βασιλείας
663 714 917 784 διενοήθη
959 720 1217 771 κοινωνὸν
1250 718 1345 769 τὸν
1383 717 1554 785 μέγαν
1588 717 1911 784 δομέστικον

339 805 729 872 παραλαϐεῖν,
783 806 876 857 καὶ
936 805 1014 874 τῷ
1067 808 1166 876 τῆς
1222 807 1538 876 ἁλουργίδας
1594 808 1745 859 ἄνθει
1810 806 1907 858 καὶ

343 895 644 965 βασιλικοῖς
696 899 973 966 κοσμῆσαι
1022 899 1398 970 παρασήμοις.
1437 900 1531 951 καὶ
1577 897 1746 952 πολλὰ
1779 897 1913 949 πολ-

341 987 503 1048 λάκις
578 989 707 1057 περὶ
772 988 967 1040 τούτου
1035 1005 1099 1055 γε
1156 987 1304 1057 αὐτῷ
1359 988 1684 1058 διαλεχθεῖς,
1758 988 1898 1039 οὺδὲκ

341 1079 585 1149 ἠδυνήθη
668 1079 854 1141 πλέον,
907 1079 1024 1131 ἀλλ’
1103 1080 1442 1148 ἀμετάθετον
1523 1080 1622 1149 τὴν
1685 1077 1912 1145 γνώμην

342 1167 540 1235 ἔχοντα
588 1165 734 1235 ἑώρα
785 1165 922 1233 πρό;
982 1165 1042 1218 τὸ
1102 1167 1377 1236 μηδέποτε
1420 1167 1570 1235 αὐτῷ
1622 1165 1914 1218 πεισθέντα

345 1258 612 1327 πράττειν
647 1257 683 1311 ἃ
723 1255 897 1324 ἠξίου,
923 1256 1134 1309 ἐκείνου
1178 1259 1278 1326 μὲν
1304 1259 1576 1327 ἀπέσχετο
1607 1258 1699 1310 καὶ
1728 1257 1913 1318 αὐτὸς,

345 1348 639 1417 ἀνηνύτοις
718 1347 964 1415 οἰόμενος
1030 1349 1369 1418 ἐπιχειρεῖν·
1437 1348 1664 1419 ὕστερον
1725 1349 1781 1401 δὲ
1853 1348 1914 1400 οὐ

346 1437 551 1506 πολλῷ,
586 1436 663 1506 τῷ
703 1437 918 1505 πάππῳ
950 1440 1044 1490 καὶ
1082 1437 1298 1506 βασιλεί
1343 1441 1527 1491 πᾶσαν
1582 1441 1687 1508 τὴν
1740 1437 1916 1507 ἀρχὴν

347 1531 444 1581 καὶ
475 1528 576 1596 τὴν
618 1527 888 1597 διοίκησιν
917 1528 1018 1595 τῆς
1068 1527 1353 1597 Ῥωμαίων
1384 1514 1681 1600 ἡγεμονίας
1728 1528 1917 1598 ὥσπερ

348 1623 448 1673 καὶ
497 1620 768 1689 πρότερον
819 1620 1071 1688 παρέστη
1110 1621 1455 1691 ἐγχειρίσαι·
1511 1622 1654 1674 οὕτω
1691 1622 1754 1690 δὴ
1803 1622 1918 1673 δια-

2022 534 2189 595 dam,
2253 544 2311 587 ut
2364 533 2618 598 videtur,
2674 536 3108 589 necessariorum
3168 540 3574 606 praetermissio.

2016 628 2397 694 Posteaquam,
2425 635 2485 679 ut
2517 640 2680 694 supra
2709 630 3277 688 commemoravimus.
3322 645 3576 700 magnum

2017 717 2381 771 domesticum
2443 717 2654 783 imperii
2702 728 3011 771 consortem
3080 719 3185 772 sibi
3241 721 3577 789 adjungere,

2016 821 2252 874 emnque
2284 822 2520 874 purpura
2560 815 2615 861 et
2650 809 3012 876 imperatoriis
3038 823 3235 861 ornare
3271 807 3580 876 insignibus

2019 896 2338 959 meditatus,
2375 899 2622 951 crebrius
2649 911 2703 951 ct
2730 899 2979 966 pluribus
3007 914 3130 951 cum
3157 915 3222 952 eo
3245 915 3408 968 agens
3444 900 3580 955 nihil

2018 987 2280 1049 obtinuit,
2309 996 2365 1040 et
2415 988 2468 1040 iu
2504 989 2786 1041 voluntate
2826 1004 3105 1056 nunquam
3136 989 3364 1042 cedendi
3399 989 3499 1042 hac
3528 990 3582 1043 in

2020 1083 2171 1144 parte
2198 1075 2530 1130 obduruisse
2559 1076 2717 1137 vidit,
2771 1093 2837 1130 ne
2879 1086 3067 1131 contra
3115 1085 3411 1131 torrentem
3444 1078 3585 1130 nile-

2021 1174 2195 1229 retur,
2231 1181 2424 1234 urgere
2472 1182 2579 1220 nun
2630 1169 2890 1235 perrexit.
2942 1167 3060 1221 Non
3094 1168 3189 1221 diu
3239 1177 3361 1236 post
3410 1178 3582 1221 totum

2022 1256 2314 1325 imperium
2395 1266 2451 1311 et
2500 1258 3031 1311 administrationem
3102 1259 3329 1311 lietttani
3383 1259 3589 1325 princi-

2022 1359 2202 1418 patus,
2241 1362 2299 1403 ut
2325 1359 2380 1404 et
2411 1360 2592 1413 antea,
2624 1365 2725 1403 avo
2746 1353 3036 1404 restituere
3064 1350 3117 1403 iu
3152 1361 3388 1403 mentem
3414 1350 3585 1404 venit.

2027 1442 2118 1495 Sic
2151 1443 2318 1511 igitur
2350 1443 2609 1496 sentienti
2663 1444 2839 1496 visum
2897 1443 2962 1495 ad
2992 1458 3130 1511 opus
3163 1442 3589 1510 procedi-ndnttz.

2026 1539 2232 1593 Tamen
2284 1539 2434 1607 prius
2495 1555 2617 1593 cum
2674 1555 2868 1604 magno
2917 1539 3216 1593 dnmeSIico
3264 1538 3589 1592 sententiam

2025 1628 2281 1691 contulit,
2324 1637 2383 1680 ut
2411 1628 2454 1680 si
2488 1628 2578 1680 ille
2607 1629 2867 1695 expedire
2898 1640 3133 1696 putaret,
3168 1630 3403 1697 cogitata
3438 1644 3592 1681 exse-

347 1707 600 1776 νοηθέντι
629 1707 803 1759 ἐδόκει
851 1706 960 1760 δεῖν
1003 1708 1269 1776 προάγειν
1324 1710 1419 1761 καὶ
1472 1710 1551 1770 είς
1592 1709 1775 1778 ἔργον.
1813 1709 1922 1761 Καὶ

2032 1726 2306 1783 queretur.
2372 1715 2471 1769 Cui
2528 1717 2711 1769 statim
2758 1719 2997 1771 occurr't
3044 1733 3100 1770 se
3148 1720 3215 1770 ab
3263 1721 3591 1781 imperatore

345 1797 429 1868 τῷ
499 1798 805 1871 δομεστίκῳ
868 1798 1145 1850 ἐκοινοῦτο
1234 1798 1301 1850 τὰ
1380 1799 1482 1868 τῆς
1532 1799 1785 1868 γνώμης,
1849 1799 1923 1862 ὼς

348 1890 406 1942 εί
459 1887 771 1958 λυσιτελοίη
823 1889 1335 1957 καταπραξάμενος.
1394 1889 1483 1957 Τῷ
1511 1890 1556 1941 δ’
1596 1890 1757 1953 εὐθὺς
1828 1891 1926 1959 μὲν

348 1976 532 2029 {Macer
564 1976 761 2044 πεῖραν
790 1975 956 2027 αὐτοῦ
1000 1976 1274 2029 ποιεῖσθαι
1305 1976 1548 2044 βασιλέα,
1570 1978 1817 2044 οἰόμενον
1848 1977 1925 2040 ὡς

351 2067 422 2119 ἂν
462 2066 690 2118 τοιαῦτα
737 2065 870 2143 περ).
929 2064 1194 2136 βασιλέως
1250 2067 1343 2121 τοῦ
1403 2068 1628 2120 πάππου
1684 2067 1924 2138 πύθηται

351 2157 706 2227 βουλόμενον,
768 2157 970 2227 ῥᾳδίως
1024 2158 1236 2223 ὑπείξει
1301 2159 1437 2231 πρὸς
1497 2160 1559 2211 τὸ
1616 2159 1709 2211 ὑπ’
1760 2159 1926 2213 αὐτοῦ

351 2246 610 2313 γενέσθαι
678 2245 959 2316 βασιλεὺς,
1020 2249 1157 2319 ὅπερ
1218 2249 1547 2303 ἀνεϐάλλετο
1607 2252 1761 2319 πρὶν,
1829 2249 1927 2302 καὶ

352 2336 548 2407 ἐδήλου
603 2336 639 2390 ἃ
695 2337 914 2391 ὑπενόει
968 2337 1203 2408 βασιλεῖ.
1246 2342 1334 2403 Ὠς
1364 2342 1657 2403 δὲὲκεῖνος
1687 2341 1929 2394 τοιοῦτον

354 2429 459 2499 μὲν
485 2429 692 2496 ἔφασκε
725 2429 1105 2498 διανενοῆσθαι
1137 2430 1329 2501 μηδὲν,
1382 2432 1572 2495 ἁπλῶς
1628 2431 1675 2483 6’
1729 2431 1928 2484 οὑτωσὶ

351 2522 452 2572 καὶ
506 2520 846 2589 πανουργίας
904 2520 1051 2583 τινος
1093 2522 1286 2591 χωρὶς,
1313 2522 1479 2575 καλόν
1505 2540 1563 2575 τε
1601 2523 1809 2577 οἴεσθαι
1838 2523 1930 2574 καὶ

353 2610 648 2680 βούλεσθαι
688 2612 960 2681 προάγειν
1015 2612 1109 2664 καὶ
1163 2614 1244 2676 είς
1295 2613 1482 2682 ἔργον,
1532 2616 1559 2666 6
1615 2614 1790 2682 μέγας
1847 2615 1932 2667 δο-

355 2701 616 2769 μέςτικος
638 2701 926 2754 ὑπολαϐών
951 2717 965 2731 ·
984 2702 1125 2755 Ἀλλ’
1157 2702 1368 2772 ἔμοιγε,
1396 2700 1570 2769 εἶπεν,
1597 2706 1697 2757 οὐκ
1728 2705 1932 2771 ἀγαθὸν

351 2784 715 2841 εἷναιδικείο
749 2789 892 2850 οὐδὲ,
927 2791 988 2843 τό
1029 2807 1092 2858 γε
1137 2791 1217 2853 εἰς
1266 2793 1365 2861 ἐμὲ
1409 2788 1567 2864 ἦκον,
1609 2794 1683 2855 ὼς
1726 2794 1933 2845 λυσιτε-

352 2880 487 2933 λοῦν
552 2879 945 2949 βουλεύσασθαι
1011 2882 1325 2952 πραχθῆναι
1386 2884 1472 2938 ἄν.
1510 2885 1570 2936 Εἰ
1628 2884 1684 2936 δὲ
1737 2885 1821 2937 σοί
1867 2901 1931 2952 γε

354 2971 509 3036 εδοξε
563 2970 813 3043 τοιαῦτα.
858 2974 988 3043 περὶ
1040 2972 1329 3043 βασιλέως,
1382 2977 1473 3029 καὶ
1525 2977 1687 3028 παντὶ
1746 2976 1933 3046 τρόπῳ

2029 1808 2247 1886 tentari,
2281 1808 2378 1875 qui
2429 1806 2769 1862 existimaret
2819 1808 2919 1861 hac
2968 1808 3034 1861 de
3069 1824 3168 1862 avo
3200 1808 3591 1861 deliberatione

2035 1898 2244 1958 audita,
2294 1899 2411 1951 sine
2463 1912 2614 1959 mera
2666 1898 2822 1952 facile
2855 1914 2913 1951 se
2945 1899 3013 1951 ab
3048 1899 3163 1966 ipso
3208 1898 3590 1964 imperatorem

2028 1988 2334 2042 renuntiari
2394 2002 2725 2055 passurum,
2787 1988 3160 2055 continuoque
3225 1987 3591 2055 suspicionem

2027 2093 2179 2131 suam
2215 2079 2452 2145 aperuit.
2502 2079 2835 2131 Autumante
2887 2078 3219 2146 imperatore
3249 2117 3262 2140 ,
3300 2078 3435 2131 nihil
3488 2080 3594 2132 tale

2027 2169 2210 2220 animo
2242 2181 2523 2229 versasse;
2558 2166 2650 2218 sed
2679 2167 2758 2219 sic
2782 2165 3035 2239 candide,
3063 2167 3321 2233 nullaque
3381 2166 3593 2218 vafritie

2029 2255 2173 2310 bono
2208 2257 2258 2309 id
2294 2256 2409 2309 fore
2465 2270 2714 2330 censere,
2762 2265 2817 2309 et
2870 2256 3008 2309 velle
3042 2256 3097 2307 in
3130 2271 3245 2309 rem
3300 2257 3593 2319 deducere.

2029 2361 2260 2414 magnus
2312 2347 2645 2400 domesncus
2698 2345 3001 2413 excipiens,
3056 2345 3219 2414 Atqui
3281 2346 3412 2398 mihi
3443 2396 3457 2420 ,
3494 2348 3593 2413 ait,

2030 2450 2191 2489 secus
2225 2436 2476 2503 videtur;
2511 2451 2689 2504 neque
2724 2436 2870 2504 quod
2929 2437 2993 2489 ad
3044 2451 3130 2489 me
3189 2435 3385 2490 attinet
3414 2476 3429 2499 ,
3474 2448 3598 2491 tau-

2030 2540 2195 2596 quam
2231 2524 2385 2588 utile,
2417 2525 2577 2577 Velim
2608 2525 2742 2579 fieri.
2767 2525 2920 2590 Quod
2940 2526 2981 2579 si
3007 2526 3081 2579 ita
3110 2525 3179 2578 de
3211 2526 3304 2579 illo
3329 2526 3593 2591 statuisti,

2032 2614 2324 2681 modisque
2350 2612 2610 2666 erunibus
2662 2613 2885 2681 exsequi
2938 2612 3060 2676 vis,
3112 2622 3333 2679 praestat
3381 2614 3599 2668 vinciri

2030 2703 2175 2771 quod
2236 2713 2293 2756 tu
2347 2703 2567 2756 bonum.
2596 2702 2980 2771 interpretaris
3011 2743 3026 2767 ,
3081 2719 3245 2771 quam
3281 2704 3424 2772 quod
3462 2704 3597 2761 mibi

2032 2793 2139 2847 tale
2172 2808 2280 2846 non
2314 2800 2562 2861 apparet.
2596 2792 2731 2846 Nam
2772 2792 2817 2847 si
2850 2808 2950 2861 ego
2988 2808 3110 2861 qua:
3143 2792 3241 2846 tibi
3299 2802 3356 2846 et
3403 2793 3601 2852 Itoma-

2031 2886 2121 2939 uis
2148 2885 2343 2938 decora
2377 2894 2433 2940 et
2497 2884 2649 2939 utilia
2678 2893 2861 2938 essent
2911 2887 3079 2947 suasi,
3115 2886 3256 2938 Deus
3283 2886 3377 2954 qui
3419 2886 3601 2939 omni-

2032 2977 2137 3032 bus
2170 2979 2389 3045 egregie
2421 2977 2582 3030 factis
2608 2976 2935 3039 delectatur,
2975 2976 3218 3030 animum
3252 2985 3405 3030 tuum
3441 2976 3505 3030 ad
3536 2991 3602 3035 ea

358 3062 541 3132 βούλει
594 3063 897 3127 ἐκτελέσαι,
968 3064 1178 3135 βέλτιον
1229 3065 1257 3118 ὃ
1309 3066 1460 3135 παρὰ
1490 3136 1501 3143 θ
1539 3067 1623 3119 σοὶ
1682 3070 1929 3145 κέκριται

2034 3066 2395 3137 aggredienda
2448 3067 2810 3130 corroboret;
2865 3074 2921 3120 et
2973 3067 3019 3121 si
3084 3081 3275 3121 omnes
3346 3068 3602 3124 mortales

357 3154 527 3207 καλὸν
564 3153 656 3205 τοῦ
696 3154 827 3224 παρ’
868 3144 991 3224 ἐμοὶ
1044 3156 1117 3227 μὴ
1178 3156 1425 3209 τοιούτου
1481 3143 1816 3226 φαινομένου
1871 3158 1934 3209 τὸ

359 3247 531 3297 πλέον
580 3245 723 3314 ἔχειν
749 3265 761 3278 ·
801 3248 849 3298 εί
882 3246 982 3315 μὲν
1023 3249 1132 3315 γὰρ
1166 3247 1348 3316 σαυτῷ
1383 3265 1442 3299 τε
1496 3248 1594 3299 καὶ
1634 3245 1935 3316 Ῥωμαίοις

365 3331 466 3384 καὶ
495 3334 843 3401 προσήκοντα
879 3335 974 3387 καὶ
1005 3334 1391 3387 λυσιτελοῦντα
1425 3334 1734 3388 ἐϐουλεύσω
1762 3322 1933 3404 Δ(ΩϐΊ,

354 3421 496 3483 Θεὸς
535 3425 562 3474 6
604 3425 767 3476 πᾶσιν
804 3423 1029 3491 ἀγαθοῖς
1078 3424 1261 3492 ἔργοις
1303 3426 1650 3493 ἐνηδὸμενος,
1693 3428 1789 3480 καὶ
1835 3427 1936 3494 τὴν

357 3516 464 3582 σὴν
491 3515 554 3566 ἂν
589 3516 920 3589 ἐπιρρώσειε
958 3515 1095 3585 πρὸς
1136 3516 1294 3570 τοῦτο
1337 3515 1549 3587 ψυχήν·
1598 3519 1690 3571 καὶ
1731 3516 1841 3569 οὐδ’
1887 3518 1936 3569 εί

356 3608 564 3669 πάντες
615 3608 892 3679 ἄνθρωποι
942 3609 1171 3661 κωλύειν
1231 3612 1582 3678 ἐπιχειροῖεν,
1633 3612 1818 3663 πεῖσαι
1848 3609 1938 3662 δύο

356 3700 532 3751 ναιντ’
586 3700 651 3751 ἄν
717 3715 777 3751 σε
835 3700 1199 3766 ἀποσχέσθαι.
1266 3702 1328 3752 Εἰ
1386 3701 1432 3753 δ’
1479 3701 1587 3770 ἄρα
1625 3702 1801 3754 ταῦτα
1838 3702 1935 3771 μὲν

355 3786 659 3855 ἀσύμφορα
709 3788 885 3857 πάντη
938 3788 1030 3838 καὶ
1083 3786 1401 3867 Ῥωμαίοιςὶ
1431 3789 1524 3839 καὶ
1568 3789 1776 3858 σαυτῷ,
1816 3788 1935 3858 Θεῷ

355 3879 404 3931 δ’
462 3879 611 3941 ἒδ,ξε
656 3878 884 3932 τοιαῦτα
931 3882 1116 3931 πεῖσαι
1168 3878 1309 3931 ὥστε
1373 3879 1649 3948 πρόφασιν
1684 3882 1936 3950 πολέμων

356 3969 646 4039 ἐμφυλίων
709 3971 804 4021 καὶ
871 3969 1117 4032 στάσεως
1179 3969 1276 4021 καὶ
1328 3971 1573 4039 ταραχῆς
1640 3970 1937 4038 Ῥωμαίοις

356 4060 679 4131 εὑρεθῆναι,
711 4063 794 4123 τίς
848 4059 1022 4123 οὕτως
1077 4063 1143 4112 ἂν
1193 4061 1280 4130 εἴη
1335 4062 1697 4113 πανπάπασιν
1730 4061 1937 4131 ἔρημος

361 4151 604 4220 φρενῶν,
639 4151 769 4203 ὥσθ’
811 4152 846 4204 ἃ
888 4151 1039 4217 ἔδοξε
1087 4153 1224 4220 Θεῷ,
1278 4152 1429 4204 ταῦτ’
1481 4151 1644 4204 αὑτὸν
1692 4151 1757 4205 ἄν
1808 4168 1936 4203 ποτε

358 4243 661 4310 δυνηθῆναι
701 4241 966 4294 ἀναλῦσαι
1021 4242 1278 4311 venint;
1331 4242 1533 4311 σκέψαι
1572 4242 1758 4294 τοίνυν
1784 4244 1937 4302 παρὰ

362 4334 578 4401 σαυτῷ*
630 4333 733 4384 κᾶν
787 4333 902 4401 ῖόῃς
956 4333 1194 4394 άπάσαις
1253 4331 1457 4401 ψήφοις
1490 4332 1624 4400 πρὸς
1655 4331 1815 4383 τοῦτο
1849 4333 1938 4400 ρἐ

2035 3166 2324 3218 conentur,
2360 3171 2427 3208 ne
2461 3163 2510 3208 te
2565 3155 2635 3209 ab
2664 3157 2733 3208 iis
2761 3165 3009 3209 avertere
3036 3164 3262 3223 queant.
3293 3154 3387 3209 Sin
3420 3169 3601 3212 autent

2034 3247 2102 3300 ad
2137 3247 2251 3300 [nec
2280 3245 2374 3299 tibi
2405 3254 2460 3298 et
2494 3245 2754 3298 Romanis
2803 3258 3025 3311 prorsus
3076 3245 3441 3303 incommoda.
3490 3244 3603 3297 Deo

2036 3345 2215 3390 tamen
2245 3336 2451 3405 placuit
2504 3343 2556 3388 te
2590 3334 2872 3402 impellere
2899 3373 2912 3398 ,
2948 3343 3010 3388 ut
3058 3334 3328 3388 tumultus
3360 3350 3422 3388 ac
3454 3334 3603 3387 sedi-

2038 3426 2202 3480 tionis
2230 3463 2246 3488 ,
2288 3426 2667 3494 bellorumque
2702 3424 2945 3479 civilium
2997 3434 3316 3479 nasceretur
3360 3424 3600 3491 occasio,

2036 3513 2266 3583 quis-ita
2302 3516 2522 3582 penitus
2566 3529 2598 3568 a
2646 3513 2858 3567 ratione
2889 3514 3145 3567 desertus
3184 3513 3518 3576 invenietur,
3543 3526 3604 3568 ut

2037 3618 2094 3658 se
2125 3618 2361 3674 unquam
2395 3604 2697 3657 dissolvere
2765 3619 2827 3657 ac
2866 3613 3114 3657 retexere
3144 3619 3301 3672 posse
3340 3604 3602 3672 conﬁdat,

2037 3713 2156 3766 qua:
2189 3700 2334 3750 Deus
2359 3697 2472 3765 ipse
2507 3695 2777 3749 texuerit?
2810 3694 2971 3764 255
3006 3694 3386 3763 Circumspice
3436 3677 3605 3766 igitur

2037 3785 2291 3851 sollicite,
2324 3795 2380 3838 et
2423 3784 2469 3838 si
2524 3796 2762 3838 mentem
2798 3793 2945 3837 tuam
2978 3784 3237 3838 munibus
3274 3784 3440 3838 veluti
3492 3787 3608 3837 suf-

2036 3874 2225 3944 fragiis
2246 3891 2311 3928 eo
2334 3873 2461 3927 l'erri
2488 3882 2553 3926 ac
2582 3872 2924 3941 prependere
2951 3873 3179 3937 vidtris,
3210 3873 3441 3927 aliorum
3462 3873 3608 3941 judi.

2037 3967 2181 4020 cium
2220 3981 2289 4019 ne
2318 3967 2592 4030 exquiras.
2644 3964 2700 4015 Si
2755 3971 2936 4015 autem
2977 3962 3082 4015 tale
3130 3963 3267 4015 nihil
3315 3967 3601 4034 statuisti,

2043 4057 2139 4109 sed
2171 4070 2284 4107 rem
2312 4055 2538 4122 justam,
2574 4051 2670 4104 tibi
2705 4060 2759 4104 et
2786 4052 2887 4103 sub
2918 4050 3126 4105 ditione
3164 4061 3257 4105 tua
3287 4057 3606 4113 constitutis

2041 4144 2353 4214 frugiferam
2384 4140 2598 4194 edicere
2625 4138 2831 4201 volens,
2858 4153 3021 4191 avum
3051 4143 3103 4192 λῃ
3129 4140 3417 4209 imperium
3446 4160 3604 4198 revo.

2037 4250 2159 4289 care
2189 4231 2505 4287 deliberasti
2533 4267 2549 4292 ,
2600 4228 2746 4282 haud
2779 4229 2921 4282 istuc
2946 4229 3020 4282 ita
3086 4238 3295 4284 temere
3325 4238 3381 4286 et
3420 4232 3615 4290 incon-r

2040 4327 2297 4387 siderate,
2333 4332 2394 4377 ut
2420 4321 2767 4390 nugatorium
2801 4320 3008 4388 aliquid
3039 4320 3442 4378 conﬁciendum
3470 4335 3553 4378 est
3586 4343 3602 4384 ι

365 4441 580 4476 πουσαν
630 4425 728 4491 τὴν
776 4424 876 4491 σὴν
926 4422 1124 4491 ψυχὴν,
1158 4422 1211 4473 τί
1270 4424 1375 4492 χρὴ
1443 4424 1536 4475 καὶ
1587 4421 1929 4489 βουλεύεσθαι

2038 4416 2133 4472 sed
2167 4416 2257 4469 ubi
2319 4423 2474 4467 antea
2507 4413 2737 4466 multum
2788 4426 2852 4466 ac
2887 4411 3203 4481 frequenter
3253 4416 3436 4469 omnia
3481 4432 3608 4485 per.

365 4514 499 4584 περὶ
527 4514 733 4578 αὐτοῦς
766 4517 813 4565 εἰ
861 4515 907 4566 δ’
940 4513 1049 4581 ἄρα
1078 4512 1318 4566 τοιοῦτον
1355 4516 1454 4580 μὲν
1496 4513 1649 4568 οὐδὲν
1680 4513 1936 4581 κέκριται

365 4605 525 4672 παρὰ
578 4607 681 4667 σοὶ,
718 4602 897 4672 σαυτῷ
949 4604 1005 4654 δὲ
1040 4604 1135 4656 καὶ
1174 4605 1286 4663 τοῖς
1334 4602 1514 4666 ἄλλοις
1558 4603 1821 4671 ὑπηκόοις
1847 4602 1940 4655 λυ-

367 4692 552 4762 σιτελῆ
581 4710 640 4744 τε
686 4693 822 4760 ὁμοῦ
852 4693 946 4745 καὶ
974 4692 1159 4744 δίκαια
1208 4693 1382 4744 ποιεῖν
1412 4691 1612 4744 ἐθέλων
1669 4691 1728 4744 τὸ
1774 4693 1937 4744 πάλιν

364 4781 758 4837 ἀνακαλεῖσθαι
824 4780 1049 4850 βασιλέα
1112 4783 1206 4834 καὶ
1252 4782 1350 4851 τὴν
1415 4783 1590 4850 ἀρχὴν
1647 4780 1938 4849 Ῥωμαίων

364 4874 698 4942 ἐγχειρίζειν
745 4872 1040 4941 διεσκέψω,
1085 4873 1184 4941 οὐχ
1233 4871 1422 4933 ἁπλῶς
1474 4862 1618 4942 διτω
1664 4873 1759 4924 καὶ
1806 4873 1943 4924 ἁπε-

365 4962 682 5033 ρισκέπτως
720 4961 794 5024 ὥς
822 4980 874 5015 τι
905 4963 1015 5015 τῶν
1048 4964 1275 5032 μηδενὸς
1304 4959 1469 5025 ἀξίων
1498 4938 1765 5031 ’πράττειν
1790 4963 1896 5032 χρή
1921 4978 1936 4993 ’

364 5056 508 5106 ἀλλὰ
561 5055 831 5123 πρότερον
870 5053 1043 5107 πολλά
1097 5054 1360 5115 πολλάκις
1417 5054 1760 5123 σκεψάμενον
1815 5054 1942 5124 περὶ

363 5143 531 5198 αὑτοῦ
578 5144 675 5196 καὶ
718 5143 1197 5197 διακωδωνίσαντα
1244 5143 1512 5214 ἀκριϐῶς,
1545 5142 1689 5196 οὕτω
1740 5147 1941 5214 χωρεῖν

365 5237 461 5288 ἐπὶ
491 5236 555 5287 τὸ
589 5235 854 5304 πράττειν
874 5251 890 5265 ο
935 5235 1133 5306 μήπως
1166 5250 1220 5287 τι
1249 5236 1358 5287 τῶν
1400 5235 1679 5304 ἀδοκήτων
1710 5233 1940 5300 ὕστερον

370 5325 592 5395 συμϐὰν
619 5323 816 5395 (πολλὰ
840 5323 885 5378 δ’
914 5325 981 5378 ἂν
1005 5326 1217 5395 γένοιτο
1261 5325 1508 5395 τοιαῦτα)
1536 5329 1650 5388 τοῖς
1673 5342 1731 5376 τε
1759 5324 1941 5385 ἄλλοις

2042 4505 2314 4575 penderis,
2347 4512 2714 4572 accurateque
2746 4503 3140 4571 exploraveris,
3180 4504 3261 4558 sie
3289 4505 3509 4559 demum
3536 4508 3603 4564 ad

2041 4613 2179 4666 opus
2225 4596 2557 4650 veniendum
2585 4611 2599 4647 :
2633 4610 2702 4647 ne
2727 4631 2742 4657 ,
2772 4593 2817 4646 si
2871 4595 3215 4662 postmodum
3266 4595 3605 4662 inopinatum

2042 4688 2325 4759 quidpiam
2356 4685 2619 4739 acciderit
2671 4683 2864 4752 (multa
2891 4693 3073 4739 autem
3104 4686 3354 4740 accidere
3385 4690 3607 4758 queant)

2045 4781 2100 4833 id
2139 4788 2196 4833 et
2226 4778 2368 4837 aliis,
2400 4786 2457 4830 et
2496 4784 2621 4829 ante
2651 4775 2789 4828 alios
2827 4774 3246 4844 nobismetipsis
3277 4776 3344 4830 ad
3380 4778 3606 4833 temeri-

2048 4879 2215 4924 tatem
2286 4868 2653 4934 iuertiamque
2712 4873 2956 4919 nostram
3009 4866 3477 4922 condemnandam
3516 4868 3609 4925 liut

2047 4961 2286 5016 occasio.
2320 4959 2471 5013 Dicta
2503 4955 2825 5025 approbavit
2874 4957 3192 5026 imperator,
3228 4969 3283 5013 et
3325 4959 3607 5027 negotium

2040 5052 2426 5107 censultationi
2464 5050 2733 5117 perimsit.
2763 5046 2833 5101 At
2867 5034 3094 5116 magnus
3119 5048 3455 5102 domesticus
3481 5062 3571 5105 mo
3591 5079 3605 5091 ο

2043 5152 2223 5194 menta
2261 5128 2415 5207 prius
2469 5151 2632 5190 nosse
2679 5135 3033 5198 desideravit,
3065 5136 3271 5204 quibus
3323 5147 3508 5188 metus
3551 5139 3604 5192 iu

2044 5231 2184 5283 hanc
2213 5230 2545 5281 veluntitem
2574 5223 2945 5278 descendisset
2970 5240 2984 5286 ;
3019 5239 3141 5292 quae
3182 5223 3227 5276 si
3256 5224 3357 5277 sibi
3390 5239 3607 5292 quoilue

2043 5318 2188 5374 haud
2219 5316 2451 5371 absurda
2501 5324 2556 5368 et
2585 5313 2651 5365 ad
2685 5312 2845 5367 (idem
2874 5314 3053 5369 valida
3083 5313 3439 5385 videbuntur,
3462 5316 3612 5376 ultra

1629 5529 1842 5591 Jacobi
1881 5523 2143 5586 Pontani
2180 5530 2365 5581 notzr.

444 5682 582 5756 (εἶδ’)
634 5679 988 5750 Ἒδοῦλιυσα,
1022 5694 1146 5735 nam
1183 5679 1236 5737 id
1280 5683 1347 5738 de
1399 5698 1456 5738 se
1496 5698 1724 5753 magnus
1771 5682 2106 5737 domesticus
2141 5676 2294 5732 dicit.
