4156 6300
594 409 698 480 531

1764 423 2090 485 JOANNlS
2130 424 2654 513 CANTACUZEXI

3715 416 3814 482 5.32

586 525 888 599 praesertim
931 542 1054 580 cum
1103 542 1202 583 nec
1232 528 1617 585 callidissimus
1654 532 2016 587 calumniatur
2049 536 2151 588 hoc

2257 535 2525 588 ποιεῖσθαι
2557 533 2831 597 τουτουσὶ,
2868 531 3007 584 ἀλλὰ
3039 529 3115 601 τῷ
3151 526 3314 600 κοινῷ
3355 527 3694 599 προσέχοντα
3724 531 3812 580 λυ-

587 616 642 671 in
688 633 773 671 me
800 632 1064 671 consuete
1088 621 1259 687 possit
1288 621 1654 684 mendacium,
1713 623 1837 677 ideo
1870 639 1953 697 n;e_
1983 626 2149 694 impe-

584 706 704 765 dire
727 724 795 762 ne
818 709 868 762 ei
891 708 1140 762 tradatur
1168 711 1482 778 imperium,
1506 712 1632 778 quia
1665 713 1716 766 id
1750 715 1881 767 Inibi
1906 716 2150 770 studeam

585 797 886 864 acquirere.
920 796 1052 849 Nam
1081 807 1133 849 et
1166 799 1320 865 prius
1352 799 1506 866 copia
1539 808 1677 866 erat,
1714 804 1756 855 si
1788 802 2073 869 libuisset,
2099 813 2154 858 et

582 889 758 940 adhuc
790 888 893 940 mei
919 888 1131 941 arbitrii
1167 897 1248 942 est
1274 906 1511 955 sumere,
1543 896 1687 961 quod
1719 904 1772 947 tu
1805 896 2004 963 cupide
2033 912 2151 950 me-

581 993 705 1029 eum
758 978 1263 1032 con'imuniCaturus
1309 996 1388 1034 es.
1420 982 1538 1035 Non
1584 984 1746 1049 igitur
1780 993 1838 1037 ut
1880 986 2005 1039 inde
2037 968 2152 1054 pri-

586 1079 702 1119 vata
733 1067 800 1120 ad
836 1084 919 1120 me
951 1069 1136 1123 redeat
1165 1070 1400 1133 utilitas,
1434 1073 1539 1128 hoc
1572 1075 1714 1128 dabo
1752 1077 2059 1130 consilium.
2087 1075 2155 1130 Et

581 1157 707 1224 quia
733 1173 795 1212 ex
832 1159 994 1212 rebus
1030 1160 1165 1226 ipsis
1209 1162 1406 1230 liquet,
1441 1180 1525 1218 me
1566 1182 1742 1233 neque
1769 1168 1900 1221 mibi
1929 1168 1994 1221 ad
2027 1184 2152 1236 εισι

582 1245 736 1308 tiam,
769 1264 946 1317 neque
981 1250 1055 1302 illi
1092 1251 1157 1303 ad
1204 1253 1465 1306 invidiam
1502 1260 1664 1309 verba
1704 1259 1901 1320 facere,
1935 1273 2154 1325 aequum

581 1348 683 1400 est,
721 1339 764 1391 si
799 1339 1055 1409 frugifera
1107 1343 1396 1397 consulere
1435 1347 1743 1411 judicabor.
1775 1348 1905 1403 mihi
1936 1349 2154 1402 σύεσσι-

584 1434 720 1481 tare.
765 1431 961 1484 Alc-bas
1005 1432 1220 1513 duabus
1276 1436 1623 1500 potissimum
1663 1438 1730 1491 de
1784 1441 1966 1494 causis
2003 1452 2054 1493 te
2086 1440 2153 1493 ad

586 1521 684 1573 l:oc
741 1521 976 1581 incitari,
1027 1531 1081 1575 et
1131 1540 1196 1576 ne
1232 1524 1369 1577 male
1406 1527 1502 1579 tibi
1558 1528 1876 1582 dictitarent
1921 1529 2155 1597 improbi

581 1614 934 1680 corruptique
989 1615 1275 1678 mortales,
1320 1627 1375 1669 et
1424 1618 1570 1684 quod
1613 1619 1981 1688 maximopere
2023 1637 2157 1689 pra:-

581 1713 728 1753 Stare
776 1704 964 1761 velles.
1004 1718 1269 1772 quantum
1303 1708 1520 1775 quidem
1556 1725 1762 1778 posses.
1794 1726 1914 1780 quae
1962 1714 2029 1764 ad
2066 1728 2156 1766 re-

584 1793 910 1853 verentiam,
965 1794 1231 1848 honorem
1292 1799 1610 1852 cllalllllaztl
1661 1800 1748 1853 avi
1789 1801 2148 1869 pertinerent.

2260 626 2459 678 σιτελεῖ
2484 643 2497 656 ·
2531 625 2706 685 ἄλλως
2736 626 2783 676 τ’
2813 622 2932 675 οὐδὲ
2996 621 3072 691 τῷ
3128 610 3364 691 μάλιστα
3419 619 3545 681 τοὺς
3581 618 3811 686 τρόπους

2260 716 2639 783 συκοφαντικῴ
2665 713 2918 774 διαϐολὰς
2951 712 3167 778 ἐξέσται
3197 711 3449 778 ῥάπτειν,
3492 709 3568 770 ὡς
3595 708 3812 776 ἐμαυτῷ

2255 803 2711 876 περιποιούμενος
2739 804 2836 872 τὴν
2862 801 3144 871 βασιλείαν
3183 800 3378 853 κωλύω
3406 799 3501 852 τοῦ
3547 799 3620 866 μὴ
3643 800 3813 868 ἔγχει-

2259 897 2430 967 ρ⁵ζειν
2458 895 2651 960 ἐκείνῳ
2678 894 2783 944 τῶν
2817 891 3159 962 πραγμάτων
3188 890 3285 959 τὴν
3311 890 3508 959 ἀρχήν.
3542 887 3812 958 Πρὸτερόν

2257 1005 2312 1040 τε
2344 988 2455 1055 γὰρ
2490 986 2638 1052 ἐξῆν,
2682 985 2841 1051 εἴπερ
2892 983 3217 1050 ἐϐουλόμην,
3251 981 3346 1033 καὶ
3394 980 3489 1033 νῦν
3528 979 3608 1032 ἔτι
3640 982 3812 1034 κεῖται

2255 1080 2340 1130 ἐπ’
2370 1078 2513 1147 ἐμοὶ,
2551 1076 2644 1128 σοῦ
2685 1075 3062 1142 παρασχόντος
3095 1071 3160 1125 ἂν
3196 1072 3516 1139 προθύμως,
3544 1058 3809 1138 al.9019111-

2257 1169 2439 1235 θείην·
2473 1166 2603 1219 ὥστ’
2647 1166 2769 1217 asas
2798 1164 2890 1216 τοῦ
2935 1164 3269 1226 ξυνοῐσοντος
3328 1162 3432 1231 ἰδίᾳ
3466 1179 3516 1213 τι
3548 1162 3673 1228 ἐμοὶ
3702 1178 3811 1213 τοι-

2255 1261 2396 1315 αῦτα
2433 1257 2802 1328 συμϐουλεύω.
2821 1257 2949 1309 Ὅτε
2979 1255 3159 1305 τοίνυν
3190 1254 3246 1317 ὲΞ
3284 1252 3464 1303 αὐτῶν
3493 1252 3812 1303 ἀποδείκνυ-

2254 1365 2345 1398 ται
2369 1347 2477 1398 τῶν
2507 1344 2872 1414 πραγμάτων,
2911 1343 3047 1412 μήτε
3081 1341 3215 1409 πρὸς
3242 1341 3402 1410 χάριν
3428 1339 3654 1409 ἐμαυτῷ
3679 1340 3810 1406 μήτε

2256 1440 2392 1509 πρὶς
2426 1437 2721 1507 ἀπέχθειαν
2753 1434 2945 1502 ἐκείνῳ
2973 1433 3176 1500 λέγειν,
3206 1432 3323 1483 δέον
3346 1432 3413 1501 ἦν
3450 1449 3501 1483 τι
3534 1431 3642 1483 τῶν
3672 1431 3811 1482 δεόν-

2257 1547 2363 1582 των
2410 1529 2717 1589 πείθεσθαι,
2762 1527 3026 1594 φαίνομαι
3061 1522 3465 1593 συμϐουλεύων.
3497 1522 3675 1590 Ἐφης
3707 1537 3812 1572 τοι-

2255 1621 2459 1691 γαροῦν
2484 1620 2629 1673 δυοῖν
2663 1619 2826 1671 ἕνεκα
2860 1617 3095 1686 μάλιστα
3126 1613 3413 1683 ὲνάγεσθαι
3450 1613 3586 1680 πρὸς
3616 1611 3772 1664 τοῦτο
3793 1623 3808 1639 ⁸

2254 1711 2347 1763 τοῦ
2371 1727 2431 1762 τε
2469 1710 2545 1779 μὴ
2582 1709 2771 1771 κακῶς
2806 1708 3025 1760 ἀκούειν
3072 1708 3227 1776 παρὰ
3263 1705 3484 1771 φαύλων
3513 1701 3810 1771 ἀνθρώπων

2256 1802 2350 1854 καὶ
2375 1799 2756 1868 διεφθορότων,
2808 1800 2901 1850 καὶ
2945 1795 3040 1849 τοῦ
3095 1796 3329 1864 μάλιστα
3363 1792 3649 1862 βούλεσθαι
3709 1793 3810 1842 τιῖιν

582 1878 774 1936 Colere
819 1884 983 1951 igitur
1044 1895 1100 1939 et
1126 1888 1419 1941 observare
1476 1890 1633 1944 illum
1695 1906 1795 1960 ego
1850 1907 2066 1959 quoque
2097 1902 2151 1945 et

2259 1893 2392 1958 πρὸς
2423 1859 2677 1943 eieil).le
2705 1859 2868 1958 τιμὴν
2908 1888 3002 1940 καὶ
3034 1859 3230 1956 ἡδονὴν
3269 1859 3543 1953 ἐσομένων
3582 1883 3810 1952 βασιλεῖ,

581 1978 813 2038 1ιιιειιιιιι,
847 1981 902 2025 et
936 1991 999 2028 ex
1034 1975 1212 2030 cilicio
1249 1988 1340 2031 tuo
1361 1995 1480 2032 esse
1506 1970 1667 2049 258
1692 1979 2151 2036 aﬂirmariau.Scd

584 2067 789 2118 cultum
839 2067 1001 2121 istum
1059 2078 1115 2123 et
1155 2071 1587 2124 observationem
1640 2071 1827 2125 multis
1885 2071 2007 2125 aliis
2071 2086 2155 2124 ra-

585 2158 824 2211 tionibus
854 2159 1133 2213 declarare
1168 2162 1509 2216 conceditur.
1544 2161 1678 2215 Nam
1714 2173 1770 2217 et
1800 2163 1952 2216 illum
1984 2163 2156 2227 hono-

586 2260 708 2300 rare
736 2256 794 2300 ut
837 2259 1115 2316 parentem
1151 2258 1389 2317 oportet,
1422 2261 1468 2303 et
1503 2250 1790 2318 providere
1832 2266 1993 2319 quam
2028 2250 2155 2303 dili-

583 2338 921 2404 gentissime,
950 2348 1007 2391 ut
1034 2340 1300 2408 cumipsi,
1328 2350 1440 2392 tum
1475 2340 1594 2409 ejus
1620 2340 1838 2393 ialniliaa
1869 2355 1957 2395 res
1979 2340 2043 2393 ad
2073 2340 2156 2392 vi-

583 2438 690 2481 tam
724 2432 1135 2483 sustentandam
1169 2432 1488 2485 necessariae
1537 2431 1744 2486 all‘atim
1781 2429 2153 2500 Sllppedilenl.
2198 2470 2203 2484 .

583 2518 726 2588 Ergo
753 2521 796 2573 si
830 2521 1120 2587 separatim
1159 2521 1213 2574 ei
1255 2521 1472 2575 decreta
1504 2522 1734 2591 pecunia
1763 2523 1881 2591 ejus
1919 2522 2157 2575 necessi.

588 2617 725 2662 t.res
753 2610 970 2678 explete
995 2626 1101 2665 non
1136 2619 1379 2680 putatur,
1416 2613 1559 2665 haud
1600 2614 1988 2673 recusandum,
2024 2614 2156 2680 quin

585 2700 815 2751 alterum
845 2709 1078 2760 tantum.
1110 2712 1206 2754 aut
1236 2705 1401 2755 etiam
1440 2704 1559 2770 plus
1586 2703 1809 2772 duplum
1845 2704 2119 2757 tribuatur
2139 2734 2153 2760 ο

582 2795 637 2840 ct
667 2790 993 2858 adjiciantur
1017 2790 1142 2854 alia,
1171 2806 1291 2859 quae
1321 2791 1395 2845 illi
1431 2793 1727 2861 voluptati.
1759 2795 1970 2848 caeteris
2006 2795 2155 2848 nullo

583 2878 723 2934 detri
748 2892 913 2934 uento
950 2881 1171 2935 fuerint.
1206 2885 1274 2935 At
1306 2897 1430 2937 vero
1464 2900 1645 2938 rerum
1679 2884 1965 2939 deminum
1996 2884 2153 2939 illum

585 2973 893 3035 instituere,
933 2972 1038 3027 bne
1066 2974 1321 3041 estquod
1370 2977 1684 3044 reipublicae
1730 2977 2017 3038 interesse,
2054 2992 2153 3031 nec

532 3126 552 3131 _
584 3065 873 3131 quisquam
905 3064 1036 3116 mihi
1066 3066 1418 3134 persuaserit.
1454 3081 1557 3120 nec
1601 3081 1702 3135 ego
1732 3066 1981 3134 cuiquam
2030 3082 2156 3118 sua-

583 3156 713 3208 dere
747 3156 929 3209 velim.
966 3155 1339 3223 inproborum
1375 3163 1555 3209 autem
1613 3171 1774 3209 voces
1803 3165 2151 3208 contemnen-

583 3248 680 3300 das
704 3248 936 3315 opinor:
972 3258 1065 3300 aut
1092 3263 1204 3300 rem
1236 3247 1498 3301 nefariam
1522 3247 1946 3316 designabimus.
1982 3247 2026 3301 si
2054 3248 2149 3301 bo-

582 3359 776 3396 norum
822 3341 1261 3411 spretojudicio,
1301 3343 1456 3396 malis
1499 3350 1780 3410 tantopere
1813 3342 2147 3410 gratiﬁeabio

586 3447 728 3493 mur,
760 3434 1008 3487 utetiam
1049 3450 1168 3502 quae
1200 3434 1483 3488 commoda
1514 3443 1568 3487 et
1600 3434 1744 3504 justa
1776 3450 2145 3498 numeramus,

583 3539 647 3576 ea
679 3525 924 3577 volentes
976 3534 1196 3591 propter
1248 3528 1395 3594 ipsos
1439 3526 1775 3595 abjieiamus.
1808 3529 1917 3594 Age
1974 3527 2144 3587 enim,

584 3628 683 3683 per
711 3615 877 3668 Deum
911 3613 1293 3681 immortalem,
1325 3617 1369 3669 si
1395 3616 1520 3669 boni
1543 3630 1736 3669 omnes
1768 3624 1988 3675 coeant.
2022 3632 2148 3670 nos.

585 3723 691 3774 que
722 3707 786 3759 ad
813 3708 1076 3775 judicium
1128 3718 1349 3762 vocatos
1371 3715 1630 3761 accusent
1652 3708 1791 3759 hunc
1816 3707 1869 3758 in
1900 3707 2144 3761 modum:

545 3831 550 3835 -
583 3797 790 3864 lniustc
820 3807 874 3852 ct
909 3798 1170 3852 violenter
1192 3798 1368 3865 agitis,
1403 3799 1529 3850 dum
1561 3796 1720 3851 nobis
1753 3797 1954 3850 bellum
1989 3798 2149 3853 civile

582 3890 854 3944 excitatis.
884 3888 1001 3941 Mox
1036 3888 1178 3941 enim
1211 3904 1239 3942 a
1265 3889 1554 3958 principio.
1582 3889 1745 3943 simul
1770 3899 1932 3957 atque
1956 3890 2146 3942 senior

585 3979 884 4049 imperator
909 3995 1058 4032 arma
1088 3980 1140 4032 in
1162 3996 1256 4034 vos
1278 3981 1467 4042 movit,
1497 3980 1739 4049 iniquam
1768 3981 2145 4036 conditionem

583 4080 822 4124 vestram
878 4078 1189 4128 cernentes.
1248 4069 1475 4125 mirifice
1513 4072 1789 4125 vobiscum
1846 4071 2146 4134 doluimus,

585 4160 948 4228 alacritcrque
987 4161 1233 4214 auxiliati
1290 4176 1497 4215 sumus.
1531 4161 1632 4216 Ubi
1682 4170 1886 4223 autem,
1917 4161 2028 4214 Deo
2072 4160 2150 4214 fa.

586 4261 764 4309 vente.
801 4252 1036 4303 hostium
1065 4251 1252 4303 labore
1279 4251 1428 4303 nullo
1458 4250 1615 4319 potiti
1642 4264 1852 4307 smnus.
1873 4265 1995 4303 cum
2019 4265 2144 4317 gra-

585 4336 657 4393 du
715 4340 1018 4408 depellendi
1048 4351 1104 4394 et
1134 4341 1393 4409 puniendi
1431 4347 1635 4403 essent,
1660 4340 1753 4408 qui
1805 4339 1986 4392 facere
2040 4354 2151 4394 cte-

585 4434 796 4500 pissent
844 4432 1123 4501 injuriam,
1152 4446 1356 4499 uosque
1384 4429 1644 4484 molestiis
1688 4430 2022 4493 exsolvendi,
2052 4445 2150 4485 vos

2254 1983 2281 2036 ὅ
2307 2000 2359 2035 τι
2394 1983 2459 2034 ἂν
2484 1982 2575 2051 ἐξῇ
2611 1983 2785 2033 ποιεῖν
2811 1997 2825 2011 ’
2866 1979 2926 2030 τὸ
2958 1980 3055 2046 μὲν
3082 1976 3173 2031 οὖν
3205 1975 3534 2045 θεραπεύειν
3565 1975 3808 2043 βασιλέα,

2254 2074 2461 2127 δίκαιόν
2491 2090 2549 2124 τε
2605 2071 2771 2139 φαίην
2815 2068 2882 2122 ἂν
2918 2070 3010 2122 καὶ
3057 2068 3218 2128 αύτὺς
3262 2067 3352 2119 καὶ
3384 2067 3467 2117 σοὶ
3511 2066 3810 2134 προσῆκον.

2260 2165 2480 2230 Ἔξεστι
2508 2163 2565 2217 δὲ
2594 2161 2807 2223 πολλοῖς
2832 2161 3057 2231 τρόποις
3092 2156 3499 2211 ἐπιδείκνυσθαι
3528 2157 3627 2225 τὴν
3662 2155 3812 2223 62p:-

2257 2261 2436 2309 πείαν.
2465 2255 2537 2306 Τό
2564 2272 2619 2306 τε
2649 2254 2758 2323 γὰρ
2788 2253 2952 2321 τιμᾷν
2980 2249 3056 2312 ὡς
3104 2249 3316 2318 πατέρα
3349 2249 3676 2314 ἀναγκαῖονο
3720 2248 3811 2298 καὶ

2254 2349 2315 2401 τὸ
2345 2349 2604 2418 πρόνοιαν
2637 2344 2799 2398 αὐτοῦ
2836 2344 2934 2413 τὴν
2967 2341 3201 2411 δυνατὴν
3249 2341 3525 2392 ποιεῖσθαι
3560 2339 3691 2390 ὥστ’
3722 2337 3814 2389 αὖ·

2256 2441 2348 2493 τΰν
2378 2456 2435 2491 τε
2467 2438 2560 2490 καὶ
2594 2435 2864 2489 οἰκετικὸν
2889 2433 3097 2501 διάγειν
3148 2434 3207 2484 ἐν
3236 2431 3509 2498 ἀφθόνοις.
3555 2431 3615 2481 Εἰ
3649 2429 3712 2498 δὴ
3745 2427 3813 2480 τά

2257 2530 2673 2597 ἀποτεταγμένα
2736 2527 2998 2595 χρήματα
3058 2524 3208 2593 αὐτῷ
3260 2523 3359 2592 τῆς
3413 2522 3603 2591 χρείας
3667 2521 3815 2572 δοκεῖ

2257 2623 2473 2675 ἐλάσσω
2522 2615 2684 2680 εἶναι,
2734 2615 2927 2684 φθόνος
2960 2614 3134 2676 οὐδεὶς
3168 2615 3262 2666 καὶ
3304 2613 3469 2681 ἕτερα
3508 2609 3748 2664 τοσαῦτα
3778 2611 3809 2679 ἦ

2220 2758 2223 2759 ,
2258 2713 2351 2765 καὶ
2398 2707 2663 2763 διπλασίω
2695 2705 3047 2778 προστιθέναι
3074 2721 3089 2735 θ
3120 2705 3210 2757 καὶ
3247 2702 3390 2773 ἕτερ’
3435 2703 3572 2756 ἄττα
3599 2702 3634 2756 ἀ
3667 2701 3815 2771 αὐτῷ

2261 2804 2358 2873 μὲν
2385 2801 2449 2855 ἂν
2486 2800 2571 2867 εἴη
2599 2798 2700 2852 καθ
2748 2798 2962 2866 ἡδονὴν,
2995 2796 3200 2864 βλάϐην
3237 2795 3293 2848 δὲ
3327 2797 3533 2864 ὲτέροις
3590 2793 3664 2863 μὴ
3709 2808 3815 2846 πα-

2258 2896 2411 2964 ρέχῃ.
2446 2892 2715 2961 ’Ἄρχοντα
2749 2889 2804 2940 δὲ
2850 2886 3238 2941 ἀποδεικνύναι
3295 2886 3403 2937 τῶν
3447 2887 3811 2953 πραγμάτιον,

2254 2986 2366 3038 οῠτ¹
2396 2984 2461 3037 ἂν
2495 2983 2657 3044 αὐτὸς
2706 2980 2992 3049 πεισθείην
3041 2979 3150 3029 τῶν
3204 2975 3356 3046 κοινῇ
3388 2977 3814 3029 λυσιτελούντων

2255 3075 2417 3137 εἶναι,
2449 3073 2562 3126 οὗθ’
2610 3074 2782 3141 ἑτέρῳ
2829 3068 3317 3136 συμϐουλεύσαιμι.
3353 3066 3474 3118 Τῶν
3521 3068 3709 3119 κακῶν
3758 3067 3813 3120 δὲ

2183 3187 2223 3242 ς
2258 3167 2446 3219 ούδένα
2473 3164 2632 3231 λόγον
2665 3164 2849 3230 οἴομαι
2888 3160 3161 3213 ποιεῖσθαι
3193 3160 3305 3211 δεῖν
3322 3174 3345 3190 '-
3392 3159 3423 3228 ἢ
3461 3158 3708 3225 σχέτλιον
3747 3158 3813 3210 ἂν

2253 3258 2363 3324 είη,
2391 3258 2439 3307 εί
2465 3254 2574 3307 τῶν
2610 3253 2708 3322 μὲν
2762 3250 2990 3319 ἀγαθῶν
3018 3249 3207 3302 οὐδένα
3255 3248 3598 3316 ποιησόμεθα
3633 3249 3809 3314 λόγον,

2251 3351 2363 3409 τοῖς
2400 3348 2454 3405 δὲ
2492 3348 2681 3406 κακοῖς
2739 3343 2994 3395 τοσοῦτον
3047 3340 3406 3410 χαριούμεθα,
3439 3338 3581 3391 ὥστε
3638 3340 3733 3391 καὶ
3777 3337 3812 3390 ἃ.

2248 3436 2503 3504 λυσιτελῆ
2533 3435 2627 3488 καὶ
2655 3434 2840 3487 δίκαια
2870 3434 3133 3500 δοκοῦμεν
3171 3429 3332 3492 sint,
3389 3429 3545 3483 ταῦθ’
3593 3430 3811 3489 ἑκόντες

2251 3531 2400 3588 ὅντες
2431 3523 2783 3594 προησόμεθα
2812 3524 3014 3583 αὐτοῖς.
3054 3522 3189 3589 Φέρε
3221 3523 3329 3590 γὰρ
3369 3523 3507 3588 rapo;
3545 3520 3708 3580 Θεοῦ,
3763 3518 3816 3571 ετ

2250 3634 2311 3684 γε
2341 3618 2539 3677 πάντες
2568 3616 2615 3667 οἱ
2656 3615 2750 3666 τοὺ
2773 3658 2778 3664 .
2805 3612 3041 3681 τρόπους
3084 3611 3282 3674 ἀγαθοὶ
3314 3612 3616 3680 ἐκκλησίαν
3652 3627 3813 3662 συνα-

2249 3708 2584 3775 θροίσαντες,
2634 3707 2783 3774 ἡμᾶς
2832 3706 2923 3756 ἐπὶ
2958 3704 3080 3772 δὶκῃ
3115 3702 3493 3765 προκαλοῖντο,
3532 3701 3811 3769 λέγοντες,

2200 3792 2206 3797 ’
2259 3796 2348 3855 Ὠς
2374 3794 2535 3845 ἀδικα
2561 3793 2654 3843 καὶ
2683 3793 2835 3860 βίαια
2875 3793 3098 3853 ποιεῖτε,
3137 3789 3405 3857 πολέμους
3438 3792 3572 3858 ἡμῖν
3598 3787 3813 3856 ὁμοφύ-

2252 3884 2363 3946 λοις
2392 3885 2791 3952 ἐπεγείροντες,
2839 3882 3001 3944 εύθύς
3041 3899 3099 3933 τε
3133 3883 3241 3948 γὰρ
3280 3881 3336 3944 ἐξ
3364 3882 3562 3950 ἀρχῆς,
3593 3882 3709 3948 ἃμα
3738 3880 3816 3948 τῷ

2250 3974 2457 4044 βασιλεί
2480 3974 2599 4027 καθ’
2631 3973 2784 4041 ὑμῶν
2804 3973 2892 4025 τὸν
2924 3972 3155 4040 πόλεμον
3180 3973 3530 4041 κεκινηκέναι
3561 3972 3803 4041 δρῶντες

2247 4068 2322 4129 ὡς
2354 4067 2512 4121 ἄδικα
2542 4065 2777 4136 πάσχετε
2806 4066 2985 4133 ὑμεῖς,
3018 4064 3443 4133 συνηλγήσαμέν
3479 4080 3540 4114 τε
3570 4064 3810 4131 μάλιστα

2249 4161 2380 4229 ὑμῖν
2416 4158 2511 4211 καὶ
2573 4158 3066 4227 συνηγωνισάμεθα
3110 4156 3426 4225 προθύμως.
3465 4155 3574 4207 Καὶ
3625 4154 3815 4223 ἐπειδὴ

2247 4249 2382 4302 Θεοῦ
2410 4248 2826 4317 συναιρομένσυ,
2863 4249 3035 4318 ῥᾷστα
3060 4249 3489 4316 κεκρατήκαμεν
3512 4246 3621 4298 τῶν
3656 4246 3819 4299 πολε-

2253 4340 2412 4409 μίων,
2436 4340 2558 4392 δέον
2587 4338 2915 4392 ἀπελαύνειν
2940 4339 3036 4390 καὶ
3067 4339 3253 4400 κακῶς
3301 4341 3476 4390 ποιεῖν
3506 4340 3633 4395 τοὺς
3682 4354 3818 4404 προ-

2250 4429 2444 4495 τέρους
2474 4428 2747 4497 ἄρξαντας
2773 4429 2872 4495 τῆς
2902 4428 3137 4489 ἀδικίας,
3167 4429 3261 4480 καὶ
3292 4411 3437 4497 ἡμᾶς
3469 4429 3817 4494 πραγμάτων

517 4504 529 4516 ’
585 4519 838 4576 noluistis
875 4539 891 4575 :
926 4522 1019 4574 sed
1049 4520 1204 4589 quasi
1234 4521 1499 4572 malorum
1527 4519 2151 4588 sitientes,imperatoro

2255 4519 2639 4583 ἀπαλλάττειν,
2673 4520 2772 4572 οὐκ
2793 4520 3092 4589 ἠθελήσατε
3127 4520 3306 4587 ὑμεῖς,
3356 4518 3471 4571 ἀλλ’
3497 4518 3578 4571 ὥσ
3592 4537 3689 4588 περ
3720 4537 3821 4571 κα-

586 4611 884 4664 medioeria
930 4619 1170 4678 petente,
1220 4617 1276 4661 et
1323 4607 1490 4660 vitam
1531 4608 1906 4661 tantummodo
1932 4619 2144 4672 orante,

582 4715 683 4752 vos
718 4716 841 4753 cum
887 4701 1280 4769 subjectorum,
1318 4710 1609 4765 vestroque
1643 4700 1884 4765 ipsorum
1920 4700 2146 4760 damno,

585 4795 747 4842 stulta
771 4789 1004 4857 quadam
1035 4789 1218 4856 gloriae
1246 4789 1543 4856 cupiditate
1574 4797 1744 4842 totum
1778 4789 1945 4842 ferme
1977 4790 2149 4858 impe—

2251 4609 2362 4660 κῶν
2395 4609 2816 4678 ἐπιθυμοῦντες,
2851 4610 3120 4679 βασιλέως
3167 4611 3365 4678 μέτρια
3392 4608 3690 4671 αἰτοῦντος,
3723 4610 3820 4661 καὶ

2253 4700 2521 4765 σώζεσθαι
2556 4701 2717 4767 μόνον
2747 4700 3009 4769 δεομένου
3042 4701 3199 4768 ὑμεῖς
3231 4703 3323 4752 ἐπὶ
3352 4699 3509 4767 κακῷ
3539 4699 3651 4752 τῶν
3676 4701 3821 4767 ὑπη-

2251 4793 2390 4845 κόων
2421 4791 2517 4843 καὶ
2553 4790 2705 4860 ὑμῶν
2752 4789 2930 4842 αὐιῶν
2973 4792 3151 4843 ἄτοπα
3197 4791 3674 4860 φιλοτιμούμενοι,
3714 4792 3821 4853 τῆς

584 4884 748 4945 rium,
808 4881 967 4934 nobis
1020 4881 1444 4948 deprecantibus
1475 4888 1530 4933 et
1570 4882 1861 4934 amentiam
1914 4892 2145 4935 vestram

2251 4885 2427 4955 ἀρχῆς
2482 4884 2663 4949 ὀλίγον
2715 4883 2826 4935 δεῖν
2876 4883 3098 4952 ἀπάσης
3169 4884 3610 4951 παρεχωρήσατε
3665 4883 3818 4951 αὐτῷ

585 4973 918 5027 testantibus
946 4971 995 5026 ei
1028 4971 1275 5025 dedistis.
1301 4972 1395 5025 Ille
1426 4987 1531 5024 non
1565 4973 1725 5040 longo
1756 4981 1874 5039 post
1906 4982 2149 5039 tempore

583 5064 771 5117 eadem
813 5052 1060 5125 tentavit,
1092 5077 1155 5115 ac
1186 5062 1350 5116 veluti
1379 5062 1604 5124 oblitus,
1637 5065 1689 5115 in
1721 5063 1865 5129 quod
1897 5078 1954 5114 se
1990 5073 2148 5117 antea

585 5155 886 5224 perieulum
940 5153 1248 5223 objecisset,
1308 5152 1509 5206 bellum
1569 5169 1675 5205 non
1711 5163 1835 5206 ante
1884 5153 1937 5205 in
1982 5153 2147 5206 ictum

581 5250 743 5302 nobis
776 5248 977 5302 intulit.
1007 5246 1142 5300 Tum
1171 5263 1269 5301 nos
1294 5247 1703 5316 perSpicicntes,
1739 5261 1847 5314 quo
1883 5248 2146 5299 malorum

583 5351 672 5391 res
708 5338 1048 5406 procederet,
1085 5351 1148 5390 ac
1189 5337 1560 5389 Romanorum
1597 5337 1990 5402 rempublicam
2026 5336 2149 5389 fun-

583 5429 732 5482 ditus
757 5428 1075 5496 perituram,
1098 5428 1418 5496 legationem
1447 5442 1553 5481 non
1585 5442 1681 5495 pro
1706 5441 1737 5480 ν
1758 5426 1859 5479 illis
1888 5428 2151 5480 duntaxat

582 5515 974 5584 privatim,scd
1006 5530 1102 5584 pro
1132 5515 1404 5569 communi
1432 5530 1652 5583 quoque
1671 5516 1736 5567 ad
1765 5517 2149 5582 imperatorem

585 5609 945 5674 suscepimus,
994 5606 1318 5674 suppliciter
1378 5614 1653 5676 rogantes,
1685 5621 1753 5659 ne
1813 5622 1912 5658 nos
1945 5607 2149 5661 nuituis

586 5693 828 5748 caedibus
856 5693 1082 5747 interire
1113 5706 1409 5761 pateretur.
1443 5694 1547 5748 Sed
1590 5695 1634 5745 si
1663 5695 1808 5763 quod
1847 5696 2011 5747 etiam
2039 5696 2149 5748 eri-

588 5791 714 5834 men
764 5783 921 5837 vobis
975 5782 1288 5849 lntentaret,
1324 5784 1379 5838 in
1425 5785 1634 5853 judicio
1683 5785 2067 5839 dissoluturos.
2100 5787 2149 5839 ls

2251 4980 2405 5047 ήμῶν
2435 4977 2890 5043 ἁπαναινομένων
2931 4973 3025 5026 καὶ
3068 4974 3166 5044 τὴν
3205 4974 3466 5025 ἀδουλίαν
3511 4978 3821 5041 ἐπιμαρτυ-

2254 5069 2521 5139 ρομένων.
2577 5067 2635 5117 '0
2667 5066 2711 5118 δ’
2747 5067 2809 5116 οὐ
2854 5062 3049 5116 πολλοῦ
3093 5067 3288 5132 χρόνου
3338 5066 3814 5133 παρερῤυηκότος,

2248 5158 2405 5219 αὖθις
2445 5158 2773 5224 ἐπεχείρησε
2808 5158 2921 5216 τοῖς
2964 5154 3121 5214 ῐσοις,
3163 5153 3352 5222 ὥσπερ
3388 5153 3817 5221 ἐπιλελησμένος

2250 5250 2330 5310 εἰς
2383 5249 2508 5300 ὅσον
2557 5248 2726 5314 ἤλασε
2777 5244 3047 5302 κινδύνου,
3083 5245 3178 5297 καὶ
3227 5244 3467 5314 πόλεμον
3500 5245 3817 5314 ἀκήρυκτον

2252 5336 2553 5408 ἐπήνεγκεν
2592 5340 2744 5406 ἡμῖν.
2786 5336 3048 5403 Ὀρώντες
3092 5336 3148 5387 δε
3200 5337 3361 5404 ἡμεῖς
3423 5330 3478 5387 οἷ
3528 5336 3714 5387 κακῶν
3747 5334 3818 5386 τὰ

2252 5430 2555 5497 πράγματα
2609 5428 2891 5496 χωρήσει,
2946 5428 3039 5478 καὶ
3083 5424 3157 5487 ὡς
3215 5425 3385 5494 ἄρδην
3436 5427 3723 5477 ἀπολεῖται
3755 5424 3815 5475 τὸ

2260 5519 2591 5586 Ῥωμαϊκὸν,
2628 5515 2926 5583 πρεσϐείαν
2981 5516 3079 5565 οὐκ
3138 5515 3244 5580 ίδᾳ
3306 5516 3488 5581 μόνον,
3529 5514 3667 5566 ἀλλὰ
3720 5515 3817 5567 καὶ

2253 5608 2437 5678 κοινὴν
2478 5608 2606 5674 ὑμῖν
2646 5604 3028 5673 ἐποιησάμεθα
3075 5607 3208 5673 πρὸς
3255 5605 3503 5673 βασιλέα,
3545 5607 3814 5675 δεόμενοι,

2256 5696 2332 5765 μὴ
2365 5698 2627 5763 περιιδεῖν
2676 5697 2819 5764 ἡμᾶς
2849 5697 2953 5747 ὑπὸ
2986 5695 3079 5747 τοῦ
3113 5695 3247 5764 πρὸς
3277 5693 3540 5759 ἀλλήλους
3574 5698 3812 5764 πολέμου

2252 5787 2829 5859 διαφθαρησομένουςο
2876 5786 2988 5841 ἀλλ’
3037 5786 3092 5839 εἴ
3143 5803 3192 5838 τι
3241 5787 3332 5839 καὶ
3381 5786 3636 5855 ἐγκαλεῖν
3687 5789 3815 5858 ὑμῖν
