4156 6300
357 414 460 469 5311

1498 414 2027 474 IllS’l‘OIHAliUM
2072 415 2301 475 LIBER
2345 416 2421 475 ll.

3476 408 3591 480 δτι

361 518 496 586 εχει,
547 517 679 588 δίκῃ
718 518 1054 573 διαλύεσθαι.
1097 520 1154 573 '0
1206 521 1250 573 δ’
1300 522 1412 575 οὐδ’
1448 524 1638 593 ἄκροις
1667 526 1966 595 ἠνέσχετοι

2067 527 2361 580 tentionem
2418 527 2566 596 pacis
2614 542 2715 582 nec
2759 528 2824 581 ad
2858 543 3105 601 sume
3147 529 3310 586 aures
3343 531 3583 587 admisit.

354 609 459 662 ὠσὶ
485 612 593 662 τῶν
625 612 750 679 περὶ
796 611 894 678 τῆς
941 613 1167 680 εἰρήνης
1203 613 1399 679 λόγων.
1445 616 1717 668 Πάντοθεν
1758 616 1812 668 δὲ
1851 618 1921 685 ἡ·

359 702 483 769 μεῖς
504 701 604 752 ἀπ’
616 700 706 772 ρίᾳ
738 702 1093 770 συσχεθέντες
1121 699 1280 765 αὖθις
1306 704 1665 773 ὲνεϐάλλομεν
1695 707 1924 769 ἑαυτοὺς

354 793 440 852 εἰς
469 792 595 850 τοὺς
629 790 930 854 κινδύνους,
961 793 1053 844 καὶ
1090 792 1324 858 πόλεμον
1355 793 1622 862 ἀράμενοι
1667 794 1923 864 δεύτερον

359 882 496 950 πρὸς
529 882 710 939 αὐτὸν,
736 885 1110 949 νενικήκαμεν
1146 878 1302 944 αὖθις
1345 884 1439 935 καὶ
1487 882 1625 952 πρὸς
1652 884 1750 953 τὴν
1786 901 1925 952 προ-

357 975 526 1040 τέραν
576 971 608 1040 ἢ
659 973 751 1023 καὶ
810 972 981 1040 μείζω
1022 972 1405 1041 συνηλάσαμεν
1457 974 1711 1043 ἀπορίαν.
1755 975 1926 1042 Ὀρὼν

360 1063 417 1116 δὲ
453 1066 666 1125 ἐκεῖνος
717 1064 791 1123 ὡς
827 1064 928 1115 οὐκ
963 1062 1090 1116 ἄνευ
1146 1064 1408 1116 κινδύνων
1451 1066 1479 1116 ὁ
1510 1065 1747 1133 πόλεμος
1777 1065 1929 1134 αὐτῷ

362 1156 704 1222 τελευτήςει,
742 1152 898 1218 αὖθις
932 1157 1300 1226 ἐπρεσϐεύετο
1348 1159 1477 1226 ὑμῖν
1528 1160 1653 1228 περὶ
1683 1160 1928 1228 εἰρήνης,

363 1247 394 1295 ό
428 1246 565 1313 μηδὲ
616 1246 763 1312 ἰχνος
812 1248 1080 1315 πρότερον
1129 1249 1454 1318 ἀνεχόμενος
1500 1250 1692 1317 αὐτῆς.
1744 1250 1931 1319 Ὑμεῖς

363 1334 421 1387 δὲ
470 1334 571 1386 οὐκ
604 1332 700 1388 οἶδ’
743 1338 770 1388 ὃ
803 1354 857 1388 τι
886 1339 1172 1400 παθόντες,
1213 1340 1331 1390 δέον
1378 1340 1444 1391 ἐκ
1492 1340 1602 1393 τῶν
1650 1342 1933 1410 προτέρων

360 1426 714 1493 διδαχθέντας
786 1431 1121 1496 σωφρονεῖν,
1184 1430 1343 1499 ὑμεῖς
1398 1430 1454 1483 δὲ
1510 1433 1767 1484 τάναντία
1824 1433 1934 1485 τῶν

364 1524 596 1571 ιιέντων
646 1519 906 1578 ἐποιεῖτε.
959 1522 1052 1573 καὶ
1091 1522 1189 1589 τὴν
1221 1524 1395 1591 ἀρχὴν
1444 1523 1758 1590 παρεδίδοτε
1789 1523 1937 1593 αὐτῷ

364 1613 572 1671 πᾶσαν,
598 1613 690 1663 καὶ
714 1612 811 1680 τὴν
840 1613 1141 1681 ἡγεμονίαν
1171 1614 1279 1666 τῶν
1301 1615 1645 1683 πραγμάτοιν
1673 1615 1769 1667 καὶ
1799 1632 1934 1685 προ-

367 1703 485 1753 σέτι
534 1702 795 1771 φέροντες
846 1705 986 1772 ὑμᾶς
1052 1705 1272 1766 αὐτοὺς,
1305 1705 1400 1776 (ὲῶ
1459 1706 1568 1775 γὰρ
1624 1704 1803 1771 λέγειν
1846 1704 1939 1758 καὶ

364 1795 518 1863 ἡμᾶς
546 1798 677 1858 τοὺς
724 1798 1023 1861 ὑπηκόους,
1059 1798 1229 1851 πολλὰ
1268 1799 1813 1868 δυσανασχετοῦντας
1843 1801 1940 1852 καὶ

370 1888 601 1954 μονονοὺ
632 1887 729 1955 τὴν
769 1888 987 1940 ἀδικίαν
1034 1890 1443 1961 ὀδυρομένους),
1476 1890 1651 1944 ἄδικοι
1676 1892 1770 1942 καὶ
1801 1907 1942 1960 προ-

367 1978 523 2030 δοίται
569 1980 755 2047 σχεδον
787 1982 916 2049 περὶ
963 1983 1108 2051 ἡμᾶς
1143 1982 1525 2052 γεγενημένοι.
1568 1982 1808 2051 οίόμενοι
1835 1982 1941 2036 κᾶν

371 2069 522 2119 οὕτω
556 2071 737 2121 πᾶσαν
779 2071 1016 2139 πολέμου
1048 2073 1322 2142 πρόφασιν
1361 2076 1762 2143 περιαιρήσειν.
1804 2073 1863 2126 Ὀ
1895 2074 1940 2125 δ’

371 2158 565 2229 ὥσπερ
602 2161 796 2231 στενὴν
829 2162 978 2231 αὐτῷ
1016 2164 1113 2231 τῆς
1146 2167 1250 2233 γῆς
1282 2164 1379 2234 τὴν
1410 2164 1625 2236 οἴκησιν
1675 2164 1945 2234 παρεχού-

375 2266 477 2316 an;
503 2251 556 2299 εἰ
583 2251 784 2319 ταύτην
815 2252 992 2321 οἱκείη
1029 2254 1147 2323 μεθ’
1179 2254 1357 2323 ὑμῶν,
1398 2255 1552 2319 αὖθις
1592 2257 1906 2326 ἐπολέμησε
1928 2273 1943 2287 ο

376 2340 475 2391 καὶ
504 2341 688 2408 τρίτον
723 2341 888 2409 μηδὲν
916 2341 1055 2411 ἔχων
1081 2344 1357 2410 ἐγκαλεῖν,
1391 2345 1575 2398 οὐκέθ’
1603 2345 1791 2410 ὥσπερ
1810 2346 1947 2415 πρό-

377 2445 542 2496 τερον
597 2430 1003 2497 ἀπαρασκεύως
1055 2435 1147 2485 καὶ
1205 2434 1267 2498 ἐξ
1318 2435 1534 2501 ἐφόδου,
1586 2435 1721 2488 ἀλλὰ
1778 2435 1949 2487 πολλὰ

381 2522 655 2588 ’πρότερον
691 2523 1197 2590 συνεσκευασμένος
1234 2524 1364 2592 περὶ
1418 2525 1517 2592 τὴν
1565 2526 1824 2593 ἑσπέραν,
1858 2526 1953 2577 καὶ

385 2612 653 2680 στρατιὰν
689 2612 989 2679 ἐπαγαγὼν
1023 2615 1156 2682 ἡμῖν
1187 2616 1385 2684 πλήθει
1414 2617 1512 2668 οὐκ
1533 2617 1713 2684 ὀλίγον
1750 2617 1955 2682 ὑπερέ-

385 2721 593 2774 χωσαν
639 2705 795 2773 ἡμῶν
854 2706 957 2757 οὐκ
1007 2706 1066 2768 ἑξ
1113 2705 1385 2776 Ἑλλήνων
1433 2708 1592 2776 μόνον
1629 2707 1738 2771 τῶν
1766 2708 1957 2761 αὐτόθι

388 2798 815 2862 κατοκούντωκι,
852 2797 988 2851 ἀλλὰ
1027 2798 1262 2852 καὶτῶν
1308 2799 1617 2868 προσοίκων
1666 2799 1959 2869 βαρϐάρων

394 2888 742 2957 συμμαχίδα.
785 2888 1057 2959 Ὀρῶντες
1086 2890 1140 2941 δὲ
1191 2890 1345 2942 ταῦθ’
1375 2891 1553 2958 ὑμεῖς,
1595 2888 1841 2951 ἐλθόντες
1883 2889 1964 2950 εἰς

391 2978 717 3043 Βυζάντιον,
773 2979 980 3031 ἐδεῖσθε
1030 2970 1303 3050 βασιλέως
1364 2980 1493 3051 περὶ
1544 2980 1792 3050 εἰρήνης.
1829 2980 1887 3033 Ὀ
1918 2979 1962 3032 δ’

396 3071 556 3143 οὐδὲν
592 3065 752 3138 ἧττον
809 3071 839 3140 ἢ
907 3072 1195 3140 πρότερον,
1223 3067 1291 3141 ἦν
1330 3073 1589 3134 ἀδύνατος
1630 3073 1926 3140 πεισθῆναι
1951 3088 1965 3103 ⁸

2028 618 2140 673 Nos
2172 618 2412 687 undique
2438 618 2847 673 difﬁcultatibus
2874 620 3158 684 coarctati,
3185 637 3374 675 rursus
3395 622 3594 675 discri-

2027 725 2150 764 men
2181 709 2431 772 adimus;
2462 720 2517 764 et
2550 712 2726 765 altero
2755 710 3017 765 adversus
3041 712 3192 766 illum
3224 712 3365 767 bello
3392 714 3591 767 iterum

2029 800 2322 863 vincimus,
2359 810 2414 854 et
2466 802 2532 855 ad
2588 801 2801 869 priores
2823 817 2973 864 eum,
3005 813 3101 856 aut
3149 803 3380 872 majores
3427 805 3591 857 etiam

2029 894 2308 962 anguStias
2353 888 2670 962 redigimus.
2698 893 2797 959 Qui
2843 892 3006 961 259
3038 893 3237 946 bellum
3270 894 3403 946 citra
3440 909 3593 947 smn-

2030 998 2178 1035 tnum
2208 982 2510 1051 periculum
2537 999 2694 1036 suum
2727 974 2868 1036 haud
2906 984 3118 1036 [initum
3151 982 3219 1036 iri
3246 983 3596 1037 animadver-

2032 1081 2173 1138 tens,
2210 1073 2278 1127 de
2308 1088 2438 1141 pace
2469 1089 2564 1127 vos
2596 1090 2693 1142 per
2739 1074 2948 1143 legatos
2992 1075 3250 1143 appellat,
3305 1091 3432 1145 cum
3462 1076 3597 1128 alias

2034 1178 2134 1219 nec
2170 1179 2367 1216 nomen
2400 1165 2516 1233 ejus
2546 1164 2916 1219 sustinuisset,
2952 1165 3118 1220 Vobis
3176 1176 3357 1219 autem
3418 1167 3601 1221 nescio

2031 1256 2162 1323 quid
2225 1256 2351 1308 mali
2401 1258 2540 1309 mala
2572 1257 2848 1324 objectnm
2870 1266 2955 1311 est
2985 1273 3145 1311 manu
3179 1256 3280 1327 (ἓ).
3308 1256 3447 1310 Nam
3474 1272 3597 1308 cum

2032 1344 2364 1398 dobulssetis
2389 1361 2454 1398 ex
2495 1347 2826 1415 antegressis
2870 1346 3461 1416 sapere,dcsipuistis;
3499 1332 3603 1399 im-

2035 1436 2356 1506 perinmque
2395 1446 2590 1503 totum,
2636 1449 2691 1492 et
2722 1439 3247 1493 administrationem
3302 1452 3507 1501 rerum,
3549 1445 3607 1489 et

2035 1529 2401 1596 vosmetipsos
2429 1530 2649 1598 insuper
2678 1531 2726 1584 ei
2753 1530 2806 1583 in
2827 1545 3020 1583 manus
3051 1530 3356 1584 tradidistis
3387 1530 3604 1598 (omitto

2036 1616 2183 1670 enim
2213 1617 2415 1681 dicere,
2444 1629 2500 1672 et
2533 1634 2632 1672 nos
2664 1619 2934 1687 subditos,
2956 1636 3102 1690 aegre
3133 1620 3426 1674 admodum
3464 1621 3607 1674 istuc

2039 1710 2334 1777 patientes.
2361 1718 2418 1762 et
2455 1710 2709 1780 injuriam
2767 1720 2979 1764 tantum
3028 1727 3135 1764 non
3176 1712 3538 1765 lamentantes
3565 1713 3606 1774 i,

2041 1798 2226 1867 injuSIi
2283 1807 2337 1852 et
2377 1799 2771 1867 propemodum
2832 1800 3145 1868 proditores
3190 1801 3364 1854 nostri
3398 1800 3605 1859 eﬂecti.

2042 1889 2170 1942 dum
2225 1888 2416 1942 saltem
2467 1889 2568 1942 ista
2600 1890 2683 1942 via
2721 1905 2936 1944 omnem
2963 1905 3062 1944 vos
3110 1890 3234 1943 belli
3265 1891 3608 1944 occasionem

2042 1990 2418 2049 amputaturos
2455 1980 2705 2035 creditis.
2760 1982 2829 2034 At
2879 1981 2993 2043 ille,
3029 1982 3255 2050 perinde
3283 1997 3345 2034 ac
3369 1983 3413 2036 si
3453 1983 3614 2036 tellus

2044 2072 2092 2126 ei
2129 2087 2236 2124 non
2273 2070 2564 2137 subiceret,
2606 2071 2649 2124 si
2682 2071 2821 2124 hanc
2853 2072 3138 2126 vobiscum
3200 2072 3496 2132 habitaret.
3544 2055 3658 2126 de'

2048 2162 2262 2229 integro
2312 2177 2376 2215 ac
2409 2162 2627 2214 tertium
2662 2161 2728 2215 ad
2755 2177 2909 2221 arma
2941 2162 3110 2225 venit,
3141 2178 3262 2216 cum
3306 2162 3442 2215 nihil
3469 2162 3614 2215 esset

2048 2252 2191 2322 quod
2220 2252 2338 2306 loco
2370 2253 2616 2305 criminis
2648 2252 2966 2321 obiectaret.
2996 2252 3107 2305 Nec
3132 2252 3244 2322 jam
3292 2252 3614 2319 imparatus,

2050 2355 2107 2398 et
2136 2344 2286 2397 velut
2308 2355 2369 2395 ex
2402 2343 2600 2397 itinere
2633 2352 2691 2397 ut
2717 2344 2871 2407 alias,
2899 2342 2994 2397 sed
3039 2343 3209 2396 multo
3233 2338 3391 2396 antea
3413 2343 3621 2395 instru-

2052 2444 2174 2487 ctus
2228 2434 2283 2487 in
2324 2431 2643 2497 Occidente,
2680 2432 3094 2501 exercitumque
3122 2445 3313 2487 contra
3349 2448 3467 2497 nos,
3505 2448 3614 2484 non

2054 2536 2119 2576 ex
2152 2521 2355 2577 Graecis
2381 2523 2556 2576 solum
2591 2523 2702 2576 illic
2745 2522 3135 2587 incolentibus,
3174 2523 3268 2575 sed
3304 2538 3374 2575 ex
3422 2521 3621 2575 vicinis

2055 2628 2274 2682 quoque
2298 2614 2547 2667 barbaris
2577 2613 2944 2677 auxiliarium,
2968 2622 3160 2667 nostro
3186 2628 3295 2667 non
3326 2615 3489 2682 paulo
3523 2630 3624 2667 nu-

2058 2704 2412 2757 merosiorem
2463 2703 2708 2758 adduxit.
2768 2702 2887 2768 Quo
2941 2711 3242 2772 comperto,
3301 2703 3622 2774 Byzantium

2062 2802 2312 2874 profecti,
2349 2817 2537 2870 pacem
2570 2801 2879 2872 rogavistis.
2913 2817 3038 2857 cum
3064 2804 3333 2871 postulata
3380 2819 3532 2873 teque
3562 2815 3624 2857 ut

2065 2904 2188 2949 ante
2220 2894 2421 2964 rejecta
2450 2902 2610 2958 sunt;
2641 2895 2782 2947 unde
2808 2907 2905 2948 vos
2923 2892 2988 2946 ad
3010 2895 3206 2949 bellum
3232 2895 3450 2948 tertium
3479 2909 3631 2949 com-

2066 2980 2207 3049 pulsi
2237 2980 2617 3044 descendistis,
2659 2995 2867 3050 nosque
2923 2981 3151 3036 sceleris
3195 2982 3629 3052 magnitudinem

2068 3071 2473 3138 exsecrati,per
2503 3071 2668 3124 multa
2717 3071 3032 3126 discrimina
3090 3073 3414 3142 laboresque
3468 3074 3630 3141 impi-

405 3161 503 3213 καὶ
524 3160 616 3211 διὰ
648 3159 808 3212 τοῦτο
837 3160 1153 3227 ἀναγκαίως
1186 3161 1320 3230 πρὸς
1351 3162 1440 3215 τὸν
1468 3163 1706 3231 πόλεμον
1730 3163 1820 3214 καὶ
1851 3162 1966 3231 τρί-

2074 3176 2167 3232 gre
2194 3161 2348 3215 vobis
2370 3152 2761 3215 Succurrimus.
2793 3162 3143 3217 Postmodum
3171 3163 3354 3216 denuo
3377 3174 3494 3231 post
3511 3165 3633 3218 lon-

406 3268 503 3304 τον
556 3254 874 3321 ὲχωρὴσατε
931 3252 1109 3320 ὑμεῖς.
1167 3253 1277 3305 Καὶ⁸
1315 3254 1477 3322 ἡμεῖς
1527 3252 1625 3320 τὴν
1665 3252 1974 3323 ὑπερϐολὴν

411 3340 803 3410 βδελυξάμενοι
850 3344 948 3409 τῆς
981 3341 1214 3403 ἀδικίας,
1268 3341 1570 3411 προθύμως
1617 3343 1978 3412 συνηράμεθα

412 3432 569 3499 ὑμῖν,
601 3433 695 3483 καὶ
732 3431 961 3491 πολλοὺς
1013 3429 1293 3493 κινδύνους
1328 3431 1705 3500 ὑπεμείναμεν
1750 3433 1846 3484 καὶ
1886 3431 1981 3483 πό-

414 3538 568 3584 νους.
601 3519 713 3575 Εἶτ’
742 3522 898 3586 αὖθις
948 3521 1091 3590 μετὰ
1125 3521 1222 3591 τὴν
1260 3523 1478 3592 μακρὰν
1522 3523 1740 3591 ἐκείνην
1768 3523 1982 3591 πλάνην

416 3614 516 3667 καὶ
538 3613 662 3672 τοὺς
691 3610 1058 3678 περιδρόμους
1089 3612 1212 3671 τοὺς
1251 3610 1502 3673 πολλοὺς,
1538 3612 1632 3663 καὶ
1667 3610 1766 3681 τὴν
1797 3613 1861 3662 ὲκ
1887 3612 1983 3679 τῆς

423 3703 643 3774 χρονίου
687 3702 1061 3755 κακοπάθειαν
1101 3701 1414 3771 στρατείας,
1458 3700 1693 3769 ’καὶτῆς
1737 3703 1986 3771 κρείττο-

427 3810 518 3854 νος
550 3794 832 3861 δυνάμεως
873 3794 1005 3861 ἡμῖν
1051 3795 1143 3845 τὸν
1183 3792 1422 3861 πόλεμον
1477 3794 1987 3863 τυγκατεργαζομεο

430 3902 552 3954 νης.
592 3886 699 3936 τῶν
728 3902 785 3937 τε
815 3888 1090 3955 πολεμίων
1121 3885 1362 3955 κεκρατή
1381 3902 1545 3954 (αμεν
1574 3886 1671 3956 ἢδη
1707 3887 1988 3954 καθαρῶς,

431 3976 671 4043 καὶστὴν
731 3976 1024 4044 Ῥωμαίων
1076 3975 1375 4045 ἡγεμονίαν
1429 3979 1993 4045 συγκατεκτησαμεθα

433 4068 586 4134 ὑμῖν.
618 4067 751 4120 Νυνὶ
785 4068 827 4120 δ’
863 4064 1020 4131 αὖθις
1056 4068 1165 4120 τῶν
1198 4067 1447 4135 πολέμων
1480 4068 1868 4135 πεπαυμένων,
1899 4068 1994 4119 καὶ

435 4158 662 4227 εἰρήνης
689 4160 757 4211 τὰ
793 4158 1076 4227 Ῥωμαίων
1105 4158 1444 4229 κατεχούσης
1475 4157 1797 4227 πράγματα,
1822 4156 1995 4224 ὁρῶν-

435 4265 531 4311 τες
593 4250 737 4316 ὑμᾶς
801 4250 908 4302 τῶν
970 4253 1249 4320 προτέρων
1285 4247 1499 4318 μείζοσι
1557 4249 1746 4309 κακοῖς
1793 4249 1998 4316 ἐπιχει-

438 4337 671 4405 ροῦντας
705 4339 851 4406 ἡμᾶς
903 4336 1216 4404 ἐμϐάλλειν,
1247 4334 1700 4405 παραγγέλλομεν
1739 4333 1867 4401 ὑμῖν
1924 4331 1997 4401 μὴ

434 4426 595 4488 αὖθις
636 4430 794 4478 καινὰ
825 4427 1177 4487 διανοεῖσθαι,
1251 4425 1376 4495 μηδ’
1428 4424 1681 4494 ἀφορμὰς
1734 4422 1996 4493 παρέχειν

434 4518 513 4586 τῷ
551 4517 766 4568 κάκιστ’
792 4517 1152 4586 ἀπολουμένῳ
1190 4517 1418 4585 πολέμῳ
1449 4515 1583 4585 πρδς
1630 4515 1754 4575 τοὺς
1785 4512 1993 4582 ὁμοφύ-
2027 4494 2069 4548 Ῑ)

435 4608 583 4668 λους.
619 4608 680 4659 Εἰ
704 4607 858 4659 ταῦτ’
886 4607 1091 4673 ἔλεγον,
1125 4607 1221 4660 καὶ
1268 4607 1456 4676 ὥσπερ
1493 4605 1760 4675 κορωνίδα
1796 4620 1998 4672 προσε-

433 4694 683 4759 τίθεσαν,
715 4697 798 4747 ὁτι
832 4696 880 4747 εί
916 4696 1015 4764 μὲν
1045 4695 1271 4765 δέχεσθε
1301 4695 1394 4746 ἐπὶ
1436 4695 1670 4756 τούτοις,
1711 4695 1761 4745 εί
1810 4692 1865 4745 δὲ
1897 4693 1997 4760 μὴ,

436 4790 695 4869 σκοπεῖτε
732 4788 807 4858 μὴ
856 4789 952 4857 οὑχ
983 4790 1115 4857 ἡμῖν
1148 4787 1350 4857 μᾶλλον
1382 4787 1414 4854 ἢ
1463 4789 1591 4854 ὑμῖν
1616 4787 1800 4846 αὐτοῖς
1831 4784 1997 4836 αἴτιοι

441 4880 706 4949 μειζόνων
752 4879 1047 4949 γενήσεσθε
1086 4880 1294 4932 κακῶν;
1324 4881 1385 4932 Ei
1421 4879 1477 4930 δὲ
1505 4878 1570 4948 δὴ
1598 4880 1694 4930 καὶ
1725 4878 1998 4947 προσέθη·

439 4991 566 5037 καν,
608 4974 681 5025 ἐῶ
713 4972 822 5042 γὰρ
876 4975 1074 5035 εἰπεῖν,
1107 4974 1230 5027 Ὀτι
1284 4975 1331 5025 εί
1383 4973 1480 5042 μὲν
1532 4969 1783 5041 βασιλεὺς
1829 4968 2000 5030 οὕτως

440 5062 557 5130 ἔχοι
586 5062 811 5131 γνώμης
852 5062 981 5114 ὥστ’
1012 5063 1099 5130 ἐφ’
1129 5064 1373 5130 ἑκάτερα
1408 5063 1609 5133 ῥᾳδίως
1668 5059 2002 5129 μεταϐάλλε-

442 5153 593 5212 σθαι,
645 5154 736 5205 καὶ
778 5155 981 5223 μικρᾶς
1040 5155 1203 5208 ἕνεκα
1252 5154 1285 5223 ἢ
1346 5157 1441 5208 καὶ
1499 5154 1760 5225 οὐδεμιᾶς
1801 5153 2000 5213 αἰτίας,

443 5242 690 5312 πολέμου
719 5246 936 5313 ἄρχειν,
971 5246 1025 5298 τί
1054 5246 1134 5298 δεῖ
1164 5246 1240 5315 τῷ
1280 5247 1508 5316 τοιούτῳ
1539 5246 1792 5316 ἀφορμὰς
1835 5260 2007 5312 ταρα-

443 5337 546 5405 χῆς
578 5339 673 5389 καὶ
730 5339 969 5401 στάσεως
1036 5321 1133 5391 ἐπί
1173 5338 1320 5411 λύμῃ
1369 5341 1462 5392 καὶ
1495 5337 1670 5408 φθορᾷ
1698 5335 1792 5389 τοῦ
1826 5336 2007 5387 κοινοῦ

2076 3265 2195 3321 gam
2232 3250 2377 3303 illam
2404 3251 2767 3318 vagationetn,
2797 3252 3087 3320 variasque
3119 3251 3392 3318 ambages,
3412 3259 3469 3305 et
3495 3251 3634 3304 afﬂi-

2078 3344 2313 3397 ctionem
2344 3341 2611 3395 diuturnae
2650 3341 3032 3410 expeditionis.
3073 3357 3196 3395 cum
3229 3343 3392 3397 etiam
3450 3341 3636 3395 divina

2083 3449 2181 3488 nos
2198 3433 2372 3487 virtus
2395 3432 2678 3504 atljnvaret
2694 3434 2803 3502 jam
2821 3433 2888 3487 de
2911 3432 3154 3488 hostith
3180 3432 3417 3502 perfecte
3442 3432 3641 3486 trium-

2083 3524 2388 3594 phavimus,
2443 3532 2498 3578 et
2558 3523 2860 3578 Romanum
2918 3524 3284 3593 princip-amnt
3353 3524 3636 3578 vobiscum

2085 3613 2548 3682 recuperavimus.
2580 3612 2736 3668 Nunc
2787 3614 3035 3668 hostibus
3074 3615 3495 3684 quiescentibus,
3535 3629 3646 3683 pa-

2086 3722 2313 3774 cemque
2343 3706 2583 3776 agitante
2626 3706 2909 3774 republica
2939 3721 3064 3761 cum
3102 3720 3393 3762 cernamus
3416 3720 3514 3759 vos
3546 3706 3649 3758 ile-

2089 3814 2209 3853 rum
2236 3799 2501 3862 laborare,
2530 3808 2590 3850 ut
2619 3798 2674 3851 in
2715 3798 2850 3851 mala
2883 3798 3155 3866 prioribus
3188 3797 3433 3866 graviora
3459 3796 3651 3863 praeci—

2092 3885 2292 3954 pitetis,
2320 3886 2575 3954 iubemus
2623 3901 2691 3940 ne
2724 3901 2915 3939 rursus
2949 3901 3083 3939 nova
3125 3883 3486 3945 meditemini,
3510 3896 3652 3936 neu

2094 3977 2236 4030 bello
2268 3973 2661 4037 infelicissimo,
2699 3976 2800 4028 hoc
2840 3983 2925 4027 est
2973 3974 3142 4040 civili,
3196 3974 3479 4028 materiam
3525 3986 3652 4042 sug-

2093 4066 2312 4136 geratis.
2350 4062 2405 4116 Si
2439 4064 2555 4115 hare
2584 4063 2851 4125 dicerent,
2899 4064 3143 4131 inquam,
3177 4073 3232 4117 et
3265 4073 3526 4133 tanquam
3555 4079 3652 4117 co-

2095 4154 2337 4207 ronidem
2374 4153 2637 4207 adderent
2672 4153 2787 4207 haec
2819 4170 2831 4204 :
2862 4152 3141 4222 Siquidem
3193 4164 3414 4224 propter
3441 4155 3538 4223 has
3566 4170 3655 4207 ra-

2098 4245 2272 4298 tiones
2303 4243 2446 4296 dicta
2468 4251 2652 4296 nostra
2697 4242 3006 4309 admittitis,
3039 4251 3093 4297 et
3122 4243 3457 4313 approbatis,
3517 4246 3655 4298 bene

2097 4344 2212 4401 est;
2240 4335 2326 4388 sin
2352 4341 2554 4397 autem,
2592 4333 2772 4388 videte
2805 4347 2873 4386 ne
2903 4334 3061 4388 vobis
3095 4334 3277 4403 potius
3301 4350 3464 4404 quam
3494 4334 3660 4389 nobis

2101 4423 2396 4495 perniciem
2424 4423 2736 4477 accersatis.
2772 4423 2926 4486 Quod
2954 4423 3001 4477 si
3030 4424 3292 4477 adderent
3334 4425 3520 4490 etiam,
3548 4439 3656 4481 non

2099 4516 2275 4570 dicam
2310 4515 2414 4568 tale
2440 4514 2571 4583 quid
2605 4529 2623 4567 :
2650 4514 2706 4569 Si
2730 4515 3023 4583 imperator
3052 4528 3120 4567 eo
3146 4513 3220 4568 sit
3248 4513 3486 4582 ingenio,
3511 4524 3572 4567 ut
3603 4514 3660 4568 in

2106 4622 2394 4680 utramque
2420 4619 2630 4680 partem
2662 4610 2818 4665 facile
2833 4618 3093 4676 mutetur,
3120 4618 3176 4664 et
3202 4619 3425 4678 propter
3439 4623 3658 4663 causam

2100 4705 2185 4758 vel
2218 4718 2456 4773 parvam.
2494 4702 2580 4755 vel
2613 4702 2814 4756 nullam
2846 4701 3048 4755 bellum
3096 4700 3342 4769 incipiat,
3374 4698 3506 4768 quid
3536 4697 3663 4753 huic

2102 4790 2531 4861 perturbationis
2557 4806 2622 4844 ac
2641 4789 2930 4845 seditionis
2945 4789 3010 4843 ad
3044 4797 3254 4859 pestem
3299 4797 3356 4842 ct
3380 4787 3663 4842 interitum

2102 4883 2416 4951 reipublicae
2444 4882 2911 4949 opportunitatem
2946 4881 3228 4951 porrigere
3278 4895 3417 4950 Opus
3440 4878 3567 4933 est?
3606 4878 3663 4933 Si

2064 5021 2069 5025 .
2100 4980 2280 5025 autem
2306 4970 2677 5040 schphantis,
2705 4971 3082 5039 perversisque
3108 4958 3446 5031 hominibus,
3481 4980 3545 5019 ac
3576 4965 3665 5018 ni-

2100 5060 2212 5113 hilo
2244 5060 2565 5114 melioribus
2594 5061 2883 5129 mancipiis
2914 5061 3166 5128 pessimis
3196 5056 3546 5126 obsequitur,
3565 5069 3667 5108 nec

2102 5150 2267 5219 260
2295 5152 2371 5203 sic
2394 5149 2599 5219 justum
2630 5159 2796 5218 atque
2847 5151 2978 5204 utile
2998 5163 3308 5212 censemus,
3327 5147 3407 5201 sic
3435 5145 3666 5207 aﬂectis,

2106 5254 2163 5296 ut
2186 5243 2352 5295 Cares
2381 5256 2479 5293 nos
2510 5241 2780 5308 subjicere
2818 5242 2916 5309 (‘5),
2949 5255 3056 5293 non
3083 5240 3282 5298 dicam,
3315 5238 3360 5291 si
3390 5238 3550 5299 istuc,
3569 5234 3666 5289 sed

2107 5334 2153 5387 si
2184 5331 2418 5385 orationi
2451 5345 2560 5383 suae
2595 5329 2725 5384 illud
2773 5345 2942 5383 unum
2990 5329 3151 5384 modo
3178 5329 3556 5409 adiungerent.
3585 5325 3671 5381 di-

1712 5450 1924 5511 Jacobi
1964 5448 2222 5509 Pontani
2251 5456 2435 5535 nota),

522 5573 601 5642 (Ξ)
643 5573 757 5637 SiC.
812 5576 990 5631 Verbis
1038 5577 1257 5644 inquam
1302 5575 1592 5644 Plautinis,
1643 5572 1794 5625 reddi
1846 5585 2005 5640 posse

450 5640 671 5713 opinor,
710 5645 855 5711 quod
884 5645 1070 5698 Grtere
1099 5640 1203 5699 est.
1229 5648 1329 5697 οὐκ
1357 5640 1452 5698 οἷδ’
1476 5646 1557 5695 ὅτι
1582 5643 1866 5713 παθόντες.

526 5715 601 5781 (ὸ)
642 5715 817 5766 Cares
847 5717 1067 5766 luerunt
1092 5714 1326 5767 barbaro
1361 5729 1424 5766 ac
1449 5712 1632 5767 servili
1680 5710 2011 5781 ingenio,_ct

454 5777 737 5853 proposita
765 5788 1012 5837 mercede
1039 5784 1212 5851 parati
1247 5787 1310 5837 ad
1339 5782 1571 5852 quodvis
1603 5779 1802 5833 malum
1831 5777 2012 5846 perfe-

2109 5571 2362 5622 rendum.
2390 5567 2570 5620 Testis
2617 5565 2925 5619 llerodolus
2973 5566 3024 5619 in
3074 5564 3326 5625 Euterpe.
3368 5563 3572 5618 Indica?
3613 5571 3671 5616 et

2105 5638 2498 5705 Aristophanes
2544 5637 2597 5688 in
2647 5637 2837 5687 Avibus
2878 5653 2895 5688 :
2930 5634 2990 5705 Ei
3031 5637 3085 5686 δὲ
3128 5635 3332 5696 δοῦλος,
3379 5638 3473 5686 καὶ
3524 5635 3667 5705 Καρ,

2106 5712 2243 5772 quod
2272 5703 2316 5757 si
2355 5721 2531 5757 servm
2573 5714 2669 5760 est.
2698 5715 2746 5756 et
2792 5707 2917 5756 Car.
2967 5703 3123 5758 Plura
3160 5703 3677 5774 Parmmiographus

2108 5776 2399 5842 proverbio
2461 5778 2529 5828 lu
2558 5779 2693 5829 Care
2718 5774 3009 5828 periculum
