4122 6296
341 366 449 431 553

1497 372 2030 431 HlSTOItlARUM
2071 374 2301 432 LIBER
2340 374 2415 436 Il.

3474 380 3580 442 554

340 479 437 531 ἐπὶ
464 477 653 548 καιρόν
674 495 688 510 ’
718 478 906 533 ἔπειτα
935 479 1025 533 ὑπ’
1049 479 1230 533 αὐτῶν
1257 496 1403 543 τινος
1428 481 1538 533 τῶν
1595 481 1906 534 συνειδότων

2013 480 2172 560 dens,
2211 483 2348 538 nihil
2381 484 2430 538 ei
2477 485 2561 539 vel
2604 485 2854 550 faciebat,
2898 487 2984 542 vel
3017 486 3380 543 meditabatur
3412 496 3582 547 mole-

336 570 421 640 τῷ
463 571 682 640 μεγάλῳ
720 571 1023 642 δομεστίκῳ
1060 571 1302 641 ἐμηνύθη
1330 589 1344 602 ·
1383 575 1479 626 καὶ
1516 574 1766 639 κατέγνω
1809 572 1908 641 μὲν

340 644 545 730 ’πολλήν
575 662 739 716 αὐτοῦ
770 662 1094 732 ἀχαριστίαν
1123 665 1217 717 καὶ
1247 663 1641 734 ἀμνημοσύνην
1668 665 1777 718 τῶν
1807 682 1905 717 κα-

267 812 273 816 ,
335 751 451 804 λῶν
469 767 484 781 ο
513 752 658 819 ὅμως
683 752 739 804 δὲ
767 752 1083 817 σπουδάζων
1106 752 1222 817 ῖσος
1246 751 1381 807 εἶναι
1406 754 1583 823 ἐαυτῷ
1609 754 1704 807 καὶ
1726 754 1908 822 ὅμοιος

339 842 438 894 ἐπὶ
465 842 541 911 τῷ
569 842 835 909 ἄτρεπτος
868 841 1053 910 μένειν
1082 844 1139 894 ὲν
1169 845 1280 906 τοῖς
1309 843 1532 909 ἀγαθοῖς
1554 882 1568 906 ,
1596 841 1718 895 οὕτε
1750 843 1907 895 ἐϐου-

335 933 569 986 λεύσατο
598 931 745 1001 αὐτῷ
779 949 834 984 τι
863 931 1124 1002 δυσχερὲς
1143 974 1157 998 ,
1189 933 1312 987 οὔτε
1343 935 1623 1004 εῖργαστο,
1676 934 1814 988 ἀλλὰ
1841 934 1910 987 τά

334 1042 397 1076 τε
424 1023 558 1078 ἄλλα
578 1019 646 1095 ἦν
668 1024 1122 1094 προσκεκρουκὼς
1146 1024 1293 1094 αὗτῷ
1316 1025 1489 1090 οὐδὲν,
1516 1026 1607 1078 καὶ
1628 1025 1728 1093 τῆς
1752 1026 1909 1077 ἐσπέ-

340 1133 445 1182 ρας
471 1117 572 1185 τὴν
601 1116 775 1185 dog/iw
807 1116 893 1185 ἐφ’
921 1116 1104 1169 ἱκανὸν
1136 1108 1362 1188 παρεῖχε
1399 1118 1589 1187 χρόνον
1620 1116 1809 1188 ἄρχειν
1833 1133 1846 1147 ο
1880 1120 1908 1169 ὀ

333 1207 381 1258 δ’
405 1207 485 1259 ἔτι
517 1206 718 1276 μᾶλλον
743 1207 1069 1276 βουλόμενος
1095 1205 1345 1274 βεϐαίους
1390 1206 1540 1278 αὐτῷ
1567 1209 1691 1271 τοὺς
1718 1209 1906 1276 φίλους

333 1299 500 1362 εῖναι,
543 1300 638 1350 καὶ
678 1298 863 1367 ὅρκοις
910 1297 1308 1367 κατελάμϐανε,
1355 1299 1450 1351 καὶ
1500 1299 1660 1362 αὐτὸς
1707 1303 1772 1353 ἐκ
1813 1300 1905 1353 τοῦ

334 1388 524 1455 ὁμοίου
561 1389 842 1457 παρεῖχεν.
879 1387 1150 1455 Ἐγίνοντο
1182 1386 1240 1439 δὲ
1275 1388 1321 1439 οἱ
1356 1387 1509 1455 ὅρκοι
1545 1388 1639 1438 ἐπὶ
1671 1385 1902 1447 τούτοις

336 1479 674 1547 Συργιάννην
700 1480 793 1531 καὶ
821 1478 983 1530 αὑτόν
1008 1493 1127 1530 τινα
1156 1477 1341 1543 φίλους
1369 1474 1508 1530 εἶναι
1536 1476 1786 1545 βεϐαίους
1812 1478 1907 1531 καὶ

338 1569 547 1638 μηδένα
574 1567 664 1620 ὑπ’
686 1567 939 1636 οὐδεμιᾶς
966 1567 1211 1635 ἀνάγκης
1237 1566 1327 1618 τὸν
1352 1568 1537 1634 ἕτερον
1563 1566 1867 1636 προδιδόναι
1888 1581 1902 1597 ⁸

336 1662 405 1713 ἂν
443 1659 489 1712 δ’
544 1659 621 1711 ἑνί
663 1659 726 1725 γέ
767 1675 841 1726 τῳ
880 1657 1179 1726 τελευτήσῃ
1212 1658 1401 1725 τρόπῳ
1444 1660 1471 1709 ὁ
1517 1648 1789 1725 βασιλεὺς,
1833 1657 1906 1726 μὴ

332 1751 567 1805 ἕκαστον
589 1751 618 1801 ὃ
640 1767 691 1801 τι
719 1750 784 1802 ἂν
806 1750 988 1819 οἴηται
1012 1748 1219 1801 δίκαιον
1268 1748 1364 1801 καὶ
1392 1748 1665 1809 λυσιτελὲς
1691 1751 1863 1799 ποιεῖν
1889 1788 1902 1808 ,

332 1843 472 1894 ἀλλὰ
502 1843 655 1911 κοινῇ
690 1840 1151 1910 βουλευσαμένους
1178 1840 1205 1891 ὅ
1234 1856 1286 1891 τι
1318 1839 1382 1891 ἂν
1435 1837 1566 1908 δοκῇ
1598 1839 1904 1906 Συργιάννῃ

332 1933 632 2002 πράττειν,
662 1932 773 1986 ’καὶ
818 1930 1021 2001 μηδένα
1069 1931 1399 1998 ἀντιλέγειν,
1443 1930 1578 1984 ἀλλὰ
1627 1930 1907 1983 πείθεσθαι

334 2025 486 2093 αὑτῴ
520 2024 592 2087 ὡς
622 2023 692 2077 τὰ
724 2024 876 2093 κοινῇ
911 2008 1257 2092 σῧμφὲροντα
1292 2022 1715 2090 βουλευσομένιμ.
1748 2021 1908 2074 Ἀλλὰ

332 2117 511 2170 ταῦτα
553 2118 651 2185 μὲν
686 2115 949 2185 πρότερον
973 2129 989 2143 ·
1028 2113 1252 2181 ὕστερον
1285 2112 1342 2165 δὲ
1380 2113 1482 2165 οὐκ
1520 2111 1688 2182 ὀλίγῳ
1731 2112 1906 2182 χρόνῳ

328 2209 664 2278 διατρίϐοντι
702 2206 910 2276 βασιλεῖ
941 2206 1086 2259 κατὰ
1117 2205 1216 2275 τὴν
1251 2205 1583 2275 Χαλκιδικὴν
1615 2203 1713 2273 τὴν
1747 2206 1807 2257 ἐν
1838 2206 1903 2274 τῇ

330 2301 547 2372 Θράκῃ,
581 2300 818 2367 συνῆσαν
852 2298 951 2368 μὲν
979 2297 1086 2350 τῶν
1116 2299 1172 2349 ἐκ)
1205 2296 1345 2349 τέλει
1380 2296 1586 2360 πολλοὶ,
1641 2297 1822 2364 παρῆν
1851 2296 1905 2347 δὲ

333 2394 431 2443 aut
463 2388 799 2459 Συργιάννης
826 2404 839 2417 ο
874 2387 1144 2455 Ἀρσὲνιος
1172 2387 1229 2438 δὲ
1258 2385 1644 2454 Ύζαμπλάκων
1676 2388 1703 2439 ὁ
1735 2387 1907 2453 μέγας

334 2483 551 2543 παπίας
578 2479 865 2550 παρελθὼν
888 2480 983 2532 ἐπὶ
1009 2482 1096 2530 τοῦ
1123 2478 1407 2548 βασιλέως,
1436 2478 1623 2530 ἐδίωκε
1649 2477 1738 2529 τὸν
1766 2478 1903 2548 Συρ-

333 2575 566 2643 γιὰννην
605 2572 861 2635 ἀπιστίας
888 2588 902 2601 ·
942 2568 1408 2639 διῖσχυριζόμενος
1445 2568 1520 2631 ὡς
1557 2568 1906 2636 ἁπελέγξειεν

332 2665 431 2718 ἐπὶ
468 2665 567 2734 τῆς
609 2662 783 2731 δίκης.
828 2661 1163 2732 Συργιάννης
1203 2662 1260 2713 δὲ
1304 2661 1463 2724 εὐθὺς
1510 2662 1638 2728 πρὶν
1683 2662 1905 2731 βασιλέα

330 2754 674 2824 φθέγξασθαί
724 2771 800 2814 τι,
850 2750 1283 2817 καταψεύδεσθαί
1330 2767 1389 2803 τε
1443 2751 1686 2819 ἔφασκεν
1737 2753 1902 2805 αὐτοῦ

334 2846 782 2915 Τςαμπλὰκωνα,
812 2845 904 2897 καὶ
932 2842 1234 2908 ἀποδείξεις
1264 2842 1520 2911 παρέξειν
1550 2841 1644 2895 τοῦ
1673 2841 1904 2912 ψεύδους

334 2941 586 3010 ἰσχυράς.
621 2939 679 2990 '0
708 2938 753 2991 δ’
774 2937 836 2990 οὐ
865 2936 975 2990 δεῖν
1003 2935 1240 3006 ἔφασκεν
1294 2937 1420 3007 εἰκῆ
1452 2936 1779 3008 λογομαχεῖν
1809 2938 1920 2991 ἀλ-’

330 3031 517 3101 λήλοις
545 3028 950 3096 ἅντεπάγοντας
976 3029 1037 3080 τὸ
1064 3025 1382 3097 ψεύδεσθαι,
1433 3028 1547 3082 ἀλλ’
1576 3029 1669 3081 ἐπὶ
1697 3032 1794 3097 τῆς
1824 3030 1902 3082 δί-

2010 574 2172 637 stius,
2223 575 2316 629 sed
2342 586 2398 630 et
2425 577 2629 644 alioqui
2656 577 2793 632 nihil
2816 577 2865 632 ei
2896 578 3087 642 iratus,
3109 578 3424 634 Occidentis
3445 596 3581 650 prae-

2008 664 2277 719 fecturam
2331 666 2424 719 diu
2500 666 2747 722 indulsit.
2807 668 2903 724 llle
2960 669 3154 726 volens
3206 669 3310 725 sibi
3375 673 3581 725 amicos

2008 755 2281 822 stabilire,
2333 758 2722 828 jusjurandum
2795 760 3089 830 poscebat,
3153 760 3411 830 idemque
3463 761 3580 830 ipse

2010 847 2322 912 praestabat.
2365 847 2662 903 Jurabatur
2705 861 2888 904 autem
2924 852 3107 905 verbis
3131 852 3430 920 conceptis,
3453 851 3583 921 Syr-

2009 935 2262 1004 giannem
2293 945 2348 992 et
2395 938 2544 992 illum
2577 940 2781 994 amicos
2814 941 2866 993 in
2913 940 3018 994 ﬁde
3051 957 3461 1010 permansuros,
3488 959 3584 997 ne-

2009 1026 2325 1096 minemq:.e
2371 1029 2477 1081 ulla
2512 1032 2836 1085 net-essitate
2868 1031 3146 1089 adactum.
3189 1032 3426 1086 alterum
3456 1050 3583 1104 pro-

2008 1115 2271 1171 diturum.
2306 1116 2459 1182 Quod
2487 1119 2530 1173 si
2570 1120 2709 1176 forte
2753 1132 3059 1176 moreretur
3091 1126 3410 1192 imperator,
3460 1127 3582 1179 nul-

2008 1204 2118 1257 lum
2150 1208 2294 1276 quod
2333 1208 2458 1273 sibi,
2485 1210 2578 1264 sed
2609 1213 2753 1278 quod
2786 1213 2968 1267 habito
3000 1215 3254 1279 consilio,
3286 1214 3575 1286 Syrgianni

2009 1311 2107 1364 pro
2135 1312 2293 1366 atquo
2318 1308 2374 1353 et
2403 1300 2546 1354 bono
2571 1302 2888 1370 placuisset,
2922 1303 2974 1357 id
3004 1288 3297 1368 facturum,
3328 1316 3384 1360 et
3409 1307 3585 1360 nemi-

2007 1404 2134 1441 nem
2189 1404 2668 1461 repugnaturum:
2719 1410 2904 1449 verum
2956 1396 3030 1450 illi
3088 1407 3148 1451 ut
3195 1400 3582 1453 eommunitati

2017 1480 2300 1537 l'ruetuose
2343 1484 2662 1539 consulturo
2711 1486 3048 1542 obedituros.
3097 1489 3206 1544 Sed
3258 1490 3374 1544 [nec
3430 1490 3583 1557 prius

2009 1582 2166 1638 gesta
2194 1582 2344 1625 sunt.
2378 1573 2496 1627 Non
2531 1576 2704 1629 multo
2740 1588 2861 1645 post
2897 1566 3394 1648 imperatoreapud
3421 1579 3583 1634 Chal-

2008 1660 2218 1715 cidicen
2244 1662 2354 1731 (12)
2387 1663 2636 1719 Thracia:
2676 1676 3070 1734 comm‘orante,
3102 1670 3332 1724 aderant
3376 1669 3579 1724 ibidem

2009 1751 2100 1816 qui
2164 1754 2580 1821 magistratibus
2637 1755 3007 1825 fungebantur
3055 1748 3387 1826 complures.
3441 1760 3584 1812 inter

2009 1848 2224 1908 quoset
2258 1841 2609 1911 Syrgiannes.
2645 1844 2907 1899 Arsenius
2936 1854 3117 1899 autem
3148 1845 3438 1915 Zamplaco
3470 1863 3583 1899 ma-

2009 1948 2146 2000 gnus
2181 1934 2403 2002 pappias
2443 1936 2562 2003 ejus
2593 1952 2791 1989 nomen
2844 1947 2900 1990 ut
2946 1936 3140 2004 perﬁdi
3174 1937 3241 1990 ad
3288 1938 3584 2006 imperato-

2012 2039 2123 2077 rem
2177 2025 2373 2079 detulit
2408 2026 2542 2096 (13),
2606 2027 2902 2091 aﬁirmans,
2944 2045 3001 2082 se
3041 2046 3165 2083 eum
3204 2030 3413 2099 judicio
3452 2047 3581 2085 con-

2011 2116 2306 2170 victurum.
2340 2117 2671 2186 Syrgiannes
2714 2120 3000 2174 confestim
3042 2114 3390 2190 imperatoris
3415 2123 3579 2177 verba

2009 2206 2365 2273 prasvenivns,
2414 2206 2831 2275 Zamplaconem
2868 2208 3110 2271 mentiri,
3141 2223 3310 2277 seque
3358 2209 3580 2262 menda-

2007 2299 2154 2349 cium
2198 2298 2346 2352 illius
2399 2298 2568 2352 ﬁrmis
2620 2303 2963 2369 argumentis
3003 2302 3364 2370 probaturum
3414 2301 3575 2354 dixit.

2009 2389 2145 2443 Tum
2186 2389 2496 2459 Zamplaco,
2525 2407 2631 2445 non
2667 2406 2804 2460 Opus
2828 2408 2948 2447 esse
2985 2393 3238 2447 inanibus
3278 2395 3575 2449 verborum

2007 2481 2223 2550 pugnis,
2256 2481 2385 2535 dum
2414 2483 2551 2535 alter
2581 2482 2807 2561 alterum
2863 2483 3082 2536 mentiri
3130 2484 3348 2550 clamat,
3393 2461 3487 2540 sed
3522 2485 3574 2537 in

2001 2572 2273 2642 judicium
2303 2573 2662 2639 veniendum,
2689 2582 2743 2627 et
2772 2572 2840 2627 ab
2872 2583 3105 2643 utroque
3129 2573 3199 2627 ad
3230 2574 3283 2627 id
3315 2578 3456 2643 quod
3493 2593 3579 2628 ω-

2005 2665 2069 2718 lit
2123 2664 2543 2727 omendendum,
2578 2665 2814 2720 rationes
2847 2664 2901 2718 iu
2928 2665 3166 2719 medium
3204 2660 3576 2721 adducendas.

2003 2752 2085 2807 Ad
2126 2753 2240 2808 haec
2282 2752 2579 2822 imperator
2623 2754 2861 2823 primum
2907 2754 3127 2824 quidem
3180 2754 3579 2825 aliquantisper

2005 2845 2189 2911 siluit;
2211 2843 2349 2898 nihil
2383 2844 2530 2899 enim
2564 2844 2836 2900 hactenus
2858 2845 2926 2901 de
2952 2844 3257 2917 Syrgianne
3283 2848 3530 2903 audierat
3562 2867 3576 2901 :

2004 2938 2203 2993 deinde
2219 2937 2576 3007 permolestos
2599 2936 2703 2992 sibi
2723 2937 2825 2991 hos
2836 2952 3120 2993 sermones
3136 2953 3258 2993 esse
3281 2939 3581 3009 dixit,quu-

2005 3031 2149 3085 niam
2170 3030 2337 3084 nollet
2356 3030 2634 3099 subjectos
2663 3042 2795 3084 suos
2822 3029 2960 3085 alios
2983 3029 3205 3100 quidem
3240 3032 3581 3088 inﬁdelitatis

333 3140 441 3191 κης
469 3120 846 3182 καταστάντας
875 3119 1135 3187 ἑκάτερον
1160 3113 1235 3172 ὧν
1264 3118 1407 3184 ἀξιοῖ
1437 3120 1774 3190 παρέχεσθαι
1803 3123 1902 3186 τὸς

2008 3123 2216 3178 crimen
2258 3121 2565 3185 intendere,
2599 3119 2738 3175 alios
2778 3134 3000 3176 causam
3035 3122 3238 3187 dicere,
3280 3123 3375 3178 sed
3407 3120 3578 3178 amari

335 3211 647 3278 ἀποδείξεις
668 3228 683 3242 ο
716 3209 970 3279 βασιλεὺς
999 3209 1054 3262 δὲ
1086 3209 1351 3278 πρότερον
1384 3209 1482 3278 μὲν
1509 3212 1784 3280 ἡσύχασεν
1814 3212 1906 3264 ὲπὶ

341 3303 542 3374 μικρὸν
565 3302 703 3371 πρὸς
725 3301 792 3354 τὰ
822 3300 1086 3369 εἰρημένα
1106 3316 1122 3330 ο
1151 3299 1275 3351 οὐδὲ
1299 3300 1408 3370 γὰρ
1435 3297 1502 3372 ἦν
1530 3317 1615 3353 πω
1644 3302 1907 3371 πρότερον

335 3393 496 3447 οὐδὲν
539 3391 789 3461 ἀκηκοὼς
834 3391 964 3460 περὶ
1009 3390 1356 3460 Συργιάννησ
1407 3392 1597 3445 ἔπειτα
1644 3392 1907 3463 ἄχθεσθαι

338 3480 446 3551 μὲν
479 3474 600 3532 εἶπε
636 3480 729 3532 καὶ
761 3478 901 3531 πάνυ
935 3479 1071 3549 πρὸς
1105 3479 1231 3542 τοὺς
1263 3479 1539 3543 τοιούτους
1574 3481 1764 3549 λόγους
1793 3500 1805 3513 ·
1840 3485 1904 3536 οὐ

335 3573 449 3643 γὰρ
479 3569 764 3641 βούλεσθαι
792 3569 941 3638 αὐτῷ
966 3569 1092 3632 τοὺς
1123 3568 1430 3638 ὑπηκόους,
1485 3571 1608 3632 τοὺς
1639 3572 1738 3639 μὲν
1775 3574 1905 3626 ἁπι-

336 3665 497 3724 στίας
540 3662 784 3730 φεύγειν,
829 3662 954 3724 τοὺς
998 3659 1056 3713 δὲ
1102 3659 1320 3713 διώκειν
1345 3675 1360 3692 ·
1412 3660 1549 3715 ἀλλὰ
1595 3663 1804 3726 πάντας
1847 3681 1904 3717 τε

337 3756 492 3823 αὐτῷ
517 3754 702 3818 εὔνους
730 3749 870 3807 εἶναι
892 3795 903 3815 ,
936 3754 1029 3807 καὶ
1062 3753 1267 3824 μηδένα
1327 3752 1450 3822 μηδ’
1473 3753 1562 3822 ὑφ’
1586 3755 1704 3817 ἑνὸς
1733 3771 1908 3825 κατη-

336 3846 623 3919 γορεῖσθαι
641 3861 658 3878 ο
686 3845 809 3898 ἐπεὶ
830 3846 887 3896 δὲ
913 3846 1132 3915 εἴρηται
1157 3843 1405 3906 τοιαῦτα,
1430 3843 1543 3898 οὗθ’
1562 3843 1734 3906 οὕτως
1761 3845 1846 3915 ἔχε
1858 3862 1907 3898 ιν

334 3938 480 3992 ὥστε
509 3938 651 3992 πάνυ
681 3935 961 3988 πιάτεύειν
990 3936 1101 3999 δεῖ,
1137 3936 1251 3989 οὗθ’
1277 3934 1420 3988 ὥστε
1453 3936 1704 3989 ἀπιστεῖν
1724 3975 1739 3999 ,
1772 3937 1908 3989 ἀλλὰ

336 4030 561 4102 βασάνῳ
589 4027 650 4080 τὸ
684 4028 916 4096 πρᾶγμα
945 4026 1158 4090 δόντας,
1186 4026 1421 4096 τάληθὲς
1449 4027 1767 4094 ἀνερευνᾷν.
1802 4024 1906 4078 Εὐ-

220 4106 225 4109 Δ
316 4130 505 4190 ’χομαι
544 4117 601 4170 δὲ
630 4115 1055 4185 Τζιμπλάκωνα
1087 4113 1441 4185 παραχθέντα
1501 4113 1705 4182 μᾶλλον
1734 4112 1804 4164 τὰ
1833 4111 1908 4181 μὴ

335 4211 472 4263 ὅντα
502 4208 706 4276 λέγειν,
741 4207 774 4278 ἢ
804 4208 866 4259 si.
886 4205 1148 4268 τοιούτοις
1180 4206 1314 4265 οἵοις
1343 4204 1504 4266 αὐτός
1531 4218 1697 4271 φησιν
1728 4203 1911 4272 ἐνέχε-

332 4301 466 4355 σθαι
508 4301 712 4361 κακοῖς.
759 4296 1097 4367 Συργιάννης
1126 4295 1183 4348 δὲ
1201 4295 1372 4347 ἐδεῖτο
1427 4293 1691 4364 βασιλέως
1745 4295 1906 4361 μόνον

2008 3213 2077 3267 ab
2137 3211 2431 3279 omnibus,
2465 3221 2520 3265 et
2574 3211 2847 3265 neminem
2899 3211 2968 3265 ab
3035 3210 3146 3264 ullo
3198 3212 3361 3267 ullius
3403 3213 3579 3268 scele-

2009 3301 2086 3354 ris
2110 3300 2376 3354 accusari.
2416 3297 2547 3364 Quae
2600 3314 2732 3353 vero
2777 3298 2921 3352 dicta
2973 3284 3107 3366 sint,
3145 3314 3247 3355 nec
3286 3301 3411 3355 talia
3434 3316 3576 3365 esse,

2009 3399 2071 3445 ut
2103 3391 2260 3445 valde
2293 3389 2587 3454 credenda,
2626 3405 2729 3445 nec
2766 3390 2914 3456 talia,
2942 3400 3002 3446 ut
3039 3394 3264 3447 omnino
3304 3394 3577 3450 credenda

2008 3496 2117 3536 non
2147 3482 2278 3547 sint,
2310 3479 2477 3551 268
2497 3478 2755 3547 quocirca
2780 3480 3172 3545 examinanda,
3205 3495 3260 3536 et
3292 3484 3575 3539 veritatem

2006 3568 2415 3639 inquirendam.
2436 3566 2637 3637 Optare
2650 3577 2833 3623 autem
2860 3584 2941 3633 se,
2958 3569 3375 3639 Zamplaeonem
3394 3574 3580 3642 potius

2007 3668 2130 3730 quae
2156 3674 2269 3714 non
2296 3660 2406 3714 sint
2438 3659 2700 3729 objicere,
2731 3674 2895 3728 quam
2941 3659 3300 3732 Syrgiannem
3337 3662 3583 3734 objecto~

2010 3763 2131 3804 rum
2153 3748 2448 3805 criminum
2474 3762 2629 3803 reum
2656 3761 2802 3804 esse.
2826 3748 3159 3820 Syrgianncs
3176 3767 3371 3821 rogare
3409 3753 3579 3823 impe-

2009 3848 2268 3905 ratorem,
2284 3847 2492 3892 tantum
2509 3831 2567 3892 ut
2591 3839 2712 3908 jure
2728 3853 2914 3893 secum
2941 3849 3155 3908 agatur,
3175 3857 3241 3895 ne
3264 3857 3359 3910 per
3375 3843 3581 3897 calum-

2008 3931 2156 3984 niam
2170 3928 2377 3983 indicta
2401 3942 2565 3982 causa
2590 3927 2903 3982 damnetur.
2931 3928 3101 3984 Falsis
3143 3941 3326 3984 autem
3351 3931 3502 3986 hisee
3524 3950 3581 3988 et

2008 4019 2260 4075 conﬁctis
2287 4017 2637 4073 sermonibus
2678 4017 2817 4071 nihil
2848 4033 2908 4072 se
2948 4021 3179 4084 turbari,
3212 4021 3471 4091 nulloque
3500 4024 3581 4077 la-

2008 4113 2140 4166 bore
2171 4109 2223 4164 id
2250 4108 2395 4178 quod
2425 4117 2615 4163 essent
2634 4109 3162 4164 demonstraturum.
3182 4110 3320 4164 Tum
3346 4112 3583 4181 impera-

2008 4213 2117 4267 tor,
2145 4200 2262 4256 Sibi
2284 4215 2508 4271 quoque
2538 4199 2762 4269 probari
2794 4201 2984 4268 magis,
3015 4202 3091 4254 uti
3124 4202 3354 4256 crimina
3379 4204 3577 4267 diluat,

2007 4300 2063 4344 et
2090 4305 2157 4345 ne
2182 4290 2346 4344 unius
2371 4288 2592 4358 quidem
2628 4303 2755 4343 vere
2786 4290 3169 4344 convincatur.
3203 4289 3453 4358 luiquam
3484 4306 3581 4345 au-

332 4394 446 4446 τῶν
474 4391 698 4445 δικαίων
736 4393 941 4459 τυχεῖν,
969 4390 1067 4443 acati.
1099 4389 1177 4457 μὴ
1223 4386 1314 4439 διὰ
1364 4385 1728 4453 συκοφαντίαν
1774 4386 1905 4456 ἐρή-

2010 4390 2118 4435 tem
2164 4378 2495 4434 sententiam
2542 4393 2820 4449 nunquam
2868 4379 2924 4432 in
2970 4394 3097 4433 eum
3147 4380 3409 4444 laturum,
3469 4399 3577 4437 non

338 4499 452 4554 μην
488 4481 687 4534 ἁλῶναι
713 4495 727 4510 ·
770 4480 893 4540 τοὺς
926 4479 984 4532 δὲ
1032 4477 1247 4546 ψευδεῖς
1291 4476 1542 4529 τουτουσὶ
1575 4475 1667 4529 καὶ
1696 4475 1903 4528 πεπλα-

2008 4471 2202 4529 solum.
2235 4478 2292 4524 ut
2310 4469 2364 4522 in
2390 4482 2648 4538 praesens,
2667 4467 2736 4522 de
2762 4468 2870 4521 vita
2892 4468 2946 4521 in
2972 4469 3277 4537 perieulum
3299 4481 3576 4537 vocatum,

336 4569 572 4637 σμένους
616 4567 828 4634 λόγους,
873 4564 1120 4636 ἡγεῖσθαί
1149 4580 1211 4616 τε
1239 4563 1430 4632 μηδὲν,
1468 4563 1563 4615 καὶ
1613 4567 1709 4616 σὺν
1735 4562 1906 4614 οὐδενὶ

2010 4561 2103 4614 sed
2131 4575 2308 4627 neque
2333 4559 2400 4615 de
2433 4559 2614 4627 aliqua
2642 4573 2702 4613 re
2732 4558 3097 4628 abiectissima
3125 4560 3391 4629 iudicium
3417 4577 3578 4616 suum

337 4661 499 4730 πόνῳ
528 4661 557 4712 ὅ
604 4674 711 4729 περ
750 4663 856 4711 εἰσι
910 4658 1110 4729 ῥᾳδίως
1160 4655 1489 4719 ἀποδείξειν.
1535 4654 1798 4716 Βασιλεὺς
1852 4650 1911 4707 δὲ

335 4753 429 4805 καὶ
458 4752 619 4814 αὐτὸς
652 4753 857 4817 ἔφασκε
894 4747 1033 4802 κατὰ
1067 4746 1294 4815 γνώμην
1338 4743 1486 4813 αὐτῷ
1512 4738 1652 4796 εἶναι
1711 4743 1910 4813 μᾶλλον

335 4839 716 4896 ἀπολύσασθαι
774 4841 870 4901 τὰς
917 4836 1255 4906 κατηγορίας
1313 4835 1408 4887 καὶ
1479 4834 1603 4902 μηδ’
1668 4835 1760 4886 ἐπὶ
1813 4836 1912 4905 μιᾷ

337 4929 523 4984 αὐτῶν
578 4929 779 4983 ἁλῶναι
824 4926 1077 4995 ἀληθῶςο
1130 4926 1316 4979 ἄδικον
1361 4924 1418 4977 δὲ
1474 4923 1653 4992 ψῆφον
1698 4925 1799 4977 οὐκ
1842 4926 1906 4976 ἄν

337 5007 481 5074 ποτε
500 5020 648 5090 αὐτῷ
679 5020 1017 5095 ἐπενεγκεῖν,
1042 5017 1103 5069 οὐ
1132 5018 1289 5086 μόνον
1306 5015 1494 5085 ὥσπερ
1513 5015 1610 5069 νῦν
1644 5017 1773 5084 περὶ
1800 5015 1905 5084 ψυ-

334 5114 438 5185 χῆς
462 5111 877 5180 ἀγωνιζομένῳ,
906 5108 1022 5160 ἀλλ’
1052 5107 1160 5159 οὐδ’
1183 5106 1232 5158 εἰ
1263 5105 1526 5175 περὶτῶν
1557 5105 1906 5172 φαυλοτάτων

331 5206 480 5267 τινος
536 5203 802 5271 ἐλάγχανε
849 5200 946 5271 τὴν
983 5200 1160 5268 δίκην.
1228 5197 1269 5251 Τ
1275 5196 1636 5266 ζαμπλάκωνι
1679 5196 1735 5248 δὲ
1785 5197 1912 5248 ἐκέσ-

2012 4653 2360 4727 subeuntem.
2395 4650 2534 4704 Tum
2568 4649 2917 4719 Zamplaconi
2964 4651 3247 4704 mandavit
3281 4666 3579 4720 exponere,

2009 4759 2243 4812 quorum
2279 4741 2637 4813 Syrgiannem
2674 4741 3053 4807 insimularet;
3112 4741 3296 4797 adhuc
3340 4743 3487 4796 enim
3516 4759 3579 4797 ca

2009 4833 2310 4888 nesciebat.
2364 4832 2456 4886 Ille
2505 4830 2669 4886 altius
2698 4817 2989 4899 repetens,
3043 4832 3454 4887 accusationem
3498 4834 3579 4888 sic

2012 4924 2184 4978 ordiri
2211 4945 2223 4977 ;
2250 4918 2580 4993 Syrgiannes
2608 4922 2720 4987 bic,
2758 4922 3075 4993 imperator,
3117 4921 3399 4979 Occidenti
3444 4939 3582 4993 pra:-

2014 5013 2211 5075 fectus,
2242 5011 2479 5081 primum
2521 5011 2743 5081 quidem
2779 5012 3023 5067 studiose
3048 5011 3198 5078 fecit,
3237 5024 3399 5083 atque
3427 5015 3577 5068 onmi

2012 5118 2114 5171 ope
2142 5102 2463 5168 elaboravit,
2499 5112 2556 5156 ut
2577 5102 2890 5156 sodalitium
2922 5103 3025 5156 sibi
3058 5104 3455 5157 constitueret:
3491 5119 3576 5163 ac,

2014 5196 2059 5248 si
2108 5205 2317 5264 posset,
2352 5208 2547 5248 omnes
2598 5208 2665 5249 eo
2704 5194 3029 5263 impelleret,
3061 5194 3138 5248 uti
3181 5209 3237 5248 se
3282 5194 3347 5246 ad
3397 5195 3573 5263 ipsum

1603 5332 1819 5395 Jacobi
1851 5308 2116 5394 Pontani
2154 5342 2343 5394 notae.

412 5468 527 5540 (12)
564 5467 642 5521 Ad
688 5482 841 5520 oram
896 5482 1001 5540 ms.
1031 5464 1361 5540 legebatur:
1397 5461 1462 5513 Ὀ
1508 5459 1603 5514 νῦν
1655 5458 1905 5512 καλεῖται

334 5532 591 5604 Beia-ph,
621 5552 737 5606 qua:
758 5552 898 5589 nunc
937 5537 1132 5606 dicitur
1173 5532 1440 5606 veterum.

409 5597 524 5676 (l3)
558 5597 765 5659 De'ista
803 5605 1155 5676 accusatione
1205 5598 1596 5676 Syrgiannisa
1659 5597 1909 5676 zampla-

336 5669 474 5734 coite
506 5669 792 5743 'Gregoras
844 5675 936 5728 lib.
983 5690 1013 5726 χ
1061 5690 1075 5726 :
1118 5669 1437 5743 Syra—ianuas
1478 5670 1622 5743 prius
1649 5669 1808 5719 etiam
1842 5673 1902 5719 ob

294 5776 297 5777 ν
336 5757 583 5805 exactum
628 5740 661 5796 ἆ
718 5743 1264 5797 'I'Itessalonicensibus
1313 5740 1691 5809 jusjurandum
1738 5744 1903 5805 magi-

630 5835 901 5895 ΡΑΤιιοι..
956 5836 1073 5894 tia.
1111 5832 1318 5895 CLIIl.

2009 5459 2206 5511 stratui
2232 5465 2534 5523 suspectus;
2586 5467 2633 5507 et
2675 5457 2800 5524 quia
2833 5473 2866 5510 a
2904 5466 3074 5509 matre
3123 5453 3452 5522 imperatoris
3476 5455 3575 5506 αα»

2012 5536 2239 5597 optutus
2278 5526 2473 5593 fuerat,
2522 5540 2638 5576 cum
2659 5526 2955 5597 imperator
2978 5524 3323 5597 Didymoticlti
3359 5524 3578 5597 capituli

2011 5593 2190 5650 morbo
2223 5594 2521 5659 laboraret;
2560 5604 2669 5645 tum
2705 5611 2735 5645 a
2764 5593 3121 5662 Zamplacone
3156 5595 3291 5644 ιωδιε
3321 5595 3577 5660 majesta-

2008 5669 2071 5719 lia
2106 5681 2223 5717 rcus
2267 5674 2435 5724 actus,
2482 5665 2565 5715 sui
2594 5664 2903 5732 defendendi
2947 5680 3108 5716 causa
3159 5662 3472 5729 Byzantium
3508 5663 3577 5719 ad

2007 5744 2371 5807 imperatorem
2404 5736 2557 5789 venit.

3181 5830 3248 5888 13
