4122 6296
561 332 663 390 5ῖὼ

1708 328 2030 389 JOANNIS
2064 280 2592 387 CANTACiJZENl

3694 330 3798 393 556

557 450 914 519 applicarent,
936 459 989 503 et
1010 450 1151 503 inter
1183 444 1551 503 amicissimos
1569 455 1940 500 numerarent.
1962 443 2105 509 Quod

2223 445 2409 495 λευσεν
2438 443 2473 497 δι
2507 445 2811 515 Συργιάννῃ
2864 443 3124 513 ἐγκαλοίη
3168 443 3247 506 εἰς
3280 442 3443 512 μέσον
3472 441 3629 512 ἄγειν
3660 461 3672 474 ·
3706 446 3796 497 ού-

557 555 682 596 cum
727 556 758 593 a
800 528 1079 609 principio
1098 538 1280 593 statim
1334 537 1672 602 videremus,
1705 537 1957 590 arbitrati
1991 551 2118 590 eum

556 631 740 701 gloriaa
769 630 1106 698 laudumque
1155 627 1458 698 cupiditate
1492 627 1667 697 (quas
1695 626 1944 681 homines
1974 626 2119 682 beati

557 721 825 792 prtecipue
855 721 1219 785 admirantur,
1250 727 1303 774 et
1329 718 1750 786 obstupescunt)
1775 717 1863 771 isti
1890 732 2122 785 occupa-

558 811 690 865 tioni
721 826 780 866 se
807 811 1041 875 dedisse,
1065 825 1179 865 rem
1210 810 1350 864 haud
1384 809 1604 877 indigne
1627 809 1954 864 ferebamus.
1983 808 2119 862 Cum

555 913 738 958 autem
772 911 1014 970 tempore
1062 901 1394 971 procedente
1432 901 1552 971 ejus
1582 900 1638 954 in
1668 899 1755 954 his
1785 899 2121 968 diligentiam

555 991 696 1044 ultra
726 998 958 1060 ’aequum
988 1004 1234 1044 crescere
1262 990 1706 1052 observaremus,
1741 989 1929 1043 incidit
1960 989 2121 1045 nobis

551 1082 813 1152 suspicio,
846 1097 954 1137 non
987 1082 1194 1151 glorise,
1224 1080 1317 1136 sed
1352 1081 1655 1151 cuiuspiam
1687 1080 2005 1135 occultioris
2038 1080 2119 1134 rei

552 1175 825 1230 desiderio
857 1175 910 1228 in
937 1174 1040 1228 hoc
1068 1188 1195 1229 eum
1224 1188 1445 1243 operam
1470 1188 1694 1242 ponere,
1728 1184 1781 1227 et
1809 1173 2119 1228 accuratius

551 1267 617 1320 ad
652 1280 716 1319 ea
743 1280 865 1334 qme
890 1265 1239 1333 agitabantur
1280 1263 1720 1318 attendebamus.
1747 1263 1817 1319 Ut
1855 1278 1983 1319 vero
2025 1279 2121 1318 ne-

550 1357 700 1425 gotio
723 1355 976 1425 indagato
998 1356 1392 1424 comperimus,
1417 1362 1771 1425 aggregantes
1788 1369 1847 1411 se
1868 1354 1935 1409 ad
1967 1355 2119 1409 illum

549 1462 656 1501 non
684 1446 993 1501 inconsulte
1026 1445 1080 1499 in
1109 1444 1404 1499 amicitiam
1432 1445 1626 1515 recipi,
1650 1446 1747 1500 sed
1776 1444 1939 1500 ﬁdem
1965 1462 2119 1502 suam

542 1537 857 1609 juramento
878 1537 1200 1607 astringere,
1234 1536 1525 1607 ipsumque
1556 1537 1796 1593 vicissim
1820 1553 1973 1593 suam
2011 1539 2121 1596 illis

549 1616 893 1686 sacramento
924 1628 1183 1698 obligare,
1222 1638 1337 1681 tum
1372 1628 1528 1685 nobis
1557 1637 1715 1683 aucta
1741 1636 1826 1683 est
1855 1630 2116 1699 suspicio,

548 1719 829 1774 hominem
874 1725 1068 1789 magna
1110 1718 1357 1789 quaedam
1410 1719 1615 1774 scelera
1658 1721 1858 1786 moliri,
1891 1722 2121 1789 diligen-

549 1819 744 1878 terque
769 1808 1120 1863 conditiones
1161 1819 1218 1864 et
1245 1810 1420 1877 capita
1442 1808 1495 1861 in
1526 1824 1648 1878 quae
1675 1810 1917 1880 juratnm
1946 1824 2115 1877 esset,

548 1898 959 1968 inquisivimus.
988 1898 1327 1953 Narrabatur
1351 1907 1534 1954 autem
1556 1912 1587 1953 a
1608 1901 1865 1964 consciis,
1881 1902 2116 1970 primum

542 1994 758 2061 jurasse
772 1990 1056 2063 Syrgianni
1085 1990 1405 2056 amicitiam,
1428 2001 1482 2045 et
1503 1988 1853 2061 Syrgiannem
1888 1982 2029 2058 'illis,
2061 2002 2118 2049 et

546 2082 881 2138 omnimodis
905 2081 1050 2136 inter
1078 2095 1137 2135 se
1156 2081 1494 2150 profuturos.
1528 2080 1738 2137 Deinde
1763 2083 1809 2137 si
1847 2083 1978 2153 quid
2017 2085 2117 2139 im-

548 2173 787 2243 peratori
817 2172 1136 2228 humanitus
1161 2171 1508 2243 contigisset,
1535 2187 1643 2227 non
1663 2188 2113 2246 unumquemque

545 2265 691 2335 quod
722 2264 824 2319 sibi
853 2262 1196 2319 conducibile
1215 2273 1524 2333 appareret,
1550 2264 1643 2319 sed
1675 2279 1795 2334 qua:
1815 2277 1937 2334 post
1966 2282 2114 2322 com-

546 2372 765 2410 munem
780 2355 1232 2411 deliberationem
1249 2354 1577 2427 Syrgiannes
1590 2371 1687 2426 pro
1706 2358 1932 2413 utilibus
1948 2358 2113 2415 habe-

544 2461 645 2518 ret,
673 2455 736 2506 ea
770 2451 989 2505 demum
1016 2449 1281 2506 facturos.
1301 2449 1430 2504 Haec
1467 2464 1499 2503 a
1540 2465 1628 2506 me
1654 2466 1783 2506 vere
1806 2453 2114 2508 asseverari

544 2553 710 2599 testes
740 2544 901 2599 dabo.
928 2543 1008 2598 Tn
1039 2543 1224 2611 igitur,
1254 2542 1574 2614 imperator,
1599 2543 1729 2612 quid
1763 2543 1831 2598 de
1861 2545 1946 2599 his
1987 2560 2114 2616 pro-

543 2635 762 2690 nunties
773 2637 1044 2691 monitore
1064 2650 1173 2690 non
1190 2648 1334 2705 eges;
1356 2635 1487 2689 mihi
1502 2634 1724 2705 quidem
1745 2635 2112 2692 insolentissi-

544 2742 692 2781 mum
707 2737 786 2781 est
813 2727 1010 2790 visum,
1028 2726 1442 2797 269a|iquem
1462 2725 1782 2801 imperatori
1805 2738 2107 2798 parentem,

543 2818 964 2896 subjectumque
1024 2833 1084 2873 se
1144 2816 1533 2884 confitentem,
1591 2819 1718 2874 talia
1780 2822 2106 2879 machinari.

540 2908 738 2963 Audivi
760 2907 926 2962 etiam
953 2923 982 2962 a
1006 2907 1305 2979 majoribus
1323 2907 1461 2964 meis
1485 2909 1830 2971 subditorum
1854 2913 2108 2985 hujusce-

541 2999 689 3054 modi
720 3013 887 3054 ansus
911 2997 1154 3054 nefarios
1194 3000 1429 3055 maxime
1442 2992 1702 3056 ’omnium
1727 3020 1921 3061 eorum
1944 3010 2105 3078 perfl-

2222 532 2279 586 δὶ
2328 533 2436 604 γάρ
2475 552 2562 589 πω
2614 535 2729 604 ᾔδει
2758 537 2886 605 περὶ
2943 535 3123 589 αὐτῶν
3181 537 3355 591 οὐδέν.
3401 536 3793 605 Τζαμπλάκων

2223 626 2280 679 δὲ
2319 626 2525 681 ἄνωθεν
2582 628 2913 698 ἀρξάμενος,
2945 629 3117 693 οὕτως
3166 632 3403 684 ἐποιεῖτο
3464 631 3562 700 τὴν
3620 649 3795 700 κατη-

2223 716 2413 784 γορίαν
2438 731 2451 748 ο
2485 717 2821 787 Συργιάννης
2854 718 3059 785 obtorti,
3109 718 3305 787 λέγων,
3343 712 3389 772 ὦ
3422 719 3663 789 βασιλεῦ,
3698 720 3798 789 τὴν

2225 808 2321 873 τῆς
2366 807 2608 876 ἑσπέρας
2664 808 2838 878 ἀρχὴν
2885 810 3382 879 ἐπιτετραμμένος,
3458 810 3653 880 πρῶτα
3696 810 3797 877 μὲν

2224 899 2461 952 ἐποιεῖτο
2489 899 2577 952 διὰ
2600 900 2862 970 σπουδῆς.
2890 900 2987 953 καὶ
3034 900 3194 971 ἔργον
3235 898 3302 971 ἣν
3340 901 3491 971 αὑτῷ
3522 902 3631 954 τῶν
3661 901 3799 955 πάνθ

2224 1004 2332 1041 των
2401 989 3004 1060 περισπουδάστότατον
3073 990 3350 1060 ἑταιρείαν
3419 990 3796 1062 συστήσασθαι

2225 1080 2357 1151 περὶ
2388 1081 2575 1143 αὑτὸν,
2610 1080 2707 1135 καὶ
2763 1082 2971 1143 πάντας
3022 1084 3069 1134 εί
3127 1081 3347 1135 δύναιτο
3408 1082 3559 1150 αὐτῷ
3610 1084 3795 1136 πεῖσαι

2224 1172 2538 1243 προσέχειν,
2568 1172 2671 1225 ικαὶ
2720 1172 2778 1224 ἐν
2810 1172 2924 1231 τοῖς
2954 1171 3193 1241 μάλιστα
3228 1171 3338 1223 τῶν
3378 1169 3550 1239 φίλων
3586 1171 3747 1239 ἄγειν
3778 1188 3794 1200 ·

2225 1266 2385 1334 ἡμεῖς
2418 1266 2474 1317 δὲ
2501 1265 2570 1318 τὰ
2611 1263 2836 1318 τοιαῦτα
2886 1264 3119 1332 δρῶντες
3162 1263 3404 1333 μάλιστα
3434 1264 3492 1318 ὲν
3541 1265 3663 1325 ταῖς
3693 1265 3796 1331 ἀρο

2223 1358 2364 1426 χαῖς,
2398 1357 2634 1425 οἰόμενοι
2672 1354 2835 1409 αὐτὸν
2867 1352 3027 1423 δόξης
3086 1353 3462 1423 ἐπιθυμοῦντα
3499 1357 3595 1406 καὶ
3637 1356 3796 1406 ἔπαξε

2222 1462 2349 1510 νων,
2400 1447 2479 1507 είς
2530 1444 2565 1496 ἂ
2626 1444 2864 1515 μάλιστα
2913 1443 3208 1513 ἐπτόηνται
3260 1444 3309 1495 οἱ
3356 1441 3644 1504 δοκοῦντες
3697 1444 3793 1493 εῦ-

2220 1539 2407 1608 τυχετν
2454 1539 2567 1598 τοίς
2609 1536 2872 1596 τοιαύτας
2927 1533 3283 1604 ὴσχολῆσθαι,
3337 1533 3670 1602 ἐποιούμεθα
3726 1535 3797 1584 τὰ

2223 1630 2572 1699 πραττόμενα
2619 1627 2723 1680 οὐκ
2777 1629 2835 1678 ἐν
2868 1625 3028 1694 δεινῴ
3050 1641 3065 1657 ο
3096 1624 3174 1687 ὡς
3222 1624 3278 1676 ει
3306 1623 3400 1677 τοῦ
3445 1624 3641 1693 χρόνου
3670 1640 3790 1690 τρι·

2226 1720 2479 1790 ϐομὲνου,
2547 1718 2645 1788 τὴν
2697 1720 2755 1772 ὲν
2799 1720 2915 1782 τοῖς
2978 1715 3246 1779 τοιούτοις
3327 1716 3565 1786 σπουδὴν
3617 1715 3793 1784 μείζω

2222 1810 2316 1865 τοῦ
2345 1810 2718 1881 προσήκοντος
2775 1808 3072 1878 γινομένην
3119 1806 3410 1879 ἑωρῶμεν,
3459 1805 3790 1861 ὑποπτεύειν

2220 1898 2396 1971 ἐπῄει,
2444 1901 2522 1971 μὴ
2569 1899 2690 1970 οὐχὶ
2746 1898 2990 1966 εὐδοξίας
3040 1898 3205 1952 ἕνεκα
3253 1898 3322 1951 τὰ
3352 1896 3578 1951 τοιαῦτα
3625 1898 3790 1951 αὐτὸν

2218 1992 2578 2063 ἐπιτηδεύειν,
2635 1990 2773 2047 ἀλλά
2843 2007 2989 2053 τινος
3048 1990 3240 2060 ἑτέρου
3301 1990 3463 2059 χάριν
3528 1989 3780 2059 ἀπορρη-

2216 2085 2438 2155 τοτέρου
2488 2100 2505 2139 ·,
2565 2083 2659 2137 καὶ
2693 2066 3147 2152 ’περιεργότερον
3212 2079 3589 2153 ,προσείχομεν
3673 2085 3787 2146 τοῖς

2216 2174 2522 2242 γινομένοις
2563 2186 2577 2202 ⁶
2618 2171 2693 2235 ὡς
2749 2171 2807 2224 δὲ
2864 2171 2937 2226 τὰ
2993 2171 3220 2225 τοιαῦτα
3294 2169 3593 2241 ἐρευνῶσιν
3644 2171 3787 2240 ἐμη-

2216 2264 2371 2319 νύετο
2407 2264 2483 2326 ὡς
2532 2264 2651 2317 οὐδὲ
2701 2243 3035 2327 ἁπλῶςθκαὶ
3084 2262 3434 2335 ἀπεριέργως
3496 2263 3551 2316 αι
3602 2262 3779 2331 φιλίαι

2213 2355 2472 2427 γίνωνται
2502 2355 2613 2409 τῶν
2646 2355 3051 2425 συνισταμένων
3104 2353 3240 2423 πρὸς
3305 2354 3495 2419 αὐτὸν,
3543 2353 3659 2406 ἀλλ’
3687 2355 3783 2426 δρα

2215 2463 2332 2510 κοις
2354 2447 2606 2500 διδόντων
2632 2447 2842 2512 πίστεις
2878 2446 3106 2518 ἰσχυρὰς
3129 2445 3222 2500 καὶ
3233 2444 3630 2515 ,λαμϐανόντων
3647 2445 3779 2518 παρ’

2211 2538 2397 2605 αὐτοῦ,
2448 2538 2695 2611 τότἐἦδτι
2739 2540 2797 2592 ὲν
2826 2539 3034 2593 πλείονι
3086 2533 3232 2609 ἦμεν
3272 2537 3482 2609 ὑποψίᾳ
3524 2537 3619 2592 τοῦ
3678 2555 3781 2607 με.

2212 2634 2353 2702 γάλα
2407 2635 2530 2688 τινά
2576 2634 2908 2704 κακουργεῖν
2956 2632 3117 2687 αὐτόν
3147 2650 3161 2664 ·
3189 2631 3435 2693 καὶτοὺς
3464 2631 3662 2701 ὅρκους
3692 2633 3779 2702 ἐφ’

2208 2725 2413 2787 ὁποίοις
2469 2724 2715 2799 γίνονται.
2755 2723 2996 2795 ἀκριϐῶς
3052 2723 3445 2795 διηρευνῶμεν.
3475 2722 3784 2794 Ἐμηνύετυ

2206 2813 2253 2867 δ’
2313 2812 2406 2866 ὑπ’
2464 2812 2652 2867 αὐτῶν
2707 2811 2817 2866 τῶν
2889 2812 2959 2866 τά
3008 2813 3236 2867 τοιαῦτα
3289 2812 3646 2880 συνειδότων,
3698 2815 3777 2877 ὡς

2207 2904 2426 2975 πρῶτον
2472 2903 2576 2974 μὲν
2594 2902 2829 2972 γίνοιντο
2860 2903 2910 2957 οί
2942 2902 3103 2972 ὅρκοι
3134 2902 3232 2956 ἐπὶ
3251 2901 3330 2971 τῷ
3356 2903 3556 2967 αὐτοὺς
3586 2904 3776 2973 φίλους

2207 2992 2346 3049 εἶναι
2382 2995 2712 3067 Συργιάννῃ,
2744 2995 2840 3048 καὶ
2875 2992 3040 3048 αὑτὸν
3092 2982 3275 3058 αὐτοῖς
3300 3010 3318 3028 ο
3361 2994 3548 3048 καὶτὰ
3595 2996 3773 3048 συνοί·

537 3093 681 3161 diam
704 3089 1179 3161 defectionemque
1226 3106 1477 3161 arguere.
1501 3093 1741 3151 Proinde
1764 3111 1888 3152 cum
1918 3107 2103 3157 tacere

2209 3105 2371 3143 σοντα
2432 3086 2685 3158 ἀλλήλοις
2718 3089 2779 3141 ἐκ
2808 3087 3011 3150 παντὸς
3036 3087 3241 3158 τρόπου
3291 3086 3555 3158 πράττειν
3581 3088 3776 3140 ἐκατέ-

535 3195 646 3237 non
683 3195 921 3251 possem,
954 3181 1150 3236 horum
1183 3182 1361 3251 ipsum
1395 3183 1539 3253 apud
1568 3195 1622 3239 te
1653 3188 1930 3254 accusavi,
1980 3190 2105 3261 opio

537 3283 718 3338 natus,
750 3272 979 3344 perinde
1011 3287 1133 3328 esse
1159 3282 1326 3343 atque
1357 3273 1402 3327 si
1429 3275 1566 3330 mala
1596 3277 1760 3331 simul
1797 3290 2101 3350 perpetres,

534 3365 640 3419 nisi
666 3380 728 3419 ea
762 3364 1017 3420 conscius
1043 3364 1357 3420 accusando
1395 3364 1636 3436 detegas.
1672 3369 1773 3425 Ubi
1812 3370 2103 3442 Zamp'aco

531 3456 824 3520 conticuit,
857 3454 1188 3525 Syrgiannes
1217 3454 1510 3522 afﬁrmare,
1541 3457 1797 3528 injuriam
1833 3462 1935 3517 sibi
1961 3463 2099 3530 fieri,

530 3556 590 3602 et
618 3561 678 3601 se
716 3546 1058 3601 calumniose
1106 3549 1433 3615 oppugnari,
1489 3550 1817 3619 mentirique
1850 3553 2101 3624 Zampla-

532 3653 749 3701 conem,
791 3637 885 3707 qui
940 3638 1042 3689 ista
1093 3651 1161 3690 ex
1208 3635 1337 3690 odio
1379 3637 1686 3694 inveterato
1737 3642 2097 3714 confinxerit;

533 3732 664 3796 quia
693 3728 903 3782 scilicet
940 3727 1080 3780 filios
1113 3727 1255 3796 ejus,
1281 3727 1681 3796 Zamplaconis.
1719 3731 1962 3800 inquam,
2003 3736 2098 3806 qni

532 3820 603 3873 ab
648 3819 980 3887 imperatore
1017 3817 1351 3881 defecerant,
1385 3818 1493 3871 dux
1529 3830 1719 3875 contra
1746 3825 2094 3891 eosmissus,

536 3918 724 3978 captos
749 3917 803 3962 et
822 3909 1035 3964 vinctos
1051 3909 1117 3963 ad
1142 3908 1523 3977 imperatorem
1539 3911 2101 3987 adduxeritlampla-

532 4012 598 4050 co
622 3997 727 4051 sibi
755 3996 896 4051 filios
920 4011 1118 4065 parvas,
1151 4007 1243 4051 aut
1279 3998 1413 4053 nulli
1440 4014 1585 4055 cum
1609 4001 1746 4056 dixit
1776 4018 1919 4068 esse,
1952 4008 2097 4075 quod

532 4104 633 4144 nec
669 4087 944 4157 profuturi
983 4088 1094 4142 sint
1134 4090 1452 4159 quidquam,
1488 4092 1533 4145 si
1566 4093 2111 4163 meliores(l4),nec.

532 4179 795 4232 maculam
827 4180 930 4235 sibi
958 4181 1255 4248 aspersnri,
1287 4182 1331 4237 si
1358 4181 1487 4235 mali
1511 4181 1747 4248 fuerint;
1780 4185 2095 4255 imperatori

529 4265 681 4317 cordi
709 4264 848 4331 fore,
872 4281 983 4334 quo
1021 4277 1179 4334 pacto
1212 4282 1309 4323 eos
1345 4276 1563 4334 tractet,
1599 4285 1723 4325 cum
1759 4272 1837 4327 illi
1861 4276 2092 4331 subsint.

529 4357 668 4410 Udio
707 4367 891 4412 autem
937 4367 1269 4414 commotum
1315 4374 1621 4427 accusasse,
1665 4379 1778 4419 non
1823 4365 2096 4421 inficiatu-

531 4463 689 4523 rum;
729 4462 834 4502 nec
872 4449 1021 4502 enim
1058 4464 1240 4518 posse,
1271 4451 1364 4519 qui
1395 4466 1454 4507 se
1485 4453 1733 4522 improbe
1762 4471 1891 4526 erga
1924 4457 2095 4527 impe-

528 4548 768 4593 ratorem
794 4538 1079 4609 gresserit,
1109 4554 1217 4594 non
1240 4539 1454 4596 odisse:
1484 4543 1784 4613 orabatque
1813 4547 2091 4611 eumdem,

532 4645 598 4683 ne
643 4644 834 4683 eorum
879 4644 1205 4699 quemquam
1254 4631 1476 4687 domum
1528 4633 1866 4700 dimitteret,
1918 4638 2094 4694 donec

2208 3199 2333 3253 ρους
2355 3197 2371 3213 ·
2400 3181 2593 3235 ἔπειτα
2618 3179 2686 3233 ἂν
2738 3178 2922 3249 συμϐῇ
2973 3177 3201 3248 βασιλέα
3231 3177 3420 3249 τρόπῳ
3449 3177 3512 3249 δή
3540 3194 3646 3231 τινι
3678 3194 3769 3230 τε·

2205 3274 2487 3343 λευτῆσαι,
2523 3272 2600 3344 μὴ
2630 3271 2863 3325 ἕκαστον
2891 3271 2978 3340 ἐφ’
3016 3268 3215 3324 ἑαυτοῦ
3270 3270 3299 3323 δ
3345 3287 3399 3323 τι
3425 3270 3492 3323 ἂν
3523 3270 3654 3340 δοκῇ
3685 3286 3773 3323 συ.

2203 3370 2379 3424 νοϊσον
2415 3366 2693 3435 πράττειν,
2755 3362 2893 3417 ἀλλά
2930 3365 3082 3432 κοινῇ
3130 3361 3525 3433 σκεψαμένους,
3579 3362 3649 3415 τά
3680 3361 3769 3414 δο-

2204 3459 2757 3531 κοῦνταἚυργιάννῃ
2790 3455 3306 3517 λυσιτελεῑνκττοιεῖν
3339 3470 3354 3485 ·
3391 3455 3472 3507 ὅτι
3530 3454 3589 3506 δὲ
3634 3453 3770 3522 ἀλη-

2204 3551 2295 3622 θῆ,
2330 3552 2613 3623 μάρτυρας
2668 3550 2981 3620 παρέξομαι
3013 3552 3121 3603 τῶν
3161 3544 3492 3619 λεγομένιμὲλ
3556 3544 3766 3620 {ipsa

2200 3640 2294 3695 οὖν
2359 3642 2426 3696 ἂν
2484 3640 2703 3709 εἰδείης,
2776 3633 2824 3693 ὦ
2878 3638 3122 3709 βασιλεῦ,
3176 3640 3204 3695 ὅ
3255 3657 3308 3694 τι
3380 3639 3489 3712 χρὴ
3530 3640 3765 3706 ἀποφαί-

2201 3732 2389 3786 νεσθαι
2409 3733 2535 3801 περὶ
2556 3730 2736 3784 αὐτῶν
2761 3746 2777 3761 ο
2808 3733 2832 3783 ὲ
2841 3731 2933 3801 μοὶ
2952 3730 3011 3784 δὲ
3039 3730 3214 3785 ἐδόκει
3240 3732 3349 3785 τῶν
3375 3710 3763 3793 ἀτοπωτάτων,

2203 3823 2307 3879 ὑπὸ
2341 3821 2567 3893 βασιλέα
2622 3820 2744 3875 τινὰ
2795 3819 3075 3887 τελοῦντα,
3127 3821 3225 3877 καὶ
3279 3820 3522 3875 δουλείαν
3577 3821 3767 3890 ὁμολο-

2200 3914 2403 3985 γοῦντα
2433 3913 2691 3981 ὀφείλειν,
2720 3908 2985 3973 τοιούτοις
3006 3912 3302 3980 ἐγχειρεῖν.
3350 3911 3669 3980 Ἐτυοόμην
3700 3913 3759 3964 δὲ

2199 4009 2296 4063 καὶ
2330 3988 2440 4059 τῶν
2490 4002 2722 4075 πρώτων
2762 4000 2892 4055 ’τῶν
2943 4001 3093 4071 ἱμῶν
3138 4002 3273 4070 ἐγὼ,
3307 4003 3384 4065 ὡς
3432 4002 3504 4056 τὰ
3534 4003 3762 4057 τοιαῦτα

2200 4097 2526 4168 τολμώμενα
2586 4091 2740 4162 παρὰ
2789 4091 2900 4145 τῶν
2958 4093 3215 4161 ὑπηκόων
3262 4093 3606 4149 ἀποστασίαν
3665 4096 3764 4147 καὶ

2197 4189 2455 4246 ἀπιστίαν
2478 4186 2698 4240 πάντων
2727 4183 2964 4254 μάλιστα
2991 4184 3058 4238 ἂν
3078 4185 3256 4239 αὐτῶν
3278 4186 3635 4256 κατηγοροίη.
3668 4188 3764 4241 Διὸ

2197 4281 2316 4335 οὐδὲ
2349 4278 2662 4349 ἠνεσχόμην
2694 4275 2821 4344 σιγῇ
2852 4272 3071 4344 φέρειν’
3101 4274 3219 4329 ἀλλ’
3272 4277 3363 4328 ἐπὶ
3395 4275 3492 4331 σοῦ
3540 4277 3613 4331 τά
3650 4294 3757 4330 τοι·

2197 4373 2335 4445 ᾳῦςα
2363 4367 2724 4437 κατηγόρηκα
2750 4363 2938 4429 αὐτοῦ,
2966 4364 3203 4434 νομίζων
3229 4365 3329 4419 οὐκ
3354 4366 3576 4422 ἔλαττον
3614 4364 3760 4422 εἶναι

2194 4466 2255 4518 τὸ
2312 4460 2688 4530 συμπράττειν
2732 4456 2870 4528 πρὸς
2898 4457 2968 4510 τὰ
3011 4456 3191 4525 φαῦλα
3229 4458 3323 4510 τοῦ
3373 4460 3653 4514 συνειδότα
3683 4464 3760 4531 μὴ

2189 4555 2434 4623 ἐλέγχειν
2461 4552 2540 4612 είς
2569 4547 2906 4618 κατηγορίας
2935 4547 3117 4614 λόγον.
3167 4548 3407 4602 Τοιαῦτα
3449 4551 3759 4620 Τζαμπλά.

2189 4662 2362 4705 κωνος
2419 4640 2728 4705 διεξιόντος,
2785 4636 3093 4691 ἀδικεῖσθαι
3149 4639 3241 4689 καὶ
3303 4641 3753 4708 συκοφαντεῖσθαι

531 4720 645 4788 ipse
693 4719 925 4774 testibus
961 4720 1227 4784 evocatis,
1284 4720 1423 4774 nihil
1454 4736 1513 4776 se
1553 4724 1921 4780 calumniandi
1970 4729 2097 4783 libi-

2207 4736 2478 4788 ῑιετείνετο
2515 4735 2543 4784 ὁ
2591 4730 2927 4800 Συργιάννης
2963 4730 3058 4782 καὶ
3084 4729 3522 4798 καταψεύδεσθαι
3572 4730 3758 4802 Τζαμ-

530 4810 655 4861 dine
683 4807 891 4873 fictum,
922 4808 1015 4862 sed
1050 4810 1321 4878 ipsissima
1349 4812 1468 4889 ejus
1490 4811 1631 4868 facta
1660 4815 1713 4869 in
1739 4818 2088 4877 accusatione

529 4916 627 4955 sua
661 4914 912 4970 posuisse
933 4901 1221 4956 manifeste
1244 4903 1580 4960 o'stcnderet.
1607 4906 1907 4978 Imperator
1932 4914 2088 4970 Zam-

529 4995 812 5063 placonem
837 5009 1053 5063 aequum
1093 5003 1282 5062 petere
1313 5010 1566 5062 censens,
1591 4999 1663 5053 ita
1697 4999 1876 5058 facere
1903 4993 2091 5074 jussit.

530 5087 648 5140 Mox
683 5096 738 5140 et
773 5083 1102 5156 Syrgiannes
1131 5088 1310 5141 oravit
1338 5089 1521 5155 jacciri
1553 5091 1843 5159 quosdam,
1875 5097 1969 5165 qui
2005 5116 2092 5153 se-

527 5193 649 5233 cum
680 5193 777 5247 per
801 5177 1102 5233 calumnias
1130 5178 1315 5246 inique
1355 5184 1536 5234 actum
1571 5189 1923 5239 tesmrentur.
1950 5188 2094 5240 Con-

526 5287 740 5326 cessum
773 5279 878 5335 est,
924 5282 1047 5338 qua:
1083 5268 1151 5322 ad
1187 5269 1475 5323 veritatem
1510 5270 1989 5328 demonstrandam
2028 5277 2094 5331 li-

526 5373 695 5428 ceret,
728 5361 1073 5432 experiretur
1104 5360 1308 5414 omnia.
1340 5359 1535 5416 Subito
1566 5362 1751 5433 itaque
1788 5367 1959 5432 missi,
1993 5370 2088 5438 qui

2194 4828 2457 4880 πλάκωνα
2488 4821 2676 4886 αὑτοῦ,
2703 4822 3054 4892 πλασάμενον
3073 4821 3331 4885 διαϐολὰς
3365 4822 3514 4892 ἔχθει
3538 4824 3756 4892 παλαιῷ

2191 4919 2269 4989 τῷ
2303 4918 2439 4986 πρδς
2464 4915 2651 4982 αὑτὸν,
2682 4915 2762 4967 ὅτι
2796 4913 2925 4975 τοὺς
2968 4913 3140 4976 υἱοὺς,
3168 4913 3435 4982 βασιλέως
3476 4917 3754 4970 ἀποστάν-

2188 5025 2311 5074 τας,
2341 5005 2645 5076 στρατηγὸς
2675 5002 2794 5057 κατ’
2827 5003 3006 5055 αὐτῶν
3037 5004 3169 5055 ὲκπε
3182 5002 3380 5071 μφθεὶς
3424 5003 3757 5072 χειρώσαιτό

2186 5114 2249 5150 τε
2289 5096 2382 5148 καὶ
2404 5094 2691 5163 δεσμώτας
2718 5092 2850 5161 πρὸς
2869 5092 3093 5158 βασιλέα
3113 5092 3421 5159 ἀπαγάγοι.
3450 5090 3757 5162 Τζαμπλάι

2189 5202 2299 5238 κων
2329 5184 2388 5237 δὲ
2420 5183 2527 5235 τῶν
2566 5181 2667 5251 μὲν
2710 5181 2840 5233 υἱῶν
2888 5180 3035 5251 αύτῷ
3070 5180 3253 5248 μέλειν
3293 5181 3485 5248 ἔλεγεν
3525 5181 3682 5247 ὀλίγα
3721 5182 3754 5251 ἦ

2187 5264 2363 5337 οὐδὲν,
2391 5275 2467 5338 ὡς
2491 5273 2616 5326 οὔτε
2648 5273 2951 5342 ὀνησόντων
3003 5272 3155 5325 οὐδὲν
3203 5271 3271 5325 ἂν
3318 5272 3564 5342 βελτίους
3596 5268 3750 5334 ὦσιν,

2189 5365 2313 5420 οὔτε
2340 5363 2831 5435 προστριψομένων
2872 5364 2997 5416 τινὰ
3042 5366 3308 5432 αἰσχύνην
3357 5363 3421 5417 ἂν
3451 5363 3751 5430 φαίνωνται

1781 5477 1996 5540 Jacobi
2032 5481 2223 5542 Ponto
2236 5479 2297 5539 ni
2341 5485 2526 5539 notae.

478 5612 482 5617 ι
594 5580 703 5647 (Η)
741 5577 1071 5645 Videndum,
1098 5581 1373 5649 quomodo
1395 5595 1526 5637 vera
1553 5580 1625 5635 sit
1650 5580 1767 5635 inec
1788 5586 2078 5646 sententia.

525 5649 623 5702 Cur
648 5665 679 5702 e
713 5649 806 5703 filii
829 5688 845 5711 .
867 5660 924 5704 et
949 5653 1333 5717 nepetes-boni
1377 5653 1443 5704 ad
1478 5651 1646 5705 decus
1671 5662 1727 5704 et
1747 5650 1973 5719 gloriam
2005 5656 2074 5706 fa-

532 5719 691 5779 tui-lia:
752 5733 862 5772 sua?
918 5732 1182 5787 prosunt;
1239 5730 1294 5775 et
1334 5721 1476 5774 filius
1524 5723 1744 5786 sapiens
1781 5729 1863 5773 est
1904 5722 2076 5790 gloria

2191 5583 2360 5653 patris
2410 5584 2493 5639 sui
2522 5606 2537 5651 -,
2570 5593 2625 5637 et
2648 5572 3030 5654 nequamtllii,
3063 5581 3243 5638 eidem
3292 5583 3647 5654 ignominiam
3686 5600 3750 5641 ac

2187 5652 2425 5734 dedecus
2457 5655 2683 5709 inurunt
2707 5652 2906 5722 ,‘quod
2936 5653 3201 5722 exemplis
3222 5656 3457 5723 probare
3501 5653 3641 5709 nihil
3668 5667 3752 5710 at-

2186 5733 2343 5777 tinet.
