4122 6296
482 253 584 308 tu")

1550 308 1575 323 δ.

1676 243 1908 304 JOANN
1927 242 1995 302 IS
2032 241 2548 302 CANTACUZENI

3621 238 3726 299 fuit!

485 359 730 428 Denique
751 373 876 413 cum
905 358 1215 428 imperanie
1240 357 1456 411 seniore
1487 356 1537 409 in
1553 356 1802 410 custodia
1822 374 1839 404 ι
1856 354 2056 409 inculis

2171 358 2440 422 5νειδὶςειν
2472 359 2539 410 ὀὗ
2578 354 2722 408 κατά
2762 353 2953 424 καιρὸν
3004 351 3174 414 δοκεῖ,
3209 351 3337 419 περὶ
3370 331 3553 402 οἰκῶν)
3589 350 3685 402 ἆπί
3710 354 3735 405 Ξ

480 451 817 505 constrictus
859 459 1132 514 tenerere,
1170 450 1317 504 nulla
1362 465 1457 518 spe
1490 448 1790 511 evadendi,
1834 446 2058 503 sceleris

483 543 560 595 tui
584 544 892 603 immemor,
909 551 965 595 et
982 542 1235 596 amicitia:
1258 551 1459 595 nostra:
1501 539 2055 608 consuetudinisque,

487 645 546 688 ut
581 634 757 698 soieo,
804 632 1140 697 recordatus,
1171 648 1294 701 qua:
1342 643 1397 685 tu
1436 646 1536 685 nec
1561 630 1919 700 speraviSSi-s,
1955 643 2058 682 nec

485 726 554 778 ab
584 725 693 777 alio
718 735 935 778 narrata
961 724 1311 785 credidisses,
1345 737 1408 775 ea
1436 738 1535 792 ego
1571 732 1663 775 tua
1691 736 1854 775 causa
1882 733 1937 774 et
1966 734 2060 776 co-

483 814 673 885 gitavi,
727 823 781 868 ct
836 814 939 868 feci
986 829 1135 867 :nec
1172 814 1347 867 solum
1385 828 1414 867 e
1448 828 1665 867 carcere
1721 821 1778 865 et
1826 810 2059 864 vinculis

485 914 538 959 te
585 904 762 973 eripui
811 905 1161 973 (quanquam
1208 904 1554 973 imperator's
1608 912 1779 957 mater
1824 917 1945 955 eam
1982 901 2059 955 lui

485 1009 670 1050 Curam
701 994 756 1047 in
795 1009 879 1048 me
912 994 1365 1063 reprehenderet,
1412 1004 1469 1047 et
1519 994 1817 1062 imperator
1853 1007 1960 1045 non
1991 991 2061 1045 ob

484 1086 656 1151 aliud,
684 1088 842 1156 271
874 1102 1034 1155 quam
1066 1085 1211 1155 quod
1240 1102 1339 1155 ego
1370 1086 1443 1140 ita
1475 1084 1692 1149 vellem,
1718 1083 1855 1137 hanc
1891 1083 2061 1137 licen-

489 1180 617 1232 tiam
643 1178 845 1247 daret),
882 1193 1072 1231 verum
1108 1178 1273 1231 etiam
1321 1177 1387 1230 de
1428 1175 1646 1245 publico
1678 1174 1821 1228 haud
1868 1189 2059 1243 parum

488 1270 581 1325 tibi
628 1269 831 1339 profui,
867 1283 1080 1322 annuos
1113 1268 1207 1323 tibi
1242 1268 1448 1321 reditus
1482 1283 1511 1321 e
1548 1267 1687 1321 locis
1728 1266 1895 1320 certis
1924 1280 2059 1333 sup-

485 1363 763 1430 peditans,
817 1361 1148 1429 urbiumque
1196 1360 1512 1430 pra-fectum
1573 1369 1624 1413 te
1673 1359 2057 1432 constituens;

482 1473 585 1511 nec
609 1457 791 1511 minus
822 1456 888 1509 de
921 1458 1057 1508 meis
1080 1454 1436 1508 facultatibus
1464 1453 1560 1508 tibi
1597 1453 1910 1515 consulens,
1939 1466 2061 1521 qua:

390 1588 399 1601 .
488 1560 633 1599 nunc
666 1545 947 1613 sigillatim
992 1559 1301 1606 recensere,
1338 1558 1439 1597 nec
1486 1542 1811 1613 ingenuum,
1860 1550 1915 1593 et
1948 1556 2061 1595 mo-

488 1638 637 1690 ribus
664 1637 799 1689 meis
830 1636 1067 1689 alienum
1100 1644 1265 1688 esset.
1303 1636 1414 1688 Res
1441 1633 1587 1688 enim
1623 1633 1753 1701 ipsa:
1784 1632 1983 1685 docere
2008 1639 2061 1685 te

485 1736 752 1795 possunt.
812 1726 1028 1794 qualem
1089 1726 1324 1777 amicum
1373 1739 1496 1776 cum
1553 1733 1645 1776 tuo
1706 1722 1834 1775 vitio
1885 1722 2066 1790 perdi-

486 1818 680 1881 disses,
730 1818 904 1885 ipsius
952 1816 1202 1870 bonitate
1244 1814 1674 1883 recuperaveris.
1723 1814 2062 1867 Postremoo

489 1909 637 1962 tenui
703 1907 1038 1976 ignobiliqoe
1080 1906 1400 1975 praefectura
1433 1905 1500 1958 ad
1545 1905 1711 1958 totius
1749 1902 2063 1958 Occidentis

490 2000 933 2068 procurationem
970 2006 1019 2051 te
1043 1996 1288 2067 provexi.
1318 1996 1387 2049 At
1421 2004 1499 2059 tu,
1529 2009 1625 2063 pro
1657 1994 1777 2047 istis
1806 1993 2063 2047 omnibus

486 2088 859 2143 admirabilem
885 2087 1175 2156 quamdam
1216 2094 1272 2140 et
1334 2084 1552 2154 ingenio
1600 2093 1693 2137 tuo
1731 2080 2065 2137 convenien-

488 2194 595 2238 tem
629 2182 682 2235 in
726 2162 917 2250 primis
959 2180 1189 2251 gratiam
1235 2178 1559 2248 rependisti.
1607 2177 1743 2232 Cum
1780 2176 1926 2230 enim
1979 2189 2064 2229 me

482 2274 629 2328 bene
676 2279 998 2335 merentem,
1031 2278 1499 2335 servatoremque,
1547 2282 1610 2322 ae
1641 2276 1875 2321 tutorem
1907 2276 2062 2319 tuum

486 2364 648 2417 dictis
693 2374 747 2416 et
780 2361 941 2415 factis
974 2360 1216 2430 proﬁteri
1268 2357 1579 2416 debuisses.
1614 2370 1844 2426 prorsus
1872 2362 2065 2409 contra

487 2456 670 2521 egisti,
722 2466 979 2523 tanquam
1031 2452 1083 2504 in
1120 2452 1333 2505 hostem
1383 2448 1840 2503 nocentissimum
1879 2458 1929 2500 te
1983 2445 2066 2499 in.

489 2559 730 2612 struens,
772 2557 826 2602 et
861 2547 1062 2600 multos
1101 2544 1157 2598 in
1196 2542 1516 2598 sodalitium
1566 2556 1887 2612 aggregans,
1926 2549 1985 2594 ut
2019 2540 2066 2595 si

490 2626 687 2695 iterum
734 2654 929 2694 vexare
964 2647 1016 2691 te
1047 2637 1263 2701 vellem,
1305 2648 1495 2704 posses
1541 2642 1592 2687 te
1634 2632 1965 2701 comparatis
2000 2631 2065 2686 ad

493 2735 543 2786 id
584 2730 960 2785 vitibus-tueri
997 2739 1159 2797 atque
1179 2725 1494 2781 defendere.
1530 2724 1707 2788 Unde,
1742 2733 1802 2778 ut
1832 2739 2063 2778 accusa-

492 2834 638 2878 tores
678 2822 758 2878 tui
796 2821 1094 2885 dictitant,
1158 2818 1213 2873 in
1257 2817 1576 2873 barathrum
1624 2817 1781 2887 longe
1827 2816 2069 2871 deterius

489 2925 654 2983 atque
689 2910 977 2967 exitiosius
1019 2919 1184 2967 temet
1216 2907 1541 2963 deturbasti.
1582 2907 1703 2962 Jam
1744 2921 1876 2962 vero
1909 2906 2070 2960 intel-

2163 450 2542 518 συνεγνωκότι·
2574 449 2639 501 τὰ
2672 446 2954 501 τελευταῖα
2985 446 3041 498 δὲ
3076 443 3170 496 νῦν
3192 442 3363 495 ταῦτα
3402 443 3505 494 ὑπὸ
3530 441 3733 502 χλοεραῖς

2161 546 2218 597 ὲν
2241 542 2597 614 δεσμωτηρίῳ
2631 541 2735 594 ὑπὸ
2777 540 2870 593 τοῦ
2911 539 3282 607 πρεσϐυτέρου
3317 535 3463 606 βασιλ
3478 537 3579 596 έως
3603 551 3737 588 κατ·

2161 635 2424 705 εχομένῳ,
2463 636 2557 687 καὶ
2596 633 2870 701 μηδεμίαν
2905 630 3096 683 ἐλπίδα
3150 629 3326 699 ἔχοντι
3358 627 3455 695 τῆς
3487 625 3598 679 τῶν
3623 625 3735 679 δει-

2161 727 2268 778 νῶν
2323 726 2643 791 ἀπαλλαγῆς
2672 765 2684 781 ,
2731 723 2830 789 τῆς
2874 720 2972 789 μὲν
3027 724 3125 788 σῆς
3177 718 3572 787 ἀγνωμοσύνης
3607 718 3733 770 οὒδὶ

2163 819 2535 887 ἐπεμνήσθην·
2566 814 2668 884 τῆς
2715 814 2773 867 δὲ
2818 812 2957 880 ἐμῆς
2989 813 3127 882 πρὸς
3158 811 3215 863 σὲ
3249 810 3431 877 φιλίας
3478 810 3571 863 καὶ
3607 826 3733 861 συν-

2163 907 2315 977 ηθεία
2327 924 2373 971 ς,
2401 906 2588 974 ὥσπερ
2610 904 2796 966 εἴωθα,
2822 902 3194 971 μεμνημένος,
3217 900 3359 970 ἀπερ
3376 898 3483 952 οὐδ’
3509 900 3575 952 ἀν
3603 913 3734 950 ποτε

2163 1000 2325 1059 αὐτὸς
2365 997 2623 1064 ἠλπισλις,
2654 993 2765 1047 οὐδ’
2798 994 2865 1048 ἂν
2894 993 3087 1061 ἐτέρου
3127 992 3377 1058 λέγοντος
3408 991 3628 1042 ἐπείθου
3656 988 3735 1051 ὡς

2164 1089 2248 1158 εἴη
2278 1086 2475 1166 ἀληθῆ,
2523 1084 2749 1138 τοιαῦτα
2804 1085 2898 1136 καὶ
2947 1083 3229 1153 διενοήθην
3268 1082 3361 1135 καὶ
3387 1081 3734 1151 εἰργασάμην

2164 1180 2304 1249 ὑπὲρ
2338 1177 2457 1230 σοῦ·
2487 1178 2578 1230 καὶ
2603 1177 2660 1229 οὐ
2707 1178 2866 1247 μόνον
2901 1175 2997 1229 τοῦ
3036 1174 3412 1243 δεσμωτηρίου
3449 1172 3738 1242 ἀπήλλαξα

2165 1273 2258 1325 καὶ
2302 1270 2412 1324 τῶν
2486 1268 2703 1330 κλοιῶν,
2767 1267 3015 1335 καίτοιγε
3079 1266 3247 1320 πολλά
3307 1267 3402 1320 καὶ
3465 1264 3738 1336 βασιλίδος

2163 1363 2262 1430 τῆς
2314 1362 2578 1432 βασιλέως
2641 1362 2849 1430 μητρὸς
2897 1360 2998 1429 τῆς
3051 1359 3130 1420 είς
3186 1359 3243 1409 οὲ
3282 1358 3535 1427 προνοίας
3572 1358 3736 1409 ἕνεκα
3822 1364 3829 1370 ’

2163 1455 2500 1522 αἰτιωμένης
2525 1494 2540 1516 ,
2598 1454 2694 1517 καὶ
2739 1451 3000 1519 βασιλέως
3039 1449 3206 1502 αὐτοῦ
3248 1448 3315 1501 δι’
3342 1449 3495 1503 οὐδὲν
3540 1449 3735 1516 ἕτερον

2162 1551 2195 1621 ἢ
2227 1549 2317 1603 διὰ
2341 1549 2401 1601 τὸ
2438 1549 2467 1607 ὲ
2478 1548 2545 1615 μὲ
2579 1546 2861 1615 βούλεσθαι
2892 1546 3050 1613 μόνον
3081 1543 3415 1613 τὴνοᾶδειαν
3455 1557 3739 1608 παρεσχη-

2169 1642 2354 1709 μένου,
2384 1638 2517 1692 ἀλλὰ
2558 1636 2649 1690 καὶ
2694 1636 2757 1688 ἐκ
2797 1653 2855 1689 τε
2888 1636 2998 1688 τῶν
3035 1635 3225 1688 κοινῶν
3249 1633 3514 1701 ὠφέλησα
3542 1631 3735 1691 πολλὰ,

2166 1730 2461 1798 προσόδους
2504 1746 2562 1780 τε
2622 1728 2878 1796 παρέχων
2931 1726 3180 1794 ἐτησίους
3232 1726 3295 1777 ὲκ
3351 1724 3607 1792 χωρίων,
3643 1722 3739 1773 καὶ

2165 1821 2402 1892 ἄρχοντα
2442 1821 2647 1875 πόλεων
2696 1819 2981 1883 καθιστὰς,
3015 1820 3113 1870 καὶ
3144 1820 3206 1869 ἐκ
3242 1817 3351 1870 τῶν
3405 1818 3551 1868 ἰδ’ων
3587 1815 3738 1867 οὐδὲν

2165 1914 2414 1967 ἔλαττον·
2451 1914 2485 1965 ἂ
2519 1913 2612 1965 νῦν
2655 1911 2866 1965 ἕκαστα
2916 1909 3272 1978 ἀπαριθμεῖν,
3306 1908 3499 1975 ἀγενές
3532 1907 3597 1961 ἂν
3626 1908 3735 1974 εἴη,

2167 2008 2261 2061 καὶ
2312 2005 2565 2075 οὐδαμῶς
2612 2005 2779 2071 ἐγγὺς
2830 2003 2925 2056 τοῦ
2979 2002 3249 2072 ἡμετέρου
3280 2001 3520 2069 τρόπον’
3561 2001 3740 2051 ἐκεῖνο

2166 2098 2383 2158 ἐννοῶν,
2416 2099 2489 2160 ὡς
2525 2096 2666 2151 αὐτὰ
2701 2095 2769 2148 τὰ
2819 2095 3125 2164 πράγματα
3153 2094 3357 2157 διδάξαι
3388 2092 3590 2144 δυνατὰ
3625 2087 3741 2143 οἷον

2168 2190 2322 2255 φίλον
2354 2188 2461 2259 ίδίᾳ
2498 2182 2800 2257 φαυλότητι
2830 2184 3050 2255 τρόπων
3082 2183 3473 2245 ἀπολωλεκότι,
3506 2185 3569 2250 τῇ
3606 2200 3740 2250 σφε-

2165 2282 2278 2350 ’πέρ’
2316 2280 2481 2334 αὐτοῦ
2534 2277 2909 2345 καλοκαγαθίᾳ
2956 2276 3118 2329 πάλιν
3164 2275 3403 2345 ὑπῆρξεν
3450 2276 3742 2328 ἀνασώσα-

2169 2372 2316 2424 σθαι·
2344 2372 2438 2423 καὶ
2466 2371 2777 2422 τελευταῖον
2805 2368 2912 2421 ἀπὸ
2946 2368 3153 2437 μικρᾶς
3191 2382 3337 2427 τινος
3368 2364 3462 2418 καὶ
3485 2365 3742 2430 εὐτελοῦς

2169 2462 2345 2533 ἀρχῆς
2384 2461 2477 2513 ἐπὶ
2534 2461 2716 2513 πᾶσαν
2759 2459 2858 2527 τῆς
2902 2458 3142 2527 ἑσπέρας
3175 2457 3376 2525 ἀνῆγον
3404 2457 3501 2524 τὴν
3532 2459 3741 2527 ἡγεμο-

2169 2557 2308 2609 νίαν.
2363 2554 2436 2606 Σὺ
2471 2553 2539 2617 δ’,
2572 2553 2692 2605 ἀντὶ
2745 2551 2960 2605 πάντων
2998 2548 3203 2602 τούτων
3253 2548 3561 2619 θαυμασίαν
3618 2551 3743 2604 τινὰ

2170 2648 2264 2701 καὶ
2302 2646 2536 2714 μάλιστα
2587 2647 2670 2696 σοὶ
2718 2644 3100 2712 προσήκουσαν
3131 2640 3411 2703 ἀπεδίδους
3445 2641 3543 2712 τὴν
3587 2641 3743 2695 ἀντι-

2173 2737 2416 2808 μισθίαν.
2448 2736 2577 2789 Δέον
2611 2735 2722 2803 γὰρ
2764 2734 2946 2804 ἔργοις
2992 2749 3050 2785 τε
3090 2734 3188 2788 καὶ
3222 2731 3400 2800 λόγοις
3443 2733 3743 2803 εὐεργέτην

2170 2827 2589 2899 ἀναγράφεσθαι
2658 2828 2754 2881 καὶ
2822 2826 3042 2895 σωτῆρα
3096 2826 3193 2878 καὶ
3259 2826 3568 2896 κηδεμόνα,
3631 2827 3744 2878 πᾶν

2183 2922 2393 2984 ὲποίεις
2423 2918 2757 2973 τούναντίονο
2790 2918 2864 2980 ὡς
2891 2918 2984 2970 ἐπὶ
3015 2916 3277 2986 πολέμιον
3314 2919 3410 2970 καὶ
3436 2916 3606 2970 πολλά
3630 2917 3743 2970 διι-

488 3006 680 3075 ligcns,
725 3017 838 3073 quo
889 2999 1237 3057 miseriarum
1293 3008 1381 3053 tua
1414 3008 1466 3054 te
1514 2997 1753 3053 amentia
1799 2997 2066 3067 adegerit,

2172 3015 2239 3068 νὰ
2271 3011 2632 3084 εἰργασμένον
2684 3009 3268 3080 παρασκευαζόμενος,
3316 3009 3414 3063 καὶ
3442 3026 3743 3077 προσεται-

489 3112 609 3166 quae
639 3096 755 3152 sola
788 3094 853 3149 ad
886 3092 1176 3149 levandam
1205 3100 1530 3163 praesentem
1557 3089 1921 3145 calamitatem
1958 3089 2072 3144 suf-

489 3193 701 3246 fectura
725 3186 1023 3258 .judicasti,
1052 3185 1171 3241 haec
1216 3192 1276 3239 ut
1303 3183 1542 3246 diceres,
1578 3182 1874 3237 meditatus
1904 3182 2072 3237 adve-

491 3281 640 3336 nisti.
672 3277 836 3348 Atqui
868 3292 967 3349 ego
1001 3274 1139 3330 nihil
1172 3284 1226 3330 te
1258 3273 1466 3339 celans,
1496 3288 1606 3343 quo
1636 3281 1738 3328 sim
1770 3273 1823 3326 in
1857 3280 1909 3327 te
1946 3272 2071 3326 ani-

494 3388 606 3435 mo,
646 3380 702 3425 et
735 3369 867 3439 quid
901 3366 1259 3432 decreverim,
1300 3365 1622 3421 enuntiabo.
1665 3366 1854 3436 Neque
1886 3366 1960 3420 ita
1993 3366 2073 3422 af-

490 3464 672 3520 fectus
724 3476 869 3525 sum,
924 3469 985 3514 ut
1038 3459 1337 3528 aliquando
1388 3467 1442 3514 te
1495 3457 1549 3512 in
1587 3457 1797 3512 amicos
1841 3458 2069 3523 referre,

493 3566 698 3624 tuaque
733 3567 898 3607 causa
935 3550 1065 3622 quid
1116 3551 1184 3604 de
1229 3547 1422 3604 olliciis
1467 3548 1770 3603 amantium
1810 3558 2073 3618 priestare

490 3648 747 3715 cogitem,
796 3659 973 3714 neque
1019 3643 1195 3698 hostis
1239 3642 1362 3696 loco
1392 3651 1447 3696 te
1492 3640 1716 3711 habere,
1755 3651 2072 3711 quantaque

494 3738 703 3808 possim
750 3738 1075 3793 detrimenta
1113 3734 1210 3789 tibi
1248 3734 1538 3805 iniungere
1573 3732 1758 3787 velim.
1809 3733 1915 3788 Sed
1944 3748 2071 3788 cum

496 3845 547 3886 te
591 3832 643 3884 in
665 3829 878 3901 judicio
909 3828 1134 3895 stiteris,
1175 3835 1230 3882 et
1260 3826 1327 3880 ad
1374 3826 1553 3895 capita
1585 3825 1951 3905 accusationis
1984 3841 2074 3880 re-

498 3922 812 3992 sponderis,
845 3935 945 3990 ego
973 3919 1192 3988 longum
1226 3916 1419 3972 silebo.
1456 3913 1523 3969 Et
1551 3914 1594 3967 si
1626 3914 1847 3984 quidem
1883 3915 2076 3969 confu-

502 4012 631 4067 tatis
667 4010 1094 4077 accusatoribus
1143 4005 1481 4071 absolveris,
1538 4004 1777 4074 placebit
1828 4005 1883 4059 id
1938 4005 2072 4058 mihi

494 4120 753 4175 quoque:
792 4117 896 4158 nec
934 4100 1035 4155 tibi
1080 4101 1169 4170 jus
1198 4108 1361 4153 tuum
1411 4096 1612 4166 adepto
1643 4095 1923 4151 invidebo.
1978 4095 2074 4150 Sin

495 4199 669 4251 multo
716 4193 1052 4250 adversariis
1098 4191 1342 4255 inferior,
1393 4203 1559 4244 causa
1611 4188 1881 4243 cecidisse
1922 4189 2072 4242 vide-

495 4288 626 4342 bere
663 4304 677 4339 :
709 4294 764 4339 et
796 4293 890 4337 aut
921 4282 1211 4353 gimperitia
1239 4280 1477 4345 dicendi,
1520 4287 1615 4333 aut
1661 4279 1948 4348 iniquitate
1983 4295 2074 4333 ea-

2176 3099 2462 3170 ριζόμενος
2492 3097 2752 3161 πολλοὺς,
2788 3095 2863 3159 ὡς
2904 3093 2970 3148 ἂν
3020 3099 3070 3149 εί
3104 3095 3424 3167 βουληθείην
3456 3094 3653 3165 ὥσπερ
3677 3094 3743 3165 δὴ

2174 3192 2268 3245 καὶ
2295 3191 2562 3262 πρότερον
2601 3189 2808 3243 ἀδικεῖν
2838 3187 2934 3243 καὶ
2973 3187 3157 3251 κακῶς
3195 3188 3390 3254 ποιεῖν,
3432 3186 3594 3250 αὐτὸς
3627 3188 3745 3257 εῖης

2172 3285 2399 3348 δυνατὸς
2447 3282 2760 3354 ἀμύνεσθαι
2789 3284 2856 3351 τῇ
2890 3280 3497 3352 προπαρεσκευασμένῃ
3528 3279 3747 3349 χρώμε-

2172 3398 2260 3444 νος
2283 3380 2533 3451 δυνάμει.
2572 3379 2663 3444 Ἐξ
2684 3373 2782 3442 ὧν,
2804 3379 2954 3433 ὥσπε
2965 3394 2995 3447 ρ
3025 3376 3181 3431 αὐτοὶ
3205 3375 3458 3445 λέγουσιν
3489 3378 3539 3428 οί
3573 3393 3749 3446 κατηο

2172 3473 2487 3544 γοροῦντες.
2528 3473 2611 3537 είς
2646 3471 2826 3541 πολλῷ
2871 3468 3254 3542 χαλεπώτερον
3287 3468 3381 3522 καὶ
3429 3469 3614 3539 χεῖρον
3650 3469 3746 3539 βάο

2176 3564 2373 3635 ραθρον
2406 3560 2907 3632 κατεκρημνίσθης·
2947 3559 3013 3613 σὺ
3056 3558 3114 3613 δὲ
3153 3558 3255 3629 ἤδη
3302 3557 3548 3627 συνορῶν
3570 3559 3621 3610 οξ
3654 3575 3747 3611 και

2174 3654 2285 3708 κῶν
2318 3653 2410 3706 ὑπ’
2454 3652 2710 3715 ἀϐουλίας
2746 3650 3080 3720 συνηλάθης,
3106 3649 3142 3704 ὃ.
3188 3665 3271 3701 σοι
3310 3648 3456 3712 εδοξε
3486 3650 3622 3717 μόνα
3650 3649 3747 3703 δυ-

2173 3741 2312 3795 νατά
2378 3741 2516 3810 πρὸς
2573 3740 2674 3811 τὴν
2730 3739 3019 3810 παροῦσαν
3075 3738 3325 3808 ἀνάγκην
3367 3738 3744 3807 ἀποχρήσειν,

2173 3832 2358 3887 ταῦτα
2398 3833 2556 3903 ἥκεις
2607 3832 2945 3901 ἐσκεμμένος
3001 3830 3203 3897 λέγειν.
3281 3828 3422 3896 Ἐγὼ
3468 3830 3527 3883 δὲ
3577 3829 3747 3901 μηδὲν

2175 3920 2657 3993 ἀποκρυψάμενος,
2690 3921 2871 4003 ’ὅπωςς
2899 3936 2960 3973 τε
3008 3919 3291 3989 διάκειμαι
3345 3920 3481 3989 πρὸς
3526 3921 3608 3985 σὲ,
3654 3921 3748 3974 καὶ

2174 4006 2262 4063 οἷα
2292 4010 2528 4080 ποιήσω,
2574 4009 2708 4079 ὲρῶ.
2740 4007 2874 4063 Οὖθ’
2907 4007 3082 4069 οὕτως
3127 4007 3236 4076 ἔχω
3284 4008 3424 4062 ὥστε
3460 4010 3587 4086 ποτὲ
3634 4012 3749 4070 τοῖς

2176 4104 2355 4174 φίλοις
2383 4119 2443 4156 σε
2484 4102 2804 4155 συντάττειν
2836 4103 2949 4164 τοῖς
2998 4103 3173 4170 ἐμοῖς,
3216 4103 3312 4156 καὶ
3347 4100 3486 4170 ὑπὲρ
3511 4100 3606 4155 σοῦ
3638 4102 3747 4155 τῶν

2177 4193 2562 4264 προσηκόντων
2598 4194 2709 4254 τοῖς
2739 4190 2956 4259 φιλοῦσι
2985 4192 3248 4261 πράττειν
3284 4207 3357 4253 τι,
3399 4191 3522 4244 οὗθ’
3546 4192 3624 4255 ὡς
3653 4209 3749 4246 που

2177 4286 2348 4356 λεμίῳ
2387 4284 2628 4355 χρῆσθαι
2687 4283 2939 4352 βλάπτων
2979 4284 3082 4335 ὅσα
3120 4282 3348 4336 δυνατά·
3381 4282 3497 4335 ἀλλ’
3532 4284 3626 4339 ἐπὶ
3647 4286 3748 4354 τῆς

498 4380 927 4436 lumniatornm.
973 4384 1069 4429 aut
1124 4375 1234 4429 alio
1290 4372 1530 4443 quodam
1582 4372 1745 4426 modo
1787 4371 1919 4441 jure
1976 4379 2068 4424 tuo

2178 4373 2333 4443 δίκης
2366 4374 2682 4442 γενομένου,
2723 4374 2816 4425 καὶ
2845 4372 2986 4441 ὑπὲρ
3012 4364 3086 4424 ὧν
3111 4375 3399 4441 κατηγορῇ
3423 4372 3523 4436 τὰς
3556 4373 3750 4426 ἀπολο-

493 4472 745 4527 excidere
771 4468 1083 4539 contigerit,
1122 4464 1489 4536 patrocinium
1520 4464 1597 4517 tui
1634 4462 1910 4532 perlibens
1941 4463 2078 4516 arri-

494 4568 663 4637 piam,
692 4573 748 4618 et
777 4563 973 4634 injusta
1007 4569 1059 4615 te
1094 4558 1245 4613 feriri
1284 4556 1553 4612 sententia
1589 4571 1696 4608 non
1728 4556 1904 4609 sinam
1933 4570 1947 4608 :
1983 4569 2077 4608 ne-

492 4671 600 4725 que
651 4655 702 4707 id
744 4653 843 4706 tibi
897 4651 1092 4720 magis,
1126 4664 1289 4719 quam
1344 4645 1591 4716 aequitati
1641 4644 1802 4700 dabo.
1836 4643 1928 4699 Sin
1957 4646 2078 4715 jure

494 4742 866 4806 dainnaberis,
900 4741 1103 4794 nullam
1134 4755 1163 4793 a
1193 4753 1277 4795 me
1308 4737 1679 4791 defensionem
1708 4735 2072 4805 exepectabis.

493 4835 571 4889 Ex
600 4847 710 4902 quo
736 4831 883 4885 enim
911 4838 967 4882 tu
998 4827 1294 4882 amicitiam
1329 4841 1501 4880 meam
1529 4825 1831 4894 proiecisti,
1864 4826 2076 4881 hostes-

492 4942 600 4997 que
631 4922 834 4978 imitari
869 4920 1132 4985 maluisti,
1168 4934 1233 4971 ex
1263 4933 1330 4972 eo
1361 4932 1461 4987 ego
1493 4932 1713 4986 quoque
1748 4925 1797 4972 te
1838 4917 2077 4972 amicum

493 5034 791 5089 agnoscere
822 5016 981 5078 desii,
1010 5023 1067 5069 et
1097 5023 1255 5068 vetus
1294 5010 1567 5083 quoddam
1603 5010 1727 5065 vita:
1761 5010 2075 5066 institutum

494 5111 628 5164 mihi
662 5106 1001 5169 custodiens,
1036 5114 1094 5158 ut
1129 5103 1337 5157 nemini
1381 5102 1591 5156 scilicet
1638 5101 1897 5155 inimicus
1945 5102 2073 5165 sim,

494 5215 673 5270 neque
706 5199 802 5253 tibi
831 5199 1097 5252 hactenus
1128 5195 1233 5262 fui,
1258 5210 1437 5264 neque
1469 5195 1524 5248 in
1558 5202 1836 5262 posterum
1864 5209 1995 5257 ero;
2025 5202 2080 5247 et

496 5292 773 5361 qtimuodo
819 5289 1005 5358 inique
1050 5288 1260 5359 lzesunt,
1296 5296 1354 5340 ut
1384 5286 1634 5354 promisi,
1666 5300 1775 5339 non
1804 5278 2077 5347 deseram,

496 5385 577 5437 sic
627 5384 816 5451 inique
872 5378 1157 5433 lanlentem
1204 5376 1523 5431 discrimine
1569 5376 1716 5429 haud
1770 5374 2078 5443 expediam.

498 5472 659 5540 272
687 5474 854 5541 Igitur
879 5485 1004 5525 cum
1032 5469 1345 5537 prudentia,
1368 5477 1422 5522 et
1448 5481 1630 5521 rerum
1676 5464 2078 5533 verborumque

499 5563 888 5617 exercitatione
939 5565 1140 5624 valeas,
1185 5555 1647 5628 quemadmodum
1691 5554 1791 5608 tibi
1835 5554 2077 5617 videtur,

503 5654 586 5707 sie
614 5668 732 5724 age.
767 5652 1125 5723 Syrgiannem
1160 5652 1305 5706 illico
1336 5664 1441 5703 non
1467 5660 1663 5719 parum
1706 5645 1823 5700 haec
1854 5651 2077 5699 contur-

2176 4466 2304 4534 γίας
2339 4465 2688 4533 ποιουμένου,
2736 4463 2900 4525 αὐτὸς
2935 4463 3152 4531 μακράν
3187 4462 3479 4531 ὲξασκήσω
3513 4465 3747 4533 σιωπὴν,

2177 4557 2549 4627 φθεγγόμενος
2577 4555 2764 4626 μηδέν·
2803 4554 2908 4608 κᾶν
2941 4554 3041 4622 μὲν
3071 4553 3179 4605 τῶν
3220 4555 3547 4624 κατηγόρων
3593 4573 3747 4625 περι-

2178 4650 2310 4718 γένῃ
2346 4649 2440 4703 καὶ
2468 4648 2569 4718 τὴν
2598 4648 2759 4717 δίκην
2788 4644 3083 4715 διαφύγῃς,
3113 4645 3387 4713 ἀγαπήσω
3431 4648 3527 4697 καὶ
3564 4648 3747 4710 αὐτὸς,
3818 4632 3833 4639 ’

2179 4741 2275 4793 καὶ
2328 4740 2391 4792 οὐ
2433 4739 2685 4809 φθονήσω
2713 4738 2931 4807 τυχόντι
2959 4736 3068 4788 τῶν
3101 4735 3349 4789 δικαίωνο
3390 4735 3456 4787 ἂν
3495 4735 3541 4789 δ’
3572 4736 3749 4804 ἥττων

2179 4831 2349 4902 φαίνῃ
2376 4831 2527 4899 παρὰ
2566 4829 2700 4881 πολὺ
2735 4829 2831 4880 καὶ
2861 4826 3063 4897 ἁλίσκῃ
3096 4826 3319 4890 ἀδικῶν,
3360 4824 3427 4879 ἂν
3471 4826 3570 4895 μὲν
3596 4827 3751 4878 ἀπειο

2182 4923 2275 4993 ρίᾳ
2310 4921 2482 4987 λόγων
2515 4918 2548 4987 ἢ
2585 4918 2771 4988 ἀδικίᾳ
2817 4915 2925 4969 τῶν
2975 4915 3351 4981 συκοφαντῶν,
3384 4914 3415 4984 ἢ
3450 4916 3639 4983 τρόπῳ
3684 4916 3747 4985 δή

2178 5030 2284 5066 τινι
2337 5011 2508 5080 ἑτέρῳ
2562 5007 2987 5074 ἀποστερεῖσθαι
3047 5005 3292 5075 συμϐαίη
3342 5005 3450 5060 τῶν
3504 5006 3746 5069 δικαίων,

2180 5103 2560 5171 προστήσομαι
2611 5098 2930 5170 προθύμως,
2982 5098 3078 5151 καὶ
3106 5094 3165 5148 οὗ
3197 5097 3532 5165 περιόψομαι
3565 5098 3748 5150 ᾱδ.κον

2178 5195 2360 5264 ψῆφον
2383 5192 2697 5261 ἐνεχθεῖσαν
2724 5191 2865 5243 κατὰ
2893 5188 3009 5253 σοῦ,
3036 5188 3095 5241 οὐ
3120 5187 3213 5239 σοῦ
3244 5204 3307 5255 γε
3334 5188 3500 5243 ἕνεκα
3528 5188 3746 5259 μᾶλλον,

2179 5284 2213 5355 ἢ
2246 5282 2418 5337 αὑτοῦ
2456 5279 2688 5334 δικαίου’
2730 5278 2797 5332 ἂν
2839 5279 2896 5332 δὲ
2945 5280 3121 5348 προσῇ
3153 5279 3214 5330 τὸ
3246 5278 3472 5340 δικαίως
3510 5284 3575 5350 τῇ
3609 5280 3746 5334 κατὰ

2184 5355 2279 5427 σὸῦ
2325 5370 2639 5440 ἐξαγομένη
2667 5369 2871 5438 ψήφῳ,
2919 5367 3191 5437 μηδεμίαν
3223 5367 3542 5442 ἐπικουρίαν
3574 5384 3745 5441 προσ.

2179 5461 2310 5513 δόκα
2343 5458 2475 5526 παρ’
2516 5456 2673 5527 ἐμοῦ.
2726 5455 2819 5520 Ἐξ
2861 5456 2985 5508 ὅτου
3019 5454 3152 5526 ίγάρ
3187 5456 3353 5518 αὐτὸς
3387 5458 3600 5514 ἀπώσω
3650 5459 3744 5522 τὴν

2183 5549 2366 5619 φιλίαν
2417 5547 2517 5619 τὴν
2566 5548 2707 5617 ιμην
2732 5585 2747 5613 ,
2792 5548 2887 5600 καὶ
2930 5545 3196 5614 πολεμίου
3227 5545 3369 5616 ἔργα
3398 5548 3549 5601 εἵλου
3581 5567 3746 5621 πρατ-

2179 5658 2326 5709 τειν,
2381 5641 2480 5695 καὶ
2534 5640 2701 5703 αὐτὸς
2760 5636 2853 5691 τοῦ
2899 5637 3140 5707 νομίζειν
3197 5638 3351 5706 φίλον
3398 5640 3762 5710 ἀπεσχόμην·
