4122 6296
347 353 448 417 5ίὸ

1540 314 2071 421 msronmnuii
2115 361 2340 421 manu
2381 361 2458 421 Il.

3488 356 3607 427 566.

346 467 532 529 γ;ῖτο’
586 463 762 517 ἐδόκει
819 464 877 519 δὶ
929 467 1083 521 οὐδὲν
1143 468 1445 538 προφέρειν
1502 471 1745 540 ἰσχυρὸν,
1804 470 1918 523 ἀλλ’

2032 471 2307 540 pliandum
2364 473 2597 535 censuit,
2634 486 2830 541 rogans
2867 470 3276 540 imperatorem,
3306 469 3411 524 sibi
3446 468 3593 524 diem

349 556 620 609 ἐπλανᾶτο
656 558 784 629 περὶ
810 558 908 621 τὰς
949 559 1277 625 ἀποδείξεις,
1314 564 1410 615 καὶ
1445 562 1709 625 ἀδόνατος
1744 563 1920 616 ἐδόκει

348 643 513 701 εἶναι.
544 648 813 711 Βασιλεὺς
846 651 946 720 μὲν
976 648 1070 705 οὖν
1110 653 1203 705 καὶ
1240 654 1291 705 οἱ
1332 652 1479 707 ἄλλοι
1514 656 1781 726 παρόντες
1812 655 1921 708 τῶν

352 739 740 808 συγκλητικῶν
765 742 1089 808 ἐϐασάνιζον
1129 761 1188 797 τε
1223 744 1292 798 τὰ
1318 745 1588 815 λεγόμενα
1634 745 1765 814 παρ’
1794 746 1922 799 ἑκα-

240 908 247 913 .
349 832 549 899 τέρων,
581 833 675 886 καὶ
704 834 1004 904 ἐπειρῶντο
1044 837 1151 889 ἀπὸ
1185 839 1284 907 τῆς
1321 839 1672 907 συζητήσεως
1710 839 1921 909 τάληθῆ

350 922 685 993 ἁνερευνᾷψ
725 924 753 976 ό
791 925 966 994 μέγας
1023 925 1344 994 δομέστικος
1403 928 1704 997 ἐφθέγγετο
1731 930 1916 983 οὐδέν·

349 1013 489 1066 ἀλλά
531 1013 779 1083 καθῆστο
837 1017 999 1086 μόνον
1028 1017 1381 1088 ἀκροώμενος
1434 1020 1544 1074 τῶν
1588 1020 1921 1092 λεγομένων.

349 1105 484 1173 Τρὶς
512 1105 571 1158 δὲ
608 1107 702 1159 καὶ
734 1107 994 1176 τετράκις
1021 1110 1318 1179 γενομένου
1356 1111 1620 1180 συλλόγου
1656 1114 1787 1182 περὶ
1813 1112 1923 1166 τῶν

351 1197 558 1263 αὐτῶν,
593 1196 719 1251 ἐπεὶ
755 1199 785 1253 ό
814 1200 1158 1271 Συργιάννης
1193 1199 1439 1272 συνεώρα
1465 1204 1565 1271 τὴν
1602 1203 1758 1270 νίκην
1786 1205 1923 1274 πρὸς

351 1287 782 1357 Τζαμπλάκωνα
813 1290 1126 1362 χωροῦσαν,
1157 1292 1331 1347 ἐδόκει
1357 1293 1466 1347 δεῖν
1495 1294 1925 1364 διακρούσασθαι

350 1379 451 1445 τὴν
475 1378 650 1447 δίκην,
675 1380 770 1432 καὶ
791 1381 965 1434 ἐδεῖτο
993 1381 1262 1452 βασιλέως
1292 1383 1639 1454 προθεσμίαν
1666 1384 1818 1452 αὐτῷ
1840 1384 1922 1436 ἔτι

352 1469 664 1538 παρασχεῖν
690 1471 781 1523 ἐπὶ
812 1470 890 1540 τῷ
919 1472 1211 1543 μάρτυρας
1248 1466 1473 1545 ἑτέρους
1497 1460 1730 1542 ἀγαγεῖν
1757 1474 1809 1526 οῖ
1835 1473 1926 1527 δυ-

354 1564 616 1628 νήσονται
653 1561 804 1630 αύτῷ
858 1564 1198 1634 συνάρασθαι
1238 1563 1375 1636 πρὸς
1399 1565 1460 1618 τὸ
1505 1565 1793 1635 διαφυγεῖν
1825 1568 1924 1635 τὴν

350 1651 684 1722 καταδίκην.
713 1653 978 1717 Βασιλεὺς
1004 1653 1061 1708 δι
1097 1654 1408 1726 παρέσχετο
1447 1655 1747 1727 προθύμως
1772 1660 1865 1712 καὶ
1894 1661 1925 1713 ὃ

293 1746 299 1750 ’
351 1762 411 1797 τι
443 1743 511 1798 ἄν
535 1746 726 1816 ἓτερον
752 1745 935 1815 δοκοίη
967 1746 1266 1816 δυνάμενον
1293 1747 1442 1816 αὐτῷ
1463 1748 1784 1818 ἃπικουρίαν
1812 1766 1921 1804 πα-

356 1838 584 1906 ρασχεῖν
612 1854 734 1892 τινα
777 1838 947 1908 μηδὲν
994 1838 1431 1910 ἀναϐαλλόμενον
1464 1839 1728 1904 κελεύσας
1758 1844 1926 1895 ἐκπο-

354 1928 534 1997 ρτξειν
572 1929 771 1997 ιαυτῷ.
811 1928 1202 2002 Τζαμπλάκων
1234 1933 1291 1984 δὲ
1332 1930 1570 1986 κατεϐόα
1619 1931 1714 1984 τοῦ
1769 1932 1924 1987 δικα-

351 2018 582 2084 στηρίου
632 2020 728 2072 καὶ
756 2019 909 2074 δεινὰ
964 2023 1221 2091 ἐποιεῖτο,
1248 2027 1295 2078 εί
1327 2028 1600 2098 προφάσει
1642 2029 1926 2102 χρώμενος

347 2113 468 2172 τοῖς
498 2110 736 2180 μάρτυσι
785 2113 1124 2186 Συργιάννης
1159 2117 1415 2188 διαφύγοι
1444 2120 1543 2191 τὴν
1595 2122 1687 2175 επὶ
1736 2126 1803 2194 τῇ
1842 2124 1926 2178 δίο

348 2219 430 2272 κῃ
491 2203 759 2275 τιμωρίαν
805 2205 1049 2275 διαδράς.
1111 2208 1189 2260 Oti
1220 2209 1326 2278 γάρ
1390 2209 1520 2264 ἄλλο
1546 2228 1602 2265 τι
1660 2212 1925 2268 δύνασθαι

348 2293 510 2364 αὐτῷ
538 2294 638 2365 τὴν
686 2295 1032 2367 προθεσμίαν
1057 2314 1072 2329 ·
1125 2298 1411 2371 μάρτυρας
1454 2303 1564 2374 γάρ
1610 2305 1764 2378 αὐτῷ
1799 2307 1924 2361 οὔτε

351 2387 582 2451 πλείους
635 2388 761 2442 οὔτε
818 2388 1064 2458 βελτίους
1119 2386 1260 2444 εῖναι
1288 2392 1398 2446 τῶν
1450 2399 1884 2468 παρηνεγμένων
1908 2416 1924 2433 ο

349 2478 529 2532 essm
555 2495 616 2532 τε
653 2479 941 2549 βασιλέως,
984 2482 1035 2534 εί
1064 2482 1139 2554 μὴ
1165 2483 1395 2538 πλεῖστα
1427 2484 1672 2556 βούλοιτο
1700 2490 1926 2560 χαρίζε-

348 2571 482 2623 σθαι
531 2571 862 2644 Συργιάννῃ,
915 2573 1280 2648 δεσμωτηρίῳ
1311 2578 1662 2650 ἀμφοτέρους
1718 2582 1925 2653 ἐμϐλη-

330 2660 551 2722 νθέ-ιτας
575 2664 932 2735 φρουρεῖσθαι
972 2669 1071 2738 τὴν
1099 2667 1285 2735 ἀφιξιν
1307 2670 1418 2725 τῶν
1447 2674 1741 2742 μαρτύρων
1772 2691 1929 2744 περι-

353 2753 647 2822 μένοντας.
680 2756 877 2809 Δίκαια
907 2756 965 2810 δὲ
996 2759 1296 2826 φάσκοντος
1321 2761 1585 2830 βασιλέως
1623 2764 1716 2819 τὸν
1738 2765 1926 2836 Τξαμ-

350 2846 624 2899 πλάκωνα
644 2846 851 2913 ἀξιοῦν,
887 2847 1031 2902 Ἀλλ’
1051 2850 1110 2903 οὗ
1134 2851 1317 2917 καλὸν,
1340 2849 1491 2906 εἶπεν
1511 2855 1539 2908 ό
1564 2855 1922 2928 Συργιάννης,

349 2939 483 3007 εξκῆ
518 2938 616 2992 καὶ
674 2938 851 3010 μάτην
887 2940 1243 3012 εἰργομένους
1281 2944 1772 3019 ταλαιπωρεῖσθαι,
1806 2950 1925 3016 ἐξὸν

350 3031 640 3101 ἐγγυητὰς
668 3033 1122 3104 παρασχομένους
1148 3036 1491 3109 ἀμφοτέρους
1515 3041 1610 3094 τοῦ
1662 3041 1741 3113 μὴ
1792 3043 1927 3097 ἀπο-

2025 561 2340 629 ρνωίὶιιίτοι,
2389 564 2456 618 ad
2508 578 2669 633 quem
2722 564 2858 618 alios
2894 572 3062 618 testes
3088 571 3412 633 apponeret,
3437 575 3595 631 .qnoo

2026 668 2144 706 rum
2197 669 2364 724 opera
2396 657 2805 711 damnationem
2834 655 3102 725 effugeret
3131 673 3145 709 :
3173 654 3322 724 quod
3358 653 3595 722 impera-

2024 752 2111 798 tor
2137 754 2387 815 prompte
2417 746 2547 802 fecit
2567 788 2583 811 ,
2617 749 2844 802 hortans
2868 748 3113 816 insuper,
3142 754 3201 799 ut
3227 745 3270 798 si
3294 744 3427 814 quid
3453 760 3591 812 prac-

2024 845 2169 892 terea
2214 845 2434 906 putaret
2486 838 2690 893 auxilio
2728 852 2848 893 esse
2890 852 3067 905 posse,
3107 836 3179 890 .id
3210 835 3314 890 sibi
3355 849 3587 904 propese

2022 937 2262 998 pararet.
2291 929 2581 1000 Zamplaco
2611 930 2858 1000 judicum
2884 928 3047 983 fidem
3075 926 3390 995 implorare,
3421 938 3473 980 et
3511 925 3595 978 in-

2023 1023 2244 1091 dignum
2306 1022 2526 1087 ducere,
2586 1022 2631 1078 si
2679 1021 3010 1092 Syrgiannes
3057 1018 3278 1074 testium
3326 1024 3593 1086 praetextu

2022 1113 2279 1167 evaderet
2303 1149 2318 1174 .
2363 1127 2428 1166 ac
2447 1111 2718 1181 supplicio
2735 1111 2858 1182 jure
2884 1108 3181 1179 inﬂigendo
3204 1123 3263 1163 se
3288 1107 3590 1175 eximeret;
3664 1164 3669 1169 ,

2024 1217 2149 1255 nam
2200 1202 2345 1257 diem
2390 1203 2756 1272 praestitutum
2806 1201 2945 1256 nihil
2973 1200 3024 1256 ei
3063 1198 3365 1269 adiumenti
3399 1197 3595 1251 allatu-

2023 1309 2181 1356 rum;
2240 1302 2404 1348 testes
2454 1293 2601 1348 enim
2648 1306 2827 1362 neque
2876 1292 3080 1360 plures,
3113 1302 3294 1358 neque
3332 1284 3594 1340 meliores

2023 1382 2342 1439 habiturum
2394 1384 2483 1447 iis,
2517 1399 2656 1453 quos
2710 1382 3125 1438 introduxisset.
3168 1370 3373 1435 Orabat
3422 1374 3595 1447 igitur

2025 1479 2414 1546 imperatorem
2444 1514 2459 1541 ,
2503 1476 2608 1530 nisi
2646 1474 2946 1544 plurimum
2979 1468 3267 1542 Syrgianni
3297 1466 3594 1538 gratificari

2025 1568 2209 1632 vellet,
2248 1568 2324 1621 uti
2372 1574 2664 1634 utrumque
2706 1564 2761 1617 in
2805 1562 3112 1623 custodiam
3162 1557 3430 1628 tantisper
3464 1557 3593 1611 mit-

2026 1667 2190 1721 teret,
2244 1657 2376 1711 dum
2433 1656 2600 1711 testes
2646 1654 2991 1710 advenirent.
3039 1652 3375 1721 lmperatore
3433 1648 3593 1703 Zam-

2026 1748 2273 1817 piaconis
2310 1746 2630 1816 petitionem
2663 1759 2762 1814 pro
2787 1744 2932 1813 justa
2958 1748 3313 1810 agnoscente,
3334 1738 3594 1809 Syrgian-

2033 1853 2130 1894 nes
2186 1837 2449 1903 occurrit,
2505 1849 2613 1889 non
2666 1849 2786 1889 esse
2833 1846 3071 1901 aequum,
3122 1829 3323 1883 frustra
3366 1843 3433 1882 ac
3475 1827 3595 1881 sine

2032 1945 2195 1988 causa
2236 1943 2454 1984 carcere
2482 1925 2752 1990 aﬂlictari,
2777 1939 2900 1979 cum
2933 1922 3003 1977 ab
3034 1931 3268 1990 utroque
3299 1932 3595 1989 sponsores

2031 2022 2248 2092 exigere
2299 2020 2498 2083 liceat,
2556 2032 2662 2072 non
2716 2015 3008 2086 fugituros,
3036 2012 3130 2068 sed
3185 2009 3409 2065 interim
3447 2006 3595 2062 domi

2032 2114 2338 2185 quieturos.
2383 2110 2487 2166 Ubi
2534 2118 2591 2165 et
2642 2110 2748 2163 hoc
2803 2107 3140 2162 conveniens
3167 2099 3482 2158 securitatis
3511 2098 3598 2169 pi-

2033 2217 2171 2274 gnus
2219 2199 2491 2271 apparuit,
2543 2199 2841 2267 imperator
2895 2196 3022 2258 reis,
3075 2200 3134 2246 ut
3179 2203 3470 2260 sponsores
3503 2187 3598 2240 da-

2034 2302 2176 2354 rent,
2224 2288 2534 2358 imperavit,
2579 2294 3022 2355 c0nventumque
3074 2278 3304 2337 dimisit.
3330 2276 3597 2334 Postridie

2034 2383 2089 2438 in
2128 2383 2335 2438 aedibus
2365 2379 2545 2452 magni
2575 2376 2862 2432 domestici
2910 2372 3264 2445 Syrgiannes,
3292 2367 3423 2434 Quae
3451 2364 3597 2435 apud

2031 2473 2381 2543 Chalcidicen
2434 2470 2571 2527 mihi
2622 2468 2769 2524 dicta
2804 2476 2973 2532 sunt,
3014 2462 3219 2533 inquit,
3262 2461 3374 2532 jam
3400 2472 3600 2513 evene-

2032 2575 2194 2633 runt;
2242 2581 2361 2637 qua;
2399 2561 2614 2619 tametsi
2653 2561 2806 2631 prius
2829 2557 3059 2621 credita,
3090 2569 3240 2610 nunc
3270 2562 3447 2608 tamen
3480 2564 3600 2605 eer-

2033 2661 2192 2723 tiora,
2251 2666 2442 2728 utpote
2501 2671 2562 2712 re
2623 2654 2742 2724 ipsa
2793 2649 3194 2721 comprobata.
3259 2651 3594 2709 evaserunt;

2033 2747 2480 2820 quandoquidem
2530 2736 2588 2800 in
2624 2744 2833 2817 judicio
2874 2740 3010 2796 nihil
3044 2738 3345 2809 quidquam
3377 2751 3474 2805 pro
3509 2749 3596 2788 me
3650 2779 3665 2788 ς

2033 2851 2128 2897 aut
2164 2841 2347 2911 egisti,
2402 2846 2498 2893 aut
2538 2839 2756 2893 locutus
2780 2850 2862 2901 es,
2892 2848 3017 2889 cum
3044 2847 3114 2887 ne
3142 2831 3224 2886 sic
3249 2829 3469 2900 quidem
3501 2842 3598 2896 pe-

2034 2932 2225 2989 riculis
2276 2930 2521 3000 undique
2566 2929 3002 2984 circumventum
3047 2923 3306 2977 deserere
3337 2927 3597 2990 oportue-

2035 3023 2125 3077 rit.
2173 3021 2331 3076 Nunc
2367 3028 2427 3075 ut
2455 3034 2544 3075 me
2572 3018 2694 3089 opis
2722 3026 2828 3072 tute
2858 3016 3093 3072 maxime
3123 3020 3372 3085 egentem
3402 3027 3468 3066 ne
3499 3012 3593 3066 ab-
3649 3072 3656 3080 λ

348 3125 558 3193 δρᾶναι
611 3125 927 3197 ἀναπαύλης
973 3127 1288 3193 ἀπολαύειν,
1336 3108 1476 3186 οἶκοι
1527 3108 1925 3204 διατρίύοντας.

2032 3114 2229 3186 jicias,
2278 3112 2376 3168 sed
2444 3112 2631 3182 priora
2700 3110 2898 3166 delicta
2942 3108 3273 3179 unoscens,
3325 3111 3591 3173 quantum

365 3218 463 3280 Ὠς
510 3219 568 3273 δὲ
617 3219 713 3273 καὶ
742 3195 901 3275 τοῦτο
936 3222 1233 3292 ἀσφαλείας
1275 3225 1534 3296 ἐνέχυρον
1568 3195 1718 3293 ἀξιον
1752 3195 1927 3283 ἐδόκει

2032 3207 2188 3277 potes
2234 3202 2533 3273 275‘me
2570 3201 2794 3271 adiuves
2824 3238 2840 3265 ,
2877 3198 3044 3253 etiam
3103 3205 3267 3265 atque
3320 3195 3485 3248 etiam
3549 3202 3601 3246 te

352 3306 524 3374 εἶναι,
565 3311 656 3365 τὸν
700 3311 963 3378 σύλλογον
1015 3313 1115 3381 μὲν
1165 3314 1408 3368 διέλυσεν
1435 3317 1465 3369 ὁ
1504 3316 1776 3386 βασιλεὺς,
1803 3322 1931 3386 τοὺς

352 3404 641 3475 ἐγγυητὰς
662 3404 721 3459 δὶ
746 3404 965 3458 ἐκέλευε
985 3404 1250 3477 παρέχειν
1274 3407 1388 3472 τοῖς
1411 3408 1809 3482 δικαζομένοις.
1838 3412 1930 3475 ’B;

353 3497 460 3566 τὴν
494 3496 789 3566 ὑστεραίαν
814 3496 872 3551 δὲ
893 3498 923 3550 ό
952 3497 1310 3569 Συργιάννης,
1342 3498 1631 3570 γενόμενος
1661 3505 1720 3557 ὲν
1743 3506 1809 3573 τῇ
1835 3505 1929 3558 τοῦ

360 3587 606 3658 μεγάλου
639 3587 963 3659 δομεστίκου
983 3588 1157 3660 οῖκιᾳ,
1184 3588 1268 3643 Τά
1298 3589 1395 3661 μὲν
1421 3593 1478 3645 ὲν
1503 3593 1570 3662 τῇ
1604 3591 1929 3666 Χαλκιδικῇ,

356 3680 490 3747 ἔφη,
529 3680 794 3750 ειρημένα
825 3679 962 3749 πρὸς
999 3679 1123 3750 ἐμὲ,
1162 3679 1337 3750 πέρας
1380 3679 1481 3751 ἢδη
1533 3679 1693 3752 ἔσχεν
1719 3698 1733 3714 ⁸
1766 3682 1802 3738 ἀ
1837 3683 1932 3738 καὶ

358 3770 631 3841 πρότερον
661 3771 1048 3841 πιστευόμενα,
1093 3770 1191 3825 νῦν
1237 3771 1439 3841 μᾶλλον
1471 3773 1504 3843 ἢ
1550 3774 1819 3844 πρότερον
1841 3777 1934 3830 ἐπὶ

356 3860 476 3914 τῶν
504 3859 682 3929 ἔργων
713 3860 907 3931 βέϐαια
941 3862 1137 3931 ἐφάνη.
1184 3863 1328 3930 Πρὸς
1356 3861 1511 3917 οὐδὲν
1546 3864 1653 3934 γὰρ
1703 3867 1796 3918 ἐπὶ
1835 3868 1933 3935 τῆς

358 3951 520 4018 δίκης
547 3951 764 4005 ἐναντία
793 3952 1050 4021 πράττων
1075 3952 1107 4022 ἢ
1152 3952 1521 4023 φθεγγόμενος
1555 3956 1675 4025 ἐμοὶ
1697 3956 1930 4025 ἐφάνηςο

361 4042 474 4094 ἔδει
509 4041 567 4094 δὲ
595 4041 720 4111 μηδ’
739 4040 881 4094 οὕτω
910 4042 1227 4097 παντάπασι
1287 4044 1667 4097 κινδυνεύοντα
1696 4046 1937 4116 ἀϐοήθη-

360 4148 459 4185 τον
499 4132 838 4186 καταλιπεῖν.
892 4132 1033 4187 Νυνὶ
1085 4131 1141 4207 δὲ
1187 4131 1424 4203 μάλιστα
1458 4133 1774 4202 ἀναγκαίως
1811 4136 1934 4187 ἑπι-

363 4224 598 4292 κουρίας
654 4224 895 4295 δεομένῳ
950 4224 1026 4295 μὴ
1075 4227 1342 4295 περιιδεῖν
1403 4226 1756 4296 παρακαλῶ,
1817 4227 1938 4281 ἀλλ’

363 4314 461 4366 ἐπὶ
526 4314 638 4375 τοῖς
697 4313 962 4383 πρότερον
1015 4313 1426 4383 ἡμαρτημένοις
1452 4312 1784 4385 συγγνώμην
1835 4332 1940 4368 πα-

369 4405 674 4475 ρασχόντα,
742 4404 958 4474 βοηθεῖν
1010 4404 1080 4457 τά
1141 4404 1363 4458 δυνατά.
1441 4405 1655 4476 ᾘτεῖτό
1712 4421 1773 4458 τε
1842 4407 1938 4474 ἑγ-

2031 3312 2150 3353 oro.
2187 3294 2565 3351 Contendebat
2597 3306 2726 3347 vero
2764 3299 2826 3345 ut
2854 3304 2954 3360 pro
2984 3303 3043 3345 se
3076 3286 3400 3356 tidejuheret
3426 3285 3603 3338 donec

2030 3382 2207 3439 vocati
2262 3380 2464 3451 quibus
2520 3376 2739 3448 egebat,
2800 3386 2969 3432 testes
3013 3373 3292 3429 adessent.
3340 3370 3604 3427 Promisit

2033 3486 2262 3545 magnus
2305 3468 2643 3526 domesticus
2698 3467 2938 3522 libenter
2987 3465 3262 3521 facturum
3297 3477 3419 3533 quae
3450 3468 3605 3532 pete-

2030 3576 2156 3633 ret;
2204 3564 2295 3620 ille
2326 3560 2697 3633 singularibus
2733 3560 2872 3615 actis
2904 3559 3096 3631 gratiis
3127 3557 3400 3613 discessit.
3432 3554 3607 3610 Caete-

2032 3673 2153 3714 rum
2203 3662 2392 3719 noctu,
2445 3653 2768 3723 priusquam
2800 3653 3115 3718 satisdaret,
3146 3649 3409 3722 Byzantio
3438 3663 3602 3718 quam

2032 3754 2212 3825 potuit
2268 3753 2640 3810 occultissime
2704 3749 2954 3806 Galatam
3006 3744 3318 3818 trajiciens,
3360 3752 3492 3823 tuto
3546 3756 3605 3796 se

2033 3818 2339 3900 abscondit.
2390 3842 2493 3899 Ubi
2538 3857 2728 3897 rumor
2770 3840 3067 3909 dissipatus
3111 3844 3216 3898 est,
3246 3818 3603 3902 Syrgiannem

2036 3937 2334 4007 aufugisse,
2379 3936 2640 3991 omnibus
2672 3934 2810 3988 locis
2844 3926 3244 4001 pervestigatis,
3285 3921 3605 3992 inquireba-

2037 4037 2144 4100 tur.
2207 4025 2343 4082 Cum
2399 4026 2632 4096 angulus
2687 4024 2871 4078 nullus
2934 4027 3171 4073 restaret
3229 4015 3320 4070 ubi
3368 4013 3604 4083 amplius

2035 4125 2395 4190 qumreretur,
2443 4125 2599 4171 ratus
2653 4117 2953 4185 imperator
3005 4109 3385 4180 indagatorum
3433 4106 3604 4177 negli—

2036 4214 2215 4283 gentia
2273 4210 2541 4280 elapsum,
2571 4223 2669 4279 per
2703 4215 2875 4263 semet
2933 4203 3210 4279 hominem
3249 4213 3494 4270 quaerere
3526 4198 3607 4252 in-
3698 4213 3704 4219 ’

2038 4305 2237 4369 stituit,
2266 4303 2625 4387 Galatamque
2646 4313 2771 4355 cum
2807 4296 3071 4352 Romanis
3098 4291 3278 4348 obviis
3303 4291 3603 4360 profectus,

2039 4399 2298 4468 quoniam
2353 4393 2531 4451 Latini
2579 4384 2634 4448 id
2665 4404 2923 4447 recusare
2954 4402 3064 4444 non
3100 4392 3378 4457 poterant,
3415 4384 3608 4439 domos

367 4472 511 4567 γύας
559 4472 862 4567 παρασχεῖν
897 4496 1039 4566 ὑπὲρ
1068 4494 1254 4560 αὑτοῦ,
1309 4472 1487 4565 ἄχρις-
1513 4494 1580 4549 ἂν
1612 4496 1833 4567 πέμψας
1864 4472 1929 4552 ὧν

2042 4491 2283 4562 singulas
2306 4492 2711 4559 perscrutatum
2747 4484 2919 4538 misit.
2950 4480 3043 4536 llle
3106 4493 3239 4532 vero
3268 4475 3425 4547 quasi
3454 4472 3582 4530 Orci

365 4591 540 4644 δέοιτο
555 4589 835 4659 μάρτυρας
852 4588 1073 4656 ἀγάγοι.
1113 4587 1614 4658 Ἐπαγγειλαμένου
1648 4589 1705 4643 δὲ
1738 4589 1940 4661 προθύ-

372 4699 491 4753 μως
522 4681 559 4735 ἀ
590 4681 767 4750 ᾐτεῖτο
796 4678 1198 4749 ὲκπληρώσειν,
1239 4679 1449 4732 ἐκεῖθεν
1480 4680 1580 4750 μὲν
1613 4680 1812 4744 πολλὰς
1842 4682 1939 4737 αύ-

368 4773 447 4840 τῷ
512 4770 739 4841 χάριτας
773 4769 1119 4841 ἀνεχώρησεν
1170 4769 1470 4838 ὁμολογῶν.
1514 4771 1939 4844 Ἐπιγενομένης

369 4867 424 4918 δὲ
448 4865 639 4928 νυκτὸς
656 4867 720 4918 ὲκ
746 4861 1044 4927 Βυζαντίου
1073 4863 1146 4926 ὼς
1174 4862 1407 4933 μάλιστα
1435 4863 1561 4933 ἐνῆν
1576 4863 1777 4928 λαθὼν,
1809 4866 1938 4935 πρὶν

296 4958 301 4961 ’
374 4960 576 5027 ἐγγύας
608 4960 930 5028 παρασχεῖν,
979 4958 1057 5018 εἰς
1084 4956 1326 5008 Γαλατᾶν
1347 4954 1679 5025 ἐπεραιώθη,
1716 4956 1810 5010 καὶ
1840 4974 1939 5010 κα-

372 5052 640 5122 τέκρυψεν
674 5052 866 5105 ἑαυτὸν
895 5053 953 5104 ὲν
979 5050 1232 5118 ἀσφαλεῖ.
1283 5050 1434 5104 Ἐπεὶ
1472 5049 1529 5102 δὲ
1576 5047 1933 5126 διεθρυλλήθη

373 5143 801 5215 ἀποδεδρακέναι
847 5142 1207 5212 Συργιάννην⁹
1267 5142 1441 5195 πάντα
1499 5143 1758 5210 χρήματα
1813 5137 1935 5207 ἐξη-

544 5237 581 5269 με

2038 4585 2243 4654 galeam
2292 4581 2555 4636 subiisset
2582 4577 2715 4650 (l9),
2762 4589 3028 4644 nusquam
3064 4569 3470 4627 inveniebatur.
3498 4565 3607 4620 Ta-

2039 4691 2165 4730 men
2216 4672 2417 4729 Galatae
2467 4672 2524 4726 in
2570 4671 2664 4724 vili
2718 4682 2846 4724 casa
2900 4666 3168 4733 latitabat,
3202 4671 3366 4732 atque
3397 4657 3608 4713 idcirco

2040 4767 2116 4822 ibi
2150 4780 2260 4821 non
2292 4775 2379 4820 est
2407 4763 2669 4834 quaesitus
2697 4779 2711 4815 :
2744 4760 2847 4815 etsi
2879 4758 3010 4812 dum
3038 4771 3137 4826 per
3166 4763 3394 4811 caeteras
3415 4750 3610 4805 domos
3656 4798 3665 4802 -

2039 4861 2419 4928 vestigaretur,
2452 4856 2518 4910 ad
2562 4869 2681 4909 eam
2710 4854 3006 4922 imperator
3032 4848 3293 4904 venisset.
3320 4843 3495 4900 Simul
3523 4850 3607 4897 at-

2042 4966 2148 5021 que
2182 4950 2368 5005 Galata
2400 4948 2716 5003 inventione
2752 4945 2972 5016 penitus
3015 4941 3303 5007 desperata
3332 4932 3606 4997 discessit,

2042 5043 2372 5115 Syrgiannes
2397 5054 2693 5098 conscensa
2727 5038 2875 5103 navi,
2901 5048 3023 5106 quae
3048 5032 3311 5088 Euboeam
3338 5026 3604 5089 solvebat,

2040 5153 2106 5193 co
2149 5138 2384 5207 primum
2439 5141 2684 5204 portatus
2723 5140 2807 5187 est
2851 5128 2988 5198 (20).
3012 5125 3147 5181 Dein
3180 5138 3278 5192 per
3308 5119 3513 5175 Locros
3550 5126 3606 5172 et

1620 5274 1830 5336 Jacobi
1866 5274 2129 5334 Pontani
2173 5278 2357 5333 notae.

448 5434 562 5503 (l9)
614 5430 739 5488 Orci
781 5427 931 5503 galea
979 5429 1339 5503 proverbium
1376 5430 1431 5503 in
1473 5442 1572 5483 eos
1613 5427 1705 5503 qui
1736 5435 1944 5503 se_arte

374 5496 616 5575 quadarn
669 5496 997 5575 occultant.‘
1027 5499 1239 5575 Simile,
1301 5498 1464 5575 Gygis
1513 5497 1748 5551 annulus
1791 5496 1943 5550 Plato

377 5568 473 5630 lib.
506 5591 559 5628 ι.
593 5573 667 5626 De
698 5568 985 5640 republica,
1022 5572 1159 5640 dixit
1196 5568 1414 5640 scniper
1446 5568 1677 5640 honesta
1704 5576 1944 5640 propter

373 5661 432 5698 se
456 5643 612 5713 sequi
642 5634 922 5713 oportere,
952 5634 1332 5713 etiamsi‘qnis'
1357 5637 1525 5713 Gygig
1550 5637 1833 5713 annulum,
1860 5634 1943 5687 vel

377 5705 630 5770 l’lnto'nis
659 5705 885 5765 haberet
906 5705 1142 5778 galeam.
1171 5705 1432 5778 Oi-igenes
1470 5706 1612 5760 libro
1641 5722 1653 5759 I
1693 5705 1942 5758 adversus

378 5784 588 5839 Celsum
642 5777 957 5835 liaercticum
1009 5780 1203 5843 docet,
1262 5777 1428 5847 magis
1485 5778 1837 5847 convenisse,
1887 5784 1943 5826 ut

2044 5421 2296 5478 Christus
2325 5419 2377 5471 in
2403 5416 2694 5487 IEgyptnm
2728 5411 3306 5487 fugienssubduceret
3344 5424 3466 5487 sese
3488 5410 3607 5487 _He_-

2045 5491 2198 5547 rodis
2242 5479 2523 5548 insanire:
2543 5479 2709 5553 quam
2741 5479 2923 5537 si'sub
2955 5482 3199 5553 Plutonis
3228 5479 3441 5534 casside
3488 5481 3611 5532 Μὶν

2048 5572 2190 5624 tans,
2215 5560 2466 5613 eumdem
2496 5551 2794 5624 fefellisset.
2826 5553 2954 5606 Vide
2973 5551 3289 5606 Chiliasten.

2118 5617 2230 5699 (‘20)
2263 5627 2533 5699 Gregoras
2561 5637 2591 5699 εΔ
2613 5623 2735 5699 tfost
2762 5638 2961 5675 annum
3002 5628 3180 5699 autem
3228 5617 3487 5699 supplices
3512 5617 3608 5699 ‘litc

2048 5685 2188 5754 terris
2216 5685 2280 5752 ea:
2304 5685 2496 5750 Euvbwa
2523 5696 2591 5747 ad
2621 5695 2992 5760 imperatorem
3013 5689 3170 5749 misit.
3204 5685 3389 5760 quibus
3406 5690 3610 5744 veniam

2047 5770 2271 5840 petebat,
2321 5774 2369 5821 ct
2420 5765 2588 5819 locum
2634 5758 2861 5833 aliquem
2916 5766 2967 5815 in
3022 5762 3264 5813 exn-emis
3297 5758 3609 5814 Macedonia;
