4122 6296
591 377 696 440 58Ἷ

1757 377 2078 442 JOANNIS
2117 372 2661 434 CANTACUZEND

3753 370 3858 432 588

592 493 790 565 gerint,
821 507 983 564 quam
1012 493 1158 562 quod
1204 493 1360 563 pauci
1416 493 1670 564 pluribus
1701 507 1863 563 pares
1893 506 2012 546 esse
2052 502 2158 542 non

2267 487 2541 558 συνθήκας
2570 485 2808 556 ἀλύτους
2836 485 3042 555 μένειν,
3070 486 3164 539 καὶ
3198 485 3436 548 πλείονος
3465 485 3628 538 ἕνεκα
3671 485 3858 554 φιλίας

592 585 894 655 potuerint.
944 586 1005 640 In
1061 585 1357 641 amissione
1420 595 1599 640 autem
1656 599 1882 641 suorum
1947 582 2158 636 nullum

590 691 712 732 esse
733 676 1030 731 discrimen
1057 692 1073 739 ;
1112 675 1220 730 imo
1254 675 1403 743 ipsos
1428 677 1616 745 plures
1644 675 1920 729 amisisse.
1959 672 2064 726 Sed
2095 683 2163 724 ne

587 765 771 822 victus
821 765 890 820 ab
944 763 1050 819 illis
1099 764 1389 828 habeatur,
1442 766 1587 819 nolle
1639 779 1787 820 nunc
1841 763 2162 818 afﬁnitatem

592 855 968 922 contrahere;
1005 869 1193 926 pacem
1223 856 1390 926 286
1419 856 1685 911 duntaxat
1732 866 1788 912 et
1846 855 2024 911 ftedus
2052 869 2162 907 non

591 964 883 1016 recusare;
934 947 1026 1002 ubi
1065 948 1290 1002 domum
1323 947 1590 1017 redierit,
1617 949 1946 1018 legationem
1999 961 2166 1016 super

590 1045 944 1101 matrimonio
995 1043 1295 1100 missurum
1319 1081 1334 1108 ,
1365 1052 1424 1098 et
1451 1043 1600 1112 quod
1655 1043 1763 1098 sibi
1819 1058 1878 1097 re
1915 1041 2166 1097 discussa

589 1133 849 1214 expedire
884 1134 1061 1190 visum
1095 1133 1299 1200 fuerit,
1331 1134 1387 1189 in
1430 1135 1829 1204 tranquillitate
1881 1142 1937 1189 et
1974 1133 2165 1200 requie

589 1230 890 1286 facturum.
947 1229 1142 1284 lhanes
1193 1242 1320 1282 cum
1377 1228 1482 1282 hoc
1533 1241 1799 1296 responso
1856 1225 1924 1279 ad
1982 1239 2165 1293 regem

591 1337 752 1378 suum
785 1335 1062 1384 reversus,
1098 1319 1260 1389 paulo
1308 1328 1434 1389 post
1475 1333 1600 1372 cum
1647 1317 1820 1382 socio,
1866 1315 2165 1372 Alexandri

591 1424 788 1485 patruo
813 1413 1104 1485 Synadeno
1131 1411 1319 1467 rediit.
1341 1411 1518 1480 Caput
1537 1410 1825 1480 legationis
1853 1409 1996 1464 idem
2017 1407 2165 1477 quod

590 1518 741 1570 ante,
773 1504 1266 1572 disserueruntque
1295 1501 1365 1557 de
1400 1502 1664 1556 affinitate
1700 1501 1803 1556 ista
1837 1501 2007 1555 multa
2037 1513 2166 1568 pro-

592 1599 872 1662 babiliter,
907 1596 1110 1667 quibus
1153 1611 1213 1651 se
1263 1596 1648 1664 imperatorem
1699 1593 1936 1650 ﬂexuros
1971 1593 2165 1662 opina-

497 1725 504 1732 .
593 1685 816 1740 bantur.
869 1683 1072 1739 Verum
1119 1683 1166 1739 is
1203 1682 1386 1737 denuo
1433 1683 1487 1736 in
1533 1682 1780 1737 eamdem
1831 1683 2165 1739 sententiam

591 1777 910 1848 reSpondet,
941 1791 1130 1845 pacem
1207 1775 1431 1845 quidem
1481 1789 1542 1830 se
1589 1774 1886 1844 amplecti,
1934 1789 2165 1844 eamque

593 1869 830 1924 fmdere'
886 1867 1216 1937 interposito
1290 1865 1744 1921 confirmaturum
1776 1905 1792 1931 ,
1844 1865 2166 1921 afﬁnitatem

590 1968 776 2018 autem
807 1975 916 2015 non
949 1958 1111 2015 modo
1136 1997 1153 2024 ,
1204 1957 1299 2014 sed
1331 1972 1455 2024 cum
1497 1957 1601 2012 sibi
1638 1957 1906 2027 placuerit
1963 1959 2169 2029 ingres-

591 2067 804 2108 surum.
837 2049 894 2106 Si
928 2050 1097 2122 igitur
1124 2048 1316 2104 eadem
1354 2049 1426 2104 sit
1453 2050 1672 2103 illorum
1704 2049 1981 2116 voluntas,
2013 2065 2165 2120 quaa-

589 2143 824 2200 rendum
856 2142 924 2197 de
952 2140 1172 2212 Scythis
1193 2181 1210 2207 ,
1241 2157 1339 2197 cur
1370 2141 1446 2196 illi
1473 2141 1759 2212 videlicetg
1780 2157 1969 2212 pacem
2005 2157 2169 2212 rupe-

588 2234 721 2290 rint.
748 2233 845 2288 Sin
876 2232 982 2288 alia
1004 2206 1257 2300 quadam
1275 2231 1696 2301 cogitenl,eant,
1727 2206 1797 2287 ἔι-
1811 2247 1871 2288 se
1896 2206 2168 2303 quatenus

587 2326 809 2382 libuerit
837 2333 1182 2394 comparent.
1227 2323 1413 2392 Legati
1448 2333 1510 2379 ut
1541 2323 1929 2394 imperatorem
1965 2324 2102 2378 nihil
2136 2339 2166 2380 a

587 2415 768 2486 primo
821 2414 1175 2470 immutatum
1232 2412 1788 2488 animadverterunt,
1840 2413 2164 2469 affinitatem

585 2507 705 2577 ejus
725 2505 986 2561 dixerunt
1010 2519 1194 2576 regem
1219 2505 1470 2574 ipsorum
1500 2513 1762 2574 exoptare
1789 2521 2165 2576 summopere,
2205 2538 2210 2543 ι

531 2648 535 2652 .
586 2598 802 2668 sitique
836 2598 1141 2668 imperasse
1169 2635 1186 2661 ,
1241 2605 1306 2651 ut
1356 2598 1410 2650 in
1459 2612 1525 2653 ea
1555 2597 1900 2654 concilianda
1954 2599 2164 2652 nullam

566 2689 931 2761 diligentiam
962 2688 1478 2759 preter-mitterent.
1534 2688 1632 2744 Sin
1672 2689 1782 2744 iret
1831 2690 1886 2744 in
1917 2689 2022 2744 alia
2051 2704 2170 2745 om.

585 2781 702 2846 nia,
736 2790 852 2836 tum
883 2780 954 2836 de
1006 2795 1070 2835 ea
1101 2793 1416 2834 sermonem
1445 2779 1501 2834 in
1530 2780 1681 2835 aliud
1719 2789 1936 2851 tempus
1963 2796 2166 2851 oppor-

584 2872 776 2928 tunius
805 2871 1119 2944 reﬁcerent,
1150 2870 1374 2926 interim
1406 2885 1596 2941 pacem
1625 2870 1834 2927 findere
1864 2871 2163 2927 sancirent.

584 2964 783 3019 Paucis
835 2963 1098 3032 utrinque
1145 2963 1347 3023 dictis.
1391 2977 1482 3017 res
1535 2963 1828 3030 convenit,
1862 2963 2166 3034 eademque

584 3057 676 3112 die
705 3055 852 3110 inter
883 3069 1036 3125 reges
1090 3053 1274 3110 fmdus
1314 3054 1680 3125 jurejurando
1733 3055 1966 3110 solemni
2015 3071 2165 3112 more

2267 580 2360 633 καὶ
2394 578 2706 648 ἀσφαλείας
2733 572 2833 644 τῆς
2866 578 3002 647 πρὸς
3040 579 3141 641 τας
3175 577 3408 640 σπονδὰς
3440 576 3538 648 τήν
3567 576 3859 645 θυγατέρα

2265 671 2366 741 τὴν
2418 669 2582 724 αὑτοῦ
2611 669 2698 738 τῷ
2733 669 2834 739 υίῷ
2886 671 3097 723 ἐκείνου
3153 669 3554 738 κατεγγυῆσαι.
3591 669 3861 731 Βασιλεὺς

2264 762 2324 815 δέ
2352 761 2412 814 τὸ
2439 762 2540 831 μὲν
2575 760 2902 815 τελεσθῆναι
2931 762 3029 824 τὰς
3059 761 3438 830 γεγενημένας
3471 760 3704 822 σπονδὰς
3761 761 3861 812 καὶ

2267 853 2418 924 αὐτῷ
2440 851 2580 908 εἶναι
2611 853 2955 923 ἀπεκρίνατο
2975 852 3120 907 κατά
3152 851 3406 920 γνώμην,
3431 853 3553 904 ἐπεὶ
3588 854 3682 905 καὶ
3723 855 3861 920 πρό-

2266 963 2445 1019 τερον,
2473 947 2535 1000 οὐ
2566 947 2708 1022 πρὸς
2730 946 2997 1016 ἀνάγκην,
3023 945 3159 999 ἀλλά
3189 946 3276 1000 διὰ
3293 945 3352 998 τὸ
3380 945 3678 998 λυσιτελεῖν
3697 946 3860 1015 νομί-

2273 1043 2392 1106 ζειν
2441 1040 2540 1112 τὴν
2582 1024 2815 1111 εἰρήνην
2860 1039 3234 1108 γεγενῆσθαι·
3269 1040 3370 1107 τὴν
3412 1038 3469 1090 δὲ
3528 1039 3858 1106 σνγγένειαν

2273 1135 2349 1205 μὴ
2403 1131 2697 1206 βούλεσθαι
2722 1150 2733 1164 δ
2777 1132 2930 1197 δόξαι
2963 1131 3072 1202 γὰρ
3112 1131 3179 1185 ἀν
3229 1131 3366 1182 πᾶσι
3403 1128 3470 1182 δι’
3511 1129 3764 1196 ἀνάγκην
3817 1128 3857 1199 ἢ

2269 1226 2435 1295 φόϐον
2457 1222 2692 1279 τοιαῦτα
2713 1225 2976 1294 πράττειν
3001 1218 3090 1276 οἷα
3113 1223 3177 1293 δὴ
3205 1222 3559 1292 νενικημένον
3587 1221 3695 1275 ὑπὸ
3721 1221 3814 1274 σοῦ
3841 1237 3856 1249 ·

2270 1321 2452 1374 καίτοι
2484 1315 2550 1370 τὸ
2605 1317 2704 1384 μὲν
2741 1317 3020 1387 τραπῆναι
3087 1295 3443 1384 συμϐέϐηκεν
3498 1315 3632 1382 ήμῖν
3669 1313 3861 1382 μόνοις

2270 1411 2379 1465 ὑπὸ
2411 1409 2688 1462 πλειόνων
2741 1406 3065 1477 βιασθεῖσιν.
3107 1407 3504 1474 ’Δποστερήσει
3544 1404 3600 1457 δὲ
3626 1405 3735 1457 τῶν
3779 1406 3863 1456 ol-

2269 1505 2434 1558 κείων
2487 1501 2642 1556 οὐδὲν
2691 1501 3082 1572 διενηνόχαμεν
3143 1498 3409 1567 ἀλλήλων.
3460 1497 3690 1559 Πλείους
3738 1499 3852 1567 γὰρ

2268 1594 2574 1650 ἀπεϐάλετε
2597 1595 2755 1665 ὑμεῖς
2771 1611 2784 1626 ο
2809 1595 2958 1663 ὅμως
2981 1593 3144 1646 αὑτοῦ
3166 1608 3228 1657 γε
3267 1590 3432 1644 ἕνεκα
3455 1588 3551 1642 τοῦ
3575 1589 3855 1659 ἡσσῆσθαι

2267 1687 2445 1740 δοκεῖν
2467 1687 2638 1755 ἡμᾶς,
2667 1685 2727 1739 οὺ
2754 1685 3015 1754 βούλομαι
3040 1683 3140 1754 τὴν
3160 1681 3482 1751 συγγένειαν
3514 1681 3853 1750 ποιήσασθαι

2271 1781 2412 1845 νυνὶ,
2431 1778 2546 1832 ἀλλ’
2565 1779 2788 1849 εἰρήνην
2811 1777 2972 1848 μόνον
2989 1777 3083 1831 καὶ
3097 1776 3350 1840 σπονδάς·
3375 1773 3776 1844 ἀναστρέψαντι
3792 1774 3854 1826 δὲ

2270 1871 2352 1934 είς
2409 1870 2512 1940 τὴν
2559 1869 2814 1932 οίκείαν,
2871 1867 3170 1938 πρεσϐείαν
3225 1867 3355 1938 περὶ
3405 1869 3506 1936 τῆς
3545 1867 3854 1934 ἐπιγαμίας

2269 1961 2568 2017 ποιεῖσθαι·
2606 1962 2701 2014 καὶ
2731 1959 3064 2029 σκεψαμένῳ
3094 1961 3122 2012 ὅ
3163 1976 3216 2012 τι
3249 1959 3315 2014 ἂν
3339 1957 3640 2011 λυσιτελεῖν
3667 1957 3853 2026 δοκοίη

2270 2057 2394 2110 καθ’
2425 2055 2659 2126 ἡσυχίαν
2712 2047 3000 2122 πράττειν.
3047 2050 3262 2122 ἰϐἀνης
3292 2051 3390 2118 μὲν
3418 2043 3512 2102 οὖν
3541 2049 3853 2119 ἐπανῆλθεν

2265 2147 2340 2210 ὡς
2357 2145 2585 2216 βασιλέα
2608 2143 2700 2197 τὸν
2731 2144 2952 2210 οἰκεῖον,
2971 2145 3070 2205 τὰς
3097 2141 3420 2212 ἀποκρίσεις
3439 2140 3535 2194 τοῦ
3560 2139 3856 2210 Ῥωμαίων

2268 2215 2531 2308 βασιλέως
2583 2237 2766 2305 ἀγῶν’
2821 2237 2919 2291 καὶ
2945 2237 3083 2301 μετά
3123 2238 3319 2307 μικρὸν
3359 2234 3633 2305 ἐπανῆλθε
3683 2234 3852 2288 πάλιν

2267 2331 2416 2398 ἄγων
2443 2328 2538 2381 καὶ
2564 2328 3024 2399 συμπρεσϐευτήν
3058 2330 3151 2382 τὸν
3193 2327 3541 2398 Ἀλεξάνδρου
3565 2327 3661 2380 τοῦ
3691 2328 3857 2398 βασι-

2267 2422 2405 2484 λέως
2429 2421 2572 2475 θεῖον
2589 2423 2913 2492 Συναδηνδν,
2931 2423 2996 2475 τὰ
3019 2423 3107 2475 ίσα
3130 2422 3506 2492 πρεσϐεύοντα
3539 2422 3632 2474 καὶ
3668 2421 3851 2485 αὖθις,

2267 2514 2401 2584 περί
2431 2531 2489 2566 τε
2521 2516 2615 2568 τοῦ
2640 2515 2837 2585 κήδους
2868 2515 3040 2568 πολλὰ
3069 2515 3448 2584 διαλεγόμενοι
3474 2516 3766 2583 ἐπαγωγὰ,
3787 2515 3854 2579 ἐξ

2266 2600 2342 2662 ὧν
2393 2605 2561 2678 ᾤοντο
2594 2607 2688 2661 τὸν
2736 2608 2962 2679 βασιλέα
3009 2608 3230 2660 πεῖσαι·
3269 2609 3296 2660 ό
3329 2607 3582 2676 βασιλεὺς
3629 2607 3687 2661 δὲ
3739 2612 3854 2674 τοῖς

2267 2702 2555 2771 προτέροις
2605 2704 2698 2753 καὶ
2759 2699 2913 2763 αὖθις
2961 2700 3161 2770 ἐχρῆτο
3219 2700 3439 2769 λόγοις,
3489 2703 3586 2755 καὶ
3617 2702 3716 2772 τὴν
3750 2703 3851 2771 μὲν

2267 2797 2492 2866 εἰρήνην
2535 2775 2776 2863 εφασῗιεν
2827 2793 3125 2864 αἱρεῖσθαι,
3182 2795 3277 2848 καὶ
3327 2793 3519 2848 θέσθαι
3556 2795 3851 2864 βούλεσθαι

2270 2891 2399 2960 περὶ
2440 2890 2612 2960 αὐτῆς
2662 2890 2940 2954 σπονδὰς,
2973 2891 3077 2962 τὴν
3137 2875 3465 2959 συγγένειαν
3509 2889 3566 2944 δέ
3615 2893 3676 2944 οὐ
3728 2892 3851 2944 νυνὶ

2271 2983 2544 3051 ποιήσειν,
2593 2982 2705 3034 ἀλλ’
2743 2985 2797 3044 ἐς
2833 2981 3063 3052 ὕστερον
3099 2982 3164 3053 ἥν
3205 2982 3356 3052 αὑτῷ
3406 2983 3561 3054 δοκῇ.
3603 2982 3702 3036 Ἂν
3748 2985 3851 3048 μὲν

2266 3074 2359 3128 οὖν
2392 3077 2485 3128 καὶ
2534 3076 2720 3138 αὐτοῖς
2762 3074 2830 3126 τά
2859 3072 3093 3128 τοιαῦτα
3143 3074 3286 3128 κατά
3319 3075 3546 3144 γνώμην
3573 3069 3632 3146 ᾖ,
3666 3075 3852 3128 διαλὲο

585 3149 888 3212 firmatum,
939 3157 996 3202 et
1029 3146 1231 3217 captivi
1277 3143 1685 3212 Romanorum,
1719 3154 1781 3200 ut
1810 3147 1864 3201 in
1894 3147 2164 3203 conditio-

2270 3165 2464 3233 γεσθαι
2504 3165 2632 3236 περῖ¹
2670 3166 2780 3218 τῶν
2838 3165 3144 3234 συνθηκῶν,
3173 3165 3238 3219 ἂν
3293 3165 3339 3219 δ’
3364 3143 3529 3234 ἕτερά
3559 3143 3680 3219 τινα
3732 3169 3852 3219 δια-

586 3239 751 3295 nibus
782 3253 1100 3308 expressum
1129 3247 1272 3305 erat,
1295 3239 1503 3308 absque
1532 3237 1710 3308 pretio
1740 3237 1974 3294 dimissi.
2002 3239 2158 3294 Diem

583 3339 907 3401 sequentem
937 3338 1110 3384 totum
1147 3328 1619 3398 eomprandendo,
1655 3337 1713 3384 et
1739 3329 1808 3385 de
1834 3345 2014 3402 pugna
2050 3331 2162 3401 pri-

583 3422 748 3477 diana
778 3419 1186 3476 confabulando
1210 3429 1534 3489 exegerunt.
1589 3420 1899 3476 Alexander
1925 3429 1980 3477 et
2006 3421 2159 3478 Mcesi

585 3515 961 3571 Romanorum
1005 3513 1268 3568 virtutem
1315 3527 1439 3566 cum
1486 3522 1713 3582 stupore
1765 3514 2158 3584 prmdicabant,

585 3604 679 3674 qui
703 3617 814 3660 non
846 3603 1003 3657 multi
1030 3617 1158 3657 cum
1209 3603 1368 3669 longe
1397 3603 1647 3672 pluribus
1675 3603 2070 3670 decertassent,
2105 3612 2161 3659 et

585 3709 712 3748 cum
739 3703 1081 3764 postremum
1109 3707 1300 3763 agmen
1331 3707 1526 3748 manus
1551 3694 1710 3761 plane
1731 3693 1994 3760 dedisset,
2023 3695 2161 3750 nihil

587 3796 770 3844 tamen
802 3784 988 3840 animo
1018 3783 1202 3848 fracti,
1251 3782 1407 3852 quasi
1457 3784 1593 3837 nihil
1646 3784 1963 3856 contigisset
2009 3786 2158 3854 novi,

584 3876 1033 3934 constantissimo
1068 3877 1266 3948 spiritu
1295 3893 1417 3933 cum
1448 3877 1701 3933 hostibus
1724 3880 2156 3944 concurrissent,

583 3970 967 4042 compulsique
1019 3979 1210 4040 pOstea
1269 3971 1338 4024 ab
1373 3971 1692 4025 instantium
1749 3972 2022 4037 catervis,
2086 3973 2159 4027 ita

584 4063 966 4125 recessissent,
1001 4071 1060 4116 ut
1089 4078 1198 4116 non
1239 4063 1418 4132 fugam
1451 4047 1785 4133 spectarent,
1823 4063 1920 4118 sed
1959 4066 2163 4120 abeun-

585 4165 668 4211 tes
717 4169 776 4210 se
829 4154 1226 4219 defenderent,
1265 4153 1411 4223 quod
1463 4155 1570 4208 'llis
1625 4155 1692 4208 ad
1741 4155 1976 4209 salutem
2028 4167 2162 4211 sane

586 4247 812 4300 multant
879 4245 1102 4314 profuit.
1152 4245 1219 4299 Et
1246 4248 1592 4300 asseverabat
1621 4245 1946 4310 Alexander,
1980 4262 2162 4301 saera-

586 4345 772 4391 mento
797 4337 1010 4398 addito,
1063 4335 1112 4389 si
1145 4336 1326 4390 adhuc
1373 4325 1770 4405 aliquantisper
1818 4337 1875 4390 in
1917 4351 1985 4391 eo
2015 4346 2160 4393 statu

585 4445 674 4484 res
697 4430 968 4493 durasset,
999 4443 1102 4483 nec
1132 4427 1400 4497 fugissent
1451 4428 1705 4492 Romani,
1758 4429 2016 4484 sustineri
2051 4447 2160 4486 non

2262 3256 2511 3322 νοῶνται,
2571 3256 2908 3317 ἀπελθόντας
2968 3256 3484 3326 παρασκευάζεσθαι
3549 3257 3653 3312 καθ
3721 3260 3749 3312 δ
3796 3279 3849 3313 τι

2260 3346 2326 3400 ἀν
2362 3345 2514 3414 δοκῇ.
2567 3345 2631 3397 Οἱ
2667 3343 2710 3396 δ’
2745 3344 2868 3397 ἐπεὶ
2922 3341 3112 3415 ἐώρων
3171 3344 3396 3415 βασιλέα
3431 3346 3852 3417 ἀμεταστρεπτὶ

2260 3437 2368 3489 τῶν
2398 3434 2459 3499 ἐξ
2489 3435 2668 3507 ἀρχῆς
2715 3435 2980 3506 ἐχόμενον
3037 3435 3339 3506 λογισμῶν,
3389 3437 3490 3507 τὴν
3517 3437 3615 3508 μὲν
3649 3439 3851 3506 συγγέ-

2261 3544 2412 3582 νειαν
2443 3526 2537 3580 τὸν
2577 3526 2756 3580 αὐτῶν
2779 3526 2988 3595 ἔφασαν
3020 3525 3241 3596 βασιλέα
3273 3529 3403 3599 περὶ
3434 3529 3686 3584 πλείστου
3721 3548 3848 3584 ποι-

2261 3619 2465 3686 εἴσθαι,
2485 3618 2582 3673 καὶ
2602 3618 2786 3682 αὐτοῖς
2813 3617 3248 3688 προστεταχέναι
3268 3620 3398 3690 περὶ
3423 3621 3638 3687 ἐκείνης
3663 3623 3850 3675 πᾶσαν

2263 3705 2641 3774 ἐπιδείξασθαι
2679 3707 2919 3777 σπουδήν
2943 3721 2956 3735 ·
2993 3708 3060 3759 ἂν
3096 3705 3154 3760 δὲ
3185 3707 3261 3777 μὴ
3302 3709 3656 3779 προσχωροίη
3707 3713 3847 3782 μηδι

2263 3800 2507 3853 πείθοιτο
2527 3801 2554 3853 ὁ
2580 3797 2856 3869 βασιλεὺς,
2897 3797 3010 3851 τότ’
3042 3797 3145 3869 ήδη
3177 3797 3302 3860 τοὺς
3338 3799 3438 3867 μὲν
3461 3800 3591 3870 περὶ
3627 3801 3849 3872 ἐκείνης

2263 3889 2457 3958 λόγους
2488 3891 2570 3953 είς
2628 3889 2690 3942 τὸ
2757 3888 2954 3958 μέλλον
2980 3879 3343 3959 ’ὑπερθέσθαι
3402 3889 3480 3954 ὡς
3538 3892 3721 3961 καιρῷ
3766 3891 3850 3962 τῷ

2266 3983 2604 4053 προσήκοντι
2635 3980 3070 4050 γενησομένους’
3104 3980 3304 4044 αὐτοὺς
3337 3981 3395 4034 δὲ
3445 3983 3574 4052 περὶ
3612 3984 3710 4053 τῆς
3763 3985 3849 4036 εί-

2267 4076 2435 4145 ρήνης
2470 4074 2748 4127 ποιεῖσθαι
2778 4073 2875 4135 τὰς
2908 4072 3208 4142 συνθήκας.
3245 4072 3354 4126 Καὶ
3377 4075 3689 4143 γενομένων
3714 4075 3850 4145 παρ’

2265 4163 2593 4236 ἀμφοτέρων
2630 4162 2806 4230 λόγων
2851 4163 2912 4215 οὐ
2971 4162 3204 4229 πολλῶν,
3245 4161 3552 4232 συνέϐησάν
3607 4182 3687 4228 τε,
3750 4169 3849 4220 καὶ

2263 4255 2362 4317 τὰς
2401 4255 2634 4318 σπονδὰς
2683 4254 3010 4324 ἐποιήσαντο
3080 4253 3432 4325 αὐθημερόν·
3501 4257 3593 4308 καὶ
3645 4257 3849 4326 ὅρκους

2263 4347 2592 4416 ἐποιήσαντο
2613 4345 2701 4399 ἐπ’
2732 4346 2928 4406 αὑταῖς
2958 4345 3008 4398 oi
3037 4343 3283 4412 βασιλεῖς
3315 4346 3458 4398 κατὰ
3479 4346 3538 4398 τὸ
3563 4346 3686 4409 ἔθος
3705 4389 3721 4414 ,
3753 4351 3850 4401 καὶ

2265 4438 2391 4500 τοὺς
2429 4437 2715 4508 περιόντας
2747 4437 2856 4491 τῶν
2892 4437 3188 4506 ’Ῥωμαίων
3241 4437 3600 4508 δοριαλώτους
3646 4440 3850 4494 ἔλυσαν

586 4524 849 4594 potuisse,
881 4523 977 4577 sed
1027 4521 1226 4575 Messes
1266 4535 1458 4574 eorum
1496 4521 1699 4575 virtute
1747 4535 1810 4574 ac
1847 4521 2156 4588 tolerantia,

2266 4532 2393 4585 ἄνευ
2421 4531 2630 4597 λύτρων
2661 4545 2674 4558 °
2723 4529 2865 4582 οὕτω
2893 4528 3001 4599 γὰρ
3028 4527 3094 4600 ἧν
3130 4531 3252 4589 ταῖς
3294 4531 3592 4599 συνθήκαις
3622 4531 3850 4600 εἰρημέο

585 4618 971 4688 ιιι-,ιιεηιυοιιιιο
1021 4612 1374 4682 imperatoris
1413 4611 1716 4675 attonitos,
1763 4611 1945 4681 fugam
2009 4629 2160 4668 arre-

585 4719 779 4779 pturos
809 4708 998 4761 fuisse.
1029 4705 1163 4760 Haec.
1189 4715 1248 4759 et
1299 4704 1404 4759 alia
1436 4712 1550 4758 toto
1573 4703 1662 4758 die
1708 4705 1996 4774 colloquiis
2045 4707 2158 4776 agi-

2265 4640 2374 4675 νον.
2413 4623 2504 4684 Είς
2537 4622 2634 4689 τὴν
2651 4620 2945 4689 ὑστεραίαν
2993 4636 3050 4671 τε
3079 4621 3359 4688 γενόμενοι
3390 4620 3448 4670 ἐν
3495 4619 3681 4689 ταύτῴ
3716 4638 3849 4674 συνο

2265 4714 2569 4785 ηρίστησάν
2598 4729 2656 4765 τε
2685 4712 2934 4782 ἀλλήλοις
2967 4714 3060 4764 καὶ
3112 4712 3492 4782 συνδιέτριψαν
3523 4712 3611 4765 διὰ
3663 4715 3850 4782 πάσης

587 4808 806 4862 tantes,
862 4795 930 4851 ad
986 4811 1272 4865 vesperam
1329 4795 1473 4849 inter
1525 4809 1582 4848 se
1634 4795 2036 4859 valedixerunt.
2093 4797 2162 4852 Et

2266 4809 2360 4877 τῆς
2396 4805 2610 4876 ἡμέρας
2666 4804 2933 4876 περὶτῶν
2991 4804 3382 4872 γεγενημένων
3432 4807 3498 4874 τῇ
3541 4807 3847 4876 προτεραίᾳ

583 4889 891 4945 Alexander
914 4885 1135 4957 quidem
1181 4887 1236 4940 in
1266 4901 1496 4954 regnum
1541 4901 1702 4940 suum
1748 4885 2023 4954 discessit,
2061 4888 2162 4942 im-

2266 4899 2412 4954 κατά
2459 4901 2562 4967 τὴν
2622 4899 2804 4968 μάχην
2835 4895 3182 4966 ὁμιλοῦντες.
3218 4896 3530 4966 Ἐκπληξις
3552 4898 3662 4966 γὰρ
3695 4894 3848 4969 εἶχεν

583 4990 806 5054 perator
839 4977 1194 5035 Rhosocastri
1219 4977 1416 5032 diebus
1445 4978 1658 5047 aliquot
1690 4991 1954 5046 moratus,
1994 4981 2159 5053 Didy-

2275 4989 2624 5060 ’Δλέξανδρόν
2640 5005 2702 5040 τε
2727 4988 2820 5041 καὶ
2837 4987 3059 5050 Μυσοὺς
3080 4987 3176 5055 τῆς
3205 4986 3492 5051 Ῥωμαίων
3510 4987 3722 5060 τόλμης
3750 4993 3847 5045 καὶ

581 5076 887 5133 motichum
919 5072 1048 5128 inde
1081 5070 1384 5141 profectus,
1419 5069 1648 5125 militem
1681 5071 1912 5129 dimisit.

2266 5080 2359 5151 τῆς
2378 5080 2663 5150 εὐψυχίας,
2693 5081 2774 5130 ὅτι
2794 5079 2965 5145 ὀλίγοι
3008 5077 3145 5146 πρὸς
3172 5076 3616 5145 πολλαπλασίους
3645 5087 3845 5151 ἀγῶνι.

581 5171 826 5242 ζόμενοι,
879 5167 978 5220 καὶ
1013 5166 1125 5218 τῶν
1163 5162 1281 5235 μετ’
1309 5163 1506 5226 αὐτοὺς
1540 5167 1889 5235 τεταγμένων
1913 5169 2239 5242 ἡττημένων
2276 5175 2379 5246 ’ήδη
2423 5171 2716 5241 λαμπρῶς,
2761 5171 2912 5224 οὐδὲν
2972 5169 3172 5239 μᾶλλον
3204 5172 3426 5243 ὑφῆκαν
3469 5175 3568 5243 τῆς
3623 5177 3849 5246 ἀνδρίας

581 5270 677 5322 καὶ
715 5267 816 5337 τῆς
839 5266 1045 5334 τόλμης
1081 5277 1097 5293 ⁶
1151 5261 1270 5316 ἀλλ’
1300 5260 1490 5332 ὥσπερ
1535 5263 1765 5333 μηδενὸς
1795 5267 1987 5322 καινοῦ
2018 5273 2327 5338 γεγονότος,
2351 5271 2608 5342 ἀτρέπτῳ
2664 5270 2976 5340 φρονήματι
3031 5269 3326 5323 συνέϐαλον
3363 5283 3490 5336 τους
3521 5274 3844 5344 πολεμίους·

580 5368 678 5422 καὶ
718 5362 1040 5437 βιασθέντες
1075 5359 1180 5414 ὑπὸ
1232 5358 1328 5412 τοῦ
1366 5359 1613 5428 πλήθους
1671 5361 1812 5431 μετά
1845 5363 2022 5419 ταῦτα
2053 5367 2179 5420 ἐπεὶ
2218 5366 2558 5438 ἀνεχώρουν,
2580 5366 2642 5418 οὐ
2675 5365 2812 5436 πρὸς
2837 5366 3017 5437 φυγήν
3051 5367 3399 5423 παντάπασιν
3433 5371 3688 5438 ἀπετδον,
3723 5373 3844 5425 ἀλλ’

579 5463 852 5532 ἠμύνοντο
879 5459 1153 5522 ἀπιόντες,
1211 5455 1348 5526 δπερ
1377 5458 1472 5508 καὶ
1526 5453 1766 5526 μάλιστα
1799 5457 2057 5514 διέσωσεν
2090 5463 2310 5528 αὐτούς.
2337 5462 2718 5517 Διεϐεϐαιοῦτό
2743 5479 2805 5516 τε
2855 5463 3205 5534 Ἀλέξανδρος
3262 5469 3356 5519 καὶ
3396 5469 3596 5536 ὅρκους
3623 5484 3851 5538 προστι-

583 5552 717 5618 θεὶς,
743 5553 819 5617 ὥς
857 5553 906 5606 εί
933 5551 1125 5622 χρόνον
1149 5550 1271 5604 τινὰ
1298 5551 1379 5604 ἐτι
1416 5550 1705 5620 ἐνέμειναν
1737 5551 1938 5621 μικρὸν
1965 5554 2059 5607 ἐπὶ
2086 5554 2180 5607 τοῦ
2221 5556 2524 5626 χρήματος,
2555 5556 2650 5610 καὶ
2685 5555 2759 5625 μὴ
2789 5555 3005 5624 ἐγένετο
3037 5559 3070 5630 ή
3103 5563 3300 5631 τροπὴ,
3322 5560 3422 5614 οὐκ
3453 5561 3520 5614 ἂν
3543 5553 3852 5629 ὑπέμειναν

584 5649 738 5703 αὐτοί
761 5665 776 5681 ο
809 5649 926 5702 ἀλλ’
978 5647 1184 5719 ᾤχοντο
1236 5646 1560 5716 φεύγοντες,
1593 5647 2040 5719 ἐκπεπληγμένοι
2068 5650 2167 5722 τὴν
2205 5652 2414 5721 τόλμαν
2444 5653 2626 5706 αὐτῶν
2693 5654 2787 5706 καὶ
2815 5653 2912 5723 τὴν
2963 5657 3261 5725 καρτερίαν
3289 5657 3383 5709 καὶ
3448 5656 3692 5726 μάλιστα
3757 5659 3854 5725 βα-

587 5744 801 5807 σιλέως.
827 5744 1064 5799 Τοιαῦτα
1103 5747 1198 5798 καὶ
1220 5741 1364 5812 ἕτερ’
1395 5743 1530 5796 ἄττα
1556 5743 1646 5797 διὰ
1677 5745 1856 5830 πάσης
1880 5747 1979 5815 τῆς
2009 5747 2223 5818 ἡμέρας
2249 5749 2640 5816 ὁμιλήσαντες,
2711 5750 2848 5816 πρὸς
2913 5751 3154 5816 ἑσπέραν
3217 5750 3615 5812 συνταξάμενοι
3679 5753 3850 5816 ὁ).λή-
