4122 6296
437 256 546 322 580

1576 259 2118 322 HISTORIABUM
2155 257 2390 320 LIBER
2431 258 2518 321 II.

3572 263 3677 324 δυο
3723 270 3730 338 j

434 376 572 440 λοις,
613 376 959 446 Ἀλέξανδρος
994 378 1090 446 μὲν
1125 377 1480 443 ἐπανέζευξεν
1504 378 1584 440 εἰς
1634 376 1733 446 τὴν
1781 375 2007 441 οἰκείαν,
2052 375 2305 445 βασιλεὺς
2356 376 2412 429 δὲ
2464 376 2857 449 Ῥωσοκάστρῳ
2879 376 3090 448 ἡμέρας
3113 376 3530 449 ἐνδιατρίψαςού
3557 381 3682 433 πολ-

438 472 561 537 λὰς,
595 471 736 540 ἄρας
764 473 996 536 ἐκεῖθεν,
1029 467 1191 544 ἦλθεν
1221 476 1302 536 είς
1338 474 1736 544 Διδυμότειχον,
1785 473 1880 524 καὶ
1907 472 2124 524 διέλυσε
2158 471 2258 538 τὴν
2292 472 2574 541 στρατιάν.

1708 612 1871 683 237
1912 607 2138 666 CAPUT
2175 608 2415 667 xxvut.

437 729 689 785 Amurius
719 733 941 795 satrapa
997 724 1243 796 Persicus
1280 729 1336 781 in
1366 729 1643 783 Thraciam
1695 728 1874 780 irruit.
1905 723 2202 796 __Romanus
2255 729 2522 793 occurrit;
2555 745 2587 783 α
2620 727 2819 781 neutris
2871 735 3049 781 tamen
3093 743 3282 796 pugna
3325 727 3388 795 ﬁt
3450 729 3682 782 initium.

512 799 691 852 Persa
715 793 930 849 domum
961 795 1170 850 abeunt.
1199 797 1526 851 Andronicus
1555 797 1751 856 senior,
1797 806 1846 849 et
1895 793 2043 848 Xeno
2075 796 2410 862 imperatoris
2461 807 2629 852 mater
2663 800 2770 850 vita
2817 793 3101 851 decedunt.
3125 793 3496 851 Monontaclms
3530 797 3686 851 Thes-

502 868 668 936 salia:
701 867 1021 936 gubernator
1066 865 1138 918 ad
1208 867 1564 932 principatum
1606 876 1906 936 grassatur.
1957 863 2190 917 Thessali
2231 869 2484 936 montani
2533 866 2846 936 imperatori
2893 866 3240 921 obedientiam
3297 867 3558 936 deferunt.
3603 867 3684 923 A4

511 934 746 998 Cralem,
777 942 835 988 ut
869 935 1091 999 amicus,
1119 936 1392 1003 inapinato
1417 936 1579 1000 venit,
1612 934 1824 1005 quicum
1851 934 1963 987 dies
1994 941 2191 998 septem
2209 934 2448 1003 jucunde
2489 934 2672 1004 exigit.

531 1075 642 1128 Kal.
711 1073 849 1142 μετά
905 1073 1397 1144 πεντεκαιδεκάτην
1452 1073 1668 1144 ἡμέραν
1727 1071 2016 1142 ἠγγέλλετο

2192 1075 2323 1131 Post
2372 1075 2516 1130 diem
2570 1076 2824 1146 quintum
2878 1078 3151 1133 decimum
3203 1077 3436 1133 nuntius
3487 1067 3684 1152 venits

445 1165 598 1237 αὐτῷ
636 1165 713 1229 ὡς
739 1167 766 1219 ὁ
800 1165 1058 1237 Σμύρνης
1104 1167 1202 1219 καὶ
1246 1166 1475 1234 Ἐφέσου
1519 1165 1616 1218 καλ⁵
1679 1165 1855 1218 ἄλλων
1907 1163 2017 1215 τῶν

445 1260 587 1312 κατὰ
616 1257 939 1327 τὴνἸωνίαν
967 1257 1175 1310 πόλεων
1227 1257 1516 1327 σατράπης
1564 1255 1790 1324 Ἄμοὺρ,
1854 1255 2016 1307 πέντε

444 1351 597 1418 ἄγων
628 1349 721 1402 nul.
749 1348 1120 1418 ἐϐδομήκοντα
1143 1348 1330 1401 στόλον
1357 1348 1516 1413 νεῶν,
1545 1348 1636 1401 τδν
1653 1347 1876 1413 Αἰγαῖον
1902 1347 2018 1397 δια·

445 1436 633 1492 ϐαλὼν
667 1435 1004 1509 Σαμοθρᾴκῃ
1032 1437 1302 1508 προσέσχε
1329 1437 1548 1505 πρῶτον
1571 1452 1586 1468 ⁸
1611 1435 1864 1490 κάκεῖθεν
1885 1434 2018 1506 πρὸς

445 1531 548 1596 τὴν
570 1529 866 1598 ἀντιπέρας
898 1528 1126 1598 ἤπειρον
1153 1528 1506 1598 περαιωθεὶς,
1539 1529 1608 1581 τὰ
1629 1529 1748 1581 ἐκεῖ
1776 1526 2017 1596 παράλια

446 1622 550 1688 τῆς
577 1621 798 1692 Θρᾴκης
821 1620 1123 1690 παραπλεῖ,
1147 1619 1340 1690 ἄδηλος
1366 1618 1443 1673 ὢν
1471 1621 1598 1674 ὅποι
1651 1618 2014 1689 ἀποϐήσεται.

447 1713 655 1767 Λύτίκα
682 1728 742 1764 τε
778 1713 842 1766 ἐκ
864 1711 973 1773 τῶν
1003 1712 1286 1782 παρόντων
1316 1713 1475 1776 ὅσους
1525 1712 1654 1781 ἐνῆν
1675 1710 2011 1778 συναγαγὼν,

448 1803 583 1874 πρὸς
612 1803 680 1857 τὰ
711 1803 952 1873 παράλια
981 1804 1178 1873 ἐχώρει
1212 1803 1307 1873 τῆς
1330 1802 1576 1874 Θρᾴκη·,
1609 1801 1684 1866 ὡς
1712 1802 1790 1872 τῷ
1817 1804 2016 1872 Περσι-

449 1894 534 1966 κῷ
558 1895 731 1965 στόλῳ
759 1893 990 1964 κώλυμα
1024 1893 1285 1963 ἐσόμενος
1309 1894 1405 1948 τοῦ
1433 1895 1511 1965 μὴ
1560 1894 1872 1958 ἀποϐάντας
1913 1911 2015 1946 κα-

447 1986 577 2040 κοῦν
597 1987 696 2057 τὴν
727 1985 928 2057 χώραν.
963 1986 1290 2057 Συμϐέϐηκε
1322 1986 1381 2040 δὲ
1412 1986 1642 2056 βασιλέα
1683 2002 1743 2038 τε
1774 1987 1912 2040 κατὰ
1947 1985 2018 2040 τὰ

448 2077 846 2145 Κουμουτζηνά
883 2077 1126 2146 πόλισμα
1161 2078 1261 2146 τῆς
1295 2077 1520 2146 Θρᾴκης
1555 2076 1618 2129 οὐ
1643 2076 1774 2131 πολὺ
1800 2078 2016 2146 ἀπῳκι-

448 2171 656 2240 σμένον·
694 2170 796 2240 τῆς
839 2169 1116 2238 Θαλάσσης
1146 2169 1472 2223 αὐλίσασθαι
1521 2169 1620 2240 τὴν
1661 2171 1869 2236 νύκτα,
1920 2172 2015 2224 καὶ

457 2263 666 2332 ’Λμοὺρ
725 2263 864 2317 κατὰ
924 2262 1022 2330 τὴν
1075 2262 1287 2333 Ποροῦν
1344 2261 1615 2331 παράλιον
1655 2263 1753 2333 τῆς
1791 2263 2013 2334 Θρᾴκης

2117 1165 2404 1221 Amurium
2458 1166 2746 1239 Smyrnae,
2798 1168 3021 1238 Ephesi,
3069 1169 3410 1239 aliarumque
3465 1169 3682 1224 urbium

2120 1257 2282 1312 lonia:
2303 1265 2577 1327 satrapam
2607 1274 2731 1313 cum
2769 1260 2944 1314 classe
2979 1259 3223 1328 quinque
3253 1269 3311 1314 et
3339 1261 3682 1328 septuaginta

2119 1348 2340 1403 navium
2372 1347 2557 1418 Εεωο
2605 1349 2798 1418 pelago
2829 1349 3173 1414 transmisso,
3212 1349 3452 1418 primum
3483 1349 3548 1401 ad
3583 1348 3685 1401 Sa—

2118 1437 2441 1492 mothracen
2473 1436 2761 1506 appulsum
2791 1477 2806 1500 ,
2852 1437 3052 1492 deinde
3098 1437 3163 1491 ad
3204 1438 3509 1506 oppositam
3555 1451 3687 1491 con-

2118 1527 2381 1582 tinentem
2417 1527 2705 1582 advectum
2735 1566 2750 1591 ,
2803 1526 2915 1582 illic
2949 1542 3100 1581 oram
3157 1525 3402 1581 Thraciae
3456 1526 3638 1596 legere
3667 1563 3685 1586 .

2115 1631 2346 1686 esseque
2376 1618 2669 1681 incertum,
2707 1617 2800 1671 ubi
2835 1617 3208 1671 descensurus
3254 1618 3344 1670 sit.
3399 1615 3686 1686 Extemplo

2119 1710 2284 1779 igitur
2312 1723 2438 1762 cum
2473 1708 2728 1782 praesenti
2767 1708 2923 1776 ecpia
2959 1717 3164 1776 quanta
3202 1715 3406 1777 quanta
3440 1715 3580 1772 erat,
3616 1707 3685 1760 ad

2117 1802 2364 1857 Thracia:
2413 1801 2620 1865 littora,
2666 1800 2858 1855 Persas
2908 1799 3258 1868 populatione
3306 1799 3687 1868 prohibiturus

2117 1894 2418 1962 imperator
2477 1891 2800 1946 contendit:
2835 1905 2997 1961 quem
3063 1885 3421 1946 Cumutzcnis
3485 1889 3686 1960 oppido

2118 2000 2227 2039 non
2261 1983 2452 2053 procul
2485 1998 2514 2037 a
2550 1981 2687 2036 mari
2727 1989 3050 2053 pernoctare
3103 1983 3376 2049 contigit,
3425 1992 3481 2036 et
3515 1984 3685 2035 Amu-

2118 2076 2236 2129 rius
2287 2073 2431 2143 apud
2468 2074 2666 2127 Porum
2695 2114 2710 2137 ,
2747 2073 2928 2126 locum
2987 2072 3323 2126 maritimum
3377 2088 3408 2127 e
3455 2075 3685 2141 tagione

2115 2166 2580 2222 Cumutzenorum
2611 2163 2916 2217 descendit.
2975 2162 3225 2231 Dumque
3278 2161 3324 2216 is
3374 2161 3440 2215 ad
3476 2161 3686 2224 prendas

2120 2258 2356 2329 agendas
2385 2271 2508 2311 cum
2539 2255 2795 2309 omnibus
2842 2252 2977 2317 suis,
3023 2261 3077 2307 et
3111 2252 3409 2322 imperator
3449 2253 3515 2306 ad
3551 2269 3680 2322 prmo

446 2354 635 2422 χώραν
690 2355 1024 2424 καταντικρὺ
1088 2353 1526 2426 Κουμουτξηνῶν
1583 2353 1684 2424 τὴν
1742 2355 2013 2409 ἀπόϐασιν

2118 2352 2292 2406 dones
2313 2347 2653 2404 cohibendos
2684 2347 3012 2416 procedunt,
3068 2345 3123 2398 in
3169 2345 3292 2399 loco
3324 2345 3556 2414 Panagia
3590 2360 3674 2414 ap:

447 2444 801 2513 ποιήσασθαι.
819 2443 1135 2508 Ἐξελθόντα
1163 2461 1220 2496 τε
1240 2445 1401 2497 αὐτὸν
1429 2447 1773 2516 πανστρατιᾷ
1811 2445 1886 2510 ὡς
1915 2447 2012 2500 ἐπῖΙ

2118 2443 2339 2513 pellato,
2374 2440 2478 2495 sibi
2527 2449 2867 2502 occurrunt,
2920 2440 3143 2509 regione
3188 2439 3348 2508 plana
3376 2449 3435 2494 et
3464 2440 3685 2507 mqualr,

445 2533 599 2587 λείαν
628 2535 722 2586 καὶ
753 2533 981 2604 βασιλέα
1013 2534 1106 2588 ἐπὶ
1133 2533 1194 2588 τὸ
1223 2534 1465 2588 κωλῦσαι
1522 2535 1823 2602 προελθεῖν,
1885 2551 2014 2588 συν-

446 2629 631 2696 τυχεῖν
662 2627 912 2695 άλλήλοις
949 2627 1092 2680 κατά
1138 2645 1191 2680 τι
1239 2628 1439 2698 χωρίον
1473 2628 1863 2698 ὠνομασμένον
1898 2629 2012 2681 Πα-

2112 2533 2398 2604 equitique
2425 2539 2616 2585 contra
2664 2530 2902 2600 peditem
2936 2530 3218 2600 aptissima
3249 2547 3262 2584 :
3302 2529 3355 2584 id
3405 2532 3547 2600 quod
3585 2528 3690 2583 im-

2114 2623 2350 2693 peratori
2379 2621 2736 2691 cupiditatem
2766 2636 2890 2676 cum
2933 2621 3184 2676 barbaris
3219 2621 3570 2691 depraaliaudi
3605 2621 3687 2674 in-

447 2719 664 2787 ναγίαν,
715 2718 744 2771 δ
781 2719 970 2773 ὕπτιον
1000 2719 1100 2788 μὲν
1131 2714 1199 2790 ἦν
1238 2721 1329 2772 καὶ
1374 2719 1610 2788 (ὁμαλὸν,
1641 2720 1734 2772 καὶ
1779 2718 2013 2788 μάλιστα

2118 2715 2358 2784 iiciebat.
2393 2712 2499 2767 Sed
2531 2728 2750 2766 rursum
2783 2714 2851 2768 ab
2879 2728 2943 2768 ea
2977 2722 3160 2767 mente
3190 2713 3513 2769 eorumdem
3550 2714 3691 2766 mul-

449 2809 870 2880 ἐπικαιρότατον
901 2808 1132 2862 ἱππεῦσι
1175 2810 1312 2880 πρὸς
1341 2811 1536 2873 πεζοὺς
1563 2811 2004 2878 διαγωνίζεσθαι,

450 2902 548 2955 καὶ
583 2903 672 2956 διὰ
695 2901 854 2956 τοῦτο
883 2900 1101 2969 βασιλεῖ
1140 2903 1367 2971 παρεῖχε
1405 2901 1714 2972 προθυμίαν
1762 2901 2009 2974 συμπλές

458 2999 655 3072 κείσθαι
683 2999 794 3060 τοῖς
833 2996 1154 3066 βαρϐάροις.
1193 2997 1493 3064 ’Δπέτρεπε
1522 2997 1578 3048 δὲ
1597 2991 1752 3058 αὖθις
1781 2995 1840 3047 τὸ
1871 2994 2011 3064 πλῆ-

447 3089 544 3152 θος
560 3089 668 3141 τῶν
699 3088 946 3156 Περσῶν,
971 3087 1032 3140 ού
1057 3088 1174 3156 τρὶς
1215 3091 1312 3140 καὶ
1341 3089 1599 3158 τετράκις
1630 3088 1752 3140 οὐδὲ
1772 3088 2013 3150 δεκάκις,

2118 2804 2296 2859 titudo
2332 2843 2347 2863 .
2375 2819 2485 2857 non
2518 2813 2602 2858 ter
2628 2845 2643 2869 ,
2673 2813 2891 2874 quater,
2941 2803 3035 2858 sed
3066 2802 3269 2869 decies,
3317 2805 3428 2858 imo
3483 2803 3689 2873 pluries

2117 2911 2213 2950 sua
2241 2896 2435 2966 major.
2469 2896 2646 2965 ipsum
2680 2895 2995 2970 revocabat.
3033 2896 3210 2965 Atque
3259 2895 3470 2950 idcirco
3499 2896 3691 2951 absce-

2117 2989 2248 3043 dv-re
2282 3001 2390 3042 non
2423 2997 2680 3056 poterat,
2735 3002 2859 3042 cum
2915 2987 2972 3040 in
3020 2987 3382 3043 abscedentes
3425 2988 3689 3057 impetum

2118 3079 2358 3133 facturos
2379 3077 2643 3132 credibile
2673 3076 2827 3131 ﬂeret
2851 3095 2865 3131 :
2895 3085 2950 3132 et
2975 3075 3269 3146 conﬂigere
3296 3076 3440 3131 haud
3467 3089 3686 3146 aequum

448 3183 588 3235 ἀλλὰ
640 3185 736 3234 καὶ
774 3178 1064 3242 πλεονάκις
1101 3179 1374 3233 τοσούτων
1409 3180 1578 3235 ὄντων
1619 3180 1650 3251 ἢ
1692 3180 1848 3241 ὅσους
1880 3173 2016 3248 ἦγεν

2118 3170 2418 3241 judicabat,
2447 3170 2593 3239 quod
2637 3169 2871 3238 exiguos
2918 3184 3148 3223 numero
3181 3179 3288 3222 tam
3321 3169 3688 3237 multis'peri-

451 3273 640 3337 αὐτὸς,
663 3273 864 3325 καὶδιά
882 3270 1041 3323 τοῦτο
1057 3268 1182 3322 οὔτε
1206 3272 1540 3341 ἀφίστασθαι
1565 3270 1746 3324 αὐτῶν
1781 3269 2015 3339 ἠδύνατο

2117 3264 2306 3318 culose
2333 3262 2619 3331 objiceret.
2664 3262 2835 3315 Aliam
2864 3276 2998 3316 vero
3026 3276 3276 3324 manum,
3303 3275 3478 3329 quam
3500 3261 3690 3315 venire

448 3363 596 3432 ὁρῶν
622 3365 723 3417 οὐκ
749 3365 1073 3420 ἀνέλπιστον
1095 3367 1192 3437 τὴν
1223 3365 1567 3434 ἐπιχείρησιν
1596 3359 1776 3414 αὐτῶν
1807 3375 1822 3390 '
1864 3359 1925 3412 τό
1955 3375 2015 3412 τε

2118 3356 2371 3424 iusserat,
2397 3361 2740 3422 exspectans,
2768 3352 2882 3406 illic
2903 3352 3176 3415 manebat,
3201 3361 3264 3406 ut
3289 3351 3378 3406 ubi
3397 3366 3461 3405 ea
3485 3351 3691 3405 adfuis-

451 3453 864 3524 συμπλέκεσθαι
911 3457 1150 3510 ἐποιεῖτο
1195 3457 1253 3508 ἐν
1301 3451 1481 3523 δεινῷ,
1541 3455 1589 3506 εί
1625 3451 1834 3519 ὀλίγους
1866 3451 2017 3518 ἄγων
2051 3487 2064 3496 .-

449 3545 590 3615 πρδς
620 3545 904 3608 τοσούτους
939 3544 1392 3598 διακινδυνεύσοι.
1437 3540 1706 3604 Ἐλπίζων
1735 3541 1792 3594 δὲ
1823 3541 2042 3608 (inpiis--

451 3637 578 3690 σθαι
613 3638 708 3690 καὶ
742 3637 910 3707 ἄλλην
935 3635 1202 3706 στρατιάν
1233 3635 1267 3706 ἦ
1295 3630 1366 3706 ἦν
1399 3631 1852 3703 προστεταγμένη
1879 3633 2016 3702 πρὸς

2119 3455 2224 3509 set,
2256 3460 2379 3499 cum
2417 3443 2670 3498 Barbarie
2719 3444 3185 3514 congrederetur;
3227 3442 3282 3496 id
3311 3441 3459 3497 enim
3494 3442 3549 3496 et
3576 3457 3689 3494 ma-

2119 3551 2258 3608 gnus
2286 3535 2642 3599 domesticus,
2675 3542 2727 3587 et
2745 3551 2749 3554 ·
2770 3533 3016 3606 ejusdem
3043 3533 3332 3588 domestici
3361 3545 3524 3586 socer
3555 3534 3688 3586 Asa-

2121 3646 2221 3684 nes
2255 3631 2696 3699 illic-praesentes
2742 3628 3069 3692 suadebant,
3100 3625 3435 3696 Barbarique
3478 3635 3690 3678 natura:

450 3730 616 3784 αὐτὸν
645 3729 843 3795 ἐλθεῖν,
897 3729 1221 3802 περιέμενεν
1254 3729 1390 3792 ἐκεῖ,
1425 3727 1502 3790 ὡς
1546 3727 1596 3780 εί
1629 3725 1874 3794 ἀφίξοιτο
1904 3727 2012 3788 τοῖς

2121 3723 2222 3778 1οοὶ
2252 3739 2357 3776 non
2393 3722 2652 3786 ﬁdebant,
2681 3719 2826 3791 quod
2859 3720 2997 3774 nihil
3024 3729 3144 3775 erat
3171 3721 3467 3780 munitum,
3495 3732 3604 3787 quo
3628 3731 3688 3771 se

441 3815 758 3894 ’βαρϐάροις
780 3821 1091 3891 συμϐαλών.
1113 3819 1271 3874 Οὕτω
1295 3820 1405 3887 γὰρ
1426 3821 1453 3872 ὅ
1481 3836 1542 3872 τε
1573 3820 1746 3888 μέγας
1763 3816 2013 3886 δομέστι-

343 3947 353 3953 -
450 3933 546 3978 κος
559 3915 697 3968 καὶὸ
723 3914 915 3966 τούτου
934 3912 1197 3976 πενθερὸς
1232 3912 1461 3981 Ἀσάνης
1487 3909 1870 3964 συνεϐούλευεν
1897 3910 2018 3961 ἐκεῖ

448 4005 665 4075 παρώνο
678 4005 732 4058 οἵ
749 4022 804 4058 τε
819 4005 1082 4076 βάρϐαροι
1097 4007 1166 4075 τῇ
1180 4003 1340 4071 φύσει
1360 4003 1458 4072 μὲν
1470 4001 1563 4054 τοῦ
1579 4002 1742 4053 τόπου
1759 4000 1858 4053 οὐκ
1870 3999 2021 4069 ἐθάρ-

457 4101 587 4170 ρουν
601 4098 690 4151 διὰ
711 4100 771 4151 τὺ
799 4096 1066 4169 μηδεμίαν
1086 4090 1229 4148 εἶναι
1249 4091 1601 4165 ἀναχώρησιν
1633 4093 1769 4161 πρός
1792 4109 1844 4144 τι
1878 4107 2016 4160 καρ-

452 4189 612 4260 τερὸν
662 4191 709 4244 εί
764 4190 1036 4260 βιάζοιντο
1066 4188 1173 4241 ὑπὸ
1212 4189 1322 4240 τῶν
1379 4186 1613 4240 ἱππέων·
1639 4185 1717 4254 τῷ
1747 4183 1939 4262 πλῄθει
1961 4182 2018 4236 δὲ

451 4282 687 4349 ὁρῶντες
732 4282 960 4344 ἑαυτοὺς
999 4281 1365 4349 ὑπερέχοντας
1397 4277 1532 4330 πολὺ
1576 4277 1683 4329 τῶν
1725 4275 2015 4344 πολεμίων,

453 4371 810 4443 ἐκαρτέρουν,
858 4373 996 4440 μήτε
1053 4371 1312 4438 ἄρχοντες
1360 4368 1511 4420 αὐτοὶ
1560 4366 1820 4434 πολέμου,
1880 4366 2017 4433 μήτε

457 4462 894 4532 ἀναχωροῦντες,
946 4462 1033 4514 ἵνα
1064 4463 1140 4529 μὴ
1195 4459 1395 4528 θάρσος
1428 4458 1709 4527 παρέχωσι
1725 4456 2018 4526 Ῥωμαίοις

455 4555 819 4625 ἐπιφέρεσθαι
857 4555 1062 4616 αὐτοῖς.
1105 4551 1260 4605 Οὕτω
1300 4551 1398 4619 μὲν
1454 4545 1549 4602 οὖν
1603 4549 1892 4617 ἀμφότερα
1950 4547 2018 4600 τὰ

456 4647 851 4719 στρατεύματα
881 4645 1124 4714 εἱστήκει
1155 4643 1408 4711 ἀλλήλοις
1467 4637 2017 4708 ἀντιπαρατεταγμέ·

455 4755 558 4803 νοι,
580 4737 806 4808 γνώμην
832 4738 1046 4806 ἔχοντες
1073 4736 1328 4803 ἑκάτεροι
1358 4732 1431 4802 μὴ
1452 4730 1882 4800 προεπιχειρεῖν,
1904 4727 2018 4781 ἁλλ’

452 4830 758 4897 ἀμύνεσθαι
787 4830 912 4890 τοὺς
941 4828 1219 4889 ἐπιόντας.
1270 4825 1422 4878 Ἐπεὶ
1453 4824 1508 4876 δὲ
1540 4823 1638 4893 ἤδη
1680 4821 1808 4890 περὶ
1837 4819 2017 4889 δείλην

452 4923 488 4989 ὴ
519 4921 702 4989 ἡμέρα
726 4915 814 4989 ἦν,
853 4920 901 4970 οί
937 4917 1204 4988 βάρϐαροι
1236 4918 1500 4986 πρότερον
1541 4915 1856 4982 Ἑλληνιστὶ
1881 4913 2016 4981 πρὸς

466 5011 773 5078 Ῥωμαίους
796 5006 951 5066 εἷπον
976 5025 992 5040 ⁸
1033 5009 1119 5072 Ὧς
1142 5011 1203 5062 οὐ
1231 5009 1349 5062 δέον
1377 5007 1584 5077 ἀργοὺς
1614 5004 1758 5059 οὕτω
1796 5004 1884 5058 διὰ
1911 5006 2014 5058 πά-

2122 3815 2452 3884 reciperent,
2483 3813 2528 3868 si
2560 3814 2628 3868 ab
2657 3812 2940 3879 equitibus
2967 3820 3320 3880 urgerentur.
3356 3807 3491 3865 Cum
3526 3820 3687 3874 pn'ro

2119 3923 2177 3961 se
2211 3891 2462 3960 hostibus
2512 3907 2671 3974 longe
2718 3904 3127 3958 numerosiores
3160 3901 3414 3956 viderent
3446 3941 3461 3962 ,
3515 3899 3688 3952 dura-

2121 3999 2272 4057 bant,
2304 4010 2482 4064 neque
2531 4007 2766 4062 pugnam
2819 3993 3167 4060 auspicantes
3195 4031 3211 4056 ,
3281 4002 3462 4058 neque
3509 3987 3687 4042 .lisre-

2119 4089 2313 4142 dentes
2340 4101 2354 4139 :
2393 4101 2462 4138 ne.
2493 4083 2752 4138 Romanis
2780 4084 2832 4136 in
2863 4083 3030 4151 tergis
3062 4079 3304 4135 ltaerendi
3338 4093 3526 4134 ansam
3555 4093 3684 4146 por-

2119 4179 2377 4248 rigerent.
2433 4174 2522 4229 Sic
2575 4174 2744 4242 igitur
2794 4172 2954 4226 ambo
3001 4171 3274 4226 exercitus
3324 4169 3427 4224 sibi
3470 4171 3688 4223 stabant

2119 4267 2351 4339 oppositi
2381 4307 2396 4327 .
2440 4274 2495 4321 et
2526 4265 2747 4333 utrique
2779 4278 2932 4318 mens
2971 4263 3165 4318 eadem
3199 4277 3308 4316 non
3341 4261 3494 4332 pritts
3530 4261 3684 4314 inva-

2121 4358 2379 4420 dere,sed
2403 4356 2722 4410 invadentes
2745 4354 3031 4422 repellere.
3058 4353 3182 4408 Sole
3208 4353 3266 4408 in
3293 4369 3546 4409 occasum
3568 4369 3687 4406 ver-

2119 4456 2299 4518 gente,
2332 4447 2498 4516 283
2528 4443 2748 4498 Barbari
2781 4444 3055 4498 Romanos
3090 4442 3281 4498 Greece
3318 4444 3684 4511 compellant:

2119 4555 2229 4595 non
2268 4549 2522 4607 Oportere
2550 4539 2622 4590 ita
2651 4539 2864 4590 inertes
2890 4543 3063 4588 totum
3095 4535 3239 4589 diem
3276 4545 3446 4598 stare,
3479 4535 3571 4587 sed
3599 4535 3684 4587 τρι

2119 4644 2342 4684 manum
2373 4631 2647 4688 miscere,
2679 4627 2763 4680 vel
2821 4627 2928 4680 icto
2984 4624 3191 4680 fmdcre
3248 4626 3417 4680 abire.
3473 4624 3685 4689 Quibus

2123 4723 2429 4777 tacentibus
2459 4763 2471 4785 ,
2509 4720 2734 4773 Barbari
2762 4733 2944 4793 parvo
2993 4718 3281 4786 interiecto
3334 4717 3512 4786 spatio
3559 4733 3686 4770 rur-

2120 4829 2240 4868 sum
2277 4823 2703 4882 percunctantur
2731 4827 2746 4868 :
2776 4810 2930 4865 Unde
2960 4811 3263 4873 exercitus,
3311 4819 3367 4863 et
3410 4811 3539 4878 quis
3564 4813 3686 4876 ejus

2124 4905 2341 4958 ductor.
2383 4902 2739 4970 Imperatoris
2769 4902 2925 4969 jussu
2971 4915 3296 4970 responsum
3324 4910 3428 4964 est,
3482 4902 3686 4966 indige-

2120 5010 2248 5050 nam
2278 5009 2420 5057 esse,
2471 5009 2538 5048 ex
2572 4992 2792 5063 oppidis
2829 4992 2884 5046 in
2924 4992 3158 5048 circuitu
3204 4992 3515 5048 collectum.
3552 4992 3684 5044 Duri

456 5119 555 5170 σης
579 5069 809 5155 έστάναι
840 5101 938 5169 τῆς
967 5069 1180 5171 ἡμέρας
1204 5140 1220 5163 ,
1266 5098 1380 5152 ἀλλ’
1411 5069 1662 5167 ἧμάχην
1701 5097 2014 5159 συνάπτειν,

2121 5096 2303 5140 autem
2333 5087 2402 5140 ab
2428 5099 2494 5139 eo
2520 5098 2684 5152 quem
2743 5085 3042 5152 imperator
3090 5083 3412 5136 earumdem
3467 5085 3684 5136 urbium

452 5193 488 5260 ἢ
512 5192 812 5259 ἀναχωρεῖν
832 5189 1065 5250 σπονδὰς
1103 5187 1383 5255 θεμένους.
1413 5184 1597 5254 Μηδὲν
1623 5185 1678 5236 δὲ
1708 5185 2013 5252 ἀποκρινα-

455 5280 634 5346 μένων
672 5278 780 5330 τῶν
819 5277 1126 5346 Ῥωμαίων,
1183 5276 1231 5327 οἱ
1290 5272 1556 5343 βάρϐαροι
1613 5274 1808 5342 μικρὸν
1839 5272 2012 5324 διαλι-

457 5368 670 5431 πόντες,
687 5365 1049 5418 ἐπυνθάνοντο
1068 5365 1251 5427 πάλιν,
1269 5361 1392 5412 ὅθεν
1405 5358 1490 5427 εἴη
1510 5375 1569 5410 τε
1588 5360 1620 5426 ἡ
1641 5360 1890 5428 στρατιὰ,
1918 5362 2016 5414 καὶ

454 5461 535 5520 τίς
557 5459 587 5509 ό
612 5458 980 5526 ἐξηγούμενος
1004 5456 1196 5526 αὐτῆς.
1231 5449 1602 5512 Κελεύσαντος
1627 5451 1683 5503 δὲ
1724 5451 2010 5519 βασιλέως,

452 5533 841 5616 ἀπεκρίναντο,
879 5549 976 5613 τὴν
1021 5545 1122 5614 μὲν
1156 5545 1414 5616 στρατιάν
1441 5548 1506 5599 ἐκ
1533 5543 1640 5597 τῶν
1673 5541 2014 5612 παρακειμέ-

2120 5176 2436 5246 praefectum
2469 5173 2787 5228 crcavisset.
2821 5171 2958 5224 Tum
2997 5170 3097 5235 illi,
3126 5169 3322 5224 ducem
3351 5183 3409 5222 se
3441 5172 3684 5238 apprnhe

2119 5281 2300 5330 nosse,
2331 5248 2766 5336 quent'ipsorum
2814 5269 3030 5330 satrapa
3083 5261 3346 5316 Amurius
3391 5262 3694 5315 certiorem.

2117 5357 2302 5417 faciat,
2337 5370 2433 5409 eos
2465 5353 2594 5415 illuc
2642 5368 2740 5408 sua
2775 5353 2929 5406 lucra
2965 5352 3259 5422 quaesitum
3295 5353 3532 5416 venisse,
3575 5369 3674 5422 pu-
3735 5361 3738 5364 '

2118 5459 2374 5516 tasseque
2401 5445 2535 5500 nihil
2558 5445 2660 5498 sibi
2685 5444 2752 5496 ad
2780 5443 3109 5512 explendum
3137 5444 3474 5498 desiderium
3508 5446 3684 5514 impe-

2115 5539 2359 5594 dimento
2406 5535 2546 5591 fore.
2583 5534 2648 5588 Et
2680 5533 2937 5603 quoniam
2968 5535 3036 5589 ab
3090 5535 3224 5605 ipsis
3281 5535 3678 5605 impediantur,

453 5655 559 5694 νων
582 5639 789 5692 πόλεων
819 5638 1100 5703 ἐγχωρίων
1129 5633 1267 5691 εἶναι
1299 5634 1744 5701 συνειλεγμένην,
1771 5649 2008 5697 στρατη-

2118 5638 2404 5702 eanronter
2437 5628 2510 5682 ibi
2535 5635 2707 5681 totum
2733 5624 2877 5679 diem
2905 5624 3265 5681 consistentes
3295 5641 3356 5681 re
3386 5627 3584 5684 docere
3611 5647 3669 5684 se
