4122 6296
334 271 440 336 597.

1503 267 2056 337 HISTORIARUM
2095 268 2324 328 LIBER
2366 268 2448 330 ΙΙ.

3483 258 3598 324 598

335 379 624 455 ζομένους,
651 384 909 456 ναυάρχῳ
941 385 1019 452 τῷ
1057 385 1309 458 σφετέρῴ
1360 384 1457 456 τὴν
1483 385 1712 456 ’γνώμην
1746 385 1917 441 κατά-

2020 383 2290 452 ignaviter
2334 391 2561 454 cogatur
2613 380 2825 453 fugere,
2859 378 2994 451 ipsis
3023 391 3128 434 nec
3180 375 3290 430 vim
3336 374 3589 440 illaturis,

331 477 498 546 δῆλον
550 477 790 540 ἐποίουν,
828 476 1129 545 φάσκοντες
1159 478 1232 541 ὡς
1271 478 1406 531 πᾶσι
1444 475 1648 546 μᾶλλον
1695 476 1909 544 ἀνθρώ·

336 587 461 629 ποις
508 571 541 641 ἢ
591 570 801 640 βασιλεῖ
848 571 925 640 τῷ
961 571 1253 640 Ῥωμαίων
1285 571 1426 626 ὅπλα
1464 571 1746 641 ἀνταίρειν
1801 565 1911 622 εἷεν

251 717 262 726 ,
333 664 571 719 δυνατοί.
607 660 684 719 Οὗ
726 665 791 735 δὴ
819 665 984 717 ἓνεκα
1028 666 1124 717 καὶ
1157 668 1286 734 πρὶν
1329 665 1670 733 καταστῆναι
1730 666 1787 727 ἐς
1813 661 1911 733 τὴν

337 753 541 823 μάχην,
581 754 824 824 φανερὰν
871 752 1019 824 αύτῷ
1053 755 1152 825 τὴν
1183 754 1380 826 βουλὴν
1434 757 1610 808 ποιεῖν
1646 753 1795 817 ὅπως
1819 753 1912 806 τά-

333 861 498 912 χιστα
549 846 616 898 τὰ
653 845 842 898 δέοντα
899 846 1263 917 βουλεύσηται
1315 847 1410 900 καὶ
1469 847 1546 918 μὴ
1577 845 1910 915 ἀναγκασθῇ

333 936 565 1005 φεύγειν
592 937 835 1009 αίσχρῶς
869 941 960 991 καὶ
989 939 1252 1007 ἀγεννῶς,
1287 938 1598 1010 μήτε,ὃπλα
1619 937 1912 1008 ἀνταιρόν-

331 1045 443 1080 των
472 1027 653 1081 αὐτῶν
685 1030 822 1099 μήτε
845 1030 1225 1098 ἀμυνομένων.
1270 1029 1328 1084 '0
1364 1030 1420 1083 δέ
1451 1030 1648 1093 αὐτοὺς
1685 1028 1785 1098 μὲν
1811 1027 1910 1098 τῆς

334 1118 600 1188 ἀληθείας
661 1119 827 1174 ἕνεκα
894 1121 1150 1193 ἐπῄνεσε,
1215 1122 1311 1175 καὶ
1372 1123 1532 1192 χάριν
1586 1121 1911 1192 ὡμολόγησε

338 1211 559 1280 πολλήν.
595 1213 884 1284 Δομηνίκῳ
912 1213 970 1266 δὲ
1007 1214 1086 1282 τῷ
1135 1215 1341 1278 παντὸς
1381 1215 1606 1284 ἄρχοντι
1649 1214 1745 1267 τοῦ
1794 1213 1914 1266 στό-

335 1300 454 1366 λου,
487 1303 708 1365 καὶτοῖς
758 1303 938 1366 ἄλλοις
955 1304 1248 1374 ναυάρχοις
1277 1304 1386 1356 τῶν
1413 1305 1660 1358 Λατίνων
1681 1305 1911 1374 προσελ-

337 1392 468 1460 θὼν,
493 1395 593 1448 οὐκ
625 1394 830 1464 ἔφασκε
846 1395 1070 1459 δεόντως
1091 1395 1480 1466 βεϐουλεῦσθαι
1505 1398 1636 1467 πρὶν
1667 1397 1914 1467 ἀκριϐῶς

333 1484 602 1554 ἐκμαθεῖν
642 1485 843 1549 ὁπόσας
876 1487 998 1554 ἄγοι
1056 1488 1304 1559 τριήρεις
1336 1487 1365 1540 ό
1409 1487 1684 1556 βασιλεὺς,
1715 1491 1913 1558 ἀπερι-

338 1579 591 1640 σκέπτως
641 1579 778 1649 πρὸς
821 1580 922 1650 τὴν
982 1581 1295 1652 ναυμαχίαν
1343 1580 1487 1634 οὕτω
1531 1583 1627 1634 καὶ
1661 1580 1913 1650 θρασέως

335 1673 559 1742 χωρεῖν.
618 1671 744 1726 Ἐὰν
779 1673 889 1740 γὰρ
927 1673 1171 1742 συμϐαίη
1223 1673 1545 1743 ἡττηθῆναι,
1601 1672 1752 1725 οὐδὲν
1781 1673 1951 1743 ἄλλο.

1943 1735 1986 1792 Β
2019 1754 2238 1824 aliquod
2287 1755 2594 1826 perfugium
2627 1757 3008 1826 quaerendum.
3056 1755 3213 1822 Quod
3245 1755 3312 1809 ad
3343 1770 3429 1810 me
3461 1753 3591 1808 atti-

336 1763 588 1815 λείπεται
637 1763 671 1834 ἢ
713 1764 1032 1818 παντάπασι
1091 1763 1484 1833 διαφθαρῆναι,
1535 1765 1756 1817 πάντων
1803 1763 1913 1817 τῶν

336 1853 528 1907 ἐνθάδε
570 1855 845 1926 πολεμίων
896 1855 1066 1908 ὄντων
1114 1857 1206 1910 καὶ
1262 1855 1798 1926 συνεπιθησομένων.
1838 1850 1913 1911 Οὗ

333 1941 400 2010 δὴ
449 1942 614 1996 ἕνεκα
659 1943 830 2014 ἐχρῆν
889 1943 1156 2015 πρότερον
1214 1946 1312 2015 τὴν
1367 1943 1597 2014 δύναμιν
1648 1945 1914 2016 βασιλέως

335 2035 568 2113 ἐρευνᾷν
620 2036 824 2106 ὁπόσην
861 2036 1010 2104 ἀγει,
1047 2036 1156 2090 κᾶν
1192 2037 1294 2106 μὲν
1335 2030 1438 2090 οἷοί
1487 2054 1544 2089 τε
1569 2032 1668 2109 ἦτε
1695 2037 1915 2091 διαναυ-

340 2129 558 2196 μαχεῖν,
595 2127 660 2180 ἂν
702 2129 758 2180 δέ
796 2130 894 2198 μὴ,
929 2129 1257 2199 καταφυγήν
1284 2147 1406 2182 τινα
1439 2130 1544 2200 ὅπη
1601 2131 1912 2202 σωθήσεσθε

338 2216 548 2286 ζητεῖν.
595 2218 737 2288 Ἐγὼ
766 2221 824 2272 δὲ
852 2219 1154 2291 προθύμως
1184 2219 1287 2288 μὲν
1318 2219 1383 2275 ἂν
1407 2222 1544 2289 πρὸς
1579 2222 1676 2294 τὴν
1708 2241 1916 2292 ναυμα-

338 2307 470 2377 χίαν
501 2309 961 2378 συνηγωνισάμην
989 2309 1182 2379 παρὼν
1219 2310 1369 2379 ὑμῖν.
1399 2311 1625 2380 Δηλίους
1665 2311 1720 2364 δὲ
1759 2313 1915 2366 οὐδέν

337 2399 457 2449 ἐστι
485 2396 547 2450 τὸ
574 2398 758 2450 πεῖσον
790 2397 930 2450 ὅπλα
965 2397 1246 2467 ἀνταίρειν
1303 2397 1536 2467 βασιλεῖ,
1560 2398 1697 2454 ἀλλά
1714 2400 1914 2454 -πάντα

339 2490 546 2558 μᾶλλον
577 2489 820 2560 αἱρετέα,
875 2490 910 2561 ἢ
950 2490 1084 2560 πρὸς
1113 2490 1341 2560 βασιλέα
1381 2491 1568 2555 αὐτοῖς
1601 2493 1914 2563 πολεμητέα

337 2575 488 2632 εἶναι
515 2577 754 2646 λέγουσι.
788 2577 1077 2642 Βιάζεσθαι
1124 2581 1224 2648 μὲν
1257 2575 1350 2635 οῦν
1401 2581 1501 2634 οὐκ
1548 2579 1757 2647 ἔξεστιν
1814 2584 1914 2637 αύ-

336 2673 466 2734 τοὺς
496 2672 702 2734 πάντας
764 2670 959 2740 ἐπίσης
1013 2671 1114 2741 τὴν
1139 2671 1334 2742 ὁμοίαν
1380 2671 1607 2746 γνώμην
1665 2675 1913 2744 ἔχοντας.

342 2760 534 2824 Ἔδοξε
581 2759 636 2812 δέ
675 2777 768 2831 μοι
815 2759 1026 2828 βέλτιον
1093 2760 1447 2832 σκεψαμένῳ,
1507 2763 1639 2834 πρὶν
1689 2763 1916 2833 βασιλέα

337 2856 520 2918 ἥκειν,
575 2853 898 2924 ἀναχωρεῖν.
953 2853 1078 2906 Ἐάν
1113 2857 1221 2922 γὰρ
1273 2855 1533 2923 ὀφθέντος
1599 2857 1914 2928 φεύγωμεν,

340 2947 608 3018 αἰσχύνην
657 2947 720 3000 οὐ
767 2945 866 3016 τὴν
908 2946 1178 3016 τυχοῦσαν
1225 2948 1680 3019 προστριψόμεθα
1719 2953 1920 3007 Σπιταο

2014 487 2118 527 nec
2154 465 2373 528 illatam
2427 471 2750 541 repulsuris.
2799 467 3116 524 Navarchus
3139 481 3235 522 eos
3271 463 3339 520 de
3372 464 3603 532 confese-

2014 562 2169 617 sione
2219 561 2333 617 veri
2379 562 2677 627 collaudat,
2712 561 2916 632 gratias
2949 573 3172 630 magnas
3215 556 3347 628 agit,
3382 554 3449 609 ad
3485 553 3604 609 Do--

2015 652 2276 708 minicum
2339 654 2510 709 tutius
2571 654 2762 708 classis
2817 653 3198 722 imperatorem
3251 656 3601 716 czeterosquo-

2015 741 2337 797 Latinorum
2371 745 2678 798 navarchos
2706 743 2959 809 accedit;
2990 756 3098 796 non
3130 754 3227 794 eos
3253 739 3460 794 bonum
3501 753 3591 793 ce-

2015 835 2160 903 pisse
2191 835 2482 890 consilium
2513 835 2670 901 dicit,
2703 835 3019 906 priusquam
3054 839 3244 887 exacte
3269 829 3588 895 didicerint,

2017 942 2142 981 cum
2193 917 2342 996 quot'
2371 930 2688 984 triremibus
2745 927 3025 982 Romanus
3053 926 3328 1004 adveniat,
3375 923 3447 978 ita
3487 921 3590 976 imo

2015 1020 2246 1088 provide
2282 1021 2732 1092 conﬁdenterque
2778 1021 2970 1076 navale
3001 1035 3126 1077 cum
3173 1020 3293 1089 ipso
3338 1015 3587 1087 praelium

2016 1115 2381 1171 committere.
2415 1116 2554 1171 Nam
2612 1117 2656 1172 si
2695 1118 2840 1172 vinci
2871 1114 3182 1185 contigerit,
3213 1112 3352 1166 nihil
3392 1125 3589 1180 super-

2015 1223 2134 1264 esse
2187 1223 2354 1276 quam
2407 1208 2679 1279 disperire
2720 1208 2993 1272 funditus,
3023 1223 3146 1262 cum
3189 1219 3380 1262 omnes
3406 1204 3502 1275 qui
3533 1203 3586 1258 in

2015 1299 2192 1354 insula
2225 1301 2357 1364 sint,
2393 1302 2640 1371 ipsorum
2673 1301 2862 1356 hostes
2891 1301 3021 1360 sint.
3052 1312 3272 1368 unaque
3313 1312 3438 1352 cum
3480 1295 3589 1350 Ro-

2009 1391 2194 1460 manis
2245 1390 2313 1443 ad
2375 1405 2565 1445 eorum
2631 1389 2858 1444 exitium
2911 1389 3210 1443 incubituri
3274 1385 3586 1440 videantur.

2015 1479 2196 1545 Quare
2231 1483 2574 1551 imperatoris
2605 1483 2750 1537 vires
2807 1491 2861 1536 et
2892 1482 3193 1552 potentiam
3239 1478 3396 1550 prius
3428 1476 3588 1531 inda-

2014 1570 2246 1639 gandam
2286 1587 2301 1625 :
2342 1581 2397 1626 et
2436 1575 2479 1626 si
2521 1587 2579 1627 se
2621 1581 2816 1628 contra
2865 1589 2974 1627 non
3023 1573 3272 1627 inﬁrmos
3321 1569 3587 1634 sentiant,

2019 1670 2134 1715 tum
2173 1661 2392 1717 demum
2434 1663 2850 1734 confligendum
2905 1683 2918 1718 :
2991 1665 3077 1718 sin
3136 1664 3345 1727 minus,
3395 1661 3590 1718 salutis

2016 1855 2131 1908 net.
2191 1847 2390 1916 inquit,
2431 1848 2630 1918 cupide
2681 1849 2963 1904 vobiscum
3019 1848 3087 1903 ad
3147 1848 3290 1902 hanc
3344 1846 3589 1900 navalem

2017 1953 2254 2006 pugnam
2289 1939 2620 2010 aggrederer
2650 1959 2663 1996 :
2706 1941 2891 1997 Delios
2924 1952 3130 2004 autem,
3170 1956 3230 1995 ut
3271 1936 3590 2010 imperatori

2016 2028 2184 2085 armis
2223 2030 2510 2097 resistant,
2550 2046 2712 2085 nemo
2741 2031 2980 2086 adducet
3014 2047 3030 2085 :
3071 2029 3167 2100 qui
3203 2029 3369 2085 citius
3407 2027 3594 2082 omnia

2015 2104 2126 2174 sibi
2153 2122 2532 2191 perpetienda,
2565 2139 2728 2194 quam
2766 2123 3028 2179 adversus
3074 2138 3200 2178 eum
3232 2120 3591 2191 pugnandum

2019 2219 2308 2265 testantur.
2356 2212 2564 2282 Cogere
2596 2214 2762 2282 igitur
2801 2213 2927 2268 illos
2963 2213 3047 2267 fas
3088 2226 3196 2268 non
3226 2220 3329 2279 est.
3367 2209 3592 2279 quando

2016 2318 2082 2358 ex
2121 2318 2278 2372 aequo
2319 2320 2511 2360 omnes
2548 2306 2624 2360 ita
2648 2307 2919 2361 sentiunt.
2953 2305 3086 2360 Mihi
3115 2318 3281 2380 porro
3317 2318 3375 2359 re
3409 2303 3592 2358 consi-

2017 2393 2206 2449 derata
2239 2394 2642 2452 conducibilius
2687 2404 2933 2468 apparet,
2969 2406 3269 2466 antequam
3307 2394 3455 2450 adsit
3486 2394 3590 2448 im-

2017 2496 2258 2555 perator,
2296 2486 2575 2543 recedere.
2629 2487 2685 2543 Si
2729 2488 2876 2542 enim
2922 2497 3046 2541 ante
3081 2488 3202 2559 ejus
3235 2495 3590 2555 conspectum

2016 2578 2340 2649 fugerimus,
2397 2595 2504 2635 non
2545 2580 2986 2650 qualemcunque
3020 2580 3196 2635 labem
3243 2579 3593 2649 Hospitalen-

2008 2671 2173 2726 sibus
2234 2686 2540 2726 inuremus.
2579 2670 2747 2726 Vobis
2797 2686 2942 2725 curae
2981 2671 3109 2730 erit.
3151 2678 3212 2724 ut
3249 2669 3359 2726 illis
3387 2671 3590 2742 optime

2017 2764 2355 2820 consulatur.
2392 2765 2521 2820 Haec
2559 2775 2852 2835 postquam
2889 2765 3035 2820 dicta
3067 2764 3243 2830 dedit,
3273 2780 3368 2820 eos
3409 2765 3591 2820 valere

2013 2855 2200 2924 jussit,
2269 2871 2334 2912 ac
2388 2858 2578 2912 Delum
2619 2858 2884 2912 cucurrit.
2935 2857 3221 2913 Dominico
3272 2859 3595 2927 ceterisque

2018 2947 2252 3005 ducibus
2292 2966 2401 3004 non
2453 2951 2690 3020 amplius
2736 2951 2841 3005 fuit
2891 2951 3166 3008 sententia
3220 2951 3456 3006 navibus
3497 2949 3594 3004 de-

340 3041 588 3102 λιώταις.
619 3038 866 3106 Μελήσει
911 3037 966 3090 δὲ
997 3037 1124 3107 ὑμῖν
1151 3037 1299 3101 ὅπως
1340 3039 1407 3092 ἂν
1436 3039 1692 3110 βέλτιστα
1721 3043 1914 3113 διάθη-

2020 3049 2267 3104 certare,
2343 3041 2437 3097 sed
2516 3043 2771 3098 triremes
2831 3043 3029 3115 quinas
3082 3042 3318 3112 'quidem
3371 3043 3428 3098 in
3500 3057 3594 3098 ca-

341 3133 440 3186 σθε
471 3132 541 3186 τά
569 3131 691 3186 καθ’
725 3130 947 3193 αὐτούς.
981 3129 1043 3185 '0
1086 3131 1184 3202 μὲν
1221 3129 1314 3185 οὖν
1343 3132 1450 3186 τῶν
1480 3135 1690 3206 Δηλίων
1716 3127 1918 3208 ναύαρ-

339 3242 458 3294 χος,
490 3221 716 3276 τοιαῦτα
763 3221 935 3277 εἰπὼν
986 3222 1077 3276 καὶ
1121 3221 1525 3292 συνταξάμενος
1553 3225 1759 3292 αὐτοῖς,
1785 3227 1920 3292 ἀπέ-

340 3315 581 3368 πλευσεν
609 3317 689 3378 είς
723 3314 914 3384 Δῆλον.
944 3315 1225 3383 Δομενίκῳ
1252 3312 1307 3365 δὲ
1333 3316 1425 3367 καὶ
1454 3317 1569 3379 τοῖς
1599 3316 1780 3380 ἀλλοις
1807 3323 1920 3382 τοῖς

342 3409 774 3476 ὑπολειφθεῖσιν,
801 3408 985 3460 οὐκέτι
1012 3407 1188 3460 ἐδόκει
1222 3411 1526 3478 ναυμαχεῖν
1547 3424 1561 3440 ·
1595 3409 1732 3463 ἀλλά
1758 3410 1918 3464 πέντε

342 3503 447 3574 μὲν
476 3500 583 3555 τῶν
611 3502 886 3572 τριήρεων
913 3499 1169 3570 ἔπεμψαν
1197 3500 1275 3563 είς
1327 3499 1609 3571 Καλλονὴν
1655 3501 1919 3572 φρούριόν

339 3615 393 3650 τι
431 3595 576 3650 κατὰ
604 3595 705 3664 τὴν
738 3592 945 3646 Λέσϐον
971 3593 1065 3646 ἐπὶ
1092 3592 1170 3662 τῷ
1198 3594 1345 3647 σῖτόν
1375 3611 1435 3647 τε
1463 3596 1782 3663 είσαγαγεῖν
1825 3595 1920 3648 καὶ

339 3688 610 3758 φρουράν.
627 3687 931 3743 Ἐδεδίεσαν
953 3685 1063 3758 γὰρ
1087 3688 1218 3757 περὶ
1234 3687 1400 3741 αὑτοῦ
1426 3686 1503 3758 μὴ
1526 3689 1632 3741 ὑπὸ
1655 3687 1920 3757 βασιλέως

339 3781 404 3844 ἐξ
435 3779 733 3851 ἐπιδρομῆς
763 3777 876 3849 ἀλῷ
897 3795 908 3809 ·
942 3777 1095 3831 αὐτοὶ
1133 3777 1190 3831 δὲ
1215 3781 1332 3842 ταῖς
1371 3779 1588 3843 λοιπαῖς
1616 3779 1919 3852 ἐφρούρουν
1943 3837 1954 3854 ⁸

341 3871 683 3942 Μιτυλήνην.
720 3871 983 3934 Βασιλεὺς
1007 3871 1063 3925 δὲ
1091 3871 1209 3942 ἅμα
1247 3874 1414 3925 παντὶ⁵
1443 3872 1523 3942 τῷ
1561 3872 1732 3943 στόλῳ
1753 3868 1920 3944 ἦλθεν

339 3971 426 4031 είς
459 3967 678 4037 Ἔρεσόν
703 3983 717 3996 ο
750 3966 1044 4028 ἐπαινέσας
1067 3965 1126 4018 δὲ
1161 3964 1477 4036 Ἐρεσσίους
1503 3966 1604 4035 τῆς
1643 3967 1725 4030 είς
1755 3966 1920 4020 αὑτὸν

341 4057 558 4120 εὐνοίας
587 4057 774 4120 ἕνεκα,
806 4056 922 4108 καὶ
953 4056 1208 4124 προνοίας
1248 4055 1380 4124 ὅσης
1411 4054 1622 4108 ἐδέοντο
1657 4055 1915 4121 ἀξιώσας,

343 4151 490 4220 ἄρας
535 4147 744 4203 ἐκεῖθεν
801 4147 952 4200 ἔπλει
991 4147 1084 4200 ἐπὶ
1109 4147 1261 4203 Χίον.
1314 4147 1446 4200 ’Δπὸ
1473 4148 1708 4210 σκοπιᾶς
1741 4149 1798 4201 δέ
1835 4165 1920 4211 τις

348 4245 496 4313 μέγα
519 4239 678 4310 βοιῖιν,
698 4239 1031 4293 ἐπυνθάνετο
1061 4240 1191 4308 περὶ
1219 4238 1406 4292 στόλου
1441 4239 1579 4292 ὅτων
1609 4239 1716 4308 εἴη.
1757 4241 1919 4293 Ἀπο*

345 4331 694 4401 κριναμένων
725 4331 802 4393 δὲ,
827 4330 903 4391 ὡς
924 4329 1008 4404 είη
1041 4328 1328 4398 βασιλέως,
1361 4329 1520 4393 αὐτός
1551 4347 1610 4382 τε
1651 4330 1919 4400 πάρεστιν

2021 3133 2241 3188 stellum
2284 3133 2559 3204 quoddam
2603 3133 2788 3198 Lesbi,
2833 3135 3114 3190 Callonem
3175 3133 3465 3200 vocabulo,
3524 3133 3594 3188 ad

2022 3236 2391 3280 commeatum
2446 3235 2504 3282 et
2534 3227 2850 3296 prmsidium
2893 3225 3305 3298 importandum
3337 3225 3592 3287 mittunt,

2021 3318 2167 3389 quod
2200 3319 2269 3374 ab
2316 3320 2650 3388 imperatore
2700 3334 2798 3389 per
2841 3319 3212 3374 incursionem
3257 3328 3479 3390 captum
3527 3321 3596 3376 iri

2022 3407 2372 3477 metuebant:
2419 3410 2522 3480 ipsi
2572 3425 2696 3464 cum
2758 3409 2983 3479 reliquis
3027 3408 3320 3481 Mitylenen
3367 3413 3602 3468 tueban-

2023 3507 2131 3554 tur.
2161 3501 2322 3571 292
2354 3500 2654 3570 Imperator
2695 3514 2818 3554 cum
2864 3507 2974 3553 tota
3009 3499 3183 3554 classe
3218 3497 3477 3556 Ercssum
3522 3510 3602 3557 te-

2021 3607 2181 3659 nens,
2240 3591 2443 3648 civium
2495 3606 2622 3662 erga
2673 3606 2732 3646 se
2780 3589 3028 3647 studium
3069 3591 3508 3657 commendavit,
3542 3605 3600 3649 et

2020 3699 2213 3740 eorum
2279 3683 2442 3738 rebus
2505 3697 2602 3752 pro
2661 3682 2988 3736 necessitate
3059 3683 3406 3752 prospexit:
3472 3682 3599 3737 inde

2019 3776 2219 3832 Chium
2251 3775 2546 3845 navigavit.
2606 3773 2649 3830 E
2698 3774 2921 3844 'specula
2955 3789 3121 3844 porro
3143 3763 3386 3845 quidam
3419 3777 3595 3831 altqu

2020 3867 2350 3930 vociferans,
2391 3864 2664 3935 quaesivit,
2711 3867 2998 3935 cujusnam
3035 3867 3229 3921 classis
3270 3875 3459 3932 esset;
3507 3883 3596 3921 rc-

2020 3975 2335 4032 sponsum,
2384 3958 2732 4027 imperatoris
2779 3973 2943 4021 esse,
2997 3949 3056 4012 et
3101 3973 3228 4012 eum
3271 3968 3594 4028 praesentem

2021 4052 2236 4106 adesse.
2265 4049 2336 4104 At
2364 4048 2511 4104 enim
2544 4062 2667 4118 qua:
2696 4047 2750 4102 in
2798 4049 2921 4108 sinu
2970 4047 3228 4105 Callones
3271 4059 3400 4104 sunt
3439 4051 3598 4105 trire-

2023 4159 2159 4209 mes,
2194 4143 2396 4212 inquit,
2434 4141 2596 4212 cuius
2619 4142 2790 4195 sunt?
2817 4141 2860 4195 E
2886 4140 3086 4210 quibus
3112 4141 3298 4197 verbis
3329 4141 3598 4213 colligens

2021 4236 2321 4305 imperator
2365 4234 2434 4289 de
2475 4233 2540 4290 iis
2570 4247 2712 4298 esse,
2745 4247 2868 4305 quae
2915 4231 3059 4303 apud
3089 4231 3384 4305 Mitylenen
3415 4246 3592 4304 erant,

2021 4329 2089 4383 ad
2128 4327 2408 4384 Callonem
2434 4326 2689 4381 tuendam
2719 4325 2902 4382 missas
2932 4323 3209 4391 videlicet,
3246 4340 3502 4383 reversus
3540 4329 3596 4385 in

345 4433 375 4481 ὁ
408 4425 683 4496 βασιλεύςο
713 4425 780 4476 Δί
818 4423 874 4476 δέ
904 4425 965 4476 ἐν
1005 4421 1084 4492 τῷ
1107 4421 1293 4489 κόλπῳ
1326 4421 1426 4492 τῆς
1452 4423 1752 4492 Καλλονῆς,
1790 4418 1916 4495 ἔφη,

2026 4421 2170 4491 ipsas
2209 4418 2505 4475 ferebatur.
2547 4419 2668 4476 Jam
2712 4433 2823 4473 nox
2871 4418 3038 4474 rebus
3087 4417 3436 4485 incubuerat,
3470 4435 3594 4476 cum

346 4521 594 4591 τριήρεις
624 4517 802 4579 τίνοςς
846 4515 940 4568 Ἐκ
967 4513 1060 4567 τοῦ
1093 4513 1256 4581 λόγου
1301 4514 1359 4567 δὲ
1395 4515 1576 4578 συνεὶς
1601 4517 1629 4568 ὁ
1661 4515 1919 4586 βασιλεύς

348 4614 415 4664 ἐκ
437 4609 546 4662 τῶν
580 4609 660 4671 είς
688 4605 1005 4676 Μιτυλήνην
1031 4603 1208 4658 οὐσῶν
1235 4601 1375 4658 εἶναι
1408 4604 1752 4676 φρουρούσας
1775 4607 1920 4661 Καλ-

343 4700 531 4768 λονὴν,
581 4696 928 4767 ἀναστρέψας
976 4693 1206 4765 ἧλαυνεν
1252 4693 1341 4747 ἐπ’
1373 4697 1639 4759 ἐκείνους.
1671 4697 1812 4766 Ἤδη
1861 4697 1919 4750 δὲ

344 4791 646 4847 ἐπελάϐετο
671 4791 704 4860 ἡ
735 4787 848 4852 νύξ.
882 4788 1103 4841 Λατῖνοι
1131 4785 1188 4840 δὲ
1222 4786 1298 4849 ὡς
1331 4781 1473 4839 εἶδον
1495 4787 1721 4857 βασιλέα
1750 4805 1919 4858 προσο

346 4884 667 4948 ελαύνοντα,
705 4882 766 4934 τό
799 4897 858 4933 τε
909 4877 1134 4948 φεύγειν
1180 4879 1386 4948 ἀπορον
1432 4879 1692 4948 δρῶντες,
1734 4881 1828 4934 καὶ
1861 4881 1922 4932 τὸ

345 4974 765 5041 διαγωνίζεσθαι
817 4971 1102 5033 ἀδύνατον,
1156 4969 1366 5034 ἐξῶσαν
1415 4971 1498 5032 είς
1539 4969 1640 5041 τὴν
1686 4971 1788 5040 γῆν
1821 4971 1921 5036 τάς

342 5069 504 5133 ναῦς,
529 5068 624 5120 καὶ
646 5064 803 5120 αὐτοὶ
835 5062 1262 5132 κατεκρύϐησαν
1297 5062 1404 5116 ὑπὸ
1441 5063 1541 5133 τὴν
1569 5062 1726 5132 ὕλην,
1753 5081 1923 5133 συνη-

344 5162 549 5231 ρεφοῦς
582 5158 677 5212 τοῦ
719 5159 887 5212 τόπου
926 5157 1255 5226 πεφυκότος,
1290 5156 1408 5227 ἃμα
1432 5155 1489 5210 δὲ
1529 5157 1921 5228 συνεργοῦντος

347 5255 446 5308 καὶ
477 5253 572 5308 τοῦ
609 5251 857 5314 σκότους.
915 5250 1026 5305 Καὶ
1070 5250 1168 5314 τὰς
1219 5249 1320 5319 μὲν
1366 5250 1616 5320 τριήρεις
1665 5251 1922 5306 εἵλκυσαν

347 5344 512 5407 κενάς
541 5345 589 5395 ot
621 5341 913 5412 βασιλικοί.
952 5339 1280 5402 Ἀποϐάντες
1324 5358 1383 5395 τε
1433 5339 1526 5393 καὶ
1569 5339 1925 5414 διερευνησά-

348 5453 500 5507 μενοι
527 5437 627 5506 τὴν
665 5436 900 5505 λόχμην,
949 5435 1088 5503 ὑπὲρ
1139 5435 1360 5505 ἡμίσεις
1419 5434 1603 5487 αὐτῶν
1650 5436 1778 5498 τοὺς
1825 5435 1925 5505 μὲν

345 5527 703 5592 ἀπέκτειναν,
737 5529 864 5588 τοὺς
893 5525 950 5578 δέ
976 5526 1068 5578 καὶ
1095 5521 1241 5577 εἷλον
1281 5525 1512 5588 ζῶντας.
1546 5527 1702 5578 "Octo:
1731 5525 1788 5579 δέ
1820 5527 1925 5578 ὑπὸ

351 5619 544 5680 σκότος
574 5617 918 5687 ἠδυνήθησαν
949 5616 1256 5683 διαφυγεῖν,
1290 5617 1368 5678 είς
1400 5617 1711 5684 Μιτυλήνην
1737 5616 1927 5668 διεσώ-

353 5709 527 5781 θησαν
554 5708 691 5780 πρὸς
723 5708 850 5771 τοὺς
879 5707 1134 5771 οἰκείους.
1171 5707 1432 5771 Βασιλεὺς
1463 5707 1520 5762 δὲ
1551 5711 1664 5762 ἐκεῖ
1697 5707 1923 5780 πιγκέρ-

2020 4513 2200 4568 Latini
2247 4512 2324 4566 illi
2357 4512 2747 4582 imperatorem
2779 4509 2943 4565 allabi
2996 4520 3418 4580 cognoscentes,
3463 4514 3596 4582 quia

2019 4603 2143 4676 fuga
2169 4618 2438 4674 nusquam
2459 4605 2701 4674 patebat,
2721 4611 2775 4659 et
2799 4611 2991 4659 contra
3019 4616 3261 4672 pugnare
3298 4618 3406 4657 non
3429 4602 3596 4660 daba-

2024 4705 2132 4763 tur,
2160 4710 2326 4750 naves
2369 4695 2436 4749 ad
2489 4703 2689 4750 terram
2713 4693 3020 4764 appellunt,
3051 4703 3108 4749 et
3137 4694 3240 4764 ipsi
3278 4709 3339 4751 se
3369 4695 3424 4748 in
3457 4695 3594 4751 silva

2020 4790 2290 4860 proxima,
2341 4789 2464 4843 loco
2495 4797 2694 4844 natura
2728 4787 2989 4842 umbroso
3043 4795 3098 4842 et
3125 4801 3322 4857 opaco,
3356 4789 3598 4845 tenebris

2021 4887 2193 4942 etiam
2232 4903 2328 4942 eos
2378 4887 2764 4958 adjuvantibus
2816 4885 3187 4942 abscondunt.
3229 4887 3306 4942 Ac
3347 4887 3598 4943 triremes

2021 4978 2245 5048 quidem
2275 4992 2477 5034 vacuas
2499 4978 2733 5033 Romani
2765 4977 3070 5043 trahentes,
3097 4975 3442 5032 descendunt
3473 4991 3488 5028 :
3514 4977 3598 5030 lo;

2022 5084 2198 5138 caque
2225 5069 2490 5125 insidiosa
2516 5071 2866 5140 perscrutati,
2892 5083 3058 5139 supra
3081 5068 3374 5124 dimidium
3403 5083 3596 5122 eorum

2023 5164 2222 5233 partim
2253 5161 2555 5227 trucidant,
2581 5161 2779 5230 partim
2802 5161 3046 5230 capiunt.
3069 5159 3174 5226 Qui
3205 5173 3301 5229 per
3326 5161 3580 5216 tenebras

2024 5255 2270 5324 ell‘ugcre
2300 5261 2620 5322 potuerunt,
2656 5251 2949 5323 Mitylenen
2989 5251 3056 5306 ad
3089 5267 3220 5307 suos
3241 5251 3376 5306 salvi
3405 5267 3591 5322 pervc-

2027 5354 2250 5400 nerunt.
2303 5345 2632 5414 Imperator,
2684 5345 2952 5414 pincerna
3005 5345 3479 5416 Philanthropeno
3527 5349 3598 5401 ad

2026 5420 2319 5506 Mitylenen
2367 5435 2604 5504 pedestri
2648 5445 2705 5489 ct
2754 5435 3001 5504 equestri
3044 5451 3207 5489 manu
3241 5436 3600 5496 obsidendam

2027 5528 2241 5591 relicto,
2271 5527 2555 5582 Phocaeam
2583 5541 2807 5581 cursum
2835 5525 3092 5590 intendit,
3111 5529 3198 5581 cui
3235 5537 3363 5583 tunc
3390 5529 3600 5586 Odoar-

2029 5619 2132 5673 dus
2165 5628 2415 5688 praeerat.
2473 5618 2534 5672 ιιι
2583 5619 2760 5674 Lesbo
2813 5617 2980 5687 igitur
3031 5618 3233 5684 relicti,
3263 5621 3464 5690 oppida
3499 5640 3603 5679 cte-

2033 5719 2146 5766 tcra
2189 5709 2255 5765 ad
2295 5726 2465 5767 unum
2503 5713 2558 5768 in
2608 5711 2948 5769 deditionem
2983 5709 3261 5782 rccipiunt
3298 5732 3310 5768 :
3349 5713 3607 5789 Mitylene
