  <div class='ocr_page' id='page_1' title='image "/cluster/home/n/w/nwhite01/storage/ocr_20150623/153/mdp.39015078384727/317.png"; bbox 0 0 4122 6296; ppageno 0'>
   <div class='ocr_carea' id='block_1_1' title="bbox 582 305 690 363">
    <p class='ocr_par' dir='ltr' id='par_1_1' title="bbox 582 305 690 363">
     <span class='ocr_line' id='line_1_1' title="bbox 582 305 690 363; baseline 0 0"><span class='ocrx_word' id='word_1_1' title='bbox 582 305 690 363; x_wconf 73' lang='lat'><strong>599</strong></span> 
     </span>
    </p>
   </div>
   <div class='ocr_carea' id='block_1_2' title="bbox 1753 321 2659 392">
    <p class='ocr_par' dir='ltr' id='par_1_2' title="bbox 1753 321 2659 392">
     <span class='ocr_line' id='line_1_2' title="bbox 1753 321 2659 392; baseline 0.009 -10"><span class='ocrx_word' id='word_1_2' title='bbox 1753 321 1789 382; x_wconf 72' lang='grc' dir='ltr'><strong>Ι</strong></span> <span class='ocrx_word' id='word_1_3' title='bbox 1795 321 1998 384; x_wconf 76' lang='lat' dir='ltr'><strong>OANN</strong></span> <span class='ocrx_word' id='word_1_4' title='bbox 2004 324 2078 386; x_wconf 82' lang='lat' dir='ltr'><strong>IS</strong></span> <span class='ocrx_word' id='word_1_5' title='bbox 2114 325 2659 392; x_wconf 78' lang='lat' dir='ltr'><strong>CANTACUZENI</strong></span> 
     </span>
    </p>
   </div>
   <div class='ocr_carea' id='block_1_3' title="bbox 3719 329 3823 404">
    <p class='ocr_par' dir='ltr' id='par_1_3' title="bbox 3719 329 3823 404">
     <span class='ocr_line' id='line_1_3' title="bbox 3719 329 3823 404; baseline -0.038 -1"><span class='ocrx_word' id='word_1_6' title='bbox 3719 329 3823 404; x_wconf 64' lang='lat'><strong>601</strong></span> 
     </span>
    </p>
   </div>
   <div class='ocr_carea' id='block_1_4' title="bbox 578 418 2121 520">
    <p class='ocr_par' dir='ltr' id='par_1_4' title="bbox 578 418 2121 504">
     <span class='ocr_line' id='line_1_4' title="bbox 578 418 2121 504; baseline 0.016 -41"><span class='ocrx_word' id='word_1_7' title='bbox 578 421 726 466; x_wconf 82' lang='lat' dir='ltr'><strong>terra</strong></span> <span class='ocrx_word' id='word_1_8' title='bbox 762 418 1010 487; x_wconf 85' lang='lat' dir='ltr'><strong>marique</strong></span> <span class='ocrx_word' id='word_1_9' title='bbox 1047 421 1336 479; x_wconf 78' lang='lat' dir='ltr'><strong>obsidetur</strong></span> <span class='ocrx_word' id='word_1_10' title='bbox 1365 442 1380 492; x_wconf 91' lang='lat'><strong>;</strong></span> <span class='ocrx_word' id='word_1_11' title='bbox 1415 426 1714 498; x_wconf 75' lang='lat' dir='ltr'><strong>imperator</strong></span> <span class='ocrx_word' id='word_1_12' title='bbox 1751 432 1932 488; x_wconf 84' lang='lat' dir='ltr'><strong>missis</strong></span> <span class='ocrx_word' id='word_1_13' title='bbox 1952 434 2121 504; x_wconf 79' lang='lat' dir='ltr'><strong>legati:</strong></span> 
     </span>
    </p>
   </div>
   <div class='ocr_carea' id='block_1_5' title="bbox 2226 418 3823 520">
    <p class='ocr_par' dir='ltr' id='par_1_5' title="bbox 2247 443 3823 520">
     <span class='ocr_line' id='line_1_5' title="bbox 2247 443 3823 520; baseline 0.007 -29"><span class='ocrx_word' id='word_1_14' title='bbox 2247 457 2345 510; x_wconf 88' lang='grc' dir='ltr'><strong>νην</strong></span> <span class='ocrx_word' id='word_1_15' title='bbox 2400 443 2493 495; x_wconf 73' lang='grc' dir='ltr'><strong>τον</strong></span> <span class='ocrx_word' id='word_1_16' title='bbox 2538 443 2992 514; x_wconf 69' lang='grc' dir='ltr'>Φιλανϐρωττηνὸν</span> <span class='ocrx_word' id='word_1_17' title='bbox 3052 445 3375 498; x_wconf 83' lang='grc' dir='ltr'>καταλιπὼν</span> <span class='ocrx_word' id='word_1_18' title='bbox 3429 446 3540 515; x_wconf 78' lang='grc' dir='ltr'>ἅμα</span> <span class='ocrx_word' id='word_1_19' title='bbox 3597 451 3823 520; x_wconf 65' lang='grc' dir='ltr'>στρατιᾷ</span> 
     </span>
    </p>
   </div>
   <div class='ocr_carea' id='block_1_6' title="bbox 574 501 2149 583">
    <p class='ocr_par' dir='ltr' id='par_1_6' title="bbox 574 501 2149 583">
     <span class='ocr_line' id='line_1_6' title="bbox 574 501 2149 583; baseline 0.017 -28"><span class='ocrx_word' id='word_1_20' title='bbox 574 502 643 557; x_wconf 78' lang='lat' dir='ltr'><strong>ad</strong></span> <span class='ocrx_word' id='word_1_21' title='bbox 672 501 1006 562; x_wconf 78' lang='lat' dir='ltr'><strong>Sarcliancm</strong></span> <span class='ocrx_word' id='word_1_22' title='bbox 1051 511 1162 583; x_wconf 65' lang='lat'><strong>(46)</strong></span> <span class='ocrx_word' id='word_1_23' title='bbox 1213 518 1414 571; x_wconf 87' lang='lat' dir='ltr'><strong>orienti</strong></span> <span class='ocrx_word' id='word_1_24' title='bbox 1452 519 1665 574; x_wconf 86' lang='lat' dir='ltr'><strong>circum</strong></span> <span class='ocrx_word' id='word_1_25' title='bbox 1720 501 2149 581; x_wconf 38' lang='lat' dir='ltr'><strong>Pliocmam‘im—</strong></span> 
     </span>
    </p>
   </div>
   <div class='ocr_carea' id='block_1_7' title="bbox 573 599 2147 686">
    <p class='ocr_par' dir='ltr' id='par_1_7' title="bbox 573 599 2147 686">
     <span class='ocr_line' id='line_1_7' title="bbox 573 599 2147 686; baseline 0.017 -40"><span class='ocrx_word' id='word_1_26' title='bbox 573 606 884 662; x_wconf 81' lang='lat' dir='ltr'><strong>per-antem,</strong></span> <span class='ocrx_word' id='word_1_27' title='bbox 912 599 1093 657; x_wconf 58' lang='lat' dir='ltr'><strong>tardus</strong></span> <span class='ocrx_word' id='word_1_28' title='bbox 1123 613 1178 658; x_wconf 93' lang='lat' dir='ltr'><strong>et</strong></span> <span class='ocrx_word' id='word_1_29' title='bbox 1212 607 1530 663; x_wconf 88' lang='lat' dir='ltr'><strong>societatem</strong></span> <span class='ocrx_word' id='word_1_30' title='bbox 1566 626 1690 666; x_wconf 92' lang='lat' dir='ltr'><strong>cum</strong></span> <span class='ocrx_word' id='word_1_31' title='bbox 1724 629 1792 668; x_wconf 88' lang='lat' dir='ltr'><strong>eo</strong></span> <span class='ocrx_word' id='word_1_32' title='bbox 1825 617 2052 686; x_wconf 83' lang='lat' dir='ltr'><strong>pepigit,</strong></span> <span class='ocrx_word' id='word_1_33' title='bbox 2084 629 2147 673; x_wconf 89' lang='lat' dir='ltr'><strong>ut</strong></span> 
     </span>
    </p>
   </div>
   <div class='ocr_carea' id='block_1_8' title="bbox 571 685 2147 772">
    <p class='ocr_par' dir='ltr' id='par_1_8' title="bbox 571 685 2147 772">
     <span class='ocr_line' id='line_1_8' title="bbox 571 685 2147 772; baseline 0.016 -34"><span class='ocrx_word' id='word_1_34' title='bbox 571 685 691 754; x_wconf 88' lang='lat' dir='ltr'><strong>ipse</strong></span> <span class='ocrx_word' id='word_1_35' title='bbox 722 689 969 772; x_wconf 77' lang='lat' dir='ltr'><strong>pedestri</strong></span> <span class='ocrx_word' id='word_1_36' title='bbox 1019 703 1077 748; x_wconf 88' lang='lat' dir='ltr'><strong>et</strong></span> <span class='ocrx_word' id='word_1_37' title='bbox 1127 697 1306 750; x_wconf 84' lang='lat' dir='ltr'><strong>navali</strong></span> <span class='ocrx_word' id='word_1_38' title='bbox 1366 699 1614 756; x_wconf 89' lang='lat' dir='ltr'><strong>subsidio</strong></span> <span class='ocrx_word' id='word_1_39' title='bbox 1659 717 1716 757; x_wconf 86' lang='lat' dir='ltr'><strong>se</strong></span> <span class='ocrx_word' id='word_1_40' title='bbox 1760 705 1824 758; x_wconf 87' lang='lat' dir='ltr'><strong>ad</strong></span> <span class='ocrx_word' id='word_1_41' title='bbox 1858 707 2147 764; x_wconf 63' lang='lat' dir='ltr'><strong>Phocaaam</strong></span> 
     </span>
    </p>
   </div>
   <div class='ocr_carea' id='block_1_9' title="bbox 572 776 2142 864">
    <p class='ocr_par' dir='ltr' id='par_1_9' title="bbox 572 776 2142 864">
     <span class='ocr_line' id='line_1_9' title="bbox 572 776 2142 864; baseline 0.015 -35"><span class='ocrx_word' id='word_1_42' title='bbox 572 785 626 830; x_wconf 78' lang='lat' dir='ltr'><strong>et</strong></span> <span class='ocrx_word' id='word_1_43' title='bbox 677 776 970 849; x_wconf 76' lang='lat' dir='ltr'><strong>Mitylenen</strong></span> <span class='ocrx_word' id='word_1_44' title='bbox 1002 782 1337 842; x_wconf 89' lang='lat' dir='ltr'><strong>obsidendas</strong></span> <span class='ocrx_word' id='word_1_45' title='bbox 1361 791 1684 860; x_wconf 74' lang='lat' dir='ltr'><strong>adiuvaret;</strong></span> <span class='ocrx_word' id='word_1_46' title='bbox 1724 794 2028 864; x_wconf 86' lang='lat' dir='ltr'><strong>imperator</strong></span> <span class='ocrx_word' id='word_1_47' title='bbox 2060 800 2142 852; x_wconf 88' lang='lat' dir='ltr'><strong>vi-</strong></span> 
     </span>
    </p>
   </div>
   <div class='ocr_carea' id='block_1_10' title="bbox 571 868 2148 956">
    <p class='ocr_par' dir='ltr' id='par_1_10' title="bbox 571 868 2148 956">
     <span class='ocr_line' id='line_1_10' title="bbox 571 868 2148 956; baseline 0.016 -37"><span class='ocrx_word' id='word_1_48' title='bbox 571 868 760 922; x_wconf 89' lang='lat' dir='ltr'><strong>cissim</strong></span> <span class='ocrx_word' id='word_1_49' title='bbox 807 870 1149 929; x_wconf 87' lang='lat' dir='ltr'><strong>Sulimanum</strong></span> <span class='ocrx_word' id='word_1_50' title='bbox 1195 877 1510 948; x_wconf 85' lang='lat' dir='ltr'><strong>Sarchanis,</strong></span> <span class='ocrx_word' id='word_1_51' title='bbox 1555 890 1612 937; x_wconf 89' lang='lat' dir='ltr'><strong>et</strong></span> <span class='ocrx_word' id='word_1_52' title='bbox 1665 884 1911 956; x_wconf 90' lang='lat' dir='ltr'><strong>reliquos</strong></span> <span class='ocrx_word' id='word_1_53' title='bbox 1953 889 2148 944; x_wconf 86' lang='lat' dir='ltr'><strong>Persa-</strong></span> 
     </span>
    </p>
   </div>
   <div class='ocr_carea' id='block_1_11' title="bbox 571 959 2144 1046">
    <p class='ocr_par' dir='ltr' id='par_1_11' title="bbox 571 959 2144 1046">
     <span class='ocr_line' id='line_1_11' title="bbox 571 959 2144 1046; baseline 0.017 -36"><span class='ocrx_word' id='word_1_54' title='bbox 571 973 694 1012; x_wconf 88' lang='lat' dir='ltr'><strong>rum</strong></span> <span class='ocrx_word' id='word_1_55' title='bbox 745 959 909 1027; x_wconf 82' lang='lat' dir='ltr'><strong>ﬂlios,</strong></span> <span class='ocrx_word' id='word_1_56' title='bbox 957 965 1050 1033; x_wconf 88' lang='lat' dir='ltr'><strong>qui</strong></span> <span class='ocrx_word' id='word_1_57' title='bbox 1100 969 1321 1023; x_wconf 89' lang='lat' dir='ltr'><strong>nomine</strong></span> <span class='ocrx_word' id='word_1_58' title='bbox 1373 970 1630 1026; x_wconf 81' lang='lat' dir='ltr'><strong>obsidum</strong></span> <span class='ocrx_word' id='word_1_59' title='bbox 1669 977 1812 1046; x_wconf 84' lang='lat' dir='ltr'><strong>apud</strong></span> <span class='ocrx_word' id='word_1_60' title='bbox 1857 977 2144 1035; x_wconf 69' lang='lat' dir='ltr'><strong>Phocaaam</strong></span> 
     </span>
    </p>
   </div>
   <div class='ocr_carea' id='block_1_12' title="bbox 574 1054 2146 1137">
    <p class='ocr_par' dir='ltr' id='par_1_12' title="bbox 574 1054 2146 1137">
     <span class='ocr_line' id='line_1_12' title="bbox 574 1054 2146 1137; baseline 0.017 -38"><span class='ocrx_word' id='word_1_61' title='bbox 574 1061 932 1117; x_wconf 62' lang='lat' dir='ltr'><strong>tenerentur,</strong></span> <span class='ocrx_word' id='word_1_62' title='bbox 986 1054 1244 1112; x_wconf 84' lang='lat' dir='ltr'><strong>libertate</strong></span> <span class='ocrx_word' id='word_1_63' title='bbox 1316 1059 1568 1120; x_wconf 83' lang='lat' dir='ltr'><strong>donaret.</strong></span> <span class='ocrx_word' id='word_1_64' title='bbox 1631 1064 1768 1119; x_wconf 84' lang='lat' dir='ltr'><strong>Nam</strong></span> <span class='ocrx_word' id='word_1_65' title='bbox 1835 1069 1928 1137; x_wconf 89' lang='lat' dir='ltr'><strong>qui</strong></span> <span class='ocrx_word' id='word_1_66' title='bbox 1985 1081 2146 1126; x_wconf 85' lang='lat' dir='ltr'><strong>erant</strong></span> 
     </span>
    </p>
   </div>
   <div class='ocr_carea' id='block_1_13' title="bbox 565 1142 2144 1227">
    <p class='ocr_par' dir='ltr' id='par_1_13' title="bbox 565 1142 2144 1227">
     <span class='ocr_line' id='line_1_13' title="bbox 565 1142 2144 1227; baseline 0.014 -33"><span class='ocrx_word' id='word_1_67' title='bbox 565 1143 809 1198; x_wconf 65' lang='lat' dir='ltr'><strong>Phocaea:</strong></span> <span class='ocrx_word' id='word_1_68' title='bbox 849 1142 1144 1214; x_wconf 78' lang='lat' dir='ltr'><strong>Genuates,</strong></span> <span class='ocrx_word' id='word_1_69' title='bbox 1187 1164 1314 1204; x_wconf 89' lang='lat' dir='ltr'><strong>cum</strong></span> <span class='ocrx_word' id='word_1_70' title='bbox 1367 1151 1712 1209; x_wconf 89' lang='lat' dir='ltr'><strong>Sulimanum</strong></span> <span class='ocrx_word' id='word_1_71' title='bbox 1787 1168 1949 1227; x_wconf 85' lang='lat' dir='ltr'><strong>atque</strong></span> <span class='ocrx_word' id='word_1_72' title='bbox 2001 1162 2144 1216; x_wconf 85' lang='lat' dir='ltr'><strong>alios</strong></span> 
     </span>
    </p>
   </div>
   <div class='ocr_carea' id='block_1_14' title="bbox 562 1235 2134 1313">
    <p class='ocr_par' dir='ltr' id='par_1_14' title="bbox 562 1235 2134 1313">
     <span class='ocr_line' id='line_1_14' title="bbox 562 1235 2134 1313; baseline 0.014 -29"><span class='ocrx_word' id='word_1_73' title='bbox 562 1242 800 1294; x_wconf 77' lang='lat' dir='ltr'><strong>quatuor</strong></span> <span class='ocrx_word' id='word_1_74' title='bbox 837 1241 894 1288; x_wconf 91' lang='lat' dir='ltr'><strong>et</strong></span> <span class='ocrx_word' id='word_1_75' title='bbox 920 1235 1114 1306; x_wconf 78' lang='lat' dir='ltr'><strong>viginti</strong></span> <span class='ocrx_word' id='word_1_76' title='bbox 1162 1239 1428 1294; x_wconf 85' lang='lat' dir='ltr'><strong>nobilium</strong></span> <span class='ocrx_word' id='word_1_77' title='bbox 1466 1242 1754 1299; x_wconf 87' lang='lat' dir='ltr'><strong>Persarum</strong></span> <span class='ocrx_word' id='word_1_78' title='bbox 1804 1247 2134 1313; x_wconf 78' lang='lat' dir='ltr'><strong>filios_dolo</strong></span> 
     </span>
    </p>
   </div>
   <div class='ocr_carea' id='block_1_15' title="bbox 562 1325 2136 1404">
    <p class='ocr_par' dir='ltr' id='par_1_15' title="bbox 562 1325 2136 1404">
     <span class='ocr_line' id='line_1_15' title="bbox 562 1325 2136 1404; baseline 0.015 -29"><span class='ocrx_word' id='word_1_79' title='bbox 562 1325 858 1393; x_wconf 75' lang='lat' dir='ltr'><strong>cepissent,</strong></span> <span class='ocrx_word' id='word_1_80' title='bbox 911 1343 1020 1382; x_wconf 91' lang='lat' dir='ltr'><strong>non</strong></span> <span class='ocrx_word' id='word_1_81' title='bbox 1059 1344 1118 1383; x_wconf 88' lang='lat' dir='ltr'><strong>se</strong></span> <span class='ocrx_word' id='word_1_82' title='bbox 1175 1331 1299 1386; x_wconf 89' lang='lat' dir='ltr'><strong>illos</strong></span> <span class='ocrx_word' id='word_1_83' title='bbox 1347 1335 1628 1390; x_wconf 89' lang='lat' dir='ltr'><strong>servitutis</strong></span> <span class='ocrx_word' id='word_1_84' title='bbox 1678 1352 1864 1404; x_wconf 88' lang='lat' dir='ltr'><strong>causa,</strong></span> <span class='ocrx_word' id='word_1_85' title='bbox 1923 1343 2023 1396; x_wconf 87' lang='lat' dir='ltr'><strong>sed</strong></span> <span class='ocrx_word' id='word_1_86' title='bbox 2076 1353 2136 1398; x_wconf 87' lang='lat' dir='ltr'><strong>ut</strong></span> 
     </span>
    </p>
   </div>
   <div class='ocr_carea' id='block_1_16' title="bbox 565 1417 2136 1491">
    <p class='ocr_par' dir='ltr' id='par_1_16' title="bbox 565 1417 2136 1491">
     <span class='ocr_line' id='line_1_16' title="bbox 565 1417 2136 1491; baseline 0.014 -24"><span class='ocrx_word' id='word_1_87' title='bbox 565 1417 713 1484; x_wconf 80' lang='lat' dir='ltr'><strong>pacis</strong></span> <span class='ocrx_word' id='word_1_88' title='bbox 747 1417 967 1472; x_wconf 77' lang='lat' dir='ltr'><strong>obsides</strong></span> <span class='ocrx_word' id='word_1_89' title='bbox 998 1419 1286 1486; x_wconf 90' lang='lat' dir='ltr'><strong>haberent,</strong></span> <span class='ocrx_word' id='word_1_90' title='bbox 1339 1426 1552 1491; x_wconf 86' lang='lat' dir='ltr'><strong>cepisse</strong></span> <span class='ocrx_word' id='word_1_91' title='bbox 1606 1431 1844 1486; x_wconf 84' lang='lat' dir='ltr'><strong>aiebant.</strong></span> <span class='ocrx_word' id='word_1_92' title='bbox 1896 1432 2136 1488; x_wconf 85' lang='lat' dir='ltr'><strong>Sarcha-</strong></span> 
     </span>
    </p>
   </div>
   <div class='ocr_carea' id='block_1_17' title="bbox 563 1507 2132 1591">
    <p class='ocr_par' dir='ltr' id='par_1_17' title="bbox 563 1507 2132 1591">
     <span class='ocr_line' id='line_1_17' title="bbox 563 1507 2132 1591; baseline 0.015 -37"><span class='ocrx_word' id='word_1_93' title='bbox 563 1518 661 1556; x_wconf 86' lang='lat' dir='ltr'><strong>ues</strong></span> <span class='ocrx_word' id='word_1_94' title='bbox 683 1519 808 1558; x_wconf 87' lang='lat' dir='ltr'><strong>cum</strong></span> <span class='ocrx_word' id='word_1_95' title='bbox 838 1507 986 1561; x_wconf 87' lang='lat' dir='ltr'><strong>aliud</strong></span> <span class='ocrx_word' id='word_1_96' title='bbox 1018 1524 1127 1562; x_wconf 89' lang='lat' dir='ltr'><strong>non</strong></span> <span class='ocrx_word' id='word_1_97' title='bbox 1152 1520 1361 1579; x_wconf 88' lang='lat' dir='ltr'><strong>posset,</strong></span> <span class='ocrx_word' id='word_1_98' title='bbox 1393 1514 1621 1584; x_wconf 81' lang='lat' dir='ltr'><strong>ingratis</strong></span> <span class='ocrx_word' id='word_1_99' title='bbox 1651 1533 1840 1587; x_wconf 79' lang='lat' dir='ltr'><strong>pacem</strong></span> <span class='ocrx_word' id='word_1_100' title='bbox 1871 1522 2082 1591; x_wconf 86' lang='lat' dir='ltr'><strong>accepit</strong></span> <span class='ocrx_word' id='word_1_101' title='bbox 2115 1563 2132 1587; x_wconf 86' lang='lat'><strong>,</strong></span> 
     </span>
    </p>
   </div>
   <div class='ocr_carea' id='block_1_18' title="bbox 561 1596 2134 1667">
    <p class='ocr_par' dir='ltr' id='par_1_18' title="bbox 561 1596 2134 1667">
     <span class='ocr_line' id='line_1_18' title="bbox 561 1596 2134 1667; baseline 0.014 -22"><span class='ocrx_word' id='word_1_102' title='bbox 561 1602 790 1664; x_wconf 91' lang='lat' dir='ltr'><strong>propter</strong></span> <span class='ocrx_word' id='word_1_103' title='bbox 815 1596 1138 1653; x_wconf 90' lang='lat' dir='ltr'><strong>charitatem</strong></span> <span class='ocrx_word' id='word_1_104' title='bbox 1189 1601 1426 1658; x_wconf 80' lang='lat' dir='ltr'><strong>ﬁliorum</strong></span> <span class='ocrx_word' id='word_1_105' title='bbox 1453 1607 1733 1663; x_wconf 81' lang='lat' dir='ltr'><strong>videlicet.</strong></span> <span class='ocrx_word' id='word_1_106' title='bbox 1775 1609 1914 1665; x_wconf 87' lang='lat' dir='ltr'><strong>Cum</strong></span> <span class='ocrx_word' id='word_1_107' title='bbox 1949 1620 2134 1667; x_wconf 82' lang='lat' dir='ltr'><strong>autem</strong></span> 
     </span>
    </p>
   </div>
   <div class='ocr_carea' id='block_1_19' title="bbox 563 1686 2130 1769">
    <p class='ocr_par' dir='ltr' id='par_1_19' title="bbox 563 1686 2130 1769">
     <span class='ocr_line' id='line_1_19' title="bbox 563 1686 2130 1769; baseline 0.013 -31"><span class='ocrx_word' id='word_1_108' title='bbox 563 1686 912 1754; x_wconf 84' lang='lat' dir='ltr'><strong>imperatoris</strong></span> <span class='ocrx_word' id='word_1_109' title='bbox 956 1693 1365 1760; x_wconf 78' lang='lat' dir='ltr'><strong>promissio&#39;de</strong></span> <span class='ocrx_word' id='word_1_110' title='bbox 1415 1697 1671 1754; x_wconf 88' lang='lat' dir='ltr'><strong>libertate</strong></span> <span class='ocrx_word' id='word_1_111' title='bbox 1699 1701 1824 1769; x_wconf 62' lang='lat' dir='ltr'><strong>{illis</strong></span> <span class='ocrx_word' id='word_1_112' title='bbox 1853 1703 2130 1759; x_wconf 87' lang='lat' dir='ltr'><strong>reddenda</strong></span> 
     </span>
    </p>
   </div>
   <div class='ocr_carea' id='block_1_20' title="bbox 2258 528 3820 609">
    <p class='ocr_par' dir='ltr' id='par_1_20' title="bbox 2258 528 3820 609">
     <span class='ocr_line' id='line_1_20' title="bbox 2258 528 3820 609; baseline 0.004 -23"><span class='ocrx_word' id='word_1_113' title='bbox 2258 534 2398 604; x_wconf 74' lang='grc' dir='ltr'>πεζῇ</span> <span class='ocrx_word' id='word_1_114' title='bbox 2454 553 2514 588; x_wconf 83' lang='grc' dir='ltr'><strong>τε</strong></span> <span class='ocrx_word' id='word_1_115' title='bbox 2574 536 2666 589; x_wconf 82' lang='grc' dir='ltr'>καὶ</span> <span class='ocrx_word' id='word_1_116' title='bbox 2723 537 2922 605; x_wconf 79' lang='grc' dir='ltr'><strong>ἱππικῇ</strong></span> <span class='ocrx_word' id='word_1_117' title='bbox 2971 528 3072 606; x_wconf 75' lang='grc' dir='ltr'>τὴν</span> <span class='ocrx_word' id='word_1_118' title='bbox 3135 537 3454 608; x_wconf 74' lang='grc' dir='ltr'><strong>Μιτυλήνην</strong></span> <span class='ocrx_word' id='word_1_119' title='bbox 3519 544 3820 609; x_wconf 70' lang='grc' dir='ltr'><strong>πολιορκεῖν</strong></span> 
     </span>
    </p>
   </div>
   <div class='ocr_carea' id='block_1_21' title="bbox 2255 617 3812 702">
    <p class='ocr_par' dir='ltr' id='par_1_21' title="bbox 2255 617 3812 702">
     <span class='ocr_line' id='line_1_21' title="bbox 2255 617 3812 702; baseline 0.005 -24"><span class='ocrx_word' id='word_1_120' title='bbox 2255 626 2603 689; x_wconf 78' lang='grc' dir='ltr'>ἀπέπλευσεν</span> <span class='ocrx_word' id='word_1_121' title='bbox 2626 628 2706 688; x_wconf 88' lang='grc' dir='ltr'><strong>είς</strong></span> <span class='ocrx_word' id='word_1_122' title='bbox 2737 626 2988 680; x_wconf 81' lang='grc' dir='ltr'>Φώκαιαν</span> <span class='ocrx_word' id='word_1_123' title='bbox 3012 623 3080 698; x_wconf 72' lang='grc' dir='ltr'>ἧς</span> <span class='ocrx_word' id='word_1_124' title='bbox 3118 624 3258 699; x_wconf 75' lang='grc' dir='ltr'>ἦρχε</span> <span class='ocrx_word' id='word_1_125' title='bbox 3293 630 3372 699; x_wconf 81' lang='grc' dir='ltr'>τῷ</span> <span class='ocrx_word' id='word_1_126' title='bbox 3393 617 3512 683; x_wconf 62' lang='grc' dir='ltr'>τοτε</span> <span class='ocrx_word' id='word_1_127' title='bbox 3537 631 3812 702; x_wconf 79' lang='grc' dir='ltr'>Ντουνὰρ-</span> 
     </span>
    </p>
   </div>
   <div class='ocr_carea' id='block_1_22' title="bbox 2253 715 3816 793">
    <p class='ocr_par' dir='ltr' id='par_1_22' title="bbox 2253 715 3816 793">
     <span class='ocr_line' id='line_1_22' title="bbox 2253 715 3816 793; baseline 0.004 -23"><span class='ocrx_word' id='word_1_128' title='bbox 2253 718 2362 781; x_wconf 78' lang='grc' dir='ltr'>δος.</span> <span class='ocrx_word' id='word_1_129' title='bbox 2396 719 2460 770; x_wconf 90' lang='grc' dir='ltr'>Οἱ</span> <span class='ocrx_word' id='word_1_130' title='bbox 2498 718 2600 788; x_wconf 82' lang='grc' dir='ltr'>μὲν</span> <span class='ocrx_word' id='word_1_131' title='bbox 2629 715 2724 772; x_wconf 75' lang='grc' dir='ltr'>οὖν</span> <span class='ocrx_word' id='word_1_132' title='bbox 2757 719 2841 781; x_wconf 88' lang='grc' dir='ltr'><strong>είς</strong></span> <span class='ocrx_word' id='word_1_133' title='bbox 2868 719 3076 772; x_wconf 72' lang='grc' dir='ltr'>Λέσϐον</span> <span class='ocrx_word' id='word_1_134' title='bbox 3107 721 3588 790; x_wconf 76' lang='grc' dir='ltr'><strong>καταλειφθέντες,</strong></span> <span class='ocrx_word' id='word_1_135' title='bbox 3619 724 3687 776; x_wconf 74' lang='grc' dir='ltr'>τὰ</span> <span class='ocrx_word' id='word_1_136' title='bbox 3720 725 3816 793; x_wconf 71' lang='grc' dir='ltr'>μὲν</span> 
     </span>
    </p>
   </div>
   <div class='ocr_carea' id='block_1_23' title="bbox 2253 809 3814 886">
    <p class='ocr_par' dir='ltr' id='par_1_23' title="bbox 2253 809 3814 886">
     <span class='ocr_line' id='line_1_23' title="bbox 2253 809 3814 886; baseline 0.004 -24"><span class='ocrx_word' id='word_1_137' title='bbox 2253 809 2416 863; x_wconf 74' lang='grc' dir='ltr'>λοιπὰ</span> <span class='ocrx_word' id='word_1_138' title='bbox 2441 810 2678 882; x_wconf 75' lang='grc' dir='ltr'>φρούρια</span> <span class='ocrx_word' id='word_1_139' title='bbox 2708 811 2887 864; x_wconf 81' lang='grc' dir='ltr'>πάντα</span> <span class='ocrx_word' id='word_1_140' title='bbox 2928 812 3352 882; x_wconf 68' lang='grc' dir='ltr'>παρεστήσαντο</span> <span class='ocrx_word' id='word_1_141' title='bbox 3387 813 3669 886; x_wconf 73' lang='grc' dir='ltr'>ὁμολογίᾳ,</span> <span class='ocrx_word' id='word_1_142' title='bbox 3713 817 3814 869; x_wconf 82' lang='grc' dir='ltr'><strong>Μι-</strong></span> 
     </span>
    </p>
   </div>
   <div class='ocr_carea' id='block_1_24' title="bbox 2252 902 3812 974">
    <p class='ocr_par' dir='ltr' id='par_1_24' title="bbox 2252 902 3812 974">
     <span class='ocr_line' id='line_1_24' title="bbox 2252 902 3812 974; baseline 0.003 -18"><span class='ocrx_word' id='word_1_143' title='bbox 2252 902 2490 973; x_wconf 83' lang='grc' dir='ltr'>τυλήνην</span> <span class='ocrx_word' id='word_1_144' title='bbox 2519 902 2575 956; x_wconf 81' lang='grc' dir='ltr'>δὲ</span> <span class='ocrx_word' id='word_1_145' title='bbox 2617 903 2779 955; x_wconf 87' lang='grc' dir='ltr'>ναυσί</span> <span class='ocrx_word' id='word_1_146' title='bbox 2811 921 2867 957; x_wconf 84' lang='grc' dir='ltr'><strong>τε</strong></span> <span class='ocrx_word' id='word_1_147' title='bbox 2903 904 2998 956; x_wconf 73' lang='grc' dir='ltr'>καὶ</span> <span class='ocrx_word' id='word_1_148' title='bbox 3044 902 3194 973; x_wconf 83' lang='grc' dir='ltr'><strong>πεζῷ</strong></span> <span class='ocrx_word' id='word_1_149' title='bbox 3225 905 3660 974; x_wconf 82' lang='grc' dir='ltr'>περικαθήμενοι</span> <span class='ocrx_word' id='word_1_150' title='bbox 3689 906 3812 960; x_wconf 76' lang='grc' dir='ltr'>ἐπο-</span> 
     </span>
    </p>
   </div>
   <div class='ocr_carea' id='block_1_25' title="bbox 2251 991 3812 1066">
    <p class='ocr_par' dir='ltr' id='par_1_25' title="bbox 2251 991 3812 1066">
     <span class='ocr_line' id='line_1_25' title="bbox 2251 991 3812 1066; baseline 0.002 -21"><span class='ocrx_word' id='word_1_151' title='bbox 2251 992 2527 1061; x_wconf 85' lang='grc' dir='ltr'>λιόρκουν.</span> <span class='ocrx_word' id='word_1_152' title='bbox 2579 991 2842 1056; x_wconf 76' lang='grc' dir='ltr'>Βασιλεὺς</span> <span class='ocrx_word' id='word_1_153' title='bbox 2873 993 2929 1045; x_wconf 85' lang='grc' dir='ltr'>δὲ</span> <span class='ocrx_word' id='word_1_154' title='bbox 2983 993 3285 1064; x_wconf 79' lang='grc' dir='ltr'>πρεσϐείαν</span> <span class='ocrx_word' id='word_1_155' title='bbox 3337 993 3476 1065; x_wconf 64' lang='grc' dir='ltr'>προς</span> <span class='ocrx_word' id='word_1_156' title='bbox 3529 995 3812 1066; x_wconf 79' lang='grc' dir='ltr'>Σαρχάνην</span> 
     </span>
    </p>
   </div>
   <div class='ocr_carea' id='block_1_26' title="bbox 2251 1081 3811 1157">
    <p class='ocr_par' dir='ltr' id='par_1_26' title="bbox 2251 1081 3811 1157">
     <span class='ocr_line' id='line_1_26' title="bbox 2251 1081 3811 1157; baseline 0.003 -19"><span class='ocrx_word' id='word_1_157' title='bbox 2251 1085 2492 1156; x_wconf 72' lang='grc' dir='ltr'>πέμψας,</span> <span class='ocrx_word' id='word_1_158' title='bbox 2522 1085 2581 1148; x_wconf 84' lang='grc' dir='ltr'>ὅς</span> <span class='ocrx_word' id='word_1_159' title='bbox 2632 1081 2772 1156; x_wconf 75' lang='grc' dir='ltr'>ἦρχε</span> <span class='ocrx_word' id='word_1_160' title='bbox 2801 1086 2902 1155; x_wconf 83' lang='grc' dir='ltr'>τῆς</span> <span class='ocrx_word' id='word_1_161' title='bbox 2930 1085 3011 1138; x_wconf 74' lang='grc' dir='ltr'>ἕω</span> <span class='ocrx_word' id='word_1_162' title='bbox 3054 1086 3156 1155; x_wconf 76' lang='grc' dir='ltr'>τῆς</span> <span class='ocrx_word' id='word_1_163' title='bbox 3208 1088 3353 1139; x_wconf 82' lang='grc' dir='ltr'>κατά</span> <span class='ocrx_word' id='word_1_164' title='bbox 3398 1104 3500 1157; x_wconf 86' lang='grc' dir='ltr'><strong>την</strong></span> <span class='ocrx_word' id='word_1_165' title='bbox 3536 1087 3811 1156; x_wconf 78' lang='grc' dir='ltr'>Φώκαιαν,</span> 
     </span>
    </p>
   </div>
   <div class='ocr_carea' id='block_1_27' title="bbox 2250 1175 3810 1248">
    <p class='ocr_par' dir='ltr' id='par_1_27' title="bbox 2250 1175 3810 1248">
     <span class='ocr_line' id='line_1_27' title="bbox 2250 1175 3810 1248; baseline 0.003 -20"><span class='ocrx_word' id='word_1_166' title='bbox 2250 1177 2484 1238; x_wconf 80' lang='grc' dir='ltr'>σπονδὰς</span> <span class='ocrx_word' id='word_1_167' title='bbox 2534 1175 2687 1229; x_wconf 80' lang='grc' dir='ltr'>ἔθετο</span> <span class='ocrx_word' id='word_1_168' title='bbox 2735 1177 2870 1244; x_wconf 75' lang='grc' dir='ltr'>πρὸς</span> <span class='ocrx_word' id='word_1_169' title='bbox 2924 1176 3088 1229; x_wconf 74' lang='grc' dir='ltr'>αὑτὸν</span> <span class='ocrx_word' id='word_1_170' title='bbox 3135 1177 3231 1230; x_wconf 80' lang='grc' dir='ltr'>καὶ</span> <span class='ocrx_word' id='word_1_171' title='bbox 3276 1180 3624 1248; x_wconf 78' lang='grc' dir='ltr'><strong>συμμαχίαν,</strong></span> <span class='ocrx_word' id='word_1_172' title='bbox 3673 1180 3810 1232; x_wconf 81' lang='grc' dir='ltr'>ὥστε</span> 
     </span>
    </p>
   </div>
   <div class='ocr_carea' id='block_1_28' title="bbox 2247 1265 3814 1338">
    <p class='ocr_par' dir='ltr' id='par_1_28' title="bbox 2247 1265 3814 1338">
     <span class='ocr_line' id='line_1_28' title="bbox 2247 1265 3814 1338; baseline 0.002 -19"><span class='ocrx_word' id='word_1_173' title='bbox 2247 1268 2534 1338; x_wconf 79' lang='grc' dir='ltr'>Σαρχάνην</span> <span class='ocrx_word' id='word_1_174' title='bbox 2556 1267 2655 1337; x_wconf 78' lang='grc' dir='ltr'>μὲν</span> <span class='ocrx_word' id='word_1_175' title='bbox 2684 1265 3012 1338; x_wconf 78' lang='grc' dir='ltr'>ἐπικουρίαν</span> <span class='ocrx_word' id='word_1_176' title='bbox 3045 1266 3266 1337; x_wconf 84' lang='grc' dir='ltr'>βασιλεῖ</span> <span class='ocrx_word' id='word_1_177' title='bbox 3297 1271 3606 1338; x_wconf 78' lang='grc' dir='ltr'><strong>παρασχεῖν</strong></span> <span class='ocrx_word' id='word_1_178' title='bbox 3643 1270 3814 1337; x_wconf 75' lang='grc' dir='ltr'>πεζήν</span> 
     </span>
    </p>
   </div>
   <div class='ocr_carea' id='block_1_29' title="bbox 2244 1358 3814 1432">
    <p class='ocr_par' dir='ltr' id='par_1_29' title="bbox 2244 1358 3814 1432">
     <span class='ocr_line' id='line_1_29' title="bbox 2244 1358 3814 1432; baseline -0.001 -18"><span class='ocrx_word' id='word_1_179' title='bbox 2244 1378 2304 1414; x_wconf 88' lang='grc' dir='ltr'><strong>τε</strong></span> <span class='ocrx_word' id='word_1_180' title='bbox 2325 1361 2420 1415; x_wconf 75' lang='grc' dir='ltr'>καὶ</span> <span class='ocrx_word' id='word_1_181' title='bbox 2439 1361 2704 1430; x_wconf 71' lang='grc' dir='ltr'>ναυτικὴν</span> <span class='ocrx_word' id='word_1_182' title='bbox 2730 1360 2870 1430; x_wconf 67' lang='grc' dir='ltr'>πρὸς</span> <span class='ocrx_word' id='word_1_183' title='bbox 2894 1358 2996 1429; x_wconf 76' lang='grc' dir='ltr'>τὴν</span> <span class='ocrx_word' id='word_1_184' title='bbox 3023 1360 3121 1428; x_wconf 80' lang='grc' dir='ltr'>τῆς</span> <span class='ocrx_word' id='word_1_185' title='bbox 3155 1360 3406 1422; x_wconf 76' lang='grc' dir='ltr'>Φωκαίας</span> <span class='ocrx_word' id='word_1_186' title='bbox 3442 1361 3540 1414; x_wconf 75' lang='grc' dir='ltr'>καὶ</span> <span class='ocrx_word' id='word_1_187' title='bbox 3571 1361 3814 1432; x_wconf 82' lang='grc' dir='ltr'>Μιτυλή-</span> 
     </span>
    </p>
   </div>
   <div class='ocr_carea' id='block_1_30' title="bbox 2245 1451 3808 1525">
    <p class='ocr_par' dir='ltr' id='par_1_30' title="bbox 2245 1451 3808 1525">
     <span class='ocr_line' id='line_1_30' title="bbox 2245 1451 3808 1525; baseline -0.001 -19"><span class='ocrx_word' id='word_1_188' title='bbox 2245 1471 2342 1522; x_wconf 85' lang='grc' dir='ltr'><strong>νης</strong></span> <span class='ocrx_word' id='word_1_189' title='bbox 2401 1453 2751 1523; x_wconf 77' lang='grc' dir='ltr'>πολιορκίαν,</span> <span class='ocrx_word' id='word_1_190' title='bbox 2807 1451 3035 1521; x_wconf 77' lang='grc' dir='ltr'>βασιλέα</span> <span class='ocrx_word' id='word_1_191' title='bbox 3082 1451 3138 1503; x_wconf 80' lang='grc' dir='ltr'>δὲ</span> <span class='ocrx_word' id='word_1_192' title='bbox 3196 1451 3289 1504; x_wconf 66' lang='grc' dir='ltr'>τὶιν</span> <span class='ocrx_word' id='word_1_193' title='bbox 3340 1453 3512 1506; x_wconf 84' lang='grc' dir='ltr'>παῖδα</span> <span class='ocrx_word' id='word_1_194' title='bbox 3554 1453 3808 1525; x_wconf 56' lang='grc' dir='ltr'>Σαρχῶη</span> 
     </span>
    </p>
   </div>
   <div class='ocr_carea' id='block_1_31' title="bbox 2241 1541 3808 1613">
    <p class='ocr_par' dir='ltr' id='par_1_31' title="bbox 2241 1541 3808 1613">
     <span class='ocr_line' id='line_1_31' title="bbox 2241 1541 3808 1613; baseline 0.001 -16"><span class='ocrx_word' id='word_1_195' title='bbox 2241 1544 2516 1613; x_wconf 83' lang='grc' dir='ltr'>Σουλιμᾶν</span> <span class='ocrx_word' id='word_1_196' title='bbox 2553 1544 2650 1596; x_wconf 74' lang='grc' dir='ltr'><strong>καὶ</strong></span> <span class='ocrx_word' id='word_1_197' title='bbox 2688 1542 2814 1605; x_wconf 78' lang='grc' dir='ltr'>τοὺς</span> <span class='ocrx_word' id='word_1_198' title='bbox 2845 1541 3066 1604; x_wconf 73' lang='grc' dir='ltr'>λοιποὺς</span> <span class='ocrx_word' id='word_1_199' title='bbox 3100 1541 3298 1607; x_wconf 75' lang='grc' dir='ltr'>παῖδας</span> <span class='ocrx_word' id='word_1_200' title='bbox 3330 1542 3438 1596; x_wconf 80' lang='grc' dir='ltr'><strong>τῶν</strong></span> <span class='ocrx_word' id='word_1_201' title='bbox 3475 1544 3724 1608; x_wconf 83' lang='grc' dir='ltr'>Περσῶν,</span> <span class='ocrx_word' id='word_1_202' title='bbox 3756 1544 3808 1598; x_wconf 76' lang='grc' dir='ltr'>οἶ</span> 
     </span>
    </p>
   </div>
   <div class='ocr_carea' id='block_1_32' title="bbox 2241 1632 3807 1702">
    <p class='ocr_par' dir='ltr' id='par_1_32' title="bbox 2241 1632 3807 1702">
     <span class='ocr_line' id='line_1_32' title="bbox 2241 1632 3807 1702; baseline -0.003 -14"><span class='ocrx_word' id='word_1_203' title='bbox 2241 1635 2384 1688; x_wconf 78' lang='grc' dir='ltr'>κατὰ</span> <span class='ocrx_word' id='word_1_204' title='bbox 2409 1633 2666 1686; x_wconf 74' lang='grc' dir='ltr'>Φώκαιαν</span> <span class='ocrx_word' id='word_1_205' title='bbox 2692 1633 2754 1685; x_wconf 85' lang='grc' dir='ltr'>ὲν</span> <span class='ocrx_word' id='word_1_206' title='bbox 2780 1633 3128 1702; x_wconf 79' lang='grc' dir='ltr'><strong>προσχήματι</strong></span> <span class='ocrx_word' id='word_1_207' title='bbox 3165 1633 3393 1702; x_wconf 74' lang='grc' dir='ltr'>ὁμήρων</span> <span class='ocrx_word' id='word_1_208' title='bbox 3418 1632 3807 1702; x_wconf 75' lang='grc' dir='ltr'><strong>ἐφρουροῦντο,</strong></span> 
     </span>
    </p>
   </div>
   <div class='ocr_carea' id='block_1_33' title="bbox 2239 1723 3804 1796">
    <p class='ocr_par' dir='ltr' id='par_1_33' title="bbox 2239 1723 3804 1796">
     <span class='ocr_line' id='line_1_33' title="bbox 2239 1723 3804 1796; baseline -0.001 -18"><span class='ocrx_word' id='word_1_209' title='bbox 2239 1724 2582 1796; x_wconf 69' lang='grc' dir='ltr'>ἐλευθεροῦν.</span> <span class='ocrx_word' id='word_1_210' title='bbox 2612 1723 2677 1778; x_wconf 69' lang='lat' dir='ltr'><strong>Ol</strong></span> <span class='ocrx_word' id='word_1_211' title='bbox 2702 1724 2812 1794; x_wconf 76' lang='grc' dir='ltr'><strong>γὰρ</strong></span> <span class='ocrx_word' id='word_1_212' title='bbox 2848 1726 2926 1786; x_wconf 87' lang='grc' dir='ltr'><strong>είς</strong></span> <span class='ocrx_word' id='word_1_213' title='bbox 2959 1725 3212 1777; x_wconf 74' lang='grc' dir='ltr'>Φώκαιαν</span> <span class='ocrx_word' id='word_1_214' title='bbox 3241 1726 3304 1776; x_wconf 83' lang='grc' dir='ltr'>ἐκ</span> <span class='ocrx_word' id='word_1_215' title='bbox 3331 1724 3601 1788; x_wconf 81' lang='grc' dir='ltr'>Γεννούας</span> <span class='ocrx_word' id='word_1_216' title='bbox 3642 1725 3804 1778; x_wconf 77' lang='grc' dir='ltr'>Λατίο</span> 
     </span>
    </p>
   </div>
   <div class='ocr_carea' id='block_1_34' title="bbox 561 1779 2121 1886">
    <p class='ocr_par' dir='ltr' id='par_1_34' title="bbox 561 1779 2121 1865">
     <span class='ocr_line' id='line_1_34' title="bbox 561 1779 2121 1865; baseline 0.013 -34"><span class='ocrx_word' id='word_1_217' title='bbox 561 1779 870 1848; x_wconf 80' lang='lat' dir='ltr'><strong>accederet,</strong></span> <span class='ocrx_word' id='word_1_218' title='bbox 917 1782 965 1836; x_wconf 87' lang='lat' dir='ltr'><strong>si</strong></span> <span class='ocrx_word' id='word_1_219' title='bbox 1013 1797 1072 1838; x_wconf 88' lang='lat' dir='ltr'><strong>sc</strong></span> <span class='ocrx_word' id='word_1_220' title='bbox 1122 1785 1178 1838; x_wconf 89' lang='lat' dir='ltr'><strong>in</strong></span> <span class='ocrx_word' id='word_1_221' title='bbox 1227 1786 1370 1842; x_wconf 90' lang='lat' dir='ltr'><strong>bello</strong></span> <span class='ocrx_word' id='word_1_222' title='bbox 1397 1799 1584 1844; x_wconf 89' lang='lat' dir='ltr'><strong>contra</strong></span> <span class='ocrx_word' id='word_1_223' title='bbox 1611 1792 1839 1848; x_wconf 84' lang='lat' dir='ltr'><strong>Latinos</strong></span> <span class='ocrx_word' id='word_1_224' title='bbox 1877 1805 2121 1865; x_wconf 79' lang='lat' dir='ltr'><strong>prompte</strong></span> 
     </span>
    </p>
   </div>
   <div class='ocr_carea' id='block_1_35' title="bbox 2226 1779 3805 1886">
    <p class='ocr_par' dir='ltr' id='par_1_35' title="bbox 2236 1779 3805 1886">
     <span class='ocr_line' id='line_1_35' title="bbox 2236 1779 3805 1886; baseline -0.001 -16"><span class='ocrx_word' id='word_1_225' title='bbox 2236 1834 2314 1871; x_wconf 91' lang='grc' dir='ltr'><strong>νοι</strong></span> <span class='ocrx_word' id='word_1_226' title='bbox 2342 1779 2478 1886; x_wconf 57' lang='grc' dir='ltr'>δόλίρ</span> <span class='ocrx_word' id='word_1_227' title='bbox 2507 1779 3091 1884; x_wconf 29' lang='grc' dir='ltr'>Σουλιμανιτδνγπαῖδα</span> <span class='ocrx_word' id='word_1_228' title='bbox 3123 1815 3379 1886; x_wconf 81' lang='grc' dir='ltr'>Σαρχάνη</span> <span class='ocrx_word' id='word_1_229' title='bbox 3417 1779 3805 1884; x_wconf 63' lang='grc' dir='ltr'>καίτέτταρας</span> 
     </span>
    </p>
   </div>
   <div class='ocr_carea' id='block_1_36' title="bbox 562 1868 2135 1956">
    <p class='ocr_par' dir='ltr' id='par_1_36' title="bbox 562 1868 2135 1956">
     <span class='ocr_line' id='line_1_36' title="bbox 562 1868 2135 1956; baseline 0.013 -35"><span class='ocrx_word' id='word_1_230' title='bbox 562 1868 872 1936; x_wconf 78' lang='lat' dir='ltr'><strong>adiuvaret,</strong></span> <span class='ocrx_word' id='word_1_231' title='bbox 907 1885 1004 1940; x_wconf 85' lang='lat' dir='ltr'><strong>spe</strong></span> <span class='ocrx_word' id='word_1_232' title='bbox 1032 1872 1305 1930; x_wconf 86' lang='lat' dir='ltr'><strong>libertatis</strong></span> <span class='ocrx_word' id='word_1_233' title='bbox 1341 1877 1394 1930; x_wconf 91' lang='lat' dir='ltr'><strong>id</strong></span> <span class='ocrx_word' id='word_1_234' title='bbox 1427 1877 1579 1942; x_wconf 83' lang='lat' dir='ltr'><strong>fecit,</strong></span> <span class='ocrx_word' id='word_1_235' title='bbox 1619 1897 1680 1934; x_wconf 87' lang='lat' dir='ltr'><strong>ac</strong></span> <span class='ocrx_word' id='word_1_236' title='bbox 1710 1881 1995 1939; x_wconf 68' lang='lat' dir='ltr'><strong>Phocaeam</strong></span> <span class='ocrx_word' id='word_1_237' title='bbox 2035 1902 2135 1956; x_wconf 83' lang='lat' dir='ltr'><strong>per</strong></span> 
     </span>
    </p>
   </div>
   <div class='ocr_carea' id='block_1_37' title="bbox 566 1962 2131 2046">
    <p class='ocr_par' dir='ltr' id='par_1_37' title="bbox 566 1962 2131 2046">
     <span class='ocr_line' id='line_1_37' title="bbox 566 1962 2131 2046; baseline 0.012 -34"><span class='ocrx_word' id='word_1_238' title='bbox 566 1975 626 2014; x_wconf 87' lang='lat' dir='ltr'><strong>se</strong></span> <span class='ocrx_word' id='word_1_239' title='bbox 659 1976 782 2014; x_wconf 89' lang='lat' dir='ltr'><strong>cum</strong></span> <span class='ocrx_word' id='word_1_240' title='bbox 813 1962 1052 2031; x_wconf 86' lang='lat' dir='ltr'><strong>pedestri</strong></span> <span class='ocrx_word' id='word_1_241' title='bbox 1085 1977 1141 2020; x_wconf 86' lang='lat' dir='ltr'><strong>et</strong></span> <span class='ocrx_word' id='word_1_242' title='bbox 1167 1969 1408 2036; x_wconf 86' lang='lat' dir='ltr'><strong>equestri</strong></span> <span class='ocrx_word' id='word_1_243' title='bbox 1453 1971 1610 2039; x_wconf 87' lang='lat' dir='ltr'><strong>copia</strong></span> <span class='ocrx_word' id='word_1_244' title='bbox 1644 1974 1874 2029; x_wconf 84' lang='lat' dir='ltr'><strong>veniens</strong></span> <span class='ocrx_word' id='word_1_245' title='bbox 1905 2016 1921 2039; x_wconf 92' lang='lat'><strong>,</strong></span> <span class='ocrx_word' id='word_1_246' title='bbox 1958 1977 2131 2046; x_wconf 90' lang='lat' dir='ltr'><strong>impe-</strong></span> 
     </span>
    </p>
   </div>
   <div class='ocr_carea' id='block_1_38' title="bbox 563 2054 2128 2121">
    <p class='ocr_par' dir='ltr' id='par_1_38' title="bbox 563 2054 2128 2121">
     <span class='ocr_line' id='line_1_38' title="bbox 563 2054 2128 2121; baseline 0.012 -19"><span class='ocrx_word' id='word_1_247' title='bbox 563 2059 803 2105; x_wconf 86' lang='lat' dir='ltr'><strong>ratorem</strong></span> <span class='ocrx_word' id='word_1_248' title='bbox 834 2054 1260 2110; x_wconf 87' lang='lat' dir='ltr'><strong>venerabundus</strong></span> <span class='ocrx_word' id='word_1_249' title='bbox 1293 2058 1569 2121; x_wconf 84' lang='lat' dir='ltr'><strong>salutavit,</strong></span> <span class='ocrx_word' id='word_1_250' title='bbox 1600 2068 1656 2114; x_wconf 93' lang='lat' dir='ltr'><strong>et</strong></span> <span class='ocrx_word' id='word_1_251' title='bbox 1686 2076 1809 2116; x_wconf 90' lang='lat' dir='ltr'><strong>cum</strong></span> <span class='ocrx_word' id='word_1_252' title='bbox 1834 2078 1901 2118; x_wconf 92' lang='lat' dir='ltr'><strong>eo</strong></span> <span class='ocrx_word' id='word_1_253' title='bbox 1934 2065 2128 2120; x_wconf 88' lang='lat' dir='ltr'><strong>urbem</strong></span> 
     </span>
    </p>
   </div>
   <div class='ocr_carea' id='block_1_39' title="bbox 561 2142 2130 2217">
    <p class='ocr_par' dir='ltr' id='par_1_39' title="bbox 561 2142 2130 2217">
     <span class='ocr_line' id='line_1_39' title="bbox 561 2142 2130 2217; baseline 0.01 -19"><span class='ocrx_word' id='word_1_254' title='bbox 561 2143 800 2209; x_wconf 87' lang='lat' dir='ltr'><strong>obsedit,</strong></span> <span class='ocrx_word' id='word_1_255' title='bbox 860 2146 1231 2217; x_wconf 78' lang='lat' dir='ltr'><strong>subjectisqne</strong></span> <span class='ocrx_word' id='word_1_256' title='bbox 1281 2149 1386 2204; x_wconf 90' lang='lat' dir='ltr'><strong>sibi</strong></span> <span class='ocrx_word' id='word_1_257' title='bbox 1441 2142 1669 2210; x_wconf 78' lang='lat' dir='ltr'><strong>urbibus</strong></span> <span class='ocrx_word' id='word_1_258' title='bbox 1726 2165 1780 2209; x_wconf 90' lang='lat' dir='ltr'><strong>et</strong></span> <span class='ocrx_word' id='word_1_259' title='bbox 1813 2155 1947 2211; x_wconf 93' lang='lat' dir='ltr'><strong>locis</strong></span> <span class='ocrx_word' id='word_1_260' title='bbox 1977 2174 2130 2213; x_wconf 88' lang='lat' dir='ltr'><strong>man-</strong></span> 
     </span>
    </p>
   </div>
   <div class='ocr_carea' id='block_1_40' title="bbox 559 2235 2129 2318">
    <p class='ocr_par' dir='ltr' id='par_1_40' title="bbox 559 2235 2129 2318">
     <span class='ocr_line' id='line_1_40' title="bbox 559 2235 2129 2318; baseline 0.011 -29"><span class='ocrx_word' id='word_1_261' title='bbox 559 2235 718 2299; x_wconf 81' lang='lat' dir='ltr'><strong>dans,</strong></span> <span class='ocrx_word' id='word_1_262' title='bbox 749 2243 809 2288; x_wconf 90' lang='lat' dir='ltr'><strong>ut</strong></span> <span class='ocrx_word' id='word_1_263' title='bbox 835 2236 1038 2291; x_wconf 86' lang='lat' dir='ltr'><strong>cibaria</strong></span> <span class='ocrx_word' id='word_1_264' title='bbox 1075 2236 1360 2296; x_wconf 67' lang='lat' dir='ltr'><strong>Phocaeam</strong></span> <span class='ocrx_word' id='word_1_265' title='bbox 1385 2242 1744 2310; x_wconf 80' lang='lat' dir='ltr'><strong>adveherent,</strong></span> <span class='ocrx_word' id='word_1_266' title='bbox 1780 2247 2129 2318; x_wconf 75' lang='lat' dir='ltr'><strong>imperatoris</strong></span> 
     </span>
    </p>
   </div>
   <div class='ocr_carea' id='block_1_41' title="bbox 556 2325 2124 2412">
    <p class='ocr_par' dir='ltr' id='par_1_41' title="bbox 556 2325 2124 2412">
     <span class='ocr_line' id='line_1_41' title="bbox 556 2325 2124 2412; baseline 0.011 -33"><span class='ocrx_word' id='word_1_267' title='bbox 556 2325 824 2381; x_wconf 77' lang='lat' dir='ltr'><strong>exercitui</strong></span> <span class='ocrx_word' id='word_1_268' title='bbox 871 2327 1051 2383; x_wconf 80' lang='lat' dir='ltr'><strong>forum</strong></span> <span class='ocrx_word' id='word_1_269' title='bbox 1107 2331 1447 2388; x_wconf 84' lang='lat' dir='ltr'><strong>uberrimum</strong></span> <span class='ocrx_word' id='word_1_270' title='bbox 1495 2338 1748 2406; x_wconf 76' lang='lat' dir='ltr'><strong>praebuit.</strong></span> <span class='ocrx_word' id='word_1_271' title='bbox 1791 2340 1953 2412; x_wconf 77' lang='lat'><strong>293</strong></span> <span class='ocrx_word' id='word_1_272' title='bbox 2005 2343 2124 2397; x_wconf 69' lang='lat' dir='ltr'><strong>lam</strong></span> 
     </span>
    </p>
   </div>
   <div class='ocr_carea' id='block_1_42' title="bbox 557 2415 2122 2502">
    <p class='ocr_par' dir='ltr' id='par_1_42' title="bbox 557 2415 2122 2502">
     <span class='ocr_line' id='line_1_42' title="bbox 557 2415 2122 2502; baseline 0.012 -31"><span class='ocrx_word' id='word_1_273' title='bbox 557 2419 811 2489; x_wconf 85' lang='lat' dir='ltr'><strong>quintum</strong></span> <span class='ocrx_word' id='word_1_274' title='bbox 840 2436 1086 2476; x_wconf 85' lang='lat' dir='ltr'><strong>mensem</strong></span> <span class='ocrx_word' id='word_1_275' title='bbox 1121 2415 1536 2482; x_wconf 84' lang='lat' dir='ltr'><strong>Phocaeensium</strong></span> <span class='ocrx_word' id='word_1_276' title='bbox 1589 2445 1653 2484; x_wconf 92' lang='lat' dir='ltr'><strong>ac</strong></span> <span class='ocrx_word' id='word_1_277' title='bbox 1689 2431 2122 2502; x_wconf 49' lang='lat' dir='ltr'><strong>Mitylenaeorum</strong></span> 
     </span>
    </p>
   </div>
   <div class='ocr_carea' id='block_1_43' title="bbox 555 2509 2123 2587">
    <p class='ocr_par' dir='ltr' id='par_1_43' title="bbox 555 2509 2123 2587">
     <span class='ocr_line' id='line_1_43' title="bbox 555 2509 2123 2587; baseline 0.008 -23"><span class='ocrx_word' id='word_1_278' title='bbox 555 2509 772 2565; x_wconf 85' lang='lat' dir='ltr'><strong>obsidio</strong></span> <span class='ocrx_word' id='word_1_279' title='bbox 802 2511 1121 2580; x_wconf 84' lang='lat' dir='ltr'><strong>duraverat,</strong></span> <span class='ocrx_word' id='word_1_280' title='bbox 1150 2523 1206 2569; x_wconf 89' lang='lat' dir='ltr'><strong>et</strong></span> <span class='ocrx_word' id='word_1_281' title='bbox 1227 2514 1472 2573; x_wconf 61' lang='lat' dir='ltr'><strong>Phocaea!</strong></span> <span class='ocrx_word' id='word_1_282' title='bbox 1497 2521 1798 2587; x_wconf 84' lang='lat' dir='ltr'><strong>praesertim</strong></span> <span class='ocrx_word' id='word_1_283' title='bbox 1835 2526 2123 2578; x_wconf 86' lang='lat' dir='ltr'><strong>tormentis</strong></span> 
     </span>
    </p>
   </div>
   <div class='ocr_carea' id='block_1_44' title="bbox 560 2603 2120 2681">
    <p class='ocr_par' dir='ltr' id='par_1_44' title="bbox 560 2603 2120 2681">
     <span class='ocr_line' id='line_1_44' title="bbox 560 2603 2120 2681; baseline 0.009 -25"><span class='ocrx_word' id='word_1_284' title='bbox 560 2603 865 2658; x_wconf 79' lang='lat' dir='ltr'><strong>ruuralibus</strong></span> <span class='ocrx_word' id='word_1_285' title='bbox 894 2605 1278 2678; x_wconf 84' lang='lat' dir='ltr'><strong>machinisque</strong></span> <span class='ocrx_word' id='word_1_286' title='bbox 1310 2614 1726 2681; x_wconf 78' lang='lat' dir='ltr'><strong>oppugnatoriis</strong></span> <span class='ocrx_word' id='word_1_287' title='bbox 1767 2615 1956 2668; x_wconf 84' lang='lat' dir='ltr'><strong>crebra</strong></span> <span class='ocrx_word' id='word_1_288' title='bbox 2003 2627 2120 2670; x_wconf 86' lang='lat' dir='ltr'><strong>erat</strong></span> 
     </span>
    </p>
   </div>
   <div class='ocr_carea' id='block_1_45' title="bbox 556 2693 2120 2776">
    <p class='ocr_par' dir='ltr' id='par_1_45' title="bbox 556 2693 2120 2776">
     <span class='ocr_line' id='line_1_45' title="bbox 556 2693 2120 2776; baseline 0.008 -26"><span class='ocrx_word' id='word_1_289' title='bbox 556 2710 610 2750; x_wconf 78' lang='lat' dir='ltr'><strong>et</strong></span> <span class='ocrx_word' id='word_1_290' title='bbox 675 2697 854 2753; x_wconf 89' lang='lat' dir='ltr'><strong>valida</strong></span> <span class='ocrx_word' id='word_1_291' title='bbox 907 2701 1168 2755; x_wconf 81' lang='lat' dir='ltr'><strong>mcenium</strong></span> <span class='ocrx_word' id='word_1_292' title='bbox 1218 2703 1465 2758; x_wconf 89' lang='lat' dir='ltr'><strong>adhibita</strong></span> <span class='ocrx_word' id='word_1_293' title='bbox 1532 2693 1870 2776; x_wconf 73' lang='lat' dir='ltr'><strong>oppugnatio</strong></span> <span class='ocrx_word' id='word_1_294' title='bbox 1929 2728 1942 2762; x_wconf 87' lang='lat'><strong>:</strong></span> <span class='ocrx_word' id='word_1_295' title='bbox 2017 2724 2120 2764; x_wconf 89' lang='lat' dir='ltr'><strong>nec</strong></span> 
     </span>
    </p>
   </div>
   <div class='ocr_carea' id='block_1_46' title="bbox 557 2793 1470 2862">
    <p class='ocr_par' dir='ltr' id='par_1_46' title="bbox 557 2793 1470 2862">
     <span class='ocr_line' id='line_1_46' title="bbox 557 2793 1470 2862; baseline 0.007 -18"><span class='ocrx_word' id='word_1_296' title='bbox 557 2799 740 2844; x_wconf 85' lang='lat' dir='ltr'><strong>tamen</strong></span> <span class='ocrx_word' id='word_1_297' title='bbox 773 2803 997 2862; x_wconf 89' lang='lat' dir='ltr'><strong>propter</strong></span> <span class='ocrx_word' id='word_1_298' title='bbox 1022 2793 1380 2860; x_wconf 89' lang='lat' dir='ltr'><strong>soliditatem,</strong></span> <span class='ocrx_word' id='word_1_299' title='bbox 1413 2807 1470 2850; x_wconf 86' lang='lat' dir='ltr'><strong>et</strong></span> 
     </span>
    </p>
   </div>
   <div class='ocr_carea' id='block_1_47' title="bbox 552 2891 2114 2960">
    <p class='ocr_par' dir='ltr' id='par_1_47' title="bbox 552 2891 2114 2960">
     <span class='ocr_line' id='line_1_47' title="bbox 552 2891 2114 2960; baseline 0.01 -25"><span class='ocrx_word' id='word_1_300' title='bbox 552 2894 978 2954; x_wconf 80' lang='lat' dir='ltr'><strong>cmstanterque</strong></span> <span class='ocrx_word' id='word_1_301' title='bbox 1027 2899 1086 2939; x_wconf 87' lang='lat' dir='ltr'><strong>se</strong></span> <span class='ocrx_word' id='word_1_302' title='bbox 1133 2894 1422 2941; x_wconf 86' lang='lat' dir='ltr'><strong>tuerentur</strong></span> <span class='ocrx_word' id='word_1_303' title='bbox 1451 2927 1466 2952; x_wconf 94' lang='lat'><strong>,</strong></span> <span class='ocrx_word' id='word_1_304' title='bbox 1521 2891 1823 2958; x_wconf 83' lang='lat' dir='ltr'><strong>expugnari</strong></span> <span class='ocrx_word' id='word_1_305' title='bbox 1875 2901 2114 2960; x_wconf 89' lang='lat' dir='ltr'><strong>poterat.</strong></span> 
     </span>
    </p>
   </div>
   <div class='ocr_carea' id='block_1_48' title="bbox 553 2970 2114 3048">
    <p class='ocr_par' dir='ltr' id='par_1_48' title="bbox 553 2970 2114 3048">
     <span class='ocr_line' id='line_1_48' title="bbox 553 2970 2114 3048; baseline 0.008 -23"><span class='ocrx_word' id='word_1_306' title='bbox 553 2970 660 3025; x_wconf 85' lang='lat' dir='ltr'><strong>S-d</strong></span> <span class='ocrx_word' id='word_1_307' title='bbox 703 2987 828 3027; x_wconf 89' lang='lat' dir='ltr'><strong>cum</strong></span> <span class='ocrx_word' id='word_1_308' title='bbox 876 2973 1094 3030; x_wconf 90' lang='lat' dir='ltr'><strong>obsidio</strong></span> <span class='ocrx_word' id='word_1_309' title='bbox 1124 2976 1526 3044; x_wconf 87' lang='lat' dir='ltr'><strong>produceretur</strong></span> <span class='ocrx_word' id='word_1_310' title='bbox 1574 2979 1812 3048; x_wconf 85' lang='lat' dir='ltr'><strong>longius,</strong></span> <span class='ocrx_word' id='word_1_311' title='bbox 1853 2982 2114 3048; x_wconf 89' lang='lat' dir='ltr'><strong>quoniam</strong></span> 
     </span>
    </p>
   </div>
   <div class='ocr_carea' id='block_1_49' title="bbox 1515 2798 2180 2866">
    <p class='ocr_par' dir='ltr' id='par_1_49' title="bbox 1515 2798 2180 2866">
     <span class='ocr_line' id='line_1_49' title="bbox 1515 2798 2180 2866; baseline 0.011 -17"><span class='ocrx_word' id='word_1_312' title='bbox 1515 2798 1659 2866; x_wconf 88' lang='lat' dir='ltr'><strong>quod</strong></span> <span class='ocrx_word' id='word_1_313' title='bbox 1695 2799 1870 2852; x_wconf 88' lang='lat' dir='ltr'><strong>Latini</strong></span> <span class='ocrx_word' id='word_1_314' title='bbox 1906 2801 2122 2855; x_wconf 80' lang='lat' dir='ltr'><strong>fortiter</strong></span> <span class='ocrx_word' id='word_1_315' title='bbox 2150 2838 2180 2845; x_wconf 82' lang='lat'><strong>—</strong></span> 
     </span>
    </p>
   </div>
   <div class='ocr_carea' id='block_1_50' title="bbox 2234 1893 3810 1976">
    <p class='ocr_par' dir='ltr' id='par_1_50' title="bbox 2234 1906 3810 1976">
     <span class='ocr_line' id='line_1_50' title="bbox 2234 1906 3810 1976; baseline -0.002 -16"><span class='ocrx_word' id='word_1_316' title='bbox 2234 1910 2328 1962; x_wconf 75' lang='grc' dir='ltr'>καὶ</span> <span class='ocrx_word' id='word_1_317' title='bbox 2370 1908 2576 1960; x_wconf 83' lang='grc' dir='ltr'>εἴκοσιν</span> <span class='ocrx_word' id='word_1_318' title='bbox 2634 1909 2858 1976; x_wconf 81' lang='grc' dir='ltr'>ἑτέρους</span> <span class='ocrx_word' id='word_1_319' title='bbox 2913 1906 3021 1959; x_wconf 80' lang='grc' dir='ltr'><strong>τῶν</strong></span> <span class='ocrx_word' id='word_1_320' title='bbox 3073 1907 3224 1975; x_wconf 76' lang='grc' dir='ltr'>ποιρέ</span> <span class='ocrx_word' id='word_1_321' title='bbox 3280 1907 3520 1976; x_wconf 79' lang='grc' dir='ltr'>Πέρσαις</span> <span class='ocrx_word' id='word_1_322' title='bbox 3571 1907 3810 1972; x_wconf 78' lang='grc' dir='ltr'>εὐγενῶν</span> 
     </span>
    </p>
   </div>
   <div class='ocr_carea' id='block_1_51' title="bbox 2232 1997 3810 2069">
    <p class='ocr_par' dir='ltr' id='par_1_51' title="bbox 2232 1997 3810 2069">
     <span class='ocr_line' id='line_1_51' title="bbox 2232 1997 3810 2069; baseline -0.002 -17"><span class='ocrx_word' id='word_1_323' title='bbox 2232 2000 2607 2069; x_wconf 76' lang='grc' dir='ltr'>κρατήσαντες</span> <span class='ocrx_word' id='word_1_324' title='bbox 2647 2001 2866 2063; x_wconf 79' lang='grc' dir='ltr'>παῖδας,</span> <span class='ocrx_word' id='word_1_325' title='bbox 2915 1999 3126 2067; x_wconf 81' lang='grc' dir='ltr'>ἔφασαν</span> <span class='ocrx_word' id='word_1_326' title='bbox 3170 1998 3271 2050; x_wconf 79' lang='grc' dir='ltr'>οὒκ</span> <span class='ocrx_word' id='word_1_327' title='bbox 3306 1999 3399 2050; x_wconf 72' lang='grc' dir='ltr'><strong>ἐπὶ</strong></span> <span class='ocrx_word' id='word_1_328' title='bbox 3447 1997 3670 2067; x_wconf 68' lang='grc' dir='ltr'>δουλεία</span> <span class='ocrx_word' id='word_1_329' title='bbox 3716 2016 3810 2051; x_wconf 87' lang='grc' dir='ltr'>κε-</span> 
     </span>
    </p>
   </div>
   <div class='ocr_carea' id='block_1_52' title="bbox 2232 2089 3810 2162">
    <p class='ocr_par' dir='ltr' id='par_1_52' title="bbox 2232 2089 3810 2162">
     <span class='ocr_line' id='line_1_52' title="bbox 2232 2089 3810 2162; baseline -0.001 -17"><span class='ocrx_word' id='word_1_330' title='bbox 2232 2093 2593 2162; x_wconf 83' lang='grc' dir='ltr'>κρατηκέναι,</span> <span class='ocrx_word' id='word_1_331' title='bbox 2626 2091 2742 2143; x_wconf 86' lang='grc' dir='ltr'>ἀλλ’</span> <span class='ocrx_word' id='word_1_332' title='bbox 2774 2090 2917 2143; x_wconf 81' lang='grc' dir='ltr'>ὥστε</span> <span class='ocrx_word' id='word_1_333' title='bbox 2942 2091 3188 2160; x_wconf 80' lang='grc' dir='ltr'><strong>ὁμήρους</strong></span> <span class='ocrx_word' id='word_1_334' title='bbox 3218 2089 3362 2158; x_wconf 81' lang='grc' dir='ltr'>ἔχειν</span> <span class='ocrx_word' id='word_1_335' title='bbox 3393 2089 3618 2158; x_wconf 68' lang='grc' dir='ltr'>βεϐαίας</span> <span class='ocrx_word' id='word_1_336' title='bbox 3645 2090 3810 2144; x_wconf 82' lang='grc' dir='ltr'>’ἑνεκα</span> 
     </span>
    </p>
   </div>
   <div class='ocr_carea' id='block_1_53' title="bbox 2228 2183 3813 2256">
    <p class='ocr_par' dir='ltr' id='par_1_53' title="bbox 2228 2183 3813 2256">
     <span class='ocr_line' id='line_1_53' title="bbox 2228 2183 3813 2256; baseline -0.002 -18"><span class='ocrx_word' id='word_1_337' title='bbox 2228 2187 2470 2255; x_wconf 77' lang='grc' dir='ltr'><strong>εἰρήνης.</strong></span> <span class='ocrx_word' id='word_1_338' title='bbox 2503 2187 2789 2256; x_wconf 81' lang='grc' dir='ltr'>Σαρχᾶνης</span> <span class='ocrx_word' id='word_1_339' title='bbox 2820 2184 2874 2237; x_wconf 80' lang='grc' dir='ltr'>δὲ</span> <span class='ocrx_word' id='word_1_340' title='bbox 2906 2183 2983 2254; x_wconf 81' lang='grc' dir='ltr'>μὴ</span> <span class='ocrx_word' id='word_1_341' title='bbox 3013 2183 3154 2252; x_wconf 84' lang='grc' dir='ltr'>ἔχων</span> <span class='ocrx_word' id='word_1_342' title='bbox 3179 2184 3207 2236; x_wconf 76' lang='grc' dir='ltr'><strong>ὅ</strong></span> <span class='ocrx_word' id='word_1_343' title='bbox 3231 2201 3281 2236; x_wconf 87' lang='grc' dir='ltr'><strong>τι</strong></span> <span class='ocrx_word' id='word_1_344' title='bbox 3325 2183 3482 2254; x_wconf 84' lang='grc' dir='ltr'>δρᾷν,</span> <span class='ocrx_word' id='word_1_345' title='bbox 3523 2184 3813 2252; x_wconf 75' lang='grc' dir='ltr'>ἠσπάζετο</span> 
     </span>
    </p>
   </div>
   <div class='ocr_carea' id='block_1_54' title="bbox 2228 2275 3806 2347">
    <p class='ocr_par' dir='ltr' id='par_1_54' title="bbox 2228 2275 3806 2347">
     <span class='ocr_line' id='line_1_54' title="bbox 2228 2275 3806 2347; baseline -0.003 -17"><span class='ocrx_word' id='word_1_346' title='bbox 2228 2278 2324 2330; x_wconf 72' lang='grc' dir='ltr'>καὶ</span> <span class='ocrx_word' id='word_1_347' title='bbox 2355 2279 2508 2332; x_wconf 81' lang='grc' dir='ltr'>ἄκων</span> <span class='ocrx_word' id='word_1_348' title='bbox 2528 2275 2628 2344; x_wconf 84' lang='grc' dir='ltr'>τὴν</span> <span class='ocrx_word' id='word_1_349' title='bbox 2659 2279 2884 2346; x_wconf 80' lang='grc' dir='ltr'>εἰρήνην</span> <span class='ocrx_word' id='word_1_350' title='bbox 2910 2275 3000 2328; x_wconf 79' lang='grc' dir='ltr'><strong>διὰ</strong></span> <span class='ocrx_word' id='word_1_351' title='bbox 3031 2275 3090 2327; x_wconf 83' lang='grc' dir='ltr'><strong>τὸ</strong></span> <span class='ocrx_word' id='word_1_352' title='bbox 3123 2275 3261 2347; x_wconf 64' lang='grc' dir='ltr'>πρὸς</span> <span class='ocrx_word' id='word_1_353' title='bbox 3293 2276 3423 2336; x_wconf 77' lang='grc' dir='ltr'>τοὺς</span> <span class='ocrx_word' id='word_1_354' title='bbox 3443 2276 3644 2337; x_wconf 84' lang='grc' dir='ltr'>παῖδας</span> <span class='ocrx_word' id='word_1_355' title='bbox 3677 2275 3806 2342; x_wconf 65' lang='grc' dir='ltr'>φίλι</span> 
     </span>
    </p>
   </div>
   <div class='ocr_carea' id='block_1_55' title="bbox 2224 2366 3800 2441">
    <p class='ocr_par' dir='ltr' id='par_1_55' title="bbox 2224 2366 3800 2441">
     <span class='ocr_line' id='line_1_55' title="bbox 2224 2366 3800 2441; baseline -0.004 -18"><span class='ocrx_word' id='word_1_356' title='bbox 2224 2385 2368 2441; x_wconf 75' lang='grc' dir='ltr'>τρον.</span> <span class='ocrx_word' id='word_1_357' title='bbox 2403 2369 2538 2421; x_wconf 82' lang='grc' dir='ltr'>Τότε</span> <span class='ocrx_word' id='word_1_358' title='bbox 2559 2369 2615 2420; x_wconf 81' lang='grc' dir='ltr'>δὲ</span> <span class='ocrx_word' id='word_1_359' title='bbox 2648 2367 3118 2436; x_wconf 59' lang='grc' dir='ltr'>ἐπαγγειλαμένου</span> <span class='ocrx_word' id='word_1_360' title='bbox 3155 2366 3418 2436; x_wconf 82' lang='grc' dir='ltr'>βασιλέως</span> <span class='ocrx_word' id='word_1_361' title='bbox 3447 2366 3800 2436; x_wconf 75' lang='grc' dir='ltr'>ἐλευθεροῦν,</span> 
     </span>
    </p>
   </div>
   <div class='ocr_carea' id='block_1_56' title="bbox 2227 2455 3807 2528">
    <p class='ocr_par' dir='ltr' id='par_1_56' title="bbox 2227 2455 3807 2528">
     <span class='ocr_line' id='line_1_56' title="bbox 2227 2455 3807 2528; baseline -0.006 -15"><span class='ocrx_word' id='word_1_362' title='bbox 2227 2461 2292 2514; x_wconf 85' lang='grc' dir='ltr'>ἂν</span> <span class='ocrx_word' id='word_1_363' title='bbox 2326 2458 2772 2528; x_wconf 80' lang='grc' dir='ltr'>συναγωνίσηται</span> <span class='ocrx_word' id='word_1_364' title='bbox 2803 2457 3104 2528; x_wconf 74' lang='grc' dir='ltr'>προθύμως</span> <span class='ocrx_word' id='word_1_365' title='bbox 3135 2457 3272 2526; x_wconf 78' lang='grc' dir='ltr'>πρὸς</span> <span class='ocrx_word' id='word_1_366' title='bbox 3302 2458 3397 2508; x_wconf 71' lang='grc' dir='ltr'>τὸν</span> <span class='ocrx_word' id='word_1_367' title='bbox 3428 2455 3672 2525; x_wconf 80' lang='grc' dir='ltr'>πόλεμον</span> <span class='ocrx_word' id='word_1_368' title='bbox 3710 2457 3807 2509; x_wconf 69' lang='grc' dir='ltr'>τὸν</span> 
     </span>
    </p>
   </div>
   <div class='ocr_carea' id='block_1_57' title="bbox 2224 2546 3796 2619">
    <p class='ocr_par' dir='ltr' id='par_1_57' title="bbox 2224 2546 3796 2619">
     <span class='ocr_line' id='line_1_57' title="bbox 2224 2546 3796 2619; baseline -0.004 -13"><span class='ocrx_word' id='word_1_369' title='bbox 2224 2553 2364 2606; x_wconf 75' lang='grc' dir='ltr'>κατὰ</span> <span class='ocrx_word' id='word_1_370' title='bbox 2385 2553 2492 2604; x_wconf 81' lang='grc' dir='ltr'><strong>τῶν</strong></span> <span class='ocrx_word' id='word_1_371' title='bbox 2514 2549 2782 2616; x_wconf 82' lang='grc' dir='ltr'>Λατίνων,</span> <span class='ocrx_word' id='word_1_372' title='bbox 2807 2548 2981 2602; x_wconf 83' lang='grc' dir='ltr'>ἐλπίδι</span> <span class='ocrx_word' id='word_1_373' title='bbox 2998 2549 3098 2619; x_wconf 82' lang='grc' dir='ltr'>τῆς</span> <span class='ocrx_word' id='word_1_374' title='bbox 3119 2549 3226 2600; x_wconf 84' lang='grc' dir='ltr'><strong>τῶν</strong></span> <span class='ocrx_word' id='word_1_375' title='bbox 3247 2548 3456 2602; x_wconf 85' lang='grc' dir='ltr'>παίδων</span> <span class='ocrx_word' id='word_1_376' title='bbox 3477 2546 3796 2618; x_wconf 75' lang='grc' dir='ltr'>ἐλευθερίας</span> 
     </span>
    </p>
   </div>
   <div class='ocr_carea' id='block_1_58' title="bbox 2227 2639 3804 2713">
    <p class='ocr_par' dir='ltr' id='par_1_58' title="bbox 2227 2639 3804 2713">
     <span class='ocr_line' id='line_1_58' title="bbox 2227 2639 3804 2713; baseline -0.002 -18"><span class='ocrx_word' id='word_1_377' title='bbox 2227 2645 2501 2713; x_wconf 74' lang='grc' dir='ltr'>συνήρατο</span> <span class='ocrx_word' id='word_1_378' title='bbox 2565 2642 2724 2710; x_wconf 82' lang='grc' dir='ltr'>πρὸς.</span> <span class='ocrx_word' id='word_1_379' title='bbox 2755 2641 2846 2693; x_wconf 79' lang='grc' dir='ltr'>τὸν</span> <span class='ocrx_word' id='word_1_380' title='bbox 2895 2640 3134 2706; x_wconf 82' lang='grc' dir='ltr'>πόλεμον</span> <span class='ocrx_word' id='word_1_381' title='bbox 3172 2639 3250 2709; x_wconf 79' lang='grc' dir='ltr'><strong>τῷ</strong></span> <span class='ocrx_word' id='word_1_382' title='bbox 3300 2640 3533 2709; x_wconf 85' lang='grc' dir='ltr'>βασιλεῖ,</span> <span class='ocrx_word' id='word_1_383' title='bbox 3579 2641 3674 2692; x_wconf 71' lang='grc' dir='ltr'>καὶ</span> <span class='ocrx_word' id='word_1_384' title='bbox 3723 2643 3804 2704; x_wconf 86' lang='grc' dir='ltr'><strong>εἰς</strong></span> 
     </span>
    </p>
   </div>
   <div class='ocr_carea' id='block_1_59' title="bbox 2220 2729 3795 2802">
    <p class='ocr_par' dir='ltr' id='par_1_59' title="bbox 2220 2729 3795 2802">
     <span class='ocr_line' id='line_1_59' title="bbox 2220 2729 3795 2802; baseline -0.001 -16"><span class='ocrx_word' id='word_1_385' title='bbox 2220 2734 2479 2787; x_wconf 81' lang='grc' dir='ltr'>Φώκαιαν</span> <span class='ocrx_word' id='word_1_386' title='bbox 2514 2733 2610 2786; x_wconf 74' lang='grc' dir='ltr'>καὶ</span> <span class='ocrx_word' id='word_1_387' title='bbox 2633 2730 2798 2795; x_wconf 68' lang='grc' dir='ltr'>αὐτὸς</span> <span class='ocrx_word' id='word_1_388' title='bbox 2821 2729 2994 2783; x_wconf 78' lang='grc' dir='ltr'>ἐλθὼν</span> <span class='ocrx_word' id='word_1_389' title='bbox 3027 2733 3146 2800; x_wconf 78' lang='grc' dir='ltr'>ἅμα</span> <span class='ocrx_word' id='word_1_390' title='bbox 3182 2732 3414 2802; x_wconf 78' lang='grc' dir='ltr'>στρατιᾷ</span> <span class='ocrx_word' id='word_1_391' title='bbox 3457 2731 3596 2800; x_wconf 80' lang='grc' dir='ltr'>πεζῇ</span> <span class='ocrx_word' id='word_1_392' title='bbox 3618 2748 3678 2783; x_wconf 88' lang='grc' dir='ltr'><strong>τε</strong></span> <span class='ocrx_word' id='word_1_393' title='bbox 3697 2734 3795 2784; x_wconf 82' lang='grc' dir='ltr'>καὶ</span> 
     </span>
    </p>
   </div>
   <div class='ocr_carea' id='block_1_60' title="bbox 2223 2822 3793 2896">
    <p class='ocr_par' dir='ltr' id='par_1_60' title="bbox 2223 2822 3793 2896">
     <span class='ocr_line' id='line_1_60' title="bbox 2223 2822 3793 2896; baseline -0.004 -18"><span class='ocrx_word' id='word_1_394' title='bbox 2223 2827 2452 2894; x_wconf 79' lang='grc' dir='ltr'>ἱππικῇ,</span> <span class='ocrx_word' id='word_1_395' title='bbox 2484 2822 2865 2896; x_wconf 85' lang='grc' dir='ltr'>προσεκύνησέ</span> <span class='ocrx_word' id='word_1_396' title='bbox 2887 2840 2945 2876; x_wconf 87' lang='grc' dir='ltr'><strong>τε</strong></span> <span class='ocrx_word' id='word_1_397' title='bbox 2982 2823 3076 2877; x_wconf 76' lang='grc' dir='ltr'>καὶ</span> <span class='ocrx_word' id='word_1_398' title='bbox 3101 2824 3390 2892; x_wconf 66' lang='grc' dir='ltr'>ἠσπάσατο</span> <span class='ocrx_word' id='word_1_399' title='bbox 3418 2822 3669 2890; x_wconf 79' lang='grc' dir='ltr'>βασιλέα,</span> <span class='ocrx_word' id='word_1_400' title='bbox 3697 2823 3793 2874; x_wconf 76' lang='grc' dir='ltr'>καὶ</span> 
     </span>
    </p>
   </div>
   <div class='ocr_carea' id='block_1_61' title="bbox 2219 2913 3801 2987">
    <p class='ocr_par' dir='ltr' id='par_1_61' title="bbox 2219 2913 3801 2987">
     <span class='ocr_line' id='line_1_61' title="bbox 2219 2913 3801 2987; baseline -0.003 -17"><span class='ocrx_word' id='word_1_401' title='bbox 2219 2917 2500 2987; x_wconf 80' lang='grc' dir='ltr'>συνδιῆγεν</span> <span class='ocrx_word' id='word_1_402' title='bbox 2526 2917 2678 2986; x_wconf 81' lang='grc' dir='ltr'><strong>αὺτῷ</strong></span> <span class='ocrx_word' id='word_1_403' title='bbox 2718 2915 2972 2970; x_wconf 79' lang='grc' dir='ltr'>Φώκαιαν</span> <span class='ocrx_word' id='word_1_404' title='bbox 2997 2915 3326 2985; x_wconf 79' lang='grc' dir='ltr'>πολιορκῶν,</span> <span class='ocrx_word' id='word_1_405' title='bbox 3370 2913 3600 2983; x_wconf 77' lang='grc' dir='ltr'>παρεῖχέ</span> <span class='ocrx_word' id='word_1_406' title='bbox 3642 2929 3700 2965; x_wconf 81' lang='grc' dir='ltr'><strong>τε</strong></span> <span class='ocrx_word' id='word_1_407' title='bbox 3734 2914 3801 2966; x_wconf 67' lang='lat' dir='ltr'><strong>d-</strong></span> 
     </span>
    </p>
   </div>
   <div class='ocr_carea' id='block_1_62' title="bbox 2219 3005 3794 3080">
    <p class='ocr_par' dir='ltr' id='par_1_62' title="bbox 2219 3005 3794 3080">
     <span class='ocr_line' id='line_1_62' title="bbox 2219 3005 3794 3080; baseline -0.005 -18"><span class='ocrx_word' id='word_1_408' title='bbox 2219 3010 2416 3076; x_wconf 78' lang='grc' dir='ltr'>φθονον</span> <span class='ocrx_word' id='word_1_409' title='bbox 2436 3009 2642 3080; x_wconf 77' lang='grc' dir='ltr'>ἀγορὰν</span> <span class='ocrx_word' id='word_1_410' title='bbox 2660 3012 2728 3080; x_wconf 73' lang='grc' dir='ltr'><strong>τῇ</strong></span> <span class='ocrx_word' id='word_1_411' title='bbox 2745 3007 3007 3079; x_wconf 82' lang='grc' dir='ltr'>βασιλέως</span> <span class='ocrx_word' id='word_1_412' title='bbox 3023 3008 3254 3076; x_wconf 79' lang='grc' dir='ltr'>στρατιᾷ</span> <span class='ocrx_word' id='word_1_413' title='bbox 3272 3007 3387 3068; x_wconf 74' lang='grc' dir='ltr'>ταῖς</span> <span class='ocrx_word' id='word_1_414' title='bbox 3411 3005 3502 3059; x_wconf 78' lang='grc' dir='ltr'>ὑπ’</span> <span class='ocrx_word' id='word_1_415' title='bbox 3521 3005 3685 3057; x_wconf 76' lang='grc' dir='ltr'>αὑτὸν</span> <span class='ocrx_word' id='word_1_416' title='bbox 3702 3021 3794 3056; x_wconf 87' lang='grc' dir='ltr'>κε-</span> 
     </span>
    </p>
   </div>
   <div class='ocr_carea' id='block_1_63' title="bbox 549 3065 2121 3173">
    <p class='ocr_par' dir='ltr' id='par_1_63' title="bbox 549 3065 2114 3142">
     <span class='ocr_line' id='line_1_63' title="bbox 549 3065 2114 3142; baseline 0.005 -25"><span class='ocrx_word' id='word_1_417' title='bbox 549 3078 648 3117; x_wconf 81' lang='lat' dir='ltr'><strong>eos</strong></span> <span class='ocrx_word' id='word_1_418' title='bbox 683 3073 1022 3119; x_wconf 91' lang='lat' dir='ltr'><strong>commeatus</strong></span> <span class='ocrx_word' id='word_1_419' title='bbox 1058 3065 1171 3134; x_wconf 88' lang='lat' dir='ltr'><strong>jam</strong></span> <span class='ocrx_word' id='word_1_420' title='bbox 1215 3065 1570 3132; x_wconf 84' lang='lat' dir='ltr'><strong>destituebat,</strong></span> <span class='ocrx_word' id='word_1_421' title='bbox 1602 3078 1655 3123; x_wconf 91' lang='lat' dir='ltr'><strong>et</strong></span> <span class='ocrx_word' id='word_1_422' title='bbox 1693 3069 1877 3124; x_wconf 85' lang='lat' dir='ltr'><strong>hostes</strong></span> <span class='ocrx_word' id='word_1_423' title='bbox 1907 3071 1976 3124; x_wconf 85' lang='lat' dir='ltr'><strong>ab</strong></span> <span class='ocrx_word' id='word_1_424' title='bbox 2017 3086 2114 3142; x_wconf 85' lang='lat' dir='ltr'><strong>0p-</strong></span> 
     </span>
    </p>
   </div>
   <div class='ocr_carea' id='block_1_64' title="bbox 2226 3065 3796 3173">
    <p class='ocr_par' dir='ltr' id='par_1_64' title="bbox 2226 3065 3796 3170">
     <span class='ocr_line' id='line_1_64' title="bbox 2226 3065 3796 3170; baseline -0.006 -16"><span class='ocrx_word' id='word_1_425' title='bbox 2226 3065 2418 3165; x_wconf 67' lang='grc' dir='ltr'>λεύσας</span> <span class='ocrx_word' id='word_1_426' title='bbox 2438 3065 2623 3153; x_wconf 53' lang='grc' dir='ltr'>πολέσι</span> <span class='ocrx_word' id='word_1_427' title='bbox 2664 3065 2758 3153; x_wconf 67' lang='grc' dir='ltr'><strong>κᾶἑ</strong></span> <span class='ocrx_word' id='word_1_428' title='bbox 2792 3098 3002 3170; x_wconf 82' lang='grc' dir='ltr'>χώραις</span> <span class='ocrx_word' id='word_1_429' title='bbox 3039 3098 3108 3151; x_wconf 72' lang='grc' dir='ltr'><strong>τὰ</strong></span> <span class='ocrx_word' id='word_1_430' title='bbox 3130 3096 3408 3166; x_wconf 73' lang='grc' dir='ltr'>ἐπιτήδεια</span> <span class='ocrx_word' id='word_1_431' title='bbox 3433 3098 3512 3159; x_wconf 82' lang='grc' dir='ltr'><strong>εἰς</strong></span> <span class='ocrx_word' id='word_1_432' title='bbox 3536 3097 3796 3148; x_wconf 69' lang='grc' dir='ltr'>Φώκαιαν</span> 
     </span>
    </p>
   </div>
   <div class='ocr_carea' id='block_1_65' title="bbox 550 3154 2114 3230">
    <p class='ocr_par' dir='ltr' id='par_1_65' title="bbox 550 3154 2114 3230">
     <span class='ocr_line' id='line_1_65' title="bbox 550 3154 2114 3230; baseline 0.007 -24"><span class='ocrx_word' id='word_1_433' title='bbox 550 3154 887 3226; x_wconf 80' lang='lat' dir='ltr'><strong>pugnatione</strong></span> <span class='ocrx_word' id='word_1_434' title='bbox 955 3170 1064 3210; x_wconf 90' lang='lat' dir='ltr'><strong>non</strong></span> <span class='ocrx_word' id='word_1_435' title='bbox 1135 3165 1264 3211; x_wconf 86' lang='lat' dir='ltr'><strong>ante</strong></span> <span class='ocrx_word' id='word_1_436' title='bbox 1323 3157 1601 3212; x_wconf 89' lang='lat' dir='ltr'><strong>desituros</strong></span> <span class='ocrx_word' id='word_1_437' title='bbox 1671 3161 2114 3230; x_wconf 84' lang='lat' dir='ltr'><strong>suspicabantur,</strong></span> 
     </span>
    </p>
   </div>
   <div class='ocr_carea' id='block_1_66' title="bbox 549 3247 2113 3325">
    <p class='ocr_par' dir='ltr' id='par_1_66' title="bbox 549 3247 2113 3325">
     <span class='ocr_line' id='line_1_66' title="bbox 549 3247 2113 3325; baseline 0.006 -25"><span class='ocrx_word' id='word_1_438' title='bbox 549 3264 717 3317; x_wconf 78' lang='lat' dir='ltr'><strong>quam</strong></span> <span class='ocrx_word' id='word_1_439' title='bbox 752 3249 856 3319; x_wconf 91' lang='lat' dir='ltr'><strong>ipsi</strong></span> <span class='ocrx_word' id='word_1_440' title='bbox 890 3247 1054 3314; x_wconf 78' lang='lat' dir='ltr'><strong>fame,</strong></span> <span class='ocrx_word' id='word_1_441' title='bbox 1085 3258 1178 3304; x_wconf 90' lang='lat' dir='ltr'><strong>aut</strong></span> <span class='ocrx_word' id='word_1_442' title='bbox 1204 3251 1374 3305; x_wconf 83' lang='lat' dir='ltr'><strong>armis</strong></span> <span class='ocrx_word' id='word_1_443' title='bbox 1411 3251 1820 3323; x_wconf 79' lang='lat' dir='ltr'><strong>subigerentur,</strong></span> <span class='ocrx_word' id='word_1_444' title='bbox 1849 3255 2113 3325; x_wconf 85' lang='lat' dir='ltr'><strong>quiddam</strong></span> 
     </span>
    </p>
   </div>
   <div class='ocr_carea' id='block_1_67' title="bbox 552 3340 2119 3416">
    <p class='ocr_par' dir='ltr' id='par_1_67' title="bbox 552 3340 2119 3416">
     <span class='ocr_line' id='line_1_67' title="bbox 552 3340 2119 3416; baseline 0.006 -21"><span class='ocrx_word' id='word_1_445' title='bbox 552 3340 850 3396; x_wconf 82' lang='lat' dir='ltr'><strong>machinati</strong></span> <span class='ocrx_word' id='word_1_446' title='bbox 881 3350 1034 3406; x_wconf 90' lang='lat' dir='ltr'><strong>sunt,</strong></span> <span class='ocrx_word' id='word_1_447' title='bbox 1058 3345 1184 3412; x_wconf 89' lang='lat' dir='ltr'><strong>|quo</strong></span> <span class='ocrx_word' id='word_1_448' title='bbox 1217 3357 1276 3398; x_wconf 86' lang='lat' dir='ltr'><strong>se</strong></span> <span class='ocrx_word' id='word_1_449' title='bbox 1309 3345 1448 3399; x_wconf 90' lang='lat' dir='ltr'><strong>tueri</strong></span> <span class='ocrx_word' id='word_1_450' title='bbox 1479 3344 1688 3400; x_wconf 88' lang='lat' dir='ltr'><strong>diutius</strong></span> <span class='ocrx_word' id='word_1_451' title='bbox 1719 3355 1963 3416; x_wconf 88' lang='lat' dir='ltr'><strong>possent.</strong></span> <span class='ocrx_word' id='word_1_452' title='bbox 2008 3349 2119 3404; x_wconf 81' lang='lat' dir='ltr'><strong>Ro-</strong></span> 
     </span>
    </p>
   </div>
   <div class='ocr_carea' id='block_1_68' title="bbox 552 3433 2117 3511">
    <p class='ocr_par' dir='ltr' id='par_1_68' title="bbox 552 3433 2117 3511">
     <span class='ocr_line' id='line_1_68' title="bbox 552 3433 2117 3511; baseline 0.008 -27"><span class='ocrx_word' id='word_1_453' title='bbox 552 3447 742 3486; x_wconf 81' lang='lat' dir='ltr'><strong>manos</strong></span> <span class='ocrx_word' id='word_1_454' title='bbox 769 3441 1040 3503; x_wconf 88' lang='lat' dir='ltr'><strong>quotquot</strong></span> <span class='ocrx_word' id='word_1_455' title='bbox 1059 3433 1343 3489; x_wconf 62' lang='lat' dir='ltr'><strong>Phocaeam</strong></span> <span class='ocrx_word' id='word_1_456' title='bbox 1383 3435 1718 3503; x_wconf 87' lang='lat' dir='ltr'><strong>incolebant,</strong></span> <span class='ocrx_word' id='word_1_457' title='bbox 1753 3456 2117 3511; x_wconf 87' lang='lat' dir='ltr'><strong>unumquem-</strong></span> 
     </span>
    </p>
   </div>
   <div class='ocr_carea' id='block_1_69' title="bbox 545 3523 2117 3602">
    <p class='ocr_par' dir='ltr' id='par_1_69' title="bbox 545 3523 2117 3602">
     <span class='ocr_line' id='line_1_69' title="bbox 545 3523 2117 3602; baseline 0.006 -25"><span class='ocrx_word' id='word_1_458' title='bbox 545 3538 656 3592; x_wconf 79' lang='lat' dir='ltr'><strong>que</strong></span> <span class='ocrx_word' id='word_1_459' title='bbox 689 3532 801 3577; x_wconf 89' lang='lat' dir='ltr'><strong>tota</strong></span> <span class='ocrx_word' id='word_1_460' title='bbox 833 3539 958 3578; x_wconf 90' lang='lat' dir='ltr'><strong>cum</strong></span> <span class='ocrx_word' id='word_1_461' title='bbox 999 3523 1163 3580; x_wconf 86' lang='lat' dir='ltr'><strong>domo</strong></span> <span class='ocrx_word' id='word_1_462' title='bbox 1193 3536 1494 3596; x_wconf 81' lang='lat' dir='ltr'><strong>exegerunt</strong></span> <span class='ocrx_word' id='word_1_463' title='bbox 1525 3545 1542 3582; x_wconf 87' lang='lat'><strong>:</strong></span> <span class='ocrx_word' id='word_1_464' title='bbox 1596 3543 1869 3585; x_wconf 89' lang='lat' dir='ltr'><strong>annonam</strong></span> <span class='ocrx_word' id='word_1_465' title='bbox 1919 3548 2117 3602; x_wconf 87' lang='lat' dir='ltr'><strong>corpo-</strong></span> 
     </span>
    </p>
   </div>
   <div class='ocr_carea' id='block_1_70' title="bbox 552 3616 2115 3691">
    <p class='ocr_par' dir='ltr' id='par_1_70' title="bbox 552 3616 2115 3691">
     <span class='ocr_line' id='line_1_70' title="bbox 552 3616 2115 3691; baseline 0.008 -23"><span class='ocrx_word' id='word_1_466' title='bbox 552 3617 711 3684; x_wconf 84' lang='lat' dir='ltr'><strong>rique</strong></span> <span class='ocrx_word' id='word_1_467' title='bbox 734 3616 1094 3670; x_wconf 86' lang='lat' dir='ltr'><strong>sustentando</strong></span> <span class='ocrx_word' id='word_1_468' title='bbox 1112 3618 1393 3686; x_wconf 85' lang='lat' dir='ltr'><strong>requisita,</strong></span> <span class='ocrx_word' id='word_1_469' title='bbox 1419 3619 1472 3672; x_wconf 87' lang='lat' dir='ltr'><strong>in</strong></span> <span class='ocrx_word' id='word_1_470' title='bbox 1492 3635 1698 3684; x_wconf 89' lang='lat' dir='ltr'><strong>arcem,</strong></span> <span class='ocrx_word' id='word_1_471' title='bbox 1724 3624 1979 3691; x_wconf 73' lang='lat' dir='ltr'><strong>praesidio</strong></span> <span class='ocrx_word' id='word_1_472' title='bbox 2003 3640 2032 3676; x_wconf 90' lang='lat' dir='ltr'><strong>a</strong></span> <span class='ocrx_word' id='word_1_473' title='bbox 2056 3641 2115 3680; x_wconf 83' lang='lat' dir='ltr'><strong>se</strong></span> 
     </span>
    </p>
   </div>
   <div class='ocr_carea' id='block_1_71' title="bbox 550 3708 2116 3784">
    <p class='ocr_par' dir='ltr' id='par_1_71' title="bbox 550 3708 2116 3784">
     <span class='ocr_line' id='line_1_71' title="bbox 550 3708 2116 3784; baseline 0.006 -22"><span class='ocrx_word' id='word_1_474' title='bbox 550 3709 814 3762; x_wconf 76' lang='lat' dir='ltr'><strong>mmmam</strong></span> <span class='ocrx_word' id='word_1_475' title='bbox 867 3708 1208 3778; x_wconf 88' lang='lat' dir='ltr'><strong>collegerunt</strong></span> <span class='ocrx_word' id='word_1_476' title='bbox 1261 3719 1317 3764; x_wconf 89' lang='lat' dir='ltr'><strong>et</strong></span> <span class='ocrx_word' id='word_1_477' title='bbox 1384 3720 1800 3780; x_wconf 77' lang='lat' dir='ltr'><strong>comportarunt</strong></span> <span class='ocrx_word' id='word_1_478' title='bbox 1851 3729 1868 3767; x_wconf 90' lang='lat'><strong>:</strong></span> <span class='ocrx_word' id='word_1_479' title='bbox 1915 3715 2116 3784; x_wconf 89' lang='lat' dir='ltr'><strong>quibus</strong></span> 
     </span>
    </p>
   </div>
   <div class='ocr_carea' id='block_1_72' title="bbox 551 3795 2116 3874">
    <p class='ocr_par' dir='ltr' id='par_1_72' title="bbox 551 3795 2116 3874">
     <span class='ocr_line' id='line_1_72' title="bbox 551 3795 2116 3874; baseline 0.01 -28"><span class='ocrx_word' id='word_1_480' title='bbox 551 3795 890 3862; x_wconf 74' lang='lat' dir='ltr'><strong>victitantes,</strong></span> <span class='ocrx_word' id='word_1_481' title='bbox 943 3797 1285 3852; x_wconf 88' lang='lat' dir='ltr'><strong>obsidionem</strong></span> <span class='ocrx_word' id='word_1_482' title='bbox 1333 3796 1648 3857; x_wconf 83' lang='lat' dir='ltr'><strong>tolerarent.</strong></span> <span class='ocrx_word' id='word_1_483' title='bbox 1683 3804 1763 3858; x_wconf 84' lang='lat' dir='ltr'><strong>Ad</strong></span> <span class='ocrx_word' id='word_1_484' title='bbox 1820 3805 2116 3874; x_wconf 83' lang='lat' dir='ltr'><strong>imperato-</strong></span> 
     </span>
    </p>
   </div>
   <div class='ocr_carea' id='block_1_73' title="bbox 549 3888 2114 3966">
    <p class='ocr_par' dir='ltr' id='par_1_73' title="bbox 549 3888 2114 3966">
     <span class='ocr_line' id='line_1_73' title="bbox 549 3888 2114 3966; baseline 0.008 -26"><span class='ocrx_word' id='word_1_485' title='bbox 549 3903 664 3941; x_wconf 89' lang='lat' dir='ltr'><strong>r-m</strong></span> <span class='ocrx_word' id='word_1_486' title='bbox 712 3889 857 3956; x_wconf 89' lang='lat' dir='ltr'><strong>apud</strong></span> <span class='ocrx_word' id='word_1_487' title='bbox 906 3888 1188 3944; x_wconf 86' lang='lat' dir='ltr'><strong>Phocaeam</strong></span> <span class='ocrx_word' id='word_1_488' title='bbox 1237 3889 1332 3946; x_wconf 77' lang='lat' dir='ltr'><strong>ﬁlii</strong></span> <span class='ocrx_word' id='word_1_489' title='bbox 1385 3891 1588 3948; x_wconf 85' lang='lat' dir='ltr'><strong>Aitinls</strong></span> <span class='ocrx_word' id='word_1_490' title='bbox 1649 3893 1816 3950; x_wconf 77' lang='lat' dir='ltr'><strong>Ioniae</strong></span> <span class='ocrx_word' id='word_1_491' title='bbox 1856 3896 1969 3966; x_wconf 75' lang='grc'><strong>(47)</strong></span> <span class='ocrx_word' id='word_1_492' title='bbox 2024 3913 2114 3954; x_wconf 90' lang='lat' dir='ltr'><strong>sa-</strong></span> 
     </span>
    </p>
   </div>
   <div class='ocr_carea' id='block_1_74' title="bbox 547 3979 2112 4061">
    <p class='ocr_par' dir='ltr' id='par_1_74' title="bbox 547 3979 2112 4061">
     <span class='ocr_line' id='line_1_74' title="bbox 547 3979 2112 4061; baseline 0.009 -29"><span class='ocrx_word' id='word_1_493' title='bbox 547 3994 754 4048; x_wconf 63' lang='lat' dir='ltr'><strong>trapae,</strong></span> <span class='ocrx_word' id='word_1_494' title='bbox 802 3979 1074 4036; x_wconf 87' lang='lat' dir='ltr'><strong>Cheterus</strong></span> <span class='ocrx_word' id='word_1_495' title='bbox 1120 3989 1175 4037; x_wconf 88' lang='lat' dir='ltr'><strong>et</strong></span> <span class='ocrx_word' id='word_1_496' title='bbox 1236 3981 1523 4040; x_wconf 82' lang='lat' dir='ltr'><strong>Armurius</strong></span> <span class='ocrx_word' id='word_1_497' title='bbox 1579 3986 1599 4056; x_wconf 90' lang='lat'>(</span> <span class='ocrx_word' id='word_1_498' title='bbox 1618 4001 1780 4056; x_wconf 88' lang='lat' dir='ltr'><strong>quem</strong></span> <span class='ocrx_word' id='word_1_499' title='bbox 1835 4003 2001 4061; x_wconf 82' lang='lat' dir='ltr'><strong>supra</strong></span> <span class='ocrx_word' id='word_1_500' title='bbox 2058 3991 2112 4046; x_wconf 94' lang='lat' dir='ltr'><strong>in</strong></span> 
     </span>
    </p>
   </div>
   <div class='ocr_carea' id='block_1_75' title="bbox 547 4071 2113 4149">
    <p class='ocr_par' dir='ltr' id='par_1_75' title="bbox 547 4071 2113 4149">
     <span class='ocr_line' id='line_1_75' title="bbox 547 4071 2113 4149; baseline 0.01 -25"><span class='ocrx_word' id='word_1_501' title='bbox 547 4071 836 4126; x_wconf 80' lang='lat' dir='ltr'><strong>Thraciam</strong></span> <span class='ocrx_word' id='word_1_502' title='bbox 883 4074 1056 4130; x_wconf 90' lang='lat' dir='ltr'><strong>classe</strong></span> <span class='ocrx_word' id='word_1_503' title='bbox 1103 4075 1389 4130; x_wconf 86' lang='lat' dir='ltr'><strong>devectum</strong></span> <span class='ocrx_word' id='word_1_504' title='bbox 1440 4077 1773 4149; x_wconf 89' lang='lat' dir='ltr'><strong>docuimus)</strong></span> <span class='ocrx_word' id='word_1_505' title='bbox 1816 4092 1871 4136; x_wconf 90' lang='lat' dir='ltr'><strong>et</strong></span> <span class='ocrx_word' id='word_1_506' title='bbox 1915 4085 2113 4139; x_wconf 87' lang='lat' dir='ltr'><strong>tertius</strong></span> 
     </span>
    </p>
   </div>
   <div class='ocr_carea' id='block_1_76' title="bbox 548 4161 2108 4239">
    <p class='ocr_par' dir='ltr' id='par_1_76' title="bbox 548 4161 2108 4239">
     <span class='ocr_line' id='line_1_76' title="bbox 548 4161 2108 4239; baseline 0.01 -25"><span class='ocrx_word' id='word_1_507' title='bbox 548 4161 882 4218; x_wconf 79' lang='lat' dir='ltr'><strong>Silaimasas</strong></span> <span class='ocrx_word' id='word_1_508' title='bbox 943 4165 1290 4234; x_wconf 89' lang='lat' dir='ltr'><strong>appellatus,</strong></span> <span class='ocrx_word' id='word_1_509' title='bbox 1347 4168 1607 4223; x_wconf 73' lang='lat' dir='ltr'><strong>amicitiae</strong></span> <span class='ocrx_word' id='word_1_510' title='bbox 1662 4185 1793 4239; x_wconf 76' lang='lat' dir='ltr'><strong>ergo</strong></span> <span class='ocrx_word' id='word_1_511' title='bbox 1860 4174 2108 4237; x_wconf 89' lang='lat' dir='ltr'><strong>veniunt,</strong></span> 
     </span>
    </p>
   </div>
   <div class='ocr_carea' id='block_1_77' title="bbox 543 4255 2114 4333">
    <p class='ocr_par' dir='ltr' id='par_1_77' title="bbox 543 4255 2114 4333">
     <span class='ocr_line' id='line_1_77' title="bbox 543 4255 2114 4333; baseline 0.01 -29"><span class='ocrx_word' id='word_1_512' title='bbox 543 4268 782 4322; x_wconf 83' lang='lat' dir='ltr'><strong>eumque</strong></span> <span class='ocrx_word' id='word_1_513' title='bbox 823 4255 1091 4320; x_wconf 88' lang='lat' dir='ltr'><strong>venerati,</strong></span> <span class='ocrx_word' id='word_1_514' title='bbox 1136 4256 1576 4312; x_wconf 79' lang='lat' dir='ltr'><strong>benevolentiam</strong></span> <span class='ocrx_word' id='word_1_515' title='bbox 1627 4276 1693 4315; x_wconf 83' lang='lat' dir='ltr'><strong>ac</strong></span> <span class='ocrx_word' id='word_1_516' title='bbox 1735 4261 1895 4316; x_wconf 79' lang='lat' dir='ltr'><strong>iidem</strong></span> <span class='ocrx_word' id='word_1_517' title='bbox 1955 4265 2114 4333; x_wconf 92' lang='lat' dir='ltr'><strong>polli-</strong></span> 
     </span>
    </p>
   </div>
   <div class='ocr_carea' id='block_1_78' title="bbox 545 4344 2109 4412">
    <p class='ocr_par' dir='ltr' id='par_1_78' title="bbox 545 4344 2109 4412">
     <span class='ocr_line' id='line_1_78' title="bbox 545 4344 2109 4412; baseline 0.011 -16"><span class='ocrx_word' id='word_1_518' title='bbox 545 4354 761 4400; x_wconf 77' lang='lat' dir='ltr'><strong>centur.</strong></span> <span class='ocrx_word' id='word_1_519' title='bbox 791 4344 938 4410; x_wconf 88' lang='lat' dir='ltr'><strong>Quos</strong></span> <span class='ocrx_word' id='word_1_520' title='bbox 971 4347 1062 4401; x_wconf 90' lang='lat' dir='ltr'><strong>ille</strong></span> <span class='ocrx_word' id='word_1_521' title='bbox 1090 4346 1249 4400; x_wconf 90' lang='lat' dir='ltr'><strong>donis</strong></span> <span class='ocrx_word' id='word_1_522' title='bbox 1291 4362 1356 4404; x_wconf 87' lang='lat' dir='ltr'><strong>ac</strong></span> <span class='ocrx_word' id='word_1_523' title='bbox 1393 4351 1720 4406; x_wconf 88' lang='lat' dir='ltr'><strong>muneribus</strong></span> <span class='ocrx_word' id='word_1_524' title='bbox 1751 4352 1978 4411; x_wconf 76' lang='lat' dir='ltr'><strong>allectos</strong></span> <span class='ocrx_word' id='word_1_525' title='bbox 2009 4359 2109 4412; x_wconf 88' lang='lat' dir='ltr'><strong>do-</strong></span> 
     </span>
    </p>
   </div>
   <div class='ocr_carea' id='block_1_79' title="bbox 2220 3184 3793 3261">
    <p class='ocr_par' dir='ltr' id='par_1_79' title="bbox 2220 3184 3793 3261">
     <span class='ocr_line' id='line_1_79' title="bbox 2220 3184 3793 3261; baseline -0.007 -16"><span class='ocrx_word' id='word_1_526' title='bbox 2220 3189 2490 3261; x_wconf 79' lang='grc' dir='ltr'>κομίζειν.</span> <span class='ocrx_word' id='word_1_527' title='bbox 2527 3189 2788 3260; x_wconf 81' lang='grc' dir='ltr'>Πέμπτος</span> <span class='ocrx_word' id='word_1_528' title='bbox 2815 3189 2914 3260; x_wconf 84' lang='grc' dir='ltr'>μὲν</span> <span class='ocrx_word' id='word_1_529' title='bbox 2937 3187 3028 3240; x_wconf 78' lang='grc' dir='ltr'>οὖν</span> <span class='ocrx_word' id='word_1_530' title='bbox 3055 3187 3250 3258; x_wconf 69' lang='grc' dir='ltr'>ἠνύετο</span> <span class='ocrx_word' id='word_1_531' title='bbox 3277 3186 3383 3256; x_wconf 80' lang='grc' dir='ltr'>μὴν</span> <span class='ocrx_word' id='word_1_532' title='bbox 3401 3184 3674 3238; x_wconf 78' lang='grc' dir='ltr'>Φωκαέων</span> <span class='ocrx_word' id='word_1_533' title='bbox 3697 3185 3793 3235; x_wconf 64' lang='grc' dir='ltr'><strong>καὶ</strong></span> 
     </span>
    </p>
   </div>
   <div class='ocr_carea' id='block_1_80' title="bbox 2217 3276 3794 3354">
    <p class='ocr_par' dir='ltr' id='par_1_80' title="bbox 2217 3276 3794 3354">
     <span class='ocr_line' id='line_1_80' title="bbox 2217 3276 3794 3354; baseline -0.006 -17"><span class='ocrx_word' id='word_1_534' title='bbox 2217 3281 2600 3354; x_wconf 80' lang='grc' dir='ltr'>Μιτυληναίων</span> <span class='ocrx_word' id='word_1_535' title='bbox 2628 3281 3101 3351; x_wconf 78' lang='grc' dir='ltr'>πολιορκουμένων</span> <span class='ocrx_word' id='word_1_536' title='bbox 3124 3295 3138 3309; x_wconf 93' lang='grc'><strong>·</strong></span> <span class='ocrx_word' id='word_1_537' title='bbox 3175 3279 3410 3350; x_wconf 81' lang='grc' dir='ltr'>μάλιστα</span> <span class='ocrx_word' id='word_1_538' title='bbox 3437 3279 3494 3331; x_wconf 83' lang='grc' dir='ltr'>δὲ</span> <span class='ocrx_word' id='word_1_539' title='bbox 3513 3277 3658 3331; x_wconf 69' lang='grc' dir='ltr'>κατὰ</span> <span class='ocrx_word' id='word_1_540' title='bbox 3691 3276 3794 3346; x_wconf 80' lang='grc' dir='ltr'>τὴν</span> 
     </span>
    </p>
   </div>
   <div class='ocr_carea' id='block_1_81' title="bbox 2214 3372 3796 3444">
    <p class='ocr_par' dir='ltr' id='par_1_81' title="bbox 2214 3372 3796 3444">
     <span class='ocr_line' id='line_1_81' title="bbox 2214 3372 3796 3444; baseline -0.004 -17"><span class='ocrx_word' id='word_1_541' title='bbox 2214 3374 2465 3428; x_wconf 75' lang='grc' dir='ltr'>Φώκαιαν</span> <span class='ocrx_word' id='word_1_542' title='bbox 2494 3375 2683 3443; x_wconf 78' lang='grc' dir='ltr'>συχναί</span> <span class='ocrx_word' id='word_1_543' title='bbox 2715 3391 2774 3426; x_wconf 88' lang='grc' dir='ltr'><strong>τε</strong></span> <span class='ocrx_word' id='word_1_544' title='bbox 2811 3375 2905 3427; x_wconf 78' lang='grc' dir='ltr'>καὶ</span> <span class='ocrx_word' id='word_1_545' title='bbox 2942 3374 3212 3444; x_wconf 74' lang='grc' dir='ltr'>καρτεραὶ</span> <span class='ocrx_word' id='word_1_546' title='bbox 3239 3372 3484 3441; x_wconf 66' lang='grc' dir='ltr'>ἐγίνοντο</span> <span class='ocrx_word' id='word_1_547' title='bbox 3536 3387 3796 3440; x_wconf 76' lang='grc' dir='ltr'>τειχομα-</span> 
     </span>
    </p>
   </div>
   <div class='ocr_carea' id='block_1_82' title="bbox 2217 3461 3794 3535">
    <p class='ocr_par' dir='ltr' id='par_1_82' title="bbox 2217 3461 3794 3535">
     <span class='ocr_line' id='line_1_82' title="bbox 2217 3461 3794 3535; baseline -0.004 -16"><span class='ocrx_word' id='word_1_548' title='bbox 2217 3467 2353 3535; x_wconf 80' lang='grc' dir='ltr'>χίαι,</span> <span class='ocrx_word' id='word_1_549' title='bbox 2377 3461 2470 3519; x_wconf 74' lang='grc' dir='ltr'><strong>καὶ</strong></span> <span class='ocrx_word' id='word_1_550' title='bbox 2501 3466 2777 3527; x_wconf 77' lang='grc' dir='ltr'>ἑλεπόλεις</span> <span class='ocrx_word' id='word_1_551' title='bbox 2820 3465 3161 3533; x_wconf 87' lang='grc' dir='ltr'>προσήγοντο</span> <span class='ocrx_word' id='word_1_552' title='bbox 3212 3464 3309 3516; x_wconf 72' lang='grc' dir='ltr'>καὶ</span> <span class='ocrx_word' id='word_1_553' title='bbox 3353 3462 3515 3517; x_wconf 73' lang='grc' dir='ltr'>ἄλλαι</span> <span class='ocrx_word' id='word_1_554' title='bbox 3549 3463 3794 3532; x_wconf 81' lang='grc' dir='ltr'>μηχαναὶ</span> 
     </span>
    </p>
   </div>
   <div class='ocr_carea' id='block_1_83' title="bbox 2218 3550 3791 3623">
    <p class='ocr_par' dir='ltr' id='par_1_83' title="bbox 2218 3550 3791 3623">
     <span class='ocr_line' id='line_1_83' title="bbox 2218 3550 3791 3623; baseline -0.003 -20"><span class='ocrx_word' id='word_1_555' title='bbox 2218 3555 2354 3623; x_wconf 82' lang='grc' dir='ltr'>πρὸς</span> <span class='ocrx_word' id='word_1_556' title='bbox 2387 3553 2589 3606; x_wconf 74' lang='grc' dir='ltr'>ἅλωσιν</span> <span class='ocrx_word' id='word_1_557' title='bbox 2639 3553 2847 3604; x_wconf 83' lang='grc' dir='ltr'>πόλεων</span> <span class='ocrx_word' id='word_1_558' title='bbox 2895 3551 3280 3622; x_wconf 80' lang='grc' dir='ltr'>ἐξευρημέναι.</span> <span class='ocrx_word' id='word_1_559' title='bbox 3329 3550 3791 3620; x_wconf 78' lang='grc' dir='ltr'>Ἐκπολιορκῆσαι</span> 
     </span>
    </p>
   </div>
   <div class='ocr_carea' id='block_1_84' title="bbox 2216 3636 3791 3712">
    <p class='ocr_par' dir='ltr' id='par_1_84' title="bbox 2216 3636 3791 3712">
     <span class='ocr_line' id='line_1_84' title="bbox 2216 3636 3791 3712; baseline -0.005 -18"><span class='ocrx_word' id='word_1_560' title='bbox 2216 3643 2273 3694; x_wconf 77' lang='grc' dir='ltr'>δὲ</span> <span class='ocrx_word' id='word_1_561' title='bbox 2313 3644 2411 3695; x_wconf 68' lang='grc' dir='ltr'>οὐκ</span> <span class='ocrx_word' id='word_1_562' title='bbox 2438 3643 2702 3712; x_wconf 67' lang='grc' dir='ltr'>ἠδύναντο</span> <span class='ocrx_word' id='word_1_563' title='bbox 2733 3641 2934 3701; x_wconf 70' lang='grc' dir='ltr'>αὐτοὺς</span> <span class='ocrx_word' id='word_1_564' title='bbox 2965 3640 3051 3691; x_wconf 82' lang='grc' dir='ltr'>διὰ</span> <span class='ocrx_word' id='word_1_565' title='bbox 3087 3655 3144 3690; x_wconf 89' lang='grc' dir='ltr'><strong>τε</strong></span> <span class='ocrx_word' id='word_1_566' title='bbox 3174 3639 3549 3708; x_wconf 73' lang='grc' dir='ltr'>καρτερὸτητα</span> <span class='ocrx_word' id='word_1_567' title='bbox 3574 3636 3791 3704; x_wconf 75' lang='grc' dir='ltr'>τειχῶν,</span> 
     </span>
    </p>
   </div>
   <div class='ocr_carea' id='block_1_85' title="bbox 2216 3728 3793 3800">
    <p class='ocr_par' dir='ltr' id='par_1_85' title="bbox 2216 3728 3793 3800">
     <span class='ocr_line' id='line_1_85' title="bbox 2216 3728 3793 3800; baseline -0.006 -13"><span class='ocrx_word' id='word_1_568' title='bbox 2216 3737 2312 3787; x_wconf 78' lang='grc' dir='ltr'>καὶ</span> <span class='ocrx_word' id='word_1_569' title='bbox 2347 3735 2408 3786; x_wconf 75' lang='grc' dir='ltr'>τὸ</span> <span class='ocrx_word' id='word_1_570' title='bbox 2447 3733 2738 3800; x_wconf 79' lang='grc' dir='ltr'>εὐρώστως</span> <span class='ocrx_word' id='word_1_571' title='bbox 2761 3730 3070 3800; x_wconf 77' lang='grc' dir='ltr'>ἀμύνεσθαι</span> <span class='ocrx_word' id='word_1_572' title='bbox 3103 3729 3366 3790; x_wconf 77' lang='grc' dir='ltr'>Λατίνους</span> <span class='ocrx_word' id='word_1_573' title='bbox 3407 3730 3504 3780; x_wconf 77' lang='grc' dir='ltr'>καὶ</span> <span class='ocrx_word' id='word_1_574' title='bbox 3544 3728 3621 3797; x_wconf 86' lang='grc' dir='ltr'>μὴ</span> <span class='ocrx_word' id='word_1_575' title='bbox 3655 3728 3793 3780; x_wconf 67' lang='grc' dir='ltr'><strong>ὲνδι⁴</strong></span> 
     </span>
    </p>
   </div>
   <div class='ocr_carea' id='block_1_86' title="bbox 2215 3816 3786 3886">
    <p class='ocr_par' dir='ltr' id='par_1_86' title="bbox 2215 3816 3786 3886">
     <span class='ocr_line' id='line_1_86' title="bbox 2215 3816 3786 3886; baseline -0.004 -14"><span class='ocrx_word' id='word_1_576' title='bbox 2215 3819 2382 3873; x_wconf 84' lang='grc' dir='ltr'>δόναι.</span> <span class='ocrx_word' id='word_1_577' title='bbox 2409 3817 2808 3886; x_wconf 76' lang='grc' dir='ltr'>Μηκυνομὲνης</span> <span class='ocrx_word' id='word_1_578' title='bbox 2845 3817 2900 3868; x_wconf 78' lang='grc' dir='ltr'>δὲ</span> <span class='ocrx_word' id='word_1_579' title='bbox 2961 3818 3060 3885; x_wconf 81' lang='grc' dir='ltr'><strong>τῆς</strong></span> <span class='ocrx_word' id='word_1_580' title='bbox 3093 3816 3408 3886; x_wconf 79' lang='grc' dir='ltr'>πολιορκίας</span> <span class='ocrx_word' id='word_1_581' title='bbox 3462 3818 3556 3869; x_wconf 69' lang='grc' dir='ltr'><strong>ἐπὶ</strong></span> <span class='ocrx_word' id='word_1_582' title='bbox 3600 3816 3786 3879; x_wconf 80' lang='grc' dir='ltr'>πλέον,</span> 
     </span>
    </p>
   </div>
   <div class='ocr_carea' id='block_1_87' title="bbox 2215 3903 3792 3974">
    <p class='ocr_par' dir='ltr' id='par_1_87' title="bbox 2215 3903 3792 3974">
     <span class='ocr_line' id='line_1_87' title="bbox 2215 3903 3792 3974; baseline 0.001 -18"><span class='ocrx_word' id='word_1_583' title='bbox 2215 3905 2337 3958; x_wconf 76' lang='grc' dir='ltr'>ἐπεὶ</span> <span class='ocrx_word' id='word_1_584' title='bbox 2371 3904 2400 3956; x_wconf 85' lang='grc' dir='ltr'><strong>ὃ</strong></span> <span class='ocrx_word' id='word_1_585' title='bbox 2437 3921 2496 3956; x_wconf 86' lang='grc' dir='ltr'><strong>τε</strong></span> <span class='ocrx_word' id='word_1_586' title='bbox 2531 3907 2677 3965; x_wconf 82' lang='grc' dir='ltr'>σῖτος</span> <span class='ocrx_word' id='word_1_587' title='bbox 2726 3905 2910 3966; x_wconf 77' lang='grc' dir='ltr'>αὐτοῖς</span> <span class='ocrx_word' id='word_1_588' title='bbox 2938 3903 3109 3956; x_wconf 75' lang='grc' dir='ltr'>ἐνέδει</span> <span class='ocrx_word' id='word_1_589' title='bbox 3153 3904 3406 3973; x_wconf 73' lang='grc' dir='ltr'>ἤδη,’κα“ι</span> <span class='ocrx_word' id='word_1_590' title='bbox 3439 3905 3540 3974; x_wconf 86' lang='grc' dir='ltr'>τὴν</span> <span class='ocrx_word' id='word_1_591' title='bbox 3576 3905 3792 3973; x_wconf 80' lang='grc' dir='ltr'>πολιορ-</span> 
     </span>
    </p>
   </div>
   <div class='ocr_carea' id='block_1_88' title="bbox 2215 3995 3790 4066">
    <p class='ocr_par' dir='ltr' id='par_1_88' title="bbox 2215 3995 3790 4066">
     <span class='ocr_line' id='line_1_88' title="bbox 2215 3995 3790 4066; baseline -0.001 -16"><span class='ocrx_word' id='word_1_592' title='bbox 2215 3997 2340 4050; x_wconf 86' lang='grc' dir='ltr'>κίαν</span> <span class='ocrx_word' id='word_1_593' title='bbox 2395 3995 2714 4048; x_wconf 84' lang='grc' dir='ltr'>ὑπώπτευον</span> <span class='ocrx_word' id='word_1_594' title='bbox 2765 3995 2827 4046; x_wconf 85' lang='grc' dir='ltr'><strong>ού</strong></span> <span class='ocrx_word' id='word_1_595' title='bbox 2888 3995 3100 4064; x_wconf 85' lang='grc' dir='ltr'>ταχέως</span> <span class='ocrx_word' id='word_1_596' title='bbox 3147 3995 3332 4047; x_wconf 79' lang='grc' dir='ltr'>λύσειν</span> <span class='ocrx_word' id='word_1_597' title='bbox 3383 3995 3606 4066; x_wconf 77' lang='grc' dir='ltr'>βασιλέα</span> <span class='ocrx_word' id='word_1_598' title='bbox 3659 3997 3790 4066; x_wconf 75' lang='grc' dir='ltr'>πρὶν</span> 
     </span>
    </p>
   </div>
   <div class='ocr_carea' id='block_1_89' title="bbox 2215 4087 3785 4158">
    <p class='ocr_par' dir='ltr' id='par_1_89' title="bbox 2215 4087 3785 4158">
     <span class='ocr_line' id='line_1_89' title="bbox 2215 4087 3785 4158; baseline -0.001 -18"><span class='ocrx_word' id='word_1_599' title='bbox 2215 4089 2248 4158; x_wconf 77' lang='grc' dir='ltr'>ἢ</span> <span class='ocrx_word' id='word_1_600' title='bbox 2279 4087 2423 4157; x_wconf 84' lang='grc' dir='ltr'>λιμῷ</span> <span class='ocrx_word' id='word_1_601' title='bbox 2447 4088 2480 4156; x_wconf 80' lang='grc' dir='ltr'>ἦ</span> <span class='ocrx_word' id='word_1_602' title='bbox 2517 4087 2849 4156; x_wconf 77' lang='grc' dir='ltr'>τειχομαχίᾳ</span> <span class='ocrx_word' id='word_1_603' title='bbox 2883 4090 3300 4156; x_wconf 78' lang='grc' dir='ltr'>παραστήσεται</span> <span class='ocrx_word' id='word_1_604' title='bbox 3342 4089 3561 4153; x_wconf 76' lang='grc' dir='ltr'>αὐτοὺς,</span> <span class='ocrx_word' id='word_1_605' title='bbox 3601 4105 3785 4158; x_wconf 76' lang='grc' dir='ltr'>μηχα-</span> 
     </span>
    </p>
   </div>
   <div class='ocr_carea' id='block_1_90' title="bbox 2214 4180 3789 4251">
    <p class='ocr_par' dir='ltr' id='par_1_90' title="bbox 2214 4180 3789 4251">
     <span class='ocr_line' id='line_1_90' title="bbox 2214 4180 3789 4251; baseline -0.002 -17"><span class='ocrx_word' id='word_1_606' title='bbox 2214 4181 2445 4250; x_wconf 85' lang='grc' dir='ltr'>νώμενοι</span> <span class='ocrx_word' id='word_1_607' title='bbox 2477 4181 2536 4232; x_wconf 84' lang='grc' dir='ltr'>τὸ</span> <span class='ocrx_word' id='word_1_608' title='bbox 2589 4181 2684 4231; x_wconf 74' lang='grc' dir='ltr'><strong>ἐπὶ</strong></span> <span class='ocrx_word' id='word_1_609' title='bbox 2737 4180 2958 4232; x_wconf 84' lang='grc' dir='ltr'>πλείονα</span> <span class='ocrx_word' id='word_1_610' title='bbox 3008 4181 3201 4249; x_wconf 80' lang='grc' dir='ltr'>χρόνον</span> <span class='ocrx_word' id='word_1_611' title='bbox 3235 4181 3607 4251; x_wconf 79' lang='grc' dir='ltr'>ἀντισχήσειν,</span> <span class='ocrx_word' id='word_1_612' title='bbox 3662 4180 3789 4239; x_wconf 76' lang='grc' dir='ltr'>τοὺς</span> 
     </span>
    </p>
   </div>
   <div class='ocr_carea' id='block_1_91' title="bbox 2217 4270 3786 4342">
    <p class='ocr_par' dir='ltr' id='par_1_91' title="bbox 2217 4270 3786 4342">
     <span class='ocr_line' id='line_1_91' title="bbox 2217 4270 3786 4342; baseline -0.001 -18"><span class='ocrx_word' id='word_1_613' title='bbox 2217 4271 2317 4341; x_wconf 72' lang='grc' dir='ltr'>μὲν</span> <span class='ocrx_word' id='word_1_614' title='bbox 2357 4270 2661 4340; x_wconf 83' lang='grc' dir='ltr'>Ῥωμαίους</span> <span class='ocrx_word' id='word_1_615' title='bbox 2716 4270 2830 4322; x_wconf 82' lang='grc' dir='ltr'>ὅσοι</span> <span class='ocrx_word' id='word_1_616' title='bbox 2881 4270 3134 4322; x_wconf 79' lang='grc' dir='ltr'>Φώκαιαν</span> <span class='ocrx_word' id='word_1_617' title='bbox 3188 4271 3469 4341; x_wconf 78' lang='grc' dir='ltr'>κατῴκουν</span> <span class='ocrx_word' id='word_1_618' title='bbox 3519 4271 3786 4342; x_wconf 76' lang='grc' dir='ltr'>ἐξήλασαν</span> 
     </span>
    </p>
   </div>
   <div class='ocr_carea' id='block_1_92' title="bbox 2217 4357 3783 4434">
    <p class='ocr_par' dir='ltr' id='par_1_92' title="bbox 2217 4357 3783 4434">
     <span class='ocr_line' id='line_1_92' title="bbox 2217 4357 3783 4434; baseline -0.001 -20"><span class='ocrx_word' id='word_1_619' title='bbox 2217 4362 2559 4431; x_wconf 68' lang='grc' dir='ltr'>πανοικεσίᾳ,</span> <span class='ocrx_word' id='word_1_620' title='bbox 2602 4362 2756 4434; x_wconf 58' lang='grc' dir='ltr'><strong>αὐτοὶ⁸</strong></span> <span class='ocrx_word' id='word_1_621' title='bbox 2797 4361 2854 4414; x_wconf 80' lang='grc' dir='ltr'>δὲ</span> <span class='ocrx_word' id='word_1_622' title='bbox 2888 4362 2979 4413; x_wconf 86' lang='grc' dir='ltr'>τὸν</span> <span class='ocrx_word' id='word_1_623' title='bbox 3030 4364 3175 4414; x_wconf 81' lang='grc' dir='ltr'>σῖτον</span> <span class='ocrx_word' id='word_1_624' title='bbox 3239 4362 3332 4414; x_wconf 85' lang='grc' dir='ltr'><strong>καὶ</strong></span> <span class='ocrx_word' id='word_1_625' title='bbox 3379 4362 3478 4415; x_wconf 80' lang='grc' dir='ltr'>ὅσα</span> <span class='ocrx_word' id='word_1_626' title='bbox 3525 4361 3688 4430; x_wconf 69' lang='grc' dir='ltr'>ἔτερα</span> <span class='ocrx_word' id='word_1_627' title='bbox 3714 4357 3783 4432; x_wconf 73' lang='grc' dir='ltr'>ἦν</span> 
     </span>
    </p>
   </div>
   <div class='ocr_carea' id='block_1_93' title="bbox 545 4437 2121 4524">
    <p class='ocr_par' dir='ltr' id='par_1_93' title="bbox 545 4437 2103 4514">
     <span class='ocr_line' id='line_1_93' title="bbox 545 4437 2103 4514; baseline 0.008 -25"><span class='ocrx_word' id='word_1_628' title='bbox 545 4443 694 4489; x_wconf 82' lang='lat' dir='ltr'><strong>mum</strong></span> <span class='ocrx_word' id='word_1_629' title='bbox 729 4437 961 4493; x_wconf 86' lang='lat' dir='ltr'><strong>remisit.</strong></span> <span class='ocrx_word' id='word_1_630' title='bbox 1007 4438 1068 4491; x_wconf 84' lang='lat' dir='ltr'><strong>in</strong></span> <span class='ocrx_word' id='word_1_631' title='bbox 1116 4438 1219 4492; x_wconf 88' lang='lat' dir='ltr'><strong>hoc</strong></span> <span class='ocrx_word' id='word_1_632' title='bbox 1253 4455 1435 4494; x_wconf 89' lang='lat' dir='ltr'><strong>rerum</strong></span> <span class='ocrx_word' id='word_1_633' title='bbox 1473 4439 1618 4497; x_wconf 76' lang='lat' dir='ltr'><strong>stat&#39;u</strong></span> <span class='ocrx_word' id='word_1_634' title='bbox 1661 4441 1922 4514; x_wconf 78' lang='lat' dir='ltr'><strong>Byzantio</strong></span> <span class='ocrx_word' id='word_1_635' title='bbox 1957 4461 2103 4500; x_wconf 82' lang='lat' dir='ltr'><strong>nun-</strong></span> 
     </span>
    </p>
   </div>
   <div class='ocr_carea' id='block_1_94' title="bbox 2226 4437 3785 4524">
    <p class='ocr_par' dir='ltr' id='par_1_94' title="bbox 2226 4453 3785 4524">
     <span class='ocr_line' id='line_1_94' title="bbox 2226 4453 3785 4524; baseline -0.001 -19"><span class='ocrx_word' id='word_1_636' title='bbox 2226 4454 2493 4524; x_wconf 70' lang='grc' dir='ltr'>ἐπιτήδεια</span> <span class='ocrx_word' id='word_1_637' title='bbox 2545 4453 2962 4520; x_wconf 80' lang='grc' dir='ltr'>συναγαγόντες,</span> <span class='ocrx_word' id='word_1_638' title='bbox 2995 4453 3289 4524; x_wconf 87' lang='grc' dir='ltr'>είσήγαγον</span> <span class='ocrx_word' id='word_1_639' title='bbox 3338 4453 3418 4516; x_wconf 86' lang='grc' dir='ltr'><strong>είς</strong></span> <span class='ocrx_word' id='word_1_640' title='bbox 3470 4453 3570 4522; x_wconf 78' lang='grc' dir='ltr'>τὴν</span> <span class='ocrx_word' id='word_1_641' title='bbox 3621 4454 3785 4521; x_wconf 74' lang='grc' dir='ltr'>ἀκρό-</span> 
     </span>
    </p>
   </div>
   <div class='ocr_carea' id='block_1_95' title="bbox 543 4526 2110 4605">
    <p class='ocr_par' dir='ltr' id='par_1_95' title="bbox 543 4526 2110 4605">
     <span class='ocr_line' id='line_1_95' title="bbox 543 4526 2110 4605; baseline 0.009 -26"><span class='ocrx_word' id='word_1_642' title='bbox 543 4528 731 4591; x_wconf 86' lang='lat' dir='ltr'><strong>tiatur,</strong></span> <span class='ocrx_word' id='word_1_643' title='bbox 768 4526 958 4582; x_wconf 83' lang='lat' dir='ltr'><strong>Genua</strong></span> <span class='ocrx_word' id='word_1_644' title='bbox 1002 4527 1280 4584; x_wconf 81' lang='lat' dir='ltr'><strong>sexdecim</strong></span> <span class='ocrx_word' id='word_1_645' title='bbox 1316 4533 1570 4586; x_wconf 89' lang='lat' dir='ltr'><strong>triremes</strong></span> <span class='ocrx_word' id='word_1_646' title='bbox 1598 4533 1704 4588; x_wconf 89' lang='lat' dir='ltr'><strong>alia</strong></span> <span class='ocrx_word' id='word_1_647' title='bbox 1756 4535 1990 4605; x_wconf 86' lang='lat' dir='ltr'><strong>quadam</strong></span> <span class='ocrx_word' id='word_1_648' title='bbox 2041 4538 2110 4592; x_wconf 91' lang='lat' dir='ltr'><strong>de</strong></span> 
     </span>
    </p>
   </div>
   <div class='ocr_carea' id='block_1_96' title="bbox 541 4618 2106 4691">
    <p class='ocr_par' dir='ltr' id='par_1_96' title="bbox 541 4618 2106 4691">
     <span class='ocr_line' id='line_1_96' title="bbox 541 4618 2106 4691; baseline 0.008 -20"><span class='ocrx_word' id='word_1_649' title='bbox 541 4633 704 4673; x_wconf 75' lang='lat' dir='ltr'><strong>causa</strong></span> <span class='ocrx_word' id='word_1_650' title='bbox 737 4618 982 4674; x_wconf 85' lang='lat' dir='ltr'><strong>Galatam</strong></span> <span class='ocrx_word' id='word_1_651' title='bbox 1020 4621 1256 4689; x_wconf 81' lang='lat' dir='ltr'><strong>appelli;</strong></span> <span class='ocrx_word' id='word_1_652' title='bbox 1286 4637 1520 4691; x_wconf 82' lang='lat' dir='ltr'><strong>quorum</strong></span> <span class='ocrx_word' id='word_1_653' title='bbox 1555 4639 1679 4678; x_wconf 85' lang='lat' dir='ltr'><strong>cum</strong></span> <span class='ocrx_word' id='word_1_654' title='bbox 1717 4629 1993 4682; x_wconf 80' lang='lat' dir='ltr'><strong>navarcho</strong></span> <span class='ocrx_word' id='word_1_655' title='bbox 2049 4639 2106 4684; x_wconf 91' lang='lat' dir='ltr'><strong>et</strong></span> 
     </span>
    </p>
   </div>
   <div class='ocr_carea' id='block_1_97' title="bbox 541 4708 2103 4784">
    <p class='ocr_par' dir='ltr' id='par_1_97' title="bbox 541 4708 2103 4784">
     <span class='ocr_line' id='line_1_97' title="bbox 541 4708 2103 4784; baseline 0.008 -23"><span class='ocrx_word' id='word_1_656' title='bbox 541 4708 860 4764; x_wconf 88' lang='lat' dir='ltr'><strong>trierarchis</strong></span> <span class='ocrx_word' id='word_1_657' title='bbox 890 4709 1111 4779; x_wconf 86' lang='lat' dir='ltr'><strong>quidam</strong></span> <span class='ocrx_word' id='word_1_658' title='bbox 1145 4711 1357 4766; x_wconf 86' lang='lat' dir='ltr'><strong>nobiles</strong></span> <span class='ocrx_word' id='word_1_659' title='bbox 1394 4711 1622 4767; x_wconf 79' lang='lat' dir='ltr'><strong>Romani</strong></span> <span class='ocrx_word' id='word_1_660' title='bbox 1652 4716 1791 4768; x_wconf 69' lang='lat' dir='ltr'><strong>clam</strong></span> <span class='ocrx_word' id='word_1_661' title='bbox 1822 4718 2103 4784; x_wconf 91' lang='lat' dir='ltr'><strong>collocuti,</strong></span> 
     </span>
    </p>
   </div>
   <div class='ocr_carea' id='block_1_98' title="bbox 540 4802 2106 4884">
    <p class='ocr_par' dir='ltr' id='par_1_98' title="bbox 540 4802 2106 4884">
     <span class='ocr_line' id='line_1_98' title="bbox 540 4802 2106 4884; baseline 0.009 -31"><span class='ocrx_word' id='word_1_662' title='bbox 540 4802 701 4855; x_wconf 80' lang='lat' dir='ltr'><strong>donis</strong></span> <span class='ocrx_word' id='word_1_663' title='bbox 730 4811 787 4855; x_wconf 91' lang='lat' dir='ltr'><strong>et</strong></span> <span class='ocrx_word' id='word_1_664' title='bbox 839 4804 1123 4870; x_wconf 88' lang='lat' dir='ltr'><strong>promissis</strong></span> <span class='ocrx_word' id='word_1_665' title='bbox 1169 4805 1356 4884; x_wconf 83' lang='lat' dir='ltr'><strong>multis</strong></span> <span class='ocrx_word' id='word_1_666' title='bbox 1401 4820 1496 4860; x_wconf 91' lang='lat' dir='ltr'><strong>eos</strong></span> <span class='ocrx_word' id='word_1_667' title='bbox 1528 4807 1882 4875; x_wconf 82' lang='lat' dir='ltr'><strong>pellexercnt,</strong></span> <span class='ocrx_word' id='word_1_668' title='bbox 1916 4821 1976 4865; x_wconf 90' lang='lat' dir='ltr'><strong>ut</strong></span> <span class='ocrx_word' id='word_1_669' title='bbox 2007 4813 2106 4867; x_wconf 85' lang='lat' dir='ltr'><strong>ad-</strong></span> 
     </span>
    </p>
   </div>
   <div class='ocr_carea' id='block_1_99' title="bbox 539 4893 2108 4969">
    <p class='ocr_par' dir='ltr' id='par_1_99' title="bbox 539 4893 2108 4969">
     <span class='ocr_line' id='line_1_99' title="bbox 539 4893 2108 4969; baseline 0.008 -24"><span class='ocrx_word' id='word_1_670' title='bbox 539 4893 745 4965; x_wconf 75' lang='lat' dir='ltr'><strong>junctis</strong></span> <span class='ocrx_word' id='word_1_671' title='bbox 781 4894 945 4948; x_wconf 87' lang='lat' dir='ltr'><strong>etiam</strong></span> <span class='ocrx_word' id='word_1_672' title='bbox 976 4909 1070 4948; x_wconf 82' lang='lat' dir='ltr'><strong>sex</strong></span> <span class='ocrx_word' id='word_1_673' title='bbox 1103 4895 1243 4958; x_wconf 89' lang='lat' dir='ltr'><strong>aliis,</strong></span> <span class='ocrx_word' id='word_1_674' title='bbox 1280 4911 1418 4965; x_wconf 89' lang='lat' dir='ltr'><strong>quas</strong></span> <span class='ocrx_word' id='word_1_675' title='bbox 1457 4896 1660 4952; x_wconf 74' lang='lat' dir='ltr'><strong>Galatae</strong></span> <span class='ocrx_word' id='word_1_676' title='bbox 1692 4893 2016 4969; x_wconf 79' lang='lat' dir='ltr'><strong>reperirent,</strong></span> <span class='ocrx_word' id='word_1_677' title='bbox 2051 4913 2108 4959; x_wconf 91' lang='lat' dir='ltr'><strong>et</strong></span> 
     </span>
    </p>
   </div>
   <div class='ocr_carea' id='block_1_100' title="bbox 541 4985 2102 5062">
    <p class='ocr_par' dir='ltr' id='par_1_100' title="bbox 541 4985 2102 5062">
     <span class='ocr_line' id='line_1_100' title="bbox 541 4985 2102 5062; baseline 0.006 -22"><span class='ocrx_word' id='word_1_678' title='bbox 541 4987 650 5040; x_wconf 87' lang='lat' dir='ltr'><strong>ittis</strong></span> <span class='ocrx_word' id='word_1_679' title='bbox 696 4985 827 5039; x_wconf 88' lang='lat' dir='ltr'><strong>item</strong></span> <span class='ocrx_word' id='word_1_680' title='bbox 860 4999 954 5039; x_wconf 87' lang='lat' dir='ltr'><strong>sex</strong></span> <span class='ocrx_word' id='word_1_681' title='bbox 980 4988 1126 5054; x_wconf 88' lang='lat' dir='ltr'><strong>apud</strong></span> <span class='ocrx_word' id='word_1_682' title='bbox 1161 4988 1480 5057; x_wconf 80' lang='lat' dir='ltr'><strong>Mitylenen,</strong></span> <span class='ocrx_word' id='word_1_683' title='bbox 1517 4991 1758 5047; x_wconf 83' lang='lat' dir='ltr'><strong>Phocaeae</strong></span> <span class='ocrx_word' id='word_1_684' title='bbox 1785 4993 1965 5062; x_wconf 89' lang='lat' dir='ltr'><strong>ipsum</strong></span> <span class='ocrx_word' id='word_1_685' title='bbox 2003 4995 2102 5049; x_wconf 85' lang='lat' dir='ltr'><strong>im-</strong></span> 
     </span>
    </p>
   </div>
   <div class='ocr_carea' id='block_1_101' title="bbox 540 5077 2104 5149">
    <p class='ocr_par' dir='ltr' id='par_1_101' title="bbox 540 5077 2104 5149">
     <span class='ocr_line' id='line_1_101' title="bbox 540 5077 2104 5149; baseline 0.008 -20"><span class='ocrx_word' id='word_1_686' title='bbox 540 5085 851 5146; x_wconf 87' lang='lat' dir='ltr'><strong>peratorem</strong></span> <span class='ocrx_word' id='word_1_687' title='bbox 884 5077 1256 5133; x_wconf 83' lang='lat' dir='ltr'><strong>adorirentur.</strong></span> <span class='ocrx_word' id='word_1_688' title='bbox 1308 5079 1460 5134; x_wconf 86' lang='lat' dir='ltr'><strong>Talia</strong></span> <span class='ocrx_word' id='word_1_689' title='bbox 1491 5081 1770 5138; x_wconf 84' lang='lat' dir='ltr'><strong>Romanos</strong></span> <span class='ocrx_word' id='word_1_690' title='bbox 1811 5086 2104 5149; x_wconf 81' lang='lat' dir='ltr'><strong>struxisse,</strong></span> 
     </span>
    </p>
   </div>
   <div class='ocr_carea' id='block_1_102' title="bbox 493 5166 2103 5237">
    <p class='ocr_par' dir='ltr' id='par_1_102' title="bbox 493 5166 2103 5237">
     <span class='ocr_line' id='line_1_102' title="bbox 493 5166 2103 5237; baseline 0.005 -15"><span class='ocrx_word' id='word_1_691' title='bbox 493 5166 497 5169; x_wconf 82' lang='grc'><em>’</em></span> <span class='ocrx_word' id='word_1_692' title='bbox 539 5183 647 5222; x_wconf 81' lang='lat' dir='ltr'><strong>non</strong></span> <span class='ocrx_word' id='word_1_693' title='bbox 679 5177 737 5223; x_wconf 91' lang='lat' dir='ltr'><strong>ut</strong></span> <span class='ocrx_word' id='word_1_694' title='bbox 765 5169 1148 5225; x_wconf 88' lang='lat' dir='ltr'><strong>Genuensibus</strong></span> <span class='ocrx_word' id='word_1_695' title='bbox 1183 5171 1577 5237; x_wconf 84' lang='lat' dir='ltr'><strong>consulerent,</strong></span> <span class='ocrx_word' id='word_1_696' title='bbox 1621 5175 1717 5228; x_wconf 89' lang='lat' dir='ltr'><strong>sed</strong></span> <span class='ocrx_word' id='word_1_697' title='bbox 1754 5175 2103 5230; x_wconf 82' lang='lat' dir='ltr'><strong>insidiatores</strong></span> 
     </span>
    </p>
   </div>
   <div class='ocr_carea' id='block_1_103' title="bbox 535 5260 2101 5331">
    <p class='ocr_par' dir='ltr' id='par_1_103' title="bbox 535 5260 2101 5331">
     <span class='ocr_line' id='line_1_103' title="bbox 535 5260 2101 5331; baseline 0.006 -18"><span class='ocrx_word' id='word_1_698' title='bbox 535 5272 589 5314; x_wconf 88' lang='lat' dir='ltr'><strong>et</strong></span> <span class='ocrx_word' id='word_1_699' title='bbox 621 5260 929 5329; x_wconf 86' lang='lat' dir='ltr'><strong>proditores</strong></span> <span class='ocrx_word' id='word_1_700' title='bbox 958 5262 1148 5328; x_wconf 78' lang='lat' dir='ltr'><strong>factos,</strong></span> <span class='ocrx_word' id='word_1_701' title='bbox 1172 5271 1229 5316; x_wconf 86' lang='lat' dir='ltr'><strong>et</strong></span> <span class='ocrx_word' id='word_1_702' title='bbox 1257 5261 1547 5331; x_wconf 86' lang='lat' dir='ltr'><strong>imperium</strong></span> <span class='ocrx_word' id='word_1_703' title='bbox 1581 5264 1921 5329; x_wconf 83' lang='lat' dir='ltr'><strong>atl‘ectantcs,</strong></span> <span class='ocrx_word' id='word_1_704' title='bbox 1955 5270 2101 5323; x_wconf 89' lang='lat' dir='ltr'><strong>unde</strong></span> 
     </span>
    </p>
   </div>
   <div class='ocr_carea' id='block_1_104' title="bbox 2213 4543 3786 4614">
    <p class='ocr_par' dir='ltr' id='par_1_104' title="bbox 2213 4543 3786 4614">
     <span class='ocr_line' id='line_1_104' title="bbox 2213 4543 3786 4614; baseline -0.003 -17"><span class='ocrx_word' id='word_1_705' title='bbox 2213 4545 2368 4597; x_wconf 86' lang='grc' dir='ltr'>πολιν</span> <span class='ocrx_word' id='word_1_706' title='bbox 2414 4544 2497 4614; x_wconf 67' lang='grc' dir='ltr'>ἢν</span> <span class='ocrx_word' id='word_1_707' title='bbox 2559 4543 2712 4595; x_wconf 78' lang='grc' dir='ltr'>αὐτοὶ</span> <span class='ocrx_word' id='word_1_708' title='bbox 2768 4543 3090 4612; x_wconf 73' lang='grc' dir='ltr'>ἐφρούρουν,</span> <span class='ocrx_word' id='word_1_709' title='bbox 3127 4544 3221 4596; x_wconf 71' lang='grc' dir='ltr'>καὶ</span> <span class='ocrx_word' id='word_1_710' title='bbox 3271 4543 3547 4614; x_wconf 83' lang='grc' dir='ltr'>χρώμενοι</span> <span class='ocrx_word' id='word_1_711' title='bbox 3604 4543 3786 4604; x_wconf 77' lang='grc' dir='ltr'>αὐτοῖς</span> 
     </span>
    </p>
   </div>
   <div class='ocr_carea' id='block_1_105' title="bbox 2212 4635 3786 4708">
    <p class='ocr_par' dir='ltr' id='par_1_105' title="bbox 2212 4635 3786 4708">
     <span class='ocr_line' id='line_1_105' title="bbox 2212 4635 3786 4708; baseline -0.003 -17"><span class='ocrx_word' id='word_1_712' title='bbox 2212 4639 2480 4708; x_wconf 80' lang='grc' dir='ltr'>ὑπέμενον</span> <span class='ocrx_word' id='word_1_713' title='bbox 2542 4637 2640 4706; x_wconf 75' lang='grc' dir='ltr'>τὴν</span> <span class='ocrx_word' id='word_1_714' title='bbox 2707 4635 3053 4704; x_wconf 84' lang='grc' dir='ltr'>πολιορκίαν.</span> <span class='ocrx_word' id='word_1_715' title='bbox 3113 4637 3456 4706; x_wconf 79' lang='grc' dir='ltr'>Διατρίόοντί</span> <span class='ocrx_word' id='word_1_716' title='bbox 3519 4655 3578 4690; x_wconf 88' lang='grc' dir='ltr'><strong>τε</strong></span> <span class='ocrx_word' id='word_1_717' title='bbox 3645 4636 3786 4690; x_wconf 71' lang='grc' dir='ltr'>κατὰ</span> 
     </span>
    </p>
   </div>
   <div class='ocr_carea' id='block_1_106' title="bbox 2209 4723 3782 4796">
    <p class='ocr_par' dir='ltr' id='par_1_106' title="bbox 2209 4723 3782 4796">
     <span class='ocr_line' id='line_1_106' title="bbox 2209 4723 3782 4796; baseline 0.001 -18"><span class='ocrx_word' id='word_1_718' title='bbox 2209 4727 2306 4795; x_wconf 80' lang='grc' dir='ltr'>τὴν</span> <span class='ocrx_word' id='word_1_719' title='bbox 2352 4726 2601 4778; x_wconf 80' lang='grc' dir='ltr'>Φώκαιαν</span> <span class='ocrx_word' id='word_1_720' title='bbox 2650 4725 2862 4793; x_wconf 80' lang='grc' dir='ltr'>βασιλεῖ</span> <span class='ocrx_word' id='word_1_721' title='bbox 2891 4727 2937 4778; x_wconf 90' lang='grc' dir='ltr'><strong>οί</strong></span> <span class='ocrx_word' id='word_1_722' title='bbox 2989 4727 3084 4777; x_wconf 78' lang='grc' dir='ltr'>τοῦ</span> <span class='ocrx_word' id='word_1_723' title='bbox 3129 4728 3318 4794; x_wconf 79' lang='grc' dir='ltr'>Αίτίνη</span> <span class='ocrx_word' id='word_1_724' title='bbox 3363 4729 3576 4792; x_wconf 82' lang='grc' dir='ltr'>παῖδες,</span> <span class='ocrx_word' id='word_1_725' title='bbox 3609 4729 3670 4791; x_wconf 83' lang='grc' dir='ltr'>ὃς</span> <span class='ocrx_word' id='word_1_726' title='bbox 3714 4723 3782 4796; x_wconf 83' lang='grc' dir='ltr'>ἦν</span> 
     </span>
    </p>
   </div>
   <div class='ocr_carea' id='block_1_107' title="bbox 2211 4817 3780 4888">
    <p class='ocr_par' dir='ltr' id='par_1_107' title="bbox 2211 4817 3780 4888">
     <span class='ocr_line' id='line_1_107' title="bbox 2211 4817 3780 4888; baseline 0.001 -20"><span class='ocrx_word' id='word_1_727' title='bbox 2211 4818 2499 4886; x_wconf 74' lang='grc' dir='ltr'>σατράπης</span> <span class='ocrx_word' id='word_1_728' title='bbox 2535 4817 2762 4881; x_wconf 74' lang='grc' dir='ltr'>Ἰωνίας,</span> <span class='ocrx_word' id='word_1_729' title='bbox 2805 4817 2988 4886; x_wconf 76' lang='grc' dir='ltr'>Χετὴρ</span> <span class='ocrx_word' id='word_1_730' title='bbox 3039 4819 3136 4870; x_wconf 71' lang='grc' dir='ltr'>καὶ</span> <span class='ocrx_word' id='word_1_731' title='bbox 3180 4817 3410 4888; x_wconf 79' lang='grc' dir='ltr'>Ἀμοὺρ,</span> <span class='ocrx_word' id='word_1_732' title='bbox 3444 4817 3506 4871; x_wconf 76' lang='grc' dir='ltr'>ὃν</span> <span class='ocrx_word' id='word_1_733' title='bbox 3537 4819 3780 4886; x_wconf 77' lang='grc' dir='ltr'>φθάσαν-</span> 
     </span>
    </p>
   </div>
   <div class='ocr_carea' id='block_1_108' title="bbox 2209 4908 3779 4978">
    <p class='ocr_par' dir='ltr' id='par_1_108' title="bbox 2209 4908 3779 4978">
     <span class='ocr_line' id='line_1_108' title="bbox 2209 4908 3779 4978; baseline 0.002 -18"><span class='ocrx_word' id='word_1_734' title='bbox 2209 4925 2302 4971; x_wconf 87' lang='grc' dir='ltr'><strong>τες</strong></span> <span class='ocrx_word' id='word_1_735' title='bbox 2329 4908 2598 4977; x_wconf 82' lang='grc' dir='ltr'>πρότερον</span> <span class='ocrx_word' id='word_1_736' title='bbox 2655 4909 2964 4977; x_wconf 72' lang='grc' dir='ltr'>εἰρήκαμεν</span> <span class='ocrx_word' id='word_1_737' title='bbox 3021 4909 3195 4978; x_wconf 84' lang='grc' dir='ltr'>στόλῳ</span> <span class='ocrx_word' id='word_1_738' title='bbox 3261 4911 3779 4963; x_wconf 83' lang='grc' dir='ltr'>καταπεπλευκέναι</span> 
     </span>
    </p>
   </div>
   <div class='ocr_carea' id='block_1_109' title="bbox 2207 4999 3774 5071">
    <p class='ocr_par' dir='ltr' id='par_1_109' title="bbox 2207 4999 3774 5071">
     <span class='ocr_line' id='line_1_109' title="bbox 2207 4999 3774 5071; baseline 0.001 -19"><span class='ocrx_word' id='word_1_739' title='bbox 2207 5001 2286 5060; x_wconf 89' lang='grc' dir='ltr'><strong>εἰς</strong></span> <span class='ocrx_word' id='word_1_740' title='bbox 2319 4999 2563 5069; x_wconf 83' lang='grc' dir='ltr'>Θρᾴκην,</span> <span class='ocrx_word' id='word_1_741' title='bbox 2602 4999 2697 5050; x_wconf 73' lang='grc' dir='ltr'>καὶ</span> <span class='ocrx_word' id='word_1_742' title='bbox 2721 5001 2906 5067; x_wconf 83' lang='grc' dir='ltr'>τρίτος</span> <span class='ocrx_word' id='word_1_743' title='bbox 2955 4999 3336 5067; x_wconf 76' lang='grc' dir='ltr'>Σουλαῖμάσας</span> <span class='ocrx_word' id='word_1_744' title='bbox 3364 5001 3774 5071; x_wconf 82' lang='grc' dir='ltr'>ὠνομασμένος,</span> 
     </span>
    </p>
   </div>
   <div class='ocr_carea' id='block_1_110' title="bbox 2209 5090 3772 5161">
    <p class='ocr_par' dir='ltr' id='par_1_110' title="bbox 2209 5090 3772 5161">
     <span class='ocr_line' id='line_1_110' title="bbox 2209 5090 3772 5161; baseline 0.002 -19"><span class='ocrx_word' id='word_1_745' title='bbox 2209 5091 2519 5160; x_wconf 78' lang='grc' dir='ltr'>προσῆλθόν</span> <span class='ocrx_word' id='word_1_746' title='bbox 2545 5107 2603 5142; x_wconf 88' lang='grc' dir='ltr'><strong>τε</strong></span> <span class='ocrx_word' id='word_1_747' title='bbox 2638 5090 2781 5143; x_wconf 78' lang='grc' dir='ltr'>κατὰ</span> <span class='ocrx_word' id='word_1_748' title='bbox 2819 5091 3023 5159; x_wconf 83' lang='grc' dir='ltr'>φιλίαν,</span> <span class='ocrx_word' id='word_1_749' title='bbox 3057 5094 3154 5144; x_wconf 74' lang='grc' dir='ltr'>καὶ</span> <span class='ocrx_word' id='word_1_750' title='bbox 3185 5092 3627 5161; x_wconf 79' lang='grc' dir='ltr'>προσεκύνησαν,</span> <span class='ocrx_word' id='word_1_751' title='bbox 3679 5098 3772 5145; x_wconf 82' lang='grc' dir='ltr'>καὶ</span> 
     </span>
    </p>
   </div>
   <div class='ocr_carea' id='block_1_111' title="bbox 2204 5179 3768 5252">
    <p class='ocr_par' dir='ltr' id='par_1_111' title="bbox 2204 5179 3768 5252">
     <span class='ocr_line' id='line_1_111' title="bbox 2204 5179 3768 5252; baseline 0.003 -20"><span class='ocrx_word' id='word_1_752' title='bbox 2204 5182 2602 5250; x_wconf 82' lang='grc' dir='ltr'>ἐπηγγείλαντο</span> <span class='ocrx_word' id='word_1_753' title='bbox 2620 5181 2765 5233; x_wconf 78' lang='grc' dir='ltr'>εὖνοι</span> <span class='ocrx_word' id='word_1_754' title='bbox 2797 5182 3015 5234; x_wconf 72' lang='grc' dir='ltr'>ἔσεσθαι</span> <span class='ocrx_word' id='word_1_755' title='bbox 3040 5184 3132 5234; x_wconf 66' lang='grc' dir='ltr'>καὶ</span> <span class='ocrx_word' id='word_1_756' title='bbox 3162 5179 3303 5249; x_wconf 79' lang='grc' dir='ltr'>φίλοι</span> <span class='ocrx_word' id='word_1_757' title='bbox 3335 5182 3582 5252; x_wconf 77' lang='grc' dir='ltr'>βασιλεῖ’</span> <span class='ocrx_word' id='word_1_758' title='bbox 3618 5183 3768 5252; x_wconf 63' lang='grc' dir='ltr'>βασις</span> 
     </span>
    </p>
   </div>
   <div class='ocr_carea' id='block_1_112' title="bbox 2204 5269 3771 5344">
    <p class='ocr_par' dir='ltr' id='par_1_112' title="bbox 2204 5269 3771 5344">
     <span class='ocr_line' id='line_1_112' title="bbox 2204 5269 3771 5344; baseline 0.004 -23"><span class='ocrx_word' id='word_1_759' title='bbox 2204 5269 2331 5333; x_wconf 88' lang='grc' dir='ltr'>λεύς</span> <span class='ocrx_word' id='word_1_760' title='bbox 2369 5287 2428 5322; x_wconf 83' lang='grc' dir='ltr'><strong>τε</strong></span> <span class='ocrx_word' id='word_1_761' title='bbox 2460 5273 2655 5333; x_wconf 77' lang='grc' dir='ltr'>αὐτοὺς</span> <span class='ocrx_word' id='word_1_762' title='bbox 2699 5274 2796 5342; x_wconf 83' lang='grc' dir='ltr'>τῆς</span> <span class='ocrx_word' id='word_1_763' title='bbox 2835 5273 3048 5334; x_wconf 82' lang='grc' dir='ltr'>εὐνοίας</span> <span class='ocrx_word' id='word_1_764' title='bbox 3103 5273 3263 5326; x_wconf 81' lang='grc' dir='ltr'>ἓνεκα</span> <span class='ocrx_word' id='word_1_765' title='bbox 3301 5273 3498 5344; x_wconf 83' lang='grc' dir='ltr'>δώροις</span> <span class='ocrx_word' id='word_1_766' title='bbox 3533 5275 3771 5344; x_wconf 76' lang='grc' dir='ltr'>ἀμειψά-</span> 
     </span>
    </p>
   </div>
   <div class='ocr_carea' id='block_1_113' title="bbox 1805 5429 2524 5492">
    <p class='ocr_par' dir='ltr' id='par_1_113' title="bbox 1805 5429 2524 5492">
     <span class='ocr_line' id='line_1_113' title="bbox 1805 5429 2524 5492; baseline 0.004 -3"><span class='ocrx_word' id='word_1_767' title='bbox 1805 5429 2020 5492; x_wconf 82' lang='lat' dir='ltr'><strong>Jacobi</strong></span> <span class='ocrx_word' id='word_1_768' title='bbox 2059 5431 2321 5492; x_wconf 82' lang='lat' dir='ltr'><strong>Pontani</strong></span> <span class='ocrx_word' id='word_1_769' title='bbox 2363 5441 2524 5492; x_wconf 75' lang='lat' dir='ltr'><strong>uotae</strong></span> 
     </span>
    </p>
   </div>
   <div class='ocr_carea' id='block_1_114' title="bbox 608 5579 2095 5656">
    <p class='ocr_par' dir='ltr' id='par_1_114' title="bbox 608 5579 2095 5656">
     <span class='ocr_line' id='line_1_114' title="bbox 608 5579 2095 5656; baseline 0.005 -24"><span class='ocrx_word' id='word_1_770' title='bbox 608 5579 716 5650; x_wconf 67' lang='grc'><strong>(46)</strong></span> <span class='ocrx_word' id='word_1_771' title='bbox 760 5582 884 5656; x_wconf 63' lang='lat' dir='ltr'><strong>fuit</strong></span> <span class='ocrx_word' id='word_1_772' title='bbox 936 5583 1023 5656; x_wconf 77' lang='lat' dir='ltr'><strong>hic</strong></span> <span class='ocrx_word' id='word_1_773' title='bbox 1053 5594 1315 5656; x_wconf 74' lang='lat' dir='ltr'><strong>satraps</strong></span> <span class='ocrx_word' id='word_1_774' title='bbox 1361 5585 1533 5641; x_wconf 76' lang='lat' dir='ltr'><strong>Turca</strong></span> <span class='ocrx_word' id='word_1_775' title='bbox 1571 5623 1595 5656; x_wconf 17' lang='grc' dir='ltr'>,ν</span> <span class='ocrx_word' id='word_1_776' title='bbox 1641 5586 1727 5641; x_wconf 78' lang='lat' dir='ltr'><strong>Cui</strong></span> <span class='ocrx_word' id='word_1_777' title='bbox 1783 5589 2095 5656; x_wconf 75' lang='lat' dir='ltr'><strong>obtigerunt</strong></span> 
     </span>
    </p>
   </div>
   <div class='ocr_carea' id='block_1_115' title="bbox 535 5651 2091 5725">
    <p class='ocr_par' dir='ltr' id='par_1_115' title="bbox 535 5651 2091 5725">
     <span class='ocr_line' id='line_1_115' title="bbox 535 5651 2091 5725; baseline 0.008 -28"><span class='ocrx_word' id='word_1_778' title='bbox 535 5665 653 5725; x_wconf 64' lang='lat' dir='ltr'><strong>qui:</strong></span> <span class='ocrx_word' id='word_1_779' title='bbox 693 5667 719 5702; x_wconf 91' lang='lat' dir='ltr'><strong>a</strong></span> <span class='ocrx_word' id='word_1_780' title='bbox 760 5651 1136 5725; x_wconf 76' lang='lat' dir='ltr'><strong>Philadelphia</strong></span> <span class='ocrx_word' id='word_1_781' title='bbox 1161 5651 1523 5725; x_wconf 40' lang='lat' dir='ltr'><strong>ert—Antiochia</strong></span> <span class='ocrx_word' id='word_1_782' title='bbox 1559 5655 1808 5725; x_wconf 60' lang='lat' dir='ltr'><strong>Nicandri</strong></span> <span class='ocrx_word' id='word_1_783' title='bbox 1847 5651 1943 5725; x_wconf 55' lang='lat' dir='ltr'><strong>pp}</strong></span> <span class='ocrx_word' id='word_1_784' title='bbox 1976 5675 2091 5710; x_wconf 83' lang='lat' dir='ltr'><strong>ma-</strong></span> 
     </span>
    </p>
   </div>
   <div class='ocr_carea' id='block_1_116' title="bbox 537 5720 2094 5795">
    <p class='ocr_par' dir='ltr' id='par_1_116' title="bbox 537 5720 2094 5795">
     <span class='ocr_line' id='line_1_116' title="bbox 537 5720 2094 5795; baseline 0.006 -23"><span class='ocrx_word' id='word_1_785' title='bbox 537 5720 774 5774; x_wconf 67' lang='lat' dir='ltr'><strong>ritimam</strong></span> <span class='ocrx_word' id='word_1_786' title='bbox 817 5720 976 5775; x_wconf 67' lang='lat' dir='ltr'><strong>lenne</strong></span> <span class='ocrx_word' id='word_1_787' title='bbox 1012 5738 1162 5778; x_wconf 80' lang='lat' dir='ltr'><strong>uram</strong></span> <span class='ocrx_word' id='word_1_788' title='bbox 1215 5734 1418 5795; x_wconf 84' lang='lat' dir='ltr'><strong>patent.</strong></span> <span class='ocrx_word' id='word_1_789' title='bbox 1452 5724 1743 5790; x_wconf 52' lang='lat' dir='ltr'><strong>GregOras,</strong></span> <span class='ocrx_word' id='word_1_790' title='bbox 1775 5720 1862 5779; x_wconf 64' lang='lat' dir='ltr'><strong>tab.</strong></span> <span class='ocrx_word' id='word_1_791' title='bbox 1907 5743 1982 5781; x_wconf 78' lang='lat' dir='ltr'><strong>vit</strong></span> <span class='ocrx_word' id='word_1_792' title='bbox 2012 5729 2094 5783; x_wconf 77' lang='lat' dir='ltr'><strong>iu-</strong></span> 
     </span>
    </p>
   </div>
   <div class='ocr_carea' id='block_1_117' title="bbox 2199 5600 2385 5638">
    <p class='ocr_par' dir='ltr' id='par_1_117' title="bbox 2199 5600 2385 5638">
     <span class='ocr_line' id='line_1_117' title="bbox 2199 5600 2385 5638; baseline 0 -1"><span class='ocrx_word' id='word_1_793' title='bbox 2199 5600 2385 5638; x_wconf 55' lang='lat' dir='ltr'><strong>cum&quot;.</strong></span> 
     </span>
    </p>
   </div>
   <div class='ocr_carea' id='block_1_118' title="bbox 2275 5598 3729 5726">
    <p class='ocr_par' dir='ltr' id='par_1_118' title="bbox 2275 5598 3729 5726">
     <span class='ocr_line' id='line_1_118' title="bbox 2295 5605 2385 5638; baseline -0.011 -1"><span class='ocrx_word' id='word_1_794' title='bbox 2295 5605 2307 5638; x_wconf 89' lang='lat' dir='ltr'><strong>l</strong></span> <span class='ocrx_word' id='word_1_795' title='bbox 2337 5607 2385 5637; x_wconf 75' lang='grc' dir='ltr'>σι.</span> 
     </span>
     <span class='ocr_line' id='line_1_119' title="bbox 2275 5598 3729 5726; baseline 0.009 -18"><span class='ocrx_word' id='word_1_796' title='bbox 2275 5598 2384 5726; x_wconf 46' lang='lat' dir='ltr'><strong>(lt?)</strong></span> <span class='ocrx_word' id='word_1_797' title='bbox 2430 5658 2556 5717; x_wconf 76' lang='lat' dir='ltr'><strong>Eam</strong></span> <span class='ocrx_word' id='word_1_798' title='bbox 2589 5658 2866 5711; x_wconf 80' lang='lat' dir='ltr'><strong>infcstarnt</strong></span> <span class='ocrx_word' id='word_1_799' title='bbox 2899 5659 3128 5714; x_wconf 70' lang='lat' dir='ltr'><strong>Alaaliuo</strong></span> <span class='ocrx_word' id='word_1_800' title='bbox 3156 5661 3454 5718; x_wconf 76' lang='lat' dir='ltr'><strong>etinumum</strong></span> <span class='ocrx_word' id='word_1_801' title='bbox 3489 5666 3729 5722; x_wconf 74' lang='lat' dir='ltr'><strong>vivente.</strong></span> 
     </span>
    </p>
   </div>
  </div>
