4122 6296
405 377 514 440 605

1571 372 2124 436 HISTORIARUM
2162 373 2395 435 LIBER
2437 373 2522 432 Ῑῐ.

3539 359 3651 429 διδ

406 487 600 549 αὐτοὺς
643 481 797 556 οἶμαι
825 485 1082 555 ἐξάρνους
1105 485 1429 555 δυνήσεσθαι
1459 487 1711 554 γενέσθαι
1731 504 1746 520 ο
1783 487 1972 540 ἔπειτα

2078 488 2260 552 debet,
2288 488 2565 558 quomodo
2586 501 2682 556 per
2710 484 2862 540 nefas
2896 483 3072 539 aliena
3100 491 3330 552 occupet
3364 500 3378 536 :
3410 484 3505 536 sed
3543 486 3649 550 pri-

404 582 459 634 δέ
489 579 609 632 οὐδὲ
643 577 828 640 ἀνοίας
861 578 958 631 καὶ
1006 578 1266 642 ἀϐουλίας
1297 579 1617 632 κατελίπετε
1645 579 1972 649 ὑπερϐολήν.

406 670 510 721 τὸν
542 668 653 736 γὰρ
676 667 916 737 ἄρχοντα
945 668 1185 742 πολέμου
1226 669 1286 720 οὐ
1321 668 1426 738 χρὴ
1452 668 1610 721 τοῦτο
1643 669 1808 736 μόνον
1854 685 1978 721 σκο-

407 765 530 814 πεῖν
562 761 709 822 ὅπως
729 761 987 830 ἀδικήσῃ,
1021 760 1158 813 ἀλλά
1182 761 1397 829 πρῶτον
1432 761 1530 826 μέν
1569 760 1626 813 εί
1643 777 1705 827 γε
1740 760 1976 829 μάλιστα

406 852 559 922 αὐτῷ
613 852 770 904 τοῦτο
824 850 1068 915 δυνατὸν,
1105 851 1297 904 ἔπειτα
1343 851 1419 914 δέ,
1455 853 1504 902 εί
1559 852 1653 905 καὶ¹
1701 851 1977 921 ἀρκοῦσαν

407 943 634 1011 δύναμιν
657 942 772 1012 ἔχει
804 944 940 1014 πρὸς
965 941 1025 995 τὸ
1046 943 1114 995 τά
1145 943 1470 1013 ἀδικηθέντα
1489 941 1977 1012 διασώζειν.⁹Υμ“ίν

406 1033 463 1086 δέ
488 1033 622 1101 πρός
654 1049 714 1085 τε
746 1033 807 1086 τδ
854 1034 923 1088 τά
951 1033 1208 1104 ἀλλότρια
1241 1033 1514 1101 ἁρπάζειν
1553 1034 1586 1102 ἡ
1623 1033 1858 1103 δύναμις
1885 1035 1975 1086 ἐν-

406 1120 554 1190 δεὴς,
571 1123 667 1175 καὶ
683 1121 819 1190 πρὸς
835 1122 894 1174 τὸ
920 1121 987 1174 τὰ
1017 1121 1344 1191 ἡρπασμένα
1371 1122 1660 1187 διασώζειν
1689 1122 1972 1192 ἐλαχίστη.

409 1210 601 1278 Λέσϐῳ
644 1211 743 1280 μὲν
771 1214 878 1280 γὰρ
904 1211 1176 1275 ἐπιόντες,
1202 1212 1432 1281 Δηλίους
1480 1213 1733 1266 ἐπείσατε
1765 1213 1860 1266 καὶ
1881 1214 1975 1265 Σι-

406 1299 671 1362 κελιώτας
703 1305 1014 1371 συμμαχεῖν
1035 1318 1047 1332 ·
1080 1301 1337 1370 βασιλέως
1361 1303 1417 1355 δέ
1450 1303 1976 1373 ἐπιστρατεύσαντος

408 1391 558 1460 ὑμῖν,
614 1393 664 1444 οί
695 1392 976 1461 σύμμαχοι
1006 1393 1212 1463 ᾤχοντο
1249 1393 1393 1462 ὑμᾶς
1443 1394 1824 1458 ἀπολιπόντες,
1853 1393 1976 1445 οὺδέ

323 1515 348 1532 κ
406 1481 546 1534 ὅπλα
577 1481 858 1552 ἀνταίρειν
883 1483 1226 1552 δυνηθέντες.
1272 1483 1457 1554 Ὗμῶν
1486 1484 1543 1536 δὲ
1583 1484 1741 1554 μόνον
1777 1483 1975 1536 ὑπολε-

407 1571 744 1642 λειμμένων,
795 1575 844 1626 οί
877 1573 978 1642 μὲν
1007 1573 1287 1628 ἀπώλοντο
1312 1575 1450 1626 κατά
1479 1575 1578 1643 τὴν
1607 1573 1888 1644 Καλλονὴν
1915 1574 1975 1626 ἐν

409 1663 571 1716 πέντε
615 1665 868 1735 τριήρεσι
897 1664 1309 1735 διαφθαρέντες,
1353 1667 1400 1718 οἱ
1427 1667 1485 1718 δέ
1509 1665 1651 1732 κατὰ
1675 1665 1776 1734 τὴν
1803 1667 1976 1719 Μιτυ-

407 1753 578 1825 λήνην
605 1755 698 1808 καὶ
744 1752 998 1810 Φώκαιαν
1028 1757 1516 1826 ἀποκεκλεισμένοι
1570 1757 1972 1828 πολιορκεῖσθε,

2083 595 2230 634 mum
2253 579 2496 650 quidem,
2530 578 2732 633 satisne
2765 578 2909 631 istuc
2952 573 3237 629 commode
3285 573 3476 641 possit;
3533 583 3645 624 tum

2081 687 2149 726 an
2180 672 2246 727 ad
2279 687 2340 727 ea
2367 687 2488 740 quae
2515 687 2609 739 per
2631 672 2737 725 vim
2766 667 3054 736 occupavit
3111 665 3484 721 c'onservanda
3529 666 3648 717 suf-

2083 763 2274 818 ﬁciens
2302 765 2352 818 ei
2388 763 2620 818 facultas
2659 761 2822 817 adsit.
2862 759 3032 814 Vobis
3075 765 3256 811 autem
3291 766 3345 808 et
3375 756 3440 808 ad
3468 756 3646 808 aliena

2083 854 2344 924 rapienda
2403 855 2552 907 vires
2577 861 2707 907 sunt
2755 866 2955 920 parvae,
3007 857 3063 903 et
3121 846 3187 901 ad
3242 855 3394 914 rapta
3427 861 3651 899 cunser-
3708 899 3736 923 Γ

2081 947 2256 1002 vanda
2300 945 2655 1015 parvissima.
2695 941 2911 997 Etenim
2942 941 3179 995 Lesbum
3239 940 3503 1001 invasuri,
3540 938 3645 991 De-

2081 1039 2282 1094 liorum
2325 1036 2745 1105 Siculorumque
2793 1035 3016 1089 auxiliis
3059 1032 3410 1101 indiguistis;
3453 1041 3508 1084 et
3546 1033 3650 1084 im-

2081 1129 2353 1199 peratoria
2385 1128 2558 1182 classe
2585 1126 2936 1191 adventante,
2965 1127 3098 1180 socii
3133 1124 3382 1178 imbelles
3409 1123 3644 1189 diffuge-

2081 1227 2328 1284 runt;et
2367 1217 2461 1272 alii
2495 1217 2713 1286 quidem
2762 1223 3005 1270 vestrum
3055 1215 3199 1284 apud
3252 1213 3528 1268 Callonem
3591 1213 3645 1264 in

2080 1310 2324 1379 quinque
2349 1309 2668 1363 triremibus
2692 1308 3018 1378 perierunt;
3050 1293 3314 1359 alii‘intra
3351 1303 3644 1371 Mitylenen

2081 1411 2138 1456 et
2170 1403 2455 1457 Phocaeam
2483 1400 2727 1455 conclusi
2756 1413 2879 1453 cum
2905 1399 3112 1451 incerta
3145 1413 3240 1463 spe
3279 1396 3471 1450 salutis
3499 1396 3648 1445 obsi-

2083 1493 2308 1547 demini.
2353 1493 2431 1546 Ae
2465 1491 2632 1545 nolim
2684 1499 2738 1544 te
2787 1488 2975 1542 mirari
3001 1487 3145 1556 quod
3181 1486 3414 1540 dixerim
3439 1486 3643 1538 nullam

2082 1603 2182 1643 vos
2199 1586 2389 1642 salutis
2414 1593 2617 1640 certam
2647 1598 2797 1653 spem
2827 1583 2994 1652 296
3015 1582 3217 1644 fovere,
3245 1581 3454 1634 tametsi
3488 1594 3582 1632 vos
3613 1594 3645 1633 e

2083 1678 2356 1734 mmnibus
2408 1674 2704 1729 fortissime
2755 1674 3096 1735 defendatis;
3155 1687 3257 1726 nec
3320 1673 3493 1726 ullum
3550 1682 3644 1724 aut

2080 1771 2200 1823 leve
2251 1767 2512 1821 damnum
2566 1765 2850 1833 accipiatis
2881 1779 2909 1816 a
2947 1763 3091 1818 saxis
3145 1780 3264 1833 quae
3292 1778 3322 1817 e
3355 1763 3644 1817 tormentis

407 1843 664 1914 οὐδεμίαν
693 1843 909 1914 ἔχοντες
931 1845 1118 1899 ἐλπίδα
1141 1845 1365 1916 βεϐαίαν
1406 1848 1702 1918 σωτηρίας.
1733 1849 1824 1918 Μὴ
1849 1850 1973 1902 θαυ-

2075 1861 2376 1934 iaciuntur,
2425 1872 2456 1912 a
2506 1855 2686 1921 scalis,
2737 1854 3058 1923 exterisque
3120 1856 3408 1919 machinis,
3439 1871 3558 1923 quae
3587 1856 3641 1908 in

411 1933 590 2006 μάσῃς
619 1936 675 1988 δέ
699 1937 748 1988 εί
785 1935 1059 2005 μηδεμίαν
1108 1931 1262 1991 εἷπον
1295 1936 1488 1990 ἐλπίδα
1543 1937 1770 2006 βεϐαίαν
1801 1953 1976 2007 σωτη-

409 2027 534 2097 ρίας
557 2027 700 2096 ὑμᾶς
727 2025 896 2097 ἐχειν,
949 2027 1125 2081 καίτοι
1165 2028 1556 2096 καρτερώτατα
1600 2029 1979 2096 ἀμυνομένους

408 2114 518 2167 ἀπὸ
547 2113 655 2168 τῶν
673 2116 894 2184 τειχῶν,
923 2114 1017 2168 καὶ
1044 2115 1314 2186 μηδεμίαν
1345 2117 1378 2188 ἢ
1402 2115 1590 2186 ὀλίγην
1617 2115 1820 2185 βλάϐην
1843 2117 1979 2169 ὑπο-

410 2203 672 2275 μένοντας
700 2207 809 2260 ἀπό
842 2223 900 2260 τε
928 2206 1037 2261 τῶν
1071 2207 1454 2262 ἐκπιπτόντων
1477 2208 1578 2279 τῆς
1623 2208 1871 2280 μηχανῆς
1893 2207 1976 2260 λί-

409 2293 538 2359 θων,
568 2294 662 2348 καὶ
691 2295 802 2350 τῶν
843 2296 1132 2365 κλιμάκων
1151 2335 1167 2360 ,
1219 2298 1314 2352 καὶ
1346 2297 1457 2351 τῶν
1489 2298 1670 2352 ἀλλων
1721 2299 1978 2367 μηχανῶν

406 2385 517 2438 τῶν
551 2387 690 2440 κατά
717 2387 814 2451 τὰς
866 2387 1065 2457 συχνὰς
1109 2387 1469 2459 τειχομαχίας
1517 2391 1974 2460 προσαγομένων.

421 2477 712 2541 Ἀποδείξω
746 2479 856 2550 γὰρ
897 2480 1212 2548 σαφέστατα
1237 2481 1380 2551 ὑμᾶς
1410 2483 1472 2535 οὐ
1508 2481 1640 2536 πολὺ
1673 2481 1978 2552 ἀπέχοντας

408 2565 502 2619 τοῦ
532 2567 590 2621 ἐν
620 2569 870 2638 ἐσχάτοις
895 2569 1162 2632 κινδύνοις
1195 2565 1357 2624 εἴναι.
1387 2570 1568 2642 Τριῶν
1589 2571 1696 2642 γὰρ
1747 2571 1915 2624 όντων
1941 2570 1977 2625 ἃ

411 2657 482 2711 ἂν
538 2658 773 2728 μάλιστα
805 2658 1091 2722 διασώζειν
1147 2659 1367 2714 δύναιτο
1397 2661 1526 2723 τοὺς
1583 2661 1976 2730 πολιορκουμέ-

411 2765 556 2812 νους,
593 2749 687 2803 τοῦ
715 2750 776 2802 τέ
805 2750 972 2803 ποθεν
994 2749 1193 2816 ἔξωθεν
1229 2750 1564 2805 ἐπελθοῦσαν
1590 2752 1823 2820 δύναμιν
1851 2753 1978 2815 τοὺς

408 2839 833 2910 πολιορκοῦντας
865 2842 1110 2912 ἀνιστᾷν,
1153 2843 1356 2896 καὶτοῦ
1390 2841 1654 2911 ἀφθονίαν
1693 2844 1842 2897 σίτου
1879 2843 1974 2896 καὶ

416 2931 522 2985 τῶν
557 2931 733 2986 ἄλλων
766 2933 1088 3001 ἐπιτηδείων
1119 2933 1364 3004 ἔχοντας,
1398 2935 1534 3003 μετά
1561 2934 1848 3010 ῥᾳστώνης
1876 2933 1976 3006 τὴν

410 3026 730 3096 πολιορκίαν
777 3027 1081 3095 διαφέρειν,
1121 3027 1214 3081 καὶ
1268 3028 1454 3097 τρίτου
1484 3027 1580 3083 τοῦ
1628 3029 1719 3082 τὸν
1754 3029 1974 3098 πολιορ-

2079 1962 2189 2006 tam
2219 1948 2430 2005 crebris
2449 1946 2953 2016 oppugnationibus
2999 1947 3065 1999 ad
3104 1961 3292 2002 muros
3341 1947 3642 2001 admoven-

2078 2049 2203 2107 tur;
2228 2041 2622 2096 demonstrabo
2645 2041 2789 2094 enim
2840 2038 3278 2093 luculentissima
3313 2053 3411 2092 vos
3443 2037 3514 2091 ab
3543 2052 3644 2091 ex-

2076 2139 2252 2186 tremo
2278 2130 2598 2186 discrimine
2618 2130 2762 2185 haud
2784 2131 2942 2199 longe
2967 2128 3181 2194 abesse;
3217 2143 3342 2181 nam
3373 2143 3495 2181 cum
3526 2129 3627 2181 tria

2077 2219 2191 2275 sint
2241 2235 2362 2290 qua:
2411 2218 2667 2275 obsessos
2702 2233 2921 2274 servare
2975 2219 3231 2287 tuerique
3293 2215 3640 2285 potissimum

2076 2318 2300 2382 queant:
2329 2310 2566 2380 primum
2620 2309 2840 2364 aliunde
2896 2308 3292 2377 superveniens
3353 2306 3641 2369 auxilium,

2076 2415 2186 2471 quo
2215 2402 2424 2457 obsessi
2477 2401 2691 2468 erigant
2721 2400 2971 2465 animos;
3001 2400 3234 2454 alterum
3279 2397 3537 2452 frumenti
3577 2411 3642 2452 ac

2074 2488 2271 2558 reliqui
2303 2497 2642 2546 commeatus
2666 2488 3021 2552 abundantia,
3058 2487 3206 2542 unde
3240 2486 3400 2541 facile
3428 2487 3640 2554 perfer-

2075 2587 2163 2634 tur
2203 2579 2450 2646 obsidio;
2501 2580 2745 2642 tertium,
2777 2578 2999 2647 quando
3045 2579 3218 2634 hostis
3266 2578 3474 2632 diutius
3498 2576 3640 2631 assi—

2075 2671 2204 2727 dere
2234 2679 2330 2726 aut
2383 2671 2697 2740 sumptibus
2727 2670 2993 2735 defectus,
3029 2670 3360 2724 aut-animo
3411 2669 3638 2728 fractus.

2074 2771 2170 2816 aut
2222 2762 2328 2816 alia
2371 2762 2440 2817 de
2490 2776 2654 2816 causa
2709 2776 2819 2816 non
2859 2769 3062 2831 potest:
3095 2775 3198 2830 ego
3235 2758 3454 2836 docebo.
3499 2759 3640 2813 nihil

2075 2853 2272 2908 borum
2311 2852 2469 2907 vobis
2499 2852 2712 2908 adesse.
2740 2851 2988 2907 Forsitan
3033 2851 3202 2920 igitur
3237 2850 3505 2906 auxilium
3539 2864 3638 2902 vo-

2074 2944 2162 3001 bis
2229 2945 2591 3010 submissum,
2633 2953 2690 2999 et
2729 2959 2839 2999 non
2874 2943 3095 2999 aliunde
3124 2957 3287 3012 quam
3312 2940 3501 2997 Genua
3533 2944 3642 3010 (ut-

2072 3046 2202 3106 pote
2258 3053 2288 3090 a
2335 3038 2550 3093 civibus
2601 3037 2960 3106 cognatisque
3008 3035 3230 3104 vestris)
3301 3033 3639 3089 submissum

407 3116 607 3170 κοῦντα
623 3118 880 3172 ἀδύνατον
905 3113 1534 3190 εἷναιπροσκαθὲζεσθαι
1568 3120 1601 3191 ἢ
1633 3121 1702 3174 δι’
1734 3121 1970 3192 ἀπορίαν

2075 3123 2198 3192 quis
2233 3123 2646 3178 existimaverit.
2685 3124 2848 3192 Atqui
2887 3123 2991 3178 hoc
3024 3131 3134 3176 tam
3186 3130 3458 3176 remotum
3483 3129 3568 3174 est
3609 3137 3640 3174 a

406 3206 803 3276 ἀναλωμάτων,
839 3209 872 3281 ἢ
899 3208 985 3262 δια
1015 3209 1401 3281 μικροψυχίαν,
1449 3211 1488 3288 ἧ
1507 3228 1630 3264 τινα
1669 3210 1851 3264 αἰτίαν
1874 3211 1971 3266 ἀλ-

405 3296 528 3366 λην,
567 3297 678 3364 ἐγὼ
729 3300 860 3368 ὑμῖν
921 3300 1121 3368 προσὸν
1181 3301 1453 3365 ἀποδείξω
1498 3302 1705 3355 τούτων
1739 3302 1858 3355 οὐδὲ
1887 3302 1966 3361 ἐν.

407 3388 524 3458 Τὴν
563 3389 663 3458 μὲν
703 3385 798 3443 οὖν
829 3388 959 3454 ἴσως
997 3391 1062 3444 ἂν
1101 3391 1437 3446 ἐπελθοῦσαν
1486 3391 1688 3459 ἔξωθεν
1719 3391 1970 3462 βοήθειαν

407 3479 539 3549 ὑμῖν
575 3480 868 3547 οὐδαμόθεν
907 3480 1133 3534 ἄλλοθεν
1176 3483 1240 3534 ἀν
1295 3498 1378 3543 τις
1410 3481 1617 3550 οἰηθείη
1661 3481 1694 3553 ἢ
1737 3484 1801 3535 ἐκ
1841 3483 1971 3536 Γενο

405 3573 570 3634 νούας
597 3567 682 3623 οἶα
736 3572 800 3642 δὴ
829 3573 1118 3641 ὁμοφύλων
1157 3573 1328 3626 ὄντων
1373 3575 1502 3644 ὑμῖν
1534 3574 1629 3626 καὶ
1673 3575 1967 3643 συγγενῶν.

406 3659 580 3714 Τοῦτο
605 3661 660 3714 δέ
686 3661 940 3714 τοσοῦτον
992 3661 1186 3732 ἀπέχει
1218 3663 1309 3716 τοῦ
1341 3659 1482 3716 εἶναι
1508 3663 1725 3734 ἀληθὲς,
1755 3664 1788 3734 ἢ
1826 3665 1970 3734 ὑμᾶς

403 3753 615 3806 οἴεσθαι
643 3749 907 3816 ἐλπίζειν,
938 3753 1078 3806 ὥστε
1118 3755 1430 3808 τούναντίον
1460 3756 1675 3824 ,μᾶλλον
1706 3755 1790 3824 ἐφ’
1825 3757 1968 3825 ὑμᾶς

404 3845 717 3896 ἐλεύσονται
744 3847 940 3896 ἐκεῖνοι
995 3845 1520 3916 ἐκπολιορκήσοντες
1549 3846 1626 3911 ὡς
1673 3847 1968 3915 πολεμίους

403 3932 485 4002 τῷ
515 3933 698 4000 κοινῷ,
732 3933 797 3986 ἂν
819 3932 1020 4004 κελεύῃ
1065 3933 1339 4003 βασιλεύς.
1376 3937 1520 3988 Ἴστε
1555 3937 1662 4005 γὰρ
1698 3935 1761 4006 δὴ
1800 3935 1968 4004 σαφέ-

406 4041 580 4076 στατα
609 4025 764 4093 ὑμεῖς
787 4023 862 4087 ὡς
885 4027 942 4075 ἐν
975 4025 1096 4087 ταῖς
1141 4025 1441 4096 συνθήκαις
1493 4029 1586 4080 καὶ
1630 4026 1742 4087 τοῖς
1763 4026 1968 4094 ὅρκοις,

404 4117 498 4177 οὓς
538 4116 673 4185 πρὸς
730 4117 829 4186 τὴν
882 4116 1160 4183 βασιλείαν
1202 4114 1490 4184 Ῥωμαίων
1539 4115 1571 4184 ἡ
1608 4113 1775 4184 βουλὴ
1806 4114 1902 4168 καὶ
1941 4113 1971 4167 ὁ

376 4207 579 4276 ’δῆμος
638 4205 789 4259 ἐθετο
837 4205 1104 4271 Γεννούας
1161 4207 1253 4259 ἐπὶ
1283 4208 1347 4274 τῇ
1415 4203 1633 4276 είρήνῃ,
1672 4206 1810 4272 πρὸς
1859 4204 1972 4265 τοῖς

405 4300 586 4360 ἄλλοις
620 4298 1007 4368 περιείληπται
1043 4295 1343 4360 καὶτοῦτο,
1371 4295 1431 4347 τὸ
1467 4294 1561 4364 μὴ¹
1574 4293 1733 4363 μόνον
1767 4293 1826 4346 τὸ
1859 4311 1972 4346 κοι-

405 4396 496 4441 νῆν
527 4384 708 4441 αὐτῶν
765 4389 1038 4459 μηδεμίαν
1101 4387 1304 4458 βλάϐην
1332 4386 1364 4456 ἢ
1397 4387 1599 4454 ζημίαν
1629 4384 1854 4452 ἐπάγειν
1902 4386 1969 4456 τῇ

2072 3213 2322 3277 veritate,
2375 3220 2697 3280 tantumque
2747 3211 2903 3267 abest
2935 3220 2994 3266 ut
3020 3211 3073 3265 id
3097 3212 3428 3280 sperandum
3483 3210 3645 3264 vobis

2071 3293 2163 3372 sit,
2195 3313 2258 3359 ut
2289 3304 2590 3360 timendum
2614 3303 2793 3372 potius
2824 3318 2890 3357 ne
2910 3311 3103 3357 contra
3131 3317 3230 3357 vos
3281 3301 3360 3356 illi
3396 3296 3638 3366 venturi,

2069 3403 2127 3450 et
2157 3395 2413 3451 hortante
2440 3392 2770 3460 imperatore
2802 3399 2863 3445 ut
2890 3390 3143 3445 inimicos
3184 3390 3501 3460 reipublicae
3545 3391 3644 3444 ob-

2073 3483 2277 3540 sessuri
2325 3483 2456 3537 sint.
2516 3482 2675 3538 Scitis
2707 3483 2855 3536 enim
2909 3482 3228 3552 planissime
3256 3482 3431 3552 pactis
3456 3490 3514 3536 et
3542 3480 3643 3536 fm-

2071 3573 2316 3640 deribus,
2346 3588 2468 3643 qua:
2497 3588 2618 3628 cum
2653 3573 2898 3628 Romano
2948 3567 3186 3642 imperio
3212 3581 3435 3627 senatus
3466 3587 3643 3640 popu-

2070 3666 2267 3736 iusque
2298 3663 2628 3721 Genuatium
2674 3662 2828 3732 pacis
2879 3676 3042 3716 causa
3105 3661 3256 3727 fecit,
3297 3669 3499 3732 praeter
3532 3662 3637 3716 alia

2071 3755 2178 3811 hoc
2227 3756 2393 3810 etiam
2441 3753 2739 3818 contineri,
2774 3761 3154 3806 uteommune
3210 3753 3454 3820 ipsorum
3527 3767 3636 3811 non

2071 3846 2236 3902 modo
2267 3845 2478 3900 nullum
2514 3844 2763 3899 Romano
2817 3843 3051 3912 imperio
3104 3841 3496 3896 detrimentum
3543 3842 3642 3896 dai-

2071 3951 2330 3992 mnumve
2369 3935 2628 4003 importet
2656 3933 2720 3996 (si
2751 3933 2955 3985 nullam
2997 3931 3125 3986 belli
3160 3931 3508 3986 occasionem
3547 3931 3647 3985 de-

2072 4026 2256 4092 derit),
2285 4025 2379 4080 sed
2408 4024 2453 4079 si
2472 4025 2596 4093 quis
2625 4023 2790 4077 etiam
2822 4023 3070 4098 privatus
3106 4023 3415 4076 Romanum
3453 4037 3646 4091 quem-

2071 4117 2217 4186 piam
2246 4114 2475 4179 laeserit,
2509 4123 2569 4168 ut
2593 4113 2661 4168 de
2686 4114 3128 4183 possessionibus
3148 4122 3246 4168 aut
3289 4113 3648 4170 facultatibus

2073 4208 2193 4278 ejus
2247 4207 2494 4261 Romano
2561 4205 2730 4260 multa
2782 4204 3046 4259 solvatur.
3108 4203 3201 4260 Sin
3251 4206 3480 4273 imperio
3534 4205 3650 4262 llo-

2074 4313 2236 4355 mano
2282 4297 2711 4353 detrimentosus
2745 4295 3035 4360 exstiterit,
3087 4303 3183 4349 aut
3240 4295 3499 4361 insulam,
3551 4306 3650 4352 aut

2073 4387 2400 4443 maritimam
2437 4385 2652 4463 urbem,
2687 4393 2782 4438 aut
2807 4383 2954 4438 aliud
2985 4383 3274 4454 diripiens,
3325 4395 3386 4438 ut
3453 4384 3650 4438 eadem

415 4479 701 4546 Ῥωμαίων
753 4478 998 4548 βασιλεία
1055 4477 1333 4546 πρόφασιν
1374 4474 1614 4544 πολέμου
1643 4474 1704 4526 οὐ
1735 4490 1967 4543 παρεχο-

2075 4479 2284 4534 ratione
2313 4476 2380 4531 de
2405 4490 2596 4530 eorum
2630 4474 3096 4546 possessionibus,
3145 4483 3240 4528 aut
3270 4475 3648 4539 facultatibus.

408 4571 568 4642 μένῃ,
611 4569 746 4621 ἀλλά
775 4570 868 4622 καὶ
896 4569 991 4621 ἐάν
1023 4585 1106 4630 τις
1140 4566 1356 4636 ἰδιώτης
1408 4565 1676 4634 Ῥωμαῖον
1710 4564 1967 4634 ἀδικήσῃ,

403 4663 512 4714 ἀπὸ
541 4661 650 4714 τῶν
684 4661 993 4730 προδόντων
1028 4657 1178 4728 αὐτῷ
1237 4657 1530 4727 κτημάτων
1558 4656 1590 4726 ἦ
1627 4655 1973 4726 πραγμάτων

403 4754 504 4822 τὴν
531 4751 730 4822 ζημίαν
763 4750 1171 4820 ἀπολαμϐάνειν
1199 4749 1290 4801 τὸν
1333 4748 1627 4823 Ῥωμαῖον.
1669 4748 1765 4798 “Av
1801 4746 1856 4798 δὲ
1879 4745 1973 4799 καὶ

402 4847 473 4914 τῇ
507 4843 756 4914 βασιλείᾳ
795 4842 1082 4911 Ῥωμαίων
1135 4842 1235 4910 τὴν
1270 4837 1472 4908 ζημίαν
1518 4838 1775 4908 προξενῇ,
1814 4837 1847 4903 ἢ
1878 4835 1976 4904 νῆ-

406 4951 500 4988 σον
529 4933 865 5003 διαρπάζων,
897 4931 929 5000 ἢ
959 4931 1114 4983 πόλιν
1146 4930 1266 4982 τινὰ
1311 4928 1578 4998 παράλιον
1603 4929 1637 4997 ἡ
1673 4944 1724 4980 τι
1765 4927 1970 4994 ἓτερον,

404 5025 498 5078 τὸν
539 5026 648 5078 ἴσον
687 5025 888 5094 τρόπον
919 5022 1025 5075 ἀπὸ
1080 5021 1189 5073 τῶν
1253 5019 1474 5072 ἐκείνων
1530 5017 1828 5086 κτημάτων
1879 5013 1973 5066 καὶ

405 5117 769 5185 πραγμάτων,
818 5115 867 5167 εί
898 5113 1083 5166 πολλοὶ
1133 5110 1242 5165 εἶεν
1272 5111 1304 5180 ἢ
1359 5107 1459 5174 εἷς,
1485 5110 1585 5181 τὴν
1614 5109 1817 5179 ζημίαν
1846 5110 1974 5161 ἀπο-

403 5207 682 5260 τῐννυσθαι
717 5206 946 5272 βασιλεῖ,
973 5207 1137 5257 αὐτὸν
1165 5205 1220 5257 δέ
1243 5203 1576 5273 ψηφίζεσθαι
1611 5202 1872 5269 πολέμιον
1897 5199 1973 5269 τῷ

403 5301 562 5370 δήμῳ
596 5299 690 5352 καὶ
720 5303 785 5370 τῇ
823 5299 1004 5369 βουλῇ,
1038 5299 1133 5352 καὶ
1188 5296 1504 5369 στρατεύειν
1544 5295 1630 5346 ἐπ’
1663 5295 1868 5346 ἐκεῖνον
1898 5295 1973 5355 ὡς

405 5389 634 5444 ἄπιστον
658 5389 752 5442 καὶ
783 5388 1050 5458 προδότην
1095 5385 1189 5438 τοῦ
1233 5383 1435 5438 κοινοῦ.
1484 5377 1556 5435 Οὗ
1591 5383 1654 5451 δὴ
1683 5383 1845 5435 ἕνεκα
1878 5381 1972 5434 καὶ

408 5478 634 5551 βασιλέα
694 5478 996 5547 πρεσϐείαν
1045 5477 1181 5546 πρὸς
1233 5477 1498 5529 Γέννουαν
1543 5473 1969 5538 ἀπεσταλκέναι,

406 5570 548 5623 ὥστε
603 5569 677 5639 μὴ
735 5569 898 5638 μόνον
947 5567 1017 5620 τά
1052 5570 1310 5636 κτήματα
1341 5567 1494 5632 ὑμῶν
1523 5566 1633 5616 τῶν
1670 5566 1970 5634 χρημάτων

405 5654 675 5718 ἕνεκαῦν
701 5661 944 5714 ἀνάλωσε
981 5659 1232 5725 πολεμῶν
1273 5659 1400 5728 ὑμῖν
1441 5657 1801 5727 παραλαϐεῖν,
1838 5655 1971 5708 ἀλλά

410 5753 506 5806 καὶ
536 5753 782 5824 τριήρεις
815 5750 1074 5805 καλεῦσαι
1109 5749 1322 5820 πέμψαι
1372 5747 1492 5802 καθ’
1529 5747 1684 5818 ὑμῶν
1727 5745 1866 5802 κατά
1905 5746 1972 5800 τά

2075 4588 2171 4628 seu
2202 4571 2414 4641 plures,
2471 4585 2566 4625 seu
2599 4582 2743 4623 unus
2777 4569 3042 4623 duntaxat
3095 4568 3280 4633 fuerit,
3327 4569 3650 4638 imperatori

2074 4662 2326 4727 satisfiat,
2390 4663 2616 4731 ipseque
2669 4677 2698 4714 a
2740 4669 2935 4715 senatu
2993 4660 3303 4729 populoque
3367 4658 3651 4714 Genuensi

2073 4753 2247 4808 hostis
2273 4751 2570 4822 judicetur,
2635 4758 2691 4804 et
2714 4764 2864 4804 arma
2898 4748 2956 4804 in
2990 4749 3142 4804 illum
3177 4757 3236 4803 ut
3267 4748 3538 4818 perﬁdum
3582 4763 3652 4802 ac

2074 4845 2391 4914 reipublicae
2412 4844 2749 4914 proditorem
2768 4843 3076 4912 capiantur.
3098 4842 3268 4915 Cujus
3291 4843 3372 4896 rei
3400 4844 3572 4912 gratia
3590 4852 3648 4896 et

2073 4937 2454 5005 imperatorem
2469 4935 2534 4990 ad
2547 4934 2863 4990 Genuenses
2878 4933 3202 5004 legationem
3225 4933 3434 4989 misisse
3453 4935 3644 4996 nostis,

2074 5039 2181 5079 non
2201 5026 2377 5080 solum
2403 5033 2459 5078 ut
2483 5024 2680 5079 fundos
2707 5031 2762 5078 et
2782 5024 2938 5078 villas
2970 5035 3180 5078 vestras
3203 5024 3272 5076 ad
3313 5022 3649 5076 reficiendos

2073 5123 2345 5185 sumptus,
2359 5115 2488 5170 dum
2505 5115 2784 5169 vobiscum
2803 5113 3106 5184 belligerat,
3125 5113 3378 5169 toleratos
3393 5112 3646 5180 recipiat,

2074 5208 2170 5262 sed
2196 5222 2292 5261 eos
2321 5208 2545 5275 insuper
2573 5207 2636 5260 ad
2670 5207 2922 5261 triremes
2946 5205 3246 5260 secundum
3287 5215 3556 5258 conventa
3589 5213 3648 5259 et

2068 5295 2377 5366 iuramenta
2411 5305 2600 5348 contra
2649 5309 2748 5349 vos
2778 5294 3076 5349 mittendas
3110 5294 3411 5364 impulisse.
3446 5293 3648 5359 Quam-

2073 5387 2268 5442 obrem
2332 5401 2443 5440 non
2499 5385 2808 5439 subsidium
2865 5385 3089 5450 Genua,
3172 5385 3268 5440 sed
3321 5385 3522 5439 bellum
3587 5391 3646 5441 cl

2074 5477 2291 5532 hostilis
2335 5477 2682 5547 adnavigatio
2736 5477 2907 5546 magis
2952 5477 3314 5547 exspectanda
3349 5475 3504 5530 vobis
3536 5485 3642 5531 est.

2075 5569 2248 5623 Porro
2281 5576 2337 5621 et
2373 5569 2548 5625 victus
2577 5566 2761 5636 inopia
2787 5581 2888 5621 vos
2917 5566 3192 5632 laborare,
3221 5565 3492 5634 pauloque
3517 5572 3641 5634 post

2073 5655 2219 5724 quod
2258 5655 2524 5709 haesitctis
2575 5671 2684 5709 non
2718 5654 3022 5721 habituros,
3062 5672 3128 5710 ex
3160 5671 3220 5710 re
3250 5655 3364 5722 ipsa
3394 5655 3517 5710 duci
3549 5671 3640 5710 ar-

2080 5758 2397 5818 gumentum
2447 5748 2814 5812 certissimum
2858 5757 3056 5818 potest.
3102 5749 3249 5817 Quos
3293 5750 3438 5805 enim
3498 5752 3638 5807 urbe
