4122 6296
507 322 620 389 607

1681 329 2004 408 JOANNIS
2043 327 2583 399 CANTACUZENI

3647 342 3752 410 003

508 440 765 510 exegistis
799 442 1045 506 Romani.
1073 445 1236 516 297
1270 461 1615 517 quorumque
1636 439 1909 503 alimentis
1932 446 2070 501 frui-

2185 451 2520 520 συγκείμενα
2575 454 2668 508 καὶ
2696 454 2820 518 τοὺς
2857 455 3076 528 ὅρκους.
3109 456 3276 510 Ὥστε
3301 456 3366 511 ἐκ
3392 457 3658 524 Γεννούας
3695 466 3752 516 οὐ

514 530 671 597 mini,
692 547 1000 586 mensuram
1029 535 1301 590 alimoniae
1319 551 1443 591 eum
1467 537 1812 591 obsessorum
1838 538 2085 593 multitu-

513 621 644 674 dine
673 624 1086 688 contendentes,
1149 628 1288 681 intra
1317 628 1485 683 breve
1511 640 1726 697 tempus
1753 632 2085 687 omnimodis

515 721 819 768 commeatu
842 729 935 768 vos
950 717 1221 772 carituros
1239 718 1529 774 aﬂirmant.
1545 722 1686 792 Ergo
1710 724 1823 777 haec
1839 739 1944 778 una
1956 738 2085 793 spes

516 805 712 859 salutis
741 801 928 867 restat,
960 808 1007 861 si
1056 807 1356 877 imperator
1407 814 1565 867 deses
1610 815 1805 879 factus,
1833 826 1929 871 aut
1958 833 2085 887 prob

442 880 451 892 ’
519 903 641 960 pter
671 897 930 965 impensae
964 900 1426 967 magnitudinem,
1460 915 1557 958 aut
1582 916 1808 975 propter
1834 911 2083 964 attritum

514 982 909 1055 laboribusque
969 990 1278 1046 confectum
1344 995 1673 1060 exercitum,
1727 1009 1823 1053 aut
1859 1011 2085 1069 propter

516 1074 893 1131 imminentem
929 1079 1168 1135 hiemem
1203 1084 1546 1141 obsidionem
1573 1089 1767 1143 solvat.
1805 1092 1916 1159 Ego
1955 1108 2086 1149 vero

513 1176 568 1221 et
600 1171 650 1219 in
681 1168 766 1222 his
793 1172 967 1224 nostri
1020 1173 1264 1241 ipsorum
1314 1176 1492 1232 factus
1533 1181 1804 1248 proditor.
1863 1200 2083 1240 omnem

516 1259 589 1311 rei
624 1260 905 1315 veritatem
939 1269 1179 1333 gratuito
1239 1283 1555 1336 expromam
1586 1289 1601 1325 :
1631 1288 1942 1344 quanquam
1990 1292 2087 1333 vos

513 1349 597 1401 vel
632 1351 893 1406 talentum
937 1341 1109 1410 fuisse
1162 1368 1547 1416 numeratnros
1574 1364 1770 1427 sciam,
1801 1365 1844 1419 si
1869 1381 1991 1434 qua:
2018 1367 2085 1422 de

512 1441 671 1494 vobis
705 1432 853 1497 taciti
888 1448 1215 1515 cogitamus,
1277 1468 1404 1506 vere
1438 1469 1774 1523 cognoscere
1811 1458 2082 1513 licuisset.

513 1531 621 1585 Sed
658 1534 806 1588 enim
849 1539 1003 1593 vobis
1037 1540 1142 1595 hoc
1173 1542 1343 1611 gratis
1368 1545 1527 1599 dabo.
1587 1546 1910 1616 Imperator,
1959 1567 2082 1616 nos,

514 1623 899 1694 exercitusque
930 1644 1182 1698 magnam
1220 1641 1427 1700 partem
1457 1633 1679 1688 domum
1712 1636 2084 1707 discedemus,

513 1726 583 1765 ne
629 1712 718 1768 hic
768 1724 972 1772 temere
1034 1734 1097 1773 ac
1122 1719 1328 1776 frustra
1356 1737 1700 1779 maceremur
1737 1743 1751 1778 :
1784 1730 2084 1793 praesertim

515 1818 641 1857 cum
697 1816 754 1860 et
803 1808 915 1863 illic
978 1814 1288 1880 resoublica
1337 1814 1578 1871 oﬂicium
1645 1819 2087 1893 industriamque

515 1906 762 1952 nostram
805 1900 1102 1964 desideret.
1141 1921 1303 1973 quam
1348 1908 1397 1962 ei
1455 1909 1559 1964 nisi
1620 1923 1915 1979 praesentes
1951 1930 2087 1984 prae-

515 1998 661 2044 stare
720 2007 825 2046 non
881 2009 1190 2063 possumus.
1224 1997 1323 2053 llic
1349 2000 1418 2054 ad
1455 2003 1883 2059 continuandam
1939 2008 2087 2063 obsi-

517 2080 737 2136 dionem
789 2083 1044 2141 triremes
1088 2088 1259 2144 denas
1307 2101 1364 2146 et
1422 2093 1701 2150 uniremes
1749 2097 1967 2152 vicenas
2002 2115 2090 2154 re—

515 2171 833 2242 linquemus
871 2194 883 2227 :
915 2190 1176 2246 praeterea
1230 2182 1299 2235 de
1362 2184 1594 2239 navibus
1628 2187 1926 2243 Sarchanis
1953 2206 2089 2245 una;

517 2272 642 2317 tuor
668 2271 725 2318 et
755 2266 969 2335 viginti,
1028 2270 1393 2328 adnumerato
1441 2288 1709 2346 quantum
1766 2296 1942 2351 usque
2016 2285 2083 2340 ad

515 2370 744 2409 vernam
796 2366 1177 2427 tempestatem
1235 2365 1437 2421 sufﬁcit
1481 2369 1779 2438 stipendio.
1812 2374 1994 2444 Atque
2029 2377 2087 2432 hi

460 2450 466 2459 '
514 2458 613 2498 vos
641 2456 698 2500 et
725 2447 1074 2517 Mytilenzeos,
1108 2469 1137 2507 a
1177 2457 1311 2510 mari
1348 2457 1490 2512 facto
1528 2459 1758 2530 impetu.
1802 2475 1959 2521 certo
1990 2482 2087 2537 op-

515 2537 837 2603 pugnabant
870 2554 885 2593 :
922 2557 953 2595 a
983 2545 1299 2601 continente
1353 2548 1654 2608 Sarcbanis
1705 2555 1877 2625 cupias
1923 2559 2083 2615 auxi-

515 2624 683 2681 liares
711 2631 845 2684 satis
875 2644 1146 2700 prement.
1187 2638 1505 2708 Mytilenaeis
1539 2659 1670 2699 vero
1708 2645 2088 2707 Romanorum

517 2717 841 2775 conductitii
918 2723 1226 2794 ingressum
1281 2729 1337 2784 in
1398 2732 1631 2787 insulam
1696 2736 2085 2804 intercludent,

519 2816 581 2861 ut
616 2809 779 2864 ambo
838 2820 980 2866 terra
1037 2817 1283 2886 marique
1320 2819 1525 2875 victum
1577 2823 1840 2881 invehere
1897 2831 2088 2897 probi-

516 2898 777 2956 beamini.
815 2901 954 2959 Vere
995 2920 1136 2961 novo
1166 2923 1358 2980 magna
1405 2913 1579 2969 classe
1628 2931 1987 2986 revertentur,
2021 2937 2090 2977 eo

515 2993 721 3055 animo,
741 3004 801 3050 ut
828 2996 1017 3053 tandiu
1044 3015 1143 3054 vos
1167 3016 1568 3073 Oppugnemus,
1594 3010 1775 3077 quoad
1807 3012 1891 3065 vel
1924 3011 2088 3079 fame,

2192 543 2355 611 μόνον
2406 545 2728 615 ἐπικουρίαν
2762 547 3042 618 οὐδεμίαν,
3099 548 3235 603 ἀλλὰ
3269 550 3365 603 καὶ
3396 551 3633 622 πόλεμον
3667 555 3757 607 καὶ

2185 633 2453 715 ἐπίπλουν
2508 640 2816 710 προσδοκᾷν
2873 644 3004 712 χρή.
3044 628 3167 695 Ὀτι
3211 641 3269 695 δὲ
3302 644 3536 697 καὶτῶν
3567 645 3758 715 ἐπιτη-

2184 700 2346 777 δείων
2379 725 2473 778 νῦν
2508 700 2569 779 τε
2599 700 2799 790 ἐνδεείς
2831 700 2981 794 ἐστι,
3015 731 3111 784 καὶ
3141 731 3260 801 μετ’
3279 731 3462 799 ὀλίγον
3492 700 3762 803 ᾶπιλείψέι

2188 816 2471 880 παντελῶς
2496 819 2665 889 ὑμᾶς,
2702 820 2762 885 ἐξ
2824 822 3003 875 αὐτῶν
3031 821 3099 877 ἄν
3125 841 3211 887 τις
3266 823 3380 878 τῶν
3415 828 3761 896 πραγμάτων

2165 906 2531 977 ’ἀληθέστατα
2584 914 2944 980 τεκμήραιτο.
2979 913 3044 966 Oi
3108 911 3217 982 γάρ
3273 914 3621 979 ἐξελαθέντες
3667 918 3760 970 τοῦ

2184 999 2379 1061 ἄστεος
2413 1001 2503 1068 ὑφ’
2536 1001 2692 1070 ὑμῶν
2728 1003 3030 1074 Ῥωμαῖοι,
3086 998 3162 1059 ὧν
3190 1006 3348 1059 αὐτοὶ
3375 1007 3444 1060 τά
3474 1008 3761 1077 ἐπιτήδεια

2185 1092 2445 1158 λαϐόντες
2503 1095 2733 1165 χρῆσθε,
2789 1096 2852 1149 τὸ
2885 1096 3085 1167 μέτρον
3133 1097 3234 1166 τῆς
3292 1097 3503 1168 τροφῆς
3537 1099 3678 1167 πρὸς
3704 1100 3764 1151 τὸ

2185 1183 2293 1257 τῷν
2324 1183 2800 1254 πολιορκουμένων
2837 1186 3045 1255 πλῆθος
3077 1186 3441 1257 λογιζόμενοι,
3474 1189 3628 1251 ὲντδς
3662 1189 3769 1241 ὀλί-

2186 1287 2285 1339 γου
2315 1272 2510 1342 χρόνου
2541 1274 2861 1327 παντάπασί
2886 1290 3053 1344 φασιν
3080 1276 3226 1343 ὑμᾶς
3265 1276 3335 1328 τά
3376 1276 3519 1329 σιτία
3554 1277 3764 1329 ἐπιλεξ-

2184 1362 2331 1432 ψειν.
2368 1363 2634 1417 Λείπεται
2668 1365 2733 1436 δὴ
2764 1365 2894 1433 μίαν
2922 1365 3323 1420 ὑπολείπεσθαι·
3362 1366 3554 1421 ἐλπίδα
3592 1385 3769 1439 σωτη-

2188 1455 2333 1524 ρίας,
2367 1456 2431 1507 τὸ
2456 1454 2688 1525 βασιλέα
2732 1456 3132 1528 ρᾳθυμήσαντα
3168 1458 3201 1528 ἢ
3234 1458 3325 1512 διὰ
3348 1460 3410 1511 τὸ
3441 1460 3553 1512 τῶν
3585 1462 3769 1514 ἀναλι-

2189 1549 2468 1619 σκομένων
2532 1550 2738 1620 πλῆθος
2775 1568 2880 1621 χρη
2892 1551 3076 1620 μάτων
3108 1590 3125 1615 ,
3192 1550 3225 1620 ἢ
3254 1550 3343 1607 διὰ
3367 1551 3464 1621 τὴν
3497 1553 3642 1605 κατᾶ
3667 1551 3767 1621 τὴν

2188 1642 2478 1712 στρατείαν
2500 1641 2873 1697 κακοπάθειαν
2902 1642 3085 1697 λύσειν
3111 1648 3215 1715 τὴν
3242 1644 3579 1716 πολιορκίαν,
3615 1645 3649 1715 ἢ
3682 1645 3769 1698 διὰ

2187 1733 2247 1785 τὸ
2305 1734 2551 1803 χειμῶνα
2586 1733 2928 1801 ἐπιγίνεσθαι
2975 1734 3076 1806 ἤδη
3108 1736 3439 1807 προσδοκᾷν.
3513 1734 3659 1802 Ἐγὼ
3712 1734 3768 1788 δὲ

2192 1827 2285 1880 καὶ
2312 1827 2443 1898 περὶ
2477 1827 2668 1880 τούτου
2725 1826 2996 1898 προδότης
3022 1828 3327 1897 γενήσομαι
3361 1827 3517 1897 ἡμῶν
3562 1830 3765 1892 αὐτῶν,

2190 1918 2285 1970 καὶ
2321 1917 2547 1988 μηνύσω
2585 1918 2790 1987 προῖκα
2844 1917 2990 1972 ἅπαν
3021 1917 3277 1986 τάληθές.
3322 1917 3518 1971 Καίτοι
3549 1935 3613 1986 γε
3638 1919 3767 1970 πολ-

2188 2010 2284 2065 λοῦ
2336 2013 2403 2065 ἂν
2454 2011 2717 2082 ὲπρίασθε
2767 2005 3039 2076 αὐτοὶ,ἐῦ
3070 2006 3204 2076 οἶδα,
3261 2013 3310 2065 εί
3345 2009 3770 2080 ἃδιανοούμεθα

2191 2098 2320 2168 περὶ
2349 2099 2501 2168 ὑμῶν
2527 2098 2743 2170 άληθῶς
2796 2100 3079 2168 ἐξεγένετο
3110 2099 3324 2169 μαθεῖν.
3372 2099 3519 2170 Ἐγὼ
3551 2101 3610 2155 δὲ
3641 2103 3767 2171 ὑμῖν

2192 2191 2288 2244 καὶ
2319 2190 2481 2244 τοῦτο
2528 2190 2851 2262 χαριοῦμαι.
2887 2190 3151 2255 Βασιλεὺς
3183 2184 3432 2262 μὲνγὰρ
3471 2193 3566 2257 καὶ
3607 2195 3770 2262 ἡμεῖς

2191 2284 2286 2337 καὶ
2313 2282 2373 2335 τὸ
2401 2283 2537 2336 πολὺ
2568 2283 2668 2349 τῆς
2697 2284 2954 2353 στρατιᾶς
2987 2283 3171 2337 οἴκαδε
3212 2284 3653 2354 ἀπελευσόμεθα,
3679 2286 3767 2338 ῐνα
3837 2344 3848 2356 ,

2196 2373 2272 2446 μὴ
2329 2373 2453 2442 είκῆ
2507 2373 2603 2428 καὶ
2653 2374 2831 2444 μάτην
2879 2374 3347 2445 κατατριὸὠμεθα
3386 2375 3646 2440 ἐνταῦθα,
3678 2377 3765 2430 ἄλ.-

2192 2466 2300 2531 λως
2326 2483 2384 2519 τε
2432 2467 2527 2519 καὶ
2557 2464 2670 2518 τῶν
2716 2466 2893 2518 ἐκεῖσε
2927 2466 3270 2536 πραγμάτων
3302 2465 3625 2534 ιπιμελείας
3656 2467 3767 2520 δεο-

2195 2560 2396 2629 μένων,
2430 2561 2497 2631 ἢν
2516 2558 2617 2611 οὒκ
2646 2557 2766 2624 ἐξὸν
2797 2538 3069 2612 ποιεῖσθαι
3100 2558 3175 2630 μὴ
3207 2558 3322 2611 ἐκεῖ
3344 2550 3766 2629 ἐπιδημοῦντας.

2204 2642 2487 2707 Ἐνταυθοῒ
2519 2652 2575 2706 δὲ
2608 2653 2745 2722 πρὸς
2789 2653 2889 2724 τὴν
2921 2651 3239 2718 πολιορκίαν
3277 2647 3409 2707 δέκα
3443 2652 3766 2722 καταλεῖψο-

2196 2763 2297 2814 μεν
2318 2745 2585 2815 τριήρεις,
2619 2744 2714 2799 καὶ
2752 2745 3008 2815 μονήρεις
3039 2743 3238 2810 εἴκοσι,
3272 2746 3370 2800 καὶ
3416 2745 3613 2817 ἐτέρας
3651 2746 3765 2798 τέτ-

2192 2853 2365 2902 ταρας
2404 2838 2496 2890 καὶ
2521 2837 2693 2890 εἴκοσι
2725 2837 2823 2899 τὰς
2842 2838 2936 2890 τοῦ
2961 2837 3212 2909 Σαρχάνη
3230 2836 3381 2901 ναῦς,
3428 2836 3620 2906 μισθὸν
3657 2854 3765 2889 πα-

2196 2929 2487 2998 ρασχόντες
2517 2928 2874 3001 διαρκέσοντα
2919 2930 3050 3000 ἄχρι
3081 2925 3234 3001 ἦρος.
3275 2928 3341 2985 Οἳ
3399 2930 3547 2999 ὑμᾶς
3574 2946 3634 2981 τε
3668 2930 3765 2982 καὶ

2191 3020 2590 3091 Μιτυληναίους
2616 3022 2874 3090 ἀσφαλῶς
2908 3022 3364 3094 πολιορκήσουσιν
3393 3021 3764 3093 ἐφορμοῦντες

514 3084 600 3137 vel
636 3086 809 3142 armis
831 3090 1091 3155 domitos,
1119 3091 1172 3144 in
1202 3095 1522 3150 servitutem
1578 3098 1907 3169 redigamus.
1939 3103 2080 3159 Prae-

2185 3114 2245 3166 ὲκ
2281 3084 2595 3184 θαλάσσης·
2626 3084 2784 3167 ὲκ-δέ
2826 3084 3235 3186 ἠπείρου-ύμῖν
3288 3115 3387 3185 μὲν
3430 3084 3766 3186 άρκέσουσιν

517 3183 601 3228 ter
627 3176 746 3233 lucc
795 3179 932 3237 alias
987 3184 1169 3240 adhuc
1220 3187 1567 3262 imperatoris
1593 3193 1957 3262 cogitationes
1986 3214 2082 3254 oc-

515 3269 694 3324 cultas
747 3287 855 3327 non
921 3275 1159 3333 habebo.
1225 3280 1349 3336 Vult
1429 3283 1577 3338 enim
1638 3286 1792 3340 vobis
1845 3288 2086 3346 obsessis

513 3364 776 3419 omnibus
803 3365 1032 3441 alterius
1062 3371 1344 3438 cptionem
1374 3388 1496 3429 esse
1528 3374 1751 3445 juratis,
1800 3388 1895 3432 aut
1942 3381 2084 3434 intra

513 3455 713 3506 mumia
752 3469 1056 3522 manentes,
1102 3461 1202 3530 ipsi
1260 3472 1315 3518 et
1340 3462 1716 3521 Genuensium
1768 3470 2083 3538 reipublicae

516 3545 701 3598 hostes
729 3546 940 3615 haberi,
975 3560 1069 3606 aut
1103 3568 1373 3623 egressos,
1403 3566 1458 3613 et
1485 3574 1516 3614 a
1544 3560 1700 3614 vobis
1737 3563 2080 3630 accedentes,

513 3652 624 3691 non
680 3639 749 3692 ab
825 3641 1155 3711 imperatore
1213 3647 1477 3703 duntaxat
1519 3653 1936 3708 commissorum
1988 3672 2084 3711 ve-

516 3729 660 3783 niam
711 3742 768 3786 et
828 3734 1156 3805 ἀμνηστίαν,
1212 3740 1308 3794 sed
1371 3742 1538 3797 etiam
1600 3744 1743 3813 apud
1788 3761 2084 3803 commune

496 3820 884 3879 ’Genuensiutu
943 3827 1325 3898 impunitatem
1369 3834 1864 3903 ejusauctoritate
1886 3853 2083 3896 conse-

511 3913 627 3982 qui.
686 3916 841 3981 Quod
878 3935 1040 3988 quam
1075 3923 1258 3978 multis
1319 3925 1466 3979 inter
1492 3926 1750 3984 obsessos
1802 3930 1870 3985 ad
1903 3931 2084 3987 detec-

514 4008 715 4063 tionem
768 4012 1123 4068 incitamento
1184 4015 1429 4073 futurum
1487 4020 1577 4086 sit,
1640 4036 1748 4076 non
1819 4032 1872 4077 te
1920 4024 2079 4094 fugit.

511 4097 743 4162 Quando
777 4103 944 4171 igitur
996 4116 1053 4159 et
1101 4107 1170 4161 ab
1216 4110 1376 4164 initio
1398 4121 1597 4181 pra'ter
1621 4112 1701 4167 fas
1735 4102 1839 4170 hoc
1871 4116 2077 4172 bellum

510 4192 844 4252 suscitastis.
877 4204 930 4249 et
984 4214 1130 4254 nunc
1158 4201 1321 4254 rebus
1347 4214 1535 4256 contra
1567 4220 1718 4274 spem
1753 4208 2081 4268 cadentibus

511 4293 617 4345 non
683 4282 1008 4351 insipientia:
1063 4288 1238 4341 Solum
1287 4289 1640 4361 andacireque
1683 4297 1898 4364 culpam
1955 4316 2077 4355 sus-

515 4370 718 4434 tinetis,
776 4388 962 4427 verum
996 4377 1159 4431 etiam
1226 4379 1278 4432 iu
1325 4383 1710 4450 gravissimum
1776 4387 2076 4447 discrimen

509 4462 825 4530 dvvcnistis,
885 4468 978 4537 qui
1056 4471 1270 4525 tandem
1324 4474 1617 4539 conducet,
1681 4487 1774 4532 aut
1804 4484 2081 4549 quomodo

507 4569 692 4613 mente
746 4575 843 4614 sua
895 4565 1262 4619 constantium
1315 4567 1440 4631 erit,
1489 4569 1630 4624 mala
1679 4573 1908 4629 consilia
1972 4591 2078 4632 non

506 4661 820 4718 p--rmutare
860 4655 1199 4713 melioribus.
1238 4667 1295 4712 et
1334 4659 1544 4730 aliquid
1574 4660 1702 4717 inde
1733 4664 1800 4720 ad
1847 4668 2079 4723 salutem

505 4732 775 4795 idonetun
792 4743 1011 4811 elicere,
1068 4748 1233 4818 293
1261 4749 1355 4803 sed
1389 4767 1486 4820 per
1504 4754 1754 4810 stolidam
1776 4760 2084 4816 contentio-

504 4850 627 4887 nem
653 4842 708 4887 ιι
730 4838 1094 4904 arrogantiam
1116 4842 1437 4911 semetipsos
1467 4845 1547 4900 ire
1571 4848 1863 4915 perditum,
1883 4860 1934 4904 et
1958 4869 2082 4922 pro.

500 4923 725 4993 pinquis
763 4938 827 4977 ac
859 4928 1188 4982 necessariis
1228 4947 1336 4984 non
1363 4934 1603 5001 inopiam
1635 4946 1691 4991 et
1719 4941 2077 4998 amissionem

501 5015 822 5071 facultatum
851 5021 1229 5074 tantummodo
1257 5039 1474 5092 parere,
1508 5043 1694 5083 verum
1727 5033 1889 5087 etiam
1919 5034 2076 5102 igno-

502 5106 726 5160 miniam
765 5120 1085 5179 perpetuam
1117 5112 1382 5168 inurere?
1417 5118 1614 5174 Adhuc
1649 5132 1848 5192 praeter
1884 5124 2076 5184 isthaec

501 5200 685 5252 omnia
710 5215 836 5254 cum
870 5201 1199 5271 imperatore
1219 5198 1430 5262 bellum
1469 5211 1691 5276 ducere,
1722 5230 2072 5287 nequaquam

497 5291 657 5348 vobis
690 5295 946 5363 prodesse
979 5298 1289 5355 ostendam.
1347 5301 1456 5356 Etsi
1500 5306 1646 5358 enim
1679 5325 1857 5378 neque
1885 5313 2071 5378 armis,

500 5397 681 5453 neque
716 5386 878 5450 fame,
912 5403 1089 5457 neque
1121 5390 1225 5445 alia
1265 5396 1498 5462 quadam
1529 5399 1610 5451 via
1644 5401 1708 5453 ad
1737 5401 2073 5459 deditionem

500 5490 595 5528 vos
626 5479 955 5546 toinpellere
1020 5483 1345 5551 poterimus,
1384 5498 1562 5544 tamen
1621 5507 1686 5547 ne
1736 5497 1815 5547 sic
1846 5497 2072 5565 quidem

499 5565 655 5619 vobis
695 5567 968 5625 condecet
1012 5572 1272 5630 obsideri.
1311 5577 1576 5646 Primum,
1625 5597 1733 5636 non
1772 5597 1829 5640 nt
1855 5602 2073 5658 semper

499 5653 920 5725 obsideremini,
961 5671 1015 5716 et
1070 5670 1295 5734 penuria
1331 5671 1507 5726 vietus
1569 5676 1897 5746 «ueterisque
1955 5680 2072 5735 bel—

502 5747 685 5802 lorum
718 5749 1085 5811 incommodis
1119 5763 1528 5829 pretncretnini,
1563 5764 1721 5820 Lesbi
1774 5778 1923 5824 tanto
1947 5787 2069 5828 cum

2184 3207 2216 3274 ή
2246 3206 2339 3259 τοῦ
2371 3206 2623 3277 Σαρχάνη
2656 3208 3036 3279 παρακειμένη
3088 3208 3338 3279 στρατιά.
3375 3206 3765 3273 Μιτυληναίοις
3803 3261 3812 3268 ,

2182 3297 2238 3351 δὲ
2272 3298 2320 3350 οἱ
2357 3297 2645 3366 Ῥωμαίων
2679 3299 3000 3370 μισθοφόροι
3039 3299 3136 3370 τὴν
3177 3300 3257 3366 είς
3280 3299 3381 3372 τὴν
3412 3299 3620 3354 Λέσὸον
3648 3298 3763 3364 ἐξο-

2182 3389 2271 3442 δον
2299 3389 2673 3459 ἀπείρξουσιν,
2709 3389 2850 3445 ὥστε
2899 3393 2993 3445 καὶ
3040 3393 3387 3463 ἀμφοτέρους
3419 3392 3766 3463 ἑκατέρωθεν

2185 3481 2546 3550 ἀπείργεσθαι
2600 3483 2665 3537 ἔκ
2703 3500 2764 3536 τε
2812 3482 2919 3553 γῆς
2975 3485 3068 3540 καὶ
3123 3485 3397 3555 θαλάττης
3446 3484 3542 3539 τοῦ
3596 3484 3767 3555 μηδὲν

2184 3569 2425 3639 εἰσάγειν
2454 3570 2563 3625 τῶν
2624 3572 2972 3642 ἐπιτηδείων.
3009 3573 3161 3641 ’Λμα
3211 3572 3270 3626 δὲ
3320 3568 3415 3644 ἦρι
3449 3573 3762 3643 ἀρχομένῳ,
3804 3632 3809 3636 δ

2186 3661 2357 3731 στόλῳ
2390 3662 2610 3732 μεγάλῳ
2635 3657 2793 3724 αὖθις
2818 3663 2904 3731 ἐφ’
2925 3663 3066 3734 ὑμᾶς
3098 3663 3507 3734 πλευσούμεθα,
3536 3663 3765 3735 γνώμην

2184 3748 2396 3820 ἔχοντες
2427 3749 2590 3820 μέχρι
2617 3752 2814 3814 παντὸς
2838 3752 3241 3824 διακαρτερεῖν,
3270 3754 3428 3822 ἄχρις
3457 3754 3524 3809 ἂν
3557 3755 3589 3825 ἢ
3613 3754 3764 3825 λιμῷ

2182 3840 2216 3909 ἢ
2241 3840 2425 3903 ὅπλοις
2446 3844 2958 3914 παραστησάμενοι,
2985 3841 3568 3917 ἐξανδραποδισὼμεθα
3594 3848 3762 3919 ὑμᾶς.

2185 3933 2327 4003 Πρὸς
2359 3933 2569 3997 τούτοις
2596 3934 2653 3987 δὲ
2698 3937 2795 3988 καὶ
2847 3937 3041 4006 ἑτέραν
3072 3937 3335 4007 βχσιλέως
3367 3939 3619 3993 ἐπίνοιαν
3661 3940 3764 3993 οὐκ

2184 4023 2509 4094 ἀποκρύψω.
2564 4025 2822 4080 Βούλεται
2853 4026 2963 4099 γὰρ
2994 4029 3109 4091 τοῖς
3164 4030 3763 4101 συμπολιορκουμένοις

2185 4116 2315 4186 ύμῖν
2349 4119 2483 4170 πᾶσι
2536 4117 2605 4189 δι’
2637 4118 2817 4188 ὅρκων
2871 4119 3083 4188 αἰρεσιν
3118 4120 3402 4186 προθεῖναι
3433 4120 3465 4191 ἥ
3500 4123 3764 4192 μένοντας

2182 4205 2332 4267 ἐντὸς
2355 4205 2552 4275 τειχῶν
2581 4206 2875 4275 πολεμίους
2909 4207 3060 4278 αύτῷ
3102 4226 3159 4262 τε
3186 4204 3325 4262 εἶναι
3365 4210 3458 4263 καὶ
3487 4213 3565 4280 τῷ
3594 4210 3759 4280 κοινῷ

2181 4298 2463 4360 Γεννούας.
2494 4297 2649 4369 ῆέξω
2665 4299 2990 4368 γενομένους
3007 4299 3103 4353 καὶ
3145 4300 3547 4364 καταλιπόντας
3587 4302 3761 4369 ὑμᾶς,

2188 4389 2263 4458 μὴ
2302 4389 2461 4458 μόνον
2527 4389 2678 4457 παρὰ
2731 4388 2999 4459 βασιλέως
3051 4393 3236 4460 τυχεῖν
3272 4391 3608 4461 συγγνώμης
3668 4394 3760 4447 καὶ

2187 4481 2492 4552 ἀμνηστίας
2521 4474 2596 4536 ὧν
2635 4481 3108 4555 ἐξημαρτήκασιν,
3159 4482 3298 4538 ἀλλὰ
3352 4487 3446 4537 καὶ
3477 4486 3630 4555 παρὰ
3683 4487 3759 4555 τῷ

2186 4573 2350 4643 κοινῷ
2377 4571 2640 4632 Γεννούας
2668 4572 2935 4643 ἀζημίους
2956 4570 3119 4637 εἶναι,
3149 4572 3417 4649 βασιλέως
3451 4576 3549 4646 τὴν
3571 4577 3757 4632 ἄδειαν

2181 4663 2620 4736 παρασχομένου.
2646 4664 2825 4736 Ὅπερ
2856 4666 2939 4719 ὅτι
2973 4664 3203 4729 πολλοὺς
3236 4667 3348 4719 τῶν
3377 4668 3506 4737 ύμῖν
3537 4686 3752 4743 συμποο

2180 4757 2583 4828 λιορκουμένων
2611 4758 2790 4811 πείσει
2810 4756 3149 4827 ἀποστῆναι,
3172 4758 3287 4812 οὐδ’
3321 4761 3485 4823 «est;
3518 4762 3752 4829 ἀγνοεῖς.

2184 4852 2313 4905 Ὅτε
2339 4850 2521 4904 τοίνυν
2570 4848 2632 4915 ἐξ
2682 4850 2856 4920 ἀρχῆς
2903 4866 2962 4923 τε
2997 4850 3056 4903 ού
3114 4850 3299 4904 δίκαια
3335 4852 3624 4917 ποιοῦντες
3661 4858 3751 4907 τὸν

2181 4944 2415 5014 πόλεμον
2442 4943 2768 5013 κεκινήκατε
2797 4943 3030 5007 τουτονὶ,
3063 4942 3157 4996 νῦν
3183 4961 3243 4996 τε
3275 4944 3381 4997 τῶν
3411 4947 3753 5016 πραγμάτων

2179 5034 2493 5103 ἐναντίωςῆ
2534 5035 2686 5088 αὐτοὶ
2718 5035 3089 5103 προσεδοκᾶτε
3130 5038 3521 5107 χωρησάντων,
3565 5039 3626 5091 οὐ
3661 5040 3757 5109 μό-

2179 5143 2269 5178 νον
2318 5125 2574 5189 ἁϐουλίας
2634 5127 2730 5180 καὶ
2786 5127 3079 5189 ἀσυνεσίας
3135 5126 3335 5196 ὄφλετε
3397 5133 3753 5202 κατηγορίαν,

2178 5217 2321 5272 ἀλλὰ
2355 5217 2449 5270 καὶ
2480 5217 2537 5270 ὲν
2567 5218 2815 5286 ἐσχάτοις
2852 5217 3152 5283 κατέστητε
3185 5218 3478 5284 κινδύνοις,
3532 5221 3635 5273 ποῦ
3663 5221 3752 5273 λυ-

2183 5309 2386 5371 σιτελὲς
2416 5309 2448 5380 ἢ
2479 5307 2902 5378 σωφρονούντων
2941 5308 3074 5371 ὃλω;
3107 5308 3420 5379 ἀνθρώπων
3475 5313 3552 5383 μὴ
3589 5331 3755 5383 μετα-

2179 5400 2529 5455 ϐουλεύεσθαι
2581 5403 2713 5470 περὶ
2758 5400 2866 5453 τῶν
2907 5401 3090 5464 κακῶς
3150 5401 3619 5473 βεϐουλευμένων,
3658 5409 3751 5459 καὶ

2178 5495 2454 5565 σωτηρίαν
2502 5493 2627 5547 τινὰ
2660 5492 2843 5556 αὐτοῖς
2874 5495 2936 5546 ὲκ
2971 5492 3078 5545 τῶν
3127 5494 3357 5547 ἐνόντων
3410 5495 3750 5567 ἐκπορίζειν,

2178 5587 2310 5642 ἀλλὰ
2338 5587 2424 5641 διὰ
2455 5584 2785 5656 φιλονεικίαν
2817 5585 2911 5639 καὶ
2953 5585 3272 5648 ἀλαζονείαν
3304 5586 3429 5639 νοῦν
3458 5588 3561 5641 οὒκ
3600 5590 3751 5657 ἐχου-

2179 5695 2299 5741 σαν,
2328 5678 2524 5740 αύτούς
2553 5694 2613 5728 τε
2642 5677 2979 5730 ἀπόλλυσθαι
3009 5677 3220 5752 κακῶς,
3252 5678 3345 5731 καὶ
3379 5680 3492 5742 τοῖς
3524 5680 3748 5743 οἰκείοις

2174 5776 2233 5827 οε)
2264 5772 2454 5827 πενίαν
2499 5771 2658 5841 μόνον
2714 5770 2805 5823 καὶ
2840 5770 3208 5842 ἀποστέρησιν
3243 5771 3348 5824 τῶν
3386 5768 3577 5838 ὄντων,
3615 5771 3747 5826 ἀλλὰ
