4122 6296
576 317 680 380 61.1

1761 309 2092 370 JOANNIS
2133 307 2656 380 CANI‘ACUZENI

3712 259 3816 368 ἐξ

575 430 702 484 dem
755 442 944 497 pacem
978 424 1448 495 complectendam
1498 437 1638 487 esse,
1691 421 1999 479 coitfirmari
2041 434 2137 488 po-

2249 421 2460 488 ιίρετὲα
2492 420 2522 486 ἡ
2555 418 2747 487 είρήνη
2770 431 2783 444 '
2821 417 2907 468 τὸν
2940 415 3140 484 τρόπον
3165 416 3216 467 δὲ
3248 416 3306 468 ὃν
3342 416 3404 468 ἂν
3425 417 3554 485 ὑμῖν
3587 416 3814 484 μάλιστα

575 530 705 574 test.
738 517 956 571 Modum
988 531 1173 586 porro,
1198 531 1308 584 quo
1337 514 1390 568 id
1422 513 1859 567 fructuosissime
1903 512 2137 575 faciatis,

573 625 865 679 exponam.
937 609 1244 674 Antequam
1308 620 1374 659 (ο
1434 603 1776 658 necessitatis
1846 603 2142 670 compella-

574 701 733 763 miui,
770 708 830 752 ut
850 699 1016 752 etiam
1047 697 1204 751 inviti
1239 695 1308 749 ad
1359 696 1748 764 imperatorem
1808 709 1904 747 vos
1950 694 2143 762 adjun-

573 806 701 861 gere
735 788 1052 853 videamini,
1092 787 1347 857 praesenti
1374 785 1761 842 benevolentia
1801 784 2139 853 praeteritam

575 881 832 950 iniuriam
861 889 1168 946 exaequate,
1201 893 1266 933 ac
1295 893 1393 948 per
1418 877 1628 946 legatos
1661 876 1981 932 bellicarum
2010 875 2135 930 ista~

574 991 695 1029 rum
725 970 1055 1027 offensarum
1083 970 1300 1026 veniam
1329 968 1592 1040 “agitate.
1635 968 1740 1035 Qui
1781 983 1906 1022 cum
1940 967 2012 1023 sit
2042 966 2145 1020 mi.

574 1066 646 1119 tis
677 1063 920 1134 ingenio,
963 1061 1096 1115 etin
1137 1076 1196 1116 se
1245 1059 1604 1130 peccantibus
1651 1067 1939 1128 promptus
1990 1057 2146 1126 igno-

574 1170 754 1217 scere,
790 1154 836 1207 si
861 1154 982 1222 ejus
1023 1153 1161 1206 iram
1189 1151 1398 1206 fuerint
1424 1150 1731 1220 deprecati.
1761 1152 1928 1204 etiam
1960 1147 2144 1214 vobis,

576 1261 698 1299 meo
737 1245 965 1314 insuper
1009 1245 1311 1297 accedente
1357 1242 1635 1311 impulsu,
1690 1241 1927 1295 libenter
1993 1237 2148 1309 igno-

574 1344 713 1391 scet.
767 1336 870 1391 Ubi
909 1349 1036 1389 eum
1069 1331 1436 1404 placaveritis,
1501 1330 1794 1386 Sarchauis
1823 1329 2148 1388 Persarum-

545 1431 683 1496 'que
715 1429 947 1482 aliorum
985 1425 1144 1489 ﬁlios,
1184 1439 1325 1494 quos
1372 1422 1624 1478 obsidum
1682 1421 1906 1477 nomine
1961 1427 2149 1475 custo-

578 1520 732 1582 ditis,
764 1519 944 1572 eidem
982 1517 1037 1570 in
1073 1515 1314 1570 muneris
1348 1515 1470 1569 loco
1504 1512 1796 1568 oli‘ertote:
1854 1509 2148 1582 Mitylenen

574 1620 838 1680 prreterca
872 1624 929 1664 et
982 1607 1269 1662 Phocaeam
1297 1595 1594 1660 restituite.
1626 1605 1722 1658 ille
1751 1619 1884 1658 vero
1908 1610 2148 1656 vestrum

577 1703 681 1755 hoc
715 1716 840 1770 erga
874 1715 932 1753 se
976 1697 1222 1752 studium
1269 1710 1654 1764 compensans,
1681 1709 1785 1747 una
1819 1708 1944 1748 cum
1968 1693 2147 1757 venia,

2243 511 2644 580 λοσιτελήσειεν
2678 509 3034 578 ὑφηγήσομαι
3069 507 3202 574 ἐγώ.
3265 509 3398 574 Πρὶν
3443 509 3524 570 εἰς
3559 508 3809 564 τοσοῦτον

2245 604 2494 659 κινδύνου
2560 603 2720 670 ἥκειν
2773 601 2917 653 ὥστε
2947 600 3123 651 δοκεῖν
3159 598 3254 651 καὶ⁵
3281 598 3512 659 ἄκοντας
3541 603 3819 666 προσιέναι

2245 699 2473 767 βασιλεῖ,
2527 683 2835 759 ἐνδείξασθε
2869 691 3084 746 εὔνοιάν
3120 710 3244 746 τινα
3292 693 3626 762 ἀντίρροπον
3687 697 3820 764 πρὸς

2251 791 2352 858 τὴν
2408 787 2684 857 προτέραν
2739 785 2974 846 ἀδικίαν,
3020 785 3114 838 καὶ
3159 785 3454 854 πρεσϐείαν
3513 787 3822 856 πέμψαντες

2244 879 2380 949 πρὸς
2420 877 2662 949 βασιλέα,
2698 875 3030 945 συγγνώμην
3060 876 3320 946 αίτήσατε
3355 877 3440 945 ἐφ’
3467 874 3551 939 οἷς
3584 896 3821 948 προσκε-

2245 970 2521 1040 κρούκατε
2570 968 2722 1021 κατὰ
2776 967 2868 1021 τὸν
2930 965 3194 1035 πόλεμον.
3226 966 3390 1020 Φύσει
3437 968 3492 1021 δὲ
3514 967 3590 1022 ὢν
3619 971 3820 1032 ἐκεῖνος

2247 1064 2441 1133 πρᾶος,
2465 1064 2558 1115 καὶ
2590 1063 2704 1125 τοῖς
2733 1059 3013 1114 ἀδικοῦσιν
3036 1061 3254 1130 ἕτοιμος
3280 1062 3550 1131 παρέχειν
3581 1063 3826 1130 συγγνώ-

2248 1166 2382 1218 μην,
2409 1150 2475 1202 ἂν
2497 1149 2875 1212 παραιτῶνται
2902 1150 3002 1220 τὴν
3029 1150 3221 1218 ὀργὴν,
3251 1151 3345 1203 καὶ
3369 1152 3499 1219 ὑμῖν
3528 1151 3825 1220 συγγιώσε·

2245 1257 2336 1293 ται
2375 1239 2591 1310 ῥᾳδίως,
2625 1240 2721 1293 καὶ
2749 1238 2886 1306 ἐμοῦ
2943 1239 3080 1310 πρὸς
3111 1239 3270 1292 τοῦτο
3304 1239 3546 1308 μάλιστα
3599 1241 3823 1308 ἐνάγονο

2246 1349 2358 1396 τος.
2405 1330 2655 1384 Ἐπειδὰν
2683 1332 2738 1382 δὲ
2769 1330 2868 1398 τὴν
2894 1330 3158 1401 βασιλέως
3191 1331 3582 1402 ὲκμειλίξησθε
3630 1332 3822 1400 ὀργὴν,

2248 1422 2340 1475 τὸν
2381 1420 2548 1472 παῖδα
2604 1419 2858 1489 Σαρχάνη
2919 1421 3013 1472 καὶ
3065 1421 3175 1473 τῶν
3206 1420 3382 1474 ἄλλων
3422 1421 3649 1492 Περσῶν
3683 1422 3734 1474 οἳ
3767 1425 3825 1475 ὲν

2226 1509 2470 1580 .όμήρων
2503 1510 2854 1579 προσχήματι
2891 1509 3258 1578 φρουροῦνται
3294 1511 3424 1580 παρ’
3449 1510 3600 1578 ὑμῖν,
3630 1506 3826 1564 λαϐόν-

2250 1616 2341 1661 τες
2409 1597 2603 1666 ῶσπερ
2648 1597 2840 1668 δῶρα,
2877 1600 3287 1668 προσκομίσατε
3345 1599 3422 1668 τῷ
3441 1599 3688 1670 βασιλεῖ,
3734 1604 3826 1655 καὶ

2250 1691 2564 1762 Μιτυλήνην
2596 1688 2692 1742 καὶ
2720 1687 2975 1773 Φώκαιαν
3003 1688 3300 1757 παράδοτε.
3357 1691 3629 1752 Κάκεῖνος
3667 1691 3825 1760 ἀμει-

575 1809 684 1860 qua
714 1807 812 1844 vos
842 1789 1138 1859 impertiet,
1174 1789 1338 1842 etiam
1375 1795 1628 1856 sumptus
1659 1801 1686 1838 a
1717 1800 1777 1839 se
1813 1785 1868 1837 in
1901 1783 2005 1838 hoc
2027 1783 2144 1838 bel-

2250 1781 2482 1852 δόμενος
2516 1781 2662 1849 ὑμᾶς
2691 1781 2788 1850 τῆς
2847 1780 3060 1844 εὐνοίας
3121 1781 3285 1834 ’ἑνεκα
3313 1781 3411 1851 τῆς
3442 1782 3578 1852 πρὸς
3637 1784 3820 1850 αὐτὸν,

580 1885 694 1937 lum
724 1884 1046 1947 collocatos,
1082 1890 1138 1935 et
1162 1881 1380 1935 Lesbiis
1410 1895 1510 1949 per
1531 1894 1630 1932 vos
1663 1877 1863 1930 damna
1888 1875 2146 1945 irrogata,

577 1991 700 2043 qure
737 1975 1046 2044 respublica
1093 1973 1399 2027 Genueusis
1431 1986 1500 2025 ex
1533 1970 1741 2025 findere
1782 1969 1850 2030 de
1879 1967 2150 2022 facultati.-

580 2067 683 2120 bus
713 2074 770 2119 et
824 2065 988 2119 bouis
1025 2063 1219 2118 vestris
1256 2062 1522 2117 resarcire
1551 2061 1736 2123 debet,
1790 2060 2028 2129 benigne
2059 2073 2152 2113 re-

578 2159 779 2210 mittet.
812 2156 1003 2224 Neque
1050 2154 1157 2209 hoc
1188 2161 1424 2219 tantum,
1457 2152 1552 2208 sed
1583 2161 1640 2206 et
1687 2160 1947 2220 tauquam
1979 2149 2150 2204 hosti-

578 2250 681 2302 bus
717 2247 1037 2315 reipnblicae
1074 2245 1387 2310 declaratis,
1437 2259 1500 2298 ac
1531 2244 1880 2313 proscriptis,
1909 2252 1966 2298 et
1992 2242 2150 2312 perii-

579 2340 683 2410 dia:-
717 2353 934 2407 poauam
977 2337 1336 2400 commeritis,
1371 2335 1756 2405 impunitatem
1811 2334 2144 2407 impetrabit,

576 2443 829 2482 senatum
879 2426 946 2480 ad
988 2426 1203 2480 veniam
1229 2425 1578 2479 tribuendam
1623 2425 1947 2480 cohortatus
1981 2441 1996 2476 :
2037 2441 2147 2495 quo

580 2521 729 2573 nulla
770 2533 828 2572 re
857 2517 1125 2586 spoliatis,
1159 2517 1341 2571 denuo
1375 2517 1432 2570 in
1454 2517 1732 2586 republica
1779 2517 1948 2571 libere
1983 2531 2148 2586 uego-

579 2608 718 2661 tiuut
760 2620 920 2661 suum
959 2619 1123 2673 agere
1173 2603 1357 2657 liceat.
1389 2603 1541 2657 Adde
1565 2603 1710 2673 quod
1759 2604 1999 2658 Phocaea:
2039 2605 2147 2659 Ro-

579 2710 861 2752 manorum
921 2694 1158 2764 propria:
1188 2692 1584 2763 principatum,
1631 2701 1688 2747 et
1737 2693 2144 2748 usumfructum

577 2790 724 2843 sicut
777 2788 954 2857 prius,
1008 2787 1255 2856 quantliu
1302 2785 1560 2849 voluerit,
1617 2786 1774 2840 vobis
1838 2786 2141 2855 permittet.

577 2880 743 2949 300
775 2880 917 2944 Quin
958 2888 1013 2932 et
1041 2886 1222 2931 vestra
1270 2891 1440 2930 causa
1483 2891 1610 2930 cum
1642 2877 1920 2931 Sarcitane
1967 2876 2145 2931 fmdus

578 2973 760 3038 feriet,
793 2979 848 3025 ut
880 2987 946 3024 ex
975 2970 1097 3040 ejus
1125 2968 1408 3038 provincia
1457 2967 1720 3037 pristinos
1775 2968 1985 3023 fructus
2017 2983 2145 3038 per-

577 3063 838 3133 cipiatis:
874 3077 1084 3131 perque
1118 3075 1307 3114 omnes
1362 3060 1572 3116 insulas
1610 3074 1676 3114 ac
1726 3061 1980 3116 civitates
2038 3061 2145 3114 Ro-

579 3167 868 3205 manorum
927 3151 1250 3204 mercatum
1292 3149 1552 3205 faciendae
1628 3150 1907 3205 licentiam
1969 3151 2140 3206 dabit.

579 3226 1074 3317 Dispiciteigitur,
1129 3249 1265 3310 quot
1308 3240 1628 3296 infortuniis
1680 3240 1785 3296 hoc
1815 3241 2018 3296 bellum
2049 3256 2144 3296 vos

576 3333 918 3396 mactavcrit,
965 3347 1029 3386 ac
1077 3331 1311 3387 forsitan
1367 3332 1735 3388 deterioribus
1757 3332 2054 3387 mactabit:
2089 3343 2146 3388 et

573 3434 715 3493 quot
741 3425 983 3478 vicissim
1014 3425 1160 3478 bona
1192 3425 1349 3480 vobis
1371 3439 1475 3493 pax
1504 3423 1922 3493 suppeditatum
1956 3425 2051 3490 sit,
2095 3424 2143 3480 si

576 3530 667 3570 me
692 3515 1030 3571 audiveritis.
1066 3514 1225 3580 Quod
1249 3524 1429 3570 autem
1462 3516 1694 3580 suadeo,
1745 3516 1799 3570 id
1823 3516 1908 3571 vel
1955 3515 2143 3581 hodie,

577 3606 662 3658 vel
693 3619 815 3659 cras
871 3605 1098 3674 exsequi
1142 3606 1417 3674 poteritis.
1465 3606 1681 3660 Etenim
1735 3607 1783 3660 si
1849 3609 2008 3676 quasi
2036 3623 2145 3663 non

575 3697 953 3750 necessarium
1008 3696 1356 3764 distuleritis,
1408 3697 1796 3767 imperatorem
1847 3698 2048 3754 deinde
2076 3700 2146 3755 ad

543 3787 1092 3841 .a‘ccouciliationcm
1149 3802 1257 3842 non
1290 3788 1518 3857 perinde
1561 3797 1874 3858 promptum
1900 3790 2149 3846 invenie-

578 3881 674 3935 tis.
711 3879 844 3934 Nam
875 3879 922 3934 si
956 3879 1229 3950 stipendia
1261 3880 1562 3951 remigibus
1619 3891 1676 3936 et
1701 3882 1822 3938 aliis
1867 3897 2149 3938 mercena-

581 3972 704 4034 riis,
733 3970 827 4039 qui
851 3986 950 4026 vos
994 3986 1093 4040 per
1152 3971 1389 4026 hiemem
1459 3973 1812 4040 obsidebunt,
1862 3983 2147 4030 numerata

581 4061 812 4125 fuerint,
841 4077 966 4129 quae
999 4062 1109 4130 jam
1129 4063 1498 4131 quaestoribus
1539 4065 1852 4133 imperavit,
1880 4081 1983 4136 ego
2014 4081 2147 4120 vero

581 4160 814 4224 propter
840 4168 904 4207 ea
929 4167 1050 4222 qua:
1082 4153 1216 4220 dixi,
1243 4169 1313 4207 ne
1339 4155 1534 4208 darent
1567 4157 1843 4224 prohibui,
1877 4157 2045 4211 timeo
2079 4172 2150 4220 ne

581 4251 770 4314 postea
802 4243 1131 4312 legationem
1160 4258 1272 4297 non
1309 4244 1587 4310 admittat,
1617 4244 1752 4300 illud
1774 4262 1960 4302 secum
1987 4263 2150 4317 repu-

582 4341 726 4394 tans,
760 4339 820 4385 ut
852 4339 934 4386 est
960 4331 1247 4396 credibile,
1294 4347 1456 4402 posse
1513 4349 1610 4388 vos
1668 4321 1733 4388 fil
1770 4334 2147 4390 conditionem

2253 1875 2394 1944 μετά
2420 1877 2517 1943 τῆς
2555 1873 2889 1942 συγγνώμης
2921 1872 2988 1943 ἢν
3044 1871 3362 1944 παρέξεται,
3393 1873 3490 1926 καὶ
3513 1875 3581 1928 τά
3605 1891 3667 1927 τε
3698 1877 3825 1927 ἁνα-

2249 1967 2495 2019 λωθέντα
2520 1966 2781 2034 χρήματα
2842 1964 2924 2026 είς
2958 1964 3048 2017 τὸν
3082 1963 3319 2032 πόλεμον
3348 1963 3440 2017 τὸν
3490 1965 3616 2017 καθ’
3671 1966 3824 2034 ὑμῶν

2249 2058 2344 2109 καὶ
2376 2054 2412 2108 ἃ.
2443 2053 2792 2123 ἐζημιώσατε
2849 2052 3136 2118 Λεσϐίους,
3173 2053 3209 2107 ἃ.
3252 2055 3313 2107 τὸ
3342 2054 3521 2108 κοινὸν
3553 2055 3824 2119 Γεννούας

2247 2147 2313 2198 ἐκ
2337 2144 2445 2196 τῶν
2493 2143 2776 2212 ὑμετέρων
2832 2143 3128 2210 κτημάτων
3185 2143 3326 2196 κατὰ
3379 2143 3482 2230 τὰς
3536 2146 3822 2216 συνθήκας

2246 2237 2453 2306 ὀφείλει
2481 2237 2758 2290 ἀποτίνειν
2785 2238 3076 2305 χαριεῖται.
3109 2236 3184 2288 Οὐ
3223 2235 3329 2306 μὴν
3367 2235 3504 2289 ἀλλὰ
3540 2239 3637 2290 καὶ
3665 2238 3824 2290 πολε-

2251 2330 2404 2397 μίους
2433 2328 2968 2395 ἀναγεγραμμένους
2998 2325 3074 2395 τῷ
3110 2327 3297 2395 κοινῷ,
3335 2327 3430 2381 καὶ
3458 2329 3617 2391 δίκας
3667 2328 3823 2397 ὀφεί-

2246 2419 2437 2482 λοντας
2458 2420 2552 2480 τῆς
2578 2419 2860 2481 ἀπιστίας,
2894 2419 3164 2472 ἀπάθειαν
3185 2417 3373 2472 κακῶν
3408 2420 3825 2489 καταπράξεται

2247 2513 2399 2580 ὑμῖν,
2459 2499 2531 2582 τῇ
2578 2510 2741 2581 βουλῇ
2791 2509 3124 2579 συγγνώμην
3177 2509 3441 2574 κελεύσας
3493 2515 3822 2582 παρασχεῖν,

2245 2603 2386 2656 ὥστε
2413 2603 2586 2666 ἀδεῶς
2625 2602 2789 2656 πάλιν
2817 2601 3275 2671 ἐμπολιτεύεσθαι
3298 2603 3481 2665 αὐτοῖς
3509 2605 3821 2674 ἀποστερη-

2247 2695 2441 2757 θέντας
2473 2695 2581 2748 τῶν
2627 2694 2850 2746 οίκείων
2885 2695 3133 2764 μηδενός.
3178 2696 3322 2764 Πρὸς
3373 2695 3584 2760 τούτοις
3622 2697 3682 2750 δὲ
3729 2701 3847 2751 καὶ.

2243 2787 2501 2850 Φωκαίας
2559 2786 3045 2858 ὥσπερπρότερον
3084 2789 3178 2840 καὶ
3201 2784 3357 2852 αὖθις
3385 2789 3573 2860 ἄρχειν
3605 2789 3824 2861 ὲπιτρξ-

2243 2878 2360 2949 ψει,
2421 2879 2497 2942 ώς
2552 2880 2797 2948 ὑπηκόου
2862 2879 2964 2949 μὲν
3035 2881 3334 2950 Ῥωμαίοις
3377 2882 3566 2951 οὔσης,
3606 2884 3737 2952 ὑμῖν
3767 2885 3824 2937 δὲ

2246 2972 2580 3042 παρέχοντος
2639 2972 2910 3042 βασιλέως
2957 2974 3056 3042 τὴν
3098 2975 3309 3045 ἀρχὴν,
3356 2975 3518 3044 ἄχρις
3546 2976 3614 3029 ἂν
3657 2977 3824 3040 αὐτὸς

2249 3064 2430 3135 ἐθέλῃ.
2481 3064 2594 3118 Καὶ
2652 3064 2882 3127 σπονδὰς
2935 3065 3067 3134 ὑμῖν
3114 3065 3253 3133 πρὸς
3300 3067 3586 3137 Σαρχάνην
3643 3066 3821 3138 θήσει,

2249 3160 2390 3214 ὥστε
2425 3161 2518 3213 καὶ
2548 3156 2702 3224 αὖθις
2731 3162 2829 3222 τὰς
2862 3161 3160 3230 προσόδους
3195 3163 3260 3225 ἃς
3310 3163 3408 3216 καὶ
3445 3163 3712 3232 πρότερον
3741 3163 3822 3215 ετ-

2249 3269 2394 3321 χετε,
2419 3253 2482 3304 ἐκ
2510 3251 2610 3321 τῆς
2632 3251 2818 3322 χώρας
2840 3254 2940 3322 τῆς
2964 3253 3128 3306 αὐτοῦ
3153 3253 3521 3324 καρποῦσθαι.
3548 3255 3657 3308 Καὶ
3683 3257 3826 3310 κατὰ

2250 3344 2431 3406 πάσας
2463 3344 2659 3413 νήσους
2690 3334 2912 3407 καὶτὰς
2949 3343 3153 3411 πόλεις,
3179 3345 3236 3398 αἶ
3265 3345 3496 3416 ὑπήκοοί
3535 3348 3643 3400 είσι
3687 3347 3823 3402 Ῥω⁸

2255 3434 2457 3504 μαίοις,
2486 3435 2767 3489 ἀκώλυτον
2801 3437 2932 3506 ὑμῖν
2961 3437 3059 3503 τὴν
3078 3438 3348 3508 ἐμπορίαν
3381 3437 3632 3492 κελεύσει
3657 3437 3824 3495 εἶναι.

2251 3527 2514 3580 Σκοπεῖτε
2544 3523 2638 3581 οῦν
2687 3527 2864 3581 ὁπόσα
2909 3528 3006 3596 μὲν
3048 3529 3178 3597 ὑμῖν
3207 3527 3237 3580 ό
3270 3529 3505 3598 πόλεμος
3545 3531 3824 3598 ἐπήνεγκε
3899 3523 3919 3544 ’

2251 3619 2422 3683 κακὰ,
2456 3619 2585 3682 ἴσως
2634 3617 2690 3671 δὲ
2723 3617 2817 3672 καὶ
2859 3619 3077 3689 χείρονα
3099 3619 3309 3686 ἐπάξει,
3345 3621 3556 3675 ὁπόσων
3590 3621 3648 3674 δὲ
3687 3623 3826 3690 ἀγαο

2251 3710 2423 3780 θῶνή
2470 3711 2659 3781 ιίρήνη
2700 3711 3021 3779 γενήσεται-ι
3051 3710 3199 3775 ἀξία,
3255 3711 3323 3766 ἂν
3366 3713 3626 3784 πείθησθε
3676 3716 3823 3783 ἐμοί,

2253 3801 2438 3854 Ταῦτα
2464 3801 2520 3854 δὲ
2549 3801 2680 3870 ὑμῖν
2707 3801 2740 3872 ἦ
2767 3803 3004 3872 σήμερον
3035 3803 3300 3872 πράττειν
3336 3803 3370 3872 ἢ
3398 3806 3478 3866 είς
3521 3805 3622 3874 τὴν
3669 3805 3825 3858 ὑστε-

2257 3891 2415 3961 ραίαν
2439 3891 2678 3956 ἐξέσται.
2724 3894 2850 3948 Ἐὰν
2877 3895 2984 3965 γὰρ
3015 3884 3115 3948 οὐκ
3167 3896 3442 3963 ἀναγκαῖα
3479 3897 3823 3966 λογιζόμενοι

2254 3983 2588 4055 ὕπὲρθησθε,
2622 3984 2805 4038 οὐκέθ’
2831 3985 3034 4053 ὁμοίως
3086 3987 3346 4056 εὑρήσετε
3379 3986 3607 4057 βασιλέα
3644 3991 3823 4060 ῥᾴδιον

2253 4077 2390 4147 πρὸς
2419 4077 2517 4140 τὰς
2551 4076 2921 4145 καταλλαγάς.
2965 4078 3092 4132 Ἐὰν
3120 4081 3228 4149 γὰρ
3255 4079 3324 4132 τὰ
3353 4080 3456 4149 χρή
3469 4096 3620 4148 ματα
3646 4081 3819 4159 διαδο-

2255 4170 2324 4238 θῇ
2355 4172 2467 4230 τοῖς
2525 4165 2840 4240 τριηρίταις
2867 4171 2960 4222 καὶ
3006 4173 3121 4233 τοῖς
3154 4171 3334 4232 ἄλλοις
3393 4171 3746 4240 μισθοφόροις
3771 4173 3820 4222 οἳ

2257 4260 2508 4328 μέλλουσι
2545 4261 2639 4314 τοῦ
2678 4261 2946 4330 χειμῶνος
2975 4263 3120 4331 ὑμᾶς
3156 4262 3486 4332 πολιορκεῖν,
3517 4263 3555 4316 ἃ
3583 4265 3704 4316 νυνὶ
3726 4263 3821 4331 βαι

2255 4349 2436 4412 σιλεῦς
2487 4350 2584 4419 μὲν
2613 4351 2865 4403 ἐκέλευσε
2893 4351 3185 4404 διαδιδόναι
3213 4353 3326 4414 τοῖς
3348 4353 3603 4420 ταμίαις,
3633 4352 3743 4419 ἐγὼ
3766 4353 3821 4405 δὲ

584 4425 984 4494 mancipiorum
1057 4424 1330 4494 redigere,
1403 4424 1533 4479 dum
1606 4436 1832 4496 tempus
1901 4427 2145 4482 merendi

2255 4439 2504 4494 ἐκώλυσα
2530 4440 2759 4492 τουτωνὶ
2798 4440 2907 4492 τῶν
2943 4440 3120 4505 λόγων
3163 4440 3352 4504 ἕνεκα,
3386 4440 3603 4494 δέδοικα
3655 4443 3730 4511 μὴ
3759 4443 3819 4494 οὐ

579 4524 830 4580 exeat,et
858 4531 981 4569 cum
999 4515 1197 4580 modo,
1231 4524 1344 4569 tum
1370 4517 1505 4570 alias
1536 4517 1834 4585 impensam
1862 4519 2148 4587 pecuniam

580 4611 846 4676 recipere.
886 4608 1073 4675 Itaque
1107 4615 1166 4659 ut
1196 4605 1264 4660 de
1293 4608 1622 4663 necessariis
1677 4607 2061 4670 deliberaturi,
2092 4617 2149 4664 et

576 4709 826 4769 mupore
858 4710 1040 4748 moras
1073 4710 1182 4749 non
1219 4694 1451 4758 ferente,
1483 4711 1647 4764 quam
1681 4698 1920 4767 primum
1959 4698 2148 4752 conci-

576 4792 718 4845 lium
750 4790 1046 4853 celebrate,
1076 4796 1134 4842 et
1169 4789 1330 4842 nobis
1359 4789 1491 4856 quid
1536 4790 1847 4844 statueritis
1881 4789 2153 4859 significa-

579 4890 714 4934 totc.
807 4877 901 4933 Sic
929 4891 1158 4945 magnus
1189 4875 1525 4930 domesticus
1572 4877 1798 4931 Latinos
1831 4876 2146 4930 admonuit.

575 4971 816 5026 Joannes
846 4979 954 5022 tam
987 4981 1114 5022 sero
1140 4981 1199 5021 se
1229 4981 1353 5020 cum
1385 4966 1480 5020 illo
1513 4967 1569 5020 iu
1603 4967 2025 5022 collocationem
2058 4984 2150 5022 ve-

579 5063 728 5120 nisse
753 5061 933 5118 doluit
958 5078 975 5127 ;
1005 5059 1199 5114 multis
1219 5058 1367 5112 enim
1391 5059 1638 5127 profecto
1670 5060 1829 5113 malis
1859 5075 2070 5126 carere,
2092 5068 2150 5112 et

577 5157 700 5210 aliis
730 5153 955 5209 carendi
993 5160 1272 5206 auctorem
1296 5164 1417 5204 esse
1451 5151 1716 5220 potuisse.
1758 5151 2147 5206 Verumtamen

578 5245 852 5319 prazterita
870 5257 981 5297 non
1004 5243 1252 5298 revocari
1275 5262 1286 5296 :
1314 5255 1568 5315 oportere
1593 5257 1775 5300 autem
1801 5261 1859 5301 se
1882 5245 2148 5314 postridie

577 5339 634 5396 in
671 5337 863 5393 urbem
895 5350 1176 5392 reversum
1206 5335 1328 5390 aliis
1343 5352 1562 5406 quoque
1585 5339 1690 5394 hoc
1741 5339 1982 5394 indicare
2015 5353 2148 5394 con-

582 5429 790 5492 silium,
825 5436 882 5482 et
933 5428 1179 5483 omnium
1237 5431 1536 5484 sententias
1565 5433 1933 5486 communiter
1953 5435 2146 5500 exqui—

585 5535 729 5576 rere.
768 5522 1058 5574 Annueute
1100 5535 1296 5590 magno
1348 5523 1670 5586 domestico,
1722 5523 2004 5578 Phocaeam
2058 5538 2147 5577 re-

585 5626 834 5680 gressus,
891 5610 1150 5666 Odoardo
1197 5622 1255 5666 et
1303 5616 1518 5670 caneris
1569 5615 1700 5683 quid
1765 5616 1811 5669 is
1835 5615 2148 5670 consuleret

587 5705 864 5775 exposuit.
894 5704 1048 5774 Quod
1081 5721 1206 5761 cum
1247 5717 1302 5761 et
1335 5708 1468 5778 ipsis
1527 5720 1586 5762 ut
1640 5710 1931 5779 optimum,
1986 5716 2151 5778 atque

2253 4527 2618 4596 προσδέξηται
2650 4527 2748 4597 τὴν
2772 4527 3066 4597 πρεσϐείαν
3092 4529 3228 4598 μετὰ
3250 4529 3442 4594 ταῦτα,
3473 4530 3820 4600 λογιζόμενος

2252 4617 2439 4688 ὥσπερ
2471 4621 2641 4682 είκὸς,
2671 4619 2747 4682 ὡς
2771 4621 3182 4690 παραστήσεται
3206 4620 3353 4689 ὑμᾶς
3381 4622 3440 4672 ἐν
3472 4622 3819 4690 ἀνδραπόδων

2256 4707 2440 4780 μοίρᾳ,
2465 4709 2624 4778 ἄχρις
2653 4710 2719 4762 ἂν
2748 4712 2776 4762 ό
2822 4711 3013 4779 χρόνος
3045 4713 3146 4780 τῆς
3181 4711 3521 4780 μισθοφορᾶς
3545 4711 3816 4778 ἀναλωθῇ,

2255 4802 2348 4852 καὶ
2377 4801 2444 4852 τὰ
2469 4801 2726 4870 χρήματα
2752 4801 3091 4870 ἀπολήψεται
3142 4803 3280 4870 πρὸς
3317 4804 3430 4864 τοῖς
3471 4803 3565 4854 νῦν
3621 4803 3718 4855 καὶ
3752 4808 3816 4854 τὰ

2255 4890 2517 4960 πρότερον
2549 4891 2892 4960 ἀναλωμένα.
2935 4891 3024 4954 Ὦς
3048 4890 3143 4944 οὖν
3183 4894 3504 4958 ἀναγκαίων
3550 4894 3680 4961 πέρι
3705 4896 3817 4945 too-

2259 4983 2427 5050 μένης
2456 4983 2556 5050 τῆς
2588 4981 2802 5050 βουλῆς,
2837 4985 2932 5036 καὶ
2969 4982 3162 5052 τριϐὴν
3191 4983 3286 5036 τοῦ
3322 4985 3516 5052 χρόνου
3543 4985 3646 5036 οὐκ
3677 4986 3813 5038 ἑνδε-

2254 5074 2507 5142 χομένου,
2543 5073 2762 5142 παχέως
2791 5091 2850 5126 τε
2911 5075 3064 5126 αὐτοὶ
3109 5073 3428 5143 βουλεύεσθε
3461 5078 3560 5129 καὶ
3590 5079 3722 5146 ἡμῖν
3755 5078 3815 5128 τὰ

2256 5163 2657 5233 βεϐουλευμένα
2716 5163 2969 5234 γνώριμα
3016 5169 3246 5221 ποιεῖτε.
3288 5167 3524 5219 Τοιαῦτα
3557 5169 3659 5237 μὲν
3716 5172 3811 5222 Λα-

2252 5257 2419 5319 τίνοις
2448 5259 2475 5308 ὁ
2499 5257 2672 5324 μέγας
2696 5256 3013 5325 δομέστικος
3037 5258 3322 5310 ὑπετίθετο
3351 5262 3546 5312 ποιεῖν.
3567 5261 3808 5322 Ντζιωὶν

2252 5348 2309 5398 δὲ
2336 5347 2411 5408 ὡς
2442 5348 2643 5416 ἢκουσε
2673 5350 2801 5414 περὶ
2836 5348 2930 5400 τοῦ
2976 5349 3340 5418 παρελθόντος
3377 5352 3566 5418 ἠνιᾶτο
3598 5355 3805 5421 χρόνον,

2253 5439 2334 5491 ὅτι
2386 5440 2463 5507 μὴ
2495 5441 2755 5509 πρότερον
2789 5441 3008 5510 μεγάλῳ
3035 5443 3340 5517 δομεστίκῳ
3392 5443 3715 5512 συνεγένετο
3739 5461 3752 5474 ·
3778 5439 3807 5511 ἦ

2253 5529 2360 5599 γὰρ
2393 5530 2458 5582 ἂν
2477 5530 2638 5590 αὐτός
2663 5546 2724 5581 τε
2745 5531 2953 5582 πολλῶν
2988 5533 3326 5600 ἀπήλλακτο,
3358 5535 3684 5600 κακῶν,’καὶ
3703 5535 3806 5593 τοῖς

2253 5621 2432 5683 ἄλλοις
2499 5623 2672 5685 αἴτιος
2708 5623 2968 5691 κατέστη.
3007 5625 3194 5694 Ὅμως
3245 5627 3428 5695 μέντοι
3473 5629 3679 5694 ἔφασκε
3702 5667 3716 5689 ,
3749 5625 3809 5677 τὰ

2257 5709 2354 5782 μὲν
2377 5713 2718 5783 γεγενημένα
2753 5714 3017 5768 ἀναλῦσαι
3047 5717 3144 5769 οὐκ
3183 5712 3320 5770 εῐιαι
3350 5717 3596 5781 δυνατὸν,
3630 5713 3808 5771 δεῖνδι
