4122 6296
401 303 509 365 Ci'l

1558 292 2107 372 HISTORIARUM
2147 303 2386 371 LIBER
2425 312 2511 379 ιι.

3540 326 3643 392 618
3690 350 3705 359 ’·

386 429 566 468 ’ποντο
600 414 737 483 μετά
768 415 866 485 τῆς
890 414 1059 484 ἄλλης
1102 418 1380 487 στρατιᾶς.
1427 417 1577 472 Ἐπεὶ
1611 419 1666 472 δὲ
1700 419 1838 488 μετά
1866 417 1965 486 τὴν

2069 416 2214 469 enim
2243 416 2353 471 illis
2381 417 2565 488 nefas)
2595 417 2699 473 nisi
2729 433 2759 473 e
2793 420 3062 491 barbaris,
3096 425 3188 494 qui
3215 425 3419 486 Cbristl
3446 431 3646 490 Serva-

324 507 337 514 ’
400 508 632 560 ἐκείνων
665 506 1017 577 ἀναχώρησιν
1046 508 1385 581 προσῆλθον,
1420 510 1612 563 ελυσεν
1649 512 1677 563 ό
1721 510 1974 578 βασιλεὺς

401 598 623 668 πέμψας
673 599 832 662 ὅσους
879 600 1114 667 μάλιστα
1164 601 1312 671 ἐνῆν.
1350 601 1488 664 Τοὺς
1541 601 1760 663 πλείους
1801 600 1859 652 δὲ
1893 601 1973 663 είς

399 691 477 741 ιω
510 691 720 759 ήγαγον
757 691 851 744 ἐπὶ
869 691 1102 761 δουλείᾳ.
1139 691 1397 761 Ῥωμαῖοι
1426 692 1483 745 δὲ
1514 690 1835 761 ἀνθρώπους
1870 688 1970 757 μὲν

398 784 499 836 οὐκ
534 782 1074 852 ἐξηνδραποδίζοντο.
1119 784 1256 837 Οὐδὲ
1306 784 1418 854 γὰρ
1457 781 1670 848 ἔξεστιν
1709 783 1889 843 αὐτοῖς
1920 780 1969 833 εί

403 873 478 941 μὴ
507 870 617 924 ἀπὸ
670 869 964 941 βαρϐάρων
1000 870 1110 925 εἶεν
1142 863 1254 925 τῶν
1300 875 1367 943 τῇ
1425 856 1680 942 Σωτῆρος
1727 871 1968 937 Χριστοῦ

397 964 543 1033 ὑπὲρ
589 961 749 1032 ἡμῶν
789 964 1073 1034 οἰκονομίᾳ
1127 964 1201 1033 μὴ
1242 964 1711 1017 πεπιστευκότων.
1762 962 1971 1031 Βοσκη-

401 1056 592 1125 μάτων
619 1057 677 1110 δὲ
700 1056 1010 1129 ἐκράτησαν
1034 1058 1218 1128 σχεδὸν
1238 1056 1472 1128 ἀριθμὸν
1502 1058 1601 1109 ὑπε
1613 1056 1962 1127 ρϐαινόντων,

398 1148 649 1201 ἐπίπλων
687 1164 745 1200 τε
780 1148 877 1201 καὶ
926 1148 1106 1202 ἀλλων
1167 1150 1332 1202 τινῶν
1369 1149 1670 1219 χρημάτων
1711 1150 1812 1200 οὐκ
1851 1147 1967 1199 ὀλί-

397 1255 532 1307 γων.
576 1240 829 1307 ΪΕλέγετο
879 1239 960 1305 δὲ,
1013 1241 1110 1293 καὶ
1146 1235 1216 1311 ἦν
1263 1241 1478 1312 ἀληθὲς,
1533 1241 1607 1304 ὡς
1642 1240 1869 1309 ὕστερον
1903 1241 1963 1306 ἐξ

397 1330 580 1385 αὐτῶν
604 1332 714 1384 τῶν
758 1333 945 1389 κακῶς
970 1332 1255 1387 παθόντων
1301 1318 1537 1402 βασιλεῖ’
1556 1333 1966 1405 προσελθόντων

282 1423 306 1504 ἰ
400 1422 542 1494 μετὰ
565 1421 665 1494 τὴν
700 1423 989 1493 συμφορὰν
1015 1424 1235 1495 εκείνην
1262 1426 1362 1495 τὴν
1397 1426 1641 1496 μεγάλην
1664 1425 1964 1498 ἀριθμούν.

395 1533 506 1568 των
536 1515 604 1569 τά
632 1514 813 1568 αὐτῶν
840 1515 1066 1582 ἐγένετο
1097 1518 1410 1585 καταφανὲς
1439 1517 1516 1581 ὡς
1547 1518 1887 1589 κρατήσειαν
1913 1519 1962 1569 oi

405 1610 669 1677 Ῥωμαῖοι
701 1609 846 1662 κατά
873 1607 976 1678 τὴν
1016 1606 1168 1661 λείαν
1217 1608 1358 1678 βοῶν
1403 1609 1505 1679 μὲν
1538 1608 1832 1678 τριάκοντα
1865 1623 1965 1674 μυ-

399 1701 620 1772 ριάδων,
654 1699 1108 1774 πεντακισχιλίων
1133 1699 1191 1754 δὲ
1220 1700 1426 1763 ἵππων,
1454 1699 1742 1770 προϐάτων
1771 1699 1825 1751 δὲ
1857 1716 1962 1769 μυ-

2073 506 2212 559 toris
2266 509 2626 563 oeconomiam
2678 526 2785 566 non
2843 515 3078 571 credunt
3114 518 3248 587 (52).
3288 515 3646 581 Ρροοιπὶεόιιο

2075 603 2184 647 tem
2239 612 2472 652 numero
2509 602 2747 670 quodam
2805 605 3040 671 inﬁnito,
3086 620 3347 677 pra-terea
3413 616 3648 683 supelle-

2073 687 2220 753 ctile,
2245 689 2480 760 aliisque
2508 694 2673 747 rebus
2701 697 2952 763 plurimis
2975 700 3132 768 potiti
3163 714 3312 756 sunt.
3342 704 3645 761 Ferebatur

2071 793 2259 848 porro,
2278 798 2381 838 nec
2404 799 2564 840 secus
2590 797 2730 851 erat,
2757 793 3103 858 postmodum
3126 810 3189 846 ex
3219 794 3353 864 ipsis
3376 800 3640 867 SpUIIalIS.

2073 870 2165 938 qui
2211 886 2271 926 se
2298 872 2616 943 imperatori
2664 877 3246 951 dedidissent,etpost
3278 886 3641 943 calamitatem

2070 956 2219 1010 illam
2271 971 2522 1030 magnam
2580 979 2677 1018 sua
2730 958 3159 1037 recensuissent,
3185 974 3463 1043 cognitum
3494 992 3639 1037 esse.

2071 1047 2351 1104 Romanos
2403 1052 2456 1105 in
2490 1057 2672 1122 praeda
2712 1057 2940 1126 adeptos
2969 1062 3135 1116 boum
3170 1074 3435 1124 trecenta.
3467 1082 3639 1136 equo-

2072 1155 2194 1193 rum
2221 1142 2487 1211 quinque,
2521 1146 2707 1202 ovium
2744 1149 2903 1220 303
2935 1152 3233 1210 duodecies
3259 1167 3487 1212 centena
3518 1162 3642 1216 mil-

2066 1230 2165 1285 lia.
2198 1232 2332 1287 Tam
2395 1235 2693 1294 immensos
2741 1257 2934 1311 greges
2978 1260 3138 1313 agere
3196 1251 3473 1305 exercitus
3531 1268 3640 1307 non

2069 1332 2318 1392 poterat:
2345 1327 2439 1381 sed
2473 1330 2725 1387 dominos
2758 1340 2967 1389 tantum
2991 1338 3347 1408 abripientes,
3405 1343 3521 1398 sine
3549 1360 3645 1414 pa-
3732 1398 3735 1403 ,

2069 1415 2311 1473 storibus
2335 1433 2431 1474 eos
2478 1423 2660 1492 vagari
2702 1425 2983 1481 sinebant.
3016 1428 3087 1484 At
3115 1432 3279 1486 urbes
3309 1435 3376 1489 ab
3415 1436 3643 1492 Albanis

2068 1502 2290 1587 indigna
2326 1524 2600 1579 perpcsm
2655 1527 3031 1585 accttrrentes,
3074 1538 3414 1595 unaquaeque
3463 1524 3643 1597 quau4

2065 1602 2180 1648 tum
2200 1599 2426 1663 libebat,
2444 1606 2663 1658 nemine
2681 1608 2956 1675 obstante,
2976 1612 3276 1669 auferebat.
3298 1616 3405 1686 Ipsi
3423 1634 3644 1688 posscs-

2063 1696 2235 1752 sores,
2272 1706 2396 1744 cum
2429 1691 2497 1746 de
2529 1694 2728 1750 etme-ro
2759 1700 3157 1770 subiectionem
3192 1709 3640 1777 spopondissem.

395 1794 597 1865 ριάδων
627 1795 803 1847 εἴκοσι
833 1793 928 1847 καὶ
953 1790 1167 1846 ἑκατόν.
1201 1790 1451 1847 Τοσαῦτα
1481 1791 1538 1844 δὲ
1561 1792 1692 1844 ὄντα
1724 1791 1791 1859 τρ
1818 1790 1961 1853 πλῆ-

2069 1792 2172 1832 non
2203 1793 2393 1848 parum
2449 1799 2869 1857 recuperarunt,
2905 1808 3004 1862 per
3047 1797 3213 1853 silvas
3247 1809 3304 1855 et
3352 1792 3521 1858 valles
3555 1806 3642 1860 di-

404 1886 520 1952 θος,
555 1887 710 1955 ἀγειν
739 1886 840 1957 μὲν
871 1887 973 1940 οὐκ
1006 1885 1235 1956 ήδύνατο
1270 1887 1305 1957 ή
1345 1885 1598 1955 στρατιὰ,
1652 1883 1785 1937 ἀλλά
1836 1882 1964 1945 τοὺς

402 1977 629 2047 ἔχοντας
690 1976 850 2046 μόνον
900 1974 1293 2038 ἀπελάσαντες,
1351 1973 1648 2046 κατέλιπον
1703 1972 1964 2041 φέρεσθαι

396 2056 673 2143 ἀνόμευτα
718 2063 794 2127 ὡς
824 2063 1037 2133 ἔτυχεν.
1089 2063 1162 2143 Ai
1204 2078 1264 2115 τε
1315 2062 1501 2126 πόλεις
1543 2062 1668 2114 ὅσαι
1701 2060 1966 2132 πρότερον

395 2156 585 2219 κακῶς
614 2140 927 2227 πάσχουσαι
958 2140 1105 2231 ᾖσαν
1131 2154 1237 2209 ὑπὸ
1278 2154 1579 2216 ’Δλϐανῶν,
1612 2153 1964 2224 ἐξερχόμενοι

393 2234 533 2314 ἦγον
555 2242 657 2295 ὃσα
682 2241 913 2303 ἕκαστος
937 2241 1190 2294 ἐϐούλετο
1218 2240 1523 2305 κωλύοντος
1548 2240 1782 2306 οὐδενὸς,
1810 2238 1966 2293 αὐτοί

394 2350 458 2388 τε
496 2335 549 2388 oi
587 2333 834 2414 ἔχοντες,
868 2333 1010 2404 μετά
1059 2336 1122 2385 τὸ
1148 2333 1255 2386 ὑπὸ
1301 2331 1525 2404 βασιλέα
1575 2331 1826 2401 γενέσθαι
1870 2332 1965 2384 καὶ

398 2426 833 2496 ἐπαγγείλασθαι
857 2426 1134 2490 δουλείαν,
1164 2425 1376 2479 πολλῶν
1394 2426 1643 2493 ἐγένοντο
1680 2424 1835 2487 αὖθις
1862 2423 1962 2477 κύ-

402 2536 530 2589 ριοι,
550 2518 691 2572 κατά
710 2518 891 2581 νάπας
921 2518 1130 2581 καὶτὰς
1162 2518 1452 2587 φάραγγας
1480 2518 1731 2587 εὑρόντες
1759 2518 1968 2569 διεσκε-

396 2616 664 2688 δασμένα,
702 2615 982 2685 ὠνήσαντό
1011 2630 1069 2666 τε
1095 2614 1189 2667 καί⁸
1219 2614 1327 2667 ἀπὸ
1351 2613 1447 2682 τῆς
1473 2615 1732 2683 στρατιᾶς
1771 2612 1962 2665 πολλὰ·

397 2708 542 2780 ὑπὲρ
571 2706 949 2761 πεντακοσίων
977 2706 1075 2759 ινα
1114 2707 1444 2777 παρέχοντες
1495 2706 1728 2776 χρυσοῦν
1760 2705 1970 2775 προϐά-

396 2815 528 2865 των,
560 2799 699 2869 ὑπὲρ
728 2795 867 2868 βοῶν
894 2797 971 2860 δὲ,
1011 2796 1226 2849 ἑκατόν.
1264 2796 1456 2858 Ἐθους
1488 2797 1543 2849 δὲ
1573 2796 1724 2860 ὄντος
1768 2796 1965 2867 πρότε-

399 2892 584 2964 ροντῇ
612 2890 863 2960 στρατιᾷ,
893 2887 1113 2943 ἐπειδάν
1150 2904 1294 2952 τινος
1347 2890 1665 2959 κρατήσωσι
1714 2888 1886 2951 λείας,
1931 2887 1964 2958 ἢ

397 2983 644 3046 πλείονος
671 2982 703 3054 ἢ
729 2982 1038 3048 ὲλάσσονοτ,
1063 2980 1161 3049 τὴν
1186 2982 1450 3051 πέμπτην
1486 2984 1683 3052 μοῖραν
1704 2983 1966 3051 παρέχειν

395 3077 674 3145 ἀριστεῖον
713 3073 947 3144 βασιλεῖ.
978 3074 1073 3128 καὶ
1109 3073 1227 3142 μετ’
1259 3074 1466 3127 ἐκεῖνον
1494 3056 1572 3142 τῷ
1626 3059 1847 3144 μεγάλῳ
1885 3075 1968 3126 δο-

398 3170 647 3239 μεστίκῳ
676 3168 802 3236 ίσην
827 3160 916 3219 οἷα
937 3164 1001 3232 δὴ
1028 3164 1130 3234 τῆς
1158 3166 1454 3235 συμπάσης
1485 3165 1773 3235 ἡγουμένῳ
1802 3179 1967 3232 στρα-

395 3263 541 3325 τιᾶς,
576 3262 697 3315 τότε
734 3260 887 3313 οὐδὲν
936 3259 1155 3312 ἐποίουν
1204 3257 1313 3310 τῶν
1364 3256 1656 3312 εἰωθότων.
1709 3256 1845 3309 Οὐδέ
1878 3272 1963 3317 τις

393 3353 629 3425 ἠνώχλει
665 3352 852 3414 αὐτοῖς
891 3349 1022 3421 περὶ
1049 3350 1146 3419 τῆς
1175 3349 1454 3419 πέμπτης.
1498 3345 1638 3399 Ἀλλ’
1672 3346 1864 3415 ὥσπερ
1903 3343 1965 3408 ἐξ

395 3448 641 3504 ἀεννάων
687 3443 952 3513 ποταμῶν
985 3442 1114 3513 ἐξῆν
1160 3442 1378 3511 ἑκάστῳ
1422 3440 1563 3493 ὅσων
1602 3439 1670 3492 ἂν
1720 3438 1964 3508 βούλοιτο

397 3537 590 3608 κύριος
645 3535 926 3602 γενέσθαι.
962 3534 1200 3589 Τοιαῦτα
1251 3533 1349 3604 μὲν
1403 3532 1652 3586 Ἀλϐανοὶ
1698 3532 1963 3611 πρότερον

395 3633 523 3694 τοὺς
556 3630 846 3701 ἑσπερίους
872 3628 1094 3685 ἠδίκουν
1115 3643 1129 3657 ·
1165 3626 1425 3693 τοιαύτην
1451 3626 1508 3679 δὲ
1537 3626 1727 3679 ἔδοσαν
1757 3625 1853 3697 τὴν
1882 3623 1965 3677 δί-

395 3742 504 3794 κην
532 3724 674 3792 ὑπὲρ
701 3718 776 3776 ὧν
803 3723 1022 3793 ήδίκουν
1055 3720 1301 3791 ὕστερον.
1349 3720 1538 3783 Πόλεις
1580 3719 1637 3773 δὲ
1676 3718 1734 3772 αἱ
1766 3719 1963 3784 πρότεο

399 3831 498 3886 ρον
528 3814 834 3884 πάσχουσαι
855 3813 1042 3876 κακῶς
1057 3812 1251 3880 διπλῆς
1276 3811 1596 3881 ἀπήλαυσαν
1617 3812 1706 3863 εὐε
1716 3804 1958 3881 ργεσίας’

396 3906 667 3977 ἐπηρείας
698 3922 757 3958 τε
798 3906 895 3974 τῆς
927 3907 1079 3974 παρὰ
1120 3903 1392 3957 Ἀλϐανῶν
1421 3903 1837 3972 ἀπηλλαγμένοι
1866 3904 1963 3957 καὶ

392 3997 501 4067 τῆς
535 3996 798 4067 βασιλέως
821 3995 1227 4057 ἀπολαύσαντες
1250 3995 1544 4063 ἐπιδημίας
1567 3996 1658 4048 καὶ
1678 3995 1958 4066 προνοίας.

399 4091 471 4141 Ὃ
505 4088 677 4158 μείζω
697 4087 792 4140 καὶ
823 4087 1211 4159 λαμπροτέραν
1229 4086 1409 4148 αὐτοῖς
1431 4085 1526 4154 τὴν
1547 4085 1744 4155 ἡδονὴν
1765 4085 1960 4149 ἐποίει,

395 4182 498 4234 καὶ
526 4180 719 4249 ἑορτὴν
747 4174 881 4248 ἦγον
906 4177 1004 4247 τήν
1032 4177 1224 4230 πασῶν
1261 4179 1645 4247 χαριεστάτην.
1695 4176 1827 4230 Ἀπὸ
1856 4177 1964 4247 γὰρ

392 4272 507 4326 τῶν
535 4271 819 4341 Κομνηνοῦ
850 4268 943 4322 τοῦ
974 4268 1231 4333 Μανουὴλ
1262 4267 1525 4338 βασιλέως
1572 4268 1778 4337 χρόνων
1805 4269 1963 4338 ἄχρις

408 4364 753 4434 Ἀνδρονίκου
770 4362 877 4416 τῶν
904 4361 1280 4428 Παλαιολόγων
1300 4360 1394 4413 τοῦ
1414 4361 1667 4430 δευτέρου
1694 4361 1963 4431 βασιλέως

2070 1885 2260 1939 spersa
2286 1873 2648 1942 invenientes,
2705 1883 2855 1938 etab
2901 1888 3142 1942 exercitu
3194 1873 3415 1963 quoque
3468 1898 3640 1951 multa

2066 1964 2320 2028 mercati,
2353 1981 2453 2035 pro
2481 1970 2799 2041 quingentis
2833 1976 3030 2032 ovibus
3055 1996 3246 2045 unum,
3287 1999 3387 2053 pro
3415 1988 3640 2044 totidem

2063 2068 2198 2108 vero
2230 2055 2405 2112 bobus
2438 2071 2658 2114 centum
2681 2079 2878 2121 aureos
2911 2084 3361 2129 numeraverunt.
3393 2076 3651 2135 Consue-

2064 2155 2221 2200 verat
2250 2157 2408 2203 antea
2460 2154 2738 2209 exercitus
2786 2157 2967 2227 aliqua
3002 2166 3180 2230 prtetla
3212 2176 3370 2235 capta
3408 2182 3643 2238 quauta-

2066 2250 2286 2306 cunque
2310 2239 2473 2305 foret,
2504 2243 2749 2312 quintam
2799 2259 3007 2316 partem
3040 2250 3352 2322 imperatori
3404 2260 3459 2315 in
3488 2260 3642 2315 forti-

2068 2329 2273 2385 tudinis
2338 2332 2623 2402 praemiutn
2688 2352 2785 2392 seu
2847 2340 3500 2416 bonorariumot‘ferre,
3575 2367 3641 2405 ac

2066 2423 2370 2476 secundum
2408 2425 2561 2480 illum
2593 2422 2749 2498 aeque
2806 2437 3015 2486 tantum
3067 2451 3264 2506 magno
3305 2439 3630 2506 domestico,

2066 2512 2219 2568 velut
2241 2514 2370 2569 duci
2400 2531 2614 2571 summo
2643 2521 2808 2576 totius
2826 2525 3119 2581 exercitus.
3151 2527 3301 2584 Hauc
3329 2543 3630 2590 consuetu-

2067 2606 2252 2659 dinem
2277 2615 2405 2661 tunc
2426 2609 2646 2677 penitus
2667 2612 2882 2679 omisit;
2910 2631 3086 2685 neque
3110 2606 3212 2673 fuit
3228 2623 3319 2690 qui
3348 2621 3417 2677 de
3439 2626 3632 2694 quinta

2066 2707 2220 2766 parte
2247 2713 2353 2752 non
2390 2700 2600 2754 reddita
2650 2718 3103 2775 conquereretur,
3155 2712 3249 2766 sed
3285 2717 3438 2782 quasi
3472 2732 3503 2770 e
3544 2734 3639 2787 pe-

2068 2794 2330 2847 rennibus
2377 2793 2555 2850 ﬂuviis
2588 2798 2764 2853 cuivis
2796 2813 3061 2870 quantum
3106 2806 3211 2860 sibi
3262 2823 3361 2877 pro
3426 2813 3640 2880 peculio

2067 2882 2253 2947 vellet,
2285 2883 2479 2939 tollere
2508 2884 2785 2956 integrum
2813 2900 2951 2945 erat.
2987 2892 3093 2948 Has
3119 2896 3341 2953 Albanis
3384 2904 3641 2959 occiden-

2069 2973 2273 3029 talibus
2304 2974 2535 3046 injurias
2590 2979 2921 3050 irrogarunt,
2943 2992 3000 3038 et
3033 2984 3239 3044 hancce
3270 3002 3457 3059 postea
3490 3009 3639 3050 mer-

2069 3064 2257 3118 cedem
2291 3081 2391 3134 pro
2418 3068 2559 3122 male
2584 3069 2744 3124 factis
2774 3073 3098 3129 retulerunt.
3131 3075 3300 3134 Urbes
3331 3096 3464 3137 vero
3485 3087 3640 3153 prius

2070 3153 2317 3222 direptae,
2349 3156 2627 3226 duplicem
2659 3163 2900 3235 fructum
2937 3177 3323 3234 perceperunt,
3347 3179 3403 3224 et
3433 3175 3639 3240 rapinis
3677 3192 3683 3200 ·

2070 3244 2406 3301 Albanorum
2437 3250 2702 3308 liberatae.
2731 3264 2787 3306 et
2816 3254 2962 3322 quod
2997 3256 3102 3311 illis
3131 3258 3442 3316 uberiorem
3476 3265 3639 3335 liqui-

2071 3337 2391 3408 dioremque
2420 3341 2759 3411 voluptatem
2812 3345 3096 3412 alferebat,
3140 3349 3487 3418 imperatoris
3541 3359 3640 3412 ad.

2071 3440 2237 3484 ventu
2288 3433 2782 3504 procurationeque
2842 3438 3140 3505 perfruita'.
3179 3442 3444 3508 Quocirca
3468 3455 3525 3502 et
3556 3449 3639 3504 fe-

2074 3531 2217 3575 stum
2246 3522 2389 3577 diem
2417 3525 2663 3578 omnium
2695 3529 2749 3581 in
2774 3528 2882 3583 vita
2902 3530 3362 3597 jucundissimum
3381 3542 3634 3610 agebant.

2070 3612 2205 3668 Nam
2237 3632 2267 3670 a
2293 3617 2632 3687 temporibus
2685 3618 2950 3676 Manuelis
2978 3622 3247 3682 Comneni
3290 3630 3637 3703 imperatoris

2073 3723 2247 3777 usque
2273 3710 2339 3762 ad
2370 3709 2517 3764 hunc
2559 3711 2934 3768 Andronicum
2964 3715 3389 3790 Palatologorum
3434 3740 3637 3782 secun-

2070 3803 2226 3885 dum,
2261 3804 2401 3858 alius
2426 3804 2492 3857 ad
2518 3819 2614 3859 eos
2641 3804 2939 3874 imperator
2965 3823 3073 3862 non
3104 3814 3272 3877 venit,
3315 3830 3491 3884 neque
3525 3827 3633 3874 tam

2071 3896 2305 3950 sollicite
2333 3896 2443 3949 illis
2468 3896 2767 3965 prospexit.
2788 3897 2941 3953 Unde
2972 3901 3136 3954 etiam
3168 3918 3280 3956 non
3300 3919 3332 3956 ο
3355 3907 3517 3962 terris
3537 3910 3640 3962 ali-

2072 4002 2247 4061 quem
2269 3987 2576 4047 mortalem,
2612 3986 2708 4039 sed
2740 3995 2995 4055 tanquam
3038 3990 3227 4045 divum
3264 3996 3575 4066 quempiam
3603 4017 3636 4055 e

2050 4078 2228 4133 “caelis
2258 4077 2325 4131 ad
2375 4091 2435 4130 se
2467 4077 2685 4131 venisse
2711 4078 3054 4148 interpretati
3083 4095 3235 4138 sunt.
3264 4086 3455 4143 Persas
3481 4105 3636 4146 com-

2072 4168 2282 4242 pressis
2307 4168 2534 4222 Albanis
2584 4168 2878 4237 imperator
2917 4170 3127 4227 dimisit
3158 4190 3173 4226 :
3202 4176 3299 4246 qui
3340 4193 3436 4247 per
3461 4181 3637 4239 ’Πιθε-

2073 4261 2261 4317 saliam
2319 4259 2643 4316 etBotiaeam
2676 4257 3115 4318 Thessalonicam
3148 4266 3521 4337 devenientes,
3548 4274 3635 4329 in-

2076 4356 2141 4408 de
2164 4354 2395 4408 navibus
2422 4353 2475 4406 in
2528 4350 2735 4406 Ioniam
2766 4356 3206 4410 transmiserunt.
3238 4359 3420 4429 Ipsum
3448 4377 3632 4421 autem

395 4455 585 4524 ἔτερος
632 4452 878 4521 βασιλεὺς
915 4452 1015 4504 οὐκ
1057 4451 1404 4522 ἐπεδήμησεν
1438 4452 1644 4514 αὐτοῖς,
1680 4449 1796 4504 οὐδὲ
1830 4466 1964 4520 προ-

2074 4460 2205 4498 cura
2234 4445 2302 4499 de
2333 4443 2639 4512 irruptione
2685 4443 2741 4495 in
2785 4443 3147 4500 Acarnaniam
3199 4448 3450 4508 versabat
3483 4473 3496 4508 :
3526 4472 3636 4524 quo

399 4546 550 4604 νοίας
580 4544 781 4613 ﬁgimus
811 4540 1101 4607 τοσαύτης.
1122 4542 1214 4595 Διὸ
1239 4544 1333 4595 καὶ
1354 4544 1452 4613 τὴν
1478 4542 1776 4612 ἐπιδημίαν
1797 4542 1965 4596 αὑτοῦ

398 4639 502 4706 οὐχ
532 4634 604 4698 ὣς
635 4638 743 4688 τῶν
770 4636 1026 4704 ἐπιγείων
1054 4634 1222 4696 τινὸς,
1247 4633 1356 4687 τῶν
1381 4634 1709 4704 κρειττόνων
1733 4632 1790 4687 δὲ
1812 4630 1967 4704 ἦγον.

399 4729 543 4792 Τοὺς
598 4714 699 4799 μεν
755 4724 849 4782 οὖν
902 4729 1116 4797 Πέρσας
1169 4727 1305 4795 μετά
1347 4728 1408 4780 τὸ
1453 4726 1970 4780 καταδουλώσασθαι

346 4828 357 4833 “
412 4820 706 4883 Ἀλϐανοὺς
726 4812 1073 4889 ’ἀπεπεμπεν
1112 4821 1140 4873 ό
1175 4817 1443 4888 βασιλεὺς
1480 4821 1556 4879 είς
1590 4818 1688 4887 τὴν
1737 4817 1968 4870 οἰκείαν.

398 4913 467 4968 οἶ
500 4913 595 4968 καὶ
628 4913 717 4967 διά
742 4913 1041 4976 Θετταλίας
1087 4915 1182 4965 καὶ
1214 4911 1499 4973 Βοττιαίας
1531 4912 1608 4973 είς
1645 4908 1972 4962 Θεσσαλονίο

399 5022 508 5076 κην
537 5004 972 5076 καταντήσαντες
1006 5005 1216 5057 ἐκεῖθεν
1242 5006 1362 5068 ταῖς
1400 5005 1592 5059 ναυσὶν
1620 5002 1971 5074 ἐπεραιώθη-

2066 4537 2245 4593 adhuc
2262 4536 2406 4607 apud
2427 4535 2692 4606 Balagrita
2707 4546 2977 4603 morante,
2995 4538 3063 4592 de
3091 4539 3286 4595 infesto
3306 4543 3639 4613 ejusadven-

2072 4639 2130 4683 tu
2155 4629 2294 4682 fama
2315 4629 2423 4698 jam
2444 4628 2722 4697 divulgata
2741 4630 2946 4683 multus
2965 4634 3111 4685 inter
3125 4635 3436 4689 Acarnanas
3454 4653 3635 4692 serum

2068 4722 2189 4775 fuit.
2220 4721 2387 4774 Erant
2411 4719 2594 4788 igitur.
2617 4720 2709 4789 qui
2731 4734 2912 4789 neque
2933 4721 2990 4776 in
3011 4723 3174 4779 urbes
3192 4725 3590 4782 admittendum
3616 4772 3632 4796 ,

2068 4827 2249 4881 neque
2289 4827 2318 4864 a
2354 4817 2568 4864 vetusta
2592 4824 2718 4880 erga
2752 4811 3012 4882 Angelos,
3054 4815 3147 4885 qui
3191 4816 3355 4889 longo
3379 4819 3491 4889 jam
3517 4836 3636 4878 aevo

2068 4904 2205 4973 ipsis
2258 4902 2689 4971 imperitassent,
2750 4901 3136 4962 benevolentia
3188 4909 3634 4981 desciscentlum,

2066 5008 2232 5068 atque
2278 4995 2596 5065 imperatori
2648 4998 2910 5067 deinceps
2939 5002 3265 5069 parendum,
3299 5006 3397 5059 sed
3443 5007 3634 5076 potius

1637 5102 1853 5197 Jacobi
1886 5117 2147 5179 Pontani
2183 5123 2369 5177 noue.

475 5227 587 5300 (52)
610 5227 811 5300 ‘Placet
840 5225 998 5292 milii,
1045 5224 1192 5300 quod
1224 5225 1346 5295 lego
1374 5224 1818 5300 apud_._iacgbum_
1858 5216 1969 5277 Bil-

399 5293 869 5360 liu'm,0bseruat.
899 5293 1107 5350 sacra}.
1138 5295 1237 5350 lib.
1275 5293 1314 5358 ι]
1350 5311 1470 5364 cap.
1511 5297 1595 5350 40.
1636 5293 1971 5364 Cumiinnu-

401 5368 574 5426 meris
610 5368 749 5421 locis
794 5365 966 5422 Graeci
996 5366 1193 5437 Patres
1236 5363 1546 5437 οίκονομίαν
1580 5366 1700 5417 ἀντὶ
1743 5363 1842 5430 τῆς
1864 5366 1973 5437 ’ἐν-
2008 5428 2014 5437 ³

402 5437 813 5507 ανθρωπήσεως
842 5437 935 5486 του
969 5434 1520 5507 Χρστοῦᾲοοςείρίοηι,
1553 5447 1782 5507 eamque
1799 5432 1967 5507 etiam

403 5508 479 5563 ita
513 5503 900 5560 Theodoretus
931 5503 1172 5572 exponat
1210 5505 1263 5557 in
1294 5505 1677 5573 Polymorpho,
1719 5503 1812 5570 qui
1855 5513 1968 5555 tum

402 5576 871 5648 dispensationem,
901 5575 985 5626 vel
1026 5576 1536 5648 administrationem
1588 5582 1801 5648 vertere
1849 5586 1969 5648 ma-

403 5643 548 5708 Iutit,
574 5660 736 5713 quam
777 5645 1216 5707 incarnationem,
1250 5646 1336 5697 vel
1365 5652 1693 5711 assumptum
1725 5643 1972 5713 humani:

406 5711 605 5774 tatem;
628 5716 713 5768 vel
744 5713 870 5785 (ιιιεὶ
910 5713 1055 5780 quod
1094 5716 1210 5773 Jioc
1244 5715 1569 5789 vocabulum
1618 5711 1815 5764 durius
1864 5712 1966 5781 est)

657 5812 925 5870 PATnuL.
966 5810 1080 5867 lin.
1129 5807 1332 5867 CLIII.

2067 5222 2559 5297 inhumnnationem
2592 5236 2611 5274 :
2641 5232 2976 5297 quamrecte
3009 5225 3061 5279 id
3098 5224 3313 5289 faciant,
3351 5226 3454 5297 ipsi
3484 5229 3638 5286 vide-

2072 5294 2219 5368 rint;
2255 5291 2387 5368 mihi
2431 5291 2651 5368 quidem
2708 5291 2859 5368 nihil.
2908 5293 3093 5348 dicere
3127 5291 3428 5368 _videntur,
3486 5303 3637 5368 quod

2072 5362 2248 5415 lector
2268 5358 2467 5481 greci
2522 5361 2792 5413 sermonis
2848 5360 3069 5430 ignarus
3125 5358 3423 5436 intelligat:
3470 5358 3643 5427 Ποσει

2077 5430 2242 5481 etiam
2362 5428 2549 5481 udteus
2614 5433 3024 5481 commentariis
3094 5435 3292 5481 lintrium
3383 5438 3583 5481 amm-

2077 5430 2242 5507 etiam
2268 5428 2549 5507 'ISudteus
2614 5428 3024 5507 commentariis
3093 5428 3334 5507 linguaa'
3383 5438 3583 5495 Cra-cae
3620 5482 3637 5507 ,

2075 5502 2393 5576 οἰκονομίαν
2426 5498 2608 5575 valere
2642 5500 3095 5576 ὲνεηινθρώπησιν.Δ
3117 5498 3229 5576 Iulo
3261 5509 3373 5564 vita
3406 5498 3637 5576 Christi;

2074 5579 2128 5622 et
2161 5568 2281 5637 ejus
2316 5568 2561 5637 tlteurgia
2585 5568 2730 5629 tota,
2765 5581 2817 5621 et
2853 5573 3134 5636 provincia
3166 5574 3243 5629 illi
3273 5594 3303 5631 a
3339 5579 3450 5632 Deo
3484 5568 3643 5636 Patre

2073 5633 2339 5707 injuitctar,
2373 5633 2578 5692 Graecis
2612 5633 2866 5692 Patribus
2890 5639 3176 5710 οίκονομία
3199 5647 3424 5702 dicitur.

2734 5862 2815 5886 γ,
3249 5811 3328 5873 20
