4122 6296
542 378 648 440 619

1738 375 2062 436 JOANNIS
2101 374 2623 436 CANTACUZENI

3673 372 3776 433 020

482 529 484 534 .
544 489 748 558 reginae
770 486 960 552 Annae,
986 486 1201 558 conjugi
1227 485 1451 542 Joannis
1471 485 1732 558 dcspotae,
1778 487 1900 541 ﬁliae
1928 497 2116 556 proto-

2223 504 2321 539 σαν
2356 488 2493 558 πρὸς
2533 487 2760 540 Ἰωνίαν.
2782 487 2950 549 Αὐτὸς
2971 485 3028 538 δὲ
3045 485 3300 538 διενοεῖτο
3319 484 3395 546 ὡς
3416 483 3496 548 εἰς
3512 483 3776 552 ’Δκαρνα-

545 580 797 636 vestiarii
833 583 1018 648 (quem
1049 588 1387 648 postremum
1434 579 1579 633 inter
1611 580 1968 649 imperatores
1994 578 2112 632 bel-

546 671 1033 742 lum'potissimum
1082 671 1349 724 excitasse
1380 669 1693 738 docuimus)
1723 678 1778 724 et
1801 668 2115 737 Nicephoro

543 766 661 835 ejus
692 763 803 816 ﬁlio
835 771 1151 816 constanter
1191 761 1349 816 ﬁdem
1403 763 1727 816 servandam
1770 776 1891 815 esse
1923 775 2112 814 cense-

544 854 695 908 bant.
732 851 897 922 304
936 851 1042 905 Alii
1096 861 1311 916 contra,
1346 852 1732 921 imperatorem
1765 851 1990 906 omnino
2028 864 2113 902 rc-

545 943 676 1013 cipi,
710 958 774 996 ac
800 941 929 997 belli
964 951 1266 996 sementem
1305 943 1420 996 tolli
1463 942 1740 997 volebant.
1775 943 1875 996 Cui
1898 942 1941 995 si
1968 955 2113 994 nunc

543 1050 601 1088 se
637 1032 1016 1096 tradidissent,
1071 1039 1128 1086 et
1156 1033 1459 1101 regionem,
1501 1043 1558 1088 et
1593 1033 1918 1103 semetipsos
1953 1033 2113 1087 belli-

538 1134 731 1173 carum
759 1119 1108 1174 miseriarum
1157 1117 1431 1174 immunes
1481 1129 1922 1183 conservaturos,
1972 1119 2115 1188 regi-

544 1224 737 1280 naeque
784 1224 848 1263 ac
899 1210 1207 1279 Nicephoro
1262 1213 1380 1279 ejus
1422 1219 1586 1281 gnato
1649 1211 2013 1266 conducibilia
2044 1211 2113 1265 ab

544 1303 874 1372 imperatore
916 1303 1224 1372 petituros;
1255 1301 1338 1356 sin
1377 1303 1443 1355 ad
1479 1318 1629 1356 arma
1682 1303 1957 1365 veniatur,
2001 1303 2116 1371 pri-

542 1408 693 1446 mum
725 1392 948 1462 quidem
987 1392 1065 1446 illi
1105 1393 1368 1448 resistere
1439 1409 1549 1447 non
1600 1409 1780 1464 posse,
1817 1410 1925 1448 non
1954 1395 2115 1448 modo

543 1481 672 1551 quia
695 1482 997 1536 exercitum
1034 1485 1384 1551 frequentem
1417 1482 1678 1546 adducat,
1733 1498 1921 1536 verum
1949 1483 2113 1536 etiam

543 1573 805 1641 quoniam
838 1572 927 1641 qui
959 1571 1035 1626 illi
1080 1587 1204 1627 cum
1231 1573 1407 1640 copiis
1439 1582 1714 1634 occurrat,
1742 1572 1946 1641 quique
1985 1587 2114 1626 con-

545 1669 625 1715 tra
679 1669 785 1717 stet
823 1675 992 1715 nemo
1023 1661 1115 1724 sit,
1159 1661 1471 1730 Nicephoro
1499 1661 1736 1731 despotae
1773 1662 1882 1715 ﬁlio
1913 1676 2116 1715 annum

544 1749 840 1818 septimum
879 1748 1126 1803 nondum
1166 1755 1321 1824 nato.
1342 1747 1496 1814 Quod
1528 1749 1573 1803 si
1605 1751 1770 1802 etiam
1801 1749 2115 1818 aliquandiu

543 1817 825 1908 sedqueant
857 1838 1172 1902 defendere,
1208 1821 1380 1894 nihilo
1417 1840 1535 1908 plus
1558 1839 1922 1908 profecturos,
1951 1857 2114 1910 quam
2151 1817 2192 1873 Β

546 1940 606 1984 ιιι
632 1932 854 2002 regione
886 1932 1183 1995 devastata,
1205 1932 1499 1986 etconeiso
1525 1933 1790 1996 exercitu,
1813 1933 2030 1987 tandem
2063 1943 2118 1988 et

544 2025 672 2094 ipsi,
697 2036 804 2077 non
841 2023 1035 2078 iisdem
1077 2025 1280 2093 quibus
1312 2040 1488 2088 nunc,
1536 2009 1646 2080 sed]
1675 2025 1836 2094 longe
1861 2026 2119 2080 intolera-

541 2116 834 2171 bilioribus
883 2115 1316 2180 conditionibus,
1354 2117 1706 2186 imperatore,
1741 2119 1869 2187 quia
1914 2118 2116 2172 bellum

545 2208 863 2274 maluerint,
889 2207 1191 2263 iratissimo
1223 2208 1564 2264 deditionem
1600 2211 1785 2266 facere
1825 2222 2112 2281 cogantur.

509 2301 672 2357 .Haac
720 2302 829 2358 illis
858 2317 980 2373 qua:
1036 2303 1304 2368 dicerent,
1336 2313 1720 2369 occurrerunt,
1770 2306 2119 2374 sperantibus

542 2409 656 2448 non
688 2394 792 2450 sibi
823 2395 1000 2450 solum
1061 2403 1117 2449 et
1150 2394 1294 2460 aliis,
1337 2393 1431 2449 sed
1457 2403 1512 2448 et
1539 2394 1881 2464 imperatoris
1910 2397 2118 2450 studio-

545 2487 622 2540 sis
652 2486 739 2556 (ad
763 2501 898 2556 quos
953 2486 1276 2540 clanculum
1309 2501 1538 2540 arcanas
1565 2486 1773 2540 litteras
1799 2471 2116 2552 missitarat,

545 2591 657 2645 quo
689 2587 937 2645 tempore
966 2575 1193 2631 Albanis
1222 2575 1631 2644 pupulationem
1695 2577 2118 2646 vastitatemque

548 2665 866 2735 inferebat)’
895 2665 1186 2719 consilium
1221 2679 1480 2734 prospere
1509 2673 1854 2719 eventurum.
1880 2665 2017 2720 Cum
2039 2667 2119 2720 sic

553 2757 737 2811 studia
787 2756 841 2808 in
879 2755 1152 2809 contraria
1198 2753 1605 2818 scinderentur,
1638 2755 1844 2823 placuit
1873 2755 1940 2809 ad
1978 2755 2120 2826 regi-

550 2860 676 2900 nam
709 2859 927 2915 quoque
975 2843 1208 2905 referre,
1253 2851 1311 2896 ut
1336 2851 1447 2912 Quo
1494 2845 1608 2914 ipsa
1634 2845 2020 2914 propenderet,
2051 2861 2118 2901 eo

549 2953 739 2993 omnes
763 2944 1144 3006 sequerentur.
1166 2935 1295 3001 Quae
1310 2936 1547 3005 primum
1576 2938 1766 3006 gratiis
1788 2939 1944 3003 actis,
1972 2940 2116 3007 quod

549 3046 658 3085 non
693 3029 914 3084 sibimet
935 3028 1222 3093 duntaxat,
1247 3027 1341 3082 sed
1375 3028 1478 3097 ipsi
1507 3044 1728 3097 quoque
1787 3041 1841 3083 et
1865 3031 1982 3099 ejus
2007 3031 2117 3084 ﬁlio

2211 577 2332 628 νίαν
2365 577 2640 646 ἐμϐαλών.
2677 577 2798 629 Ἔτι
2840 575 2896 628 δὲ
2945 574 3085 627 κατὰ
3133 573 3201 626 τὰ
3234 572 3549 642 Βαλάγριτα
3577 572 3778 642 διατρί-

2215 665 2361 720 ϐοντι
2411 666 2570 734 λόγος
2617 666 2915 737 Ἀκαρνᾶσι
2957 665 3125 726 πολὺς
3174 655 3387 732 ἐγίνετο
3423 663 3554 731 περὶ
3588 662 3776 716 αὐτοῦ.

2213 759 2374 828 Φήμη
2409 757 2518 827 γὰρ
2571 757 2711 828 διῄει
2749 756 2822 818 ὡς
2855 757 3036 818 αὐτοῖς
3071 753 3514 824 ὲπιστρατεύσει.
3568 751 3632 804 Οἰ
3683 753 3776 820 μὲν

2215 850 2308 902 οὖν
2361 851 2435 919 μὴ
2489 849 2739 919 δέχεσθαι
2797 852 2915 910 ταῖς
2963 848 3180 900 πόλεσιν
3233 845 3444 915 ἠξίουν,
3499 844 3639 913 μηδὲ
3681 845 3777 910 τῆς

2216 939 2456 1000 παλαιᾶς
2483 939 2694 1000 εὐνοίας
2725 938 2822 1006 τῆς
2853 937 2986 1006 πρὸς
3021 937 3147 999 τοὺς
3189 935 3487 1003 Ἀγγέλους
3511 936 3780 987 ἀποστάν-

2214 1049 2334 1096 τας,
2367 1033 2533 1086 πολὺν
2567 1033 2666 1103 ἤδη
2692 1033 2883 1102 χρόνον
2909 1029 3175 1099 ἄρξαντας
3203 1028 3404 1091 αὐτῶν,
3439 1024 3545 1080 ὑπὸ
3577 1026 3782 1094 βασιλεῖ

2217 1123 2566 1195 ὑποχειρίους
2621 1123 2892 1190 γίνεσθαι,
2945 1121 3080 1174 ἀλλά
3111 1124 3176 1190 τῇ
3223 1120 3486 1173 δεσπότου
3538 1117 3779 1170 Ἰωάννου

2216 1212 2438 1280 γυναικὶ
2490 1214 2554 1280 τῇ
2610 1211 2897 1282 βασιλίσσῃ
2960 1213 3148 1280 Ἀννῃ,
3202 1209 3236 1279 ἢ
3285 1206 3780 1276 πρωτοὼστιαρίου

2218 1302 2468 1373 θυγάτηρ
2495 1298 2563 1372 ἦν
2609 1303 2949 1373 Ἀνδρονίκου
2981 1301 3074 1354 τοῦ
3112 1300 3499 1366 Παλαιολόγου,
3540 1297 3600 1350 ὃν
3646 1299 3783 1350 lato-

2219 1392 2470 1461 ρήκαμεν
2499 1390 2592 1443 τοῦ
2640 1392 2775 1458 πρὸς
2825 1390 3090 1462 ἀλλήλους
3119 1387 3431 1441 τελευταίου
3481 1385 3591 1438 τῶν
3629 1385 3782 1455 βασι-

2215 1481 2354 1534 λέων
2387 1483 2627 1552 πολέμου
2666 1483 2900 1553 μάλιστα
2922 1483 3246 1535 αἰτιώτατον
3276 1479 3666 1550 γεγενημένον,
3695 1480 3782 1531 καὶ

2220 1573 2522 1643 Νικηφύρῳ
2568 1573 2646 1636 τῷ
2683 1574 2894 1627 ἐκείνου
2942 1571 3099 1626 παιδί
3131 1571 3234 1641 τὴν
3269 1571 3450 1624 πίστιν
3481 1572 3673 1641 τηρεῖν
3702 1568 3781 1635 βε-

2219 1663 2399 1717 ϐαίαν.
2428 1666 2491 1717 Οἰ
2527 1665 2581 1717 δὲ
2631 1666 2954 1734 ἀντέλεγονο
3003 1666 3099 1718 καὶ
3153 1665 3263 1718 δεῖν
3325 1663 3677 1716 ἐϐουλεύοντο
3703 1661 3782 1714 δέ·

2219 1752 2409 1822 χεσθαι
2440 1752 2685 1822 βασιλέα,
2723 1753 2815 1806 καὶ
2846 1754 2922 1824 μὴ
2951 1753 3189 1821 πόλεμον
3219 1754 3413 1806 κινεῖν.
3453 1751 3782 1822 Προσχωρη-

2223 1861 2422 1906 σαντας
2454 1846 2561 1913 γὰρ
2599 1845 2693 1898 νῦν
2715 1844 2792 1914 τῷ
2824 1843 3058 1914 βασιλεῖ,
3091 1847 3190 1916 τήν
3223 1863 3280 1898 τε
3312 1846 3500 1915 χώραν
3526 1844 3784 1914 διατηρή-

2224 1952 2359 1998 σειν,
2392 1938 2484 1988 καὶ
2521 1939 2660 2003 σφᾶς
2688 1938 2886 2000 αὐτοὺς
2917 1937 3027 1990 τῶν
3055 1938 3120 1990 ὲκ
3145 1936 3241 1990 τοῦ
3273 1936 3514 2006 πολέμου
3549 1937 3783 2006 ἀπειρά-

2219 2045 2342 2089 τους
2360 2029 2568 2092 κακῶν,
2587 2029 2682 2082 καί
2702 2029 3011 2101 βασιλίσσῃ,
3037 2030 3130 2083 καὶ
3148 2029 3448 2100 Νικηφὸρῳ
3473 2027 3549 2098 τῷ
3569 2029 3785 2099 ἐκείνης

2224 2119 2376 2172 παιδὶ
2408 2119 2556 2189 παρά
2589 2119 2855 2188 βασιλέως
2880 2120 2948 2172 τὰ
2979 2121 3328 2191 συμφέροντα
3358 2120 3626 2188 αἰτήσειν.
3662 2119 3785 2172 Ἐὰν

2220 2211 2276 2264 δὲ
2314 2212 2628 2265 καταστῶσι
2678 2211 2816 2279 πρὸς
2863 2211 2954 2264 τὸν
3006 2211 3284 2278 πόλεμον,
3322 2210 3542 2282 πρῶτον
3583 2210 3691 2278 ,μὲν
3722 2211 3780 2263 οὐ

2219 2303 2543 2370 δυνήσεσθαι
2595 2301 2732 2372 πρὸς
2787 2299 3014 2370 βασιλέα
3065 2303 3450 2370 ἀντισχήσειν,
3504 2302 3568 2372 οὐ
3624 2303 3784 2370 μόνον

2221 2392 2306 2444 διὰ
2344 2394 2405 2445 τὺ
2438 2379 2640 2462 πολλῆν
2686 2395 2842 2461 ἄγειν
2877 2393 3161 2464 στρατιὰν,
3215 2391 3331 2446 ἀλλ’
3382 2394 3466 2445 ὅτι
3509 2371 3606 2446 καὶ
3633 2395 3664 2445 δ
3689 2396 3782 2446 ἀνα

2219 2486 2676 2555 τιστρατηγήσων
2709 2484 2857 2554 αὑτῴ
2891 2485 2982 2536 καὶ
3038 2483 3172 2554 πρὸς
3223 2483 3315 2536 τὸν
3365 2483 3608 2554 πόλεμον
3640 2485 3786 2537 ἀντι.

2219 2575 2701 2644 καταστησόμενος
2730 2576 2830 2628 οὐκ
2869 2574 3010 2639 ἔστι,
3046 2575 3094 2626 Ν
3103 2575 3364 2646 ικηφόρου
3390 2574 3486 2627 τοῦ
3522 2576 3784 2629 δεσπότου

2221 2667 2408 2729 παιδὸς
2439 2665 2592 2719 οὔπω
2624 2665 2719 2735 ἐτη
2751 2667 2892 2720 ἑπτὰ
2943 2668 3341 2736 γεγενημένου.
3375 2667 3438 2719 Εἰ
3471 2667 3530 2720 δὲ
3563 2667 3660 2721 καὶ
3682 2669 3781 2721 -ἀνο

2220 2756 2470 2824 τιστῆναι
2491 2759 2813 2824 δυνήσονται
2837 2757 2972 2826 πρὸς
2991 2758 3200 2828 χρόνον,
3220 2757 3370 2810 οὐδὲν
3403 2757 3782 2827 λυσιτελήσειν

2222 2845 2406 2909 πλέον,
2441 2843 2472 2914 ἢ
2508 2846 2634 2898 ὅσον
2655 2846 2754 2914 τῆς
2796 2863 2854 2898 τε
2887 2845 3073 2918 χώρας
3114 2847 3418 2901 ἀναστάτου
3457 2848 3778 2927 γινομένης,

2221 2939 2316 2990 καὶ
2344 2937 2444 3006 τῆς
2470 2939 2730 3006 στρατιᾶς
2763 2937 3194 3009 διεφθαρμένης,
3221 2940 3536 2992 τελευταῖον
3575 2939 3785 3009 βασιλ.ῖ

2221 3031 2315 3085 καί
2345 3031 2545 3093 αὐτοὺς
2582 3030 2674 3082 ὑπ’
2709 3031 2954 3100 ἀνάγκης
2985 3033 3327 3101 προσχωρεῖν
3347 3071 3362 3094 ,
3392 3032 3493 3084 οὐκ
3543 3032 3639 3085 ἐπὶ
3673 3035 3784 3096 τοῖς

550 3119 930 3190 providerent,
961 3133 1112 3172 arma
1130 3117 1409 3184 dissuasit,
1432 3119 1629 3187 quibus
1645 3135 1753 3172 non
1775 3128 1958 3174 essent
1978 3120 2117 3174 bene

2220 3123 2401 3184 αὐτοῖς
2430 3119 2616 3190 ὥσπερ
2642 3119 2756 3184 νῦν,
2799 3121 2934 3174 ἀλλά
2961 3122 3172 3190 χείροσι
3222 3105 3422 3192 πολλῷ,
3449 3119 3592 3194 ’ὀργῇ
3629 3140 3786 3194 φερο-

546 3211 896 3266 defuncturi:
931 3209 1149 3278 quando
1175 3210 1289 3278 ipsa
1311 3209 1612 3276 sitmulier,
1648 3211 1789 3264 lilius
1811 3212 2010 3277 infans,
2039 3213 2115 3266 illi

548 3311 772 3372 propter
804 3301 1176 3370 interregnum
1212 3299 1816 3355 factionibusdistracti
1871 3318 1936 3357 ac
1973 3306 2118 3372 peri-

550 3396 682 3448 turi.
719 3395 919 3448 Verum
963 3393 1029 3446 de
1080 3392 1216 3461 ipsis
1243 3383 1725 3461 prudentissimos,
1760 3395 2116 3465 gerenquue

550 3486 864 3554 reipublicae
893 3484 1289 3538 scientissimus
1338 3484 1675 3554 deligendos,
1719 3486 1811 3554 qui
1843 3487 1909 3539 ad
1945 3487 2120 3557 impc-

544 3583 790 3627 ratorem
821 3573 1007 3641 legati,
1039 3579 1266 3639 petant:
1301 3573 1564 3640 primum,
1621 3583 1680 3626 ut
1713 3575 1892 3645 magni
1931 3576 2118 3631 deme-

549 3664 673 3720 stici
707 3663 872 3716 ﬁliam
900 3661 1210 3729 Nicephoro
1247 3659 1357 3714 ﬁlio
1386 3677 1485 3714 suo
1513 3662 1879 3731 despondeat;
1909 3677 2051 3734 post,
2072 3668 2117 3721 si

553 3755 670 3809 ﬁeri
723 3761 908 3823 queat,
960 3764 1018 3807 ut
1057 3767 1152 3807 eos
1205 3752 1318 3807 suis
1363 3753 1609 3807 viventes
1648 3755 1861 3824 legibus
1893 3773 2118 3826 regnum

549 3845 932 3901 administrare
968 3859 1066 3914 pro
1093 3843 1322 3897 arbitrio
1364 3844 1617 3912 patiatur.
1643 3843 1842 3914 Copias
1882 3862 2120 3916 praesen-

551 3949 632 3990 tes
664 3936 981 3999 tradituros,
1015 3935 1216 4004 quibus
1243 3949 1352 4003 quo
1383 3935 1545 3988 vellet
1576 3945 1826 3990 uteretur
1863 3957 1876 3992 :
1916 3948 1970 3992 et
2003 3940 2119 4008 ipse

547 4029 791 4082 vicissim
832 4029 877 4081 si
903 4027 994 4082 illi
1050 4035 1298 4097 egerent,
1335 4027 1598 4080 auxilium
1629 4028 2026 4098 suppeditaret.
2061 4029 2130 4102 Si,

2226 3212 2390 3281 μένου
2455 3212 2723 3282 βασιλέως
2772 3211 2910 3282 πρὸς
2967 3213 3174 3278 αὐτοὺς,
3221 3214 3310 3268 διὰ
3371 3217 3461 3268 τὸν
3519 3216 3781 3285 πόλεμον.

2223 3303 2458 3357 Τοιαῦτα
2481 3304 2536 3356 δὲ
2563 3303 2750 3364 αὐτοῖς
2776 3303 2934 3372 ἐπῄει
2961 3303 3162 3372 λέγειν,
3196 3305 3255 3357 οὐ
3307 3306 3468 3375 μόνον
3514 3309 3784 3377 οἰομένοις

2225 3397 2439 3457 ἑαυτοῖς
2483 3413 2541 3446 τε
2577 3395 2802 3457 καὶτοῖς
2831 3395 3012 3458 ἄλλοις
3058 3395 3166 3466 τὴν·
3214 3397 3410 3466 βουλὴν
3462 3398 3780 3467 λυσιτελεῖν,

2225 3486 2360 3539 ἀλλὰ
2387 3487 2480 3538 καὶ
2527 3487 2593 3539 τὰ
2645 3485 2908 3556 βασιλέως
2936 3489 3270 3555 πράττουσιν
3316 3487 3540 3556 ἀφανῶς
3575 3488 3784 3559 (κρύφα

2224 3581 2312 3633 διὰ
2345 3581 2691 3649 γραμμάτων
2725 3581 2859 3650 πρὸς
2881 3581 3075 3642 αὐτοὺς
3108 3580 3483 3648 διειλεγμένου
3520 3581 3642 3632 καθ’
3668 3583 3786 3633 60w

2225 3672 2418 3742 χρόνον
2463 3671 2710 3743 ἐληίζετο
2752 3674 2843 3724 καὶ
2887 3671 3108 3740 ἐπόρθει
3171 3671 3505 3740 Ἀλϐανούς).
3539 3669 3699 3724 Οὕτω
3745 3671 3787 3726 δ’

2225 3762 2506 3830 ἑκατέροις
2557 3761 2737 3822 αὐτοῖς
2790 3760 3198 3830 βουλευομένοις
3248 3751 3504 3828 ἀλλήλοις
3545 3761 3786 3826 ἐναντία,

2226 3852 2396 3904 ἐδόκει
2426 3853 2536 3905 δεῖν
2570 3853 2664 3906 καί
2697 3853 2980 3922 βασιλίσσῃ
3009 3852 3108 3922 τὴν
3136 3851 3332 3922 βουλὴν
3375 3853 3687 3906 ἀνατιθέναι
3719 3855 3790 3914 ὡς

2226 3944 2360 3998 ἆττα
2387 3943 2452 3996 ἂν
2482 3944 2657 3997 ἕλοιτο
2684 3945 2842 4014 αὐτὴ,
2875 3943 3330 4014 διαπραξομένων
3367 3943 3464 3998 καὶ
3494 3945 3680 3998 αὐτῶν
3704 3961 3719 3975 °
3758 3946 3789 4014 ἡ

2223 4034 2282 4086 δὲ
2318 4034 2511 4102 πρῶτα
2547 4034 2647 4104 μὲν
2675 4034 2944 4102 ὡμολόγει
2970 4035 3201 4102 χάριτας
3240 4033 3426 4094 αὐτοῖς
3463 4035 3686 4100 πολλὰς,
3720 4033 3791 4093 ὡς

551 4119 637 4174 iris
665 4118 1073 4173 conditionibus
1105 4120 1320 4187 s’preti‘s,
1357 4131 1586 4187 regnum
1632 4120 1738 4174 sibi
1790 4122 2118 4178 omnimodis

2227 4127 2326 4196 οὐχ
2362 4125 2503 4195 ὑπὲρ
2554 4124 2766 4177 ἑαυτῶν
2825 4125 3010 4194 μόνον,
3046 4124 3184 4178 ἀλλὰ
3235 4126 3327 4178 καὶ
3365 4125 3537 4191 αὐτῆς
3573 4129 3663 4178 καὶ
3701 4125 3789 4178 τοῦ

549 4212 825 4280 subjicere
850 4212 1228 4275 contenderet,
1249 4211 1440 4279 petitis
1469 4228 1590 4281 qua:
1622 4211 1675 4266 in
1708 4229 1885 4279 suam,
1912 4223 1969 4268 et
1998 4215 2117 4281 ﬁlii,

2227 4216 2417 4278 παιδὸς
2471 4215 2728 4284 πρόνοιαν
2760 4216 3132 4285 ποιουμένοις.
3185 4216 3551 4270 Συνεϐοὕλευέ
3603 4234 3664 4269 τε
3721 4215 3792 4285 μὴ

552 4311 608 4357 et
646 4302 1011 4356 illorum‘rem
1049 4302 1179 4366 sint,
1213 4304 1262 4355 ei
1292 4301 1597 4356 cedendum
1625 4321 1639 4368 ;
1679 4319 1748 4356 ne
1780 4319 1875 4372 per
1897 4314 2118 4360 conten-

2230 4309 2364 4377 πρὸς
2392 4307 2614 4376 βασιλέα
2652 4306 2894 4375 πόλεμον
2913 4309 3095 4360 κινεῖν
3124 4307 3199 4369 ὡς
3227 4308 3326 4360 οὐκ
3379 4305 3791 4369 ἀπαλλάξοντας

553 4394 756 4447 tionem
807 4402 862 4448 et
897 4408 976 4457 se,
1017 4403 1072 4447 et
1110 4393 1390 4461 regionem
1425 4393 1761 4464 gravissimis
1808 4395 1935 4451 belli
1974 4398 2118 4452 cala-

2229 4397 2437 4460 καλῶς,
2467 4391 2555 4449 οἷα
2593 4395 2656 4464 δὴ
2687 4396 2855 4466 αὐτῆς
2885 4396 2985 4466 μὲν
3014 4396 3183 4465 οὔσης
3211 4396 3490 4464 γυναικὸς,
3525 4394 3619 4448 τοῦ
3669 4413 3794 4447 παι-

529 4483 839 4538 ‘mitatibus
879 4483 1177 4537 involvam.
1921 4538 1923 4540 .

2228 4489 2315 4550 δὸς
2349 4487 2406 4540 δὲ
2437 4487 2652 4556 νηπίου,
2699 4488 2881 4541 αὐτῶν
2908 4487 2964 4541 δὲ
2999 4487 3088 4540 διὰ
3133 4489 3232 4556 τὴν
3271 4491 3538 4558 ἀναρχίαν
3573 4503 3794 4540 στασια-

557 4577 758 4628 σάντων
793 4576 930 4647 πρὸς
959 4575 1223 4646 ἀλλήλους
1285 4577 1377 4628 καί
1439 4577 1978 4648 διαφθαρησομένων,
2013 4581 2150 4636 ἀλλά
2189 4582 2486 4651 πρεσϐείαν
2527 4581 2666 4652 πρὸς
2726 4581 2952 4651 βασιλέα
2999 4581 3260 4650 πέμπειν,
3311 4581 3437 4644 τοὺς
3491 4579 3792 4634 συνετωτά-

552 4683 678 4730 τους
714 4667 924 4720 ἑαυτῶν
951 4669 1043 4720 καί
1076 4667 1307 4736 μάλιστα
1338 4667 1546 4730 εἰδότας
1572 4669 1859 4739 πράγμασι
1884 4671 2116 4738 χρῆσθαι
2155 4671 2614 4740 ἀπολεξαμένους’
2680 4671 2774 4723 καὶ
2843 4670 3038 4740 πρῶτα
3065 4670 3166 4737 μὲν
3198 4670 3370 4723 αἰτεῖν
3401 4669 3502 4740 τὴν
3556 4670 3793 4739 μεγάλου

553 4760 874 4829 δομεστίκου
911 4761 1198 4831 ’θυγατέρα
1259 4760 1554 4830 Νικηφόρῳ
1598 4760 1675 4828 τῷ
1749 4759 1965 4830 ἐκείνης
2036 4761 2188 4813 παιδὶ
2224 4763 2555 4831 κατεγγυᾷν.
2592 4762 2846 4825 Ἔπειτα,
2881 4763 2928 4812 εἰ
2967 4760 3066 4830 μὲν
3113 4755 3224 4816 οἷόν
3271 4756 3414 4833 τεῇ,
3442 4763 3794 4832 ,αὐτονόμους

554 4855 672 4923 ὲᾷν,
700 4853 801 4916 τὴν
853 4851 989 4904 ἰδίαν
1037 4853 1214 4923 ἀρχὴν
1315 4853 1608 4923 βούλωνται
1657 4851 1878 4905 διοικεῖν
1933 4853 2108 4906 αὐτοί.
2149 4854 2418 4922 Στρατιάν
2463 4852 2520 4905 δὲ
2592 4853 2856 4923 παρέχειν
2905 4851 3004 4920 ὅση
3083 4852 3349 4922 πρόσεστι
3402 4851 3795 4922 πολεμησείον-

557 4962 658 5000 σαν
703 4939 783 5009 οἷς
810 4944 877 4998 ἂν
907 4943 1120 4998 κελεύοι
1159 4943 1437 5016 βασιλεὺς.
1475 4944 1584 5001 Καὶ
1612 4942 1775 4995 αὐτὸν
1821 4945 2020 5010 ὁμοίως
2082 4943 2147 4998 ἄν
2185 4962 2267 5007 τις
2335 4944 2518 5006 αὐτοῖς
2572 4942 2723 5014 ἐπίῃ,
2781 4943 3106 5012 συμμαχίαν
3160 4943 3425 5012 πέμπειν.
3479 4941 3579 4995 Ἂν
3635 4942 3692 4993 δὲ
3725 4942 3794 5010 μὴ

557 5036 799 5106 βούλοιτο
832 5036 924 5088 ἐπὶ
953 5034 1162 5097 τούτοις
1230 5030 1505 5104 βασιλεὺς,
1535 5031 1650 5086 ἀλλ’
1682 5031 1772 5098 ὑφ’
1834 5029 2015 5100 ἑαυτῷ
2085 5031 2398 5084 παντάπασι
2442 5031 2846 5102 τὴνκὴμετέραν
2877 5031 3151 5085 ποιεῖσθαι
3218 5031 3395 5102 ἀρχὴν
3430 5031 3790 5102 φιλονεικοίη.

554 5131 763 5198 ὅσαπερ
794 5129 859 5182 ἂν
888 5127 1072 5196 δοκοίη
1098 5127 1217 5196 ἐμοί
1253 5143 1312 5178 τε
1345 5124 1436 5177 καὶ
1471 5123 1568 5192 υἱῷ
1603 5124 1698 5176 καὶ
1735 5124 1862 5191 ὑμῖν
1931 5121 2232 5174 λυσιτελεῖν
2261 5123 2682 5193 αἰτησαμένους,
2743 5124 2843 5194 τῆς
2906 5125 3081 5194 ἀρχῆς
3129 5124 3224 5179 καὶ
3245 5125 3356 5178 τῶν
3379 5123 3595 5178 πόλεων
3621 5142 3793 5192 παρα·

553 5225 774 5294 χωρεῖν,
805 5224 898 5275 καὶ
929 5223 1006 5294 μὴ
1036 5222 1123 5274 διὰ
1153 5219 1488 5274 φιλονεικίαν
1518 5215 1740 5277 ἑαυτούς
1779 5232 1836 5266 τε
1883 5214 1980 5266 καί⁵
2012 5215 2110 5284 τὴν
2148 5213 2334 5283 χώραν
2395 5217 2506 5279 τοῖς
2539 5217 2604 5271 ὲκ
2678 5214 2775 5270 τοῦ
2818 5215 3061 5286 πολέμου
3099 5216 3294 5279 κακοῖς
3335 5212 3596 5286 said-tot;
3631 5231 3792 5288 περι·

549 5328 788 5380 ϐάλλειν.

1873 5406 1928 5455 Ο
