  <div class='ocr_page' id='page_1' title='image "/cluster/home/n/w/nwhite01/storage/ocr_20150623/153/mdp.39015078384727/329.png"; bbox 0 0 4122 6296; ppageno 0'>
   <div class='ocr_carea' id='block_1_1' title="bbox 566 387 674 450">
    <p class='ocr_par' dir='ltr' id='par_1_1' title="bbox 566 387 674 450">
     <span class='ocr_line' id='line_1_1' title="bbox 566 387 674 450; baseline 0.019 -2"><span class='ocrx_word' id='word_1_1' title='bbox 566 387 674 450; x_wconf 75' lang='lat'><strong>623</strong></span> 
     </span>
    </p>
   </div>
   <div class='ocr_carea' id='block_1_2' title="bbox 1752 375 2634 444">
    <p class='ocr_par' dir='ltr' id='par_1_2' title="bbox 1752 375 2634 444">
     <span class='ocr_line' id='line_1_2' title="bbox 1752 375 2634 444; baseline -0.009 0"><span class='ocrx_word' id='word_1_2' title='bbox 1752 379 2074 444; x_wconf 80' lang='lat' dir='ltr'><strong>JOANNIS</strong></span> <span class='ocrx_word' id='word_1_3' title='bbox 2111 375 2634 438; x_wconf 82' lang='lat' dir='ltr'><strong>CANTACUZENI</strong></span> 
     </span>
    </p>
   </div>
   <div class='ocr_carea' id='block_1_3' title="bbox 3581 373 3795 437">
    <p class='ocr_par' dir='ltr' id='par_1_3' title="bbox 3581 373 3795 437">
     <span class='ocr_line' id='line_1_3' title="bbox 3581 373 3795 437; baseline -0.005 0"><span class='ocrx_word' id='word_1_4' title='bbox 3581 377 3590 380; x_wconf 79' lang='grc'><em>’</em></span> <span class='ocrx_word' id='word_1_5' title='bbox 3690 373 3795 437; x_wconf 67' lang='grc'><strong>624</strong></span> 
     </span>
    </p>
   </div>
   <div class='ocr_carea' id='block_1_4' title="bbox 565 488 2144 565">
    <p class='ocr_par' dir='ltr' id='par_1_4' title="bbox 565 493 2136 565">
     <span class='ocr_line' id='line_1_4' title="bbox 565 493 2136 565; baseline -0.006 -11"><span class='ocrx_word' id='word_1_6' title='bbox 565 499 903 564; x_wconf 84' lang='lat' dir='ltr'><strong>consuleret,</strong></span> <span class='ocrx_word' id='word_1_7' title='bbox 930 497 1126 554; x_wconf 81' lang='lat' dir='ltr'><strong>obivit.</strong></span> <span class='ocrx_word' id='word_1_8' title='bbox 1171 498 1248 552; x_wconf 78' lang='lat' dir='ltr'><strong>Ac</strong></span> <span class='ocrx_word' id='word_1_9' title='bbox 1271 497 1453 553; x_wconf 70' lang='lat' dir='ltr'><strong>caeteri</strong></span> <span class='ocrx_word' id='word_1_10' title='bbox 1491 495 1714 565; x_wconf 81' lang='lat' dir='ltr'><strong>quidem</strong></span> <span class='ocrx_word' id='word_1_11' title='bbox 1748 509 1940 547; x_wconf 87' lang='lat' dir='ltr'><strong>omnes</strong></span> <span class='ocrx_word' id='word_1_12' title='bbox 1965 493 2136 560; x_wconf 89' lang='lat' dir='ltr'><strong>impe-</strong></span> 
     </span>
    </p>
   </div>
   <div class='ocr_carea' id='block_1_5' title="bbox 2248 488 3800 565">
    <p class='ocr_par' dir='ltr' id='par_1_5' title="bbox 2248 488 3800 562">
     <span class='ocr_line' id='line_1_5' title="bbox 2248 488 3800 562; baseline 0.001 -21"><span class='ocrx_word' id='word_1_13' title='bbox 2248 490 2439 558; x_wconf 82' lang='grc' dir='ltr'>μένους</span> <span class='ocrx_word' id='word_1_14' title='bbox 2487 490 2616 560; x_wconf 77' lang='grc' dir='ltr'>παρ’</span> <span class='ocrx_word' id='word_1_15' title='bbox 2647 489 2858 556; x_wconf 78' lang='grc' dir='ltr'>αὐταῖς,</span> <span class='ocrx_word' id='word_1_16' title='bbox 2896 488 3079 560; x_wconf 80' lang='grc' dir='ltr'><strong>τιμαῖς</strong></span> <span class='ocrx_word' id='word_1_17' title='bbox 3111 506 3168 542; x_wconf 85' lang='grc' dir='ltr'><strong>τε</strong></span> <span class='ocrx_word' id='word_1_18' title='bbox 3222 489 3314 542; x_wconf 71' lang='grc' dir='ltr'><strong>καὶ</strong></span> <span class='ocrx_word' id='word_1_19' title='bbox 3356 489 3641 560; x_wconf 77' lang='grc' dir='ltr'><strong>προσόδοις</strong></span> <span class='ocrx_word' id='word_1_20' title='bbox 3681 491 3800 562; x_wconf 78' lang='grc' dir='ltr'>ἐτη-</span> 
     </span>
    </p>
   </div>
   <div class='ocr_carea' id='block_1_6' title="bbox 560 582 2132 662">
    <p class='ocr_par' dir='ltr' id='par_1_6' title="bbox 560 582 2132 662">
     <span class='ocr_line' id='line_1_6' title="bbox 560 582 2132 662; baseline -0.008 -16"><span class='ocrx_word' id='word_1_21' title='bbox 560 591 761 647; x_wconf 82' lang='lat' dir='ltr'><strong>ratoris</strong></span> <span class='ocrx_word' id='word_1_22' title='bbox 803 592 992 662; x_wconf 83' lang='lat' dir='ltr'><strong>jugum</strong></span> <span class='ocrx_word' id='word_1_23' title='bbox 1048 588 1222 658; x_wconf 67' lang='lat' dir='ltr'><strong>aequis</strong></span> <span class='ocrx_word' id='word_1_24' title='bbox 1270 587 1471 643; x_wconf 85' lang='lat' dir='ltr'><strong>animis</strong></span> <span class='ocrx_word' id='word_1_25' title='bbox 1525 586 1886 655; x_wconf 89' lang='lat' dir='ltr'><strong>accipiebant.</strong></span> <span class='ocrx_word' id='word_1_26' title='bbox 1921 582 2132 649; x_wconf 86' lang='lat' dir='ltr'><strong>Quibus</strong></span> 
     </span>
    </p>
   </div>
   <div class='ocr_carea' id='block_1_7' title="bbox 563 677 2134 750">
    <p class='ocr_par' dir='ltr' id='par_1_7' title="bbox 563 677 2134 750">
     <span class='ocr_line' id='line_1_7' title="bbox 563 677 2134 750; baseline -0.008 -10"><span class='ocrx_word' id='word_1_27' title='bbox 563 695 747 740; x_wconf 84' lang='lat' dir='ltr'><strong>autem</strong></span> <span class='ocrx_word' id='word_1_28' title='bbox 790 696 950 738; x_wconf 86' lang='lat' dir='ltr'><strong>antea</strong></span> <span class='ocrx_word' id='word_1_29' title='bbox 989 682 1194 737; x_wconf 90' lang='lat' dir='ltr'><strong>bellum</strong></span> <span class='ocrx_word' id='word_1_30' title='bbox 1224 681 1408 750; x_wconf 88' lang='lat' dir='ltr'><strong>potius</strong></span> <span class='ocrx_word' id='word_1_31' title='bbox 1437 679 1699 733; x_wconf 84' lang='lat' dir='ltr'><strong>arriserat</strong></span> <span class='ocrx_word' id='word_1_32' title='bbox 1720 719 1734 742; x_wconf 96' lang='lat'><strong>,</strong></span> <span class='ocrx_word' id='word_1_33' title='bbox 1763 693 1792 731; x_wconf 89' lang='lat' dir='ltr'><strong>a</strong></span> <span class='ocrx_word' id='word_1_34' title='bbox 1838 677 2005 732; x_wconf 84' lang='lat' dir='ltr'><strong>rebus</strong></span> <span class='ocrx_word' id='word_1_35' title='bbox 2031 689 2134 728; x_wconf 86' lang='lat' dir='ltr'><strong>no-</strong></span> 
     </span>
    </p>
   </div>
   <div class='ocr_carea' id='block_1_8' title="bbox 563 766 2134 850">
    <p class='ocr_par' dir='ltr' id='par_1_8' title="bbox 563 766 2134 850">
     <span class='ocr_line' id='line_1_8' title="bbox 563 766 2134 850; baseline -0.007 -21"><span class='ocrx_word' id='word_1_36' title='bbox 563 774 760 829; x_wconf 80' lang='lat' dir='ltr'><strong>vandis</strong></span> <span class='ocrx_word' id='word_1_37' title='bbox 787 788 896 827; x_wconf 90' lang='lat' dir='ltr'><strong>non</strong></span> <span class='ocrx_word' id='word_1_38' title='bbox 927 787 984 826; x_wconf 91' lang='lat' dir='ltr'><strong>se</strong></span> <span class='ocrx_word' id='word_1_39' title='bbox 1016 770 1294 825; x_wconf 86' lang='lat' dir='ltr'><strong>abstinere</strong></span> <span class='ocrx_word' id='word_1_40' title='bbox 1326 769 1584 850; x_wconf 70' lang='lat' dir='ltr'><strong>poterant</strong></span> <span class='ocrx_word' id='word_1_41' title='bbox 1609 787 1622 821; x_wconf 87' lang='lat'><strong>:</strong></span> <span class='ocrx_word' id='word_1_42' title='bbox 1646 766 2134 833; x_wconf 80' lang='lat' dir='ltr'><strong>existimantcsque</strong></span> 
     </span>
    </p>
   </div>
   <div class='ocr_carea' id='block_1_9' title="bbox 565 855 2134 929">
    <p class='ocr_par' dir='ltr' id='par_1_9' title="bbox 565 855 2134 929">
     <span class='ocr_line' id='line_1_9' title="bbox 565 855 2134 929; baseline -0.008 -8"><span class='ocrx_word' id='word_1_43' title='bbox 565 867 713 921; x_wconf 88' lang='lat' dir='ltr'><strong>bello</strong></span> <span class='ocrx_word' id='word_1_44' title='bbox 746 880 804 919; x_wconf 91' lang='lat' dir='ltr'><strong>se</strong></span> <span class='ocrx_word' id='word_1_45' title='bbox 839 864 1123 925; x_wconf 87' lang='lat' dir='ltr'><strong>valituros,</strong></span> <span class='ocrx_word' id='word_1_46' title='bbox 1187 861 1230 914; x_wconf 94' lang='lat' dir='ltr'><strong>si</strong></span> <span class='ocrx_word' id='word_1_47' title='bbox 1284 860 1658 929; x_wconf 73' lang='lat' dir='ltr'><strong>Nicephorum</strong></span> <span class='ocrx_word' id='word_1_48' title='bbox 1692 871 1926 927; x_wconf 90' lang='lat' dir='ltr'><strong>puerum</strong></span> <span class='ocrx_word' id='word_1_49' title='bbox 1979 855 2134 926; x_wconf 84' lang='lat' dir='ltr'><strong>prius</strong></span> 
     </span>
    </p>
   </div>
   <div class='ocr_carea' id='block_1_10' title="bbox 567 948 2132 1022">
    <p class='ocr_par' dir='ltr' id='par_1_10' title="bbox 567 948 2132 1022">
     <span class='ocr_line' id='line_1_10' title="bbox 567 948 2132 1022; baseline -0.009 -10"><span class='ocrx_word' id='word_1_50' title='bbox 567 956 902 1016; x_wconf 89' lang='lat' dir='ltr'><strong>cmisissent,</strong></span> <span class='ocrx_word' id='word_1_51' title='bbox 943 963 1002 1008; x_wconf 88' lang='lat' dir='ltr'><strong>ut</strong></span> <span class='ocrx_word' id='word_1_52' title='bbox 1034 961 1090 1008; x_wconf 89' lang='lat' dir='ltr'><strong>et</strong></span> <span class='ocrx_word' id='word_1_53' title='bbox 1139 951 1241 1022; x_wconf 85' lang='lat' dir='ltr'><strong>ipsi</strong></span> <span class='ocrx_word' id='word_1_54' title='bbox 1271 967 1371 1022; x_wconf 92' lang='lat' dir='ltr'><strong>pro</strong></span> <span class='ocrx_word' id='word_1_55' title='bbox 1402 966 1468 1005; x_wconf 92' lang='lat' dir='ltr'><strong>eo</strong></span> <span class='ocrx_word' id='word_1_56' title='bbox 1498 965 1746 1021; x_wconf 78' lang='lat' dir='ltr'><strong>pugnare</strong></span> <span class='ocrx_word' id='word_1_57' title='bbox 1793 948 2132 1011; x_wconf 82' lang='lat' dir='ltr'><strong>viderentur,</strong></span> 
     </span>
    </p>
   </div>
   <div class='ocr_carea' id='block_1_11' title="bbox 569 1039 2138 1112">
    <p class='ocr_par' dir='ltr' id='par_1_11' title="bbox 569 1039 2138 1112">
     <span class='ocr_line' id='line_1_11' title="bbox 569 1039 2138 1112; baseline -0.007 -9"><span class='ocrx_word' id='word_1_58' title='bbox 569 1058 624 1104; x_wconf 85' lang='lat' dir='ltr'><strong>et</strong></span> <span class='ocrx_word' id='word_1_59' title='bbox 653 1049 791 1103; x_wconf 91' lang='lat' dir='ltr'><strong>alios</strong></span> <span class='ocrx_word' id='word_1_60' title='bbox 839 1045 906 1102; x_wconf 89' lang='lat' dir='ltr'><strong>ad</strong></span> <span class='ocrx_word' id='word_1_61' title='bbox 941 1060 1220 1100; x_wconf 89' lang='lat' dir='ltr'><strong>armorum</strong></span> <span class='ocrx_word' id='word_1_62' title='bbox 1249 1043 1566 1099; x_wconf 84' lang='lat' dir='ltr'><strong>societatem</strong></span> <span class='ocrx_word' id='word_1_63' title='bbox 1600 1047 2009 1112; x_wconf 87' lang='lat' dir='ltr'><strong>permoverent,</strong></span> <span class='ocrx_word' id='word_1_64' title='bbox 2038 1039 2138 1094; x_wconf 77' lang='lat' dir='ltr'><strong>Ri-</strong></span> 
     </span>
    </p>
   </div>
   <div class='ocr_carea' id='block_1_12' title="bbox 571 1132 2136 1208">
    <p class='ocr_par' dir='ltr' id='par_1_12' title="bbox 571 1132 2136 1208">
     <span class='ocr_line' id='line_1_12' title="bbox 571 1132 2136 1208; baseline -0.006 -14"><span class='ocrx_word' id='word_1_65' title='bbox 571 1139 839 1195; x_wconf 83' lang='lat' dir='ltr'><strong>cliardum</strong></span> <span class='ocrx_word' id='word_1_66' title='bbox 873 1137 1028 1208; x_wconf 87' lang='lat' dir='ltr'><strong>pueri</strong></span> <span class='ocrx_word' id='word_1_67' title='bbox 1074 1136 1454 1206; x_wconf 64' lang='lat' dir='ltr'><strong>paedagogum,</strong></span> <span class='ocrx_word' id='word_1_68' title='bbox 1505 1143 1562 1189; x_wconf 90' lang='lat' dir='ltr'><strong>et</strong></span> <span class='ocrx_word' id='word_1_69' title='bbox 1592 1133 1730 1188; x_wconf 92' lang='lat' dir='ltr'><strong>alios</strong></span> <span class='ocrx_word' id='word_1_70' title='bbox 1781 1132 2044 1202; x_wconf 90' lang='lat' dir='ltr'><strong>quosdam</strong></span> <span class='ocrx_word' id='word_1_71' title='bbox 2069 1147 2136 1185; x_wconf 89' lang='lat' dir='ltr'><strong>eo</strong></span> 
     </span>
    </p>
   </div>
   <div class='ocr_carea' id='block_1_13' title="bbox 568 1222 2136 1299">
    <p class='ocr_par' dir='ltr' id='par_1_13' title="bbox 568 1222 2136 1299">
     <span class='ocr_line' id='line_1_13' title="bbox 568 1222 2136 1299; baseline -0.004 -17"><span class='ocrx_word' id='word_1_72' title='bbox 568 1229 949 1299; x_wconf 86' lang='lat' dir='ltr'><strong>perpulerunt,</strong></span> <span class='ocrx_word' id='word_1_73' title='bbox 968 1225 1408 1296; x_wconf 78' lang='lat' dir='ltr'><strong>utNicephdrum</strong></span> <span class='ocrx_word' id='word_1_74' title='bbox 1432 1223 1626 1278; x_wconf 84' lang='lat' dir='ltr'><strong>ducam</strong></span> <span class='ocrx_word' id='word_1_75' title='bbox 1651 1223 1987 1278; x_wconf 85' lang='lat' dir='ltr'><strong>clandestina</strong></span> <span class='ocrx_word' id='word_1_76' title='bbox 2011 1222 2136 1290; x_wconf 81' lang='lat' dir='ltr'><strong>fuga</strong></span> 
     </span>
    </p>
   </div>
   <div class='ocr_carea' id='block_1_14' title="bbox 571 1313 2135 1386">
    <p class='ocr_par' dir='ltr' id='par_1_14' title="bbox 571 1313 2135 1386">
     <span class='ocr_line' id='line_1_14' title="bbox 571 1313 2135 1386; baseline -0.004 -14"><span class='ocrx_word' id='word_1_77' title='bbox 571 1319 942 1374; x_wconf 84' lang='lat' dir='ltr'><strong>subducerent</strong></span> <span class='ocrx_word' id='word_1_78' title='bbox 975 1334 991 1370; x_wconf 85' lang='lat'><strong>:</strong></span> <span class='ocrx_word' id='word_1_79' title='bbox 1018 1332 1182 1386; x_wconf 91' lang='lat' dir='ltr'><strong>quem</strong></span> <span class='ocrx_word' id='word_1_80' title='bbox 1224 1326 1386 1370; x_wconf 90' lang='lat' dir='ltr'><strong>noctu</strong></span> <span class='ocrx_word' id='word_1_81' title='bbox 1419 1316 1472 1368; x_wconf 92' lang='lat' dir='ltr'><strong>in</strong></span> <span class='ocrx_word' id='word_1_82' title='bbox 1512 1314 1719 1376; x_wconf 80' lang='lat' dir='ltr'><strong>navim,</strong></span> <span class='ocrx_word' id='word_1_83' title='bbox 1749 1313 1957 1367; x_wconf 91' lang='lat' dir='ltr'><strong>Ionium</strong></span> <span class='ocrx_word' id='word_1_84' title='bbox 1986 1314 2135 1383; x_wconf 85' lang='lat' dir='ltr'><strong>pela-</strong></span> 
     </span>
    </p>
   </div>
   <div class='ocr_carea' id='block_1_15' title="bbox 572 1405 2136 1480">
    <p class='ocr_par' dir='ltr' id='par_1_15' title="bbox 572 1405 2136 1480">
     <span class='ocr_line' id='line_1_15' title="bbox 572 1405 2136 1480; baseline -0.002 -18"><span class='ocrx_word' id='word_1_85' title='bbox 572 1426 671 1480; x_wconf 79' lang='lat' dir='ltr'><strong>gus</strong></span> <span class='ocrx_word' id='word_1_86' title='bbox 706 1410 1063 1478; x_wconf 81' lang='lat' dir='ltr'><strong>trajecturum</strong></span> <span class='ocrx_word' id='word_1_87' title='bbox 1109 1408 1424 1477; x_wconf 90' lang='lat' dir='ltr'><strong>imponunt,</strong></span> <span class='ocrx_word' id='word_1_88' title='bbox 1483 1416 1536 1460; x_wconf 93' lang='lat' dir='ltr'><strong>et</strong></span> <span class='ocrx_word' id='word_1_89' title='bbox 1568 1405 1634 1460; x_wconf 87' lang='lat' dir='ltr'><strong>ad</strong></span> <span class='ocrx_word' id='word_1_90' title='bbox 1678 1406 2004 1475; x_wconf 86' lang='lat' dir='ltr'><strong>principem,</strong></span> <span class='ocrx_word' id='word_1_91' title='bbox 2041 1420 2136 1459; x_wconf 91' lang='lat' dir='ltr'><strong>seu</strong></span> 
     </span>
    </p>
   </div>
   <div class='ocr_carea' id='block_1_16' title="bbox 573 1495 2136 1567">
    <p class='ocr_par' dir='ltr' id='par_1_16' title="bbox 573 1495 2136 1567">
     <span class='ocr_line' id='line_1_16' title="bbox 573 1495 2136 1567; baseline -0.003 -14"><span class='ocrx_word' id='word_1_92' title='bbox 573 1500 852 1553; x_wconf 90' lang='lat' dir='ltr'><strong>dominam</strong></span> <span class='ocrx_word' id='word_1_93' title='bbox 881 1498 1234 1552; x_wconf 84' lang='lat' dir='ltr'><strong>Tarentinam</strong></span> <span class='ocrx_word' id='word_1_94' title='bbox 1270 1497 1639 1567; x_wconf 81' lang='lat' dir='ltr'><strong>transfugiunt</strong></span> <span class='ocrx_word' id='word_1_95' title='bbox 1672 1497 1806 1566; x_wconf 65' lang='lat'><strong>(54).</strong></span> <span class='ocrx_word' id='word_1_96' title='bbox 1851 1497 1966 1562; x_wconf 87' lang='lat' dir='ltr'><strong>Qua</strong></span> <span class='ocrx_word' id='word_1_97' title='bbox 2013 1495 2136 1565; x_wconf 78' lang='lat' dir='ltr'><strong>fuga</strong></span> 
     </span>
    </p>
   </div>
   <div class='ocr_carea' id='block_1_17' title="bbox 573 1588 2142 1659">
    <p class='ocr_par' dir='ltr' id='par_1_17' title="bbox 573 1588 2142 1659">
     <span class='ocr_line' id='line_1_17' title="bbox 573 1588 2142 1659; baseline -0.001 -15"><span class='ocrx_word' id='word_1_98' title='bbox 573 1591 782 1654; x_wconf 90' lang='lat' dir='ltr'><strong>audita,</strong></span> <span class='ocrx_word' id='word_1_99' title='bbox 809 1589 1110 1658; x_wconf 87' lang='lat' dir='ltr'><strong>imperator</strong></span> <span class='ocrx_word' id='word_1_100' title='bbox 1131 1588 1403 1643; x_wconf 91' lang='lat' dir='ltr'><strong>artiﬁcum</strong></span> <span class='ocrx_word' id='word_1_101' title='bbox 1432 1588 1646 1643; x_wconf 88' lang='lat' dir='ltr'><strong>insidiis</strong></span> <span class='ocrx_word' id='word_1_102' title='bbox 1680 1589 1915 1643; x_wconf 90' lang='lat' dir='ltr'><strong>necdum</strong></span> <span class='ocrx_word' id='word_1_103' title='bbox 1954 1589 2142 1659; x_wconf 80' lang='lat' dir='ltr'><strong>cogni-</strong></span> 
     </span>
    </p>
   </div>
   <div class='ocr_carea' id='block_1_18' title="bbox 573 1679 2143 1751">
    <p class='ocr_par' dir='ltr' id='par_1_18' title="bbox 573 1679 2143 1751">
     <span class='ocr_line' id='line_1_18' title="bbox 573 1679 2143 1751; baseline -0.001 -16"><span class='ocrx_word' id='word_1_104' title='bbox 573 1682 644 1736; x_wconf 87' lang='lat' dir='ltr'><strong>tis</strong></span> <span class='ocrx_word' id='word_1_105' title='bbox 667 1689 721 1735; x_wconf 92' lang='lat' dir='ltr'><strong>et</strong></span> <span class='ocrx_word' id='word_1_106' title='bbox 749 1688 970 1751; x_wconf 87' lang='lat' dir='ltr'><strong>propter</strong></span> <span class='ocrx_word' id='word_1_107' title='bbox 993 1680 1218 1734; x_wconf 85' lang='lat' dir='ltr'><strong>Tarenti</strong></span> <span class='ocrx_word' id='word_1_108' title='bbox 1251 1679 1464 1748; x_wconf 82' lang='lat' dir='ltr'><strong>longam</strong></span> <span class='ocrx_word' id='word_1_109' title='bbox 1500 1679 1568 1733; x_wconf 91' lang='lat' dir='ltr'><strong>ab</strong></span> <span class='ocrx_word' id='word_1_110' title='bbox 1603 1680 1910 1733; x_wconf 84' lang='lat' dir='ltr'><strong>Acarnania</strong></span> <span class='ocrx_word' id='word_1_111' title='bbox 1938 1681 2143 1734; x_wconf 88' lang='lat' dir='ltr'><strong>distan-</strong></span> 
     </span>
    </p>
   </div>
   <div class='ocr_carea' id='block_1_19' title="bbox 575 1769 2131 1840">
    <p class='ocr_par' dir='ltr' id='par_1_19' title="bbox 575 1769 2131 1840">
     <span class='ocr_line' id='line_1_19' title="bbox 575 1769 2131 1840; baseline -0.003 -14"><span class='ocrx_word' id='word_1_112' title='bbox 575 1773 705 1826; x_wconf 89' lang='lat' dir='ltr'><strong>tiam</strong></span> <span class='ocrx_word' id='word_1_113' title='bbox 753 1787 985 1840; x_wconf 90' lang='lat' dir='ltr'><strong>puerum</strong></span> <span class='ocrx_word' id='word_1_114' title='bbox 1028 1783 1287 1823; x_wconf 88' lang='lat' dir='ltr'><strong>revocare</strong></span> <span class='ocrx_word' id='word_1_115' title='bbox 1317 1769 1465 1823; x_wconf 88' lang='lat' dir='ltr'><strong>haud</strong></span> <span class='ocrx_word' id='word_1_116' title='bbox 1504 1771 1670 1838; x_wconf 86' lang='lat' dir='ltr'><strong>potis,</strong></span> <span class='ocrx_word' id='word_1_117' title='bbox 1702 1770 1922 1839; x_wconf 89' lang='lat' dir='ltr'><strong>paulum</strong></span> <span class='ocrx_word' id='word_1_118' title='bbox 1975 1771 2131 1824; x_wconf 91' lang='lat' dir='ltr'><strong>urbi-</strong></span> 
     </span>
    </p>
   </div>
   <div class='ocr_carea' id='block_1_20' title="bbox 2242 580 3800 652">
    <p class='ocr_par' dir='ltr' id='par_1_20' title="bbox 2242 580 3800 652">
     <span class='ocr_line' id='line_1_20' title="bbox 2242 580 3800 652; baseline 0.001 -19"><span class='ocrx_word' id='word_1_119' title='bbox 2242 582 2375 641; x_wconf 80' lang='grc' dir='ltr'>σίοις</span> <span class='ocrx_word' id='word_1_120' title='bbox 2429 582 2520 632; x_wconf 74' lang='grc' dir='ltr'><strong>καὶ</strong></span> <span class='ocrx_word' id='word_1_121' title='bbox 2565 581 2754 643; x_wconf 82' lang='grc' dir='ltr'>ἄλλαις</span> <span class='ocrx_word' id='word_1_122' title='bbox 2809 581 3082 649; x_wconf 70' lang='grc' dir='ltr'>ἠμείψατο</span> <span class='ocrx_word' id='word_1_123' title='bbox 3111 580 3475 649; x_wconf 81' lang='grc' dir='ltr'><strong>εὐεργεσίαις.</strong></span> <span class='ocrx_word' id='word_1_124' title='bbox 3503 582 3800 652; x_wconf 77' lang='grc' dir='ltr'>Νικηφόρῳ</span> 
     </span>
    </p>
   </div>
   <div class='ocr_carea' id='block_1_21' title="bbox 2233 672 3795 743">
    <p class='ocr_par' dir='ltr' id='par_1_21' title="bbox 2233 672 3795 743">
     <span class='ocr_line' id='line_1_21' title="bbox 2233 672 3795 743; baseline 0.003 -19"><span class='ocrx_word' id='word_1_125' title='bbox 2233 689 2293 724; x_wconf 89' lang='grc' dir='ltr'><strong>τε</strong></span> <span class='ocrx_word' id='word_1_126' title='bbox 2351 673 2429 742; x_wconf 84' lang='grc' dir='ltr'><strong>τῷ</strong></span> <span class='ocrx_word' id='word_1_127' title='bbox 2471 673 2732 725; x_wconf 76' lang='grc' dir='ltr'><strong>δεσπότου</strong></span> <span class='ocrx_word' id='word_1_128' title='bbox 2784 672 2939 725; x_wconf 55' lang='grc' dir='ltr'><strong>παιδὶ⁸</strong></span> <span class='ocrx_word' id='word_1_129' title='bbox 2997 672 3097 743; x_wconf 79' lang='grc' dir='ltr'>τὴν</span> <span class='ocrx_word' id='word_1_130' title='bbox 3146 672 3385 742; x_wconf 82' lang='grc' dir='ltr'><strong>μεγάλου</strong></span> <span class='ocrx_word' id='word_1_131' title='bbox 3471 673 3795 742; x_wconf 85' lang='grc' dir='ltr'>δομεστίκου</span> 
     </span>
    </p>
   </div>
   <div class='ocr_carea' id='block_1_22' title="bbox 2235 763 3795 833">
    <p class='ocr_par' dir='ltr' id='par_1_22' title="bbox 2235 763 3795 833">
     <span class='ocr_line' id='line_1_22' title="bbox 2235 763 3795 833; baseline 0.001 -17"><span class='ocrx_word' id='word_1_132' title='bbox 2235 763 2592 833; x_wconf 85' lang='grc' dir='ltr'>κατηγγύησε</span> <span class='ocrx_word' id='word_1_133' title='bbox 2625 764 2926 830; x_wconf 81' lang='grc' dir='ltr'><strong>θυγατέρα,</strong></span> <span class='ocrx_word' id='word_1_134' title='bbox 2959 763 3140 816; x_wconf 83' lang='grc' dir='ltr'>πάντα</span> <span class='ocrx_word' id='word_1_135' title='bbox 3167 780 3226 814; x_wconf 89' lang='grc' dir='ltr'><strong>τε</strong></span> <span class='ocrx_word' id='word_1_136' title='bbox 3273 763 3590 832; x_wconf 78' lang='grc' dir='ltr'><strong>διαθέμενος</strong></span> <span class='ocrx_word' id='word_1_137' title='bbox 3625 765 3701 828; x_wconf 86' lang='grc' dir='ltr'>ὡς</span> <span class='ocrx_word' id='word_1_138' title='bbox 3732 766 3795 818; x_wconf 81' lang='grc' dir='ltr'><strong>ἂν</strong></span> 
     </span>
    </p>
   </div>
   <div class='ocr_carea' id='block_1_23' title="bbox 2238 853 3798 924">
    <p class='ocr_par' dir='ltr' id='par_1_23' title="bbox 2238 853 3798 924">
     <span class='ocr_line' id='line_1_23' title="bbox 2238 853 3798 924; baseline 0 -18"><span class='ocrx_word' id='word_1_139' title='bbox 2238 854 2385 923; x_wconf 86' lang='grc' dir='ltr'>αὑτῴ</span> <span class='ocrx_word' id='word_1_140' title='bbox 2434 854 2580 924; x_wconf 79' lang='grc' dir='ltr'>ἔχειν</span> <span class='ocrx_word' id='word_1_141' title='bbox 2630 854 2829 924; x_wconf 81' lang='grc' dir='ltr'>ἄριστα</span> <span class='ocrx_word' id='word_1_142' title='bbox 2869 854 3065 918; x_wconf 75' lang='grc' dir='ltr'>ἐδόκει,</span> <span class='ocrx_word' id='word_1_143' title='bbox 3116 853 3213 916; x_wconf 81' lang='grc' dir='ltr'>τὰς</span> <span class='ocrx_word' id='word_1_144' title='bbox 3253 855 3437 914; x_wconf 84' lang='grc' dir='ltr'>πόλεις</span> <span class='ocrx_word' id='word_1_145' title='bbox 3485 854 3669 913; x_wconf 82' lang='grc' dir='ltr'>πάσας</span> <span class='ocrx_word' id='word_1_146' title='bbox 3704 860 3798 924; x_wconf 82' lang='grc' dir='ltr'>τῆς</span> 
     </span>
    </p>
   </div>
   <div class='ocr_carea' id='block_1_24' title="bbox 2251 944 3794 1016">
    <p class='ocr_par' dir='ltr' id='par_1_24' title="bbox 2251 944 3794 1016">
     <span class='ocr_line' id='line_1_24' title="bbox 2251 944 3794 1016; baseline 0.001 -20"><span class='ocrx_word' id='word_1_147' title='bbox 2251 944 2612 1014; x_wconf 75' lang='grc' dir='ltr'>Ἀκαρνανίας</span> <span class='ocrx_word' id='word_1_148' title='bbox 2681 945 2894 1016; x_wconf 77' lang='grc' dir='ltr'>περιῄει</span> <span class='ocrx_word' id='word_1_149' title='bbox 2961 946 3024 997; x_wconf 80' lang='grc' dir='ltr'><strong>οὐ</strong></span> <span class='ocrx_word' id='word_1_150' title='bbox 3085 946 3246 1014; x_wconf 87' lang='grc' dir='ltr'>μόνον</span> <span class='ocrx_word' id='word_1_151' title='bbox 3299 946 3538 1016; x_wconf 81' lang='grc' dir='ltr'><strong>ἱστορίας</strong></span> <span class='ocrx_word' id='word_1_152' title='bbox 3599 947 3794 1008; x_wconf 76' lang='grc' dir='ltr'>ἕνεκα,</span> 
     </span>
    </p>
   </div>
   <div class='ocr_carea' id='block_1_25' title="bbox 2237 1030 3796 1104">
    <p class='ocr_par' dir='ltr' id='par_1_25' title="bbox 2237 1030 3796 1104">
     <span class='ocr_line' id='line_1_25' title="bbox 2237 1030 3796 1104; baseline 0.003 -20"><span class='ocrx_word' id='word_1_153' title='bbox 2237 1030 2392 1084; x_wconf 77' lang='grc' dir='ltr'>οὔπω</span> <span class='ocrx_word' id='word_1_154' title='bbox 2426 1033 2692 1102; x_wconf 87' lang='grc' dir='ltr'>πρότερον</span> <span class='ocrx_word' id='word_1_155' title='bbox 2721 1032 3007 1103; x_wconf 81' lang='grc' dir='ltr'>ἑωρακὼς,</span> <span class='ocrx_word' id='word_1_156' title='bbox 3040 1034 3177 1086; x_wconf 83' lang='grc' dir='ltr'>ἀλλὰ</span> <span class='ocrx_word' id='word_1_157' title='bbox 3223 1035 3315 1087; x_wconf 76' lang='grc' dir='ltr'>καὶ</span> <span class='ocrx_word' id='word_1_158' title='bbox 3345 1036 3604 1104; x_wconf 80' lang='grc' dir='ltr'>προνοίας</span> <span class='ocrx_word' id='word_1_159' title='bbox 3636 1037 3796 1099; x_wconf 79' lang='grc' dir='ltr'><strong>ἀξιώ-</strong></span> 
     </span>
    </p>
   </div>
   <div class='ocr_carea' id='block_1_26' title="bbox 2245 1121 3801 1197">
    <p class='ocr_par' dir='ltr' id='par_1_26' title="bbox 2245 1121 3801 1197">
     <span class='ocr_line' id='line_1_26' title="bbox 2245 1121 3801 1197; baseline 0.001 -21"><span class='ocrx_word' id='word_1_160' title='bbox 2245 1141 2358 1177; x_wconf 91' lang='grc' dir='ltr'><strong>σων</strong></span> <span class='ocrx_word' id='word_1_161' title='bbox 2401 1125 2502 1194; x_wconf 82' lang='grc' dir='ltr'>τῆς</span> <span class='ocrx_word' id='word_1_162' title='bbox 2545 1125 2790 1194; x_wconf 79' lang='grc' dir='ltr'>δεούσης.</span> <span class='ocrx_word' id='word_1_163' title='bbox 2833 1127 2898 1178; x_wconf 89' lang='grc' dir='ltr'>Οί</span> <span class='ocrx_word' id='word_1_164' title='bbox 2951 1126 3048 1195; x_wconf 82' lang='grc' dir='ltr'>μὲν</span> <span class='ocrx_word' id='word_1_165' title='bbox 3084 1121 3178 1180; x_wconf 79' lang='grc' dir='ltr'><strong>οὖν</strong></span> <span class='ocrx_word' id='word_1_166' title='bbox 3217 1126 3366 1178; x_wconf 82' lang='grc' dir='ltr'>ἄλλοι</span> <span class='ocrx_word' id='word_1_167' title='bbox 3419 1127 3620 1187; x_wconf 73' lang='grc' dir='ltr'>πάντες</span> <span class='ocrx_word' id='word_1_168' title='bbox 3666 1129 3801 1197; x_wconf 68' lang='grc' dir='ltr'><strong>ἠγά-</strong></span> 
     </span>
    </p>
   </div>
   <div class='ocr_carea' id='block_1_27' title="bbox 2242 1212 3808 1287">
    <p class='ocr_par' dir='ltr' id='par_1_27' title="bbox 2242 1212 3808 1287">
     <span class='ocr_line' id='line_1_27' title="bbox 2242 1212 3808 1287; baseline 0.002 -21"><span class='ocrx_word' id='word_1_169' title='bbox 2242 1231 2360 1267; x_wconf 87' lang='grc' dir='ltr'>πων</span> <span class='ocrx_word' id='word_1_170' title='bbox 2391 1215 2495 1268; x_wconf 72' lang='grc' dir='ltr'><strong>ὑπὸ</strong></span> <span class='ocrx_word' id='word_1_171' title='bbox 2529 1215 2758 1287; x_wconf 77' lang='grc' dir='ltr'>βασιλέα</span> <span class='ocrx_word' id='word_1_172' title='bbox 2795 1217 3139 1286; x_wconf 75' lang='grc' dir='ltr'>τεταγμένοι.</span> <span class='ocrx_word' id='word_1_173' title='bbox 3175 1212 3268 1279; x_wconf 75' lang='grc' dir='ltr'>Οἷς</span> <span class='ocrx_word' id='word_1_174' title='bbox 3319 1216 3376 1268; x_wconf 80' lang='grc' dir='ltr'>δὲ</span> <span class='ocrx_word' id='word_1_175' title='bbox 3412 1217 3508 1269; x_wconf 74' lang='grc' dir='ltr'>καὶ</span> <span class='ocrx_word' id='word_1_176' title='bbox 3547 1219 3808 1287; x_wconf 74' lang='grc' dir='ltr'>τρότερον</span> 
     </span>
    </p>
   </div>
   <div class='ocr_carea' id='block_1_28' title="bbox 2241 1285 3807 1379">
    <p class='ocr_par' dir='ltr' id='par_1_28' title="bbox 2241 1285 3807 1379">
     <span class='ocr_line' id='line_1_28' title="bbox 2241 1285 3807 1379; baseline 0.003 -21"><span class='ocrx_word' id='word_1_177' title='bbox 2241 1305 2417 1358; x_wconf 65' lang='grc' dir='ltr'>ἐδόκει</span> <span class='ocrx_word' id='word_1_178' title='bbox 2463 1285 2662 1375; x_wconf 67' lang='grc' dir='ltr'>μάλλον</span> <span class='ocrx_word' id='word_1_179' title='bbox 2711 1310 2738 1361; x_wconf 88' lang='grc' dir='ltr'>ὁ</span> <span class='ocrx_word' id='word_1_180' title='bbox 2775 1308 3009 1378; x_wconf 78' lang='grc' dir='ltr'>πόλεμος</span> <span class='ocrx_word' id='word_1_181' title='bbox 3058 1309 3328 1377; x_wconf 84' lang='grc' dir='ltr'>σίρετέος,</span> <span class='ocrx_word' id='word_1_182' title='bbox 3382 1309 3484 1361; x_wconf 78' lang='grc' dir='ltr'><strong>οὐκ</strong></span> <span class='ocrx_word' id='word_1_183' title='bbox 3528 1309 3807 1379; x_wconf 73' lang='grc' dir='ltr'>ἠνείχοντο</span> 
     </span>
    </p>
   </div>
   <div class='ocr_carea' id='block_1_29' title="bbox 2241 1398 3804 1470">
    <p class='ocr_par' dir='ltr' id='par_1_29' title="bbox 2241 1398 3804 1470">
     <span class='ocr_line' id='line_1_29' title="bbox 2241 1398 3804 1470; baseline 0.002 -21"><span class='ocrx_word' id='word_1_184' title='bbox 2241 1399 2291 1450; x_wconf 86' lang='grc' dir='ltr'><strong>εί</strong></span> <span class='ocrx_word' id='word_1_185' title='bbox 2324 1398 2396 1466; x_wconf 83' lang='grc' dir='ltr'>μὴ</span> <span class='ocrx_word' id='word_1_186' title='bbox 2429 1399 2822 1469; x_wconf 79' lang='grc' dir='ltr'>νεωτερίζοιεν·</span> <span class='ocrx_word' id='word_1_187' title='bbox 2846 1401 3083 1468; x_wconf 86' lang='grc' dir='ltr'>οἰόμενοι</span> <span class='ocrx_word' id='word_1_188' title='bbox 3112 1400 3375 1463; x_wconf 72' lang='grc' dir='ltr'>διε-αὑτοῖς</span> <span class='ocrx_word' id='word_1_189' title='bbox 3393 1400 3641 1470; x_wconf 66' lang='grc' dir='ltr'>’δύναμιν</span> <span class='ocrx_word' id='word_1_190' title='bbox 3673 1402 3804 1469; x_wconf 65' lang='grc' dir='ltr'>πρὲις</span> 
     </span>
    </p>
   </div>
   <div class='ocr_carea' id='block_1_30' title="bbox 2240 1490 3805 1562">
    <p class='ocr_par' dir='ltr' id='par_1_30' title="bbox 2240 1490 3805 1562">
     <span class='ocr_line' id='line_1_30' title="bbox 2240 1490 3805 1562; baseline 0.002 -21"><span class='ocrx_word' id='word_1_191' title='bbox 2240 1490 2334 1542; x_wconf 77' lang='grc' dir='ltr'><strong>τὸν</strong></span> <span class='ocrx_word' id='word_1_192' title='bbox 2371 1490 2610 1560; x_wconf 85' lang='grc' dir='ltr'>πόλεμον</span> <span class='ocrx_word' id='word_1_193' title='bbox 2642 1491 2924 1562; x_wconf 81' lang='grc' dir='ltr'>παρέξειν,</span> <span class='ocrx_word' id='word_1_194' title='bbox 2956 1492 3046 1544; x_wconf 84' lang='grc' dir='ltr'><strong>τὸν</strong></span> <span class='ocrx_word' id='word_1_195' title='bbox 3075 1493 3391 1561; x_wconf 75' lang='grc' dir='ltr'>Νικηφόρον</span> <span class='ocrx_word' id='word_1_196' title='bbox 3423 1494 3516 1545; x_wconf 82' lang='grc' dir='ltr'><strong>τὸν</strong></span> <span class='ocrx_word' id='word_1_197' title='bbox 3541 1493 3805 1544; x_wconf 75' lang='grc' dir='ltr'>δεσπότου</span> 
     </span>
    </p>
   </div>
   <div class='ocr_carea' id='block_1_31' title="bbox 2247 1579 3806 1654">
    <p class='ocr_par' dir='ltr' id='par_1_31' title="bbox 2247 1579 3806 1654">
     <span class='ocr_line' id='line_1_31' title="bbox 2247 1579 3806 1654; baseline 0.005 -24"><span class='ocrx_word' id='word_1_198' title='bbox 2247 1579 2412 1631; x_wconf 88' lang='grc' dir='ltr'>παῖδα</span> <span class='ocrx_word' id='word_1_199' title='bbox 2453 1581 2716 1650; x_wconf 84' lang='grc' dir='ltr'>πρότερον</span> <span class='ocrx_word' id='word_1_200' title='bbox 2745 1580 3023 1647; x_wconf 80' lang='grc' dir='ltr'>ἐκθέσθαι,</span> <span class='ocrx_word' id='word_1_201' title='bbox 3053 1583 3126 1645; x_wconf 88' lang='grc' dir='ltr'><strong>ὡς</strong></span> <span class='ocrx_word' id='word_1_202' title='bbox 3151 1583 3216 1635; x_wconf 82' lang='grc' dir='ltr'><strong>ἂν</strong></span> <span class='ocrx_word' id='word_1_203' title='bbox 3251 1584 3405 1639; x_wconf 76' lang='grc' dir='ltr'>αὐτοί</span> <span class='ocrx_word' id='word_1_204' title='bbox 3437 1601 3494 1635; x_wconf 86' lang='grc' dir='ltr'><strong>τε</strong></span> <span class='ocrx_word' id='word_1_205' title='bbox 3527 1585 3671 1654; x_wconf 80' lang='grc' dir='ltr'>ὑπὲρ</span> <span class='ocrx_word' id='word_1_206' title='bbox 3714 1586 3806 1638; x_wconf 86' lang='grc' dir='ltr'>τοῦ</span> 
     </span>
    </p>
   </div>
   <div class='ocr_carea' id='block_1_32' title="bbox 2239 1669 3806 1741">
    <p class='ocr_par' dir='ltr' id='par_1_32' title="bbox 2239 1669 3806 1741">
     <span class='ocr_line' id='line_1_32' title="bbox 2239 1669 3806 1741; baseline 0.004 -21"><span class='ocrx_word' id='word_1_207' title='bbox 2239 1669 2434 1732; x_wconf 74' lang='grc' dir='ltr'>παιδὸς</span> <span class='ocrx_word' id='word_1_208' title='bbox 2471 1669 2680 1724; x_wconf 87' lang='grc' dir='ltr'>δοκοῖεν</span> <span class='ocrx_word' id='word_1_209' title='bbox 2720 1672 3000 1741; x_wconf 75' lang='grc' dir='ltr'>πολεμεῖν,</span> <span class='ocrx_word' id='word_1_210' title='bbox 3059 1675 3152 1728; x_wconf 74' lang='grc' dir='ltr'><strong>καὶ</strong></span> <span class='ocrx_word' id='word_1_211' title='bbox 3185 1676 3308 1737; x_wconf 81' lang='grc' dir='ltr'>τοὺς</span> <span class='ocrx_word' id='word_1_212' title='bbox 3343 1676 3538 1738; x_wconf 83' lang='grc' dir='ltr'>ἄλλους</span> <span class='ocrx_word' id='word_1_213' title='bbox 3567 1678 3806 1730; x_wconf 73' lang='grc' dir='ltr'>πείθοιεν</span> 
     </span>
    </p>
   </div>
   <div class='ocr_carea' id='block_1_33' title="bbox 2246 1762 3808 1839">
    <p class='ocr_par' dir='ltr' id='par_1_33' title="bbox 2246 1762 3808 1839">
     <span class='ocr_line' id='line_1_33' title="bbox 2246 1762 3808 1839; baseline 0.005 -27"><span class='ocrx_word' id='word_1_214' title='bbox 2246 1762 2602 1831; x_wconf 84' lang='grc' dir='ltr'>συναίρεσθαι</span> <span class='ocrx_word' id='word_1_215' title='bbox 2634 1765 2763 1817; x_wconf 83' lang='grc' dir='ltr'>ὅταν</span> <span class='ocrx_word' id='word_1_216' title='bbox 2796 1767 3138 1819; x_wconf 73' lang='grc' dir='ltr'>καταστῶσιν</span> <span class='ocrx_word' id='word_1_217' title='bbox 3169 1769 3250 1830; x_wconf 87' lang='grc' dir='ltr'><strong>είς</strong></span> <span class='ocrx_word' id='word_1_218' title='bbox 3283 1769 3376 1822; x_wconf 75' lang='grc' dir='ltr'><strong>τὸν</strong></span> <span class='ocrx_word' id='word_1_219' title='bbox 3415 1771 3675 1839; x_wconf 88' lang='grc' dir='ltr'>πόλεμον,</span> <span class='ocrx_word' id='word_1_220' title='bbox 3721 1772 3808 1822; x_wconf 72' lang='grc' dir='ltr'>τὸν</span> 
     </span>
    </p>
   </div>
   <div class='ocr_carea' id='block_1_34' title="bbox 576 1837 2144 1930">
    <p class='ocr_par' dir='ltr' id='par_1_34' title="bbox 576 1837 2140 1930">
     <span class='ocr_line' id='line_1_34' title="bbox 576 1837 2140 1930; baseline -0.001 -13"><span class='ocrx_word' id='word_1_221' title='bbox 576 1865 682 1918; x_wconf 82' lang='lat' dir='ltr'><strong>bus</strong></span> <span class='ocrx_word' id='word_1_222' title='bbox 709 1837 815 1916; x_wconf 78' lang='lat' dir='ltr'><strong>illis</strong></span> <span class='ocrx_word' id='word_1_223' title='bbox 842 1863 1182 1923; x_wconf 88' lang='lat' dir='ltr'><strong>immoratus,</strong></span> <span class='ocrx_word' id='word_1_224' title='bbox 1205 1868 1262 1914; x_wconf 90' lang='lat' dir='ltr'><strong>et</strong></span> <span class='ocrx_word' id='word_1_225' title='bbox 1284 1860 1339 1913; x_wconf 92' lang='lat' dir='ltr'><strong>in</strong></span> <span class='ocrx_word' id='word_1_226' title='bbox 1366 1837 1605 1929; x_wconf 80' lang='lat' dir='ltr'><strong>singulas</strong></span> <span class='ocrx_word' id='word_1_227' title='bbox 1636 1837 2140 1930; x_wconf 52' lang='lat' dir='ltr'><strong>priesidibus-insti-</strong></span> 
     </span>
    </p>
   </div>
   <div class='ocr_carea' id='block_1_35' title="bbox 2248 1837 3809 1930">
    <p class='ocr_par' dir='ltr' id='par_1_35' title="bbox 2248 1837 3809 1930">
     <span class='ocr_line' id='line_1_35' title="bbox 2248 1837 3809 1930; baseline 0.006 -25"><span class='ocrx_word' id='word_1_228' title='bbox 2248 1852 2340 1905; x_wconf 76' lang='grc' dir='ltr'>τοῦ</span> <span class='ocrx_word' id='word_1_229' title='bbox 2371 1855 2563 1918; x_wconf 84' lang='grc' dir='ltr'>παιδὸς</span> <span class='ocrx_word' id='word_1_230' title='bbox 2616 1855 2844 1909; x_wconf 79' lang='grc' dir='ltr'>ἔπεισαν</span> <span class='ocrx_word' id='word_1_231' title='bbox 2891 1858 3238 1926; x_wconf 80' lang='grc' dir='ltr'>παιδαγωγὸν</span> <span class='ocrx_word' id='word_1_232' title='bbox 3280 1837 3635 1930; x_wconf 49' lang='grc' dir='ltr'>Ῥιτζάρδξν,</span> <span class='ocrx_word' id='word_1_233' title='bbox 3697 1863 3809 1930; x_wconf 71' lang='grc' dir='ltr'><strong>ἅμα</strong></span> 
     </span>
    </p>
   </div>
   <div class='ocr_carea' id='block_1_36' title="bbox 579 1951 2146 2022">
    <p class='ocr_par' dir='ltr' id='par_1_36' title="bbox 579 1951 2146 2022">
     <span class='ocr_line' id='line_1_36' title="bbox 579 1951 2146 2022; baseline -0.001 -14"><span class='ocrx_word' id='word_1_234' title='bbox 579 1955 733 2020; x_wconf 89' lang='lat' dir='ltr'><strong>tutis,</strong></span> <span class='ocrx_word' id='word_1_235' title='bbox 771 1966 1076 2021; x_wconf 89' lang='lat' dir='ltr'><strong>eorumque</strong></span> <span class='ocrx_word' id='word_1_236' title='bbox 1106 1952 1347 2006; x_wconf 90' lang='lat' dir='ltr'><strong>omnium</strong></span> <span class='ocrx_word' id='word_1_237' title='bbox 1376 1951 1515 2006; x_wconf 91' lang='lat' dir='ltr'><strong>duce</strong></span> <span class='ocrx_word' id='word_1_238' title='bbox 1560 1960 1950 2021; x_wconf 87' lang='lat' dir='ltr'><strong>protostratore</strong></span> <span class='ocrx_word' id='word_1_239' title='bbox 1975 1951 2146 2022; x_wconf 76' lang='lat' dir='ltr'><strong>Syna-</strong></span> 
     </span>
    </p>
   </div>
   <div class='ocr_carea' id='block_1_37' title="bbox 578 2043 2143 2114">
    <p class='ocr_par' dir='ltr' id='par_1_37' title="bbox 578 2043 2143 2114">
     <span class='ocr_line' id='line_1_37' title="bbox 578 2043 2143 2114; baseline -0.002 -13"><span class='ocrx_word' id='word_1_240' title='bbox 578 2047 726 2103; x_wconf 90' lang='lat' dir='ltr'><strong>deuo</strong></span> <span class='ocrx_word' id='word_1_241' title='bbox 753 2045 1055 2110; x_wconf 77' lang='lat' dir='ltr'><strong>declarato,</strong></span> <span class='ocrx_word' id='word_1_242' title='bbox 1080 2053 1137 2099; x_wconf 92' lang='lat' dir='ltr'><strong>et</strong></span> <span class='ocrx_word' id='word_1_243' title='bbox 1177 2044 1300 2098; x_wconf 90' lang='lat' dir='ltr'><strong>aliis</strong></span> <span class='ocrx_word' id='word_1_244' title='bbox 1328 2044 1549 2099; x_wconf 86' lang='lat' dir='ltr'><strong>demum</strong></span> <span class='ocrx_word' id='word_1_245' title='bbox 1577 2043 1834 2099; x_wconf 89' lang='lat' dir='ltr'><strong>omnibus</strong></span> <span class='ocrx_word' id='word_1_246' title='bbox 1859 2060 1958 2114; x_wconf 90' lang='lat' dir='ltr'><strong>pro</strong></span> <span class='ocrx_word' id='word_1_247' title='bbox 1991 2045 2143 2098; x_wconf 89' lang='lat' dir='ltr'><strong>arhi-</strong></span> 
     </span>
    </p>
   </div>
   <div class='ocr_carea' id='block_1_38' title="bbox 577 2135 2144 2208">
    <p class='ocr_par' dir='ltr' id='par_1_38' title="bbox 577 2135 2144 2208">
     <span class='ocr_line' id='line_1_38' title="bbox 577 2135 2144 2208; baseline -0.001 -16"><span class='ocrx_word' id='word_1_248' title='bbox 577 2139 684 2193; x_wconf 91' lang='lat' dir='ltr'><strong>trio</strong></span> <span class='ocrx_word' id='word_1_249' title='bbox 713 2135 1133 2201; x_wconf 84' lang='lat' dir='ltr'><strong>administratis,</strong></span> <span class='ocrx_word' id='word_1_250' title='bbox 1163 2135 1608 2192; x_wconf 88' lang='lat' dir='ltr'><strong>Thessalonicam</strong></span> <span class='ocrx_word' id='word_1_251' title='bbox 1637 2137 1889 2193; x_wconf 88' lang='lat' dir='ltr'><strong>discessit</strong></span> <span class='ocrx_word' id='word_1_252' title='bbox 1938 2153 1954 2190; x_wconf 90' lang='lat'><strong>:</strong></span> <span class='ocrx_word' id='word_1_253' title='bbox 2007 2152 2144 2208; x_wconf 78' lang='lat' dir='ltr'><strong>gau-</strong></span> 
     </span>
    </p>
   </div>
   <div class='ocr_carea' id='block_1_39' title="bbox 573 2227 2147 2298">
    <p class='ocr_par' dir='ltr' id='par_1_39' title="bbox 573 2227 2147 2298">
     <span class='ocr_line' id='line_1_39' title="bbox 573 2227 2147 2298; baseline -0.001 -14"><span class='ocrx_word' id='word_1_254' title='bbox 573 2231 712 2286; x_wconf 79' lang='lat' dir='ltr'><strong>dens</strong></span> <span class='ocrx_word' id='word_1_255' title='bbox 739 2229 925 2289; x_wconf 88' lang='lat' dir='ltr'><strong>simul,</strong></span> <span class='ocrx_word' id='word_1_256' title='bbox 953 2243 1018 2283; x_wconf 92' lang='lat' dir='ltr'><strong>ac</strong></span> <span class='ocrx_word' id='word_1_257' title='bbox 1045 2227 1155 2282; x_wconf 78' lang='grc' dir='ltr'><strong>Ι)θο</strong></span> <span class='ocrx_word' id='word_1_258' title='bbox 1203 2227 1504 2298; x_wconf 79' lang='lat' dir='ltr'><strong>gratulans,</strong></span> <span class='ocrx_word' id='word_1_259' title='bbox 1539 2228 1797 2298; x_wconf 91' lang='lat' dir='ltr'><strong>quoniam</strong></span> <span class='ocrx_word' id='word_1_260' title='bbox 1826 2227 1970 2296; x_wconf 87' lang='lat' dir='ltr'><strong>quod</strong></span> <span class='ocrx_word' id='word_1_261' title='bbox 1989 2243 2018 2282; x_wconf 91' lang='lat' dir='ltr'><strong>a</strong></span> <span class='ocrx_word' id='word_1_262' title='bbox 2037 2229 2147 2283; x_wconf 82' lang='lat' dir='ltr'><strong>Ro-</strong></span> 
     </span>
    </p>
   </div>
   <div class='ocr_carea' id='block_1_40' title="bbox 575 2317 2144 2390">
    <p class='ocr_par' dir='ltr' id='par_1_40' title="bbox 575 2317 2144 2390">
     <span class='ocr_line' id='line_1_40' title="bbox 575 2317 2144 2390; baseline -0.001 -14"><span class='ocrx_word' id='word_1_263' title='bbox 575 2335 737 2376; x_wconf 91' lang='lat' dir='ltr'><strong>mano</strong></span> <span class='ocrx_word' id='word_1_264' title='bbox 777 2319 1030 2390; x_wconf 86' lang='lat' dir='ltr'><strong>imperio,</strong></span> <span class='ocrx_word' id='word_1_265' title='bbox 1056 2317 1220 2387; x_wconf 89' lang='lat' dir='ltr'><strong>idque</strong></span> <span class='ocrx_word' id='word_1_266' title='bbox 1251 2318 1352 2372; x_wconf 86' lang='lat' dir='ltr'><strong>sub</strong></span> <span class='ocrx_word' id='word_1_267' title='bbox 1383 2319 1572 2373; x_wconf 81' lang='lat' dir='ltr'><strong>Alexio</strong></span> <span class='ocrx_word' id='word_1_268' title='bbox 1613 2319 1944 2389; x_wconf 77' lang='lat' dir='ltr'><strong>Augelo(55)</strong></span> <span class='ocrx_word' id='word_1_269' title='bbox 1975 2321 2144 2374; x_wconf 88' lang='lat' dir='ltr'><strong>semel</strong></span> 
     </span>
    </p>
   </div>
   <div class='ocr_carea' id='block_1_41' title="bbox 553 2406 2146 2480">
    <p class='ocr_par' dir='ltr' id='par_1_41' title="bbox 553 2406 2146 2480">
     <span class='ocr_line' id='line_1_41' title="bbox 553 2406 2146 2480; baseline -0.004 -14"><span class='ocrx_word' id='word_1_270' title='bbox 553 2413 954 2480; x_wconf 74' lang='lat' dir='ltr'><strong>abstractum,</strong></span> <span class='ocrx_word' id='word_1_271' title='bbox 1022 2406 1210 2462; x_wconf 91' lang='lat' dir='ltr'><strong>multis</strong></span> <span class='ocrx_word' id='word_1_272' title='bbox 1270 2407 1579 2476; x_wconf 83' lang='lat' dir='ltr'><strong>sumptibus</strong></span> <span class='ocrx_word' id='word_1_273' title='bbox 1640 2417 1696 2462; x_wconf 90' lang='lat' dir='ltr'><strong>et</strong></span> <span class='ocrx_word' id='word_1_274' title='bbox 1746 2407 2146 2477; x_wconf 75' lang='lat' dir='ltr'><strong>defetigationi-</strong></span> 
     </span>
    </p>
   </div>
   <div class='ocr_carea' id='block_1_42' title="bbox 574 2498 2143 2572">
    <p class='ocr_par' dir='ltr' id='par_1_42' title="bbox 574 2498 2143 2572">
     <span class='ocr_line' id='line_1_42' title="bbox 574 2498 2143 2572; baseline -0.003 -13"><span class='ocrx_word' id='word_1_275' title='bbox 574 2505 678 2559; x_wconf 89' lang='lat' dir='ltr'><strong>bus</strong></span> <span class='ocrx_word' id='word_1_276' title='bbox 723 2503 959 2572; x_wconf 89' lang='lat' dir='ltr'><strong>majores</strong></span> <span class='ocrx_word' id='word_1_277' title='bbox 1007 2499 1092 2554; x_wconf 89' lang='lat' dir='ltr'><strong>sui</strong></span> <span class='ocrx_word' id='word_1_278' title='bbox 1135 2498 1497 2568; x_wconf 87' lang='lat' dir='ltr'><strong>imperatores</strong></span> <span class='ocrx_word' id='word_1_279' title='bbox 1532 2515 1857 2570; x_wconf 90' lang='lat' dir='ltr'><strong>recuperare</strong></span> <span class='ocrx_word' id='word_1_280' title='bbox 1881 2500 2143 2569; x_wconf 84' lang='lat' dir='ltr'><strong>nequive-</strong></span> 
     </span>
    </p>
   </div>
   <div class='ocr_carea' id='block_1_43' title="bbox 574 2590 2142 2660">
    <p class='ocr_par' dir='ltr' id='par_1_43' title="bbox 574 2590 2142 2660">
     <span class='ocr_line' id='line_1_43' title="bbox 574 2590 2142 2660; baseline -0.003 -10"><span class='ocrx_word' id='word_1_281' title='bbox 574 2605 721 2660; x_wconf 82' lang='lat' dir='ltr'><strong>rant,</strong></span> <span class='ocrx_word' id='word_1_282' title='bbox 750 2593 804 2648; x_wconf 91' lang='lat' dir='ltr'><strong>id</strong></span> <span class='ocrx_word' id='word_1_283' title='bbox 833 2607 981 2648; x_wconf 93' lang='lat' dir='ltr'><strong>nunc</strong></span> <span class='ocrx_word' id='word_1_284' title='bbox 1020 2592 1141 2646; x_wconf 89' lang='lat' dir='ltr'><strong>sine</strong></span> <span class='ocrx_word' id='word_1_285' title='bbox 1179 2590 1394 2646; x_wconf 86' lang='lat' dir='ltr'><strong>bellicis</strong></span> <span class='ocrx_word' id='word_1_286' title='bbox 1437 2591 1835 2646; x_wconf 69' lang='lat' dir='ltr'><strong>offensionibus</strong></span> <span class='ocrx_word' id='word_1_287' title='bbox 1880 2607 2142 2660; x_wconf 69' lang='lat' dir='ltr'><strong>prosuero</strong></span> 
     </span>
    </p>
   </div>
   <div class='ocr_carea' id='block_1_44' title="bbox 576 2681 2138 2752">
    <p class='ocr_par' dir='ltr' id='par_1_44' title="bbox 576 2681 2138 2752">
     <span class='ocr_line' id='line_1_44' title="bbox 576 2681 2138 2752; baseline -0.001 -14"><span class='ocrx_word' id='word_1_288' title='bbox 576 2698 834 2738; x_wconf 88' lang='lat' dir='ltr'><strong>successu</strong></span> <span class='ocrx_word' id='word_1_289' title='bbox 867 2681 1132 2752; x_wconf 88' lang='lat' dir='ltr'><strong>perﬁcere</strong></span> <span class='ocrx_word' id='word_1_290' title='bbox 1165 2682 1268 2735; x_wconf 87' lang='lat' dir='ltr'><strong>sibi</strong></span> <span class='ocrx_word' id='word_1_291' title='bbox 1302 2681 1606 2735; x_wconf 87' lang='lat' dir='ltr'><strong>annuisset.</strong></span> <span class='ocrx_word' id='word_1_292' title='bbox 1631 2682 1765 2736; x_wconf 86' lang='lat' dir='ltr'><strong>Nam</strong></span> <span class='ocrx_word' id='word_1_293' title='bbox 1800 2693 1855 2735; x_wconf 89' lang='lat' dir='ltr'><strong>et</strong></span> <span class='ocrx_word' id='word_1_294' title='bbox 1889 2682 2138 2744; x_wconf 77' lang='lat' dir='ltr'><strong>Michael,</strong></span> 
     </span>
    </p>
   </div>
   <div class='ocr_carea' id='block_1_45' title="bbox 575 2769 2143 2843">
    <p class='ocr_par' dir='ltr' id='par_1_45' title="bbox 575 2769 2143 2843">
     <span class='ocr_line' id='line_1_45' title="bbox 575 2769 2143 2843; baseline -0.001 -15"><span class='ocrx_word' id='word_1_295' title='bbox 575 2774 669 2843; x_wconf 89' lang='lat' dir='ltr'><strong>qui</strong></span> <span class='ocrx_word' id='word_1_296' title='bbox 693 2786 761 2828; x_wconf 80' lang='lat' dir='ltr'><strong>ex</strong></span> <span class='ocrx_word' id='word_1_297' title='bbox 794 2769 1109 2839; x_wconf 63' lang='lat' dir='ltr'><strong>Palaeologis</strong></span> <span class='ocrx_word' id='word_1_298' title='bbox 1141 2771 1348 2839; x_wconf 90' lang='lat' dir='ltr'><strong>primus</strong></span> <span class='ocrx_word' id='word_1_299' title='bbox 1381 2770 1689 2840; x_wconf 83' lang='lat' dir='ltr'><strong>imperavit,</strong></span> <span class='ocrx_word' id='word_1_300' title='bbox 1722 2771 2039 2825; x_wconf 78' lang='lat' dir='ltr'><strong>Acarnania:</strong></span> <span class='ocrx_word' id='word_1_301' title='bbox 2086 2781 2143 2826; x_wconf 89' lang='lat' dir='ltr'><strong>et</strong></span> 
     </span>
    </p>
   </div>
   <div class='ocr_carea' id='block_1_46' title="bbox 576 2861 2143 2932">
    <p class='ocr_par' dir='ltr' id='par_1_46' title="bbox 576 2861 2143 2932">
     <span class='ocr_line' id='line_1_46' title="bbox 576 2861 2143 2932; baseline -0.001 -14"><span class='ocrx_word' id='word_1_302' title='bbox 576 2865 873 2919; x_wconf 70' lang='lat' dir='ltr'><strong>Thessaliae</strong></span> <span class='ocrx_word' id='word_1_303' title='bbox 891 2877 1055 2918; x_wconf 88' lang='lat' dir='ltr'><strong>causa</strong></span> <span class='ocrx_word' id='word_1_304' title='bbox 1077 2862 1238 2916; x_wconf 81' lang='lat' dir='ltr'><strong>enixe</strong></span> <span class='ocrx_word' id='word_1_305' title='bbox 1254 2861 1549 2927; x_wconf 83' lang='lat' dir='ltr'><strong>laboravit,</strong></span> <span class='ocrx_word' id='word_1_306' title='bbox 1574 2861 1666 2930; x_wconf 88' lang='lat' dir='ltr'><strong>qui</strong></span> <span class='ocrx_word' id='word_1_307' title='bbox 1686 2869 1743 2916; x_wconf 90' lang='lat' dir='ltr'><strong>et</strong></span> <span class='ocrx_word' id='word_1_308' title='bbox 1759 2877 1985 2932; x_wconf 74' lang='lat' dir='ltr'><strong>magnos</strong></span> <span class='ocrx_word' id='word_1_309' title='bbox 2001 2877 2143 2932; x_wconf 76' lang='lat' dir='ltr'><strong>sa-pe</strong></span> 
     </span>
    </p>
   </div>
   <div class='ocr_carea' id='block_1_47' title="bbox 469 2954 2142 3024">
    <p class='ocr_par' dir='ltr' id='par_1_47' title="bbox 469 2954 2142 3024">
     <span class='ocr_line' id='line_1_47' title="bbox 469 2954 2142 3024; baseline -0.004 -10"><span class='ocrx_word' id='word_1_310' title='bbox 469 3003 480 3014; x_wconf 81' lang='lat'><strong><em>,</em></strong></span> <span class='ocrx_word' id='word_1_311' title='bbox 575 2968 633 3012; x_wconf 89' lang='lat' dir='ltr'><strong>et</strong></span> <span class='ocrx_word' id='word_1_312' title='bbox 653 2965 908 3010; x_wconf 88' lang='lat' dir='ltr'><strong>strenuos</strong></span> <span class='ocrx_word' id='word_1_313' title='bbox 936 2954 1214 3009; x_wconf 85' lang='lat' dir='ltr'><strong>exercitus</strong></span> <span class='ocrx_word' id='word_1_314' title='bbox 1245 2954 1584 3024; x_wconf 77' lang='lat' dir='ltr'><strong>eximiosque</strong></span> <span class='ocrx_word' id='word_1_315' title='bbox 1613 2954 1782 3009; x_wconf 91' lang='lat' dir='ltr'><strong>duces</strong></span> <span class='ocrx_word' id='word_1_316' title='bbox 1820 2969 1944 3008; x_wconf 91' lang='lat' dir='ltr'><strong>cum</strong></span> <span class='ocrx_word' id='word_1_317' title='bbox 1977 2957 2142 3009; x_wconf 72' lang='lat' dir='ltr'><strong>Acar-</strong></span> 
     </span>
    </p>
   </div>
   <div class='ocr_carea' id='block_1_48' title="bbox 574 3045 2142 3115">
    <p class='ocr_par' dir='ltr' id='par_1_48' title="bbox 574 3045 2142 3115">
     <span class='ocr_line' id='line_1_48' title="bbox 574 3045 2142 3115; baseline -0.003 -13"><span class='ocrx_word' id='word_1_318' title='bbox 574 3048 813 3102; x_wconf 86' lang='lat' dir='ltr'><strong>nanibus</strong></span> <span class='ocrx_word' id='word_1_319' title='bbox 833 3055 887 3100; x_wconf 88' lang='lat' dir='ltr'><strong>et</strong></span> <span class='ocrx_word' id='word_1_320' title='bbox 919 3045 1201 3100; x_wconf 86' lang='lat' dir='ltr'><strong>Thessalis</strong></span> <span class='ocrx_word' id='word_1_321' title='bbox 1223 3045 1597 3114; x_wconf 83' lang='lat' dir='ltr'><strong>depraeliando</strong></span> <span class='ocrx_word' id='word_1_322' title='bbox 1627 3045 1890 3115; x_wconf 89' lang='lat' dir='ltr'><strong>perdidit,</strong></span> <span class='ocrx_word' id='word_1_323' title='bbox 1920 3057 1974 3100; x_wconf 90' lang='lat' dir='ltr'><strong>et</strong></span> <span class='ocrx_word' id='word_1_324' title='bbox 2019 3054 2142 3115; x_wconf 87' lang='lat' dir='ltr'><strong>post</strong></span> 
     </span>
    </p>
   </div>
   <div class='ocr_carea' id='block_1_49' title="bbox 2249 1941 3810 2017">
    <p class='ocr_par' dir='ltr' id='par_1_49' title="bbox 2249 1941 3810 2017">
     <span class='ocr_line' id='line_1_49' title="bbox 2249 1941 3810 2017; baseline 0.008 -23"><span class='ocrx_word' id='word_1_325' title='bbox 2249 1943 2345 1995; x_wconf 88' lang='grc' dir='ltr'><strong>καί</strong></span> <span class='ocrx_word' id='word_1_326' title='bbox 2381 1959 2526 1995; x_wconf 87' lang='grc' dir='ltr'>τισιν</span> <span class='ocrx_word' id='word_1_327' title='bbox 2564 1946 2800 2014; x_wconf 85' lang='grc' dir='ltr'>ἑτέροις,</span> <span class='ocrx_word' id='word_1_328' title='bbox 2854 1947 3170 2017; x_wconf 75' lang='grc' dir='ltr'>Νικηφόρον</span> <span class='ocrx_word' id='word_1_329' title='bbox 3203 1951 3293 2002; x_wconf 84' lang='grc' dir='ltr'><strong>τὸν</strong></span> <span class='ocrx_word' id='word_1_330' title='bbox 3329 1951 3528 2006; x_wconf 78' lang='grc' dir='ltr'>δούκαν</span> <span class='ocrx_word' id='word_1_331' title='bbox 3574 1941 3810 2006; x_wconf 66' lang='grc' dir='ltr'>ὗπεκθέ-</span> 
     </span>
    </p>
   </div>
   <div class='ocr_carea' id='block_1_50' title="bbox 2250 2031 3810 2103">
    <p class='ocr_par' dir='ltr' id='par_1_50' title="bbox 2250 2031 3810 2103">
     <span class='ocr_line' id='line_1_50' title="bbox 2250 2031 3810 2103; baseline 0.008 -21"><span class='ocrx_word' id='word_1_332' title='bbox 2250 2031 2400 2095; x_wconf 82' lang='grc' dir='ltr'>σθαι,</span> <span class='ocrx_word' id='word_1_333' title='bbox 2461 2033 2554 2084; x_wconf 82' lang='grc' dir='ltr'>καὶ</span> <span class='ocrx_word' id='word_1_334' title='bbox 2605 2032 3016 2102; x_wconf 83' lang='grc' dir='ltr'>παραλαϐόντες</span> <span class='ocrx_word' id='word_1_335' title='bbox 3086 2037 3314 2103; x_wconf 76' lang='grc' dir='ltr'>νυκτὸς,</span> <span class='ocrx_word' id='word_1_336' title='bbox 3369 2037 3554 2092; x_wconf 78' lang='grc' dir='ltr'>πλοίου</span> <span class='ocrx_word' id='word_1_337' title='bbox 3619 2058 3680 2094; x_wconf 90' lang='grc' dir='ltr'><strong>τε</strong></span> <span class='ocrx_word' id='word_1_338' title='bbox 3723 2043 3810 2094; x_wconf 72' lang='grc' dir='ltr'><strong>τὸν</strong></span> 
     </span>
    </p>
   </div>
   <div class='ocr_carea' id='block_1_51' title="bbox 2258 2123 3812 2202">
    <p class='ocr_par' dir='ltr' id='par_1_51' title="bbox 2258 2123 3812 2202">
     <span class='ocr_line' id='line_1_51' title="bbox 2258 2123 3812 2202; baseline 0.008 -28"><span class='ocrx_word' id='word_1_339' title='bbox 2258 2123 2439 2176; x_wconf 64' lang='grc' dir='ltr'>Ἰόνιον</span> <span class='ocrx_word' id='word_1_340' title='bbox 2473 2127 2871 2194; x_wconf 87' lang='grc' dir='ltr'>περαιουμένου</span> <span class='ocrx_word' id='word_1_341' title='bbox 2919 2126 3235 2194; x_wconf 76' lang='grc' dir='ltr'>ἐπιϐάντες,</span> <span class='ocrx_word' id='word_1_342' title='bbox 3275 2130 3356 2192; x_wconf 89' lang='grc' dir='ltr'><strong>είς</strong></span> <span class='ocrx_word' id='word_1_343' title='bbox 3398 2131 3500 2200; x_wconf 80' lang='grc' dir='ltr'><strong>τὴν</strong></span> <span class='ocrx_word' id='word_1_344' title='bbox 3532 2131 3812 2202; x_wconf 79' lang='grc' dir='ltr'>Τάραντις</span> 
     </span>
    </p>
   </div>
   <div class='ocr_carea' id='block_1_52' title="bbox 2243 2213 3813 2294">
    <p class='ocr_par' dir='ltr' id='par_1_52' title="bbox 2243 2213 3813 2294">
     <span class='ocr_line' id='line_1_52' title="bbox 2243 2213 3813 2294; baseline 0.008 -28"><span class='ocrx_word' id='word_1_345' title='bbox 2243 2213 2553 2283; x_wconf 84' lang='grc' dir='ltr'>κρατοῦσαν</span> <span class='ocrx_word' id='word_1_346' title='bbox 2617 2219 3015 2288; x_wconf 81' lang='grc' dir='ltr'>πριγκίπισσαν</span> <span class='ocrx_word' id='word_1_347' title='bbox 3059 2219 3431 2289; x_wconf 82' lang='grc' dir='ltr'>διαφεύγουσι.</span> <span class='ocrx_word' id='word_1_348' title='bbox 3499 2225 3813 2294; x_wconf 83' lang='grc' dir='ltr'>Πυθόμενος</span> 
     </span>
    </p>
   </div>
   <div class='ocr_carea' id='block_1_53' title="bbox 2244 2306 3814 2388">
    <p class='ocr_par' dir='ltr' id='par_1_53' title="bbox 2244 2306 3814 2388">
     <span class='ocr_line' id='line_1_53' title="bbox 2244 2306 3814 2388; baseline 0.009 -29"><span class='ocrx_word' id='word_1_349' title='bbox 2244 2306 2303 2360; x_wconf 76' lang='grc' dir='ltr'>δὲ</span> <span class='ocrx_word' id='word_1_350' title='bbox 2340 2307 2431 2360; x_wconf 77' lang='grc' dir='ltr'>τὸν</span> <span class='ocrx_word' id='word_1_351' title='bbox 2489 2309 2729 2380; x_wconf 88' lang='grc' dir='ltr'>δρασμὸν</span> <span class='ocrx_word' id='word_1_352' title='bbox 2767 2314 2795 2364; x_wconf 83' lang='grc' dir='ltr'><strong>ό</strong></span> <span class='ocrx_word' id='word_1_353' title='bbox 2850 2312 3124 2382; x_wconf 85' lang='grc' dir='ltr'>βασιλεὺς,</span> <span class='ocrx_word' id='word_1_354' title='bbox 3159 2316 3253 2369; x_wconf 70' lang='grc' dir='ltr'>καὶ</span> <span class='ocrx_word' id='word_1_355' title='bbox 3285 2319 3424 2388; x_wconf 85' lang='grc' dir='ltr'>μήτε</span> <span class='ocrx_word' id='word_1_356' title='bbox 3497 2319 3608 2371; x_wconf 85' lang='grc' dir='ltr'><strong>τῶν</strong></span> <span class='ocrx_word' id='word_1_357' title='bbox 3655 2337 3814 2373; x_wconf 85' lang='grc' dir='ltr'>συνε-</span> 
     </span>
    </p>
   </div>
   <div class='ocr_carea' id='block_1_54' title="bbox 2245 2402 3811 2476">
    <p class='ocr_par' dir='ltr' id='par_1_54' title="bbox 2245 2402 3811 2476">
     <span class='ocr_line' id='line_1_54' title="bbox 2245 2402 3811 2476; baseline 0.008 -25"><span class='ocrx_word' id='word_1_358' title='bbox 2245 2403 2590 2454; x_wconf 88' lang='grc' dir='ltr'>σκευακότων</span> <span class='ocrx_word' id='word_1_359' title='bbox 2627 2402 2724 2473; x_wconf 82' lang='grc' dir='ltr'>τὴν</span> <span class='ocrx_word' id='word_1_360' title='bbox 2781 2403 3075 2476; x_wconf 72' lang='grc' dir='ltr'>ἐπιϐουλὴν</span> <span class='ocrx_word' id='word_1_361' title='bbox 3101 2406 3278 2470; x_wconf 79' lang='grc' dir='ltr'>εἰδὼς,</span> <span class='ocrx_word' id='word_1_362' title='bbox 3310 2410 3711 2463; x_wconf 84' lang='grc' dir='ltr'>ἀνακαλεῖσθαί</span> <span class='ocrx_word' id='word_1_363' title='bbox 3755 2429 3811 2464; x_wconf 83' lang='grc' dir='ltr'><strong>τε</strong></span> 
     </span>
    </p>
   </div>
   <div class='ocr_carea' id='block_1_55' title="bbox 2241 2491 3898 2570">
    <p class='ocr_par' dir='ltr' id='par_1_55' title="bbox 2241 2491 3898 2570">
     <span class='ocr_line' id='line_1_55' title="bbox 2241 2491 3898 2570; baseline 0.009 -28"><span class='ocrx_word' id='word_1_364' title='bbox 2241 2493 2331 2543; x_wconf 72' lang='grc' dir='ltr'>τὸν</span> <span class='ocrx_word' id='word_1_365' title='bbox 2380 2494 2543 2545; x_wconf 87' lang='grc' dir='ltr'>παῖδα</span> <span class='ocrx_word' id='word_1_366' title='bbox 2577 2491 2651 2545; x_wconf 84' lang='grc' dir='ltr'>ὣν</span> <span class='ocrx_word' id='word_1_367' title='bbox 2683 2495 2745 2547; x_wconf 83' lang='grc' dir='ltr'><strong>οὐ</strong></span> <span class='ocrx_word' id='word_1_368' title='bbox 2775 2495 3020 2558; x_wconf 85' lang='grc' dir='ltr'>δυνατὸς,</span> <span class='ocrx_word' id='word_1_369' title='bbox 3051 2495 3140 2550; x_wconf 86' lang='grc' dir='ltr'>διὰ</span> <span class='ocrx_word' id='word_1_370' title='bbox 3179 2497 3238 2550; x_wconf 82' lang='grc' dir='ltr'><strong>τὸ</strong></span> <span class='ocrx_word' id='word_1_371' title='bbox 3259 2497 3392 2552; x_wconf 79' lang='grc' dir='ltr'>πολὺ</span> <span class='ocrx_word' id='word_1_372' title='bbox 3438 2499 3811 2570; x_wconf 81' lang='grc' dir='ltr'>Ἀκαρνανίας</span> <span class='ocrx_word' id='word_1_373' title='bbox 3894 2526 3898 2529; x_wconf 95' lang='grc'><strong>·</strong></span> 
     </span>
    </p>
   </div>
   <div class='ocr_carea' id='block_1_56' title="bbox 2245 2581 3813 2655">
    <p class='ocr_par' dir='ltr' id='par_1_56' title="bbox 2245 2581 3813 2655">
     <span class='ocr_line' id='line_1_56' title="bbox 2245 2581 3813 2655; baseline 0.009 -22"><span class='ocrx_word' id='word_1_374' title='bbox 2245 2581 2503 2650; x_wconf 88' lang='grc' dir='ltr'>Τάραντα</span> <span class='ocrx_word' id='word_1_375' title='bbox 2544 2583 2910 2654; x_wconf 79' lang='grc' dir='ltr'>διεστηκέναι,</span> <span class='ocrx_word' id='word_1_376' title='bbox 2937 2587 3024 2638; x_wconf 74' lang='grc' dir='ltr'><strong>ἐπ’</strong></span> <span class='ocrx_word' id='word_1_377' title='bbox 3051 2587 3234 2655; x_wconf 79' lang='grc' dir='ltr'>ὀλίγον</span> <span class='ocrx_word' id='word_1_378' title='bbox 3260 2591 3381 2652; x_wconf 83' lang='grc' dir='ltr'>ταῖς</span> <span class='ocrx_word' id='word_1_379' title='bbox 3421 2590 3644 2646; x_wconf 90' lang='grc' dir='ltr'>πόλεσιν</span> <span class='ocrx_word' id='word_1_380' title='bbox 3673 2595 3813 2647; x_wconf 76' lang='grc' dir='ltr'>ἐκεί-</span> 
     </span>
    </p>
   </div>
   <div class='ocr_carea' id='block_1_57' title="bbox 2243 2666 3810 2754">
    <p class='ocr_par' dir='ltr' id='par_1_57' title="bbox 2243 2666 3810 2754">
     <span class='ocr_line' id='line_1_57' title="bbox 2243 2666 3810 2754; baseline 0.011 -32"><span class='ocrx_word' id='word_1_381' title='bbox 2243 2666 2364 2734; x_wconf 75' lang='grc' dir='ltr'>ναις</span> <span class='ocrx_word' id='word_1_382' title='bbox 2395 2672 2746 2744; x_wconf 79' lang='grc' dir='ltr'>ἐνδιατρίψας</span> <span class='ocrx_word' id='word_1_383' title='bbox 2804 2677 2898 2730; x_wconf 78' lang='grc' dir='ltr'><strong>καὶ</strong></span> <span class='ocrx_word' id='word_1_384' title='bbox 2949 2680 3156 2741; x_wconf 84' lang='grc' dir='ltr'>πάσαις</span> <span class='ocrx_word' id='word_1_385' title='bbox 3196 2682 3474 2750; x_wconf 71' lang='grc' dir='ltr'>ἡγεμόνας</span> <span class='ocrx_word' id='word_1_386' title='bbox 3505 2684 3810 2754; x_wconf 72' lang='grc' dir='ltr'>ἐπιστήσας</span> 
     </span>
    </p>
   </div>
   <div class='ocr_carea' id='block_1_58' title="bbox 2244 2759 3813 2843">
    <p class='ocr_par' dir='ltr' id='par_1_58' title="bbox 2244 2759 3813 2843">
     <span class='ocr_line' id='line_1_58' title="bbox 2244 2759 3813 2843; baseline 0.011 -32"><span class='ocrx_word' id='word_1_387' title='bbox 2244 2759 2330 2828; x_wconf 77' lang='grc' dir='ltr'><strong>ἐφ’</strong></span> <span class='ocrx_word' id='word_1_388' title='bbox 2361 2763 2590 2833; x_wconf 81' lang='grc' dir='ltr'>ἑκάστῃ,</span> <span class='ocrx_word' id='word_1_389' title='bbox 2635 2765 2725 2817; x_wconf 88' lang='grc' dir='ltr'><strong>τόν</strong></span> <span class='ocrx_word' id='word_1_390' title='bbox 2771 2781 2832 2817; x_wconf 87' lang='grc' dir='ltr'><strong>τε</strong></span> <span class='ocrx_word' id='word_1_391' title='bbox 2867 2768 3328 2840; x_wconf 81' lang='grc' dir='ltr'>πρωτοστράτορα</span> <span class='ocrx_word' id='word_1_392' title='bbox 3379 2771 3688 2843; x_wconf 82' lang='grc' dir='ltr'>Συναδηνὸν</span> <span class='ocrx_word' id='word_1_393' title='bbox 3722 2777 3813 2830; x_wconf 73' lang='grc' dir='ltr'><strong>ἐπὶ</strong></span> 
     </span>
    </p>
   </div>
   <div class='ocr_carea' id='block_1_59' title="bbox 2245 2849 3814 2927">
    <p class='ocr_par' dir='ltr' id='par_1_59' title="bbox 2245 2849 3814 2927">
     <span class='ocr_line' id='line_1_59' title="bbox 2245 2849 3814 2927; baseline 0.012 -29"><span class='ocrx_word' id='word_1_394' title='bbox 2245 2849 2412 2901; x_wconf 85' lang='grc' dir='ltr'>πᾶσιν</span> <span class='ocrx_word' id='word_1_395' title='bbox 2451 2850 2743 2915; x_wconf 80' lang='grc' dir='ltr'>ἀποδείξας</span> <span class='ocrx_word' id='word_1_396' title='bbox 2788 2859 3118 2924; x_wconf 68' lang='grc' dir='ltr'>στρατηγὶν,</span> <span class='ocrx_word' id='word_1_397' title='bbox 3152 2860 3244 2909; x_wconf 79' lang='grc' dir='ltr'><strong>καὶ</strong></span> <span class='ocrx_word' id='word_1_398' title='bbox 3273 2860 3320 2910; x_wconf 79' lang='grc' dir='ltr'>τ’</span> <span class='ocrx_word' id='word_1_399' title='bbox 3347 2859 3481 2912; x_wconf 76' lang='grc' dir='ltr'>ἄλλα</span> <span class='ocrx_word' id='word_1_400' title='bbox 3513 2866 3691 2916; x_wconf 78' lang='grc' dir='ltr'>πάντα</span> <span class='ocrx_word' id='word_1_401' title='bbox 3740 2865 3814 2927; x_wconf 84' lang='grc' dir='ltr'><strong>ὡς</strong></span> 
     </span>
    </p>
   </div>
   <div class='ocr_carea' id='block_1_60' title="bbox 2245 2939 3813 3025">
    <p class='ocr_par' dir='ltr' id='par_1_60' title="bbox 2245 2939 3813 3025">
     <span class='ocr_line' id='line_1_60' title="bbox 2245 2939 3813 3025; baseline 0.011 -35"><span class='ocrx_word' id='word_1_402' title='bbox 2245 2939 2311 2991; x_wconf 85' lang='grc' dir='ltr'><strong>ἂν</strong></span> <span class='ocrx_word' id='word_1_403' title='bbox 2345 2940 2493 3010; x_wconf 84' lang='grc' dir='ltr'>αὐτῷ</span> <span class='ocrx_word' id='word_1_404' title='bbox 2526 2941 2701 2994; x_wconf 81' lang='grc' dir='ltr'>ἐδόκει</span> <span class='ocrx_word' id='word_1_405' title='bbox 2735 2943 3169 3014; x_wconf 80' lang='grc' dir='ltr'>διοικησάμενος,</span> <span class='ocrx_word' id='word_1_406' title='bbox 3219 2949 3359 3018; x_wconf 82' lang='grc' dir='ltr'>ἄρας</span> <span class='ocrx_word' id='word_1_407' title='bbox 3408 2953 3620 3006; x_wconf 75' lang='grc' dir='ltr'>ἐκεῖθεν</span> <span class='ocrx_word' id='word_1_408' title='bbox 3649 2951 3813 3025; x_wconf 73' lang='grc' dir='ltr'>ἦλθεν</span> 
     </span>
    </p>
   </div>
   <div class='ocr_carea' id='block_1_61' title="bbox 2243 3030 3816 3116">
    <p class='ocr_par' dir='ltr' id='par_1_61' title="bbox 2243 3030 3816 3116">
     <span class='ocr_line' id='line_1_61' title="bbox 2243 3030 3816 3116; baseline 0.011 -35"><span class='ocrx_word' id='word_1_409' title='bbox 2243 3031 2323 3093; x_wconf 82' lang='grc' dir='ltr'><strong>εἰς</strong></span> <span class='ocrx_word' id='word_1_410' title='bbox 2358 3030 2792 3104; x_wconf 80' lang='grc' dir='ltr'>Θεσσαλονίκην,</span> <span class='ocrx_word' id='word_1_411' title='bbox 2824 3037 3030 3108; x_wconf 85' lang='grc' dir='ltr'>χαίρων</span> <span class='ocrx_word' id='word_1_412' title='bbox 3055 3038 3173 3108; x_wconf 78' lang='grc' dir='ltr'><strong>ἅμα</strong></span> <span class='ocrx_word' id='word_1_413' title='bbox 3201 3041 3294 3093; x_wconf 73' lang='grc' dir='ltr'><strong>καὶ</strong></span> <span class='ocrx_word' id='word_1_414' title='bbox 3318 3040 3436 3109; x_wconf 86' lang='grc' dir='ltr'><strong>Θεῷ</strong></span> <span class='ocrx_word' id='word_1_415' title='bbox 3461 3043 3562 3112; x_wconf 79' lang='grc' dir='ltr'><strong>τῆς</strong></span> <span class='ocrx_word' id='word_1_416' title='bbox 3585 3047 3816 3116; x_wconf 74' lang='grc' dir='ltr'>εὖεργε·</span> 
     </span>
    </p>
   </div>
   <div class='ocr_carea' id='block_1_62' title="bbox 577 3123 2144 3222">
    <p class='ocr_par' dir='ltr' id='par_1_62' title="bbox 577 3135 2139 3207">
     <span class='ocr_line' id='line_1_62' title="bbox 577 3135 2139 3207; baseline -0.001 -14"><span class='ocrx_word' id='word_1_417' title='bbox 577 3139 732 3194; x_wconf 91' lang='lat' dir='ltr'><strong>illum</strong></span> <span class='ocrx_word' id='word_1_418' title='bbox 772 3137 1124 3192; x_wconf 84' lang='lat' dir='ltr'><strong>Andronicus</strong></span> <span class='ocrx_word' id='word_1_419' title='bbox 1154 3135 1320 3191; x_wconf 88' lang='lat' dir='ltr'><strong>ﬁlius.</strong></span> <span class='ocrx_word' id='word_1_420' title='bbox 1375 3135 1513 3190; x_wconf 82' lang='lat' dir='ltr'><strong>Huic</strong></span> <span class='ocrx_word' id='word_1_421' title='bbox 1565 3144 1748 3191; x_wconf 91' lang='lat' dir='ltr'><strong>autem</strong></span> <span class='ocrx_word' id='word_1_422' title='bbox 1788 3152 1952 3207; x_wconf 89' lang='lat' dir='ltr'><strong>parva</strong></span> <span class='ocrx_word' id='word_1_423' title='bbox 1984 3137 2139 3191; x_wconf 89' lang='lat' dir='ltr'><strong>moli-</strong></span> 
     </span>
    </p>
   </div>
   <div class='ocr_carea' id='block_1_63' title="bbox 2248 3123 3811 3222">
    <p class='ocr_par' dir='ltr' id='par_1_63' title="bbox 2248 3123 3811 3205">
     <span class='ocr_line' id='line_1_63' title="bbox 2248 3123 3811 3205; baseline 0.011 -31"><span class='ocrx_word' id='word_1_424' title='bbox 2248 3124 2365 3185; x_wconf 85' lang='grc' dir='ltr'>σίας</span> <span class='ocrx_word' id='word_1_425' title='bbox 2415 3123 2644 3193; x_wconf 83' lang='grc' dir='ltr'>χάριτας</span> <span class='ocrx_word' id='word_1_426' title='bbox 2677 3127 2979 3196; x_wconf 78' lang='grc' dir='ltr'>ὁμολογῶν,</span> <span class='ocrx_word' id='word_1_427' title='bbox 3031 3129 3112 3181; x_wconf 77' lang='grc' dir='ltr'><strong>ὅτι</strong></span> <span class='ocrx_word' id='word_1_428' title='bbox 3161 3130 3190 3180; x_wconf 74' lang='grc' dir='ltr'><strong>ὃ</strong></span> <span class='ocrx_word' id='word_1_429' title='bbox 3229 3131 3445 3194; x_wconf 81' lang='grc' dir='ltr'>πολλοῖς</span> <span class='ocrx_word' id='word_1_430' title='bbox 3487 3136 3811 3205; x_wconf 81' lang='grc' dir='ltr'>ἀναλώμασι</span> 
     </span>
    </p>
   </div>
   <div class='ocr_carea' id='block_1_64' title="bbox 577 3222 2140 3295">
    <p class='ocr_par' dir='ltr' id='par_1_64' title="bbox 577 3222 2140 3295">
     <span class='ocr_line' id='line_1_64' title="bbox 577 3222 2140 3295; baseline 0.001 -17"><span class='ocrx_word' id='word_1_431' title='bbox 577 3227 747 3288; x_wconf 89' lang='lat' dir='ltr'><strong>tione,</strong></span> <span class='ocrx_word' id='word_1_432' title='bbox 774 3233 830 3278; x_wconf 87' lang='lat' dir='ltr'><strong>et</strong></span> <span class='ocrx_word' id='word_1_433' title='bbox 881 3222 1023 3278; x_wconf 93' lang='lat' dir='ltr'><strong>nihil</strong></span> <span class='ocrx_word' id='word_1_434' title='bbox 1060 3222 1184 3277; x_wconf 89' lang='lat' dir='ltr'><strong>belli</strong></span> <span class='ocrx_word' id='word_1_435' title='bbox 1237 3238 1401 3278; x_wconf 83' lang='lat' dir='ltr'><strong>causa</strong></span> <span class='ocrx_word' id='word_1_436' title='bbox 1443 3224 1639 3278; x_wconf 88' lang='lat' dir='ltr'><strong>durum</strong></span> <span class='ocrx_word' id='word_1_437' title='bbox 1677 3225 1998 3295; x_wconf 81' lang='lat' dir='ltr'><strong>perferenti,</strong></span> <span class='ocrx_word' id='word_1_438' title='bbox 2030 3241 2140 3282; x_wconf 90' lang='lat' dir='ltr'><strong>non</strong></span> 
     </span>
    </p>
   </div>
   <div class='ocr_carea' id='block_1_65' title="bbox 574 3315 2140 3386">
    <p class='ocr_par' dir='ltr' id='par_1_65' title="bbox 574 3315 2140 3386">
     <span class='ocr_line' id='line_1_65' title="bbox 574 3315 2140 3386; baseline 0.003 -18"><span class='ocrx_word' id='word_1_439' title='bbox 574 3319 751 3370; x_wconf 88' lang='lat' dir='ltr'><strong>solum</strong></span> <span class='ocrx_word' id='word_1_440' title='bbox 799 3315 1183 3379; x_wconf 81' lang='lat' dir='ltr'><strong>Acarnaniam,</strong></span> <span class='ocrx_word' id='word_1_441' title='bbox 1227 3315 1321 3369; x_wconf 88' lang='lat' dir='ltr'><strong>sed</strong></span> <span class='ocrx_word' id='word_1_442' title='bbox 1369 3315 1705 3371; x_wconf 84' lang='lat' dir='ltr'><strong>Thessaliam</strong></span> <span class='ocrx_word' id='word_1_443' title='bbox 1736 3331 1955 3386; x_wconf 85' lang='lat' dir='ltr'><strong>quoque</strong></span> <span class='ocrx_word' id='word_1_444' title='bbox 1984 3317 2140 3372; x_wconf 88' lang='lat' dir='ltr'><strong>subi-</strong></span> 
     </span>
    </p>
   </div>
   <div class='ocr_carea' id='block_1_66' title="bbox 578 3402 2144 3474">
    <p class='ocr_par' dir='ltr' id='par_1_66' title="bbox 578 3402 2144 3474">
     <span class='ocr_line' id='line_1_66' title="bbox 578 3402 2144 3474; baseline 0.002 -16"><span class='ocrx_word' id='word_1_445' title='bbox 578 3419 726 3474; x_wconf 75' lang='lat' dir='ltr'><strong>gere,</strong></span> <span class='ocrx_word' id='word_1_446' title='bbox 757 3412 810 3458; x_wconf 91' lang='lat' dir='ltr'><strong>et</strong></span> <span class='ocrx_word' id='word_1_447' title='bbox 836 3402 1169 3472; x_wconf 74' lang='lat' dir='ltr'><strong>jampridem</strong></span> <span class='ocrx_word' id='word_1_448' title='bbox 1207 3403 1482 3472; x_wconf 80' lang='lat' dir='ltr'><strong>sejunctas</strong></span> <span class='ocrx_word' id='word_1_449' title='bbox 1505 3406 1817 3473; x_wconf 82' lang='lat' dir='ltr'><strong>provincias</strong></span> <span class='ocrx_word' id='word_1_450' title='bbox 1849 3420 1970 3459; x_wconf 91' lang='lat' dir='ltr'><strong>cum</strong></span> <span class='ocrx_word' id='word_1_451' title='bbox 2013 3407 2144 3461; x_wconf 83' lang='lat' dir='ltr'><strong>reli-</strong></span> 
     </span>
    </p>
   </div>
   <div class='ocr_carea' id='block_1_67' title="bbox 581 3484 2142 3566">
    <p class='ocr_par' dir='ltr' id='par_1_67' title="bbox 581 3484 2142 3566">
     <span class='ocr_line' id='line_1_67' title="bbox 581 3484 2142 3566; baseline 0.001 -18"><span class='ocrx_word' id='word_1_452' title='bbox 581 3509 692 3564; x_wconf 92' lang='lat' dir='ltr'><strong>quo</strong></span> <span class='ocrx_word' id='word_1_453' title='bbox 743 3493 974 3563; x_wconf 88' lang='lat' dir='ltr'><strong>imperio</strong></span> <span class='ocrx_word' id='word_1_454' title='bbox 1010 3493 1256 3548; x_wconf 81' lang='lat' dir='ltr'><strong>Romano</strong></span> <span class='ocrx_word' id='word_1_455' title='bbox 1297 3493 1480 3548; x_wconf 89' lang='lat' dir='ltr'><strong>denuo</strong></span> <span class='ocrx_word' id='word_1_456' title='bbox 1524 3484 1841 3549; x_wconf 87' lang='lat' dir='ltr'><strong>consociare</strong></span> <span class='ocrx_word' id='word_1_457' title='bbox 1896 3497 2142 3566; x_wconf 77' lang='lat' dir='ltr'><strong>contigit.</strong></span> 
     </span>
    </p>
   </div>
   <div class='ocr_carea' id='block_1_68' title="bbox 512 3585 2140 3656">
    <p class='ocr_par' dir='ltr' id='par_1_68' title="bbox 512 3585 2140 3656">
     <span class='ocr_line' id='line_1_68' title="bbox 512 3585 2140 3656; baseline 0.001 -13"><span class='ocrx_word' id='word_1_458' title='bbox 512 3590 514 3592; x_wconf 70' lang='grc'>’</span> <span class='ocrx_word' id='word_1_459' title='bbox 582 3586 742 3656; x_wconf 84' lang='lat'><strong>307</strong></span> <span class='ocrx_word' id='word_1_460' title='bbox 767 3585 936 3640; x_wconf 85' lang='lat' dir='ltr'><strong>Paulo</strong></span> <span class='ocrx_word' id='word_1_461' title='bbox 963 3593 1086 3654; x_wconf 87' lang='lat' dir='ltr'><strong>post</strong></span> <span class='ocrx_word' id='word_1_462' title='bbox 1109 3585 1503 3655; x_wconf 80' lang='lat' dir='ltr'><strong>Adrianopolin</strong></span> <span class='ocrx_word' id='word_1_463' title='bbox 1540 3602 1600 3641; x_wconf 88' lang='lat' dir='ltr'><strong>se</strong></span> <span class='ocrx_word' id='word_1_464' title='bbox 1616 3587 1868 3650; x_wconf 88' lang='lat' dir='ltr'><strong>contulit,</strong></span> <span class='ocrx_word' id='word_1_465' title='bbox 1894 3589 1984 3643; x_wconf 89' lang='lat' dir='ltr'><strong>ubi</strong></span> <span class='ocrx_word' id='word_1_466' title='bbox 2015 3589 2140 3645; x_wconf 71' lang='lat' dir='ltr'><strong>Moe-</strong></span> 
     </span>
    </p>
   </div>
   <div class='ocr_carea' id='block_1_69' title="bbox 582 3675 2144 3748">
    <p class='ocr_par' dir='ltr' id='par_1_69' title="bbox 582 3675 2144 3748">
     <span class='ocr_line' id='line_1_69' title="bbox 582 3675 2144 3748; baseline 0.003 -17"><span class='ocrx_word' id='word_1_467' title='bbox 582 3691 766 3731; x_wconf 87' lang='lat' dir='ltr'><strong>sorum</strong></span> <span class='ocrx_word' id='word_1_468' title='bbox 823 3692 915 3746; x_wconf 77' lang='lat' dir='ltr'><strong>rex</strong></span> <span class='ocrx_word' id='word_1_469' title='bbox 968 3675 1274 3730; x_wconf 81' lang='lat' dir='ltr'><strong>Alexander</strong></span> <span class='ocrx_word' id='word_1_470' title='bbox 1312 3676 1600 3732; x_wconf 86' lang='lat' dir='ltr'><strong>verborum</strong></span> <span class='ocrx_word' id='word_1_471' title='bbox 1627 3693 1748 3748; x_wconf 61' lang='lat' dir='ltr'><strong>quae</strong></span> <span class='ocrx_word' id='word_1_472' title='bbox 1787 3680 2144 3736; x_wconf 84' lang='lat' dir='ltr'><strong>Rhosocastri</strong></span> 
     </span>
    </p>
   </div>
   <div class='ocr_carea' id='block_1_70' title="bbox 579 3767 2148 3843">
    <p class='ocr_par' dir='ltr' id='par_1_70' title="bbox 579 3767 2148 3843">
     <span class='ocr_line' id='line_1_70' title="bbox 579 3767 2148 3843; baseline 0.004 -21"><span class='ocrx_word' id='word_1_473' title='bbox 579 3771 648 3822; x_wconf 80' lang='lat' dir='ltr'><strong>ad</strong></span> <span class='ocrx_word' id='word_1_474' title='bbox 680 3783 803 3824; x_wconf 88' lang='lat' dir='ltr'><strong>eum</strong></span> <span class='ocrx_word' id='word_1_475' title='bbox 830 3783 993 3838; x_wconf 89' lang='lat' dir='ltr'><strong>super</strong></span> <span class='ocrx_word' id='word_1_476' title='bbox 1010 3767 1272 3823; x_wconf 87' lang='lat' dir='ltr'><strong>aﬁinitate</strong></span> <span class='ocrx_word' id='word_1_477' title='bbox 1295 3768 1598 3834; x_wconf 88' lang='lat' dir='ltr'><strong>habuisset,</strong></span> <span class='ocrx_word' id='word_1_478' title='bbox 1632 3772 1951 3825; x_wconf 88' lang='lat' dir='ltr'><strong>memoriam</strong></span> <span class='ocrx_word' id='word_1_479' title='bbox 1975 3773 2023 3826; x_wconf 88' lang='lat' dir='ltr'><strong>ei</strong></span> <span class='ocrx_word' id='word_1_480' title='bbox 2049 3789 2148 3843; x_wconf 91' lang='lat' dir='ltr'><strong>per</strong></span> 
     </span>
    </p>
   </div>
   <div class='ocr_carea' id='block_1_71' title="bbox 577 3856 2150 3931">
    <p class='ocr_par' dir='ltr' id='par_1_71' title="bbox 577 3856 2150 3931">
     <span class='ocr_line' id='line_1_71' title="bbox 577 3856 2150 3931; baseline 0.001 -15"><span class='ocrx_word' id='word_1_481' title='bbox 577 3856 786 3931; x_wconf 76' lang='lat' dir='ltr'><strong>legatos</strong></span> <span class='ocrx_word' id='word_1_482' title='bbox 834 3859 1244 3929; x_wconf 79' lang='lat' dir='ltr'><strong>redintegravit,</strong></span> <span class='ocrx_word' id='word_1_483' title='bbox 1303 3858 1616 3928; x_wconf 89' lang='lat' dir='ltr'><strong>certiorque</strong></span> <span class='ocrx_word' id='word_1_484' title='bbox 1661 3860 1780 3914; x_wconf 92' lang='lat' dir='ltr'><strong>ﬁeri</strong></span> <span class='ocrx_word' id='word_1_485' title='bbox 1830 3862 2022 3926; x_wconf 90' lang='lat' dir='ltr'><strong>voluit,</strong></span> <span class='ocrx_word' id='word_1_486' title='bbox 2060 3879 2150 3918; x_wconf 72' lang='lat' dir='ltr'><strong>ec-</strong></span> 
     </span>
    </p>
   </div>
   <div class='ocr_carea' id='block_1_72' title="bbox 578 3942 2148 4025">
    <p class='ocr_par' dir='ltr' id='par_1_72' title="bbox 578 3942 2148 4025">
     <span class='ocr_line' id='line_1_72' title="bbox 578 3942 2148 4025; baseline 0.004 -21"><span class='ocrx_word' id='word_1_487' title='bbox 578 3953 708 4025; x_wconf 87' lang='lat' dir='ltr'><strong>quid</strong></span> <span class='ocrx_word' id='word_1_488' title='bbox 746 3952 852 4007; x_wconf 90' lang='lat' dir='ltr'><strong>hoc</strong></span> <span class='ocrx_word' id='word_1_489' title='bbox 877 3951 1284 4006; x_wconf 89' lang='lat' dir='ltr'><strong>matrimonium</strong></span> <span class='ocrx_word' id='word_1_490' title='bbox 1319 3952 1368 4007; x_wconf 92' lang='lat' dir='ltr'><strong>ei</strong></span> <span class='ocrx_word' id='word_1_491' title='bbox 1406 3952 1558 4006; x_wconf 88' lang='lat' dir='ltr'><strong>cordi</strong></span> <span class='ocrx_word' id='word_1_492' title='bbox 1593 3961 1760 4008; x_wconf 89' lang='lat' dir='ltr'><strong>esset.</strong></span> <span class='ocrx_word' id='word_1_493' title='bbox 1785 3942 2009 4025; x_wconf 81' lang='lat' dir='ltr'><strong>Legatio</strong></span> <span class='ocrx_word' id='word_1_494' title='bbox 2033 3956 2148 4011; x_wconf 68' lang='lat' dir='ltr'><strong>hace</strong></span> 
     </span>
    </p>
   </div>
   <div class='ocr_carea' id='block_1_73' title="bbox 579 4042 2144 4116">
    <p class='ocr_par' dir='ltr' id='par_1_73' title="bbox 579 4042 2144 4116">
     <span class='ocr_line' id='line_1_73' title="bbox 579 4042 2144 4116; baseline 0.003 -17"><span class='ocrx_word' id='word_1_495' title='bbox 579 4043 900 4115; x_wconf 83' lang='lat' dir='ltr'><strong>imperatori</strong></span> <span class='ocrx_word' id='word_1_496' title='bbox 925 4058 1112 4113; x_wconf 87' lang='lat' dir='ltr'><strong>parum</strong></span> <span class='ocrx_word' id='word_1_497' title='bbox 1137 4043 1380 4114; x_wconf 88' lang='lat' dir='ltr'><strong>jucunda</strong></span> <span class='ocrx_word' id='word_1_498' title='bbox 1405 4042 1538 4110; x_wconf 80' lang='lat' dir='ltr'><strong>fuit;</strong></span> <span class='ocrx_word' id='word_1_499' title='bbox 1575 4044 1740 4100; x_wconf 89' lang='lat' dir='ltr'><strong>ﬁliam</strong></span> <span class='ocrx_word' id='word_1_500' title='bbox 1769 4047 1969 4116; x_wconf 89' lang='lat' dir='ltr'><strong>quippe</strong></span> <span class='ocrx_word' id='word_1_501' title='bbox 1993 4063 2144 4104; x_wconf 89' lang='lat' dir='ltr'><strong>suam</strong></span> 
     </span>
    </p>
   </div>
   <div class='ocr_carea' id='block_1_74' title="bbox 579 4135 2148 4204">
    <p class='ocr_par' dir='ltr' id='par_1_74' title="bbox 579 4135 2148 4204">
     <span class='ocr_line' id='line_1_74' title="bbox 579 4135 2148 4204; baseline 0.003 -13"><span class='ocrx_word' id='word_1_502' title='bbox 579 4135 728 4191; x_wconf 90' lang='lat' dir='ltr'><strong>domi</strong></span> <span class='ocrx_word' id='word_1_503' title='bbox 770 4135 1031 4200; x_wconf 82' lang='lat' dir='ltr'><strong>retinere,</strong></span> <span class='ocrx_word' id='word_1_504' title='bbox 1094 4149 1260 4204; x_wconf 89' lang='lat' dir='ltr'><strong>quam</strong></span> <span class='ocrx_word' id='word_1_505' title='bbox 1313 4135 1610 4190; x_wconf 75' lang='lat' dir='ltr'><strong>Alexandri</strong></span> <span class='ocrx_word' id='word_1_506' title='bbox 1660 4137 1772 4192; x_wconf 82' lang='lat' dir='ltr'><strong>lilio</strong></span> <span class='ocrx_word' id='word_1_507' title='bbox 1807 4138 1862 4192; x_wconf 91' lang='lat' dir='ltr'><strong>in</strong></span> <span class='ocrx_word' id='word_1_508' title='bbox 1897 4155 2148 4196; x_wconf 80' lang='lat' dir='ltr'><strong>commu-</strong></span> 
     </span>
    </p>
   </div>
   <div class='ocr_carea' id='block_1_75' title="bbox 579 4224 2149 4293">
    <p class='ocr_par' dir='ltr' id='par_1_75' title="bbox 579 4224 2149 4293">
     <span class='ocr_line' id='line_1_75' title="bbox 579 4224 2149 4293; baseline 0.004 -12"><span class='ocrx_word' id='word_1_509' title='bbox 579 4227 803 4281; x_wconf 86' lang='lat' dir='ltr'><strong>nionem</strong></span> <span class='ocrx_word' id='word_1_510' title='bbox 892 4224 994 4279; x_wconf 91' lang='lat' dir='ltr'><strong>tori</strong></span> <span class='ocrx_word' id='word_1_511' title='bbox 1073 4224 1357 4278; x_wconf 89' lang='lat' dir='ltr'><strong>transdere</strong></span> <span class='ocrx_word' id='word_1_512' title='bbox 1443 4226 1748 4293; x_wconf 85' lang='lat' dir='ltr'><strong>maluisset,</strong></span> <span class='ocrx_word' id='word_1_513' title='bbox 1823 4243 1943 4283; x_wconf 91' lang='lat' dir='ltr'><strong>cum</strong></span> <span class='ocrx_word' id='word_1_514' title='bbox 1981 4235 2149 4287; x_wconf 89' lang='lat' dir='ltr'><strong>sciret</strong></span> 
     </span>
    </p>
   </div>
   <div class='ocr_carea' id='block_1_76' title="bbox 583 4314 2149 4391">
    <p class='ocr_par' dir='ltr' id='par_1_76' title="bbox 583 4314 2149 4391">
     <span class='ocr_line' id='line_1_76' title="bbox 583 4314 2149 4391; baseline 0.005 -21"><span class='ocrx_word' id='word_1_515' title='bbox 583 4317 805 4388; x_wconf 67' lang='lat' dir='ltr'><strong>puellae,</strong></span> <span class='ocrx_word' id='word_1_516' title='bbox 853 4315 1102 4370; x_wconf 86' lang='lat' dir='ltr'><strong>moribus</strong></span> <span class='ocrx_word' id='word_1_517' title='bbox 1120 4315 1414 4384; x_wconf 77' lang='lat' dir='ltr'><strong>aclegibus</strong></span> <span class='ocrx_word' id='word_1_518' title='bbox 1441 4314 1645 4372; x_wconf 61' lang='lat' dir='ltr'><strong>Gracis</strong></span> <span class='ocrx_word' id='word_1_519' title='bbox 1694 4327 1752 4374; x_wconf 89' lang='lat' dir='ltr'><strong>et</strong></span> <span class='ocrx_word' id='word_1_520' title='bbox 1781 4319 2149 4391; x_wconf 86' lang='lat' dir='ltr'><strong>imperatoriis</strong></span> 
     </span>
    </p>
   </div>
   <div class='ocr_carea' id='block_1_77' title="bbox 581 4407 2147 4492">
    <p class='ocr_par' dir='ltr' id='par_1_77' title="bbox 581 4407 2147 4492">
     <span class='ocr_line' id='line_1_77' title="bbox 581 4407 2147 4492; baseline 0.004 -28"><span class='ocrx_word' id='word_1_521' title='bbox 581 4409 854 4492; x_wconf 62' lang='lat' dir='ltr'><strong>educatae,</strong></span> <span class='ocrx_word' id='word_1_522' title='bbox 883 4407 1194 4462; x_wconf 89' lang='lat' dir='ltr'><strong>convictum</strong></span> <span class='ocrx_word' id='word_1_523' title='bbox 1231 4407 1597 4463; x_wconf 86' lang='lat' dir='ltr'><strong>barbarorum</strong></span> <span class='ocrx_word' id='word_1_524' title='bbox 1629 4410 2004 4469; x_wconf 77' lang='lat' dir='ltr'><strong>delectabilem</strong></span> <span class='ocrx_word' id='word_1_525' title='bbox 2037 4432 2147 4470; x_wconf 90' lang='lat' dir='ltr'><strong>non</strong></span> 
     </span>
    </p>
   </div>
   <div class='ocr_carea' id='block_1_78' title="bbox 2245 3216 3812 3299">
    <p class='ocr_par' dir='ltr' id='par_1_78' title="bbox 2245 3216 3812 3299">
     <span class='ocr_line' id='line_1_78' title="bbox 2245 3216 3812 3299; baseline 0.01 -33"><span class='ocrx_word' id='word_1_526' title='bbox 2245 3217 2338 3269; x_wconf 78' lang='grc' dir='ltr'><strong>καὶ</strong></span> <span class='ocrx_word' id='word_1_527' title='bbox 2390 3216 2574 3278; x_wconf 86' lang='grc' dir='ltr'>πόνοις</span> <span class='ocrx_word' id='word_1_528' title='bbox 2623 3217 2688 3268; x_wconf 84' lang='grc' dir='ltr'>ἐκ</span> <span class='ocrx_word' id='word_1_529' title='bbox 2731 3218 2840 3270; x_wconf 87' lang='grc' dir='ltr'><strong>τῶν</strong></span> <span class='ocrx_word' id='word_1_530' title='bbox 2886 3220 3124 3284; x_wconf 82' lang='grc' dir='ltr'>Ἀλεξίου</span> <span class='ocrx_word' id='word_1_531' title='bbox 3150 3222 3243 3274; x_wconf 78' lang='grc' dir='ltr'>τοῦ</span> <span class='ocrx_word' id='word_1_532' title='bbox 3290 3223 3549 3292; x_wconf 84' lang='grc' dir='ltr'>Ἀγγέλου</span> <span class='ocrx_word' id='word_1_533' title='bbox 3607 3229 3812 3299; x_wconf 79' lang='grc' dir='ltr'>χρόνων</span> 
     </span>
    </p>
   </div>
   <div class='ocr_carea' id='block_1_79' title="bbox 2242 3307 3800 3389">
    <p class='ocr_par' dir='ltr' id='par_1_79' title="bbox 2242 3307 3800 3389">
     <span class='ocr_line' id='line_1_79' title="bbox 2242 3307 3800 3389; baseline 0.007 -30"><span class='ocrx_word' id='word_1_534' title='bbox 2242 3309 2342 3375; x_wconf 84' lang='grc' dir='ltr'><strong>τῆς</strong></span> <span class='ocrx_word' id='word_1_535' title='bbox 2384 3307 2669 3377; x_wconf 63' lang='grc' dir='ltr'>Ῥωμόων</span> <span class='ocrx_word' id='word_1_536' title='bbox 2698 3309 3013 3380; x_wconf 70' lang='grc' dir='ltr'>ἀποτμηθὲν</span> <span class='ocrx_word' id='word_1_537' title='bbox 3041 3314 3338 3382; x_wconf 78' lang='grc' dir='ltr'>ἡγεμονίας</span> <span class='ocrx_word' id='word_1_538' title='bbox 3359 3318 3407 3368; x_wconf 75' lang='lat' dir='ltr'><strong>oi</strong></span> <span class='ocrx_word' id='word_1_539' title='bbox 3430 3317 3625 3372; x_wconf 82' lang='grc' dir='ltr'>τούτου</span> <span class='ocrx_word' id='word_1_540' title='bbox 3666 3322 3800 3389; x_wconf 84' lang='grc' dir='ltr'>πρό-</span> 
     </span>
    </p>
   </div>
   <div class='ocr_carea' id='block_1_80' title="bbox 2244 3398 3813 3476">
    <p class='ocr_par' dir='ltr' id='par_1_80' title="bbox 2244 3398 3813 3476">
     <span class='ocr_line' id='line_1_80' title="bbox 2244 3398 3813 3476; baseline 0.01 -27"><span class='ocrx_word' id='word_1_541' title='bbox 2244 3414 2390 3464; x_wconf 73' lang='grc' dir='ltr'>γονοι</span> <span class='ocrx_word' id='word_1_542' title='bbox 2452 3398 2695 3468; x_wconf 79' lang='grc' dir='ltr'>βασιλεῖς</span> <span class='ocrx_word' id='word_1_543' title='bbox 2750 3403 3142 3456; x_wconf 79' lang='grc' dir='ltr'>ἀνασώσασθαι</span> <span class='ocrx_word' id='word_1_544' title='bbox 3203 3406 3303 3458; x_wconf 82' lang='grc' dir='ltr'><strong>οὐκ</strong></span> <span class='ocrx_word' id='word_1_545' title='bbox 3360 3407 3611 3476; x_wconf 74' lang='grc' dir='ltr'>ἴσχυσαν,</span> <span class='ocrx_word' id='word_1_546' title='bbox 3651 3412 3813 3464; x_wconf 78' lang='grc' dir='ltr'>τοῦτο</span> 
     </span>
    </p>
   </div>
   <div class='ocr_carea' id='block_1_81' title="bbox 2249 3485 3813 3571">
    <p class='ocr_par' dir='ltr' id='par_1_81' title="bbox 2249 3485 3813 3571">
     <span class='ocr_line' id='line_1_81' title="bbox 2249 3485 3813 3571; baseline 0.007 -27"><span class='ocrx_word' id='word_1_547' title='bbox 2249 3491 2346 3544; x_wconf 82' lang='grc' dir='ltr'>νῦν</span> <span class='ocrx_word' id='word_1_548' title='bbox 2379 3485 2507 3546; x_wconf 77' lang='grc' dir='ltr'>ἄνευ</span> <span class='ocrx_word' id='word_1_549' title='bbox 2541 3494 2796 3562; x_wconf 88' lang='grc' dir='ltr'>πολέμων</span> <span class='ocrx_word' id='word_1_550' title='bbox 2824 3496 2917 3547; x_wconf 76' lang='grc' dir='ltr'><strong>καὶ</strong></span> <span class='ocrx_word' id='word_1_551' title='bbox 2963 3494 3228 3548; x_wconf 80' lang='grc' dir='ltr'>κινδύνων</span> <span class='ocrx_word' id='word_1_552' title='bbox 3258 3498 3501 3568; x_wconf 83' lang='grc' dir='ltr'>παρέσχε</span> <span class='ocrx_word' id='word_1_553' title='bbox 3533 3503 3813 3571; x_wconf 84' lang='grc' dir='ltr'>κατορθῶ-</span> 
     </span>
    </p>
   </div>
   <div class='ocr_carea' id='block_1_82' title="bbox 2248 3585 3814 3660">
    <p class='ocr_par' dir='ltr' id='par_1_82' title="bbox 2248 3585 3814 3660">
     <span class='ocr_line' id='line_1_82' title="bbox 2248 3585 3814 3660; baseline 0.009 -27"><span class='ocrx_word' id='word_1_554' title='bbox 2248 3599 2358 3634; x_wconf 91' lang='grc' dir='ltr'>σαι.</span> <span class='ocrx_word' id='word_1_555' title='bbox 2411 3585 2636 3653; x_wconf 80' lang='grc' dir='ltr'>Μιχαὴλ</span> <span class='ocrx_word' id='word_1_556' title='bbox 2693 3601 2751 3637; x_wconf 90' lang='grc' dir='ltr'><strong>τε</strong></span> <span class='ocrx_word' id='word_1_557' title='bbox 2799 3585 2908 3652; x_wconf 81' lang='grc' dir='ltr'>γὰρ</span> <span class='ocrx_word' id='word_1_558' title='bbox 2956 3588 2984 3638; x_wconf 87' lang='grc' dir='ltr'><strong>ό</strong></span> <span class='ocrx_word' id='word_1_559' title='bbox 3042 3586 3260 3655; x_wconf 83' lang='grc' dir='ltr'>πρῶτος</span> <span class='ocrx_word' id='word_1_560' title='bbox 3308 3589 3372 3640; x_wconf 83' lang='grc' dir='ltr'>ὲκ</span> <span class='ocrx_word' id='word_1_561' title='bbox 3428 3589 3814 3660; x_wconf 82' lang='grc' dir='ltr'>Παλαιολόγων</span> 
     </span>
    </p>
   </div>
   <div class='ocr_carea' id='block_1_83' title="bbox 2247 3672 3817 3751">
    <p class='ocr_par' dir='ltr' id='par_1_83' title="bbox 2247 3672 3817 3751">
     <span class='ocr_line' id='line_1_83' title="bbox 2247 3672 3817 3751; baseline 0.006 -24"><span class='ocrx_word' id='word_1_562' title='bbox 2247 3672 2418 3743; x_wconf 76' lang='grc' dir='ltr'>ἄρξας</span> <span class='ocrx_word' id='word_1_563' title='bbox 2484 3674 2688 3744; x_wconf 80' lang='grc' dir='ltr'>πολλὴν</span> <span class='ocrx_word' id='word_1_564' title='bbox 2776 3675 3079 3741; x_wconf 75' lang='grc' dir='ltr'>ἐνεδείξατο</span> <span class='ocrx_word' id='word_1_565' title='bbox 3140 3677 3377 3747; x_wconf 82' lang='grc' dir='ltr'>σπουδὴν</span> <span class='ocrx_word' id='word_1_566' title='bbox 3450 3680 3817 3751; x_wconf 81' lang='grc' dir='ltr'>Ἀκαρνανίας</span> 
     </span>
    </p>
   </div>
   <div class='ocr_carea' id='block_1_84' title="bbox 2249 3767 3818 3838">
    <p class='ocr_par' dir='ltr' id='par_1_84' title="bbox 2249 3767 3818 3838">
     <span class='ocr_line' id='line_1_84' title="bbox 2249 3767 3818 3838; baseline 0.007 -18"><span class='ocrx_word' id='word_1_567' title='bbox 2249 3768 2414 3822; x_wconf 76' lang='grc' dir='ltr'>ἕνεκα</span> <span class='ocrx_word' id='word_1_568' title='bbox 2471 3769 2565 3821; x_wconf 75' lang='grc' dir='ltr'><strong>καὶ</strong></span> <span class='ocrx_word' id='word_1_569' title='bbox 2623 3767 2942 3831; x_wconf 80' lang='grc' dir='ltr'>Θετταλίας,</span> <span class='ocrx_word' id='word_1_570' title='bbox 2981 3769 3077 3822; x_wconf 75' lang='grc' dir='ltr'><strong>καὶ</strong></span> <span class='ocrx_word' id='word_1_571' title='bbox 3111 3774 3372 3838; x_wconf 72' lang='grc' dir='ltr'>στρατιὰν</span> <span class='ocrx_word' id='word_1_572' title='bbox 3405 3770 3661 3828; x_wconf 82' lang='grc' dir='ltr'>ἀπώλεσε</span> <span class='ocrx_word' id='word_1_573' title='bbox 3690 3777 3818 3830; x_wconf 65' lang='grc' dir='ltr'>πολι</span> 
     </span>
    </p>
   </div>
   <div class='ocr_carea' id='block_1_85' title="bbox 2249 3861 3820 3939">
    <p class='ocr_par' dir='ltr' id='par_1_85' title="bbox 2249 3861 3820 3939">
     <span class='ocr_line' id='line_1_85' title="bbox 2249 3861 3820 3939; baseline 0.007 -29"><span class='ocrx_word' id='word_1_574' title='bbox 2249 3861 2346 3927; x_wconf 76' lang='grc' dir='ltr'>λήν</span> <span class='ocrx_word' id='word_1_575' title='bbox 2375 3877 2432 3912; x_wconf 83' lang='grc' dir='ltr'><strong>τε</strong></span> <span class='ocrx_word' id='word_1_576' title='bbox 2461 3861 2556 3914; x_wconf 71' lang='grc' dir='ltr'>καὶ</span> <span class='ocrx_word' id='word_1_577' title='bbox 2587 3861 2824 3931; x_wconf 78' lang='grc' dir='ltr'>ἀγαθὴν,</span> <span class='ocrx_word' id='word_1_578' title='bbox 2856 3862 3117 3925; x_wconf 86' lang='grc' dir='ltr'>πολλάκις</span> <span class='ocrx_word' id='word_1_579' title='bbox 3145 3864 3237 3915; x_wconf 69' lang='grc' dir='ltr'><strong>καὶ</strong></span> <span class='ocrx_word' id='word_1_580' title='bbox 3277 3862 3616 3934; x_wconf 73' lang='grc' dir='ltr'>θαυμασίους</span> <span class='ocrx_word' id='word_1_581' title='bbox 3655 3886 3820 3939; x_wconf 79' lang='grc' dir='ltr'>στρα-</span> 
     </span>
    </p>
   </div>
   <div class='ocr_carea' id='block_1_86' title="bbox 2249 3952 3818 4028">
    <p class='ocr_par' dir='ltr' id='par_1_86' title="bbox 2249 3952 3818 4028">
     <span class='ocr_line' id='line_1_86' title="bbox 2249 3952 3818 4028; baseline 0.008 -26"><span class='ocrx_word' id='word_1_582' title='bbox 2249 3952 2473 4020; x_wconf 80' lang='grc' dir='ltr'>τηγοὺς,</span> <span class='ocrx_word' id='word_1_583' title='bbox 2499 3952 2802 4022; x_wconf 74' lang='grc' dir='ltr'>Ἀκαρνᾶσι</span> <span class='ocrx_word' id='word_1_584' title='bbox 2833 3955 2929 4006; x_wconf 68' lang='grc' dir='ltr'><strong>καὶ</strong></span> <span class='ocrx_word' id='word_1_585' title='bbox 2954 3953 3241 4016; x_wconf 83' lang='grc' dir='ltr'>Θετταλοῖς</span> <span class='ocrx_word' id='word_1_586' title='bbox 3269 3954 3542 4024; x_wconf 87' lang='grc' dir='ltr'>πολεμῶν,</span> <span class='ocrx_word' id='word_1_587' title='bbox 3574 3959 3673 4011; x_wconf 76' lang='grc' dir='ltr'>καὶ</span> <span class='ocrx_word' id='word_1_588' title='bbox 3702 3963 3818 4028; x_wconf 81' lang='grc' dir='ltr'>μετ’</span> 
     </span>
    </p>
   </div>
   <div class='ocr_carea' id='block_1_87' title="bbox 2252 4043 3820 4120">
    <p class='ocr_par' dir='ltr' id='par_1_87' title="bbox 2252 4043 3820 4120">
     <span class='ocr_line' id='line_1_87' title="bbox 2252 4043 3820 4120; baseline 0.008 -26"><span class='ocrx_word' id='word_1_589' title='bbox 2252 4043 2416 4095; x_wconf 75' lang='grc' dir='ltr'>αὐτὸν</span> <span class='ocrx_word' id='word_1_590' title='bbox 2435 4044 2778 4114; x_wconf 81' lang='grc' dir='ltr'>Ἀνδρόνικος</span> <span class='ocrx_word' id='word_1_591' title='bbox 2813 4045 2840 4096; x_wconf 87' lang='grc' dir='ltr'><strong>ό</strong></span> <span class='ocrx_word' id='word_1_592' title='bbox 2887 4045 3026 4107; x_wconf 87' lang='grc' dir='ltr'>υἱός.</span> <span class='ocrx_word' id='word_1_593' title='bbox 3062 4045 3245 4112; x_wconf 79' lang='grc' dir='ltr'>Τούτῳ</span> <span class='ocrx_word' id='word_1_594' title='bbox 3272 4046 3328 4097; x_wconf 81' lang='grc' dir='ltr'>δὲ</span> <span class='ocrx_word' id='word_1_595' title='bbox 3363 4046 3519 4116; x_wconf 83' lang='grc' dir='ltr'>ὀλίγα</span> <span class='ocrx_word' id='word_1_596' title='bbox 3559 4066 3820 4120; x_wconf 85' lang='grc' dir='ltr'>πραγμα-</span> 
     </span>
    </p>
   </div>
   <div class='ocr_carea' id='block_1_88' title="bbox 2251 4134 3820 4211">
    <p class='ocr_par' dir='ltr' id='par_1_88' title="bbox 2251 4134 3820 4211">
     <span class='ocr_line' id='line_1_88' title="bbox 2251 4134 3820 4211; baseline 0.004 -23"><span class='ocrx_word' id='word_1_597' title='bbox 2251 4136 2573 4206; x_wconf 87' lang='grc' dir='ltr'>τευσαμένῳ</span> <span class='ocrx_word' id='word_1_598' title='bbox 2621 4135 2718 4188; x_wconf 81' lang='grc' dir='ltr'>καὶ</span> <span class='ocrx_word' id='word_1_599' title='bbox 2763 4136 2922 4188; x_wconf 82' lang='grc' dir='ltr'>οὐδὲν</span> <span class='ocrx_word' id='word_1_600' title='bbox 2975 4134 3274 4191; x_wconf 74' lang='grc' dir='ltr'>ὑποστάντι</span> <span class='ocrx_word' id='word_1_601' title='bbox 3321 4140 3408 4194; x_wconf 81' lang='grc' dir='ltr'><strong>διὰ</strong></span> <span class='ocrx_word' id='word_1_602' title='bbox 3453 4140 3542 4192; x_wconf 87' lang='grc' dir='ltr'><strong>τὸν</strong></span> <span class='ocrx_word' id='word_1_603' title='bbox 3581 4144 3820 4211; x_wconf 77' lang='grc' dir='ltr'>πόλεμον</span> 
     </span>
    </p>
   </div>
   <div class='ocr_carea' id='block_1_89' title="bbox 2250 4225 3820 4297">
    <p class='ocr_par' dir='ltr' id='par_1_89' title="bbox 2250 4225 3820 4297">
     <span class='ocr_line' id='line_1_89' title="bbox 2250 4225 3820 4297; baseline 0.006 -19"><span class='ocrx_word' id='word_1_604' title='bbox 2250 4225 2443 4291; x_wconf 84' lang='grc' dir='ltr'>δεινὸν,</span> <span class='ocrx_word' id='word_1_605' title='bbox 2485 4227 2546 4278; x_wconf 85' lang='grc' dir='ltr'><strong>οὐ</strong></span> <span class='ocrx_word' id='word_1_606' title='bbox 2599 4227 2758 4295; x_wconf 84' lang='grc' dir='ltr'>μόνον</span> <span class='ocrx_word' id='word_1_607' title='bbox 2787 4228 3170 4297; x_wconf 84' lang='grc' dir='ltr'>Ἀκαρνανίαν,</span> <span class='ocrx_word' id='word_1_608' title='bbox 3209 4230 3344 4283; x_wconf 80' lang='grc' dir='ltr'>ἀλλὰ</span> <span class='ocrx_word' id='word_1_609' title='bbox 3380 4233 3476 4284; x_wconf 74' lang='grc' dir='ltr'><strong>καὶ</strong></span> <span class='ocrx_word' id='word_1_610' title='bbox 3515 4232 3820 4287; x_wconf 86' lang='grc' dir='ltr'>Θετταλίαν</span> 
     </span>
    </p>
   </div>
   <div class='ocr_carea' id='block_1_90' title="bbox 2251 4318 3820 4396">
    <p class='ocr_par' dir='ltr' id='par_1_90' title="bbox 2251 4318 3820 4396">
     <span class='ocr_line' id='line_1_90' title="bbox 2251 4318 3820 4396; baseline 0.006 -26"><span class='ocrx_word' id='word_1_611' title='bbox 2251 4318 2532 4386; x_wconf 77' lang='grc' dir='ltr'>ἐξεγένετο</span> <span class='ocrx_word' id='word_1_612' title='bbox 2589 4319 3050 4390; x_wconf 85' lang='grc' dir='ltr'>παραστήσασθαι</span> <span class='ocrx_word' id='word_1_613' title='bbox 3089 4323 3189 4374; x_wconf 71' lang='grc' dir='ltr'>καὶ</span> <span class='ocrx_word' id='word_1_614' title='bbox 3237 4324 3301 4392; x_wconf 81' lang='grc' dir='ltr'>τῇ</span> <span class='ocrx_word' id='word_1_615' title='bbox 3360 4323 3522 4394; x_wconf 84' lang='grc' dir='ltr'>λοιπῇ</span> <span class='ocrx_word' id='word_1_616' title='bbox 3580 4328 3820 4396; x_wconf 66' lang='grc' dir='ltr'>συνάψαι</span> 
     </span>
    </p>
   </div>
   <div class='ocr_carea' id='block_1_91' title="bbox 2248 4410 3820 4488">
    <p class='ocr_par' dir='ltr' id='par_1_91' title="bbox 2248 4410 3820 4488">
     <span class='ocr_line' id='line_1_91' title="bbox 2248 4410 3820 4488; baseline -0.004 -22"><span class='ocrx_word' id='word_1_617' title='bbox 2248 4412 2528 4482; x_wconf 77' lang='grc' dir='ltr'>ἡγεμονίᾳ</span> <span class='ocrx_word' id='word_1_618' title='bbox 2558 4413 2624 4482; x_wconf 78' lang='grc' dir='ltr'>τῇ</span> <span class='ocrx_word' id='word_1_619' title='bbox 2671 4410 2958 4480; x_wconf 83' lang='grc' dir='ltr'>Ῥωμαίων</span> <span class='ocrx_word' id='word_1_620' title='bbox 3003 4411 3089 4464; x_wconf 79' lang='grc' dir='ltr'>ἐπ’</span> <span class='ocrx_word' id='word_1_621' title='bbox 3131 4411 3277 4466; x_wconf 76' lang='grc' dir='ltr'>ἔτεσι</span> <span class='ocrx_word' id='word_1_622' title='bbox 3315 4415 3533 4477; x_wconf 88' lang='grc' dir='ltr'>πολλοῖς</span> <span class='ocrx_word' id='word_1_623' title='bbox 3560 4417 3820 4488; x_wconf 76' lang='grc' dir='ltr'>ἀποτμη-</span> 
     </span>
    </p>
   </div>
   <div class='ocr_carea' id='block_1_92' title="bbox 585 4483 2144 4577">
    <p class='ocr_par' dir='ltr' id='par_1_92' title="bbox 585 4483 2144 4574">
     <span class='ocr_line' id='line_1_92' title="bbox 585 4483 2144 4574; baseline 0.003 -17"><span class='ocrx_word' id='word_1_624' title='bbox 585 4483 854 4558; x_wconf 58' lang='lat' dir='ltr'><strong>futurum:</strong></span> <span class='ocrx_word' id='word_1_625' title='bbox 895 4499 1106 4555; x_wconf 90' lang='lat' dir='ltr'><strong>Tamen</strong></span> <span class='ocrx_word' id='word_1_626' title='bbox 1142 4514 1237 4554; x_wconf 88' lang='lat' dir='ltr'><strong>eas</strong></span> <span class='ocrx_word' id='word_1_627' title='bbox 1282 4499 1502 4568; x_wconf 89' lang='lat' dir='ltr'><strong>nuptias</strong></span> <span class='ocrx_word' id='word_1_628' title='bbox 1550 4500 1806 4555; x_wconf 83' lang='lat' dir='ltr'><strong>Romanae</strong></span> <span class='ocrx_word' id='word_1_629' title='bbox 1839 4505 2144 4574; x_wconf 74' lang='lat' dir='ltr'><strong>reipublicaa</strong></span> 
     </span>
    </p>
   </div>
   <div class='ocr_carea' id='block_1_93' title="bbox 2248 4483 3824 4577">
    <p class='ocr_par' dir='ltr' id='par_1_93' title="bbox 2257 4483 3824 4577">
     <span class='ocr_line' id='line_1_93' title="bbox 2257 4483 3824 4577; baseline -0.004 -20"><span class='ocrx_word' id='word_1_630' title='bbox 2257 4505 2442 4558; x_wconf 85' lang='grc' dir='ltr'>θέντα.</span> <span class='ocrx_word' id='word_1_631' title='bbox 2475 4502 2717 4557; x_wconf 83' lang='grc' dir='ltr'>Ἐκεῖθεν</span> <span class='ocrx_word' id='word_1_632' title='bbox 2739 4503 2798 4556; x_wconf 86' lang='grc' dir='ltr'>δὲ</span> <span class='ocrx_word' id='word_1_633' title='bbox 2826 4503 2888 4554; x_wconf 84' lang='grc' dir='ltr'><strong>οὐ</strong></span> <span class='ocrx_word' id='word_1_634' title='bbox 2921 4502 3056 4556; x_wconf 84' lang='grc' dir='ltr'>πολὺ</span> <span class='ocrx_word' id='word_1_635' title='bbox 3089 4501 3316 4572; x_wconf 80' lang='grc' dir='ltr'>ὕστερον</span> <span class='ocrx_word' id='word_1_636' title='bbox 3349 4498 3481 4575; x_wconf 76' lang='grc' dir='ltr'>ἧκεν</span> <span class='ocrx_word' id='word_1_637' title='bbox 3508 4508 3586 4568; x_wconf 71' lang='grc' dir='ltr'>εἰς</span> <span class='ocrx_word' id='word_1_638' title='bbox 3613 4483 3824 4577; x_wconf 49' lang='grc' dir='ltr'>Ἀδριέμ</span> 
     </span>
    </p>
   </div>
   <div class='ocr_carea' id='block_1_94' title="bbox 585 4591 2151 4667">
    <p class='ocr_par' dir='ltr' id='par_1_94' title="bbox 585 4591 2151 4667">
     <span class='ocr_line' id='line_1_94' title="bbox 585 4591 2151 4667; baseline 0.001 -17"><span class='ocrx_word' id='word_1_639' title='bbox 585 4598 1031 4650; x_wconf 90' lang='lat' dir='ltr'><strong>commodaturas</strong></span> <span class='ocrx_word' id='word_1_640' title='bbox 1067 4591 1385 4656; x_wconf 87' lang='lat' dir='ltr'><strong>arbitratus,</strong></span> <span class='ocrx_word' id='word_1_641' title='bbox 1418 4591 1687 4661; x_wconf 80' lang='lat' dir='ltr'><strong>virginem</strong></span> <span class='ocrx_word' id='word_1_642' title='bbox 1728 4608 1882 4647; x_wconf 91' lang='lat' dir='ltr'><strong>suam</strong></span> <span class='ocrx_word' id='word_1_643' title='bbox 1913 4595 2151 4667; x_wconf 84' lang='lat' dir='ltr'><strong>despon-</strong></span> 
     </span>
    </p>
   </div>
   <div class='ocr_carea' id='block_1_95' title="bbox 584 4682 2157 4758">
    <p class='ocr_par' dir='ltr' id='par_1_95' title="bbox 584 4682 2157 4758">
     <span class='ocr_line' id='line_1_95' title="bbox 584 4682 2157 4758; baseline 0.003 -17"><span class='ocrx_word' id='word_1_644' title='bbox 584 4684 1020 4756; x_wconf 66' lang='lat' dir='ltr'><strong>ditt56).Legati,</strong></span> <span class='ocrx_word' id='word_1_645' title='bbox 1035 4682 1181 4752; x_wconf 92' lang='lat' dir='ltr'><strong>quod</strong></span> <span class='ocrx_word' id='word_1_646' title='bbox 1197 4683 1511 4753; x_wconf 86' lang='lat' dir='ltr'><strong>imperatori</strong></span> <span class='ocrx_word' id='word_1_647' title='bbox 1525 4683 1801 4740; x_wconf 86' lang='lat' dir='ltr'><strong>aﬁinitalis</strong></span> <span class='ocrx_word' id='word_1_648' title='bbox 1823 4689 2157 4758; x_wconf 90' lang='lat' dir='ltr'><strong>conjunctio-</strong></span> 
     </span>
    </p>
   </div>
   <div class='ocr_carea' id='block_1_96' title="bbox 585 4761 2156 4847">
    <p class='ocr_par' dir='ltr' id='par_1_96' title="bbox 585 4761 2156 4847">
     <span class='ocr_line' id='line_1_96' title="bbox 585 4761 2156 4847; baseline 0.004 -15"><span class='ocrx_word' id='word_1_649' title='bbox 585 4792 708 4838; x_wconf 86' lang='lat' dir='ltr'><strong>nem</strong></span> <span class='ocrx_word' id='word_1_650' title='bbox 733 4774 1058 4847; x_wconf 88' lang='lat' dir='ltr'><strong>persuadere</strong></span> <span class='ocrx_word' id='word_1_651' title='bbox 1081 4775 1406 4843; x_wconf 87' lang='lat' dir='ltr'><strong>potuissent,</strong></span> <span class='ocrx_word' id='word_1_652' title='bbox 1436 4761 1633 4844; x_wconf 78' lang='lat' dir='ltr'><strong>gaudio</strong></span> <span class='ocrx_word' id='word_1_653' title='bbox 1657 4777 1883 4833; x_wconf 89' lang='lat' dir='ltr'><strong>delibuti</strong></span> <span class='ocrx_word' id='word_1_654' title='bbox 1915 4796 2156 4838; x_wconf 85' lang='lat' dir='ltr'><strong>recesse-</strong></span> 
     </span>
    </p>
   </div>
   <div class='ocr_carea' id='block_1_97' title="bbox 586 4864 2155 4937">
    <p class='ocr_par' dir='ltr' id='par_1_97' title="bbox 586 4864 2155 4937">
     <span class='ocr_line' id='line_1_97' title="bbox 586 4864 2155 4937; baseline 0.004 -11"><span class='ocrx_word' id='word_1_655' title='bbox 586 4875 748 4934; x_wconf 80' lang='lat' dir='ltr'><strong>runt;</strong></span> <span class='ocrx_word' id='word_1_656' title='bbox 768 4865 881 4936; x_wconf 90' lang='lat' dir='ltr'><strong>ipse</strong></span> <span class='ocrx_word' id='word_1_657' title='bbox 896 4864 1212 4934; x_wconf 78' lang='lat' dir='ltr'><strong>Byzantium</strong></span> <span class='ocrx_word' id='word_1_658' title='bbox 1228 4864 1348 4919; x_wconf 63' lang='lat' dir='ltr'><strong>ﬁliae</strong></span> <span class='ocrx_word' id='word_1_659' title='bbox 1360 4868 1577 4937; x_wconf 88' lang='lat' dir='ltr'><strong>nuptias</strong></span> <span class='ocrx_word' id='word_1_660' title='bbox 1589 4868 1957 4929; x_wconf 87' lang='lat' dir='ltr'><strong>adornaturus</strong></span> <span class='ocrx_word' id='word_1_661' title='bbox 1971 4875 2155 4932; x_wconf 86' lang='lat' dir='ltr'><strong>rediit.</strong></span> 
     </span>
    </p>
   </div>
   <div class='ocr_carea' id='block_1_98' title="bbox 2253 4593 3824 4669">
    <p class='ocr_par' dir='ltr' id='par_1_98' title="bbox 2253 4593 3824 4669">
     <span class='ocr_line' id='line_1_98' title="bbox 2253 4593 3824 4669; baseline 0.003 -21"><span class='ocrx_word' id='word_1_662' title='bbox 2253 4594 2512 4649; x_wconf 86' lang='grc' dir='ltr'>νούπολιν</span> <span class='ocrx_word' id='word_1_663' title='bbox 2543 4609 2559 4625; x_wconf 83' lang='lat'><strong><em>°</em></strong></span> <span class='ocrx_word' id='word_1_664' title='bbox 2597 4593 2929 4664; x_wconf 73' lang='grc' dir='ltr'>διατρίϐοντί</span> <span class='ocrx_word' id='word_1_665' title='bbox 2972 4610 3032 4647; x_wconf 84' lang='grc' dir='ltr'><strong>τε</strong></span> <span class='ocrx_word' id='word_1_666' title='bbox 3065 4596 3183 4647; x_wconf 68' lang='grc' dir='ltr'>ἐκεῖ</span> <span class='ocrx_word' id='word_1_667' title='bbox 3231 4598 3259 4647; x_wconf 85' lang='grc' dir='ltr'><strong>ὁ</strong></span> <span class='ocrx_word' id='word_1_668' title='bbox 3290 4595 3399 4650; x_wconf 83' lang='grc' dir='ltr'>τῶν</span> <span class='ocrx_word' id='word_1_669' title='bbox 3436 4598 3641 4650; x_wconf 82' lang='grc' dir='ltr'>Μυσῶν</span> <span class='ocrx_word' id='word_1_670' title='bbox 3674 4600 3824 4669; x_wconf 77' lang='grc' dir='ltr'>βασι-</span> 
     </span>
    </p>
   </div>
   <div class='ocr_carea' id='block_1_99' title="bbox 2251 4680 3823 4760">
    <p class='ocr_par' dir='ltr' id='par_1_99' title="bbox 2251 4680 3823 4760">
     <span class='ocr_line' id='line_1_99' title="bbox 2251 4680 3823 4760; baseline 0.002 -19"><span class='ocrx_word' id='word_1_671' title='bbox 2251 4688 2377 4751; x_wconf 78' lang='grc' dir='ltr'>λεὺς</span> <span class='ocrx_word' id='word_1_672' title='bbox 2426 4685 2797 4756; x_wconf 81' lang='grc' dir='ltr'>’Δλέξανδρος,</span> <span class='ocrx_word' id='word_1_673' title='bbox 2837 4686 3053 4754; x_wconf 74' lang='grc' dir='ltr'>έπεμψε</span> <span class='ocrx_word' id='word_1_674' title='bbox 3098 4687 3398 4756; x_wconf 78' lang='grc' dir='ltr'>πρεσϐείαν</span> <span class='ocrx_word' id='word_1_675' title='bbox 3445 4680 3522 4742; x_wconf 85' lang='grc' dir='ltr'>ὧν</span> <span class='ocrx_word' id='word_1_676' title='bbox 3555 4693 3701 4760; x_wconf 61' lang='grc' dir='ltr'>πρὸς</span> <span class='ocrx_word' id='word_1_677' title='bbox 3731 4694 3823 4744; x_wconf 81' lang='grc' dir='ltr'>αὑ-</span> 
     </span>
    </p>
   </div>
   <div class='ocr_carea' id='block_1_100' title="bbox 2253 4779 3823 4853">
    <p class='ocr_par' dir='ltr' id='par_1_100' title="bbox 2253 4779 3823 4853">
     <span class='ocr_line' id='line_1_100' title="bbox 2253 4779 3823 4853; baseline 0.001 -19"><span class='ocrx_word' id='word_1_678' title='bbox 2253 4781 2344 4834; x_wconf 80' lang='grc' dir='ltr'><strong>τὸν</strong></span> <span class='ocrx_word' id='word_1_679' title='bbox 2389 4784 2446 4833; x_wconf 81' lang='grc' dir='ltr'><strong>ἐν</strong></span> <span class='ocrx_word' id='word_1_680' title='bbox 2493 4780 2892 4848; x_wconf 84' lang='grc' dir='ltr'>Ῥωσοκὰστρῳ</span> <span class='ocrx_word' id='word_1_681' title='bbox 2922 4781 3052 4848; x_wconf 72' lang='grc' dir='ltr'>περὶ</span> <span class='ocrx_word' id='word_1_682' title='bbox 3081 4779 3175 4831; x_wconf 83' lang='grc' dir='ltr'>τοῦ</span> <span class='ocrx_word' id='word_1_683' title='bbox 3203 4780 3402 4846; x_wconf 83' lang='grc' dir='ltr'>κήδους</span> <span class='ocrx_word' id='word_1_684' title='bbox 3431 4781 3709 4853; x_wconf 82' lang='grc' dir='ltr'>διειλέχθη</span> <span class='ocrx_word' id='word_1_685' title='bbox 3749 4784 3823 4835; x_wconf 84' lang='grc' dir='ltr'>λό-</span> 
     </span>
    </p>
   </div>
   <div class='ocr_carea' id='block_1_101' title="bbox 2255 4869 3822 4950">
    <p class='ocr_par' dir='ltr' id='par_1_101' title="bbox 2255 4869 3822 4950">
     <span class='ocr_line' id='line_1_101' title="bbox 2255 4869 3822 4950; baseline 0.001 -25"><span class='ocrx_word' id='word_1_686' title='bbox 2255 4889 2370 4941; x_wconf 87' lang='grc' dir='ltr'><strong>γων</strong></span> <span class='ocrx_word' id='word_1_687' title='bbox 2424 4871 2882 4942; x_wconf 77' lang='grc' dir='ltr'>ἀναμιμνήσκων,</span> <span class='ocrx_word' id='word_1_688' title='bbox 2927 4869 3044 4923; x_wconf 86' lang='grc' dir='ltr'>νυνί</span> <span class='ocrx_word' id='word_1_689' title='bbox 3071 4888 3129 4923; x_wconf 85' lang='grc' dir='ltr'><strong>τε</strong></span> <span class='ocrx_word' id='word_1_690' title='bbox 3161 4872 3210 4923; x_wconf 84' lang='grc' dir='ltr'><strong>εί</strong></span> <span class='ocrx_word' id='word_1_691' title='bbox 3244 4871 3390 4925; x_wconf 80' lang='grc' dir='ltr'>κατὰ</span> <span class='ocrx_word' id='word_1_692' title='bbox 3417 4871 3647 4950; x_wconf 82' lang='grc' dir='ltr'>γνώμην</span> <span class='ocrx_word' id='word_1_693' title='bbox 3676 4873 3822 4943; x_wconf 81' lang='grc' dir='ltr'><strong>αὑτῷ</strong></span> 
     </span>
    </p>
   </div>
   <div class='ocr_carea' id='block_1_102' title="bbox 1827 5029 2557 5096">
    <p class='ocr_par' dir='ltr' id='par_1_102' title="bbox 1827 5029 2557 5096">
     <span class='ocr_line' id='line_1_102' title="bbox 1827 5029 2557 5096; baseline 0.003 -8"><span class='ocrx_word' id='word_1_694' title='bbox 1827 5029 2043 5092; x_wconf 85' lang='lat' dir='ltr'><strong>Jacobi</strong></span> <span class='ocrx_word' id='word_1_695' title='bbox 2079 5029 2344 5096; x_wconf 85' lang='lat' dir='ltr'><strong>Pontani</strong></span> <span class='ocrx_word' id='word_1_696' title='bbox 2372 5039 2557 5092; x_wconf 73' lang='lat' dir='ltr'><strong>notae.</strong></span> 
     </span>
    </p>
   </div>
   <div class='ocr_carea' id='block_1_103' title="bbox 657 5169 2155 5246">
    <p class='ocr_par' dir='ltr' id='par_1_103' title="bbox 657 5169 2155 5246">
     <span class='ocr_line' id='line_1_103' title="bbox 657 5169 2155 5246; baseline -0.011 0"><span class='ocrx_word' id='word_1_697' title='bbox 657 5177 767 5246; x_wconf 68' lang='grc'><strong>(54)</strong></span> <span class='ocrx_word' id='word_1_698' title='bbox 786 5174 972 5246; x_wconf 63' lang='lat' dir='ltr'><strong>Graece</strong></span> <span class='ocrx_word' id='word_1_699' title='bbox 984 5179 1086 5246; x_wconf 54' lang='lat' dir='ltr'><strong>es}.</strong></span> <span class='ocrx_word' id='word_1_700' title='bbox 1104 5170 1184 5234; x_wconf 76' lang='grc' dir='ltr'><strong>εις</strong></span> <span class='ocrx_word' id='word_1_701' title='bbox 1205 5169 1592 5246; x_wconf 58' lang='grc' dir='ltr'>τὴνῖάρανῖος</span> <span class='ocrx_word' id='word_1_702' title='bbox 1610 5171 1916 5246; x_wconf 53' lang='grc' dir='ltr'>κρατοῦσαν</span> <span class='ocrx_word' id='word_1_703' title='bbox 1933 5177 2155 5246; x_wconf 81' lang='grc' dir='ltr'>πριγκί-</span> 
     </span>
    </p>
   </div>
   <div class='ocr_carea' id='block_1_104' title="bbox 585 5240 2150 5312">
    <p class='ocr_par' dir='ltr' id='par_1_104' title="bbox 585 5240 2150 5312">
     <span class='ocr_line' id='line_1_104' title="bbox 585 5240 2150 5312; baseline 0.001 -13"><span class='ocrx_word' id='word_1_704' title='bbox 585 5240 807 5307; x_wconf 80' lang='grc' dir='ltr'>πισσαν,</span> <span class='ocrx_word' id='word_1_705' title='bbox 842 5259 910 5298; x_wconf 81' lang='lat' dir='ltr'><strong>ex</strong></span> <span class='ocrx_word' id='word_1_706' title='bbox 954 5242 1163 5312; x_wconf 74' lang='lat' dir='ltr'><strong>Italico,</strong></span> <span class='ocrx_word' id='word_1_707' title='bbox 1191 5248 1247 5292; x_wconf 88' lang='lat' dir='ltr'><strong>ut</strong></span> <span class='ocrx_word' id='word_1_708' title='bbox 1271 5240 1378 5312; x_wconf 83' lang='lat' dir='ltr'><strong>alia</strong></span> <span class='ocrx_word' id='word_1_709' title='bbox 1403 5240 1606 5312; x_wconf 78' lang='lat' dir='ltr'><strong>multa,</strong></span> <span class='ocrx_word' id='word_1_710' title='bbox 1639 5240 1989 5312; x_wconf 61' lang='lat' dir='ltr'><strong>principes“.</strong></span> <span class='ocrx_word' id='word_1_711' title='bbox 2018 5240 2150 5312; x_wconf 82' lang='lat' dir='ltr'><strong>Quae</strong></span> 
     </span>
    </p>
   </div>
   <div class='ocr_carea' id='block_1_105' title="bbox 582 5309 2147 5384">
    <p class='ocr_par' dir='ltr' id='par_1_105' title="bbox 582 5309 2147 5384">
     <span class='ocr_line' id='line_1_105' title="bbox 582 5309 2147 5384; baseline -0.001 -13"><span class='ocrx_word' id='word_1_712' title='bbox 582 5329 767 5372; x_wconf 82' lang='lat' dir='ltr'><strong>autem</strong></span> <span class='ocrx_word' id='word_1_713' title='bbox 819 5315 936 5368; x_wconf 74' lang='lat' dir='ltr'><strong>haec</strong></span> <span class='ocrx_word' id='word_1_714' title='bbox 983 5310 1183 5366; x_wconf 87' lang='lat' dir='ltr'><strong>mulier</strong></span> <span class='ocrx_word' id='word_1_715' title='bbox 1231 5309 1394 5365; x_wconf 89' lang='lat' dir='ltr'><strong>vidua</strong></span> <span class='ocrx_word' id='word_1_716' title='bbox 1440 5309 1844 5382; x_wconf 52' lang='lat' dir='ltr'><strong>fuerit,&#39;capit&#39;e</strong></span> <span class='ocrx_word' id='word_1_717' title='bbox 1890 5309 2147 5384; x_wconf 75' lang='lat' dir='ltr'><strong>sequenti</strong></span> 
     </span>
    </p>
   </div>
   <div class='ocr_carea' id='block_1_106' title="bbox 588 5387 914 5442">
    <p class='ocr_par' dir='ltr' id='par_1_106' title="bbox 588 5387 914 5442">
     <span class='ocr_line' id='line_1_106' title="bbox 588 5387 914 5442; baseline -0.018 0"><span class='ocrx_word' id='word_1_718' title='bbox 588 5387 914 5442; x_wconf 77' lang='lat' dir='ltr'><strong>exuonitur.</strong></span> 
     </span>
    </p>
   </div>
   <div class='ocr_carea' id='block_1_107' title="bbox 658 5404 2140 5524">
    <p class='ocr_par' dir='ltr' id='par_1_107' title="bbox 658 5404 2140 5524">
     <span class='ocr_line' id='line_1_107' title="bbox 658 5404 2140 5524; baseline -0.004 -12"><span class='ocrx_word' id='word_1_719' title='bbox 985 5449 1175 5524; x_wconf 73' lang='lat' dir='ltr'><strong>Alexio</strong></span> <span class='ocrx_word' id='word_1_720' title='bbox 1219 5447 1427 5524; x_wconf 52' lang='lat' dir='ltr'><strong>Angelo</strong></span> <span class='ocrx_word' id='word_1_721' title='bbox 1464 5449 1719 5524; x_wconf 85' lang='lat' dir='ltr'><strong>juniore,_</strong></span> <span class='ocrx_word' id='word_1_722' title='bbox 1745 5449 1944 5524; x_wconf 89' lang='lat' dir='ltr'><strong>_lsaacii</strong></span> <span class='ocrx_word' id='word_1_723' title='bbox 1972 5449 2140 5524; x_wconf 83' lang='lat' dir='ltr'><strong>_ﬁlio,</strong></span> 
     </span>
    </p>
   </div>
   <div class='ocr_carea' id='block_1_108' title="bbox 583 5519 2160 5596">
    <p class='ocr_par' dir='ltr' id='par_1_108' title="bbox 583 5519 2160 5596">
     <span class='ocr_line' id='line_1_108' title="bbox 583 5519 2160 5596; baseline -0.003 -18"><span class='ocrx_word' id='word_1_724' title='bbox 583 5519 773 5596; x_wconf 58' lang='lat' dir='ltr'><strong>quem;</strong></span> <span class='ocrx_word' id='word_1_725' title='bbox 795 5521 1020 5596; x_wconf 58' lang='lat' dir='ltr'><strong>Magius</strong></span> <span class='ocrx_word' id='word_1_726' title='bbox 1081 5519 1330 5596; x_wconf 76' lang='lat' dir='ltr'><strong>Angelus</strong></span> <span class='ocrx_word' id='word_1_727' title='bbox 1347 5519 1538 5596; x_wconf 58' lang='lat' dir='ltr'><strong>frater</strong></span> <span class='ocrx_word' id='word_1_728' title='bbox 1593 5519 1904 5596; x_wconf 85' lang='lat' dir='ltr'><strong>_occiderat,</strong></span> <span class='ocrx_word' id='word_1_729' title='bbox 1939 5520 2160 5596; x_wconf 82' lang='lat' dir='ltr'><strong>circiter</strong></span> 
     </span>
    </p>
   </div>
   <div class='ocr_carea' id='block_1_109' title="bbox 583 5588 2160 5658">
    <p class='ocr_par' dir='ltr' id='par_1_109' title="bbox 583 5588 2160 5658">
     <span class='ocr_line' id='line_1_109' title="bbox 583 5588 2160 5658; baseline -0.003 -9"><span class='ocrx_word' id='word_1_730' title='bbox 583 5588 789 5651; x_wconf 75' lang='lat' dir='ltr'><strong>annum</strong></span> <span class='ocrx_word' id='word_1_731' title='bbox 815 5610 846 5648; x_wconf 72' lang='grc' dir='ltr'><strong>α</strong></span> <span class='ocrx_word' id='word_1_732' title='bbox 879 5591 1099 5647; x_wconf 83' lang='lat' dir='ltr'><strong>Christo</strong></span> <span class='ocrx_word' id='word_1_733' title='bbox 1130 5601 1273 5658; x_wconf 87' lang='lat' dir='ltr'><strong>nato</strong></span> <span class='ocrx_word' id='word_1_734' title='bbox 1315 5589 1467 5652; x_wconf 70' lang='lat'><strong>£200,</strong></span> <span class='ocrx_word' id='word_1_735' title='bbox 1514 5588 1607 5643; x_wconf 89' lang='lat' dir='ltr'><strong>sed</strong></span> <span class='ocrx_word' id='word_1_736' title='bbox 1643 5604 1829 5642; x_wconf 88' lang='lat' dir='ltr'><strong>mense</strong></span> <span class='ocrx_word' id='word_1_737' title='bbox 1855 5599 1978 5658; x_wconf 91' lang='lat' dir='ltr'><strong>post</strong></span> <span class='ocrx_word' id='word_1_738' title='bbox 2000 5593 2160 5644; x_wconf 86' lang='lat' dir='ltr'><strong>resti-</strong></span> 
     </span>
    </p>
   </div>
   <div class='ocr_carea' id='block_1_110' title="bbox 584 5657 2160 5728">
    <p class='ocr_par' dir='ltr' id='par_1_110' title="bbox 584 5657 2160 5728">
     <span class='ocr_line' id='line_1_110' title="bbox 584 5657 2160 5728; baseline -0.003 -10"><span class='ocrx_word' id='word_1_739' title='bbox 584 5667 848 5718; x_wconf 80' lang='lat' dir='ltr'><strong>tutionem</strong></span> <span class='ocrx_word' id='word_1_740' title='bbox 871 5676 1024 5714; x_wconf 81' lang='lat' dir='ltr'><strong>suam</strong></span> <span class='ocrx_word' id='word_1_741' title='bbox 1049 5663 1104 5713; x_wconf 90' lang='lat' dir='ltr'><strong>in</strong></span> <span class='ocrx_word' id='word_1_742' title='bbox 1125 5657 1415 5726; x_wconf 88' lang='lat' dir='ltr'><strong>imperium</strong></span> <span class='ocrx_word' id='word_1_743' title='bbox 1431 5660 1517 5712; x_wconf 83' lang='lat' dir='ltr'><strong>vix</strong></span> <span class='ocrx_word' id='word_1_744' title='bbox 1544 5670 1736 5712; x_wconf 66' lang='lat' dir='ltr'><strong>exacto</strong></span> <span class='ocrx_word' id='word_1_745' title='bbox 1757 5657 2063 5728; x_wconf 80' lang='lat' dir='ltr'><strong>(restitutus</strong></span> <span class='ocrx_word' id='word_1_746' title='bbox 2075 5669 2160 5714; x_wconf 84' lang='lat' dir='ltr'><strong>est</strong></span> 
     </span>
    </p>
   </div>
   <div class='ocr_carea' id='block_1_111' title="bbox 585 5729 2155 5789">
    <p class='ocr_par' dir='ltr' id='par_1_111' title="bbox 585 5729 2155 5789">
     <span class='ocr_line' id='line_1_111' title="bbox 585 5729 2155 5789; baseline -0.002 -3"><span class='ocrx_word' id='word_1_747' title='bbox 585 5741 768 5786; x_wconf 66' lang='lat' dir='ltr'><strong>autem</strong></span> <span class='ocrx_word' id='word_1_748' title='bbox 806 5731 1109 5789; x_wconf 77' lang='lat' dir='ltr'><strong>Gallorum,</strong></span> <span class='ocrx_word' id='word_1_749' title='bbox 1149 5743 1242 5780; x_wconf 86' lang='lat' dir='ltr'><strong>seu</strong></span> <span class='ocrx_word' id='word_1_750' title='bbox 1292 5729 1678 5788; x_wconf 85' lang='lat' dir='ltr'><strong>Flaudrorum,</strong></span> <span class='ocrx_word' id='word_1_751' title='bbox 1723 5737 1779 5779; x_wconf 87' lang='lat' dir='ltr'><strong>et</strong></span> <span class='ocrx_word' id='word_1_752' title='bbox 1825 5731 2155 5783; x_wconf 80' lang='lat' dir='ltr'><strong>Venetorum</strong></span> 
     </span>
    </p>
   </div>
   <div class='ocr_carea' id='block_1_112' title="bbox 591 5796 2155 5870">
    <p class='ocr_par' dir='ltr' id='par_1_112' title="bbox 591 5796 2155 5870">
     <span class='ocr_line' id='line_1_112' title="bbox 591 5796 2155 5870; baseline 0 -16"><span class='ocrx_word' id='word_1_753' title='bbox 591 5800 779 5870; x_wconf 82' lang='lat' dir='ltr'><strong>armis)</strong></span> <span class='ocrx_word' id='word_1_754' title='bbox 805 5816 834 5853; x_wconf 73' lang='grc' dir='ltr'><strong>ο</strong></span> <span class='ocrx_word' id='word_1_755' title='bbox 877 5796 1223 5866; x_wconf 70' lang='lat' dir='ltr'><strong>llurtzuphlo</strong></span> <span class='ocrx_word' id='word_1_756' title='bbox 1247 5797 1482 5864; x_wconf 82' lang='lat' dir='ltr'><strong>quodam</strong></span> <span class='ocrx_word' id='word_1_757' title='bbox 1519 5797 1763 5865; x_wconf 77' lang='lat' dir='ltr'><strong>ignobili,</strong></span> <span class='ocrx_word' id='word_1_758' title='bbox 1790 5813 1952 5865; x_wconf 89' lang='lat' dir='ltr'><strong>quem</strong></span> <span class='ocrx_word' id='word_1_759' title='bbox 1975 5807 2155 5854; x_wconf 84' lang='lat' dir='ltr'><strong>tamen</strong></span> 
     </span>
    </p>
   </div>
   <div class='ocr_carea' id='block_1_113' title="bbox 2261 5175 3821 5247">
    <p class='ocr_par' dir='ltr' id='par_1_113' title="bbox 2261 5175 3821 5247">
     <span class='ocr_line' id='line_1_113' title="bbox 2261 5175 3821 5247; baseline 0.002 -16"><span class='ocrx_word' id='word_1_760' title='bbox 2261 5176 2328 5231; x_wconf 92' lang='lat' dir='ltr'><strong>ad</strong></span> <span class='ocrx_word' id='word_1_761' title='bbox 2377 5191 2651 5231; x_wconf 89' lang='lat' dir='ltr'><strong>summum</strong></span> <span class='ocrx_word' id='word_1_762' title='bbox 2682 5175 2965 5247; x_wconf 78' lang='lat' dir='ltr'><strong>dignitatis</strong></span> <span class='ocrx_word' id='word_1_763' title='bbox 3017 5175 3241 5245; x_wconf 84' lang='lat' dir='ltr'><strong>gradum</strong></span> <span class='ocrx_word' id='word_1_764' title='bbox 3300 5177 3821 5243; x_wconf 75' lang='lat' dir='ltr'><strong>extulerat,frau:le</strong></span> 
     </span>
    </p>
   </div>
   <div class='ocr_carea' id='block_1_114' title="bbox 2260 5247 3821 5316">
    <p class='ocr_par' dir='ltr' id='par_1_114' title="bbox 2260 5247 3821 5316">
     <span class='ocr_line' id='line_1_114' title="bbox 2260 5247 3821 5316; baseline 0.002 -17"><span class='ocrx_word' id='word_1_765' title='bbox 2260 5261 2398 5316; x_wconf 89' lang='lat' dir='ltr'><strong>puer</strong></span> <span class='ocrx_word' id='word_1_766' title='bbox 2429 5257 2658 5301; x_wconf 90' lang='lat' dir='ltr'><strong>necatur</strong></span> <span class='ocrx_word' id='word_1_767' title='bbox 2684 5250 2825 5316; x_wconf 85' lang='lat' dir='ltr'><strong>(erat</strong></span> <span class='ocrx_word' id='word_1_768' title='bbox 2853 5256 3035 5300; x_wconf 88' lang='lat' dir='ltr'><strong>autem</strong></span> <span class='ocrx_word' id='word_1_769' title='bbox 3061 5261 3327 5299; x_wconf 88' lang='lat' dir='ltr'><strong>annorum</strong></span> <span class='ocrx_word' id='word_1_770' title='bbox 3360 5247 3445 5314; x_wconf 72' lang='grc' dir='ltr'>ιε)</span> <span class='ocrx_word' id='word_1_771' title='bbox 3468 5265 3483 5314; x_wconf 91' lang='grc'><strong>;</strong></span> <span class='ocrx_word' id='word_1_772' title='bbox 3505 5249 3633 5301; x_wconf 83' lang='lat' dir='ltr'><strong>urbs</strong></span> <span class='ocrx_word' id='word_1_773' title='bbox 3660 5250 3821 5303; x_wconf 80' lang='lat' dir='ltr'><strong>Gallis</strong></span> 
     </span>
    </p>
   </div>
   <div class='ocr_carea' id='block_1_115' title="bbox 2261 5315 3820 5387">
    <p class='ocr_par' dir='ltr' id='par_1_115' title="bbox 2261 5315 3820 5387">
     <span class='ocr_line' id='line_1_115' title="bbox 2261 5315 3820 5387; baseline 0.003 -17"><span class='ocrx_word' id='word_1_774' title='bbox 2261 5315 2590 5387; x_wconf 79' lang='lat' dir='ltr'><strong>Venetisgue</strong></span> <span class='ocrx_word' id='word_1_775' title='bbox 2659 5315 2842 5370; x_wconf 83' lang='lat' dir='ltr'><strong>dedita</strong></span> <span class='ocrx_word' id='word_1_776' title='bbox 2887 5324 3028 5387; x_wconf 27' lang='lat' dir='ltr'><strong>Aest,</strong></span> <span class='ocrx_word' id='word_1_777' title='bbox 3078 5324 3133 5368; x_wconf 91' lang='lat' dir='ltr'><strong>et</strong></span> <span class='ocrx_word' id='word_1_778' title='bbox 3172 5316 3489 5387; x_wconf 64' lang='lat' dir='ltr'><strong>imperium</strong></span> <span class='ocrx_word' id='word_1_779' title='bbox 3563 5317 3820 5387; x_wconf 77' lang='lat' dir='ltr'><strong>deinceps</strong></span> 
     </span>
    </p>
   </div>
   <div class='ocr_carea' id='block_1_116' title="bbox 2253 5384 3818 5455">
    <p class='ocr_par' dir='ltr' id='par_1_116' title="bbox 2253 5384 3818 5455">
     <span class='ocr_line' id='line_1_116' title="bbox 2253 5384 3818 5455; baseline 0.002 -16"><span class='ocrx_word' id='word_1_780' title='bbox 2253 5399 2424 5453; x_wconf 84' lang='lat' dir='ltr'><strong>penes</strong></span> <span class='ocrx_word' id='word_1_781' title='bbox 2466 5385 2704 5439; x_wconf 88' lang='lat' dir='ltr'><strong>Francos</strong></span> <span class='ocrx_word' id='word_1_782' title='bbox 2732 5401 2827 5440; x_wconf 90' lang='lat' dir='ltr'><strong>seu</strong></span> <span class='ocrx_word' id='word_1_783' title='bbox 2867 5385 3130 5439; x_wconf 82' lang='lat' dir='ltr'><strong>Flandros</strong></span> <span class='ocrx_word' id='word_1_784' title='bbox 3164 5384 3289 5438; x_wconf 56' lang='lat' dir='ltr'><strong>fuit;</strong></span> <span class='ocrx_word' id='word_1_785' title='bbox 3320 5385 3607 5455; x_wconf 67' lang='lat' dir='ltr'><strong>Egnatius,</strong></span> <span class='ocrx_word' id='word_1_786' title='bbox 3633 5388 3734 5442; x_wconf 89' lang='lat' dir='ltr'><strong>lih.</strong></span> <span class='ocrx_word' id='word_1_787' title='bbox 3765 5384 3818 5443; x_wconf 85' lang='lat' dir='ltr'><strong>ii.</strong></span> 
     </span>
    </p>
   </div>
   <div class='ocr_carea' id='block_1_117' title="bbox 2323 5455 3820 5524">
    <p class='ocr_par' dir='ltr' id='par_1_117' title="bbox 2323 5455 3820 5524">
     <span class='ocr_line' id='line_1_117' title="bbox 2323 5455 3820 5524; baseline 0.004 -18"><span class='ocrx_word' id='word_1_788' title='bbox 2323 5455 2435 5522; x_wconf 84' lang='lat'><strong>(56)</strong></span> <span class='ocrx_word' id='word_1_789' title='bbox 2477 5455 2716 5508; x_wconf 87' lang='lat' dir='ltr'><strong>Puellam</strong></span> <span class='ocrx_word' id='word_1_790' title='bbox 2755 5465 3092 5524; x_wconf 10' lang='lat' dir='ltr'><strong>tuiurnovem</strong></span> <span class='ocrx_word' id='word_1_791' title='bbox 3124 5470 3297 5509; x_wconf 91' lang='lat' dir='ltr'><strong>annos</strong></span> <span class='ocrx_word' id='word_1_792' title='bbox 3320 5455 3646 5524; x_wconf 82' lang='lat' dir='ltr'><strong>explevisse,</strong></span> <span class='ocrx_word' id='word_1_793' title='bbox 3695 5461 3820 5511; x_wconf 79' lang='lat' dir='ltr'><strong>ado-</strong></span> 
     </span>
    </p>
   </div>
   <div class='ocr_carea' id='block_1_118' title="bbox 2266 5521 3820 5595">
    <p class='ocr_par' dir='ltr' id='par_1_118' title="bbox 2266 5521 3820 5595">
     <span class='ocr_line' id='line_1_118' title="bbox 2266 5521 3820 5595; baseline 0.003 -19"><span class='ocrx_word' id='word_1_794' title='bbox 2266 5521 2566 5595; x_wconf 70' lang='lat' dir='ltr'><strong>lescentem</strong></span> <span class='ocrx_word' id='word_1_795' title='bbox 2618 5539 2750 5578; x_wconf 90' lang='lat' dir='ltr'><strong>vero</strong></span> <span class='ocrx_word' id='word_1_796' title='bbox 2801 5523 3137 5595; x_wconf 85' lang='lat' dir='ltr'><strong>quindecim,</strong></span> <span class='ocrx_word' id='word_1_797' title='bbox 3181 5521 3503 5595; x_wconf 41' lang='lat' dir='ltr'><strong>auctos—est</strong></span> <span class='ocrx_word' id='word_1_798' title='bbox 3531 5523 3820 5595; x_wconf 82' lang='lat' dir='ltr'><strong>Gregoras.</strong></span> 
     </span>
    </p>
   </div>
   <div class='ocr_carea' id='block_1_119' title="bbox 2267 5591 3820 5662">
    <p class='ocr_par' dir='ltr' id='par_1_119' title="bbox 2267 5591 3820 5662">
     <span class='ocr_line' id='line_1_119' title="bbox 2267 5591 3820 5662; baseline 0.001 -16"><span class='ocrx_word' id='word_1_799' title='bbox 2267 5591 2423 5646; x_wconf 90' lang='lat' dir='ltr'><strong>Unde</strong></span> <span class='ocrx_word' id='word_1_800' title='bbox 2460 5593 2612 5646; x_wconf 92' lang='lat' dir='ltr'><strong>ﬁrma</strong></span> <span class='ocrx_word' id='word_1_801' title='bbox 2664 5609 2766 5662; x_wconf 80' lang='lat' dir='ltr'><strong>pax</strong></span> <span class='ocrx_word' id='word_1_802' title='bbox 2801 5591 2944 5646; x_wconf 83' lang='lat' dir='ltr'><strong>inter</strong></span> <span class='ocrx_word' id='word_1_803' title='bbox 2989 5593 3261 5649; x_wconf 80' lang='lat' dir='ltr'><strong>Romanos</strong></span> <span class='ocrx_word' id='word_1_804' title='bbox 3288 5604 3342 5648; x_wconf 89' lang='lat' dir='ltr'><strong>et</strong></span> <span class='ocrx_word' id='word_1_805' title='bbox 3375 5593 3574 5648; x_wconf 68' lang='lat' dir='ltr'><strong>Mmsos</strong></span> <span class='ocrx_word' id='word_1_806' title='bbox 3623 5591 3820 5649; x_wconf 65' lang='lat' dir='ltr'><strong>obusti-</strong></span> 
     </span>
    </p>
   </div>
   <div class='ocr_carea' id='block_1_120' title="bbox 2269 5662 3819 5732">
    <p class='ocr_par' dir='ltr' id='par_1_120' title="bbox 2269 5662 3819 5732">
     <span class='ocr_line' id='line_1_120' title="bbox 2269 5662 3819 5732; baseline 0.002 -18"><span class='ocrx_word' id='word_1_807' title='bbox 2269 5670 2380 5714; x_wconf 84' lang='lat' dir='ltr'><strong>tuta</strong></span> <span class='ocrx_word' id='word_1_808' title='bbox 2407 5662 2497 5716; x_wconf 90' lang='lat' dir='ltr'><strong>sit.</strong></span> <span class='ocrx_word' id='word_1_809' title='bbox 2531 5663 2606 5716; x_wconf 87' lang='lat' dir='ltr'><strong>De</strong></span> <span class='ocrx_word' id='word_1_810' title='bbox 2625 5665 2798 5732; x_wconf 86' lang='lat' dir='ltr'><strong>puella</strong></span> <span class='ocrx_word' id='word_1_811' title='bbox 2827 5663 2916 5715; x_wconf 78' lang='lat' dir='ltr'><strong>vix</strong></span> <span class='ocrx_word' id='word_1_812' title='bbox 2947 5662 3094 5716; x_wconf 90' lang='lat' dir='ltr'><strong>credi</strong></span> <span class='ocrx_word' id='word_1_813' title='bbox 3140 5673 3335 5731; x_wconf 84' lang='lat' dir='ltr'><strong>potest.</strong></span> <span class='ocrx_word' id='word_1_814' title='bbox 3367 5662 3410 5716; x_wconf 80' lang='grc' dir='ltr'><strong>Δ</strong></span> <span class='ocrx_word' id='word_1_815' title='bbox 3435 5664 3819 5732; x_wconf 69' lang='lat' dir='ltr'><strong>iureconsultis</strong></span> 
     </span>
    </p>
   </div>
   <div class='ocr_carea' id='block_1_121' title="bbox 2264 5731 3818 5800">
    <p class='ocr_par' dir='ltr' id='par_1_121' title="bbox 2264 5731 3818 5800">
     <span class='ocr_line' id='line_1_121' title="bbox 2264 5731 3818 5800; baseline 0.001 -16"><span class='ocrx_word' id='word_1_816' title='bbox 2264 5732 2487 5796; x_wconf 85' lang='lat' dir='ltr'><strong>quidem</strong></span> <span class='ocrx_word' id='word_1_817' title='bbox 2547 5731 2763 5799; x_wconf 84' lang='lat' dir='ltr'><strong>tempus</strong></span> <span class='ocrx_word' id='word_1_818' title='bbox 2798 5732 3007 5800; x_wconf 88' lang='lat' dir='ltr'><strong>nuptiis</strong></span> <span class='ocrx_word' id='word_1_819' title='bbox 3046 5733 3298 5789; x_wconf 89' lang='lat' dir='ltr'><strong>idoneum</strong></span> <span class='ocrx_word' id='word_1_820' title='bbox 3343 5732 3502 5788; x_wconf 84' lang='lat' dir='ltr'><strong>anuis</strong></span> <span class='ocrx_word' id='word_1_821' title='bbox 3531 5731 3818 5788; x_wconf 84' lang='lat' dir='ltr'><strong>duodecim</strong></span> 
     </span>
    </p>
   </div>
   <div class='ocr_carea' id='block_1_122' title="bbox 2265 5802 3442 5893">
    <p class='ocr_par' dir='ltr' id='par_1_122' title="bbox 2265 5802 3442 5893">
     <span class='ocr_line' id='line_1_122' title="bbox 2265 5802 3442 5893; baseline 0.001 -38"><span class='ocrx_word' id='word_1_822' title='bbox 2265 5802 2736 5859; x_wconf 81' lang='lat' dir='ltr'><strong>circumscribitur</strong></span> <span class='ocrx_word' id='word_1_823' title='bbox 2771 5802 2822 5855; x_wconf 94' lang='lat' dir='ltr'><strong>iu</strong></span> <span class='ocrx_word' id='word_1_824' title='bbox 2854 5803 3077 5856; x_wconf 81' lang='lat' dir='ltr'><strong>femina.</strong></span> <span class='ocrx_word' id='word_1_825' title='bbox 3406 5862 3442 5893; x_wconf 62' lang='lat'><strong><em>.</em></strong></span> 
     </span>
    </p>
   </div>
  </div>
