4122 6296
307 413 418 474 625

1491 425 2030 485 HISTORIARUM
2071 427 2305 486 LIBER
2347 428 2430 487 Ιῐ.

3456 431 3568 502 626

310 523 400 616 είη
431 519 528 590 τὴν
557 523 866 616 ἐπιγαμίαν
891 528 1158 583 ποιείσθαι
1189 530 1406 592 εἰδέναι,
1438 533 1629 598 ἀξιῶν.
1697 534 1916 588 Βασιλεῖ
1951 535 2008 588 δὲ
2039 535 2200 588 τοῦτο
2272 537 2372 606 μὲν
2401 537 2503 590 οὐκ
2533 533 2600 607 ἦν
2632 539 2754 591 καθ’
2781 541 2994 612 ἡδονήν.
3025 543 3241 597 Μᾶλλον
3271 545 3380 616 γὰρ
3403 546 3562 600 ἐϐού-

309 615 436 667 λετο
479 617 580 679 τὴν
607 615 883 688 θυγατέρα
945 621 1086 674 οίκοι
1150 621 1474 690 διατρίϐειν,
1508 624 1540 693 ἢ
1586 624 1940 696 Ἀλεξάνδρου
1980 625 2057 696 τῷ
2093 629 2201 680 υἱεῖ
2250 629 2328 692 είς
2368 630 2656 684 κοινωνίαν
2693 632 2972 705 ἐκδιδόναι
3030 636 3236 704 γάμου,
3409 641 3562 710 παρά

311 715 432 775 τοῖς
483 714 780 784 βαρϐάροις
810 717 1096 787 διατριϐὴν
1130 717 1286 780 εἰδὼς
1323 720 1422 772 οὐκ
1449 722 1716 792 ἐσομένην
1753 722 1888 791 πρὸς
1932 723 2119 794 ἡδονὴν
2182 727 2294 788 τοῖς
2355 726 2510 797 ήθεσι
2538 727 2634 780 καὶ
2663 729 2850 797 νόμοις
2892 729 3229 800 Ἑλληνικοῖς
3264 733 3562 804 ἑντεθραμ-
3595 783 3602 790 .

315 805 458 873 μένῃ
509 810 603 858 καὶ
642 808 967 876 βασιλικοῖς.
1000 865 1005 870 ,
1039 812 1081 862 Τ
1088 812 1129 876 ᾦ
1170 811 1339 882 κοινῷ
1404 813 1460 865 δὲ
1519 814 1811 883 Ῥωμαίων
1859 816 1950 869 τὸν
1988 819 2168 886 γάμον
2199 819 2445 888 οἰόμενος
2485 821 2584 888 τῆς
2618 821 2892 893 θυγατρὸς
2936 823 3255 891 λυσιτελεῖν,
3294 825 3565 896 ὑπέσχετο

314 900 586 967 ποιήσειν.
643 902 705 954 Ol
756 901 854 972 μὲν
910 903 1003 956 οὖν
1065 905 1422 976 Ἀλεξάνδρου
1475 904 1570 960 τοῦ
1621 906 1887 976 βασιλέως
1923 911 2186 979 πρέσϐεις
2227 912 2362 981 πρὸς
2397 913 2496 984 τὴν
2559 916 2771 968 οἰκείαν
2835 915 3111 985 ἐπανῆκον
3146 918 3452 988 χαίροντες,
3481 921 3566 974 δτι

316 990 550 1082 ξασιλέα
581 993 768 1046 πεῖσαι
802 993 1152 1064 ἠδυνήθησαν
1190 999 1322 1074 περὶ
1375 997 1472 1050 τοῦ
1535 998 1756 1067 κήδους.
1791 999 1963 1063 Αὐτὸς
1999 1001 2058 1055 δὲ’
2087 998 2341 1072 βασιλεὺς
2393 1007 2458 1058 ἐκ
2510 1007 2610 1076 τῆς
2667 1009 2949 1078 Ἀδριανοῦ
3001 1010 3139 1082 πρὸς
3177 1009 3240 1063 τὸ
3271 1012 3565 1076 Βυζάντιον

312 1079 488 1156 ἧκεν,
529 1085 606 1148 ὡς
663 1087 765 1152 τῆς
821 1085 1096 1154 θυγατρὸς
1145 1088 1580 1160 ἑξαρτυσόμενος
1619 1089 1744 1153 τοὺς
1775 1091 2010 1160 γάμους.

1691 1221 1915 1278 CAPUT
1957 1221 2199 1279 XXXIV.

313 1317 881 1396 Persaruntincnrsio,
922 1325 970 1396 et
994 1317 1176 1396 initiis
1210 1315 1569 1396 ΔΙζιιςίῖιαηιὶξέι,
1611 1315 1902 1396 capiendis,
1955 1315 2298 1396 fugam/Eque
2339 1321 2516 1396 magni
2562 1323 2850 1396 domestici,
2885 1328 3047 1395 ipsius
3075 1329 3406 1396 imperatoris
3433 1345 3566 1396 ρνω..

387 1387 538 1468 ξέοι-α
568 1389 752 1468 virtus.
776 1385 997 1455 'Nuptia:
1025 1389 1168 1468 apud
1191 1385 1576 1468 Adriauopolin
1607 1383 1738 1468 ﬁlice
1765 1382 1961 1463 Mariis
1984 1382 2102 1437 cum
2135 1382 2387 1468 Μὶὲίιιιθζε
2416 1382 2718 1468 Maeandri
2737 1382 2870 1454 filio.
2905 1382 3565 1468 'Ducitur'novaﬂnupta'in

386 1458 640 1511 Hastam.
675 1454 982 1535 Acarnanes
1013 1454 1299 1535 deﬁciunt;
1332 1454 1869 1535 pratostratorernnin
1905 1471 2185 1535 parcerem
2235 1459 2887 1535 trudnntLNicep/iorum
2935 1483 2965 1520 a
3019 1468 3251 1535 principe
3281 1454 3566 1524 Tarentina

385 1536 649 1605 tapetum,
676 1535 733 1605 _et
785 1526 850 1579 ab
886 1542 947 1605 ea
978 1521 1240 1579 auajilium
1275 1521 1696 1605 petunt'._Quein
1748 1521 1844 1605 illa
1888 1521 2117 1605 'libeizter
2165 1540 2192 1576 ε
2246 1521 2703 1605 (Ιιψὸιιξῂίὶοὸάε
2747 1535 2915 1605 altera
2949 1538 2995 1588 ei
3019 1521 3295 1605 'despo'nsa
3326 1521 3562 1597 dimittit,

387 1597 642 1678 Quaenam
667 1597 778 1677 [nec
810 1596 1022 1678 mulier.
1053 1607 1101 1648 et
1133 1592 1602 1678 quamlambitiosa
1639 1592 1821 1673 fuerit.
1873 1592 2110 1678 tlaniones
2141 1596 2373 1664 Angulus
2425 1599 2709 1678 Pinc-erud,
2755 1613 2803 1656 ct
2847 1592 3223 1659 Monontaclms
3257 1623 3375 1660 cum
3403 1592 3565 1678 capiis

385 1672 440 1720 in
474 1667 839 1721 Acarnaniam
869 1666 1172 1719 mittuntur.
1203 1665 1401 1718 Eodem
1429 1671 1609 1734 postea
1640 1663 1848 1714 veniens
1872 1664 2164 1730 imperator
2195 1663 2274 1717 res
2308 1668 2669 1723 memorabiles
2697 1663 2856 1739 gerit.

391 1785 588 1854 Ὅντος¹
624 1771 682 1833 δέ
721 1758 821 1851 ἥδη
854 1761 982 1864 περὶ
1030 1779 1262 1842 ἐκϐολὰς
1308 1781 1403 1834 τοῦ
1435 1781 1652 1849 θέρους,
1681 1778 1884 1848 ἠγγέλο

1998 1849 2004 1855 _
2060 1779 2328 1849 Praecipiti
2347 1783 2456 1852 jam
2480 1794 2668 1840 aestate
2694 1802 2722 1840 a
2746 1786 2947 1858 Triglia
2973 1789 3126 1858 juxta
3152 1790 3566 1860 Hellespontum

309 1878 437 1929 λετο
469 1877 533 1927 ὲκ
565 1873 859 1945 Τριγλείας
892 1873 992 1943 τῆς
1028 1873 1164 1942 πρὸς
1201 1873 1600 1943 Ἑλλήσποντον
1625 1871 1700 1933 ὡς
1721 1887 1888 1941 στρα-

308 1970 403 2021 τιὰ
433 1966 660 2038 Περσῶν
708 1965 876 2033 πεζὴ,
927 1967 990 2020 ὲκ
1018 1965 1126 2018 τῶν
1151 1966 1294 2020 κατά
1325 1965 1426 2035 τὴν
1459 1965 1534 2017 ἕω
1568 1963 1775 2016 πόλεων
1805 1963 1892 2015 λο·

310 2059 504 2128 γάδες,
559 2051 636 2112 ὧν
693 2057 966 2127 Ὀρχάνης
1011 2058 1131 2110 ἐστὶ
1185 2058 1492 2128 σατράπης,
1522 2055 1583 2120 ἐξ
1610 2056 1704 2109 καὶ
1735 2057 1891 2126 τριά·

311 2169 480 2206 κοντα
511 2151 675 2206 ναυσὶ
708 2151 846 2222 πρὸς
895 2151 963 2204 τὰ
1017 2149 1150 2219 περὶ
1204 2151 1505 2215 Βυζάντιον
1551 2149 1729 2219 χωρία
1779 2150 1888 2202 εἰσὶ

314 2243 843 2314 παρεσκευασμένοι
903 2239 1306 2311 περαιοῦσθαι,
1357 2241 1391 2310 ἢ
1445 2239 1616 2310 ταύτῃ
1670 2239 1796 2294 καθ’
1823 2239 1892 2310 ἢν

318 2336 626 2406 ἠγγέλλετο
663 2333 766 2406 τὴν
806 2333 1002 2396 νύκτα,
1056 2334 1091 2405 ἢ
1147 2335 1205 2397 ὲς
1238 2334 1338 2403 τὴν
1384 2333 1704 2403 ὑστεραίαν·
1749 2327 1925 2387 εἶναι.

317 2429 380 2483 δὲ
404 2428 549 2482 οὕτω
577 2427 1140 2499 παρεσκευασμένους
1166 2427 1241 2488 ὡς
1263 2425 1326 2479 οὐ
1349 2427 1558 2496 ταχέως
1592 2424 1892 2495 ἐπανήξον-

315 2538 442 2584 τας,
495 2519 618 2574 οὐδὲ
678 2518 952 2585 λαθραίαν
1001 2517 1100 2587 τὴν
1156 2517 1416 2588 ἁρπαγὴν
1469 2516 1890 2586 ποιησομένους,

312 2611 432 2668 ἀλλ’
463 2610 706 2682 ἀναίδην,
725 2612 821 2665 καὶ
846 2610 985 2679 μετά
1008 2608 1206 2663 πολλοῦ
1234 2608 1330 2664 τοῦ
1358 2609 1643 2680 περιόντος
1672 2609 1893 2666 ἅπαντα

317 2706 705 2778 λῃῑσομένους.
751 2704 1294 2775 Παρασκευάσασθαι
1373 2703 1473 2772 μὲν
1555 2701 1649 2756 οὖν
1707 2705 1895 2774 ἀντίρ-

318 2802 492 2870 ῥοπον
534 2797 767 2866 δύναμιν
801 2797 936 2866 πρδς
991 2796 1092 2866 τὴν
1151 2795 1432 2865 Περσικὴν
1479 2795 1582 2848 οὐκ
1613 2795 1760 2862 ἐνῆν,
1792 2794 1892 2847 οὐκ

317 2891 619 2951 ἐνδιδόντος
649 2889 744 2942 τοῦ
778 2890 972 2960 χρόνου
1015 2890 1108 2943 διὰ
1132 2890 1230 2958 τὴν
1259 2891 1488 2958 ταχεῖαν
1537 2889 1650 2942 τῶν
1685 2889 1894 2960 βαρϐἀο

320 3002 432 3054 ρων
471 2984 679 3053 ἔφοδον.
716 2981 911 3051 Ὅμως
956 2981 1014 3034 δὲ
1064 2984 1165 3045 τὴν
1206 2983 1326 3035 τότε
1378 2984 1802 3051 παρατυχοῦσαν
1833 2985 1894 3036 ὲν

1993 1871 2348 1939 perferuntur
2407 1877 2610 1942 nuntii,
2655 1880 2866 1946 pedites
2891 1881 3083 1937 Persas
3113 1896 3178 1934 ex
3215 1882 3444 1936 orientis
3475 1899 3566 1936 ur-

1993 1959 2158 2017 bibus
2196 1963 2461 2030 delectos,
2485 1965 2736 2024 Orchane
2763 1970 2924 2037 duce,
2947 1987 3041 2026 sex
3070 1982 3126 2026 et
3157 1973 3378 2042 triginta
3412 1973 3568 2028 navi—

1992 2051 2096 2107 bus
2125 2054 2190 2108 ad
2215 2055 2332 2110 loca
2361 2056 2619 2128 Byzantio
2653 2060 2856 2126 vicina,
2888 2071 2983 2116 aut
3026 2078 3089 2117 ea
3129 2063 3266 2132 ipsa,
3295 2073 3392 2118 aut
3416 2074 3567 2121 certe

1997 2152 2216 2212 postera
2246 2155 2410 2202 nocte
2439 2147 2689 2220 trajicere
2719 2158 2938 2220 paratos
2978 2167 3121 2218 esse;
3150 2155 3231 2208 sic
3253 2164 3438 2209 autem
3479 2156 3566 2209 in-
3663 2161 3668 2166 '

1993 2243 2252 2300 structos,
2289 2249 2348 2291 ut
2392 2255 2499 2294 non
2545 2256 2668 2296 mox
2713 2245 3020 2308 reversuri;
3053 2261 3234 2316 neque
3274 2247 3462 2302 furtim
3498 2249 3565 2304 ad

1995 2329 2212 2398 rapinas
2235 2330 2571 2397 incubituri,
2599 2335 2692 2388 sed
2725 2334 3073 2404 impudenter
3121 2347 3176 2393 et
3217 2355 3378 2394 avare
3402 2341 3567 2398 nimis
3649 2349 3656 2354 '

1994 2420 2176 2475 omnia
2218 2421 2487 2490 direpturi
2523 2424 2835 2482 videantur.
2878 2425 3014 2492 Quia
3057 2428 3225 2498 igitur
3269 2429 3559 2487 l‘estinatus

1995 2514 2353 2570 barbarorum
2391 2516 2681 2580 adventus,
2713 2527 2769 2572 et
2801 2520 3064 2588 temporis
3092 2523 3359 2591 angustiae
3385 2539 3566 2594 aequa-

1996 2605 2101 2660 lem
2131 2608 2330 2665 eserciu
2343 2623 2431 2665 um
2448 2609 2724 2683 colligere
2739 2627 2854 2670 non
2873 2612 3160 2684 sinebant,
3206 2615 3568 2678 [immanes

1995 2701 2094 2771 qui
2117 2713 2245 2758 tunc
2274 2713 2392 2758 erat
2423 2704 2667 2775 Byzantii
2688 2707 2938 2776 exiguus,
2971 2724 3097 2764 eum
3133 2712 3415 2768 mandavit
3455 2731 3568 2769 ma-

1995 2809 2100 2863 gno
2135 2795 2439 2852 domestico
2481 2806 2537 2850 ut
2579 2797 2880 2867 acciperet,
2917 2809 2974 2856 et
3004 2801 3072 2855 ad
3107 2803 3378 2859 niaritima
3409 2807 3561 2862 urbis

1995 2886 2113 2939 loca
2155 2887 2502 2942 venientium.
2544 2889 2808 2958 impetum
2853 2891 3170 2960 exciperet;
3205 2894 3319 2964 ipse
3350 2897 3510 2951 simul
3535 2913 3567 2951 e

1999 2979 2131 3032 mari
2162 2978 2473 3045 invasurus,
2509 2982 2760 3036 triremes
2789 2985 3056 3038 armabat.
3079 2987 3266 3056 Itaque
3300 2987 3567 3044 domesti-

321 3075 607 3146 Βυζαντίῳ
663 3075 930 3145 στρατιὰν
981 3073 1353 3144 εὐαρίθμητόν
1389 3090 1512 3126 τινα
1562 3070 1748 3136 οὖσαν,
1799 3075 1890 3126 τὸν

1997 3085 2092 3124 cus
2121 3071 2240 3126 loco
2267 3072 2355 3125 cui
2396 3086 2595 3126 nomen
2628 3073 2914 3140 Enacosia,
2961 3077 3281 3132 cohortibus
3315 3080 3429 3133 suis
3456 3081 3571 3135 col-

321 3169 499 3237 μέγαν
529 3154 856 3238 δομέστικον
900 3167 1154 3219 ἐκέλευεν
1195 3167 1223 3218 ὁ
1255 3165 1512 3235 βασιλεὺς
1542 3165 1892 3236 παραλαϐόν-

319 3277 415 3325 τα,
440 3260 576 3330 πρὸς
600 3262 670 3313 τὰ
708 3260 836 3328 περὶ
867 3259 1166 3323 Βυζάντιον
1193 3259 1398 3329 χωρεῖν
1427 3259 1675 3328 παράλια
1707 3257 1886 3328 χωρία

1993 3163 2208 3226 locatis,
2260 3171 2316 3218 et
2364 3165 2804 3233 speculatoribus
2850 3167 3186 3233 constitutis,
3217 3170 3309 3222 ubi
3348 3173 3567 3239 potissi-

1995 3272 2142 3310 mum
2189 3257 2381 3312 Persas
2421 3259 2783 3313 descensuros
2831 3259 3234 3327 suspicabatur,
3266 3262 3340 3315 ibi
3374 3278 3572 3332 perno-

320 3353 426 3421 τὴν
477 3353 686 3422 ῑφοδον
710 3352 819 3404 τῶν
852 3351 1146 3420 βαρϐάρων
1186 3350 1576 3421 περιμένοντα.
1630 3351 1804 3413 Αὐτὸς
1835 3350 1891 3403 δὲ

1997 3358 2125 3404 ctat.
2162 3348 2276 3403 Sub
2307 3348 2610 3404 diluculum
2642 3349 2864 3419 quidam
2896 3351 3269 3420 speculatores
3320 3367 3568 3427 narrant,

320 3443 402 3507 ὡς
444 3445 559 3513 ἅμα
597 3444 662 3496 ὲκ
691 3442 969 3513 θαλάσσης
1014 3441 1437 3512 ἐπιθησόμενος,
1465 3439 1741 3508 ὲφὼπλιξε
1774 3457 1893 3509 τρι-

321 3539 508 3608 ήρεις.
574 3533 635 3589 ’0
692 3535 865 3606 μέγας
929 3535 1028 3604 μὲν
1078 3527 1172 3587 οὖν
1219 3533 1548 3602 δομέστικος
1607 3533 1744 3604 πρός
1787 3548 1894 3586 τινι

321 3627 513 3700 χωρίῳ
563 3626 884 3682 Ἐννακοσία
927 3625 1468 3697 προσαγορευομένῳ
1527 3625 1892 3695 ἑγκαθίδρυσε

320 3720 428 3791 τὴν
461 3719 743 3790 στρατιάν·
786 3718 1173 3780 κατασκόπους
1200 3734 1260 3771 τε
1306 3719 1656 3789 καταστήσας
1685 3719 1766 3786 ἐφ’
1794 3719 1896 3771 ὅσα

327 3812 570 3883 μάλιστα
618 3811 794 3882 χωρία
831 3809 1102 3865 ἀπόϐασιν
1156 3809 1449 3863 ὑπώπτευε
1503 3811 1615 3862 τῶν
1647 3811 1892 3882 Περσῶν,

321 3905 739 3975 διενυκτέρευεν
792 3904 930 3958 ἐκεῖ.
985 3903 1122 3974 Περὶ⁸
1155 3903 1213 3956 δὲ
1257 3902 1458 3972 δρθρον
1493 3905 1558 3956 ὲκ
1586 3902 1696 3956 τῶν
1724 3920 1898 3957 κατα-

332 3999 558 4051 σκόπων
583 3997 728 4059 τινὲς
765 3995 1130 4065 ἀπήγγελλον,
1160 3996 1236 4058 ὡς
1255 3997 1304 4048 oi
1343 3995 1611 4066 βάρϐαροι
1641 3997 1756 4059 τοῖς
1784 3998 1901 4050 ἐκεῖ

327 4090 602 4157 αἰγιαλοῖς
642 4089 741 4157 τὴν
770 4087 1038 4141 ἀπόϐασιν
1078 4089 1428 4157 ἐποιήσαντο,
1464 4089 1557 4140 καὶ
1597 4089 1899 4159 τεκμήριον

323 4181 527 4251 ἀληθὲς
570 4181 671 4249 τῆς
722 4179 980 4247 ἀγγελίας
1040 4178 1323 4232 ἐποιοῦντο
1360 4220 1375 4245 ,
1450 4178 1512 4232 τὸ
1561 4180 1900 4247 τραυματίαι

325 4272 663 4342 γεγενῆσθαι
706 4270 836 4341 παρ’
862 4270 1060 4324 αὐτῶν.
1089 4271 1153 4323 0i
1187 4269 1454 4340 βάρϐαροι
1490 4269 1546 4323 δὲ
1570 4271 1669 4323 οὐκ
1706 4272 1790 4338 ἐφ’
1816 4271 1902 4324 ἑνὶ

324 4365 517 4436 χωρίῳ
550 4364 862 4435 προσέσχον
897 4361 1120 4424 πάντες·
1153 4361 1270 4414 ἀλλ’
1293 4361 1355 4413 οὑ
1399 4365 1619 4432 μακρὰν
1646 4361 1902 4430 ’ἀλλήλων

326 4457 701 4525 διεστηκότες,
735 4454 830 4508 δύο
862 4454 1154 4524 ναυλοχίας
1186 4455 1538 4524 ὲποιήσαντω
1569 4455 1619 4506 οἱ
1661 4455 1763 4524 μὲν
1806 4450 1902 4507 οὖν

331 4553 401 4604 ἑκ
423 4551 692 4620 τῆς-μιᾶς
728 4547 966 4618 μερίδος,
1001 4547 1135 4616 πρὸς
1170 4546 1334 4616 ἔτερα
1361 4546 1663 4617 ἐτράποντο
1701 4547 1898 4618 χωρία·

1993 3441 2158 3512 308
2186 3441 2452 3496 barbaros
2492 3443 2604 3496 illic
2630 3443 2682 3496 in
2707 3443 2861 3498 littus
2891 3447 3102 3512 exisse;
3142 3447 3412 3518 iidemque
3443 3466 3572 3506 nar-

1996 3531 2194 3585 rationi
2245 3541 2464 3596 accepta
2501 3533 2569 3587 ab
2619 3533 2727 3588 illis
2759 3535 2984 3589 vulnera
3030 3537 3366 3592 astruebant.
3396 3540 3572 3594 Caete-

1997 3636 2118 3676 rum
2144 3623 2362 3678 barbari
2395 3638 2501 3678 non
2530 3639 2720 3680 omnes
2747 3625 2813 3680 ad
2847 3641 3014 3680 unum
3065 3628 3244 3683 locum
3291 3630 3570 3700 appellen-

1998 3725 2100 3778 tes,
2151 3717 2287 3770 duas
2344 3718 2562 3771 navium
2605 3718 2871 3772 stationes
2905 3718 3050 3773 haud
3081 3721 3242 3792 longo
3283 3722 3570 3778 intervallo

1999 3810 2271 3864 faciebant
2305 3826 2319 3865 ε
2353 3818 2409 3864 et
2445 3811 2537 3865 alii
2558 3812 2778 3880 quidem
2803 3827 2869 3866 ex
2906 3828 3011 3867 una
3053 3822 3206 3882 parte
3236 3815 3344 3869 alio
3383 3829 3440 3869 se
3463 3815 3568 3869 dil-

1996 3903 2332 3957 l'undebant.
2366 3902 2456 3956 alii
2497 3917 2561 3958 ex
2608 3904 2798 3967 altera,
2831 3905 3371 3973 velutspeculatores
3404 3921 3571 3975 quos-
3669 3935 3676 3939 -

1999 3996 2123 4050 dam
2179 4008 2378 4063 paucos
2411 3994 2480 4047 de
2504 3995 2619 4048 suis
2652 3994 3066 4062 praemittentes,
3111 3995 3326 4064 agmine
3352 4010 3574 4064 compo—

1999 4088 2106 4142 sito
2144 4086 2494 4148 incedebant,
2526 4085 2680 4154 quasi
2706 4085 2854 4139 locos
2875 4100 2902 4138 a
2927 4101 3120 4156 magno
3151 4088 3453 4144 domestico
3487 4089 3572 4142 in-

1999 4193 2178 4235 sessos
2223 4177 2528 4232 transituri.
2575 4179 2645 4234 Ut
2697 4179 2934 4250 primum
2987 4179 3244 4256 Romanis
3277 4179 3574 4248 appropin-
3665 4235 3667 4237 .

2001 4278 2259 4338 quarunt,
2291 4270 2528 4340 demptis
2573 4271 2799 4340 aliquot,
2825 4284 3037 4334 omnes,
3079 4269 3225 4340 quod
3265 4269 3322 4324 in
3356 4268 3570 4324 hostem

2006 4364 2361 4433 improvisum
2418 4364 2764 4427 incidissent,
2810 4364 2961 4418 letho
3005 4364 3404 4419 occubuerunt.
3465 4363 3571 4430 Qui

2005 4467 2313 4520 evaserant,
2383 4456 2450 4509 ad
2541 4469 2670 4509 suos
2755 4455 3097 4524 retrogressi,
3169 4453 3571 4520 memorabant,

2004 4545 2465 4615 quemadmodum
2510 4545 2914 4600 commilitones
2959 4544 3308 4609 cecidissent,
3359 4559 3484 4598 cum
3516 4543 3576 4601 in

235 4818 249 4856 ’-
327 4824 527 4894 ᾔεσαν,
563 4823 639 4885 ὡς
689 4821 777 4874 διὰ
824 4820 932 4872 τῶν
973 4819 1192 4891 χωρίων
1237 4820 1466 4872 ἐκείνων
1515 4820 1899 4890 ἔλευσόμενοι,

329 4644 383 4696 οἱ
421 4642 479 4695 δὲ
521 4643 620 4711 τῆς
683 4642 878 4710 ἑτέρας
929 4639 1121 4709 ὥσπερ
1187 4638 1427 4701 σκοπούς
1485 4655 1635 4701 τινας
1686 4639 1899 4706 ὀλίγους

2003 4639 2266 4708 quasdam
2299 4639 2561 4708 copiolas,
2607 4645 2664 4690 ut
2704 4637 2993 4691 videbatur
3030 4636 3180 4707 (nam
3223 4650 3321 4703 per
3353 4641 3575 4716 noctem

330 4734 547 4789 ἑαυτῶν
610 4733 1039 4803 προπέμψαντες
1069 4773 1084 4794 ,
1137 4732 1185 4784 οἱ
1238 4731 1419 4783 λοιποὶ
1473 4731 1899 4801 συντεταγμέιοι

2003 4731 2150 4786 clare
2186 4732 2563 4785 internoscere
2591 4745 2699 4784 non
2738 4728 3030 4798 potuisse),
3055 4727 3150 4782 sed
3195 4726 3490 4792 animosas,
3517 4737 3578 4782 et

2003 4823 2149 4879 bello
2185 4823 2414 4878 inviétas
2450 4821 2791 4876 incidissent.
2833 4820 2909 4874 Re
2935 4819 3239 4884 intellecta,
3285 4819 3576 4874 Persarum

328 4913 416 4977 οἷς
449 4916 480 4967 ὁ
527 4914 699 4984 μέγας
737 4913 1068 4982 δομέστικος
1114 4912 1422 4982 ἐνήδρευεν.
1467 4913 1555 4974 Ὠς
1595 4912 1650 4965 δὲ
1681 4913 1730 4964 οἱ
1765 4929 1899 4983 προς

2002 4917 2169 4971 duces
2223 4915 2291 4969 ad
2343 4914 2658 4970 conﬂictum
2699 4913 3082 4982 accinguntur,
3144 4912 3378 4982 luceque
3415 4911 3580 4966 terris

327 5006 661 5076 τεταγμένοι
689 5007 885 5058 ἐκεῖνοι
927 5005 1178 5071 ἐγένοντο
1211 5003 1441 5074 πλησίον
1483 5005 1585 5072 τῆς
1619 5005 1899 5074 Ῥωμαίων

1997 5009 2109 5079 jam
2138 5005 2336 5061 dill‘usa
2365 5020 2559 5060 manus
2577 5015 2968 5059 conseruntur.
2991 5004 3194 5065 Persae,
3224 5002 3320 5071 qui
3344 5001 3579 5067 nobiles,

329 5098 619 5168 στρατιᾶς,
657 5095 798 5168 πλὴν
830 5096 1032 5164 ὀλίγων
1081 5095 1286 5158 πάντες
1323 5096 1522 5150 ἔπεσον
1557 5097 1899 5168 ἀπροσδοκή-

2001 5110 2059 5156 et
2096 5101 2239 5153 inter
2272 5113 2401 5152 suos
2430 5097 2547 5152 noti
2569 5106 2747 5161 erant,
2776 5111 2965 5150 omnes
2987 5096 3080 5149 diu
3106 5110 3163 5150 se
3190 5092 3578 5147 defenderunt.

325 5206 451 5250 τοις
497 5188 864 5258 ἐμπεσόντωνο
894 5186 1010 5240 ὅσοι
1051 5185 1108 5238 δὲ
1137 5185 1499 5255 διεσώθησαν,
1537 5189 1618 5251 είς
1655 5190 1756 5258 τὴν
1800 5189 1899 5242 αὺ-

2009 5192 2392 5246 Verumtamen
2423 5189 2476 5242 vi
2515 5190 2668 5252 victi,
2699 5196 2896 5257 przcter
2927 5193 3158 5255 septem,
3189 5198 3382 5238 omnes
3412 5184 3491 5237 vel
3526 5185 3578 5238 in

325 5283 442 5334 τῶν
470 5279 714 5343 ἐλθόντες
741 5282 1026 5349 στρατιὰν,
1053 5277 1399 5348 ἀπήγγελλον
1419 5279 1496 5341 ὡς
1525 5277 1899 5349 διαφθαροῖεν,

2004 5299 2185 5354 pugna
2207 5281 2550 5344 ceciderunt,
2575 5280 2656 5333 vel
2694 5279 2803 5332 vivi
2833 5280 2886 5332 in
2913 5285 3238 5348 potestatem
3284 5287 3581 5335 venerunt.

330 5370 568 5440 στρατιᾷ
619 5371 1040 5441 περιτυχόντες,
1083 5369 1238 5440 ὀλίγῃ
1295 5371 1438 5438 μὲν,
1489 5367 1565 5432 ὡς
1614 5370 1899 5441 ᾠήθημεν,

2006 5373 2208 5428 Eadem
2252 5373 2385 5426 hora
2421 5371 2588 5425 etiam
2642 5371 2936 5438 imperator
2988 5370 3200 5423 duabus
3242 5369 3580 5436 triremibus,

325 5460 617 5532 (καθαρῶς
669 5463 772 5516 οὐκ
819 5462 1033 5533 ἔχοντες
1085 5462 1176 5514 διὰ
1217 5463 1318 5532 τὴν
1356 5462 1529 5516 νύκτα
1560 5462 1899 5534 διαγνῶναι),

2007 5476 2141 5532 quas
2169 5470 2334 5515 noctu
2368 5459 2690 5528 impleverat
2724 5459 2972 5529 (reliqua:
3011 5462 3158 5518 enim
3203 5469 3317 5512 tum
3356 5460 3583 5526 naviga-

330 5553 520 5622 ἀγαθῇ
556 5553 615 5606 δὲ
650 5554 750 5607 καὶ
785 5555 854 5608 τὰ
911 5552 1144 5623 πολέμια
1184 5555 1475 5628 κρατίστῃ.
1517 5557 1583 5608 Ὃ
1617 5555 1679 5625 δὴ
1717 5559 1812 5610 καὶ
1857 5558 1899 5610 ol

2009 5555 2144 5610 tioni
2163 5568 2271 5608 non
2295 5561 2450 5607 erant
2478 5552 2708 5619 idoneae)
2729 5551 3089 5619 adnavigabat
3123 5562 3579 5619 :compertoque,

324 5647 436 5713 τῆς
485 5647 765 5718 Περσικῆς
815 5647 1074 5716 ἄρχοντες
1133 5648 1431 5718 πυθόμενοι
1459 5650 1721 5718 στρατιᾶς
1756 5667 1899 5721 παρ-

2009 5647 2368 5701 barbarorum
2403 5642 2528 5696 aliis
2554 5658 2585 5697 a
2615 5655 2810 5711 magno
2838 5640 3142 5696 domestico
3172 5639 3332 5704 fusis,
3364 5655 3491 5694 eum
3526 5641 3582 5695 in

327 5739 709 5793 εςκευάσαντνο
733 5741 807 5802 ὡς
859 5741 950 5792 ἐπὶ
982 5723 1183 5810 μάχην.
1245 5741 1671 5810 Ἐπιγενομένης
1719 5742 1774 5795 δὲ
1801 5743 1899 5811 ἤδη

2012 5747 2242 5793 caeteros
2275 5737 2384 5806 jam
2436 5735 2542 5789 iter
2570 5734 2771 5800 moliri,
2802 5733 3010 5789 triremi
3058 5733 3419 5799 exscendens,
3448 5749 3588 5803 quos

338 5832 440 5884 καὶ
486 5831 720 5903 ἡμέρας,
768 5832 1165 5887 συνεπλέκοντο
1213 5833 1265 5886 οἴ
1303 5850 1359 5885 τε
1412 5832 1674 5899 Ῥωμαῖοι
1719 5835 1812 5886 καὶ
1857 5835 1899 5886 οἱ

2014 5832 2158 5886 niam
2203 5831 2536 5899 imperatorii
2566 5829 2692 5898 equi
2738 5844 2848 5885 non
2889 5827 3135 5890 aderant,
3165 5827 3218 5880 in
3253 5841 3460 5895 equum
3488 5826 3591 5879 (lo-
