  <div class='ocr_page' id='page_1' title='image "/cluster/home/n/w/nwhite01/storage/ocr_20150623/153/mdp.39015078384727/333.png"; bbox 0 0 4122 6296; ppageno 0'>
   <div class='ocr_carea' id='block_1_1' title="bbox 534 396 636 460">
    <p class='ocr_par' dir='ltr' id='par_1_1' title="bbox 534 396 636 460">
     <span class='ocr_line' id='line_1_1' title="bbox 534 396 636 460; baseline 0 -1"><span class='ocrx_word' id='word_1_1' title='bbox 534 396 636 460; x_wconf 80' lang='lat'>631</span> 
     </span>
    </p>
   </div>
   <div class='ocr_carea' id='block_1_2' title="bbox 1724 405 2623 469">
    <p class='ocr_par' dir='ltr' id='par_1_2' title="bbox 1724 405 2623 469">
     <span class='ocr_line' id='line_1_2' title="bbox 1724 405 2623 469; baseline -0.001 -2"><span class='ocrx_word' id='word_1_2' title='bbox 1724 405 2058 467; x_wconf 75' lang='lat' dir='ltr'>JOANNIS</span> <span class='ocrx_word' id='word_1_3' title='bbox 2096 406 2623 469; x_wconf 74' lang='lat' dir='ltr'>CANTACUZENI</span> 
     </span>
    </p>
   </div>
   <div class='ocr_carea' id='block_1_3' title="bbox 3679 411 3777 473">
    <p class='ocr_par' dir='ltr' id='par_1_3' title="bbox 3679 411 3777 473">
     <span class='ocr_line' id='line_1_3' title="bbox 3679 411 3777 473; baseline -0.01 0"><span class='ocrx_word' id='word_1_4' title='bbox 3679 411 3777 473; x_wconf 77' lang='lat'>632</span> 
     </span>
    </p>
   </div>
   <div class='ocr_carea' id='block_1_4' title="bbox 536 507 2115 587">
    <p class='ocr_par' dir='ltr' id='par_1_4' title="bbox 536 507 2110 580">
     <span class='ocr_line' id='line_1_4' title="bbox 536 507 2110 580; baseline 0.005 -20"><span class='ocrx_word' id='word_1_5' title='bbox 536 516 792 578; x_wconf 81' lang='lat' dir='ltr'><strong>parentes</strong></span> <span class='ocrx_word' id='word_1_6' title='bbox 825 507 1004 564; x_wconf 84' lang='lat' dir='ltr'><strong>adhuc</strong></span> <span class='ocrx_word' id='word_1_7' title='bbox 1067 509 1391 580; x_wconf 74' lang='lat' dir='ltr'>imperatori</span> <span class='ocrx_word' id='word_1_8' title='bbox 1431 512 1679 569; x_wconf 88' lang='lat' dir='ltr'><strong>civitates</strong></span> <span class='ocrx_word' id='word_1_9' title='bbox 1709 513 1983 577; x_wconf 88' lang='lat' dir='ltr'><strong>custodit,</strong></span> <span class='ocrx_word' id='word_1_10' title='bbox 2024 529 2110 568; x_wconf 90' lang='lat' dir='ltr'><strong>re-</strong></span> 
     </span>
    </p>
   </div>
   <div class='ocr_carea' id='block_1_5' title="bbox 2216 507 3781 587">
    <p class='ocr_par' dir='ltr' id='par_1_5' title="bbox 2216 514 3781 587">
     <span class='ocr_line' id='line_1_5' title="bbox 2216 514 3781 587; baseline 0.003 -21"><span class='ocrx_word' id='word_1_11' title='bbox 2216 514 2290 576; x_wconf 81' lang='grc' dir='ltr'>ὡς</span> <span class='ocrx_word' id='word_1_12' title='bbox 2318 514 2541 584; x_wconf 83' lang='grc' dir='ltr'>βασιλέα</span> <span class='ocrx_word' id='word_1_13' title='bbox 2583 514 2869 583; x_wconf 83' lang='grc' dir='ltr'>Ῥωμαίων</span> <span class='ocrx_word' id='word_1_14' title='bbox 2907 515 3234 584; x_wconf 81' lang='grc' dir='ltr'>διεθρύλλει,</span> <span class='ocrx_word' id='word_1_15' title='bbox 3270 515 3364 571; x_wconf 71' lang='grc' dir='ltr'>καὶ</span> <span class='ocrx_word' id='word_1_16' title='bbox 3410 515 3608 587; x_wconf 80' lang='grc' dir='ltr'>ἑαυτὴν</span> <span class='ocrx_word' id='word_1_17' title='bbox 3633 517 3781 586; x_wconf 79' lang='grc' dir='ltr'>βασι-</span> 
     </span>
    </p>
   </div>
   <div class='ocr_carea' id='block_1_6' title="bbox 535 598 2108 674">
    <p class='ocr_par' dir='ltr' id='par_1_6' title="bbox 535 598 2108 674">
     <span class='ocr_line' id='line_1_6' title="bbox 535 598 2108 674; baseline 0.004 -20"><span class='ocrx_word' id='word_1_18' title='bbox 535 598 708 654; x_wconf 86' lang='lat' dir='ltr'><strong>belles</strong></span> <span class='ocrx_word' id='word_1_19' title='bbox 759 599 968 670; x_wconf 81' lang='lat' dir='ltr'><strong>aﬂligit.</strong></span> <span class='ocrx_word' id='word_1_20' title='bbox 1027 602 1164 656; x_wconf 80' lang='lat' dir='ltr'><strong>Vere</strong></span> <span class='ocrx_word' id='word_1_21' title='bbox 1223 602 1402 672; x_wconf 91' lang='lat' dir='ltr'><strong>primo</strong></span> <span class='ocrx_word' id='word_1_22' title='bbox 1454 604 1753 673; x_wconf 80' lang='lat' dir='ltr'><strong>imperator</strong></span> <span class='ocrx_word' id='word_1_23' title='bbox 1799 605 1916 674; x_wconf 89' lang='lat' dir='ltr'><strong>ipse</strong></span> <span class='ocrx_word' id='word_1_24' title='bbox 1981 620 2108 660; x_wconf 87' lang='lat' dir='ltr'>eum</span> 
     </span>
    </p>
   </div>
   <div class='ocr_carea' id='block_1_7' title="bbox 2213 603 3774 674">
    <p class='ocr_par' dir='ltr' id='par_1_7' title="bbox 2213 603 3774 674">
     <span class='ocr_line' id='line_1_7' title="bbox 2213 603 3774 674; baseline 0.001 -19"><span class='ocrx_word' id='word_1_25' title='bbox 2213 604 2332 657; x_wconf 88' lang='grc' dir='ltr'>λίδα</span> <span class='ocrx_word' id='word_1_26' title='bbox 2377 605 2754 674; x_wconf 77' lang='grc' dir='ltr'>προσηγόρευε</span> <span class='ocrx_word' id='word_1_27' title='bbox 2799 604 3090 672; x_wconf 88' lang='grc' dir='ltr'>Ῥωμαίων</span> <span class='ocrx_word' id='word_1_28' title='bbox 3133 604 3210 666; x_wconf 84' lang='grc' dir='ltr'>ὡς</span> <span class='ocrx_word' id='word_1_29' title='bbox 3255 603 3521 671; x_wconf 78' lang='grc' dir='ltr'>ἀπόγονον</span> <span class='ocrx_word' id='word_1_30' title='bbox 3552 605 3774 657; x_wconf 81' lang='grc' dir='ltr'>ἐκείνου.</span> 
     </span>
    </p>
   </div>
   <div class='ocr_carea' id='block_1_8' title="bbox 535 691 2115 766">
    <p class='ocr_par' dir='ltr' id='par_1_8' title="bbox 535 691 2106 766">
     <span class='ocr_line' id='line_1_8' title="bbox 535 691 2106 766; baseline 0.006 -24"><span class='ocrx_word' id='word_1_31' title='bbox 535 691 752 759; x_wconf 73' lang='lat' dir='ltr'><strong>agmine</strong></span> <span class='ocrx_word' id='word_1_32' title='bbox 805 693 1004 746; x_wconf 77' lang='lat' dir='ltr'><strong>infesto</strong></span> <span class='ocrx_word' id='word_1_33' title='bbox 1035 695 1212 761; x_wconf 83' lang='lat' dir='ltr'><strong>adest,</strong></span> <span class='ocrx_word' id='word_1_34' title='bbox 1258 706 1314 750; x_wconf 91' lang='lat' dir='ltr'>et</span> <span class='ocrx_word' id='word_1_35' title='bbox 1347 697 1588 751; x_wconf 90' lang='lat' dir='ltr'><strong>aliarum</strong></span> <span class='ocrx_word' id='word_1_36' title='bbox 1613 699 1836 766; x_wconf 88' lang='lat' dir='ltr'><strong>quidem</strong></span> <span class='ocrx_word' id='word_1_37' title='bbox 1885 699 2106 754; x_wconf 85' lang='lat' dir='ltr'><strong>urbium</strong></span> 
     </span>
    </p>
   </div>
   <div class='ocr_carea' id='block_1_9' title="bbox 2216 691 3777 766">
    <p class='ocr_par' dir='ltr' id='par_1_9' title="bbox 2216 695 3777 765">
     <span class='ocr_line' id='line_1_9' title="bbox 2216 695 3777 765; baseline -0.002 -17"><span class='ocrx_word' id='word_1_38' title='bbox 2216 697 2303 748; x_wconf 85' lang='grc' dir='ltr'>Διὸ</span> <span class='ocrx_word' id='word_1_39' title='bbox 2333 699 2425 750; x_wconf 74' lang='grc' dir='ltr'>καί</span> <span class='ocrx_word' id='word_1_40' title='bbox 2453 696 2542 749; x_wconf 74' lang='grc' dir='ltr'>διὰ</span> <span class='ocrx_word' id='word_1_41' title='bbox 2584 697 2818 765; x_wconf 78' lang='grc' dir='ltr'>σπουδῆς</span> <span class='ocrx_word' id='word_1_42' title='bbox 2850 697 3072 763; x_wconf 81' lang='grc' dir='ltr'>ἀπάσης</span> <span class='ocrx_word' id='word_1_43' title='bbox 3101 697 3342 748; x_wconf 80' lang='grc' dir='ltr'>ἐποιεῖτο</span> <span class='ocrx_word' id='word_1_44' title='bbox 3393 695 3590 765; x_wconf 81' lang='grc' dir='ltr'>μέρους</span> <span class='ocrx_word' id='word_1_45' title='bbox 3623 695 3777 763; x_wconf 78' lang='grc' dir='ltr'>ἄρξαι</span> 
     </span>
    </p>
   </div>
   <div class='ocr_carea' id='block_1_10' title="bbox 541 783 2108 856">
    <p class='ocr_par' dir='ltr' id='par_1_10' title="bbox 541 783 2108 856">
     <span class='ocr_line' id='line_1_10' title="bbox 541 783 2108 856; baseline 0.007 -23"><span class='ocrx_word' id='word_1_46' title='bbox 541 783 772 849; x_wconf 90' lang='lat' dir='ltr'><strong>populos</strong></span> <span class='ocrx_word' id='word_1_47' title='bbox 821 792 984 852; x_wconf 87' lang='lat' dir='ltr'><strong>atque</strong></span> <span class='ocrx_word' id='word_1_48' title='bbox 1021 786 1313 853; x_wconf 75' lang='lat' dir='ltr'><strong>optimates</strong></span> <span class='ocrx_word' id='word_1_49' title='bbox 1348 803 1446 856; x_wconf 92' lang='lat' dir='ltr'>pro</span> <span class='ocrx_word' id='word_1_50' title='bbox 1481 788 1585 844; x_wconf 74' lang='lat' dir='ltr'><strong>{ide</strong></span> <span class='ocrx_word' id='word_1_51' title='bbox 1638 800 1692 843; x_wconf 93' lang='lat' dir='ltr'>et</span> <span class='ocrx_word' id='word_1_52' title='bbox 1726 790 2108 844; x_wconf 80' lang='lat' dir='ltr'><strong>benevolentia</strong></span> 
     </span>
    </p>
   </div>
   <div class='ocr_carea' id='block_1_11' title="bbox 540 873 2110 935">
    <p class='ocr_par' dir='ltr' id='par_1_11' title="bbox 540 873 2110 935">
     <span class='ocr_line' id='line_1_11' title="bbox 540 873 2110 935; baseline 0.006 -11"><span class='ocrx_word' id='word_1_53' title='bbox 540 873 594 925; x_wconf 90' lang='lat' dir='ltr'>in</span> <span class='ocrx_word' id='word_1_54' title='bbox 633 890 691 928; x_wconf 92' lang='lat' dir='ltr'>se</span> <span class='ocrx_word' id='word_1_55' title='bbox 722 875 906 930; x_wconf 86' lang='lat' dir='ltr'><strong>multis</strong></span> <span class='ocrx_word' id='word_1_56' title='bbox 943 875 1105 930; x_wconf 90' lang='lat' dir='ltr'><strong>donis</strong></span> <span class='ocrx_word' id='word_1_57' title='bbox 1131 879 1485 934; x_wconf 81' lang='lat' dir='ltr'><strong>cohonestat:</strong></span> <span class='ocrx_word' id='word_1_58' title='bbox 1513 881 1756 935; x_wconf 77' lang='lat' dir='ltr'><strong>exercitu</strong></span> <span class='ocrx_word' id='word_1_59' title='bbox 1799 890 1979 934; x_wconf 87' lang='lat' dir='ltr'><strong>autem</strong></span> <span class='ocrx_word' id='word_1_60' title='bbox 2011 882 2110 935; x_wconf 83' lang='lat' dir='ltr'><strong>tri-</strong></span> 
     </span>
    </p>
   </div>
   <div class='ocr_carea' id='block_1_12' title="bbox 539 965 2111 1040">
    <p class='ocr_par' dir='ltr' id='par_1_12' title="bbox 539 965 2111 1040">
     <span class='ocr_line' id='line_1_12' title="bbox 539 965 2111 1040; baseline 0.004 -22"><span class='ocrx_word' id='word_1_61' title='bbox 539 965 728 1018; x_wconf 78' lang='lat' dir='ltr'><strong>furiam</strong></span> <span class='ocrx_word' id='word_1_62' title='bbox 759 967 936 1021; x_wconf 86' lang='lat' dir='ltr'><strong>diviso</strong></span> <span class='ocrx_word' id='word_1_63' title='bbox 969 968 1101 1037; x_wconf 74' lang='lat' dir='ltr'><strong>(6t),</strong></span> <span class='ocrx_word' id='word_1_64' title='bbox 1141 970 1298 1038; x_wconf 79' lang='lat'><strong>311</strong></span> <span class='ocrx_word' id='word_1_65' title='bbox 1327 971 1490 1026; x_wconf 88' lang='lat' dir='ltr'><strong>urbes</strong></span> <span class='ocrx_word' id='word_1_66' title='bbox 1528 973 1762 1040; x_wconf 83' lang='lat' dir='ltr'><strong>Perﬁdas</strong></span> <span class='ocrx_word' id='word_1_67' title='bbox 1797 972 2111 1028; x_wconf 82' lang='lat' dir='ltr'><strong>assiduissi-</strong></span> 
     </span>
    </p>
   </div>
   <div class='ocr_carea' id='block_1_13' title="bbox 541 1059 2113 1141">
    <p class='ocr_par' dir='ltr' id='par_1_13' title="bbox 541 1059 2113 1141">
     <span class='ocr_line' id='line_1_13' title="bbox 541 1059 2113 1141; baseline 0.004 -31"><span class='ocrx_word' id='word_1_68' title='bbox 541 1074 623 1110; x_wconf 86' lang='lat' dir='ltr'>ma</span> <span class='ocrx_word' id='word_1_69' title='bbox 653 1059 936 1141; x_wconf 73' lang='lat' dir='ltr'><strong>obsidione</strong></span> <span class='ocrx_word' id='word_1_70' title='bbox 975 1077 1167 1130; x_wconf 81' lang='lat' dir='ltr'><strong>urgere</strong></span> <span class='ocrx_word' id='word_1_71' title='bbox 1201 1063 1495 1131; x_wconf 84' lang='lat' dir='ltr'><strong>pertendit.</strong></span> <span class='ocrx_word' id='word_1_72' title='bbox 1525 1064 1982 1119; x_wconf 82' lang='lat' dir='ltr'><strong>&#39;l‘homoenstrum</strong></span> <span class='ocrx_word' id='word_1_73' title='bbox 2015 1065 2113 1118; x_wconf 87' lang='lat' dir='ltr'><strong>ita-</strong></span> 
     </span>
    </p>
   </div>
   <div class='ocr_carea' id='block_1_14' title="bbox 539 1151 2112 1222">
    <p class='ocr_par' dir='ltr' id='par_1_14' title="bbox 539 1151 2112 1222">
     <span class='ocr_line' id='line_1_14' title="bbox 539 1151 2112 1222; baseline 0.005 -20"><span class='ocrx_word' id='word_1_74' title='bbox 539 1166 665 1218; x_wconf 74' lang='lat' dir='ltr'><strong>que.</strong></span> <span class='ocrx_word' id='word_1_75' title='bbox 703 1151 792 1204; x_wconf 85' lang='lat' dir='ltr'>ubi</span> <span class='ocrx_word' id='word_1_76' title='bbox 830 1152 1171 1220; x_wconf 75' lang='lat' dir='ltr'><strong>Nicephorius</strong></span> <span class='ocrx_word' id='word_1_77' title='bbox 1191 1154 1300 1207; x_wconf 84' lang='lat' dir='ltr'><strong>dux</strong></span> <span class='ocrx_word' id='word_1_78' title='bbox 1332 1155 1546 1222; x_wconf 82' lang='lat' dir='ltr'><strong>agebat,</strong></span> <span class='ocrx_word' id='word_1_79' title='bbox 1581 1156 1921 1210; x_wconf 84' lang='lat' dir='ltr'><strong>obsidionem</strong></span> <span class='ocrx_word' id='word_1_80' title='bbox 1953 1155 2112 1210; x_wconf 82' lang='lat' dir='ltr'><strong>facile</strong></span> 
     </span>
    </p>
   </div>
   <div class='ocr_carea' id='block_1_15' title="bbox 541 1241 2113 1310">
    <p class='ocr_par' dir='ltr' id='par_1_15' title="bbox 541 1241 2113 1310">
     <span class='ocr_line' id='line_1_15' title="bbox 541 1241 2113 1310; baseline 0.003 -16"><span class='ocrx_word' id='word_1_81' title='bbox 541 1241 826 1303; x_wconf 72' lang='lat' dir='ltr'><strong>tolerabat,</strong></span> <span class='ocrx_word' id='word_1_82' title='bbox 895 1253 1081 1310; x_wconf 89' lang='lat' dir='ltr'><strong>utpote</strong></span> <span class='ocrx_word' id='word_1_83' title='bbox 1106 1259 1136 1297; x_wconf 93' lang='lat' dir='ltr'>a</span> <span class='ocrx_word' id='word_1_84' title='bbox 1169 1245 1484 1298; x_wconf 84' lang='lat' dir='ltr'><strong>continente</strong></span> <span class='ocrx_word' id='word_1_85' title='bbox 1517 1247 1896 1300; x_wconf 84' lang='lat' dir='ltr'><strong>tantummodo</strong></span> <span class='ocrx_word' id='word_1_86' title='bbox 1920 1247 2113 1300; x_wconf 81' lang='lat' dir='ltr'><strong>Roma-</strong></span> 
     </span>
    </p>
   </div>
   <div class='ocr_carea' id='block_1_16' title="bbox 540 1332 2114 1407">
    <p class='ocr_par' dir='ltr' id='par_1_16' title="bbox 540 1332 2114 1407">
     <span class='ocr_line' id='line_1_16' title="bbox 540 1332 2114 1407; baseline 0.005 -23"><span class='ocrx_word' id='word_1_87' title='bbox 540 1332 624 1384; x_wconf 88' lang='lat' dir='ltr'><strong>nis</strong></span> <span class='ocrx_word' id='word_1_88' title='bbox 664 1335 1109 1401; x_wconf 77' lang='lat' dir='ltr'><strong>oppugnantibus</strong></span> <span class='ocrx_word' id='word_1_89' title='bbox 1152 1353 1166 1390; x_wconf 91' lang='lat'><strong>:</strong></span> <span class='ocrx_word' id='word_1_90' title='bbox 1201 1353 1325 1390; x_wconf 89' lang='lat' dir='ltr'>nam</span> <span class='ocrx_word' id='word_1_91' title='bbox 1367 1355 1471 1407; x_wconf 91' lang='lat' dir='ltr'>qua</span> <span class='ocrx_word' id='word_1_92' title='bbox 1513 1354 1683 1401; x_wconf 88' lang='lat' dir='ltr'><strong>mare,</strong></span> <span class='ocrx_word' id='word_1_93' title='bbox 1717 1338 1782 1392; x_wconf 89' lang='lat' dir='ltr'>ad</span> <span class='ocrx_word' id='word_1_94' title='bbox 1822 1354 1980 1392; x_wconf 79' lang='lat' dir='ltr'><strong>usuin</strong></span> <span class='ocrx_word' id='word_1_95' title='bbox 2019 1353 2114 1392; x_wconf 91' lang='lat' dir='ltr'><strong>ne-</strong></span> 
     </span>
    </p>
   </div>
   <div class='ocr_carea' id='block_1_17' title="bbox 537 1426 2113 1497">
    <p class='ocr_par' dir='ltr' id='par_1_17' title="bbox 537 1426 2113 1497">
     <span class='ocr_line' id='line_1_17' title="bbox 537 1426 2113 1497; baseline 0.002 -20"><span class='ocrx_word' id='word_1_96' title='bbox 537 1428 780 1478; x_wconf 81' lang='lat' dir='ltr'><strong>cessaria</strong></span> <span class='ocrx_word' id='word_1_97' title='bbox 810 1435 863 1479; x_wconf 90' lang='lat' dir='ltr'>et</span> <span class='ocrx_word' id='word_1_98' title='bbox 893 1426 1350 1496; x_wconf 84' lang='lat' dir='ltr'><strong>importabantur,</strong></span> <span class='ocrx_word' id='word_1_99' title='bbox 1372 1438 1426 1483; x_wconf 92' lang='lat' dir='ltr'>et</span> <span class='ocrx_word' id='word_1_100' title='bbox 1448 1430 1876 1497; x_wconf 83' lang='lat' dir='ltr'><strong>exportabantur</strong></span> <span class='ocrx_word' id='word_1_101' title='bbox 1905 1429 2113 1494; x_wconf 87' lang='lat' dir='ltr'><strong>omnia,</strong></span> 
     </span>
    </p>
   </div>
   <div class='ocr_carea' id='block_1_18' title="bbox 540 1519 2108 1586">
    <p class='ocr_par' dir='ltr' id='par_1_18' title="bbox 540 1519 2108 1586">
     <span class='ocr_line' id='line_1_18' title="bbox 540 1519 2108 1586; baseline 0.002 -17"><span class='ocrx_word' id='word_1_102' title='bbox 540 1519 685 1585; x_wconf 83' lang='lat' dir='ltr'><strong>quod</strong></span> <span class='ocrx_word' id='word_1_103' title='bbox 725 1520 1020 1586; x_wconf 82' lang='lat' dir='ltr'><strong>imperator</strong></span> <span class='ocrx_word' id='word_1_104' title='bbox 1054 1521 1283 1575; x_wconf 83' lang='lat' dir='ltr'><strong>classem</strong></span> <span class='ocrx_word' id='word_1_105' title='bbox 1314 1537 1422 1574; x_wconf 91' lang='lat' dir='ltr'>non</span> <span class='ocrx_word' id='word_1_106' title='bbox 1457 1521 1706 1576; x_wconf 85' lang='lat' dir='ltr'><strong>haberet.</strong></span> <span class='ocrx_word' id='word_1_107' title='bbox 1740 1522 1870 1573; x_wconf 88' lang='lat' dir='ltr'><strong>Arta</strong></span> <span class='ocrx_word' id='word_1_108' title='bbox 1923 1519 2108 1573; x_wconf 83' lang='lat' dir='ltr'><strong>autem</strong></span> 
     </span>
    </p>
   </div>
   <div class='ocr_carea' id='block_1_19' title="bbox 540 1609 2113 1681">
    <p class='ocr_par' dir='ltr' id='par_1_19' title="bbox 540 1609 2113 1681">
     <span class='ocr_line' id='line_1_19' title="bbox 540 1609 2113 1681; baseline 0.001 -20"><span class='ocrx_word' id='word_1_109' title='bbox 540 1617 596 1661; x_wconf 89' lang='lat' dir='ltr'>et</span> <span class='ocrx_word' id='word_1_110' title='bbox 635 1609 878 1678; x_wconf 71' lang='lat' dir='ltr'><strong>Ithogns,</strong></span> <span class='ocrx_word' id='word_1_111' title='bbox 906 1611 1055 1678; x_wconf 79' lang='lat' dir='ltr'><strong>quod</strong></span> <span class='ocrx_word' id='word_1_112' title='bbox 1087 1612 1141 1664; x_wconf 92' lang='lat' dir='ltr'>in</span> <span class='ocrx_word' id='word_1_113' title='bbox 1167 1613 1487 1666; x_wconf 88' lang='lat' dir='ltr'><strong>continente</strong></span> <span class='ocrx_word' id='word_1_114' title='bbox 1513 1624 1671 1666; x_wconf 89' lang='lat' dir='ltr'><strong>erant</strong></span> <span class='ocrx_word' id='word_1_115' title='bbox 1691 1613 1829 1675; x_wconf 66' lang='lat' dir='ltr'><strong>sitm,</strong></span> <span class='ocrx_word' id='word_1_116' title='bbox 1861 1625 2113 1681; x_wconf 76' lang='lat' dir='ltr'><strong>magnam</strong></span> 
     </span>
    </p>
   </div>
   <div class='ocr_carea' id='block_1_20' title="bbox 541 1699 2118 1770">
    <p class='ocr_par' dir='ltr' id='par_1_20' title="bbox 541 1699 2118 1770">
     <span class='ocr_line' id='line_1_20' title="bbox 541 1699 2118 1770; baseline 0.002 -19"><span class='ocrx_word' id='word_1_117' title='bbox 541 1715 607 1752; x_wconf 83' lang='lat' dir='ltr'>ex</span> <span class='ocrx_word' id='word_1_118' title='bbox 647 1699 934 1754; x_wconf 81' lang='lat' dir='ltr'><strong>obsidione</strong></span> <span class='ocrx_word' id='word_1_119' title='bbox 984 1702 1268 1769; x_wconf 85' lang='lat' dir='ltr'><strong>penuriam</strong></span> <span class='ocrx_word' id='word_1_120' title='bbox 1320 1703 1662 1756; x_wconf 83' lang='lat' dir='ltr'><strong>sustinebant</strong></span> <span class='ocrx_word' id='word_1_121' title='bbox 1699 1716 1860 1756; x_wconf 92' lang='lat' dir='ltr'><strong>:cum</strong></span> <span class='ocrx_word' id='word_1_122' title='bbox 1917 1709 2118 1770; x_wconf 64' lang='lat' dir='ltr'><strong>praeter</strong></span> 
     </span>
    </p>
   </div>
   <div class='ocr_carea' id='block_1_21' title="bbox 541 1790 2114 1860">
    <p class='ocr_par' dir='ltr' id='par_1_21' title="bbox 541 1790 2114 1860">
     <span class='ocr_line' id='line_1_21' title="bbox 541 1790 2114 1860; baseline 0.001 -18"><span class='ocrx_word' id='word_1_123' title='bbox 541 1803 604 1842; x_wconf 79' lang='lat' dir='ltr'>ea</span> <span class='ocrx_word' id='word_1_124' title='bbox 652 1804 774 1858; x_wconf 84' lang='lat' dir='ltr'><strong>quae</strong></span> <span class='ocrx_word' id='word_1_125' title='bbox 824 1790 930 1843; x_wconf 89' lang='lat' dir='ltr'><strong>sibi</strong></span> <span class='ocrx_word' id='word_1_126' title='bbox 982 1800 1108 1844; x_wconf 90' lang='lat' dir='ltr'><strong>ante</strong></span> <span class='ocrx_word' id='word_1_127' title='bbox 1140 1792 1486 1860; x_wconf 85' lang='lat' dir='ltr'><strong>imperatoris</strong></span> <span class='ocrx_word' id='word_1_128' title='bbox 1518 1793 1814 1844; x_wconf 84' lang='lat' dir='ltr'><strong>adventum</strong></span> <span class='ocrx_word' id='word_1_129' title='bbox 1845 1790 1898 1843; x_wconf 91' lang='lat' dir='ltr'>in</span> <span class='ocrx_word' id='word_1_130' title='bbox 1937 1790 2114 1844; x_wconf 87' lang='lat' dir='ltr'><strong>hieme</strong></span> 
     </span>
    </p>
   </div>
   <div class='ocr_carea' id='block_1_22' title="bbox 2211 788 3778 860">
    <p class='ocr_par' dir='ltr' id='par_1_22' title="bbox 2211 788 3778 860">
     <span class='ocr_line' id='line_1_22' title="bbox 2211 788 3778 860; baseline -0.001 -17"><span class='ocrx_word' id='word_1_131' title='bbox 2211 791 2358 852; x_wconf 81' lang='grc' dir='ltr'>τινὸς</span> <span class='ocrx_word' id='word_1_132' title='bbox 2386 792 2484 860; x_wconf 80' lang='grc' dir='ltr'>τῆς</span> <span class='ocrx_word' id='word_1_133' title='bbox 2508 791 2612 842; x_wconf 78' lang='grc' dir='ltr'>ὑπὸ</span> <span class='ocrx_word' id='word_1_134' title='bbox 2639 792 2764 853; x_wconf 77' lang='grc' dir='ltr'>τοὺς</span> <span class='ocrx_word' id='word_1_135' title='bbox 2796 789 3084 859; x_wconf 85' lang='grc' dir='ltr'>Ῥωμαίων</span> <span class='ocrx_word' id='word_1_136' title='bbox 3114 789 3370 859; x_wconf 74' lang='grc' dir='ltr'>βασιλέας</span> <span class='ocrx_word' id='word_1_137' title='bbox 3394 788 3562 858; x_wconf 72' lang='grc' dir='ltr'>οὔσης</span> <span class='ocrx_word' id='word_1_138' title='bbox 3584 789 3778 858; x_wconf 66' lang='grc' dir='ltr'>ἀρχῆς.</span> 
     </span>
    </p>
   </div>
   <div class='ocr_carea' id='block_1_23' title="bbox 2258 865 3776 950">
    <p class='ocr_par' dir='ltr' id='par_1_23' title="bbox 2258 865 3776 950">
     <span class='ocr_line' id='line_1_23' title="bbox 2258 865 3776 950; baseline -0.004 -15"><span class='ocrx_word' id='word_1_139' title='bbox 2258 875 2287 935; x_wconf 75' lang='grc' dir='ltr'>ὗ</span> <span class='ocrx_word' id='word_1_140' title='bbox 2355 881 2418 948; x_wconf 82' lang='grc' dir='ltr'>δὴ</span> <span class='ocrx_word' id='word_1_141' title='bbox 2471 880 2634 933; x_wconf 73' lang='grc' dir='ltr'>ἕνεκα</span> <span class='ocrx_word' id='word_1_142' title='bbox 2686 881 2781 933; x_wconf 69' lang='grc' dir='ltr'>καὶ</span> <span class='ocrx_word' id='word_1_143' title='bbox 2823 881 2944 934; x_wconf 86' lang='grc' dir='ltr'>τότε</span> <span class='ocrx_word' id='word_1_144' title='bbox 2989 880 3307 950; x_wconf 80' lang='grc' dir='ltr'>Νικηφόρον</span> <span class='ocrx_word' id='word_1_145' title='bbox 3364 879 3642 947; x_wconf 79' lang='grc' dir='ltr'>ἐξέπεμπε</span> <span class='ocrx_word' id='word_1_146' title='bbox 3693 865 3776 932; x_wconf 68' lang='grc' dir='ltr'>δια</span> 
     </span>
    </p>
   </div>
   <div class='ocr_carea' id='block_1_24' title="bbox 2215 969 3780 1040">
    <p class='ocr_par' dir='ltr' id='par_1_24' title="bbox 2215 969 3780 1040">
     <span class='ocr_line' id='line_1_24' title="bbox 2215 969 3780 1040; baseline -0.001 -18"><span class='ocrx_word' id='word_1_147' title='bbox 2215 971 2474 1038; x_wconf 78' lang='grc' dir='ltr'>σπουδῆς,</span> <span class='ocrx_word' id='word_1_148' title='bbox 2513 970 2607 1022; x_wconf 81' lang='grc' dir='ltr'>καὶ</span> <span class='ocrx_word' id='word_1_149' title='bbox 2663 970 2890 1039; x_wconf 79' lang='grc' dir='ltr'>δύναμιν</span> <span class='ocrx_word' id='word_1_150' title='bbox 2955 969 3312 1040; x_wconf 69' lang='grc' dir='ltr'>παρασχοῦσαι</span> <span class='ocrx_word' id='word_1_151' title='bbox 3361 970 3646 1039; x_wconf 79' lang='grc' dir='ltr'>ναυτικὴν,</span> <span class='ocrx_word' id='word_1_152' title='bbox 3675 971 3780 1020; x_wconf 84' lang='grc' dir='ltr'>οἰο-</span> 
     </span>
    </p>
   </div>
   <div class='ocr_carea' id='block_1_25' title="bbox 2216 1057 3778 1130">
    <p class='ocr_par' dir='ltr' id='par_1_25' title="bbox 2216 1057 3778 1130">
     <span class='ocr_line' id='line_1_25' title="bbox 2216 1057 3778 1130; baseline -0.004 -17"><span class='ocrx_word' id='word_1_153' title='bbox 2216 1061 2352 1130; x_wconf 86' lang='grc' dir='ltr'>μένη</span> <span class='ocrx_word' id='word_1_154' title='bbox 2421 1061 2487 1113; x_wconf 87' lang='grc' dir='ltr'>ἂν</span> <span class='ocrx_word' id='word_1_155' title='bbox 2523 1059 2881 1129; x_wconf 80' lang='grc' dir='ltr'>Ἀκαρνανίας</span> <span class='ocrx_word' id='word_1_156' title='bbox 2916 1060 3078 1123; x_wconf 84' lang='grc' dir='ltr'>αὐτὸς</span> <span class='ocrx_word' id='word_1_157' title='bbox 3104 1060 3242 1130; x_wconf 78' lang='grc' dir='ltr'>ἄρξῃ</span> <span class='ocrx_word' id='word_1_158' title='bbox 3278 1061 3342 1130; x_wconf 77' lang='grc' dir='ltr'>τῇ</span> <span class='ocrx_word' id='word_1_159' title='bbox 3380 1057 3613 1127; x_wconf 81' lang='grc' dir='ltr'>θυγατρὶ</span> <span class='ocrx_word' id='word_1_160' title='bbox 3639 1058 3778 1108; x_wconf 67' lang='grc' dir='ltr'>ἐκεί.</span> 
     </span>
    </p>
   </div>
   <div class='ocr_carea' id='block_1_26' title="bbox 2214 1148 3783 1219">
    <p class='ocr_par' dir='ltr' id='par_1_26' title="bbox 2214 1148 3783 1219">
     <span class='ocr_line' id='line_1_26' title="bbox 2214 1148 3783 1219; baseline -0.004 -15"><span class='ocrx_word' id='word_1_161' title='bbox 2214 1169 2309 1219; x_wconf 87' lang='grc' dir='ltr'>νης</span> <span class='ocrx_word' id='word_1_162' title='bbox 2365 1151 2647 1215; x_wconf 86' lang='grc' dir='ltr'>συνοικῶν,</span> <span class='ocrx_word' id='word_1_163' title='bbox 2682 1151 2780 1219; x_wconf 83' lang='grc' dir='ltr'>τὴν</span> <span class='ocrx_word' id='word_1_164' title='bbox 2840 1151 3137 1219; x_wconf 74' lang='grc' dir='ltr'>ἐπιθυμίαν</span> <span class='ocrx_word' id='word_1_165' title='bbox 3191 1151 3478 1219; x_wconf 80' lang='grc' dir='ltr'>ἠνυκέναι,</span> <span class='ocrx_word' id='word_1_166' title='bbox 3507 1149 3566 1211; x_wconf 79' lang='grc' dir='ltr'>ὃς</span> <span class='ocrx_word' id='word_1_167' title='bbox 3596 1148 3660 1216; x_wconf 75' lang='grc' dir='ltr'>δὴ</span> <span class='ocrx_word' id='word_1_168' title='bbox 3692 1149 3783 1200; x_wconf 63' lang='grc' dir='ltr'>καὶ</span> 
     </span>
    </p>
   </div>
   <div class='ocr_carea' id='block_1_27' title="bbox 2215 1239 3780 1311">
    <p class='ocr_par' dir='ltr' id='par_1_27' title="bbox 2215 1239 3780 1311">
     <span class='ocr_line' id='line_1_27' title="bbox 2215 1239 3780 1311; baseline -0.004 -15"><span class='ocrx_word' id='word_1_169' title='bbox 2215 1242 2606 1311; x_wconf 86' lang='grc' dir='ltr'>Θωμοκάστρῳ</span> <span class='ocrx_word' id='word_1_170' title='bbox 2647 1241 2897 1309; x_wconf 79' lang='grc' dir='ltr'>ὲνδιῆγεν</span> <span class='ocrx_word' id='word_1_171' title='bbox 2948 1241 3061 1294; x_wconf 79' lang='grc' dir='ltr'>ὄντι</span> <span class='ocrx_word' id='word_1_172' title='bbox 3106 1240 3381 1309; x_wconf 85' lang='grc' dir='ltr'>παραλίῳ.</span> <span class='ocrx_word' id='word_1_173' title='bbox 3434 1239 3697 1301; x_wconf 72' lang='grc' dir='ltr'>Βασιλεὺς</span> <span class='ocrx_word' id='word_1_174' title='bbox 3724 1239 3780 1290; x_wconf 74' lang='grc' dir='ltr'>δὲ</span> 
     </span>
    </p>
   </div>
   <div class='ocr_carea' id='block_1_28' title="bbox 2215 1331 3784 1402">
    <p class='ocr_par' dir='ltr' id='par_1_28' title="bbox 2215 1331 3784 1402">
     <span class='ocr_line' id='line_1_28' title="bbox 2215 1331 3784 1402; baseline -0.002 -16"><span class='ocrx_word' id='word_1_175' title='bbox 2215 1334 2336 1386; x_wconf 79' lang='grc' dir='ltr'>ἐπεὶ</span> <span class='ocrx_word' id='word_1_176' title='bbox 2364 1332 2593 1384; x_wconf 76' lang='grc' dir='ltr'>ἐπύθετο</span> <span class='ocrx_word' id='word_1_177' title='bbox 2630 1332 2756 1402; x_wconf 73' lang='grc' dir='ltr'>περὶ</span> <span class='ocrx_word' id='word_1_178' title='bbox 2784 1334 2891 1384; x_wconf 87' lang='grc' dir='ltr'>τῶν</span> <span class='ocrx_word' id='word_1_179' title='bbox 2913 1333 3056 1385; x_wconf 85' lang='grc' dir='ltr'>κατά</span> <span class='ocrx_word' id='word_1_180' title='bbox 3076 1332 3174 1401; x_wconf 81' lang='grc' dir='ltr'>τὴν</span> <span class='ocrx_word' id='word_1_181' title='bbox 3213 1331 3596 1400; x_wconf 77' lang='grc' dir='ltr'>Ἀκαρνανίαν,</span> <span class='ocrx_word' id='word_1_182' title='bbox 3619 1347 3784 1398; x_wconf 81' lang='grc' dir='ltr'>στρα·</span> 
     </span>
    </p>
   </div>
   <div class='ocr_carea' id='block_1_29' title="bbox 2214 1423 3756 1494">
    <p class='ocr_par' dir='ltr' id='par_1_29' title="bbox 2214 1423 3756 1494">
     <span class='ocr_line' id='line_1_29' title="bbox 2214 1423 3756 1494; baseline -0.003 -16"><span class='ocrx_word' id='word_1_183' title='bbox 2214 1425 2394 1478; x_wconf 88' lang='grc' dir='ltr'>τεύειν</span> <span class='ocrx_word' id='word_1_184' title='bbox 2421 1425 2521 1493; x_wconf 83' lang='grc' dir='ltr'>μὲν</span> <span class='ocrx_word' id='word_1_185' title='bbox 2560 1425 2721 1487; x_wconf 68' lang='grc' dir='ltr'>αὐτὸς</span> <span class='ocrx_word' id='word_1_186' title='bbox 2751 1424 2849 1476; x_wconf 83' lang='grc' dir='ltr'>οὐκ</span> <span class='ocrx_word' id='word_1_187' title='bbox 2885 1425 3024 1494; x_wconf 66' lang='lat' dir='ltr'><strong>(usto</strong></span> <span class='ocrx_word' id='word_1_188' title='bbox 3050 1425 3159 1477; x_wconf 91' lang='grc' dir='ltr'>δεῖν</span> <span class='ocrx_word' id='word_1_189' title='bbox 3190 1425 3251 1476; x_wconf 76' lang='grc' dir='ltr'>τὸ</span> <span class='ocrx_word' id='word_1_190' title='bbox 3289 1425 3386 1476; x_wconf 87' lang='grc' dir='ltr'>νῦν</span> <span class='ocrx_word' id='word_1_191' title='bbox 3418 1425 3539 1493; x_wconf 79' lang='grc' dir='ltr'>ἔχον</span> <span class='ocrx_word' id='word_1_192' title='bbox 3568 1423 3657 1474; x_wconf 81' lang='grc' dir='ltr'>ἐπ’</span> <span class='ocrx_word' id='word_1_193' title='bbox 3690 1425 3756 1475; x_wconf 78' lang='grc' dir='ltr'>αὑ</span> 
     </span>
    </p>
   </div>
   <div class='ocr_carea' id='block_1_30' title="bbox 2215 1513 3784 1585">
    <p class='ocr_par' dir='ltr' id='par_1_30' title="bbox 2215 1513 3784 1585">
     <span class='ocr_line' id='line_1_30' title="bbox 2215 1513 3784 1585; baseline -0.003 -18"><span class='ocrx_word' id='word_1_194' title='bbox 2215 1515 2362 1580; x_wconf 83' lang='grc' dir='ltr'>τοὺς,</span> <span class='ocrx_word' id='word_1_195' title='bbox 2387 1515 2490 1585; x_wconf 77' lang='grc' dir='ltr'>ήδη</span> <span class='ocrx_word' id='word_1_196' title='bbox 2520 1513 2646 1584; x_wconf 84' lang='grc' dir='ltr'>περὶ</span> <span class='ocrx_word' id='word_1_197' title='bbox 2663 1513 2891 1576; x_wconf 77' lang='grc' dir='ltr'>ἐκϐολὰς</span> <span class='ocrx_word' id='word_1_198' title='bbox 2912 1513 3006 1566; x_wconf 88' lang='grc' dir='ltr'>τοῦ</span> <span class='ocrx_word' id='word_1_199' title='bbox 3027 1514 3368 1583; x_wconf 76' lang='grc' dir='ltr'>φθινοπώρου</span> <span class='ocrx_word' id='word_1_200' title='bbox 3392 1513 3544 1574; x_wconf 71' lang='grc' dir='ltr'>ὄντος</span> <span class='ocrx_word' id='word_1_201' title='bbox 3565 1527 3582 1542; x_wconf 87' lang='grc'>⁶</span> <span class='ocrx_word' id='word_1_202' title='bbox 3601 1513 3784 1564; x_wconf 75' lang='grc' dir='ltr'>Ἰωαν-</span> 
     </span>
    </p>
   </div>
   <div class='ocr_carea' id='block_1_31' title="bbox 2214 1605 3786 1676">
    <p class='ocr_par' dir='ltr' id='par_1_31' title="bbox 2214 1605 3786 1676">
     <span class='ocr_line' id='line_1_31' title="bbox 2214 1605 3786 1676; baseline -0.003 -17"><span class='ocrx_word' id='word_1_203' title='bbox 2214 1623 2313 1674; x_wconf 91' lang='grc' dir='ltr'>νην</span> <span class='ocrx_word' id='word_1_204' title='bbox 2379 1606 2436 1659; x_wconf 84' lang='grc' dir='ltr'>δὲ</span> <span class='ocrx_word' id='word_1_205' title='bbox 2472 1607 2737 1674; x_wconf 76' lang='grc' dir='ltr'>’Ἄγγελον</span> <span class='ocrx_word' id='word_1_206' title='bbox 2785 1606 2876 1659; x_wconf 76' lang='grc' dir='ltr'>τὸν</span> <span class='ocrx_word' id='word_1_207' title='bbox 2932 1607 3240 1676; x_wconf 86' lang='grc' dir='ltr'>πιγκέρνην</span> <span class='ocrx_word' id='word_1_208' title='bbox 3297 1605 3413 1671; x_wconf 71' lang='grc' dir='ltr'>ἅμα</span> <span class='ocrx_word' id='word_1_209' title='bbox 3475 1605 3786 1673; x_wconf 77' lang='grc' dir='ltr'>Μονομάχῳ</span> 
     </span>
    </p>
   </div>
   <div class='ocr_carea' id='block_1_32' title="bbox 2215 1695 3788 1768">
    <p class='ocr_par' dir='ltr' id='par_1_32' title="bbox 2215 1695 3788 1768">
     <span class='ocr_line' id='line_1_32' title="bbox 2215 1695 3788 1768; baseline -0.001 -20"><span class='ocrx_word' id='word_1_210' title='bbox 2215 1695 2503 1748; x_wconf 61' lang='grc' dir='ltr'>ἐκέλευσεν</span> <span class='ocrx_word' id='word_1_211' title='bbox 2547 1695 2888 1749; x_wconf 88' lang='grc' dir='ltr'>ἀναλαϐόντα</span> <span class='ocrx_word' id='word_1_212' title='bbox 2924 1701 3185 1767; x_wconf 74' lang='grc' dir='ltr'>στρατιὰν</span> <span class='ocrx_word' id='word_1_213' title='bbox 3216 1700 3421 1768; x_wconf 82' lang='grc' dir='ltr'>χωρεῖν</span> <span class='ocrx_word' id='word_1_214' title='bbox 3450 1699 3543 1749; x_wconf 75' lang='grc' dir='ltr'>ἐπὶ</span> <span class='ocrx_word' id='word_1_215' title='bbox 3585 1698 3788 1766; x_wconf 73' lang='grc' dir='ltr'>Ἀκαρ-</span> 
     </span>
    </p>
   </div>
   <div class='ocr_carea' id='block_1_33' title="bbox 2217 1786 3791 1857">
    <p class='ocr_par' dir='ltr' id='par_1_33' title="bbox 2217 1786 3791 1857">
     <span class='ocr_line' id='line_1_33' title="bbox 2217 1786 3791 1857; baseline -0.002 -17"><span class='ocrx_word' id='word_1_216' title='bbox 2217 1787 2423 1849; x_wconf 84' lang='grc' dir='ltr'>νανίαν,</span> <span class='ocrx_word' id='word_1_217' title='bbox 2452 1787 2611 1840; x_wconf 86' lang='grc' dir='ltr'>κάκεῖ</span> <span class='ocrx_word' id='word_1_218' title='bbox 2635 1788 3010 1856; x_wconf 75' lang='grc' dir='ltr'>διαχειμάζειν</span> <span class='ocrx_word' id='word_1_219' title='bbox 3044 1789 3161 1857; x_wconf 77' lang='grc' dir='ltr'>ἅμα</span> <span class='ocrx_word' id='word_1_220' title='bbox 3216 1789 3320 1856; x_wconf 76' lang='grc' dir='ltr'>μὲν</span> <span class='ocrx_word' id='word_1_221' title='bbox 3352 1789 3472 1850; x_wconf 89' lang='grc' dir='ltr'>ταῖς</span> <span class='ocrx_word' id='word_1_222' title='bbox 3498 1787 3606 1840; x_wconf 78' lang='grc' dir='ltr'>ὑπὸ</span> <span class='ocrx_word' id='word_1_223' title='bbox 3635 1786 3791 1854; x_wconf 73' lang='grc' dir='ltr'>βασι-</span> 
     </span>
    </p>
   </div>
   <div class='ocr_carea' id='block_1_34' title="bbox 542 1859 2115 1950">
    <p class='ocr_par' dir='ltr' id='par_1_34' title="bbox 542 1880 2110 1950">
     <span class='ocr_line' id='line_1_34' title="bbox 542 1880 2110 1950; baseline 0.001 -17"><span class='ocrx_word' id='word_1_224' title='bbox 542 1880 969 1948; x_wconf 87' lang='lat' dir='ltr'><strong>conquisisseut,</strong></span> <span class='ocrx_word' id='word_1_225' title='bbox 1035 1881 1294 1936; x_wconf 89' lang='lat' dir='ltr'><strong>invehere</strong></span> <span class='ocrx_word' id='word_1_226' title='bbox 1327 1882 1464 1935; x_wconf 92' lang='lat' dir='ltr'><strong>nihil</strong></span> <span class='ocrx_word' id='word_1_227' title='bbox 1523 1891 1767 1950; x_wconf 84' lang='lat' dir='ltr'><strong>possent,</strong></span> <span class='ocrx_word' id='word_1_228' title='bbox 1819 1893 1876 1937; x_wconf 91' lang='lat' dir='ltr'>et</span> <span class='ocrx_word' id='word_1_229' title='bbox 1913 1897 2038 1936; x_wconf 93' lang='lat' dir='ltr'>cum</span> <span class='ocrx_word' id='word_1_230' title='bbox 2079 1897 2110 1935; x_wconf 89' lang='lat' dir='ltr'>a</span> 
     </span>
    </p>
   </div>
   <div class='ocr_carea' id='block_1_35' title="bbox 2216 1859 3786 1950">
    <p class='ocr_par' dir='ltr' id='par_1_35' title="bbox 2216 1879 3786 1950">
     <span class='ocr_line' id='line_1_35' title="bbox 2216 1879 3786 1950; baseline 0.001 -19"><span class='ocrx_word' id='word_1_231' title='bbox 2216 1880 2309 1932; x_wconf 82' lang='grc' dir='ltr'>λέα</span> <span class='ocrx_word' id='word_1_232' title='bbox 2359 1879 2641 1941; x_wconf 82' lang='grc' dir='ltr'>τελούσαις</span> <span class='ocrx_word' id='word_1_233' title='bbox 2682 1881 2763 1934; x_wconf 72' lang='grc' dir='ltr'>ἔτι</span> <span class='ocrx_word' id='word_1_234' title='bbox 2800 1881 2986 1933; x_wconf 89' lang='grc' dir='ltr'>πόλεσι</span> <span class='ocrx_word' id='word_1_235' title='bbox 3032 1879 3265 1950; x_wconf 82' lang='grc' dir='ltr'>δύναμιν</span> <span class='ocrx_word' id='word_1_236' title='bbox 3295 1879 3662 1950; x_wconf 83' lang='grc' dir='ltr'>παρέχοντας,</span> <span class='ocrx_word' id='word_1_237' title='bbox 3688 1883 3786 1932; x_wconf 73' lang='grc' dir='ltr'>καὶ</span> 
     </span>
    </p>
   </div>
   <div class='ocr_carea' id='block_1_36' title="bbox 544 1970 2114 2042">
    <p class='ocr_par' dir='ltr' id='par_1_36' title="bbox 544 1970 2114 2042">
     <span class='ocr_line' id='line_1_36' title="bbox 544 1970 2114 2042; baseline 0.002 -18"><span class='ocrx_word' id='word_1_238' title='bbox 544 1970 843 2032; x_wconf 77' lang='lat' dir='ltr'><strong>frumento,</strong></span> <span class='ocrx_word' id='word_1_239' title='bbox 879 1980 992 2027; x_wconf 89' lang='lat' dir='ltr'>tum</span> <span class='ocrx_word' id='word_1_240' title='bbox 1015 1985 1044 2025; x_wconf 90' lang='lat' dir='ltr'>a</span> <span class='ocrx_word' id='word_1_241' title='bbox 1069 1971 1286 2041; x_wconf 89' lang='lat' dir='ltr'><strong>reliquo</strong></span> <span class='ocrx_word' id='word_1_242' title='bbox 1316 1972 1461 2025; x_wconf 90' lang='lat' dir='ltr'><strong>victu</strong></span> <span class='ocrx_word' id='word_1_243' title='bbox 1493 1980 1678 2026; x_wconf 80' lang='lat' dir='ltr'><strong>essent</strong></span> <span class='ocrx_word' id='word_1_244' title='bbox 1700 1987 1961 2042; x_wconf 88' lang='lat' dir='ltr'><strong>perquam</strong></span> <span class='ocrx_word' id='word_1_245' title='bbox 1994 1973 2114 2027; x_wconf 87' lang='lat' dir='ltr'><strong>ino-</strong></span> 
     </span>
    </p>
   </div>
   <div class='ocr_carea' id='block_1_37' title="bbox 2211 1957 3787 2046">
    <p class='ocr_par' dir='ltr' id='par_1_37' title="bbox 2211 1957 3787 2046">
     <span class='ocr_line' id='line_1_37' title="bbox 2211 1957 3787 2046; baseline -0.004 -16"><span class='ocrx_word' id='word_1_246' title='bbox 2211 1977 2328 2039; x_wconf 91' lang='grc' dir='ltr'>δέος</span> <span class='ocrx_word' id='word_1_247' title='bbox 2353 1975 2449 2029; x_wconf 90' lang='grc' dir='ltr'>τοῦ</span> <span class='ocrx_word' id='word_1_248' title='bbox 2480 1975 2553 2046; x_wconf 82' lang='grc' dir='ltr'>μὴ</span> <span class='ocrx_word' id='word_1_249' title='bbox 2589 1974 3026 2044; x_wconf 74' lang='grc' dir='ltr'>συναφίστασθαι</span> <span class='ocrx_word' id='word_1_250' title='bbox 3057 1976 3178 2037; x_wconf 90' lang='grc' dir='ltr'>ταῖς</span> <span class='ocrx_word' id='word_1_251' title='bbox 3215 1973 3403 2035; x_wconf 79' lang='grc' dir='ltr'>ἄλλαις</span> <span class='ocrx_word' id='word_1_252' title='bbox 3426 1988 3440 2002; x_wconf 75' lang='grc'><strong>⁸</strong></span> <span class='ocrx_word' id='word_1_253' title='bbox 3463 1974 3583 2040; x_wconf 72' lang='grc' dir='ltr'>ἅμα</span> <span class='ocrx_word' id='word_1_254' title='bbox 3613 1972 3672 2024; x_wconf 78' lang='grc' dir='ltr'>δὲ</span> <span class='ocrx_word' id='word_1_255' title='bbox 3693 1957 3787 2023; x_wconf 66' lang='grc' dir='ltr'>καἱ</span> 
     </span>
    </p>
   </div>
   <div class='ocr_carea' id='block_1_38' title="bbox 543 2060 2115 2136">
    <p class='ocr_par' dir='ltr' id='par_1_38' title="bbox 543 2060 2111 2131">
     <span class='ocr_line' id='line_1_38' title="bbox 543 2060 2111 2131; baseline 0.003 -17"><span class='ocrx_word' id='word_1_256' title='bbox 543 2075 658 2130; x_wconf 88' lang='lat' dir='ltr'><strong>pes.</strong></span> <span class='ocrx_word' id='word_1_257' title='bbox 690 2060 1008 2129; x_wconf 85' lang='lat' dir='ltr'><strong>Quanquam</strong></span> <span class='ocrx_word' id='word_1_258' title='bbox 1045 2076 1176 2114; x_wconf 88' lang='lat' dir='ltr'><strong>vero</strong></span> <span class='ocrx_word' id='word_1_259' title='bbox 1223 2061 1292 2115; x_wconf 91' lang='lat' dir='ltr'>ad</span> <span class='ocrx_word' id='word_1_260' title='bbox 1333 2062 1672 2116; x_wconf 88' lang='lat' dir='ltr'><strong>obsidionem</strong></span> <span class='ocrx_word' id='word_1_261' title='bbox 1702 2063 2111 2131; x_wconf 89' lang='lat' dir='ltr'><strong>perpetiendam</strong></span> 
     </span>
    </p>
   </div>
   <div class='ocr_carea' id='block_1_39' title="bbox 2216 2060 3789 2136">
    <p class='ocr_par' dir='ltr' id='par_1_39' title="bbox 2216 2063 3789 2136">
     <span class='ocr_line' id='line_1_39' title="bbox 2216 2063 3789 2136; baseline -0.006 -15"><span class='ocrx_word' id='word_1_262' title='bbox 2216 2069 2312 2130; x_wconf 73' lang='grc' dir='ltr'>τὰς</span> <span class='ocrx_word' id='word_1_263' title='bbox 2343 2067 2718 2135; x_wconf 82' lang='grc' dir='ltr'>ἀφεστηκυίας</span> <span class='ocrx_word' id='word_1_264' title='bbox 2739 2066 2786 2118; x_wconf 82' lang='grc' dir='ltr'>εί</span> <span class='ocrx_word' id='word_1_265' title='bbox 2821 2066 2895 2136; x_wconf 80' lang='grc' dir='ltr'>μὴ</span> <span class='ocrx_word' id='word_1_266' title='bbox 2938 2065 3186 2127; x_wconf 85' lang='grc' dir='ltr'>τελείως,</span> <span class='ocrx_word' id='word_1_267' title='bbox 3208 2063 3325 2117; x_wconf 75' lang='grc' dir='ltr'>ἀλλ⁹</span> <span class='ocrx_word' id='word_1_268' title='bbox 3347 2064 3410 2115; x_wconf 80' lang='grc' dir='ltr'>ὲκ</span> <span class='ocrx_word' id='word_1_269' title='bbox 3453 2063 3653 2130; x_wconf 78' lang='grc' dir='ltr'>μέρους</span> <span class='ocrx_word' id='word_1_270' title='bbox 3677 2079 3748 2112; x_wconf 85' lang='grc' dir='ltr'>πο</span> <span class='ocrx_word' id='word_1_271' title='bbox 3766 2091 3789 2101; x_wconf 84' lang='lat'><strong>-</strong></span> 
     </span>
    </p>
   </div>
   <div class='ocr_carea' id='block_1_40' title="bbox 542 2149 2115 2232">
    <p class='ocr_par' dir='ltr' id='par_1_40' title="bbox 542 2150 2114 2224">
     <span class='ocr_line' id='line_1_40' title="bbox 542 2150 2114 2224; baseline 0.004 -22"><span class='ocrx_word' id='word_1_272' title='bbox 542 2150 681 2204; x_wconf 89' lang='lat' dir='ltr'><strong>adeo</strong></span> <span class='ocrx_word' id='word_1_273' title='bbox 731 2165 841 2203; x_wconf 88' lang='lat' dir='ltr'>non</span> <span class='ocrx_word' id='word_1_274' title='bbox 905 2151 1188 2205; x_wconf 63' lang='lat' dir='ltr'><strong>instructas</strong></span> <span class='ocrx_word' id='word_1_275' title='bbox 1224 2160 1428 2216; x_wconf 87' lang='lat' dir='ltr'><strong>essent,</strong></span> <span class='ocrx_word' id='word_1_276' title='bbox 1474 2153 1649 2206; x_wconf 92' lang='lat' dir='ltr'><strong>nihilo</strong></span> <span class='ocrx_word' id='word_1_277' title='bbox 1707 2163 1886 2208; x_wconf 90' lang='lat' dir='ltr'><strong>tamen</strong></span> <span class='ocrx_word' id='word_1_278' title='bbox 1942 2155 2114 2224; x_wconf 79' lang='lat' dir='ltr'><strong>magis</strong></span> 
     </span>
    </p>
   </div>
   <div class='ocr_carea' id='block_1_41' title="bbox 2216 2149 3790 2232">
    <p class='ocr_par' dir='ltr' id='par_1_41' title="bbox 2216 2149 3790 2232">
     <span class='ocr_line' id='line_1_41' title="bbox 2216 2149 3790 2232; baseline -0.007 -17"><span class='ocrx_word' id='word_1_279' title='bbox 2216 2163 2604 2232; x_wconf 85' lang='grc' dir='ltr'>λιορκήσοντας</span> <span class='ocrx_word' id='word_1_280' title='bbox 2643 2159 2979 2226; x_wconf 86' lang='grc' dir='ltr'>λεηλασίαις,</span> <span class='ocrx_word' id='word_1_281' title='bbox 3025 2157 3102 2220; x_wconf 76' lang='grc' dir='ltr'>ῶς</span> <span class='ocrx_word' id='word_1_282' title='bbox 3157 2155 3224 2208; x_wconf 85' lang='grc' dir='ltr'>ἂν</span> <span class='ocrx_word' id='word_1_283' title='bbox 3279 2154 3397 2222; x_wconf 77' lang='grc' dir='ltr'>ἅμα</span> <span class='ocrx_word' id='word_1_284' title='bbox 3443 2149 3539 2224; x_wconf 81' lang='grc' dir='ltr'>ἦρι</span> <span class='ocrx_word' id='word_1_285' title='bbox 3575 2153 3790 2222; x_wconf 68' lang='grc' dir='ltr'>βασιλεῖ</span> 
     </span>
    </p>
   </div>
   <div class='ocr_carea' id='block_1_42' title="bbox 541 2239 2114 2310">
    <p class='ocr_par' dir='ltr' id='par_1_42' title="bbox 541 2239 2114 2310">
     <span class='ocr_line' id='line_1_42' title="bbox 541 2239 2114 2310; baseline 0.004 -18"><span class='ocrx_word' id='word_1_286' title='bbox 541 2239 897 2294; x_wconf 85' lang='lat' dir='ltr'><strong>acerbitatem</strong></span> <span class='ocrx_word' id='word_1_287' title='bbox 947 2241 1313 2295; x_wconf 88' lang='lat' dir='ltr'><strong>minuebant:</strong></span> <span class='ocrx_word' id='word_1_288' title='bbox 1346 2256 1524 2310; x_wconf 90' lang='lat' dir='ltr'><strong>neque</strong></span> <span class='ocrx_word' id='word_1_289' title='bbox 1572 2243 1640 2296; x_wconf 90' lang='lat' dir='ltr'>de</span> <span class='ocrx_word' id='word_1_290' title='bbox 1689 2254 1884 2296; x_wconf 85' lang='lat' dir='ltr'><strong>caetero</strong></span> <span class='ocrx_word' id='word_1_291' title='bbox 1933 2244 2114 2298; x_wconf 77' lang='lat' dir='ltr'><strong>verbis</strong></span> 
     </span>
    </p>
   </div>
   <div class='ocr_carea' id='block_1_43' title="bbox 2215 2237 3792 2322">
    <p class='ocr_par' dir='ltr' id='par_1_43' title="bbox 2215 2237 3792 2322">
     <span class='ocr_line' id='line_1_43' title="bbox 2215 2237 3792 2322; baseline -0.007 -16"><span class='ocrx_word' id='word_1_292' title='bbox 2215 2251 2704 2322; x_wconf 73' lang='grc' dir='ltr'>ὲπιστρατεύσαντι</span> <span class='ocrx_word' id='word_1_293' title='bbox 2739 2250 2920 2320; x_wconf 74' lang='grc' dir='ltr'>ῥᾴδιαι</span> <span class='ocrx_word' id='word_1_294' title='bbox 2980 2243 3094 2300; x_wconf 81' lang='grc' dir='ltr'>εἷεν</span> <span class='ocrx_word' id='word_1_295' title='bbox 3130 2237 3616 2316; x_wconf 70' lang='grc' dir='ltr'>παραστήσασθαι,</span> <span class='ocrx_word' id='word_1_296' title='bbox 3653 2261 3792 2314; x_wconf 76' lang='grc' dir='ltr'>προσ</span> 
     </span>
    </p>
   </div>
   <div class='ocr_carea' id='block_1_44' title="bbox 545 2331 2115 2415">
    <p class='ocr_par' dir='ltr' id='par_1_44' title="bbox 545 2331 2112 2403">
     <span class='ocr_line' id='line_1_44' title="bbox 545 2331 2112 2403; baseline 0.003 -20"><span class='ocrx_word' id='word_1_297' title='bbox 545 2339 706 2384; x_wconf 90' lang='lat' dir='ltr'><strong>tenus</strong></span> <span class='ocrx_word' id='word_1_298' title='bbox 745 2331 1062 2400; x_wconf 91' lang='lat' dir='ltr'><strong>imperatori</strong></span> <span class='ocrx_word' id='word_1_299' title='bbox 1123 2333 1430 2387; x_wconf 90' lang='lat' dir='ltr'><strong>cedendum</strong></span> <span class='ocrx_word' id='word_1_300' title='bbox 1465 2341 1521 2386; x_wconf 90' lang='lat' dir='ltr'>et</span> <span class='ocrx_word' id='word_1_301' title='bbox 1547 2334 1983 2403; x_wconf 86' lang='lat' dir='ltr'><strong>obsequendum,</strong></span> <span class='ocrx_word' id='word_1_302' title='bbox 2016 2335 2112 2388; x_wconf 81' lang='lat' dir='ltr'>sed</span> 
     </span>
    </p>
   </div>
   <div class='ocr_carea' id='block_1_45' title="bbox 2216 2331 3790 2415">
    <p class='ocr_par' dir='ltr' id='par_1_45' title="bbox 2216 2337 3790 2415">
     <span class='ocr_line' id='line_1_45' title="bbox 2216 2337 3790 2415; baseline -0.008 -15"><span class='ocrx_word' id='word_1_303' title='bbox 2216 2346 2746 2415; x_wconf 82' lang='grc' dir='ltr'>τεταλαιπωρηκυῖαι</span> <span class='ocrx_word' id='word_1_304' title='bbox 2785 2342 2878 2397; x_wconf 83' lang='grc' dir='ltr'>τοῦ</span> <span class='ocrx_word' id='word_1_305' title='bbox 2926 2342 3218 2412; x_wconf 83' lang='grc' dir='ltr'>χειμῶνος,</span> <span class='ocrx_word' id='word_1_306' title='bbox 3253 2339 3345 2393; x_wconf 80' lang='grc' dir='ltr'>καὶ</span> <span class='ocrx_word' id='word_1_307' title='bbox 3390 2337 3601 2392; x_wconf 74' lang='grc' dir='ltr'>πολλῶν</span> <span class='ocrx_word' id='word_1_308' title='bbox 3654 2339 3790 2390; x_wconf 79' lang='grc' dir='ltr'>ἀνα·</span> 
     </span>
    </p>
   </div>
   <div class='ocr_carea' id='block_1_46' title="bbox 543 2422 2117 2494">
    <p class='ocr_par' dir='ltr' id='par_1_46' title="bbox 543 2422 2117 2494">
     <span class='ocr_line' id='line_1_46' title="bbox 543 2422 2117 2494; baseline 0.004 -21"><span class='ocrx_word' id='word_1_309' title='bbox 543 2423 729 2474; x_wconf 89' lang='lat' dir='ltr'><strong>omnia</strong></span> <span class='ocrx_word' id='word_1_310' title='bbox 763 2422 1046 2490; x_wconf 85' lang='lat' dir='ltr'><strong>patiunda,</strong></span> <span class='ocrx_word' id='word_1_311' title='bbox 1076 2428 1132 2476; x_wconf 91' lang='lat' dir='ltr'>et</span> <span class='ocrx_word' id='word_1_312' title='bbox 1154 2423 1304 2478; x_wconf 88' lang='lat' dir='ltr'><strong>victu</strong></span> <span class='ocrx_word' id='word_1_313' title='bbox 1330 2425 1699 2480; x_wconf 82' lang='lat' dir='ltr'><strong>abominanda</strong></span> <span class='ocrx_word' id='word_1_314' title='bbox 1733 2426 1996 2480; x_wconf 89' lang='lat' dir='ltr'><strong>utendum</strong></span> <span class='ocrx_word' id='word_1_315' title='bbox 2021 2441 2117 2494; x_wconf 87' lang='lat' dir='ltr'><strong>po-</strong></span> 
     </span>
    </p>
   </div>
   <div class='ocr_carea' id='block_1_47' title="bbox 545 2511 2115 2584">
    <p class='ocr_par' dir='ltr' id='par_1_47' title="bbox 545 2511 2115 2584">
     <span class='ocr_line' id='line_1_47' title="bbox 545 2511 2115 2584; baseline 0.004 -22"><span class='ocrx_word' id='word_1_316' title='bbox 545 2511 656 2564; x_wconf 87' lang='lat' dir='ltr'><strong>tius</strong></span> <span class='ocrx_word' id='word_1_317' title='bbox 688 2513 1008 2577; x_wconf 84' lang='lat' dir='ltr'><strong>censebant,</strong></span> <span class='ocrx_word' id='word_1_318' title='bbox 1041 2522 1298 2581; x_wconf 87' lang='lat' dir='ltr'><strong>quamut</strong></span> <span class='ocrx_word' id='word_1_319' title='bbox 1322 2528 1443 2569; x_wconf 91' lang='lat' dir='ltr'><strong>sese</strong></span> <span class='ocrx_word' id='word_1_320' title='bbox 1490 2516 1774 2570; x_wconf 84' lang='lat' dir='ltr'><strong>dederent.</strong></span> <span class='ocrx_word' id='word_1_321' title='bbox 1810 2516 2115 2584; x_wconf 86' lang='lat' dir='ltr'><strong>Imperator</strong></span> 
     </span>
    </p>
   </div>
   <div class='ocr_carea' id='block_1_48' title="bbox 544 2603 2118 2674">
    <p class='ocr_par' dir='ltr' id='par_1_48' title="bbox 544 2603 2118 2674">
     <span class='ocr_line' id='line_1_48' title="bbox 544 2603 2118 2674; baseline 0.006 -23"><span class='ocrx_word' id='word_1_322' title='bbox 544 2604 728 2653; x_wconf 81' lang='lat' dir='ltr'><strong>Artam</strong></span> <span class='ocrx_word' id='word_1_323' title='bbox 776 2617 1017 2668; x_wconf 67' lang='lat' dir='ltr'><strong>praesens</strong></span> <span class='ocrx_word' id='word_1_324' title='bbox 1046 2603 1354 2664; x_wconf 78' lang='lat' dir='ltr'><strong>obsidebat.</strong></span> <span class='ocrx_word' id='word_1_325' title='bbox 1391 2620 1685 2674; x_wconf 91' lang='lat' dir='ltr'><strong>murosque</strong></span> <span class='ocrx_word' id='word_1_326' title='bbox 1720 2606 1899 2661; x_wconf 83' lang='lat' dir='ltr'><strong>valide</strong></span> <span class='ocrx_word' id='word_1_327' title='bbox 1939 2607 2118 2660; x_wconf 81' lang='lat' dir='ltr'><strong>conti-</strong></span> 
     </span>
    </p>
   </div>
   <div class='ocr_carea' id='block_1_49' title="bbox 463 2689 2120 2764">
    <p class='ocr_par' dir='ltr' id='par_1_49' title="bbox 463 2689 2120 2764">
     <span class='ocr_line' id='line_1_49' title="bbox 463 2689 2120 2764; baseline 0.005 -22"><span class='ocrx_word' id='word_1_328' title='bbox 463 2689 466 2694; x_wconf 83' lang='grc'><em>’</em></span> <span class='ocrx_word' id='word_1_329' title='bbox 546 2699 850 2760; x_wconf 88' lang='lat' dir='ltr'><strong>nenterque</strong></span> <span class='ocrx_word' id='word_1_330' title='bbox 893 2707 1236 2761; x_wconf 83' lang='lat' dir='ltr'><strong>Oppugnans,</strong></span> <span class='ocrx_word' id='word_1_331' title='bbox 1275 2694 1554 2748; x_wconf 87' lang='lat' dir='ltr'><strong>machinas</strong></span> <span class='ocrx_word' id='word_1_332' title='bbox 1609 2710 1799 2749; x_wconf 91' lang='lat' dir='ltr'><strong>omnes</strong></span> <span class='ocrx_word' id='word_1_333' title='bbox 1843 2711 2120 2764; x_wconf 81' lang='lat' dir='ltr'><strong>expugna-</strong></span> 
     </span>
    </p>
   </div>
   <div class='ocr_carea' id='block_1_50' title="bbox 548 2783 2116 2853">
    <p class='ocr_par' dir='ltr' id='par_1_50' title="bbox 548 2783 2116 2853">
     <span class='ocr_line' id='line_1_50' title="bbox 548 2783 2116 2853; baseline 0.003 -16"><span class='ocrx_word' id='word_1_334' title='bbox 548 2783 683 2837; x_wconf 89' lang='lat' dir='ltr'><strong>tioni</strong></span> <span class='ocrx_word' id='word_1_335' title='bbox 708 2783 933 2836; x_wconf 89' lang='lat' dir='ltr'><strong>idoneas</strong></span> <span class='ocrx_word' id='word_1_336' title='bbox 953 2785 1294 2839; x_wconf 84' lang='lat' dir='ltr'><strong>admovebat.</strong></span> <span class='ocrx_word' id='word_1_337' title='bbox 1323 2786 1483 2838; x_wconf 71' lang='lat' dir='ltr'><strong>Artmi</strong></span> <span class='ocrx_word' id='word_1_338' title='bbox 1513 2793 1968 2853; x_wconf 89' lang='lat' dir='ltr'><strong>protostratorem</strong></span> <span class='ocrx_word' id='word_1_339' title='bbox 1992 2802 2116 2841; x_wconf 87' lang='lat' dir='ltr'><strong>car-</strong></span> 
     </span>
    </p>
   </div>
   <div class='ocr_carea' id='block_1_51' title="bbox 544 2877 2117 2942">
    <p class='ocr_par' dir='ltr' id='par_1_51' title="bbox 544 2877 2117 2942">
     <span class='ocr_line' id='line_1_51' title="bbox 544 2877 2117 2942; baseline 0.003 -14"><span class='ocrx_word' id='word_1_340' title='bbox 544 2892 668 2928; x_wconf 82' lang='lat' dir='ltr'><strong>cere</strong></span> <span class='ocrx_word' id='word_1_341' title='bbox 697 2877 957 2929; x_wconf 86' lang='lat' dir='ltr'><strong>eductum</strong></span> <span class='ocrx_word' id='word_1_342' title='bbox 993 2878 1058 2928; x_wconf 82' lang='lat' dir='ltr'>ad</span> <span class='ocrx_word' id='word_1_343' title='bbox 1101 2877 1256 2930; x_wconf 89' lang='lat' dir='ltr'><strong>illum</strong></span> <span class='ocrx_word' id='word_1_344' title='bbox 1304 2879 1550 2941; x_wconf 90' lang='lat' dir='ltr'><strong>mittunt,</strong></span> <span class='ocrx_word' id='word_1_345' title='bbox 1589 2879 1702 2931; x_wconf 89' lang='lat' dir='ltr'><strong>sive</strong></span> <span class='ocrx_word' id='word_1_346' title='bbox 1745 2877 2016 2942; x_wconf 87' lang='lat' dir='ltr'><strong>timentes,</strong></span> <span class='ocrx_word' id='word_1_347' title='bbox 2049 2893 2117 2932; x_wconf 83' lang='lat' dir='ltr'>ne</span> 
     </span>
    </p>
   </div>
   <div class='ocr_carea' id='block_1_52' title="bbox 544 2964 2119 3034">
    <p class='ocr_par' dir='ltr' id='par_1_52' title="bbox 544 2964 2119 3034">
     <span class='ocr_line' id='line_1_52' title="bbox 544 2964 2119 3034; baseline 0.001 -18"><span class='ocrx_word' id='word_1_348' title='bbox 544 2964 674 3032; x_wconf 83' lang='lat' dir='ltr'><strong>quid</strong></span> <span class='ocrx_word' id='word_1_349' title='bbox 709 2965 1014 3032; x_wconf 73' lang='lat' dir='ltr'><strong>int-.eptaret</strong></span> <span class='ocrx_word' id='word_1_350' title='bbox 1048 2966 1198 3027; x_wconf 86' lang='lat' dir='ltr'><strong>novi,</strong></span> <span class='ocrx_word' id='word_1_351' title='bbox 1229 2966 1378 3034; x_wconf 89' lang='lat' dir='ltr'><strong>quod</strong></span> <span class='ocrx_word' id='word_1_352' title='bbox 1403 2965 1625 3034; x_wconf 89' lang='lat' dir='ltr'><strong>quidam</strong></span> <span class='ocrx_word' id='word_1_353' title='bbox 1654 2981 1781 3020; x_wconf 87' lang='lat' dir='ltr'>cum</span> <span class='ocrx_word' id='word_1_354' title='bbox 1806 2981 1873 3020; x_wconf 90' lang='lat' dir='ltr'>eo</span> <span class='ocrx_word' id='word_1_355' title='bbox 1900 2965 2119 3033; x_wconf 86' lang='lat' dir='ltr'><strong>conspi-</strong></span> 
     </span>
    </p>
   </div>
   <div class='ocr_carea' id='block_1_53' title="bbox 545 3055 2115 3126">
    <p class='ocr_par' dir='ltr' id='par_1_53' title="bbox 545 3055 2115 3126">
     <span class='ocr_line' id='line_1_53' title="bbox 545 3055 2115 3126; baseline 0.001 -17"><span class='ocrx_word' id='word_1_356' title='bbox 545 3065 776 3118; x_wconf 87' lang='lat' dir='ltr'><strong>rassent,</strong></span> <span class='ocrx_word' id='word_1_357' title='bbox 802 3056 914 3108; x_wconf 79' lang='lat' dir='ltr'><strong>sive</strong></span> <span class='ocrx_word' id='word_1_358' title='bbox 937 3055 1083 3109; x_wconf 86' lang='lat' dir='ltr'><strong>aliud</strong></span> <span class='ocrx_word' id='word_1_359' title='bbox 1107 3057 1363 3125; x_wconf 82' lang='lat' dir='ltr'><strong>quiddam</strong></span> <span class='ocrx_word' id='word_1_360' title='bbox 1392 3057 1726 3126; x_wconf 76' lang='lat' dir='ltr'><strong>cogitantes;</strong></span> <span class='ocrx_word' id='word_1_361' title='bbox 1762 3056 1861 3126; x_wconf 89' lang='lat' dir='ltr'><strong>ipsi</strong></span> <span class='ocrx_word' id='word_1_362' title='bbox 1884 3072 1912 3111; x_wconf 92' lang='lat' dir='ltr'>e</span> <span class='ocrx_word' id='word_1_363' title='bbox 1941 3056 2115 3110; x_wconf 90' lang='lat' dir='ltr'><strong>muris</strong></span> 
     </span>
    </p>
   </div>
   <div class='ocr_carea' id='block_1_54' title="bbox 2214 2430 3792 2506">
    <p class='ocr_par' dir='ltr' id='par_1_54' title="bbox 2214 2430 3792 2506">
     <span class='ocr_line' id='line_1_54' title="bbox 2214 2430 3792 2506; baseline -0.006 -16"><span class='ocrx_word' id='word_1_364' title='bbox 2214 2437 2594 2506; x_wconf 85' lang='grc' dir='ltr'>πεπλησμέναι</span> <span class='ocrx_word' id='word_1_365' title='bbox 2621 2436 2804 2490; x_wconf 85' lang='grc' dir='ltr'>κακῶν</span> <span class='ocrx_word' id='word_1_366' title='bbox 2830 2437 2893 2488; x_wconf 86' lang='grc' dir='ltr'>ὲκ</span> <span class='ocrx_word' id='word_1_367' title='bbox 2922 2432 3016 2488; x_wconf 88' lang='grc' dir='ltr'>τοῦ</span> <span class='ocrx_word' id='word_1_368' title='bbox 3042 2434 3303 2499; x_wconf 85' lang='grc' dir='ltr'>πολέμου.</span> <span class='ocrx_word' id='word_1_369' title='bbox 3349 2430 3660 2500; x_wconf 86' lang='grc' dir='ltr'>Πιγκέρνης</span> <span class='ocrx_word' id='word_1_370' title='bbox 3688 2430 3792 2497; x_wconf 78' lang='grc' dir='ltr'>μὲν</span> 
     </span>
    </p>
   </div>
   <div class='ocr_carea' id='block_1_55' title="bbox 2214 2520 3790 2595">
    <p class='ocr_par' dir='ltr' id='par_1_55' title="bbox 2214 2520 3790 2595">
     <span class='ocr_line' id='line_1_55' title="bbox 2214 2520 3790 2595; baseline -0.006 -15"><span class='ocrx_word' id='word_1_371' title='bbox 2214 2523 2308 2580; x_wconf 79' lang='grc' dir='ltr'>οῦν</span> <span class='ocrx_word' id='word_1_372' title='bbox 2361 2520 2508 2579; x_wconf 84' lang='grc' dir='ltr'>κατά</span> <span class='ocrx_word' id='word_1_373' title='bbox 2562 2527 2630 2578; x_wconf 81' lang='grc' dir='ltr'>τὰ</span> <span class='ocrx_word' id='word_1_374' title='bbox 2685 2524 3142 2595; x_wconf 80' lang='grc' dir='ltr'>προστεταγμένα</span> <span class='ocrx_word' id='word_1_375' title='bbox 3186 2521 3308 2586; x_wconf 78' lang='grc' dir='ltr'>,ὑπὸ</span> <span class='ocrx_word' id='word_1_376' title='bbox 3349 2521 3615 2591; x_wconf 86' lang='grc' dir='ltr'>βασιλέως</span> <span class='ocrx_word' id='word_1_377' title='bbox 3670 2520 3790 2588; x_wconf 77' lang='grc' dir='ltr'>ἅμα</span> 
     </span>
    </p>
   </div>
   <div class='ocr_carea' id='block_1_56' title="bbox 2219 2611 3792 2689">
    <p class='ocr_par' dir='ltr' id='par_1_56' title="bbox 2219 2611 3792 2689">
     <span class='ocr_line' id='line_1_56' title="bbox 2219 2611 3792 2689; baseline -0.004 -17"><span class='ocrx_word' id='word_1_378' title='bbox 2219 2620 2448 2689; x_wconf 75' lang='grc' dir='ltr'>στρατιᾷ</span> <span class='ocrx_word' id='word_1_379' title='bbox 2479 2619 2562 2681; x_wconf 83' lang='grc' dir='ltr'>είς</span> <span class='ocrx_word' id='word_1_380' title='bbox 2601 2617 2964 2688; x_wconf 79' lang='grc' dir='ltr'>’Δκαρνανίαν</span> <span class='ocrx_word' id='word_1_381' title='bbox 2993 2617 3374 2687; x_wconf 78' lang='grc' dir='ltr'>διαχειμάσας,</span> <span class='ocrx_word' id='word_1_382' title='bbox 3407 2615 3504 2676; x_wconf 85' lang='grc' dir='ltr'>τάς</span> <span class='ocrx_word' id='word_1_383' title='bbox 3536 2629 3596 2665; x_wconf 87' lang='grc' dir='ltr'>τε</span> <span class='ocrx_word' id='word_1_384' title='bbox 3619 2611 3792 2673; x_wconf 78' lang='grc' dir='ltr'>οὔσας</span> 
     </span>
    </p>
   </div>
   <div class='ocr_carea' id='block_1_57' title="bbox 2215 2702 3792 2780">
    <p class='ocr_par' dir='ltr' id='par_1_57' title="bbox 2215 2702 3792 2780">
     <span class='ocr_line' id='line_1_57' title="bbox 2215 2702 3792 2780; baseline -0.006 -17"><span class='ocrx_word' id='word_1_385' title='bbox 2215 2709 2493 2780; x_wconf 76' lang='grc' dir='ltr'>ὑπηκόους</span> <span class='ocrx_word' id='word_1_386' title='bbox 2527 2706 2739 2778; x_wconf 86' lang='grc' dir='ltr'>βασιλεί</span> <span class='ocrx_word' id='word_1_387' title='bbox 2759 2707 2941 2769; x_wconf 87' lang='grc' dir='ltr'>πόλεις</span> <span class='ocrx_word' id='word_1_388' title='bbox 2959 2705 3270 2775; x_wconf 81' lang='grc' dir='ltr'>διεφύλαξε,</span> <span class='ocrx_word' id='word_1_389' title='bbox 3294 2702 3391 2756; x_wconf 80' lang='grc' dir='ltr'>καὶ</span> <span class='ocrx_word' id='word_1_390' title='bbox 3421 2705 3520 2766; x_wconf 80' lang='grc' dir='ltr'>τὰς</span> <span class='ocrx_word' id='word_1_391' title='bbox 3547 2703 3792 2756; x_wconf 81' lang='grc' dir='ltr'>ἀποστά-</span> 
     </span>
    </p>
   </div>
   <div class='ocr_carea' id='block_1_58' title="bbox 2219 2793 3786 2867">
    <p class='ocr_par' dir='ltr' id='par_1_58' title="bbox 2219 2793 3786 2867">
     <span class='ocr_line' id='line_1_58' title="bbox 2219 2793 3786 2867; baseline -0.006 -14"><span class='ocrx_word' id='word_1_392' title='bbox 2219 2817 2316 2862; x_wconf 89' lang='grc' dir='ltr'>σας</span> <span class='ocrx_word' id='word_1_393' title='bbox 2343 2799 2563 2852; x_wconf 82' lang='grc' dir='ltr'>ὲκάκου.</span> <span class='ocrx_word' id='word_1_394' title='bbox 2599 2799 2756 2867; x_wconf 77' lang='grc' dir='ltr'>’Ἀμα</span> <span class='ocrx_word' id='word_1_395' title='bbox 2791 2798 2850 2851; x_wconf 76' lang='grc' dir='ltr'>δὲ</span> <span class='ocrx_word' id='word_1_396' title='bbox 2891 2793 3008 2867; x_wconf 80' lang='grc' dir='ltr'>ἦρι,</span> <span class='ocrx_word' id='word_1_397' title='bbox 3035 2801 3130 2850; x_wconf 74' lang='grc' dir='ltr'>καὶ</span> <span class='ocrx_word' id='word_1_398' title='bbox 3155 2798 3182 2849; x_wconf 88' lang='grc' dir='ltr'>ὁ</span> <span class='ocrx_word' id='word_1_399' title='bbox 3207 2795 3466 2866; x_wconf 79' lang='grc' dir='ltr'>βασιλεὺς</span> <span class='ocrx_word' id='word_1_400' title='bbox 3495 2810 3786 2861; x_wconf 88' lang='grc' dir='ltr'>πανστρα-</span> 
     </span>
    </p>
   </div>
   <div class='ocr_carea' id='block_1_59' title="bbox 2215 2882 3791 2959">
    <p class='ocr_par' dir='ltr' id='par_1_59' title="bbox 2215 2882 3791 2959">
     <span class='ocr_line' id='line_1_59' title="bbox 2215 2882 3791 2959; baseline -0.004 -17"><span class='ocrx_word' id='word_1_401' title='bbox 2215 2892 2308 2959; x_wconf 80' lang='grc' dir='ltr'>τιᾷ</span> <span class='ocrx_word' id='word_1_402' title='bbox 2337 2891 2428 2942; x_wconf 79' lang='grc' dir='ltr'>ἐπὶ</span> <span class='ocrx_word' id='word_1_403' title='bbox 2461 2889 2824 2958; x_wconf 79' lang='grc' dir='ltr'>’Δκαρνανίαν</span> <span class='ocrx_word' id='word_1_404' title='bbox 2853 2883 2986 2957; x_wconf 79' lang='grc' dir='ltr'>ἦλθε</span> <span class='ocrx_word' id='word_1_405' title='bbox 3009 2900 3024 2916; x_wconf 82' lang='grc'><strong>⁸</strong></span> <span class='ocrx_word' id='word_1_406' title='bbox 3067 2885 3160 2939; x_wconf 74' lang='grc' dir='ltr'>καὶ</span> <span class='ocrx_word' id='word_1_407' title='bbox 3185 2885 3312 2948; x_wconf 80' lang='grc' dir='ltr'>τοὺς</span> <span class='ocrx_word' id='word_1_408' title='bbox 3341 2883 3440 2954; x_wconf 74' lang='grc' dir='ltr'>μὲν</span> <span class='ocrx_word' id='word_1_409' title='bbox 3468 2883 3580 2935; x_wconf 86' lang='grc' dir='ltr'>τῶν</span> <span class='ocrx_word' id='word_1_410' title='bbox 3614 2882 3791 2936; x_wconf 71' lang='grc' dir='ltr'>ἄλλων</span> 
     </span>
    </p>
   </div>
   <div class='ocr_carea' id='block_1_60' title="bbox 2217 2975 3790 3050">
    <p class='ocr_par' dir='ltr' id='par_1_60' title="bbox 2217 2975 3790 3050">
     <span class='ocr_line' id='line_1_60' title="bbox 2217 2975 3790 3050; baseline -0.004 -18"><span class='ocrx_word' id='word_1_411' title='bbox 2217 2981 2426 3034; x_wconf 84' lang='grc' dir='ltr'>πόλεων</span> <span class='ocrx_word' id='word_1_412' title='bbox 2477 2981 2685 3050; x_wconf 84' lang='grc' dir='ltr'>δήμους</span> <span class='ocrx_word' id='word_1_413' title='bbox 2743 2982 2838 3032; x_wconf 75' lang='grc' dir='ltr'>καὶ</span> <span class='ocrx_word' id='word_1_414' title='bbox 2881 2979 3010 3042; x_wconf 77' lang='grc' dir='ltr'>τοὺς</span> <span class='ocrx_word' id='word_1_415' title='bbox 3055 2979 3316 3041; x_wconf 80' lang='grc' dir='ltr'>δυνατοὺς</span> <span class='ocrx_word' id='word_1_416' title='bbox 3347 2980 3447 3047; x_wconf 81' lang='grc' dir='ltr'>τῆς</span> <span class='ocrx_word' id='word_1_417' title='bbox 3485 2977 3569 3037; x_wconf 83' lang='grc' dir='ltr'>είς</span> <span class='ocrx_word' id='word_1_418' title='bbox 3623 2975 3790 3028; x_wconf 69' lang='grc' dir='ltr'>αὑτὸν</span> 
     </span>
    </p>
   </div>
   <div class='ocr_carea' id='block_1_61' title="bbox 2217 3067 3790 3139">
    <p class='ocr_par' dir='ltr' id='par_1_61' title="bbox 2217 3067 3790 3139">
     <span class='ocr_line' id='line_1_61' title="bbox 2217 3067 3790 3139; baseline -0.002 -18"><span class='ocrx_word' id='word_1_419' title='bbox 2217 3069 2431 3132; x_wconf 82' lang='grc' dir='ltr'>εὐνοίας</span> <span class='ocrx_word' id='word_1_420' title='bbox 2483 3068 2646 3122; x_wconf 73' lang='grc' dir='ltr'>ἓνεκα</span> <span class='ocrx_word' id='word_1_421' title='bbox 2694 3067 2958 3138; x_wconf 78' lang='grc' dir='ltr'>ἠμείϐετο</span> <span class='ocrx_word' id='word_1_422' title='bbox 2995 3069 3216 3132; x_wconf 90' lang='grc' dir='ltr'>πολλαῖς</span> <span class='ocrx_word' id='word_1_423' title='bbox 3266 3067 3637 3139; x_wconf 77' lang='grc' dir='ltr'>εὐεργεσίαις,</span> <span class='ocrx_word' id='word_1_424' title='bbox 3688 3067 3790 3135; x_wconf 85' lang='grc' dir='ltr'>τὴν</span> 
     </span>
    </p>
   </div>
   <div class='ocr_carea' id='block_1_62' title="bbox 543 3146 2115 3250">
    <p class='ocr_par' dir='ltr' id='par_1_62' title="bbox 543 3146 2115 3218">
     <span class='ocr_line' id='line_1_62' title="bbox 543 3146 2115 3218; baseline 0.001 -19"><span class='ocrx_word' id='word_1_425' title='bbox 543 3146 764 3199; x_wconf 71' lang='lat' dir='ltr'><strong>fortiter</strong></span> <span class='ocrx_word' id='word_1_426' title='bbox 800 3161 858 3199; x_wconf 75' lang='lat' dir='ltr'>se</span> <span class='ocrx_word' id='word_1_427' title='bbox 905 3156 1159 3211; x_wconf 87' lang='lat' dir='ltr'><strong>tuentur,</strong></span> <span class='ocrx_word' id='word_1_428' title='bbox 1188 3162 1490 3214; x_wconf 86' lang='lat' dir='ltr'><strong>omnesque</strong></span> <span class='ocrx_word' id='word_1_429' title='bbox 1519 3147 1799 3202; x_wconf 85' lang='lat' dir='ltr'><strong>machinas</strong></span> <span class='ocrx_word' id='word_1_430' title='bbox 1839 3159 1895 3202; x_wconf 92' lang='lat' dir='ltr'>et</span> <span class='ocrx_word' id='word_1_431' title='bbox 1940 3149 2115 3218; x_wconf 87' lang='lat' dir='ltr'><strong>impe-</strong></span> 
     </span>
    </p>
   </div>
   <div class='ocr_carea' id='block_1_63' title="bbox 2216 3146 3791 3250">
    <p class='ocr_par' dir='ltr' id='par_1_63' title="bbox 2219 3160 3791 3235">
     <span class='ocr_line' id='line_1_63' title="bbox 2219 3160 3791 3235; baseline -0.004 -17"><span class='ocrx_word' id='word_1_432' title='bbox 2219 3164 2478 3235; x_wconf 86' lang='grc' dir='ltr'>στρατιάν</span> <span class='ocrx_word' id='word_1_433' title='bbox 2507 3163 2564 3216; x_wconf 82' lang='grc' dir='ltr'>δὲ</span> <span class='ocrx_word' id='word_1_434' title='bbox 2589 3163 2896 3232; x_wconf 84' lang='grc' dir='ltr'>διελόμενος</span> <span class='ocrx_word' id='word_1_435' title='bbox 2922 3164 3106 3232; x_wconf 86' lang='grc' dir='ltr'>τριχῆ,</span> <span class='ocrx_word' id='word_1_436' title='bbox 3132 3160 3230 3226; x_wconf 77' lang='grc' dir='ltr'>τὰς</span> <span class='ocrx_word' id='word_1_437' title='bbox 3257 3162 3576 3225; x_wconf 83' lang='grc' dir='ltr'>ἀποστάσας</span> <span class='ocrx_word' id='word_1_438' title='bbox 3601 3160 3791 3223; x_wconf 80' lang='grc' dir='ltr'>πόλεις</span> 
     </span>
    </p>
   </div>
   <div class='ocr_carea' id='block_1_64' title="bbox 546 3238 2144 3310">
    <p class='ocr_par' dir='ltr' id='par_1_64' title="bbox 546 3238 2144 3310">
     <span class='ocr_line' id='line_1_64' title="bbox 546 3238 2144 3310; baseline 0.003 -18"><span class='ocrx_word' id='word_1_439' title='bbox 546 3251 632 3292; x_wconf 88' lang='lat' dir='ltr'>tus</span> <span class='ocrx_word' id='word_1_440' title='bbox 678 3254 847 3292; x_wconf 84' lang='lat' dir='ltr'><strong>vanos</strong></span> <span class='ocrx_word' id='word_1_441' title='bbox 873 3238 1169 3307; x_wconf 87' lang='lat' dir='ltr'><strong>irritosque</strong></span> <span class='ocrx_word' id='word_1_442' title='bbox 1200 3240 1597 3296; x_wconf 89' lang='lat' dir='ltr'><strong>demonstrant.</strong></span> <span class='ocrx_word' id='word_1_443' title='bbox 1641 3239 1826 3310; x_wconf 78' lang='lat' dir='ltr'><strong>Longo</strong></span> <span class='ocrx_word' id='word_1_444' title='bbox 1869 3250 2144 3309; x_wconf 85' lang='lat' dir='ltr'><strong>tempore.</strong></span> 
     </span>
    </p>
   </div>
   <div class='ocr_carea' id='block_1_65' title="bbox 545 3325 2114 3400">
    <p class='ocr_par' dir='ltr' id='par_1_65' title="bbox 545 3325 2114 3400">
     <span class='ocr_line' id='line_1_65' title="bbox 545 3325 2114 3400; baseline 0.003 -19"><span class='ocrx_word' id='word_1_445' title='bbox 545 3333 598 3383; x_wconf 88' lang='lat' dir='ltr'>in</span> <span class='ocrx_word' id='word_1_446' title='bbox 626 3325 915 3385; x_wconf 73' lang='lat' dir='ltr'><strong>obsidione</strong></span> <span class='ocrx_word' id='word_1_447' title='bbox 954 3334 1193 3385; x_wconf 90' lang='lat' dir='ltr'><strong>contrito</strong></span> <span class='ocrx_word' id='word_1_448' title='bbox 1224 3334 1370 3400; x_wconf 94' lang='lat' dir='ltr'><strong>(nam</strong></span> <span class='ocrx_word' id='word_1_449' title='bbox 1401 3346 1430 3385; x_wconf 90' lang='lat' dir='ltr'>a</span> <span class='ocrx_word' id='word_1_450' title='bbox 1463 3331 1734 3400; x_wconf 91' lang='lat' dir='ltr'><strong>principio</strong></span> <span class='ocrx_word' id='word_1_451' title='bbox 1757 3332 1990 3385; x_wconf 78' lang='lat' dir='ltr'><strong>maxime</strong></span> <span class='ocrx_word' id='word_1_452' title='bbox 2016 3345 2114 3386; x_wconf 86' lang='lat' dir='ltr'><strong>ve-</strong></span> 
     </span>
    </p>
   </div>
   <div class='ocr_carea' id='block_1_66' title="bbox 543 3427 2114 3500">
    <p class='ocr_par' dir='ltr' id='par_1_66' title="bbox 543 3427 2114 3500">
     <span class='ocr_line' id='line_1_66' title="bbox 543 3427 2114 3500; baseline -0.001 -17"><span class='ocrx_word' id='word_1_453' title='bbox 543 3430 620 3484; x_wconf 89' lang='lat' dir='ltr'>ris</span> <span class='ocrx_word' id='word_1_454' title='bbox 652 3443 825 3498; x_wconf 85' lang='lat' dir='ltr'><strong>usque</strong></span> <span class='ocrx_word' id='word_1_455' title='bbox 851 3429 920 3482; x_wconf 86' lang='lat' dir='ltr'>ad</span> <span class='ocrx_word' id='word_1_456' title='bbox 964 3427 1170 3482; x_wconf 81' lang='lat' dir='ltr'><strong>exitum</strong></span> <span class='ocrx_word' id='word_1_457' title='bbox 1201 3429 1405 3482; x_wconf 70' lang='lat' dir='ltr'><strong>aestatis</strong></span> <span class='ocrx_word' id='word_1_458' title='bbox 1432 3430 1775 3499; x_wconf 87' lang='lat' dir='ltr'><strong>duraverat),</strong></span> <span class='ocrx_word' id='word_1_459' title='bbox 1814 3431 2114 3500; x_wconf 84' lang='lat' dir='ltr'><strong>imperator</strong></span> 
     </span>
    </p>
   </div>
   <div class='ocr_carea' id='block_1_67' title="bbox 543 3528 2114 3597">
    <p class='ocr_par' dir='ltr' id='par_1_67' title="bbox 543 3528 2114 3597">
     <span class='ocr_line' id='line_1_67' title="bbox 543 3528 2114 3597; baseline -0.002 -13"><span class='ocrx_word' id='word_1_460' title='bbox 543 3531 795 3597; x_wconf 77' lang='lat' dir='ltr'><strong>Rhogum</strong></span> <span class='ocrx_word' id='word_1_461' title='bbox 819 3544 878 3582; x_wconf 91' lang='lat' dir='ltr'>se</span> <span class='ocrx_word' id='word_1_462' title='bbox 908 3528 1179 3590; x_wconf 76' lang='lat' dir='ltr'><strong>conferre,</strong></span> <span class='ocrx_word' id='word_1_463' title='bbox 1207 3535 1266 3581; x_wconf 71' lang='lat' dir='ltr'><strong>&#39;et</strong></span> <span class='ocrx_word' id='word_1_464' title='bbox 1291 3543 1415 3581; x_wconf 92' lang='lat' dir='ltr'>cum</span> <span class='ocrx_word' id='word_1_465' title='bbox 1446 3528 1695 3582; x_wconf 79' lang='lat' dir='ltr'><strong>Cahasila</strong></span> <span class='ocrx_word' id='word_1_466' title='bbox 1725 3543 1904 3582; x_wconf 90' lang='lat' dir='ltr'><strong>coram</strong></span> <span class='ocrx_word' id='word_1_467' title='bbox 1939 3529 2114 3583; x_wconf 82' lang='lat' dir='ltr'><strong>collo-</strong></span> 
     </span>
    </p>
   </div>
   <div class='ocr_carea' id='block_1_68' title="bbox 542 3620 2111 3688">
    <p class='ocr_par' dir='ltr' id='par_1_68' title="bbox 542 3620 2111 3688">
     <span class='ocr_line' id='line_1_68' title="bbox 542 3620 2111 3688; baseline 0.001 -16"><span class='ocrx_word' id='word_1_468' title='bbox 542 3621 638 3688; x_wconf 90' lang='lat' dir='ltr'>qui</span> <span class='ocrx_word' id='word_1_469' title='bbox 699 3620 964 3683; x_wconf 86' lang='lat' dir='ltr'><strong>decrevit,</strong></span> <span class='ocrx_word' id='word_1_470' title='bbox 1034 3632 1425 3687; x_wconf 88' lang='lat' dir='ltr'><strong>persuasurnm</strong></span> <span class='ocrx_word' id='word_1_471' title='bbox 1485 3620 1746 3682; x_wconf 82' lang='lat' dir='ltr'><strong>conﬁsus,</strong></span> <span class='ocrx_word' id='word_1_472' title='bbox 1799 3629 1858 3674; x_wconf 92' lang='lat' dir='ltr'>ut</span> <span class='ocrx_word' id='word_1_473' title='bbox 1908 3621 2111 3674; x_wconf 79' lang='lat' dir='ltr'><strong>sensim</strong></span> 
     </span>
    </p>
   </div>
   <div class='ocr_carea' id='block_1_69' title="bbox 542 3709 2116 3778">
    <p class='ocr_par' dir='ltr' id='par_1_69' title="bbox 542 3709 2116 3778">
     <span class='ocr_line' id='line_1_69' title="bbox 542 3709 2116 3778; baseline 0 -15"><span class='ocrx_word' id='word_1_474' title='bbox 542 3709 842 3772; x_wconf 86' lang='lat' dir='ltr'><strong>emollitus,</strong></span> <span class='ocrx_word' id='word_1_475' title='bbox 881 3709 1069 3763; x_wconf 84' lang='lat' dir='ltr'><strong>urbem</strong></span> <span class='ocrx_word' id='word_1_476' title='bbox 1117 3709 1252 3763; x_wconf 89' lang='lat' dir='ltr'><strong>citra</strong></span> <span class='ocrx_word' id='word_1_477' title='bbox 1291 3724 1524 3778; x_wconf 79' lang='lat' dir='ltr'><strong>pugnam</strong></span> <span class='ocrx_word' id='word_1_478' title='bbox 1561 3714 1703 3763; x_wconf 88' lang='lat' dir='ltr'><strong>ultro</strong></span> <span class='ocrx_word' id='word_1_479' title='bbox 1723 3711 1980 3766; x_wconf 89' lang='lat' dir='ltr'><strong>traderet.</strong></span> <span class='ocrx_word' id='word_1_480' title='bbox 2012 3711 2116 3775; x_wconf 84' lang='lat' dir='ltr'>Qui</span> 
     </span>
    </p>
   </div>
   <div class='ocr_carea' id='block_1_70' title="bbox 545 3799 2119 3870">
    <p class='ocr_par' dir='ltr' id='par_1_70' title="bbox 545 3799 2119 3870">
     <span class='ocr_line' id='line_1_70' title="bbox 545 3799 2119 3870; baseline 0.001 -16"><span class='ocrx_word' id='word_1_481' title='bbox 545 3816 718 3870; x_wconf 74' lang='lat' dir='ltr'><strong>usque</strong></span> <span class='ocrx_word' id='word_1_482' title='bbox 748 3801 884 3855; x_wconf 83' lang='lat' dir='ltr'><strong>adeo</strong></span> <span class='ocrx_word' id='word_1_483' title='bbox 918 3799 1140 3854; x_wconf 88' lang='lat' dir='ltr'><strong>monitis</strong></span> <span class='ocrx_word' id='word_1_484' title='bbox 1179 3815 1288 3854; x_wconf 91' lang='lat' dir='ltr'>non</span> <span class='ocrx_word' id='word_1_485' title='bbox 1327 3801 1747 3867; x_wconf 88' lang='lat' dir='ltr'><strong>obtemperavit,</strong></span> <span class='ocrx_word' id='word_1_486' title='bbox 1774 3808 1831 3854; x_wconf 92' lang='lat' dir='ltr'>ut</span> <span class='ocrx_word' id='word_1_487' title='bbox 1875 3803 2119 3856; x_wconf 89' lang='lat' dir='ltr'><strong>minare-</strong></span> 
     </span>
    </p>
   </div>
   <div class='ocr_carea' id='block_1_71' title="bbox 545 3891 2117 3962">
    <p class='ocr_par' dir='ltr' id='par_1_71' title="bbox 545 3891 2117 3962">
     <span class='ocr_line' id='line_1_71' title="bbox 545 3891 2117 3962; baseline 0.001 -18"><span class='ocrx_word' id='word_1_488' title='bbox 545 3904 634 3946; x_wconf 90' lang='lat' dir='ltr'>tur</span> <span class='ocrx_word' id='word_1_489' title='bbox 673 3892 859 3955; x_wconf 88' lang='lat' dir='ltr'><strong>etiam,</strong></span> <span class='ocrx_word' id='word_1_490' title='bbox 901 3891 946 3945; x_wconf 86' lang='lat' dir='ltr'>si</span> <span class='ocrx_word' id='word_1_491' title='bbox 974 3893 1167 3960; x_wconf 88' lang='lat' dir='ltr'><strong>quavis</strong></span> <span class='ocrx_word' id='word_1_492' title='bbox 1193 3892 1410 3946; x_wconf 84' lang='lat' dir='ltr'><strong>tandem</strong></span> <span class='ocrx_word' id='word_1_493' title='bbox 1433 3891 1500 3945; x_wconf 91' lang='lat' dir='ltr'>de</span> <span class='ocrx_word' id='word_1_494' title='bbox 1531 3907 1694 3947; x_wconf 83' lang='lat' dir='ltr'><strong>causa</strong></span> <span class='ocrx_word' id='word_1_495' title='bbox 1727 3892 2117 3962; x_wconf 86' lang='lat' dir='ltr'><strong>imperatorem</strong></span> 
     </span>
    </p>
   </div>
   <div class='ocr_carea' id='block_1_72' title="bbox 541 3983 2118 4054">
    <p class='ocr_par' dir='ltr' id='par_1_72' title="bbox 541 3983 2118 4054">
     <span class='ocr_line' id='line_1_72' title="bbox 541 3983 2118 4054; baseline 0.003 -20"><span class='ocrx_word' id='word_1_496' title='bbox 541 3984 718 4053; x_wconf 79' lang='lat' dir='ltr'><strong>Rttogi</strong></span> <span class='ocrx_word' id='word_1_497' title='bbox 755 3985 1064 4053; x_wconf 75' lang='lat' dir='ltr'><strong>compotem</strong></span> <span class='ocrx_word' id='word_1_498' title='bbox 1108 3983 1229 4038; x_wconf 79' lang='lat' dir='ltr'><strong>ﬁeri</strong></span> <span class='ocrx_word' id='word_1_499' title='bbox 1267 3985 1632 4054; x_wconf 79' lang='lat' dir='ltr'><strong>contingeret,</strong></span> <span class='ocrx_word' id='word_1_500' title='bbox 1680 3992 1853 4038; x_wconf 84' lang='lat' dir='ltr'><strong>semet</strong></span> <span class='ocrx_word' id='word_1_501' title='bbox 1881 3984 1950 4039; x_wconf 87' lang='lat' dir='ltr'>de</span> <span class='ocrx_word' id='word_1_502' title='bbox 1981 3985 2118 4039; x_wconf 85' lang='lat' dir='ltr'><strong>turri</strong></span> 
     </span>
    </p>
   </div>
   <div class='ocr_carea' id='block_1_73' title="bbox 543 4076 2122 4146">
    <p class='ocr_par' dir='ltr' id='par_1_73' title="bbox 543 4076 2122 4146">
     <span class='ocr_line' id='line_1_73' title="bbox 543 4076 2122 4146; baseline 0.004 -20"><span class='ocrx_word' id='word_1_503' title='bbox 543 4076 1042 4144; x_wconf 68' lang='lat' dir='ltr'><strong>praecupitaturum,</strong></span> <span class='ocrx_word' id='word_1_504' title='bbox 1101 4092 1170 4131; x_wconf 92' lang='lat' dir='ltr'>ne</span> <span class='ocrx_word' id='word_1_505' title='bbox 1217 4087 1408 4146; x_wconf 90' lang='lat' dir='ltr'><strong>captus</strong></span> <span class='ocrx_word' id='word_1_506' title='bbox 1451 4077 1654 4130; x_wconf 89' lang='lat' dir='ltr'><strong>iterum</strong></span> <span class='ocrx_word' id='word_1_507' title='bbox 1687 4076 1762 4131; x_wconf 93' lang='lat' dir='ltr'><strong>illi</strong></span> <span class='ocrx_word' id='word_1_508' title='bbox 1795 4077 2000 4132; x_wconf 89' lang='lat' dir='ltr'><strong>servire</strong></span> <span class='ocrx_word' id='word_1_509' title='bbox 2027 4093 2122 4133; x_wconf 84' lang='lat' dir='ltr'><strong>co-</strong></span> 
     </span>
    </p>
   </div>
   <div class='ocr_carea' id='block_1_74' title="bbox 539 4168 1944 4238">
    <p class='ocr_par' dir='ltr' id='par_1_74' title="bbox 539 4168 1944 4238">
     <span class='ocr_line' id='line_1_74' title="bbox 539 4168 1944 4238; baseline 0.001 -16"><span class='ocrx_word' id='word_1_510' title='bbox 539 4176 780 4238; x_wconf 79' lang='lat' dir='ltr'><strong>geretur.</strong></span> <span class='ocrx_word' id='word_1_511' title='bbox 812 4168 1046 4222; x_wconf 87' lang='lat' dir='ltr'><strong>Tantum</strong></span> <span class='ocrx_word' id='word_1_512' title='bbox 1081 4171 1132 4222; x_wconf 92' lang='lat' dir='ltr'>in</span> <span class='ocrx_word' id='word_1_513' title='bbox 1160 4184 1227 4223; x_wconf 90' lang='lat' dir='ltr'>eo</span> <span class='ocrx_word' id='word_1_514' title='bbox 1259 4169 1444 4222; x_wconf 91' lang='lat' dir='ltr'><strong>odium</strong></span> <span class='ocrx_word' id='word_1_515' title='bbox 1477 4176 1534 4222; x_wconf 92' lang='lat' dir='ltr'>et</span> <span class='ocrx_word' id='word_1_516' title='bbox 1566 4169 1643 4224; x_wconf 93' lang='lat' dir='ltr'>ira</span> <span class='ocrx_word' id='word_1_517' title='bbox 1671 4169 1944 4223; x_wconf 86' lang='lat' dir='ltr'><strong>valebant.</strong></span> 
     </span>
    </p>
   </div>
   <div class='ocr_carea' id='block_1_75' title="bbox 2223 3251 3788 3326">
    <p class='ocr_par' dir='ltr' id='par_1_75' title="bbox 2223 3251 3788 3326">
     <span class='ocr_line' id='line_1_75' title="bbox 2223 3251 3788 3326; baseline -0.004 -16"><span class='ocrx_word' id='word_1_518' title='bbox 2223 3256 2599 3310; x_wconf 83' lang='grc' dir='ltr'>συντονώτατα</span> <span class='ocrx_word' id='word_1_519' title='bbox 2660 3256 2986 3324; x_wconf 73' lang='grc' dir='ltr'>ἐπολιόρκει.</span> <span class='ocrx_word' id='word_1_520' title='bbox 3043 3254 3450 3326; x_wconf 86' lang='grc' dir='ltr'>Θωμόκαστρον</span> <span class='ocrx_word' id='word_1_521' title='bbox 3507 3253 3607 3324; x_wconf 76' lang='grc' dir='ltr'>μὲν</span> <span class='ocrx_word' id='word_1_522' title='bbox 3665 3251 3788 3316; x_wconf 81' lang='grc' dir='ltr'>οὖν,</span> 
     </span>
    </p>
   </div>
   <div class='ocr_carea' id='block_1_76' title="bbox 2220 3343 3792 3417">
    <p class='ocr_par' dir='ltr' id='par_1_76' title="bbox 2220 3343 3792 3417">
     <span class='ocr_line' id='line_1_76' title="bbox 2220 3343 3792 3417; baseline -0.005 -16"><span class='ocrx_word' id='word_1_523' title='bbox 2220 3347 2352 3401; x_wconf 77' lang='grc' dir='ltr'>ἔνθα</span> <span class='ocrx_word' id='word_1_524' title='bbox 2402 3349 2497 3400; x_wconf 78' lang='grc' dir='ltr'>καὶ</span> <span class='ocrx_word' id='word_1_525' title='bbox 2547 3347 2863 3417; x_wconf 84' lang='grc' dir='ltr'>Νικηφόρος</span> <span class='ocrx_word' id='word_1_526' title='bbox 2891 3347 3078 3417; x_wconf 83' lang='grc' dir='ltr'>διῆγεν</span> <span class='ocrx_word' id='word_1_527' title='bbox 3103 3348 3132 3399; x_wconf 83' lang='grc' dir='ltr'><strong>ὁ</strong></span> <span class='ocrx_word' id='word_1_528' title='bbox 3166 3346 3312 3412; x_wconf 76' lang='grc' dir='ltr'>δοὺξ,</span> <span class='ocrx_word' id='word_1_529' title='bbox 3341 3345 3560 3414; x_wconf 78' lang='grc' dir='ltr'>διέφερε</span> <span class='ocrx_word' id='word_1_530' title='bbox 3591 3343 3792 3414; x_wconf 72' lang='grc' dir='ltr'>ῥᾳδίως</span> 
     </span>
    </p>
   </div>
   <div class='ocr_carea' id='block_1_77' title="bbox 2218 3433 3794 3510">
    <p class='ocr_par' dir='ltr' id='par_1_77' title="bbox 2218 3433 3794 3510">
     <span class='ocr_line' id='line_1_77' title="bbox 2218 3433 3794 3510; baseline -0.004 -18"><span class='ocrx_word' id='word_1_531' title='bbox 2218 3439 2317 3510; x_wconf 83' lang='grc' dir='ltr'>τὴν</span> <span class='ocrx_word' id='word_1_532' title='bbox 2337 3438 2676 3508; x_wconf 85' lang='grc' dir='ltr'>πολιορκίαν,</span> <span class='ocrx_word' id='word_1_533' title='bbox 2710 3437 2805 3492; x_wconf 79' lang='grc' dir='ltr'>ἆτε</span> <span class='ocrx_word' id='word_1_534' title='bbox 2828 3437 2888 3502; x_wconf 76' lang='grc' dir='ltr'>ἐξ</span> <span class='ocrx_word' id='word_1_535' title='bbox 2909 3435 3138 3506; x_wconf 79' lang='grc' dir='ltr'>ἠπείρου</span> <span class='ocrx_word' id='word_1_536' title='bbox 3163 3436 3273 3490; x_wconf 85' lang='grc' dir='ltr'>τῶν</span> <span class='ocrx_word' id='word_1_537' title='bbox 3299 3435 3591 3505; x_wconf 85' lang='grc' dir='ltr'>Ῥωμαίων</span> <span class='ocrx_word' id='word_1_538' title='bbox 3629 3433 3794 3502; x_wconf 83' lang='grc' dir='ltr'>μόνον</span> 
     </span>
    </p>
   </div>
   <div class='ocr_carea' id='block_1_78' title="bbox 2219 3527 3794 3600">
    <p class='ocr_par' dir='ltr' id='par_1_78' title="bbox 2219 3527 3794 3600">
     <span class='ocr_line' id='line_1_78' title="bbox 2219 3527 3794 3600; baseline -0.004 -16"><span class='ocrx_word' id='word_1_539' title='bbox 2219 3530 2668 3600; x_wconf 90' lang='grc' dir='ltr'>πολιορκούντων,</span> <span class='ocrx_word' id='word_1_540' title='bbox 2686 3530 2829 3583; x_wconf 84' lang='grc' dir='ltr'>κατά</span> <span class='ocrx_word' id='word_1_541' title='bbox 2869 3531 2976 3600; x_wconf 82' lang='grc' dir='ltr'>γὰρ</span> <span class='ocrx_word' id='word_1_542' title='bbox 3009 3529 3108 3600; x_wconf 78' lang='grc' dir='ltr'>τὴν</span> <span class='ocrx_word' id='word_1_543' title='bbox 3141 3529 3414 3581; x_wconf 84' lang='grc' dir='ltr'>θάλατταν</span> <span class='ocrx_word' id='word_1_544' title='bbox 3444 3527 3584 3580; x_wconf 83' lang='grc' dir='ltr'>ὅσων</span> <span class='ocrx_word' id='word_1_545' title='bbox 3617 3527 3794 3578; x_wconf 68' lang='grc' dir='ltr'>ἐδεῖτο</span> 
     </span>
    </p>
   </div>
   <div class='ocr_carea' id='block_1_79' title="bbox 2218 3619 3794 3692">
    <p class='ocr_par' dir='ltr' id='par_1_79' title="bbox 2218 3619 3794 3692">
     <span class='ocr_line' id='line_1_79' title="bbox 2218 3619 3794 3692; baseline -0.003 -17"><span class='ocrx_word' id='word_1_546' title='bbox 2218 3623 2414 3692; x_wconf 81' lang='grc' dir='ltr'>είσῆγέ</span> <span class='ocrx_word' id='word_1_547' title='bbox 2441 3639 2500 3675; x_wconf 86' lang='grc' dir='ltr'>τε</span> <span class='ocrx_word' id='word_1_548' title='bbox 2527 3624 2620 3675; x_wconf 71' lang='grc' dir='ltr'>καὶ</span> <span class='ocrx_word' id='word_1_549' title='bbox 2651 3621 2833 3691; x_wconf 70' lang='grc' dir='ltr'>ἐξῆγε,</span> <span class='ocrx_word' id='word_1_550' title='bbox 2883 3621 3115 3691; x_wconf 86' lang='grc' dir='ltr'>δύναμιν</span> <span class='ocrx_word' id='word_1_551' title='bbox 3148 3623 3223 3692; x_wconf 79' lang='grc' dir='ltr'>μὴ</span> <span class='ocrx_word' id='word_1_552' title='bbox 3268 3621 3483 3690; x_wconf 77' lang='grc' dir='ltr'>ἔχοντος</span> <span class='ocrx_word' id='word_1_553' title='bbox 3521 3619 3794 3689; x_wconf 85' lang='grc' dir='ltr'>βασιλέως</span> 
     </span>
    </p>
   </div>
   <div class='ocr_carea' id='block_1_80' title="bbox 2227 3710 3791 3783">
    <p class='ocr_par' dir='ltr' id='par_1_80' title="bbox 2227 3710 3791 3783">
     <span class='ocr_line' id='line_1_80' title="bbox 2227 3710 3791 3783; baseline -0.004 -17"><span class='ocrx_word' id='word_1_554' title='bbox 2227 3714 2511 3783; x_wconf 80' lang='grc' dir='ltr'>ναυτικήν.</span> <span class='ocrx_word' id='word_1_555' title='bbox 2545 3713 2720 3782; x_wconf 77' lang='grc' dir='ltr'>Ἀρτα</span> <span class='ocrx_word' id='word_1_556' title='bbox 2753 3713 2810 3766; x_wconf 78' lang='grc' dir='ltr'>δὲ</span> <span class='ocrx_word' id='word_1_557' title='bbox 2842 3713 2937 3766; x_wconf 77' lang='grc' dir='ltr'>καὶ</span> <span class='ocrx_word' id='word_1_558' title='bbox 2977 3711 3165 3780; x_wconf 84' lang='grc' dir='ltr'>Ῥωγὼ</span> <span class='ocrx_word' id='word_1_559' title='bbox 3200 3711 3358 3765; x_wconf 84' lang='grc' dir='ltr'>οῦσαι</span> <span class='ocrx_word' id='word_1_560' title='bbox 3401 3710 3791 3782; x_wconf 76' lang='grc' dir='ltr'>ἠπειρώτιδες,</span> 
     </span>
    </p>
   </div>
   <div class='ocr_carea' id='block_1_81' title="bbox 2215 3801 3793 3876">
    <p class='ocr_par' dir='ltr' id='par_1_81' title="bbox 2215 3801 3793 3876">
     <span class='ocr_line' id='line_1_81' title="bbox 2215 3801 3793 3876; baseline -0.004 -18"><span class='ocrx_word' id='word_1_561' title='bbox 2215 3805 2416 3876; x_wconf 85' lang='grc' dir='ltr'>πολλὴν</span> <span class='ocrx_word' id='word_1_562' title='bbox 2460 3805 2732 3874; x_wconf 82' lang='grc' dir='ltr'>ὑπέμενον</span> <span class='ocrx_word' id='word_1_563' title='bbox 2775 3803 2875 3874; x_wconf 84' lang='grc' dir='ltr'>τὴν</span> <span class='ocrx_word' id='word_1_564' title='bbox 2931 3804 3142 3858; x_wconf 75' lang='grc' dir='ltr'>ἔνδειαν</span> <span class='ocrx_word' id='word_1_565' title='bbox 3175 3807 3241 3858; x_wconf 83' lang='grc' dir='ltr'>έκ</span> <span class='ocrx_word' id='word_1_566' title='bbox 3292 3803 3393 3873; x_wconf 84' lang='grc' dir='ltr'>τῆς</span> <span class='ocrx_word' id='word_1_567' title='bbox 3443 3801 3793 3869; x_wconf 83' lang='grc' dir='ltr'>πολιορκίας,</span> 
     </span>
    </p>
   </div>
   <div class='ocr_carea' id='block_1_82' title="bbox 2215 3892 3793 3967">
    <p class='ocr_par' dir='ltr' id='par_1_82' title="bbox 2215 3892 3793 3967">
     <span class='ocr_line' id='line_1_82' title="bbox 2215 3892 3793 3967; baseline -0.004 -17"><span class='ocrx_word' id='word_1_568' title='bbox 2215 3897 2368 3950; x_wconf 69' lang='grc' dir='ltr'>οὐδὲν</span> <span class='ocrx_word' id='word_1_569' title='bbox 2397 3896 2555 3950; x_wconf 82' lang='grc' dir='ltr'>πλέον</span> <span class='ocrx_word' id='word_1_570' title='bbox 2597 3897 2892 3967; x_wconf 83' lang='grc' dir='ltr'>δυνάμεναι</span> <span class='ocrx_word' id='word_1_571' title='bbox 2925 3897 3240 3963; x_wconf 73' lang='grc' dir='ltr'>ἐπεισάγειν</span> <span class='ocrx_word' id='word_1_572' title='bbox 3267 3895 3407 3966; x_wconf 83' lang='grc' dir='ltr'>πλὴν</span> <span class='ocrx_word' id='word_1_573' title='bbox 3437 3895 3545 3948; x_wconf 88' lang='grc' dir='ltr'>τῶν</span> <span class='ocrx_word' id='word_1_574' title='bbox 3574 3895 3670 3946; x_wconf 71' lang='grc' dir='ltr'>ἐπὶ</span> <span class='ocrx_word' id='word_1_575' title='bbox 3697 3892 3793 3944; x_wconf 86' lang='grc' dir='ltr'>τοῦ</span> 
     </span>
    </p>
   </div>
   <div class='ocr_carea' id='block_1_83' title="bbox 2216 3983 3794 4057">
    <p class='ocr_par' dir='ltr' id='par_1_83' title="bbox 2216 3983 3794 4057">
     <span class='ocr_line' id='line_1_83' title="bbox 2216 3983 3794 4057; baseline -0.003 -18"><span class='ocrx_word' id='word_1_576' title='bbox 2216 3987 2486 4057; x_wconf 84' lang='grc' dir='ltr'>χειμῶνος</span> <span class='ocrx_word' id='word_1_577' title='bbox 2539 3988 2669 4057; x_wconf 76' lang='grc' dir='ltr'>πρὶν</span> <span class='ocrx_word' id='word_1_578' title='bbox 2708 3985 2930 4054; x_wconf 83' lang='grc' dir='ltr'>βασιλέα</span> <span class='ocrx_word' id='word_1_579' title='bbox 2981 3987 3273 4056; x_wconf 75' lang='grc' dir='ltr'>ἀφικέσθαι</span> <span class='ocrx_word' id='word_1_580' title='bbox 3327 3983 3794 4056; x_wconf 71' lang='grc' dir='ltr'>παρεσκευασμέ-</span> 
     </span>
    </p>
   </div>
   <div class='ocr_carea' id='block_1_84' title="bbox 2216 4074 3795 4148">
    <p class='ocr_par' dir='ltr' id='par_1_84' title="bbox 2216 4074 3795 4148">
     <span class='ocr_line' id='line_1_84' title="bbox 2216 4074 3795 4148; baseline -0.004 -16"><span class='ocrx_word' id='word_1_581' title='bbox 2216 4095 2348 4132; x_wconf 87' lang='grc' dir='ltr'>νων.</span> <span class='ocrx_word' id='word_1_582' title='bbox 2398 4080 2510 4132; x_wconf 75' lang='lat' dir='ltr'><strong>Kal.</strong></span> <span class='ocrx_word' id='word_1_583' title='bbox 2553 4078 2813 4148; x_wconf 84' lang='grc' dir='ltr'>φλαύρως</span> <span class='ocrx_word' id='word_1_584' title='bbox 2857 4074 3006 4147; x_wconf 74' lang='grc' dir='ltr'>εἶχον</span> <span class='ocrx_word' id='word_1_585' title='bbox 3063 4080 3214 4131; x_wconf 87' lang='grc' dir='ltr'>σίτου</span> <span class='ocrx_word' id='word_1_586' title='bbox 3247 4095 3308 4130; x_wconf 90' lang='grc' dir='ltr'>τε</span> <span class='ocrx_word' id='word_1_587' title='bbox 3340 4078 3572 4131; x_wconf 73' lang='grc' dir='ltr'>καὶτῶν</span> <span class='ocrx_word' id='word_1_588' title='bbox 3612 4075 3795 4129; x_wconf 61' lang='grc' dir='ltr'>ἄλλων</span> 
     </span>
    </p>
   </div>
   <div class='ocr_carea' id='block_1_85' title="bbox 2219 4169 3794 4240">
    <p class='ocr_par' dir='ltr' id='par_1_85' title="bbox 2219 4169 3794 4240">
     <span class='ocr_line' id='line_1_85' title="bbox 2219 4169 3794 4240; baseline -0.003 -18"><span class='ocrx_word' id='word_1_589' title='bbox 2219 4170 2539 4239; x_wconf 75' lang='grc' dir='ltr'>ἐπιτηδείων</span> <span class='ocrx_word' id='word_1_590' title='bbox 2573 4171 2813 4240; x_wconf 66' lang='grc' dir='ltr'>ἀπορίαι</span> <span class='ocrx_word' id='word_1_591' title='bbox 2848 4170 2940 4222; x_wconf 87' lang='grc' dir='ltr'>καί</span> <span class='ocrx_word' id='word_1_592' title='bbox 2993 4186 3100 4239; x_wconf 89' lang='grc' dir='ltr'>περ</span> <span class='ocrx_word' id='word_1_593' title='bbox 3139 4170 3196 4222; x_wconf 72' lang='grc' dir='ltr'>δὲ</span> <span class='ocrx_word' id='word_1_594' title='bbox 3234 4169 3378 4222; x_wconf 78' lang='grc' dir='ltr'>οὕτω</span> <span class='ocrx_word' id='word_1_595' title='bbox 3402 4169 3538 4236; x_wconf 75' lang='grc' dir='ltr'>πρὸς</span> <span class='ocrx_word' id='word_1_596' title='bbox 3561 4169 3660 4237; x_wconf 61' lang='grc' dir='ltr'>τὴ)</span> <span class='ocrx_word' id='word_1_597' title='bbox 3691 4183 3794 4219; x_wconf 80' lang='grc' dir='ltr'>πο-</span> 
     </span>
    </p>
   </div>
   <div class='ocr_carea' id='block_1_86' title="bbox 540 4259 3794 4331">
    <p class='ocr_par' dir='ltr' id='par_1_86' title="bbox 540 4259 3794 4331">
     <span class='ocr_line' id='line_1_86' title="bbox 540 4259 3794 4331; baseline -0.002 -15"><span class='ocrx_word' id='word_1_598' title='bbox 540 4263 789 4331; x_wconf 85' lang='grc' dir='ltr'>λιορκίαν</span> <span class='ocrx_word' id='word_1_599' title='bbox 817 4261 1210 4330; x_wconf 85' lang='grc' dir='ltr'>ἀνεπιτηδείως</span> <span class='ocrx_word' id='word_1_600' title='bbox 1239 4260 1782 4328; x_wconf 86' lang='grc' dir='ltr'>παρεσκευασμέναι,</span> <span class='ocrx_word' id='word_1_601' title='bbox 1814 4261 1968 4313; x_wconf 77' lang='grc' dir='ltr'>οὐδὲν</span> <span class='ocrx_word' id='word_1_602' title='bbox 1994 4260 2196 4330; x_wconf 80' lang='grc' dir='ltr'>μᾶλλον</span> <span class='ocrx_word' id='word_1_603' title='bbox 2239 4261 2470 4328; x_wconf 80' lang='grc' dir='ltr'>ὑφεῖσαν</span> <span class='ocrx_word' id='word_1_604' title='bbox 2491 4262 2596 4329; x_wconf 77' lang='grc' dir='ltr'>τῆς</span> <span class='ocrx_word' id='word_1_605' title='bbox 2651 4262 2898 4331; x_wconf 81' lang='grc' dir='ltr'>πικρίας,</span> <span class='ocrx_word' id='word_1_606' title='bbox 2961 4263 3085 4314; x_wconf 79' lang='grc' dir='ltr'>οὑδὲ</span> <span class='ocrx_word' id='word_1_607' title='bbox 3120 4260 3398 4330; x_wconf 74' lang='grc' dir='ltr'>ἠνείχοντο</span> <span class='ocrx_word' id='word_1_608' title='bbox 3423 4261 3551 4328; x_wconf 71' lang='grc' dir='ltr'>ἄχρι</span> <span class='ocrx_word' id='word_1_609' title='bbox 3611 4259 3794 4326; x_wconf 83' lang='grc' dir='ltr'>λόγων</span> 
     </span>
    </p>
   </div>
   <div class='ocr_carea' id='block_1_87' title="bbox 539 4352 3792 4427">
    <p class='ocr_par' dir='ltr' id='par_1_87' title="bbox 539 4352 3792 4427">
     <span class='ocr_line' id='line_1_87' title="bbox 539 4352 3792 4427; baseline -0.002 -16"><span class='ocrx_word' id='word_1_610' title='bbox 539 4360 603 4411; x_wconf 85' lang='grc' dir='ltr'>τὸ</span> <span class='ocrx_word' id='word_1_611' title='bbox 635 4358 884 4409; x_wconf 75' lang='grc' dir='ltr'>ὑπείκειν</span> <span class='ocrx_word' id='word_1_612' title='bbox 916 4352 1067 4417; x_wconf 76' lang='grc' dir='ltr'>αὖθις</span> <span class='ocrx_word' id='word_1_613' title='bbox 1102 4356 1345 4426; x_wconf 83' lang='grc' dir='ltr'>βασιλεῖ⁸</span> <span class='ocrx_word' id='word_1_614' title='bbox 1371 4355 1508 4408; x_wconf 86' lang='grc' dir='ltr'>ἀλλά</span> <span class='ocrx_word' id='word_1_615' title='bbox 1564 4357 1742 4410; x_wconf 84' lang='grc' dir='ltr'>πάντα</span> <span class='ocrx_word' id='word_1_616' title='bbox 1766 4355 1966 4425; x_wconf 83' lang='grc' dir='ltr'>μᾶλλον</span> <span class='ocrx_word' id='word_1_617' title='bbox 2019 4355 2189 4426; x_wconf 82' lang='grc' dir='ltr'>ῷοντο</span> <span class='ocrx_word' id='word_1_618' title='bbox 2228 4357 2592 4426; x_wconf 74' lang='grc' dir='ltr'>ὑπομενετέον</span> <span class='ocrx_word' id='word_1_619' title='bbox 2624 4353 2786 4423; x_wconf 77' lang='grc' dir='ltr'>εἶναι,</span> <span class='ocrx_word' id='word_1_620' title='bbox 2819 4357 2913 4411; x_wconf 75' lang='grc' dir='ltr'>καὶ</span> <span class='ocrx_word' id='word_1_621' title='bbox 2941 4359 3049 4410; x_wconf 84' lang='grc' dir='ltr'>τῶν</span> <span class='ocrx_word' id='word_1_622' title='bbox 3081 4359 3217 4424; x_wconf 78' lang='grc' dir='ltr'>πρὸς</span> <span class='ocrx_word' id='word_1_623' title='bbox 3255 4358 3460 4427; x_wconf 81' lang='grc' dir='ltr'>τροφὴν</span> <span class='ocrx_word' id='word_1_624' title='bbox 3506 4357 3792 4424; x_wconf 72' lang='grc' dir='ltr'>ἀθεμίτων</span> 
     </span>
    </p>
   </div>
   <div class='ocr_carea' id='block_1_88' title="bbox 540 4450 3792 4526">
    <p class='ocr_par' dir='ltr' id='par_1_88' title="bbox 540 4450 3792 4526">
     <span class='ocr_line' id='line_1_88' title="bbox 540 4450 3792 4526; baseline -0.002 -19"><span class='ocrx_word' id='word_1_625' title='bbox 540 4454 898 4526; x_wconf 75' lang='grc' dir='ltr'>ἃπτεσθαι,ἢ</span> <span class='ocrx_word' id='word_1_626' title='bbox 943 4451 1296 4523; x_wconf 82' lang='grc' dir='ltr'>παραδιδόναι</span> <span class='ocrx_word' id='word_1_627' title='bbox 1364 4450 1574 4520; x_wconf 88' lang='grc' dir='ltr'>βασιλεί</span> <span class='ocrx_word' id='word_1_628' title='bbox 1627 4452 1729 4514; x_wconf 91' lang='grc' dir='ltr'>τάς</span> <span class='ocrx_word' id='word_1_629' title='bbox 1787 4451 1990 4510; x_wconf 81' lang='grc' dir='ltr'>πόλεις.</span> <span class='ocrx_word' id='word_1_630' title='bbox 2029 4451 2292 4515; x_wconf 77' lang='grc' dir='ltr'>Βασιλεὺς</span> <span class='ocrx_word' id='word_1_631' title='bbox 2353 4453 2410 4505; x_wconf 84' lang='grc' dir='ltr'>δὲ</span> <span class='ocrx_word' id='word_1_632' title='bbox 2443 4454 2647 4520; x_wconf 82' lang='grc' dir='ltr'>Ἀρταν</span> <span class='ocrx_word' id='word_1_633' title='bbox 2706 4455 3014 4521; x_wconf 66' lang='grc' dir='ltr'>ἐπολιόρκει</span> <span class='ocrx_word' id='word_1_634' title='bbox 3065 4452 3225 4515; x_wconf 77' lang='grc' dir='ltr'>αὐτὸς</span> <span class='ocrx_word' id='word_1_635' title='bbox 3275 4454 3620 4522; x_wconf 79' lang='grc' dir='ltr'>παρών·καὶ</span> <span class='ocrx_word' id='word_1_636' title='bbox 3672 4469 3792 4503; x_wconf 79' lang='grc' dir='ltr'>τει-</span> 
     </span>
    </p>
   </div>
   <div class='ocr_carea' id='block_1_89' title="bbox 543 4542 3791 4618">
    <p class='ocr_par' dir='ltr' id='par_1_89' title="bbox 543 4542 3791 4618">
     <span class='ocr_line' id='line_1_89' title="bbox 543 4542 3791 4618; baseline -0 -19"><span class='ocrx_word' id='word_1_637' title='bbox 543 4549 816 4618; x_wconf 87' lang='grc' dir='ltr'>χομαχίας</span> <span class='ocrx_word' id='word_1_638' title='bbox 849 4566 909 4602; x_wconf 87' lang='grc' dir='ltr'>τε</span> <span class='ocrx_word' id='word_1_639' title='bbox 971 4551 1205 4601; x_wconf 74' lang='grc' dir='ltr'>ἐποιεῖτο</span> <span class='ocrx_word' id='word_1_640' title='bbox 1277 4547 1551 4617; x_wconf 83' lang='grc' dir='ltr'>καρτερὰς</span> <span class='ocrx_word' id='word_1_641' title='bbox 1602 4547 1697 4601; x_wconf 80' lang='grc' dir='ltr'>καὶ</span> <span class='ocrx_word' id='word_1_642' title='bbox 1772 4550 2036 4618; x_wconf 82' lang='grc' dir='ltr'>συνεχεῖς.</span> <span class='ocrx_word' id='word_1_643' title='bbox 2082 4548 2191 4600; x_wconf 74' lang='grc' dir='ltr'>Καὶ</span> <span class='ocrx_word' id='word_1_644' title='bbox 2232 4550 2609 4618; x_wconf 86' lang='grc' dir='ltr'>μηχανήματα</span> <span class='ocrx_word' id='word_1_645' title='bbox 2654 4552 2857 4615; x_wconf 86' lang='grc' dir='ltr'>πάντα,</span> <span class='ocrx_word' id='word_1_646' title='bbox 2911 4549 2970 4613; x_wconf 75' lang='grc' dir='ltr'>ἐξ</span> <span class='ocrx_word' id='word_1_647' title='bbox 3020 4542 3094 4601; x_wconf 81' lang='grc' dir='ltr'>ὧν</span> <span class='ocrx_word' id='word_1_648' title='bbox 3146 4546 3283 4618; x_wconf 80' lang='grc' dir='ltr'>ῷετο</span> <span class='ocrx_word' id='word_1_649' title='bbox 3337 4548 3791 4617; x_wconf 66' lang='grc' dir='ltr'>παραστήσεσθαι</span> 
     </span>
    </p>
   </div>
   <div class='ocr_carea' id='block_1_90' title="bbox 545 4640 3787 4712">
    <p class='ocr_par' dir='ltr' id='par_1_90' title="bbox 545 4640 3787 4712">
     <span class='ocr_line' id='line_1_90' title="bbox 545 4640 3787 4712; baseline -0 -19"><span class='ocrx_word' id='word_1_650' title='bbox 545 4643 840 4712; x_wconf 78' lang='grc' dir='ltr'>προσῆγεν.</span> <span class='ocrx_word' id='word_1_651' title='bbox 905 4642 1144 4712; x_wconf 84' lang='grc' dir='ltr'>Ἀρταῖοι</span> <span class='ocrx_word' id='word_1_652' title='bbox 1199 4642 1256 4694; x_wconf 82' lang='grc' dir='ltr'>δὲ</span> <span class='ocrx_word' id='word_1_653' title='bbox 1311 4643 1774 4711; x_wconf 80' lang='grc' dir='ltr'>πρωτοστράτορα</span> <span class='ocrx_word' id='word_1_654' title='bbox 1829 4641 1927 4711; x_wconf 78' lang='grc' dir='ltr'>μὲν</span> <span class='ocrx_word' id='word_1_655' title='bbox 2005 4640 2098 4693; x_wconf 86' lang='grc' dir='ltr'>τοῦ</span> <span class='ocrx_word' id='word_1_656' title='bbox 2136 4641 2516 4711; x_wconf 84' lang='grc' dir='ltr'>δεσμωτηρίου</span> <span class='ocrx_word' id='word_1_657' title='bbox 2597 4642 2940 4708; x_wconf 78' lang='grc' dir='ltr'>ἐκϐαλόντες,</span> <span class='ocrx_word' id='word_1_658' title='bbox 2997 4642 3314 4710; x_wconf 72' lang='grc' dir='ltr'>ἐξέπεμψαν</span> <span class='ocrx_word' id='word_1_659' title='bbox 3378 4642 3454 4702; x_wconf 85' lang='grc' dir='ltr'>ὡς</span> <span class='ocrx_word' id='word_1_660' title='bbox 3532 4642 3787 4710; x_wconf 38' lang='grc' dir='ltr'>βασμλέα,</span> 
     </span>
    </p>
   </div>
   <div class='ocr_carea' id='block_1_91' title="bbox 539 4723 3785 4805">
    <p class='ocr_par' dir='ltr' id='par_1_91' title="bbox 539 4723 3785 4805">
     <span class='ocr_line' id='line_1_91' title="bbox 539 4723 3785 4805; baseline -0.001 -19"><span class='ocrx_word' id='word_1_661' title='bbox 539 4736 651 4786; x_wconf 76' lang='grc' dir='ltr'>εἴτε</span> <span class='ocrx_word' id='word_1_662' title='bbox 686 4737 760 4804; x_wconf 85' lang='grc' dir='ltr'>μή</span> <span class='ocrx_word' id='word_1_663' title='bbox 830 4752 880 4787; x_wconf 92' lang='grc' dir='ltr'>τι</span> <span class='ocrx_word' id='word_1_664' title='bbox 903 4735 1288 4804; x_wconf 85' lang='grc' dir='ltr'>νεωτερισθείη</span> <span class='ocrx_word' id='word_1_665' title='bbox 1321 4733 1452 4804; x_wconf 90' lang='grc' dir='ltr'>παρ’</span> <span class='ocrx_word' id='word_1_666' title='bbox 1475 4733 1663 4802; x_wconf 84' lang='grc' dir='ltr'>αὐτοῦ,</span> <span class='ocrx_word' id='word_1_667' title='bbox 1693 4733 1856 4786; x_wconf 88' lang='grc' dir='ltr'>τινῶν</span> <span class='ocrx_word' id='word_1_668' title='bbox 1892 4733 2168 4796; x_wconf 88' lang='grc' dir='ltr'>δείσαντες</span> <span class='ocrx_word' id='word_1_669' title='bbox 2213 4723 2526 4787; x_wconf 73' lang='grc' dir='ltr'>συστάντων</span> <span class='ocrx_word' id='word_1_670' title='bbox 2556 4735 2689 4805; x_wconf 75' lang='grc' dir='ltr'>πρὸς</span> <span class='ocrx_word' id='word_1_671' title='bbox 2729 4735 2911 4797; x_wconf 85' lang='grc' dir='ltr'>αὑτὸν,</span> <span class='ocrx_word' id='word_1_672' title='bbox 2939 4735 3046 4786; x_wconf 77' lang='grc' dir='ltr'>εἴτε</span> <span class='ocrx_word' id='word_1_673' title='bbox 3075 4751 3126 4786; x_wconf 88' lang='grc' dir='ltr'>τι</span> <span class='ocrx_word' id='word_1_674' title='bbox 3154 4733 3525 4804; x_wconf 81' lang='grc' dir='ltr'>διανοηθέντες</span> <span class='ocrx_word' id='word_1_675' title='bbox 3556 4735 3785 4802; x_wconf 73' lang='grc' dir='ltr'>ἕτερον’</span> 
     </span>
    </p>
   </div>
   <div class='ocr_carea' id='block_1_92' title="bbox 540 4826 3787 4899">
    <p class='ocr_par' dir='ltr' id='par_1_92' title="bbox 540 4826 3787 4899">
     <span class='ocr_line' id='line_1_92' title="bbox 540 4826 3787 4899; baseline -0.001 -22"><span class='ocrx_word' id='word_1_676' title='bbox 540 4827 699 4883; x_wconf 73' lang='grc' dir='ltr'>αὐτοὶ</span> <span class='ocrx_word' id='word_1_677' title='bbox 726 4826 784 4877; x_wconf 82' lang='grc' dir='ltr'>δὲ</span> <span class='ocrx_word' id='word_1_678' title='bbox 817 4827 924 4879; x_wconf 84' lang='grc' dir='ltr'>ἀπὸ</span> <span class='ocrx_word' id='word_1_679' title='bbox 951 4827 1058 4881; x_wconf 88' lang='grc' dir='ltr'>τῶν</span> <span class='ocrx_word' id='word_1_680' title='bbox 1098 4828 1294 4897; x_wconf 85' lang='grc' dir='ltr'>τειχῶν</span> <span class='ocrx_word' id='word_1_681' title='bbox 1342 4827 1613 4897; x_wconf 81' lang='grc' dir='ltr'>ἠμύνοντο</span> <span class='ocrx_word' id='word_1_682' title='bbox 1664 4828 1968 4899; x_wconf 84' lang='grc' dir='ltr'>καρτερῶς,</span> <span class='ocrx_word' id='word_1_683' title='bbox 2009 4828 2104 4880; x_wconf 67' lang='grc' dir='ltr'>καὶ</span> <span class='ocrx_word' id='word_1_684' title='bbox 2141 4830 2458 4896; x_wconf 79' lang='grc' dir='ltr'>ἀπράκτους</span> <span class='ocrx_word' id='word_1_685' title='bbox 2489 4827 2837 4880; x_wconf 88' lang='grc' dir='ltr'>ἀπεδείκνυον</span> <span class='ocrx_word' id='word_1_686' title='bbox 2892 4826 3072 4888; x_wconf 75' lang='grc' dir='ltr'>πάσας</span> <span class='ocrx_word' id='word_1_687' title='bbox 3131 4827 3377 4897; x_wconf 84' lang='grc' dir='ltr'>μηχανὰς</span> <span class='ocrx_word' id='word_1_688' title='bbox 3408 4826 3498 4877; x_wconf 74' lang='grc' dir='ltr'>καὶ</span> <span class='ocrx_word' id='word_1_689' title='bbox 3525 4843 3787 4894; x_wconf 78' lang='grc' dir='ltr'>τειχομαο</span> 
     </span>
    </p>
   </div>
   <div class='ocr_carea' id='block_1_93' title="bbox 540 4916 3786 4996">
    <p class='ocr_par' dir='ltr' id='par_1_93' title="bbox 540 4916 3786 4996">
     <span class='ocr_line' id='line_1_93' title="bbox 540 4916 3786 4996; baseline -0.001 -24"><span class='ocrx_word' id='word_1_690' title='bbox 540 4922 684 4987; x_wconf 83' lang='grc' dir='ltr'>χίας.</span> <span class='ocrx_word' id='word_1_691' title='bbox 761 4918 1102 4990; x_wconf 88' lang='grc' dir='ltr'>Τριϐομένου</span> <span class='ocrx_word' id='word_1_692' title='bbox 1144 4921 1200 4972; x_wconf 78' lang='grc' dir='ltr'>δὲ</span> <span class='ocrx_word' id='word_1_693' title='bbox 1244 4923 1338 4975; x_wconf 84' lang='grc' dir='ltr'>τοῦ</span> <span class='ocrx_word' id='word_1_694' title='bbox 1389 4921 1582 4996; x_wconf 89' lang='grc' dir='ltr'>χρόνου</span> <span class='ocrx_word' id='word_1_695' title='bbox 1623 4921 1767 4974; x_wconf 85' lang='grc' dir='ltr'>κατά</span> <span class='ocrx_word' id='word_1_696' title='bbox 1830 4923 1929 4988; x_wconf 77' lang='grc' dir='ltr'>τὴν</span> <span class='ocrx_word' id='word_1_697' title='bbox 1973 4921 2290 4991; x_wconf 82' lang='grc' dir='ltr'>πολιορκίαν</span> <span class='ocrx_word' id='word_1_698' title='bbox 2353 4921 2482 4992; x_wconf 77' lang='grc' dir='ltr'>(ἀπὸ</span> <span class='ocrx_word' id='word_1_699' title='bbox 2523 4920 2629 4989; x_wconf 78' lang='grc' dir='ltr'>γὰρ</span> <span class='ocrx_word' id='word_1_700' title='bbox 2668 4916 2801 4991; x_wconf 80' lang='grc' dir='ltr'>ἦρος</span> <span class='ocrx_word' id='word_1_701' title='bbox 2849 4919 3084 4988; x_wconf 79' lang='grc' dir='ltr'>μάλιστα</span> <span class='ocrx_word' id='word_1_702' title='bbox 3139 4919 3314 4989; x_wconf 79' lang='grc' dir='ltr'>ἀρχῆς</span> <span class='ocrx_word' id='word_1_703' title='bbox 3373 4919 3501 4988; x_wconf 76' lang='grc' dir='ltr'>ἄχρι</span> <span class='ocrx_word' id='word_1_704' title='bbox 3551 4919 3786 4984; x_wconf 73' lang='grc' dir='ltr'>ἐκϐολῆς</span> 
     </span>
    </p>
   </div>
   <div class='ocr_carea' id='block_1_94' title="bbox 537 5009 3785 5085">
    <p class='ocr_par' dir='ltr' id='par_1_94' title="bbox 537 5009 3785 5085">
     <span class='ocr_line' id='line_1_94' title="bbox 537 5009 3785 5085; baseline -0.001 -20"><span class='ocrx_word' id='word_1_705' title='bbox 537 5012 634 5070; x_wconf 87' lang='grc' dir='ltr'>τοῦ</span> <span class='ocrx_word' id='word_1_706' title='bbox 669 5012 865 5083; x_wconf 84' lang='grc' dir='ltr'>θέρους</span> <span class='ocrx_word' id='word_1_707' title='bbox 920 5012 1358 5084; x_wconf 79' lang='grc' dir='ltr'>ἐπολιορκοῦντο)</span> <span class='ocrx_word' id='word_1_708' title='bbox 1415 5012 1556 5081; x_wconf 78' lang='grc' dir='ltr'>ἔγνω</span> <span class='ocrx_word' id='word_1_709' title='bbox 1607 5015 1717 5068; x_wconf 85' lang='grc' dir='ltr'>δεῖν</span> <span class='ocrx_word' id='word_1_710' title='bbox 1769 5015 1795 5066; x_wconf 81' lang='grc' dir='ltr'>ό</span> <span class='ocrx_word' id='word_1_711' title='bbox 1845 5014 2100 5082; x_wconf 74' lang='grc' dir='ltr'>βασιλεὺς</span> <span class='ocrx_word' id='word_1_712' title='bbox 2133 5013 2422 5085; x_wconf 71' lang='grc' dir='ltr'>Καϐασίλα</span> <span class='ocrx_word' id='word_1_713' title='bbox 2451 5013 2530 5078; x_wconf 86' lang='grc' dir='ltr'>είς</span> <span class='ocrx_word' id='word_1_714' title='bbox 2571 5011 2763 5080; x_wconf 84' lang='grc' dir='ltr'>Ῥωγὼ</span> <span class='ocrx_word' id='word_1_715' title='bbox 2829 5009 3079 5064; x_wconf 85' lang='grc' dir='ltr'>ἀπελθὼν</span> <span class='ocrx_word' id='word_1_716' title='bbox 3141 5011 3208 5063; x_wconf 88' lang='grc' dir='ltr'>δι’</span> <span class='ocrx_word' id='word_1_717' title='bbox 3234 5011 3428 5063; x_wconf 78' lang='grc' dir='ltr'>ἑαυτοῦ</span> <span class='ocrx_word' id='word_1_718' title='bbox 3467 5011 3785 5080; x_wconf 80' lang='grc' dir='ltr'>διαλειχθῆ-</span> 
     </span>
    </p>
   </div>
   <div class='ocr_carea' id='block_1_95' title="bbox 537 5104 3784 5181">
    <p class='ocr_par' dir='ltr' id='par_1_95' title="bbox 537 5104 3784 5181">
     <span class='ocr_line' id='line_1_95' title="bbox 537 5104 3784 5181; baseline -0.002 -21"><span class='ocrx_word' id='word_1_719' title='bbox 537 5128 648 5171; x_wconf 90' lang='grc' dir='ltr'>ναι,</span> <span class='ocrx_word' id='word_1_720' title='bbox 720 5110 958 5181; x_wconf 77' lang='grc' dir='ltr'>νομίζων</span> <span class='ocrx_word' id='word_1_721' title='bbox 999 5109 1208 5163; x_wconf 86' lang='grc' dir='ltr'>πείσειν</span> <span class='ocrx_word' id='word_1_722' title='bbox 1258 5108 1580 5164; x_wconf 86' lang='grc' dir='ltr'>ὑπενδοῦναι</span> <span class='ocrx_word' id='word_1_723' title='bbox 1636 5111 1732 5180; x_wconf 85' lang='grc' dir='ltr'>τῆς</span> <span class='ocrx_word' id='word_1_724' title='bbox 1789 5110 2143 5181; x_wconf 82' lang='grc' dir='ltr'>φιλονεικίας,</span> <span class='ocrx_word' id='word_1_725' title='bbox 2185 5111 2275 5163; x_wconf 77' lang='grc' dir='ltr'>καὶ</span> <span class='ocrx_word' id='word_1_726' title='bbox 2307 5110 2402 5180; x_wconf 80' lang='grc' dir='ltr'>τὴν</span> <span class='ocrx_word' id='word_1_727' title='bbox 2470 5109 2627 5162; x_wconf 85' lang='grc' dir='ltr'>πόλιν</span> <span class='ocrx_word' id='word_1_728' title='bbox 2681 5105 3014 5176; x_wconf 81' lang='grc' dir='ltr'>παραδοῦναι</span> <span class='ocrx_word' id='word_1_729' title='bbox 3053 5104 3276 5174; x_wconf 74' lang='grc' dir='ltr'>ἀμαχεί.</span> <span class='ocrx_word' id='word_1_730' title='bbox 3317 5105 3372 5157; x_wconf 88' lang='grc'>’0</span> <span class='ocrx_word' id='word_1_731' title='bbox 3426 5105 3481 5156; x_wconf 78' lang='grc' dir='ltr'>δὲ</span> <span class='ocrx_word' id='word_1_732' title='bbox 3531 5107 3784 5157; x_wconf 61' lang='grc' dir='ltr'>τοσοῦτον</span> 
     </span>
    </p>
   </div>
   <div class='ocr_carea' id='block_1_96' title="bbox 535 5197 3779 5272">
    <p class='ocr_par' dir='ltr' id='par_1_96' title="bbox 535 5197 3779 5272">
     <span class='ocr_line' id='line_1_96' title="bbox 535 5197 3779 5272; baseline -0.002 -20"><span class='ocrx_word' id='word_1_733' title='bbox 535 5202 722 5272; x_wconf 80' lang='grc' dir='ltr'>ἐδέησε</span> <span class='ocrx_word' id='word_1_734' title='bbox 767 5201 862 5254; x_wconf 89' lang='grc' dir='ltr'>τοῦ</span> <span class='ocrx_word' id='word_1_735' title='bbox 890 5202 1174 5255; x_wconf 87' lang='grc' dir='ltr'>πείθεσθαι</span> <span class='ocrx_word' id='word_1_736' title='bbox 1209 5201 1379 5271; x_wconf 85' lang='grc' dir='ltr'>αὑτῷ,</span> <span class='ocrx_word' id='word_1_737' title='bbox 1416 5201 1558 5255; x_wconf 85' lang='grc' dir='ltr'>ὥστε</span> <span class='ocrx_word' id='word_1_738' title='bbox 1587 5203 1681 5258; x_wconf 78' lang='grc' dir='ltr'>καὶ</span> <span class='ocrx_word' id='word_1_739' title='bbox 1712 5201 2008 5271; x_wconf 72' lang='grc' dir='ltr'>ἠπείλησεν</span> <span class='ocrx_word' id='word_1_740' title='bbox 2029 5202 2104 5262; x_wconf 85' lang='grc' dir='ltr'>ὡς</span> <span class='ocrx_word' id='word_1_741' title='bbox 2141 5202 2188 5254; x_wconf 86' lang='grc' dir='ltr'>εί</span> <span class='ocrx_word' id='word_1_742' title='bbox 2219 5200 2462 5272; x_wconf 80' lang='grc' dir='ltr'>συμϐαίη</span> <span class='ocrx_word' id='word_1_743' title='bbox 2529 5198 2652 5254; x_wconf 85' lang='grc' dir='ltr'>καθ’</span> <span class='ocrx_word' id='word_1_744' title='bbox 2716 5199 3001 5269; x_wconf 78' lang='grc' dir='ltr'>ἡντιναοῦν</span> <span class='ocrx_word' id='word_1_745' title='bbox 3033 5198 3212 5252; x_wconf 85' lang='grc' dir='ltr'>αἰτίαν</span> <span class='ocrx_word' id='word_1_746' title='bbox 3260 5197 3486 5268; x_wconf 78' lang='grc' dir='ltr'>βασιλέα</span> <span class='ocrx_word' id='word_1_747' title='bbox 3535 5197 3779 5265; x_wconf 78' lang='grc' dir='ltr'>ἐγκρατῆ</span> 
     </span>
    </p>
   </div>
   <div class='ocr_carea' id='block_1_97' title="bbox 547 5291 3778 5366">
    <p class='ocr_par' dir='ltr' id='par_1_97' title="bbox 547 5291 3778 5366">
     <span class='ocr_line' id='line_1_97' title="bbox 547 5291 3778 5366; baseline -0.001 -20"><span class='ocrx_word' id='word_1_748' title='bbox 547 5293 790 5361; x_wconf 84' lang='grc' dir='ltr'>Ῥωγοῦς</span> <span class='ocrx_word' id='word_1_749' title='bbox 819 5294 1097 5363; x_wconf 89' lang='grc' dir='ltr'>γενέσθαι,</span> <span class='ocrx_word' id='word_1_750' title='bbox 1131 5295 1599 5364; x_wconf 83' lang='grc' dir='ltr'>κατακρημνίσειν</span> <span class='ocrx_word' id='word_1_751' title='bbox 1667 5295 1861 5347; x_wconf 69' lang='grc' dir='ltr'>ἑαυτὸν</span> <span class='ocrx_word' id='word_1_752' title='bbox 1894 5295 2000 5348; x_wconf 85' lang='grc' dir='ltr'>ἀπὸ</span> <span class='ocrx_word' id='word_1_753' title='bbox 2045 5293 2138 5347; x_wconf 87' lang='grc' dir='ltr'>τοῦ</span> <span class='ocrx_word' id='word_1_754' title='bbox 2179 5295 2415 5366; x_wconf 84' lang='grc' dir='ltr'>πύργου,</span> <span class='ocrx_word' id='word_1_755' title='bbox 2485 5293 2572 5347; x_wconf 77' lang='grc' dir='ltr'>ἵνα</span> <span class='ocrx_word' id='word_1_756' title='bbox 2617 5295 2691 5364; x_wconf 77' lang='grc' dir='ltr'>μὴ</span> <span class='ocrx_word' id='word_1_757' title='bbox 2745 5293 2855 5357; x_wconf 77' lang='grc' dir='ltr'>ζῶν</span> <span class='ocrx_word' id='word_1_758' title='bbox 2907 5293 3088 5355; x_wconf 72' lang='grc' dir='ltr'>ἁλοὺς,</span> <span class='ocrx_word' id='word_1_759' title='bbox 3129 5291 3444 5360; x_wconf 77' lang='grc' dir='ltr'>ἀναγκασθῇ</span> <span class='ocrx_word' id='word_1_760' title='bbox 3502 5292 3778 5344; x_wconf 72' lang='grc' dir='ltr'>δουλεύειν</span> 
     </span>
    </p>
   </div>
   <div class='ocr_carea' id='block_1_98' title="bbox 535 5383 2441 5461">
    <p class='ocr_par' dir='ltr' id='par_1_98' title="bbox 535 5383 2441 5461">
     <span class='ocr_line' id='line_1_98' title="bbox 535 5383 2441 5461; baseline -0.002 -17"><span class='ocrx_word' id='word_1_761' title='bbox 535 5383 694 5450; x_wconf 76' lang='grc' dir='ltr'>αὖθις</span> <span class='ocrx_word' id='word_1_762' title='bbox 723 5389 954 5459; x_wconf 85' lang='grc' dir='ltr'>βασιλεῖ.</span> <span class='ocrx_word' id='word_1_763' title='bbox 991 5387 1264 5444; x_wconf 86' lang='grc' dir='ltr'>Τοσοῦτον</span> <span class='ocrx_word' id='word_1_764' title='bbox 1304 5389 1605 5461; x_wconf 83' lang='grc' dir='ltr'>ἀπεχθείας</span> <span class='ocrx_word' id='word_1_765' title='bbox 1633 5388 1782 5456; x_wconf 74' lang='grc' dir='ltr'>αὐτῷ</span> <span class='ocrx_word' id='word_1_766' title='bbox 1815 5389 1910 5442; x_wconf 77' lang='grc' dir='ltr'>καὶ</span> <span class='ocrx_word' id='word_1_767' title='bbox 1963 5388 2184 5459; x_wconf 80' lang='grc' dir='ltr'>μήνιδος</span> <span class='ocrx_word' id='word_1_768' title='bbox 2219 5386 2441 5458; x_wconf 82' lang='grc' dir='ltr'>περιῆν.</span> 
     </span>
    </p>
   </div>
   <div class='ocr_carea' id='block_1_99' title="bbox 1786 5559 2532 5632">
    <p class='ocr_par' dir='ltr' id='par_1_99' title="bbox 1786 5559 2532 5632">
     <span class='ocr_line' id='line_1_99' title="bbox 1786 5559 2532 5632; baseline 0.004 -13"><span class='ocrx_word' id='word_1_769' title='bbox 1786 5561 2002 5632; x_wconf 82' lang='lat' dir='ltr'><strong>Jacobi</strong></span> <span class='ocrx_word' id='word_1_770' title='bbox 2045 5559 2306 5620; x_wconf 85' lang='lat' dir='ltr'><strong>Pontani</strong></span> <span class='ocrx_word' id='word_1_771' title='bbox 2346 5569 2532 5622; x_wconf 70' lang='lat' dir='ltr'><strong>notas.</strong></span> 
     </span>
    </p>
   </div>
   <div class='ocr_carea' id='block_1_100' title="bbox 533 5700 3773 5825">
    <p class='ocr_par' dir='ltr' id='par_1_100' title="bbox 533 5700 3773 5825">
     <span class='ocr_line' id='line_1_100' title="bbox 533 5700 3773 5825; baseline -0.003 -62"><span class='ocrx_word' id='word_1_772' title='bbox 533 5700 724 5824; x_wconf 45' lang='lat' dir='ltr'>nasi&quot;)</span> <span class='ocrx_word' id='word_1_773' title='bbox 755 5702 893 5825; x_wconf 46' lang='grc' dir='ltr'>ἑτι-ει</span> <span class='ocrx_word' id='word_1_774' title='bbox 928 5705 1105 5760; x_wconf 74' lang='lat' dir='ltr'><strong>urbes”</strong></span> <span class='ocrx_word' id='word_1_775' title='bbox 1132 5706 1468 5771; x_wconf 77' lang='lat' dir='ltr'><strong>defecerant,</strong></span> <span class='ocrx_word' id='word_1_776' title='bbox 1515 5709 1664 5772; x_wconf 85' lang='lat' dir='ltr'><strong>Arta,</strong></span> <span class='ocrx_word' id='word_1_777' title='bbox 1705 5708 1949 5778; x_wconf 65' lang='lat' dir='ltr'><strong>Rimgtts,</strong></span> <span class='ocrx_word' id='word_1_778' title='bbox 2019 5707 2516 5770; x_wconf 63' lang='lat' dir='ltr'><strong>Thomoeastrum;</strong></span> <span class='ocrx_word' id='word_1_779' title='bbox 2550 5709 2782 5779; x_wconf 70' lang='lat' dir='ltr'><strong>singulis</strong></span> <span class='ocrx_word' id='word_1_780' title='bbox 2855 5709 3174 5764; x_wconf 82' lang='lat' dir='ltr'><strong>obsidendis</strong></span> <span class='ocrx_word' id='word_1_781' title='bbox 3235 5716 3443 5776; x_wconf 78' lang='lat' dir='ltr'><strong>partem</strong></span> <span class='ocrx_word' id='word_1_782' title='bbox 3489 5705 3773 5776; x_wconf 85' lang='lat' dir='ltr'><strong>copiarum</strong></span> 
     </span>
     <span class='ocr_line' id='line_1_101' title="bbox 609 5786 793 5825; baseline 0.027 -5"><span class='ocrx_word' id='word_1_783' title='bbox 609 5786 630 5820; x_wconf 74' lang='grc' dir='ltr'>ε</span> <span class='ocrx_word' id='word_1_784' title='bbox 663 5786 673 5821; x_wconf 84' lang='grc' dir='ltr'><strong>Ι</strong></span> <span class='ocrx_word' id='word_1_785' title='bbox 719 5787 747 5822; x_wconf 65' lang='grc' dir='ltr'>(Ι</span> <span class='ocrx_word' id='word_1_786' title='bbox 780 5811 793 5825; x_wconf 76' lang='grc' dir='ltr'><strong><em>ο</em></strong></span> 
     </span>
    </p>
   </div>
   <div class='ocr_carea' id='block_1_101' title="bbox 609 5786 793 5825">
    <p class='ocr_par' dir='ltr' id='par_1_101' title="bbox 609 5786 793 5825">
     <span class='ocr_line' id='line_1_102' title="bbox 609 5786 793 5825; baseline 0.027 -5"><span class='ocrx_word' id='word_1_787' title='bbox 609 5786 793 5825; x_wconf 77' lang='lat' dir='ltr'><strong>sunat.</strong></span> 
     </span>
    </p>
   </div>
  </div>
