  <div class='ocr_page' id='page_1' title='image "/cluster/home/n/w/nwhite01/storage/ocr_20150623/153/mdp.39015078384727/334.png"; bbox 0 0 4122 6296; ppageno 0'>
   <div class='ocr_carea' id='block_1_1' title="bbox 378 358 593 417">
    <p class='ocr_par' dir='ltr' id='par_1_1' title="bbox 378 358 593 417">
     <span class='ocr_line' id='line_1_1' title="bbox 378 358 593 417; baseline 0.037 -8"><span class='ocrx_word' id='word_1_1' title='bbox 378 358 486 415; x_wconf 75' lang='lat' dir='ltr'><strong>r33</strong></span> <span class='ocrx_word' id='word_1_2' title='bbox 582 410 593 417; x_wconf 85' lang='lat'><strong>.</strong></span> 
     </span>
    </p>
   </div>
   <div class='ocr_carea' id='block_1_2' title="bbox 1547 375 2502 436">
    <p class='ocr_par' dir='ltr' id='par_1_2' title="bbox 1547 375 2502 436">
     <span class='ocr_line' id='line_1_2' title="bbox 1547 375 2502 436; baseline 0.002 -2"><span class='ocrx_word' id='word_1_3' title='bbox 1547 375 2104 435; x_wconf 69' lang='lat' dir='ltr'><strong>HlSTUIIlAllUM</strong></span> <span class='ocrx_word' id='word_1_4' title='bbox 2146 378 2383 434; x_wconf 75' lang='lat' dir='ltr'><strong>LIBER</strong></span> <span class='ocrx_word' id='word_1_5' title='bbox 2425 381 2502 436; x_wconf 89' lang='lat' dir='ltr'><strong>ll.</strong></span> 
     </span>
    </p>
   </div>
   <div class='ocr_carea' id='block_1_3' title="bbox 3535 386 3641 447">
    <p class='ocr_par' dir='ltr' id='par_1_3' title="bbox 3535 386 3641 447">
     <span class='ocr_line' id='line_1_3' title="bbox 3535 386 3641 447; baseline 0 -1"><span class='ocrx_word' id='word_1_6' title='bbox 3535 386 3641 447; x_wconf 68' lang='grc'><strong>634</strong></span> 
     </span>
    </p>
   </div>
   <div class='ocr_carea' id='block_1_4' title="bbox 1771 483 2255 541">
    <p class='ocr_par' dir='ltr' id='par_1_4' title="bbox 1771 483 2255 541">
     <span class='ocr_line' id='line_1_4' title="bbox 1771 483 2255 541; baseline 0 0"><span class='ocrx_word' id='word_1_7' title='bbox 1771 484 1998 541; x_wconf 81' lang='lat' dir='ltr'><strong>CAPUT</strong></span> <span class='ocrx_word' id='word_1_8' title='bbox 2037 483 2255 541; x_wconf 71' lang='lat' dir='ltr'><strong>XXXV.</strong></span> 
     </span>
    </p>
   </div>
   <div class='ocr_carea' id='block_1_5' title="bbox 377 564 3644 650">
    <p class='ocr_par' dir='ltr' id='par_1_5' title="bbox 377 564 3644 650">
     <span class='ocr_line' id='line_1_5' title="bbox 377 564 3644 650; baseline 0.007 -32"><span class='ocrx_word' id='word_1_9' title='bbox 377 564 610 637; x_wconf 62' lang='lat' dir='ltr'><strong>Magnus</strong></span> <span class='ocrx_word' id='word_1_10' title='bbox 640 567 954 650; x_wconf 62' lang='lat' dir='ltr'><strong>deitieslicits</strong></span> <span class='ocrx_word' id='word_1_11' title='bbox 982 587 1121 650; x_wconf 69' lang='lat' dir='ltr'><strong>a‘gre</strong></span> <span class='ocrx_word' id='word_1_12' title='bbox 1149 572 1469 650; x_wconf 64' lang='lat' dir='ltr'><strong>colloquitur:</strong></span> <span class='ocrx_word' id='word_1_13' title='bbox 1495 576 1756 634; x_wconf 76' lang='lat' dir='ltr'><strong>Cabasilaz</strong></span> <span class='ocrx_word' id='word_1_14' title='bbox 1784 577 2053 650; x_wconf 64' lang='lat' dir='ltr'><strong>impetrat.</strong></span> <span class='ocrx_word' id='word_1_15' title='bbox 2090 573 2443 645; x_wconf 75' lang='lat' dir='ltr'><strong>Defectionem</strong></span> <span class='ocrx_word' id='word_1_16' title='bbox 2475 582 2679 636; x_wconf 80' lang='lat' dir='ltr'><strong>urbium</strong></span> <span class='ocrx_word' id='word_1_17' title='bbox 2716 581 2800 636; x_wconf 89' lang='lat' dir='ltr'><strong>illi</strong></span> <span class='ocrx_word' id='word_1_18' title='bbox 2823 584 3124 650; x_wconf 68' lang='lat' dir='ltr'><strong>ea‘probrat.</strong></span> <span class='ocrx_word' id='word_1_19' title='bbox 3158 585 3330 641; x_wconf 81' lang='lat' dir='ltr'><strong>Tertio</strong></span> <span class='ocrx_word' id='word_1_20' title='bbox 3361 588 3443 640; x_wconf 76' lang='lat' dir='ltr'><strong>die</strong></span> <span class='ocrx_word' id='word_1_21' title='bbox 3473 604 3644 641; x_wconf 73' lang='lat' dir='ltr'><strong>rever-</strong></span> 
     </span>
    </p>
   </div>
   <div class='ocr_carea' id='block_1_6' title="bbox 447 636 2068 714">
    <p class='ocr_par' dir='ltr' id='par_1_6' title="bbox 447 636 2068 714">
     <span class='ocr_line' id='line_1_6' title="bbox 447 636 2068 714; baseline 0.002 -24"><span class='ocrx_word' id='word_1_22' title='bbox 447 636 560 714; x_wconf 62' lang='lat' dir='ltr'><strong>sus.</strong></span> <span class='ocrx_word' id='word_1_23' title='bbox 596 636 665 691; x_wconf 82' lang='lat' dir='ltr'><strong>ad</strong></span> <span class='ocrx_word' id='word_1_24' title='bbox 692 639 1006 714; x_wconf 76' lang='lat' dir='ltr'><strong>deditionem</strong></span> <span class='ocrx_word' id='word_1_25' title='bbox 1028 636 1256 708; x_wconf 41' lang='lat' dir='ltr'><strong>’ﬂectere</strong></span> <span class='ocrx_word' id='word_1_26' title='bbox 1295 636 1494 714; x_wconf 62' lang='lat' dir='ltr'><strong>frustra</strong></span> <span class='ocrx_word' id='word_1_27' title='bbox 1545 658 1791 701; x_wconf 81' lang='lat' dir='ltr'><strong>conatur.</strong></span> <span class='ocrx_word' id='word_1_28' title='bbox 1844 636 2068 714; x_wconf 71' lang='lat' dir='ltr'><strong>Demnm</strong></span> 
     </span>
    </p>
   </div>
   <div class='ocr_carea' id='block_1_7' title="bbox 2108 650 3642 723">
    <p class='ocr_par' dir='ltr' id='par_1_7' title="bbox 2108 650 3642 723">
     <span class='ocr_line' id='line_1_7' title="bbox 2108 650 3642 723; baseline 0.008 -25"><span class='ocrx_word' id='word_1_29' title='bbox 2108 650 2409 723; x_wconf 58' lang='lat' dir='ltr'><strong>persuadet.</strong></span> <span class='ocrx_word' id='word_1_30' title='bbox 2445 669 2540 723; x_wconf 78' lang='lat' dir='ltr'><strong>_ac</strong></span> <span class='ocrx_word' id='word_1_31' title='bbox 2571 650 2751 706; x_wconf 73' lang='lat' dir='ltr'><strong>lwlnm</strong></span> <span class='ocrx_word' id='word_1_32' title='bbox 2805 657 3047 723; x_wconf 69' lang='lat' dir='ltr'><strong>nuntium</strong></span> <span class='ocrx_word' id='word_1_33' title='bbox 3100 658 3417 723; x_wconf 80' lang='lat' dir='ltr'><strong>imperatori</strong></span> <span class='ocrx_word' id='word_1_34' title='bbox 3453 656 3642 710; x_wconf 72' lang='lat' dir='ltr'><strong>Artem</strong></span> 
     </span>
    </p>
   </div>
   <div class='ocr_carea' id='block_1_8' title="bbox 453 706 3721 791">
    <p class='ocr_par' dir='ltr' id='par_1_8' title="bbox 453 706 3721 791">
     <span class='ocr_line' id='line_1_8' title="bbox 453 706 3721 791; baseline 0.006 -30"><span class='ocrx_word' id='word_1_35' title='bbox 453 706 741 791; x_wconf 61' lang='lat' dir='ltr'><strong>(illaturus,</strong></span> <span class='ocrx_word' id='word_1_36' title='bbox 773 711 828 762; x_wconf 83' lang='lat' dir='ltr'><strong>in</strong></span> <span class='ocrx_word' id='word_1_37' title='bbox 859 706 1141 791; x_wconf 67' lang='lat' dir='ltr'><strong>itineread</strong></span> <span class='ocrx_word' id='word_1_38' title='bbox 1167 706 1363 791; x_wconf 72' lang='lat' dir='ltr'><strong>fontem</strong></span> <span class='ocrx_word' id='word_1_39' title='bbox 1409 720 1654 791; x_wconf 74' lang='lat' dir='ltr'><strong>prandet.</strong></span> <span class='ocrx_word' id='word_1_40' title='bbox 1683 716 1758 791; x_wconf 76' lang='lat' dir='ltr'><strong>Eo</strong></span> <span class='ocrx_word' id='word_1_41' title='bbox 1788 715 1927 791; x_wconf 64' lang='lat' dir='ltr'><strong>uenit</strong></span> <span class='ocrx_word' id='word_1_42' title='bbox 1961 706 2256 791; x_wconf 63' lang='lat' dir='ltr'><strong>Cabqsilas,</strong></span> <span class='ocrx_word' id='word_1_43' title='bbox 2288 721 2564 776; x_wconf 74' lang='lat' dir='ltr'><strong>consilium</strong></span> <span class='ocrx_word' id='word_1_44' title='bbox 2583 740 2841 790; x_wconf 78' lang='lat' dir='ltr'><strong>qun&#39;retts.</strong></span> <span class='ocrx_word' id='word_1_45' title='bbox 2870 706 3039 788; x_wconf 75' lang='lat' dir='ltr'><strong>Quem</strong></span> <span class='ocrx_word' id='word_1_46' title='bbox 3063 706 3643 786; x_wconf 57' lang='grc' dir='ltr'><strong>εάὀᾶὶηίέδὲοὶιῖιὶίὶζὶέὶ</strong></span> <span class='ocrx_word' id='word_1_47' title='bbox 3720 788 3721 791; x_wconf 27' lang='grc' dir='ltr'><strong>η</strong></span> 
     </span>
    </p>
   </div>
   <div class='ocr_carea' id='block_1_9' title="bbox 450 779 3647 860">
    <p class='ocr_par' dir='ltr' id='par_1_9' title="bbox 450 779 3647 860">
     <span class='ocr_line' id='line_1_9' title="bbox 450 779 3647 860; baseline 0.007 -32"><span class='ocrx_word' id='word_1_48' title='bbox 450 779 702 860; x_wconf 62' lang='lat' dir='ltr'><strong>postridie</strong></span> <span class='ocrx_word' id='word_1_49' title='bbox 759 796 971 860; x_wconf 53' lang='lat' dir='ltr'><strong>nemine</strong></span> <span class='ocrx_word' id='word_1_50' title='bbox 1023 779 1360 860; x_wconf 62' lang='lat' dir='ltr'><strong>imperatoris</strong></span> <span class='ocrx_word' id='word_1_51' title='bbox 1409 779 1591 841; x_wconf 55' lang='lat' dir='ltr'><strong>&#39;urbem</strong></span> <span class='ocrx_word' id='word_1_52' title='bbox 1638 787 1857 860; x_wconf 60' lang='lat' dir='ltr'><strong>accipit.</strong></span> <span class='ocrx_word' id='word_1_53' title='bbox 1886 781 2171 860; x_wconf 60' lang='lat' dir='ltr'><strong>Capasilas</strong></span> <span class='ocrx_word' id='word_1_54' title='bbox 2196 779 2312 840; x_wconf 84' lang='lat' dir='ltr'><strong>cum</strong></span> <span class='ocrx_word' id='word_1_55' title='bbox 2346 779 2663 860; x_wconf 61' lang='lat' dir='ltr'><strong>primoribus</strong></span> <span class='ocrx_word' id='word_1_56' title='bbox 2710 795 2780 845; x_wconf 87' lang='lat' dir='ltr'><strong>ad</strong></span> <span class='ocrx_word' id='word_1_57' title='bbox 2824 779 3197 860; x_wconf 53' lang='lat' dir='ltr'><strong>iniperatorem</strong></span> <span class='ocrx_word' id='word_1_58' title='bbox 3237 814 3268 847; x_wconf 85' lang='grc' dir='ltr'>α</span> <span class='ocrx_word' id='word_1_59' title='bbox 3312 813 3505 860; x_wconf 77' lang='lat' dir='ltr'><strong>magno</strong></span> <span class='ocrx_word' id='word_1_60' title='bbox 3549 779 3647 849; x_wconf 61' lang='grc' dir='ltr'><strong>ὶιάὲ</strong></span> 
     </span>
    </p>
   </div>
   <div class='ocr_carea' id='block_1_10' title="bbox 451 849 3643 932">
    <p class='ocr_par' dir='ltr' id='par_1_10' title="bbox 451 849 3643 932">
     <span class='ocr_line' id='line_1_10' title="bbox 451 849 3643 932; baseline 0.006 -32"><span class='ocrx_word' id='word_1_61' title='bbox 451 849 1199 932; x_wconf 46' lang='lat' dir='ltr'><strong>inealieonuddttcilur.‘ﬁdem</strong></span> <span class='ocrx_word' id='word_1_62' title='bbox 1242 867 1572 932; x_wconf 61' lang='lat' dir='ltr'><strong>constantem</strong></span> <span class='ocrx_word' id='word_1_63' title='bbox 1622 856 1900 932; x_wconf 74' lang='lat' dir='ltr'><strong>promittit.</strong></span> <span class='ocrx_word' id='word_1_64' title='bbox 1952 851 2253 932; x_wconf 66' lang='lat' dir='ltr'><strong>imperator</strong></span> <span class='ocrx_word' id='word_1_65' title='bbox 2294 849 2471 921; x_wconf 84' lang='lat' dir='ltr'><strong>illum,</strong></span> <span class='ocrx_word' id='word_1_66' title='bbox 2541 872 2857 932; x_wconf 72' lang='lat' dir='ltr'><strong>craterasque</strong></span> <span class='ocrx_word' id='word_1_67' title='bbox 2901 849 3178 918; x_wconf 60' lang='lat' dir='ltr'><strong>collaudat</strong></span> <span class='ocrx_word' id='word_1_68' title='bbox 3221 875 3269 918; x_wconf 84' lang='lat' dir='ltr'><strong>et</strong></span> <span class='ocrx_word' id='word_1_69' title='bbox 3309 849 3643 920; x_wconf 69' lang='lat' dir='ltr'><strong>muneratur.</strong></span> 
     </span>
    </p>
   </div>
   <div class='ocr_carea' id='block_1_11' title="bbox 353 918 1986 994">
    <p class='ocr_par' dir='ltr' id='par_1_11' title="bbox 353 918 1986 994">
     <span class='ocr_line' id='line_1_11' title="bbox 353 918 1986 994; baseline 0.001 -24"><span class='ocrx_word' id='word_1_70' title='bbox 353 929 365 939; x_wconf 85' lang='lat'><strong><em>‘</em></strong></span> <span class='ocrx_word' id='word_1_71' title='bbox 449 921 616 972; x_wconf 75' lang='grc' dir='ltr'><strong>Δι’ιωί</strong></span> <span class='ocrx_word' id='word_1_72' title='bbox 650 918 879 989; x_wconf 79' lang='lat' dir='ltr'><strong>Rhogios</strong></span> <span class='ocrx_word' id='word_1_73' title='bbox 914 921 1206 977; x_wconf 75' lang='lat' dir='ltr'><strong>maledictis</strong></span> <span class='ocrx_word' id='word_1_74' title='bbox 1231 929 1591 994; x_wconf 82' lang='lat' dir='ltr'><strong>proscindunt,</strong></span> <span class='ocrx_word' id='word_1_75' title='bbox 1619 918 1669 981; x_wconf 70' lang='lat' dir='ltr'><strong>et</strong></span> <span class='ocrx_word' id='word_1_76' title='bbox 1699 926 1986 979; x_wconf 81' lang='lat' dir='ltr'><strong>obdurant.</strong></span> 
     </span>
    </p>
   </div>
   <div class='ocr_carea' id='block_1_12' title="bbox 461 1030 1968 1119">
    <p class='ocr_par' dir='ltr' id='par_1_12' title="bbox 461 1030 1952 1111">
     <span class='ocr_line' id='line_1_12' title="bbox 461 1030 1952 1111; baseline 0.005 -25"><span class='ocrx_word' id='word_1_77' title='bbox 461 1030 522 1086; x_wconf 79' lang='grc' dir='ltr'><strong>Ὀ</strong></span> <span class='ocrx_word' id='word_1_78' title='bbox 559 1033 731 1101; x_wconf 80' lang='grc' dir='ltr'>μέγας</span> <span class='ocrx_word' id='word_1_79' title='bbox 765 1035 822 1086; x_wconf 79' lang='grc' dir='ltr'>δὲ</span> <span class='ocrx_word' id='word_1_80' title='bbox 855 1036 1177 1106; x_wconf 78' lang='grc' dir='ltr'>δομέστικος</span> <span class='ocrx_word' id='word_1_81' title='bbox 1214 1041 1567 1111; x_wconf 79' lang='grc' dir='ltr'><strong>μεμνημένος</strong></span> <span class='ocrx_word' id='word_1_82' title='bbox 1595 1042 1666 1104; x_wconf 86' lang='grc' dir='ltr'>ὼς</span> <span class='ocrx_word' id='word_1_83' title='bbox 1703 1038 1952 1095; x_wconf 71' lang='grc' dir='ltr'>Καῧασί·</span> 
     </span>
    </p>
   </div>
   <div class='ocr_carea' id='block_1_13' title="bbox 2069 1030 3648 1119">
    <p class='ocr_par' dir='ltr' id='par_1_13' title="bbox 2129 1037 3648 1119">
     <span class='ocr_line' id='line_1_13' title="bbox 2129 1037 3648 1119; baseline 0.011 -29"><span class='ocrx_word' id='word_1_84' title='bbox 2129 1037 2355 1109; x_wconf 81' lang='lat' dir='ltr'><strong>Magnus</strong></span> <span class='ocrx_word' id='word_1_85' title='bbox 2388 1052 2571 1098; x_wconf 89' lang='lat' dir='ltr'><strong>autem</strong></span> <span class='ocrx_word' id='word_1_86' title='bbox 2604 1045 2962 1110; x_wconf 86' lang='lat' dir='ltr'><strong>domesticus,</strong></span> <span class='ocrx_word' id='word_1_87' title='bbox 2998 1064 3214 1103; x_wconf 91' lang='lat' dir='ltr'><strong>memor</strong></span> <span class='ocrx_word' id='word_1_88' title='bbox 3250 1052 3526 1119; x_wconf 87' lang='lat' dir='ltr'><strong>quomodo</strong></span> <span class='ocrx_word' id='word_1_89' title='bbox 3557 1052 3648 1107; x_wconf 82' lang='lat' dir='ltr'><strong>hic</strong></span> 
     </span>
    </p>
   </div>
   <div class='ocr_carea' id='block_1_14' title="bbox 378 1124 1958 1204">
    <p class='ocr_par' dir='ltr' id='par_1_14' title="bbox 378 1124 1958 1204">
     <span class='ocr_line' id='line_1_14' title="bbox 378 1124 1958 1204; baseline 0.004 -28"><span class='ocrx_word' id='word_1_90' title='bbox 378 1124 479 1186; x_wconf 80' lang='grc' dir='ltr'><strong>λας</strong></span> <span class='ocrx_word' id='word_1_91' title='bbox 508 1127 709 1189; x_wconf 73' lang='grc' dir='ltr'>οὑτοσὶ,</span> <span class='ocrx_word' id='word_1_92' title='bbox 741 1128 831 1180; x_wconf 82' lang='grc' dir='ltr'>ὅτε</span> <span class='ocrx_word' id='word_1_93' title='bbox 863 1128 1079 1197; x_wconf 78' lang='grc' dir='ltr'>πρῶτον</span> <span class='ocrx_word' id='word_1_94' title='bbox 1115 1132 1478 1201; x_wconf 67' lang='grc' dir='ltr'><strong>Ἀκαρνανίαν</strong></span> <span class='ocrx_word' id='word_1_95' title='bbox 1511 1137 1775 1204; x_wconf 73' lang='grc' dir='ltr'>ποιήσατο</span> <span class='ocrx_word' id='word_1_96' title='bbox 1808 1131 1958 1201; x_wconf 80' lang='grc' dir='ltr'>αὑτῷ</span> 
     </span>
    </p>
   </div>
   <div class='ocr_carea' id='block_1_15' title="bbox 381 1219 1960 1296">
    <p class='ocr_par' dir='ltr' id='par_1_15' title="bbox 381 1219 1960 1296">
     <span class='ocr_line' id='line_1_15' title="bbox 381 1219 1960 1296; baseline 0.003 -23"><span class='ocrx_word' id='word_1_97' title='bbox 381 1221 411 1273; x_wconf 87' lang='grc' dir='ltr'>ὁ</span> <span class='ocrx_word' id='word_1_98' title='bbox 438 1219 713 1288; x_wconf 83' lang='grc' dir='ltr'>βασιλεὺς,</span> <span class='ocrx_word' id='word_1_99' title='bbox 743 1223 914 1276; x_wconf 84' lang='grc' dir='ltr'>πολλά</span> <span class='ocrx_word' id='word_1_100' title='bbox 941 1225 1108 1278; x_wconf 80' lang='grc' dir='ltr'>αὐτοῦ</span> <span class='ocrx_word' id='word_1_101' title='bbox 1139 1227 1400 1291; x_wconf 75' lang='grc' dir='ltr'>πολλάκις</span> <span class='ocrx_word' id='word_1_102' title='bbox 1429 1229 1621 1296; x_wconf 78' lang='grc' dir='ltr'>ἐδεήθη</span> <span class='ocrx_word' id='word_1_103' title='bbox 1646 1230 1759 1290; x_wconf 77' lang='grc' dir='ltr'>τοῖς</span> <span class='ocrx_word' id='word_1_104' title='bbox 1784 1228 1960 1294; x_wconf 81' lang='grc' dir='ltr'>φίλοις</span> 
     </span>
    </p>
   </div>
   <div class='ocr_carea' id='block_1_16' title="bbox 383 1311 1960 1385">
    <p class='ocr_par' dir='ltr' id='par_1_16' title="bbox 383 1311 1960 1385">
     <span class='ocr_line' id='line_1_16' title="bbox 383 1311 1960 1385; baseline 0.004 -23"><span class='ocrx_word' id='word_1_105' title='bbox 383 1311 852 1381; x_wconf 71' lang='grc' dir='ltr'>συνκριθμηθῆναι</span> <span class='ocrx_word' id='word_1_106' title='bbox 881 1315 1047 1370; x_wconf 79' lang='grc' dir='ltr'>αὐτοῦ</span> <span class='ocrx_word' id='word_1_107' title='bbox 1082 1319 1176 1370; x_wconf 82' lang='grc' dir='ltr'><strong>καὶ</strong></span> <span class='ocrx_word' id='word_1_108' title='bbox 1207 1321 1311 1381; x_wconf 80' lang='grc' dir='ltr'>τοῖς</span> <span class='ocrx_word' id='word_1_109' title='bbox 1340 1320 1585 1384; x_wconf 73' lang='grc' dir='ltr'><strong>οἰκείοις,</strong></span> <span class='ocrx_word' id='word_1_110' title='bbox 1636 1321 1730 1373; x_wconf 65' lang='grc' dir='ltr'>καὶ</span> <span class='ocrx_word' id='word_1_111' title='bbox 1763 1319 1960 1385; x_wconf 76' lang='grc' dir='ltr'>πολλῆς</span> 
     </span>
    </p>
   </div>
   <div class='ocr_carea' id='block_1_17' title="bbox 382 1399 1960 1479">
    <p class='ocr_par' dir='ltr' id='par_1_17' title="bbox 382 1399 1960 1479">
     <span class='ocr_line' id='line_1_17' title="bbox 382 1399 1960 1479; baseline 0.014 -29"><span class='ocrx_word' id='word_1_112' title='bbox 382 1399 659 1454; x_wconf 78' lang='grc' dir='ltr'><strong>ἀπέλαυσε</strong></span> <span class='ocrx_word' id='word_1_113' title='bbox 702 1405 959 1472; x_wconf 74' lang='grc' dir='ltr'><strong>προνοίας</strong></span> <span class='ocrx_word' id='word_1_114' title='bbox 992 1409 1091 1477; x_wconf 80' lang='grc' dir='ltr'>τῆς</span> <span class='ocrx_word' id='word_1_115' title='bbox 1131 1408 1296 1461; x_wconf 78' lang='grc' dir='ltr'>αὐτοῦ</span> <span class='ocrx_word' id='word_1_116' title='bbox 1340 1411 1651 1472; x_wconf 73' lang='grc' dir='ltr'>πεισθέντος</span> <span class='ocrx_word' id='word_1_117' title='bbox 1691 1409 1828 1479; x_wconf 69' lang='grc' dir='ltr'>πρὸς</span> <span class='ocrx_word' id='word_1_118' title='bbox 1861 1409 1960 1476; x_wconf 74' lang='grc' dir='ltr'><strong>τὴν</strong></span> 
     </span>
    </p>
   </div>
   <div class='ocr_carea' id='block_1_18' title="bbox 382 1490 1961 1568">
    <p class='ocr_par' dir='ltr' id='par_1_18' title="bbox 382 1490 1961 1568">
     <span class='ocr_line' id='line_1_18' title="bbox 382 1490 1961 1568; baseline 0.006 -25"><span class='ocrx_word' id='word_1_119' title='bbox 382 1490 620 1558; x_wconf 67' lang='grc' dir='ltr'>αἴτησιν,</span> <span class='ocrx_word' id='word_1_120' title='bbox 687 1494 912 1558; x_wconf 68' lang='grc' dir='ltr'>ἐλπίσας</span> <span class='ocrx_word' id='word_1_121' title='bbox 944 1498 1003 1548; x_wconf 83' lang='grc' dir='ltr'><strong>τέ</strong></span> <span class='ocrx_word' id='word_1_122' title='bbox 1037 1514 1091 1549; x_wconf 89' lang='grc' dir='ltr'><strong>τι</strong></span> <span class='ocrx_word' id='word_1_123' title='bbox 1134 1500 1197 1550; x_wconf 82' lang='grc' dir='ltr'>ἐκ</span> <span class='ocrx_word' id='word_1_124' title='bbox 1233 1501 1332 1566; x_wconf 70' lang='grc' dir='ltr'>τῆς</span> <span class='ocrx_word' id='word_1_125' title='bbox 1373 1500 1509 1568; x_wconf 70' lang='grc' dir='ltr'>πρὸς</span> <span class='ocrx_word' id='word_1_126' title='bbox 1547 1501 1708 1553; x_wconf 83' lang='grc' dir='ltr'>αὐτὸν</span> <span class='ocrx_word' id='word_1_127' title='bbox 1744 1501 1961 1552; x_wconf 79' lang='grc' dir='ltr'>ἀνύσειν</span> 
     </span>
    </p>
   </div>
   <div class='ocr_carea' id='block_1_19' title="bbox 386 1582 1959 1660">
    <p class='ocr_par' dir='ltr' id='par_1_19' title="bbox 386 1582 1959 1660">
     <span class='ocr_line' id='line_1_19' title="bbox 386 1582 1959 1660; baseline 0.006 -27"><span class='ocrx_word' id='word_1_128' title='bbox 386 1582 669 1637; x_wconf 72' lang='grc' dir='ltr'>Κασχσίλα</span> <span class='ocrx_word' id='word_1_129' title='bbox 705 1585 888 1652; x_wconf 77' lang='grc' dir='ltr'>φιλίας</span> <span class='ocrx_word' id='word_1_130' title='bbox 910 1629 924 1653; x_wconf 90' lang='grc'><strong>,</strong></span> <span class='ocrx_word' id='word_1_131' title='bbox 956 1588 1067 1640; x_wconf 85' lang='grc' dir='ltr'>τῶν</span> <span class='ocrx_word' id='word_1_132' title='bbox 1099 1590 1315 1643; x_wconf 77' lang='grc' dir='ltr'>οἰκείων</span> <span class='ocrx_word' id='word_1_133' title='bbox 1345 1590 1559 1657; x_wconf 79' lang='grc' dir='ltr'><strong>ὀλίγους</strong></span> <span class='ocrx_word' id='word_1_134' title='bbox 1592 1590 1924 1660; x_wconf 75' lang='grc' dir='ltr'>παραλαϐὼν</span> <span class='ocrx_word' id='word_1_135' title='bbox 1944 1632 1959 1657; x_wconf 90' lang='grc'><strong>,</strong></span> 
     </span>
    </p>
   </div>
   <div class='ocr_carea' id='block_1_20' title="bbox 383 1668 1962 1752">
    <p class='ocr_par' dir='ltr' id='par_1_20' title="bbox 383 1668 1962 1752">
     <span class='ocr_line' id='line_1_20' title="bbox 383 1668 1962 1752; baseline 0.008 -29"><span class='ocrx_word' id='word_1_136' title='bbox 383 1668 548 1743; x_wconf 76' lang='grc' dir='ltr'>ἦλθεν</span> <span class='ocrx_word' id='word_1_137' title='bbox 577 1677 657 1738; x_wconf 84' lang='grc' dir='ltr'><strong>εἰς</strong></span> <span class='ocrx_word' id='word_1_138' title='bbox 686 1677 897 1745; x_wconf 86' lang='grc' dir='ltr'>Ῥωγώ.</span> <span class='ocrx_word' id='word_1_139' title='bbox 928 1678 1247 1742; x_wconf 76' lang='grc' dir='ltr'>Καδασίλας</span> <span class='ocrx_word' id='word_1_140' title='bbox 1273 1681 1318 1734; x_wconf 79' lang='grc' dir='ltr'>δ’</span> <span class='ocrx_word' id='word_1_141' title='bbox 1342 1683 1465 1735; x_wconf 74' lang='grc' dir='ltr'>ἐπεὶ</span> <span class='ocrx_word' id='word_1_142' title='bbox 1496 1682 1603 1736; x_wconf 80' lang='grc' dir='ltr'>ἀπὸ</span> <span class='ocrx_word' id='word_1_143' title='bbox 1632 1682 1726 1734; x_wconf 84' lang='grc' dir='ltr'>τοῦ</span> <span class='ocrx_word' id='word_1_144' title='bbox 1753 1681 1962 1752; x_wconf 79' lang='grc' dir='ltr'>τείχους</span> 
     </span>
    </p>
   </div>
   <div class='ocr_carea' id='block_1_21' title="bbox 386 1766 1964 1846">
    <p class='ocr_par' dir='ltr' id='par_1_21' title="bbox 386 1766 1964 1846">
     <span class='ocr_line' id='line_1_21' title="bbox 386 1766 1964 1846; baseline 0.008 -28"><span class='ocrx_word' id='word_1_145' title='bbox 386 1766 534 1835; x_wconf 79' lang='grc' dir='ltr'>ἐώρα</span> <span class='ocrx_word' id='word_1_146' title='bbox 575 1770 894 1837; x_wconf 81' lang='grc' dir='ltr'>προσιόντα,</span> <span class='ocrx_word' id='word_1_147' title='bbox 936 1772 1158 1840; x_wconf 74' lang='grc' dir='ltr'>πέμψας</span> <span class='ocrx_word' id='word_1_148' title='bbox 1200 1773 1392 1835; x_wconf 82' lang='grc' dir='ltr'>ἐδεῖτο,</span> <span class='ocrx_word' id='word_1_149' title='bbox 1441 1774 1514 1844; x_wconf 82' lang='grc' dir='ltr'>μὴ</span> <span class='ocrx_word' id='word_1_150' title='bbox 1561 1776 1728 1843; x_wconf 84' lang='grc' dir='ltr'>ἐγγὺς</span> <span class='ocrx_word' id='word_1_151' title='bbox 1766 1776 1964 1846; x_wconf 84' lang='grc' dir='ltr'><strong>τειχῶν</strong></span> 
     </span>
    </p>
   </div>
   <div class='ocr_carea' id='block_1_22' title="bbox 387 1857 1965 1937">
    <p class='ocr_par' dir='ltr' id='par_1_22' title="bbox 387 1857 1965 1937">
     <span class='ocr_line' id='line_1_22' title="bbox 387 1857 1965 1937; baseline 0.006 -28"><span class='ocrx_word' id='word_1_152' title='bbox 387 1857 661 1923; x_wconf 76' lang='grc' dir='ltr'>γενέσθαι.</span> <span class='ocrx_word' id='word_1_153' title='bbox 686 1859 758 1913; x_wconf 82' lang='grc' dir='ltr'><em>Ἢ</em></span> <span class='ocrx_word' id='word_1_154' title='bbox 796 1861 906 1930; x_wconf 83' lang='grc' dir='ltr'><strong>γὰρ</strong></span> <span class='ocrx_word' id='word_1_155' title='bbox 945 1863 1157 1930; x_wconf 80' lang='grc' dir='ltr'>ἀνάγκη</span> <span class='ocrx_word' id='word_1_156' title='bbox 1200 1864 1589 1933; x_wconf 82' lang='grc' dir='ltr'><strong>συντυγχάνειν</strong></span> <span class='ocrx_word' id='word_1_157' title='bbox 1634 1866 1785 1937; x_wconf 81' lang='grc' dir='ltr'>παρὰ</span> <span class='ocrx_word' id='word_1_158' title='bbox 1826 1866 1965 1933; x_wconf 88' lang='grc' dir='ltr'>γνώ-</span> 
     </span>
    </p>
   </div>
   <div class='ocr_carea' id='block_1_23' title="bbox 394 1950 1964 2024">
    <p class='ocr_par' dir='ltr' id='par_1_23' title="bbox 394 1950 1964 2024">
     <span class='ocr_line' id='line_1_23' title="bbox 394 1950 1964 2024; baseline 0.006 -24"><span class='ocrx_word' id='word_1_159' title='bbox 394 1966 525 2018; x_wconf 88' lang='grc' dir='ltr'>μην.</span> <span class='ocrx_word' id='word_1_160' title='bbox 572 1950 902 2005; x_wconf 81' lang='grc' dir='ltr'>Πεπεικέναι</span> <span class='ocrx_word' id='word_1_161' title='bbox 942 1953 1050 2022; x_wconf 72' lang='grc' dir='ltr'>γὰρ</span> <span class='ocrx_word' id='word_1_162' title='bbox 1095 1955 1288 2007; x_wconf 81' lang='grc' dir='ltr'>ἑαυτὸν</span> <span class='ocrx_word' id='word_1_163' title='bbox 1328 1955 1588 2020; x_wconf 76' lang='grc' dir='ltr'>καθάπαξ</span> <span class='ocrx_word' id='word_1_164' title='bbox 1632 1957 1964 2024; x_wconf 77' lang='grc' dir='ltr'>ἀφίστασθαι</span> 
     </span>
    </p>
   </div>
   <div class='ocr_carea' id='block_1_24' title="bbox 399 2038 1966 2112">
    <p class='ocr_par' dir='ltr' id='par_1_24' title="bbox 399 2038 1966 2112">
     <span class='ocr_line' id='line_1_24' title="bbox 399 2038 1966 2112; baseline 0.006 -21"><span class='ocrx_word' id='word_1_165' title='bbox 399 2038 692 2111; x_wconf 82' lang='grc' dir='ltr'>Ῥωμαίων</span> <span class='ocrx_word' id='word_1_166' title='bbox 712 2081 728 2105; x_wconf 91' lang='grc'><strong>,</strong></span> <span class='ocrx_word' id='word_1_167' title='bbox 757 2043 790 2110; x_wconf 82' lang='grc' dir='ltr'>ἢ</span> <span class='ocrx_word' id='word_1_168' title='bbox 822 2043 1214 2098; x_wconf 77' lang='grc' dir='ltr'>ἀποθανεῖσθαι</span> <span class='ocrx_word' id='word_1_169' title='bbox 1242 2063 1255 2076; x_wconf 76' lang='grc' dir='ltr'><strong><em>ο</em></strong></span> <span class='ocrx_word' id='word_1_170' title='bbox 1287 2045 1316 2098; x_wconf 78' lang='grc' dir='ltr'><strong>ὃ</strong></span> <span class='ocrx_word' id='word_1_171' title='bbox 1345 2048 1439 2100; x_wconf 76' lang='grc' dir='ltr'><strong>καὶ</strong></span> <span class='ocrx_word' id='word_1_172' title='bbox 1469 2046 1602 2099; x_wconf 75' lang='grc' dir='ltr'>αὐτὸ</span> <span class='ocrx_word' id='word_1_173' title='bbox 1633 2048 1837 2112; x_wconf 80' lang='grc' dir='ltr'>παντὸς</span> <span class='ocrx_word' id='word_1_174' title='bbox 1868 2049 1966 2101; x_wconf 81' lang='grc' dir='ltr'>ἐπ-</span> 
     </span>
    </p>
   </div>
   <div class='ocr_carea' id='block_1_25' title="bbox 387 2128 1973 2204">
    <p class='ocr_par' dir='ltr' id='par_1_25' title="bbox 387 2128 1973 2204">
     <span class='ocr_line' id='line_1_25' title="bbox 387 2128 1973 2204; baseline 0.004 -22"><span class='ocrx_word' id='word_1_175' title='bbox 387 2128 616 2196; x_wconf 73' lang='grc' dir='ltr'>αχθέστε</span> <span class='ocrx_word' id='word_1_176' title='bbox 625 2147 718 2200; x_wconf 90' lang='grc' dir='ltr'><strong>ρον</strong></span> <span class='ocrx_word' id='word_1_177' title='bbox 743 2131 940 2193; x_wconf 66' lang='grc' dir='ltr'>κακοῦ,</span> <span class='ocrx_word' id='word_1_178' title='bbox 967 2134 1064 2185; x_wconf 73' lang='grc' dir='ltr'><strong>καὶ</strong></span> <span class='ocrx_word' id='word_1_179' title='bbox 1088 2133 1188 2202; x_wconf 88' lang='grc' dir='ltr'>οὐχ</span> <span class='ocrx_word' id='word_1_180' title='bbox 1210 2134 1411 2204; x_wconf 75' lang='grc' dir='ltr'>ἥκιστα</span> <span class='ocrx_word' id='word_1_181' title='bbox 1444 2134 1643 2203; x_wconf 68' lang='grc' dir='ltr'>παντὸς</span> <span class='ocrx_word' id='word_1_182' title='bbox 1669 2133 1973 2204; x_wconf 73' lang='grc' dir='ltr'>ἀνιαρώτεο</span> 
     </span>
    </p>
   </div>
   <div class='ocr_carea' id='block_1_26' title="bbox 389 2221 1968 2295">
    <p class='ocr_par' dir='ltr' id='par_1_26' title="bbox 389 2221 1968 2295">
     <span class='ocr_line' id='line_1_26' title="bbox 389 2221 1968 2295; baseline 0.004 -21"><span class='ocrx_word' id='word_1_183' title='bbox 389 2239 502 2292; x_wconf 84' lang='grc' dir='ltr'>ρον.</span> <span class='ocrx_word' id='word_1_184' title='bbox 539 2221 599 2276; x_wconf 79' lang='lat'><strong>&#39;0</strong></span> <span class='ocrx_word' id='word_1_185' title='bbox 628 2221 802 2292; x_wconf 84' lang='grc' dir='ltr'><strong>μέγας</strong></span> <span class='ocrx_word' id='word_1_186' title='bbox 829 2224 884 2276; x_wconf 85' lang='grc' dir='ltr'>δὲ</span> <span class='ocrx_word' id='word_1_187' title='bbox 914 2224 1231 2294; x_wconf 63' lang='grc' dir='ltr'>ὼμέστικος</span> <span class='ocrx_word' id='word_1_188' title='bbox 1270 2227 1424 2280; x_wconf 74' lang='grc' dir='ltr'>οὖδὲν</span> <span class='ocrx_word' id='word_1_189' title='bbox 1484 2226 1692 2295; x_wconf 71' lang='grc' dir='ltr'>ἔφασκε</span> <span class='ocrx_word' id='word_1_190' title='bbox 1722 2228 1850 2290; x_wconf 82' lang='grc' dir='ltr'>τοὺς</span> <span class='ocrx_word' id='word_1_191' title='bbox 1883 2228 1968 2280; x_wconf 83' lang='grc' dir='ltr'><strong>λό-</strong></span> 
     </span>
    </p>
   </div>
   <div class='ocr_carea' id='block_1_27' title="bbox 384 2300 1964 2388">
    <p class='ocr_par' dir='ltr' id='par_1_27' title="bbox 384 2300 1964 2388">
     <span class='ocr_line' id='line_1_27' title="bbox 384 2300 1964 2388; baseline 0.005 -23"><span class='ocrx_word' id='word_1_192' title='bbox 384 2328 519 2378; x_wconf 85' lang='grc' dir='ltr'>γους</span> <span class='ocrx_word' id='word_1_193' title='bbox 562 2307 700 2366; x_wconf 75' lang='grc' dir='ltr'>εἶναι</span> <span class='ocrx_word' id='word_1_194' title='bbox 744 2313 880 2382; x_wconf 77' lang='grc' dir='ltr'>πρὸς</span> <span class='ocrx_word' id='word_1_195' title='bbox 920 2314 1102 2370; x_wconf 81' lang='grc' dir='ltr'>αὐτόν.</span> <span class='ocrx_word' id='word_1_196' title='bbox 1132 2318 1305 2380; x_wconf 77' lang='grc' dir='ltr'>Αὐτὸς</span> <span class='ocrx_word' id='word_1_197' title='bbox 1344 2319 1452 2387; x_wconf 77' lang='grc' dir='ltr'>γὰρ</span> <span class='ocrx_word' id='word_1_198' title='bbox 1494 2300 1964 2388; x_wconf 75' lang='grc' dir='ltr'><strong>ἐπαγγειλάμενος</strong></span> 
     </span>
    </p>
   </div>
   <div class='ocr_carea' id='block_1_28' title="bbox 2060 1128 3645 1203">
    <p class='ocr_par' dir='ltr' id='par_1_28' title="bbox 2060 1128 3645 1203">
     <span class='ocr_line' id='line_1_28' title="bbox 2060 1128 3645 1203; baseline 0.008 -21"><span class='ocrx_word' id='word_1_199' title='bbox 2060 1128 2367 1196; x_wconf 85' lang='lat' dir='ltr'><strong>Cabasilas,</strong></span> <span class='ocrx_word' id='word_1_200' title='bbox 2410 1150 2533 1188; x_wconf 84' lang='lat' dir='ltr'><strong>cum</strong></span> <span class='ocrx_word' id='word_1_201' title='bbox 2565 1138 2800 1202; x_wconf 87' lang='lat' dir='ltr'><strong>primum</strong></span> <span class='ocrx_word' id='word_1_202' title='bbox 2834 1138 3195 1194; x_wconf 80' lang='lat' dir='ltr'><strong>Acarnaniam</strong></span> <span class='ocrx_word' id='word_1_203' title='bbox 3231 1142 3504 1203; x_wconf 64' lang='lat' dir='ltr'><strong>reciperet</strong></span> <span class='ocrx_word' id='word_1_204' title='bbox 3542 1143 3645 1195; x_wconf 89' lang='lat' dir='ltr'><strong>im-</strong></span> 
     </span>
    </p>
   </div>
   <div class='ocr_carea' id='block_1_29' title="bbox 2060 1227 3649 1299">
    <p class='ocr_par' dir='ltr' id='par_1_29' title="bbox 2060 1227 3649 1299">
     <span class='ocr_line' id='line_1_29' title="bbox 2060 1227 3649 1299; baseline 0.01 -26"><span class='ocrx_word' id='word_1_205' title='bbox 2060 1232 2304 1291; x_wconf 87' lang='lat' dir='ltr'><strong>perator,</strong></span> <span class='ocrx_word' id='word_1_206' title='bbox 2342 1240 2486 1293; x_wconf 74' lang='lat' dir='ltr'><strong>smpe</strong></span> <span class='ocrx_word' id='word_1_207' title='bbox 2509 1227 2852 1297; x_wconf 88' lang='lat' dir='ltr'><strong>multumque</strong></span> <span class='ocrx_word' id='word_1_208' title='bbox 2876 1242 3140 1299; x_wconf 76' lang='lat' dir='ltr'><strong>rogasset,</strong></span> <span class='ocrx_word' id='word_1_209' title='bbox 3191 1233 3266 1287; x_wconf 90' lang='lat' dir='ltr'><strong>uti</strong></span> <span class='ocrx_word' id='word_1_210' title='bbox 3293 1249 3417 1287; x_wconf 88' lang='lat' dir='ltr'><strong>eum</strong></span> <span class='ocrx_word' id='word_1_211' title='bbox 3454 1236 3649 1289; x_wconf 85' lang='lat' dir='ltr'><strong>amicis</strong></span> 
     </span>
    </p>
   </div>
   <div class='ocr_carea' id='block_1_30' title="bbox 2062 1314 3646 1394">
    <p class='ocr_par' dir='ltr' id='par_1_30' title="bbox 2062 1314 3646 1394">
     <span class='ocr_line' id='line_1_30' title="bbox 2062 1314 3646 1394; baseline 0.007 -28"><span class='ocrx_word' id='word_1_212' title='bbox 2062 1328 2125 1367; x_wconf 91' lang='lat' dir='ltr'><strong>ac</strong></span> <span class='ocrx_word' id='word_1_213' title='bbox 2181 1314 2546 1385; x_wconf 80' lang='lat' dir='ltr'><strong>familiaribus</strong></span> <span class='ocrx_word' id='word_1_214' title='bbox 2604 1321 2719 1374; x_wconf 86' lang='lat' dir='ltr'><strong>suis</strong></span> <span class='ocrx_word' id='word_1_215' title='bbox 2759 1323 3040 1390; x_wconf 80' lang='lat' dir='ltr'><strong>allegcret,</strong></span> <span class='ocrx_word' id='word_1_216' title='bbox 3076 1334 3132 1378; x_wconf 89' lang='lat' dir='ltr'><strong>et</strong></span> <span class='ocrx_word' id='word_1_217' title='bbox 3167 1341 3277 1394; x_wconf 90' lang='lat' dir='ltr'><strong>quo</strong></span> <span class='ocrx_word' id='word_1_218' title='bbox 3324 1336 3482 1394; x_wconf 89' lang='lat' dir='ltr'><strong>pacto</strong></span> <span class='ocrx_word' id='word_1_219' title='bbox 3528 1327 3646 1394; x_wconf 86' lang='lat' dir='ltr'><strong>ejus</strong></span> 
     </span>
    </p>
   </div>
   <div class='ocr_carea' id='block_1_31' title="bbox 2062 1406 3644 1483">
    <p class='ocr_par' dir='ltr' id='par_1_31' title="bbox 2062 1406 3644 1483">
     <span class='ocr_line' id='line_1_31' title="bbox 2062 1406 3644 1483; baseline 0.006 -26"><span class='ocrx_word' id='word_1_220' title='bbox 2062 1406 2317 1474; x_wconf 91' lang='lat' dir='ltr'><strong>petitioni</strong></span> <span class='ocrx_word' id='word_1_221' title='bbox 2345 1423 2615 1474; x_wconf 87' lang='lat' dir='ltr'><strong>annuens,</strong></span> <span class='ocrx_word' id='word_1_222' title='bbox 2638 1427 2735 1466; x_wconf 80' lang='lat' dir='ltr'><strong>sua</strong></span> <span class='ocrx_word' id='word_1_223' title='bbox 2759 1428 2889 1467; x_wconf 86' lang='lat' dir='ltr'><strong>cura</strong></span> <span class='ocrx_word' id='word_1_224' title='bbox 2911 1430 2973 1468; x_wconf 88' lang='lat' dir='ltr'><strong>ac</strong></span> <span class='ocrx_word' id='word_1_225' title='bbox 3002 1415 3348 1483; x_wconf 76' lang='lat' dir='ltr'><strong>providentia</strong></span> <span class='ocrx_word' id='word_1_226' title='bbox 3377 1415 3644 1483; x_wconf 80' lang='lat' dir='ltr'><strong>singulari</strong></span> 
     </span>
    </p>
   </div>
   <div class='ocr_carea' id='block_1_32' title="bbox 2061 1496 3648 1574">
    <p class='ocr_par' dir='ltr' id='par_1_32' title="bbox 2061 1496 3648 1574">
     <span class='ocr_line' id='line_1_32' title="bbox 2061 1496 3648 1574; baseline 0.008 -26"><span class='ocrx_word' id='word_1_227' title='bbox 2061 1496 2222 1566; x_wconf 75' lang='lat'><strong>312</strong></span> <span class='ocrx_word' id='word_1_228' title='bbox 2261 1513 2516 1568; x_wconf 76' lang='lat' dir='ltr'><strong>magnum</strong></span> <span class='ocrx_word' id='word_1_229' title='bbox 2552 1501 2777 1574; x_wconf 75' lang='grc' dir='ltr'><strong>⁸ιιοιιιίηἰ</strong></span> <span class='ocrx_word' id='word_1_230' title='bbox 2817 1503 3053 1559; x_wconf 83' lang='lat' dir='ltr'><strong>fructum</strong></span> <span class='ocrx_word' id='word_1_231' title='bbox 3099 1507 3395 1570; x_wconf 71' lang='lat' dir='ltr'><strong>attulisset,</strong></span> <span class='ocrx_word' id='word_1_232' title='bbox 3445 1521 3648 1559; x_wconf 85' lang='lat' dir='ltr'><strong>conce-</strong></span> 
     </span>
    </p>
   </div>
   <div class='ocr_carea' id='block_1_33' title="bbox 2062 1595 3645 1665">
    <p class='ocr_par' dir='ltr' id='par_1_33' title="bbox 2062 1595 3645 1665">
     <span class='ocr_line' id='line_1_33' title="bbox 2062 1595 3645 1665; baseline 0.007 -27"><span class='ocrx_word' id='word_1_233' title='bbox 2062 1597 2265 1656; x_wconf 84' lang='lat' dir='ltr'><strong>ptaque</strong></span> <span class='ocrx_word' id='word_1_234' title='bbox 2297 1604 2412 1656; x_wconf 84' lang='lat' dir='ltr'><strong>spe,</strong></span> <span class='ocrx_word' id='word_1_235' title='bbox 2449 1601 2670 1660; x_wconf 83' lang='lat' dir='ltr'><strong>propter</strong></span> <span class='ocrx_word' id='word_1_236' title='bbox 2690 1608 2809 1647; x_wconf 89' lang='lat' dir='ltr'><strong>eam</strong></span> <span class='ocrx_word' id='word_1_237' title='bbox 2847 1596 3146 1651; x_wconf 85' lang='lat' dir='ltr'><strong>amicitiam</strong></span> <span class='ocrx_word' id='word_1_238' title='bbox 3175 1596 3382 1665; x_wconf 83' lang='lat' dir='ltr'><strong>aliquid</strong></span> <span class='ocrx_word' id='word_1_239' title='bbox 3403 1595 3645 1650; x_wconf 83' lang='lat' dir='ltr'><strong>eﬂ&#39;ectu-</strong></span> 
     </span>
    </p>
   </div>
   <div class='ocr_carea' id='block_1_34' title="bbox 2062 1681 3641 1754">
    <p class='ocr_par' dir='ltr' id='par_1_34' title="bbox 2062 1681 3641 1754">
     <span class='ocr_line' id='line_1_34' title="bbox 2062 1681 3641 1754; baseline 0.004 -24"><span class='ocrx_word' id='word_1_240' title='bbox 2062 1693 2208 1742; x_wconf 90' lang='lat' dir='ltr'><strong>rum,</strong></span> <span class='ocrx_word' id='word_1_241' title='bbox 2240 1681 2432 1748; x_wconf 86' lang='lat' dir='ltr'><strong>paucis</strong></span> <span class='ocrx_word' id='word_1_242' title='bbox 2482 1682 2779 1737; x_wconf 77' lang='lat' dir='ltr'><strong>Comitatus</strong></span> <span class='ocrx_word' id='word_1_243' title='bbox 2809 1683 3175 1739; x_wconf 77' lang='lat' dir='ltr'><strong>familiaribus</strong></span> <span class='ocrx_word' id='word_1_244' title='bbox 3209 1685 3460 1754; x_wconf 80' lang='lat' dir='ltr'><strong>Rhogum</strong></span> <span class='ocrx_word' id='word_1_245' title='bbox 3505 1683 3641 1738; x_wconf 89' lang='lat' dir='ltr'><strong>adit.</strong></span> 
     </span>
    </p>
   </div>
   <div class='ocr_carea' id='block_1_35' title="bbox 2062 1769 3644 1843">
    <p class='ocr_par' dir='ltr' id='par_1_35' title="bbox 2062 1769 3644 1843">
     <span class='ocr_line' id='line_1_35' title="bbox 2062 1769 3644 1843; baseline 0.001 -17"><span class='ocrx_word' id='word_1_246' title='bbox 2062 1769 2344 1826; x_wconf 86' lang='lat' dir='ltr'><strong>Cabasilas</strong></span> <span class='ocrx_word' id='word_1_247' title='bbox 2382 1773 2736 1828; x_wconf 89' lang='lat' dir='ltr'><strong>accedentem</strong></span> <span class='ocrx_word' id='word_1_248' title='bbox 2767 1774 2835 1828; x_wconf 91' lang='lat' dir='ltr'><strong>de</strong></span> <span class='ocrx_word' id='word_1_249' title='bbox 2877 1790 3047 1829; x_wconf 88' lang='lat' dir='ltr'><strong>muro</strong></span> <span class='ocrx_word' id='word_1_250' title='bbox 3077 1775 3452 1843; x_wconf 82' lang='lat' dir='ltr'><strong>conspicatus,</strong></span> <span class='ocrx_word' id='word_1_251' title='bbox 3492 1774 3644 1828; x_wconf 82' lang='lat' dir='ltr'><strong>misit</strong></span> 
     </span>
    </p>
   </div>
   <div class='ocr_carea' id='block_1_36' title="bbox 2064 1865 3640 1933">
    <p class='ocr_par' dir='ltr' id='par_1_36' title="bbox 2064 1865 3640 1933">
     <span class='ocr_line' id='line_1_36' title="bbox 2064 1865 3640 1933; baseline 0.001 -17"><span class='ocrx_word' id='word_1_252' title='bbox 2064 1871 2306 1925; x_wconf 88' lang='lat' dir='ltr'><strong>oratum,</strong></span> <span class='ocrx_word' id='word_1_253' title='bbox 2356 1877 2425 1916; x_wconf 89' lang='lat' dir='ltr'><strong>ne</strong></span> <span class='ocrx_word' id='word_1_254' title='bbox 2490 1865 2718 1933; x_wconf 80' lang='lat' dir='ltr'><strong>propius</strong></span> <span class='ocrx_word' id='word_1_255' title='bbox 2773 1866 2976 1919; x_wconf 64' lang='lat' dir='ltr'><strong>moenia</strong></span> <span class='ocrx_word' id='word_1_256' title='bbox 3024 1866 3278 1920; x_wconf 88' lang='lat' dir='ltr'><strong>veniret:</strong></span> <span class='ocrx_word' id='word_1_257' title='bbox 3313 1865 3459 1918; x_wconf 84' lang='lat' dir='ltr'><strong>nolle</strong></span> <span class='ocrx_word' id='word_1_258' title='bbox 3491 1866 3640 1919; x_wconf 92' lang='lat' dir='ltr'><strong>enim</strong></span> 
     </span>
    </p>
   </div>
   <div class='ocr_carea' id='block_1_37' title="bbox 2066 1949 3642 2025">
    <p class='ocr_par' dir='ltr' id='par_1_37' title="bbox 2066 1949 3642 2025">
     <span class='ocr_line' id='line_1_37' title="bbox 2066 1949 3642 2025; baseline 0.003 -19"><span class='ocrx_word' id='word_1_259' title='bbox 2066 1949 2190 2007; x_wconf 75' lang='lat' dir='ltr'><strong>eum</strong></span> <span class='ocrx_word' id='word_1_260' title='bbox 2215 1970 2282 2008; x_wconf 91' lang='lat' dir='ltr'><strong>eo</strong></span> <span class='ocrx_word' id='word_1_261' title='bbox 2317 1955 2580 2025; x_wconf 80' lang='lat' dir='ltr'><strong>colloqui.</strong></span> <span class='ocrx_word' id='word_1_262' title='bbox 2606 1956 2741 2011; x_wconf 87' lang='lat' dir='ltr'><strong>Nam</strong></span> <span class='ocrx_word' id='word_1_263' title='bbox 2764 1957 3047 2011; x_wconf 85' lang='lat' dir='ltr'><strong>induxisse</strong></span> <span class='ocrx_word' id='word_1_264' title='bbox 3079 1958 3132 2011; x_wconf 92' lang='lat' dir='ltr'><strong>in</strong></span> <span class='ocrx_word' id='word_1_265' title='bbox 3164 1958 3408 2011; x_wconf 88' lang='lat' dir='ltr'><strong>animum</strong></span> <span class='ocrx_word' id='word_1_266' title='bbox 3450 1956 3642 2020; x_wconf 86' lang='lat' dir='ltr'><strong>semel,</strong></span> 
     </span>
    </p>
   </div>
   <div class='ocr_carea' id='block_1_38' title="bbox 2066 2046 3642 2118">
    <p class='ocr_par' dir='ltr' id='par_1_38' title="bbox 2066 2046 3642 2118">
     <span class='ocr_line' id='line_1_38' title="bbox 2066 2046 3642 2118; baseline 0.001 -19"><span class='ocrx_word' id='word_1_267' title='bbox 2066 2059 2190 2099; x_wconf 90' lang='lat' dir='ltr'><strong>cum</strong></span> <span class='ocrx_word' id='word_1_268' title='bbox 2229 2046 2493 2102; x_wconf 82' lang='lat' dir='ltr'><strong>Romanis</strong></span> <span class='ocrx_word' id='word_1_269' title='bbox 2524 2047 2598 2101; x_wconf 90' lang='lat' dir='ltr'><strong>nil</strong></span> <span class='ocrx_word' id='word_1_270' title='bbox 2630 2048 2832 2103; x_wconf 83' lang='lat' dir='ltr'><strong>habere</strong></span> <span class='ocrx_word' id='word_1_271' title='bbox 2861 2048 3087 2118; x_wconf 77' lang='lat' dir='ltr'><strong>negotii,</strong></span> <span class='ocrx_word' id='word_1_272' title='bbox 3127 2055 3220 2102; x_wconf 89' lang='lat' dir='ltr'><strong>aut</strong></span> <span class='ocrx_word' id='word_1_273' title='bbox 3255 2048 3429 2103; x_wconf 89' lang='lat' dir='ltr'><strong>emori</strong></span> <span class='ocrx_word' id='word_1_274' title='bbox 3455 2065 3469 2102; x_wconf 93' lang='lat'>:</span> <span class='ocrx_word' id='word_1_275' title='bbox 3494 2046 3642 2117; x_wconf 83' lang='lat' dir='ltr'><strong>quod</strong></span> 
     </span>
    </p>
   </div>
   <div class='ocr_carea' id='block_1_39' title="bbox 2066 2137 3643 2208">
    <p class='ocr_par' dir='ltr' id='par_1_39' title="bbox 2066 2137 3643 2208">
     <span class='ocr_line' id='line_1_39' title="bbox 2066 2137 3643 2208; baseline 0.002 -19"><span class='ocrx_word' id='word_1_276' title='bbox 2066 2137 2309 2190; x_wconf 88' lang='lat' dir='ltr'><strong>omnium</strong></span> <span class='ocrx_word' id='word_1_277' title='bbox 2339 2138 2605 2192; x_wconf 87' lang='lat' dir='ltr'><strong>malorum</strong></span> <span class='ocrx_word' id='word_1_278' title='bbox 2631 2139 3038 2194; x_wconf 89' lang='lat' dir='ltr'><strong>odiosissimum</strong></span> <span class='ocrx_word' id='word_1_279' title='bbox 3066 2148 3187 2195; x_wconf 88' lang='lat' dir='ltr'><strong>erat</strong></span> <span class='ocrx_word' id='word_1_280' title='bbox 3241 2149 3407 2208; x_wconf 88' lang='lat' dir='ltr'><strong>atque</strong></span> <span class='ocrx_word' id='word_1_281' title='bbox 3441 2139 3643 2193; x_wconf 87' lang='lat' dir='ltr'><strong>tristis-</strong></span> 
     </span>
    </p>
   </div>
   <div class='ocr_carea' id='block_1_40' title="bbox 2064 2226 3641 2297">
    <p class='ocr_par' dir='ltr' id='par_1_40' title="bbox 2064 2226 3641 2297">
     <span class='ocr_line' id='line_1_40' title="bbox 2064 2226 3641 2297; baseline 0 -17"><span class='ocrx_word' id='word_1_282' title='bbox 2064 2226 2288 2280; x_wconf 80' lang='lat' dir='ltr'><strong>simum.</strong></span> <span class='ocrx_word' id='word_1_283' title='bbox 2322 2228 2462 2282; x_wconf 89' lang='lat' dir='ltr'><strong>Tum</strong></span> <span class='ocrx_word' id='word_1_284' title='bbox 2521 2243 2750 2297; x_wconf 81' lang='lat' dir='ltr'><strong>magnus</strong></span> <span class='ocrx_word' id='word_1_285' title='bbox 2796 2229 3152 2294; x_wconf 86' lang='lat' dir='ltr'><strong>domesticus,</strong></span> <span class='ocrx_word' id='word_1_286' title='bbox 3195 2229 3329 2283; x_wconf 88' lang='lat' dir='ltr'><strong>nihil</strong></span> <span class='ocrx_word' id='word_1_287' title='bbox 3358 2229 3424 2282; x_wconf 72' lang='lat' dir='ltr'><strong>ad</strong></span> <span class='ocrx_word' id='word_1_288' title='bbox 3452 2244 3510 2283; x_wconf 90' lang='lat' dir='ltr'><strong>se</strong></span> <span class='ocrx_word' id='word_1_289' title='bbox 3540 2228 3641 2282; x_wconf 88' lang='lat' dir='ltr'><strong>ista</strong></span> 
     </span>
    </p>
   </div>
   <div class='ocr_carea' id='block_1_41' title="bbox 2068 2318 3642 2390">
    <p class='ocr_par' dir='ltr' id='par_1_41' title="bbox 2068 2318 3642 2390">
     <span class='ocr_line' id='line_1_41' title="bbox 2068 2318 3642 2390; baseline 0 -20"><span class='ocrx_word' id='word_1_290' title='bbox 2068 2321 2234 2375; x_wconf 80' lang='lat' dir='ltr'><strong>verba</strong></span> <span class='ocrx_word' id='word_1_291' title='bbox 2278 2322 2599 2390; x_wconf 84' lang='lat' dir='ltr'><strong>pertinere:</strong></span> <span class='ocrx_word' id='word_1_292' title='bbox 2645 2336 2770 2374; x_wconf 87' lang='lat' dir='ltr'><strong>nam</strong></span> <span class='ocrx_word' id='word_1_293' title='bbox 2794 2335 2918 2375; x_wconf 82' lang='lat' dir='ltr'><strong>eum</strong></span> <span class='ocrx_word' id='word_1_294' title='bbox 2970 2335 3029 2374; x_wconf 78' lang='lat' dir='ltr'><strong>se</strong></span> <span class='ocrx_word' id='word_1_295' title='bbox 3093 2319 3358 2375; x_wconf 70' lang='lat' dir='ltr'><strong>Cabasilte</strong></span> <span class='ocrx_word' id='word_1_296' title='bbox 3402 2318 3642 2373; x_wconf 88' lang='lat' dir='ltr'><strong>amicum</strong></span> 
     </span>
    </p>
   </div>
   <div class='ocr_carea' id='block_1_42' title="bbox 388 2382 1968 2485">
    <p class='ocr_par' dir='ltr' id='par_1_42' title="bbox 388 2382 1956 2485">
     <span class='ocr_line' id='line_1_42' title="bbox 388 2382 1956 2485; baseline 0.005 -27"><span class='ocrx_word' id='word_1_297' title='bbox 388 2404 677 2476; x_wconf 76' lang='grc' dir='ltr'>ΚαὸασίΑα</span> <span class='ocrx_word' id='word_1_298' title='bbox 727 2403 869 2461; x_wconf 70' lang='grc' dir='ltr'>εἶναι</span> <span class='ocrx_word' id='word_1_299' title='bbox 915 2407 1087 2477; x_wconf 81' lang='grc' dir='ltr'>φίλος,</span> <span class='ocrx_word' id='word_1_300' title='bbox 1136 2409 1205 2462; x_wconf 68' lang='grc' dir='ltr'><strong>τὰ</strong></span> <span class='ocrx_word' id='word_1_301' title='bbox 1254 2382 1622 2481; x_wconf 52' lang='grc' dir='ltr'>προσήκοντα</span> <span class='ocrx_word' id='word_1_302' title='bbox 1651 2382 1833 2480; x_wconf 79' lang='grc' dir='ltr'>φίλοις</span> <span class='ocrx_word' id='word_1_303' title='bbox 1882 2382 1956 2485; x_wconf 65' lang='grc' dir='ltr'><strong>μη</strong></span> 
     </span>
    </p>
   </div>
   <div class='ocr_carea' id='block_1_43' title="bbox 2069 2382 3645 2485">
    <p class='ocr_par' dir='ltr' id='par_1_43' title="bbox 2069 2382 3645 2481">
     <span class='ocr_line' id='line_1_43' title="bbox 2069 2382 3645 2481; baseline 0 -19"><span class='ocrx_word' id='word_1_304' title='bbox 2069 2410 2182 2464; x_wconf 83' lang='lat' dir='ltr'><strong>fore</strong></span> <span class='ocrx_word' id='word_1_305' title='bbox 2214 2382 2620 2480; x_wconf 73' lang='lat' dir='ltr'><strong>spopondisset,</strong></span> <span class='ocrx_word' id='word_1_306' title='bbox 2652 2426 2757 2465; x_wconf 93' lang='lat' dir='ltr'><strong>non</strong></span> <span class='ocrx_word' id='word_1_307' title='bbox 2799 2411 3004 2481; x_wconf 74' lang='lat' dir='ltr'><strong>pigrari</strong></span> <span class='ocrx_word' id='word_1_308' title='bbox 3039 2410 3278 2466; x_wconf 81' lang='lat' dir='ltr'><strong>oﬂicium</strong></span> <span class='ocrx_word' id='word_1_309' title='bbox 3311 2410 3474 2465; x_wconf 84' lang='lat' dir='ltr'><strong>amici</strong></span> <span class='ocrx_word' id='word_1_310' title='bbox 3507 2423 3645 2479; x_wconf 65' lang='lat' dir='ltr'><strong>pra:-</strong></span> 
     </span>
    </p>
   </div>
   <div class='ocr_carea' id='block_1_44' title="bbox 388 2499 1957 2573">
    <p class='ocr_par' dir='ltr' id='par_1_44' title="bbox 388 2499 1957 2573">
     <span class='ocr_line' id='line_1_44' title="bbox 388 2499 1957 2573; baseline 0.008 -26"><span class='ocrx_word' id='word_1_311' title='bbox 388 2499 676 2549; x_wconf 78' lang='grc' dir='ltr'>κατοκνετν</span> <span class='ocrx_word' id='word_1_312' title='bbox 706 2502 906 2553; x_wconf 85' lang='grc' dir='ltr'>ποιεῖν.</span> <span class='ocrx_word' id='word_1_313' title='bbox 938 2501 1036 2553; x_wconf 68' lang='lat' dir='ltr'><strong>“Av</strong></span> <span class='ocrx_word' id='word_1_314' title='bbox 1065 2500 1109 2553; x_wconf 83' lang='grc' dir='ltr'>δ’</span> <span class='ocrx_word' id='word_1_315' title='bbox 1135 2502 1299 2564; x_wconf 82' lang='grc' dir='ltr'>αὐτὸς</span> <span class='ocrx_word' id='word_1_316' title='bbox 1333 2502 1592 2571; x_wconf 85' lang='grc' dir='ltr'>διωθῆται</span> <span class='ocrx_word' id='word_1_317' title='bbox 1631 2505 1921 2573; x_wconf 82' lang='grc' dir='ltr'>προσιόντα</span> <span class='ocrx_word' id='word_1_318' title='bbox 1940 2544 1957 2572; x_wconf 85' lang='grc'><strong>,</strong></span> 
     </span>
    </p>
   </div>
   <div class='ocr_carea' id='block_1_45' title="bbox 387 2586 1961 2667">
    <p class='ocr_par' dir='ltr' id='par_1_45' title="bbox 387 2586 1961 2667">
     <span class='ocr_line' id='line_1_45' title="bbox 387 2586 1961 2667; baseline 0.01 -32"><span class='ocrx_word' id='word_1_319' title='bbox 387 2587 452 2653; x_wconf 80' lang='grc' dir='ltr'>τῇ</span> <span class='ocrx_word' id='word_1_320' title='bbox 492 2586 727 2655; x_wconf 62' lang='grc' dir='ltr'>σφετέρα</span> <span class='ocrx_word' id='word_1_321' title='bbox 759 2588 885 2660; x_wconf 79' lang='grc' dir='ltr'>δόξῃ</span> <span class='ocrx_word' id='word_1_322' title='bbox 921 2591 1315 2659; x_wconf 79' lang='grc' dir='ltr'>λυμανεῖσθαι,</span> <span class='ocrx_word' id='word_1_323' title='bbox 1352 2596 1641 2665; x_wconf 78' lang='grc' dir='ltr'>ἀγνώμονα</span> <span class='ocrx_word' id='word_1_324' title='bbox 1677 2601 1803 2667; x_wconf 77' lang='grc' dir='ltr'>περῖ</span> <span class='ocrx_word' id='word_1_325' title='bbox 1836 2601 1961 2662; x_wconf 83' lang='grc' dir='ltr'>τοὺς</span> 
     </span>
    </p>
   </div>
   <div class='ocr_carea' id='block_1_46' title="bbox 388 2675 1963 2755">
    <p class='ocr_par' dir='ltr' id='par_1_46' title="bbox 388 2675 1963 2755">
     <span class='ocr_line' id='line_1_46' title="bbox 388 2675 1963 2755; baseline 0.01 -26"><span class='ocrx_word' id='word_1_326' title='bbox 388 2675 577 2745; x_wconf 80' lang='grc' dir='ltr'>φίλους</span> <span class='ocrx_word' id='word_1_327' title='bbox 598 2719 612 2741; x_wconf 90' lang='grc'><strong>,</strong></span> <span class='ocrx_word' id='word_1_328' title='bbox 645 2681 740 2732; x_wconf 75' lang='grc' dir='ltr'><strong>καὶ</strong></span> <span class='ocrx_word' id='word_1_329' title='bbox 774 2681 874 2753; x_wconf 80' lang='grc' dir='ltr'>τὴν</span> <span class='ocrx_word' id='word_1_330' title='bbox 908 2681 1134 2754; x_wconf 85' lang='grc' dir='ltr'>γνώμην</span> <span class='ocrx_word' id='word_1_331' title='bbox 1172 2685 1536 2755; x_wconf 77' lang='grc' dir='ltr'>εὐμετάϐολον</span> <span class='ocrx_word' id='word_1_332' title='bbox 1570 2689 1963 2745; x_wconf 78' lang='grc' dir='ltr'>ἀποδεικνύντα</span> 
     </span>
    </p>
   </div>
   <div class='ocr_carea' id='block_1_47' title="bbox 390 2770 1964 2850">
    <p class='ocr_par' dir='ltr' id='par_1_47' title="bbox 390 2770 1964 2850">
     <span class='ocr_line' id='line_1_47' title="bbox 390 2770 1964 2850; baseline 0.01 -28"><span class='ocrx_word' id='word_1_333' title='bbox 390 2770 604 2836; x_wconf 75' lang='grc' dir='ltr'>ἐαυτὸν,</span> <span class='ocrx_word' id='word_1_334' title='bbox 649 2775 745 2826; x_wconf 76' lang='grc' dir='ltr'><strong>καὶ</strong></span> <span class='ocrx_word' id='word_1_335' title='bbox 788 2773 963 2829; x_wconf 78' lang='grc' dir='ltr'>ταῦτα</span> <span class='ocrx_word' id='word_1_336' title='bbox 1013 2782 1283 2848; x_wconf 76' lang='grc' dir='ltr'>πρότερον</span> <span class='ocrx_word' id='word_1_337' title='bbox 1329 2780 1493 2833; x_wconf 83' lang='grc' dir='ltr'>αὐτὸν</span> <span class='ocrx_word' id='word_1_338' title='bbox 1537 2780 1823 2850; x_wconf 75' lang='grc' dir='ltr'>δεηθέντα,</span> <span class='ocrx_word' id='word_1_339' title='bbox 1870 2785 1964 2838; x_wconf 80' lang='grc' dir='ltr'><strong>καὶ</strong></span> 
     </span>
    </p>
   </div>
   <div class='ocr_carea' id='block_1_48' title="bbox 392 2863 1966 2943">
    <p class='ocr_par' dir='ltr' id='par_1_48' title="bbox 392 2863 1966 2943">
     <span class='ocr_line' id='line_1_48' title="bbox 392 2863 1966 2943; baseline 0.008 -28"><span class='ocrx_word' id='word_1_340' title='bbox 392 2863 657 2917; x_wconf 84' lang='grc' dir='ltr'>πείσαντα</span> <span class='ocrx_word' id='word_1_341' title='bbox 688 2867 799 2928; x_wconf 84' lang='grc' dir='ltr'>τοῖς</span> <span class='ocrx_word' id='word_1_342' title='bbox 833 2867 1008 2933; x_wconf 83' lang='grc' dir='ltr'>φίλοις</span> <span class='ocrx_word' id='word_1_343' title='bbox 1040 2872 1151 2931; x_wconf 84' lang='grc' dir='ltr'>τοῖς</span> <span class='ocrx_word' id='word_1_344' title='bbox 1184 2872 1335 2938; x_wconf 81' lang='grc' dir='ltr'>ἐμοῖς</span> <span class='ocrx_word' id='word_1_345' title='bbox 1370 2875 1818 2943; x_wconf 82' lang='grc' dir='ltr'>καταγραφῆναι.</span> <span class='ocrx_word' id='word_1_346' title='bbox 1852 2878 1966 2928; x_wconf 83' lang='grc' dir='ltr'><strong>Κα-</strong></span> 
     </span>
    </p>
   </div>
   <div class='ocr_carea' id='block_1_49' title="bbox 390 2953 1959 3034">
    <p class='ocr_par' dir='ltr' id='par_1_49' title="bbox 390 2953 1959 3034">
     <span class='ocr_line' id='line_1_49' title="bbox 390 2953 1959 3034; baseline 0.008 -28"><span class='ocrx_word' id='word_1_347' title='bbox 390 2953 619 3018; x_wconf 76' lang='grc' dir='ltr'>σασίλας</span> <span class='ocrx_word' id='word_1_348' title='bbox 648 2958 704 3010; x_wconf 83' lang='grc' dir='ltr'>δὲ</span> <span class='ocrx_word' id='word_1_349' title='bbox 738 2958 835 3011; x_wconf 74' lang='grc' dir='ltr'>καὶ</span> <span class='ocrx_word' id='word_1_350' title='bbox 866 2959 1028 3022; x_wconf 82' lang='grc' dir='ltr'>αὐτὸς</span> <span class='ocrx_word' id='word_1_351' title='bbox 1060 2962 1443 3032; x_wconf 76' lang='grc' dir='ltr'>διῐσχυρίζετο,</span> <span class='ocrx_word' id='word_1_352' title='bbox 1481 2966 1616 3034; x_wconf 86' lang='grc' dir='ltr'>μήτε</span> <span class='ocrx_word' id='word_1_353' title='bbox 1651 2965 1959 3034; x_wconf 81' lang='grc' dir='ltr'>βούλεσθαι,</span> 
     </span>
    </p>
   </div>
   <div class='ocr_carea' id='block_1_50' title="bbox 396 3045 1964 3124">
    <p class='ocr_par' dir='ltr' id='par_1_50' title="bbox 396 3045 1964 3124">
     <span class='ocr_line' id='line_1_50' title="bbox 396 3045 1964 3124; baseline 0.01 -25"><span class='ocrx_word' id='word_1_354' title='bbox 396 3046 533 3115; x_wconf 86' lang='grc' dir='ltr'>μήτε</span> <span class='ocrx_word' id='word_1_355' title='bbox 560 3045 819 3102; x_wconf 80' lang='grc' dir='ltr'>δύνασθαι</span> <span class='ocrx_word' id='word_1_356' title='bbox 846 3048 947 3120; x_wconf 78' lang='grc' dir='ltr'>τὴν</span> <span class='ocrx_word' id='word_1_357' title='bbox 979 3052 1116 3120; x_wconf 66' lang='grc' dir='ltr'>πρὸς</span> <span class='ocrx_word' id='word_1_358' title='bbox 1148 3054 1309 3106; x_wconf 73' lang='grc' dir='ltr'>αὑτὸν</span> <span class='ocrx_word' id='word_1_359' title='bbox 1337 3056 1520 3124; x_wconf 86' lang='grc' dir='ltr'>φιλίαν</span> <span class='ocrx_word' id='word_1_360' title='bbox 1546 3058 1823 3124; x_wconf 84' lang='grc' dir='ltr'>ἀπειπεῖν,</span> <span class='ocrx_word' id='word_1_361' title='bbox 1869 3061 1964 3113; x_wconf 75' lang='grc' dir='ltr'><strong>καὶ</strong></span> 
     </span>
    </p>
   </div>
   <div class='ocr_carea' id='block_1_51' title="bbox 392 3136 1968 3221">
    <p class='ocr_par' dir='ltr' id='par_1_51' title="bbox 392 3136 1968 3221">
     <span class='ocr_line' id='line_1_51' title="bbox 392 3136 1968 3221; baseline 0.01 -31"><span class='ocrx_word' id='word_1_362' title='bbox 392 3136 542 3193; x_wconf 83' lang='grc' dir='ltr'>δεινά</span> <span class='ocrx_word' id='word_1_363' title='bbox 582 3140 835 3209; x_wconf 79' lang='grc' dir='ltr'>πάσχειν,</span> <span class='ocrx_word' id='word_1_364' title='bbox 874 3144 968 3195; x_wconf 78' lang='grc' dir='ltr'><strong>καὶ</strong></span> <span class='ocrx_word' id='word_1_365' title='bbox 1008 3146 1074 3214; x_wconf 76' lang='grc' dir='ltr'>τῇ</span> <span class='ocrx_word' id='word_1_366' title='bbox 1118 3145 1253 3216; x_wconf 65' lang='grc' dir='ltr'>προς</span> <span class='ocrx_word' id='word_1_367' title='bbox 1295 3147 1455 3201; x_wconf 78' lang='grc' dir='ltr'>αὐτὸν</span> <span class='ocrx_word' id='word_1_368' title='bbox 1494 3150 1648 3221; x_wconf 68' lang='grc' dir='ltr'>φιλίᾳ</span> <span class='ocrx_word' id='word_1_369' title='bbox 1689 3154 1968 3221; x_wconf 83' lang='grc' dir='ltr'>τυραννεῖ-</span> 
     </span>
    </p>
   </div>
   <div class='ocr_carea' id='block_1_52' title="bbox 393 3228 1964 3310">
    <p class='ocr_par' dir='ltr' id='par_1_52' title="bbox 393 3228 1964 3310">
     <span class='ocr_line' id='line_1_52' title="bbox 393 3228 1964 3310; baseline 0.01 -28"><span class='ocrx_word' id='word_1_370' title='bbox 393 3228 541 3290; x_wconf 71' lang='grc' dir='ltr'>σθαι.</span> <span class='ocrx_word' id='word_1_371' title='bbox 562 3231 623 3282; x_wconf 82' lang='grc' dir='ltr'>οὐ</span> <span class='ocrx_word' id='word_1_372' title='bbox 652 3234 893 3304; x_wconf 84' lang='grc' dir='ltr'>μετρίως</span> <span class='ocrx_word' id='word_1_373' title='bbox 916 3235 1240 3305; x_wconf 82' lang='grc' dir='ltr'>ἀνιώμενον,</span> <span class='ocrx_word' id='word_1_374' title='bbox 1264 3239 1346 3293; x_wconf 82' lang='grc' dir='ltr'>ὅτι</span> <span class='ocrx_word' id='word_1_375' title='bbox 1374 3241 1447 3310; x_wconf 77' lang='grc' dir='ltr'>μὴ</span> <span class='ocrx_word' id='word_1_376' title='bbox 1470 3243 1540 3295; x_wconf 77' lang='grc' dir='ltr'>δι’</span> <span class='ocrx_word' id='word_1_377' title='bbox 1564 3244 1757 3296; x_wconf 67' lang='grc' dir='ltr'>ἑαυτοῦ</span> <span class='ocrx_word' id='word_1_378' title='bbox 1779 3244 1964 3307; x_wconf 69' lang='grc' dir='ltr'>αὐτὸς,</span> 
     </span>
    </p>
   </div>
   <div class='ocr_carea' id='block_1_53' title="bbox 394 3317 1973 3399">
    <p class='ocr_par' dir='ltr' id='par_1_53' title="bbox 394 3317 1973 3399">
     <span class='ocr_line' id='line_1_53' title="bbox 394 3317 1973 3399; baseline 0.008 -28"><span class='ocrx_word' id='word_1_379' title='bbox 394 3317 535 3371; x_wconf 84' lang='grc' dir='ltr'><strong>ἀλλά</strong></span> <span class='ocrx_word' id='word_1_380' title='bbox 564 3318 630 3373; x_wconf 84' lang='grc' dir='ltr'><strong>δι’</strong></span> <span class='ocrx_word' id='word_1_381' title='bbox 657 3322 859 3390; x_wconf 79' lang='grc' dir='ltr'>ἐτέρων</span> <span class='ocrx_word' id='word_1_382' title='bbox 921 3323 1013 3377; x_wconf 81' lang='grc' dir='ltr'>τὸν</span> <span class='ocrx_word' id='word_1_383' title='bbox 1047 3326 1294 3396; x_wconf 77' lang='grc' dir='ltr'>παρόντα</span> <span class='ocrx_word' id='word_1_384' title='bbox 1330 3329 1521 3397; x_wconf 78' lang='grc' dir='ltr'>χρόνον</span> <span class='ocrx_word' id='word_1_385' title='bbox 1550 3331 1755 3399; x_wconf 85' lang='grc' dir='ltr'>ὁμιλεῖ.</span> <span class='ocrx_word' id='word_1_386' title='bbox 1795 3334 1973 3387; x_wconf 81' lang='grc' dir='ltr'>Δεδοι-</span> 
     </span>
    </p>
   </div>
   <div class='ocr_carea' id='block_1_54' title="bbox 394 3411 1972 3493">
    <p class='ocr_par' dir='ltr' id='par_1_54' title="bbox 394 3411 1972 3493">
     <span class='ocr_line' id='line_1_54' title="bbox 394 3411 1972 3493; baseline 0.01 -30"><span class='ocrx_word' id='word_1_387' title='bbox 394 3411 551 3465; x_wconf 75' lang='grc' dir='ltr'>κέναι</span> <span class='ocrx_word' id='word_1_388' title='bbox 617 3412 675 3467; x_wconf 68' lang='grc' dir='ltr'>δὲ</span> <span class='ocrx_word' id='word_1_389' title='bbox 722 3415 796 3485; x_wconf 80' lang='grc' dir='ltr'>μὴ</span> <span class='ocrx_word' id='word_1_390' title='bbox 842 3415 939 3486; x_wconf 79' lang='grc' dir='ltr'>οὐχ</span> <span class='ocrx_word' id='word_1_391' title='bbox 986 3411 1099 3479; x_wconf 75' lang='grc' dir='ltr'>οἷός</span> <span class='ocrx_word' id='word_1_392' title='bbox 1143 3436 1201 3472; x_wconf 84' lang='grc' dir='ltr'><strong>τε</strong></span> <span class='ocrx_word' id='word_1_393' title='bbox 1336 3425 1557 3491; x_wconf 77' lang='grc' dir='ltr'>κρατεῖν</span> <span class='ocrx_word' id='word_1_394' title='bbox 1587 3423 1801 3484; x_wconf 79' lang='grc' dir='ltr'>ἑαυτοῦ,</span> <span class='ocrx_word' id='word_1_395' title='bbox 1836 3441 1972 3493; x_wconf 89' lang='grc' dir='ltr'>συγ-</span> 
     </span>
    </p>
   </div>
   <div class='ocr_carea' id='block_1_55' title="bbox 395 3504 1969 3585">
    <p class='ocr_par' dir='ltr' id='par_1_55' title="bbox 395 3504 1969 3585">
     <span class='ocr_line' id='line_1_55' title="bbox 395 3504 1969 3585; baseline 0.008 -28"><span class='ocrx_word' id='word_1_396' title='bbox 395 3504 690 3574; x_wconf 75' lang='grc' dir='ltr'>γινόμενος</span> <span class='ocrx_word' id='word_1_397' title='bbox 740 3508 968 3579; x_wconf 76' lang='grc' dir='ltr'>ἐκείνῳ,</span> <span class='ocrx_word' id='word_1_398' title='bbox 1025 3509 1162 3563; x_wconf 78' lang='grc' dir='ltr'>ἀλλὰ</span> <span class='ocrx_word' id='word_1_399' title='bbox 1208 3513 1405 3566; x_wconf 78' lang='grc' dir='ltr'>ταύτὸν</span> <span class='ocrx_word' id='word_1_400' title='bbox 1455 3517 1566 3578; x_wconf 78' lang='grc' dir='ltr'>τοῖς</span> <span class='ocrx_word' id='word_1_401' title='bbox 1619 3518 1969 3585; x_wconf 81' lang='grc' dir='ltr'>μαινομένοις</span> 
     </span>
    </p>
   </div>
   <div class='ocr_carea' id='block_1_56' title="bbox 394 3595 1973 3675">
    <p class='ocr_par' dir='ltr' id='par_1_56' title="bbox 394 3595 1973 3675">
     <span class='ocr_line' id='line_1_56' title="bbox 394 3595 1973 3675; baseline 0.009 -28"><span class='ocrx_word' id='word_1_402' title='bbox 394 3595 571 3667; x_wconf 76' lang='grc' dir='ltr'>πάθῃ,</span> <span class='ocrx_word' id='word_1_403' title='bbox 602 3597 654 3650; x_wconf 81' lang='grc' dir='ltr'>οἶ</span> <span class='ocrx_word' id='word_1_404' title='bbox 686 3597 907 3669; x_wconf 73' lang='grc' dir='ltr'>ἥδονται</span> <span class='ocrx_word' id='word_1_405' title='bbox 941 3602 1386 3664; x_wconf 78' lang='grc' dir='ltr'>κατακόπτοντες</span> <span class='ocrx_word' id='word_1_406' title='bbox 1422 3605 1648 3669; x_wconf 72' lang='grc' dir='ltr'>ἑαυτοὺς</span> <span class='ocrx_word' id='word_1_407' title='bbox 1667 3646 1681 3670; x_wconf 90' lang='grc'><strong>,</strong></span> <span class='ocrx_word' id='word_1_408' title='bbox 1714 3606 1973 3675; x_wconf 82' lang='grc' dir='ltr'>ἀγνοοῢνο</span> 
     </span>
    </p>
   </div>
   <div class='ocr_carea' id='block_1_57' title="bbox 2063 2498 3641 2570">
    <p class='ocr_par' dir='ltr' id='par_1_57' title="bbox 2063 2498 3641 2570">
     <span class='ocr_line' id='line_1_57' title="bbox 2063 2498 3641 2570; baseline -0.003 -15"><span class='ocrx_word' id='word_1_409' title='bbox 2063 2509 2231 2555; x_wconf 85' lang='lat' dir='ltr'><strong>stare.</strong></span> <span class='ocrx_word' id='word_1_410' title='bbox 2269 2499 2325 2554; x_wconf 90' lang='lat' dir='ltr'><strong>Si</strong></span> <span class='ocrx_word' id='word_1_411' title='bbox 2363 2500 2481 2569; x_wconf 91' lang='lat' dir='ltr'><strong>ipse</strong></span> <span class='ocrx_word' id='word_1_412' title='bbox 2510 2515 2568 2555; x_wconf 89' lang='lat' dir='ltr'><strong>se</strong></span> <span class='ocrx_word' id='word_1_413' title='bbox 2596 2504 3017 2556; x_wconf 80' lang='lat' dir='ltr'><strong>convenientem</strong></span> <span class='ocrx_word' id='word_1_414' title='bbox 3064 2500 3376 2570; x_wconf 87' lang='lat' dir='ltr'><strong>repelleret,</strong></span> <span class='ocrx_word' id='word_1_415' title='bbox 3409 2498 3641 2570; x_wconf 79' lang='lat' dir='ltr'><strong>gloriam</strong></span> 
     </span>
    </p>
   </div>
   <div class='ocr_carea' id='block_1_58' title="bbox 2062 2591 3640 2661">
    <p class='ocr_par' dir='ltr' id='par_1_58' title="bbox 2062 2591 3640 2661">
     <span class='ocr_line' id='line_1_58' title="bbox 2062 2591 3640 2661; baseline -0.002 -15"><span class='ocrx_word' id='word_1_416' title='bbox 2062 2607 2215 2646; x_wconf 82' lang='lat' dir='ltr'><strong>suam</strong></span> <span class='ocrx_word' id='word_1_417' title='bbox 2246 2602 2660 2661; x_wconf 84' lang='lat' dir='ltr'><strong>corrupturum,</strong></span> <span class='ocrx_word' id='word_1_418' title='bbox 2707 2592 2837 2648; x_wconf 86' lang='lat' dir='ltr'><strong>dum</strong></span> <span class='ocrx_word' id='word_1_419' title='bbox 2879 2603 3052 2649; x_wconf 90' lang='lat' dir='ltr'><strong>semet</strong></span> <span class='ocrx_word' id='word_1_420' title='bbox 3092 2593 3144 2648; x_wconf 91' lang='lat' dir='ltr'><strong>in</strong></span> <span class='ocrx_word' id='word_1_421' title='bbox 3181 2594 3390 2648; x_wconf 81' lang='lat' dir='ltr'><strong>amicos</strong></span> <span class='ocrx_word' id='word_1_422' title='bbox 3441 2591 3640 2644; x_wconf 87' lang='lat' dir='ltr'><strong>incon-</strong></span> 
     </span>
    </p>
   </div>
   <div class='ocr_carea' id='block_1_59' title="bbox 2063 2685 3639 2757">
    <p class='ocr_par' dir='ltr' id='par_1_59' title="bbox 2063 2685 3639 2757">
     <span class='ocr_line' id='line_1_59' title="bbox 2063 2685 3639 2757; baseline -0.003 -19"><span class='ocrx_word' id='word_1_423' title='bbox 2063 2694 2300 2757; x_wconf 76' lang='lat' dir='ltr'><strong>stantem</strong></span> <span class='ocrx_word' id='word_1_424' title='bbox 2336 2694 2501 2753; x_wconf 86' lang='lat' dir='ltr'><strong>atque</strong></span> <span class='ocrx_word' id='word_1_425' title='bbox 2532 2686 2847 2754; x_wconf 87' lang='lat' dir='ltr'><strong>improbum</strong></span> <span class='ocrx_word' id='word_1_426' title='bbox 2885 2685 3245 2740; x_wconf 87' lang='lat' dir='ltr'><strong>ostenderet:</strong></span> <span class='ocrx_word' id='word_1_427' title='bbox 3290 2697 3414 2738; x_wconf 90' lang='lat' dir='ltr'><strong>cum</strong></span> <span class='ocrx_word' id='word_1_428' title='bbox 3454 2691 3639 2735; x_wconf 84' lang='lat' dir='ltr'><strong>tamen</strong></span> 
     </span>
    </p>
   </div>
   <div class='ocr_carea' id='block_1_60' title="bbox 2064 2769 3638 2846">
    <p class='ocr_par' dir='ltr' id='par_1_60' title="bbox 2064 2769 3638 2846">
     <span class='ocr_line' id='line_1_60' title="bbox 2064 2769 3638 2846; baseline -0.006 -16"><span class='ocrx_word' id='word_1_429' title='bbox 2064 2776 2348 2846; x_wconf 84' lang='lat' dir='ltr'><strong>petivisset</strong></span> <span class='ocrx_word' id='word_1_430' title='bbox 2402 2777 2552 2845; x_wconf 83' lang='lat' dir='ltr'><strong>prius</strong></span> <span class='ocrx_word' id='word_1_431' title='bbox 2605 2785 2662 2832; x_wconf 87' lang='lat' dir='ltr'><strong>et</strong></span> <span class='ocrx_word' id='word_1_432' title='bbox 2700 2776 3070 2844; x_wconf 85' lang='lat' dir='ltr'><strong>impetrasset,</strong></span> <span class='ocrx_word' id='word_1_433' title='bbox 3102 2783 3164 2828; x_wconf 88' lang='lat' dir='ltr'><strong>ut</strong></span> <span class='ocrx_word' id='word_1_434' title='bbox 3197 2772 3266 2828; x_wconf 87' lang='lat' dir='ltr'><strong>ab</strong></span> <span class='ocrx_word' id='word_1_435' title='bbox 3295 2786 3362 2827; x_wconf 93' lang='lat' dir='ltr'><strong>eo</strong></span> <span class='ocrx_word' id='word_1_436' title='bbox 3393 2771 3447 2826; x_wconf 89' lang='lat' dir='ltr'><strong>in</strong></span> <span class='ocrx_word' id='word_1_437' title='bbox 3495 2769 3638 2824; x_wconf 89' lang='lat' dir='ltr'><strong>ami-</strong></span> 
     </span>
    </p>
   </div>
   <div class='ocr_carea' id='block_1_61' title="bbox 2065 2862 3639 2926">
    <p class='ocr_par' dir='ltr' id='par_1_61' title="bbox 2065 2862 3639 2926">
     <span class='ocr_line' id='line_1_61' title="bbox 2065 2862 3639 2926; baseline -0.005 -4"><span class='ocrx_word' id='word_1_438' title='bbox 2065 2882 2253 2923; x_wconf 88' lang='lat' dir='ltr'><strong>corum</strong></span> <span class='ocrx_word' id='word_1_439' title='bbox 2311 2883 2601 2922; x_wconf 81' lang='lat' dir='ltr'><strong>numerum</strong></span> <span class='ocrx_word' id='word_1_440' title='bbox 2655 2866 2978 2922; x_wconf 83' lang='lat' dir='ltr'><strong>referretur.</strong></span> <span class='ocrx_word' id='word_1_441' title='bbox 3014 2865 3297 2921; x_wconf 85' lang='lat' dir='ltr'><strong>Cabasilas</strong></span> <span class='ocrx_word' id='word_1_442' title='bbox 3345 2862 3639 2926; x_wconf 77' lang='lat' dir='ltr'><strong>afﬁrmare,</strong></span> 
     </span>
    </p>
   </div>
   <div class='ocr_carea' id='block_1_62' title="bbox 2066 2957 3644 3029">
    <p class='ocr_par' dir='ltr' id='par_1_62' title="bbox 2066 2957 3644 3029">
     <span class='ocr_line' id='line_1_62' title="bbox 2066 2957 3644 3029; baseline -0.004 -15"><span class='ocrx_word' id='word_1_443' title='bbox 2066 2975 2169 3014; x_wconf 80' lang='lat' dir='ltr'><strong>nec</strong></span> <span class='ocrx_word' id='word_1_444' title='bbox 2193 2961 2351 3024; x_wconf 81' lang='lat' dir='ltr'><strong>velle,</strong></span> <span class='ocrx_word' id='word_1_445' title='bbox 2382 2975 2484 3014; x_wconf 87' lang='lat' dir='ltr'><strong>nec</strong></span> <span class='ocrx_word' id='word_1_446' title='bbox 2530 2975 2691 3029; x_wconf 88' lang='lat' dir='ltr'><strong>posse</strong></span> <span class='ocrx_word' id='word_1_447' title='bbox 2744 2960 2938 3014; x_wconf 90' lang='lat' dir='ltr'><strong>initam</strong></span> <span class='ocrx_word' id='word_1_448' title='bbox 2971 2973 3095 3013; x_wconf 90' lang='lat' dir='ltr'><strong>cum</strong></span> <span class='ocrx_word' id='word_1_449' title='bbox 3122 2974 3189 3013; x_wconf 91' lang='lat' dir='ltr'><strong>eo</strong></span> <span class='ocrx_word' id='word_1_450' title='bbox 3220 2957 3520 3013; x_wconf 87' lang='lat' dir='ltr'><strong>amicitiam</strong></span> <span class='ocrx_word' id='word_1_451' title='bbox 3550 2969 3644 3008; x_wconf 89' lang='lat' dir='ltr'><strong>re-</strong></span> 
     </span>
    </p>
   </div>
   <div class='ocr_carea' id='block_1_63' title="bbox 2066 3046 3640 3121">
    <p class='ocr_par' dir='ltr' id='par_1_63' title="bbox 2066 3046 3640 3121">
     <span class='ocr_line' id='line_1_63' title="bbox 2066 3046 3640 3121; baseline -0.004 -16"><span class='ocrx_word' id='word_1_452' title='bbox 2066 3063 2318 3108; x_wconf 80' lang='lat' dir='ltr'><strong>tractare.</strong></span> <span class='ocrx_word' id='word_1_453' title='bbox 2357 3052 2422 3106; x_wconf 78' lang='lat' dir='ltr'><strong>Et</strong></span> <span class='ocrx_word' id='word_1_454' title='bbox 2450 3052 2521 3107; x_wconf 86' lang='lat' dir='ltr'><strong>ob</strong></span> <span class='ocrx_word' id='word_1_455' title='bbox 2541 3066 2663 3106; x_wconf 86' lang='lat' dir='ltr'><strong>eam</strong></span> <span class='ocrx_word' id='word_1_456' title='bbox 2685 3052 3008 3116; x_wconf 82' lang='lat' dir='ltr'><strong>excruciari,</strong></span> <span class='ocrx_word' id='word_1_457' title='bbox 3041 3059 3096 3106; x_wconf 92' lang='lat' dir='ltr'><strong>et</strong></span> <span class='ocrx_word' id='word_1_458' title='bbox 3111 3049 3269 3121; x_wconf 89' lang='lat' dir='ltr'><strong>quasi</strong></span> <span class='ocrx_word' id='word_1_459' title='bbox 3292 3046 3640 3121; x_wconf 81' lang='lat' dir='ltr'><strong>tyrannidem</strong></span> 
     </span>
    </p>
   </div>
   <div class='ocr_carea' id='block_1_64' title="bbox 2066 3137 3637 3212">
    <p class='ocr_par' dir='ltr' id='par_1_64' title="bbox 2066 3137 3637 3212">
     <span class='ocr_line' id='line_1_64' title="bbox 2066 3137 3637 3212; baseline -0.006 -16"><span class='ocrx_word' id='word_1_460' title='bbox 2066 3141 2358 3212; x_wconf 76' lang='lat' dir='ltr'><strong>quamdam</strong></span> <span class='ocrx_word' id='word_1_461' title='bbox 2389 3142 2647 3211; x_wconf 74' lang='lat' dir='ltr'><strong>experiri,</strong></span> <span class='ocrx_word' id='word_1_462' title='bbox 2666 3140 3092 3209; x_wconf 87' lang='lat' dir='ltr'><strong>contristarique</strong></span> <span class='ocrx_word' id='word_1_463' title='bbox 3123 3154 3233 3192; x_wconf 91' lang='lat' dir='ltr'><strong>non</strong></span> <span class='ocrx_word' id='word_1_464' title='bbox 3260 3137 3637 3199; x_wconf 70' lang='lat' dir='ltr'><strong>mediocriter,</strong></span> 
     </span>
    </p>
   </div>
   <div class='ocr_carea' id='block_1_65' title="bbox 2067 3221 3642 3308">
    <p class='ocr_par' dir='ltr' id='par_1_65' title="bbox 2067 3221 3642 3308">
     <span class='ocr_line' id='line_1_65' title="bbox 2067 3221 3642 3308; baseline -0.006 -15"><span class='ocrx_word' id='word_1_465' title='bbox 2067 3238 2213 3308; x_wconf 89' lang='lat' dir='ltr'><strong>quod</strong></span> <span class='ocrx_word' id='word_1_466' title='bbox 2246 3253 2352 3291; x_wconf 92' lang='lat' dir='ltr'><strong>non</strong></span> <span class='ocrx_word' id='word_1_467' title='bbox 2397 3237 2512 3305; x_wconf 89' lang='lat' dir='ltr'><strong>ipse</strong></span> <span class='ocrx_word' id='word_1_468' title='bbox 2543 3252 2638 3304; x_wconf 90' lang='lat' dir='ltr'><strong>per</strong></span> <span class='ocrx_word' id='word_1_469' title='bbox 2673 3221 2758 3297; x_wconf 71' lang='lat' dir='ltr'><strong>se,</strong></span> <span class='ocrx_word' id='word_1_470' title='bbox 2795 3238 2889 3290; x_wconf 89' lang='lat' dir='ltr'><strong>sed</strong></span> <span class='ocrx_word' id='word_1_471' title='bbox 2923 3250 3021 3305; x_wconf 91' lang='lat' dir='ltr'><strong>per</strong></span> <span class='ocrx_word' id='word_1_472' title='bbox 3062 3234 3202 3288; x_wconf 82' lang='lat' dir='ltr'><strong>alios</strong></span> <span class='ocrx_word' id='word_1_473' title='bbox 3237 3233 3341 3287; x_wconf 87' lang='lat' dir='ltr'><strong>hoc</strong></span> <span class='ocrx_word' id='word_1_474' title='bbox 3394 3240 3642 3301; x_wconf 83' lang='lat' dir='ltr'><strong>tempore</strong></span> 
     </span>
    </p>
   </div>
   <div class='ocr_carea' id='block_1_66' title="bbox 2069 3323 3641 3397">
    <p class='ocr_par' dir='ltr' id='par_1_66' title="bbox 2069 3323 3641 3397">
     <span class='ocr_line' id='line_1_66' title="bbox 2069 3323 3641 3397; baseline -0.006 -13"><span class='ocrx_word' id='word_1_475' title='bbox 2069 3344 2193 3384; x_wconf 89' lang='lat' dir='ltr'><strong>cum</strong></span> <span class='ocrx_word' id='word_1_476' title='bbox 2224 3345 2291 3383; x_wconf 91' lang='lat' dir='ltr'><strong>eo</strong></span> <span class='ocrx_word' id='word_1_477' title='bbox 2312 3330 2676 3397; x_wconf 84' lang='lat' dir='ltr'><strong>colloquatur.</strong></span> <span class='ocrx_word' id='word_1_478' title='bbox 2712 3326 2988 3382; x_wconf 88' lang='lat' dir='ltr'><strong>Timuisse</strong></span> <span class='ocrx_word' id='word_1_479' title='bbox 3012 3340 3167 3390; x_wconf 82' lang='lat' dir='ltr'><strong>vero,</strong></span> <span class='ocrx_word' id='word_1_480' title='bbox 3201 3325 3243 3379; x_wconf 87' lang='lat' dir='ltr'><strong>si</strong></span> <span class='ocrx_word' id='word_1_481' title='bbox 3269 3339 3393 3379; x_wconf 89' lang='lat' dir='ltr'><strong>cum</strong></span> <span class='ocrx_word' id='word_1_482' title='bbox 3426 3323 3518 3377; x_wconf 88' lang='lat' dir='ltr'><strong>illo</strong></span> <span class='ocrx_word' id='word_1_483' title='bbox 3547 3323 3641 3386; x_wconf 90' lang='lat' dir='ltr'><strong>sit,</strong></span> 
     </span>
    </p>
   </div>
   <div class='ocr_carea' id='block_1_67' title="bbox 2070 3412 3644 3488">
    <p class='ocr_par' dir='ltr' id='par_1_67' title="bbox 2070 3412 3644 3488">
     <span class='ocr_line' id='line_1_67' title="bbox 2070 3412 3644 3488; baseline -0.006 -13"><span class='ocrx_word' id='word_1_484' title='bbox 2070 3436 2140 3475; x_wconf 88' lang='lat' dir='ltr'><strong>ne</strong></span> <span class='ocrx_word' id='word_1_485' title='bbox 2169 3435 2227 3475; x_wconf 88' lang='lat' dir='ltr'><strong>se</strong></span> <span class='ocrx_word' id='word_1_486' title='bbox 2258 3418 2540 3474; x_wconf 87' lang='lat' dir='ltr'><strong>continere</strong></span> <span class='ocrx_word' id='word_1_487' title='bbox 2580 3426 2854 3488; x_wconf 87' lang='lat' dir='ltr'><strong>nequeat;</strong></span> <span class='ocrx_word' id='word_1_488' title='bbox 2891 3418 2984 3472; x_wconf 83' lang='lat' dir='ltr'><strong>sed</strong></span> <span class='ocrx_word' id='word_1_489' title='bbox 3035 3417 3177 3471; x_wconf 88' lang='lat' dir='ltr'><strong>idem</strong></span> <span class='ocrx_word' id='word_1_490' title='bbox 3219 3416 3323 3471; x_wconf 86' lang='lat' dir='ltr'><strong>sibi</strong></span> <span class='ocrx_word' id='word_1_491' title='bbox 3376 3412 3521 3484; x_wconf 89' lang='lat' dir='ltr'><strong>quod</strong></span> <span class='ocrx_word' id='word_1_492' title='bbox 3553 3413 3644 3466; x_wconf 83' lang='lat' dir='ltr'><strong>fu-</strong></span> 
     </span>
    </p>
   </div>
   <div class='ocr_carea' id='block_1_68' title="bbox 2068 3496 3645 3578">
    <p class='ocr_par' dir='ltr' id='par_1_68' title="bbox 2068 3496 3645 3578">
     <span class='ocr_line' id='line_1_68' title="bbox 2068 3496 3645 3578; baseline -0.005 -13"><span class='ocrx_word' id='word_1_493' title='bbox 2068 3511 2235 3566; x_wconf 87' lang='lat' dir='ltr'><strong>riosis</strong></span> <span class='ocrx_word' id='word_1_494' title='bbox 2272 3525 2374 3564; x_wconf 89' lang='lat' dir='ltr'><strong>usu</strong></span> <span class='ocrx_word' id='word_1_495' title='bbox 2406 3496 2611 3571; x_wconf 77' lang='lat' dir='ltr'><strong>veniat,</strong></span> <span class='ocrx_word' id='word_1_496' title='bbox 2646 3508 2739 3578; x_wconf 87' lang='lat' dir='ltr'><strong>qui</strong></span> <span class='ocrx_word' id='word_1_497' title='bbox 2780 3522 3015 3577; x_wconf 88' lang='lat' dir='ltr'><strong>corpora</strong></span> <span class='ocrx_word' id='word_1_498' title='bbox 3059 3521 3157 3560; x_wconf 88' lang='lat' dir='ltr'><strong>sua</strong></span> <span class='ocrx_word' id='word_1_499' title='bbox 3203 3519 3329 3559; x_wconf 90' lang='lat' dir='ltr'><strong>cum</strong></span> <span class='ocrx_word' id='word_1_500' title='bbox 3363 3504 3645 3573; x_wconf 80' lang='lat' dir='ltr'><strong>voluptate</strong></span> 
     </span>
    </p>
   </div>
   <div class='ocr_carea' id='block_1_69' title="bbox 2072 3595 3642 3671">
    <p class='ocr_par' dir='ltr' id='par_1_69' title="bbox 2072 3595 3642 3671">
     <span class='ocr_line' id='line_1_69' title="bbox 2072 3595 3642 3671; baseline -0.007 -12"><span class='ocrx_word' id='word_1_501' title='bbox 2072 3603 2359 3667; x_wconf 85' lang='lat' dir='ltr'><strong>dilaniant,</strong></span> <span class='ocrx_word' id='word_1_502' title='bbox 2387 3611 2613 3671; x_wconf 87' lang='lat' dir='ltr'><strong>propter</strong></span> <span class='ocrx_word' id='word_1_503' title='bbox 2638 3599 2890 3654; x_wconf 84' lang='lat' dir='ltr'><strong>morbum</strong></span> <span class='ocrx_word' id='word_1_504' title='bbox 2915 3597 3046 3668; x_wconf 90' lang='lat' dir='ltr'><strong>quid</strong></span> <span class='ocrx_word' id='word_1_505' title='bbox 3077 3595 3642 3665; x_wconf 85' lang='lat' dir='ltr'><strong>faciantignorantes.</strong></span> 
     </span>
    </p>
   </div>
   <div class='ocr_carea' id='block_1_70' title="bbox 326 3685 1968 3794">
    <p class='ocr_par' dir='ltr' id='par_1_70' title="bbox 326 3688 1967 3768">
     <span class='ocr_line' id='line_1_70' title="bbox 326 3688 1967 3768; baseline 0.009 -29"><span class='ocrx_word' id='word_1_506' title='bbox 326 3724 335 3731; x_wconf 71' lang='grc' dir='ltr'><strong><em>ο</em></strong></span> <span class='ocrx_word' id='word_1_507' title='bbox 392 3702 489 3748; x_wconf 80' lang='grc' dir='ltr'>τις</span> <span class='ocrx_word' id='word_1_508' title='bbox 534 3688 616 3742; x_wconf 83' lang='grc' dir='ltr'>ὅτι</span> <span class='ocrx_word' id='word_1_509' title='bbox 667 3689 937 3761; x_wconf 74' lang='grc' dir='ltr'>πίσχουσι</span> <span class='ocrx_word' id='word_1_510' title='bbox 981 3691 1070 3745; x_wconf 84' lang='grc' dir='ltr'><strong>διὰ</strong></span> <span class='ocrx_word' id='word_1_511' title='bbox 1112 3690 1212 3765; x_wconf 79' lang='grc' dir='ltr'>τὴν</span> <span class='ocrx_word' id='word_1_512' title='bbox 1255 3696 1433 3749; x_wconf 78' lang='grc' dir='ltr'>νόσον.</span> <span class='ocrx_word' id='word_1_513' title='bbox 1479 3696 1682 3751; x_wconf 85' lang='grc' dir='ltr'>Τούτου</span> <span class='ocrx_word' id='word_1_514' title='bbox 1730 3699 1830 3768; x_wconf 80' lang='grc' dir='ltr'>μὲν</span> <span class='ocrx_word' id='word_1_515' title='bbox 1873 3698 1967 3753; x_wconf 79' lang='grc' dir='ltr'>οὖν</span> 
     </span>
    </p>
   </div>
   <div class='ocr_carea' id='block_1_71' title="bbox 2069 3685 3642 3794">
    <p class='ocr_par' dir='ltr' id='par_1_71' title="bbox 2079 3685 3642 3766">
     <span class='ocr_line' id='line_1_71' title="bbox 2079 3685 3642 3766; baseline -0.009 -16"><span class='ocrx_word' id='word_1_516' title='bbox 2079 3696 2218 3766; x_wconf 76' lang='lat' dir='ltr'><strong>Ergo</strong></span> <span class='ocrx_word' id='word_1_517' title='bbox 2241 3708 2299 3748; x_wconf 78' lang='lat' dir='ltr'><strong>se</strong></span> <span class='ocrx_word' id='word_1_518' title='bbox 2336 3693 2493 3747; x_wconf 90' lang='lat' dir='ltr'><strong>illum</strong></span> <span class='ocrx_word' id='word_1_519' title='bbox 2521 3691 2768 3754; x_wconf 89' lang='lat' dir='ltr'><strong>laudare,</strong></span> <span class='ocrx_word' id='word_1_520' title='bbox 2802 3691 2983 3759; x_wconf 83' lang='lat' dir='ltr'><strong>inquit</strong></span> <span class='ocrx_word' id='word_1_521' title='bbox 3008 3703 3238 3759; x_wconf 81' lang='lat' dir='ltr'><strong>magnus</strong></span> <span class='ocrx_word' id='word_1_522' title='bbox 3282 3685 3642 3751; x_wconf 83' lang='lat' dir='ltr'><strong>domesticus,</strong></span> 
     </span>
    </p>
   </div>
   <div class='ocr_carea' id='block_1_72' title="bbox 393 3776 1964 3859">
    <p class='ocr_par' dir='ltr' id='par_1_72' title="bbox 393 3776 1964 3859">
     <span class='ocr_line' id='line_1_72' title="bbox 393 3776 1964 3859; baseline 0.01 -30"><span class='ocrx_word' id='word_1_523' title='bbox 393 3776 621 3843; x_wconf 78' lang='grc' dir='ltr'>ἐνεκα,ὀ</span> <span class='ocrx_word' id='word_1_524' title='bbox 651 3780 821 3850; x_wconf 79' lang='grc' dir='ltr'>μέγας</span> <span class='ocrx_word' id='word_1_525' title='bbox 846 3782 1165 3853; x_wconf 79' lang='grc' dir='ltr'>δομέστικος</span> <span class='ocrx_word' id='word_1_526' title='bbox 1193 3780 1365 3840; x_wconf 69' lang='grc' dir='ltr'>εἶπεν.</span> <span class='ocrx_word' id='word_1_527' title='bbox 1396 3788 1659 3851; x_wconf 77' lang='grc' dir='ltr'>Ἐπαινῶ,</span> <span class='ocrx_word' id='word_1_528' title='bbox 1682 3790 1761 3844; x_wconf 87' lang='grc' dir='ltr'>ὄτι</span> <span class='ocrx_word' id='word_1_529' title='bbox 1781 3790 1964 3859; x_wconf 83' lang='grc' dir='ltr'>φιλίας</span> 
     </span>
    </p>
   </div>
   <div class='ocr_carea' id='block_1_73' title="bbox 391 3866 1967 3947">
    <p class='ocr_par' dir='ltr' id='par_1_73' title="bbox 391 3866 1967 3947">
     <span class='ocr_line' id='line_1_73' title="bbox 391 3866 1967 3947; baseline 0.009 -28"><span class='ocrx_word' id='word_1_530' title='bbox 391 3866 629 3937; x_wconf 71' lang='grc' dir='ltr'>ἧττησαι</span> <span class='ocrx_word' id='word_1_531' title='bbox 657 3870 930 3937; x_wconf 82' lang='grc' dir='ltr'>τοσοῦτον,</span> <span class='ocrx_word' id='word_1_532' title='bbox 960 3867 1028 3944; x_wconf 80' lang='grc' dir='ltr'>ἦς</span> <span class='ocrx_word' id='word_1_533' title='bbox 1054 3873 1241 3943; x_wconf 82' lang='grc' dir='ltr'>ἥδεται</span> <span class='ocrx_word' id='word_1_534' title='bbox 1268 3866 1582 3947; x_wconf 81' lang='grc' dir='ltr'>ἡττώμενος</span> <span class='ocrx_word' id='word_1_535' title='bbox 1610 3881 1718 3942; x_wconf 84' lang='grc' dir='ltr'><strong>πᾶς</strong></span> <span class='ocrx_word' id='word_1_536' title='bbox 1745 3897 1829 3943; x_wconf 85' lang='grc' dir='ltr'><strong>τις</strong></span> <span class='ocrx_word' id='word_1_537' title='bbox 1861 3898 1967 3933; x_wconf 87' lang='grc' dir='ltr'>σω·-</span> 
     </span>
    </p>
   </div>
   <div class='ocr_carea' id='block_1_74' title="bbox 396 3960 1966 4038">
    <p class='ocr_par' dir='ltr' id='par_1_74' title="bbox 396 3960 1966 4038">
     <span class='ocr_line' id='line_1_74' title="bbox 396 3960 1966 4038; baseline 0.01 -28"><span class='ocrx_word' id='word_1_538' title='bbox 396 3961 633 4027; x_wconf 86' lang='grc' dir='ltr'>φρονῶν.</span> <span class='ocrx_word' id='word_1_539' title='bbox 671 3960 731 4015; x_wconf 83' lang='grc' dir='ltr'>Εί</span> <span class='ocrx_word' id='word_1_540' title='bbox 763 3962 821 4015; x_wconf 72' lang='grc' dir='ltr'>δέ</span> <span class='ocrx_word' id='word_1_541' title='bbox 857 3966 939 4017; x_wconf 77' lang='grc' dir='ltr'><strong>σοι</strong></span> <span class='ocrx_word' id='word_1_542' title='bbox 972 3965 1230 4036; x_wconf 78' lang='grc' dir='ltr'>φορτικὸν</span> <span class='ocrx_word' id='word_1_543' title='bbox 1261 3968 1357 4022; x_wconf 80' lang='grc' dir='ltr'><strong>καὶ</strong></span> <span class='ocrx_word' id='word_1_544' title='bbox 1396 3969 1626 4038; x_wconf 80' lang='grc' dir='ltr'>ἐπαχθὲς</span> <span class='ocrx_word' id='word_1_545' title='bbox 1656 3972 1717 4023; x_wconf 78' lang='grc' dir='ltr'>τὸ</span> <span class='ocrx_word' id='word_1_546' title='bbox 1745 3971 1966 4036; x_wconf 89' lang='grc' dir='ltr'>τελείως</span> 
     </span>
    </p>
   </div>
   <div class='ocr_carea' id='block_1_75' title="bbox 394 4040 1968 4131">
    <p class='ocr_par' dir='ltr' id='par_1_75' title="bbox 394 4040 1968 4131">
     <span class='ocr_line' id='line_1_75' title="bbox 394 4040 1968 4131; baseline 0.01 -31"><span class='ocrx_word' id='word_1_547' title='bbox 394 4050 524 4119; x_wconf 64' lang='grc' dir='ltr'>ἐμοὶ</span> <span class='ocrx_word' id='word_1_548' title='bbox 552 4052 848 4118; x_wconf 81' lang='grc' dir='ltr'>συνελθεῖν,</span> <span class='ocrx_word' id='word_1_549' title='bbox 877 4055 1010 4110; x_wconf 80' lang='grc' dir='ltr'><strong>ἀλλά</strong></span> <span class='ocrx_word' id='word_1_550' title='bbox 1038 4056 1166 4125; x_wconf 84' lang='grc' dir='ltr'>τόγε</span> <span class='ocrx_word' id='word_1_551' title='bbox 1195 4058 1466 4127; x_wconf 77' lang='grc' dir='ltr'>δεύτερον,</span> <span class='ocrx_word' id='word_1_552' title='bbox 1496 4062 1645 4129; x_wconf 87' lang='grc' dir='ltr'><strong>παρά</strong></span> <span class='ocrx_word' id='word_1_553' title='bbox 1673 4061 1769 4131; x_wconf 80' lang='grc' dir='ltr'>τὴν</span> <span class='ocrx_word' id='word_1_554' title='bbox 1799 4040 1968 4130; x_wconf 76' lang='grc' dir='ltr'>γέφυ-</span> 
     </span>
    </p>
   </div>
   <div class='ocr_carea' id='block_1_76' title="bbox 399 4142 1968 4221">
    <p class='ocr_par' dir='ltr' id='par_1_76' title="bbox 399 4142 1968 4221">
     <span class='ocr_line' id='line_1_76' title="bbox 399 4142 1968 4221; baseline 0.008 -28"><span class='ocrx_word' id='word_1_555' title='bbox 399 4159 502 4211; x_wconf 81' lang='grc' dir='ltr'><strong>ραν</strong></span> <span class='ocrx_word' id='word_1_556' title='bbox 540 4142 661 4195; x_wconf 76' lang='grc' dir='ltr'>ἐλθὲ</span> <span class='ocrx_word' id='word_1_557' title='bbox 699 4143 792 4197; x_wconf 78' lang='grc' dir='ltr'>τοῦ</span> <span class='ocrx_word' id='word_1_558' title='bbox 836 4146 1102 4217; x_wconf 80' lang='grc' dir='ltr'>ποταμοῦ,</span> <span class='ocrx_word' id='word_1_559' title='bbox 1142 4146 1217 4210; x_wconf 87' lang='grc' dir='ltr'><strong>ώς</strong></span> <span class='ocrx_word' id='word_1_560' title='bbox 1257 4148 1323 4209; x_wconf 80' lang='grc' dir='ltr'><strong>ἀν</strong></span> <span class='ocrx_word' id='word_1_561' title='bbox 1364 4149 1419 4214; x_wconf 79' lang='grc' dir='ltr'>ἐξ</span> <span class='ocrx_word' id='word_1_562' title='bbox 1460 4150 1723 4219; x_wconf 79' lang='grc' dir='ltr'>ἑκατέρου</span> <span class='ocrx_word' id='word_1_563' title='bbox 1765 4150 1968 4221; x_wconf 82' lang='grc' dir='ltr'>μέρους</span> 
     </span>
    </p>
   </div>
   <div class='ocr_carea' id='block_1_77' title="bbox 393 4233 1965 4311">
    <p class='ocr_par' dir='ltr' id='par_1_77' title="bbox 393 4233 1965 4311">
     <span class='ocr_line' id='line_1_77' title="bbox 393 4233 1965 4311; baseline 0.006 -25"><span class='ocrx_word' id='word_1_564' title='bbox 393 4233 761 4304; x_wconf 75' lang='grc' dir='ltr'>ὁμιλήσαντες</span> <span class='ocrx_word' id='word_1_565' title='bbox 809 4235 1079 4306; x_wconf 86' lang='grc' dir='ltr'>ἀλλήλοις,</span> <span class='ocrx_word' id='word_1_566' title='bbox 1124 4239 1245 4307; x_wconf 79' lang='grc' dir='ltr'>ἐμοί</span> <span class='ocrx_word' id='word_1_567' title='bbox 1285 4256 1343 4292; x_wconf 87' lang='grc' dir='ltr'><strong>τε</strong></span> <span class='ocrx_word' id='word_1_568' title='bbox 1383 4239 1444 4292; x_wconf 82' lang='grc' dir='ltr'>τὸ</span> <span class='ocrx_word' id='word_1_569' title='bbox 1493 4241 1574 4292; x_wconf 80' lang='grc' dir='ltr'>σοὶ</span> <span class='ocrx_word' id='word_1_570' title='bbox 1619 4240 1965 4311; x_wconf 76' lang='grc' dir='ltr'>ὀμιληκέναι,</span> 
     </span>
    </p>
   </div>
   <div class='ocr_carea' id='block_1_78' title="bbox 395 4325 1971 4401">
    <p class='ocr_par' dir='ltr' id='par_1_78' title="bbox 395 4325 1971 4401">
     <span class='ocr_line' id='line_1_78' title="bbox 395 4325 1971 4401; baseline 0.006 -23"><span class='ocrx_word' id='word_1_571' title='bbox 395 4325 496 4379; x_wconf 75' lang='grc' dir='ltr'><strong>καὶ</strong></span> <span class='ocrx_word' id='word_1_572' title='bbox 524 4327 608 4381; x_wconf 77' lang='grc' dir='ltr'>σοὶ</span> <span class='ocrx_word' id='word_1_573' title='bbox 633 4328 691 4380; x_wconf 89' lang='grc' dir='ltr'>τὸ</span> <span class='ocrx_word' id='word_1_574' title='bbox 722 4329 796 4398; x_wconf 78' lang='grc' dir='ltr'>μὴ</span> <span class='ocrx_word' id='word_1_575' title='bbox 825 4330 990 4397; x_wconf 79' lang='grc' dir='ltr'>ἐγγὺς</span> <span class='ocrx_word' id='word_1_576' title='bbox 1018 4331 1153 4400; x_wconf 76' lang='grc' dir='ltr'>ἐμοῦ</span> <span class='ocrx_word' id='word_1_577' title='bbox 1181 4330 1455 4399; x_wconf 81' lang='grc' dir='ltr'>γενέσθαι,</span> <span class='ocrx_word' id='word_1_578' title='bbox 1483 4331 1510 4384; x_wconf 81' lang='grc' dir='ltr'><strong>ὃ</strong></span> <span class='ocrx_word' id='word_1_579' title='bbox 1540 4332 1773 4401; x_wconf 85' lang='grc' dir='ltr'>μάλιστα</span> <span class='ocrx_word' id='word_1_580' title='bbox 1803 4333 1971 4387; x_wconf 80' lang='grc' dir='ltr'>δέδοι-</span> 
     </span>
    </p>
   </div>
   <div class='ocr_carea' id='block_1_79' title="bbox 396 4417 1968 4496">
    <p class='ocr_par' dir='ltr' id='par_1_79' title="bbox 396 4417 1968 4496">
     <span class='ocr_line' id='line_1_79' title="bbox 396 4417 1968 4496; baseline 0.004 -24"><span class='ocrx_word' id='word_1_581' title='bbox 396 4433 537 4483; x_wconf 83' lang='grc' dir='ltr'>κας,</span> <span class='ocrx_word' id='word_1_582' title='bbox 571 4419 949 4489; x_wconf 79' lang='grc' dir='ltr'>περισώζοιτο.</span> <span class='ocrx_word' id='word_1_583' title='bbox 982 4421 1135 4475; x_wconf 78' lang='grc' dir='ltr'>Ἐπεὶ</span> <span class='ocrx_word' id='word_1_584' title='bbox 1171 4422 1227 4475; x_wconf 68' lang='grc' dir='ltr'><strong>δλ</strong></span> <span class='ocrx_word' id='word_1_585' title='bbox 1266 4417 1368 4493; x_wconf 74' lang='grc' dir='ltr'><strong>ἧκε</strong></span> <span class='ocrx_word' id='word_1_586' title='bbox 1409 4426 1559 4492; x_wconf 68' lang='grc' dir='ltr'>παρὰ</span> <span class='ocrx_word' id='word_1_587' title='bbox 1591 4422 1689 4493; x_wconf 87' lang='grc' dir='ltr'>τὴν</span> <span class='ocrx_word' id='word_1_588' title='bbox 1721 4424 1968 4496; x_wconf 72' lang='grc' dir='ltr'>γέφυραν</span> 
     </span>
    </p>
   </div>
   <div class='ocr_carea' id='block_1_80' title="bbox 395 4510 1969 4588">
    <p class='ocr_par' dir='ltr' id='par_1_80' title="bbox 395 4510 1969 4588">
     <span class='ocr_line' id='line_1_80' title="bbox 395 4510 1969 4588; baseline 0.004 -26"><span class='ocrx_word' id='word_1_589' title='bbox 395 4510 670 4577; x_wconf 72' lang='grc' dir='ltr'>πεισθεὶς,</span> <span class='ocrx_word' id='word_1_590' title='bbox 698 4512 832 4566; x_wconf 77' lang='grc' dir='ltr'>ἄλλα</span> <span class='ocrx_word' id='word_1_591' title='bbox 856 4529 914 4565; x_wconf 80' lang='grc' dir='ltr'><strong>τε</strong></span> <span class='ocrx_word' id='word_1_592' title='bbox 941 4513 1314 4584; x_wconf 80' lang='grc' dir='ltr'>διειλέχθησαν</span> <span class='ocrx_word' id='word_1_593' title='bbox 1338 4516 1438 4568; x_wconf 78' lang='grc' dir='ltr'>ὅσα</span> <span class='ocrx_word' id='word_1_594' title='bbox 1464 4534 1546 4577; x_wconf 90' lang='grc' dir='ltr'><strong>τις</strong></span> <span class='ocrx_word' id='word_1_595' title='bbox 1571 4515 1638 4570; x_wconf 85' lang='grc' dir='ltr'>ἂν</span> <span class='ocrx_word' id='word_1_596' title='bbox 1664 4516 1807 4570; x_wconf 72' lang='grc' dir='ltr'>εἴποι</span> <span class='ocrx_word' id='word_1_597' title='bbox 1834 4517 1969 4588; x_wconf 81' lang='grc' dir='ltr'>πρὸς</span> 
     </span>
    </p>
   </div>
   <div class='ocr_carea' id='block_1_81' title="bbox 396 4602 1971 4679">
    <p class='ocr_par' dir='ltr' id='par_1_81' title="bbox 396 4602 1971 4679">
     <span class='ocr_line' id='line_1_81' title="bbox 396 4602 1971 4679; baseline 0.004 -22"><span class='ocrx_word' id='word_1_598' title='bbox 396 4602 571 4673; x_wconf 74' lang='grc' dir='ltr'>ἄνδρα</span> <span class='ocrx_word' id='word_1_599' title='bbox 604 4603 788 4671; x_wconf 75' lang='grc' dir='ltr'>φίλον,</span> <span class='ocrx_word' id='word_1_600' title='bbox 824 4605 921 4660; x_wconf 72' lang='grc' dir='ltr'><strong>καὶ</strong></span> <span class='ocrx_word' id='word_1_601' title='bbox 956 4608 1083 4677; x_wconf 75' lang='grc' dir='ltr'>περὶ</span> <span class='ocrx_word' id='word_1_602' title='bbox 1117 4609 1213 4679; x_wconf 78' lang='grc' dir='ltr'>τῆς</span> <span class='ocrx_word' id='word_1_603' title='bbox 1245 4609 1580 4672; x_wconf 78' lang='grc' dir='ltr'>ἀποστασίας</span> <span class='ocrx_word' id='word_1_604' title='bbox 1615 4609 1723 4662; x_wconf 84' lang='grc' dir='ltr'>τῶν</span> <span class='ocrx_word' id='word_1_605' title='bbox 1758 4610 1971 4663; x_wconf 76' lang='grc' dir='ltr'>πόλεων</span> 
     </span>
    </p>
   </div>
   <div class='ocr_carea' id='block_1_82' title="bbox 393 4695 1967 4769">
    <p class='ocr_par' dir='ltr' id='par_1_82' title="bbox 393 4695 1967 4769">
     <span class='ocr_line' id='line_1_82' title="bbox 393 4695 1967 4769; baseline 0.004 -23"><span class='ocrx_word' id='word_1_606' title='bbox 393 4695 425 4746; x_wconf 80' lang='grc' dir='ltr'><strong>ὁ</strong></span> <span class='ocrx_word' id='word_1_607' title='bbox 457 4696 632 4764; x_wconf 70' lang='grc' dir='ltr'>μέγας</span> <span class='ocrx_word' id='word_1_608' title='bbox 661 4696 981 4765; x_wconf 79' lang='grc' dir='ltr'>δομέστικος</span> <span class='ocrx_word' id='word_1_609' title='bbox 1011 4698 1179 4752; x_wconf 72' lang='grc' dir='ltr'>αὐτοῦ</span> <span class='ocrx_word' id='word_1_610' title='bbox 1212 4699 1508 4769; x_wconf 84' lang='grc' dir='ltr'>κατηγόρει</span> <span class='ocrx_word' id='word_1_611' title='bbox 1540 4698 1614 4762; x_wconf 82' lang='grc' dir='ltr'>ὡς</span> <span class='ocrx_word' id='word_1_612' title='bbox 1646 4700 1967 4754; x_wconf 72' lang='grc' dir='ltr'>αἰτιωτάτου</span> 
     </span>
    </p>
   </div>
   <div class='ocr_carea' id='block_1_83' title="bbox 402 4783 1971 4858">
    <p class='ocr_par' dir='ltr' id='par_1_83' title="bbox 402 4783 1971 4858">
     <span class='ocr_line' id='line_1_83' title="bbox 402 4783 1971 4858; baseline 0.003 -18"><span class='ocrx_word' id='word_1_613' title='bbox 402 4787 638 4857; x_wconf 72' lang='grc' dir='ltr'>μάλιστα</span> <span class='ocrx_word' id='word_1_614' title='bbox 666 4791 1056 4858; x_wconf 79' lang='grc' dir='ltr'>γεγενημένου.</span> <span class='ocrx_word' id='word_1_615' title='bbox 1090 4788 1206 4858; x_wconf 82' lang='grc' dir='ltr'>Ἐφ’</span> <span class='ocrx_word' id='word_1_616' title='bbox 1226 4783 1305 4851; x_wconf 74' lang='grc' dir='ltr'>οἷς</span> <span class='ocrx_word' id='word_1_617' title='bbox 1336 4790 1656 4856; x_wconf 85' lang='grc' dir='ltr'>ἀπελογεῖτο</span> <span class='ocrx_word' id='word_1_618' title='bbox 1685 4791 1780 4844; x_wconf 79' lang='grc' dir='ltr'><strong>καὶ</strong></span> <span class='ocrx_word' id='word_1_619' title='bbox 1808 4792 1971 4856; x_wconf 79' lang='grc' dir='ltr'>αὐτὸς</span> 
     </span>
    </p>
   </div>
   <div class='ocr_carea' id='block_1_84' title="bbox 399 4875 1971 4944">
    <p class='ocr_par' dir='ltr' id='par_1_84' title="bbox 399 4875 1971 4944">
     <span class='ocr_line' id='line_1_84' title="bbox 399 4875 1971 4944; baseline 0.002 -16"><span class='ocrx_word' id='word_1_620' title='bbox 399 4878 477 4939; x_wconf 89' lang='grc' dir='ltr'><strong>ώς</strong></span> <span class='ocrx_word' id='word_1_621' title='bbox 512 4875 1179 4944; x_wconf 63' lang='grc' dir='ltr'>λυσιτελοῦνταιδρᾶσειεν</span> <span class='ocrx_word' id='word_1_622' title='bbox 1212 4876 1391 4944; x_wconf 79' lang='grc' dir='ltr'>ἑαυτῴ</span> <span class='ocrx_word' id='word_1_623' title='bbox 1424 4894 1482 4928; x_wconf 86' lang='grc' dir='ltr'><strong>τε</strong></span> <span class='ocrx_word' id='word_1_624' title='bbox 1519 4879 1612 4929; x_wconf 78' lang='grc' dir='ltr'><strong>καὶ</strong></span> <span class='ocrx_word' id='word_1_625' title='bbox 1647 4880 1757 4941; x_wconf 80' lang='grc' dir='ltr'>τοῖς</span> <span class='ocrx_word' id='word_1_626' title='bbox 1792 4879 1971 4943; x_wconf 83' lang='grc' dir='ltr'>ἄλλοις</span> 
     </span>
    </p>
   </div>
   <div class='ocr_carea' id='block_1_85' title="bbox 411 4967 1969 5039">
    <p class='ocr_par' dir='ltr' id='par_1_85' title="bbox 411 4967 1969 5039">
     <span class='ocr_line' id='line_1_85' title="bbox 411 4967 1969 5039; baseline 0.001 -16"><span class='ocrx_word' id='word_1_627' title='bbox 411 4968 708 5038; x_wconf 76' lang='grc' dir='ltr'>Ἀκαρνάσι</span> <span class='ocrx_word' id='word_1_628' title='bbox 732 4969 832 5037; x_wconf 79' lang='grc' dir='ltr'>τῆς</span> <span class='ocrx_word' id='word_1_629' title='bbox 853 4969 1095 5032; x_wconf 81' lang='grc' dir='ltr'>δουλείας</span> <span class='ocrx_word' id='word_1_630' title='bbox 1119 4969 1316 5031; x_wconf 82' lang='grc' dir='ltr'>αὐτοὺς</span> <span class='ocrx_word' id='word_1_631' title='bbox 1339 4967 1637 5039; x_wconf 83' lang='grc' dir='ltr'>ἐλευθερῶν</span> <span class='ocrx_word' id='word_1_632' title='bbox 1660 4969 1969 5037; x_wconf 71' lang='grc' dir='ltr'>Ῥωμαίων,</span> 
     </span>
    </p>
   </div>
   <div class='ocr_carea' id='block_1_86' title="bbox 2072 3776 3640 3853">
    <p class='ocr_par' dir='ltr' id='par_1_86' title="bbox 2072 3776 3640 3853">
     <span class='ocr_line' id='line_1_86' title="bbox 2072 3776 3640 3853; baseline -0.01 -10"><span class='ocrx_word' id='word_1_633' title='bbox 2072 3801 2197 3843; x_wconf 89' lang='lat' dir='ltr'><strong>cum</strong></span> <span class='ocrx_word' id='word_1_634' title='bbox 2220 3793 2507 3853; x_wconf 86' lang='lat' dir='ltr'><strong>tantopere</strong></span> <span class='ocrx_word' id='word_1_635' title='bbox 2523 3782 2591 3837; x_wconf 86' lang='lat' dir='ltr'><strong>ab</strong></span> <span class='ocrx_word' id='word_1_636' title='bbox 2620 3782 2855 3835; x_wconf 88' lang='lat' dir='ltr'><strong>amicitia</strong></span> <span class='ocrx_word' id='word_1_637' title='bbox 2879 3782 3058 3835; x_wconf 85' lang='lat' dir='ltr'><strong>victus</strong></span> <span class='ocrx_word' id='word_1_638' title='bbox 3082 3779 3172 3845; x_wconf 89' lang='lat' dir='ltr'><strong>sit,</strong></span> <span class='ocrx_word' id='word_1_639' title='bbox 3207 3794 3312 3848; x_wconf 88' lang='lat' dir='ltr'><strong>qua</strong></span> <span class='ocrx_word' id='word_1_640' title='bbox 3343 3792 3401 3831; x_wconf 87' lang='lat' dir='ltr'><strong>se</strong></span> <span class='ocrx_word' id='word_1_641' title='bbox 3434 3776 3640 3829; x_wconf 75' lang='lat' dir='ltr'><strong>victum</strong></span> 
     </span>
    </p>
   </div>
   <div class='ocr_carea' id='block_1_87' title="bbox 2071 3870 3647 3949">
    <p class='ocr_par' dir='ltr' id='par_1_87' title="bbox 2071 3870 3647 3949">
     <span class='ocr_line' id='line_1_87' title="bbox 2071 3870 3647 3949; baseline -0.011 -16"><span class='ocrx_word' id='word_1_642' title='bbox 2071 3878 2315 3949; x_wconf 85' lang='lat' dir='ltr'><strong>prudens</strong></span> <span class='ocrx_word' id='word_1_643' title='bbox 2332 3875 2562 3945; x_wconf 88' lang='lat' dir='ltr'><strong>quilibet</strong></span> <span class='ocrx_word' id='word_1_644' title='bbox 2583 3875 2820 3928; x_wconf 69' lang='lat' dir='ltr'><strong>laetatur.</strong></span> <span class='ocrx_word' id='word_1_645' title='bbox 2852 3871 3009 3938; x_wconf 85' lang='lat' dir='ltr'><strong>Quod</strong></span> <span class='ocrx_word' id='word_1_646' title='bbox 3033 3870 3080 3925; x_wconf 91' lang='lat' dir='ltr'><strong>si</strong></span> <span class='ocrx_word' id='word_1_647' title='bbox 3103 3882 3395 3924; x_wconf 90' lang='lat' dir='ltr'><strong>onerosum</strong></span> <span class='ocrx_word' id='word_1_648' title='bbox 3432 3881 3496 3933; x_wconf 82' lang='lat' dir='ltr'><strong>ac</strong></span> <span class='ocrx_word' id='word_1_649' title='bbox 3530 3883 3647 3918; x_wconf 85' lang='lat' dir='ltr'><strong>ino-</strong></span> 
     </span>
    </p>
   </div>
   <div class='ocr_carea' id='block_1_88' title="bbox 2071 3957 3643 4035">
    <p class='ocr_par' dir='ltr' id='par_1_88' title="bbox 2071 3957 3643 4035">
     <span class='ocr_line' id='line_1_88' title="bbox 2071 3957 3643 4035; baseline -0.014 -8"><span class='ocrx_word' id='word_1_650' title='bbox 2071 3973 2270 4027; x_wconf 87' lang='lat' dir='ltr'><strong>lestum</strong></span> <span class='ocrx_word' id='word_1_651' title='bbox 2303 3968 2395 4034; x_wconf 87' lang='lat' dir='ltr'><strong>sit,</strong></span> <span class='ocrx_word' id='word_1_652' title='bbox 2427 3965 2671 4035; x_wconf 82' lang='lat' dir='ltr'><strong>proxime</strong></span> <span class='ocrx_word' id='word_1_653' title='bbox 2701 3979 2887 4018; x_wconf 89' lang='lat' dir='ltr'><strong>secum</strong></span> <span class='ocrx_word' id='word_1_654' title='bbox 2920 3963 3202 4031; x_wconf 81' lang='lat' dir='ltr'><strong>congredi,</strong></span> <span class='ocrx_word' id='word_1_655' title='bbox 3233 3969 3380 4013; x_wconf 87' lang='lat' dir='ltr'><strong>certe</strong></span> <span class='ocrx_word' id='word_1_656' title='bbox 3401 3957 3467 4011; x_wconf 93' lang='lat' dir='ltr'><strong>ad</strong></span> <span class='ocrx_word' id='word_1_657' title='bbox 3507 3971 3643 4024; x_wconf 68' lang='lat' dir='ltr'><strong>poi:-</strong></span> 
     </span>
    </p>
   </div>
   <div class='ocr_carea' id='block_1_89' title="bbox 2074 4049 3639 4121">
    <p class='ocr_par' dir='ltr' id='par_1_89' title="bbox 2074 4049 3639 4121">
     <span class='ocr_line' id='line_1_89' title="bbox 2074 4049 3639 4121; baseline -0.012 -4"><span class='ocrx_word' id='word_1_658' title='bbox 2074 4071 2182 4117; x_wconf 89' lang='lat' dir='ltr'><strong>tem</strong></span> <span class='ocrx_word' id='word_1_659' title='bbox 2213 4059 2456 4113; x_wconf 81' lang='lat' dir='ltr'><strong>fluminis</strong></span> <span class='ocrx_word' id='word_1_660' title='bbox 2480 4055 2727 4121; x_wconf 87' lang='lat' dir='ltr'><strong>accedat,</strong></span> <span class='ocrx_word' id='word_1_661' title='bbox 2756 4062 2814 4107; x_wconf 92' lang='lat' dir='ltr'><strong>ut</strong></span> <span class='ocrx_word' id='word_1_662' title='bbox 2842 4069 2909 4106; x_wconf 85' lang='lat' dir='ltr'><strong>ex</strong></span> <span class='ocrx_word' id='word_1_663' title='bbox 2935 4052 3223 4107; x_wconf 73' lang='lat' dir='ltr'><strong>intervallo</strong></span> <span class='ocrx_word' id='word_1_664' title='bbox 3256 4067 3314 4106; x_wconf 86' lang='lat' dir='ltr'><strong>se</strong></span> <span class='ocrx_word' id='word_1_665' title='bbox 3339 4049 3639 4118; x_wconf 84' lang='lat' dir='ltr'><strong>appellent,</strong></span> 
     </span>
    </p>
   </div>
   <div class='ocr_carea' id='block_1_90' title="bbox 2073 4134 3644 4206">
    <p class='ocr_par' dir='ltr' id='par_1_90' title="bbox 2073 4134 3644 4206">
     <span class='ocr_line' id='line_1_90' title="bbox 2073 4134 3644 4206; baseline -0.012 0"><span class='ocrx_word' id='word_1_666' title='bbox 2073 4160 2131 4206; x_wconf 88' lang='lat' dir='ltr'><strong>et</strong></span> <span class='ocrx_word' id='word_1_667' title='bbox 2159 4150 2264 4204; x_wconf 89' lang='lat' dir='ltr'><strong>sibi</strong></span> <span class='ocrx_word' id='word_1_668' title='bbox 2301 4147 2465 4202; x_wconf 90' lang='lat' dir='ltr'><strong>detur</strong></span> <span class='ocrx_word' id='word_1_669' title='bbox 2493 4159 2616 4199; x_wconf 90' lang='lat' dir='ltr'><strong>cum</strong></span> <span class='ocrx_word' id='word_1_670' title='bbox 2640 4159 2706 4197; x_wconf 91' lang='lat' dir='ltr'><strong>eo</strong></span> <span class='ocrx_word' id='word_1_671' title='bbox 2734 4142 3068 4198; x_wconf 89' lang='lat' dir='ltr'><strong>collocutum</strong></span> <span class='ocrx_word' id='word_1_672' title='bbox 3122 4155 3242 4195; x_wconf 89' lang='lat' dir='ltr'><strong>esse</strong></span> <span class='ocrx_word' id='word_1_673' title='bbox 3287 4148 3342 4192; x_wconf 91' lang='lat' dir='ltr'><strong>et</strong></span> <span class='ocrx_word' id='word_1_674' title='bbox 3363 4139 3440 4193; x_wconf 91' lang='lat' dir='ltr'><strong>illi</strong></span> <span class='ocrx_word' id='word_1_675' title='bbox 3474 4134 3644 4205; x_wconf 90' lang='lat' dir='ltr'><strong>(quod</strong></span> 
     </span>
    </p>
   </div>
   <div class='ocr_carea' id='block_1_91' title="bbox 2074 4229 3645 4307">
    <p class='ocr_par' dir='ltr' id='par_1_91' title="bbox 2074 4229 3645 4307">
     <span class='ocr_line' id='line_1_91' title="bbox 2074 4229 3645 4307; baseline -0.013 -9"><span class='ocrx_word' id='word_1_676' title='bbox 2074 4243 2313 4298; x_wconf 77' lang='lat' dir='ltr'><strong>maxime</strong></span> <span class='ocrx_word' id='word_1_677' title='bbox 2358 4236 2584 4307; x_wconf 88' lang='lat' dir='ltr'><strong>timeat)</strong></span> <span class='ocrx_word' id='word_1_678' title='bbox 2613 4252 2724 4291; x_wconf 89' lang='lat' dir='ltr'><strong>non</strong></span> <span class='ocrx_word' id='word_1_679' title='bbox 2772 4235 3264 4305; x_wconf 87' lang='lat' dir='ltr'><strong>appropinquasse.</strong></span> <span class='ocrx_word' id='word_1_680' title='bbox 3297 4229 3402 4286; x_wconf 87' lang='lat' dir='ltr'><strong>Ubi</strong></span> <span class='ocrx_word' id='word_1_681' title='bbox 3435 4242 3645 4283; x_wconf 81' lang='lat' dir='ltr'><strong>morem</strong></span> 
     </span>
    </p>
   </div>
   <div class='ocr_carea' id='block_1_92' title="bbox 2074 4320 3646 4404">
    <p class='ocr_par' dir='ltr' id='par_1_92' title="bbox 2074 4320 3646 4404">
     <span class='ocr_line' id='line_1_92' title="bbox 2074 4320 3646 4404; baseline -0.011 -17"><span class='ocrx_word' id='word_1_682' title='bbox 2074 4346 2268 4404; x_wconf 75' lang='lat' dir='ltr'><strong>gerens</strong></span> <span class='ocrx_word' id='word_1_683' title='bbox 2313 4330 2380 4385; x_wconf 87' lang='lat' dir='ltr'><strong>ad</strong></span> <span class='ocrx_word' id='word_1_684' title='bbox 2416 4336 2637 4399; x_wconf 89' lang='lat' dir='ltr'><strong>pontem</strong></span> <span class='ocrx_word' id='word_1_685' title='bbox 2683 4325 2938 4388; x_wconf 88' lang='lat' dir='ltr'><strong>accessit,</strong></span> <span class='ocrx_word' id='word_1_686' title='bbox 2988 4338 3114 4379; x_wconf 89' lang='lat' dir='ltr'><strong>cum</strong></span> <span class='ocrx_word' id='word_1_687' title='bbox 3162 4323 3293 4385; x_wconf 87' lang='lat' dir='ltr'><strong>alia,</strong></span> <span class='ocrx_word' id='word_1_688' title='bbox 3345 4320 3646 4390; x_wconf 69' lang='lat' dir='ltr'><strong>quaeinter</strong></span> 
     </span>
    </p>
   </div>
   <div class='ocr_carea' id='block_1_93' title="bbox 2076 4415 3646 4486">
    <p class='ocr_par' dir='ltr' id='par_1_93' title="bbox 2076 4415 3646 4486">
     <span class='ocr_line' id='line_1_93' title="bbox 2076 4415 3646 4486; baseline -0.011 -8"><span class='ocrx_word' id='word_1_689' title='bbox 2076 4424 2287 4478; x_wconf 84' lang='lat' dir='ltr'><strong>amicos</strong></span> <span class='ocrx_word' id='word_1_690' title='bbox 2318 4421 2517 4485; x_wconf 87' lang='lat' dir='ltr'><strong>solent,</strong></span> <span class='ocrx_word' id='word_1_691' title='bbox 2547 4418 2692 4472; x_wconf 90' lang='lat' dir='ltr'><strong>ultro</strong></span> <span class='ocrx_word' id='word_1_692' title='bbox 2717 4417 2970 4486; x_wconf 86' lang='lat' dir='ltr'><strong>citroque</strong></span> <span class='ocrx_word' id='word_1_693' title='bbox 3001 4415 3150 4469; x_wconf 88' lang='lat' dir='ltr'><strong>dicta</strong></span> <span class='ocrx_word' id='word_1_694' title='bbox 3177 4422 3305 4469; x_wconf 92' lang='lat' dir='ltr'><strong>sunt</strong></span> <span class='ocrx_word' id='word_1_695' title='bbox 3335 4451 3351 4477; x_wconf 94' lang='lat'><strong>,</strong></span> <span class='ocrx_word' id='word_1_696' title='bbox 3387 4421 3501 4464; x_wconf 90' lang='lat' dir='ltr'><strong>tum</strong></span> <span class='ocrx_word' id='word_1_697' title='bbox 3528 4424 3646 4463; x_wconf 88' lang='lat' dir='ltr'><strong>ma-</strong></span> 
     </span>
    </p>
   </div>
   <div class='ocr_carea' id='block_1_94' title="bbox 2076 4507 3687 4587">
    <p class='ocr_par' dir='ltr' id='par_1_94' title="bbox 2076 4507 3687 4587">
     <span class='ocr_line' id='line_1_94' title="bbox 2076 4507 3687 4587; baseline -0.01 -17"><span class='ocrx_word' id='word_1_698' title='bbox 2076 4531 2215 4587; x_wconf 82' lang='lat' dir='ltr'><strong>gnus</strong></span> <span class='ocrx_word' id='word_1_699' title='bbox 2243 4512 2577 4567; x_wconf 82' lang='lat' dir='ltr'><strong>domesticus</strong></span> <span class='ocrx_word' id='word_1_700' title='bbox 2601 4510 2668 4564; x_wconf 87' lang='lat' dir='ltr'><strong>de</strong></span> <span class='ocrx_word' id='word_1_701' title='bbox 2690 4510 2910 4564; x_wconf 89' lang='lat' dir='ltr'><strong>urbium</strong></span> <span class='ocrx_word' id='word_1_702' title='bbox 2940 4507 3244 4563; x_wconf 83' lang='lat' dir='ltr'><strong>defectione</strong></span> <span class='ocrx_word' id='word_1_703' title='bbox 3275 4516 3503 4575; x_wconf 88' lang='lat' dir='ltr'><strong>questus</strong></span> <span class='ocrx_word' id='word_1_704' title='bbox 3538 4509 3643 4564; x_wconf 87' lang='lat' dir='ltr'><strong>est,</strong></span> <span class='ocrx_word' id='word_1_705' title='bbox 3682 4538 3687 4541; x_wconf 66' lang='grc' dir='ltr'><strong>ι</strong></span> 
     </span>
    </p>
   </div>
   <div class='ocr_carea' id='block_1_95' title="bbox 2076 4593 3649 4673">
    <p class='ocr_par' dir='ltr' id='par_1_95' title="bbox 2076 4593 3649 4673">
     <span class='ocr_line' id='line_1_95' title="bbox 2076 4593 3649 4673; baseline -0.01 -11"><span class='ocrx_word' id='word_1_706' title='bbox 2076 4605 2164 4662; x_wconf 90' lang='lat' dir='ltr'><strong>cui</strong></span> <span class='ocrx_word' id='word_1_707' title='bbox 2190 4604 2270 4659; x_wconf 87' lang='lat' dir='ltr'><strong>rei</strong></span> <span class='ocrx_word' id='word_1_708' title='bbox 2297 4603 2414 4673; x_wconf 81' lang='lat' dir='ltr'><strong>ipse</strong></span> <span class='ocrx_word' id='word_1_709' title='bbox 2455 4601 2654 4672; x_wconf 87' lang='lat' dir='ltr'><strong>puppis</strong></span> <span class='ocrx_word' id='word_1_710' title='bbox 2679 4610 2735 4656; x_wconf 89' lang='lat' dir='ltr'><strong>et</strong></span> <span class='ocrx_word' id='word_1_711' title='bbox 2764 4616 2923 4670; x_wconf 84' lang='lat' dir='ltr'><strong>prora</strong></span> <span class='ocrx_word' id='word_1_712' title='bbox 2942 4599 3155 4655; x_wconf 86' lang='lat' dir='ltr'><strong>fuisset.</strong></span> <span class='ocrx_word' id='word_1_713' title='bbox 3188 4597 3283 4653; x_wconf 89' lang='lat' dir='ltr'><strong>llle</strong></span> <span class='ocrx_word' id='word_1_714' title='bbox 3313 4593 3649 4651; x_wconf 87' lang='lat' dir='ltr'><strong>defendendi</strong></span> 
     </span>
    </p>
   </div>
   <div class='ocr_carea' id='block_1_96' title="bbox 2077 4687 3650 4769">
    <p class='ocr_par' dir='ltr' id='par_1_96' title="bbox 2077 4687 3650 4769">
     <span class='ocr_line' id='line_1_96' title="bbox 2077 4687 3650 4769; baseline -0.008 -17"><span class='ocrx_word' id='word_1_715' title='bbox 2077 4698 2159 4753; x_wconf 90' lang='lat' dir='ltr'><strong>sui</strong></span> <span class='ocrx_word' id='word_1_716' title='bbox 2175 4696 2346 4769; x_wconf 73' lang='lat' dir='ltr'><strong>gratia</strong></span> <span class='ocrx_word' id='word_1_717' title='bbox 2364 4693 2549 4758; x_wconf 64' lang='lat' dir='ltr'><strong>refert,</strong></span> <span class='ocrx_word' id='word_1_718' title='bbox 2572 4707 2630 4748; x_wconf 90' lang='lat' dir='ltr'><strong>se</strong></span> <span class='ocrx_word' id='word_1_719' title='bbox 2643 4692 3021 4747; x_wconf 79' lang='lat' dir='ltr'><strong>Acarnanibus</strong></span> <span class='ocrx_word' id='word_1_720' title='bbox 3045 4707 3073 4746; x_wconf 93' lang='lat' dir='ltr'><strong>e</strong></span> <span class='ocrx_word' id='word_1_721' title='bbox 3089 4691 3460 4745; x_wconf 82' lang='lat' dir='ltr'><strong>Romanorum</strong></span> <span class='ocrx_word' id='word_1_722' title='bbox 3479 4687 3650 4742; x_wconf 75' lang='lat' dir='ltr'><strong>servi-</strong></span> 
     </span>
    </p>
   </div>
   <div class='ocr_carea' id='block_1_97' title="bbox 2082 4777 3647 4854">
    <p class='ocr_par' dir='ltr' id='par_1_97' title="bbox 2082 4777 3647 4854">
     <span class='ocr_line' id='line_1_97' title="bbox 2082 4777 3647 4854; baseline -0.007 -12"><span class='ocrx_word' id='word_1_723' title='bbox 2082 4795 2196 4842; x_wconf 88' lang='lat' dir='ltr'><strong>tute</strong></span> <span class='ocrx_word' id='word_1_724' title='bbox 2222 4784 2555 4849; x_wconf 89' lang='lat' dir='ltr'><strong>asserendis,</strong></span> <span class='ocrx_word' id='word_1_725' title='bbox 2581 4791 2635 4838; x_wconf 88' lang='lat' dir='ltr'><strong>et</strong></span> <span class='ocrx_word' id='word_1_726' title='bbox 2658 4783 2835 4854; x_wconf 89' lang='lat' dir='ltr'><strong>patrio</strong></span> <span class='ocrx_word' id='word_1_727' title='bbox 2850 4782 3177 4850; x_wconf 81' lang='lat' dir='ltr'><strong>Angelorum</strong></span> <span class='ocrx_word' id='word_1_728' title='bbox 3201 4779 3512 4852; x_wconf 86' lang='lat' dir='ltr'><strong>principatu</strong></span> <span class='ocrx_word' id='word_1_729' title='bbox 3536 4777 3647 4850; x_wconf 63' lang='lat'><strong>(6&#39;2)</strong></span> 
     </span>
    </p>
   </div>
   <div class='ocr_carea' id='block_1_98' title="bbox 2080 4872 3650 4950">
    <p class='ocr_par' dir='ltr' id='par_1_98' title="bbox 2080 4872 3650 4950">
     <span class='ocr_line' id='line_1_98' title="bbox 2080 4872 3650 4950; baseline -0.008 -16"><span class='ocrx_word' id='word_1_730' title='bbox 2080 4880 2216 4950; x_wconf 88' lang='lat' dir='ltr'><strong>ipsis</strong></span> <span class='ocrx_word' id='word_1_731' title='bbox 2241 4877 2641 4948; x_wconf 89' lang='lat' dir='ltr'><strong>recuperando,</strong></span> <span class='ocrx_word' id='word_1_732' title='bbox 2668 4876 2772 4931; x_wconf 91' lang='lat' dir='ltr'><strong>sibi</strong></span> <span class='ocrx_word' id='word_1_733' title='bbox 2807 4875 3038 4946; x_wconf 88' lang='lat' dir='ltr'><strong>aliisque</strong></span> <span class='ocrx_word' id='word_1_734' title='bbox 3068 4875 3419 4930; x_wconf 89' lang='lat' dir='ltr'><strong>commodare</strong></span> <span class='ocrx_word' id='word_1_735' title='bbox 3442 4872 3650 4925; x_wconf 84' lang='lat' dir='ltr'><strong>voluis-</strong></span> 
     </span>
    </p>
   </div>
   <div class='ocr_carea' id='block_1_99' title="bbox 2079 4962 3646 5038">
    <p class='ocr_par' dir='ltr' id='par_1_99' title="bbox 2079 4962 3646 5038">
     <span class='ocr_line' id='line_1_99' title="bbox 2079 4962 3646 5038; baseline -0.008 -12"><span class='ocrx_word' id='word_1_736' title='bbox 2079 4986 2137 5027; x_wconf 88' lang='lat' dir='ltr'><strong>se</strong></span> <span class='ocrx_word' id='word_1_737' title='bbox 2204 4970 2298 5024; x_wconf 83' lang='lat' dir='ltr'><strong>llis</strong></span> <span class='ocrx_word' id='word_1_738' title='bbox 2358 4969 2588 5038; x_wconf 87' lang='lat' dir='ltr'><strong>aliisque</strong></span> <span class='ocrx_word' id='word_1_739' title='bbox 2624 4967 2769 5022; x_wconf 89' lang='lat' dir='ltr'><strong>inter</strong></span> <span class='ocrx_word' id='word_1_740' title='bbox 2822 4982 2882 5023; x_wconf 92' lang='lat' dir='ltr'><strong>se</strong></span> <span class='ocrx_word' id='word_1_741' title='bbox 2933 4967 3130 5033; x_wconf 87' lang='lat' dir='ltr'><strong>dictis,</strong></span> <span class='ocrx_word' id='word_1_742' title='bbox 3184 4967 3521 5021; x_wconf 88' lang='lat' dir='ltr'><strong>domesticus</strong></span> <span class='ocrx_word' id='word_1_743' title='bbox 3579 4962 3646 5015; x_wconf 86' lang='lat' dir='ltr'><strong>ad</strong></span> 
     </span>
    </p>
   </div>
   <div class='ocr_carea' id='block_1_100' title="bbox 399 5055 1968 5137">
    <p class='ocr_par' dir='ltr' id='par_1_100' title="bbox 399 5059 1968 5131">
     <span class='ocr_line' id='line_1_100' title="bbox 399 5059 1968 5131; baseline 0.001 -19"><span class='ocrx_word' id='word_1_744' title='bbox 399 5060 497 5112; x_wconf 74' lang='grc' dir='ltr'><strong>καὶ</strong></span> <span class='ocrx_word' id='word_1_745' title='bbox 525 5059 625 5131; x_wconf 81' lang='grc' dir='ltr'><strong>τὴν</strong></span> <span class='ocrx_word' id='word_1_746' title='bbox 653 5061 880 5130; x_wconf 70' lang='grc' dir='ltr'>πάτριον</span> <span class='ocrx_word' id='word_1_747' title='bbox 906 5061 1088 5121; x_wconf 73' lang='grc' dir='ltr'>αὐτοῖς</span> <span class='ocrx_word' id='word_1_748' title='bbox 1117 5060 1228 5113; x_wconf 84' lang='grc' dir='ltr'><strong>τῶν</strong></span> <span class='ocrx_word' id='word_1_749' title='bbox 1257 5060 1529 5127; x_wconf 87' lang='grc' dir='ltr'>’Δγγέλων</span> <span class='ocrx_word' id='word_1_750' title='bbox 1558 5060 1735 5131; x_wconf 86' lang='grc' dir='ltr'>ἀρχὴν</span> <span class='ocrx_word' id='word_1_751' title='bbox 1768 5062 1968 5114; x_wconf 78' lang='grc' dir='ltr'>ἐπανα-</span> 
     </span>
    </p>
   </div>
   <div class='ocr_carea' id='block_1_101' title="bbox 2069 5055 3648 5137">
    <p class='ocr_par' dir='ltr' id='par_1_101' title="bbox 2078 5055 3648 5128">
     <span class='ocr_line' id='line_1_101' title="bbox 2078 5055 3648 5128; baseline -0.007 -11"><span class='ocrx_word' id='word_1_752' title='bbox 2078 5060 2400 5125; x_wconf 83' lang='lat' dir='ltr'><strong>excrcitum,</strong></span> <span class='ocrx_word' id='word_1_753' title='bbox 2431 5060 2593 5113; x_wconf 84' lang='lat' dir='ltr'><strong>tertio</strong></span> <span class='ocrx_word' id='word_1_754' title='bbox 2620 5059 2708 5113; x_wconf 91' lang='lat' dir='ltr'><strong>die</strong></span> <span class='ocrx_word' id='word_1_755' title='bbox 2736 5059 3107 5114; x_wconf 84' lang='lat' dir='ltr'><strong>reversionem</strong></span> <span class='ocrx_word' id='word_1_756' title='bbox 3151 5058 3447 5128; x_wconf 85' lang='lat' dir='ltr'><strong>pollicitus,</strong></span> <span class='ocrx_word' id='word_1_757' title='bbox 3474 5055 3648 5109; x_wconf 74' lang='lat' dir='ltr'><strong>Caba-</strong></span> 
     </span>
    </p>
   </div>
   <div class='ocr_carea' id='block_1_102' title="bbox 402 5149 1973 5221">
    <p class='ocr_par' dir='ltr' id='par_1_102' title="bbox 402 5149 1973 5221">
     <span class='ocr_line' id='line_1_102' title="bbox 402 5149 1973 5221; baseline 0.001 -18"><span class='ocrx_word' id='word_1_758' title='bbox 402 5149 611 5215; x_wconf 80' lang='grc' dir='ltr'>σώζων.</span> <span class='ocrx_word' id='word_1_759' title='bbox 640 5149 879 5204; x_wconf 79' lang='grc' dir='ltr'>Τοιαῦτα</span> <span class='ocrx_word' id='word_1_760' title='bbox 910 5150 1005 5205; x_wconf 81' lang='grc' dir='ltr'><strong>καὶ</strong></span> <span class='ocrx_word' id='word_1_761' title='bbox 1033 5149 1198 5221; x_wconf 67' lang='grc' dir='ltr'>ἕτερά</span> <span class='ocrx_word' id='word_1_762' title='bbox 1230 5166 1352 5202; x_wconf 89' lang='grc' dir='ltr'>τινα</span> <span class='ocrx_word' id='word_1_763' title='bbox 1376 5149 1782 5219; x_wconf 77' lang='grc' dir='ltr'>διαλεχθέντες,</span> <span class='ocrx_word' id='word_1_764' title='bbox 1810 5153 1838 5203; x_wconf 76' lang='grc' dir='ltr'><strong>ὁ</strong></span> <span class='ocrx_word' id='word_1_765' title='bbox 1873 5149 1973 5220; x_wconf 77' lang='grc' dir='ltr'>μὲν</span> 
     </span>
    </p>
   </div>
   <div class='ocr_carea' id='block_1_103' title="bbox 400 5238 1972 5314">
    <p class='ocr_par' dir='ltr' id='par_1_103' title="bbox 400 5238 1972 5314">
     <span class='ocr_line' id='line_1_103' title="bbox 400 5238 1972 5314; baseline 0.002 -21"><span class='ocrx_word' id='word_1_766' title='bbox 400 5241 481 5304; x_wconf 81' lang='grc' dir='ltr'><strong>είς</strong></span> <span class='ocrx_word' id='word_1_767' title='bbox 518 5240 580 5294; x_wconf 71' lang='grc' dir='ltr'>τὸ</span> <span class='ocrx_word' id='word_1_768' title='bbox 623 5242 1007 5312; x_wconf 74' lang='grc' dir='ltr'>στρατόπεδον,</span> <span class='ocrx_word' id='word_1_769' title='bbox 1044 5243 1100 5305; x_wconf 78' lang='grc' dir='ltr'><strong>ἐς</strong></span> <span class='ocrx_word' id='word_1_770' title='bbox 1139 5242 1330 5313; x_wconf 83' lang='grc' dir='ltr'>τρίτην</span> <span class='ocrx_word' id='word_1_771' title='bbox 1369 5240 1588 5313; x_wconf 70' lang='grc' dir='ltr'>ἡμέραν</span> <span class='ocrx_word' id='word_1_772' title='bbox 1623 5238 1778 5305; x_wconf 81' lang='grc' dir='ltr'>αὖθις</span> <span class='ocrx_word' id='word_1_773' title='bbox 1818 5243 1972 5314; x_wconf 76' lang='grc' dir='ltr'>ἥξειν</span> 
     </span>
    </p>
   </div>
   <div class='ocr_carea' id='block_1_104' title="bbox 2084 5151 3643 5221">
    <p class='ocr_par' dir='ltr' id='par_1_104' title="bbox 2084 5151 3643 5221">
     <span class='ocr_line' id='line_1_104' title="bbox 2084 5151 3643 5221; baseline -0.005 -13"><span class='ocrx_word' id='word_1_774' title='bbox 2084 5153 2214 5208; x_wconf 89' lang='lat' dir='ltr'><strong>silas</strong></span> <span class='ocrx_word' id='word_1_775' title='bbox 2249 5152 2303 5206; x_wconf 91' lang='lat' dir='ltr'><strong>in</strong></span> <span class='ocrx_word' id='word_1_776' title='bbox 2354 5152 2636 5221; x_wconf 81' lang='lat' dir='ltr'><strong>Oppidum,</strong></span> <span class='ocrx_word' id='word_1_777' title='bbox 2661 5152 2899 5206; x_wconf 85' lang='lat' dir='ltr'><strong>secunda</strong></span> <span class='ocrx_word' id='word_1_778' title='bbox 2957 5151 3341 5218; x_wconf 78' lang='lat' dir='ltr'><strong>congressione</strong></span> <span class='ocrx_word' id='word_1_779' title='bbox 3370 5157 3586 5201; x_wconf 87' lang='lat' dir='ltr'><strong>recusat</strong></span> <span class='ocrx_word' id='word_1_780' title='bbox 3625 5184 3643 5212; x_wconf 88' lang='lat'><strong>,</strong></span> 
     </span>
    </p>
   </div>
   <div class='ocr_carea' id='block_1_105' title="bbox 2084 5237 3650 5315">
    <p class='ocr_par' dir='ltr' id='par_1_105' title="bbox 2084 5237 3650 5315">
     <span class='ocr_line' id='line_1_105' title="bbox 2084 5237 3650 5315; baseline -0.006 -15"><span class='ocrx_word' id='word_1_781' title='bbox 2084 5244 2313 5315; x_wconf 80' lang='lat' dir='ltr'><strong>digressi</strong></span> <span class='ocrx_word' id='word_1_782' title='bbox 2364 5251 2513 5298; x_wconf 88' lang='lat' dir='ltr'><strong>sunt.</strong></span> <span class='ocrx_word' id='word_1_783' title='bbox 2572 5240 2757 5296; x_wconf 83' lang='lat' dir='ltr'><strong>Tertia</strong></span> <span class='ocrx_word' id='word_1_784' title='bbox 2814 5242 2938 5297; x_wconf 87' lang='lat' dir='ltr'><strong>luce</strong></span> <span class='ocrx_word' id='word_1_785' title='bbox 3005 5256 3234 5302; x_wconf 71' lang='lat' dir='ltr'><strong>magnus</strong></span> <span class='ocrx_word' id='word_1_786' title='bbox 3311 5237 3650 5294; x_wconf 86' lang='lat' dir='ltr'><strong>domesticus</strong></span> 
     </span>
    </p>
   </div>
   <div class='ocr_carea' id='block_1_106' title="bbox 512 5358 2412 5427">
    <p class='ocr_par' dir='ltr' id='par_1_106' title="bbox 512 5358 2412 5427">
     <span class='ocr_line' id='line_1_106' title="bbox 512 5358 2412 5427; baseline -0.004 0"><span class='ocrx_word' id='word_1_787' title='bbox 512 5422 529 5427; x_wconf 81' lang='lat'><strong>-</strong></span> <span class='ocrx_word' id='word_1_788' title='bbox 1674 5358 1895 5422; x_wconf 82' lang='lat' dir='ltr'><strong>Jacobi</strong></span> <span class='ocrx_word' id='word_1_789' title='bbox 1924 5360 2190 5424; x_wconf 85' lang='lat' dir='ltr'><strong>Pontani</strong></span> <span class='ocrx_word' id='word_1_790' title='bbox 2223 5365 2412 5421; x_wconf 78' lang='lat' dir='ltr'><strong>notae.</strong></span> 
     </span>
    </p>
   </div>
   <div class='ocr_carea' id='block_1_107' title="bbox 474 5479 3647 5552">
    <p class='ocr_par' dir='ltr' id='par_1_107' title="bbox 474 5479 3647 5552">
     <span class='ocr_line' id='line_1_107' title="bbox 474 5479 3647 5552; baseline -0.002 -16"><span class='ocrx_word' id='word_1_791' title='bbox 474 5480 591 5551; x_wconf 73' lang='grc' dir='ltr'>(οε)</span> <span class='ocrx_word' id='word_1_792' title='bbox 627 5482 674 5537; x_wconf 81' lang='grc' dir='ltr'>Α</span> <span class='ocrx_word' id='word_1_793' title='bbox 725 5481 1064 5551; x_wconf 83' lang='lat' dir='ltr'><strong>temporibus</strong></span> <span class='ocrx_word' id='word_1_794' title='bbox 1101 5480 1292 5552; x_wconf 76' lang='lat' dir='ltr'><strong>Angeli</strong></span> <span class='ocrx_word' id='word_1_795' title='bbox 1337 5480 1513 5537; x_wconf 63' lang='grc' dir='ltr'><strong>ΜεχΞί</strong></span> <span class='ocrx_word' id='word_1_796' title='bbox 1559 5481 1789 5550; x_wconf 84' lang='lat' dir='ltr'><strong>abrupta</strong></span> <span class='ocrx_word' id='word_1_797' title='bbox 1819 5490 1904 5537; x_wconf 81' lang='lat' dir='ltr'><strong>est</strong></span> <span class='ocrx_word' id='word_1_798' title='bbox 1935 5498 1964 5536; x_wconf 84' lang='lat' dir='ltr'><strong>a</strong></span> <span class='ocrx_word' id='word_1_799' title='bbox 2071 5485 2126 5538; x_wconf 85' lang='lat' dir='ltr'><strong>in</strong></span> <span class='ocrx_word' id='word_1_800' title='bbox 2160 5482 2286 5535; x_wconf 77' lang='lat' dir='ltr'><strong>locis</strong></span> <span class='ocrx_word' id='word_1_801' title='bbox 2314 5480 2409 5552; x_wconf 88' lang='lat' dir='ltr'><strong>ali_i</strong></span> <span class='ocrx_word' id='word_1_802' title='bbox 2455 5481 2663 5545; x_wconf 79' lang='lat' dir='ltr'><strong>[nerant</strong></span> <span class='ocrx_word' id='word_1_803' title='bbox 2708 5481 2961 5552; x_wconf 73' lang='lat' dir='ltr'><strong>hactenus</strong></span> <span class='ocrx_word' id='word_1_804' title='bbox 3007 5479 3268 5552; x_wconf 67' lang='lat' dir='ltr'><strong>(tigridum</strong></span> <span class='ocrx_word' id='word_1_805' title='bbox 3310 5485 3564 5552; x_wconf 69' lang='lat' dir='ltr'><strong>occupato</strong></span> <span class='ocrx_word' id='word_1_806' title='bbox 3610 5492 3647 5552; x_wconf 65' lang='lat' dir='ltr'><strong>is</strong></span> 
     </span>
    </p>
   </div>
   <div class='ocr_carea' id='block_1_108' title="bbox 399 5552 1967 5621">
    <p class='ocr_par' dir='ltr' id='par_1_108' title="bbox 399 5552 1967 5621">
     <span class='ocr_line' id='line_1_108' title="bbox 399 5552 1967 5621; baseline -0.001 -12"><span class='ocrx_word' id='word_1_807' title='bbox 399 5554 655 5609; x_wconf 74' lang='lat' dir='ltr'><strong>Romano</strong></span> <span class='ocrx_word' id='word_1_808' title='bbox 724 5553 958 5621; x_wconf 87' lang='lat' dir='ltr'><strong>imperio</strong></span> <span class='ocrx_word' id='word_1_809' title='bbox 1027 5552 1352 5606; x_wconf 77' lang='lat' dir='ltr'><strong>Acarnania.</strong></span> <span class='ocrx_word' id='word_1_810' title='bbox 1405 5552 1509 5607; x_wconf 87' lang='lat' dir='ltr'><strong>Sed</strong></span> <span class='ocrx_word' id='word_1_811' title='bbox 1549 5566 1672 5620; x_wconf 87' lang='lat' dir='ltr'><strong>cap.</strong></span> <span class='ocrx_word' id='word_1_812' title='bbox 1712 5552 1967 5620; x_wconf 88' lang='lat' dir='ltr'><strong>sequenti</strong></span> 
     </span>
    </p>
   </div>
   <div class='ocr_carea' id='block_1_109' title="bbox 402 5620 1965 5690">
    <p class='ocr_par' dir='ltr' id='par_1_109' title="bbox 402 5620 1965 5690">
     <span class='ocr_line' id='line_1_109' title="bbox 402 5620 1965 5690; baseline 0 -14"><span class='ocrx_word' id='word_1_813' title='bbox 402 5622 703 5678; x_wconf 83' lang='lat' dir='ltr'><strong>historicus</strong></span> <span class='ocrx_word' id='word_1_814' title='bbox 743 5632 928 5677; x_wconf 87' lang='lat' dir='ltr'><strong>noster</strong></span> <span class='ocrx_word' id='word_1_815' title='bbox 972 5621 1308 5690; x_wconf 80' lang='lat' dir='ltr'><strong>explicabit,</strong></span> <span class='ocrx_word' id='word_1_816' title='bbox 1357 5621 1633 5690; x_wconf 87' lang='lat' dir='ltr'><strong>quomodo</strong></span> <span class='ocrx_word' id='word_1_817' title='bbox 1671 5637 1735 5674; x_wconf 78' lang='lat' dir='ltr'><strong>ex</strong></span> <span class='ocrx_word' id='word_1_818' title='bbox 1772 5620 1965 5690; x_wconf 57' lang='lat' dir='ltr'><strong>praefe-</strong></span> 
     </span>
    </p>
   </div>
   <div class='ocr_carea' id='block_1_110' title="bbox 399 5689 1966 5760">
    <p class='ocr_par' dir='ltr' id='par_1_110' title="bbox 399 5689 1966 5760">
     <span class='ocr_line' id='line_1_110' title="bbox 399 5689 1966 5760; baseline -0.004 -13"><span class='ocrx_word' id='word_1_819' title='bbox 399 5703 558 5747; x_wconf 85' lang='lat' dir='ltr'><strong>ctura</strong></span> <span class='ocrx_word' id='word_1_820' title='bbox 589 5693 729 5745; x_wconf 84' lang='lat' dir='ltr'><strong>facta</strong></span> <span class='ocrx_word' id='word_1_821' title='bbox 764 5695 837 5745; x_wconf 89' lang='lat' dir='ltr'><strong>sit</strong></span> <span class='ocrx_word' id='word_1_822' title='bbox 870 5693 1089 5760; x_wconf 82' lang='lat' dir='ltr'><strong>propria</strong></span> <span class='ocrx_word' id='word_1_823' title='bbox 1119 5689 1422 5759; x_wconf 78' lang='lat' dir='ltr'><strong>provincia.</strong></span> <span class='ocrx_word' id='word_1_824' title='bbox 1451 5691 1525 5745; x_wconf 76' lang='lat' dir='ltr'><strong>Ex</strong></span> <span class='ocrx_word' id='word_1_825' title='bbox 1557 5689 1789 5760; x_wconf 66' lang='lat' dir='ltr'><strong>prmtore</strong></span> <span class='ocrx_word' id='word_1_826' title='bbox 1817 5689 1966 5745; x_wconf 68' lang='lat' dir='ltr'><strong>Grae-</strong></span> 
     </span>
    </p>
   </div>
   <div class='ocr_carea' id='block_1_111' title="bbox 402 5759 1969 5825">
    <p class='ocr_par' dir='ltr' id='par_1_111' title="bbox 402 5759 1969 5825">
     <span class='ocr_line' id='line_1_111' title="bbox 402 5759 1969 5825; baseline -0.001 -8"><span class='ocrx_word' id='word_1_827' title='bbox 530 5760 897 5817; x_wconf 82' lang='lat' dir='ltr'><strong>Leunclavius</strong></span> <span class='ocrx_word' id='word_1_828' title='bbox 929 5759 1043 5817; x_wconf 73' lang='lat' dir='ltr'><strong>harc</strong></span> <span class='ocrx_word' id='word_1_829' title='bbox 1087 5760 1251 5816; x_wconf 85' lang='lat' dir='ltr'><strong>verba</strong></span> <span class='ocrx_word' id='word_1_830' title='bbox 1297 5761 1511 5817; x_wconf 86' lang='lat' dir='ltr'><strong>recitat:</strong></span> <span class='ocrx_word' id='word_1_831' title='bbox 1539 5759 1641 5825; x_wconf 84' lang='lat' dir='ltr'><strong>Qui</strong></span> <span class='ocrx_word' id='word_1_832' title='bbox 1675 5761 1826 5815; x_wconf 77' lang='lat' dir='ltr'><strong>duces</strong></span> <span class='ocrx_word' id='word_1_833' title='bbox 1850 5762 1969 5815; x_wconf 69' lang='lat' dir='ltr'><strong>a‘iia</strong></span> 
     </span>
    </p>
   </div>
   <div class='ocr_carea' id='block_1_112' title="bbox 2079 5547 3647 5620">
    <p class='ocr_par' dir='ltr' id='par_1_112' title="bbox 2079 5547 3647 5620">
     <span class='ocr_line' id='line_1_112' title="bbox 2079 5547 3647 5620; baseline -0.004 -14"><span class='ocrx_word' id='word_1_834' title='bbox 2079 5553 2333 5606; x_wconf 79' lang='lat' dir='ltr'><strong>Flondris</strong></span> <span class='ocrx_word' id='word_1_835' title='bbox 2362 5550 2840 5620; x_wconf 67' lang='lat' dir='ltr'><strong>Constantinopoli,</strong></span> <span class='ocrx_word' id='word_1_836' title='bbox 2855 5561 2900 5602; x_wconf 87' lang='lat' dir='ltr'><strong>et</strong></span> <span class='ocrx_word' id='word_1_837' title='bbox 2924 5559 3029 5603; x_wconf 74' lang='lat' dir='ltr'><strong>toto</strong></span> <span class='ocrx_word' id='word_1_838' title='bbox 3054 5549 3161 5617; x_wconf 76' lang='lat' dir='ltr'><strong>fere</strong></span> <span class='ocrx_word' id='word_1_839' title='bbox 3185 5550 3426 5617; x_wconf 84' lang='lat' dir='ltr'><strong>imperia)</strong></span> <span class='ocrx_word' id='word_1_840' title='bbox 3449 5547 3647 5620; x_wconf 74' lang='lat' dir='ltr'><strong>singuli</strong></span> 
     </span>
    </p>
   </div>
   <div class='ocr_carea' id='block_1_113' title="bbox 2076 5618 3642 5691">
    <p class='ocr_par' dir='ltr' id='par_1_113' title="bbox 2076 5618 3642 5691">
     <span class='ocr_line' id='line_1_113' title="bbox 2076 5618 3642 5691; baseline -0.003 -14"><span class='ocrx_word' id='word_1_841' title='bbox 2076 5622 2339 5691; x_wconf 81' lang='lat' dir='ltr'><strong>regionem</strong></span> <span class='ocrx_word' id='word_1_842' title='bbox 2373 5618 2836 5691; x_wconf 68' lang='lat' dir='ltr'><strong>administrationi</strong></span> <span class='ocrx_word' id='word_1_843' title='bbox 2869 5636 2981 5691; x_wconf 78' lang='lat' dir='ltr'><strong>siue</strong></span> <span class='ocrx_word' id='word_1_844' title='bbox 3022 5620 3355 5691; x_wconf 75' lang='lat' dir='ltr'><strong>commissam</strong></span> <span class='ocrx_word' id='word_1_845' title='bbox 3409 5628 3530 5671; x_wconf 85' lang='lat' dir='ltr'><strong>tunc</strong></span> <span class='ocrx_word' id='word_1_846' title='bbox 3557 5618 3642 5691; x_wconf 69' lang='lat' dir='ltr'><strong>sui</strong></span> 
     </span>
    </p>
   </div>
   <div class='ocr_carea' id='block_1_114' title="bbox 2070 5687 3640 5761">
    <p class='ocr_par' dir='ltr' id='par_1_114' title="bbox 2070 5687 3640 5761">
     <span class='ocr_line' id='line_1_114' title="bbox 2070 5687 3640 5761; baseline -0.001 -19"><span class='ocrx_word' id='word_1_847' title='bbox 2070 5687 2209 5761; x_wconf 62' lang='lat' dir='ltr'><strong>juris</strong></span> <span class='ocrx_word' id='word_1_848' title='bbox 2245 5690 2574 5761; x_wconf 59' lang='lat' dir='ltr'><strong>eﬂicielianl:</strong></span> <span class='ocrx_word' id='word_1_849' title='bbox 2610 5689 2690 5743; x_wconf 84' lang='lat' dir='ltr'><strong>vel</strong></span> <span class='ocrx_word' id='word_1_850' title='bbox 2722 5691 2793 5743; x_wconf 81' lang='lat' dir='ltr'><strong>ml</strong></span> <span class='ocrx_word' id='word_1_851' title='bbox 2831 5691 2924 5743; x_wconf 82' lang='lat' dir='ltr'><strong>hoc</strong></span> <span class='ocrx_word' id='word_1_852' title='bbox 2967 5687 3181 5755; x_wconf 77' lang='lat' dir='ltr'><strong>impulsi</strong></span> <span class='ocrx_word' id='word_1_853' title='bbox 3225 5698 3366 5741; x_wconf 87' lang='lat' dir='ltr'><strong>motu</strong></span> <span class='ocrx_word' id='word_1_854' title='bbox 3400 5690 3640 5758; x_wconf 81' lang='lat' dir='ltr'><strong>pmprio,</strong></span> 
     </span>
    </p>
   </div>
   <div class='ocr_carea' id='block_1_115' title="bbox 2079 5758 3566 5820">
    <p class='ocr_par' dir='ltr' id='par_1_115' title="bbox 2079 5758 3566 5820">
     <span class='ocr_line' id='line_1_115' title="bbox 2079 5758 3566 5820; baseline -0.001 -5"><span class='ocrx_word' id='word_1_855' title='bbox 2079 5761 2158 5817; x_wconf 77' lang='lat' dir='ltr'><strong>vel</strong></span> <span class='ocrx_word' id='word_1_856' title='bbox 2185 5762 2248 5815; x_wconf 85' lang='lat' dir='ltr'><strong>ab</strong></span> <span class='ocrx_word' id='word_1_857' title='bbox 2274 5758 2464 5814; x_wconf 65' lang='lat' dir='ltr'><strong>incolis</strong></span> <span class='ocrx_word' id='word_1_858' title='bbox 2488 5766 2557 5814; x_wconf 84' lang='lat' dir='ltr'><strong>ml</strong></span> <span class='ocrx_word' id='word_1_859' title='bbox 2586 5761 2965 5815; x_wconf 70' lang='lat' dir='ltr'><strong>detrudendum</strong></span> <span class='ocrx_word' id='word_1_860' title='bbox 3008 5774 3272 5820; x_wconf 75' lang='lat' dir='ltr'><strong>rrotonem</strong></span> <span class='ocrx_word' id='word_1_861' title='bbox 3305 5761 3566 5816; x_wconf 67' lang='lat' dir='ltr'><strong>arcessiti.</strong></span> 
     </span>
    </p>
   </div>
  </div>
