4122 6296
439 380 547 450 639

1619 375 1946 438 JOANNIS
1990 374 2532 437 CANTACUZENI

3600 369 3700 429 644)

438 493 766 563 Quanquam
810 488 856 545 si
915 487 1153 543 maxime
1187 486 1401 547 liceret,
1435 484 1598 540 nobis
1639 484 1826 553 aliquo
1859 480 2078 541 modo}.

2174 500 2223 535 ιν
2255 484 2317 535 οὑ
2359 483 2544 555 ῥᾴδιόν
2598 484 2745 538 ἑστιν
2805 481 3064 538 ἰάσασθαι
3096 482 3196 552 τήν
3247 481 3481 549 ενδειαν,
3524 484 3699 537 καίτοι

440 582 733 638 obsidione
764 578 1021 649 depulsis
1075 592 1270 633 secure
1308 576 1516 639 vivere,
1552 588 1623 629 ne
1654 574 1727 629 ita
1774 572 2024 643 quidem.

445 677 517 731 ob
570 682 795 743 accepta
848 672 1046 727 damna
1097 670 1374 731 videlicet,
1434 669 1593 722 vobis
1654 667 1787 737 ipsis
1818 666 2029 720 utiliter

445 766 819 829 consuluisse,
862 781 890 819 a
924 762 1270 833 sapientibus
1306 758 1652 813 videremini.
1707 758 1873 826 Atqui
1905 772 2031 826 gra-

446 859 598 912 viora
658 858 940 926 prioribus
996 856 1048 907 in
1100 863 1383 923 posterum
1442 849 1814 920 exspectanda
1878 858 2028 903 sunt.

449 950 567 1004 Non
605 934 749 1003 enim
787 957 893 1011 est,
960 961 1067 1000 non
1100 955 1205 1003 est.
1238 947 1485 1013 inquam,
1522 943 1626 1013 nisi
1668 942 1799 1012 quid
1832 950 2034 1011 prmter

451 1042 764 1109 opinionem
797 1040 866 1094 de
897 1039 1037 1093 caelo
1087 1038 1153 1092 ad
1182 1039 1414 1093 salutem
1457 1047 1696 1091 vestram
1737 1035 2036 1103 expedien-

454 1130 576 1186 dam
615 1132 942 1200 impetretis,
982 1130 1130 1200 quod
1170 1146 1270 1186 nos
1323 1132 1392 1185 ab
1439 1128 1845 1199 oppugnatione
1881 1141 2037 1180 revo-

454 1222 660 1275 caverit
695 1240 706 1273 :
744 1230 804 1275 ut
840 1236 938 1274 vos
967 1235 1091 1274 cum
1116 1235 1244 1285 agro
1271 1218 1461 1272 urbem
1490 1229 1712 1285 quoque
1737 1213 2039 1269 amissuros

458 1312 755 1367 verisimile
810 1313 922 1366 fiat.
980 1311 1148 1365 Miror
1197 1325 1381 1365 autem
1438 1307 1610 1377 quod,
1657 1322 1782 1361 cum
1820 1306 2037 1371 iisdem,

458 1405 543 1456 vel
576 1403 922 1473 gravioribus
953 1404 1119 1456 etiam
1172 1388 1332 1454 malis
1360 1414 1523 1468 quam
1552 1396 1749 1467 Rhogii
1781 1410 2042 1451 exercea-

462 1496 618 1554 mini.
652 1504 707 1549 et
758 1495 941 1548 velitis
986 1494 1172 1550 nolitis
1218 1491 1538 1562 propediem
1584 1490 1642 1544 in
1691 1488 2045 1558 imperatoris

458 1591 547 1661 ius
575 1605 637 1641 ac
668 1595 992 1657 potestatem
1050 1585 1266 1639 venturi
1298 1583 1443 1646 sitis,
1476 1598 1583 1636 non
1610 1584 1785 1637 solum
1817 1595 1913 1635 eos
1949 1579 2047 1651 (ut

464 1680 557 1749 qui
593 1680 708 1734 suis
739 1678 1045 1733 rationibus
1070 1676 1208 1730 bene
1268 1675 1606 1739 honesteque
1636 1675 2045 1741 prospexerint,

466 1773 599 1827 dum
626 1780 917 1840 antequam
964 1771 1018 1822 in
1060 1777 1370 1821 extremum
1425 1763 1818 1818 delaberentur
1857 1761 2050 1817 discri-

467 1880 617 1923 men.
661 1863 893 1918 salutem
950 1869 1005 1915 et
1065 1856 1415 1914 commodum
1470 1854 1685 1909 consilii
1744 1854 2047 1907 mutatione

470 1955 576 2011 sibi
629 1952 1010 2024 quaesierunt)
1063 1964 1171 2004 non
1216 1946 1637 2011 commendetis,
1694 1945 1791 2000 sed
1849 1943 2049 1997 multas

471 2045 657 2116 petitis
685 2043 1049 2100 contumelias
1095 2042 1147 2095 in
1177 2041 1325 2110 ipsos
1353 2038 1683 2103 effuderitis,
1714 2036 1843 2106 quia
1879 2044 2050 2089 teme-

476 2136 659 2191 ritatis
691 2150 755 2189 ac
785 2133 1029 2189 stultitia:
1060 2143 1259 2186 vestrae
1295 2130 1430 2186 socii
1465 2143 1591 2184 esse
1618 2127 1934 2182 noluerunt.
1984 2124 2053 2179 At

474 2231 621 2286 enim
675 2226 966 2283 intuemini
1018 2226 1318 2294 paulisper,
1370 2221 1534 2293 quam
1612 2220 1809 2290 iniqui,
1888 2233 2053 2289 quam

478 2321 730 2377 damnosi
756 2329 812 2375 et
842 2318 1115 2373 vobismet
1149 2318 1299 2386 ipsis,
1323 2325 1385 2370 et
1403 2315 1630 2382 reliquis
1675 2310 2057 2367 Aearnanibus

480 2414 622 2477 sitis,
656 2413 785 2467 dum
812 2411 866 2464 in
897 2411 998 2464 hac
1020 2410 1350 2479 cogitatione
1377 2406 1690 2477 persistitis.
1723 2404 1829 2473 lpsi
1854 2402 2057 2473 quippe

481 2505 630 2561 bello
667 2502 981 2570 consumpti
1032 2502 1298 2571 periistis,
1348 2509 1402 2552 et
1447 2499 1572 2553 aliis
1623 2497 1862 2568 Oppidis,
1916 2505 2057 2550 tam-

483 2599 586 2655 etsi
639 2595 965 2652 del‘ectionis
1015 2603 1211 2648 vestrm.
1259 2592 1405 2646 haud
1455 2590 1836 2659 participibus,
1885 2603 2061 2643 nocuo

485 2699 667 2746 menta
694 2704 802 2743 non
838 2685 1079 2756 vulgaria
1110 2684 1413 2738 invexistis.
1441 2683 1728 2743 Exercitus
1756 2681 1904 2734 enim
1924 2680 2059 2750 (63),

486 2796 554 2836 ac
591 2781 896 2850 praisertitn
952 2787 1154 2838 tantus,
1204 2777 1257 2830 in
1316 2784 1502 2829 extera
1556 2774 1779 2842 regione
1830 2774 2063 2841 haerens,

493 2874 733 2927 hostium
758 2887 919 2942 agros
943 2870 1305 2924 inclementer
1339 2868 1723 2939 depopulatur.
1763 2867 1857 2923 Sin
1882 2879 2067 2924 autem

492 2964 825 3019 esociorum
874 2977 1084 3031 suaque
1145 2961 1427 3029 provincia
1495 2961 1809 3015 alimoniam
1866 2961 2067 3030 capiat,

498 3057 838 3127 repentinam
865 3054 941 3109 illi
992 3053 1190 3108 famem
1253 3051 1485 3107 inducit.
1549 3051 1722 3123 Agitis
1770 3068 1934 3123 porro
1969 3054 2073 3108 iui-

2128 573 2184 626 εῖ
2213 590 2277 642 γε
2312 574 2549 645 μάλιστα
2584 575 2714 645 ἑνῆν
2767 576 2956 646 τρόπῳ
3013 574 3079 644 δή
3138 591 3247 627 τινι
3286 575 3703 644 ἀναστήσαντας

2130 666 2281 734 ἡμᾶς
2300 666 2366 718 ἑκ
2391 665 2491 734 τῆς
2525 666 2843 735 πολιορκίας
2892 666 3104 733 διάγειν
3129 667 3187 718 ἐν
3218 665 3395 737 ἀδείᾳ,
3428 666 3537 719 οὐδ’
3567 665 3705 718 οὕτω

2130 755 2561 820 λυσιτελούντως
2600 758 2783 824 σφίσιν
2819 756 3007 818 αὑτοῖς
3033 756 3100 809 ἂν
3143 756 3376 808 ἐδοκεῖτε
3426 756 3709 827 βεϐουλεῦο

2133 851 2259 904 σθαι
2288 850 2439 920 παρὰ
2471 849 2808 921 σωφρονοῦσι
2829 851 2918 904 διὰ
2946 852 3046 921 τὴν
3068 852 3444 921 γεγενημένην
3466 851 3707 921 βλάϐηνο

2134 943 2254 998 νυνὶ
2296 943 2355 996 δὲ
2413 942 2708 1013 συμϐαίνει
2739 944 3015 1014 δεινότερα
3051 943 3342 997 πείσεσθαι
3398 943 3709 1013 προσδοκᾷν

2135 1034 2514 1105 ὑπαρξάντων.
2550 1035 2625 1087 Οὐ
2666 1036 2775 1105 γάρ
2804 1037 2973 1100 ἑστιν,
3009 1036 3110 1088 οὐκ
3139 1034 3292 1087 ἔστιν
3343 1034 3520 1100 οὐδὲν,
3551 1034 3600 1086 εἰ
3638 1034 3711 1104 μή

2137 1145 2190 1181 τι
2216 1127 2527 1197 παράλογον
2550 1124 2631 1191 “ἑξ
2658 1126 2890 1196 ούρανοῦ
2924 1127 3061 1197 πρὸς
3091 1126 3372 1194 σωτηρίαν
3415 1126 3549 1195 ὑμῖν
3578 1142 3715 1195 πρα-

2141 1219 2322 1288 χοείη,
2351 1218 2380 1270 δ
2414 1217 2509 1271 τοῦ
2556 1218 2873 1287 πολιορκεῖν
2921 1218 3068 1288 ἡμᾶς
3101 1218 3283 1271 πείσει
3335 1217 3676 1287 ἀποσχέσθαι
3698 1234 3713 1250 ·

2140 1310 2282 1364 ὥστε
2313 1310 2459 1371 είκδς
2497 1309 2633 1373 πρὸς
2662 1312 2727 1379 τῇ
2762 1309 2916 1381 χώρᾳ
2946 1309 3040 1362 καὶ
3055 1308 3154 1380 τὴν
3190 1310 3341 1361 πόλιν
3368 1309 3515 1379 ὑμᾶς
3542 1325 3716 1378 προσ-

2143 1404 2388 1458 απολεῖν.
2452 1401 2731 1473 Θαυμάζω
2782 1403 2839 1456 δὲ
2888 1402 3043 1473 ὑμῶν
3100 1403 3150 1455 εί
3181 1405 3294 1466 τοῖς
3330 1402 3514 1464 αὑτοῖς
3568 1402 3721 1472 ἠκαὶ

2149 1498 2361 1567 μείζοσι
2396 1499 2587 1560 κακοῖς
2630 1496 2944 1565 ἑνεχόμενοι
2983 1493 3253 1563 Ῥωγίοις,
3288 1495 3384 1547 καὶ
3436 1493 3723 1563 μέλλοντες

2148 1588 2243 1639 ὑπ’
2276 1587 2524 1656 ἀνάγκης
2544 1588 2666 1640 ὅσον
2695 1586 2911 1639 οὐδέπω
2960 1582 3172 1654 βασιλεῖ
3200 1586 3550 1655 προσχωρεῖν
3573 1581 3725 1636 αὐτοὶ

2147 1681 2209 1733 οὐ
2246 1679 2409 1750 μόνον.
2440 1679 2540 1732 οὑκ
2590 1680 2868 1731 ἐπαινεῖτε
2928 1676 3004 1740 ὡς
3035 1676 3217 1740 καλῶς
3288 1678 3386 1729 καὶ
3421 1675 3726 1745 συμφερόν-

2148 1790 2257 1832 τως
2289 1773 2505 1835 ἑαυτοῖς
2564 1770 3053 1841 βεϐουλευμένους,
3087 1769 3170 1823 ὅτι
3213 1769 3347 1838 πρὶν
3375 1770 3456 1831 εἰς
3502 1767 3727 1836 ἔσχατον

2158 1863 2405 1917 κινδύνου
2432 1863 2611 1934 ἥκειν,
2652 1862 2929 1932 σωτηρίαν
2968 1863 3065 1915 καὶ
3107 1860 3378 1930 ὠφέλειαν
3404 1859 3729 1929 ἐπορίσαντο

2158 1956 2376 2017 ἑαυτοῖς
2432 1957 2494 2006 ἑκ
2523 1953 2622 2021 τῆς
2654 1952 2981 2023 μεταϐολῆς,
3016 1953 3155 2005 ἀλλὰ
3204 1951 3304 2005 καὶ
3341 1949 3528 2019 ὕϐρεις
3563 1966 3729 2002 κατα-

2159 2049 2312 2120 χὲετε
2350 2046 2529 2099 αὐτῶν
2580 2045 2806 2110 πολλὰς,
2838 2045 2920 2098 ὅτι
2953 2044 3015 2097 ού
3045 2044 3145 2113 τῆς
3174 2043 3342 2114 αὐτῆς
3400 2043 3532 2112 ὑμῖν
3566 2041 3734 2095 Mou-

2160 2141 2278 2203 λίας
2330 2138 2538 2192 εἴλοντο
2577 2132 2717 2191 εἶναι
2778 2136 3068 2190 κοινωνοί’
3104 2135 3284 2191 καίτοι
3338 2133 3614 2203 σκέψασθε
3662 2133 3737 2196 ὡς

2162 2230 2287 2284 οὔτε
2321 2231 2506 2284 δίκαια
2556 2227 2682 2282 οὔτε
2740 2228 3095 2299 συμφέροντα
3153 2226 3266 2279 οὔθ’
3319 2226 3560 2290 ἑαυτοῖς,
3615 2223 3735 2278 οὔτε

2164 2326 2277 2384 τοῖς
2312 2321 2839 2391 ἀλλοιςἊκαρνάσιν
2867 2321 3025 2373 αὐτοὶ
3059 2321 3263 2372 ποιεῖτε
3294 2319 3395 2387 τῆς
3421 2319 3596 2386 αὐτῆς
3624 2316 3740 2387 £16-

2170 2431 2322 2486 μενοι
2364 2412 2596 2476 ἑννοίας.
2624 2411 2788 2465 Αὑτοί
2821 2429 2881 2465 τε
2917 2411 3024 2483 γὰρ
3055 2411 3373 2464 ἀπολώλατε
3403 2408 3737 2478 διαφθαρέν-

2166 2522 2258 2569 τες
2287 2504 2393 2558 ὑπὸ
2425 2503 2519 2557 τοῦ
2549 2504 2816 2573 πολέμου,
2858 2503 2950 2557 καὶ
2981 2504 3105 2565 ταῖς
3135 2502 3323 2565 ἄλλαις
3358 2501 3549 2553 πόλεσι
3613 2499 3741 2568 βλά-

2169 2600 2272 2667 ϐης
2330 2599 2391 2650 ού
2431 2597 2656 2668 μετρίας
2704 2596 2870 2650 αἴτιοι
2927 2595 3258 2665 κατέστητε,
3317 2597 3564 2661 καίτοιγε
3617 2592 3743 2659 ὑμῖν

2173 2689 2439 2760 βασιλέως
2468 2690 2529 2742 ού
2565 2688 3027 2752 συναποστάσαις.
3058 2687 3297 2757 Στρατιὰ
3327 2686 3435 2756 γὰρ
3468 2686 3561 2738 ἑπὶ
3590 2683 3743 2752 ξένης

2172 2783 2531 2854 διατρίϐουσα
2558 2783 2652 2836 καὶ
2683 2781 2918 2852 μάλιστα
2947 2781 3208 2852 τοσαύτη,
3238 2779 3334 2850 τὴν
3357 2779 3463 2850 μὲν
3482 2778 3744 2848 πολεμίαν

2174 2879 2352 2946 κείρει
2383 2876 2622 2946 ἀφειδῶς
2648 2891 2665 2907 ο
2695 2877 2756 2928 ἑν
2793 2875 2851 2930 δὲ
2885 2878 2984 2947 τῆς
3016 2874 3359 2946 συμμαχίδος
3416 2876 3511 2929 καὶ
3539 2874 3742 2937 οἰκείας

2175 2967 2515 3040 τρεφομένη,
2547 2966 2707 3038 λιμὸν
2758 2967 2897 3038 αὐτῇ
2941 2966 3210 3035 αἰφνίδιον
3240 2965 3435 3034 ἑπάγει
3462 2980 3475 2993 ·
3516 2964 3747 3017 ἀδικεῖτε

2176 3061 2234 3114 δὲ
2262 3061 2330 3113 τὰ
2362 3060 2587 3130 ἔσχατα,
2623 3060 2746 3113 ἀντὶ
2770 3058 2871 3128 τῆς
2904 3058 3195 3130 Ῥωμαίων
3229 3056 3529 3129 βασιλείας,
3560 3058 3594 3127 ἥ
3627 3072 3749 3125 σχε-

496 3149 787 3219 quissime,
833 3147 929 3217 qui
976 3161 1075 3218 pro
1126 3145 1498 3201 Romanorum
1553 3143 1805 3213 imperio,
1850 3143 1995 3214 quod
2039 3159 2069 3197 a

2179 3152 2268 3206 δὸν
2295 3153 2477 3213 αὐτοῖς
2511 3153 2575 3204 ἑκ
2605 3151 2713 3203 τῶν
2766 3149 3045 3220 Καίσαρος
3093 3149 3299 3219 χρόνων
3338 3148 3571 3219 πάτριός
3614 3149 3749 3209 ἑστι,

497 3242 627 3299 Julii
685 3242 918 3297 Caesaris
995 3240 1168 3295 ferme
1232 3237 1575 3307 temporibus
1636 3237 1770 3306 ipsis
1838 3237 2071 3306 patrium

2181 3244 2283 3313 τὴν
2310 3244 2664 3315 Ταραντίνων
2712 3244 2895 3306 αὐτοῖς
2928 3242 3234 3314 ἀνθρώπων
3269 3239 3567 3311 βαρϐάρων
3627 3238 3753 3290 ἑπά-

500 3317 2139 3413 οει(64),Τει·εηιίηοι·υιυ,ίιοηιίηυηιὺατὶιατοτυιιιύοιιιί-ξ
2182 3352 2370 3403 γοντες
2408 3336 2610 3406 ἀρχήν.
2671 3335 2991 3406 Νικηφόρος
3026 3333 3158 3404 γὰρ,
3221 3332 3361 3403 ὑπὲρ
3414 3324 3475 3384 οὗ
3524 3328 3756 3399 μάλιστα

503 3430 781 3483 nationem
846 3424 1221 3480 introducitis.
1298 3423 1639 3493 Nicephorus
1703 3424 1870 3488 enim,
1924 3423 2078 3494 cujus

2185 3430 2341 3484 αὐτοὶ
2373 3428 2556 3481 οἴεσθε
2587 3428 2684 3481 τὸν
2715 3428 2951 3498 πόλεμον
2996 3425 3295 3496 αἱρεῖσθαι,
3347 3421 3460 3475 οὔθ’
3488 3422 3618 3491 ὑμῖν
3648 3418 3757 3472 οὑο⁹

507 3519 853 3590 petissimum
885 3532 1047 3571 causa
1078 3516 1181 3583 hoc
1211 3515 1415 3571 bellum
1454 3531 1551 3570 vos
1592 3515 1828 3569 militare
1863 3515 2086 3585 proﬁte-

511 3608 749 3673 miui,atl
783 3609 1090 3661 libertatem
1128 3607 1292 3678 316
1320 3623 1503 3677 neque
1529 3607 1706 3670 vobis,
1730 3622 1917 3678 neque
1951 3607 2089 3663 sibi-

517 3710 634 3765 met
674 3697 1004 3770 pariundam
1033 3698 1167 3752 satis
1194 3698 1357 3752 habet
1384 3699 1584 3752 virium
1618 3713 1634 3750 :
1671 3714 1855 3752 verum
1880 3700 1945 3754 ad
1979 3699 2087 3753 Ta-
2125 3687 2150 3725 ³⁵

514 3794 764 3847 rentioos
812 3806 935 3844 eum
988 3793 1309 3862 perfugerit,
1373 3790 1504 3844 inde
1550 3791 1774 3861 adjutus
1815 3807 1880 3845 ex
1918 3790 2078 3847 Acar-

2192 3771 2675 3866 obtzvﬁuvﬁasodat
2701 3771 2911 3849 οῖεσθαι
2950 3792 3115 3847 αὐτὸν
3155 3790 3332 3855 είκδς,
3383 3785 3497 3841 οὔτ’
3525 3785 3576 3838 εἰ
3609 3782 3765 3852 δυνή-

517 3890 681 3946 nania
713 3887 1102 3959 imperatorem
1154 3902 1212 3942 se
1269 3887 1626 3956 expulsurum
1656 3886 1933 3955 opinatur.
1978 3885 2092 3942 lloc

517 3992 701 4038 autem
731 3997 789 4037 se
826 3996 1008 4051 posse,
1057 3994 1158 4034 nec
1206 3980 1329 4033 illos
1376 3979 1456 4033 fas
1491 3987 1576 4034 est
1623 3980 1838 4049 Opinari
1872 3996 1995 4046 nec,
2044 3982 2091 4036 si

518 4085 799 4153 poterunt,
869 4075 988 4129 sine
1064 4072 1273 4142 magnis
1339 4071 1645 4133 laboribus,
1724 4070 2095 4142 periculisque

523 4170 802 4235 poterunt.
827 4161 930 4229 Qui
964 4163 1128 4232 igitur
1154 4161 1260 4214 tale
1295 4153 1494 4215 bellum
1519 4175 1618 4229 pro
1648 4159 1801 4213 vobis
1827 4160 2097 4215 adversus

521 4256 910 4324 imperatorem
958 4252 1259 4324 gerendum
1316 4251 1639 4321 suscipicnt,
1698 4252 1742 4305 si
1785 4253 2099 4321 superiores

523 4347 759 4405 evadere
824 4345 1125 4414 quiverint,
1183 4358 1364 4397 nonne
1441 4344 1785 4412 provinciam
1838 4354 2099 4411 vestram,

528 4447 785 4508 tauquam
818 4436 1064 4501 virtutis,
1100 4436 1579 4503 certaminumque
1627 4435 1925 4489 multorum
1966 4453 2102 4507 μεθ’

531 4524 702 4584 mium
742 4525 1031 4582 habituros
1060 4526 1448 4581 arbitramini?
1475 4526 1594 4580 Non
1625 4535 1773 4581 recte
1802 4528 2020 4597 sapitis,
2056 4530 2100 4584 si
2136 4515 2178 4569 Ῑ)

531 4621 636 4674 hoc
670 4634 779 4673 non
809 4616 1052 4672 creditis.
1085 4615 1198 4685 Ego
1243 4630 1394 4679 vero,
1424 4614 1639 4669 etiamsi
1672 4629 1770 4683 per
1816 4630 1913 4669 vos
1950 4614 2110 4670 Nice-

534 4714 712 4784 phoro
740 4709 1059 4765 Acarnania:
1115 4707 1481 4778 principatum
1534 4706 1821 4776 acquirere
1848 4707 2108 4776 possetis,

536 4805 592 4861 in
619 4805 1007 4874 imperatorem
1038 4800 1495 4870 injuriosissimos
1519 4814 1640 4854 esse
1668 4800 2108 4869 pronuntiarem.

538 4894 732 4965 Angeli
774 4891 922 4947 enim
977 4903 1087 4942 non
1138 4904 1168 4942 a
1221 4888 1479 4943 Barbaris
1524 4890 1831 4945 Acarnania
1884 4900 2113 4956 asserta,

540 4986 910 5058 principatum
966 4980 1247 5035 consecuti
1296 4989 1445 5043 sunt.
1503 4982 1599 5037 sed
1619 4983 1729 5053 jam
1778 4992 1888 5037 tum
1934 4982 2118 5054 subje-

540 5092 687 5138 ctam
721 5083 1093 5135 ltotnanorum
1151 5076 1601 5147 imperatoribus,
1629 5094 1754 5132 cum
1808 5078 1876 5133 ab
1922 5079 2003 5132 eis
2027 5094 2125 5132 an-

543 5191 711 5230 nuam
736 5175 853 5246 ejus
875 5173 1315 5244 procurationem
1342 5171 1632 5235 haberent,
1657 5181 1878 5241 preptcr
1901 5171 2127 5237 bellum,

2143 3592 2147 3599 ι
2188 3521 2369 3592 ἑαυτῷ
2397 3516 2507 3585 οἷός
2537 3521 2598 3574 τέ
2627 3523 2777 3574 ἑστιν
2802 3520 3057 3591 ἐξαρκεῖν
3094 3517 3231 3587 πρὸς
3261 3515 3360 3585 τὴν
3406 3510 3718 3579 ἑλευοερίαν
3740 3524 3756 3538 ⁶

2189 3615 2324 3668 ἀλλά
2359 3614 2717 3683 Ταραντίνοις
2767 3609 3127 3681 προσφυγὼν,
3178 3610 3244 3679 τῇ
3312 3603 3530 3658 ⁴ἐκεῖθεν
3594 3601 3759 3653 οἴεται

2189 3706 2421 3775 δυνάμει
2461 3704 2820 3775 Ἀκαρνανίας
2870 3701 3101 3774 βασιλέα
3152 3698 3450 3764 ἑξελάσειν.
3504 3692 3676 3748 Τοῦτο
3708 3690 3762 3743 δὲ

2197 3908 2351 3944 σεται
2381 3892 2509 3945 ἄνευ
2543 3890 2721 3943 πόνων
2759 3887 3016 3956 μεγάλων
3054 3886 3145 3940 καί⁹
3174 3882 3461 3937 κινδύνων.
3500 3877 3640 3941 Τοὺς
3677 3876 3766 3933 οὖν

2197 3984 2437 4054 πόλεμον
2461 3982 2708 4035 τοιοῦτον
2729 3981 2872 4051 ὑπὲρ
2903 3978 3059 4049 ὑμῶν
3088 3977 3226 4048 πρὸς
3262 3976 3486 4047 βασιλέα
3509 3973 3769 4038 ἀναδεξα-

2202 4077 2424 4147 μένους,
2482 4076 2532 4127 εί
2597 4072 2879 4143 κρείττους
2927 4070 3255 4147 δυνήσονται
3316 4066 3639 4137 γενέσθαιν
3668 4063 3768 4116 οὐκ

2199 4142 2386 4222 οἴεσθε
2417 4166 2562 4236 ὑμᾶς
2619 4142 2718 4233 τῆς
2759 4162 2960 4234 ἀρετῆς
3013 4142 3179 4215 ἆθλον
3236 4162 3333 4213 καὶ
3387 4157 3497 4212 τῶν
3550 4158 3774 4226 ἀγώνων

2203 4258 2431 4329 σχήσειν
2464 4256 2575 4309 τῶν
2615 4254 2870 4320 πολλῶν;
2908 4255 3010 4307 οὑκ
3060 4254 3171 4322 ἄρα
3198 4253 3382 4319 δόξετε
3440 4250 3619 4322 ὀρθῶς
3650 4266 3779 4319 φρο-

2202 4352 2333 4404 νεῖν.
2367 4347 2511 4417 Ἐγὼ
2535 4347 2593 4401 δὲ
2620 4349 2669 4401 εί
2693 4347 2789 4403 καὶ
2808 4347 2930 4400 καθ’
2956 4346 3186 4410 ἑαυτοὺς
3214 4347 3376 4416 ὑμεῖς
3413 4342 3777 4416 ’Δκαρνανίας

2204 4444 2306 4515 τὴν
2340 4444 2513 4515 ἀρχὴν
2536 4444 2838 4513 Νικηφόρῳ
2871 4440 3140 4511 ἠδύνασθε
3166 4443 3497 4510 περιποιεῖν,
3533 4437 3781 4491 ἀδικοῦν-

2208 4552 2306 4600 τας
2337 4535 2402 4589 ἀν
2428 4535 2497 4589 τὰ
2520 4535 2754 4606 μέγιστα
2787 4533 3009 4605 βασιλέα
3030 4534 3288 4602 ἀπέφηνα
3310 4533 3477 4601 ὑμᾶς.
3496 4530 3784 4598 Ἀγγέλους

2208 4629 2317 4698 γὰρ
2346 4627 2448 4681 οὑκ
2475 4627 2586 4681 ἀπὸ
2611 4626 2906 4698 βαρϐάρων
2923 4625 3286 4694 Ἀκαρνανίαν
3310 4622 3787 4692 ἐλευθερώσαντας

2212 4718 2527 4790 κτήσασθαι
2582 4718 2786 4789 συνέϐη
2839 4717 2938 4788 τὴν
2995 4718 3171 4788 ἀρχήν
3200 4729 3233 4751 ο
3269 4714 3387 4768 ἀλλ’
3439 4714 3787 4783 ὑποχειρίους

2213 4811 2378 4877 ὄντας
2397 4810 2684 4881 Ῥωμαίων
2710 4809 3017 4880 βασιλεῦσι,
3049 4810 3141 4863 καὶ
3166 4806 3300 4877 παρ’
3322 4806 3551 4860 ἑκείνων
3579 4807 3791 4875 ἐτήσιον

2218 4903 2397 4974 ἀρχὴν
2434 4903 2534 4974 τῆς
2557 4901 2742 4973 χώρας
2774 4900 3306 4971 ἑπιτετραμμὲνους,
3368 4896 3795 4968 σφετερίσασθαι

2220 4992 2320 5061 τὴν
2353 4991 2529 5063 ἀρχὴν
2562 4993 2651 5044 διὰ
2675 4992 2766 5045 τὸν
2798 4990 3161 5059 ἐπενεχθέντα
3189 4991 3310 5042 τότε
3357 4988 3510 5058 παρὰ
3554 4988 3798 5041 Λατίνων

2244 5079 2544 5153 Ῥωμαίοις
2567 5084 2824 5149 πόλεμον·
2857 5076 2933 5135 ὧν
2963 5083 3028 5151 δὴ
3058 5082 3152 5135 τοῦ
3175 5080 3489 5150 κρείττονος
3511 5078 3801 5147 συγχωρή-

2228 5193 2311 5230 σει
2356 5174 2653 5240 Βυζαντίου
2707 5174 3107 5245 κρατησάντων
3147 5173 3244 5225 καὶ
3297 5171 3521 5241 Θρᾴκης
3563 5169 3802 5236 ἀπάσης,

548 5269 696 5339 quod
742 5268 921 5323 Latini
951 5267 1216 5322 Romanis
1251 5264 1582 5327 intulerunt,
1617 5277 1737 5317 eam
1783 5261 1888 5316 sibi
1916 5271 1973 5317 ut
2005 5278 2078 5333 pri

2231 5265 2459 5321 καὶτῶν
2486 5267 2629 5319 κατά
2674 5263 3017 5319 Μακεδονίαν
3045 5263 3256 5317 πόλεων
3309 5261 3543 5327 πολλῶν,
3583 5257 3804 5330 βασιλέα

551 5361 727 5432 priam
759 5359 1131 5415 vindicarunt.
1183 5355 1418 5422 Quibus,
1454 5355 1664 5410 Latinis
1708 5354 1956 5425 inquam,
2003 5370 2136 5411 eon-

2239 5356 2339 5430 μὶν
2391 5358 2426 5428 ή
2464 5356 2756 5427 Ῥωμαίων
2812 5355 3050 5425 ὑπέθορε
3112 5354 3249 5424 πρὸς
3299 5352 3410 5406 ἑω-
3449 5348 3806 5423 Ἀκαρνανίας

1821 5479 2036 5541 Jacobi
2072 5480 2343 5542 Pontani
2374 5487 2544 5543 notae

627 5602 740 5671 (65)
774 5599 1159 5672 Demosthenis
1186 5599 1465 5672 sententia
1512 5600 1695 5672 estin
1751 5600 2122 5672 Olynthiacis.

561 5674 768 5742 quibus
794 5671 1141 5742 orationibus
1170 5671 1534 5742 Athenienses
1563 5670 1631 5724 ad
1662 5670 1926 5742 auxilium
1959 5671 2132 5742 Olyn-

571 5739 701 5795 thiis
719 5750 909 5794 contra
948 5740 1259 5809 Philippum
1291 5739 1578 5799 ferendum
1607 5740 1949 5809 cohortatur,
1980 5739 2048 5794 ne
2078 5743 2131 5795 in

564 5827 665 5867 sua
719 5810 938 5880 regione
994 5808 1211 5865 hostcm
1274 5809 1534 5874 habeant,
1587 5808 1631 5862 si
1694 5810 1817 5864 illos
1876 5808 2133 5865 deserue-

2233 5599 2367 5656 rint.

2316 5671 2429 5742 (64)
2471 5672 2603 5745 Inde
2656 5687 2830 5745 usque
2872 5687 2902 5729 a
2940 5671 3086 5730 Julio
3113 5671 3327 5728 Caesare
3363 5664 3594 5725 Romani
3630 5666 3815 5720 tenent

2242 5739 2626 5798 Acarnaniam.
