4122 6296
340 331 344 336 ’
381 340 481 401 641
1547 340 1976 403 HISTORIAR

2074 345 2097 402 Ἰ
2137 341 2369 402 LIBER
2408 340 2494 400 ΙῙ.
3507 336 3617 400 612

381 455 442 506 δὲ
473 454 574 522 τὴν
602 452 775 522 ἀρχὴν
809 454 1066 522 ’Λγγελοι
1112 457 1581 524 προσεποιήσαντο
1618 459 1828 520 ἑαυτοῖς
1862 459 1956 512 καὶ

2074 473 2216 513 :cssu
2270 457 2522 513 Numinis
2578 455 2855 525 Byzantio,
2889 454 3140 508 universa
3187 454 3437 517 Thracia,
3474 455 3621 509 mul-

384 541 536 598 ἄλλοι
571 541 738 602 ἄλλας
797 543 904 595 τῶν
960 543 1230 613 ἐσπερίων
1283 546 1565 614 ἐπαρχιῶν
1621 540 1696 600 ὧν
1730 548 1950 600 ἕκαστοι

2074 553 2234 619 .isque
2305 549 2534 603 urbibus
2594 547 2923 600 Macedonia:
2985 546 3192 614 petitis,
3248 546 3618 599 Romanorum

387 633 581 702 ἔτυχον
643 632 1117 701 ἐπιτροπεύοντες,
1148 634 1234 687 διὰ
1269 635 1329 688 τὸ
1360 635 1637 703 βασιλεῦσι
1668 638 1952 702 Ῥωμαίων

387 725 556 778 δίοδον
587 725 690 778 οὐκ
723 718 864 777 εἶναι
895 727 1030 792 πρὸς
1063 727 1260 790 αὐτοὺς
1286 729 1380 788 ,διὰ
1407 728 1627 799 Θρᾴκης
1658 730 1752 781 καὶ
1769 729 1954 780 Μακε-

389 814 566 876 δονίας
593 814 768 866 οὐσῶν
800 815 903 866 ὑπὸ
953 815 1226 878 Λατίνοις.
1254 815 1518 885 ’Ὕστερον
1543 816 1600 868 δὲ
1633 817 1778 868 ἔτεσι
1827 817 1954 869 πολ-

389 904 500 966 λοῖς
525 903 628 956 ὐπὸ
657 904 766 956 τῶν
793 905 1170 972 Παλαιολόγων
1207 905 1525 975 ἰθυνομένης
1549 907 1648 975 τῆς
1663 907 1956 974 Ῥωμαίων

393 994 693 1066 βασιλείας,
727 997 987 1059 Λατίνους
1018 998 1114 1066 μὲν
1143 996 1298 1060 αὖθις
1324 997 1419 1050 τοῦ
1470 996 1603 1050 Θεοῦ
1635 997 1958 1066 συναιρομέ-

389 1104 504 1152 νου,
541 1087 641 1154 τῆς
683 1089 970 1158 Ῥωμαίων
995 1089 1263 1158 ἐξήλασαν
1293 1090 1606 1158 ἡγεμονίας·
1649 1089 1740 1142 καὶ
1774 1089 1958 1141 Ἀσίαν

392 1181 486 1232 καὶ
519 1179 789 1250 Εὐρώπην
823 1181 952 1248 ὅσης
1009 1173 1181 1249 ἦρχον
1213 1181 1292 1242 είς
1323 1179 1381 1231 ἓν
1423 1179 1668 1249 συνῆψαν
1689 1193 1706 1209 ⁸
1757 1179 1958 1249 Ἀκαρ-

392 1269 584 1322 νανίιν
633 1271 692 1322 δέ
734 1270 1024 1337 Ἀγγέλους
1083 1269 1462 1336 ἀπαιτοῦντες,
1494 1293 1502 1300 ·
1540 1271 1642 1325 οὐκ
1700 1270 1960 1339 ἠδύναντο

395 1362 687 1416 ἀπολαϐεῖν
708 1379 724 1394 ο
751 1362 868 1415 ἀλλ’
899 1362 1062 1417 ἀδικα
1089 1363 1184 1415 καὶ
1217 1362 1368 1432 βίαια
1398 1362 1698 1426 ποιοῦντες,
1731 1351 1963 1414 ἀπεστέ-

404 1470 532 1522 ρουν
556 1472 569 1486 ·
604 1453 699 1506 καὶ
742 1454 1004 1520 στρατιὰν
1043 1452 1304 1515 πολλάκις
1335 1453 1424 1505 ἐπ’
1453 1453 1695 1516 ἐκείνους
1739 1453 1962 1521 πέμψα-

397 1561 505 1606 σιν,
532 1543 670 1596 ὂπλα
693 1543 1010 1612 ἀντῄροντο,
1031 1544 1279 1606 καὶτοὺς
1305 1543 1617 1612 περιοίκους
1642 1545 1962 1613 συμμάχους

397 1635 666 1702 ἐπήγοντο
701 1632 1032 1703 βαρϐάρους.
1074 1633 1181 1687 Τὸν
1217 1633 1571 1701 βασιλεύοντα
1601 1634 1658 1686 δὲ
1696 1636 1811 1686 νυνὶ
1844 1636 1964 1686 ἐπι-

400 1719 770 1788 στρατεύοντα
802 1720 953 1790 ὐμίν,
988 1724 1083 1773 καὶ
1111 1723 1176 1791 τῇ
1202 1721 1410 1774 ἀνωθεν
1439 1724 1730 1793 ἐπικουρίᾳ⁸
1762 1723 1963 1775 δουλω-

400 1812 652 1880 σάμενον,
689 1811 788 1891 οὐκ
817 1812 1022 1864 ἀδικεῖν
1065 1812 1131 1864 ἄν
1178 1830 1261 1874 τις
1289 1813 1424 1881 φαίη
1453 1812 1550 1879 τὴν
1579 1814 1783 1883 ἐτέρων
1817 1829 1960 1881 παρ·
1993 1797 2032 1851 Β

399 1905 726 1974 αιρούμενον
789 1903 962 1976 ἀρχήν
988 1918 1003 1932 ⁶
1030 1903 1165 1957 ἀλλά
1195 1904 1429 1972 μάλιστα
1460 1905 1529 1956 τά
1571 1904 1756 1959 δίκαια
1790 1906 1963 1958 ποιεῖν

397 1991 854 2061 ἀπολαμϐάνοντα
907 1977 1006 2062 τὴν
1065 1992 1352 2064 πατρῴαν.
1413 1995 1476 2046 El
1506 1994 1615 2064 γὰρ
1665 1994 1965 2064 Νικηφόρῳ

397 2083 609 2137 δίκαιον
630 2085 690 2137 τὸ
713 2086 776 2138 ἐκ
807 2087 1092 2154 προγόνων
1124 2086 1186 2138 οὐ
1217 2086 1427 2139 πολλῶν
1462 2086 1632 2139 ὄντων
1654 2087 1756 2152 τὴν
1791 2085 1966 2155 ἀρχὴν

401 2176 760 2242 κατάγεσθαι,
811 2177 994 2246 πολλῷ
1027 2177 1230 2247 μᾶλλον
1284 2177 1497 2247 βασιλεῖ
1543 2177 1650 2230 τῶν
1698 2177 1759 2240 ἐξ
1793 2177 1965 2247 ἀρχῆς

402 2266 838 2335 βασιλευσάντων
882 2267 1174 2338 Ῥωμαίων
1203 2269 1316 2322 ὄντι
1367 2269 1618 2337 ἀπογόνῳ
1677 2269 1821 2322 κατά
1875 2269 1968 2322 τὸν

289 2357 295 2363 ’
400 2357 558 2425 λόγον
606 2357 707 2427 τῆς
755 2358 1029 2428 διαδοχῆς.
1078 2360 1140 2412 Et
1192 2360 1248 2414 δὲ
1282 2361 1341 2414 τὸ
1394 2360 1490 2414 τοῦ
1545 2360 1737 2431 χρόνου
1795 2361 1968 2429 μῆκος

401 2446 704 2517 ἀξιόχρεων
733 2448 882 2501 δοκεῖ
917 2449 1053 2520 πρὸς
1085 2449 1366 2503 δικαίωσιν
1420 2451 1572 2521 ὑμῖν,
1608 2450 1720 2503 ῐστε
1776 2453 1971 2506 τάναν-

403 2533 496 2584 τία
548 2533 892 2604 λογιζόμενοι
943 2537 1052 2590 τῶν
1076 2537 1244 2591 ὄντων
1269 2554 1286 2569 ⁸
1322 2539 1521 2608 μᾶλλον
1555 2541 1664 2610 γὰρ
1692 2540 1779 2594 διὰ
1809 2539 1970 2593 τοῦτο

404 2623 560 2694 δίκης
593 2624 752 2690 ἄξιοι,
797 2627 878 2679 ὅτι
933 2626 1187 2682 τοσοῦτον
1221 2629 1414 2698 χρόνον
1463 2629 1722 2700 ἠδικεῖτε.
1777 2632 1842 2686 El
1877 2627 1969 2685 οῦν

409 2719 624 2786 μηχανῇ
659 2734 718 2770 τε
741 2717 964 2789 οὐδεμιᾷ
997 2719 1058 2772 τὸ
1087 2720 1291 2774 ἁλῶναι
1319 2721 1380 2775 οὐ
1411 2722 1642 2777 δύνασθε
1667 2724 1967 2792 διαφυγεῖν,

407 2807 462 2860 εῐ
481 2825 538 2860 τε
570 2809 667 2862 καὶ⁸
715 2808 948 2878 δύναμις
976 2811 1103 2881 ὑμῖν
1127 2811 1309 2882 παρῆν
1349 2813 1704 2884 Ἀκαρνανίας
1747 2815 1970 2884 βασιλέα

410 2897 742 2964 ἐξελαύνειν,
793 2900 855 2952 τὸ
914 2899 1120 2955 ἀδικεῖν
1152 2903 1252 2955 οὐκ
1275 2901 1342 2956 ἂν
1366 2899 1436 2975 ἦν
1468 2904 1778 2973 διαφυγεῖν,
1806 2908 1859 2960 τί
1893 2909 1974 2963 δεῖ

410 2990 653 3060 ἀνήνυτα
705 2989 1002 3055 πονοῦντας
1071 2993 1172 3064 τὴν
1231 2997 1610 3064 κακοπραγίαν
1673 2999 1972 3053 ἐπιτείνειν

2055 640 2274 708 quidem
2309 638 2600 705 imperium
2643 636 2695 688 in
2725 633 3002 688 Orientem
3029 649 3147 687 sese
3177 635 3446 690 contraxit
3475 634 3618 703 (65).

2052 729 2412 784 Acarnaniam
2450 736 2628 795 autem
2681 725 2892 794 Angeli,
2943 725 3146 792 aliique
3195 725 3328 778 alias
3361 725 3616 778 occiden-

2019 832 2024 836 '
2058 821 2191 874 tales
2226 819 2558 886 provincias,
2585 831 2818 884 quarum
2849 825 3311 882 praetorescrant,
3356 816 3458 872 sibi
3493 817 3624 869 sub-

2056 911 2313 964 diderunt
2343 927 2355 962 :
2386 919 2676 978 propterea
2707 907 2850 975 quod
2887 907 3144 961 Romanis
3177 907 3620 974 imperatoribus,

2058 1001 2356 1056 Thraciam
2379 1010 2431 1054 ct
2460 1001 2830 1054 Macedoniam
2893 998 3103 1052 Latinis
3135 999 3449 1053 tenentibus
3489 1000 3619 1067 (66),

2059 1093 2123 1148 ad
2156 1095 2275 1148 illas
2309 1092 2572 1148 transitus
2604 1107 2713 1145 non
2744 1093 2983 1159 patebat.
3019 1090 3262 1144 Tandem
3303 1100 3425 1159 post
3450 1107 3623 1144 annos

2059 1183 2343 1252 plurimos,
2395 1196 2519 1235 cum
2571 1182 2861 1249 imperium
2915 1181 3287 1234 Romanorum
3347 1196 3374 1234 a
3412 1183 3619 1235 Palmov

2058 1273 2198 1342 legis
2232 1285 2531 1342 regeretur,
2565 1273 2791 1325 Latinos
2821 1273 2929 1325 Deo
2971 1273 3275 1340 epitulante
3309 1273 3621 1342 principatu

2061 1365 2390 1434 depulerunt
2465 1373 2521 1418 et
2570 1363 2750 1418 Asiam
2794 1374 2957 1431 atque
3017 1363 3288 1432 Europam
3339 1380 3624 1433 quousque

2062 1457 2424 1525 imperabant,
2475 1457 2670 1510 iterum
2727 1457 3134 1523 conjunxerunt
3199 1473 3212 1505 :
3261 1455 3622 1509 Acarnaniam

2061 1545 2129 1598 ab
2162 1545 2380 1613 Angelis
2428 1544 2629 1598 frustra
2681 1545 3073 1613 repetiverunt,
3112 1545 3218 1612 qui
3271 1559 3366 1612 per
3401 1545 3506 1597 vim
3570 1555 3627 1599 et

2061 1637 2240 1691 scelus
2301 1650 2422 1689 eam
2478 1637 2798 1697 retinentes,
2853 1635 3052 1702 saepius
3107 1645 3298 1688 contra
3342 1651 3399 1688 se.
3445 1637 3628 1690 missis

2062 1728 2416 1790 exercitibus,
2444 1743 2567 1782 cum
2600 1726 2794 1780 vicinis
2831 1725 3088 1779 barbaris
3132 1726 3195 1780 ad
3249 1728 3506 1780 auxilium
3540 1729 3628 1781 in-
3691 1747 3697 1760 -

2064 1821 2269 1874 vocatis
2319 1819 2663 1873 restiterunt.
2707 1815 3102 1882 Imperatorem
3137 1830 3302 1884 porro
3335 1816 3500 1880 hunc,
3534 1816 3628 1886 qui

2063 1925 2212 1964 nunc
2242 1924 2339 1964 vos
2365 1909 2570 1964 caelesti
2622 1907 2790 1960 fultus
2837 1919 2942 1973 ope
2988 1906 3153 1960 armis
3195 1907 3428 1975 subegit,
3470 1923 3631 1962 nemo

2065 2001 2326 2071 injustam
2364 2015 2485 2054 esse
2537 1999 2762 2058 dixerit,
2811 1998 2940 2050 dum
2999 1997 3140 2050 alios
3188 1997 3459 2066 imperare
3519 2014 3629 2052 non

2065 2094 2298 2159 patitur,
2373 2091 2468 2146 sed
2495 2091 2884 2162 justissimum,
2909 2088 3003 2156 qui
3033 2096 3313 2157 paternam
3343 2080 3634 2144 basi-edita:

2067 2191 2177 2238 tem
2205 2177 2472 2250 reposcat.
2516 2182 2573 2236 Si
2615 2182 2762 2237 enim
2803 2197 3020 2252 aequum
3048 2189 3153 2240 est,
3191 2179 3558 2248 Nicephorum
3598 2194 3629 2234 a

2066 2270 2369 2341 majoribus
2417 2268 2560 2322 haud
2614 2269 2689 2322 ita
2721 2268 2912 2322 multis
2937 2265 3298 2336 principatum
3337 2265 3631 2330 deducere,

2068 2371 2276 2431 quanto
2322 2359 2533 2429 aequius
2565 2361 2977 2429 imperatorem,
3007 2357 3398 2425 imperatorum
3433 2355 3524 2423 qui
3564 2354 3634 2408 ab

2069 2453 2226 2507 initio
2257 2451 2613 2512 Acarnaniam
2649 2457 2946 2504 tenuerunt
3005 2455 3260 2516 nepotem
3342 2460 3638 2500 successo—

2069 2559 2296 2613 remque
2325 2541 2677 2613 legitimum?
2708 2540 2861 2606 Quod
2909 2539 2957 2593 si
3000 2536 3456 2608 longinquitatem
3500 2544 3638 2589 tem-

2070 2637 2221 2706 poris
2278 2650 2457 2690 causae
2521 2643 2718 2688 vestrae
2780 2632 2914 2686 satis
2978 2629 3308 2699 patrocinari
3371 2625 3635 2690 censetis,

2071 2728 2265 2783 scitote
2294 2743 2391 2781 vos
2421 2725 2618 2780 falsum
2649 2721 2966 2777 ratiocinari
2999 2721 3146 2790 (67);
3174 2734 3298 2773 nam
3335 2718 3405 2770 ob
3436 2717 3488 2770 id
3526 2731 3642 2769 ma-

2071 2821 2154 2890 gis
2188 2819 2458 2889 supplicio
2508 2817 2657 2888 digni
2703 2817 2860 2878 estis,
2909 2814 3003 2883 qui
3057 2813 3242 2868 tandiu
3302 2812 3354 2864 in
3394 2809 3640 2864 facienda

2074 2912 2278 2982 injuria
2311 2908 2825 2981 perseveraveritis.
2859 2905 3000 2976 Ergo
3029 2905 3075 2959 si
3108 2903 3255 2957 nulla
3285 2900 3482 2954 fraude
3515 2915 3644 2954 eva—

2074 3006 2204 3062 dere
2233 3005 2484 3074 potestis,
2516 3003 2648 3072 quin
2682 2997 3116 3059 convincamini,
3162 2995 3321 3064 317
3353 3003 3407 3045 et
3436 2993 3480 3045 si
3513 2992 3645 3044 viri-

412 3081 648 3145 ἑαυτοῖς,
680 3083 772 3135 καὶ
805 3082 879 3152 μὴ
917 3082 1272 3152 πειθομένους
1327 3088 1451 3156 ἐμοὶ
1505 3088 1574 3140 τὰ
1607 3088 1800 3158 βελτίω
1829 3107 1970 3160 cup.-

2075 3098 2180 3152 bus
2207 3096 2275 3150 ad
2305 3097 2688 3164 imperatorem
2717 3089 3025 3145 Acarnania
3066 3085 3393 3156 ejiciendum
3437 3084 3646 3137 valete-

411 3170 740 3238 ϐουλεύοντι,
774 3175 924 3244 σφίσι
945 3175 1043 3245 μὲν
1073 3176 1255 3240 αὐτοῖς
1284 3178 1493 3242 αἰτίους
1522 3181 1776 3254 γενέσθαι
1803 3183 1974 3250 μεγά-

2080 3189 2168 3250 tis,
2187 3203 2296 3242 non
2325 3186 2557 3256 possetis
2589 3195 2766 3237 tamen
2797 3181 3010 3251 injuriae
3035 3179 3348 3247 opinionem
3381 3178 3640 3243 eﬂugvre,

411 3264 520 3318 λων
559 3265 798 3333 ἀγαθῶν,
838 3267 986 3338 ἡμᾶς
1028 3267 1086 3321 δέ
1134 3269 1314 3338 ὀλίγου
1346 3270 1512 3323 πόνου
1567 3273 1872 3336 ἀπαλλάξαι
1918 3274 1976 3327 ὃν

415 3358 798 3428 ὑπομενοῦμεν
825 3359 968 3427 ὑμᾶς
999 3363 1502 3432 καταστρεφόμενοι
1534 3381 1548 3428 ;
1575 3365 1696 3416 Ὀτι
1719 3365 1775 3418 δέ
1806 3365 1838 3435 ἡ
1870 3365 1977 3436 ἐμὴ

415 3450 742 3519 παραίνεσις
799 3451 1158 3521 συμφέρουσα
1227 3455 1378 3523 ὑμῖν,
1440 3455 1616 3520 ἔξεστι
1670 3457 1980 3527 χρήσασθαι

417 3540 747 3611 συμσούλοις
777 3543 888 3605 τοῖς
925 3545 1213 3610 συγγενέσι
1243 3545 1336 3598 καὶ
1374 3546 1612 3615 ἑταίροις
1643 3547 1796 3612 ὐμῶν
1841 3546 1980 3600 Ῥω-

418 3636 581 3702 γίοις,
641 3634 692 3687 οἳ
728 3635 851 3705 δμοὶ
883 3635 1060 3690 πάντα
1114 3636 1445 3706 ἀναθέμενοι
1471 3639 1540 3691 τά
1575 3638 1697 3691 κατ’
1753 3640 1976 3706 αὐτοὺς,

416 3727 550 3792 ὅσης
588 3727 911 3797 ἀπήλαυσαν
962 3728 1173 3792 εὐνοίας
1228 3732 1322 3783 καὶ
1376 3731 1635 3800 προνοίας
1693 3731 1794 3802 τῆς
1846 3733 1982 3802 πρὸς

422 3817 708 3887 βασιλέως,
747 3818 1188 3888 μαρτυρήσουσιν
1223 3821 1404 3875 αὐτοί.
1468 3823 1532 3874 El
1557 3818 1651 3876 οῦν
1681 3825 1776 3876 καὶ
1826 3824 1985 3893 ὑμεῖς

421 3909 491 3961 τά
525 3908 765 3980 ὑμέτερα
801 3909 1072 3979 ἀνάθησθε
1102 3911 1245 3980 ἐμοὶ,
1278 3913 1491 3965 εἴσεσθε
1527 3913 1705 3977 καλῶς
1752 3913 1826 3976 ὡς
1850 3915 1984 3983 ἀλη-

427 3997 512 4050 θεῖ
533 3999 628 4051 καὶ
657 3998 849 4069 δικαίῳ
886 4001 980 4052 καὶ
1007 3999 1289 4071 δυναμένῳ
1317 4000 1379 4054 εὖ
1409 4004 1582 4055 ποιεῖν
1628 4002 1986 4056 ἐπιστεύσατε

423 4090 599 4161 ἀνδρί.
671 4091 994 4160 Ἀπολογίαν
1059 4092 1160 4163 μὲν
1219 4089 1315 4147 οὖν
1367 4095 1459 4146 ἐπὶ
1513 4097 1628 4156 τοῖς
1678 4094 1988 4164 εἰρημένοις

423 4184 683 4236 ἀπαιτεῖν
704 4184 764 4236 οὐ
796 4183 1006 4238 δίκαιον
1032 4185 1170 4251 νυνὶ,
1198 4185 1308 4239 τῶν
1339 4185 1598 4239 πλειόνων
1626 4203 1685 4239 τε
1717 4186 1984 4250 ἀπόντων,

2077 3278 2231 3347 quid,
2281 3292 2486 3347 quasso,
2524 3273 2762 3328 inaniter
2811 3272 3144 3329 laborantes,
3183 3267 3457 3319 miseriam
3487 3264 3646 3320 vobis

2079 3370 2422 3441 producitis?
2471 3367 2613 3432 Quin
2675 3364 2807 3417 mibi
2863 3360 3124 3416 salutaria
3183 3357 3424 3411 monenti
3485 3355 3648 3408 obse-

2081 3470 2334 3532 quentes,
2353 3458 2580 3514 etvobis
2609 3455 2947 3510 uberrimum
2975 3450 3208 3504 fructum
3240 3444 3640 3514 adipiscitnini;

2081 3558 2138 3602 et
2162 3561 2262 3601 nos
2311 3561 2340 3599 a
2395 3545 2614 3599 tantillo
2647 3543 2859 3606 labore,
2894 3552 3056 3610 quem
3115 3534 3270 3590 vobis
3324 3532 3648 3589 edomandis

2083 3636 2498 3701 sustinebimus,
2523 3635 2730 3690 liberos
2758 3647 2881 3688 esse
2905 3627 3121 3687 sinitis?
3153 3624 3426 3686 Caterum
3451 3624 3648 3682 cohor-

2085 3733 2346 3786 tationem
2399 3743 2575 3784 meam
2631 3734 2691 3780 ut
2748 3740 2859 3780 non
2914 3723 3164 3779 inutilem
3225 3722 3390 3775 rebus
3431 3720 3646 3778 nstris.

2084 3823 2283 3893 thogii
2326 3821 2543 3892 cognati
2603 3835 2667 3874 ac
2704 3819 2837 3874 socii
2878 3817 3044 3873 vestri
3079 3814 3448 3874 testabantur,
3481 3813 3524 3864 si
3555 3825 3650 3864 eos

2085 3916 2350 3969 adhibere
2401 3911 2750 3968 consiliarios
2799 3908 3091 3963 volueritis
3126 3923 3138 3956 :
3171 3905 3264 3973 qui
3311 3919 3435 3957 cum
3470 3901 3523 3954 in
3564 3916 3652 3954 ar—
3742 3965 3748 3972 ~

2086 4004 2254 4059 bitrio
2293 4018 2418 4057 meo
2458 4017 2557 4055 sua
2603 3999 2936 4069 posuissent,
2978 4006 3184 4065 quanta
3233 4009 3364 4048 cura
3417 3992 3654 4046 benevo-

2086 4094 2365 4164 lentiaque
2411 4093 2479 4147 ab
2511 4093 2841 4158 imperatore
2873 4086 3077 4156 dignati
3115 4085 3246 4147 sint,
3280 4084 3381 4152 ipsi
3422 4084 3652 4149 loquen-

2088 4195 2200 4243 tur.
2232 4186 2288 4242 Si
2337 4187 2466 4240 item
2491 4198 2594 4238 vos
2622 4191 2804 4236 vestra
2837 4179 2970 4233 mibi
3000 4177 3386 4248 permiseritis,
3421 4175 3650 4229 elliciam

422 4273 520 4329 καὶ
550 4274 702 4342 ὑμῶν
732 4276 1082 4346 ἀμελετήτων
1138 4277 1276 4346 πρὸς
1301 4278 1427 4340 τοὺς
1456 4278 1648 4346 λόγους
1669 4278 1868 4332 ὄντων*
1901 4280 1977 4332 ἐκ·

2090 4286 2152 4333 ιιι
2199 4292 2264 4331 ca
2311 4274 2522 4330 homini
2576 4271 2758 4328 veraci
2797 4280 2852 4326 et
2894 4271 3064 4340 justo,
3115 4278 3171 4322 et
3205 4267 3299 4337 qui
3331 4265 3652 4322 benefacere

423 4367 657 4436 κλησίαν
687 4367 745 4420 δέ
771 4369 1126 4439 ἀθροίσαντες
1156 4370 1250 4422 καὶ
1276 4369 1705 4440 βουλευσάμενοι
1735 4372 1862 4441 περὶ
1883 4371 1977 4424 τῶι

2090 4370 2284 4441 possit,
2342 4367 2663 4437 permisisse
2715 4363 2974 4434 praeclare
3022 4359 3360 4430 intelligatis.
3403 4358 3654 4425 Respon-

422 4457 674 4519 δεόντων,
709 4461 768 4521 ἐς
817 4461 917 4530 τὴν
967 4460 1286 4530 ὑστεραίαν,
1341 4463 1391 4514 εί
1420 4464 1583 4522 δοκεῖ.
1644 4463 1870 4517 ἀπόδοτε
1899 4463 1977 4517 τὸι

2093 4463 2301 4518 sionem
2332 4460 2386 4514 in
2415 4473 2656 4529 praisens
2683 4471 2792 4510 non
2821 4454 3060 4524 postulo,
3087 4450 3304 4521 quando
3330 4450 3500 4518 major
3531 4463 3654 4517 pars

422 4549 608 4616 λόγον.
651 4548 710 4601 '0
744 4550 842 4619 μὲν
868 4546 961 4603 οῦν
1007 4551 1180 4604 εἰπὼν
1209 4551 1434 4604 τοιαῦτα
1490 4553 1626 4622 πρὸς
1685 4553 1988 4622 Ἀρταίους,

357 4700 370 4707 ,
424 4640 774 4710 ἀνεχώρησεν
822 4643 904 4706 είς
946 4643 1006 4695 τὸ
1069 4644 1452 4713 στρατόπεδον,
1519 4644 1838 4699 Καϐασίλαν
1894 4647 1989 4698 καὶ
2035 4685 2054 4696 .

424 4731 552 4793 τούς
569 4731 758 4797 ἄλλους
776 4732 1036 4801 Ῥωγίους
1053 4718 1405 4804 ’διαλέγεσθαι
1440 4737 1625 4799 αὐτοῖς
1649 4734 1985 4802 καταλιπὼν,

2094 4554 2284 4615 abest;
2313 4560 2369 4606 et
2401 4565 2499 4606 vos
2544 4549 2610 4603 ad
2662 4544 3102 4616 respondendum
3157 4557 3267 4596 non
3306 4541 3440 4595 estis
3487 4539 3657 4592 medi-

2097 4645 2214 4700 tati.
2251 4643 2356 4698 Ubi
2389 4650 2512 4698 acto
2552 4650 2824 4694 conventu
2869 4638 2938 4692 de
2986 4650 3196 4691 summa
3231 4649 3412 4687 rerum
3445 4631 3656 4686 delibe-

2097 4736 2373 4800 raveritis,
2418 4732 2662 4789 crastino
2690 4732 2804 4796 die,
2847 4730 2890 4785 si
2924 4729 3136 4795 libebit,
3165 4726 3507 4796 respondete.
3561 4723 3656 4776 llis

1689 4849 1905 4912 Jacobi
1941 4850 2204 4911 Pontani
2239 4858 2431 4913 notae.

504 4972 974 5046 (65)__Tbeod9ro_
1033 4972 1252 5028 Lascari
1319 4973 1651 5043 imperatore
1711 4972 1994 5044 designato

429 5043 579 5102 circa
607 5043 841 5099 Nicaeam
873 5043 1159 5113 Bithyniae.

506 5114 616 5183 (66)
661 5113 762 5168 Per
807 5127 981 5183 annos
1004 5111 1140 5183 itere
1173 5113 1262 5167 65.
1292 5111 1522 5183 _Interea
1563 5112 1895 5183 Nicomediae
1937 5111 1992 5167 in

433 5181 690 5254 Bithynia
723 5183 907 5254 sedem
941 5182 1249 5235 habuerunt
1278 5181 1864 5254 Constantinopolitani
1896 5183 1998 5254 im—

436 5251 744 5322 pera'tores.
793 5251 1012 5322 Primus
1072 5260 1252 5322 autem
1303 5266 1370 5322 ert
1407 5321 1416 5322 ί
1448 5252 1657 5306 Latinis
1695 5253 1994 5322 imperavit

434 5320 946 5389 Constantinopoli,
998 5334 1142 5373 anno
1207 5320 1420 5375 Domini
1472 5323 1645 5382 .1200,
1694 5321 1993 5375 Balduinus

436 5391 675 5447 Flander
739 5390 1019 5444 mensibus
1072 5405 1128 5443 ιι.
1182 5389 1301 5454 Quo
1353 5405 1383 5443 a
1423 5391 1606 5446 Mmsis
1655 5399 1711 5445 et
1749 5389 1997 5456 Bulgaris

438 5470 603 5529 capto
624 5470 787 5522 atque
817 5459 1128 5524 interfecto,
1165 5459 1548 5529 interregnum
1569 5459 1672 5529 fuit
1711 5473 1855 5511 anno
1871 5473 1994 5529 _nno

432 5527 818 5584 et‘mensibus
869 5537 1121 5596 quatuor.
1176 5527 1484 5592 Secundus,
1538 5528 1828 5592 Henricus,
1870 5527 1996 5580 Bal-

437 5599 596 5654 duini
630 5598 794 5662 illius,
829 5599 922 5666 qui
960 5597 1078 5650 sine
1112 5597 1300 5652 liberis
1322 5600 1475 5653 obiit.
1503 5599 1746 5661 Tertius,
1780 5597 1994 5660 Petrus,

439 5683 625 5724 comes
672 5665 1138 5722 Altisiddorensis.
1189 5667 1446 5733 Quartus,
1511 5669 1806 5723 Robertus.
1849 5665 1992 5720 Petri

442 5739 606 5794 Illius.
637 5738 894 5805 Quintus.
918 5736 1213 5790 Balduinus
1253 5740 1544 5808 secundus,
1579 5737 1799 5792 Roberti
1829 5736 1992 5788 lilius.

2099 4975 2284 5031 Donec
2314 4974 2542 5031 Michael
2582 4974 2918 5044 Palmulogus
2976 4971 3270 5044 imperium
3301 4965 3664 5044 batinisnere-

2098 5054 2251 5114 ptum
2307 5046 2509 5100 Graecis
2561 5033 3016 5114 restituitl'anno
3057 5033 3270 5114 Domini
3317 5036 3469 5087 1‘258.
3513 5033 3664 5114 Quo-

2101 5107 2265 5169 inodo
2312 5116 2629 5184 praeclaram
2683 5115 2828 5184 illam
2867 5111 3065 5184 urbem
3092 5107 3284 5184 Latirii
3318 5107 3659 5184 occuparint,

2097 5192 2152 5253 et
2186 5174 2348 5253 quam
2392 5183 2675 5238 horribilia
2707 5183 2913 5253 scelera
2954 5177 3314 5253 designarint,
3346 5174 3473 5253 iuste
3497 5174 3660 5250 docet

2095 5248 2314 5307 Nicetas
2372 5255 2424 5308 in
2475 5253 2665 5306 Alexio
2703 5252 3007 5310 Comneno,
3057 5248 3155 5300 lib.
3205 5261 3287 5308 ιιι,
3345 5248 3398 5294 in
3431 5248 3662 5310 imperio

2095 5321 2269 5376 Alexii
2313 5323 2490 5385 Ducae,
2527 5329 2892 5389 cognomento
2917 5314 3268 5389 lllttrtaupbli.

2168 5393 2281 5460 (67)
2324 5393 2442 5445 Non
2487 5385 2756 5460 vult'dari
2791 5385 3262 5460 prmscriptionem
3301 5385 3354 5439 in
3393 5385 3574 5460 regnis
3608 5389 3665 5460 et

2097 5453 2396 5529 provinciis
2440 5478 2454 5514 :
2505 5469 2560 5513 et
2599 5459 2692 5527 qui
2750 5453 2836 5511 vel
2864 5453 3085 5529 centum
3136 5457 3296 5510 annis
3353 5453 3659 5529 posstaderit

2100 5523 2488 5607 regnummott
2517 5523 2702 5607 suum,
2745 5526 2892 5607 quod
2933 5526 3120 5607 inique
3169 5523 3472 5607 occuparit,
3499 5541 3564 5578 eo
3596 5523 3664 5607 ab

2097 5592 2586 5722 hiredetlegitimo
2610 5592 2810 5666 depelli
2841 5610 3000 5665 posse
3021 5592 3042 5658 ;“
3071 5596 3138 5649 de
3170 5610 3278 5664 quo
3303 5592 3666 5665 iureconsulti

2097 5683 2149 5722 vr
2190 5684 2308 5722 ertn
2341 5707 2356 5722 .

2097 5683 2356 5724 γιαετιιιι.
