4122 6296
544 295 650 359 647

1723 287 2048 349 JOANNIS
2086 285 2434 352 CANTACU
2452 294 2629 356 ZENI
2710 330 2713 333 λ

3688 250 3815 357 eis

548 426 654 467 nec
679 408 957 464 tantillum
988 420 1044 460 se
1085 404 1404 468 commovit,
1434 401 1893 469 obsidionemque
1923 412 2091 469 perpe

2238 405 2377 477 »ὑδὲν
2409 410 2612 478 μᾶλλον
2643 411 2698 461 ἐν
2741 409 2990 463 ἐλάττοσι
3021 405 3236 469 κακοῖς.
3280 403 3339 458 '0
3371 404 3543 473 μέγας
3571 403 3669 473 μὲν
3689 406 3795 474 γὰρ

550 503 748 558 tuavit.
783 499 1070 554 Tarentini
1095 508 1308 553 stantes
1340 496 1394 550 in
1420 495 1703 558 anchoris,
1732 494 1798 547 ad
1834 503 2035 547 terram
2067 498 2127 544 ut

550 595 808 651 hostilem
851 607 1020 646 naves
1084 590 1397 660 appellere,
1453 604 1519 643 ac
1567 603 1735 658 prope
1784 585 1978 641 urbem
2030 584 2125 638 de-

550 686 820 743 scendrre
852 700 961 738 non
992 663 1290 736 audebant.
1317 681 1507 735 Tertio
1538 690 1660 749 post
1691 680 1779 735 die
1813 679 2127 748 suspicatus

552 792 780 850 magnus
830 775 1189 837 domesticus,
1244 773 1678 827 Thomocastriis
1727 771 1956 841 spiritus
1996 785 2129 839 pau-

552 872 702 925 latim
732 867 1043 933 comprimi,
1075 863 1526 935 quandoquidem
1553 864 1855 919 Tarentino
1877 863 2127 928 subsidio

552 979 659 1017 non
720 961 1063 1023 fruerentur,
1123 972 1221 1026 per
1277 958 1678 1011 internuntium
1729 971 1825 1010 eos
1878 935 1939 1009 in.
1986 955 2128 1010 hanc

551 1053 883 1108 sententiam
932 1048 1118 1105 verbis
1176 1060 1260 1104 est
1307 1064 1615 1120 aggressus.
1663 1048 1828 1118 320
1879 1046 1949 1102 Se
2006 1046 2127 1101 illos

553 1161 660 1199 non
698 1159 860 1212 posse
901 1144 1034 1196 satis
1061 1140 1528 1210 admirari,‘quod
1571 1155 1695 1194 cum
1734 1140 1833 1192 viri
1880 1138 2127 1208 pruden-

552 1246 653 1290 tes.
697 1250 760 1287 ae
791 1248 976 1287 rerum
1020 1248 1120 1285 usu
1158 1233 1273 1284 triti
1302 1231 1435 1294 sint,
1468 1239 1529 1284 ut
1564 1230 1786 1300 quidem
1821 1229 1961 1282 fama
1993 1245 2131 1298 prte-

552 1327 808 1379 direntur
839 1326 987 1383 (nam
1027 1323 1210 1377 adhuc
1256 1322 1463 1375 recenti
1497 1321 1734 1375 adventu
1781 1334 1883 1375 suo
1922 1333 2128 1390 paucos

549 1432 742 1470 eorum
803 1415 1053 1479 vidisse),
1086 1426 1236 1466 nunc
1286 1410 1676 1466 existimationi
1735 1425 1847 1465 suae
1902 1410 2128 1464 minime

552 1509 787 1572 servire,
838 1522 902 1561 ac
948 1506 1269 1574 neutiquam
1321 1521 1384 1559 ea
1436 1504 1639 1565 facere.
1691 1504 1834 1557 unde
1875 1518 1934 1557 se
1977 1503 2124 1557 omni

552 1603 785 1655 crimine
813 1584 1038 1667 prorsus
1070 1597 1330 1651 liberent.
1373 1596 1497 1665 Ipso
1527 1596 1674 1649 enim
1718 1594 1936 1649 circiter
1963 1592 2126 1665 quin-

555 1709 663 1761 que
708 1702 765 1746 et
796 1691 988 1760 viginti
1030 1689 1149 1743 dies
1178 1689 1245 1741 ad
1298 1702 1487 1741 muros
1542 1687 1791 1748 sedente,
1839 1695 1897 1740 et
1932 1694 2126 1740 aVente

557 1799 779 1839 causam
806 1795 1057 1844 noscere,
1086 1781 1157 1834 ob
1182 1794 1346 1848 quam
1370 1778 1598 1833 subesse
1631 1777 1947 1847 imperatori
1976 1792 2132 1847 pror-

556 1895 650 1934 sus
682 1875 1032 1931 intolerabile
1063 1873 1337 1935 videatur.
1379 1887 1474 1927 eos
1517 1871 1652 1925 nihil
1694 1867 1855 1940 plane
1895 1885 2131 1940 respon—

557 1971 714 2031 dere,
765 1981 946 2035 neque
1004 1980 1072 2019 ex
1124 1964 1230 2025 his.
1291 1978 1415 2032 quae
1478 1962 1702 2029 faciant,
1763 1961 2131 2029 suspicionem

558 2062 780 2122 atl‘etre,
819 2057 973 2125 quasi
1004 2065 1111 2110 aut
1160 2054 1413 2110 hostibus
1447 2052 1877 2117 incommodum,
1920 2063 2015 2107 aut
2050 2054 2131 2107 si-

557 2151 731 2204 bimet
785 2147 921 2217 ipsis
988 2146 1371 2200 molestiarum
1425 2145 1759 2200 vacuitatem
1830 2144 2133 2214 prudenter

556 2241 892 2295 n'ieditentur
920 2257 937 2298 ι
967 2239 1061 2293 sed
1103 2238 1248 2293 idem
1277 2238 1407 2303 illis,
1433 2237 1579 2306 quod
1614 2237 1825 2308 polypis
1856 2236 2131 2301 accidere,

555 2334 651 2404 qui
682 2331 889 2402 egressi
920 2346 952 2386 e
984 2329 1214 2385 latibulo
1235 2328 1375 2399 (70),
1402 2329 1450 2384 si
1481 2328 1610 2398 quid
1640 2328 2130 2398 apprehenderint,

559 2445 668 2484 non
718 2427 879 2482 facile
926 2426 1236 2491 dimittunt,
1290 2423 1469 2477 donec
1516 2432 1611 2476 aut
1656 2437 1754 2491 per
1802 2437 1883 2486 se,
1933 2431 2029 2476 aut
2078 2422 2131 2476 vi

557 2521 844 2585 abstracti,
906 2517 1055 2588 quod
1110 2518 1585 2577 constrinxerant,
1649 2514 1981 2569 dimiserint.
2041 2513 2132 2569 Sic

557 2615 726 2682 ipsos,
747 2626 873 2666 cum
919 2609 1091 2664 semel
1120 2611 1510 2677 imperatorem
1547 2621 1605 2660 sc
1649 2607 1793 2661 nolle
1824 2592 2131 2676 principem

556 2718 857 2772 agnoscere
897 2710 1079 2755 testati
1114 2700 1246 2762 sint,
1313 2698 1457 2752 idem
1490 2712 1707 2766 semper
1750 2706 1806 2750 et
1847 2697 2131 2766 praefracte

558 2792 777 2846 testari.
810 2790 1133 2857 Quanquam
1178 2789 1223 2843 si
1272 2787 1339 2842 de
1388 2788 1554 2841 rebus
1587 2786 2022 2841 immutabilibus
2058 2789 2159 2841 ita

559 2886 823 2940 meditato
853 2884 1237 2952 loquerentur,
1266 2880 1534 2935 haberent
1570 2882 1837 2933 rationem
1867 2880 2129 2947 aliquam,

558 2992 658 3030 cur
692 2976 745 3029 in
774 2976 842 3029 iis
872 2964 1315 3044 perseverarent,
1356 2987 1480 3041 quae
1518 2987 1548 3024 a
1586 2970 1859 3041 principio
1902 2972 2130 3026 statuis-

2228 499 2550 568 δομέστικος
2604 500 2783 554 καίτοι
2846 497 3016 567 ἐγγὺς
3077 495 3644 565 ἐστρατοπεδευμένος
3700 496 3797 561 τῆς

2230 591 2530 658 θαλάσσης,
2567 592 2719 645 οὐδὲν
2740 591 2943 662 μᾶλλον
2978 590 3238 658 ἐκινήθη·
3276 587 3391 639 ἀλλ’
3425 586 3673 656 ἀτρέμας
3703 586 3796 651 τῆς

2230 684 2541 755 πολιορκίας
2562 684 2759 754 εἴχετο.
2792 684 3115 753 Ταραντῖνοι
3146 681 3200 735 δέ
3226 679 3312 733 ἐπ’
3344 677 3604 749 ἀγκυρῶν
3626 677 3798 747 ἐφώρ-

2233 793 2410 846 μουν,
2463 777 2561 844 τῆς
2614 793 2672 828 τε
2718 774 2825 845 γῆς
2868 775 3193 844 ἀπεχόμενοι
3247 772 3323 836 ὡς
3369 774 3657 836 πολεμίας,
3714 773 3799 823 καὶ

2230 867 2367 936 πρὸς
2405 869 2470 936 τῇ
2521 867 2673 919 πόλει
2737 861 2998 935 ονίδεμίαν
3038 865 3355 934 ποιούμενοι
3387 863 3676 916 ἀπόϐασιν.
3713 863 3799 923 Εἰς

2229 959 2420 1028 τρίτην
2456 958 2512 1011 δέ
2552 959 2770 1029 ἡμέραν
2803 957 3029 1027 ὕστερον
3060 958 3088 1008 ό
3121 956 3292 1026 μέγας
3323 955 3647 1024 δομέστικος
3672 953 3801 1005 ὐπο-

2231 1053 2473 1112 πτεύσας
2503 1053 2616 1113 τοῖς
2655 1053 2712 1103 ἐν
2757 1050 3151 1121 Θωμοκάστρῳ
3182 1050 3244 1102 τὸ
3271 1049 3525 1118 φρόνημα
3551 1044 3805 1099 ὑπενδοῦ-

2231 1160 2343 1210 ναι,
2381 1144 2504 1197 ἐπεὶ
2538 1143 2690 1196 οὐῗέν
2715 1142 3004 1201 ἁπιῦναντο
3033 1142 3131 1211 τῆς
3164 1140 3415 1211 βοηθείας
3430 1138 3803 1207 Ταραντίνων,

2231 1235 2510 1306 προσῆγεν
2535 1235 2716 1297 αὐτοῖς
2757 1235 2885 1297 τοὺς
2907 1234 3097 1301 λόγους
3128 1234 3509 1302 προσπέμπων
3533 1230 3659 1292 τοὺς
3692 1231 3803 1282 δια-

2230 1328 2576 1398 λεξομένους.
2613 1327 2864 1394 Ἔφασκέ
2899 1343 2959 1378 τε
3018 1325 3324 1393 θαυμάζειν
3361 1324 3598 1390 μάλιστα
3628 1319 3805 1373 αὐτῶν

2228 1422 2311 1474 ὅτι
2343 1420 2554 1473 συνετοί
2583 1436 2641 1471 τε
2660 1418 2834 1480 ὄντες,
2854 1418 2949 1471 καὶ
2973 1417 3297 1487 πράγμασιν
3325 1415 3524 1477 εἰδότες
3546 1413 3803 1483 χρῆσθαι,

2228 1513 2303 1575 ὡς
2335 1515 2462 1582 περὶ
2499 1513 2680 1566 αὐτῶν
2720 1512 2943 1566 ἀκούειν
2974 1511 3183 1575 ἔξεστιν
3243 1508 3467 1579 (ὀλίγοις
3497 1509 3607 1576 γὰρ
3629 1505 3806 1559 αὐτῶν

2230 1604 2539 1673 ἑωρακέναι
2602 1604 2743 1657 κατὰ
2798 1603 2900 1674 τὴν
2958 1601 3149 1672 πρώην
3188 1600 3288 1669 τὴν
3345 1599 3583 1679 ἐφοδρν),
3624 1598 3718 1649 νῦν
3746 1598 3803 1650 οὗ

2233 1695 2582 1763 προσήκοντα
2627 1692 2872 1747 ποιοῦσιν
2909 1694 3145 1757 ἑαυτοῖς,
3200 1691 3312 1744 οὐδ’
3351 1689 3409 1756 ἐξ
3440 1684 3514 1741 ὧν
3575 1688 3807 1756 μάλιετα

2232 1786 2298 1840 ἂν
2322 1786 2644 1840 ἀπολύοιντο
2672 1785 2873 1848 αἰτίας.
2903 1782 3079 1838 Αὐτοῦ
3112 1784 3221 1854 γὰρ
3250 1781 3314 1854 δὴ
3367 1784 3459 1838 ἐπὶ
3513 1782 3678 1854 πέντε
3717 1779 3804 1831 καὶ

2233 1879 2437 1931 εἴκοσιν
2469 1878 2705 1947 ἡμέραις
2737 1850 3202 1947 περικαθημένου,
3228 1850 3322 1929 καί.
3351 1874 3450 1944 τὴν
3483 1850 3666 1927 αἰτίαν
3697 1870 3806 1926 ἐθέ-

2232 1972 2409 2033 λοντος
2438 1969 2626 2039 μαθεῖν
2646 1966 2712 2042 ἧς
2735 1969 2896 2022 ἕνεκα
2919 1968 3100 2030 αὐτοῖς
3116 1966 3179 2020 τὸ
3199 1965 3301 2018 ὑπὸ
3325 1965 3535 2037 βασιλεῖ
3550 1963 3806 2034 τετάχθαι

2231 2065 2513 2132 νομίζεται
2553 2063 2663 2115 τῶν
2721 2062 2864 2115 πάνυ
2917 2061 3220 2121 ἀδυνάτων,
3278 2059 3419 2128 μήτε
3468 2058 3805 2128 παρέχεσθαι

2234 2158 2529 2225 ἀπολογίαν
2560 2152 2880 2228 μηδεμίαν,
2919 2154 3057 2225 μήτε
3083 2152 3144 2217 ἐξ
3176 2147 3251 2206 ὧν
3290 2152 3624 2220 πράττουσιν
3678 2151 3809 2203 ὑπο·

2232 2248 2364 2321 ψίαν
2432 2249 2691 2303 ἐνδιδόναι
2745 2250 2820 2311 ὡς
2886 2247 3181 2317 σωφρόνων
3240 2244 3547 2315 ἀνθρώπων
3574 2244 3809 2314 χρῶνται

2240 2337 2521 2407 λογισμοῖς
2570 2338 2661 2406 ὑφ’
2705 2331 2780 2391 ὧν
2829 2337 2865 2407 ἢ
2924 2337 3070 2406 ἡμᾶς
3120 2334 3436 2390 κακώσουσι
3467 2332 3594 2394 τοὺς
3660 2332 3811 2384 πολε-

2240 2429 2416 2497 μίους,
2465 2427 2684 2497 ἢσφίσι
2710 2428 2892 2490 αὐτοῖς
2943 2425 3262 2498 πορίσονταί
3314 2443 3435 2479 τινα
3484 2421 3806 2491 ἀπαλλαγὴν

2232 2521 2343 2573 τῶν
2395 2519 2681 2586 ἀλγεινῶν·
2712 2517 2847 2572 ἀλλά
2874 2519 3070 2572 ταύτὸν
3096 2517 3325 2589 πάσχειν
3354 2513 3468 2571 οἷον
3492 2516 3621 2578 τοὺς
3647 2512 3808 2568 πολύ-

2235 2612 2402 2674 ποδας
2427 2611 2589 2679 φασίν
2614 2626 2630 2640 ο
2659 2609 2709 2663 οἳ
2745 2610 2965 2664 ἐπειδὰν
2998 2610 3328 2676 ἐξέλκωνται
3381 2609 3482 2674 τῆς
3540 2608 3805 2675 θαλάμης,

2236 2704 2300 2757 ἂν
2340 2704 2582 2774 συμϐαίη
2618 2704 2762 2766 τινὸς
2794 2703 3172 2767 ἐπιλαϐέσθαι,
3198 2705 3259 2756 οὐ
3314 2703 3509 2774 ῥᾳδίως
3540 2702 3803 2772 μεθιᾶσιν,

2234 2796 2388 2865 ἄχρις
2415 2794 2530 2866 ἃνῆ
2569 2794 2955 2865 ἐπιλείψιιισίτι
2977 2795 3204 2858 ἑαυτῶν,
3225 2794 3256 2865 ἢ
3274 2795 3675 2865 παρασπάαωσι
3704 2792 3809 2845 τῶν

2234 2882 2514 2951 ἡμμένων,
2546 2882 2786 2936 τοιοῦτον
2808 2881 2873 2952 δή
2900 2900 2949 2932 τι
2971 2881 3286 2950 συμϐαίνειν
3317 2882 3412 2933 καὶ
3437 2881 3565 2949 περὶ
3595 2880 3803 2937 αὐτούς.

2236 2971 2419 3036 ’Ἃπαξ
2443 2971 2547 3041 γὰρ
2566 2973 2641 3035 ὼς
2670 2973 2730 3025 οὐ
2759 2971 2967 3042 βασιλεῖ
2992 2971 3394 3041 προσθήσονται
3435 2969 3681 3030 εἰπόντες
3703 2970 3807 3031 τοῖς

560 3076 703 3124 sent.
738 3067 895 3122 Nunc
929 3066 1104 3136 palam
1135 3080 1280 3130 esse,
1323 3079 1416 3118 eos
1450 3064 1518 3134 de
1547 3064 1616 3117 iis
1656 3065 1831 3133 loqui,
1875 3080 1998 3135 qua:
2026 3082 2126 3120 nec

2238 3079 2262 3114 α
2271 3062 2410 3125 ὐτοῖς
2425 3063 2599 3127 λόγοις
2614 3081 2645 3131 χ
2654 3062 2849 3131 ρῶνται
2866 3062 3148 3132 διηνεκῶς,
3162 3062 3253 3114 καὶ
3271 3060 3387 3114 οὐδε
3396 3060 3525 3129 μίαν
3537 3060 3807 3129 ἐπιδέχον-

561 3178 732 3217 unum
778 3160 924 3216 diem
956 3169 1085 3215 sunt
1125 3158 1315 3213 eadem
1338 3195 1353 3222 ,
1391 3157 1484 3212 sed
1518 3158 1670 3213 varie
1699 3169 2131 3213 commutantur.

561 3255 746 3322 Quare
803 3264 860 3308 et
904 3252 1070 3309 verba
1100 3268 1226 3307 cum
1287 3249 1456 3305 rebus
1489 3250 1554 3304 ad
1601 3265 1792 3304 eorum
1843 3250 2133 3305 utilitatem

560 3348 868 3419 oportuisse
922 3357 1229 3413 congruere
1257 3359 1270 3396 :
1300 3342 1780 3413 admonebatque,
1834 3352 1894 3395 ut
1936 3358 1965 3396 e
2006 3357 2139 3412 pru-

559 3439 910 3496 dentioribus
964 3435 1210 3503 aliquem
1265 3433 1568 3497 mitterent,
1604 3449 1792 3502 quem,
1835 3434 1966 3504 quid
2003 3434 2138 3503 ipsis

563 3531 872 3598 expediret,
907 3526 1107 3580 docere
1129 3534 1335 3593 posset.
1382 3523 1451 3577 Et
1487 3523 1531 3577 si
1567 3524 1787 3592 quidem
1834 3525 1879 3579 is
1922 3525 2026 3579 sibi
2056 3539 2142 3578 as-

564 3622 885 3682 sentiretur,
919 3618 1100 3681 bene;
1131 3616 1214 3670 sin
1247 3624 1455 3680 autem,
1484 3630 1705 3669 rursum
1742 3616 1825 3671 eis
1861 3617 2135 3687 integrum

568 3714 709 3774 fore,
752 3725 814 3765 ea
859 3707 1137 3779 persequi,
1178 3722 1299 3776 quae
1345 3705 1664 3775 profectura
1713 3706 2001 3779 ducerent.
2048 3709 2140 3764 Sic

566 3806 659 3860 ille
688 3802 873 3857 verbis
899 3798 1306 3868 quodammodo
1333 3812 1459 3852 cum
1489 3796 1623 3864 ipsis
1653 3798 2005 3854 velitabatur.
2031 3800 2135 3865 Qui

561 3910 690 3950 cum
726 3889 1161 3961 respondissent,
1204 3888 1471 3942 missuros
1515 3887 1776 3957 aliquem,
1819 3890 1864 3943 si
1903 3891 2141 3947 concilio

563 3985 885 4059 placuisset,
916 3980 1188 4052 postridie
1241 3978 1602 4040 Richardum.
1638 3980 1934 4050 Nicephori
1962 3983 2143 4052 parda-

562 4091 784 4147 gogum,
818 4073 1038 4128 caneris
1096 4070 1428 4125 nobiliorem
1471 4086 1536 4125 ac
1566 4073 1977 4141 prudentiorem
2010 4076 2139 4129 mit-

564 4175 712 4223 tuut.
752 4164 1097 4234 Congressus
1136 4177 1262 4217 cum
1294 4178 1362 4217 eo
1410 4178 1643 4233 magnus
1668 4166 2023 4231 domesticus,
2060 4168 2140 4223 sic

563 4261 645 4315 ait
673 4275 688 4312 :
724 4255 1009 4312 Neminem
1031 4270 1134 4325 ego
1165 4254 1502 4316 mortalium.
1539 4255 1643 4310 nisi
1673 4272 1702 4310 a
1742 4268 1923 4313 tuente
1952 4263 2141 4315 deser-

564 4349 862 4413 tissimum,
902 4362 1012 4402 non
1045 4346 1111 4400 ad
1147 4348 1308 4401 tinem
1338 4346 1604 4414 aliquem,
1633 4348 1685 4401 in
1712 4350 2138 4420 quibuscunque

566 4439 881 4496 actionibus
915 4440 1030 4493 suis
1077 4438 1355 4507 respicere
1380 4438 1589 4508 judico.
1624 4439 1779 4504 Quod
1828 4441 1996 4512 igitur
2028 4444 2141 4512 pri-

567 4548 715 4587 mum
746 4530 904 4586 iidem
934 4529 1276 4602 prodidistis,
1312 4538 1368 4584 et
1394 4545 1543 4585 nunc
1582 4531 1637 4585 in
1663 4532 1950 4589 obsidione
1977 4534 2137 4589 istam

568 4623 761 4686 animi,
808 4638 928 4691 qum
977 4621 1219 4685 videtur,
1268 4621 1614 4677 altitudinem
1667 4624 1965 4689 adhibetis,
2029 4642 2136 4681 non

567 4714 673 4769 alia
703 4715 769 4769 de
790 4728 955 4768 causa
978 4713 1033 4767 id
1068 4713 1245 4767 facere
1270 4727 1369 4769 vos
1403 4723 1654 4779 autumo,
1687 4730 1849 4784 quam
1876 4728 1938 4771 ut
1972 4716 2137 4773 Nice-

567 4806 748 4873 phoro
777 4803 1016 4872 despota:
1047 4802 1158 4855 lilio
1188 4803 1257 4857 ad
1299 4804 1691 4873 principatum,
1727 4817 1783 4861 et
1810 4809 1963 4863 vobis
2012 4810 2146 4880 ipsis

572 4893 780 4964 aliquid
840 4896 906 4948 ad
959 4893 1282 4948 felicitatem
1327 4896 1631 4963 adjumenti
1676 4898 1940 4955 aﬂ‘eratis.
1999 4903 2143 4972 Ergo

569 5002 690 5058 age,
719 4995 1015 5055 utrumque
1050 4985 1467 5040 consideremus
1499 5005 1513 5041 :
1541 4988 1638 5054 ita,
1666 5001 1726 5045 ut
1754 4992 1796 5045 si
1824 4994 2045 5062 quidem
2075 5010 2144 5051 ex

569 5079 639 5134 iis
663 5094 785 5147 quae
820 5076 961 5132 facta
1001 5083 1151 5141 sunt,
1197 5086 1293 5131 aut
1322 5077 1502 5133 exiis
1536 5096 1657 5163 quae
1705 5086 1960 5153 speratis,
1993 5085 2145 5141 inve-

570 5170 821 5224 norimus
886 5169 1192 5239 quidpiam,
1260 5185 1371 5239 quo
1416 5173 1670 5226 consulta
1735 5184 1915 5231 vestra
1977 5176 2142 5234 ﬁnem

573 5276 736 5316 suum
762 5262 1091 5324 sortiantur,
1133 5261 1185 5315 id
1215 5277 1283 5316 ne
1315 5264 1582 5318 omittatis
1609 5281 1623 5317 :
1657 5265 1740 5320 sin
1770 5275 1963 5324 contra
1995 5271 2147 5326 inve-

567 5352 839 5419 nerimus,
871 5366 1036 5423 quam
1075 5366 1170 5407 vos
1198 5354 1580 5423 suspicamiui,
1619 5365 1679 5412 ut
1715 5372 1824 5413 non
1859 5360 2018 5432 321
2059 5381 2152 5420 so-

2237 3172 2326 3208 ται
2345 3154 2642 3224 μεταϐολὴν
2661 3155 2902 3208 καίτοιεί
2923 3155 3023 3224 μὲν
3040 3157 3168 3224 περὶ
3183 3154 3451 3222 ἀκινήτων
3470 3167 3807 3221 πραγματων

2235 3241 2374 3316 ἦσαν
2385 3247 2534 3309 ,τοὺς
2548 3245 2736 3314 λόγους
2752 3248 3101 3314 ἐσκεμμένοι,
3118 3241 3260 3315 εἶχεν
3272 3245 3336 3297 ἀν
3347 3260 3464 3296 τινα
3476 3244 3636 3312 λόγον
3653 3240 3810 3313 ἐμμέ-

2236 3342 2466 3401 νειντοίς
2494 3337 3355 3409 βεὸουλευμένοιςἐξάρχῆς.’Νὖν
3371 3337 3414 3388 δ’
3443 3336 3623 3401 ἔξεστι
3658 3352 3807 3388 συνο-

2240 3429 2342 3504 ρᾷν
2378 3433 2451 3494 ὡς
2474 3430 2584 3484 οὐδ’
2603 3435 2695 3487 ἐπὶ
2713 3435 3005 3502 μιᾷήμέρᾳ
3028 3430 3136 3484 τῶν
3163 3430 3341 3484 αὐτῶν
3370 3430 3810 3499 ’μενόντων,ἀλλά

2240 3523 2488 3586 ποικίλας
2506 3523 2810 3593 δεχομένων
2855 3525 2952 3585 τὰς
2979 3521 3284 3591 μεταϐολὰς
3306 3520 3613 3574 ποιοῦνται.
3643 3521 3805 3573 Ὥστε

2239 3617 2405 3686 ἐχρῆν
2452 3618 2633 3680 αὐτοῖς
2688 3618 2784 3669 καὶ
2819 3617 2944 3678 τοὺς
2976 3617 3103 3684 περὶ
3138 3613 3365 3668 ἐκείνων
3393 3613 3588 3683 λόγους
3615 3614 3809 3682 ὁμοίως

2245 3711 2361 3769 τοῖς
2400 3709 2695 3779 πράγμασι
2732 3707 3169 3778 μεθαρμόζεσθαι
3217 3707 3350 3774 πρὸς
3388 3707 3450 3758 τὸ
3476 3705 3808 3759 λυσιτελοῦνο

2241 3799 2548 3869 παρῄνειτε
2580 3800 2761 3861 αὐτοῖς
2781 3801 2888 3851 τῶν
2923 3798 3300 3866 συνετωτέρων
3315 3796 3445 3869 παρ’
3481 3798 3670 3860 αὐτοῖς
3695 3813 3812 3851 τινα

2240 3889 2454 3961 πέμψαι
2474 3892 2568 3961 rvpi
2583 3908 2611 3953 ς
2628 3891 2808 3952 αὐτὸν,
2830 3890 2969 3944 ὥστε
2988 3889 3024 3944 δι
3048 3890 3228 3951 αὐτοῖς
3245 3891 3412 3944 οίεται
3432 3889 3811 3945 λυσιτελοῦντα

2241 3982 2559 4037 ὑποθέσθαι.
2585 3983 2699 4036 Κᾶν
2723 3983 2823 4052 μὲν
2843 3984 2940 4036 καὶ
2961 3984 3110 4051 αὐτῷ
3127 3983 3472 4053 συμφέροντα
3512 3983 3673 4053 δοκῇο
3691 3983 3812 4036 είδέ

2245 4074 2344 4142 μὴ,
2372 4072 2486 4125 ἀλλ’
2510 4073 2691 4132 αὐτοῖς
2709 4088 2772 4140 γε
2804 4073 3005 4136 ἐξεῖναι
3026 4073 3187 4125 πάλιν
3211 4072 3247 4126 ἃ
3271 4074 3486 4141 ὀνήσειν
3500 4075 3674 4127 οίεται
3701 4073 3810 4126 ἑλέ-

2244 4162 2677 4223 σθαι.Τοιούτους
2699 4162 2797 4231 μὲν
2813 4159 2963 4216 ὥσπε
2971 4179 3002 4230 ρ
3018 4161 3104 4214 διὰ
3119 4160 3498 4231 προϐολτσμῶν
3520 4160 3660 4230 πρὸς
3676 4162 3813 4213 ὲκεί-

2241 4271 2366 4319 νους
2393 4256 2688 4326 ἐποιήσατο
2715 4259 2838 4318 τοὺς
2854 4254 3062 4321 λόγους
3089 4254 3283 4306 ἐκεῖνοι
3311 4252 3369 4306 δέ
3392 4255 3812 4324 ἀποκρινάμενιι

2244 4349 2319 4409 ὡς
2357 4350 2405 4401 εί
2429 4349 2577 4402 δοκεῖ
2602 4348 2783 4411 αὐτοῖς
2811 4345 3375 4417 συμϐουλευσαμένοις
3393 4345 3675 4416 πέμπουσί
3690 4359 3807 4398 τινα

2246 4445 2324 4505 είς
2339 4443 2435 4512 τὴν
2450 4444 2573 4493 ὑστε
2585 4441 2758 4512 ραίαν,
2776 4440 3051 4511 πέμπουσι
3064 4440 3376 4511 Ῥιτζαρδὸν
3391 4441 3482 4493 τὸν
3497 4440 3547 4492 Ν
3554 4439 3810 4510 ικηφόρου

2248 4530 2593 4600 παιδαγωγὸν
2618 4530 3041 4600 ἐπιφανέστερόν
3068 4547 3127 4583 τε
3174 4533 3268 4584 καὶ
3294 4528 3660 4601 συνετώτερον
3707 4528 3809 4581 τῶν

2245 4622 2420 4676 ἄλλων
2441 4622 2568 4675 ὄντα
2584 4635 2599 4650 ⁸
2625 4625 3006 4676 καταστάντων
3021 4622 3076 4675 δὲ
3103 4622 3180 4684 είς
3203 4621 3412 4690 λόγους,
3437 4622 3663 4675 τοιαῦτα
3687 4621 3811 4691 πρὸς

2246 4714 2411 4767 αὐτὸν
2442 4717 2469 4767 ὁ
2510 4713 2683 4783 μέγας
2712 4713 3030 4782 δομέστικος
3058 4714 3326 4782 διειλέχθη
3355 4730 3369 4743 ·
3397 4713 3606 4767 Οὐδένα
3636 4714 3811 4783 οἴομαι

2244 4805 2351 4859 τῶν
2386 4806 2605 4857 πάντων
2633 4805 2681 4856 εἰ
2722 4804 2796 4874 μὴ
2826 4804 3140 4857 παντάπασι
3174 4805 3548 4873 ἀπεστέρηται
3581 4804 3813 4872 φρενῶν,

2248 4897 2323 4967 μὴ
2344 4897 2482 4968 πρός
2505 4914 2554 4949 τι
2580 4897 2728 4959 τέλος
2761 4896 3137 4949 ἀποὸλέποντα
3156 4894 3462 4965 ὁτῳδήποτε
3493 4897 3810 4965 ἐπιχειρεῖν.

2243 4984 2472 5057 Διδ’τήν
2498 5005 2559 5040 τε
2594 4986 2933 5041 ἀποστασίαν
2977 4988 3195 5058 πρῶτον
3239 4987 3337 5039 καὶ
3370 4985 3471 5055 τὴν
3495 4986 3591 5040 ἐπὶ
3621 4990 3687 5056 τῇ
3727 5001 3817 5037 πο-

2246 5077 2470 5149 λιορκίᾳ
2507 5078 2604 5132 νῦν
2630 5078 2894 5132 δοκοῦσαν
2933 5077 3341 5147 μεγαλοψυχίαν
3384 5079 3487 5130 οὐκ
3530 5076 3696 5132 ἄλλον
3725 5092 3815 5129 του

2246 5171 2414 5225 ἕνεκα
2431 5172 2647 5226 ἐλέσθαι
2670 5174 2812 5243 ὑμᾶς
2848 5173 3052 5241 νομίζω
3078 5171 3110 5241 ἢ
3132 5171 3275 5224 ὥστε
3294 5169 3597 5241 Νικηφόρῳ
3627 5170 3706 5239 τῷ
3727 5169 3818 5222 τοῦ

2249 5266 2511 5321 δεσπότου
2547 5268 2698 5321 παιδὶ
2727 5270 2806 5330 είς
2857 5267 2957 5337 τὴν
2994 5269 3190 5338 ἀρχὴν,
3224 5268 3319 5321 καὶ
3346 5268 3475 5337 ὑμῖν
3502 5266 3692 5328 αὐτοῖς
3741 5266 3820 5326 είς

2257 5363 2568 5433 εὐπραγίαν
2593 5359 2862 5430 ὠφέλειάν
2904 5375 3027 5413 τινα
3076 5359 3451 5430 ἐργάσασθαι·
3489 5358 3819 5431 σκεψώμεθα

1833 5485 1970 5547 186(
1992 5488 2050 5550 bi
2074 5484 2337 5555 Pontiani
2369 5497 2556 5551 notua.

636 5601 748 5679 (70)
786 5602 863 5658 De
908 5603 1106 5679 polypo
1137 5602 1253 5660 haec
1302 5604 1544 5679 Plinius.»
1582 5608 1680 5661 lib.
1733 5624 1804 5674 Ix,
1848 5627 1968 5679 cap.
2013 5612 2082 5666 29
2135 5629 2152 5667 :

566 5673 1095 5755 Polyporumpmuﬂq
1112 5677 1545 5755 genera;_t_errcui
1564 5673 1809 5755 maiores.
1830 5673 1986 5750 quem
2007 5683 2154 5752 pela-

568 5744 860 5813 gii,onmea
895 5744 1120 5798 brachiis
1146 5755 1201 5813 ut
1248 5748 1462 5816 pedibus
1528 5764 1589 5799 oc
1620 5744 1861 5803 matribus
1894 5744 2152 5821 utuntur:

2260 5614 2431 5668 cauda
2450 5629 2527 5667 vei
2540 5629 2569 5666 ο
2589 5627 2705 5682 qua:
2720 5619 2794 5665 est
2812 5607 3543 5682 bisulca,el_acula,in_coitu.
3567 5604 3823 5682 Ceterum

2269 5701 2363 5753 per
2380 5676 2756 5738 brachia'velut
2779 5680 3068 5753 acetabulis
3083 5679 3334 5753 dispersis
3362 5678 3559 5753 haustu
3587 5676 3816 5746 quodam

2262 5745 2644 5814 acilia-reseruat,
2663 5759 2837 5807 leuent
2866 5750 3066 5813 supini,
3084 5756 3138 5803 ut
3154 5745 3311 5803 evelli
3332 5762 3434 5803 non
3459 5745 3681 5817 queant,
3706 5756 3814 5801 etc.
