4122 6296
496 292 606 356 655

1676 290 2001 352 JOANNIS
2041 284 2571 353 CANTACUZENI

3628 279 3745 351 ess

498 425 597 464 sua
654 415 734 463 tot
782 404 1026 460 maculas
1082 402 1419 472 quotidianis
1489 404 1798 458 actionibus
1856 406 2077 460 inustas

2184 404 2271 468 ξεν
2315 406 2397 467 εἰς
2459 403 2641 465 αὐτὸν,
2673 402 2768 456 καὶ
2827 401 2925 454 νῦν
2982 402 3181 463 ἐδεῖτο,
3216 401 3323 455 τῶν
3376 401 3476 472 μὲν
3528 404 3764 473 ἐτησίων

490 490 681 567 cluat;
739 508 795 553 et
843 497 986 552 hanc
1030 512 1193 551 unam
1240 512 1462 551 causam
1518 497 1876 566 profectionis
1916 497 2079 565 bujus

498 593 601 648 sibi
636 592 934 647 exstitisse.
987 590 1211 660 Magnus
1256 588 1594 643 domesticus
1618 588 1771 641 illum
1797 603 1925 642 vera
1954 602 2079 641 nar-

500 701 621 740 rare
670 685 944 753 opinatus,
990 699 1095 737 nec
1137 697 1198 736 se
1251 682 1303 735 id
1363 671 1783 750 permissurum,
1820 692 1918 733 nec
1952 694 2076 734 cum

502 779 834 847 imperatore
887 790 1053 843 super
1121 789 1186 828 ea
1242 788 1300 827 re
1343 774 1658 827 locuturum
1712 774 2073 827 asseveravit.

496 867 860 938 Apocauchus
939 880 1155 920 rursum
1216 879 1280 920 ac
1329 865 1529 934 saepius
1581 864 1865 928 accedere,
1929 863 2074 918 idem

499 960 763 1030 ﬂagitare,
799 968 854 1012 et
882 958 1071 1028 jurare
1129 971 1189 1011 se
1223 971 1289 1010 ex
1340 955 1523 1009 animo
1566 963 1753 1025 petere
1777 998 1791 1021 ,
1822 954 1983 1025 325
2007 954 2077 1008 si-

498 1048 661 1116 bique
699 1057 805 1099 tam
837 1044 1156 1115 frugiferum
1189 1044 1329 1097 nihil
1355 1059 1513 1113 posse
1544 1045 1883 1114 centingere,
1910 1059 2073 1112 quam

435 1128 446 1150 ⁵
496 1154 527 1191 a
562 1136 768 1191 ntundo
796 1140 1051 1190 secedere
1077 1134 1186 1203 (71)
1216 1151 1228 1188 :
1263 1149 1366 1189 nec
1396 1142 1707 1203 susceptam
1732 1132 2073 1187 voluntatem

496 1229 911 1300 depositurum,
953 1241 1062 1296 quo
1114 1240 1202 1279 res
1255 1240 1473 1295 cunque
1532 1224 1815 1280 ceciderit.
1872 1222 2075 1280 Orabat

495 1319 665 1391 igitur
697 1317 1036 1388 suppliciter,
1070 1323 1130 1369 ut
1169 1315 1236 1370 ad
1281 1317 1453 1370 multa
1486 1316 1541 1370 in
1570 1330 1628 1370 se
1659 1314 1940 1370 benefacta
1968 1313 2073 1368 hoc

497 1422 836 1481 postremum
911 1409 1148 1480 adjicere
1179 1424 1249 1463 ne
1334 1418 1673 1479 gravaretur.
1733 1408 1918 1477 Itaque
1984 1406 2074 1460 ille

497 1504 721 1573 quidem
782 1501 967 1568 serio,
1026 1510 1084 1555 ut
1166 1500 1492 1567 videbatur,
1542 1502 1647 1556 hoc
1719 1500 2069 1570 efﬂagitabat.

498 1596 723 1666 Magnus
749 1604 931 1648 autem
962 1594 1299 1648 domesticus
1323 1608 1637 1662 quanquam
1661 1593 1725 1647 de
1756 1593 1863 1646 isto
1892 1606 2074 1645 seces-

496 1703 559 1739 su
596 1685 787 1738 dolens
832 1694 887 1739 et
928 1684 1123 1737 anxius
1157 1684 1347 1747 animi,
1384 1692 1562 1737 tamen
1594 1683 1719 1752 quia
1752 1683 2068 1752 petitionem

494 1778 718 1831 videbat
742 1777 1005 1830 momenti
1044 1774 1284 1837 maximi,
1315 1790 1435 1830 cam
1469 1774 1785 1844 imperatori
1810 1775 2072 1844 exponit:

495 1883 658 1935 quem
705 1867 948 1935 suspicio
1000 1881 1128 1957 ve?
1173 1865 1422 1929 incessit,
1474 1881 1587 1919 rem
1648 1881 1757 1919 non
1789 1865 1861 1917 ita
1889 1879 1949 1920 se
1982 1865 2076 1917 ha-

496 1961 649 2023 bere,
691 1957 785 2011 sed
828 1958 930 2010 alia
978 1954 1233 2025 quapiam
1271 1960 1335 2011 de
1368 1972 1528 2011 causa
1560 1955 1910 2024 totumfingi.
1946 1954 2080 2008 Pro-

498 2053 625 2104 inde
658 2048 843 2102 mirari
885 2063 942 2102 se
974 2047 1113 2101 dixit
1147 2062 1402 2126 magnum
1427 2047 1813 2109 domesticum,
1838 2046 1882 2100 si
1914 2043 2074 2099 fidem

498 2142 671 2211 possit
703 2140 968 2194 tribuere.
1013 2141 1133 2204 Quo
1180 2148 1557 2206 asseverante,
1604 2152 1729 2193 esse
1776 2137 1936 2192 aliter
1964 2149 2075 2190 non

408 2302 413 2305 ‘
497 2250 680 2306 pnssc,
729 2234 870 2303 Ergo
923 2241 1002 2296 tu,
1063 2232 1273 2301 inquit;
1322 2230 1652 2299 pericliteris
1701 2230 1885 2292 velint,
1915 2228 2077 2300 eique

497 2324 673 2388 dicas,
707 2337 816 2376 non
864 2320 1247 2391 probaturum,
1279 2320 1373 2374 sed
1432 2321 1660 2374 moleste
1710 2319 1945 2373 laturum
1975 2332 2075 2387 po-

499 2415 605 2467 tius
663 2414 1075 2482 imperatorem,
1111 2413 1154 2465 si
1196 2427 1222 2463 a
1258 2412 1366 2463 vita
1400 2409 1677 2463 communi
1737 2423 1796 2463 se
1823 2422 2076 2462 remove-

499 2507 592 2560 rit.
636 2505 1024 2560 Verumtamen
1056 2518 1124 2555 ue
1166 2517 1279 2555 rem
1313 2501 1448 2554 adeo
1507 2500 1815 2565 honestam,
1857 2497 2078 2569 Deoque

499 2595 791 2648 amabilem
843 2592 1203 2663 impediendo~
1247 2591 1579 2645 videaturei
1630 2589 1775 2644 bona
1805 2588 2074 2654 invidere,
2131 2600 2151 2612 '

499 2706 607 2745 non
635 2699 1090 2759 repugnaturum.
1138 2687 1258 2742 Non
1303 2702 1441 2756 opus
1471 2696 1579 2751 est,
1612 2687 1811 2756 excipit
1848 2702 2080 2755 magnus

498 2782 857 2844 domesticus,
895 2779 1141 2834 tentandi
1186 2777 1358 2847 gratia
1410 2778 1526 2832 haec
1574 2778 1624 2831 ei
1657 2777 1879 2843 dicere;
1916 2777 2079 2832 simul

500 2874 645 2927 eiiitu
685 2886 1010 2941 responsum
1061 2870 1271 2936 audiet,
1306 2869 1571 2924 \‘aledicct
1601 2885 1665 2924 ac
1697 2870 1947 2935 secedet;
1981 2869 2077 2926 sed

500 2964 705 3034 potius,
740 2963 787 3014 si
824 2960 954 3031 quid
986 2975 1052 3015 eo
1089 2968 1263 3030 egeat,
1298 2970 1481 3029 cospto
1505 2960 1931 3029 prohibendum.
1972 2960 2078 3015 lm-

500 3053 956 3127 peratorjterato
994 3051 1153 3121 jubet
1195 3051 1385 3105 eadem
1418 3051 1561 3115 dici;
1604 3067 1726 3105 nam
1761 3052 2077 3108 audientem
2106 3084 2155 3149 ο

499 3146 636 3209 fore,
661 3158 715 3199 et
766 3145 820 3198 in
876 3152 1020 3197 statu
1065 3143 1250 3212 priore
1283 3142 1664 3211 perstiturum.
1699 3143 1860 3198 Paret
1888 3142 2077 3198 dtime-

501 3239 709 3301 sticus;
747 3234 1091 3303 imperatoris
1143 3249 1469 3304 responsum
1521 3227 2082 3305 Apocaueliorenun-

504 3331 617 3382 ti..t.
682 3327 786 3393 Qui
852 3340 957 3380 nec
1021 3335 1194 3380 toturn
1246 3325 1470 3396 quidem
1533 3324 1725 3380 audire
1781 3324 2079 3391 sustinens,

503 3429 696 3487 putare
754 3433 812 3471 se
866 3416 964 3479 ait,
1019 3431 1297 3471 secessum
1350 3431 1511 3470 suum
1563 3417 1882 3485 imperatori
1916 3417 2082 3472 etiam

505 3519 671 3576 atque
724 3507 888 3560 etiam
923 3506 1225 3577 jucundum
1265 3507 1536 3573 aecidcre,
1566 3509 1796 3579 ejusque
1855 3510 2083 3562 faculta-

506 3614 613 3657 tem
644 3599 1008 3655 libentissime
1047 3599 1354 3670 concedere
1393 3617 1405 3654 :
1439 3600 1567 3668 quia
1600 3616 1731 3654 vero
1758 3600 1860 3670 ipsi
1892 3602 2083 3663 domc:

506 3693 647 3745 stico
701 3690 1043 3760 displiceret,
1096 3704 1205 3743 non
1254 3705 1313 3745 se
1345 3689 1638 3745 facturum.
1663 3690 1714 3744 is
1748 3691 1931 3745 verbis
1963 3694 2083 3763 ejus

506 3792 667 3837 antea
713 3797 773 3836 se
820 3780 1303 3850 circumscriptum
1351 3780 1519 3836 fuisse
1547 3780 1881 3851 intelligens,
1915 3781 2087 3851 impe-

506 3873 673 3927 ratori
713 3870 1063 3943 jocaitundus
1145 3869 1278 3940 quid
1337 3871 1428 3925 ille
1477 3869 1825 3939 responderit
1875 3881 2081 3924 narrat.

503 3963 659 4019 Unde
692 3978 804 4016 non
833 3959 1189 4015 mediocriter
1215 3960 1521 4015 deleCtatus
1543 3960 1864 4030 imperator,
1897 3959 2085 4013 dome—

504 4058 646 4111 stico
678 4072 773 4124 per
796 4055 987 4110 ludum
1017 4097 1033 4123 ,
1070 4056 1272 4127 Saltem
1308 4050 1456 4111 nime
1518 4058 1732 4123 credes,
1764 4055 1961 4126 inquit,
1998 4071 2085 4112 me

504 4149 852 4205 solertiorem
902 4163 1024 4203 esse
1074 4157 1145 4215 te,
1179 4149 1466 4218 magisque
1501 4163 1669 4203 nosse
1695 4163 1763 4202 cx
1797 4147 2084 4202 hominum

503 4240 690 4296 verbis
722 4256 909 4294 eorum
944 4255 1107 4295 sensa
1137 4240 1435 4308 conjicere.
1465 4239 1605 4293 Tum
1648 4239 2007 4304 domesticus,
2030 4250 2085 4295 et

500 4329 827 4401 jampridem
874 4328 1200 4393 credidisse,
1240 4343 1344 4383 nec
1383 4328 1459 4383 ita
1488 4328 1759 4383 excellere
1794 4328 1969 4399 ipsum
1990 4328 2083 4399 ju-

2184 495 2485 567 προσόδων,
2544 494 2610 557 ἃς
2682 495 2843 558 αὐτὸς
2917 495 3253 565 καρποῦται,
3313 493 3583 564 βασιλέως
3652 514 3762 548 πα-

2185 587 2479 657 ρασχόντος
2515 585 2888 656 κληρονόμους
2937 580 3078 638 εἶναι
3141 586 3340 647 παῖδας
3392 586 3522 648 τοὺς
3569 586 3760 641 αὐτοῦ.

2179 681 2354 733 Αὐτὸν
2384 680 2440 733 δὲ
2473 678 2659 741 ἀδείας
2686 679 2919 748 τυχόντα
2946 679 3010 730 ὲκ
3040 676 3329 746 βασιλέως,
3356 679 3763 749 φροντιστηρίῳ

2180 764 2523 841 προσελθεῖν,
2580 773 2718 824 πᾶσι
2765 772 2880 832 τοῖς
2931 767 3028 821 τοῦ
3082 765 3201 838 βίον
3259 768 3471 837 χαίρειν
3515 770 3759 822 ἀπόντα⁸

2182 862 2308 933 μίαν
2338 863 2396 915 δὲ
2440 864 2765 931 ποιούμενον
2790 852 3071 930 φροντίδα,
3108 860 3171 913 τὸ
3212 860 3312 930 τήν
3346 859 3528 929 ψυχὴν
3560 861 3626 913 ὲκ
3652 860 3764 912 τῶν

2179 948 2394 1006 πολλῶν
2443 952 2679 1021 κηλίδων
2742 951 2809 1014 ἀς
2871 951 3010 1020 αὐτῇ
3067 949 3473 1020 προσετρίψατο
3531 950 3596 1003 ἐκ
3653 950 3765 1002 τῶν

2178 1045 2523 1114 πραγμάτων
2550 1044 2880 1113 ἐκκαθᾶραι.
2906 1043 2999 1105 Είς
3028 1042 3190 1095 τοῦτο
3222 1042 3332 1112 γὰρ
3360 1042 3425 1094 ἐκ
3457 1040 3763 1105 Βυζαντίου

2174 1137 2366 1207 ἥκεινο
2396 1123 2673 1205 ρῦδεμίαν
2726 1135 2922 1204 ἑτέραν
2972 1132 3073 1201 τῆς
3095 1131 3389 1203 ἐπιδημίας
3438 1131 3633 1202 ἔχοντα
3680 1132 3766 1184 αἰ⁴

2175 1227 2315 1282 τίαν.
2360 1226 2419 1279 '0
2471 1226 2647 1296 μέγας
2704 1225 2805 1293 μὲν
2863 1219 2957 1278 οὖν
3006 1222 3335 1292 δομέστικος
3391 1223 3644 1292 οἰόμενος
3695 1223 3765 1276 τὰ

2175 1318 2442 1388 εἰρημένα
2498 1315 2640 1372 εἶναι
2697 1316 2898 1385 ἀληθῆ,
2935 1314 3101 1377 αὐτός
3148 1331 3209 1367 τε
3269 1314 3514 1382 ἔφασκεν
3562 1314 3662 1367 οὐκ
3698 1315 3764 1368 ἂν

2174 1408 2450 1473 ἐνδώσειν,
2491 1409 2627 1476 μήτε
2656 1405 2870 1475 βασιλεῖ
2898 1405 3029 1473 περὶ
3076 1402 3271 1458 τούτου
3296 1402 3665 1467 διαλέξεσθαι.
3708 1405 3765 1457 '0

2174 1498 2231 1553 δὲ
2265 1496 2426 1561 αὖθις
2452 1499 2545 1551 καὶ
2600 1497 2864 1560 πολλάκις
2907 1495 3245 1564 προσελθὼν,
3286 1497 3456 1550 ἐδεῖτο
3494 1496 3626 1566 περὶ
3657 1496 3766 1549 τῶν

2174 1590 2389 1652 αὐτῶν,
2454 1592 2546 1642 καὶ
2595 1591 2793 1658 ὅρκους
2849 1587 3165 1655 προσετίθει
3218 1588 3294 1652 ὡς
3349 1589 3411 1641 οὐ
3467 1589 3765 1642 πλάττεται

2177 1686 2278 1755 τὴν
2308 1685 2528 1755 αἴτησιν
2553 1700 2568 1716 ·
2601 1683 2741 1736 ἀλλὰ
2801 1680 3086 1754 προῦργου
3116 1682 3321 1745 παντὸς
3373 1682 3523 1752 αὐτῷ
3554 1684 3587 1753 ή
3636 1686 3763 1735 ἁνα-

2183 1779 2428 1847 χώρησις
2455 1775 2548 1835 τοῦ
2597 1775 2829 1844 κόσμου,
2854 1776 2949 1827 καὶ
2983 1774 3057 1836 ὡς
3086 1773 3199 1826 οὐδ’
3249 1775 3317 1827 ἂν
3360 1774 3415 1826 εῐ
3455 1791 3508 1826 τι
3556 1773 3766 1840 γένοιτο

2187 1870 2483 1939 μεταϐάλοι
2529 1869 2628 1937 τῆς
2683 1868 3017 1938 προθέσεως.
3046 1867 3137 1920 Διδ
3188 1868 3285 1920 καὶ
3315 1867 3521 1936 ταύτην
3552 1868 3763 1920 ἱκέτευε

2182 1956 2503 2010 τελευταίαν
2541 1954 2868 2024 εὐεργεσίαν
2903 1954 3226 2031 καταθεῖναι
3256 1954 3350 2007 ἐπὶ
3393 1954 3621 2018 πολλαῖς
3650 1958 3769 2018 ταῖς

2184 2046 2453 2117 πρότερον
2504 2045 2931 2116 γεγενημέναις..
2986 2046 3046 2100 '0
3095 2046 3197 2116 μὲν
3239 2041 3333 2100 οὖν
3357 2046 3586 2101 τοιαῦτα
3627 2042 3766 2117 me

2186 2140 2431 2210 σπουδῆς
2459 2140 2631 2192 ἐδεῖτο
2662 2140 2737 2202 ὡς
2765 2139 2963 2193 ἐδόκει.
3007 2138 3069 2190 Ὃ
3107 2139 3286 2208 μέγας
3320 2138 3380 2191 δὲ
3410 2138 3761 2208 δομὲστικος,

2184 2218 2367 2301 ἀλγῶν
2396 2232 2502 2300 μὲν
2527 2231 2623 2284 καὶ
2651 2230 2751 2301 τὴν
2783 2230 2964 2300 ψυχὴν
3000 2230 3333 2300 δακνόμενος
3356 2230 3450 2284 ἐπὶ
3476 2233 3542 2301 τῇ
3577 2230 3765 2291 τούτου

2185 2323 2562 2394 ἀναχωρήσει,
2597 2322 2746 2394 ὅμως
2771 2322 2829 2375 δὲ
2854 2322 3166 2390 ἀναγκαίαν
3186 2356 3189 2357 ν
3209 2321 3307 2393 τήν
3332 2323 3553 2391 αίτησιν
3594 2320 3764 2393 ὁρῶν,

2184 2414 2499 2485 ἀπήγγελλε
2546 2404 2762 2484 βασιλεῖ
2804 2415 2907 2468 ὅσα
2952 2416 2981 2467 ὀ
3015 2412 3517 2485 παρακοιμώμενος
3564 2413 3761 2467 ἐδεῖτο.

2185 2508 2448 2570 Βασιλεὺς
2474 2504 2532 2560 δὲ
2571 2506 2920 2568 ὑποπτεύσας
2955 2506 3091 2574 ὅπερ
3130 2501 3221 2578 ἦν,
3250 2506 3326 2569 ὡς
3351 2506 3457 2560 οὐκ
3481 2504 3656 2575 ἀληθῆ
3687 2504 3756 2556 τὰ

2185 2595 2473 2664 εἰρημένα,
2500 2593 2635 2646 ἁλλά
2655 2611 2797 2655 τινος
2817 2594 2980 2647 ἕνεκα
3009 2594 3190 2657 αίτίας
3222 2594 3518 2648 πλάττεται
3546 2594 3767 2664 ἑτέρας,

2186 2686 2489 2757 θαυμάζειν
2531 2687 2684 2753 ἔλεγε
2732 2687 2808 2757 τῷ
2866 2687 3088 2757 μεγάλῳ
3138 2688 3473 2759 δομεστίκῳ.
3503 2690 3556 2741 εί
3594 2686 3764 2741 ταῦτα

2182 2779 2353 2842 ὅντως
2400 2777 2572 2831 οἴεται
2621 2775 2761 2847 είνᾳι
2802 2778 3004 2848 ἀληθῆ.
3038 2777 3147 2832 Τοῦ
3182 2778 3241 2831 δὲ
3293 2777 3762 2850 διϊσχυριζσμέτου

2189 2869 2266 2940 μὴ
2307 2870 2373 2923 ἂν
2423 2869 2598 2935 άλλως
2648 2870 2816 2940 ἔχειν,
2850 2868 3084 2933 Οὐκοῦν,
3117 2870 3264 2941 αὐτῷ
3313 2871 3541 2941 ἔφασκε,
3574 2870 3764 2941 πείρας

2184 2961 2349 3015 ἕνεκα
2406 2960 2615 3033 φράσον
2671 2960 2745 3025 ὡς
2802 2960 3019 3031 βασιλεῖ
3076 2961 3180 3033 μὲν
3216 2963 3317 3015 οὐκ
3363 2963 3430 3016 ἂν
3486 2962 3573 3033 εἴη
3624 2962 3760 3014 κατά

2186 3050 2434 3123 γνώμην,
2484 3051 2619 3104 ἀλλὰ
2662 3053 2754 3103 καὶ
2820 3053 3037 3121 ἄχθοιτο
3089 3052 3313 3122 μᾶλλον,
3340 3052 3434 3106 τοῦ
3498 3053 3611 3122 βίου
3670 3052 3760 3104 σοῦ

2183 3143 2612 3214 ἀναχωροῦντος.
2652 3143 2741 3205 Ὡς
2776 3142 2840 3196 ἂν
2869 3142 2925 3195 δὲ
2955 3143 3029 3215 μὴ
3065 3143 3392 3215 πράγματος
3420 3144 3563 3196 οὕτω
3598 3144 3760 3195 καλοῦ

2185 3238 2279 3289 καὶ
2316 3232 2600 3304 θεοφιλοῦς
2622 3234 2853 3305 κώλυμα
2878 3236 3041 3300 αὐτὸς
3068 3236 3256 3305 ὀφθεὶς
3292 3237 3417 3309 δοκῇ
3446 3236 3764 3307 βασκαίνειν

2184 3328 2294 3388 τοῖς
2319 3325 2527 3389 καλοῖς,
2564 3325 2863 3381 ἐνδίδωσιν.
2911 3325 2971 3379 Ὀ
3002 3327 3175 3397 μέγας
3220 3325 3278 3380 δὲ
3308 3327 3656 3397 δομέστικος,
3688 3328 3761 3398 μὴ

2187 3417 2382 3487 πείρας
2416 3417 2581 3469 ἕνεκα
2624 3417 2853 3470 τοιαῦτα
2896 3416 3077 3485 λέγειν
3108 3416 3316 3487 ἔφασκε
3357 3418 3476 3471 δέον
3500 3434 3514 3447 ·
3551 3418 3625 3478 ώς
3668 3419 3764 3471 οὐκ

2185 3510 2249 3565 ἂν
2280 3510 2473 3580 φθάνοι
2501 3508 2597 3580 τὴν
2624 3509 2924 3575 ἀπολογίαν
2953 3508 3214 3581 εἰληφὼς,
3237 3512 3333 3564 καὶ
3362 3511 3768 3603 συνταξάμενος

2184 3603 2566 3673 ἀναχωρήσει’
2600 3600 2739 3654 ἀλλά
2798 3601 3001 3671 μᾶλλον
3036 3601 3092 3654 εί
3128 3619 3178 3654 τι
3223 3603 3398 3657 δέοιτο
3437 3600 3627 3673 αὐτοῦ,
3659 3622 3767 3658 κω-

2186 3694 2353 3748 λύειν.
2403 3694 2670 3756 Βασιλεὺς
2710 3692 2766 3748 δὲ
2818 3695 2913 3748 καὶ
2942 3691 3098 3759 αὖθις
3138 3696 3345 3766 ἔφασκε
3390 3700 3458 3751 τά
3507 3714 3770 3770 προειρη-

2190 3787 2325 3855 μένα
2354 3785 2538 3853 λέγειν
2566 3786 2701 3855 πρὸς
2733 3787 2919 3842 αὐτόν.
2954 3788 3064 3839 Καὶ
3093 3789 3204 3858 γὰρ
3231 3787 3525 3841 ἀκούσεταί
3552 3807 3612 3841 τε
3660 3789 3768 3843 τῶν

2185 3877 2381 3944 λόγων,
2414 3876 2505 3929 καὶ
2570 3879 2721 3946 μενεῖ
2776 3878 2868 3930 ἐπὶ
2924 3880 3040 3941 τοῖς
3087 3880 3379 3949 πρότερον.
3422 3880 3480 3931 'O
3532 3881 3633 3949 μὲν
3676 3876 3767 3932 οὖν

2184 3967 2437 4020 ἐπείθετό
2458 3983 2517 4018 τε
2548 3966 2800 4037 βασιλεῖ’
2833 3968 2932 4021 καὶ
2962 3969 3447 4041 παρακοιμωμένῳ
3476 3970 3771 4040 ἐξήγγελλε

2184 4060 2308 4121 τοὺς
2328 4056 2591 4128 βασιλέως
2608 4057 2822 4127 λόγους.
2847 4058 2906 4111 '0
2924 4059 2980 4112 δι
3000 4059 3133 4129 μηδὲ
3157 4061 3309 4126 ὅλους
3326 4063 3513 4132 σχεδὸν
3535 4064 3767 4117 ἀκοῦσαι

2186 4147 2503 4220 ἀναμείνας,
2537 4149 2742 4203 οἴεσθαι
2795 4149 3003 4218 ἔφασκε
3063 4152 3300 4219 μάλιστα
3349 4153 3494 4206 κατά
3544 4156 3773 4225 γνώμην

2186 4237 2332 4296 εἶναι
2377 4242 2589 4312 βασιλεῖ
2637 4242 2735 4314 τὴν
2752 4225 2970 4297 ’ἐκείνου
2995 4247 3348 4317 ἀναχώρησιν
3383 4248 3479 4300 καὶ
3508 4249 3610 4322 ὅλῃ
3643 4266 3773 4320 προ-

2190 4335 2339 4387 θέσει
2360 4334 2715 4405 ἐπιτρέπεινο
2754 4337 2876 4388 ἐπεὶ
2902 4335 2959 4388 δὲ
3000 4337 3060 4389 οὐ
3087 4337 3240 4406 φίλον
3268 4337 3441 4408 αὐτῷ,
3468 4340 3581 4392 οὐδ’
3610 4343 3773 4394 αὑτὸν

504 4420 674 4483 dicio,
719 4435 777 4474 υι
825 4418 1053 4483 lateret;
1099 4426 1322 4472 etnunc
1358 4417 1594 4472 maxime
1634 4417 1911 4482 confiteri,
1944 4420 2082 4473 scab

2198 4428 2467 4497 ποιήσειν.
2508 4426 2567 4478 '0
2595 4426 2695 4495 μὲν
2737 4422 2830 4480 οὖν
2864 4428 2939 4490 ὡς
2966 4429 3059 4481 ἐπὶ
3084 4432 3197 4490 τοῖς
3242 4431 3511 4502 πρότερον
3545 4432 3773 4502 λεγομὲ·

511 4528 579 4566 eo
633 4509 976 4580 intelligendi
1008 4508 1302 4579 prudentia
1354 4510 1514 4579 longe
1544 4507 1748 4563 victum
1787 4524 1929 4564 esse.
1963 4509 2093 4579 Hice

2201 4533 2312 4580 νοις
2388 4515 2703 4585 ἐξηπατᾶτο
2764 4520 2998 4586 συνιεὶς,
3052 4518 3268 4589 βασιλεί
3308 4566 3311 4567 ν
3348 4522 3487 4591 μετὰ
3559 4524 3774 4585 παιδιᾶς

512 4603 590 4658 illi
646 4603 793 4657 inter
834 4618 895 4657 se
939 4603 1212 4673 jocantcs.
1271 4601 1631 4672 Apocaucbus
1682 4602 1873 4672 paucis
1901 4601 2082 4658 diebu:

2197 4607 2537 4678 προσελθὼν,
2593 4610 2941 4681 ἀπήγγελλεν
3013 4613 3115 4666 ὅσα
3179 4615 3208 4664 ὀ
3276 4615 3773 4685 παρακοιμώμενος

512 4695 841 4765 intcrjcctis,
866 4694 1049 4749 denuo
1078 4710 1334 4763 magnum
1356 4692 1717 4747 domesticum
1740 4694 2093 4757 conveniens,

2195 4696 2541 4769 ἀποκριθείη.
2591 4696 2814 4753 Βασιλεῖ
2851 4700 2908 4754 δὲ
2972 4701 3257 4773 διατριϐήν
3310 4721 3369 4757 τε
3434 4705 3496 4758 οὐ
3545 4705 3773 4777 μετρίαν

514 4786 723 4839 mundo
747 4784 971 4854 penitus
999 4789 1252 4839 nuntium
1285 4784 1570 4839 remittere
1594 4801 1705 4840 non
1739 4786 1845 4841 sibi
1876 4785 2082 4840 licuisse

2194 4789 2536 4860 παρέσχοντο
2585 4793 2635 4843 οἱ
2682 4790 2856 4858 λόγοι,
2911 4791 3006 4846 καὶ
3055 4795 3134 4864 τῷ
3192 4796 3419 4866 μεγάλῳ
3469 4798 3779 4869 δομεστίκῳ,

505 4878 666 4941 dixit,
728 4878 1081 4947 quantumvis
1153 4878 1207 4931 id
1264 4878 1652 4934 ardentissime
1725 4878 2092 4949 cupivisset:

2198 4881 2410 4946 παίζων
2452 4882 2661 4951 ἔλεγεν,
2697 4884 2773 4947 ὡς
2821 4882 2918 4939 νῦν
2953 4885 3087 4953 γοῦν
3123 4887 3190 4942 ἂν
3216 4891 3494 4960 πεισθείη,
3520 4892 3774 4964 ὀξύτερόν

507 4986 701 5024 verum
756 4969 1077 5036 secundam,
1128 4970 1274 5039 quod
1328 4972 1504 5037 aiunt,
1536 4970 1940 5041 navigationem
1986 4971 2082 5026 sibi

2193 4990 2252 5026 τε
2299 4974 2439 5027 νοεῖν
2487 4974 2617 5043 ὄντα
2669 4974 2859 5042 αὑτοῦ,
2910 4978 3004 5031 καὶ
3064 4980 3268 5050 μᾶλλον
3324 4985 3390 5036 ἐκ
3441 4984 3553 5036 τῶν
3601 4984 3775 5054 λόγων

507 5076 826 5126 occurrere,
855 5072 911 5117 ut
944 5061 1139 5118 divisis
1179 5062 1325 5118 inter
1360 5063 1504 5117 filios
1539 5062 1914 5130 facultatibus,
1949 5064 2091 5119 divi-

504 5153 708 5207 tiarnm
760 5154 865 5209 sibi
912 5164 1118 5221 partem
1175 5154 1446 5224 pmiorcm
1496 5155 1751 5218 retineat,
1795 5171 1960 5225 quam
2006 5144 2082 5210 'in

504 5242 708 5297 bellum
764 5240 1044 5297 Persicqu
1087 5242 1354 5297 conferat.
1388 5242 1553 5312 326
1578 5241 1734 5325 .Scis
1793 5245 1961 5308 enim,
1999 5248 2081 5298 in-

505 5332 644 5401 quit,
674 5332 954 5407 quomodo
986 5332 1164 5401 plenis
1196 5331 1465 5387 classibus
1518 5332 1727 5387 insulas
1761 5333 1873 5405 jam
1906 5330 2077 5404 prope

2190 5065 2368 5118 είδότα
2456 5066 2960 5139 καταστοχάζεσθαι
3040 5069 3266 5142 γνώμας
3337 5074 3589 5145 ἀνδρῶν’
3652 5080 3682 5130 ὁ
3731 5076 3775 5127 δ’

2192 5155 2419 5223 ἔφασκε,
2438 5158 2608 5211 πάλαι
2640 5176 2700 5212 τε
2735 5162 3030 5216 πεπεῖσθαι
3058 5164 3181 5216 οὐδὲ
3210 5165 3465 5218 τοσοῦτον
3492 5167 3617 5221 ὅσον
3651 5169 3775 5221 λαν-

2190 5249 2375 5302 θάνειν
2432 5238 2782 5322 διαφέροντα,
2823 5256 2919 5308 καὶ
2963 5256 3058 5310 νῦν
3108 5258 3346 5326 μάλιστα
3388 5260 3675 5330 ὁμολογεῖν
3701 5260 3773 5321 ὡς

2194 5338 2438 5405 άπάσαις
2482 5341 2683 5414 ψήφοις
2735 5344 2900 5397 αὑτοῦ
2946 5347 3139 5417 κρατεί
3183 5348 3319 5419 πρδς
3346 5349 3405 5401 τὸ
3434 5354 3694 5421 φρονεῖν·
3727 5350 3772 5400 οξ

1788 5454 2003 5515 Jacobi
2035 5457 2305 5518 Pontani
2342 5468 2528 5520 notas.

573 5556 688 5626 (Ἠ)
732 5556 905 5639 Istum
966 5571 1247 5612 secessum
1285 5556 1669 5639 ,ἀναχώρησιν
1724 5557 1938 5639 ὲκ..τοῦ
1966 5627 1978 5639 _

2196 5562 2386 5616 mundi
2407 5578 2625 5639 nomen
2661 5565 2835 5620 sacris
2862 5566 3245 5639 scriptoribus,
3269 5569 3474 5635 valeat,
3506 5570 3633 5639 quis
3669 5580 3774 5626 tam

506 5642 683 5705 σμου,
725 5634 780 5679 et
822 5628 885 5677 ἐκ
925 5643 1031 5705 των
1073 5627 1412 5705 πραγμάτων
1465 5627 1593 5681 alibi
1652 5627 1907 5705 appellat.
1965 5627 2082 5681 inde

2195 5647 2376 5698 crassa
2404 5631 2670 5699 Minerva,
2701 5644 2761 5689 ut
2796 5651 2904 5689 non
2937 5627 3201 5705 intelligat
3230 5638 3252 5689 ?

504 5696 876 5764 ἀναχωρηται,
925 5696 991 5749 ad
1048 5696 1300 5761 verbum,
1368 5712 1671 5749 secessui-es.
1722 5697 1862 5761 Quid
1912 5710 2092 5749 autem
