4122 6296
357 369 456 434 fbi

1527 384 2075 447 lll’STORlARUM
2121 388 2187 446 ιι
2206 387 2346 446 llElt
2397 389 2470 447 ll.

3499 384 3607 446 66?.

357 494 556 555 ποιεῖν,
611 490 706 544 σοῦ
755 493 1056 560 κωλύοντος
1117 497 1465 568 ἀπεσχόμην.
1529 503 1664 555 Νυνὶ
1714 505 1773 556 δέ
1837 523 1926 574 μοι

2037 506 2475 562 Thessalonicam
2512 522 2542 559 a
2585 501 2956 560 fundamentis
2999 503 3468 575 Gynaecocastrum
3505 520 3602 572 ap-

355 583 501 636 δοκῶ
527 584 692 652 μηδὲν
716 585 970 654 ἐμποδὼν
991 587 1214 642 ἔσεσθαι
1248 589 1283 644 ἃ
1309 591 1472 655 αὐτὸς
1500 594 1684 663 οἴομαι
1708 595 1929 648 λυσιτε-

355 674 472 727 λεῖν
521 677 716 728 ποιεῖν.
758 676 1019 741 Βασιλεὺς
1064 680 1163 750 μὶν
1209 678 1302 735 οὖν
1345 684 1572 737 τοιαῦτα
1595 681 1749 738 εἶπεν
1777 686 1930 756 όργι-
1977 750 1991 764 ⁸

359 766 607 834 ζόμενος.
652 768 712 819 '0
732 767 778 820 δ’
804 769 984 834 ἐαυτῷ
1036 773 1290 837 συνειδὼς
1336 776 1574 843 μάλιστα
1623 777 1781 844 αίτίῳ
1823 777 1932 830 τῶν

362 860 647 942 παρόντων
685 859 798 912 δντι
850 862 1034 930 (αὐτὸς
1083 862 1193 932 γὰρ
1235 867 1546 938 παρέσχετο
1606 868 1934 940 ’Δποκαύχῳ

327 949 458 1016 .τὴν
499 949 671 1018 ἀρχὴν
701 949 968 1019 βασιλέως
1007 954 1429 1024 ἀντιλέγοντος),
1469 962 1648 1030 σιωπῇ
1681 961 1932 1029 παρῆλθε

362 1041 526 1108 μηδὲν
559 1042 904 1110 ἀποκριθείτ.
929 1044 1192 1108 Βασιλεὺς
1216 1047 1272 1099 δὲ
1294 1049 1424 1118 ἄχρι
1453 1046 1584 1120 ἦρος
1620 1053 1930 1121 ἀρχομένου

357 1131 644 1199 διατρίψας
685 1133 742 1184 ἐν
789 1135 1181 1208 Θεσσαλονίκῃ,
1207 1137 1343 1205 ἄρας
1392 1119 1603 1194 ἐκεῖθεν
1853 1145 1935 1207 είς

360 1222 762 1292 Διδυμότειχσιν,
806 1224 901 1277 καὶ
957 1227 1093 1294 μετά
1144 1231 1346 1296 μικρὸν
1397 1229 1616 1296 ἐγένετο
1647 1233 1704 1282 ἐν
1736 1229 1936 1296 Βυζαν-

359 1312 496 1380 τέῳο
535 1314 885 1384 ὲνδιατρίψας
936 1315 993 1368 δέ
1045 1317 1138 1370 καὶ
1183 1318 1503 1382 Βυζαντίοις
1551 1323 1742 1390 χρόνον
1786 1321 1932 1388 τινὰ,

359 1403 482 1471 οὐχὶ
529 1404 747 1472 συχνὸν,
801 1405 1027 1475 ἔμελλεν
1079 1405 1237 1469 αὖθις
1287 1411 1367 1472 είς
1423 1411 1648 1481 Θρᾴκην
1702 1413 1935 1478 ἐξελθὼν

361 1496 514 1546 πόλιν
545 1498 786 1549 παλαιὰν
814 1500 1284 1571 κατεσκαμμένην
1329 1496 1419 1572 (ἦς
1449 1520 1615 1572 φασιν
1651 1504 1935 1574 Ἀρκάδων

361 1582 498 1638 εἶναι
528 1588 776 1658 οἰκιστὴν
807 1590 899 1641 τὸν
922 1589 1212 1645 Θιοδοσίου
1247 1596 1340 1647 τοῦ
1374 1595 1633 1663 μεγάλου,
1655 1595 1712 1662 ἐξ
1745 1590 1808 1651 οὗ
1842 1598 1937 1651 καὶ⁵

359 1680 460 1745 τὴν
508 1681 884 1748 προσηγορίαν
938 1682 1132 1751 ἔλαχεν
1177 1685 1470 1754 ’Δρκαδίου
1523 1703 1937 1758 προσαγορευο-

363 1769 499 1835 μένη
547 1771 724 1837 πέλις)
760 1771 916 1836 αὖθις
969 1774 1364 1846 ἀνοικοδομεῖν,
1393 1777 1544 1830 ἔστιν
1573 1771 1634 1830 οὗ
1685 1779 1777 1832 καὶ
1805 1779 1934 1848 ἀχρι

2033 601 2290 670 pellalum
2307 599 2632 663 construxit,
2650 607 2705 652 et
2728 598 2921 653 turrim
2947 595 3320 668 magnitudine
3347 596 3605 658 maxima,

2033 700 2198 761 atque
2261 691 2327 745 ad
2373 691 2615 745 hostium
2663 689 2941 744 machinas
2989 686 3340 754 excipiendas
3390 679 3610 741 validis-

2033 781 2226 836 simam
2264 781 2524 850 imposnit
2561 796 2576 838 :
2606 781 2747 834 unde
2789 787 2846 834 et
2876 793 3076 832 nomen
3108 776 3298 831 sortita
3343 784 3444 837 est,
3478 774 3607 844 quia

2033 871 2284 941 quamvis
2324 888 2352 926 a
2421 869 2636 926 feminis
2673 869 2916 932 defensa,
2955 867 3205 937 quemvis
3236 866 3474 920 hostium
3506 867 3609 919 int-

2034 971 2226 1030 petum
2264 962 2500 1014 .elusura
2560 961 2652 1024 sit,
2692 959 2850 1014 Juxta
2912 958 3117 1013 Pheras
3166 955 3605 1010 Siderocas'rum

2033 1055 2310 1117 excitavit,
2355 1062 2412 1107 et
2458 1052 2634 1120 ipsum
2665 1053 2735 1104 ob
2785 1064 3066 1104 murorum
3093 1047 3420 1102 soliditatem
3453 1061 3613 1115 egre-

2035 1145 2178 1214 giam
2207 1143 2287 1198 sic
2327 1144 2692 1197 nominatum.
2728 1141 3099 1211 Amphipolim
3136 1147 3318 1193 autem
3357 1136 3424 1191 ad
3459 1135 3614 1204 Stry-

2036 1249 2256 1290 monem
2307 1234 2534 1288 tlnvinm
2566 1275 2580 1295 ,
2633 1234 2828 1286 urbem
2893 1231 3135 1286 Graecam
3203 1239 3259 1284 et
3317 1237 3612 1288 vetustam,

2035 1327 2222 1382 multis
2275 1325 2478 1380 abhinc
2531 1325 2690 1379 annis
2743 1324 2983 1378 dirutam
3041 1321 3387 1382 instauravit,
3435 1328 3489 1375 et
3547 1333 3614 1372 ex

2036 1417 2269 1472 urbibus
2299 1415 2544 1470 finitimis
2563 1415 2831 1470 coloniam
2861 1429 2925 1468 eo
2943 1412 3188 1468 deduxit.
3207 1411 3347 1476 Quin
3372 1420 3425 1463 et
3451 1409 3612 1462 aliain

2037 1486 2287 1561 Th‘racite
2335 1505 2664 1560 maritimam
2724 1505 2916 1559 urbem
2968 1503 3037 1558 ab
3062 1501 3350 1556 Anastasio
3379 1500 3615 1569 impera-

2039 1604 2180 1660 tore,
2212 1605 2272 1649 ut
2295 1595 2437 1652 fama
2467 1603 2571 1656 est.
2601 1595 2880 1650 conditam
2934 1602 2990 1647 et
3018 1592 3086 1646 ab
3131 1607 3197 1646 eo
3239 1589 3464 1654 dictam,
3498 1599 3612 1641 tum

2037 1697 2220 1741 autem
2260 1687 2594 1740 destructam
2639 1685 2878 1739 restituit
2913 1700 2928 1737 :
2965 1699 3072 1737 non
3117 1691 3282 1737 totam
3319 1679 3462 1734 illam
3487 1681 3612 1749 qui-

2039 1779 2186 1843 dem,
2220 1777 2316 1834 sed
2354 1786 2618 1846 quantum
2665 1775 2862 1844 potuit,
2888 1773 3163 1828 mmnibns
3201 1772 3616 1840 eomplexns,et

359 1859 460 1911 νῦν
516 1862 972 1930 περισωζομένων
1048 1865 1160 1917 τῶν
1226 1867 1444 1938 τειχῶν,
1503 1869 1770 1937 ἀγασθεὶς
1838 1870 1932 1922 τοῦ

2037 1870 2437 1924 Peritheorinm
2485 1868 2815 1938 indigitavit.
2867 1868 3134 1922 Praeterea
3169 1864 3311 1918 haud
3361 1863 3615 1934 procula

359 1951 528 2002 τόπου
559 1951 657 2019 τὴν
683 1953 914 2020 εὐφυΐαν
937 1969 951 1982 ·
989 1950 1057 2025 ἦν
1091 1957 1201 2026 γάρ
1233 1958 1327 2009 καὶ
1357 1957 1486 2026 περὶ
1514 1959 1612 2021 τὰς
1646 1959 1936 2028 οίκοδομάς

363 2041 642 2110 φιλότιμος
669 2046 695 2096 ό
731 2044 1014 2112 βασιλεὺς,
1046 2050 1106 2101 οὑ
1157 2049 1319 2117 μόνον
1365 2050 1556 2119 χρείας
1582 2050 1770 2117 ἕνεκα,
1801 2052 1938 2105 ἀλλά

361 2134 453 2185 καὶ
486 2135 846 2204 ψυχαγωγίας
877 2135 954 2190 ῶν
985 2139 1206 2207 ἕτοιμος
1240 2141 1498 2198 ἀναλοῦν.
1536 2142 1669 2212 Περὶ
1698 2143 1798 2212 μὲν
1828 2145 1936 2215 γὰρ

360 2223 764 2298 θεσσαλονίκην
785 2230 940 2284 οὔπω
976 2235 1244 2302 πρότερον
1273 2231 1334 2284 ὃν
1364 2234 1424 2285 τὸ
1459 2233 1936 2305 Γυναικόκαστρον

361 2322 912 2392 προσαγορευόμενον
938 2323 1172 2392 ἐτείχισε
1199 2362 1215 2388 ,
1250 2325 1346 2376 καὶ
1380 2323 1596 2394 πύργον
1631 2325 1937 2395 ἐπιστήσας

364 2407 590 2476 μεγέθει
630 2427 689 2462 τε
731 2415 994 2481 μέγιστον
1040 2413 1138 2466 καὶ
1189 2413 1609 2484 καρτερώτατον
1655 2417 1934 2485 ἀντισχεῖν

2037 1961 2174 2014 mari
2207 1960 2491 2014 castellum
2535 1960 2882 2029 Dipotamum
2920 1956 3234 2012 aedificavit.
3288 1955 3466 2024 Atque
3502 1957 3618 2008 haec

2034 2052 2218 2106 omnia
2270 2066 2379 2105 non
2425 2050 2615 2120 gloriae
2665 2065 2830 2104 causa
2886 2049 3078 2118 magis,
3110 2063 3273 2118 quam
3306 2046 3530 2108 utloca,
3560 2046 3616 2100 in

2033 2140 2237 2210 quibus
2279 2156 2344 2194 ea
2416 2139 2796 2204 construebat,
2843 2155 3034 2194 secura
3072 2154 3136 2193 ac
3189 2146 3300 2192 tuta
3341 2135 3611 2202 redderet,

2035 2230 2444 2300 Arcadiopolim
2486 2245 2642 2293 vero,
2687 2231 3012 2300 Scytharum
3052 2227 3460 2283 incursionibus
3483 2242 3614 2296 pro-

2029 2322 2286 2378 hibendis
2322 2322 2712 2384 necessariam,
2739 2321 3041 2392 majoribus
3083 2319 3374 2388 impendiis
3405 2319 3617 2372 instauo

2033 2430 2181 2478 rare,
2207 2423 2264 2470 et
2295 2414 2576 2470 nobilibus
2602 2413 2799 2470 incolis
2825 2413 3030 2469 ibidem
3058 2413 3360 2474 collocatis,
3399 2409 3615 2466 felicem

361 2501 496 2568 πρὸς
533 2503 812 2574 πολεμίων
857 2507 1103 2577 μηχανάς
1124 2522 1140 2538 ·
1183 2507 1309 2562 ὅθεν
1339 2507 1494 2578 ἑλαχε
1524 2509 1620 2562 καὶ
1645 2508 1746 2578 τὴν
1796 2525 1931 2578 προ-

2037 2523 2093 2563 ac
2119 2507 2359 2570 beatam,
2413 2513 2470 2561 et
2521 2507 2667 2562 inter
2717 2506 2967 2561 civitates
3022 2503 3270 2558 Thracia:
3307 2502 3613 2558 secundum

362 2593 664 2660 σηγορίαν,
731 2595 806 2658 ὡς
860 2598 956 2650 καὶ
1011 2597 1338 2665 γυναικείας
1411 2597 1580 2669 οῠσης
1644 2600 1926 2669 φρουρᾶς.

2037 2612 2276 2670 magnam
2299 2597 2448 2652 illam
2478 2598 2667 2652 urbem
2685 2597 2846 2666 longe
2862 2593 3400 2665 principem'ellicerc
3419 2590 3612 2647 voluit.

360 2684 626 2750 κρείττων
680 2688 938 2754 ἐσόμενος
968 2689 1236 2752 παντοίας
1283 2690 1564 2760 πολεμίων
1631 2689 1964 2760 προσϐολῆς.
2003 2689 2116 2742 Καὶ
2184 2689 2313 2758 περὶ
2361 2689 2540 2755 Φεράς
2597 2688 2788 2759 ἓτερον
2846 2689 3306 2758 Σιδηρόκαστρον,
3352 2687 3446 2739 καὶ
3485 2687 3618 2740 αὐτὸ

359 2775 451 2867 διὰ
479 2779 586 2829 τῶν
649 2781 851 2850 τειχῶν
919 2783 980 2835 τὸ
1028 2784 1272 2852 εὐπαγὲς
1339 2785 1436 2838 καὶ
1493 2785 1616 2840 λίαν
1665 2785 1862 2856 ὀχυρὸν
1906 2786 2322 2857 ὠνομασμένον.
2372 2784 2704 2855 ’Δμφίπολιν
2750 2783 2809 2836 δὲ
2853 2784 2952 2853 τὴν
2999 2785 3058 2837 ἐν
3111 2783 3426 2854 Στρυμμὸνι
3459 2781 3618 2837 πόλιν

390 2869 657 2939 Ελληνίδα
688 2874 929 2927 παλαιὰν
988 2876 1052 2929 ἐκ
1084 2875 1296 2929 πολλῶν
1357 2876 1496 2929 ἐτῶν
1535 2879 2000 2950 κατεσκαμμένην
2038 2874 2192 2941 αὖθις
2223 2879 2490 2948 ἐτείχισεν
2530 2876 2560 2928 ὁ
2607 2875 2884 2946 βασιλεύς.
2927 2875 3035 2928 Καὶ
3063 2872 3364 2944 συνῴκισεν
3404 2875 3468 2926 ἐκ
3506 2871 3616 2930 τῶν

361 2963 526 3033 πέριξ
572 2965 784 3018 πόλεων
827 2966 1051 3036 πέμψας
1099 2969 1383 3032 ἀποικίας.
1426 2969 1502 3024 Οὐ
1533 2971 1639 3043 μὴν
1670 2971 1810 3025 ἀλλά
1872 2973 1972 3026 καλ⁵
2015 2972 2148 3043 περὶ
2187 2970 2416 3043 Θρᾴκην
2442 2969 2712 3040 παράλιον
2786 2973 2982 3040 ἑτέραν
3023 2967 3182 3022 πόλιν
3223 2966 3615 3036 κατεσκαμμέ-

360 3079 458 3130 νην
489 3063 585 3115 καὶ
614 3065 804 3136 αὐτὴν,
833 3059 900 3136 ἦς
945 3083 1110 3134 φασιν
1161 3067 1519 3122 Ἀναστάσιον
1587 3067 1809 3138 βασιλέα
1871 3067 2158 3139 Ῥωμαίων
2219 3065 2466 3137 οἰκιστὴν
2523 3067 2616 3120 καὶ
2657 3063 2718 3130 ἐξ
2767 3067 2982 3119 ἐκείνου
3027 3065 3612 3136 προσαγορευομένην,

360 3163 659 3232 ἀνέστησεν
689 3163 864 3226 αὖθις,
901 3162 962 3215 οὐ
996 3164 1196 3225 πᾶσαν,
1229 3163 1345 3217 ἀλλ’
1375 3165 1498 3218 ὅσον
1532 3163 1768 3234 μάλιστα
1795 3163 1924 3234 ἐνῆν
1962 3163 2278 3226 ἀπολαϐὼν,
2339 3163 2435 3217 καὶ
2504 3160 2874 3231 Περιθεὼριον
2904 3160 3356 3230 προσηγόρευσεν
3378 3175 3392 3190 ⁸
3425 3160 3614 3228 ἓτερον

360 3257 418 3310 δέ
444 3256 704 3327 φρούριον
730 3257 1004 3326 ἐδείματο,
1072 3257 1135 3312 οὐ
1202 3258 1337 3312 πολὺ
1378 3257 1692 3328 ἀφεστηκὸς
1722 3256 2026 3330 θαλάσσης,
2047 3256 2359 3326 Διπόταμον
2405 3254 2852 3324 προσαγορευθέν
2876 3273 2889 3286 ·
2921 3252 2966 3312 ἃ..
2994 3253 3058 3324 δὴ
3103 3255 3282 3306 πάντα
3311 3252 3374 3305 οὺ
3411 3252 3614 3323 μᾶλλον

365 3347 676 3424 φιλοτιμίας
713 3347 745 3416 ἢ
785 3347 1087 3416 ἀσφαλείας
1137 3348 1248 3401 τῶν
1297 3349 1515 3420 χωρίων
1575 3349 1740 3402 ἕνεκα
1781 3349 1840 3400 ἐν
1875 3341 1958 3412 οἷς
1996 3345 2355 3416 ἐκτίσθησαν,
2409 3346 2676 3416 ἐτείχισεν
2721 3347 2750 3398 ὁ
2799 3345 3078 3415 βασιλεύς.
3159 3343 3612 3414 Ἀρκαδιούπολιν
3699 3407 3704 3412 _

363 3438 419 3491 δὲ
443 3441 532 3493 διά
572 3439 670 3502 τὰς
703 3442 767 3492 ἐκ
793 3441 901 3495 τῶν
929 3441 1154 3495 Σκυθῶν
1181 3443 1406 3511 ἐφόδους
1469 3443 1780 3510 ἀναγκαίαν
1809 3440 1998 3504 οὖσαν,
2039 3439 2465 3510 ἀνοικοδομῆσαι
2501 3439 2784 3509 ἠϐουλήθη
2825 3437 3156 3501 πολυτελῶς,
3186 3437 3282 3492 καὶ
3317 3438 3612 3506 οἰκήτορας

365 3533 431 3583 ἐκ
461 3531 569 3584 τῶν
641 3531 923 3599 ἐπιφανῶν
971 3532 1394 3604 ἐγκαθιδρῦσαι,
1419 3532 1734 3604 δεύδαίμονά
1782 3550 1842 3587 τε
1915 3536 2012 3588 καὶ
2049 3532 2242 3586 ὀλϐίαν
2321 3531 2628 3599 ἀποδεῖξαι,
2695 3532 2791 3586 καὶ
2855 3531 2967 3586 τῶν
3029 3531 3172 3594 κατά
3225 3530 3326 3602 τὴν
3389 3533 3611 3606 aptium:

369 3626 548 3680 ἄλλων
577 3627 790 3679 πόλεων
839 3626 1219 3696 ὑπερέχουσαν
1249 3626 1430 3698 πολλῷ
1466 3628 1606 3697 μετά
1642 3627 1739 3697 τὴν
1774 3629 2026 3700 μεγάλην
2051 3628 2230 3682 πόλιν.

1636 3757 1800 3828 329
1836 3755 2066 3812 CAPUT
2106 3757 2348 3816 XXXIX.

365 3851 771 3923 De_Barlaamo
806 3853 1058 3906 monacho
1089 3850 1299 3916 Latino,
1327 3855 1586 3923 quomodo
1617 3855 1798 3909 turbas
1831 3855 1885 3908 in
1924 3853 2140 3909 ecclesia
2178 3852 2770 3923 Constantinopolitano
2814 3868 3032 3923 est-orsus
3061 3852 3150 3906 sit.
3183 3851 3319 3907 Laus
3370 3851 3611 3918 Gregorii

438 3921 826 3996 P_alamaa,iet
881 3923 1102 3976 duorum
1160 3925 1275 3991 ejus
1329 3921 1578 3996 fratrum.
1633 3934 1848 3996 prapter
1905 3925 2364 3996 monac/iisnutnzj.
2433 3924 2678 3996 Manetur
2733 3921 3095 3996 Barlaamns,
3143 3933 3201 3974 ut
3274 3937 3435 3996 genus
3490 3925 3610 3973 vita?

434 3993 539 4063 τῶν
565 3994 944 4063 ἡσυχαζόντων
978 3989 1216 4063 lacerare
1247 3989 1492 4046 conviciis
1521 3989 1745 4063 desinat;
1783 3994 1856 4046 De
1897 3993 2110 4057 lumine,
2140 3995 2278 4063 quod
2307 4002 2516 4046 sanctos
2541 3990 2902 4063 circumfulsit.
2963 3989 3208 4063 Divinum
3243 3989 3290 4044 ei
3316 3992 3609 4044 increatum

439 4057 614 4116 lumen
642 4057 804 4117 videri
831 4078 981 4133 posse
1008 4060 1175 4116 oculis
1225 4065 1510 4132 corporeis.
1547 4062 1626 4117 De
1673 4063 1867 4116 tantine
1903 4065 1958 4116 in
1987 4057 2162 4116 monte
2195 4062 2422 4125 Thabor,
2457 4060 2598 4130 quod
2643 4057 2966 4113 Barlaamns
2995 4059 3288 4114 increatum
3325 4075 3500 4129 negat.

439 4181 738 4252 Συμϐἀσης
760 4179 816 4232 δέ
851 4195 996 4242 τινος
1024 4180 1272 4250 ταραχῆς
1302 4180 1430 4251 περὶ
1447 4179 1545 4249 τὴν
1579 4179 1932 4246 Ἐκκλησίαν,

2106 4177 2376 4234 Caeterum
2408 4175 2736 4246 quibusdam
2768 4174 2946 4230 turbis
2973 4175 3027 4228 in
3054 4175 3301 4230 Ecclesia
3332 4176 3607 4241 excitatis,

366 4273 693 4344 περιμείνας
715 4271 854 4323 ὥστε
877 4273 976 4334 τάς
1003 4270 1304 4340 προφάσεις
1320 4271 1418 4340 τῆς
1437 4273 1683 4340 ταραχῆς
1705 4270 1930 4338 ποιῆσαι

365 4362 638 4427 ἐκποδὼν,
661 4361 984 4427 ἐτελεύτησε
1037 4359 1176 4429 μετά
1197 4361 1442 4430 μικρὸν,
1471 4360 1636 4430 μηδὲν
1675 4355 1749 4412 ὧν
1777 4361 1940 4413 ἐσκέ-

365 4473 533 4510 πτετο
553 4457 632 4518 εἰς
656 4454 818 4524 ἔργον
835 4451 1079 4520 ἀγαγών.
1101 4451 1346 4520 Μοναχος
1374 4451 1481 4518 γάρ
1505 4467 1592 4513 τις
1607 4449 1933 4521 ὁρμώμενος

367 4553 433 4602 ἐκ
458 4547 774 4616 Καλαϐρίας
798 4547 910 4609 τοῖς
938 4544 1184 4598 Λατίνων
1206 4543 1362 4614 ἤθεσι
1401 4545 1498 4598 καὶ
1521 4543 1707 4613 νόμοις
1736 4546 1932 4614 ἐντρα-

367 4644 494 4712 φεὶς
531 4642 703 4709 ὄνομα
734 4638 1022 4708 Βαρλαάμ,
1054 4637 1227 4697 ἄλλως
1257 4635 1310 4688 δὲ
1344 4633 1538 4704 νοῆσαί
1582 4653 1639 4687 τε
1679 4633 1806 4697 ὀξὺς
1835 4636 1929 4688 καὶ

366 4736 434 4788 τὰ
459 4733 719 4802 νοηθέντα
744 4726 1116 4799 ἐξηγήσασθαι
1133 4726 1483 4789 ἱκανώτατος,
1510 4726 1603 4777 καὶ
1619 4725 1689 4777 τὰ
1713 4724 1936 4778 Εὐκλεί-

365 4826 460 4878 δου
488 4826 584 4877 καὶ
615 4821 1020 4893 Ἀριστοτέλους
1067 4819 1162 4871 καὶ
1201 4817 1485 4878 Πλάτωνος
1533 4815 1932 4885 ἐκμελετήσας,

371 4917 464 4972 καὶ
516 4917 803 4986 διαϐόητος
857 4912 988 4982 περὶ
1019 4909 1190 4962 ταῦτα
1236 4908 1334 4974 ὢν,
1367 4908 1460 4960 ἐπὶ
1486 4905 1646 4976 κακῷ
1679 4909 1745 4977 τῇ
1787 4906 1930 4959 Ῥω-

2034 4270 2198 4339 paulo
2225 4279 2366 4337 post,
2399 4268 2528 4322 dum
2558 4253 2748 4322 earum
2776 4266 3092 4322 occasiones
3111 4267 3426 4336 amputandi
3460 4283 3610 4322 com-

2035 4360 2352 4415 moditatem
2373 4367 2676 4428 exspectat,
2703 4358 2812 4412 vita
2837 4357 3074 4423 excedit,
3102 4355 3320 4413 infectis
3350 4356 3607 4415 omnibus

2035 4468 2157 4522 quae
2198 4452 2377 4506 fuerat
2427 4451 2742 4509 meditatus.
2777 4449 3074 4504 Monachus
3120 4449 3267 4503 enim
3309 4451 3532 4519 quidam
3575 4468 3606 4506 e

2036 4544 2287 4602 Calabria
2320 4543 2619 4612 profectus.
2659 4542 2976 4596 Latinorum
3011 4540 3258 4627 mpribus
3313 4551 3369 4595 et
3397 4542 3610 4612 legibus

2040 4635 2326 4699 educatus,
2353 4634 2574 4688 nomine
2602 4633 2917 4687 Barlaamns
2949 4632 3294 4703 (72),acutus
3325 4632 3528 4702 alioqui
3555 4645 3612 4688 et

2036 4723 2342 4793 perspicax,
2373 4731 2430 4776 et
2461 4721 2528 4776 ad
2571 4722 2987 4791 intelligentiam
3019 4723 3396 4790 explicandam
3433 4723 3611 4778 diser-

2039 4813 2283 4867 tissimus
2325 4853 2340 4878 ,
2375 4813 2602 4882 insuper
2655 4813 2708 4866 in
2745 4813 2992 4877 Euclide,
3026 4813 3340 4878 Aristotele,
3387 4815 3611 4869 Platone

2039 4905 2335 4968 volutatus,
2387 4915 2442 4960 et
2483 4907 2553 4962 ob
2597 4906 2650 4962 id
2694 4906 2889 4961 illustri
2932 4905 3097 4970 fama,
3130 4905 3198 4961 ad
3247 4907 3608 4962 calamitatem

1638 5021 1852 5083 Jacobi
1888 5022 2152 5083 Pontani
2189 5029 2373 5086 notua.

447 5129 560 5199 (79.)
601 5125 1042 5199 Mcminitrhnjns
1065 5127 1323 5199 monachi
1346 5134 1401 5199 et
1425 5127 1717 5199 Gregoras,
1737 5127 1848 5199 _lib.
1880 5143 1932 5191 x,

370 5212 428 5258 et
457 5195 660 5254 similia
694 5198 896 5250 nostris
917 5195 1132 5257 scribit,
1173 5198 1422 5264 quamvis
1451 5195 1691 5250 bre‘vius.
1733 5197 1808 5251 De
1844 5212 1938 5252 eo-

372 5273 523 5332 dem,
555 5269 649 5323 lib.
671 5282 729 5326 n.
769 5267 841 5319 De
877 5265 1459 5335 magnitudaRomanaz
1488 5265 1759 5327 Ecclesiae.
1794 5267 1941 5321 hunc

373 5341 429 5394 in
471 5339 691 5391 modum
721 5333 1114 5404 Stapletonus:
1151 5333 1504 5389 Nihilominus
1536 5337 1630 5388 sub
1700 5337 1941 5404 proximo

368 5413 690 5473 imperatore
719 5405 1017 5459 Andronico
1052 5405 1286 5473 juniore,
1324 5421 1440 5457 cum
1473 5406 1641 5458 missis
1690 5422 1721 5457 a
1771 5404 1940 5458 Bene.

372 5483 511 5532 dicto
541 5477 648 5531 XII
684 5475 1195 5542 Constantinopolim
1230 5473 1414 5542 legatis
1445 5490 1541 5542 pro
1585 5473 1937 5528 Ecclesiarum

373 5550 588 5613 unione,
617 5561 823 5600 omnem
852 5544 1185 5597 collationem
1225 5560 1286 5597 ac
1317 5546 1726 5613 disputationem
1768 5543 1939 5598 (ἐνωεὶ

373 5621 717 5687 pertinaciter
759 5623 1057 5687 recusarent
1076 5653 1114 5687 ,μ
1149 5629 1285 5666 unus
1328 5612 1600 5687 ‘Barlaam
1652 5616 1937 5687 monachus

375 5682 608 5742 Calaber
655 5682 1172 5750 Constantinopolim
1215 5683 1500 5752 profectus,
1546 5684 1767 5737 ha'resin
1802 5685 1936 5736 hanc

375 5757 741 5814 Gru't‘unicam
774 5753 939 5807 tribus
963 5755 1081 5807 totis
1109 5751 1262 5806 armis
1293 5751 1495 5822 publice
1510 5753 1814 5822 exagitavit,
1849 5769 1935 5807 ne—

2036 5130 2176 5182 mine
2207 5132 2498 5193 resistente,
2527 5129 2690 5182 donec
2717 5128 2996 5186 Palamam
3018 5131 3296 5197 quemdam
3322 5129 3495 5184 στανσὲ
3531 5130 3610 5185 ille

2040 5209 2408 5269 opponerent:
2439 5215 2590 5269 quem
2630 5214 2747 5269 cum
2780 5214 2843 5251 ea:
2892 5202 3099 5268 scriptis
3149 5201 3261 5269 ejus
3310 5203 3609 5254 hareticum

2045 5266 2308 5340 hominem
2336 5266 2524 5340 essein
2558 5266 2763 5340 publica
2811 5266 3080 5340 consessu,
3126 5266 3210 5322 cui
3248 5279 3295 5322 et
3322 5271 3612 5340 imperator

2039 5339 2304 5407 interfuit,
2325 5337 2546 5408 probare
2561 5336 2830 5408 'velletLab
2861 5339 3110 5408 pmnﬁibus
3128 5336 3407 5408 explosus,
3429 5340 3609 5390 audiri

2046 5424 2148 5460 non
2179 5405 2366 5476 potuit.
2407 5405 2678 5476 Hactenus
2709 5405 2999 5476 illeaQnod
3033 5405 3214 5461 autem
3254 5410 3324 5461 ita
3357 5409 3609 5461 laudatur

2047 5475 2314 5539 Palamas,
2349 5484 2404 5529 et
2450 5475 2791 5544 vituperatur
2830 5475 3167 5532 Barlaamns.
3215 5478 3610 5544 ignoscendum

2048 5493 2314 5539 ratamas,
2349 5493 2404 5529 et
2450 5493 2791 5544 Vituperatur
2830 5493 3167 5532 uartaamns.
3215 5493 3228 5529 t
3271 5493 3610 5531 llOSCClltllllll

2048 5556 2155 5611 est,
2182 5547 2331 5615 juxta
2367 5545 2520 5615 illud,
2566 5543 2793 5596 boribus
2824 5544 3018 5615 ροηδε
3048 5547 3191 5615 loqui
3227 5493 3308 5614 {gas
3344 5555 3436 5598 est.
3471 5547 3611 5599 Praz»

2049 5613 2198 5668 terea
2245 5630 2354 5667 non
2381 5613 2914 5679 Constantinopolim
2943 5654 2956 5675 ,
3012 5613 3122 5667 sed
3167 5613 3608 5669 Thess;ilonicam

2047 5688 2284 5753 primum
2328 5685 2540 5738 venisse
2569 5681 2911 5736 Barlaamum
2948 5699 3014 5737 ex
3047 5693 3235 5739 nostro
3271 5686 3467 5755 liquet.
