4122 6296
542 423 651 495 ιδ]

1704 413 2025 475 JOANNIS
2060 408 2588 470 CANTACUZEN‘I

3664 398 3778 461 664

545 531 775 591 Romani
834 518 1549 599 imporiiﬂhessaionicam
1608 523 1868 587 advenit;
1931 517 2118 573 multis

2225 505 2402 586 μαίων
2438 517 2752 585 ἐπεδήμησε
2787 510 3057 582 βασιλείᾳ⁹
3103 506 3316 561 πολλῶν
3369 506 3476 576 γὰρ
3532 508 3799 578 ἐνέπλησε

542 623 689 680 enim
738 624 1059 693 magnisque
1108 618 1476 675 seditionibus
1533 616 1832 672 Ecclesiam
1873 620 2118 682 pacatam

542 715 813 785 implevit.
838 712 941 779 Qui
972 725 1097 767 cum
1139 726 1197 765 se
1222 710 1541 764 Latinorum
1572 708 1820 776 dogmata
1860 701 2116 773 proﬂiga-
2178 768 2183 775 .

542 818 728 861 turum
777 804 1108 867 simulasset,
1150 802 1351 858 libellis
1396 801 1689 854 adversum
1729 798 1852 851 illos
1893 807 2120 861 compoo

537 898 680 959 sitis,
732 895 1086 963 conclusione
1133 894 1411 947 rationum
1460 888 1893 949 demonstrabat,
1920 885 2118 949 eosin

539 989 820 1059 religionis
849 987 1099 1041 doctrina
1133 983 1460 1039 hallucinari
1521 997 1585 1038 ac
1629 982 1763 1047 labi,
1798 979 2121 1047 nostrisque

536 1078 810 1150 gaudebat
866 1076 1132 1134 institutis
1168 1086 1222 1131 et
1271 1076 1511 1146 legibus,
1538 1082 1594 1129 et
1623 1090 1653 1129 a
1698 1089 1757 1128 se
1800 1071 2119 1126 Latinorum

538 1169 891 1223 cmremonias
913 1178 1076 1237 atque
1101 1167 1357 1237 dogmata
1388 1181 1457 1221 ex
1484 1164 1666 1217 animo
1690 1161 1941 1217 damnari
1966 1174 2122 1228 aper-

537 1259 747 1315 tissima
783 1258 945 1313 dabat
977 1257 1201 1321 indicia,
1228 1267 1287 1311 ut
1311 1254 1628 1326 apparebat.
1656 1252 1738 1309 0b
1783 1253 1925 1307 hanc
1956 1252 2121 1320 igitur

537 1364 779 1415 sacram,
805 1358 859 1404 et
889 1350 1036 1404 illam
1081 1349 1244 1404 aliam
1288 1347 1507 1402 civilem
1550 1344 1918 1398 eruditionem
1951 1343 2121 1410 impe-

538 1450 691 1505 rator
737 1429 946 1495 honore
983 1450 1039 1492 et
1063 1452 1251 1493 amore
1278 1453 1409 1492 eum
1437 1437 1786 1507 dignabatur,
1813 1443 1871 1489 et
1892 1447 2122 1502 magnus

536 1546 757 1601 quoque
804 1530 1139 1585 domesticus
1200 1528 1428 1584 curabat
1464 1537 1521 1581 et
1555 1526 1855 1595 diligebat;
1903 1538 2007 1578 nec
2038 1518 2116 1576 illi

537 1622 839 1693 quidquam
888 1623 955 1675 ad
1003 1620 1316 1677 felicitatem
1366 1618 1578 1675 deerat.
1619 1619 1717 1673 Hic
1746 1632 1879 1687 ergo
1909 1616 2123 1670 Barlaa-

538 1727 660 1775 rnus
698 1712 814 1767 sive
846 1711 1031 1771 statim
1060 1728 1090 1766 a
1129 1711 1402 1783 principio
1434 1724 1498 1764 ea
1551 1709 1812 1778 Opinione
1846 1709 2114 1771 imbutus,

2223 612 2319 660 καὶ
2342 607 2599 676 μεγάλων
2643 606 2887 659 στάσεων
2906 603 3133 672 εἰρήνην
3164 599 3409 666 ἄγουσαν
3434 598 3533 663 τὴν
3567 600 3799 668 Ἐκκληο

2223 698 2366 752 σίαν.
2414 696 2885 765 Ὕποκρινάμενος
2914 692 3024 760 γὰρ
3050 689 3118 743 τὰ
3143 690 3390 744 Λατίνων
3427 689 3796 754 ἀποσείεσθαι,

2223 790 2413 857 λόγους
2448 804 2511 842 τε
2567 785 2940 854 συνεγράφετο
2961 781 3083 835 κατ’
3117 781 3317 843 αὐτῶν,
3356 781 3453 834 καὶ
3476 780 3796 833 ἀπεδείκνυε

2223 880 2460 950 λογικῶς
2513 879 2646 949 περὶ
2705 877 2804 948 τὴν
2835 876 3018 929 πίστιν
3053 874 3480 943 σφαλλομένους,
3534 875 3629 925 καὶ
3681 876 3796 936 τοῖς

2223 976 2515 1046 ἡμετέροις
2569 972 2790 1042 ἔχαιρεν
2815 971 2972 1041 ἤθεσι
3019 970 3114 1023 καὶ.
3164 968 3373 1037 νόμοις·
3409 969 3503 1021 καὶ
3530 968 3669 1026 ὅλως
3700 986 3799 1019 σα-

2221 1071 2342 1136 φεῖς
2373 1068 2554 1121 ἐδόκει
2579 1063 2915 1135 παρέχεσθαι
2945 1063 3045 1125 τὰς
3067 1060 3374 1126 ἀποδείξεις
3400 1059 3494 1112 τοῦ
3519 1075 3796 1127 κατεγνω-

2221 1159 2378 1211 κέναι
2415 1158 2486 1211 τά
2523 1156 2771 1211 Λατίνων
2799 1155 3042 1223 ἀληθῶς.
3079 1152 3177 1205 Διὰ
3220 1151 3397 1204 ταῦτά
3455 1168 3512 1204 τε
3559 1148 3653 1204 οὖν
3704 1151 3796 1203 καὶ

2222 1250 2321 1320 τὴν
2344 1249 2512 1319 ἄλλην
2542 1248 2738 1317 σοφίαν
2767 1247 2868 1315 τῆς
2897 1263 2957 1297 τε
2996 1245 3147 1311 παρά
3168 1244 3431 1313 βασιλέως
3478 1244 3783 1297 ἀπέλαυνεν

2221 1340 2512 1409 εὐμενείας
2566 1339 2661 1391 καὶ
2725 1336 2889 1405 τιμῆς
2921 1374 2938 1397 ,
2990 1335 3086 1387 καί⁸
3138 1334 3291 1401 παρά
3341 1332 3586 1401 μεγάλου
3635 1331 3793 1399 δομε-

2223 1420 2409 1485 στίκου
2456 1430 2609 1483 οὐδὲν
2640 1424 2802 1501 ἦττον
2837 1427 3091 1497 ἠγαπᾶτο
3144 1426 3240 1478 καὶ
3287 1424 3548 1493 προνοίας
3600 1423 3790 1492 {15:06-

2219 1541 2283 1579 το
2308 1562 2323 1587 ,
2365 1524 2464 1575 καὶ
2505 1521 2660 1574 οὐδὲν
2711 1519 2884 1573 ἐνέδει
2932 1517 3082 1587 αὐτῷ
3114 1516 3213 1570 τοῦ
3245 1518 3320 1585 μὴ
3355 1518 3413 1567 ὲν
3442 1515 3778 1583 εὐπραγίαις

2221 1613 2384 1668 εἶναι.
2417 1607 2587 1674 Οὗτος
2612 1611 2678 1679 δὴ
2724 1612 2752 1662 6
2776 1608 3044 1678 Βαρλαᾶιμ
3074 1607 3187 1659 εἴτε
3225 1606 3324 1659 καὶ⁵
3344 1604 3505 1665 εὐθὺς
3530 1603 3591 1667 ἐξ
3624 1603 3791 1672 ἀρχῆς

2220 1706 2323 1775 τὴν
2354 1704 2549 1773 ὁμοίαν
2579 1701 2805 1771 γνώμην
2844 1699 3005 1770 ἔχων,
3039 1699 3154 1752 εἴτε
3185 1696 3413 1764 ὓστερον
3447 1694 3788 1764 μεταϐαλὼν,

538 1803 653 1858 sive
702 1814 890 1874 postea
943 1804 1288 1866 immutatus,
1333 1802 1442 1868 vel,
1484 1811 1543 1855 ut
1597 1802 1775 1856 dicam
1831 1801 2117 1867 rectius,a

2228 1797 2430 1866 μᾶλλον
2467 1797 2524 1848 δὲ
2556 1795 2662 1847 ὐπὸ
2689 1793 2783 1845 τοῦ
2818 1790 3001 1844 κοινοῦ
3028 1791 3137 1843 τῶν
3177 1788 3527 1858 Χριστιανῶν
3573 1785 3792 1854 πληρὼο

539 1893 819 1946 στοηιιηυηῖ
856 1892 1295 1947 Christianorum
1330 1893 1486 1946 hoste
1530 1892 1845 1958 instinctus,
1878 1892 2125 1947 occasio-

2228 1904 2397 1958 ματος
2450 1886 2712 1953 πολεμίου
2773 1881 3121 1950 ἐναγόμενος.
3151 1878 3426 1948 πρόᾳασίν
3459 1895 3581 1930 τινα
3614 1875 3791 1945 ζητῶν

540 1995 665 2035 nem
695 1984 985 2049 quamdam
1021 1982 1308 2043 affectans,
1343 1996 1450 2050 qua
1484 1991 1674 2035 nostra
1706 1982 1860 2051 quasi
1897 1995 1996 2051 per
2026 1996 2122 2035 co-

540 2069 797 2147 moediam
839 2070 1168 2136 traduceret,
1210 2080 1266 2125 et
1294 2072 1521 2127 bellum.
1541 2072 1828 2126 nobiscum
1872 2083 2124 2141 apertum

539 2170 773 2229 gereret,
804 2163 954 2217 velut
1010 2163 1256 2219 discendi
1298 2177 1462 2219 causa
1509 2164 1574 2217 ad
1621 2163 1913 2233 quemdam
1959 2164 2125 2219 exiis

545 2256 637 2323 qui
673 2254 937 2320 dicuntur
957 2255 1308 2324 quiescentes
1336 2254 1495 2326 [sive
1531 2255 1765 2319 solitarii
1784 2254 1825 2327 },
1858 2265 2041 2311 mente
2059 2271 2125 2311 ac

542 2347 757 2400 ratione
802 2346 963 2417 plane
1014 2361 1276 2411 vacuum,
1315 2348 1651 2417 paulumque
1690 2362 1719 2400 a
1755 2349 1920 2401 bruto
1970 2346 2128 2403 diffe-

543 2449 781 2505 rentem,
811 2456 989 2511 neque
1033 2441 1217 2495 idiotas
1243 2442 1436 2496 saltem
1469 2442 1643 2496 instar
1671 2442 2000 2512 prudentem
2035 2457 2127 2496 ac-

541 2533 731 2597 cessit,
763 2547 932 2603 seque
960 2533 1029 2588 ab
1066 2533 1185 2602 ipso
1220 2534 1458 2597 institui,
1493 2543 1551 2587 et
1586 2533 1808 2588 modum
1841 2534 1966 2587 vitae
1997 2534 2129 2586 soli-

543 2625 716 2695 .arim,
747 2637 813 2677 ac
849 2633 1119 2693 praecepta
1162 2623 1493 2678 obedientiae
1515 2624 1585 2678 ab
1616 2624 1711 2678 illo
1745 2625 1960 2679 discere
1984 2625 2128 2679 velle

541 2713 845 2783 simulavit.
884 2712 1056 2777 Quem
1104 2715 1361 2782 precibus
1403 2714 1573 2780 vicit,
1624 2729 1939 2785 paucosque
1982 2715 2128 2786 apud

541 2818 670 2857 eum
699 2802 815 2857 dies
840 2805 1064 2858 mansit.
1099 2805 1346 2859 Posthaec
1378 2806 1446 2859 ab
1494 2806 1752 2874 imperito
1780 2807 1872 2861 illo
1901 2815 2132 2861 conten-

539 2897 643 2957 ‘dit,
672 2903 734 2949 ut
757 2910 814 2950 se
841 2910 1015 2965 genus
1041 2896 1175 2951 illud
1205 2896 1328 2949 vita-
1353 2894 1598 2961 doccret;
1622 2904 1677 2951 et
1705 2896 1984 2965 quomodo
2008 2896 2127 2965 ipse

543 3004 766 3060 quoque
814 2990 901 3044 vel
929 2989 1051 3058 ipso
1115 2989 1210 3043 illo
1261 2986 1351 3042 die
1404 2987 1547 3041 inter
1600 2987 1878 3043 solitarios
1937 2987 2128 3045 referri

540 3084 750 3148 posset.
777 3078 880 3145 Qui
909 3079 1095 3134 dolum
1120 3078 1266 3133 haud
1298 3077 1583 3143 olfaciens,
1611 3088 1667 3132 et
1703 3078 1870 3134 nimia
1904 3079 2127 3143 levitate

544 3174 743 3239 elatus,
798 3188 923 3227 cum
976 3173 1083 3227 alia
1134 3172 1413 3226 hominem
1471 3172 1942 3242 improbissimum
1998 3173 2119 3241 ipse

2225 3176 2310 3230 τὸν
2344 3171 2718 3244 πονηρότατον
2747 3169 2777 3221 ό
2808 3167 3034 3235 ἀνόητος
3056 3204 3075 3230 ,

540 3263 751 3318 stultus
783 3263 996 3329 docuit,
1025 3273 1142 3318 tum
1170 3262 1334 3334 33o
1365 3277 1477 3332 quo
1510 3272 1672 3332 pacto
1698 3263 1959 3332 paulatim
1991 3278 2129 3333 pro!

430 3410 455 3421 _
543 3356 795 3411 flcierites
836 3356 1098 3422 solitarii,
1129 3363 1193 3422 et
1242 3356 1537 3426 tranquille
1576 3355 1988 3425 precationibus
2038 3356 2122 3409 in-

544 3446 702 3509 tenti,
731 3446 1098 3501 exsultatione
1140 3447 1309 3501 animi
1369 3457 1425 3501 et
1463 3446 1649 3501 divina
1698 3446 1934 3517 quadam
1969 3449 2123 3503 inex-

544 3537 903 3608 plicabilique
941 3537 1223 3607 voluptate
1255 3538 1676 3605 perfunduntur,
1716 3548 1774 3593 et
1799 3540 1977 3595 oculis
2002 3555 2125 3594 cor-

546 3627 733 3698 poreis
754 3626 943 3682 lumen
961 3641 1020 3681 se
1042 3627 1467 3697 circumfulgens
1488 3629 1779 3698 aspiciant.
1801 3630 2124 3687 Barlaamus

545 3733 602 3777 et
630 3718 833 3789 alioqui
873 3720 1148 3774 hominem
1191 3720 1351 3781 valde
1418 3719 1696 3775 indoctum
1735 3731 2124 3795 umentemque

539 3812 817 3883 judicare,
848 3818 905 3865 et
938 3810 1123 3865 lumen
1156 3809 1391 3865 audiens
1424 3811 1576 3867 cerni
1611 3814 1788 3868 oculis
1816 3818 2121 3884 corporeis,

546 3921 656 3960 non
685 3904 786 3960 sibi
816 3912 1146 3976 temperare,
1179 3904 1312 3986 quin
1335 3906 1703 3961 communiter
1734 3908 2009 3965 solitarios
2044 3910 2126 3965 in-

545 3999 883 4059 sectaretur,
938 4001 1035 4043 eos
1084 3989 1436 4058 impostorcs,
1491 3990 1802 4053 mendaces,
1851 3991 2126 4050 Massalia-

547 4099 649 4136 nos
705 4082 817 4152 (75)
846 4089 903 4137 et
927 4079 1434 4151 Omphalopsychos
1466 4083 1599 4153 (74),
1629 4098 2125 4156 germanorumque

547 4171 808 4233 Exlesiae
835 4171 1149 4241 dogmatum
1181 4181 1551 4241 corruptores,
1576 4183 1632 4227 et
1667 4174 1941 4247 similibus
1964 4191 2126 4232 voca-

545 4263 693 4320 bulis
742 4263 1057 4333 appellans,
1108 4262 1394 4332 palamque
1447 4263 1762 4329 testificaris,
1815 4280 2010 4322 omnes
2055 4267 2126 4323 ab

549 4361 747 4403 eorum
781 4348 1181 4404 consuetudine
1220 4348 1473 4419 refugere
1513 4350 1736 4416 debere,
1774 4354 1866 4422 qui
1898 4355 2125 4411 seduce-

547 4447 674 4493 rcnt
709 4446 765 4492 et
792 4438 1232 4493 seducerentur:
1268 4455 1408 4508 quos
1442 4441 1731 4510 oportebat
1770 4443 1970 4499 virtute
2005 4462 2127 4516 per-

2224 1980 2369 2057 ὶξῆς
2400 1984 2470 2035 τὰ
2506 1982 2757 2053 ἡμέτερα
2784 1978 3204 2049 διακωμῳδήσει
3249 1975 3344 2027 καὶ
3384 1974 3523 2043 πρδς
3559 1972 3793 2040 πόλεμον

2222 2076 2466 2147 χωρήσει
2508 2072 2759 2142 φανερῶς
2812 2072 2890 2133 ὡς
2927 2071 2993 2139 δὴ
3022 2067 3306 2139 μαθητιῶν
3357 2084 3463 2119 τινι
3520 2063 3790 2134 προσῆλθε

2224 2167 2334 2225 τῶν
2360 2164 2762 2236 ἡσυχαζόντων,
2779 2164 2938 2229 λόγου
2957 2179 3016 2213 τε
3038 2159 3471 2229 ἀπεστερημένῳ
3492 2156 3687 2213 παντέ¹
3705 2155 3790 2221 ὗς,

2225 2259 2322 2314 καὶ
2358 2258 2538 2327 ὀλίγον
2591 2256 2902 2325 διαφέροντι
2930 2252 3138 2319 ἀλόγων
3163 2290 3176 2313 ,
3204 2250 3301 2303 καλ⁵
3332 2250 3454 2303 οὐδὲ
3479 2249 3792 2317 φρονήσεως

2226 2350 2359 2419 γοῦν
2384 2348 2739 2418 μετεσχηκότι
2776 2344 3094 2415 πρεπούσης
3127 2340 3330 2410 ίδιὼτγγ
3352 2344 3447 2393 καὶ
3469 2338 3789 2405 ὑπεκρίνετο

2228 2438 2517 2511 βούλεσθαι
2554 2434 2898 2508 μαθητεῦσαι
2928 2435 3059 2505 παρ’
3084 2434 3255 2502 αὐτῷ,
3307 2433 3403 2485 καὶ
3428 2434 3528 2500 τὴν
3553 2432 3672 2484 ὁδὸν
3695 2431 3790 2498 τῆς
3890 2420 3895 2429 ’

2231 2531 2465 2601 ἡσυχίας
2493 2527 2944 2591 ἐκδιδάσκεσθαι,
2998 2526 3093 2578 καὶ
3141 2524 3268 2585 τοὺς
3299 2522 3500 2591 νόμους
3529 2521 3630 2588 τῆς
3662 2521 3792 2573 ὐπο-

2229 2624 2429 2692 ταγῆς.
2458 2620 2692 2677 Ἐπεισέ
2718 2636 2777 2671 τε
2805 2618 3044 2685 δεηθεὶς,
3079 2616 3174 2669 καὶ
3203 2613 3448 2681 διέτριψε
3484 2612 3619 2680 παρ’
3648 2607 3788 2677 αὐτῷ

2229 2715 2443 2784 ἡμέρας
2476 2712 2537 2764 οὐ
2591 2709 2813 2772 πολλάς.
2866 2708 2978 2760 Καὶ
3032 2705 3171 2775 μετὰ
3215 2703 3386 2758 ταῦτα
3419 2702 3513 2755 τοῦ
3550 2699 3789 2770 ἀμαθοῦς

2228 2807 2439 2860 ἐκείνου
2469 2805 2641 2856 ἐδεῖτο
2668 2802 2943 2855 διδάσκειν
2969 2799 3100 2869 περὶ
3132 2797 3389 2868 ἡσυχίας·
3420 2796 3514 2851 καὶ
3536 2796 3643 2863 ὅτῳ
3672 2793 3789 2862 τρό-

2230 2915 2318 2968 πῳ
2346 2897 2442 2949 καὶ
2491 2895 2654 2956 αὐτὸς
2697 2894 2756 2946 εν
2785 2892 3120 2961 ὴσυχασταῖς
3166 2888 3484 2957 αὐθημερὸν
3525 2886 3789 2938 τελέσειεν

2230 2988 2551 3043 ὑποθέσθαι.
2597 2987 2657 3039 ’0
2684 2985 2740 3038 δὲ
2786 2984 2880 3036 τόν
2927 2999 2988 3034 τε
3017 2981 3167 3033 δόλον
3200 2981 3275 3049 μὴ
3302 2979 3554 3042 συνιδὼν,
3593 2976 3696 3029 ὐπό
3731 2992 3788 3027 τε

2228 3083 2329 3147 τῆς
2359 3081 2499 3149 ἄγαν
2544 3079 2880 3145 κουφότητος
2914 3073 3178 3144 ἐπαρθεὶς
3203 3112 3218 3136 ,
3256 3071 3393 3125 ἄλλα
3429 3087 3490 3122 τε
3549 3069 3788 3121 ἐδίδασκε

3119 3165 3215 3218 καὶ
3274 3163 3351 3225 ὡς
3387 3160 3788 3230 προκόπτοντες

2223 3260 2368 3317 κατά
2428 3257 2627 3329 μικρὸν
2678 3256 2730 3310 ol
2780 3253 3170 3325 ἡσυχάζοντες.
3220 3251 3313 3303 καὶ
3364 3247 3789 3319 προσευχόμενοι

2230 3352 2544 3423 ἀθορύϐως,
2587 3347 2914 3417 ἀγαλλίασίν
2944 3346 3007 3399 τέ
3041 3361 3166 3397 τινα
3197 3342 3292 3397 καὶ
3321 3340 3562 3412 ἄρρητον
3599 3337 3790 3408 ἡδονὴν

2225 3447 2320 3502 καὶ
2348 3445 2503 3499 θείαν
2535 3440 2880 3511 ἐπιδέχονται
2928 3439 2988 3490 ἐν
3033 3438 3102 3506 τῇ
3150 3435 3323 3505 ψυχῇο
3350 3433 3442 3486 καὶ
3478 3432 3593 3502 φῶς
3621 3429 3789 3501 δρῶσι

2222 3539 2337 3601 τοῖς
2370 3535 2704 3605 σωματικοῖς
2733 3531 3038 3600 ὀφθαλμοῖς
3064 3527 3381 3598 ἀστράπτον
3408 3525 3538 3593 περὶ
3576 3522 3789 3583 αὐτούς.

2236 3628 2363 3683 Ἐπὶ
2404 3628 2503 3693 μὲν
2533 3622 2625 3679 οὖν
2684 3626 2797 3685 τοῖς
2851 3624 3055 3683 ἄλλοις,
3094 3618 3298 3686 πολλὴν
3334 3614 3741 3684 κατεγίνωσκεν
3765 3613 3794 3665 ὁ

2224 3718 2489 3789 Βαρ).αάμ
2532 3717 2722 3771 ἄνοιαν
2765 3715 2859 3767 τοῦ
2903 3713 3095 3781 ἀνδρὸς
3142 3711 3239 3764 καὶ
3268 3709 3534 3776 ἀμαθίαν·
3572 3706 3690 3776 φῶς
3737 3705 3791 3756 δὲ

2225 3812 2468 3874 ἀκούσας
2517 3810 2800 3879 ὁρώμενον
2852 3792 3155 3875 όφθαλμοῖς
3203 3800 3577 3870 σωματικοῖς,
3609 3796 3793 3849 οὐκέτι

2225 3904 2348 3958 οὐδὲ
2390 3903 2621 3973 ἠρεμεῖν
2675 3900 2955 3969 ἠνέσχετο,
3006 3895 3143 3949 ἀλλὰ
3200 3894 3388 3963 κοινὴν
3417 3891 3659 3943 ἐποιεῖτο
3688 3887 3793 3941 τῶν

2228 3994 2615 4066 ἡσυχαζόντων
2665 3990 3037 4061 καταδρομὴν,
3090 3985 3416 4045 ἀπατεῶνας
3469 3982 3652 4036 καλῶν
3702 3983 3794 4033 καὶ

2225 4085 2589 4157 ψευδομένους
2622 4086 2719 4137 καὶ
2749 4080 3171 4140 Μασσαλιανούς
3188 4078 3283 4132 καὶ
3317 4075 3789 4145 Ὀμφαλοψύχους,

2230 4178 2326 4231 καὶ
2346 4176 2415 4232 τὰ
2439 4174 2574 4246 ὀρθὰ
2598 4174 2698 4244 τῆς
2733 4171 3063 4241 Ἑκκλησίας
3082 4169 3328 4238 δόγματα
3349 4168 3791 4237 διαστρέφοντας.

2220 4269 2327 4335 ⁵καὶ
2354 4267 2410 4320 εί
2438 4284 2493 4320 τι
2536 4267 2725 4334 ἕτερον
2770 4262 3035 4317 τοιοῦτοψ
3092 4262 3189 4314 καὶ
3234 4257 3632 4327 διεμαρτύρετο
3666 4260 3794 4308 dva-

2228 4357 2423 4429 φανδὺν
2451 4357 2526 4421 ὡς
2572 4357 2653 4411 δεῖ
2694 4356 2870 4409 πάντα
2908 4351 3190 4406 ὁντιναοῦν
3257 4348 3562 4420 ἀπέχεσθαι
3617 4346 3795 4402 αὐτῶν

2231 4449 2564 4503 πλανώντων
2620 4464 2680 4500 τε
2705 4446 2802 4501 καὶ
2852 4443 3247 4512 πλανωμένων,
3298 4440 3391 4504 οὒς
3443 4440 3554 4493 ἔδει
3596 4444 3697 4509 τήν
3737 4454 3794 4489 τε

547 4532 721 4586 fcctos
781 4540 839 4585 et
884 4529 1147 4586 doctrinae
1209 4532 1492 4602 religionis
1541 4534 1905 4603 peritissimos
1977 4507 2122 4603 esse,

2228 4540 2433 4613 ἀρετὴν
2462 4518 2701 4601 τελείους
2732 4508 2893 4603 εἶναι,
2922 4540 3015 4588 καὶ
3039 4507 3170 4603 περὶ
3193 4532 3262 4586 τὰ
3281 4533 3532 4601 δόγματα
3566 4507 3794 4602 μάλιστα

550 4630 741 4692 utpote
770 4622 971 4693 quibus
998 4614 1179 4678 αξιοι-ἰ
1218 4624 1497 4687 mortales,
1541 4635 1765 4695 propter
1802 4641 1923 4681 eam
1955 4644 2120 4698 quam

551 4731 664 4787 pra:
689 4732 750 4773 se
778 4716 987 4771 ferrent
1008 4715 1293 4785 pietatem,
1324 4715 1539 4771 animas
1571 4731 1700 4771 suas
1727 4718 2116 4777 credidissent.

2227 4630 2513 4701 ἀσφαλεῖς,
2553 4630 2630 4692 ὡς
2657 4627 2765 4681 τῶν
2810 4626 3113 4696 ἀνθρώπων
3146 4624 3245 4688 τὰς
3282 4624 3459 4696 ψυχὰς
3499 4624 3685 4686 αὐτοῖς
3712 4621 3794 4675 διὰ

2226 4724 2324 4797 τὴν
2375 4720 2644 4778 δοκοῦσαν
2685 4718 2977 4775 εὐλάϐειαν
3026 4718 3489 4803 ἐμπιστευόντων.
3513 4714 3704 4771 Ταῦτα
3738 4715 3792 4768 δὲ

1813 4851 2031 4919 Jacobi
2075 4855 2338 4919 Pontani
2380 4860 2569 4917 notm.

624 4976 739 5047 (73)
781 4972 1115 5047 Massaliani,
1159 4987 1255 5027 seu
1288 4971 1599 5047 Messaliani
1640 4975 1742 5047 sub
1771 4974 1983 5047 Valent.
2017 4977 2121 5032 im-

589 5043 806 5105 eratore
833 5053 890 5099 et
922 5044 1152 5098 Damaso
1195 5043 1455 5111 pontifice
1488 5044 1625 5108 nati,
1658 5045 1882 5101 circiter
1913 5061 2117 5101 annum

635 5116 766 5172 mini
803 5114 981 5170 580a
1011 5112 1345 5181 quibusdam
1395 5112 1528 5167 dicti
1579 5114 1849 5181 Euchitaa,
1899 5117 1953 5170 id
2006 5127 2110 5177 est.

551 5195 792 5251 orantes,
814 5196 845 5239 a
894 5182 1186 5252 nonnullis
1222 5182 1613 5252 Enthusiastm,
1645 5184 1698 5238 id
1744 5194 1868 5252 est,
1898 5187 2122 5240 numine

553 5255 739 5318 afﬂati,
769 5257 1018 5325 dmmone
1050 5251 1325 5325 videlicet.
1353 5251 1634 5325 Negabant
1658 5255 1868 5325 animos
1892 5256 2067 5309 creari
2093 5271 2123 5309 a

553 5330 689 5384 Deo.
709 5322 925 5381 Nullam
954 5321 1224 5390 baptismo
1256 5324 1515 5375 virtutem
1550 5323 1881 5378 tribuebant.
1912 5325 2123 5379 Eucha-

555 5398 770 5451 ristiam
797 5393 1070 5448 docebant
1093 5405 1194 5445 nec
1223 5391 1482 5460 prodesse
1510 5392 1741 5457 homini,
1771 5408 1876 5448 nec
1904 5395 2118 5448 obesse.

555 5467 823 5522 Laborem
855 5473 1115 5516 manuum
1152 5469 1210 5513 ut
1244 5460 1448 5514 malum
1479 5464 1893 5516 aversabantur.
1921 5462 2126 5519 Somno

557 5532 931 5600 indulgebant,
961 5539 1016 5585 et
1043 5531 1253 5600 somnia
1278 5546 1374 5583 sua
1406 5532 1725 5599 prophetias
1754 5532 2124 5600 appellabant.

556 5606 692 5660 Vide
715 5599 1152 5664 Theodoretum,
1187 5599 1285 5653 lib.
1312 5614 1385 5663 ιν,
1422 5614 1543 5668 cap.
1574 5600 1662 5664 11,
1697 5599 1942 5657 Historia:
1969 5603 2129 5655 eccle-

556 5669 1399 5742 siasticatNicephot‘ttm‘lib.
1457 5684 1518 5742 lt,
1576 5685 1723 5742 cap_._
1765 5672 1865 5742 Η)
1923 5671 2129 5726 Cedro-

561 5758 715 5807 num,
755 5741 811 5794 iu
837 5737 1230 5805 Constantino;
1268 5737 1767 5807 Augustinutnﬂib.
1814 5740 1891 5795 De
1920 5742 2129 5807 [ια’νεεο,

564 5826 684 5904 cap.
717 5809 804 5885 5'1.

2294 4977 2409 5048 (74)
2449 4977 2739 5048 Existimat
2770 4975 3061 5048 Gretserus
3086 4984 3283 5048 noster
3310 4974 3661 5048 Barlaamum
3694 4991 3791 5029 vo-

2219 5043 2526 5102 easse‘hos
2583 5044 2883 5101 monachos
2928 5043 3371 5114 ὀμφαλοψύχους,
3425 5045 3492 5098 ad
3542 5044 3787 5111 verbum,

2220 5118 2660 5177 umbilicanimoa,
2695 5115 2821 5185 quia
2853 5126 2947 5168 eos
2970 5121 3031 5185 ut
3056 5113 3226 5185 ventri
3260 5113 3480 5185 deditos
3513 5122 3703 5185 notare
3731 5131 3790 5171 ac

2220 5189 2594 5257 perstringere
2620 5182 2814 5245 voluit,
2842 5183 3010 5257 quasi
3029 5182 3265 5257 animam
3299 5184 3353 5237 in
3384 5193 3579 5257 ventre
3613 5184 3791 5239 feren-

2223 5252 2329 5318 tes,
2364 5271 2430 5311 eo
2456 5252 2642 5320 modo,
2675 5269 2784 5325 quo
2811 5253 2942 5325 olim
2968 5252 3344 5325 Tertullianus
3378 5255 3455 5325 ad
3480 5255 3785 5307 Montanum

2228 5333 2619 5395 transgressus.
2652 5322 2988 5395 orthodoxos
3020 5322 3296 5395 appellare
3328 5324 3541 5395 solebat
3570 5325 3786 5394 psychi-

2230 5411 2345 5460 eos,
2387 5392 2674 5455 animales,
2701 5392 3120 5464 Avoluptuarios,
3164 5402 3261 5464 etc.
3313 5403 3391 5464 ut‘
3417 5392 3789 5464 ὀμφαλόῷυχοι

2228 5465 2339 5518 sint
2371 5462 2711 5532 gastrimargi
2741 5477 2758 5515 :
2790 5476 2908 5523 seu,
2950 5471 3006 5514 ut
3039 5462 3332 5529 Apostolus
3362 5461 3656 5517 Cretenses
3701 5461 3791 5517 vo-

2228 5544 2332 5614 gat,
2375 5535 2641 5614 γαστέρες
2684 5533 2873 5613 σργαὶ,
2908 5544 3112 5614 uenires
3150 5533 3305 5614 pigri.
3342 5532 3789 5614 >Et_Nicephorus

2229 5602 2496 5672 Gregoras
2524 5602 2785 5655 Barlaami
2818 5601 3068 5672 partibus
3096 5611 3281 5672 postea
3306 5604 3554 5672 studens,
3586 5601 3639 5655 in
3670 5618 3788 5657 eos-

2230 5668 2363 5725 dem
2388 5672 2705 5737 monachos;
2737 5681 2794 5726 ut
2833 5670 3071 5739 crapulm
3100 5668 3158 5724 et
3202 5668 3520 5724 vinolentia:
3556 5672 3786 5733 deditos,

2231 5742 2427 5865 acerbbe
2469 5740 2713 5796 invectus
2751 5751 2852 5806 est,
2884 5738 2946 5794 ut
2974 5738 3117 5796 libro
3145 5747 3341 5811 quarto
3373 5741 3788 5797 Cantacuzcnus

2231 5826 2336 5864 seri
2384 5821 2440 5865 ιι.
3742 5862 3755 5865 μ

2230 5821 2440 5865 scribit.
