4122 6296
529 343 633 407 cm
1687 349 2010 413 JOANNIS
2053 345 2583 409 CANTACUZENI
3671 344 3770 406 eos
3804 308 3826 327 ’

533 463 686 517 nefas
733 462 892 531 erat)
941 463 1311 532 discessisset,
1349 481 1587 537 primum
1641 469 1865 535 quidem
1913 466 2010 521 diu
2062 466 2116 518 in

2224 466 2292 519 τά
2349 465 2546 535 βελτίω
2590 460 3022 532 συμϐουλεύουσι
3069 458 3145 530 μὴ
3201 457 3532 522 πείθεσθαι,
3594 461 3774 527 πρῶτα

531 553 878 608 monasteriis
910 555 1053 623 apud
1081 557 1224 610 Atho
1255 568 1495 613 montem
1522 559 1656 614 vixit
1681 599 1696 624 ,
1726 558 1924 613 deinde
1953 572 2114 612 cura-

2224 558 2321 627 μὲν
2369 558 2454 626 ἐφ’
2507 555 2693 609 ἱκανὸν
2745 556 2802 607 ἐν
2855 555 2970 616 τοῖς
3015 553 3159 606 κατά
3189 553 3280 610 τὸν
3347 552 3498 604 ’Ᾱθω
3549 550 3775 624 διέτριψε

531 645 682 698 tione
702 644 878 698 morbi
905 657 1153 716 urgente,
1173 649 1619 704 Thessalonicam
1641 649 1814 704 venit.
1835 649 1936 703 Hic
1980 665 2113 719 ergo

2224 648 2688 720 φροντιστηρίοις.
2732 646 2966 699 Ἔπειτα
3019 645 3119 712 τῆς
3159 645 3290 712 περὶ
3321 643 3381 697 τὸ
3439 643 3604 713 σῶμα
3636 661 3776 697 νοσο-

532 733 736 802 aliique
788 735 1040 789 monachi
1089 736 1372 791 Barlaamo
1417 753 1586 792 sacrae
1621 739 1823 807 quietis
1862 737 2114 794 instituto

536 811 844 886 insultanti,
875 827 1168 896 multisque
1189 829 1454 885 conviciis
1493 829 1629 885 illud
1657 831 1960 886 cumulanti
1993 846 2117 885 suc—

535 924 846 979 censentes,
888 917 1222 984 quibusdam
1255 921 1453 976 amicis
1494 922 1560 976 ad
1596 923 1750 976 illum
1789 939 1890 993 pro
1920 925 2115 993 legatis

539 1007 644 1069 nsi,
674 1008 955 1075 rogabant,
991 1018 1052 1062 ut
1087 1011 1212 1064 talia
1245 1021 1301 1066 et
1329 1013 1556 1080 sentire,
1589 1023 1647 1070 et
1672 1015 1820 1082 loqui
1853 1015 2118 1069 adversus

537 1098 882 1165 quiescentes
905 1101 1046 1169 (sive
1073 1102 1375 1173 solitarios)
1401 1104 1701 1169 desineret,
1729 1115 1783 1158 et
1809 1120 1876 1160 ne
1893 1116 2118 1176 propter

541 1189 701 1241 unius
749 1191 1081 1257 imperitiam
1133 1208 1326 1248 omnes
1375 1195 1689 1257 damnaret,
1737 1196 1995 1266 quodque
2050 1197 2116 1250 ad

539 1279 714 1347 ipsum
739 1281 1019 1345 attineret,
1047 1298 1304 1352 supremo
1345 1301 1408 1340 ac
1436 1286 1836 1354 perfemissimo
1873 1288 1995 1340 vita}
2026 1303 2121 1357 ge-

539 1386 669 1422 nere
707 1373 960 1427 homines
999 1375 1272 1441 privatum
1301 1375 1426 1436 iret.
1457 1377 1586 1431 dum
1631 1394 1754 1446 qua:
1783 1393 1890 1431 non
1935 1387 2121 1432 essent

540 1462 892 1524 mentiretur,
942 1472 997 1518 ct
1027 1466 1317 1521 calumniis
1383 1479 1442 1522 ut
1470 1470 1656 1523 nescio
1687 1485 1918 1538 quorum
1955 1471 2123 1522 malo-

542 1569 660 1605 rum
694 1555 959 1623 originem
993 1569 1356 1628 oppugnaret,
1401 1562 1907 1629 abstinendumque
1953 1564 2021 1616 ab
2055 1579 2122 1618 eo

540 1647 870 1713 persuadere
908 1659 1224 1704 conaretur.
1271 1651 1377 1704 Sed
1417 1654 1460 1706 si
1510 1654 1928 1722 quideaudisset
1962 1655 2120 1709 inde~

476 1755 484 1768 ι
543 1737 780 1797 centius,
836 1739 1066 1792 inscitiae
1107 1740 1344 1794 dicentis
1388 1745 1734 1798 ascriberet:
1781 1745 1952 1813 ipsam
1998 1745 2122 1800 vitae

2217 741 2417 810 κομίας
2449 739 2804 810 ἐπειγούσης,
2847 734 3014 808 ἦλθεν
3045 738 3126 798 είς
3159 735 3589 804 Θεσσαλονίκην.
3623 730 3776 799 Οὗτος

2216 834 2281 904 δὴ
2314 834 2430 903 ἆμα
2460 835 2572 896 τοῖς
2616 832 2800 894 ἄλλοις
2818 831 2879 884 ού
2913 831 3154 899 μετρίως
3171 829 3615 899 δυσχεράναντες
3647 828 3776 882 κατὰ

2217 925 2486 995 Βαρλαάμ
2528 923 2597 977 τὰ
2649 923 2751 992 τῆς
2785 923 2941 992 ἱερᾶς
2971 921 3202 990 ἡσυχίας
3237 919 3654 989 ἐξορχουμένου,
3690 919 3776 972 καί

2219 1015 2428 1076 πολλάς
2468 1013 2640 1082 αὐτῆς
2675 1012 3038 1083 καταχέοντος
3067 1013 3166 1073 τὰς
3211 1010 3512 1079 λοιδορίας,
3541 1011 3650 1062 τισὶ
3679 1011 3775 1062 τῶν

2221 1109 2389 1178 φίλων
2409 1107 2552 1178 πρὸς
2586 1106 2750 1160 αὐτὸν
2782 1105 3125 1176 χρησάμενοι
3161 1104 3559 1172 πρεσϐευταῖς,
3585 1103 3778 1156 ἐδέοντο

2221 1201 2489 1254 παύεσθαι
2519 1199 2614 1252 τοῦ
2636 1197 2864 1252 τοιαῦτα
2897 1197 2994 1250 καὶ
3029 1197 3279 1265 φρονεῖν,
3313 1195 3411 1247 καὶ
3442 1194 3624 1261 λέγειν
3649 1197 3778 1247 κατά

2219 1285 2327 1337 τῶν
2358 1283 2766 1354 ἡσυχαζόντων·
2796 1282 2894 1336 καὶ
2927 1281 3002 1352 μὴ
3037 1280 3128 1334 διά
3151 1280 3249 1350 τὴν
3287 1279 3548 1348 ἀπειρίαν
3587 1278 3699 1341 ἑνὸς
3722 1279 3780 1330 τά

2224 1378 2311 1430 ἴσα
2355 1379 2574 1430 πάντων
2615 1372 3138 1444 καταψηφίζεσθαι,
3190 1371 3282 1424 καὶ
3325 1370 3390 1422 τό
3423 1387 3490 1436 γε
3523 1370 3601 1432 είς
3630 1369 3776 1422 αὐτὸν

2220 1462 2377 1537 ἧκον,
2411 1466 2503 1519 τοῦ
2551 1467 2861 1535 ἀκροτάτου
2895 1464 3012 1534 βίου
3045 1464 3160 1516 καὶ
3189 1463 3289 1532 τῆς
3321 1460 3666 1527 τελειοτάτης
3692 1476 3777 1511 ποι

2222 1557 2432 1620 λιτείας
2481 1558 2606 1619 τοὺς
2661 1555 2986 1625 ἀνθρώπους
3041 1555 3372 1622 ἀποστερεῖν
3419 1551 3491 1604 τά
3540 1552 3638 1602 ούκ
3667 1553 3778 1603 δντα

2226 1648 2729 1716 καταψευδῦμενον,
2765 1647 2861 1700 καὶ
2906 1645 2983 1708 ὡς
3013 1645 3201 1698 κακῶν
3233 1644 3415 1697 αἰτίαν
3446 1643 3781 1696 διαϐάλλοντα

2230 1743 2322 1794 καὶ
2350 1741 2606 1794 πείθοντα
2635 1739 2936 1809 ἀπέχεσθαι
2967 1739 3164 1808 αὐτῆς.
3206 1738 3349 1791 Ἀλλ’
3374 1740 3425 1791 εἰ
3476 1739 3574 1806 μέν
3615 1755 3663 1789 τι
3696 1737 3779 1790 καὶ

545 1828 814 1880 mtinnem
856 1839 1096 1882 sanctam
1165 1841 1218 1884 et
1245 1832 1485 1886 divinam
1523 1834 1772 1900 duceret,
1806 1845 1862 1890 et
1890 1835 1940 1888 ei
1968 1835 2122 1888 obla-

2230 1834 2381 1902 παρὰ
2406 1833 2466 1886 τὸ
2505 1832 2786 1902 προσῆκον
2823 1832 3092 1912 ἡκουσται
3132 1829 3310 1899 αύτῷ,
3339 1832 3407 1898 τῇ
3442 1829 3666 1897 ἀπειρία
3694 1826 3778 1879 τοῦ

547 1927 692 1972 trare
735 1919 1049 1974 desisteret.
1081 1920 1135 1975 Si
1196 1923 1327 1991 quid
1375 1925 1541 1980 etiam
1575 1925 1838 1980 adversus
1874 1928 2119 1980 eamdem

546 2008 742 2062 affectu
772 2026 880 2064 non
903 2016 1044 2065 houo
1071 2028 1098 2065 a
1136 2023 1285 2067 recto
1318 2014 1566 2070 detortus
1595 2017 2034 2086 conscripsisset,
2064 2023 2122 2071 tit

545 2102 856 2169 perditione
882 2102 1129 2170 dignum,
1159 2099 1394 2159 fla'mmis
1419 2105 1682 2173 aboleret.
1701 2107 1812 2162 Nec
1829 2108 1978 2162 enim
2000 2123 2123 2163 esse

548 2193 645 2248 fas,
677 2210 775 2246 nec
799 2195 1097 2246 secundum
1125 2196 1413 2261 rationein,
1435 2201 1743 2267 quemp‘am
1767 2199 2119 2268 geometrica,

548 2281 934 2345 astronomica,
967 2292 1021 2335 et
1048 2300 1401 2339 numerorum
1429 2288 1818 2357 proportiones
1843 2289 2117 2343 volentem

549 2372 860 2439 percipere,
917 2374 1120 2428 nedum
1185 2376 1251 2429 ad
1335 2377 1779 2434 indoctissimum
1820 2421 1834 2444 ,
1889 2381 1983 2436 sed
2053 2381 2120 2435 ad

549 2465 926 2517 doctissimum
951 2471 1243 2530 ventitare,
1279 2469 1332 2522 in
1371 2486 1495 2524 vera
1532 2480 1713 2525 autem
1777 2474 2122 2543 phil050phia

548 2559 606 2605 et
651 2556 960 2623 cognitione
1011 2574 1195 2611 rerum
1237 2561 1536 2615 caelestium
1605 2563 1893 2632 profanum
1923 2582 1987 2620 ac
2011 2582 2120 2620 non

553 2643 826 2698 initiatqu
880 2648 1196 2716 magistrum
1249 2652 1534 2708 adhibere.
1605 2654 1930 2724 Oporluisse
1972 2659 2120 2713 enim

552 2733 708 2786 illum
759 2745 817 2789 ut
855 2738 1266 2808 philosophum,
1302 2753 1352 2796 et
1381 2744 1743 2814 intelligentia
1780 2759 2122 2814 praestantem

551 2827 764 2892 multis,
799 2830 1074 2897 siquidem
1128 2832 1252 2886 talia
1286 2834 1498 2890 discere
1526 2837 1803 2905 cupiebat,
1843 2849 1935 2894 aut
1971 2841 2124 2909 prius

552 2923 814 2987 quaesisse
861 2939 890 2977 a
928 2925 1036 2980 Deo
1089 2929 1398 2998 hujusmodi
1444 2933 1616 3000 gratia
1662 2932 1943 3002 dignatum
1976 2937 2123 3006 (non

552 3015 698 3070 enim
731 3017 968 3071 humano
999 3020 1276 3075 intellectu
1333 3024 1584 3079 studiove
1608 3026 1707 3078 ista
1735 3030 2121 3102 acquiruntur)

552 3118 608 3160 et
637 3107 850 3162 sincero
882 3111 1085 3173 animo,
1120 3123 1286 3182 atque
1311 3115 1378 3167 ab
1409 3115 1557 3168 omni
1587 3117 1922 3186 malignitate
1952 3137 2121 3175 Vacuo

554 3200 838 3262 accedere,
875 3212 930 3255 et
975 3204 1041 3256 de
1091 3205 1292 3272 quibus
1334 3207 1521 3271 vellet,
1554 3224 1747 3278 rogare
1779 3210 1964 3265 doceri
1997 3214 2122 3281 (qui

554 3294 741 3360 utique
772 3294 1084 3348 divinarum
1119 3313 1300 3350 rerum
1328 3315 1552 3368 gnarus,
1583 3309 1639 3353 et
1675 3312 1941 3362 quantum
1980 3307 2132 3372 quis-

553 3400 657 3452 que
691 3386 852 3456 hujus
890 3387 1194 3455 disciplinae
1229 3400 1472 3458 caperet,
1512 3392 1659 3446 haud
1693 3396 1932 3456 nescius,
1977 3397 2130 3465 juxta

554 3477 750 3530 divinae
783 3481 1120 3547 purgationis
1167 3483 1448 3536 modulum
1496 3500 1603 3539 non
1638 3488 1818 3541 statim
1869 3489 1936 3543 ab
1973 3489 2130 3544 initio

555 3583 716 3621 aures
755 3568 1011 3623 “accidas
1055 3569 1282 3627 toniirui
1324 3575 1506 3629 sonitu
1541 3576 1848 3643 imbuisset,
1881 3581 1976 3634 sed
2008 3582 2132 3637 vitae

555 3659 712 3727 prius
739 3662 1112 3728 accuratione,
1143 3665 1423 3735 multaque
1469 3668 1718 3734 scientia,
1747 3669 1907 3739 332
1933 3679 1988 3726 et
2014 3687 2133 3726 om-

559 3751 709 3803 nium
744 3752 1136 3822 cogitationum
1174 3763 1538 3824 terrenarum,
1571 3773 1634 3814 ac
1671 3761 1871 3816 rationi
1901 3776 2133 3819 consen.

557 3843 807 3896 tientium
871 3847 1410 3916 repugnantiumque
1487 3850 1831 3921 depositione
1885 3857 2129 3912 animum

557 3950 862 4004 expurgare
893 3936 1195 3999 docuisset,
1223 3947 1278 3993 et
1305 3940 1376 3993 ita
1401 3941 1467 3994 ad
1492 3957 1643 3996 sacra
1672 3943 1941 3999 vestibula
1971 3947 2134 4018 hujus

559 4024 757 4079 divinae
781 4027 1060 4095 sapientia:
1083 4028 1368 4092 accedere,
1392 4031 1560 4086 multa
1585 4033 1777 4097 Deum,
1795 4035 1961 4090 multa
1989 4039 2134 4093 viros

560 4118 662 4174 hac
712 4119 1048 4188 perfectione
1093 4120 1289 4191 dignos
1338 4122 1561 4179 habitos
1593 4137 1930 4194 precantem,
1970 4137 2029 4182 ut
2063 4131 2131 4184 ad

548 4225 698 4278 Opus
744 4220 852 4264 tam
883 4209 1140 4276 sublime,
1170 4221 1227 4267 et
1259 4213 1497 4267 humana
1544 4214 1804 4271 facultate
1853 4221 2131 4288 superius,

561 4301 881 4371 adiumento
914 4303 1019 4356 sibi
1049 4317 1170 4357 esse
1215 4319 1282 4357 ne
1315 4306 1686 4376 recusarent),
1727 4317 1822 4361 aut
1844 4319 2132 4379 postquam

562 4406 787 4462 propter
831 4394 1098 4448 desidiam
1152 4411 1308 4449 suam
1360 4397 1670 4452 inconsulto
1704 4399 1770 4452 ad
1821 4402 2131 4468 proximum

562 4485 917 4548 accessisset,
951 4486 1198 4540 auditum
1238 4503 1550 4543 sermonem
1583 4489 1730 4544 illius
1761 4491 1992 4547 inscitiae
2030 4496 2130 4549 tri-
2164 4477 2208 4532 D

563 4575 730 4630 tuere
759 4593 774 4630 :
807 4591 910 4630 nec
936 4578 1089 4632 velut
1118 4577 1301 4632 dedita
1343 4594 1534 4648 opera,
1567 4589 1624 4634 et
1658 4589 1915 4650 tanquam
1951 4583 2136 4654 inspe-

564 4677 738 4718 ratum
771 4667 981 4720 lucrum
1010 4683 1074 4721 ea
1103 4669 1270 4723 verba
1302 4673 1564 4738 arripere,
1595 4681 2027 4743 arroganterque
2083 4683 2139 4729 et

563 4758 806 4826 projecte
835 4758 888 4811 in
919 4774 1125 4813 sacram
1152 4761 1390 4829 quietem
1419 4762 1702 4828 invadere,
1723 4771 1779 4817 et
1802 4778 1866 4818 ea
1894 4764 2138 4820 fruentes

563 4848 868 4903 maledictis
892 4851 1274 4917 conscindere,
1293 4854 1641 4924 impostores,
1669 4857 1980 4922 mendaces,
2003 4859 2139 4913 Mas-

562 4940 798 4993 salianos
843 4957 1179 5011 nuncupare,
1216 4958 1284 4997 ex
1314 4959 1380 4998 eo
1423 4946 1568 5013 quod
1614 4947 1860 5002 audisset
1907 4957 2130 5004 sanctos

562 5027 769 5082 lumine
808 5031 1194 5098 circumfundi,
1229 5033 1469 5101 plurium
1503 5038 1960 5092 contumeliarum
1999 5056 2129 5096 ansa

561 5131 776 5190 arrepta
831 5122 1102 5178 videlicet.
1155 5124 1474 5194 Quanquam
1518 5127 1798 5183 doctorem
1845 5130 2012 5185 istum
2061 5133 2129 5187 de

561 5212 682 5268 aliis
726 5213 949 5283 quidem
989 5217 1181 5270 merito
1215 5216 1463 5281 forsitan,
1493 5219 1560 5273 de
1606 5219 1710 5274 hoc
1751 5229 1933 5274 autem
1962 5237 1990 5276 a
2029 5239 2129 5278 ne-

563 5307 709 5355 mine
739 5319 896 5372 posse
931 5304 1278 5372 reprehendi.
1302 5307 1434 5361 Nam
1467 5317 1521 5362 et
1551 5311 1688 5364 alios
1715 5310 1916 5365 multos
1943 5327 2127 5380 perse-

388 5463 403 5471 '
505 5426 531 5447 ο
562 5392 799 5446 ςιιιὶιιιιίε
841 5395 1177 5462 temporibus
1209 5411 1309 5464 pro
1354 5397 1570 5452 Christo
1618 5399 1962 5464 dimicantes,
2023 5400 2126 5454 hoc

565 5482 810 5540 divinum
841 5485 1024 5540 lumen
1052 5489 1386 5544 convestisse
1421 5490 1557 5561 {77),
1591 5497 1648 5544 et
1691 5500 1936 5544 sanctum
1958 5489 2128 5545 Anto-

2223 1927 2476 1988 είπόντος
2515 1924 2997 1994 προσλογίζεσθαιο
3037 1922 3212 1990 αὐτὴν
3257 1921 3314 1973 δὲ
3360 1921 3618 1989 ἡγεῖσθαι
3650 1920 3777 1972 θεῖόν

2223 2035 2275 2069 τι
2299 2017 2488 2086 χρῆμα
2513 2017 2611 2086 καὶ
2642 2017 2687 2067 ίε
2699 2016 2813 2081 ρδν.
2843 2017 2939 2068 καὶ
2967 2014 3061 2068 τοῦ
3091 2032 3150 2068 τε
3182 2013 3305 2067 κατ’
3331 2013 3507 2083 αὐτῆς
3527 2011 3777 2065 παύεσθαι

2476 2083 2638 2161 Ἀλλά
2690 2107 2784 2160 καὶ
2813 2105 2868 2159 εί
2928 2123 2984 2158 τι
3032 2104 3441 2175 συναρπασθεὶς
3491 2102 3778 2173 συνέγραψε

2224 2202 2344 2254 κατ’
2393 2200 2587 2269 αὐτῆς,
2639 2200 2716 2262 ὡς
2767 2197 3044 2261 ἀπωλείας
3077 2197 3206 2265 ἀξια
3239 2197 3596 2268 παραδιδόναι
3639 2195 3779 2265 πυρί.

2225 2293 2361 2348 Οὐδὲ
2392 2292 2499 2361 γὰρ
2531 2293 2697 2357 ὅσιον,
2732 2292 2854 2344 οὐδὲ
2885 2292 3080 2360 ,ἄλλως
3105 2290 3237 2345 νοῦν
3269 2290 3424 2360 ἔχον,
3449 2290 3776 2360 γεωμετρίαν

2228 2386 2327 2454 μὲν
2385 2388 2482 2439 καὶ
2550 2375 2955 2456 ἀστρονομίαν,
3019 2382 3118 2436 καὶ
3171 2381 3429 2453 ἀριθμῶν
3501 2381 3778 2448 ἀναλογίας

2225 2479 2549 2550 βουλόμενόν
2593 2495 2718 2532 τινα
2763 2475 3175 2532 ἐκδιδάσκεσθαι
3207 2476 3284 2546 μὴ
3306 2474 3387 2545 τῷ
3411 2474 3778 2545 ἀμαθεστάτῳ,

2222 2570 2359 2623 ἀλλὰ
2394 2570 2470 2640 τῷ
2497 2568 2790 2634 δεινοτάτῳ
2816 2569 2948 2638 περὶ
2975 2566 3150 2620 ταῦτα
3171 2564 3384 2637 φοιτᾷν·
3417 2565 3518 2636 τῆς
3543 2565 3598 2618 δὲ
3626 2565 3778 2626 ὅντως

2227 2660 2569 2728 φιλοσοφίας,
2620 2659 2717 2712 καὶ
2765 2659 2869 2726 τῆς
2927 2655 3059 2724 περὶ
3116 2655 3396 2726 ούρανίιυν
3452 2654 3778 2726 πραγμάτων

2224 2751 2481 2820 γνώσεως
2542 2750 2622 2819 τῷ
2679 2748 2811 2818 περὶ
2871 2747 3049 2800 ταῦτα
3109 2746 3342 2816 ἀμυήτῳ
3395 2744 3632 2815 χρῆσθαι
3653 2742 3778 2796 διδα-

2229 2843 2436 2910 σκάλῳ.
2480 2841 2684 2910 Ἐχρῆν
2719 2839 2828 2912 γάρ
2868 2839 3030 2892 αὐτὸν
3064 2838 3196 2890 ὄντα
3228 2836 3545 2906 φιλόσοφον,
3572 2835 3659 2889 καὶ
3682 2832 3776 2887 τῶν

2228 2934 2440 2990 πολλῶν
2488 2933 2828 3002 ὑπερέχοντα
2887 2931 3128 2993 συνέσει,
3181 2933 3302 2999 εἴγε
3352 2931 3488 2999 περὶ
3542 2927 3776 2981 τοιούτων

2229 3026 2401 3078 ἐδεῖτο
2435 3026 2628 3094 μαθεῖν
2661 3023 3033 3092 πραγμάτων,
3067 3023 3102 3094 ἢ
3142 3022 3415 3093 πρότερον
3451 3018 3776 3091 διερευνησά-

2234 3134 2418 3185 μενον,
2464 3117 2543 3184 τῷ
2589 3117 2739 3186 παρά
2775 3115 2894 3185 Θεῷ
2933 3115 3031 3184 τῆς
3061 3114 3321 3183 τοιαύτης
3372 3113 3596 3182 χάριτος
3637 3111 3780 3179 qiua-

2237 3213 2381 3279 μένῳ
2418 3210 2499 3274 (οὐ
2541 3207 2650 3278 γὰρ
2683 3208 2747 3278 δὴ
2784 3207 3108 3279 ἀνθρωπίνῃ
3161 3223 3224 3274 γε
3273 3205 3497 3258 συνέσει
3531 3203 3563 3271 ἢ
3595 3199 3776 3267 σπουδῇ

2231 3303 2299 3356 τά
2329 3302 2554 3354 τοιαῦτα
2604 3298 2977 3368 περιγίνεται)
3011 3298 3183 3364 ἀδόλῳ
3216 3296 3443 3368 γνώμῃ,
3480 3295 3573 3347 καὶ
3619 3293 3779 3358 πάσης

2231 3392 2632 3462 ἀπηλλαγμένῃ
2664 3390 3005 3460 κακουργίας
3039 3388 3383 3457 προσελθεῖν,
3425 3389 3522 3439 καὶ
3570 3384 3690 3453 περὶ
3713 3377 3777 3432 ὦν

2233 3485 2491 3538 ἐϐούλετο
2549 3483 2758 3538 δεῖσθαι
2807 3483 3002 3552 μαθεῖν
3041 3476 3098 3552 (ἦ
3150 3481 3258 3550 γάρ
3310 3481 3376 3532 ἂν
3413 3480 3612 3539 ἐκεῖνος
3639 3472 3778 3542 σοφδς

2234 3574 2311 3627 ὢν
2352 3575 2421 3628 τὰ
2457 3575 2578 3629 θεῖα
2621 3573 2716 3626 καὶ
2757 3574 2933 3643 μέτρα
2991 3571 3337 3642 μαθημάτων
3369 3570 3589 3638 ἑκάστῳ
3629 3581 3780 3633 προσ·

2235 3667 2443 3737 ήκοντα
2480 3665 2639 3728 είδὼς
2688 3664 2835 3718 κατά
2867 3665 2970 3733 τὴν
3001 3663 3102 3732 τῆς
3132 3661 3462 3732 καθάρσεως
3496 3656 3778 3725 ἀναλογίαν,

2233 3761 2337 3813 οὐκ
2378 3757 2446 3813 ἂν
2497 3756 2887 3810 ξνεπίστευσεν
2921 3755 3062 3826 ἀκοῇ
3114 3753 3291 3825 σαθρᾷ
3325 3753 3558 3823 βροντῆς
3581 3745 3702 3821 ἦχον
3727 3747 3778 3798 ἐκ

2236 3849 2542 3919 προοιμίων
2575 3847 2759 3912 εὐθὺς,
2784 3845 2920 3900 ἀλλά
2941 3844 3058 3915 βίου
3101 3845 3372 3915 πρότερον
3426 3841 3671 3913 ἀκριϐείᾳ
3699 3837 3779 3890 καὶ

2235 3941 2406 4011 πολλῇ
2442 3939 2757 4011 φιλοσοφίᾳ.
2791 3939 2886 3990 καὶ
2925 3936 3119 3990 πασῶν
3152 3936 3360 4006 γηῖνων
3391 3935 3609 3990 ἐννοιῶν
3649 3927 3778 3982 εὐλό-

2234 4052 2347 4103 γων
2389 4050 2450 4085 τε
2491 4032 2586 4085 καὶ
2639 4031 2714 4100 μὴ
2764 4028 3028 4082 τοιούτων
3067 4026 3360 4090 ἀποθέσει,
3400 4027 3500 4098 τὴν
3528 4023 3693 4094 ψυχὴν
3721 4020 3776 4072 ἂν

2236 4126 2504 4198 πρότερον
2553 4125 2792 4188 ἐδίδαξεν
2833 4121 3163 4192 ἐκκαθᾶραι,
3198 4120 3294 4173 καὶ
3318 4120 3466 4173 οὕτω
3493 4118 3598 4170 τῶν
3634 4113 3773 4183 ἱερῶν

2234 4217 2529 4288 προθύρων
2567 4216 2666 4285 τῆς
2697 4214 2848 4276 θείας
2883 4213 3118 4282 ταυτησὶ
3146 4212 3338 4279 σοφίας
3370 4211 3660 4264 ἐπιϐαίνειν
3683 4205 3777 4257 δέο-

2240 4325 2424 4380 μενον,
2465 4309 2561 4379 καὶ
2591 4306 2729 4360 Θεοῦ
2757 4307 2932 4359 πολλὰ
2963 4307 3060 4358 καὶ
3105 4303 3320 4373 ἀνδρῶν
3355 4304 3466 4356 τῶν
3491 4303 3559 4356 τὰ
3581 4297 3776 4354 τοιαῦτα

2235 4400 2500 4454 δύνασθαι
2540 4397 2868 4468 ἠξιωμένων
2939 4394 3276 4467 συνάρασθαι
3324 4395 3464 4464 πρὸς
3523 4391 3583 4445 τδ
3637 4390 3775 4459 ἔργον

2235 4492 2410 4556 οὕτως
2465 4492 2524 4545 ὂν
2584 4490 2823 4560 ὑψηλὸν,
2891 4491 2986 4543 καὶ
3043 4489 3142 4558 τὴν
3197 4487 3546 4558 ἀνθρωπίνην
3629 4485 3776 4550 ὑπερο

2237 4583 2421 4635 ϐαῖνον
2446 4580 2701 4650 δύναμιν)
2725 4594 2742 4610 ⁶
2782 4579 2814 4649 ἢ
2843 4579 3034 4648 ἐπειδή
3065 4595 3129 4646 γε
3167 4578 3257 4632 διὰ
3301 4578 3574 4650 ῥᾳθυμίαν
3603 4576 3775 4642 ἀπερι-

2240 4673 2492 4734 σκέπτως
2523 4670 2602 4741 τῷ
2634 4671 2997 4742 προστυχόντι
3029 4669 3447 4740 προσεχώρησε,
3494 4671 3557 4738 τῇ
3593 4665 3774 4719 ἐκείνου

2238 4765 2451 4836 ἀμαθίᾳ
2523 4761 3001 4833 προσλογίσασθαι
3061 4761 3190 4825 τοὺς
3254 4760 3490 4829 λόγους,
3543 4758 3666 4812 ἀλλά
3714 4752 3776 4822 μὴ

2237 4856 2430 4927 ὥσπερ
2469 4853 2784 4925 ἐξεπίτηδες
2818 4855 3010 4923 ὥσπερ
3038 4857 3185 4915 τινος
3231 4853 3468 4923 ἐρμαίου
3509 4849 3774 4916 λαϐόμενον

2237 4949 2346 5003 τῶν
2379 4949 2579 5015 λόγων,
2631 4945 2880 5010 αὐθαδῶς
2937 4938 3033 4998 καὶ
3068 4943 3318 5015 θρασέως
3362 4945 3485 4997 κατ’
3513 4942 3669 5007 αὐτῆς
3694 4936 3774 5003 τῆς

2241 5041 2394 5112 ἱερᾶς
2424 5038 2674 5110 χωρῆσαι
2701 5036 2958 5109 ἡσυχίας,
2992 5036 3087 5089 καὶ
3120 5038 3235 5099 τοῖς
3269 5035 3598 5106 ἡσυχάζουσι
3629 5027 3774 5083 πολλά

2245 5131 2689 5204 προστρίψασθαι
2728 5129 2907 5198 ὀνείδη
2935 5167 2951 5193 ,
2991 5128 3319 5191 ἀπατεῶνας
3367 5129 3650 5187 καλοῦντα,
3696 5117 3774 5214 ac}

2242 5217 2608 5289 ψευδομένους
2651 5215 2920 5270 καλοῦντα
2959 5217 3055 5269 καὶ
3103 5215 3519 5278 Μασσαλιανοὺς
3546 5251 3561 5278 ,
3592 5215 3650 5265 ἐκ
3691 5223 3770 5259 του

2245 5309 2362 5376 φῶς
2415 5307 2884 5378 περιαστράπτειν
2937 5308 3066 5371 τοὺς
3122 5309 3313 5375 ἁγίους
3361 5306 3645 5378 ἀκηκοέναι
3691 5297 3773 5358 τὰς

2245 5400 2502 5471 ἀφορμὰς
2549 5401 2810 5469 εἰληφότα
2864 5400 2973 5452 τῶν
3025 5399 3238 5454 πολλῶν
3298 5397 3590 5469 λοιδοριῶν⁹
3617 5391 3771 5447 καίτοι

2244 5507 2309 5557 γε
2349 5490 2429 5559 τῷ
2463 5490 2759 5557 διδάξαντι,
2792 5491 2922 5560 περὶ
2952 5489 3131 5544 ἀλλων
3175 5493 3277 5560 μὲν
3318 5492 3382 5544 ἀν
3404 5505 3484 5552 τις
3535 5485 3774 5557 μέμφοιτο

1836 5597 2049 5659 Jaéobi
2087 5600 2350 5660 Pontani
2382 5608 2571 5661 notae.

642 5689 757 5760 (77)
797 5692 910 5772 lloc
959 5713 1023 5750 ex
1055 5699 1309 5772 historiis
1335 5711 1634 5772 martyrum
1667 5710 1832 5770 patet,
1861 5701 1914 5754 in
1940 5701 2142 5769 quibus

572 5763 994 5827 perﬂuelcgas.
1021 5783 1113 5822 cos
1144 5779 1269 5824 ante
1300 5763 1538 5828 indicu'ni
1568 5763 1882 5833 tribunalia,
1910 5763 1970 5824 et
1994 5772 2134 5825 inter

2252 5718 2445 5758 manus
2487 5704 2809 5758 carniﬁcum
2845 5705 3055 5762 caelesti
3092 5703 3326 5773 quodam
3373 5697 3647 5771 splendore
3677 5705 3767 5773 clrf

2244 5773 2526 5829 cumfusos
2575 5773 2744 5829 fuisse
2780 5794 2792 5831 :
2825 5791 2935 5835 uno
2965 5770 3120 5836 signo
3148 5777 3290 5831 Deus
3318 5770 3442 5830 suos
3490 5782 3601 5823 esse
3631 5770 3769 5818 testes
