4122 6296
412 351 524 414 6’9

1581 353 1871 413 HlS’l‘Ol’.
1886 350 2138 410 lARUM
2174 355 2404 416 LIBER
2446 357 2521 418 If.

3560 355 3667 418 670

412 462 660 526 δικαίως,
690 465 818 529 περὶ
855 461 1044 515 τούτου
1075 462 1133 516 δὲ
1163 462 1607 525 οὖδείς.“Ἀλλους
1656 483 1712 518 τε
1748 467 1856 532 γὰρ
1897 480 1988 514 πε-

2107 464 2242 519 tium
2299 483 2405 520 nou
2432 475 2622 520 contra
2649 477 2926 537 tyrannos,
2946 464 3040 520 sed
3064 473 3253 520 contra
3275 464 3666 534 daemonasUS)

416 551 723 621 ριήστραψε
756 551 991 614 πολλοὺς
1039 553 1100 604 τὸ
1148 551 1292 606 θεῖον
1325 551 1484 604 τοῦτο
1513 555 1625 621 φῶς
1656 557 1715 604 ἐν
1746 557 1856 611 τοῖς
1890 551 1984 603 τοῦ

412 643 654 710 διωγμοῦ
687 645 900 712 καιροῖς
940 644 1381 712 ἀγωνιζομένους
1417 645 1558 713 ὑπὲρ
1587 646 1831 715 Χριστοῦ
1855 685 1870 709 ,
1897 647 1990 697 καὶ

427 731 708 785 Ἀντώνιον
749 731 840 785 τὸν
871 732 1037 792 θεῖον,
1068 733 1130 784 οὐ
1167 733 1304 804 πρὸς
1325 735 1647 804 τυράννους,
1679 733 1815 786 ἀλλά
1861 735 1990 796 τοὺς

414 821 753 889 δεινοτέρους
789 821 1071 891 τυράννων
1094 822 1354 892 δαίμονας
1384 823 1884 894 παρατεταγμένον.
1915 823 1991 884 ὡς

416 910 482 961 ἐκ
509 911 617 962 τῶν
644 914 772 980 περὶ
796 913 966 964 αὑτοῦ
1004 915 1520 984 συγγεγραμμένων
1559 915 1739 978 ἔξεστι
1777 914 1988 984 μαθεῖν,

419 1003 480 1054 οὑ
518 1002 625 1071 μὴν
663 1003 779 1056 ἀλλ’
808 1007 857 1056 εἰ
879 1007 957 1057 δεῖ
984 1007 1080 1058 καὶ
1112 1005 1288 1059 ταῦτα
1316 1007 1494 1059 πάντα
1522 1007 1992 1078 παραδραμόντας

425 1092 563 1156 πρὸς
615 1091 674 1144 τὸ
721 1094 939 1161 πρῶτον
996 1095 1354 1164 παράδειγμα
1397 1096 1758 1167 ἀναδραμεῖν,
1806 1098 1992 1166 σαφῶς

426 1184 645 1246 ἐξέσται
693 1183 787 1235 τοῦ
833 1184 1060 1237 δυνατὸν
1111 1180 1392 1248 εἶναιτοῖς
1423 1190 1757 1256 σωματικοῖς
1791 1188 1986 1257 ὀφθαλ-

427 1276 552 1340 μοῖς
583 1273 725 1328 θεῖον
771 1278 864 1327 καὶ
894 1276 1149 1328 ἀκτιστον
1173 1277 1290 1345 φῶς
1319 1277 1620 1348 θεάσαρθαι
1651 1279 1748 1347 τὴν
1776 1279 1994 1333 ἀπόδει-

425 1363 506 1426 ξιν
552 1365 758 1420 λαϐεῖν.
792 1365 1132 1435 Παραλαϐὼν
1180 1369 1309 1436 γὰρ,
1353 1371 1539 1438 φησὶν,
1589 1371 1614 1422 δ
1643 1373 1858 1438 Κύριος·
1887 1371 1994 1440 πρὸ

422 1455 518 1506 τοῦ
564 1457 769 1519 πάθους
825 1459 953 1520 τοὺς
1010 1459 1342 1529 προκρίτους
1389 1461 1496 1512 τῶν
1543 1461 1834 1530 μαθητῶν,
1898 1463 1994 1514 καὶ

426 1548 666 1602 ἀνελθὼν
712 1549 806 1602 ἐπὶ
845 1549 1070 1619 θαϐὼρ,
1111 1552 1515 1621 μετεμορφώθη
1550 1553 1860 1621 ἔμπροσθεν
1893 1554 1992 1605 αὑ-

424 1638 534 1688 τῶν
590 1639 684 1689 καὶ
734 1638 942 1709 ἔλαμψε
984 1641 1044 1692 τδ
1085 1641 1376 1710 πρόσωπον
1426 1643 1590 1695 αὑτοῦ
1651 1644 1725 1703 ὡς
1763 1643 1992 1713 ὁῆλιος.

429 1722 506 1779 Οὗ
552 1731 626 1796 μὴ
668 1730 931 1799 φέροντες
957 1733 1056 1800 τὴν
1097 1732 1463 1801 λαμπρότητα
1488 1735 1620 1804 ὁρᾷν
1647 1735 1697 1786 oi
1730 1734 1993 1802 μαθηταὶ,

2093 557 2339 624 tyrannis
2371 557 2753 611 horribiliores
2789 558 2842 610 in
2889 557 3006 611 acie
3040 565 3300 619 stantem,
3339 556 3390 609 id
3425 557 3572 626 quod
3600 572 3667 610 ex

2091 647 2321 700 historia
2353 649 2470 717 ejus
2503 649 2626 702 vitae
2663 657 2866 718 pateat.
2901 649 3107 704 Verum
3142 649 3445 713 enimvero,
3485 649 3529 701 si
3582 647 3672 702 his

2089 735 2347 804 omnibus
2370 737 2665 806 praeteritis
2696 738 2762 791 ad
2788 738 3028 806 primum
3075 739 3356 807 exemplar
3385 753 3674 791 recurren-

2091 825 2220 878 dum
2253 827 2534 894 slt,1)ossc
2584 825 2698 880 fieri
2746 833 2806 879 ut
2853 825 3029 879 oculis
3078 827 3366 894 corporeis
3399 826 3672 894 quispiam

2091 913 2338 967 divinum
2388 922 2443 967 et
2506 915 2812 970 iucreatum
2860 915 3043 968 lmen
3094 915 3517 983 contempletur,
3549 931 3674 984 per-

2093 1004 2282 1073 spicue
2305 1005 2682 1059 demonstrare
2712 1005 2899 1059 licere.
2929 1006 3323 1074 Evangelistam
3353 1006 3504 1059 enim
3536 1007 3675 1059 scri-

2096 1097 2255 1160 bere,
2289 1097 2581 1150 Dominum
2609 1104 2734 1149 ante
2764 1107 2993 1150 mortem
3027 1111 3180 1150 suam
3212 1095 3489 1165 principes
3519 1096 3674 1150 disci-

2093 1189 2258 1258 pulos
2296 1190 2699 1258 assumpsissc:
2733 1198 2934 1243 etcum
2963 1186 3307 1241 ascendisset
3340 1185 3393 1238 in
3431 1197 3671 1240 moatem

2093 1280 2336 1344 Thabor,
2377 1280 2820 1351 transfiguratum
2861 1295 2981 1334 esse
3012 1287 3138 1333 ante
3164 1293 3280 1342 eos,
3302 1279 3676 1346 resplenduis-

2093 1387 2260 1438 seque
2306 1371 2502 1426 faciem
2553 1372 2674 1441 ejus
2726 1373 2870 1426 sicut
2931 1372 3125 1426 solem.
3180 1369 3350 1436 Cujus
3405 1369 3671 1438 fulgorem

2095 1461 2396 1530 discipulos
2425 1477 2532 1515 non
2563 1463 2902 1517 sustinentes
2940 1461 3161 1524 intueri,
3200 1461 3254 1513 in
3289 1469 3489 1512 terram
3529 1459 3674 1513 ceci-

2096 1550 2340 1604 disse.Si
2369 1551 2630 1620 igiturilli
2650 1561 2706 1604 et
2734 1551 3008 1618 homines,
3038 1557 3095 1603 et
3126 1549 3306 1603 adhuc
3337 1548 3670 1617 imperfecti,

2096 1641 2522 1710 circumfulgeus
2570 1642 2719 1708 ipsos
2763 1640 3010 1693 divinum
3059 1648 3115 1694 et
3148 1640 3463 1693 increatum'
3487 1638 3673 1692 lumen

2098 1733 2283 1786 videre
2318 1741 2633 1802 potuerunt,
2679 1731 2812 1800 quid
2847 1731 3046 1784 mirum
3096 1731 3141 1783 si
3175 1741 3230 1784 et
3272 1745 3420 1784 nunc
3459 1737 3678 1783 sanctos

428 1819 732 1870 κατέπεσον
767 1821 856 1872 ἐπὶ
889 1821 987 1892 τὴν
1030 1821 1153 1889 γῆν.
1191 1823 1250 1874 EE
1290 1821 1384 1876 οὖν
1415 1824 1680 1887 κάκεῖνοι,
1713 1823 1994 1894 ἄνθρωποί

2107 1841 2337 1894 superne
2364 1839 2393 1878 a
2419 1825 2527 1878 Deo
2551 1824 2908 1878 collustratos
2933 1821 3183 1876 dicamus
3203 1821 3388 1876 lumen
3413 1822 3677 1874 cernere?

428 1928 486 1962 τε
520 1911 669 1974 ὄντες
691 1954 704 1976 ,
737 1914 830 1964 καὶ
878 1912 960 1966 ἔτι
995 1913 1346 1983 ἀτελέστερον
1383 1916 1758 1986 διακείμενοι,
1803 1919 1862 1969 τὸ
1905 1935 2001 1969 πε-

433 2003 780 2073 ριαστράψαν
832 2005 1032 2069 αὐτοὺς
1071 2006 1214 2059 θεῖον
1244 2009 1338 2059 καὶ
1367 2007 1624 2061 ἀκτιστον
1657 2008 1771 2076 φῶς
1807 2008 2002 2077 ἠδυνή-

433 2093 605 2160 θησαν
649 2093 801 2157 ἰδεῖν,
849 2093 901 2146 τί
953 2093 1266 2164 Θαυμαστὸν
1301 2097 1350 2148 εί
1387 2098 1480 2149 καὶ
1523 2097 1620 2151 νῦν
1647 2099 1772 2160 τοὺς
1811 2098 2001 2166 ἁγίους

435 2186 678 2252 φαίημεν
713 2185 828 2252 φῶς
858 2187 990 2254 ὁρᾷν
1025 2186 1229 2240 ἀνωθεν
1271 2188 1711 2258 ἐλλαμπομένους
1745 2191 1808 2242 ὲκ
1841 2190 1997 2255 Θεοῦ;

429 2275 525 2328 Λό
583 2264 644 2344 δή
697 2292 790 2327 σου
839 2277 934 2328 Li.
970 2275 1202 2344 δεόμεθα
1250 2280 1379 2348 περὶ
1426 2281 1534 2332 τῶν
1576 2280 1832 2333 τοιούτων
1862 2283 2001 2352 μήτε

430 2366 614 2431 λέγειν
639 2406 652 2429 ,
699 2368 834 2436 μήτε
880 2373 1265 2438 λογογραφεῖν,
1295 2371 1369 2431 ὡς
1411 2371 1569 2438 ὀλίγα
1610 2372 1642 2442 ἢ
1677 2373 1829 2425 οὐδὲν
1874 2374 2003 2442 περὶ

373 2496 378 2501 .
433 2456 617 2510 αὐτῶν
645 2458 846 2510 ετδότα·
878 2459 1015 2512 ἀλλά
1060 2464 1154 2514 καὶ
1185 2461 1253 2513 τὰ
1286 2463 1654 2531 γεγραμμένα
1693 2464 2000 2532 ἀφανίζειν,

435 2547 510 2610 ὡς
543 2548 756 2607 πολλοῖς
782 2548 933 2602 αἴτια
963 2552 1171 2622 βλάϐης
1201 2553 1556 2622 παρεσόμενα
1586 2554 1645 2607 οὐ
1678 2557 1777 2624 τῆς
1803 2555 2001 2625 τυχού-

438 2653 557 2703 σης.
603 2637 852 2690 Τοιαῦτα
915 2641 1014 2708 μὲν
1068 2642 1374 2711 Γρηγόριος
1413 2645 1512 2696 καὶ
1561 2645 1610 2696 oi
1657 2647 1788 2714 περὶ
1845 2647 2007 2698 αὑτὸν

437 2725 894 2794 διεπρεσϐεύοντο
920 2733 1056 2799 πρὸς
1089 2732 1373 2801 Βαρλαὰμ,
1405 2735 1643 2802 οἰόμενοι
1673 2736 1772 2804 τὴν
1799 2737 2004 2804 παραί-

437 2832 583 2878 νεσιν
618 2817 766 2888 αὑτῷ
793 2820 893 2889 τὴν
932 2821 1313 2891 γλωσσαλγίαν
1360 2825 1603 2892 στήσειν.
1641 2824 1716 2876 Τὸ
1762 2824 1806 2876 δ’
1840 2829 2004 2879 ἐναν-

439 2908 570 2971 τίως
599 2910 629 2978 ἢ
664 2911 819 2964 αὐτοὶ
849 2911 1114 2982 ᾠήθησαν
1142 2915 1344 2985 ἀπέϐη.
1390 2915 1474 2978 Ὠς
1510 2915 1619 2986 γὰρ
1656 2916 1782 2978 τοὺς
1811 2915 2006 2982 λόγους

442 3000 470 3050 ὁ
504 3001 825 3070 πρεσϐεύων
858 3003 998 3073 διῄει
1046 3005 1186 3074 πρὸς
1233 3005 1424 3065 αὑτὸν.
1459 3007 1518 3058 ἐν
1551 3006 1652 3075 μὲν
1681 3009 1795 3068 τοῖς
1822 3005 2006 3072 ἀλλοις

440 3093 679 3161 ἡσυχίαν
711 3090 836 3186 ἦγε·
868 3096 929 3148 τὸ
975 3097 1032 3148 ἐν
1074 3096 1342 3168 Θαϐωρίῳ
1368 3099 1422 3150 δὲ
1451 3098 1675 3168 λάμψαν
1707 3101 1823 3168 φῶς
1857 3101 2008 3155 ἀκτι-
2031 3123 2078 3186 C

443 3198 566 3266 οῖον
601 3184 859 3249 ἀκούσας,
905 3186 1016 3255 Τῆς
1049 3187 1302 3253 ἀτοπίας,
1334 3189 1595 3259 ἀνεϐόησε
1615 3207 1628 3219 ·
1655 3192 1867 3245 καπνὸν
1896 3195 1964 3261 γᾶ
1977 3209 2007 3262 ρ

442 3277 757 3342 φεύγοντες,
782 3277 1228 3346 ἐμπεπτώκαμεν
1261 3281 1342 3343 εἰς
1384 3281 1515 3352 πῦρο
1557 3283 1752 3351 ἄκουε,
1786 3285 2009 3355 οὖρανὲ,

443 3369 536 3420 καὶ
565 3368 846 3432 ένωτίζου,
877 3371 908 3440 ἡ
942 3370 1034 3438 γῆ·
1065 3369 1124 3430 τὸ
1147 3373 1202 3422 έν
1231 3371 1429 3440 Θαϐὼρ
1461 3375 1574 3440 φῶς
1607 3375 1883 3443 ἀκτιστον,
1917 3378 2012 3431 καὶ

441 3461 493 3520 τί
550 3459 676 3512 ἄλλο
722 3459 924 3528 ἢΘεὶς
973 3460 1096 3512 καθ’
1141 3462 1319 3531 apag;
1380 3463 1546 3516 Οὐδὲν
1608 3466 1714 3531 γὰρ
1756 3465 2012 3520 ἀκτιστον

446 3553 530 3604 ὅτι
582 3549 659 3619 μὴ
713 3549 942 3612 Θεόςοεί
989 3549 1082 3603 οῦν
1116 3553 1254 3624 μήτε
1309 3552 1512 3622 κτίσμα
1555 3554 1615 3608 τὸ
1656 3557 1771 3622 φῶς
1811 3557 2008 3621 έκεῖνο,

447 3644 585 3712 μήτε
635 3643 769 3695 Θεοῦ
817 3643 974 3694 οὐσία
1033 3644 1204 3714 (Θεὸν
1237 3646 1344 3713 γὰρ
1387 3645 1588 3712 οὐδεὶς
1644 3647 1868 3714 ἑώρακε
1897 3647 2014 3702 πώ-

447 3734 636 3801 ποτε).
673 3736 725 3786 τί
777 3735 962 3788 λοιπὸν
1014 3735 1047 3805 ἢ
1091 3735 1211 3789 δυσὶ
1263 3737 1550 3807 λατρεύειν
1598 3737 1764 3802 θεοῖς,
1794 3741 1876 3792 ἐνί
1913 3740 2013 3809 μὲν

446 3829 525 3895 τῷ
553 3827 776 3879 πάντων
808 3827 1154 3897 δημιουργῷ,
1193 3827 1252 3880 ὃν
1303 3828 1398 3879 καὶ
1439 3827 1670 3896 ἀόρατον
1701 3831 1811 3892 πᾶς
1835 3848 1916 3893 τις
1947 3832 2015 3884 ἂν

452 3917 832 3987 ὁμολογήσειε,
876 3918 1118 3988 δευτέρῳ
1156 3917 1212 3976 δὲ
1258 3918 1336 3986 τῷ
1391 3919 1514 3971 καθ’
1576 3921 1720 3988 ὑμᾶς
1749 3923 2016 3994 ὁρωμένῳ

448 4009 691 4076 ἁκτίστῳ
746 4007 922 4077 τούτῳ
977 4008 1148 4078 φωτίς
1193 4007 1304 4076 ὲγὼ
1343 4008 1400 4060 δὲ
1442 4007 1569 4060 οὔτε
1609 4010 1873 4081 πρότερον
1901 4012 2016 4066 οὗθ’

449 4100 678 4170 ὕστερον
717 4117 848 4159 ποτε
898 4099 1238 4170 ἀνασχοίμην
1269 4101 1335 4152 ἂν
1366 4101 1615 4153 ὁπωσοῦν
1651 4118 1705 4154 τι
1756 4103 2017 4174 διαφέρον

449 4189 553 4258 τῆς
581 4190 769 4252 οὐσίας
807 4189 899 4241 τοῦ
932 4187 1067 4242 Θεοῦ
1094 4189 1348 4244 ἀκτιστον
1385 4189 1658 4261 ἡγεῖσθαι.
1696 4190 1789 4244 Ἐκ
1810 4194 2018 4248 τούτων

450 4273 653 4350 ὁητῶν
707 4282 880 4349 λόγων
932 4280 1120 4352 ὥσπερ
1157 4283 1460 4352 ἀφετηρίας
1509 4283 1792 4354 ὁρμηθεὶς,
1845 4286 2019 4343 πολλὰ

451 4377 546 4427 καὶ
601 4370 720 4426 εἷπε
794 4374 891 4426 καὶ
935 4375 1316 4444 συνεγράψατο
1369 4378 1514 4429 κατά
1568 4377 1606 4429 Γ
1614 4380 1871 4450 ρηγορίου
1922 4383 2017 4435 καὶ

2101 1917 2367 1981 Quocirca
2408 1931 2467 1970 se
2499 1917 2896 1969 illum‘oratum
2949 1914 3083 1966 velle
3125 1921 3187 1966 ut
3213 1912 3281 1966 de
3318 1911 3403 1966 his
3432 1911 3598 1964 rebus
3623 1917 3679 1963 et

2099 2007 2375 2077 loquendo
2406 2019 2458 2061 et
2478 2007 2767 2062 scribendo
2796 2005 3182 2075 superscdeat;
3217 2003 3420 2073 quippe
3477 2001 3572 2070 qui
3609 1999 3678 2053 de

2101 2100 2169 2153 iis
2195 2115 2393 2167 pauca,
2433 2108 2526 2152 aut
2553 2098 2689 2150 nihil
2715 2098 2955 2158 noverit,
2984 2097 3094 2149 imo
3125 2109 3256 2148 vero
3282 2094 3447 2148 etiam
3475 2091 3678 2160 scripta

2094 2192 2229 2262 jam,
2265 2202 2316 2243 ut
2349 2190 2536 2242 multis
2570 2204 2676 2241 non
2723 2187 3020 2257 vulgariter
3067 2185 3344 2247 nocitura,
3373 2181 3675 2251 disperdat.

2103 2282 2228 2334 llaec
2249 2280 2545 2349 Gregorius
2586 2287 2641 2331 et
2669 2277 2802 2332 socii
2829 2276 3110 2330 Barlaatno
3127 2289 3224 2343 per
3246 2281 3676 2332 oratorem,eum

2103 2386 2234 2440 spe,
2288 2370 2717 2440 admonitionem
2745 2368 2887 2420 hanc
2923 2364 3277 2435 petulantiam
3318 2362 3436 2430 ejus
3480 2359 3680 2427 lingua:

2103 2462 2492 2515 coercituram.
2528 2457 2684 2524 Quod
2731 2471 2890 2511 secus
2939 2453 3146 2509 evenit.
3190 2451 3262 2508 Ut
3288 2449 3436 2506 enim
3469 2449 3680 2516 legatus

2104 2552 2325 2606 Patrum
2355 2551 2520 2604 verba
2570 2549 2619 2603 ei
2663 2531 2975 2609 recensuit,
3004 2543 3072 2599 ad
3119 2552 3315 2597 caetera
3353 2539 3576 2608 quidem
3614 2553 3675 2591 se

2105 2645 2417 2707 continuit,
2453 2643 2634 2696 lucem
2670 2647 2853 2694 autem
2899 2637 2952 2690 in
2987 2634 3209 2689 Thabor
3247 2634 3544 2686 incrcatam
3581 2643 3683 2681 au-

2104 2736 2261 2791 diens
2290 2776 2304 2800 ,
2333 2734 2378 2790 0
2419 2748 2533 2788 rem
2567 2730 2895 2795 absurdam,
2938 2727 3102 2798 333
3130 2724 3432 2787 exclamat,
3472 2720 3683 2774 fumum

2105 2823 2253 2878 enim
2277 2822 2564 2892 fugientes,
2599 2821 2653 2874 in
2684 2820 2863 2888 ignem
2894 2815 3220 2869 incidnnus.
3254 2811 3419 2874 Audi,
3453 2807 3682 2870 caelum,

2107 2927 2162 2971 et
2193 2915 2424 2970 auribus
2453 2913 2696 2983 percipe,
2731 2921 2897 2966 terra.
2923 2906 3038 2962 Lux
3065 2906 3120 2959 in
3145 2903 3366 2958 Thabor
3398 2901 3638 2955 increata
3667 2916 3681 2959 ;

2109 3005 2243 3077 quid
2272 3021 2403 3075 ergo
2429 3005 2519 3058 illa
2543 3001 2714 3066 aliud,
2749 3000 2854 3054 nisi
2879 3000 3021 3054 Deus
3049 2993 3352 3051 secundum
3383 2989 3511 3046 vos?
3537 2989 3686 3044 Nihil

2108 3099 2253 3154 enim
2290 3097 2619 3158 incrcatum,
2669 3091 2776 3146 nisi
2810 3089 2972 3144 Deus.
3009 3087 3065 3141 Si
3118 3092 3294 3139 autem
3317 3084 3501 3137 lumen
3550 3081 3686 3134 illud
3757 3107 3780 3117 -

2111 3203 2290 3257 neque
2349 3202 2437 3240 res
2513 3184 2731 3239 condita
2758 3221 2772 3245 ,
2805 3193 2983 3248 neque
3020 3177 3110 3230 Dei
3154 3182 3348 3228 natura
3375 3180 3478 3238 est,
3519 3171 3687 3223 Deum

2111 3281 2249 3332 enim
2298 3293 2448 3331 nemo
2501 3274 2632 3328 vidit
2679 3267 2979 3340 unquam‘,
3027 3264 3157 3336 quid
3213 3262 3484 3330 reliquum
3513 3297 3528 3321 ,
3580 3259 3687 3313 nisi

2111 3387 2210 3426 vos
2257 3369 2474 3424 duobus
2518 3365 2626 3418 diis
2664 3361 2891 3423 servire,
2924 3357 3019 3412 uni
3061 3352 3283 3424 quidem
3325 3351 3573 3406 omnium
3610 3350 3687 3403 fa-

2063 3477 2067 3483 '
2113 3460 2394 3522 bricatori,
2433 3471 2596 3527 quem
2639 3464 2696 3509 et
2733 3449 3184 3521 inaspectabilem
3231 3460 3424 3500 omnes
3455 3443 3688 3498 conﬁte-

2114 3569 2271 3617 mur;
2306 3549 2465 3605 alteri
2493 3563 2626 3602 vero
2655 3560 2724 3599 ex
2752 3541 3023 3598 sententia
3053 3547 3234 3593 vestra
3265 3539 3368 3592 sub
3403 3543 3686 3604 aspectum

2114 3646 2351 3707 cadenti,
2371 3652 2426 3696 et
2449 3642 2692 3694 increato
2711 3636 2908 3691 lumini
2927 3635 2950 3688 ?
2971 3634 3078 3703 Ego
3099 3647 3230 3687 vero
3251 3628 3396 3684 haud
3421 3641 3684 3696 unquam,

2114 3736 2375 3808 quidquid
2428 3731 2644 3787 tandem
2680 3729 2784 3793 sit,
2817 3742 2847 3780 a
2887 3725 3073 3779 diuina
3135 3720 3373 3777 essentia
3410 3718 3688 3772 diversum

2115 3845 2180 3884 ac
2205 3829 2542 3893 discrepans,
2577 3821 2878 3875 inornatum
2911 3815 3238 3872 arbitrabor.
3271 3810 3347 3863 Ex
3380 3809 3467 3862 his
3487 3821 3692 3862 sermo-

2116 3921 2302 3976 nibus.
2347 3916 2499 3970 Velut
2541 3929 2571 3966 a
2615 3910 2931 3964 carceribus
2972 3906 3203 3964 eﬂ‘usus,
3249 3907 3440 3955 contra
3483 3897 3691 3968 Grego-

2117 4013 2259 4067 rium
2301 4007 2549 4074 aliosque
2597 4002 2898 4056 monachos
2964 3997 3134 4051 multa
3185 3993 3356 4048 verbo
3385 3999 3441 4044 et
3484 3991 3692 4058 scripto

2118 4100 2430 4162 blateravit,
2477 4105 2674 4166 praeter
2719 4100 2914 4146 caetera
2953 4088 3117 4143 etiam
3170 4083 3399 4145 διθεῖαν,
3448 4079 3544 4152 [id
3581 4087 3690 4143 est,

2119 4191 2463 4247 divinitatem
2515 4177 2904 4253 duplicatam]
2952 4177 3089 4247 ipsis
3137 4172 3356 4228 crimini
3406 4172 3561 4224 dans.
3619 4168 3691 4221 At

2119 4267 2265 4341 enim
2323 4295 2426 4334 nec
2481 4275 2674 4330 Patres
2731 4287 2789 4327 se
2836 4269 3014 4339 palam
3069 4265 3212 4320 tueri
3267 4261 3583 4332 parcebant,
3639 4269 3695 4314 et

2122 4373 2435 4434 ostendere,
2477 4369 2629 4422 illum
2681 4369 2996 4432 corruptam
3045 4357 3349 4412 doctrinam
3390 4364 3447 4407 et
3509 4351 3692 4405 divina

450 4465 558 4516 τῶν
586 4465 759 4518 ἄλλων
798 4463 1073 4534 μοναχῶν,
1108 4469 1246 4533 πρὸς
1308 4468 1422 4528 τοῖς
1467 4444 1878 4538 πρότερον-καὶ
1931 4473 2007 4525 δι-

2123 4464 2388 4538 sapientia
2410 4460 2645 4515 eruditis
2668 4453 2938 4523 theologis
2961 4450 3291 4538 contrariam
3317 4444 3691 4538 introducere.

451 4558 603 4609 (Ξεῖιν
662 4556 929 4620 ἐγκαλῶν.
983 4557 1058 4610 Οὐ
1110 4559 1218 4626 μὴν
1263 4557 1384 4611 οὐδὲ
1423 4561 1622 4613 ἐκεῖνοί
1671 4579 1735 4630 γε
1776 4565 2021 4633 ἠμέλουν

451 4647 545 4700 τοῦ
579 4649 654 4717 μὴ
675 4649 982 4718 ἀντιλέγειν
1011 4650 1262 4720 φανερῶς
1281 4652 1374 4703 καὶ
1403 4651 1782 4722 διεφθαρμένα
1813 4654 2021 4724 δόγμα..

453 4753 521 4788 τι
551 4739 843 4804 εἰσάγοντα
870 4737 1257 4791 ἀποδεικνύναι
1285 4740 1513 4802 καὶτοῖς
1536 4741 1812 4810 θεοσόφοις
1843 4745 2020 4812 λόγοις

455 4831 694 4883 ἐναντία.
740 4831 1011 4901 Βαρλαὰμ
1061 4829 1118 4896 δὲ
1167 4830 1412 4900 οἰόμενος
1467 4831 1562 4884 καὶ
1613 4833 1722 4893 τῶν
1769 4835 2019 4904 ἀρχαίων

529 4983 544 5008 ¹
585 4975 789 5030 lJoan.
825 4990 898 5038 tv,
935 4973 1021 5027 13.

2121 4530 2438 4614 Barlaamus
2471 4556 2651 4604 autem
2683 4543 2936 4611 antiquos
2967 4539 3132 4594 etiam
3180 4536 3461 4604 theologos
3491 4530 3697 4584 doctri-

2122 4665 2191 4704 na
2236 4654 2291 4701 et
2339 4643 2389 4697 vi
2438 4632 2807 4711 persuadendi
2859 4647 2919 4687 se
2989 4635 3370 4698 superaturum
3430 4621 3693 4684 conlisus,

2119 4734 2445 4795 szantium
2491 4729 2730 4796 navigat,
2755 4721 2950 4779 Joanni
2976 4735 3074 4790 per
3107 4719 3160 4771 id
3193 4728 3410 4784 tempus
3456 4713 3696 4784 patriar-

2116 4797 2232 4893 cha:
2247 4817 2674 4884 commentarios
2693 4829 2822 4872 suos
2838 4819 3027 4868 contra
3049 4808 3346 4863 monachos
3364 4804 3527 4859 tradit
3545 4803 3654 4874 (79)
3677 4839 3694 4864 ,

1725 5067 1941 5129 Jacobi
1972 5063 2242 5133 Pontani
2275 5069 2460 5124 notae.

455 5165 669 5243 sibique
710 5182 966 5241 acceptos
997 5170 1186 5224 testari
1217 5168 1410 5243 voluit.
1449 5167 1653 5243 verum
1705 5169 1838 5243 illud
1881 5170 2022 5225 divi-

457 5237 594 5316 num'
641 5237 1141 5316 laniem-creatum
1175 5237 1447 5316 quoddam
1499 5238 1880 5316 l_umen_,fu_tit,_
1912 5255 2020 5294 non

457 5314 761 5369 divinitatis
789 5311 982 5378 ipsius,
1013 5321 1071 5364 ut
1129 5309 1311 5376 inepte
1345 5317 1400 5360 et
1432 5307 1651 5361 indocte
1688 5307 2023 5363 Fatiocinan-

459 5395 548 5436 tur
580 5385 665 5436 isti
695 5381 964 5444 Graeculi;
994 5394 1117 5432 nam
1148 5386 1203 5431 et
1227 5378 1448 5446 quidam
1481 5379 1725 5446 integros
1755 5378 1926 5432 libros
1957 5395 2021 5432 ea

455 5455 526 5507 de
559 5469 613 5505 re
645 5453 1001 5515 scripserunt.

531 5523 638 5591 (78)
683 5521 810 5573 Post
837 5519 1164 5591 descriptam
1197 5518 1364 5591 hujus
1394 5515 1726 5591 sanctissimi
1761 5515 1860 5591 viri
1889 5532 2031 5591 __pu-

458 5586 771 5662 gn-um'cum
819 5589 1180 5662 da'monibus,
1223 5589 1303 5640 ita
1333 5587 1582 5662 ΔΙιξςὶιιιιιει
1632 5586 1706 5662 in_
1732 5586 1858 5662 ejus
1889 5586 2031 5662 Ytta,

457 5655 616 5714 Eu'us
644 5670 832 5713 auctor
870 5667 956 5712 est
995 5658 1056 5711 D.
1086 5655 1424 5712 Athanasius
1451 5675 1464 5709 :
1500 5655 1620 5709 Non
1656 5655 1850 5708 oblitus
1880 5655 2036 5708 Iesus

458 5680 840 5784 cofluctatiouis
861 5731 994 5782 servi
1018 5729 1122 5784 sui.
1152 5729 1318 5780 eidem
1335 5734 1594 5784 protector
1620 5726 1787 5784 factus
1814 5734 1910 5778 est.
1941 5725 2036 5779 De-

2120 5171 2276 5236 nique
2304 5179 2424 5236 cum.
2449 5159 2681 5236 ριετὶανέι
2699 5151 2900 5236 οτί²⁶ί⁰³ι
2923 5149 3082 5236 υἱξίὲίη
3111 5141 3698 5236 οὲἰ⁸έί²θι³ἷ.ἓί1³¹;²ἔ.⁷ἷι².,ίῖ’ἱῗ’

2121 5211 2593 5297 ζίὲἱῗνείῄἆίάιιοιίδ
2627 5223 2846 5297 tenebris
2879 5211 3085 5272 radium
3117 5218 3186 5268 ad
3209 5211 3261 5297 se
3299 5213 3432 5265 lucis
3458 5211 3697 5297 inﬂigere.

2273 5278 2708 5371 eius—spiendoris
2739 5293 3043 5371 adventum;
3067 5300 3159 5338 nec
3177 5285 3483 5371 Ιιιιιξληιιοιιιιηι
3509 5278 3700 5371 aliquis
3756 5331 3760 5334 ξ

2124 5351 2398 5446 amas
2430 5351 2478 5417 έε
2510 5364 2743 5446 corporis
2772 5351 3580 5446 deceased:ﬁf’s‘ﬁifff;
3635 5433 3699 5446 ...
3751 5367 3755 5371 ·

2341 5418 2639 5504 ⁷ἀπεδέξω-οὲ,
2664 5433 2762 5485 lib.
2798 5445 2828 5481 x
2859 5444 2885 5508 ε,
2900 5425 3075 5490 Quare
3102 5418 3293 5476 veritus
3324 5418 3605 5508 [far-lixam:
3635 5433 3699 5469 ne

2131 5488 2510 5568 méizlzéhé'rdzz
2554 5488 2800 5554 munibus
2852 5488 3539 5568 discerperetur,“plurimis
3578 5488 3699 5568 jam

2133 5555 2614 5637 Zivé'BIEiié‘Xmo,
2648 5579 2696 5621 et
2748 5555 3122 5637 Thessalonicic
3153 5578 3214 5613 ac
3247 5555 3702 5637 (igizrtntii‘accolis‘

2559 5645 2574 5705 (
2601 5625 2864 5722 putabant
2898 5625 3704 5722 enimliquem-iiiiﬁmjiiﬂm‘q'd

458 5701 840 5784 ἷοίίιιειαιίοιιὶδ
861 5729 1122 5794 servisui,
1152 5701 1318 5780 eidem
1335 5734 1594 5797 protector
1619 5726 1787 5797 factus
1814 5734 1910 5778 est.
1941 5725 2044 5779 De-
2141 5701 2321 5777 omnes
2366 5731 2511 5772 (raise
2569 5701 2868 5782 pertinere)
2916 5701 3558 5762 Constantiuopolitanum
3611 5711 3706 5777 pa-
