4122 6296
259 368 383 427 (573*

1438 364 1980 425 HlSTOliIAltUM
2016 356 2250 428 LIBER
2290 358 2372 431 II.

3431 378 3537 449 ιιι
3570 364 3575 367 ’

257 482 451 545 δείξεις
505 481 613 533 τῶν
664 478 997 548 λεγομένων,
1053 478 1112 531 οὐ
1150 477 1528 548 συλλογισμοῖς
1554 480 1830 550 χρώμενος

1940 479 2228 550 theologia:
2254 481 2559 549 peritorum
2576 482 2864 539 hominum
2890 474 3095 555 effatis,
3122 504 3245 559 quae
3270 489 3379 549 illis
3404 493 3533 566 Spl-

256 576 355 628 καὶ
407 575 811 643 γεωμετρικαῖς
865 571 1133 640 ἀνάγκαις
1190 571 1331 642 (esse
1369 572 1475 642 γὰρ
1515 567 1630 624 οἷόν
1681 589 1739 624 τε
1772 574 1834 624 ἐκ

256 668 368 720 τῶν
394 664 517 720 καθ’
547 666 694 735 ἡμᾶς
739 664 1122 718 ἀποδεικνύναι
1168 665 1236 716 τά
1280 663 1421 734 ὑπὲρ
1462 664 1630 745 ἡμας)
1656 705 1671 729 ,
1697 662 1836 716 ἀλλά

258 762 369 822 τοῖς
397 759 575 827 λόγοις
608 757 716 810 τῶν
755 757 929 824 ἁγίων
979 757 1074 809 καὶ
1095 754 1363 823 θεολόγων
1384 754 1613 824 ἀνδρῶν,
1651 753 1743 816 οὓς
1774 753 1834 805 τὸ

258 849 484 918 Πνεῦμα
532 847 594 900 τὸ
628 845 783 915 ἅγιον
823 846 1162 916 ἐχρημάτισε
1215 845 1285 898 δι’
1315 845 1515 911 αὐτῶν,
1568 836 1612 912 ᾧ
1656 845 1834 898 πάντα

257 942 567 1011 ἑρευνᾶται,
601 941 693 993 καὶ
740 941 807 993 τά
834 938 976 1010 βάθη
1017 937 1111 991 τοῦ
1156 937 1292 990 Θεοῦ
1314 953 1330 967 ⁸
1362 938 1653 990 ἀπεδείκνυ
1684 955 1743 990 τε
1770 939 1835 991 ἐκ

260 1032 472 1085 πολλῶν
505 1031 615 1084 τῶν
664 1030 975 1100 λεγομένων
1006 1030 1066 1082 τὸ
1115 1029 1254 1083 κατά
1286 1029 1347 1082 τὸ
1376 1029 1661 1099 Θαϐώριον
1705 1030 1834 1092 τοὺς

262 1123 514 1193 μαθητὰς
568 1120 988 1191 περιαστράψαν
1045 1122 1161 1189 φῶς
1186 1160 1202 1184 ,
1257 1120 1414 1186 δόξαν
1465 1119 1705 1189 ἄναρχον
1738 1119 1833 1171 τοῦ

258 1217 432 1280 Θεοῦ,
474 1215 569 1268 καὶ¹
607 1215 724 1283 φῶς
753 1214 1030 1281 θεὸτητος,
1071 1212 1165 1265 καὶ
1196 1212 1449 1282 θεότητα,
1476 1204 1571 1264 καὶ
1606 1215 1834 1285 φυσικὸν

261 1309 358 1362 καὶ
379 1309 549 1362 ἀΐδιον
578 1308 675 1361 τοῦ
696 1307 831 1361 Θεοῦ
865 1307 1001 1376 φῶς,
1033 1309 1128 1360 καὶ
1161 1308 1262 1361 ὅσα
1291 1306 1517 1359 τοιαῦτα
1542 1307 1696 1376 παρά
1721 1307 1834 1368 τοῖς

259 1400 532 1467 θεολόγοις
582 1399 974 1469 πιπευόμενὸν
1013 1416 1074 1451 τε
1125 1399 1218 1451 καὶ
1262 1398 1831 1469 προσαγορευόμενον.

258 1485 396 1543 Εἶτα
426 1494 491 1543 ἐκ
536 1490 646 1543 τῶν
694 1490 909 1560 ῥήσεων
963 1488 1070 1542 τῶν
1106 1489 1434 1557 θεολογικῶν
1482 1491 1833 1558 συνεπέραινε

256 1581 355 1634 καὶ
389 1581 572 1646 αὐτὸς,
593 1582 669 1644 ὡς
698 1582 758 1634 τὸ
782 1581 949 1634 ἀΐδιον
978 1583 1072 1639 καὶ
1103 1581 1331 1648 φυσικὸν
1354 1580 1446 1633 τοῦ
1469 1581 1605 1633 Θεοῦ
1632 1582 1733 1634 οὐκ
1766 1582 1831 1635 ἂν

254 1673 344 1742 εῐη
381 1673 618 1739 κτιπδν,
638 1672 760 1726 οὐδὲ
792 1675 825 1743 ή
848 1673 1081 1743 ἄναρχος
1111 1664 1238 1739 δόξα
1271 1675 1365 1726 καὶ
1396 1674 1427 1742 ή
1459 1672 1708 1741 βασιλεία
1738 1672 1833 1725 τοῦ

253 1763 395 1817 Θεοῦ
418 1804 433 1828 ,
485 1763 595 1816 οὐδ’
640 1765 739 1816 ὅσα
784 1764 918 1834 πρὸς
968 1764 1080 1817 τῶν
1117 1763 1383 1833 θεολόγων
1415 1764 1478 1816 τὸ
1511 1763 1625 1831 φῶς
1654 1765 1829 1833 ἐκεῖνο

253 1854 521 1924 ὕμνηται.
568 1856 692 1908 Ἐπὶ
720 1854 931 1917 τούτοις
959 1854 1015 1907 δὲ
1058 1855 1151 1907 καὶ
1175 1855 1268 1907 τὸν
1296 1853 1400 1906 ὑπὸ
1423 1854 1530 1906 τῶν
1560 1855 1701 1906 κατὰ
1737 1854 1825 1906 τὸν

254 1944 416 1997 ’Δθω
448 1943 612 2023 ὁσίων
663 1943 875 2014 ἀνδρῶν
916 1943 1330 2012 συντεθειμένον
1374 1943 1595 2013 παρῆγε
1642 1941 1829 2013 τόμον,

146 2075 150 2078 ι
250 2034 317 2096 ὃς
336 2034 487 2104 αὐτῷ
512 2035 611 2105 μὲν
639 2026 930 2105 συνηγόρει
963 2033 1039 2096 ὡς
1062 2033 1131 2087 τὰ
1162 2033 1253 2088 ἴσα
1300 2035 1411 2095 τοῖς
1468 2032 1643 2101 ἁγίοις
1671 2034 1836 2101 φθεγ-

250 2120 501 2192 γομένῳ.
563 2121 834 2192 Βαρλαάμ
886 2122 943 2174 δὲ
982 2119 1335 2191 βλασφημίαν
1362 2120 1460 2173 καὶ
1512 2120 1835 2187 κακοδοξίαν

246 2212 553 2283 κατηγόρει
586 2213 813 2283 πολλήν.
861 2213 1017 2266 Ἐπεὶ
1047 2213 1106 2267 δὲ
1132 2214 1197 2266 ἐκ
1227 2212 1440 2267 πολλῶν
1463 2212 1573 2266 τῶν
1602 2212 1836 2283 λεγομέ-

247 2323 362 2359 νων
398 2306 433 2375 ή
472 2303 595 2375 νίκη
622 2305 760 2375 πρὸς
797 2305 1099 2375 Γρηγόριον
1134 2304 1412 2359 ἀπέϐλεπε
1442 2307 1537 2359 καὶ
1568 2307 1694 2369 τοὺς
1728 2324 1831 2377 μοι

247 2398 475 2468 ναχοὺς,
511 2398 730 2451 πάντων
767 2397 867 2468 ἢδη
909 2396 1298 2467 πεπεισμένων
1349 2399 1464 2461 τοῖς
1496 2397 1674 2466 ἁγίοις
1704 2398 1835 2453 ἒπε-

246 2486 381 2541 σθαι
414 2488 510 2540 καὶ
541 2487 834 2555 θεολόγοις,
863 2488 959 2540 καὶ
991 2486 1068 2558 μὴ
1096 2491 1211 2549 τοῖς
1240 2491 1306 2542 ὲκ
1347 2489 1554 2552 κοιλίας
1600 2491 1829 2561 είρημὲ-

244 2596 366 2643 νοις
419 2579 707 2650 Βαρλαὰμ,
764 2580 1016 2652 συνεώρα
1060 2598 1119 2633 τε
1162 2584 1258 2633 καὶ
1311 2582 1474 2645 αὐτὸς
1502 2582 1577 2645 ὡς
1621 2585 1723 2637 οὐκ
1766 2584 1833 2637 ἂν

243 2674 557 2741 διαδράσειε
610 2673 708 2742 τῆς
757 2673 1141 2740 γλωσσαλγίας
1189 2675 1285 2726 καὶ
1340 2675 1439 2743 τῆς
1496 2674 1833 2745 βωμολοχίας

246 2765 636 2834 δοῦναιδίκην,
674 2765 754 2836 τῷ
804 2766 1028 2837 μεγάλῳ
1058 2767 1369 2840 δομεστίκῳ
1415 2771 1831 2840 συνεδριάςοντι

247 2858 374 2910 haesi
428 2856 506 2926 τῷ
534 2855 747 2926 βασιλεί
798 2857 1132 2927 προσελθὼν,
1187 2859 1450 2929 σύντομόν
1486 2879 1607 2914 τινα
1651 2863 1834 2932 ῂτείτο

253 2947 641 3029 καιβοήθειαν
674 2950 770 3002 καὶ
802 2948 1002 3020 βουλὴν
1052 2949 1113 3014 ἐξ
1138 2944 1207 3021 ἧς
1250 2952 1352 3022 τὴν
1372 2953 1830 3024 προσδοκωμένην

247 3038 538 3105 διαφυγεῖν
567 3036 784 3101 ἐξέσται
804 3039 989 3109 δίκην·
1020 3042 1047 3093 ὁ
1073 3041 1131 3093 δὲ
1156 3042 1420 3111 πρότερόν
1446 3060 1508 3095 τε
1530 3042 1736 3110 ἔφασκε
1760 3045 1829 3096 τὰ

1939 568 2080 622 ritus
2129 580 2357 624 sanctus
2409 572 2701 640 suggessit,
2756 588 2869 642 quo
2923 577 3109 633 omnia
3169 580 3531 652 indagantur,

1936 660 2103 714 etiam
2141 662 2407 730 profunda
2446 664 2578 730 Dei;
2611 664 2954 737 docebatque
2981 671 3223 739 copiose,
3251 673 3440 729 lumen
3473 676 3531 730 in

1937 750 2177 816 Thabor,
2208 754 2356 822 quod
2391 754 2694 825 discipulos
2731 759 3100 826 collustravit,
3127 777 3250 818 esse
3294 765 3537 835 gloriam,

1938 839 2055 902 Dei,
2080 842 2363 912 principio
2394 856 2696 911 carentem,
2743 857 2798 901 et
2835 850 3174 920 maiestatem
3200 854 3338 924 ejus,
3367 866 3420 910 et
3446 857 3533 910 lu-

1938 945 2061 985 men
2113 932 2435 999 divinitatis,
2497 944 2553 989 et
2599 935 2879 1005 deitatem,
2937 948 2993 996 et
3044 945 3296 1000 naturale
3367 956 3533 1003 aeter-

1936 1035 2178 1089 numque
2233 1022 2328 1077 Dci
2363 1024 2572 1090 lumen,
2633 1035 2690 1081 et
2748 1038 3090 1100 quaecunque
3137 1034 3264 1089 talia
3307 1049 3339 1089 a
3372 1037 3535 1093 theo-
3589 1016 3604 1029 ’

1936 1110 2073 1180 logis
2143 1111 2211 1166 de
2301 1118 2370 1168 eo
2446 1119 2748 1172 creduntur
2827 1121 3214 1192 dicunturque.
3285 1126 3536 1183 POStmo-

1936 1200 2066 1254 dum
2099 1218 2165 1257 ex
2201 1206 2565 1271 pronuntiatis
2622 1207 2946 1280 theologieis
2975 1223 3033 1268 et
3070 1217 3187 1284 ipse
3236 1221 3534 1277 concludeé

1936 1292 2048 1358 bat,
2079 1305 2349 1350 aeternum
2405 1307 2459 1353 et
2490 1303 2739 1356 naturale
2766 1302 2863 1358 Dei
2907 1320 3016 1361 non
3061 1322 3181 1363 esse
3226 1311 3528 1380 conditum,

1937 1402 2038 1439 nec
2079 1387 2198 1457 ejus
2247 1388 2475 1456 gloriam
2527 1403 2584 1447 et
2626 1395 2989 1463 majestatem,
3033 1414 3136 1453 nec
3185 1402 3456 1472 quidquid
3498 1421 3528 1460 a

1938 1480 2207 1551 theologis
2238 1482 2370 1537 illud
2401 1485 2588 1540 lumen
2623 1501 2744 1543 esse
2784 1491 3121 1559 praadicatur
3154 1507 3220 1548 ac
3243 1498 3524 1551 laudatur.

1935 1570 2097 1643 335
2174 1573 2447 1631 Praeterea
2522 1587 2731 1634 tomum
2801 1596 2832 1636 a
2889 1584 3096 1639 sanctis
3169 1586 3305 1642 viris
3380 1589 3527 1659 apud

1944 1665 2090 1720 Atho
2117 1666 2498 1724 habitantibus
2518 1673 2881 1741 compositum
2910 1677 3219 1744 promebat,
3251 1695 3361 1749 quo
3402 1696 3526 1735 eum

1937 1770 2063 1808 cum
2089 1757 2291 1811 sanctis
2321 1762 2634 1815 consentire
2665 1762 2984 1828 docebatur,
3010 1777 3065 1820 et
3090 1767 3356 1823 Barlaami
3385 1771 3531 1826 blas-

1933 1848 2160 1916 phemiae
2179 1864 2546 1920 perversaque
2581 1853 2828 1909 doctrina
2865 1848 3368 1928 ‘redarguebantur.
3392 1860 3527 1916 Cum

1925 1939 2036 2009 jam
2078 1948 2204 2009 post
2233 1940 2450 2012 longam
2487 1944 2923 2015 disputationem
2948 1950 3184 2005 victoria
3216 1952 3282 2006 ad
3320 1952 3533 2024 Grego-

1934 2032 2078 2086 rium
2157 2042 2214 2087 et
2265 2035 2564 2091 monachos
2611 2037 2925 2105 inclinaret,
2971 2042 3360 2113 persuasisque
3407 2044 3530 2098 uni-

1937 2124 2134 2193 versis,
2163 2135 2479 2182 sanctorum
2509 2138 2566 2184 et
2627 2130 3007 2202 theologorum
3039 2134 3264 2202 placita,
3293 2151 3403 2191 non
3430 2152 3529 2191 au-

1937 2224 2046 2271 tem
2070 2231 2134 2271 ex
2170 2219 2399 2273 cerebro
2437 2220 2709 2275 Barlaami
2744 2223 2990 2292 profecta
3041 2236 3352 2281 commenta
3406 2244 3524 2281 am-

1935 2304 2258 2376 plectenda,
2301 2307 2628 2379 videretque
2688 2309 2806 2391 ipse
2838 2352 2853 2377 ,
2902 2327 3014 2367 non
3057 2312 3411 2385 effugiturum
3443 2332 3522 2377 se.

1935 2397 2068 2466 quin
2129 2397 2416 2467 loquacem
2485 2399 2930 2456 maledicentiam
2995 2413 3053 2457 et
3129 2405 3525 2462 scurrilitatem

1938 2504 2092 2544 suam
2125 2490 2321 2555 lueret,
2353 2490 2419 2545 ad
2466 2507 2723 2563 magnum
2800 2493 3164 2549 domesticum
3203 2495 3523 2565 imperaturi

1958 2579 2289 2635 assidentem
2321 2582 2609 2647 accedens,
2642 2584 3111 2653 eompendiarium
3138 2587 3416 2656 quoddam
3455 2588 3525 2642 ab

1934 2683 2000 2724 eo
2046 2669 2310 2724 auxilium
2344 2680 2398 2725 et
2448 2672 2739 2727 consilium
2766 2658 2771 2669 ’
2798 2672 3074 2745 ﬂagitabat
3109 2717 3125 2743 ,
3188 2692 3298 2746 quo
3348 2677 3527 2731 inuni-

1932 2768 2150 2815 nentem
2180 2749 2399 2831 pinnam
2431 2763 2716 2819 evaderet.
2751 2762 2890 2819 Tum
2933 2765 3045 2832 ille,
3071 2776 3126 2820 et
3148 2759 3312 2821 antea
3334 2783 3391 2822 se
3419 2784 3522 2837 op-

1932 2860 2165 2920 portuna
2199 2853 2461 2918 suasisse,
2491 2852 2621 2907 dum
2679 2870 2709 2909 a
2762 2855 2922 2926 longa
2952 2872 3079 2911 eum
3130 2857 3522 2928 digladiatioue

1935 2942 2260 3008 deterreret,
2291 2953 2348 2999 et
2412 2943 2479 2998 ad
2510 2944 2844 3000 credendum
2883 2947 3168 3020 monachis
3196 2989 3211 3015 ,
3246 2958 3433 3018 utpote
3468 2949 3525 3004 in

1931 3032 2019 3088 his
2049 3033 2484 3103 sapientioribus
2515 3035 2835 3093 hortaretur
2885 3057 2898 3093 :
2937 3049 2995 3094 et
3045 3055 3192 3095 nunc
3240 3040 3527 3095 nihilomi-

247 3127 442 3179 δέοντα
464 3125 848 3195 βώσυλεῦσθαι
870 3128 1042 3198 αὐτῷ,
1076 3130 1361 3206 παραινῶν
1386 3132 1485 3202 τῆς
1509 3132 1711 3202 πολλῆς
1738 3150 1830 3203 ιρι·

1935 3138 2040 3181 nus
2066 3140 2381 3191 suasurum,
2404 3125 2785 3199 facturumque
2813 3130 2958 3199 quod
2991 3130 3065 3184 illi
3094 3130 3355 3200 prodesse
3400 3147 3526 3200 pos-

247 3220 528 3283 λονεικίας
554 3221 913 3290 ἀποσχέσθαι,
948 3223 1040 3275 καὶ
1089 3221 1374 3276 πείθεσθαι
1415 3226 1528 3286 τοῖς
1575 3229 1832 3294 μοναχοῐς

244 3309 330 3371 ὡς
358 3310 428 3362 τὰ
447 3309 672 3363 τοιαῦτα
703 3313 1034 3384 σοφωτέροις
1059 3331 1072 3345 ο
1101 3315 1197 3368 καὶ
1227 3314 1322 3367 νῦν
1341 3315 1496 3368 οὐδὲν
1516 3312 1679 3388 ἦττον
1710 3318 1834 3385 βου-

245 3396 545 3451 λεύσεσθαι
576 3398 668 3451 καὶ
702 3400 933 3469 πράξειν
962 3402 1028 3454 τὰ
1052 3402 1370 3456 συνοίσοντα
1393 3403 1533 3472 ὑπὲρ
1559 3404 1744 3458 αὐτοῦ.
1770 3403 1831 3458 Et

132 3490 145 3505 ‘
245 3491 366 3557 γὰρ
393 3489 531 3557 μήτε
560 3489 865 3558 ἀντιλέγειν
895 3491 977 3546 ἔτι
1000 3492 1133 3564 πρὸς
1162 3495 1231 3547 τὰ
1263 3496 1659 3564 προτεινόμενα
1689 3497 1829 3565 ἔχει,

246 3580 491 3655 πέπεικέ
538 3597 598 3634 τε
654 3582 849 3634 ἑαυτὸν
882 3583 957 3646 ὡς
1013 3582 1210 3652 βελτίω
1264 3586 1361 3638 καὶ
1400 3586 1716 3655 δικαιότερα
1738 3589 1831 3640 καὶ

245 3673 369 3734 τοίς
394 3672 567 3739 ἁγίοις
597 3672 807 3741 συνῳδὰ
825 3672 1159 3742 φθέγγονται
1182 3677 1231 3728 oi
1273 3678 1521 3746 μοναχοὶ,
1548 3679 1600 3729 τί
1628 3678 1709 3730 δεῖ
1730 3678 1828 3748 τὴν

246 3763 437 3832 ψῆφον
466 3762 590 3816 κατ’
622 3763 789 3816 αὐτοῦ
817 3764 1160 3834 ἐξαγομένην
1186 3767 1508 3838 περιμένειν
1539 3769 1779 3822 κατιδεῖν
1806 3806 1824 3834 ,

243 3854 390 3907 ἀλλά
444 3853 518 3925 μὴ
573 3841 837 3923 πρότερον
871 3856 1277 3921 ἐξαναστάντα,
1310 3858 1414 3928 τήν
1441 3875 1504 3910 τε
1549 3860 1827 3929 προτέραν

242 3942 475 4009 ἄγνοιαν
500 3943 592 3995 ἐπὶ
614 3943 828 3996 πάντων
840 3943 1146 4014 ὁμολογεῖν,
1175 3946 1270 3999 καὶ
1289 3947 1389 4016 τὴν
1413 3947 1508 4001 νῦν
1530 3949 1829 4018 ἐπίγνωσιν

140 4026 159 4033 ’
243 4033 642 4103 τῆςάληθείας,
670 4035 893 4098 καὶτοῖς
914 4052 975 4088 τε
1000 4036 1180 4104 ἁγίοις
1208 4036 1496 4091 πείθεσθαι
1519 4041 1832 4108 συνθέσθαι,

248 4126 354 4178 καὶ
372 4125 474 4193 τὴν
491 4123 689 4195 ἔχθραν
706 4126 999 4180 καταλύειν
1014 4128 1114 4198 τὴν
1128 4127 1270 4199 πρὸς
1287 4127 1413 4192 τοὺς
1436 4130 1705 4199 μοναχούς
1727 4147 1744 4194 ;
1771 4133 1829 4185 Et

242 4212 365 4281 γὰρ
394 4211 564 4265 ταῦτα
595 4213 920 4284 πειθόμενος
942 4215 1094 4285 αὐτῷ
1122 4216 1363 4286 ποιήσει,
1382 4217 1517 4287 elice
1544 4217 1717 4288 βλάϐη
1746 4236 1829 4282 τις

243 4306 444 4374 ἕψεται
475 4307 539 4360 ἐκ
565 4306 672 4359 τῶν
699 4306 873 4375 λόγων
896 4306 1142 4378 οὐδεμία,
1176 4308 1432 4379 βασιλεύς
1455 4327 1515 4363 τε
1539 4311 1633 4366 καὶ
1658 4312 1711 4364 οἱ
1731 4313 1825 4365 ἁλ-

244 4397 335 4449 λοι
373 4397 575 4457 πάντες
603 4398 984 4452 ἐπαινέσονται
1025 4399 1126 4470 τῆς
1169 4402 1308 4470 πρὸς
1341 4401 1409 4454 τὰ
1441 4400 1637 4470 βελτίω
1663 4420 1829 4471 μετα-

1935 3216 2026 3271 sit.
2063 3215 2120 3271 Si
2178 3220 2327 3271 enim
2372 3234 2475 3272 nec
2504 3219 2571 3272 ad
2599 3220 2870 3289 allata’in
2929 3222 3166 3286 medium
3227 3220 3512 3275 refellendi

1933 3322 2099 3363 causa
2124 3307 2421 3378 quidquam
2456 3309 2641 3365 dicere
2669 3309 2898 3367 haberet
2947 3313 3205 3382 amplius,
3236 3313 3518 3369 crederet-

1945 3415 2052 3469 que
2084 3401 2383 3455 monachos
2417 3401 2643 3455 meliora
2676 3412 2730 3457 et
2769 3403 3002 3474 justiora
3055 3416 3109 3459 et
3154 3408 3360 3463 sanctis
3393 3421 3521 3460 con.

1931 3501 2194 3545 sentanca
2249 3491 2548 3557 disserere,
2602 3492 2735 3563 quid
2786 3509 2931 3564 opus
2979 3503 3123 3549 esset
3173 3504 3515 3564 exspectare,

1939 3581 2115 3636 donec
2144 3590 2265 3635 atro
2297 3581 2509 3637 calculo
2553 3598 2611 3639 se
2644 3583 2894 3638 damnari
2949 3585 3163 3642 videret
3193 3586 3216 3639 ?
3246 3585 3389 3651 Quin
3423 3603 3521 3658 po-

1937 3671 2047 3725 tius
2078 3681 2423 3738 exsurgeret,
2448 3671 2800 3742 prioremque
2838 3673 3110 3727 inscitiam
3163 3682 3219 3728 et
3270 3675 3510 3744 aguitam

1938 3763 2224 3817 veritatem
2252 3762 2427 3832 palam
2450 3762 2829 3829 conﬁteretur,
2851 3772 2907 3819 et
2924 3764 3129 3820 sanctis
3155 3764 3519 3820 assentiretur

1935 3850 2363 3922 inimicitiasque
2376 3870 2510 3910 cum
2530 3856 2818 3912 monachis
2835 3866 3086 3927 poneret.
3107 3856 3164 3912 Si
3187 3872 3247 3913 se
3270 3856 3509 3922 audiret,

1936 3960 2113 4014 neque
2141 3943 2459 3999 detrimenti
2485 3944 2783 4015 quidquam
2808 3957 3151 4010 secuturum,
3182 3955 3238 4002 et
3269 3948 3506 4016 impera-

1936 4046 2109 4090 torem
2148 4044 2478 4103 caeterosque
2534 4037 2948 4091 conversionem
3016 4037 3135 4107 ejus
3161 4033 3508 4093 laudaturos.

1929 4124 2050 4179 Non
2082 4125 2231 4179 enim
2260 4134 2369 4179 tam
2393 4126 2617 4196 dignum
2647 4141 2768 4181 esse
2800 4128 3047 4182 accusari
3080 4127 3173 4196 qui
3209 4144 3239 4183 a
3269 4129 3501 4185 veritate

1932 4217 2290 4283 aberraverit,
2322 4233 2488 4288 quam
2529 4218 2926 4284 commendari,
2961 4219 3057 4288 qui
3122 4219 3190 4274 ad
3232 4235 3353 4274 eam
3382 4236 3512 4276 san-

1933 4309 2037 4364 ctis
2060 4308 2197 4365 viris
2222 4316 2281 4364 et
2309 4309 2578 4380 theologis
2600 4309 2834 4366 credens
2858 4309 3081 4365 redierit
3101 4327 3114 4365 :
3133 4319 3191 4366 et
3212 4313 3514 4369 monachos

1933 4399 2238 4455 secundum
2265 4401 2414 4470 leges
2447 4401 2693 4471 ipsorum
2746 4400 3023 4471 Spiritales
3064 4403 3275 4472 majore
3325 4403 3380 4458 in
3413 4419 3512 4473 po-

245 4487 437 4555 ϐολῆς.
463 4487 540 4540 Οὐ
570 4487 679 4557 γὰρ
702 4488 957 4544 τοσοῦτον
985 4490 1049 4544 τὸ
1073 4490 1176 4560 τῆς
1209 4491 1472 4559 ἀληθείας
1502 4494 1826 4564 ἀποπλανη-

1935 4501 2138 4547 sterutu
2166 4492 2431 4547 charitate
2462 4493 2816 4563 candoreque
2839 4492 3005 4547 animi
3038 4493 3093 4548 in
3119 4510 3244 4549 eum
3274 4494 3509 4559 futuros,

248 4578 414 4647 θῆναι
443 4581 777 4650 κατηγορίας
824 4581 995 4647 ἀξιον,
1026 4583 1151 4636 ὅσον
1178 4584 1409 4655 compa;
1448 4584 1621 4657 αὐτὴν
1659 4587 1829 4640 επαν-

243 4669 428 4724 ελθεῖν
457 4672 573 4735 τοῖς
621 4673 801 4741 ἁγίοις
853 4672 1177 4743 πειθόμενον
1209 4674 1302 4728 καὶ
1360 4675 1639 4745 θεολόγοις
1673 4678 1835 4733 ἐπαι-

245 4761 405 4814 νετόν
436 4778 453 4793 ·
519 4763 614 4816 καὶ
675 4766 723 4817 oi
803 4765 1032 4835 μ.ονιιχο”ί⁵
1107 4765 1166 4820 δὲ
1248 4770 1361 4830 τοῖς
1435 4773 1833 4843 πνευματικοῖς

250 4852 569 4920 πειθόμενοι
616 4856 820 4926 νόμοις.
852 4912 862 4925 ,
895 4857 1122 4927 μείζονα
1176 4858 1505 4924 ὲνδείξονται
1562 4860 1683 4914 νυνὶ
1732 4862 1832 4931 τὴν

247 4941 436 5009 φιλίαν
462 4943 598 5010 πρὸς
640 4943 701 4995 σὲ
734 4945 829 4996 καὶ
857 4946 958 5014 τὴν
990 4946 1442 5017 εὐγνωμοσύνην,
1475 4948 1508 5018 ἢ
1544 4948 1668 5002 καθ’
1699 4950 1824 5004 ὅσον

247 5032 520 5101 πρότερον
545 5033 913 5087 ἐνεδείκνυντο
939 5034 1039 5104 τὴν
1087 5037 1314 5108 πικρίαν
1359 5040 1453 5093 καὶ
1482 5039 1581 5108 τὴν
1608 5039 1828 5110 ἔχθραν,

245 5124 325 5186 ὡς
348 5124 409 5175 ού
442 5124 547 5176 τῶν
576 5126 656 5188 εἰς
683 5125 883 5189 αὐτοὺς
910 5125 1071 5180 ἕνεκα
1102 5128 1406 5197 λοιδοριῶν,
1434 5130 1571 5185 ἀλλά
1594 5131 1695 5201 τῆς
1716 5133 1828 5185 τῶν

244 5213 536 5281 δογμάτων
562 5216 893 5285 ἀμυνόμενοι
915 5217 1286 5289 διαστροφῆς·
1318 5213 1395 5274 ὧν
1428 5221 1608 5285 καλῶς
1633 5224 1727 5275 καὶ
1757 5221 1832 5285 to;

248 5306 529 5375 προσῆκεν
546 5308 1011 5378 ἀποδεδειγμένων
1029 5314 1076 5364 εἰ
1113 5313 1305 5367 καὶσὺ
1338 5313 1645 5384 πεισθείης,
1676 5315 1828 5367 οὐδὲν

243 5397 359 5450 οὐδ’
384 5399 540 5450 αὐτοὶ
567 5399 869 5468 ζητήσουσι
892 5402 1206 5471 περαιτέρω
1229 5418 1245 5435 ⁸
1273 5404 1390 5456 ἀλλ’
1407 5404 1565 5470 ἀξίαν
1594 5405 1831 5474 ἀμοιϐὴν

239 5490 351 5541 τῶν
381 5489 594 5543 πολλῶν
621 5491 800 5543 πόνων
829 5490 921 5544 καὶ
941 5491 1204 5545 κινδύνων
1233 5493 1511 5563 νομιοῦσιν
1542 5494 1686 5563 ἔχειν
1732 5494 1829 5564 τὴν

239 5581 529 5649 διόρθωσιν
557 5581 656 5650 τὴν
689 5583 812 5651 σήν.
841 5583 1106 5652 Βαρλαὰμ
1147 5583 1203 5636 δὲ
1263 5585 1357 5637 καὶ
1385 5584 1534 5649 αύτῷ
1569 5584 1667 5654 μὲν
1692 5584 1825 5651 ἔφα-

243 5687 372 5723 σκεν
392 5673 625 5742 ἀρίστην
659 5672 945 5739 φαίνεσθαι
967 5672 1174 5743 ταύτην
1201 5674 1300 5744 τὴν
1327 5673 1524 5745 βουλήν
1544 5691 1558 5706 ο
1588 5673 1825 5745 δεδοικένυ

240 5778 327 5815 ναι
365 5763 418 5815 δὲ
458 5764 537 5834 μὴ
579 5763 679 5816 οὐκ
725 5762 1113 5832 ἐξαρκέσουσιν
1150 5766 1198 5817 οἱ
1256 5766 1404 5833 λόγοι
1458 5754 1593 5835 πρὸς
1617 5765 1675 5817 τὸ
1708 5768 1820 5837 τῷν

1931 4596 2096 4652 quam
2155 4582 2311 4651 prius
2381 4583 2754 4639 amaritudine
2813 4594 2869 4639 et
2923 4584 3201 4640 simultate
3259 4585 3510 4640 fuerint:

1931 4674 2136 4743 quippe
2169 4672 2265 4743 qui
2301 4688 2409 4727 non
2437 4674 2696 4729 convitiis
2727 4674 2779 4728 in
2810 4690 2868 4729 se
2902 4675 3117 4743 effusis,
3149 4691 3340 4730 verum
3378 4690 3506 4745 per-

1930 4764 2178 4819 vcrsitati
2217 4764 2482 4820 doctrina:
2515 4764 2905 4822 ecclesiasticae
2942 4769 3201 4823 resistant
3237 4786 3250 4821 :
3306 4768 3514 4837 quibus

1931 4856 2095 4920 bene,
2128 4864 2291 4926 atque
2325 4864 2384 4909 ιιι
2408 4855 2566 4910 decet
2607 4857 3023 4920 demonstratis,
3055 4859 3097 4913 si
3145 4859 3195 4913 ei
3243 4858 3387 4915 facta
3435 4858 3508 4915 sit

1935 4949 2087 5009 ﬁdes.
2118 4949 2256 5002 nihil
2301 4948 2540 5017 amplius
2579 4932 2990 5005 desideraturos
3018 4989 3035 5014 ,
3067 4949 3160 5004 sed
3203 4950 3537 5005 corrcctio-'

1932 5053 2058 5093 nem
2138 5037 2314 5107 ipsius
2370 5039 2665 5094 multorum
2721 5039 2971 5093 laborum
3025 5039 3510 5109 periculorumun

1933 5144 2158 5186 suorum
2190 5144 2370 5199 operte
2401 5130 2639 5200 pretium
2674 5127 3159 5199 intcrpretaturos.
3187 5127 3507 5182 Barlaamus

1934 5218 2224 5283 afﬁrmare,
2258 5219 2364 5273 sibi
2391 5232 2610 5288 quoque
2636 5219 2901 5286 optimum
2933 5217 3108 5272 videri
3136 5217 3276 5272 istuc
3321 5217 3507 5272 consi—

1935 5308 2069 5362 lium
2097 5348 2112 5373 ,
2153 5310 2345 5363 timere
2373 5317 2574 5370 tamen,
2604 5322 2670 5361 ne
2699 5306 2861 5360 verba
2894 5307 2960 5360 ad
2994 5320 3053 5361 se
3081 5306 3326 5376 periculo
3356 5306 3494 5361 libe-

1938 5400 2169 5455 randum
2224 5400 2356 5453 satis
2415 5414 2524 5452 non
2577 5400 2691 5454 sin‘t
2728 5439 2742 5462 ,
2791 5397 2886 5454 sed
2936 5408 3059 5464 post
3100 5397 3499 5453 confessiomm

1934 5506 2152 5559 quoque
2181 5491 2364 5557 aliqua
2401 5488 2664 5542 multetur
2709 5487 3030 5557 ignominia,
3092 5504 3215 5541 cum
3254 5490 3506 5556 probatis

1935 5595 1992 5639 et
2024 5582 2257 5650 receptis
2286 5581 2556 5648 dogmatis
2600 5595 2658 5633 se
2694 5581 3036 5649 opposuerit.
3070 5578 3208 5633 Tum
3245 5579 3505 5637 infamem

1931 5674 2066 5738 fore,
2094 5688 2191 5726 nec
2214 5674 2390 5725 locum
2428 5670 2763 5725 defensionis
2804 5668 3050 5724 relictum
3075 5668 3139 5723 iri
3163 5671 3317 5739 quasi
3346 5670 3399 5725 id
3428 5672 3514 5727 in-

1925 5763 2071 5832 jule
2096 5761 2351 5830 patiatur,
2375 5758 2815 5832 quandoquidem
2849 5757 3100 5827 seinsum
3122 5758 3463 5817 damnaverit
3487 5777 3504 5817 :
