4122 6296
646 273 754 341 675
1809 269 2135 336 JOANNIS
2175 264 2700 332 CANTACUZENI
3719 280 3801 348 θτθ

651 403 710 446 ιιι
730 393 958 463 proinde
974 394 1019 449 si
1042 394 1168 449 talia
1196 407 1456 464 passurus
1471 395 1564 458 sit,
1586 391 1780 447 melius
1798 392 2047 446 videatur
2063 389 2230 443 silen-
2261 394 2279 445 Δ

2195 407 2230 440 ι·
2261 393 2304 446 Α
2337 387 2597 440 κινδύνων
2624 386 2967 456 ἐξαρπάσαι·
3000 386 3138 440 ἀλλὰ
3165 388 3257 440 καὶ
3295 388 3431 458 μετά
3456 391 3542 460 τὴν
3564 383 3823 468 ὁμολογίαν,

645 483 1330 553 tioferrejudicium,utet
1349 484 1578 554 336m
1607 491 1882 550 posterum
1901 479 2004 533 sibi
2033 478 2229 532 factam

2199 494 2229 529 ιι
2333 478 2522 546 ἀτιμία
2542 495 2622 542 τις
2639 478 2801 531 αὑτοῦ
2820 478 3228 548 καταψηφισθῇ,
3255 473 3342 532 οἷα
3364 480 3421 549 δὴ
3443 482 3570 535 κατὰ
3583 486 3673 539 τῶν
3691 489 3824 557 ὀρθῶν

649 574 904 641 injuriam
927 575 1108 629 dicere
1125 584 1310 644 queat,
1331 584 1384 628 et
1399 574 1664 644 judicium
1692 571 1936 626 revocari
1955 569 2144 638 possit.
2162 566 2231 620 At

2196 576 2231 620 ιι
2330 561 2616 630 δογμάτων
2670 563 3119 634 ἑξενηνεγμένου.
3177 568 3287 620 Καὶ
3324 568 3441 620 τότε
3500 570 3670 641 ἄτιμον
3717 574 3824 631 εἶναι

654 682 888 733 titagnus
907 667 1244 720 domesticus
1263 666 1416 718 illum
1441 665 1766 718 confirmare
1789 665 2145 728 monereqde,
2161 675 2228 714 nc

2197 675 2228 714 ο
2333 647 2670 723 συμϐήσεται
2702 655 2871 725 αὐτῷ,
2905 657 3002 709 καὶ
3053 657 3178 726 μηδ’
3205 660 3493 727 ἀπολογίαν
3524 668 3628 716 τινὰ
3650 665 3825 737 ὕστερον

649 757 778 823 quid
804 756 1112 824 hujusmodi
1159 767 1364 810 metuat
1389 771 1401 807 :
1429 771 1485 810 se
1513 765 1796 823 praesente,
1826 752 1961 806 nihil
1987 752 2036 805 ei
2063 752 2220 804 triste

2197 765 2220 804 ει,
2329 741 2474 811 ἔχειν
2504 743 2581 806 ὡς
2603 744 2663 797 οὐ
2687 745 2913 808 δικαίως
2944 747 3169 800 τοιαῦτα
3205 749 3387 818 πάθοι,
3420 745 3501 803 οἷα
3526 753 3584 820 δὴ
3609 757 3825 810 italae-tor

645 857 990 899 eventurum.
1011 846 1110 901 Cui
1137 847 1520 914 obtemperans
1543 846 1880 909 Barlaamus,
1904 845 1959 897 in
1984 841 2224 896 medium

2197 858 2224 895 η
2328 833 2806 904 κατεψηφισμένον
2834 836 3030 888 ἑαυτοῦ
3053 852 3067 867 ·
3105 837 3179 900 ὡς
3206 840 3258 890 εί
3276 856 3340 905 γε
3372 841 3580 894 τοιαῦτα
3604 847 3825 900 πείσεσθαι

620 931 852 1005 ’ρτοιιὶι,
900 940 1230 1005 praeteritam
1257 939 1622 1007 ignorantiam
1647 937 1958 1002 confitetur,
2009 935 2225 988 veniam

2199 950 2225 988 η
2331 917 2537 986 μέλλοι,
2560 919 2764 988 βέλτιον
2789 925 2969 992 σιωπῇ
3000 925 3098 992 τὴν
3141 925 3299 994 δίκην
3330 928 3578 994 ἐνεγκεῖν,
3601 931 3718 983 ὥστε
3758 936 3827 984 καὶ

653 1029 724 1080 ob
752 1029 916 1081 stulte
947 1028 1093 1081 dicta
1125 1029 1300 1096 petit:
1337 1044 1395 1083 se
1445 1044 1552 1081 non
1606 1028 1982 1082 contentionis
2036 1041 2224 1090 causa,

2210 1066 2224 1090 ’
2328 1007 2571 1072 εἰσαῦθις
2598 1009 2888 1079 ἠδικῆσθαι
2940 1013 3120 1080 λέγειν
3146 1013 3427 1079 δύνασθαι,
3462 1019 3549 1070 καὶ
3591 1022 3673 1087 τήν
3708 1022 3828 1088 δίκην

659 1133 835 1182 neque
866 1116 1012 1185 quod
1045 1118 1421 1186 theologorum
1454 1119 1521 1170 de
1552 1117 1664 1171 Deo
1689 1117 1928 1171 decretis
1954 1131 2062 1169 non
2096 1131 2221 1169 cre-t

2200 1136 2221 1155 ,ι
2327 1099 2735 1153 ἀνακαλεῖσθαι.
2769 1103 2827 1155 ’0
2865 1104 3039 1172 μέγας
3070 1105 3126 1157 δὲ
3148 1105 3468 1175 δομέστικος
3516 1112 3828 1183 παρεθάρρυνέ

646 1209 824 1271 deret,
856 1209 920 1260 ad
957 1208 1060 1263 hos
1089 1224 1372 1263 sermones
1405 1221 1752 1278 provectum,
1794 1210 1889 1262 sed
1947 1223 2074 1263 cum
2104 1209 2220 1278 ipse

2199 1225 2220 1263 Ξ
2327 1208 2410 1256 τε,
2447 1195 2542 1244 καὶ
2574 1193 2648 1262 μὴ
2680 1194 2910 1247 τοιαῦτα
2963 1198 3199 1267 παρῄνει
3229 1200 3540 1266 δεδοικέναι,
3591 1203 3656 1264 ὡς
3701 1208 3827 1257 αὑτσῦ

645 1312 839 1351 errans
871 1297 1009 1351 alios
1034 1313 1225 1353 errare
1258 1298 1610 1368 cpinaretur,
1648 1298 1715 1352 ad
1753 1312 1946 1352 eorum
1979 1312 2224 1352 errorem

2200 1314 2224 1351 ιι
2330 1283 2624 1351 παρόντος,
2685 1285 2902 1348 οὐδενὸς
2954 1290 3328 1358 γενησομένου
3383 1292 3472 1344 τοῦ
3503 1294 3673 1346 λυπεῖν
3705 1296 3828 1347 αὐτὸν

647 1389 1054 1443 emendandum
1106 1405 1323 1444 omnem
1376 1390 1714 1460 diligentiam
1774 1389 2006 1461 impigre
2057 1390 2221 1445 adhi-

2203 1418 2221 1429 _
2329 1369 2722 1439 δυνησομένουσ
2843 1375 2938 1426 καὶ
2975 1376 3296 1446 πειθόμενος
3329 1382 3356 1432 ὁ
3384 1381 3647 1450 Βαρλαὰμ,
3678 1386 3831 1449 παρελ-

650 1477 858 1531 buisse.
898 1477 1054 1531 Nunc
1097 1479 1258 1548 plane
1307 1459 1558 1542 credere,
1592 1479 1716 1532 illos
1747 1479 1815 1532 de
1847 1480 2219 1533 controversia

2199 1495 2219 1532 λ
2327 1459 2435 1513 θὼν
2457 1464 2538 1524 εἰς
2579 1463 2799 1532 μέσους,
2825 1466 2925 1534 τήν
2951 1483 3011 1518 τε
3041 1469 3312 1537 προτέραν
3341 1471 3554 1537 ἄγνοιαν
3595 1473 3827 1541 ὡμολόγει,

650 1566 848 1619 melius
877 1581 1090 1634 sapere,
1121 1575 1178 1620 et
1214 1567 1267 1620 in
1309 1567 1434 1620 aliis
1478 1563 1616 1619 nihil
1666 1567 1734 1620 ab
1789 1567 1873 1620 eis
1910 1565 2217 1632 dissidere;

2203 1584 2217 1632 ;
2324 1552 2421 1603 καὶ
2452 1552 2786 1622 συγγνώμην
2833 1555 2925 1606 ἐπὶ
2975 1558 3088 1618 τοῖς
3127 1559 3442 1627 εἰρημένοις
3492 1562 3758 1631 ῂτεῐτο,ὼς
3787 1565 3829 1611 οὐ

647 1664 706 1709 et
747 1655 893 1723 quod
947 1657 1002 1709 itt
1030 1657 1249 1710 'l‘habor
1278 1656 1462 1710 lumen
1496 1656 1797 1724 discipulos
1836 1656 2219 1720 circumfulsit.
2256 1717 2275 1724 _

2206 1696 2219 1720 ν
2256 1717 2290 1724 _
2325 1643 2656 1709 φιλονεικίας
2679 1646 2844 1698 ἕνεκα
2878 1645 3074 1715 λέγων,
3106 1649 3229 1700 οὐδὲ
3260 1649 3355 1702 τοῦ
3377 1651 3449 1720 μὴ
3474 1653 3727 1704 πείθεσθαι
3749 1645 3829 1714 τοῖς

647 1743 878 1812 gloriam
912 1745 1008 1798 Dei
1073 1744 1328 1812 principii
1372 1757 1673 1812 expertem,
1708 1753 1764 1798 et
1805 1753 2069 1798 aeternum
2101 1761 2223 1800 esse
2255 1717 2275 1771 ί

2204 1717 2223 1799 ξ
2255 1717 2296 1771 Β
2326 1734 2428 1786 ὑπὸ
2453 1735 2561 1786 τῶν
2602 1736 2871 1803 θεολόγων
2927 1740 3241 1807 εἰρημένοις
3289 1717 3447 1812 περἰ-
3479 1742 3605 1795 Θεοῦ
3638 1746 3705 1804 εἰς
3741 1745 3832 1802 τοὺς

647 1833 841 1887 lumen
868 1835 1095 1888 credere
1144 1849 1201 1887 se
1238 1847 1400 1902 atque
1453 1833 1728 1888 confiteri.
1766 1834 1888 1887 Mox
1921 1833 2221 1904 Gregorius

2204 1853 2221 1892 ε
2323 1824 2598 1890 τοιούτους
2631 1828 2741 1881 τῶν
2766 1829 2941 1895 λόγων
2975 1829 3348 1901 ἐξενηνέχθαι,
3403 1834 3514 1885 ἀλλ’
3543 1835 3627 1885 ὑπ’
3661 1835 3832 1899 ἀγνοίας

647 1923 894 1977 Paiamas
938 1939 1061 1976 cum
1116 1933 1260 1978 coetu
1290 1939 1391 1978 suo
1417 1937 1707 1993 surgentes
1762 1924 2216 1995 Barlaamumque

2205 1944 2216 1982 ε
2322 1915 2566 1985 οἰόμενος
2592 1918 2718 1979 τοὺς
2746 1917 2945 1982 ἄλλους
2975 1920 3337 1990 ἁμαρτάνειν,
3367 1922 3524 1974 ἕνεκα
3554 1923 3640 1974 τοῦ
3661 1920 3833 1988 διορθώ-

646 2015 940 2084 complexi,
968 2016 1182 2070 veniam
1219 2016 1509 2087 praeteritis
1563 2015 1798 2070 libenter
1831 2015 2124 2083 dederunt,
2159 2029 2215 2072 et

2205 2029 2215 2068 ι
2325 2007 2521 2057 σασθαι
2555 2009 2732 2059 πᾶσαν
2763 2009 2987 2077 εἰσῆγον
3015 2013 3254 2078 σπουδὴν
3279 2015 3377 2065 καὶ
3401 2015 3706 2083 προθυμίαν.
3732 2013 3833 2064 Νυνὶ

646 2108 962 2175 praeclaram
1023 2106 1184 2161 istam
1237 2107 1596 2161 mutationem
1639 2106 2033 2175 prmdicarunt,
2079 2108 2222 2162 Deo-

2207 2137 2222 2149 .
2322 2095 2379 2148 δὲ
2405 2096 2506 2166 ἤδη
2535 2099 2897 2167 πεπεισμένος
2927 2101 3170 2170 ἀκριϐῶς
3194 2103 3268 2165 ὼς
3304 2105 3459 2157 αὐτοὶ
3493 2102 3835 2172 βέλτιονὲφρό·

645 2214 754 2266 que
787 2198 934 2267 pacis
969 2206 1023 2252 et
1069 2199 1382 2253 concordiae
1412 2199 1619 2268 gratias
1648 2208 1916 2267 egerunt,
1957 2199 2220 2267 profiten-

2210 2229 2220 2240 .
2324 2201 2448 2237 νουν
2490 2190 2621 2256 περὶ
2667 2181 2741 2239 ὧν
2779 2191 3260 2260 ήμφισϐητοῦμεν,
3319 2196 3448 2258 περί
3478 2212 3532 2247 τε
3576 2195 3672 2247 τῶν
3708 2196 3838 2247 ἄλλων

648 2295 749 2350 tes,
780 2302 879 2341 nec
905 2300 962 2342 se
991 2294 1331 2343 terrenarum
1366 2303 1429 2342 ac
1461 2289 1810 2358 pereuntium
1841 2303 2022 2343 rerum
2048 2291 2221 2358 gratia

2212 2309 2221 2343 ι
2321 2277 2535 2340 οἰδενὸς
2561 2279 2891 2349 διαφέρομαι
2918 2283 3054 2352 πρὸς
3087 2285 3312 2349 αὐτοὺς,
3341 2288 3439 2340 καὶ
3469 2287 3526 2338 τὸ
3549 2287 3601 2338 ὲν
3624 2285 3840 2351 Θαεωρὶῳ

648 2388 755 2429 tam
792 2377 992 2430 acriter
1018 2391 1287 2446 pugnasse
1317 2417 1331 2439 ,
1388 2375 1485 2430 sed
1521 2391 1590 2430 ne
1621 2376 1676 2429 in
1707 2376 1893 2445 plures
1917 2377 2058 2431 malo
2090 2391 2221 2445 pro-

2213 2406 2221 2419 .
2321 2370 2448 2431 τοὺς
2489 2369 2738 2439 μαθητὰς
2792 2373 3150 2442 περιλάμψαν
3201 2375 3316 2442 φῶς
3366 2378 3531 2430 ἀΐδιον
3581 2378 3670 2428 καὶ
3720 2372 3841 2426 πιπί-

645 2475 868 2534 pagato,
897 2475 991 2521 aut
1031 2481 1419 2536 perversorum
1469 2465 1787 2536 dogmatum
1837 2467 2080 2521 Ecclesia
2134 2483 2222 2523 re-

2213 2498 2222 2508 .
2325 2476 2528 2513 στευκα
2557 2463 2650 2513 καὶ
2679 2457 2819 2516 εἶναι
2853 2465 3120 2534 ὁμολογῶ.
3160 2466 3284 2520 Ἐπὶ
3314 2468 3525 2529 τούτοις
3555 2469 3643 2518 καὶ
3676 2466 3841 2534 Γρηγό·

646 2557 915 2625 pleretur,
970 2567 1066 2610 aut
1115 2557 1478 2612 factionibus'
1503 2566 1557 2611 et
1609 2557 1856 2612 dissidiis
1894 2558 1950 2612 in
2003 2574 2062 2613 se
2101 2559 2218 2628 ipsa

647 2645 1007 2714 divideretur,
1042 2645 1174 2702 dum
1214 2647 1308 2702 alii
1357 2646 1465 2714 his,
1515 2648 1608 2702 alii
1648 2648 1759 2703 illis
1806 2643 2107 2704 adhatrent.
2143 2651 2220 2704 Ac

647 2747 936 2806 prepterea
968 2739 1260 2793 immodice
1287 2739 1556 2808 litigiosos
1581 2755 1639 2794 se
1666 2740 2011 2808 apparuisse,
2044 2742 2138 2810 qui
2165 2743 2219 2795 in

644 2827 769 2881 aliis
820 2826 1078 2882 omnibus
1125 2829 1190 2882 ad
1244 2830 1725 2884 mansuetudinem
1787 2840 1842 2884 et
1893 2832 2059 2885 animi
2093 2832 2221 2887 sub-

645 2919 962 2974 missionem
992 2915 1194 2973 eruditi
1220 2921 1330 2974 sint
1364 2938 1379 2978 :
1414 2921 1506 2975 ubi
1538 2933 1720 2976 autem
1751 2922 1896 2975 Deus
1918 2923 1974 2976 in
2005 2923 2222 2991 pericu-

2323 2563 2438 2616 ριος
2470 2551 2496 2600 ὁ
2525 2549 2792 2616 Παλαμᾶς
2823 2553 2918 2604 καὶ
2934 2555 3048 2606 ὅσοι
3081 2556 3178 2608 σὺν
3212 2557 3362 2626 αύτῴ
3395 2554 3550 2625 ἦσαν,
3569 2557 3842 2615 ἀναστάντες

2326 2637 2679 2706 περιέϐαλλον
2709 2658 2764 2693 τε
2799 2642 3082 2714 Βαρλαάμ,
3143 2646 3238 2698 καὶ
3293 2646 3618 2715 συγγνώμην
3646 2647 3727 2698 ἐπὶ
3759 2646 3842 2705 τκῖί

2324 2731 2610 2800 προτέροις
2638 2732 2866 2801 ἄσμενοι
2900 2739 3162 2805 παρεῖχον
3184 2753 3199 2769 ο
3231 2742 3472 2809 ἐπῄνουν
3502 2757 3559 2792 τε
3588 2739 3678 2807 τῆς
3709 2735 3844 2800 καλῆς

2324 2821 2646 2890 μεταϐολῆς,
2678 2825 2771 2877 καὶ
2795 2825 2872 2895 τῷ
2895 2826 3013 2894 Θεῴ
3042 2829 3138 2896 τῆς
3161 2829 3417 2898 ὁμονοίας
3475 2829 3741 2899 ὀμολόγουν
3765 2826 3841 2896 χά-

2324 2929 2479 2981 ριτας
2503 2930 2516 2944 ·
2545 2913 2867 2981 φάσκοντες,
2891 2917 2998 2970 οὐδ’
3030 2918 3185 2972 αὐτοὶ
3215 2921 3423 2989 γηΐνων
3449 2921 3606 2974 ’ἑνεκα
3633 2921 3715 2973 καὶ
3729 2918 3840 2986 φθει-

645 3005 758 3061 Ium
793 3020 1044 3072 vocatur,
1081 3010 1158 3064 ibi
1193 3021 1474 3081 promptos
1517 3028 1641 3066 esse
1705 3027 1761 3068 et
1798 3013 2167 3068 inexorabiles
2194 3054 2210 3078 ,
2244 3039 2273 3095 ε

2244 3039 2287 3095 c
2325 3003 2568 3070 ρομένων
2621 3006 2964 3074 πραγμάτων
2989 3008 3244 3063 τοσοῦτον
3274 3013 3636 3081 ἐνστήσασθαι
3659 3009 3839 3076 ἀγῶνι.

645 3109 700 3153 ct
725 3115 903 3169 neque
937 3102 1004 3155 ad
1035 3102 1392 3172 Opprobrium
1429 3119 1755 3172 aegrescere,
1782 3120 1963 3176 neque
1995 3107 2062 3159 ad
2099 3107 2217 3160 lau-

643 3191 767 3245 dem
795 3193 1089 3246 humanam
1119 3195 1494 3249 entollcscere.
1533 3194 1802 3261 Quoniam
1837 3212 1966 3252 vero
1996 3198 2142 3266 pacis
2165 3207 2220 3252 et

642 3285 954 3339 concordia:
984 3285 1127 3340 Deus
1162 3268 1422 3340 distantia
1458 3287 1750 3356 copula‘rit,
1791 3294 1848 3342 ct
1877 3303 1934 3342 se
1968 3298 2218 3358 prompte

642 3392 671 3428 a
701 3376 1054 3432 contentione
1101 3377 1391 3441 desistere,
1415 3388 1471 3431 et
1501 3379 1574 3432 illi
1622 3381 1821 3448 gratias
1874 3381 2097 3445 habere,
2122 3381 2217 3449 qui

645 3466 794 3532 pacis
848 3466 1009 3532 hujus
1058 3467 1252 3520 auctor
1306 3467 1362 3520 in
1405 3469 1599 3536 primis
1653 3469 2211 3524 fuerit.Postmodntn

645 3557 942 3623 imperator
974 3567 1028 3610 et
1053 3557 1366 3624 patriarcha
1397 3570 1662 3627 utrosque
1689 3559 1757 3614 de
1786 3576 1939 3629 pace,
1973 3570 2031 3613 ut
2057 3576 2220 3628 Opor-

644 3647 812 3711 tebat,
865 3635 1083 3701 allocuti
1149 3649 1417 3718 synodum
1478 3650 1830 3704 dimiserunt.
1892 3652 2216 3705 Barlaatnus

646 3737 792 3791 haud
822 3739 1044 3806 longum
1074 3751 1288 3808 tempus
1319 3739 1560 3810 Byzantii
1593 3750 1856 3803 moratus.
1891 3741 2216 3810 imperatore

651 3822 809 3883 brevi
843 3826 1126 3895 defuncto,
1155 3847 1308 3900 teque
1338 3841 1397 3885 ut
1445 3833 1599 3901 prius
1637 3833 1704 3886 de
1751 3833 2018 3900 dogmatis
2063 3834 2214 3887 litem

642 3920 834 3986 n‘tovit,
885 3921 1154 3989 judicium
1198 3919 1353 3976 valde
1406 3923 1745 3978 claudicasse
1796 3924 2082 3978 clamitans
2114 3963 2128 3986 ,
2159 3934 2216 3978 et

643 4011 930 4079 aufugiens
961 4012 1012 4064 in
1052 4009 1284 4077 Italiam,
1312 4029 1435 4067 cum
1466 4007 1702 4080 Latinis,
1725 4024 1784 4069 ut
1809 4025 1990 4080 antea,
2019 4016 2210 4083 sensit,

646 4102 715 4154 ab
755 4102 944 4170 eisque
999 4100 1243 4158 Hieracis
1302 4104 1595 4174 episcopus
1651 4114 1872 4161 creatus
1924 4115 2030 4160 est.
2089 4106 2211 4161 Non

647 4193 820 4245 multo
892 4201 1009 4258 post
1059 4193 1200 4248 alius
1265 4193 1488 4262 quidam
1537 4193 1836 4264 Gregorius
1886 4196 2208 4262 monachus,

646 4279 972 4351 Acindynus
1025 4285 1478 4353 cognominatus,
1546 4285 1816 4340 Barlaami
1868 4287 1922 4339 in
1987 4287 2211 4355 profana

2322 3093 2434 3146 ἀλλ’
2469 3094 2555 3147 ἵνα
2597 3094 2670 3166 μὴ
2700 3099 2779 3159 είς
2807 3097 3027 3171 πλείους
3059 3096 3502 3172 διανεμηθέντοξ
3515 3101 3606 3156 τοῦ
3634 3096 3844 3165 κακοῦ,ἢ

2318 3181 2726 3253 διεφθαρμένων
2744 3185 3030 3256 δογμάτων
3054 3191 3344 3255 ἀνάπλεως
3360 3193 3582 3264 γένηται
3603 3195 3630 3260 ή
3670 3188 3846 3252 Ἐκκλη’

2321 3273 2433 3338 σία,
2489 3273 2520 3342 ἢ
2575 3274 2936 3349 διαστασιάσῃ
2981 3280 3115 3351 πρὸς
3143 3283 3369 3355 ἑαυτὴν,
3398 3285 3506 3337 τῶν
3539 3287 3630 3355 μὲν
3651 3283 3802 3336 τούτοι
3831 3318 3843 3339 ,

2319 3365 2431 3417 τῶν
2459 3365 2516 3418 δὲ
2546 3366 2775 3430 ἐκείνοις
2817 3373 3283 3443 προστιθεμένων,
3342 3378 3439 3430 καὶ
3487 3377 3572 3428 διὰ
3608 3374 3745 3428 τοῦτο
3778 3371 3850 3420 καὶ

2319 3456 2411 3509 τοῦ
2443 3457 2668 3524 μετρίου
2705 3460 2847 3530 πέρα
2885 3462 3118 3532 ὀφθῆναι
3179 3467 3526 3534 φιλονείκους
3549 3507 3564 3531 ,
3598 3466 3685 3520 άτε
3728 3462 3780 3531 δὴ
3807 3463 3851 3512 ἓν

2323 3550 2421 3617 μὲν
2447 3554 2555 3615 τοῖς
2589 3551 2766 3616 ἄλλοις
2811 3553 2985 3606 ἅπασι
3033 3557 3239 3625 πράους
3288 3554 3433 3613 εἶναι
3487 3556 3845 3622 δεδιδαγμένους

2322 3643 2412 3694 καὶ
2438 3643 2758 3705 ταπεινούς·
2793 3647 2850 3696 ὲν
2873 3639 2952 3707 οἷς
2977 3647 3034 3700 δὲ
3058 3648 3190 3712 Θεός
3220 3652 3343 3704 ἐστι
3405 3651 3468 3702 τὸ
3518 3645 3853 3709 κινδυνευόμε.

2319 3748 2429 3796 νον,
2460 3733 2600 3798 ὀξεῖς
2647 3729 2786 3788 εἶναι
2837 3735 2930 3787 καὶ
2989 3739 3430 3810 ἀπαραιτήτους,
3469 3744 3559 3794 καὶ
3593 3741 3714 3807 μήτε
3743 3735 3850 3800 ﬁ?"

2317 3821 2415 3892 τὴν
2443 3823 2659 3888 ἀδοξίαν
2683 3824 3081 3896 δυσχεραίνειν,
3123 3831 3261 3900 μήτε
3313 3834 3456 3902 προς
3490 3833 3578 3884 τὸν
3609 3828 3743 3898 παρᾶ
3763 3825 3848 3875 τῶι

2318 3912 2622 3982 ἀνθρώπων
2669 3917 2894 3969 ἔπαινον
2947 3919 3375 3984 μαλακίζεσθαι.
3430 3922 3581 3975 Ἐπεὶ
3631 3920 3681 3971 δὲ
3723 3914 3850 3979 ὁτῆε

2319 4007 2543 4076 εἰρήνης
2602 4007 2696 4059 καὶ
2751 4011 2848 4078 τῆς
2904 4005 3164 4077 ὁμονοίαξ
3190 4013 3328 4075 Θεὸς
3385 4013 3465 4076 εἰς
3510 4012 3566 4064 ἓν
3601 4007 3775 4074 συνῆψε
3801 4000 3852 4053 τὰ

2317 4097 2606 4160 διεστῶτα,
2628 4097 2784 4151 αὐτοί
2819 4116 2878 4150 τε
2909 4100 3204 4169 προθύμως
3233 4103 3643 4172 ἀποστήσονται
3667 4100 3851 4165 ςριλονει·

2321 4189 2466 4255 κίας,
2490 4189 2583 4241 κοιλ⁸
2613 4189 2761 4260 αὐτῷ
2789 4191 2992 4261 πολλὴν
3024 4193 3305 4263 είδήσουσι
3328 4194 3430 4264 τὴν
3463 4195 3637 4263 χάριν,
3658 4189 3851 4260 μὸιλιστπ⁸

2317 4281 2623 4350 αἰτιωτάτῳ
2660 4282 2761 4348 τῆς
2791 4283 3016 4353 εἰρήνης
3044 4285 3164 4336 νυνὶ
3210 4289 3595 4354 γεγενημένῳ.
3633 4277 3852 4335 Ἐπιτοῦο

641 4373 890 4424 doctrina
921 4373 1083 4442 longo
1121 4374 1388 4442 temporis
1424 4374 1602 4452 spatio
1633 4375 1961 4444 discipulus,
1997 4376 2210 4431 dissen-
2239 4365 2269 4424 Ῑ

2239 4365 2291 4424 D
2315 4387 2430 4434 τοις
2471 4375 2564 4424 καὶ
2609 4372 2863 4442 βασιλεύς
2889 4392 2948 4427 τε
2979 4377 3070 4428 καὶ
3098 4379 3462 4448 πατριάρχης
3495 4379 3592 4429 ὅσα
3636 4375 3731 4426 ἔδει
3763 4370 3851 4419 6::-

641 4463 850 4514 sionem
901 4465 1021 4532 ejus
1059 4473 1114 4516 et
1159 4464 1312 4518 litem
1387 4479 1509 4518 cum
1571 4465 1788 4519 Palama
1825 4477 1885 4521 ut
1930 4484 2213 4522 successor

639 4554 994 4623 arripuit,cui
1023 4557 1279 4624 quiddam
1307 4555 1600 4610 ridiculum
1624 4559 1870 4628 Contigit.
1892 4559 2053 4630 337
2076 4560 2212 4614 Bar-

639 4647 874 4699 laamum
911 4648 1074 4701 verbo
1110 4648 1432 4716 repudiabat
1455 4648 1626 4719 (a),et
1660 4658 1718 4703 ut
1740 4652 1878 4706 male
1900 4653 2212 4721 sanctisque

641 4733 897 4791 Putrihus
925 4739 1200 4814 contraria
1229 4739 1560 4793 sentientem
1583 4741 1877 4795 accusabat
1905 4759 1918 4796 :
1946 4758 2005 4795 re
2028 4755 2208 4798 autem

641 4840 769 4878 vera
807 4843 1030 4894 prorsus
1060 4843 1182 4882 eum
1219 4833 1572 4898 sequebatur,
1610 4833 1857 4902 nihilque
1885 4835 2110 4889 omnino
2143 4838 2211 4892 ab

641 4931 710 4969 eo
745 4916 1049 4970 differebat.
1089 4919 1324 4973 Rursum
1358 4922 1544 4990 itaque
1579 4923 1853 4978 seditione
1882 4940 1944 4979 ac
1974 4929 2212 4981 tumultu

644 5006 701 5059 in
736 5005 978 5060 Ecclesia
1010 5008 1313 5071 exoriente,
1351 5011 1666 5079 patriarcha
1704 5013 1952 5082 iniquum
1981 5015 2210 5084 ducens,

643 5104 871 5164 propter
917 5096 1281 5164 quorumdam
1321 5099 1498 5153 rixosa
1558 5101 1776 5170 ingenia
1811 5102 2074 5157 Ecclesiae
2104 5112 2216 5157 sta-

645 5195 758 5239 tum
789 5189 1136 5256 perturbari,
1164 5187 1434 5258 synodum
1459 5190 1514 5244 in
1536 5190 1678 5246 idem
1698 5191 1917 5262 Sophia:
1950 5195 2212 5263 templum

639 5281 804 5348 cogit,
839 5278 1115 5334 assidente
1147 5279 1252 5349 ipsi
1282 5290 1340 5336 et
1376 5296 1575 5353 magno
1607 5284 1932 5349 domestico,
1965 5293 2020 5340 et
2051 5295 2208 5354 quot~

636 5378 773 5438 quot
803 5368 1047 5438 Byzantii
1079 5381 1235 5425 erant
1271 5374 1642 5428 senatoribus.
1671 5373 1808 5430 Cum
1838 5375 2083 5446 Gregorii
2114 5377 2208 5432 ditt

641 5461 1036 5516 controversati
1068 5471 1254 5517 essent
1279 5504 1295 5530 ,
1331 5463 1425 5518 ubi
1464 5465 1904 5521 animadversum
1932 5477 2017 5522 est
2049 5468 2212 5524 Acin-

2314 4461 2596 4531 λεχθέντες
2627 4466 2754 4534 περὶ
2780 4466 3003 4534 εἰρήνης
3042 4467 3177 4537 πρδς
3212 4470 3547 4539 ἑκατέρους,
3592 4463 3851 4518 διελύσαντο

2315 4554 2412 4624 τὴν
2443 4554 2684 4621 σύνοδον.
2720 4557 2989 4627 Βαρλαὰμ
3020 4559 3075 4611 δὲ
3106 4559 3295 4628 ὀλίγας
3323 4560 3605 4628 Βυζαντίῳ
3633 4547 3852 4618 ἐνδιατρίο

2313 4645 2420 4714 ψας
2453 4647 2686 4715 ἡμέρας,
2740 4648 2862 4699 ἐπεὶ
2913 4650 3006 4701 καὶ
3039 4651 3066 4701 ὁ
3099 4650 3362 4718 βασιλεὺς
3389 4652 3703 4718 ἐτελεύτησε
3746 4639 3851 4712 μετὰ

2319 4735 2534 4807 μικρὸν,
2569 4738 2664 4789 καὶ
2691 4739 2790 4799 τὰς
2848 4740 3089 4808 περὶτὰ
3144 4742 3402 4810 δόγματα
3460 4736 3850 4811 ἀμφισϐητήσεις

2314 4827 2469 4880 οὐδὲν
2495 4823 2661 4899 ἦττον
2690 4828 2948 4898 ἐχόμενος
2977 4831 3010 4900 ἢ
3043 4833 3338 4903 πρότερον,
3392 4823 3493 4903 τῆς
3530 4834 3681 4900 δίκης
3706 4825 3855 4884 ὠςέκ’

2315 4921 2706 4993 δεδιῃτημένης
2732 4923 2899 4974 πολλά
2927 4925 3236 4991 καταὸιῶν,
3269 4927 3518 4995 ἀποδρὰς
3541 4923 3704 4993 ᾤχετο
3749 4913 3854 4980 πρἶῖ

2328 5011 2578 5076 Ἰταλίαν,
2605 5012 2699 5065 καὶ
2728 5014 3122 5084 συμφρονήσας
3143 5016 3424 5080 Λατίνοις,
3450 5016 3634 5084 ὥσπερ
3660 5010 3741 5062 καὶ
3761 4998 3858 5069 πρό-

2316 5120 2496 5173 τερον,
2551 5104 2849 5166 ἐπίσκοπος
2881 5105 2971 5156 ὐπ’
3035 5106 3214 5161 αὐτῶν
3285 5107 3539 5177 Ἱέρακος
3593 5092 3852 5163 ἀνεδείχθη·

2321 5197 2432 5251 Καὶ
2462 5195 2524 5249 οὐ
2565 5196 2746 5267 πολλῷ
2789 5197 3018 5268 ὕστερον
3052 5198 3358 5270 Γρηγόριός
3399 5218 3486 5263 τις
3515 5200 3696 5266 ἓτερος
3724 5198 3859 5255 μονα·

2316 5285 2410 5354 χὸς
2448 5285 2756 5348 Ἀκίνδυνος
2813 5287 3247 5358 ὲπικεκλημὲνος
3276 5330 3293 5353 ,
3339 5287 3608 5358 ὁμιλητὴς
3639 5273 3856 5369 Βαρλίξάίξ

2322 5377 2462 5429 κατὰ
2499 5376 2596 5444 τὴν
2620 5376 2725 5441 ἔξω
2761 5379 2956 5446 σοφίαν
2991 5381 3392 5450 γεγενημένος,
3426 5380 3525 5434 καὶ
3559 5376 3716 5429 πολὺν
3742 5365 3859 5428 αὒτῳ

2317 5468 2579 5538 φοιτήσας
2603 5469 2815 5537 χρόνον,
2846 5469 2953 5523 τῶν
2985 5472 3197 5524 ἐκείνου
3219 5471 3507 5542 διαφορῶν
3531 5462 3604 5523 ὧν
3635 5453 3852 5530 διηνέχθη

705 5597 776 5666 (α)
811 5598 968 5673 Ρεῗθδί
999 5597 1294 5673 “saltauit!
1326 5603 1376 5648 ίη
1411 5601 1828 5673 i_"_l§!'Pl'0'atione
1866 5607 2068 5655 l‘ontani
2117 5607 2294 5673 Locum
2329 5609 2399 5659 sic
2434 5587 2498 5659 ett
2535 5611 2704 5659 ϐτιρρυ
2738 5611 2952 5662 restitue
2989 5628 3000 5662 :
3039 5613 3360 5664 Barlaamum
3400 5612 3548 5664 verbo
3586 5601 3851 5671 repudiabat.

639 5662 776 5720 qum
800 5662 908 5723 quis
939 5673 1049 5710 eum
1073 5662 1352 5712 hortaretur
1378 5670 1429 5712 ut
1459 5662 1591 5714 illius
1619 5669 1897 5716 senimtt'um
1923 5682 2061 5718 suam
2088 5667 2282 5732 feruet,
2312 5679 2354 5723 ct
2381 5673 2578 5734 repulsu
2603 5673 2976 5737 consectatione,
3001 5662 3050 5725 ut
3073 5662 3214 5734 mule,
3239 5681 3345 5725 etc.
3376 5662 3511 5725 Ειὶιτ.
3541 5662 3682 5724 Parit.
