4122 6296
562 395 662 459 691

1729 398 2048 459 JOANNIS
2088 400 2616 462 CANTACUZENI

3669 394 3776 455 692

558 522 704 568 stum
725 510 1391 581 prooavissetgPostquam
1420 511 1486 564 ab
1514 511 1602 564 illa
1629 511 1824 573 simile,
1850 514 1933 566 vel
1953 515 2117 568 etiam

2234 533 2312 584 (ρι
2347 515 2440 568 νῦν
2467 515 2546 575 εἰς
2589 514 2725 581 ὅπερ
2759 509 2872 564 ὲστί
2904 509 3090 578 σχῆμα
3117 507 3185 561 δι’
3238 505 3400 560 αὑτοῦ
3427 505 3686 574 ἠγμένον.
3721 509 3779 560 '0

562 603 812 658 severius
854 618 1174 672 responsum
1206 602 1347 664 tulit,
1379 602 1630 670 iubente,
1669 617 1737 656 ne
1767 603 1893 657 talia
1922 603 2119 658 suade-

561 705 668 760 ret,
701 711 820 764 quae
861 693 1040 748 facere
1070 692 1182 747 ﬁlio
1213 709 1320 746 non
1360 692 1712 756 conduceret,
1744 709 1775 748 a
1816 694 2115 750 teutatione

561 800 790 856 prorsus
811 783 1092 840 abstinuit.
1128 783 1354 855 Magnus
1388 799 1555 854 porro
1585 784 1920 839 domeSticus
1950 785 2120 854 impe—

565 881 800 926 ratorem
827 873 938 942 jam
988 871 1138 926 letho
1185 872 1496 942 proximum
1545 888 1798 938 cernens,
1845 884 1901 928 et
1945 874 2125 942 provi-

562 962 802 1018 dendum
833 961 1062 1016 maxime
1093 964 1208 1032 ejus
1248 964 1433 1016 liberis
1453 973 1509 1017 et
1532 964 1759 1034 imperio
1789 964 2121 1033 intelligens,

563 1052 629 1105 ad
689 1051 898 1106 Annam
955 1051 1252 1123 Augustam
1331 1052 1549 1106 [lentem
1614 1067 1676 1107 ac
1735 1053 2120 1107 lamentantem

563 1143 866 1199 accedens:
905 1143 1022 1199 Non
1078 1144 1212 1198 mihi
1270 1145 1378 1212 iam
1426 1146 1605 1199 luctus
1658 1156 1713 1200 et
1757 1146 2120 1214 lacrymarum

567 1247 779 1304 tempus
825 1234 1062 1301 videtur,
1100 1235 1280 1305 inquit
1310 1253 1324 1289 :
1361 1237 1540 1290 adhuc
1583 1236 1728 1290 enim
1763 1236 1950 1290 licebit
1987 1235 2120 1305 (81),

566 1325 669 1379 nisi
737 1325 877 1380 Deus
921 1326 990 1380 ab
1036 1326 1388 1395 impendente
1415 1328 1722 1382 calamitate
1760 1342 1858 1380 nos
1904 1327 2122 1391 liberet,

565 1431 630 1468 ac
663 1415 932 1484 propitius
955 1414 1021 1469 de
1043 1417 1182 1470 coelo
1231 1415 1510 1484 respiciat,
1535 1415 1828 1486 ejulatibus
1847 1423 1903 1467 et
1938 1416 2124 1483 plora-

454 1563 461 1585 1
567 1503 716 1560 tibus
769 1505 902 1561 satis
955 1505 1050 1560 diu
1106 1505 1414 1574 indulgere.
1475 1506 1530 1558 ιη
1610 1519 1847 1572 praesens
1907 1518 2122 1571 aequum

559 1593 768 1664 judico,
803 1608 1003 1663 pueros
1041 1593 1400 1662 imperatores
1431 1591 1483 1644 in
1521 1599 1638 1644 tuto
1683 1590 1956 1644 collocare
1987 1588 2124 1658 (Βῖ).

571 1685 652 1738 Me
678 1685 900 1749 quidem
943 1685 1095 1749 vivo,
1127 1692 1183 1738 et
1213 1685 1304 1737 hic
1333 1697 1479 1736 nunc
1525 1691 1816 1751 prasente,
1849 1680 2123 1734 neminem

566 1776 934 1829 Romanorum
1009 1775 1171 1828 nobis
1246 1772 1627 1826 insidiaturum
1666 1768 1967 1839 putandum
2021 1778 2126 1821 est.

567 1864 662 1921 Sin
703 1865 909 1934 aliquid
971 1865 1291 1935 bujusmodi
1361 1862 1676 1932 contigerit,
1731 1859 1863 1930 quid
1903 1867 2129 1930 praesta-

565 1959 776 2025 bilius,
827 1969 878 2014 te
943 1959 1108 2030 339
1183 1959 1353 2012 solam
1419 1956 1529 2026 (85)
1593 1955 1725 2009 mihi
1774 1969 1922 2008 cura:
1987 1965 2127 2012 esse,

2227 607 2326 676 μὲν
2347 601 2437 659 οὖν
2462 602 2688 657 τοιαῦτα
2718 597 2860 656 εἷπε.
2884 599 3096 670 Μικρὸν
3117 599 3174 651 δὲ
3206 603 3233 651 ὁ
3265 599 3438 667 μέγας
3465 597 3780 667 δομέστικος

2225 695 2484 764 ἐπισχὼν,
2519 695 2632 748 Οὐκ
2655 695 2723 748 ἀν
2753 709 2842 762 μοι
2871 691 3012 744 δοκῶ
3039 689 3284 753 τοιαῦτα,
3313 685 3456 753 εἷπε,
3492 690 3777 758 παραστῆ-

2225 803 2312 838 ναι
2355 785 2480 855 περὶ
2521 784 2613 837 σοῦ
2651 800 2802 846 ποτε,
2863 779 2988 851 μήδ’
3037 783 3118 841 εἰς
3177 778 3432 833 τοσοῦτον
3492 780 3646 849 ’ήκειν
3679 781 3778 848 ἐμὲ

2224 876 2562 944 φαυλότητος
2601 873 2852 944 ἡγεῖσθαι
2897 871 3138 940 τρόπων,
3201 869 3343 924 ὥστε
3379 869 3642 939 βασιλέως
3701 871 3780 922 έτι

2224 967 2449 1032 ζῶντος,
2489 966 2641 1036 ἦκα).
2673 966 2812 1035 μετά
2861 963 3139 1033 τελευτὴν,
3182 964 3215 1030 ἢ
3254 964 3338 1016 σοὶ
3366 962 3778 1032 πεισθήσεσθαι,

2223 1058 2257 1128 ἢ
2301 1059 2468 1127 ἑτέρῳ
2495 1056 2719 1126 ὁτῳοῦν,
2769 1056 2867 1125 τῆς
2900 1057 2999 1124 μὲν
3029 1055 3108 1117 είς
3141 1054 3240 1124 έμὶ
3280 1053 3546 1123 βασιλέως
3576 1055 3779 1122 φιλίας,

2223 1150 2282 1218 ἢ,
2315 1149 2515 1218 μᾶλλον
2567 1149 2761 1212 εἰπεῖν,
2831 1146 3134 1216 συμπνοίας
3171 1143 3579 1214 ,ἀμνημονῆσαι
3605 1160 3619 1175 ·
3679 1144 3786 1195 τῶν

2229 1238 2336 1307 ἰδίᾳ
2363 1237 2418 1290 δὲ
2452 1238 2505 1289 τι
2534 1237 2657 1307 ἐμοὶ
2679 1235 2862 1306 ζητεῖν
2897 1234 3262 1302 διαφερόντων
3293 1232 3642 1302 ἀμελήσαντα
3679 1232 3786 1283 τῶν

2224 1332 2376 1400 κοινῇ
2405 1331 2516 1391 τοῖς
2538 1327 2800 1398 βασιλέως
2819 1326 2978 1380 παισὶ
3009 1327 3102 1380 καὶ
3128 1324 3358 1394 βασιλίδι
3383 1323 3783 1393 συμφερόντων.

2227 1420 2317 1472 Διὸ
2339 1423 2432 1472 καὶ
2477 1418 2714 1489 μάλιστά
2753 1435 2848 1471 σου
2879 1416 3286 1484 κατεγνωκέναι
3308 1415 3357 1468 εί
3398 1413 3622 1470 τοιαῦτα
3648 1429 3789 1478 παρ-

2227 1510 2391 1566 αινῶν
2443 1510 2675 1580 ἤλπισας
2727 1509 2956 1563 πείσειν.
2994 1506 3100 1562 Τοῦ
3130 1506 3174 1559 δ’
3203 1503 3356 1569 αὖθις
3391 1505 3788 1576 ἐπιχειροῦντος

2226 1602 2300 1665 ὼς
2335 1602 2405 1654 τὰ
2451 1601 2643 1671 βελτίω
2674 1599 2882 1652 πείθειν
2925 1597 3306 1667 συμϐουλεύει,
3349 1596 3585 1659 Παῦσον,
3645 1593 3782 1662 εἶπε,

2228 1691 2452 1745 τοιαῦτα
2503 1691 2709 1758 λέγειν.
2755 1691 2851 1754 ’ος
2883 1688 2992 1757 γὰρ
3045 1687 3138 1740 τοῦ
3183 1688 3340 1758 φίλου
3392 1689 3685 1750 τεθνεῶτος
3715 1692 3786 1757 μὴ

2229 1783 2353 1842 τοὺς
2390 1780 2571 1850 φιλίας
2625 1779 2783 1849 τηρεῖ
2840 1777 3096 1845 θεσμοὺς,
3150 1770 3465 1850 οὗτοςνούδὲ
3496 1778 3693 1844 ζῶντος
3723 1775 3790 1849 ἦν

2230 1871 2384 1939 φίλος
2406 1849 2635 1940 ἀληθής.
2673 1869 2817 1938 Πρὸς
2846 1869 2944 1938 μὲν
2990 1864 3082 1926 οὖν
3121 1869 3211 1920 τδν
3270 1849 3442 1936 μέγαν
3475 1869 3792 1936 δομέστικον

2231 1961 2386 2013 οὐδὲν
2439 1959 2519 2012 ἔτι
2570 1953 2752 2022 εἶπεν,
2804 1956 2974 2019 οὕτως
3025 1955 3303 2025 ἐμϐριθῶς
3337 1956 3788 2026 ἀποκρινάμενον.

568 2069 637 2107 an
695 2052 876 2106 omnia
938 2051 1135 2113 simul,
1167 2060 1236 2114 te,
1271 2050 1511 2116 inquam,
1539 2057 1595 2101 et
1655 2045 1815 2110 ﬁlios,
1844 2052 1897 2096 et
1955 2042 2129 2109 impe-

2234 2049 2312 2120 Τῇ
2347 2051 2514 2120 μητρὶ
2560 2049 2617 2101 δὲ
2659 2049 2823 2101 αὑτοῦ
2869 2048 3202 2118 προσελθὼν,
3259 2048 3326 2100 τὰ
3385 2047 3476 2101 ῐσα
3522 2049 3792 2118 ἐπεχείρει

572 2142 754 2198 rium?
776 2143 912 2196 Tum
931 2141 1193 2210 Augusta,
1219 2139 1322 2193 sibi
1350 2139 1546 2192 mirum
1579 2135 1846 2198 accidere,
1872 2133 1963 2192 ait.
1986 2128 2131 2200 quod

2235 2140 2440 2210 πείθειν
2461 2137 2842 2208 ὀίόμενος,ἂν
2871 2137 3078 2207 ταύτην
3109 2137 3608 2208 πεῖσαιδυνηθῇ,τδ
3639 2156 3796 2191 σπου.

572 2235 626 2287 in
659 2239 806 2286 tanta
839 2246 1020 2284 rerum
1059 2228 1389 2283 necessitate
1419 2233 1674 2296 oportere
1709 2221 1930 2276 duxerit
1961 2221 2132 2290 ipsam

2234 2230 2527 2302 δαζόμενον
2573 2229 2862 2300 ἠνυκέναιο
2910 2229 2986 2291 ὠς
3030 2229 3130 2282 οὐκ
3199 2227 3266 2280 ἂν
3311 2228 3658 2297 ἀντειπόντος
3699 2226 3789 2280 τοῦ

571 2326 930 2392 interrogare,
977 2336 1106 2374 num
1152 2318 1283 2388 quid
1331 2333 1456 2371 eum
1512 2315 1639 2368 ﬁliis
1689 2310 2034 2382 imperatoris
2080 2315 2132 2361 et

2235 2321 2376 2385 υἱοῦ,
2415 2322 2442 2373 δ
2481 2337 2533 2374 τι
2576 2321 2642 2374 ἂν
2689 2322 2756 2389 τῇ
2790 2319 2958 2390 μητρὶ
2987 2319 3172 2389 δοκοίη
3225 2319 3316 2372 καὶ
3347 2319 3621 2381 λυσιτελὲς
3655 2319 3789 2386 ὁμοῦ

570 2414 802 2485 imperio
839 2411 1188 2467 conducibile
1232 2409 1360 2463 velit
1400 2405 1601 2460 facere.
1631 2401 1937 2457 Committit
1967 2401 2132 2468 igitur

2234 2414 2326 2467 καὶ
2354 2414 2588 2466 δίκαιονο
2625 2412 2699 2475 ὼς
2718 2412 2890 2465 δὲκαὶ
2923 2411 3053 2481 παρ’
3089 2411 3302 2480 ἐκείνης
3336 2411 3436 2480 τῆς
3463 2411 3583 2483 ἴσης
3611 2411 3794 2481 ἔτυχεν

569 2507 674 2572 illi,
715 2519 839 2574 qua:
883 2503 937 2557 in
979 2515 1270 2557 commune
1313 2496 1604 2551 videantur
1635 2492 1916 2564 prodesse,
1943 2503 2134 2544 eorum

569 2596 707 2650 nihil
740 2595 1036 2663 negligere.
1107 2590 1210 2656 Qui
1258 2587 1547 2642 confestim
1593 2585 1855 2639 Joannem
1902 2581 2138 2649 impera-

575 2697 748 2741 torem
784 2694 843 2740 et
885 2686 1107 2739 fratrem
1162 2680 1466 2734 Manuelem
1528 2678 1584 2730 in
1640 2675 1900 2745 palatium
1958 2670 2134 2736 duxit,

575 2779 850 2850 iussitque
880 2775 989 2830 illis
1019 2775 1210 2828 adesse
1242 2771 1524 2824 ministros
1573 2777 1628 2821 et
1673 2765 1938 2822 custodiri
1985 2763 2138 2832 pala-

575 2873 713 2926 tium
749 2885 778 2922 a
811 2865 1114 2925 malitibus,
1145 2877 1284 2932 quos
1311 2875 1485 2931 puero
1535 2857 1850 2927 imperatori
1904 2855 2140 2909 benevo-

572 2959 910 3016 lentissimos
937 2964 1184 3012 noverat.
1219 2953 1295 3006 De
1349 2951 1462 3006 suis
1490 2964 1711 3019 quoque
1756 2947 1973 3001 famulis
2007 2945 2139 3000 ﬁde-

571 3050 812 3106 lissimos
837 3047 912 3101 ibi
945 3045 1183 3114 reliquit,
1209 3052 1265 3098 et
1292 3042 1640 3110 securigeros
1669 3039 1943 3106 Barangos
1979 3045 2142 3105 quot-

572 3145 709 3210 quot
759 3143 938 3198 erant,
993 3147 1185 3188 omnes
1238 3143 1470 3184 numero
1521 3128 1870 3197 quingentos.
1927 3126 2136 3180 Ibidem

573 3233 805 3300 ipsemet
860 3234 1211 3296 pernoctans,
1272 3221 1411 3274 ﬁlios
1473 3219 1820 3290 imperatoris
1876 3225 2137 3285 quantum

572 3327 793 3392 poterat
825 3315 1190 3371 custodiebat.
1240 3310 1322 3366 Ad
1352 3325 1633 3380 vesperam
1665 3319 1848 3364 autem
1881 3307 1969 3362 die
2001 3308 2139 3362 Mer-

574 3410 719 3464 curii
770 3406 982 3462 decimo
1038 3404 1272 3473 septimo
1329 3401 1598 3456 Kalendas
1651 3399 2140 3466 Quintiles,-anuo

573 3499 996 3570 quadragesimo
1021 3510 1171 3550 nono
1200 3509 1360 3555 supra
1378 3494 1739 3563 octingentos,
1764 3505 1819 3546 et
1849 3508 1938 3548 sex
1973 3492 2141 3545 millia

577 3595 648 3648 ab
676 3592 810 3645 orbe
845 3589 1093 3652 condito,
1145 3587 1452 3640 lndictione
1497 3601 1662 3649 noua,
1715 3587 1889 3639 morbi
1936 3586 2141 3640 saevitia

578 3683 888 3745 confectus,
925 3697 992 3734 ex
1019 3681 1120 3732 hac
1150 3679 1272 3730 luce
1307 3677 1605 3746 imperator
1634 3677 1891 3746 migravit
1923 3676 2056 3742 (δέ).

2235 2502 2531 2572 ἀπολογίας
2561 2502 2594 2571 ἢ
2623 2504 2716 2555 καὶ
2735 2501 3161 2572 αὑστηροτέρας,
3184 2501 3259 2572 μὴ
3291 2501 3517 2554 τοιαῦτα
3547 2501 3793 2556 κελευού-

2238 2614 2336 2665 σης
2371 2593 2786 2665 συμϐουλεύειν,
2838 2593 2874 2654 ἃ.
2932 2593 3008 2663 μὴ
3065 2593 3336 2662 συμφέρει
3391 2592 3652 2661 πράττειν
3705 2591 3794 2645 τὸν

2237 2688 2372 2750 υἱδν,
2401 2685 2676 2749 παντελῶς
2698 2685 2966 2754 ἀπέσχετο
2995 2683 3092 2752 τῆς
3121 2683 3334 2752 πείρας.
3351 2682 3411 2736 '0
3440 2683 3614 2751 μέγας
3640 2681 3697 2734 δὲ
3723 2681 3795 2732 δοο

2240 2777 2496 2847 μέστικος
2522 2776 2664 2845 ὁρῶν
2697 2775 2797 2845 ήδη
2855 2774 3076 2844 βασιλέα
3103 2775 3162 2827 ὲν
3194 2773 3313 2845 χρῷ
3347 2773 3597 2828 κινδύνου
3636 2771 3792 2826 καθε-

2239 2867 2441 2931 στῶτα,
2471 2868 2566 2919 καὶ
2598 2864 2826 2920 συνιδὼν
2847 2866 2922 2928 ὼς
2945 2865 3180 2934 μάλιστα
3206 2863 3482 2932 προσῆκον
3501 2863 3610 2916 τῶν
3643 2862 3788 2932 βασι·

2241 2958 2383 3018 λέως
2415 2957 2620 3010 παίδων
2671 2955 2929 3026 πρόνοιαν
2967 2953 3321 3022 ποιήσασθαι,
3358 2953 3450 3007 καὶ
3475 2953 3573 3022 τῆς
3603 2951 3788 3021 ἀρχῆς,

2249 3049 2420 3118 ’Λννῃ
2449 3049 2515 3116 τῇ
2555 3045 2784 3115 βασιλίδι
2824 3043 3141 3114 προσελθὼν
3171 3043 3445 3114 θρηνούσῃ
3490 3041 3587 3096 καὶ
3615 3042 3794 3109 ὀδυρο-

2243 3132 2405 3204 μένῃ,
2437 3133 2497 3186 Ὀ
2535 3133 2632 3202 μὲν
2670 3131 2882 3204 παρὼν,
2914 3128 3056 3196 εἷπε,
3091 3131 3285 3201 καιρὸς
3311 3131 3370 3184 ού
3418 3130 3646 3192 πένθους
3682 3129 3797 3182 οὐδὲ

2237 3223 2488 3292 δακρύων
2521 3219 2661 3277 εἷναί
2693 3241 2782 3294 μοι
2810 3224 2994 3276 δοκεῖ·
3025 3223 3249 3292 ὕστερον
3284 3223 3392 3293 γάρ
3424 3224 3556 3292 ημῖν
3588 3220 3797 3286 ἐξέσται

2241 3317 2288 3368 ει
2345 3315 2422 3386 μὴ
2452 3315 2584 3378 Θεὸς
2633 3315 2932 3379 ἀπαλλάξει
2970 3315 3068 3383 τῆς
3097 3313 3553 3383 προσδοκωμένης
3592 3329 3799 3381 συμφο-

2242 3407 2364 3476 ρᾶς,
2411 3405 2568 3459 ἵλεων
2614 3407 2744 3474 ἡμῖν
2794 3405 3001 3459 ἀνωθεν
3057 3404 3377 3473 ὲπιΰλέψας,
3425 3404 3675 3474 ὀδυρμῶν
3709 3405 3798 3458 καὶ

2243 3495 2496 3566 δακρύων
2526 3494 3004 3565 ἀναπίμπλασθαι,
3050 3495 3193 3548 κατὰ
3244 3493 3459 3564 σχολήν.
3498 3495 3570 3547 Τὸ
3605 3495 3662 3554 δὲ
3709 3493 3799 3546 νῦν

2243 3586 2366 3655 ἕχον
2388 3583 2527 3638 εἷναί
2550 3603 2641 3654 μοι
2665 3585 2814 3638 δοκεῖ
2837 3585 3133 3655 προσῆκον,
3155 3585 3451 3651 ἀσφάλειαν
3477 3585 3800 3654 ποιήσασθαι

2243 3678 2355 3731 τῶν
2391 3676 2653 3745 βασιλέως
2679 3676 2905 3730 παίδων.
2939 3675 3181 3730 Μάλιστα
3207 3676 3427 3746 μὲνγὰρ
3450 3676 3640 3729 ούδένα
3675 3675 3803 3730 Ῥω-

583 3780 760 3852 μαίων
795 3774 1203 3829 ὲπιδουλεύσειν
1232 3773 1441 3825 οἴεσθαι
1474 3773 1600 3840 ἡμῖν
1653 3773 1886 3835 μάλιστα
1933 3772 2133 3836 ζῶντος
2171 3772 2304 3840 ἐμοῦ
2335 3772 2429 3825 καὶ
2498 3772 2764 3842 παρόντος
2818 3771 3003 3824 ἐνθάδε
3035 3773 3160 3825 νύν·
3205 3775 3252 3825 εί
3281 3774 3326 3826 δ’
3357 3773 3466 3841 ἄρα
3506 3775 3598 3828 καὶ
3634 3774 3802 3828 τοιοῦ-

579 3889 672 3929 τον
693 3866 955 3940 συμϐαίη,
996 3864 1048 3916 τί
1087 3862 1295 3934 βέλτιον
1338 3863 1467 3933 περὶ
1511 3862 1604 3916 σοῦ
1651 3863 1818 3933 μόνην
1849 3861 1988 3916 εἷναί
2043 3881 2134 3932 μοι
2174 3863 2270 3932 τὴν
2301 3863 2578 3934 φροντίδα,
2645 3863 2738 3915 καὶ
2811 3862 2888 3932 μὴ
2933 3863 3153 3916 πάντων
3182 3864 3318 3931 ὁμοῦ
3347 3865 3444 3918 καὶ
3473 3865 3682 3918 παίδων
3712 3866 3800 3920 καὶ

579 3968 677 4035 τῆς
703 3966 913 4037 an?!“
952 3965 1017 4019 εΗ
1046 3965 1259 4036 βασιλὶς
1285 3963 1342 4016 δὲ
1369 3959 1667 4028 θαυμάζειν
1723 3957 1960 4025 ἔφασκεν
2024 3955 2209 4017 αὑτοῦ,
2251 3957 2299 4008 εί
2333 3954 2586 4024 τοιαύτης
2617 3955 2856 4023 ἀνάγκης
2889 3956 3352 4026 περιϊσταμένης’
3387 3956 3638 4024 ἐνόμισεν
3669 3952 3800 4010 εἶναι

579 4066 690 4119 τῶν
710 4065 937 4118 δεόντων
977 4061 1074 4116 καὶ
1104 4059 1274 4126 αὐτῆς
1308 4052 1693 4116 πυνθάνεσθαι,
1723 4053 1778 4104 εί
1820 4068 1873 4104 τι
1943 4050 2184 4119 βούλοιτο
2221 4049 2330 4103 τῶν
2379 4050 2766 4120 συμφερόντων
2799 4052 2879 4112 είς
2926 4051 3048 4110 τοὺς
3092 4047 3356 4117 βασιλέως
3411 4051 3610 4115 παῖδας
3641 4053 3804 4122 πράτ-

578 4179 694 4215 τειν
725 4160 815 4214 καὶ
836 4159 935 4227 τὴν
961 4157 1158 4226 ἀρχήν.
1202 4150 1506 4222 Ἐπέτρεπέ
1536 4166 1596 4202 τε
1647 4149 1678 4202 ὃ
1743 4146 1810 4202 ἂν
1848 4145 1996 4214 αὐτῷ
2027 4134 2208 4213 δοκοίη
2250 4147 2402 4216 κοινῇ
2433 4144 2730 4200 λυσιτελεῖν
2756 4144 2982 4213 μηδενὸς
3009 4143 3259 4212 ἀμελεῖν’
3291 4147 3319 4197 ὁ
3350 4143 3396 4197 δ’
3428 4145 3592 4210 εὐθὺς
3627 4145 3799 4200 Ἰωάν.

581 4271 680 4323 νην
701 4267 760 4302 τε
783 4248 1006 4320 βασιλέα
1041 4246 1132 4302 τὸν
1189 4243 1452 4315 βασιλέως
1481 4241 1616 4306 υἱὸν,
1649 4237 1862 4295 καὶτὸν
1907 4238 2133 4306 ἀδελφὸν
2170 4236 2390 4307 Μιχαὴλ
2459 4235 2811 4306 παραλαϐὼν,
2845 4237 3052 4306 ἢγαγεν
3113 4236 3193 4292 είς
3226 4237 3296 4289 τὰ
3331 4235 3612 4305 βασίλεια·
3651 4237 3804 4307 θεραρ

582 4343 741 4396 πείαν
769 4358 828 4394 τε
863 4341 1044 4401 αὐτοῖς
1079 4337 1178 4407 τὴν
1204 4333 1500 4404 γινομένην
1534 4330 1843 4402 προστάξας
1878 4323 2021 4384 εἶναι
2085 4330 2181 4383 καὶ
2219 4329 2461 4400 φρουρὰν
2487 4329 2602 4391 τοῖς
2635 4327 2925 4397 βασιλείοις
2947 4329 3012 4381 ἐκ
3037 4345 3094 4380 τε
3134 4327 3235 4396 τῆς
3270 4330 3533 4396 στρατιᾶς
3585 4328 3678 4393 οὓς
3709 4329 3805 4396 μά-

583 4439 742 4488 λιστα
767 4434 882 4506 ᾔδει
913 4430 1298 4490 εὐνουστάτους
1328 4413 1406 4495 τῷ
1451 4427 1680 4491 βασιλεῖ,
1727 4427 1822 4477 καὶ
1859 4422 1970 4477 τῶν
2000 4422 2227 4476 οἰκετῶν
2259 4424 2388 4506 τοὺς
2449 4423 2806 4484 πιστοτάτους
2871 4422 2981 4475 τῶν
3049 4423 3194 4480 ίδίων
3255 4423 3382 4492 περὶ
3415 4425 3814 4485 πεντακοσίους.

581 4527 676 4581 τὸν
697 4501 928 4598 ἀριθμὸν
972 4518 1306 4580 καταλιπὼν,
1339 4515 1435 4569 καὶ
1463 4515 1590 4575 τοὺς
1621 4513 1746 4574 τοὺς
1773 4513 2022 4574 πελέκεις
2055 4501 2658 4582 ἔχοντας’Βαράγγους,
2685 4508 2799 4564 ὅσοι
2841 4504 3015 4579 ἦσαν’
3037 4512 3130 4564 καὶ
3161 4509 3320 4574 αὐτὸς
3365 4509 3803 4582 διενυκτέρευσεν

583 4618 718 4681 ἐκεῖ,
746 4616 852 4670 τῶν
893 4613 1156 4687 βασιλέως
1183 4607 1388 4662 παίδων
1430 4607 1529 4675 τὴν
1558 4603 1789 4672 δυνατὴν
1830 4601 2130 4670 ἀσφάλειαν
2167 4600 2520 4670 ποιούμενος·
2554 4602 2632 4662 είς
2678 4599 2916 4670 ἑσπέραν
2959 4600 3017 4653 δὲ
3083 4602 3183 4670 τῆς
3249 4603 3518 4673 τετάρτης
3565 4605 3798 4673 ἡμέρας,

583 4713 651 4781 τῇ
684 4709 776 4762 τοῦ
805 4708 1109 4777 νοσήματος
1139 4701 1360 4768 ὀξύτητι
1414 4697 1830 4768 κατεργασθεὶς,
1865 4694 2216 4763 ἐτελεύτησεν
2244 4697 2272 4748 ὁ
2302 4693 2574 4764 βασιλεὺς,
2639 4693 3097 4763 πεντεκαιδεκάτῃ
3157 4695 3323 4764 μηνὸς
3373 4695 3592 4749 Ἰουνίου
3658 4699 3803 4748 ἱστα-

589 4807 776 4876 μένου,
831 4792 942 4856 τού
992 4799 1211 4852 ἑννάτου
1274 4797 1363 4850 καὶ
1435 4792 1874 4864 τεσσαρακοστοῦ
1925 4793 2080 4853 έτους
2121 4790 2214 4843 επὶ
2250 4793 2363 4853 τοῖς
2412 4788 2749 4849 ὀκτακοσίοις
2797 4789 2890 4840 καὶ
2931 4787 3336 4858 ἑξακισχιλίοις,
3379 4789 3611 4861 ἑννάτης
3646 4789 3802 4860 οὔσης

593 4894 944 4956 ίνδικτιῶνος.

1847 5001 2063 5062 Jacobi
2096 4999 2358 5062 Pontani
2393 5006 2578 5059 notae.

664 5114 777 5182 (81)
817 5112 943 5167 Haec
989 5109 1298 5182 augurium
1327 5108 1598 5182 quoddam
1629 5116 1771 5182 sunt_
1789 5106 1986 5159 futurae
2017 5113 2153 5182 tem-
2325 5103 2434 5182 (δᾷ)
2477 5102 2652 5182 Locus
2679 5102 2769 5182 hic
2797 5101 2852 5182 in
2884 5100 3070 5155 Graeco
3108 5099 3426 5182 impeditior
3463 5109 3567 5182 est,
3587 5108 3804 5182 propter

592 5169 836 5253 pestatis,
871 5169 1446 5253 quaepimperatricem,
1479 5186 1536 5231 et
1583 5177 1870 5253 imperium
1912 5174 2152 5253 exagitat
2256 5169 2496 5253 voculas,
2530 5174 2625 5253 καὶ
2679 5173 2754 5253 μη
2785 5171 3024 5233 πάντων,
3063 5186 3161 5253 pro
3211 5170 3412 5237 quibus
3466 5169 3608 5237 lego,
3658 5169 3802 5236 ἥκαι

593 5240 715 5309 iura
759 5240 865 5315 est,
891 5240 1052 5304 'bello
1098 5240 1192 5302 illo
1238 5247 1626 5315 quinquennali
1663 5240 1955 5308 'videlicet,
1987 5240 2149 5315 quod
2253 5243 2493 5315 πάντων,
2549 5249 2605 5294 et
2648 5250 2801 5309 puto,
2849 5254 3071 5293 sensum
3125 5240 3275 5310 bunq
3319 5253 3464 5304 esse,
3508 5252 3670 5307 quem
3713 5255 3803 5292 ex-

591 5323 766 5392 paulo
785 5310 908 5392 post
935 5310 1316 5392 secutunt_est,
1343 5310 1408 5369 de
1439 5316 1731 5392 quo_|ibro_
1750 5313 2025 5392 sequenti.
2066 5381 2078 5391 .
2252 5310 2445 5392 pressi.

663 5381 800 5460 (82f
819 5389 936 5460 Duo
963 5398 1144 5460 erant,
1172 5386 1410 5460 Joannes
1442 5381 1495 5438 ιῖι
1526 5383 1771 5460 λιαιιυεις
1803 5381 1871 5434 de
1900 5381 2151 5460 neutrius

591 5450 717 5513 ortu
755 5450 1052 5527 quidquam
1087 5456 1312 5509 dictum.
1351 5454 1425 5527 De
1460 5454 1644 5527 priore
1669 5450 2067 5527 Gregoraslib.
2095 5465 2148 5502 x:

592 5519 849 5597 Sequente
891 5519 1080 5597 ἀειᾳιε
1108 5519 1680 5597 imperatoris—conqu
1723 5522 1878 5597 A_nna
1921 5519 2155 5597 domina,

591 5588 707 5664 quia
735 5595 1083 5664 Didymotichi
1109 5588 1388 5664 privgnnns
1413 5588 1620 5660 agebat,
1647 5591 2055 5664 decimo‘octgvo
2073 5588 2156 5664 die

592 5615 707 5715 ηοω
735 5615 1083 5664 utaymoucm
1109 5615 1388 5664 prwgnuns
1413 5615 1620 5660 ageam,
1647 5615 1844 5644 utamu
1870 5615 2054 5642 uuavv
2073 5615 2156 5640 um

631 5665 742 5716 αηίὶ
763 5663 934 5732 ﬁlium
978 5662 1242 5716 Joannem
1262 5661 1656 5732 imperatorem
1687 5659 1904 5732 peperit.
1941 5656 2007 5732 Et
2037 5659 2156 5711 huic

596 5727 801 5796 quidem
829 5732 1224 5786 Cantucuzenus
1254 5727 1513 5784 Helenam
1545 5727 1714 5794 ﬁliam
1741 5727 2031 5794 despondit.

2326 5379 2439 5448 (84)
2479 5378 2672 5448 Miror,
2709 5393 2832 5432 cum
2868 5393 3036 5446 supra
3065 5377 3169 5448 illo
3196 5385 3520 5448 aegrotante,
3547 5389 3605 5431 et
3637 5378 3802 5432 mori-

2252 5447 2438 5502 bundo
2480 5447 2617 5501 adeo
2664 5447 2992 5501 lamentatus
3032 5447 3104 5502 sit
3158 5461 3384 5514 magnus
3435 5447 3801 5508 domesticus,

2250 5518 2340 5571 hic
2367 5531 2556 5570 revera
2577 5517 2843 5570 moriente
2872 5515 3146 5585 quomodo
3178 5530 3287 5568 non
3322 5515 3520 5583 prodat
3539 5516 3801 5578 lamentis,

2248 5597 2304 5641 et
2347 5585 2601 5654 lacrymis
2633 5599 2874 5640 amorem
2909 5601 3018 5653 quo
3060 5585 3115 5638 in
3143 5599 3267 5654 eum
3305 5585 3536 5654 ardebat
3569 5585 3804 5639 incredi~

2249 5656 2368 5711 bili.
2405 5653 2511 5708 Sed
2557 5654 2795 5707 arbitror
2827 5668 2926 5721 pro
2958 5653 3330 5723 magnitudine
3374 5653 3580 5710 doloris
3619 5667 3802 5709 recuro

2251 5723 2420 5780 santis
2451 5738 2555 5776 nou
2583 5723 2823 5792 potuisse
2852 5724 2998 5790 quod
3023 5722 3235 5777 volebat
3259 5723 3527 5778 scribere.
