4122 6296
1687 364 2008 424 JOANNIS
2049 367 2579 428 CANTACUZENI

3660 367 3768 427 704

1673 733 2024 821 LIBER
2097 733 2655 822 TERTIUS.

1775 1064 1939 1135 343
1974 1065 2197 1122 CAPUT
2235 1063 2520 1118 PRIMUM.

541 1152 826 1212 Transitio.
857 1154 1078 1206 breviter
1104 1166 1326 1209 narrata
1355 1168 1607 1224 repetens,
1636 1166 1684 1208 et
1717 1157 1990 1208 narranda
2021 1157 2350 1220 promittens.
2387 1155 2659 1208 Narrandi
2692 1170 2868 1208 causa:
2904 1154 3044 1209 dtur.
3082 1155 3370 1224 Comparat
3413 1173 3469 1210 se
3506 1173 3622 1210 cum
3647 1161 3765 1212 aliis

611 1225 798 1295 Irarum
821 1239 993 1295 rerum
1024 1226 1360 1295 scriptoribus
1391 1235 1438 1278 et
1469 1228 1742 1278 veritatem
1769 1226 2032 1295 sinceram
2054 1226 2333 1295 promittit.
2368 1224 2560 1295 Luctus
2583 1225 2924 1295 imperatoris
2948 1227 3008 1278 ob
3041 1225 3342 1295 defunctum
3367 1228 3762 1294 imperatorem.

616 1291 1105 1365 Magni_domestici
1137 1294 1357 1362 diligens
1384 1295 1616 1365 custodia
1650 1302 1698 1346 et
1725 1293 1915 1363 vigilia:
1943 1309 1959 1348 :
1989 1291 2062 1347 et'
2086 1297 2139 1348 in
2187 1294 2520 1364 procurando
2571 1291 2792 1362 imperio
2825 1291 3143 1351 sollicitudo.
3199 1293 3385 1348 Funus
3436 1291 3767 1365 imperatoris

615 1362 951 1430 magniﬁcum
986 1373 1032 1415 et
1075 1379 1227 1415 sacra
1272 1364 1590 1432 piacularia.
1681 1427 1694 1436 ψ

617 1475 1086 1540 Quemadmodum
1149 1477 1315 1545 igitur
1380 1477 1666 1547 Palaaologi
1749 1478 2152 1546 imperatorest

2281 1479 2361 1530 Tit
2405 1478 2505 1546 μὲν
2534 1478 2599 1548 δὴ
2630 1478 2739 1530 τῶν
2796 1477 3174 1545 παλαιολὸγων
3228 1471 3515 1546 βασιλέων,
3563 1477 3663 1528 ὅσα
3713 1493 3769 1528 τε

549 1569 692 1621 inter
736 1582 794 1621 se
844 1567 1253 1632 contenderint,
1303 1576 1360 1621 et
1412 1583 1534 1636 quae
1574 1569 1868 1637 separatim
1897 1567 2109 1637 junior,

2211 1568 2473 1637 περὶτῆς
2511 1568 2682 1636 ἀρχῆς
2738 1569 2876 1638 πρὸς
2924 1567 3186 1637 ἀλλήλους
3248 1568 3631 1636 διηνέχθησαν,
3684 1568 3773 1618 καὶ

550 1667 836 1725 postquam
894 1658 1080 1711 senior
1125 1658 1356 1724 imperio
1385 1658 1576 1721 abivit,
1624 1668 1813 1711 contra
1847 1657 2108 1711 barbaros

2250 1676 2311 1710 σα
2362 1659 2481 1710 καθ’
2511 1659 2702 1712 ἑαυτὸν
2730 1659 2895 1721 ὁνέος
2951 1657 3091 1728 μετὰ
3123 1658 3215 1710 τὸν
3246 1658 3622 1727 πρεσϐύτερον
3669 1657 3773 1708 τῶν

553 1747 720 1800 armis
758 1747 1025 1820 gesserit:
1053 1747 1328 1815 quomodo
1359 1744 1506 1800 demi
1538 1763 1756 1817 semper
1805 1749 2108 1815 rempubli-

555 1851 674 1890 cam
705 1835 978 1899 habue'rit,
1030 1836 1318 1904 hucusque
1375 1851 1402 1888 a
1447 1838 1607 1892 nobis
1638 1839 1966 1908 explicatum
2011 1849 2114 1904 est,

556 1935 613 1979 et
647 1926 915 1995 promissa
957 1926 1023 1979 ab
1064 1926 1222 1979 initio
1291 1937 1634 1989 conservata,
1688 1929 1815 1982 dum
1865 1936 2119 1986 accurate

559 2026 614 2070 et
649 2031 795 2080 vere,
825 2025 884 2070 ut
928 2016 1298 2084 contigerunt,
1331 2017 1511 2070 omnia
1553 2018 1858 2072 litterarum
1911 2033 2112 2072 monu-

561 2110 760 2162 mentis
833 2107 1102 2174 complexi
1189 2123 1400 2160 sumus.
1485 2107 1590 2163 Sed
1665 2110 1925 2178 quoniam
1998 2118 2123 2178 post

563 2199 861 2252 Andronici
918 2199 1149 2252 minoris
1206 2214 1274 2252 ex
1341 2199 1444 2253 hac
1509 2201 1633 2254 luce
1689 2200 2069 2269 migrationem
2105 2243 2120 2267 ,

565 2292 767 2344 bellum
822 2291 1066 2344 omnium
1101 2299 1371 2358 quotquot
1397 2306 1636 2360 unquam
1673 2291 1874 2346 litteris
1903 2293 2128 2346 exstite-

566 2391 717 2447 runt,
779 2381 1306 2450 perniciosissimum
1379 2382 1523 2436 inter
1581 2383 1859 2437 Romanos
1980 2384 2128 2452 ipsos

567 2474 958 2526 inﬂammatum
990 2482 1118 2537 est,
1174 2473 1318 2527 unde
1359 2473 1755 2542 propemodum
1789 2473 1970 2527 omnia
2003 2489 2130 2541 pro-

570 2574 759 2627 strati,
813 2574 868 2620 et
900 2580 1088 2619 eversa
1133 2567 1421 2633 perierunt
1451 2580 1581 2628 ,_ac
1621 2564 1842 2619 beatum
1893 2564 2026 2618 illud
2079 2574 2132 2618 et

571 2658 812 2726 amplum
841 2657 1157 2724 imperium,
1191 2655 1626 2718 imbecillimum,
1669 2667 1726 2710 et
1753 2657 1922 2710 veluti
1963 2657 2132 2710 simu-

573 2750 784 2802 lacrum
809 2748 1104 2816 quoddam,
1142 2755 1196 2799 et
1223 2747 1414 2800 umbra
1459 2755 1669 2800 tantum
1699 2747 1898 2816 prioris
1938 2748 2130 2811 evasit,

577 2840 956 2893 necessarium
983 2839 1317 2902 existimavi,
1353 2839 1516 2891 etiam
1571 2853 1637 2891 eo
1678 2841 1797 2906 ipso
1828 2847 2136 2907 perpetrata

579 2939 1052 2982 contexeremon
1122 2929 1300 2982 solum
1353 2937 1411 2981 ut
1472 2928 1767 2997 posteritas
1824 2936 2136 2998 cognoscat,

582 3027 842 3087 quantam
903 3019 1012 3072 vim
1074 3017 1546 3072 incommodorum
1587 3018 1788 3072 invidia
1843 3019 2141 3087 importare

583 3111 778 3173 soleat,
816 3125 936 3178 qua:
971 3118 1076 3163 tam
1107 3110 1235 3172 sibi,
1268 3124 1431 3178 quam
1459 3110 1607 3174 aliis,
1658 3109 1830 3164 instar
1869 3109 2140 3179 rubiginis

581 3217 649 3254 ex
675 3201 792 3269 ipso
809 3200 954 3254 ferro
973 3201 1249 3254 nascentis
1269 3201 1404 3266 (85),
1431 3200 1746 3270 ferrumque
1769 3200 2146 3258 consumentis

585 3290 815 3342 exitiosa
853 3295 956 3353 est,
987 3288 1078 3342 sed
1107 3290 1272 3342 etiam
1298 3297 1357 3341 ut
1385 3297 1684 3356 prtesentes
1721 3288 1978 3348 habeant.
2003 3287 2146 3341 unde

588 3385 868 3436 veritatem
913 3380 1262 3449 percipiant,
1311 3395 1376 3433 ne
1449 3379 1751 3449 peregrinis
1791 3379 2144 3444 rumoribus,

589 3487 727 3525 neve
773 3471 840 3524 iis
867 3485 987 3537 qtt:e
1020 3470 1087 3523 ab
1123 3479 1356 3536 utraque
1387 3479 1540 3537 parte
1568 3469 1652 3524 vel
1695 3469 1761 3523 ad
1792 3485 1950 3524 suum
1983 3470 2152 3524 decus

594 3577 692 3630 per
745 3560 997 3628 gratiam,
1031 3559 1116 3613 vel
1170 3559 1236 3612 ad
1293 3559 1739 3614 adversariorum
1787 3561 2027 3616 dedecus
2058 3577 2155 3632 per

596 3651 930 3704 calumniam
994 3649 1474 3714 disseminantur,
1537 3651 1751 3704 animos
1807 3652 2156 3707 advertentes

597 3738 1102 3801 circnmducantur,
1167 3738 1298 3792 falsa
1353 3753 1451 3806 pro
1496 3739 1643 3793 veris
1683 3740 1990 3807 opinantes.
2041 3741 2158 3794 Erit

599 3839 782 3882 autem
808 3843 987 3896 operae
1017 3827 1250 3895 pretium
1279 3842 1387 3879 non
1420 3829 1744 3890 oscitanter,
1776 3827 1870 3881 sed
1910 3827 2158 3882 studiose

601 3919 733 3972 mihi
765 3918 898 3971 dare
921 3931 1168 3985 operam.
1201 3915 1334 3970 Nam
1363 3917 1545 3970 exteri
1563 3931 1773 3981 omnes,
1807 3917 1852 3972 si
1880 3918 1972 3986 qui
1998 3918 2163 3987 hujus

605 4010 728 4062 belli
791 4008 1070 4062 historiam
1136 4018 1616 4076 composuerunt,
1675 4019 1768 4062 aut
1844 4009 2161 4078 neutiquam

2215 1746 2556 1818 πραγμάτων
2604 1747 2809 1800 παῦσαι
2837 1746 2935 1816 τῆς
2960 1747 3138 1816 ἀρχῆς
3177 1747 3315 1815 πρός
3348 1763 3408 1798 τε
3467 1746 3774 1816 βαρϐάρους

2217 1837 2470 1906 πολεμῶν
2503 1840 2594 1889 καὶ
2623 1837 2758 1906 πρὸς
2785 1837 2912 1900 τοὺς
2949 1837 3182 1898 οἰκείους
3203 1837 3466 1889 διετέλεσε
3502 1837 3777 1890 πολιτευό-

2222 1944 2402 1997 μενος,
2433 1925 2667 1980 ὲνταῦθα
2717 1926 3074 1996 ἐτελεύτησεο
3108 1927 3202 1979 καὶ
3249 1928 3281 1995 ή
3340 1927 3602 1996 πρόθεσις
3652 1929 3780 1996 ἡμῖν

2221 2021 2392 2087 πέρας
2419 2021 2647 2088 ἔσχηκεν
2682 2019 2716 2088 ἡ
2745 2018 2804 2082 ἐξ
2841 2017 3038 2087 ἀρχῆς,
3071 2018 3250 2070 πάντα
3279 2018 3376 2069 σὺν
3407 2018 3665 2087 ἀκριϐείᾳ
3693 2021 3783 2071 καὶ

2227 2108 2363 2178 μετά
2397 2107 2654 2176 ἀληθείας
2683 2106 3113 2174 ἀπαγγείλασιν,
3146 2106 3220 2169 ὡς
3257 2107 3489 2174 ἐγένετο.
3533 2109 3687 2160 Ἐπεὶ
3730 2107 3787 2160 εξ

2228 2199 2365 2268 μετὰ
2407 2199 2505 2266 τὴν
2540 2197 2872 2264 Ἀνδρονίκου
2903 2197 2998 2250 τοῦ
3031 2201 3150 2251 νέου
3183 2198 3458 2267 τελευτὴν,
3480 2201 3507 2251 6
3546 2199 3788 2268 χαλεπὼο

2227 2305 2388 2352 τατος
2413 2286 2521 2340 τῶν
2554 2287 2776 2339 πώποτε
2821 2289 3312 2357 μνημονευομένων
3337 2289 3448 2348 τοῖς
3490 2287 3787 2354 Ῥωμαίοις

2229 2378 2365 2446 πρὸς
2389 2377 2651 2439 ἀλλήλους
2679 2377 2915 2446 πόλεμος
2953 2377 3336 2449 ἀνερριπίσθη,
3367 2378 3424 2438 ὃς
3470 2369 3654 2444 ὄλίγου
3685 2379 3788 2429 δεῖν

2231 2471 2406 2522 πάντα
2434 2469 2772 2536 ἀνατέτραφε
2802 2467 2894 2520 καὶ
2919 2468 3232 2534 διέφθαρκε,
3258 2469 3350 2520 καὶ
3376 2470 3475 2535 τὴν
3499 2469 3790 2537 εὐδαίμονα

2231 2561 2328 2614 καὶ
2379 2558 2620 2628 μεγάλην
2665 2559 2774 2611 τῶν
2806 2558 3090 2626 Ῥωμαίων
3127 2558 3407 2626 βασιλείαν
3468 2559 3789 2612 ἀσθενεστά-

2231 2668 2354 2719 την,
2407 2649 2502 2701 καὶ
2554 2647 2744 2716 ὥσπερ
2779 2646 2996 2699 εἴδωλον
3053 2647 3304 2710 ἀπέδειξε
3342 2648 3438 2716 τῆς
3504 2649 3790 2719 προτέρας,

2237 2742 2531 2808 ἀναγκαῖον
2577 2739 2764 2810 ᾠήθην
2811 2740 2905 2790 καὶ
2933 2737 3003 2790 τὰ
3051 2738 3193 2791 κατὰ
3222 2737 3410 2789 τοῦτον
3438 2740 3533 2790 τὸν
3565 2737 3793 2806 πόλεμον

2238 2831 2580 2900 γεγενημένα
2626 2829 3032 2899 ἐξηγήσασθαι·
3090 2829 3150 2881 οὐ
3201 2828 3364 2896 μόνον
3415 2827 3482 2879 ἶν’
3517 2827 3706 2881 εἰδεῖεν
3745 2828 3794 2880 oi

2244 2923 2557 2992 μετέπειτα,
2607 2921 2746 2974 ὅσων
2795 2921 2977 2974 κακῶν
3033 2920 3203 2981 αἴτιος
3258 2920 3286 2971 ὁ
3332 2920 3548 2986 φθόνος,
3584 2920 3644 2971 οὐ
3676 2921 3794 2982 τοὺς

2242 3014 2641 3084 φθονουμένους
2675 3011 2857 3080 μόνον,
2891 3009 3028 3062 ἀλλὰ
3085 3011 3178 3064 καὶ
3217 3009 3414 3072 αὐτοὺς
3464 3009 3795 3076 ἐξαφανίζων

2243 3107 2369 3167 τοὺς
2422 3103 2774 3172 φθονοῦντας,
2809 3101 2999 3171 ὥσπερ
3048 3102 3137 3153 τὸν
3188 3102 3404 3170 σίδηρον
3452 3104 3480 3153 6
3527 3101 3590 3163 ἐξ
3637 3100 3796 3153 αὺτοῦ

2244 3195 2562 3265 τικτόμενος
2590 3193 2689 3257 leg,
2721 3193 2836 3246 ἀλλ’
2874 3194 2962 3247 ἵνα
2989 3193 3084 3246 καὶ
3112 3191 3265 3245 αὐτοὶ
3297 3195 3342 3245 ot
3373 3193 3468 3246 νῦν
3491 3197 3604 3256 τοῖς
3631 3194 3802 3263 πράγ-

2249 3303 2384 3357 μασι
2422 3287 2712 3354 παρόντες,
2755 3285 2991 3354 τὰληθὲς
3022 3284 3224 3337 εἰδέναι
3255 3285 3437 3354 ἔχητε,
3472 3287 3567 3338 καὶ
3599 3287 3671 3355 μὴ
3694 3289 3803 3348 ταῖς

2249 3375 2446 3442 ἔξωθεν
2479 3377 2713 3445 φήμαις,
2757 3375 2892 3446 μηδὲ
2925 3376 3037 3438 τοῖς
3078 3374 3207 3443 παρ’
3230 3377 3512 3445 ἑκατέρων
3556 3377 3665 3428 τῶν
3715 3395 3806 3444 μευ

2255 3467 2362 3537 ρῶν
2395 3469 2428 3537 ἢ
2469 3469 2681 3528 ἑαυτοῖς
2732 3465 3138 3536 χαριζομένοις,
3172 3469 3204 3536 ἢ
3238 3469 3365 3531 τοὺς
3392 3467 3667 3530 ἐναντίους
3697 3467 3808 3520 δια-

2255 3559 2508 3611 ϐάλλουσι
2562 3548 2933 3626 προσέχοντας
3005 3559 3442 3628 θρυλλουμένοις,
3492 3558 3810 3628 παράγησθε

2255 3649 2571 3713 δοξάζοντες
2602 3650 2671 3701 τὰ
2704 3649 2779 3718 μὴ
2812 3649 2961 3703 ὄντα.
2999 3649 3187 3715 ’Ἄξιον
3241 3649 3297 3701 δὲ
3348 3651 3487 3719 μετὰ
3533 3651 3812 3720 ἀκριϐείας

2259 3741 2384 3808 ἐμοὶ
2412 3742 2698 3810 προσέχειν
2738 3740 2830 3793 καὶ
2862 3740 2936 3810 μὴ
2961 3741 3276 3810 παρέργως.
3302 3742 3363 3794 Οἱ
3393 3739 3493 3808 μὲν
3527 3741 3634 3812 γὰρ
3672 3741 3813 3794 ἄλλοι

2260 3831 2456 3890 πάντες
2483 3831 2529 3881 εί
2553 3830 2614 3900 δή
2641 3845 2784 3892 τινες
2803 3823 2913 3881 εἷεν
2946 3830 2992 3881 οξ
3024 3830 3471 3898 συγγραψάμενοι
3514 3831 3640 3898 περὶ
3673 3828 3814 3880 τοῦδε

2262 3919 2355 3973 τοῦ
2390 3920 2653 3987 πολέμου.
2696 3920 2728 3990 ἢ
2769 3920 3115 3973 παντάπασιν
3149 3920 3382 3982 ἀπόντες
3413 3920 3519 3971 τῶν
3566 3921 3818 3991 πραγμά-

2264 4029 2394 4076 των,
2433 4011 2534 4064 ὃσα
2586 4012 2619 4080 ἦ
2671 4010 2828 4079 όχλος
2867 4013 2896 4063 ὁ
2924 4010 3180 4080 δημώδης
3222 4009 3552 4080 διεθρύλλει,
3606 4013 3640 4080 ἡ
3687 4027 3820 4072 τινες

604 4096 993 4160 interfuerunt,
1027 4110 1259 4164 qumque
1287 4098 1401 4150 sive
1425 4095 1720 4149 multitudo
1745 4097 2024 4166 popularis
2049 4097 2152 4152 sive

2268 4102 2445 4171 ἕτεροι
2481 4101 2849 4171 ἀπήγγελλον,
2893 4103 3043 4155 οὐδὲν
3098 4100 3270 4169 σαφὲς
3322 4101 3524 4163 εἰδότες
3562 4086 3822 4169 περὶτῶν

606 4189 696 4241 alii
753 4188 972 4256 quidam
1010 4188 1308 4252 jactarunt,
1375 4188 1647 4256 persecuti
1699 4197 1860 4250 sunt,
1921 4188 2152 4258 nihilqut

2267 4193 2590 4262 γινομένων,
2644 4187 2732 4244 οἷα
2775 4191 3304 4260 παρεδέξαντο’ταῖς
3350 4191 3563 4252 ἀκοαῖς,
3606 4190 3821 4242 τοιαῦτα

613 4294 798 4331 rerum
861 4286 1139 4346 gestarum
1204 4278 1414 4345 liquido
1469 4289 1812 4346 compertum
1865 4279 2168 4343 habentes,

610 4369 790 4436 qualia
821 4369 1048 4422 auribus
1073 4378 1417 4437 acceperant,
1449 4370 1598 4433 talia,
1626 4363 1776 4422 nullo
1799 4371 1864 4424 ad
1889 4372 2170 4425 veritatem

615 4466 894 4525 respectu,
936 4459 1173 4525 posteris
1229 4459 1613 4512 tradiderunt:
1647 4469 1742 4514 aut
1785 4461 1830 4514 si
1875 4461 2042 4514 etiam
2071 4462 2174 4516 sub

615 4549 826 4603 utrovis
872 4549 1268 4616 imperatorum
1327 4548 1654 4614 militarant,
1690 4565 1798 4603 non
1827 4551 2014 4621 utique
2047 4568 2176 4606 con-

613 4641 862 4695 siliormn
917 4640 1216 4708 participes
1249 4682 1262 4705 ,
1318 4655 1497 4709 neque
1561 4657 1884 4695 arcanorum
1969 4645 2178 4700 conscii

618 4735 868 4784 luerunt.
924 4731 1131 4785 Deinde
1175 4746 1279 4785 nec
1315 4732 1575 4786 omnibus
1619 4749 1804 4786 coram
1861 4734 2178 4800 adfuerunt,

617 4839 744 4877 cum
777 4822 1127 4875 continenter
1161 4831 1217 4876 et
1263 4821 1379 4884 diu,
1421 4839 1617 4892 nempe
1658 4833 1832 4878 totum
1874 4827 2184 4895 quinquen-

624 4916 776 4967 nium
839 4929 989 4967 arma
1061 4913 1402 4966 duraverint.
1475 4915 1603 4967 Mihi
1669 4931 1800 4969 vero
1863 4917 2180 4987 huiusmodi

621 5007 840 5076 culpam
886 5004 1124 5074 aliquam
1161 5003 1325 5074 3&9
1371 5019 1532 5060 nemo
1565 5007 1855 5077 obiecerit.
1907 5009 2045 5062 Nam
2092 5009 2182 5073 iis,

2271 4286 2364 4334 καὶ
2409 4285 2524 4345 τοῖς
2568 4283 2866 4346 μετέπειτα
2921 4282 3190 4345 ἐξέδωκαν
3244 4282 3407 4350 μηδὲν
3443 4281 3823 4349 φροντίσαντες

2269 4376 2366 4442 τῆς
2395 4373 2687 4443 ἀληθείας·
2720 4373 2752 4443 ἢ
2784 4373 2832 4425 εἰ
2868 4373 2961 4425 καὶ
2991 4371 3482 4443 συνεστρατεύοντο
3521 4374 3633 4434 τοῖς
3680 4369 3828 4438 βασις

2271 4465 2452 4516 λεῦσιν
2486 4463 2785 4532 ἑκατέροις,
2816 4462 2933 4517 ἀλλ’
2963 4463 3023 4515 οὑ
3044 4463 3216 4532 δήπου
3251 4479 3313 4530 γε
3348 4462 3543 4530 βουλῆς
3570 4463 3826 4530 μετεῖχον,

2277 4554 2398 4606 οὐδὲ
2439 4553 2545 4605 τῶν
2579 4551 3036 4622 ἀπορρητοτέρων
3065 4549 3207 4622 ἦσαν
3235 4552 3521 4605 κοινωνοί·
3551 4551 3727 4613 ἄλλως
3757 4566 3828 4611 τε,

2279 4645 2386 4697 οὐδ’
2415 4644 2500 4711 ἐφ’
2531 4645 2700 4696 ἅπασι
2728 4644 2995 4713 παρόντες
3021 4645 3131 4704 τοῖς
3168 4644 3565 4711 πραττομένοις
3584 4638 3834 4709 συνεχοῦς

2282 4735 2374 4786 καὶ
2431 4733 2785 4802 πολυχρονίου
2852 4731 3228 4800 γεγενημένου
3270 4731 3366 4782 τοῦ
3412 4731 3691 4799 πολέμου·
3747 4730 3836 4779 ἐπὶ

2283 4824 2442 4876 πέντε
2475 4825 2582 4892 γὰρ
2613 4822 2757 4874 ἔτεσι
2809 4821 3116 4891 διήρκεσεν.
3158 4819 3314 4888 Ἐμοὶ
3355 4819 3409 4871 δὲ
3437 4819 3697 4886 οὐδεμίαν
3724 4816 3839 4868 τινὰ

2283 4917 2538 4984 τοιαύτην
2583 4915 2692 4984 ἔχοι
2744 4930 2827 4974 τις
2873 4913 2938 4964 ἂν
2972 4914 3289 4978 ἐπενεγκεῖν
3329 4911 3533 4964 αἰτίαν.
3561 4911 3688 4971 Τοῖς
3739 4907 3842 4976 γὰρ

2289 5007 2397 5059 τῶν
2429 5006 2820 5077 πραττομένων
2869 5005 3194 5073 αὐτουργοῖς
3241 5000 3547 5072 συμπαρὼν
3576 5001 3758 5064 αὑτὸς,
3782 5000 3843 5052 τὰ

1901 5127 2116 5189 Jacobi
2158 5126 2416 5188 Pontani
2454 5136 2637 5187 notes.

699 5227 809 5300 (85)
851 5227 1140 5296 Aptissima
1168 5227 1491 5300 similitudo.
1529 5227 1734 5284 Invidia
1767 5232 1939 5298 ipsum
1969 5245 2186 5300 quoque

628 5296 986 5367 invidentem,
1015 5306 1074 5350 ut
1100 5297 1288 5366 rubigo
1323 5297 1545 5367 ferrum,
1569 5316 1632 5353 ex
1660 5316 1766 5367 quo
1786 5296 2021 5363 exstitit,
2053 5296 2188 5354 con-

631 5369 814 5420 sumit.
840 5365 1368 5434 Periantler,'ﬂorrsp
1391 5369 1416 5418 6
1447 5366 1522 5428 ίδς
1549 5365 1785 5436 σιδηρὺν,
1810 5368 1982 5430 οὕτως
2007 5372 2034 5421 6
2062 5369 2194 5436 φθό-

632 5452 719 5498 νος
747 5439 844 5501 τὴν
895 5437 1118 5504 ἔχουσαν
1143 5436 1304 5486 αὑτὸν
1329 5437 1506 5504 ψυχὴν
1543 5437 1898 5506 ἐξαναψήχει.
1930 5437 2191 5502 Quemad-

638 5507 844 5558 modum
876 5521 1049 5573 (ει-ιιῃο
1082 5507 1298 5573 ferrum,
1334 5507 1406 5558 sic
1449 5507 1644 5559 invidia
1681 5509 1917 5561 animum
1951 5507 2110 5574 illius,
2141 5522 2196 5559 tn

638 5589 707 5639 ς.·ι
780 5586 872 5638 est,
904 5581 1142 5627 conterit.
1186 5574 1299 5628 Lib.
1326 5590 1340 5627 l
1370 5577 1690 5645 Antlzologia:
1713 5591 1732 5628 :

647 5663 708 5714 '0
745 5665 931 5726 φθίνος
957 5664 1070 5734 εστὶ
1114 5663 1404 5734 κάκιστον.
1429 5665 1579 5730 Ἔχει
1609 5665 1664 5713 δέ
1697 5681 1746 5715 τι
1773 5663 1931 5716 me.»
1963 5666 2018 5715 ὲν
2047 5665 2211 5734 αὐτῷ’

727 5734 894 5800 Τήκει
926 5733 1032 5802 γὰρ
1064 5732 1340 5801 φθονερῶν
1371 5734 1596 5800 ὄμματα
1631 5734 1999 5800 καὶτκμαδέην.

2362 5230 2570 5286 Grande
2601 5229 2796 5282 malum
2823 5228 2975 5281 livor.
3008 5226 3246 5280 Comedit
3277 5225 3554 5278 liventibus
3582 5224 3720 5276 idem

2435 5301 2601 5369 Atque
2633 5312 2743 5362 cor,
2775 5307 2929 5367 atque
2956 5297 3130 5350 oculos
3157 5312 3173 5350 :
3206 5299 3301 5349 hoc
3328 5295 3479 5347 habet
3502 5309 3623 5363 ergo
3649 5291 3789 5344 boni.

2300 5457 2560 5511 lsocrates
2583 5453 2636 5505 in
2659 5451 2919 5521 Euagora:
2943 5449 3035 5518 Τῷ
3061 5449 3240 5518 φθόνῳ
3260 5448 3416 5521 τοῦτο
3442 5446 3852 5521 μόνονπρὸσεστι

2322 5525 2544 5591 ἀγαθὸν,
2572 5525 2652 5575 ὅτι
2680 5513 2946 5591 μέγίστον
2965 5513 3131 5591 κακον
3146 5513 3261 5591 τοῖς
3288 5513 3496 5591 ἔχουσίν
3523 5513 3693 5591 ἐστιν)
3729 5513 3856 5591 ηυξ-

2326 5584 2415 5648 dia
2446 5595 2538 5646 hoc
2565 5584 2823 5644 duntaxat
2860 5590 3008 5643 habet
3038 5589 3177 5652 boni,
3204 5588 3340 5656 quod
3373 5585 3680 5652 sibimetipsi
3703 5584 3854 5651 plun-

2324 5681 2466 5718 mum
2501 5663 2648 5731 affert
2680 5661 2827 5714 ntali.
