4122 6296
255 342 365 406 ’105
403 388 410 392 -

1384 341 1928 405 HISTORIARUM
1971 339 2198 400 LIBER
2237 339 2330 398 III

3365 344 3472 406 706

261 457 366 526 μὲν
394 451 516 532 οἴδα
546 457 681 527 παρ’
707 457 946 528 ἐμαυτοῦ
967 475 981 490 ο
1019 459 1128 513 τῶν
1155 459 1212 513 δὲ
1243 458 1444 528 ἀκριϐῆ
1487 444 1822 527 τὴνγνῶσιν

1927 451 2021 521 qui
2087 466 2152 506 ea
2202 451 2487 516 fecerunt,
2559 462 2660 520 ego
2706 463 2947 518 praesens
3008 448 3165 519 (86),
3216 435 3339 506 alia.
3385 471 3482 523 per

258 547 441 620 ἔσχον,
495 549 674 602 αὐτῶν
725 550 1178 618 ἀπαγγειλάντων
1209 550 1319 604 τῶν
1357 550 1702 619 πραξάντων,
1734 547 1821 599 διὰ

259 638 321 689 τὸ
351 639 552 709 πολλὸς
579 638 671 692 καὶ
711 643 957 709 συνεχεῖς
980 642 1064 708 ἐφ’
1093 641 1310 695 ἅπαντα
1341 639 1430 693 τὸν
1456 638 1551 691 τοῦ
1582 637 1820 704 πολέμου

257 728 449 797 χρόνον
481 730 578 791 τὰς
612 731 908 798 μεταϐολὰς
943 732 1448 803 ὑπομεμενηκέναιθ
1484 729 1622 782 ὥστε
1680 727 1836 789 εἰκὸς

263 817 342 885 μὴ
378 817 486 869 τῶν
509 819 904 886 πραττομένων
932 821 1114 892 μόνον,
1145 822 1278 874 ἀλλὰ
1312 821 1405 874 καὶ
1441 818 1824 890 βουλευμάτων

261 907 614 977 ἀπορρήτων,
647 908 743 961 καὶ
796 910 963 963 δόλων
1021 909 1116 965 καὶ
1167 911 1491 974 ἐπιϐουλῶν,
1547 909 1640 962 καὶ
1690 907 1824 968 ὅλως

261 997 504 1060 πάντων,
533 998 626 1050 καὶ
657 998 766 1050 τῶν
815 1001 1210 1070 πραττομένων
1252 1000 1524 1070 φανερῶς,
1565 997 1660 1051 καὶ
1715 995 1824 1048 τῶν

262 1086 488 1155 ἀφανῶς
536 1091 1100 1160 κατασκευαζομένων
1149 1093 1360 1159 ἀγνοεῖν
1391 1090 1578 1161 μηδέν.
1611 1088 1684 1142 Οὐ
1718 1084 1824 1155 μὴν

260 1177 378 1230 ἀλλ’
407 1180 544 1246 ὅπερ
573 1179 708 1248 ἔφην
732 1180 1005 1251 ὲξάρχῆς,
1033 1183 1150 1236 οὐδὲ
1173 1184 1268 1252 τῆς
1295 1181 1551 1251 ἀληθείας
1585 1179 1826 1250 προστή-

263 1285 427 1336 σομαι
456 1269 611 1323 οὐδέν
630 1289 644 1302 ·
670 1272 785 1324 ἀλλ’
807 1272 881 1334 ὡς
903 1273 1042 1326 αὐτὰ
1062 1272 1220 1341 ἔσχον
1234 1273 1303 1325 τὰ
1330 1273 1630 1341 πράγματα
1645 1271 1824 1337 ἀπαγ-

256 1357 426 1425 γελῶ.
458 1359 595 1429 πλὴν
625 1363 671 1413 εί
704 1361 778 1431 μή
811 1361 912 1413 πού
951 1378 1003 1414 τι
1030 1363 1350 1431 πειρήσομαι
1391 1361 1552 1422 ἑκὼν,
1580 1361 1687 1413 τῶν
1721 1363 1823 1414 ὅσα

254 1453 368 1501 τισὶ
393 1449 659 1520 λοιδορίαν
683 1451 715 1520 ἢ
749 1451 956 1521 μέμψιν
981 1453 1242 1521 εἰρημένα
1280 1453 1567 1528 ἐμποιήσει
1589 1468 1606 1484 υ
1632 1451 1691 1503 οὐ
1716 1449 1822 1516 γὰρ

254 1539 383 1606 ἐμοὶ
411 1539 562 1607 φίλον
580 1541 640 1593 τὸ
665 1542 817 1604 τινὰς
832 1545 1184 1612 κακηγορεῖν.
1213 1543 1314 1595 κᾶν
1337 1544 1385 1594 εί
1412 1543 1609 1602 πάντες
1633 1541 1823 1593 εἰδεῖεν

255 1621 558 1690 ἄνθρωποι.
601 1627 703 1678 Ἦν
737 1627 793 1680 δέ
822 1627 926 1681 πού
953 1645 1005 1682 τι
1051 1630 1328 1698 φαίνωμαι
1352 1631 1708 1699 διηγούμενος
1746 1630 1820 1698 μὴ

255 1714 335 1824 tb‘;
365 1715 679 1824 δρξάζρυριν
706 1719 756 1770 οἱ
790 1719 994 1784 πολλοὶ,
1019 1721 1080 1773 οὐ
1112 1721 1218 1790 χρὴ
1253 1719 1575 1790 θαυμάζειν.
1605 1721 1680 1772 Οὐ
1702 1721 1818 1788 ’γὰρ
1852 1770 1892 1824 Β

255 1806 321 1858 τὺ
347 1807 421 1876 μὴ
446 1807 619 1861 ταύτά
647 1811 758 1872 τοῖς
793 1810 1008 1872 πολλοῖς
1045 1809 1382 1878 φθέγγεσθαι
1427 1812 1646 1878 φεύγων
1665 1810 1820 1877 λογο-

261 1901 476 1970 ποιήσω
510 1901 580 1954 τὰ
609 1901 682 1969 μὴ
713 1901 842 1953 ὄντα
861 1916 875 1930 ⁸
919 1901 1033 1955 ἀλλ’
1056 1901 1132 1961 ὡς
1163 1901 1350 1970 έχουσι
1398 1901 1466 1953 τὰ
1514 1901 1818 1970 πράγματα

259 1988 644 2054 ἀπαγγέλλων,
683 1990 894 2060 χαίρειν
931 1991 1075 2042 ἐάσω
1121 1990 1219 2050 τὰς
1251 1989 1404 2054 δόξας
1435 1988 1540 2042 τῶν
1585 1989 1816 2054 πολλῶν,

259 2077 334 2139 ὡς
367 2077 720 2154 ψευδομένας.
741 2079 1195 2150 Τετελευτηκότος
1219 2081 1402 2134 τοίνυν
1428 2081 1519 2134 τοῦ
1553 2080 1820 2150 βασιλέως

270 2167 612 2238 Ἀνδρονίκου
641 2169 737 2224 τοῦ
769 2170 913 2235 νέου,
945 2173 980 2241 ή
1008 2170 1156 2241 αὐτῷ
1206 2171 1440 2239 σύζυγος
1466 2173 1634 2225 Ἀννα
1664 2173 1696 2242 ἠ
1720 2171 1818 2241 βα-

259 2261 420 2325 σιλὶς,
447 2261 526 2323 είς
575 2264 766 2332 τρίτην
802 2261 901 2329 μὲν
937 2261 1148 2331 ἡμέραν
1191 2261 1614 2332 διεκαρτέρησεν
1660 2264 1716 2315 ἐν
1750 2264 1818 2333 τῇ

262 2357 400 2424 μονῇ
437 2353 544 2406 τῶν
591 2351 857 2420 Ὀδηγῶν.
897 2351 1052 2406 Μετὰ
1107 2351 1268 2404 τοῦτο
1314 2353 1372 2406 δὲ
1416 2352 1476 2404 ἐν
1523 2351 1820 2420 βασιλείοις

257 2447 546 2513 γενομένη,
602 2442 895 2510 ἐπένθησεν
943 2443 1030 2509 ἐφ’
1085 2442 1320 2512 ἡμέραις
1372 2440 1561 2505 ἐννέα,
1600 2441 1818 2494 πάντων

258 2534 530 2601 ὁσημέραι
563 2533 700 2601 πρὸς
744 2531 813 2583 τὰ
837 2531 1084 2601 βασίλεια
1119 2530 1593 2601 παραγινομέιων,
1625 2532 1684 2582 οὐ
1711 2532 1819 2584 τῶν

263 2623 643 2691 συγκλητικῶν
689 2623 851 2690 μόνον
886 2623 981 2674 καὶ
1024 2620 1496 2691 στρατευομένων,
1555 2620 1690 2674 ἀλλὰ
1729 2625 1821 2675 καὶ

259 2713 372 2764 τῶν
421 2713 536 2765 ὅσοι
585 2712 894 2775 Βυζαντίων
943 2706 1083 2778 ἦσαν
1113 2712 1169 2762 ὲν
1217 2710 1362 2780 λόγῳ
1406 2710 1502 2762 καὶ
1541 2712 1694 2780 κοινῇ
1729 2709 1820 2768 τὸν

260 2801 565 2856 ἀπελθόντα
612 2800 955 2871 θρηνούντων
999 2799 1245 2868 βασιλέα.
1295 2799 1630 2867 Δομέστικος
1690 2799 1744 2852 δέ
1793 2799 1821 2852 6

264 2891 462 2960 μέγας,
485 2889 544 2954 ἐξ
577 2891 746 2960 αὐτῆς
772 2891 980 2960 ήμέρας
1013 2883 1082 2961 ἦς
1108 2888 1461 2958 ἐτελεύτησεν
1490 2889 1517 2939 ὁ
1545 2887 1818 2956 βασιλεὺς,

263 2982 472 3050 οὐδαμῆ
500 2981 607 3033 τῶν
641 2981 929 3050 βασιλείων
952 2982 1164 3051 ἀπέστη
1187 2996 1202 3011 ·
1233 2979 1368 3032 ἀλλὰ
1391 2979 1499 3032 τῶν
1519 2996 1578 3032 τε
1605 2979 1820 3033 οίκείων

1923 542 2192 611 meipsum
2220 541 2346 595 nov-i
2384 557 2399 594 :
2426 540 2532 594 alia
2560 555 2625 594 ex
2659 555 2755 595 ore
2788 541 3053 610 ipsorum,
3085 557 3113 595 a
3137 543 3337 612 quibus
3359 556 3480 600 acta

1923 640 2074 697 sunt,
2096 631 2163 685 ad
2187 645 2424 700 unguem
2455 629 2644 684 didici.
2677 629 2746 684 Et
2787 645 2912 684 cum
2957 630 3272 699 frequentes
3301 636 3481 688 conti-

1924 730 2227 790 nentesque
2276 730 2389 775 toto
2451 735 2518 774 eo
2570 729 2811 790 tempore
2865 723 3194 779 mutationes
3250 725 3478 793 fuerint,

1923 811 2219 866 verisimile
2243 821 2348 874 est,
2370 826 2479 865 non
2504 820 2781 882 gestorum
2816 813 2998 875 modo,
3030 815 3124 868 sed
3153 825 3208 869 et
3256 820 3478 872 consul-

1928 911 2104 956 torum
2153 917 2503 969 arcanorum,
2539 913 2591 957 et
2622 903 2894 966 fraudum,
2927 904 3386 976 insidiarumque,
3421 920 3478 964 et

1925 1010 2152 1063 prorsus
2212 994 2456 1048 omnium
2513 1009 2740 1062 quaeque
2797 995 2973 1063 palam
3039 1007 3198 1063 acta,
3253 1017 3480 1069 qumque

1925 1085 2138 1139 occulte
2165 1093 2475 1153 comparata
2509 1095 2655 1148 sunt,
2688 1087 2820 1139 nihil
2853 1103 2937 1140 me
2967 1088 3170 1158 fugere.
3193 1090 3482 1145 Verumta-

1925 1192 2048 1231 men
2077 1175 2222 1244 quod
2253 1175 2307 1228 in
2341 1176 2613 1230 vestibulo
2660 1177 2843 1245 operis
2889 1179 2992 1231 mei
3028 1195 3147 1233 sum
3179 1181 3475 1248 pollicitus.

1923 1267 2138 1322 veritati
2176 1267 2313 1346 nihil
2337 1267 2668 1332 anteferam;
2709 1268 2802 1323 sed
2832 1280 2888 1323 ut
2917 1286 3005 1326 res
3037 1283 3359 1341 evenerunt,
3399 1275 3478 1331 ita

1924 1374 2018 1412 eas
2079 1357 2385 1426 explanabo
2429 1376 2442 1410 :
2489 1367 2720 1427 excepto
2783 1362 2928 1428 quod
2987 1363 3185 1418 alicubi
3237 1367 3480 1435 prudens

1925 1450 2239 1515 praeteribo,
2259 1463 2379 1516 qua:
2403 1449 2684 1502 nonnullis
2701 1451 2950 1505 convicio
2977 1463 3070 1505 aut
3090 1455 3476 1522 vituperationi

1924 1548 2041 1585 esse
2073 1533 2284 1600 possint
2317 1548 2462 1586 :non
2489 1535 2634 1586 enim
2684 1536 2817 1588 mihi
2844 1537 3080 1590 amicum
3101 1549 3182 1593 est
3219 1542 3473 1610 cuiquam

1923 1623 2244 1687 conviciari,
2279 1625 2490 1678 etiamsi
2530 1626 2838 1678 mortalium
2883 1643 3044 1680 nemo
3093 1645 3204 1683 rem
3243 1631 3475 1701 ignoret.

1923 1713 2078 1781 Quod
2147 1715 2193 1768 si
2251 1715 2524 1768 interdum
2583 1715 2829 1782 quaedam
2892 1733 3051 1772 secus
3099 1735 3262 1788 quam
3322 1722 3476 1778 multi

1922 1806 2218 1874 opinantur
2249 1806 2479 1877 videbor
2531 1820 2804 1874 exponere
2836 1808 2972 1877 (87),
3025 1824 3090 1862 ne
3121 1810 3191 1864 sit
3243 1812 3465 1866 mirum.

1923 1894 2038 1948 Non
2075 1896 2220 1950 enim
2279 1896 2407 1949 dum
2454 1897 2567 1949 vito
2599 1898 2790 1950 eadem
2844 1911 2968 1950 cum
3026 1900 3213 1954 multis
3263 1901 3472 1964 dicere,

1923 2001 2059 2039 nova
2094 1987 2478 2041 comminiscar
2512 2004 2525 2042 :
2565 1988 2661 2042 sed
2698 2003 2785 2041 res
2815 1996 2873 2040 ut
2917 2004 2976 2043 se
3004 1988 3210 2045 habent
3233 2007 3474 2047 comme-

1922 2090 2161 2139 morans,
2198 2075 2341 2144 vulgi
2390 2075 2674 2144 Opiniones
2724 2085 2782 2129 ut
2816 2076 2975 2131 falsas
3027 2078 3208 2132 valere
3250 2080 3473 2148 jubebo.

1921 2163 2134 2218 Mortuo
2187 2165 2349 2233 igitur
2380 2167 2690 2220 Andronico
2727 2168 2947 2236 juniore
2973 2167 3321 2237 imperatore,
3359 2173 3471 2225 Au-

1921 2264 2074 2324 gusta
2117 2255 2297 2308 triduo
2354 2257 2408 2308 in
2471 2258 2805 2311 monasterio
2859 2257 3472 2328 Hodegorum'mansit.

1921 2342 2111 2400 Postea
2144 2345 2196 2398 in
2225 2347 2428 2416 regiam
2463 2363 2728 2418 regressa,
2758 2349 2950 2404 diebus
2983 2366 3182 2404 novem
3209 2353 3382 2407 luctui
3418 2370 3475 2408 se

1920 2435 2152 2500 dedidit,
2184 2452 2307 2491 cum
2341 2439 2586 2506 quotidie
2615 2455 2827 2502 omnes,
2866 2455 2973 2494 non
3007 2451 3287 2497 senatores
3315 2446 3475 2500 modo

1919 2540 1984 2580 ac
2020 2525 2208 2589 duces,
2239 2527 2331 2580 sed
2384 2536 2651 2596 quotquot
2683 2529 2926 2599 Byzantii
2967 2532 3282 2587 eminebant
3322 2549 3479 2590 acce—

1922 2615 2166 2679 derent,
2249 2627 2305 2670 et
2368 2616 2685 2671 defunctum
2755 2620 3137 2688 imperatorem
3199 2625 3476 2678 communi

1921 2706 2306 2760 lamentatione
2364 2718 2852 2776 prosequerentur.
2909 2711 3132 2780 Magnus
3164 2727 3326 2782 parro
3385 2716 3480 2770 do-

1922 2797 2183 2852 mesticus
2217 2799 2285 2852 ab
2327 2813 2391 2851 eo
2420 2799 2539 2866 ipso
2589 2798 2698 2859 die.
2732 2815 2842 2868 quo
2891 2800 3188 2870 imperator
3237 2807 3474 2859 animam

1921 2889 2118 2956 edidit,
2151 2904 2180 2943 a
2215 2889 2419 2957 palatio
2463 2904 2729 2958 nusquam
2784 2891 3139 2958 discedebat;
3183 2899 3277 2948 sed
3317 2897 3480 2964 quin-

1922 2984 2120 3053 gentis,
2153 2982 2349 3052 partim
2383 2980 2518 3043 suis,
2545 2982 2742 3050 partim
2790 2981 3162 3050 imperatoriis
3207 2987 3258 3038 in
3304 3003 3372 3040 eo
3407 2988 3473 3040 ad

262 3072 359 3124 καὶ
392 3070 498 3124 τῶν
527 3071 822 3140 βασιλικῶν
853 3071 1246 3132 πεντακοσίους
1268 3069 1407 3139 ἔχων
1457 3067 1548 3131 οὒς
1589 3070 1820 3137 ἐγκατέ-

1926 3072 2230 3128 custodiam
2282 3071 2596 3135 collocatis,
2631 3086 2900 3124 summum
2959 3074 3199 3128 studium
3250 3077 3478 3143 diligen-

261 3177 429 3228 στησε
446 3163 553 3223 τοῖς
573 3161 859 3230 βασιλείοις
884 3162 1152 3230 φρουρὰν,
1174 3162 1260 3214 διὰ
1293 3161 1477 3231 πάσης
1501 3160 1820 3230 ἐπιμελείας

263 3251 504 3303 ἐποιεῖτο
555 3251 651 3304 καὶ
697 3251 934 3318 σπουδῆς
964 3250 1070 3305 τῶν
1105 3251 1234 3312 ῖσως
1292 3248 1724 3319 νεωτεριούντων
1753 3252 1820 3303 6.-

263 3341 602 3412 mp6i.tivstv
645 3341 744 3404 τὰς
784 3341 994 3411 ὁρμάς*
1047 3341 1186 3410 μετὰ
1238 3340 1293 3392 δὲ
1332 3341 1430 3410 τήν
1489 3341 1686 3410 ἐνάτην
1714 3339 1821 3392 τῶν

259 3433 356 3486 ἐπὶ
390 3434 501 3495 τοῖς
542 3431 956 3503 τετελευτηκόσι
1027 3431 1271 3501 συνήθως
1297 3431 1674 3501 γεγενημένων
1710 3430 1824 3482 ίλα-

260 3523 439 3594 σμῶν,
480 3522 577 3594 τὴν
622 3523 720 3590 μὲν
754 3522 996 3592 φρουρὰν
1049 3523 1149 3592 τὴν
1186 3521 1389 3592 πολλὴν
1447 3520 1670 3585 ἐξέϐαλε
1713 3521 1821 3572 τῶν

260 3615 573 3685 βασιλείων,
601 3615 812 3681 ὀλίγους
855 3615 1210 3684 καταστήσας
1244 3614 1358 3666 ὅσοι
1408 3615 1503 3666 καὶ¹
1557 3612 1821 3682 πρότερον

257 3707 318 3771 ἐξ
354 3705 510 3766 ἔθους
537 3700 706 3772 ἦσαν’
753 3702 910 3766 αὐτὸς
962 3703 1018 3756 δὲ
1066 3704 1204 3756 οίκοι
1253 3703 1512 3772 γεγονὼς,
1577 3701 1820 3770 συνήθως

256 3793 578 3862 ἐπεμελεῖτο
615 3792 723 3844 τῶν
752 3791 1128 3861 πραγμάτων
1163 3795 1259 3845 καὶ
1289 3793 1400 3853 τοῖς
1433 3807 1490 3842 τε
1519 3789 1617 3852 τὰς
1646 3790 1819 3859 ἀρχὰς

261 3884 764 3954 ἐπιτετραμμένοις
823 3883 931 3935 τῶν
992 3882 1271 3953 ἐπαρχιῶν
1324 3881 1416 3936 καὶ
1460 3881 1569 3935 τῶν
1614 3881 1820 3932 πόλεων

259 3976 499 4046 παρῄνει
520 3976 604 4029 διὰ
643 3976 984 4045 γραμμάτων
1020 3976 1281 4044 ἀτρεμεῖν
1312 3977 1406 4029 καὶ
1436 3973 1601 4043 μηδὲν
1629 3989 1822 4024 νεωτε-

258 4069 457 4139 ρίζειν,
479 4068 560 4128 ὡς
590 4067 687 4135 τῆς
719 4083 780 4119 τε
811 4065 1214 4131 καλοκάγαθίας
1241 4066 1455 4134 καὶτῆς
1484 4064 1562 4126 είς
1594 4062 1822 4132 βασιλέα

255 4161 473 4222 εὐνοίας
505 4159 663 4224 ἀξίας
701 4156 1140 4229 ἀποληψομένοις
1182 4157 1280 4221 τὰς
1326 4154 1687 4224 εὐεργεσίας·
1722 4152 1818 4205 καὶ

256 4247 570 4301 τούναντίον
602 4248 668 4317 ήν
717 4263 800 4308 τις
831 4244 1227 4315 νεωτερίζοιεν,
1277 4243 1488 4295 τίσουσι
1506 4241 1662 4304 δίκας
1685 4258 1698 4272 ·
1727 4241 1820 4294 καὶ

260 4344 374 4401 τοῖς
389 4339 498 4393 τῶν
525 4339 800 4406 δημοσίων
829 4335 1198 4405 συνεισφορῶν
1225 4333 1323 4406 τὴν
1353 4333 1639 4404 εἴσπραξιν
1663 4334 1824 4400 ἐγκε-

1922 3165 2158 3232 tiamque
2187 3162 2566 3230 impendebat,
2607 3169 2664 3213 ut
2702 3162 2750 3232 si
2796 3162 2889 3230 qui
2921 3162 3149 3216 fortasse
3183 3179 3272 3218 res
3305 3182 3475 3220 novas

1917 3259 2281 3312 attentarent,
2313 3265 2506 3303 eorum
2536 3261 2767 3306 conatus
2799 3251 3141 3319 infringeret.
3168 3253 3294 3308 Post
3327 3254 3472 3308 diem

1917 3359 2144 3408 nonum,
2174 3352 2417 3411 peracta,
2451 3351 2511 3394 ut
2538 3341 2760 3400 assolet.
2781 3357 2879 3410 pro
2910 3342 3182 3397 defunctis
3210 3345 3470 3412 piaculari

1917 3436 2286 3503 caeremonir,
2343 3437 2600 3489 custodes
2645 3450 2676 3489 e
2732 3436 2930 3504 palatio
2983 3437 3210 3493 dimittit
3264 3441 3473 3508 (paucis

1919 3527 2167 3591 retentis,
2197 3536 2330 3596 quot
2353 3525 2613 3578 nimirum
2644 3534 2700 3578 et
2719 3539 2875 3579 antea
2903 3541 3024 3580 esse
3051 3529 3470 3597 consueverant)

1917 3621 2032 3689 ipse
2050 3619 2220 3686 domi,
2255 3626 2317 3672 ut
2345 3631 2582 3685 semper,
2611 3617 2926 3686 reipublicae
2949 3618 3188 3673 animum
3222 3621 3472 3674 intende-

1918 3712 2058 3776 bat,
2108 3720 2165 3766 et
2235 3709 2452 3764 urbium
2513 3707 3032 3778 provinciarumque
3086 3718 3329 3764 rectores
3375 3727 3472 3778 per

1917 3801 2153 3857 littteras
2175 3801 2447 3864 monebat,
2479 3815 2546 3854 ne
2579 3801 2746 3853 rebus
2776 3799 2932 3853 novis
2952 3799 3254 3859 studerent.
3285 3809 3470 3868 utpote

1919 3894 2082 3961 hujus
2128 3907 2238 3946 suae
2269 3890 2564 3960 probitatis
2613 3901 2669 3943 et
2699 3891 2928 3959 egregiae
2981 3889 3036 3942 in
3084 3890 3467 3958 imperatorem

1920 3981 2218 4034 voluntatis
2253 3978 2521 4048 condigna
2555 3979 2773 4046 pramia
2801 3987 3126 4046 accepturos
3155 3996 3171 4032 :
3210 3990 3395 4033 contra
3425 3981 3470 4034 si

1919 4069 2050 4137 quid
2083 4070 2549 4131 machinarentur,
2580 4083 2770 4136 poenas
2803 4067 3048 4122 daturos.
3095 4069 3476 4134 Quaestoribus

1921 4161 2050 4214 item
2105 4159 2444 4224 mandabat,
2499 4173 2565 4212 ne
2628 4157 2758 4226 quid
2827 4159 3050 4212 sceleris
3113 4161 3167 4214 in
3246 4164 3475 4231 pecunia

1920 4250 2290 4319 designarent,
2321 4250 2466 4319 quod
2507 4249 2891 4314 nihilominus,
2940 4265 3102 4319 quam
3145 4251 3477 4321 imperatore

1921 4341 2048 4395 vivo
2104 4339 2344 4394 rationes
2422 4339 2646 4394 relaturi
2698 4348 2904 4394 essent.
2963 4343 3139 4410 Atque
3202 4343 3267 4396 ad
3328 4344 3478 4399 hunc

258 4429 632 4499 χειρισμένοις
679 4429 901 4481 ἐκέλευε
931 4429 1265 4496 κακουργεῖν
1298 4427 1428 4497 περ)¹
1466 4425 1535 4477 τὰ
1567 4425 1822 4494 χρήματα

1931 4431 2148 4483 modum
2178 4429 2372 4497 diebus
2402 4429 2524 4498 plus
2555 4429 2770 4498 triginta
2823 4430 3006 4484 missis
3032 4431 3276 4498 epistolis
3315 4433 3479 4503 350

265 4523 455 4592 μηδὲν,
488 4520 562 4584 ὡς
602 4521 754 4574 οὐδὲν
799 4521 1051 4574 έλατττον
1087 4520 1120 4591 ἢ
1152 4520 1415 4590 βασιλέως
1458 4519 1660 4585 ζῶντος
1691 4519 1820 4587 περὶ

259 4613 442 4665 αὐτῶν
485 4611 814 4681 παρέξουσιν
862 4611 1113 4674 εὐθύνας.
1144 4612 1254 4664 Καὶ
1287 4611 1476 4662 τοῦτον
1509 4611 1598 4662 τὸν
1622 4613 1820 4678 τρόπον

261 4706 321 4755 ἐν
357 4704 598 4755 πλείοσιν
627 4703 660 4771 ἢ
694 4701 989 4773 τριάκοντα
1017 4702 1252 4771 ἡμέραις
1285 4700 1427 4769 ὑπὲρ
1459 4699 1819 4761 πεντακοσίαις

260 4801 349 4867 ἐφ’
376 4803 610 4868 ἐκὰστης
635 4802 870 4868 πέμπων
894 4801 1138 4868 γραφὰς,
1175 4798 1253 4860 είς
1271 4796 1527 4850 τοσοῦτον
1562 4795 1822 4858 εὐταξίας

264 4893 360 4946 καὶ
395 4890 702 4952 εὐπειθείας
723 4890 821 4960 τὴν
851 4889 958 4942 ὑπὸ
1003 4887 1303 4958 Ῥωμαίους
1341 4888 1521 4940 πᾶσαν
1553 4887 1820 4954 κατέστη-

264 5000 357 5036 σεν
390 4981 710 5054 ἡγεμονίαν,
735 4980 811 5044 ὡς
838 4981 1013 5033 δοκεῖν
1044 4978 1228 5032 καινὸν
1284 4977 1448 5048 μηδὲν
1481 4976 1820 5046 συμϐεϐηκέο

262 5094 376 5140 ναι,
399 5075 532 5126 ἀλλὰ
562 5073 661 5143 ζῇν
690 5073 770 5124 ἔτι
800 5072 1022 5140 βασιλέα
1073 5071 1166 5122 καὶ
1195 5069 1304 5132 τοῖς
1355 5070 1671 5138 πράγμασιν
1701 5069 1828 5134 ἐφε-

266 5165 482 5219 στάναι.
517 5163 680 5217 Οὐδὲν
708 5163 816 5230 γὰρ
859 5158 985 5213 οὔτε
1018 5160 1212 5229 μικρὸν
1232 5155 1356 5210 οὔτε
1392 5158 1534 5226 μέγα
1561 5156 1789 5225 ἐκινήθη
1811 5168 1824 5183 ·

269 5257 409 5326 πλὴν
445 5257 491 5308 οί
536 5253 676 5310 κατὰ
709 5253 1003 5306 Θετταλίαν
1037 5253 1185 5322 μόνοι
1220 5251 1513 5320 νεμόμενοι
1557 5248 1824 5312 Ἀλϐανοὶ,

1927 4523 2161 4589 amplius
2205 4520 2519 4589 quingentis
2567 4522 2631 4574 ad
2665 4531 2870 4573 tantum
2927 4521 3174 4575 ordinem
3213 4523 3477 4578 obedien-

1929 4612 2169 4679 tiatnquc
2203 4611 2507 4663 Romanum
2553 4609 2841 4678 imperium
2880 4611 3194 4664 universum
3244 4613 3473 4678 redegit,

1931 4711 1991 4756 ut
2018 4701 2151 4754 nihil
2181 4702 2308 4754 novi
2345 4702 2658 4768 contigisse.
2691 4700 2786 4753 sed
2811 4699 3108 4768 imperator
3137 4701 3314 4756 adhuc
3343 4719 3477 4757 aura

1928 4791 2072 4845 vesci
2105 4802 2160 4845 et
2193 4807 2424 4861 prmesse
2468 4792 2632 4846 rebus
2671 4791 2976 4845 videretur.
3007 4791 3152 4845 Nulli
3200 4795 3347 4847 enim
3381 4809 3480 4848 nec

1928 4881 2078 4952 parvi
2129 4897 2233 4936 nec
2274 4882 2452 4950 magni
2504 4892 2686 4935 motus
2731 4883 3132 4948 audiebantur;
3185 4883 3290 4936 nisi
3335 4883 3480 4950 quod

1928 4969 2122 5024 Albani
2156 4971 2210 5023 in
2239 4969 2517 5023 Thessalia
2565 4984 2670 5022 mox
2689 4979 2738 5023 te
2783 4969 3132 5038 imperatoris
3185 4970 3479 5032 intellecta,

1923 5061 2092 5115 urbes
2123 5060 2236 5114 illic
2257 5060 2635 5122 incursabant,
2684 5068 2740 5112 et
2781 5066 3110 5129 (quanquam
3160 5075 3267 5113 non
3295 5060 3487 5114 admo-

1924 5150 2078 5220 dum)
2105 5149 2582 5218 depracdabantur.
2636 5149 2756 5213 Quo
2801 5159 3087 5219 comperto
3132 5163 3360 5217 magnus
3385 5149 3484 5202 do-

1926 5242 2186 5298 mesticus
2241 5255 2403 5310 quam
2464 5240 2701 5308 primum
2736 5253 2832 5293 'eo
2896 5241 3148 5294 nuntium
3215 5240 3481 5306 expedit:

1527 5376 1744 5440 Jacobi
1775 5375 2037 5449 Pontani
2071 5383 2257 5436 notae.

337 5519 450 5586 (36)
485 5515 751 5583 Compara
780 5509 1041 5586 haec'cur‘n
1063 5506 1152 5586 iis,
1177 5521 1306 5586 quae
1328 5501 1691 5586 ἰιι-ρεοεειιιίο,
1723 5515 1818 5553 seu

268 5589 322 5643 in
341 5571 579 5657 epistola
619 5571 956 5657 responsoria
984 5571 1310 5657 Christoduli
1339 5571 1830 5657 adLNilum‘di'cun:

2006 5498 2115 5566 (87)
2155 5495 2409 5550 Couferes
2441 5492 2601 5566 etiam
2649 5491 2999 5566 hiincrlocum
3047 5504 3167 5544 cum
3211 5464 3340 5552 illis,
3368 5504 3488 5566 qua:

1935 5560 2061 5623 sunt
2099 5560 2153 5618 in
2198 5573 2443 5617 extrema
2480 5562 2702 5631 epistola
2749 5561 2872 5613 Nili.
2905 5561 3231 5628 Quapropter
3269 5569 3323 5611 ut
3368 5560 3490 5628 plu-

269 5631 780 5715 iii.-T"i"J"i.3c,'}.Bh
811 5649 910 5701 ista
955 5665 987 5700 a
1019 5644 1306 5716 majoribus
1335 5643 1512 5706 didici,
1543 5650 1632 5693 aut
1671 5641 1830 5710 fumw
1935 5641 2120 5690 rimum
2154 5637 2397 5688 humana:
2420 5633 2536 5686 vita:
2560 5631 2978 5684 commodatum:
3033 5637 3139 5682 etc.

272 5729 519 5794 rabuliwe
548 5723 752 5789 ineptis,
785 5730 892 5773 etc.
