4122 6296
296 358 404 421 709

1435 351 1985 414 HISTORIARUM
2029 352 2258 414 LIBER
2301 355 2420 416 III.

2667 299 2702 318 κ

3419 357 3523 420 710

295 471 404 524 οὐκ
434 468 601 540 ὀλίγῳ
645 471 822 540 χρόνῳ
849 439 956 540 πρὸ
1004 467 1102 537 τῆς
1147 465 1398 537 τελευτῆς
1431 466 1812 520 συνεϐούλευεν
1840 484 1848 515 l

1970 480 2255 521 excessum
2330 468 2645 538 imperatori
2719 467 3010 523 consilium
3077 465 3229 520 dedit
3295 482 3523 537 magnus

297 564 474 632 μέγας
500 561 820 630 δομέστικος
856 559 1006 630 αύτῷ
1054 560 1404 629 πατριάρχην
1455 561 1646 611 πεῖσαι
1683 557 1862 610 ἐπιτίο

294 669 422 721 μιον
449 651 821 718 έπαπειλῆσαι
874 650 1265 704 ἀνατείνασθαι
1315 649 1408 702 καὶ
1451 648 1727 718 χωρισμὲον
1765 649 1862 717 τῆς

290 743 622 814 Ἔκκλησίας
652 741 763 795 τῶν
792 741 1024 806 πιστῶν,
1053 741 1106 794 εί
1124 758 1206 802 τις
1233 739 1679 808 τετελευτηκότος
1713 737 1864 806 βασι-

291 835 434 892 λέως
463 832 870 886 ἐπιϐουλεύσειε
900 834 1014 893 τοῖς
1057 831 1270 884 ἐκείνου
1296 833 1476 894 παισὶ,
1507 829 1601 883 καὶ
1629 828 1729 895 τὴν
1769 827 1862 897 βα·-

293 923 502 975 σιλείαν
535 922 833 992 παρέλοιτο
874 921 1070 982 ἀδίκως
1093 937 1107 953 ο
1142 921 1347 989 ἔφασκέ
1377 937 1435 972 τε
1484 919 1694 972 πείθειν
1736 920 1858 971 ἐπι-

291 1012 493 1082 χειρῶν
521 1014 596 1074 ώς
645 1013 796 1065 οὐδὲν
829 1013 1044 1064 ἔσονται
1092 1010 1318 1064 τοιαῦτα
1369 1010 1700 1078 πράττοντες
1752 1009 1860 1062 τῶν

292 1106 509 1158 ἀτόπων
561 1103 917 1173 εἰργασμένοι
983 1103 1077 1156 καὶ
1143 1103 1511 1172 παραλόγωνο
1570 1102 1705 1156 ἀλλά
1763 1101 1857 1153 καὶ

291 1195 564 1262 ὠφέλειαν
592 1196 652 1247 οὑ
675 1195 880 1264 μικράν
907 1212 1028 1246 τινα
1057 1194 1387 1264 παρέξονται
1423 1196 1531 1256 τοῖς
1570 1193 1756 1246 παισὶν
1796 1194 1858 1244 ἐκ

293 1286 483 1339 τούτου
506 1285 559 1338 εί
590 1303 642 1338 τι
673 1286 917 1338 τοιοῦτον
957 1283 1200 1354 συμὸαίη
1254 1285 1384 1352 περὶ
1439 1283 1658 1348 αὐτούς.
1717 1284 1856 1336 [ἰᾶσι

297 1379 398 1448 μὲν
448 1379 558 1447 γὰρ
585 1377 778 1446 ἄδηλον
813 1372 952 1428 εἶναι
983 1377 1044 1427 τὸ
1079 1375 1170 1428 τοῦ
1213 1375 1447 1428 θανάτου
1493 1375 1666 1440 τέλος,
1693 1374 1854 1426 ὁπότε

291 1468 416 1537 ἥξει
436 1483 448 1495 ·
482 1467 713 1536 μάλιστα
739 1465 797 1520 δὲ
845 1466 1026 1528 αὐτοῖς
1051 1467 1138 1518 ἀεὶ
1168 1467 1307 1536 περὶν
1346 1449 1526 1535 μάχας
1556 1464 1650 1516 καὶ
1679 1463 1857 1517 κινδύ-

289 1573 418 1620 νους
438 1555 858 1627 ἠσχολημένοις’
890 1556 984 1608 καὶ
1012 1555 1165 1609 οὐδὲν
1193 1551 1454 1608 εἶναιτῶν
1477 1554 1775 1620 ἀδυνάτων,
1808 1555 1855 1607 εί

293 1649 392 1702 καὶ
441 1648 774 1718 ἀμφοτέροις
809 1647 995 1709 αὐτοῖς
1036 1647 1282 1716 συμϐαίη
1331 1647 1462 1717 περὶ
1516 1646 1646 1715 μίαν
1677 1647 1856 1716 μάχην

290 1739 500 1792 πεσεῖν.
531 1737 594 1790 El.
619 1737 674 1790 δὲ
695 1737 852 1789 τοῦτο
878 1739 1111 1805 γένοιτο,
1144 1737 1512 1806 ἀπρονοήτους
1541 1739 1854 1790 παντάπασι

1965 557 2319 621 domesticus,
2387 561 2711 629 patriarcha:
2763 570 2957 614 auctor
2997 569 3160 626 esset,
3200 574 3414 628 ptenam
3468 572 3525 613 et

1961 652 2290 719 ejectionem
2349 667 2416 706 ex
2478 652 2723 707 Ecclesia
2789 652 3181 707 inlerminandi
3217 692 3232 714 ,
3286 651 3330 704 si
3399 651 3526 720 quis

1963 741 2290 810 imperatore
2356 755 2572 798 mortuo
2629 746 2752 798 ﬁliis
2809 747 2930 813 ejus
2997 744 3397 807 insidiaretur,
3463 752 3522 796 et

1962 833 2254 900 imperium.
2283 835 2391 889 illis
2419 836 2623 890 nefarie
2667 835 2936 890 adimeret
2967 851 2982 888 :
3011 833 3330 901 addiditque
3384 848 3514 900 pere

1961 924 2223 980 suadendi
2276 941 2439 980 causa
2469 967 2483 991 ,
2541 927 2677 980 nihil
2720 926 2982 980 indecens
3035 935 3130 976 aut
3175 922 3514 991 inopinatum

1960 1018 2244 1080 facturos;
2278 1016 2578 1085 quinetiam
2617 1033 2726 1072 non
2761 1017 2971 1070 modice
3006 1015 3132 1069 liliis
3167 1014 3516 1084 profuturos,

1959 1109 2000 1160 si
2034 1108 2162 1175 quid
2197 1106 2516 1165 humanitus
2541 1109 2674 1176 ipsis
2703 1110 3016 1164 accidisset.
3052 1106 3336 1160 Neminem
3369 1105 3516 1159 enim

1962 1199 2225 1266 praescire
2255 1197 2406 1256 diem
2439 1198 2715 1264 ultimum,
2765 1199 3066 1268 praesertim
3101 1198 3249 1267 ipsos
3302 1209 3518 1262 semper

1958 1289 2134 1351 bellis,
2159 1303 2280 1342 cum
2308 1288 2549 1356 periculo
2582 1289 2848 1345 distentos
2883 1305 2894 1340 ι
2940 1300 2996 1343 et
3031 1304 3188 1356 posse
3221 1294 3517 1355 utrumque

1957 1395 2147 1432 eorum
2183 1379 2236 1432 in
2281 1380 2475 1434 eodem
2507 1379 2694 1449 praelia
2721 1380 3089 1445 occumbere;
3134 1378 3272 1432 male
3301 1384 3521 1432 curatos

1958 1471 2192 1540 relinqui
2257 1471 2415 1536 filios,
2471 1472 2563 1541 qui
2619 1486 2721 1526 nec
2770 1473 2876 1526 sibi
2923 1471 3056 1542 ipsis
3098 1477 3316 1541 prepter
3344 1468 3518 1523 artatis

1957 1562 2391 1618 imbecillitatem
2441 1563 2584 1618 ferre
2615 1578 2774 1632 opem
2824 1563 3100 1632 poterint;
3145 1577 3247 1616 nec
3275 1561 3517 1615 habituri

1955 1655 2086 1718 sint,
2117 1655 2212 1724 qui
2241 1670 2335 1709 eos
2362 1655 2574 1709 sincere
2591 1671 2655 1710 ac
2671 1655 2911 1724 legitime
2942 1662 3179 1708 tueatur.
3214 1653 3519 1723 Imperator

1955 1743 2144 1807 reniti,
2166 1745 2311 1813 quod
2343 1744 2467 1813 pius
2487 1757 2631 1799 esset
2657 1745 2845 1809 animi,
2883 1741 3518 1812 putaretquecunvenire

288 1829 583 1897 συμϐαίνει
639 1827 923 1880 λείπεσθαι
981 1829 1108 1890 τοὺς
1169 1828 1388 1893 παῖδας,
1449 1827 1578 1897 μήθ’
1640 1828 1848 1890 ἑαυτοῖς

1955 1835 2126 1904 magis
2185 1835 2239 1888 in
2296 1835 2666 1904 omnipotenti
2735 1807 2955 1888 dextera
2995 1807 3514 1902 salutemﬁliorutn

285 1923 402 1991 ἁμύ
415 1939 520 1974 δειν
545 1921 634 1974 διά
665 1921 968 1990 νηπιότητα
989 1917 1328 1990 δυναμένοις,
1357 1921 1482 1991 μηθ’
1512 1920 1696 1988 ἔτερόν
1733 1938 1851 1972 τινα

284 2013 512 2084 ἔχοντας
562 2013 652 2065 τὸν
700 2012 1144 2082 προστησόμενον
1180 2013 1420 2080 γνησίιις
1475 2013 1568 2065 καὶ
1625 2012 1852 2074 ἀδόλως.

287 2106 548 2166 Βασιλεὺς
595 2103 672 2170 δὲ,
709 2106 809 2157 οὐκ
866 2105 1115 2158 ἐπείθετο
1154 2105 1353 2175 ῥᾳδίως
1393 2103 1616 2173 γνώμης
1670 2122 1723 2157 τε
1776 2105 1852 2158 ὢν

285 2197 520 2267 ἀγαθῆς,
553 2199 646 2250 καὶ
701 2195 906 2264 μᾶλλον
964 2196 1210 2266 οίόμενος
1258 2199 1552 2266 προσήκειν
1605 2197 1698 2250 ἐπὶ
1753 2196 1853 2268 τὴν

284 2294 463 2348 πάντα
488 2293 792 2363 δυναμένην
807 2293 988 2358 δεξιὰν
1013 2294 1106 2356 τὰς
1135 2295 1357 2357 ἐλπίδας
1386 2295 1484 2362 τῆς
1509 2295 1616 2347 τῶν
1645 2296 1850 2348 παίδων

285 2383 564 2454 σωτηρίας
595 2382 760 2452 ἔχειν,
799 2382 832 2451 ἢ
863 2382 998 2450 πρὸς
1027 2384 1250 2452 συκίνην
1280 2384 1600 2452 ἐπικουρίαν
1648 2383 1744 2454 τὴν
1793 2381 1850 2446 ἐξ

286 2470 636 2540 ἀνθρωπίνης
687 2470 929 2533 ἐπινοίας
970 2471 1322 2536 ἀποϐλέπειν,
1369 2473 1612 2541 συνορῶν
1640 2471 1715 2533 ώς
1753 2475 1850 2526 καὶ

281 2564 399 2624 τοῖς
430 2564 536 2630 πρὸ
590 2562 818 2617 ἐκείνων
877 2562 1156 2631 βασιλεῦσι
1186 2562 1410 2616 τοιαῦτα
1456 2565 1848 2634 ἐπινενοημένα

281 2652 500 2722 ὤνησαν
529 2652 702 2716 οὐδὲν,
752 2652 960 2720 ἔφασκέ
990 2669 1046 2703 τε
1095 2651 1170 2714 ὡς
1213 2652 1246 2722 ἢ
1280 2651 1412 2715 Θεὸς
1455 2652 1660 2706 ἀνωθεν
1689 2658 1847 2725 χεῖρα

282 2741 563 2806 σώζουσαν
611 2742 917 2811 ὑπερέχων,
961 2742 993 2809 ἢ
1042 2742 1149 2793 τῶν
1181 2742 1311 2811 ἡμῖν
1347 2741 1520 2794 εῦνων
1549 2744 1581 2812 ἡ
1617 2742 1847 2812 δύναμις

281 2833 349 2886 ἂν
374 2833 477 2884 τῶν
502 2833 756 2887 ἐναντίων
784 2833 1025 2902 ὑπερέχῃ
1055 2827 1150 2892 τὰς
1173 2831 1283 2886 τῶν
1311 2833 1518 2886 ἀδικεῖν
1548 2833 1842 2888 ἐθελόντων

284 2921 351 2975 ἂν
381 2922 670 2974 κωλύσειεν
717 2924 924 2990 ὁρμάς·
957 2925 1108 2992 ὅρκοι
1156 2923 1212 2976 δὲ
1253 2923 1349 2976 καὶ
1385 2923 1576 2992 δεσμοὶ
1615 2927 1711 2978 καὶ
1742 2927 1843 2980 ὅσα

281 3013 665 3082 παραπλήσια,
687 3012 850 3065 ,οὐδὲν
879 3013 944 3064 ἂν
973 3013 1295 3083 ὲκφοϐήσειε
1331 3013 1459 3075 τοὺς
1502 3015 1842 3072 πλεονεκτεῖν

1954 1940 2244 1992 reponere,
2286 1939 2450 1992 quam
2505 1924 2572 1976 ad
2609 1923 2900 1978 ficulneum
2950 1923 3214 1976 auxilium
3275 1911 3511 1974 humana

1953 2015 2283 2084 cogitatione
2310 2017 2593 2069 inventum
2614 2016 2916 2082 respicere;
2947 2013 3274 2083 intelligeret
3300 2021 3518 2080 praeter-

1952 2122 2016 2160 ea
2047 2124 2074 2158 a
2107 2107 2483 2176 superiniibus
2533 2106 2959 2176 imperatoribus
2997 2104 3195 2158 similia
3213 2103 3516 2172 excogitata

1951 2197 2145 2259 fuisse.
2211 2213 2313 2252 nec
2361 2198 2652 2267 profuisse.
2707 2197 2776 2250 Et
2825 2195 3178 2265 adjungebat,
3215 2202 3310 2247 aut
3343 2193 3513 2247 Deum

1953 2288 2021 2342 ab
2060 2288 2172 2341 alto
2221 2287 2516 2342 salutarem
2574 2301 2794 2339 manum
2837 2285 3242 2347 extendentem,
3283 2289 3376 2336 aut
3421 2297 3521 2349 poo-

1952 2381 2176 2434 tentiam
2203 2381 2310 2434 sibi
2343 2381 2482 2434 bene
2510 2378 2873 2447 cupientium,
2904 2376 3139 2430 devictis
3161 2374 3508 2434 adversariis,

1949 2486 2142 2525 eorum
2168 2471 2236 2526 ad
2285 2471 2538 2540 injuriam
2581 2470 2928 2524 inferendam
2968 2469 3203 2536 impetus
3232 2481 3513 2535 repressu-

1949 2577 2084 2616 ram.
2109 2561 2444 2624 Jnramenta,
2497 2572 2552 2616 et
2576 2562 2819 2625 vincula,
2867 2570 2917 2616 et
2959 2573 3298 2629 qumcuuque
3343 2556 3511 2624 hujus

1947 2650 2163 2720 generis
2215 2651 2348 2704 nihil
2421 2651 2778 2718 perterritura
2837 2663 2934 2702 eos
2967 2685 2983 2711 ,
3047 2646 3139 2716 qui
3194 2661 3260 2700 ex
3317 2644 3510 2698 alienis

1946 2745 2312 2799 incommodis
2359 2761 2458 2798 sua
2489 2759 2814 2813 comparare
2861 2735 3151 2798 commoda
3193 2739 3508 2796 statuerint.

1945 2836 2155 2892 Idcirco
2190 2835 2579 2891 abstinendum
2637 2837 2740 2890 hoc
2791 2834 3030 2904 negotio,
3069 2841 3127 2887 ut
3174 2848 3282 2886 non
3333 2830 3508 2886 solum

1946 2926 2080 2996 ipsis
2119 2925 2321 2991 inutili,
2373 2927 2467 2980 sed
2521 2927 2735 2981 caeteris
2787 2927 2952 2979 etiam
3007 2939 3117 2978 non
3160 2921 3510 2977 mediocriter

1945 3019 2230 3085 nocituro;
2263 3029 2456 3086 utpote
2479 3023 2675 3088 praeter
2705 3030 2896 3084 poenas
2921 3015 2994 3069 ob
3027 3013 3274 3082 rapinam
3295 3011 3509 3065 debitas
3609 3082 3612 3084 γ

280 3102 718 3173 προῃρημένους.
747 3102 839 3155 Διὸ
873 3104 963 3155 καὶ
1002 3103 1101 3172 τῆς
1129 3103 1385 3174 τοιαύτης
1415 3107 1666 3176 πράξεως
1702 3109 1837 3162 ἀπο-

1949 3111 2108 3164 etiam
2130 3108 2266 3162 diris
2277 3107 2530 3176 precibus
2562 3121 2592 3159 a
2620 3105 2803 3170 divina
2837 3104 3230 3174 conjunctione
3253 3102 3504 3156 seclusis.

280 3191 524 3260 σχέσθαι,
554 3190 626 3254 ώς
649 3191 710 3244 οὐ
741 3190 906 3260 μόνον
932 3191 1084 3244 οὐδὲν
1111 3194 1240 3262 ἡμῖν
1268 3193 1672 3266 λυσιτελούσης,
1705 3197 1841 3252 ἀλλά

1949 3194 2169 3266 Magn'us
2197 3198 2532 3254 domesticus
2580 3197 2809 3256 instare.
2861 3208 3160 3264 rogareque
3208 3192 3368 3262 352
3401 3193 3513 3246 bu-

277 3287 378 3338 καὶ
405 3285 611 3354 ἑτέροις
637 3286 697 3338 οὐ
718 3285 817 3354 τὴν
841 3286 1110 3357 τυχοῦσαν
1139 3287 1343 3357 βλάϐην
1371 3289 1675 3359 δυναμένης
1704 3308 1840 3363 προ-

277 3375 449 3440 ξενεῖν
478 3371 565 3428 οἷα
589 3375 652 3446 δὴ
683 3376 820 3446 πρὸς
844 3377 921 3447 τῷ
949 3377 1104 3441 δίκας
1137 3378 1237 3448 τῆς
1279 3380 1537 3450 ἁρπαγῆς
1582 3381 1838 3450 ὀφείλειν,

277 3467 380 3520 καὶ
407 3466 834 3536 κεχωρισμένοις
864 3468 972 3520 ἀπὺ
1005 3467 1161 3522 Θεοῦ.
1199 3468 1258 3524 Ὅ
1301 3473 1478 3539 μέγας
1504 3470 1561 3523 δὲ
1592 3471 1842 3541 δομέστι-

273 3574 372 3620 κος
397 3558 496 3610 οὐκ
526 3559 648 3627 ἀνίη
674 3557 1014 3628 βιαζόμενος,
1041 3559 1157 3614 ἀλλ’
1192 3560 1359 3613 ἐδεῖτο
1383 3561 1492 3614 τῶν
1539 3562 1638 3631 μὲν
1662 3563 1839 3616 τοιού-

273 3665 387 3702 των
405 3648 588 3717 ηλόγων
615 3649 972 3717 ἀποσχέσθαι,
1015 3651 1162 3720 αὐτῷ
1193 3652 1250 3705 δὲ
1280 3651 1560 3706 πείθεσθαι
1585 3655 1660 3714 ώς
1692 3654 1840 3708 λυσι-
1867 3711 1873 3717 _

274 3736 539 3792 τελοῦντα
587 3741 681 3792 καὶ
728 3740 912 3794 δίκαια
969 3739 1340 3813 βουλευομένῳ
1366 3758 1382 3775 ο
1425 3747 1520 3798 καὶ
1559 3743 1746 3798 ἔπεισέ
1775 3763 1837 3813 γε

278 3827 628 3897 βιασάμενος,
656 3830 766 3882 οὐδ’
786 3829 929 3884 οὕτω
959 3830 1057 3900 μὲν
1083 3833 1460 3900 πεπεισμένων
1483 3833 1558 3898 ὡς
1586 3835 1837 3905 λυσιτελῆ

273 3920 346 3971 τά
397 3923 745 3986 πραττόμενα
799 3919 905 3988 εἴη,
959 3919 1093 3972 ἀλλά
1146 3921 1244 3988 τῆς
1299 3918 1531 3990 ἐξαρχῆς
1578 3923 1838 3992 ἐχόμενον

274 4009 522 4078 γνώμης.
579 4012 675 4061 Διὰ
730 4011 788 4062 δέ
838 4012 900 4062 τὸ
934 4010 1110 4063 δοκεῖν
1163 4010 1360 4080 ἐκείνῳ
1410 4012 1711 4064 λυσιτελεῖν
1745 4013 1838 4065 καὶ

271 4104 480 4160 ἄκοντα
518 4094 884 4172 πεπεισμένον
909 4119 924 4133 ·
968 4103 1062 4156 καὶ
1095 4103 1186 4155 τὸν
1217 4103 1560 4172 πατριάρχην
1604 4119 1839 4170 μετακα-

274 4193 575 4264 λεσάμενος
604 4193 700 4246 καὶ
721 4195 836 4246 ὅσοι
861 4193 969 4246 τῶν
1003 4193 1302 4263 ἀρχιερέων
1331 4193 1388 4245 ἐν
1418 4192 1697 4264 Βυζαντίῳ
1715 4193 1838 4245 τότε

271 4291 550 4360 παρῆσαν,
566 4290 656 4352 καὶ
686 4289 787 4341 ὅσα
807 4285 873 4358 ἦν
889 4289 1034 4351 είκὺς
1059 4288 1358 4358 διαλεχθεὶς
1382 4291 1510 4357 περὶ
1547 4287 1640 4342 τοῦ
1665 4291 1841 4357 πράγ-

272 4397 464 4452 ματος,
480 4381 574 4434 καὶ
589 4378 688 4449 τὴν
706 4379 928 4448 γνώμην
950 4381 1188 4449 φανερὰν
1207 4381 1458 4450 ποιήσας,
1482 4379 1560 4442 ώς
1573 4380 1720 4451 αὺτῷ
1740 4381 1840 4451 μὲν

1937 3291 2178 3362 jusmodi
2228 3290 2414 3343 verbis
2477 3297 2790 3360 parceret”
2825 3286 2931 3339 sibi
2985 3284 3193 3338 utiliter
3245 3299 3310 3338 ac
3359 3284 3511 3353 juste

1941 3380 2251 3438 consulenti
2300 3387 2537 3448 pareret.
2573 3378 2640 3431 Et
2688 3373 3100 3444 importunitate
3125 3373 3271 3443 quod
3312 3373 3506 3436 voluit,

1939 3473 2140 3536 ell‘ecit,
2199 3485 2306 3523 non
2348 3469 2420 3522 ita
2488 3477 2668 3520 tamen
2722 3475 2782 3520 ut
2843 3465 3194 3534 profuturum
3255 3463 3507 3517 crederet

1939 3562 2260 3628 imperator,
2307 3558 2353 3611 si
2408 3557 2604 3622 fleret;
2656 3572 2844 3610 verum
2893 3555 3206 3623 anticipata:
3261 3553 3503 3622 opinioni

1939 3667 2052 3706 suae
2083 3650 2293 3714 aﬂixus,
2320 3649 2578 3720 quoniam
2602 3647 2710 3712 ,ille
2758 3647 3112 3717 profuturum
3137 3647 3414 3707 censebat,
3448 3645 3508 3699 in

1940 3743 2177 3813 speciem
2248 3756 2504 3796 assensus
2571 3748 2688 3802 est,
2753 3738 3134 3806 accersitoque
3196 3735 3510 3804 patriarcha

1939 3849 2060 3888 cum
2105 3832 2380 3901 episcOpis
2411 3841 2683 3899 quotquot
2722 3829 2964 3900 Byzantii
3005 3828 3390 3889 versabantur,
3447 3836 3504 3878 et

1939 3941 2060 3994 qua:
2112 3923 2461 3980 decebat'de
2529 3938 2588 3976 re
2647 3922 2866 3974 locutus
2898 3937 2914 3974 :
2948 3920 3222 3974 declarata
3283 3919 3514 3984 insuper

1940 4016 2114 4085 palam
2145 4013 2416 4068 sententia
2465 4026 2584 4074 sua,
2611 4009 2714 4063 sibi
2765 4009 2988 4076 quidem
3027 4021 3142 4060 rem
3189 4020 3369 4072 neque
3405 4021 3498 4057 ne-

1939 4106 2255 4168 cessariam,
2295 4117 2486 4171 neque
2532 4099 2939 4154 conducibilem
2971 4097 3144 4151 videri
3191 4097 3323 4166 (non
3354 4097 3509 4150 enirn-

1939 4196 2180 4252 cohiberi
2215 4209 2371 4263 posse
2412 4191 2793 4246 insidiatorum
2823 4188 3189 4258 cupidinem),
3220 4197 3397 4242 tamen
3434 4202 3502 4240 ne

1939 4286 2282 4342 existimetur
2305 4298 2406 4338 suo
2437 4293 2652 4337 tantum
2689 4280 2901 4351 jutﬁcio
2926 4278 3196 4350 obsequi,
3245 4277 3340 4332 sed
3369 4279 3503 4332 alio-

1945 4393 2067 4431 rum
2093 4390 2310 4445 quoque
2359 4372 2609 4430 consiliis
2635 4376 2850 4433 celere,
2903 4380 2959 4425 et
3011 4384 3206 4424 manus
3233 4369 3386 4432 dare,
3444 4380 3500 4424 et
3553 4410 3556 4413 -

273 4443 399 4526 οὔτε
441 4443 738 4540 ἀναγκαῖον
754 4443 897 4524 οὔτε-
919 4443 1190 4533 λυσιτελὲς
1231 4443 1378 4526 δοκεῖ
1404 4443 1464 4529 τδ
1498 4443 1836 4542 «pansa-'05

1949 4484 2062 4524 rem
2115 4443 2237 4522 illis
2277 4465 2670 4520 counnittere.«
2705 4461 2937 4516 Proinde
2968 4460 3276 4515 anathema-
3308 4460 3360 4513 in
3404 4474 3502 4514 eos

275 4565 386 4632 γὰρ
417 4563 712 4632 ἐπισχήσει
743 4563 842 4625 τάς
866 4562 1046 4633 ὁρμὰς
1069 4564 1175 4616 τῶν
1213 4561 1516 4626 ἐπιϐούλων
1542 4577 1558 4594 ο
1580 4563 1654 4625 ὡς
1679 4563 1746 4616 ἂν
1781 4563 1838 4616 δέ

279 4653 357 4725 μὴ
377 4654 558 4722 δοκοίη
579 4655 694 4716 τοῖς
721 4655 1000 4723 σφετέροις
1020 4655 1207 4722 μόνοις
1230 4653 1510 4707 πείθεσθαι
1538 4654 1840 4723 λογισμοῖς,

1946 4557 2156 4619 dicant,
2185 4554 2274 4623 qui
2312 4568 2372 4608 se
2414 4561 2630 4607 mortuo
2659 4550 2799 4606 filios
2825 4551 2944 4620 ejus
2983 4564 3081 4618 per
3111 4548 3290 4604 scelus
3317 4547 3501 4601 adori-

1947 4659 2158 4706 rentur.
2183 4645 2496 4703 Patriarcha
2519 4645 2671 4715 jussa
2718 4633 2952 4712 complet
2976 4657 2992 4706 ;
3015 4650 3069 4695 et
3098 4641 3201 4695 hac
3237 4639 3505 4693 nimirum

273 4722 411 4798 ἀλλά
437 4745 532 4795 καὶ
562 4743 770 4813 ἑτέροις
812 4722 1240 4811 συμϐουλεύουσι
1272 4743 1647 4813 παραχωρεῖν,
1677 4722 1840 4795 αὐτόν

1949 4743 2013 4798 de
2051 4756 2214 4796 causa
2269 4748 2391 4808 post
2419 4737 2540 4807 ejus
2567 4735 2777 4791 obitum
2827 4722 3082 4805 oportere
3131 4748 3190 4788 se
3243 4743 3506 4800 tanquam

273 4851 335 4886 τε
371 4833 659 4887 πεπεῖσθαι
711 4835 806 4886 καὶ
850 4834 1032 4902 σφίσιν
1086 4832 1420 4901 ἐπιτρέπειν,
1467 4831 1684 4885 ἐκέλευε
1741 4834 1834 4885 τὸν

1949 4835 2181 4890 filiorum
2216 4841 2452 4886 tutorem
2483 4837 2563 4898 (et
2585 4827 2884 4896 praesertim
2918 4827 3046 4895 quia
3068 4825 3310 4879 Joannes
3333 4823 3512 4894 impc-

272 4927 578 4996 ἀφορισμὸν
608 4926 752 4979 κατά
770 4926 878 4979 τῶν
910 4926 1047 4991 μετά
1079 4925 1175 4996 τὴν
1209 4925 1416 4978 ἐκείνου
1445 4923 1700 4994 τελευτὴν
1722 4925 1834 4988 τοῖς

1949 4935 2093 4982 rator
2149 4923 2444 4988 admodum
2509 4934 2645 4989 puer
2705 4917 2928 4982 adhuc,
2984 4931 3176 4970 novem
3236 4915 3504 4970 duntaxat

272 5019 464 5071 παισὶν
489 5018 688 5080 ἀδίκως
718 5017 1131 5088 ἐπιθησομένων
1155 5017 1425 5084 ἐκφωνεῖν
1447 5034 1458 5046 ’
1486 5017 1579 5068 κα)⁸
1603 5016 1835 5069 ἐτελεῖτο

1949 5031 2114 5072 atinas
2154 5022 2313 5067 natus
2344 5019 2459 5065 erat
2505 5009 2616 5078 (90)
2657 5008 2674 5077 )
2707 5005 3156 5077 gubernationem
3209 5002 3504 5070 attingere.

270 5124 426 5179 παρα
474 5105 880 5183 πατριάρχουῇ
928 5109 1290 5180 προσέταττεν
1345 5111 1372 5162 ό
1428 5107 1701 5178 βασιλεύς.
1737 5109 1832 5162 Διά

1949 5116 1998 5162 et
2030 5103 2436 5158 adolescentulo
2477 5101 2799 5170 imperatori
2850 5097 3142 5164 imperium
3174 5106 3507 5147 conservare

268 5201 446 5256 ταῦτα
480 5201 545 5270 δὴ
580 5201 721 5268 μετά
751 5201 846 5270 τὴν
887 5201 1095 5254 ἐκείνου
1128 5194 1406 5268 τελευτ“ὴν,
1428 5199 1456 5251 ό
1488 5200 1838 5270 πατριάρχης

266 5291 425 5362 ᾠήθη
445 5290 572 5357 δεῖν,
586 5284 671 5344 οἷα
689 5291 872 5362 δὴιτῶν
894 5289 1154 5359 βασιλέως
1177 5288 1379 5341 παίδων
1397 5287 1591 5356 φύλαξ,
1608 5287 1780 5350 ἄλλως
1794 5289 1840 5339 θ’

265 5385 349 5436 ὅτι
400 5383 494 5435 καὶ
522 5383 551 5434 ὁ
595 5381 689 5436 τοῦ
726 5381 996 5452 βασιλέως
1063 5381 1192 5442 παῖς
1232 5377 1482 5448 Ἰωάννης
1513 5380 1542 5430 ό
1575 5377 1828 5448 βασιλεὺς

1945 5197 2293 5252 existimavit.
2328 5197 2405 5248 Ac
2432 5192 2673 5261 suscepit
2715 5190 2937 5259 quidem
2969 5189 3060 5242 ille
3087 5185 3504 5254 rempublicam,

1947 5286 2316 5364 paulatimque
2382 5289 2556 5337 semet
2625 5281 2681 5334 in
2748 5278 3114 5346 principatum
3171 5273 3507 5338 iutrudens,

1949 5383 2119 5435 latere
2148 5376 2358 5433 studuit
2377 5388 2539 5443 quam
2571 5372 2803 5425 maxime
2831 5367 3206 5440 potuitzquod
3235 5375 3511 5421 metueret

1513 5533 1728 5595 Jacobi
1763 5537 2029 5600 Pontani
2061 5542 2247 5598 notae.

337 5663 450 5736 (90)
489 5662 650 5719 Patre
672 5664 953 5736 moriente
972 5662 1210 5736 Joannes
1227 5661 1688 5736 Palaeologuann
1747 5661 1866 5734 plus
1899 5682 2098 5723 novem
2157 5675 2328 5717 annos
2380 5665 2542 5712 natus
2589 5665 2727 5711 erat.
2797 5652 2930 5708 Huic
2972 5650 3153 5716 crede,
3207 5659 3260 5704 et
3313 5648 3506 5704 falsum

265 5731 398 5806 puia
429 5732 748 5799 Laonicu'm,
787 5734 877 5804 qui
908 5734 956 5788 ei
980 5732 1264 5789 duodecim
1290 5731 1699 5788 annos’tribuit.
