4122 6296
611 359 712 423 711

1799 351 2124 414 JOANNIS
2163 353 2686 416 CANTACUZENI

3742 331 3849 397 712

607 491 679 531 ne
710 473 888 544 magni
935 473 1227 529 demeatici
1267 473 1523 528 mmulum
1575 487 1634 527 se
1682 485 1804 525 esse
1838 471 1893 523 in
1941 469 2177 539 regenda

2290 473 2364 526 ἔτι
2399 477 2590 546 νήπιος
2621 468 2713 544 ἦν,
2748 464 2876 541 ἄρτί
2907 465 3164 535 παιδικῆς
3205 463 3452 534 ἡμμένος
3481 459 3722 529 ἡλικίας,
3753 457 3846 527 ἔτη

615 567 896 634 republica
925 566 1101 634 palam
1137 574 1433 620 constaret.
1468 565 1535 618 Et
1565 579 1689 618 cum
1719 562 1824 616 alia
1867 561 1916 616 ei
1956 561 2177 615 inimica

615 657 890 720 faciebat,
954 666 1068 710 tum
1121 657 1440 709 sodalitium
1492 671 1559 708 ex
1615 655 1810 708 aulicis
1859 654 2179 722 proceribus

608 750 899 810 ennllabat,
941 748 1226 816 multaque
1276 748 1612 812 amplissima
1655 747 1922 801 beneficia
1953 747 2183 815 promit-

613 843 799 902 lebat,
861 841 906 894 si
965 841 1099 910 ipsis
1161 839 1499 895 adminiStris
1551 855 1734 894 rerum
1811 839 2178 908 principatum

613 933 1035 1001 adipisceretur.
1094 933 1370 987 Praeterea
1423 943 1563 986 totos
1598 932 1738 994 dies,
1767 941 1823 984 et
1871 929 1940 984 ad
1965 929 2181 982 medias

613 1037 800 1078 noctes
823 1024 875 1076 in
903 1024 1101 1092 palatio
1131 1024 1388 1078 lmrebat.
1421 1025 1557 1078 Hinc
1577 1037 1804 1092 magnus
1825 1020 2180 1085 domesticus,

615 1117 737 1185 ejus
767 1117 1004 1185 cogitata
1058 1114 1348 1182 olfaciens,
1385 1125 1441 1170 et
1481 1115 1751 1184 imprimis
1797 1129 1826 1166 a
1880 1112 2178 1172 nonnullis,

614 1210 944 1277 quibuscum
977 1209 1532 1278 patriatcliamrcana
1579 1221 1677 1259 sua
1719 1203 2181 1265 communicabat,

612 1301 681 1355 de
709 1316 872 1355 causa
903 1300 1249 1354 molitionum
1282 1302 1505 1353 istarum
1529 1298 1730 1352 certior
1763 1296 1959 1358 factus,
1985 1294 2184 1348 merito

614 1395 838 1464 indigne
875 1393 1534 1448 ferebatetirascebatur.
1557 1391 1766 1444 Silebat
1789 1383 2181 1453 nihilominus,

613 1497 670 1540 et
705 1501 814 1554 quo
848 1486 1070 1538 demum
1126 1500 1216 1539 res
1249 1492 1587 1553 erumperet,
1645 1481 1991 1536 observabat.
2037 1480 2184 1533 inter

614 1577 730 1631 haec
765 1575 913 1630 aliud
947 1575 1204 1643 quiddam
1235 1576 1440 1638 evenit,
1465 1574 1611 1643 quod
1643 1575 1764 1642 ejus
1798 1575 2044 1626 animum
2073 1585 2184 1624 non

614 1669 810 1722 leviter
845 1669 1097 1737 pupugit.
1120 1669 1255 1722 Nam
1292 1667 1590 1722 Moesorum
1623 1682 1717 1719 rex
1749 1663 2060 1719 Alexander
2085 1679 2184 1744 per

620 1760 836 1829 legatos
903 1761 971 1813 ab
1022 1760 1393 1828 imperatrice,
1444 1768 1500 1813 et
1557 1758 1818 1812 Romanis
1870 1757 2181 1812 Sismanum

615 1849 857 1902 exsulem
896 1849 1141 1919 Byzantii
1173 1847 1457 1917 degentem
1492 1849 1730 1916 petebat,
1770 1847 2067 1908 Michaelis,
2093 1846 2179 1899 cui

614 1950 955 1992 successerat
991 1955 1056 1992 ex
1107 1937 1369 2007 Stephani
1401 1938 1769 1992 Triballorum
1796 1937 2068 2006 principis
2095 1949 2185 1988 so-

616 2045 741 2082 rore
798 2028 969 2082 lilium
1003 2045 1163 2098 :quze
1197 2046 1225 2082 a
1281 2029 1501 2091 marito,
1552 2029 1944 2098 superinducta
1997 2042 2187 2082 sorore

614 2121 911 2176 Andronici
957 2121 1214 2191 junioris,
1243 2121 1441 2189 ejecta,
1471 2126 1594 2189 p‘ost
1622 2120 1740 2190 ejus
1773 2119 2053 2172 interitum
2116 2117 2175 2171 in

615 2212 803 2266 Mmsia
871 2220 1232 2280 regnaverat;
1296 2226 1398 2265 nec
1461 2210 1634 2264 multo
1694 2219 1817 2279 post
1872 2207 2189 2278 potentissi-

616 2317 827 2355 morum
861 2302 1096 2355 factione
1131 2316 1349 2355 rursum
1385 2301 1536 2371 pulsa
1588 2315 1778 2370 regno,
1801 2299 1931 2353 cum
1955 2298 2185 2363 Joanne,

615 2407 646 2444 e
685 2381 834 2446 Afiliis
882 2393 1076 2454 altero,
1113 2393 1179 2444 ad
1242 2391 1458 2444 Cralem
1510 2392 1732 2444 fratrem
1783 2381 1842 2444 Se
1883 2397 2187 2458 receperat.

615 2477 775 2548 353
797 2478 1080 2532 Sisrnanus
1101 2479 1239 2533 alter
1261 2479 1402 2533 filius
1424 2479 1489 2532 ad
1507 2479 1738 2547 Scythas
1763 2479 2070 2533 exsulatum
2093 2478 2192 2531 ab-

555 2556 557 2559 ’
619 2568 756 2620 ierat
773 2568 1080 2637 zzneclongo
1099 2577 1341 2636 tempore
1357 2566 1557 2621 ibidem
1581 2577 1794 2630 exacto,
1814 2577 1934 2637 post
1959 2575 2191 2621 mortem

619 2657 962 2725 imperatoris
983 2658 1046 2711 ad
1069 2657 1341 2712 Romanos
1355 2666 1550 2728 sponte
1570 2659 1907 2730 confugerat.
1925 2658 2082 2712 Hunc
2097 2659 2196 2727 igi-

621 2757 710 2799 tur
751 2747 1057 2801 Alexander
1085 2757 1144 2801 ut
1173 2750 1494 2803 teterrimun
1520 2751 1733 2804 hostem
1777 2765 1935 2804 suum
1958 2751 2196 2818 postula-

620 2835 735 2900 bat,
763 2847 816 2891 et
850 2841 1164 2893 alterutrius
1182 2841 1458 2908 optionem
1479 2841 1670 2896 dabat:
1699 2853 1865 2896 utaut
1883 2842 2194 2896 Sismanum

554 3000 560 3006 _
621 2927 724 2980 sibi
759 2929 1116 2996 jugulandum
1149 2929 1433 2992 dederent,
1455 2940 1548 2984 aut
1570 2947 1627 2985 se
1644 2932 1708 2985 ad
1725 2932 1927 2986 bellum
1949 2942 2195 3001 pararet;

620 3018 765 3071 haud
791 3019 936 3072 enim
964 3020 1225 3082 Romanis
1249 3021 1510 3086 amicum,
1554 3039 1616 3078 ac
1639 3023 1849 3077 socium
1870 3038 1991 3077 esse
2016 3038 2193 3093 posse,

2279 562 2470 636 ydtpjﬁv
2497 565 2736 634 γεγονὼς
2766 563 2940 626 ἐννέα,
2981 555 3349 613 ἀνθάπτεσθαι
3371 555 3480 607 τῶν
3503 554 3849 621 πραγμάτων

2281 660 2376 712 καὶ
2409 661 2508 727 τὴν
2545 655 2822 726 βασιλείαν
2870 649 3256 712 συνδιασώζειν
3310 644 3388 714 τῷ
3444 644 3550 712 νέῳ
3601 642 3846 710 βασιλεῖ’

2281 750 2376 802 καὶ
2413 744 2616 816 ἥπτετό
2651 761 2714 812 γε
2747 742 2949 805 αὐτῶν,
2983 738 3269 793 λανθάνειν
3306 731 3601 802 ἐπιχειρῶν
3628 730 3705 790 ὡς
3749 731 3849 796 μά-

2279 841 2437 893 λιστα
2473 838 2598 906 ὲνῆν
2630 836 2894 890 καὶκατὰ
2937 832 3133 904 μικρὸν
3167 827 3485 899 ἐμϐιϐάζων
3529 820 3721 876 ἑαυτὸν
3771 821 3849 882 εις

2283 933 2381 1001 τὴν
2417 932 2614 1000 ἀρχήν.
2659 929 2882 982 Ἐδεδίει
2915 927 3026 996 γὰρ
3067 922 3323 992 γενέσθαι
3357 917 3596 988 φανερὸς
3632 916 3851 968 ἀντιπι-

2283 1023 2630 1090 λιτευόμεκιος
2673 1021 2752 1088 τῷ
2814 1018 3034 1087 μεγάλῳ
3087 1013 3425 1083 δομεστίκῳο
3485 1011 3578 1060 καὶ
3625 1007 3759 1060 am
3793 1020 3848 1056 τε

2285 1115 2553 1183 ἔπραττεν
2577 1113 2611 1166 ἃ
2646 1113 2746 1164 οὐκ
2770 1107 2838 1181 ἦν
2870 1108 3020 1178 αὺτῷ
3045 1107 3325 1185 ἀρέσκειν,
3359 1104 3452 1155 καὶ
3481 1099 3757 1168 ἑταιρείαν
3788 1098 3851 1149 ὲκ

2286 1205 2392 1260 τῶν
2422 1203 2805 1272 συγκλητικῶν
2847 1201 3092 1259 συνίστα,
3128 1198 3222 1251 καὶ
3254 1196 3437 1248 ἔπειθε
3471 1193 3694 1252 πολλαῖς
3725 1191 3854 1241 ὑπο-

2289 1301 2542 1369 σχέσεσιν
2572 1296 2720 1366 αὐτῷ
2753 1295 3130 1364 συμπράττειν
3157 1291 3230 1351 ὡς
3257 1290 3327 1340 τά
3359 1287 3592 1355 μέγιστα
3615 1279 3676 1335 εὖ
3700 1280 3853 1348 ποιή-

2288 1407 2396 1444 σων
2426 1393 2474 1442 εί
2503 1389 2652 1457 αὐτῷ
2695 1376 3052 1456 προσγένοιτο
3084 1382 3190 1434 τῶν
3224 1378 3569 1449 πραγμάτων
3601 1377 3632 1444 ὴ
3687 1371 3851 1442 ἀρχή.

2287 1483 2396 1536 Καὶ
2425 1479 2686 1550 διηνεκῶς
2717 1476 2986 1546 διέτριϐεν
3014 1475 3072 1526 ὲν
3109 1471 3428 1542 βασιλείοις,
3462 1465 3657 1526 νυκτὸς
3692 1462 3853 1533 μόνης

2286 1575 2381 1629 καὶ
2411 1576 2616 1640 ταύτης
2643 1569 2814 1639 μέσης
2838 1569 3021 1620 οἶκαδε
3051 1562 3370 1633 ἀναχωρῶν.
3414 1559 3506 1622 Ἐξ
3530 1552 3605 1612 ὧν
3624 1559 3652 1610 6
3685 1555 3855 1624 μέγας

2286 1665 2608 1733 δομέστικος
2659 1658 3202 1728 καταστοχαζόμενος
3235 1654 3335 1721 τῆς
3388 1651 3482 1704 τοῦ
3521 1647 3853 1717 πατριάρχου

2285 1754 2547 1817 διανοίας,
2594 1752 2770 1812 ἄλλως
2812 1767 2897 1802 τις.Δ
2925 1749 3017 1803 καὶ
3073 1745 3236 1798 τινῶν
3271 1744 3378 1796 τῶν
3431 1739 3855 1802 κοινωνούντων,

2287 1846 2437 1914 αὐτῷ
2469 1847 2576 1897 τῶν
2619 1843 2945 1914 άπορῤήτων
2994 1837 3448 1906 ἀπαγγελλόντων
3494 1833 3603 1885 τῶν
3638 1830 3857 1899 γινομέ-

2287 1956 2394 1992 νων
2431 1937 2529 2007 τὴν
2560 1937 2762 1999 αἰτίαν,
2808 1935 3162 2002 ἐδυσχέραινε
3213 1930 3311 1997 μὲν
3345 1928 3419 1989 ὡς
3450 1925 3621 1988 είκδς,
3651 1925 3747 1976 καὶ
3793 1922 3856 1976 δι’

2285 2029 2460 2100 ὀργῆς
2492 2029 2562 2081 τὰ
2587 2028 2938 2097 πραττόμενα
2962 2025 3223 2088 ἐποιεῖτο,
3258 2023 3406 2089 ὅμως
3437 2019 3497 2072 δὲ
3529 2018 3700 2087 ἔφερε
3737 2016 3857 2083 σιγῇ

2289 2123 2624 2177 ἀποσκοπῶν
2643 2121 2766 2172 ὅποι
2783 2117 3100 2187 τελευτήσει
3131 2116 3164 2185 ἠ
3191 2115 3398 2167 διάνοια
3430 2111 3601 2178 αὐτῷ.
3641 2105 3862 2172 Μεταξῦ

2288 2211 2346 2263 δὲ
2377 2210 2582 2262 τούτων
2613 2191 2919 2276 γινομένων
2950 2202 3269 2274 συμϐέϐηκέ
3305 2218 3358 2253 τι
3390 2200 3485 2253 καὶ
3511 2199 3665 2263 ἄλλο,
3703 2197 3733 2249 ὃ
3767 2213 3864 2266 με-

2290 2303 2457 2371 τρίως
2510 2301 2570 2354 οὐ
2621 2298 2909 2368 καθήψατο
2939 2298 3038 2366 τῆς
3087 2294 3181 2349 τοῦ
3241 2293 3485 2364 μεγάλου
3537 2290 3863 2360 δομεστίκιυ

2292 2396 2500 2464 ψυχῆς·
2537 2396 2565 2446 6
2625 2394 2736 2462 γὰρ
2796 2391 2906 2444 τῶν
2959 2389 3165 2444 Μυσῶν
3216 2388 3470 2458 βασιλεὺς
3518 2384 3866 2453 Ἀλέξανδρος

2294 2483 2591 2554 πρεσϐείαν
2640 2480 2869 2550 πέμψας
2916 2479 3052 2548 πρὸς
3112 2475 3356 2546 βασιλίδα
3406 2475 3501 2528 καὶ
3534 2472 3862 2542 Ῥωμαίους,

2295 2573 2387 2625 τὸν
2418 2571 2548 2640 παρ’
2582 2571 2765 2631 αὐτοῖς
2820 2565 3167 2636 διατρίϐοντα
3203 2563 3416 2632 φυγάδα
3440 2563 3559 2632 ⁴ᾔτει
3599 2563 3867 2629 Σίσμαν-ιν

2294 2664 2384 2718 τὸν
2422 2661 2518 2715 τοῦ
2558 2659 2709 2731 παρὰ
2748 2661 2956 2720 Μυσοῖς
3009 2653 3573 2727 προϐέϐασιλευκότος
3617 2651 3864 2720 Μιχαήλ·

2294 2754 2355 2818 ὃς
2384 2754 2449 2822 δὴ
2485 2754 2779 2824 γεγέννητο
2814 2751 2963 2819 αὐτῷ
3023 2752 3088 2802 ὲκ
3135 2749 3235 2816 τῆς
3281 2747 3557 2816 Στεφάνου
3615 2746 3711 2798 τοῦ
3761 2745 3866 2797 τῶν

2296 2846 2582 2915 Τριϐαλῶν
2617 2847 2877 2914 ἄρχοντος
2923 2842 3186 2911 ἀδελφῆς,
3237 2843 3271 2912 ἢ
3341 2843 3478 2910 μετὰ
3515 2839 3616 2910 τὴν
3658 2841 3862 2893 ἐκείνου

2297 2938 2552 3009 τελευτὴν
2584 2934 2717 3010 ἦρξε
2762 2937 3014 2999 Μυσίαςο
3051 2936 3318 3005 πρότερον
3351 2935 3458 3004 γάρ
3491 2933 3863 3000 ἐκϐεϐλημένη

2300 3032 2391 3087 ὑπ’
2418 3034 2627 3085 ἐκείνου
2659 3026 2728 3101 ἦν
2759 3029 2840 3082 ἔτι
2870 3029 3175 3098 περιόντος,
3213 3029 3310 3081 καὶ
3348 3030 3413 3097 τῇ
3447 3025 3712 3095 βασιλέως
3747 3026 3864 3077 Ἀνο

620 3105 861 3171 quandiu
900 3107 974 3160 illi
1013 3108 1224 3162 hostem
1257 3125 1414 3163 suum
1447 3112 1592 3180 apud
1624 3127 1681 3166 se
1712 3113 1961 3179 alerent;
1997 3113 2188 3197 simul-

2294 3123 2544 3194 δρονίκου
2596 3121 2689 3175 τοῦ
2730 3123 2852 3175 νέου
2912 3122 3292 3182 συνοικοῦντος
3336 3119 3582 3188 ἀδελφῇ·
3636 3120 3755 3170 ἐπεὶ
3811 3116 3866 3168 δὲ

619 3212 726 3265 que
763 3199 1136 3268 juramentum
1171 3202 1445 3269 mittebat,
1482 3218 1592 3273 quo
1619 3221 1676 3259 se
1705 3204 1807 3274 ipsi
1843 3204 2191 3260 Andronicus

621 3292 775 3360 pacis
841 3306 1003 3346 causa
1068 3293 1460 3349 obstrinxerat.
1513 3296 1736 3366 Legatio
1782 3297 2071 3352 Alexandri
2119 3298 2191 3352 ita

622 3397 682 3436 se
731 3382 940 3436 habuit.
976 3383 1276 3451 Oportebat
1312 3401 1444 3439 vero
1474 3371 1770 3442 convenire
1800 3389 2111 3458 optimates,
2136 3399 2193 3443 et

621 3488 744 3527 cum
795 3475 1037 3544 Augusta
1092 3477 1422 3540 deliberare,
1479 3477 1646 3533 fasne
1697 3489 1846 3534 esset
1908 3484 2193 3554 perfugam

625 3559 864 3624 tradere,
895 3577 961 3613 an
997 3577 1093 3628 pro
1117 3577 1184 3616 eo
1214 3563 1420 3617 bellum
1449 3574 1638 3618 contra
1660 3567 1857 3620 Mresos
1881 3571 2190 3639 suscipere.

624 3647 963 3702 Convenitur
1011 3651 1064 3704 in
1120 3651 1356 3719 palatio;
1408 3654 1607 3708 adsunt
1657 3655 1784 3710 item
1828 3673 2055 3728 magnus
2098 3659 2194 3714 do-

628 3740 907 3803 mesticus,
927 3749 982 3794 et
1014 3742 1360 3809 patriarcha;
1401 3746 1630 3812 quaestio
1655 3755 1929 3801 movetur.
1964 3747 2040 3802 lbi
2071 3751 2195 3806 aliis

623 3827 879 3881 omnibus
915 3827 968 3881 in
1005 3843 1260 3898 magnum
1288 3831 1671 3898 domesticum,
1697 3849 1790 3887 ora
1819 3843 1983 3903 atque
2009 3838 2197 3894 oculos

624 3933 751 3972 cum
785 3918 1004 3972 silentio
1034 3923 1510 3986 convertentibus,
1535 3925 1763 3994 ejusque
1778 3912 1954 3995 'super
1985 3945 2042 3981 re
2072 3945 2200 3999 pro-

627 4009 802 4077 posita
853 4011 1176 4065 sententiam
1203 4015 1670 4082 exspectantibus,
1698 4015 1965 4088 Georgius
1993 4019 2199 4074 Cbum-

2298 3213 2418 3283 μετ’
2445 3213 2628 3278 ὀλίγον
2669 3210 2772 3264 ὑπὸ
2825 3211 2931 3262 τῶν
2987 3209 3382 3262 δυνατωτάτων
3419 3206 3866 3260 ἐπιϐουλευθεῖσα

2295 3305 2458 3357 πάλιν
2490 3302 2760 3371 ἐξεϐλήθη
2782 3302 2883 3371 τῆς
2915 3302 3108 3372 ἀρχῆς,
3137 3303 3170 3371 ἡ
3198 3300 3299 3370 μὲν
3331 3299 3422 3352 τὸν
3451 3300 3640 3368 ἕτερον
3670 3298 3868 3367 ἔχουσα

2293 3397 2402 3449 τῶν
2430 3395 2562 3448 υίῶν
2595 3395 2868 3459 Ἰωάννην,
2909 3392 3045 3461 πρὸς
3082 3393 3305 3461 Κράλην
3333 3391 3574 3456 ἐπανῆκε
3605 3392 3698 3442 τὶν
3721 3391 3869 3444 ἁδελ-

2295 3484 2416 3552 φόν.
2453 3484 2722 3552 Σίσμανος
2751 3482 2806 3535 δὲ
2845 3483 2870 3534 6
2909 3479 3096 3542 λοιπὸς
3134 3480 3244 3532 τῶν
3273 3480 3498 3545 παίδων,
3538 3480 3620 3542 είς
3659 3478 3870 3541 Σκύθας

2231 3623 2244 3636 ,
2295 3570 2468 3642 ᾣχετο
2519 3571 2736 3638 φυγάςο
2763 3569 2830 3631 ὃς
2868 3568 2932 3640 δὴ
2978 3570 3108 3638 παρ’
3155 3569 3387 3631 ἐκείνοις
3437 3569 3726 3638 διατρίψας
3768 3569 3869 3621 οὐκ

2297 3662 2499 3727 ὀλίγον,
2544 3660 2771 3728 ὕστερον
2811 3661 3104 3728 Ῥωμαίοις
3154 3660 3334 3712 ἑκοντὶ
3386 3659 3664 3733 προσῆλθε
3729 3653 3868 3730 μετὰ

2296 3752 2395 3819 τὴν
2430 3749 2695 3820 βασιλέως
2741 3750 3022 3818 τελευτήν.
3070 3749 3274 3803 Τοῦτον
3305 3749 3368 3820 δὴ
3413 3749 3766 3819 Ἀλέξανδρος
3809 3751 3871 3820 ᾖ.

2299 3842 2442 3892 τείτο
2475 3839 2698 3908 πέμψας
2749 3837 2824 3900 ὡς
2885 3837 3292 3904 πολεμιώτατον
3342 3837 3520 3907 αὐτῷ*
3555 3838 3764 3906 ἔφασκέ
3812 3855 3866 3888 τε

2299 3932 2444 3983 δυοῖν
2478 3929 2730 3999 θάτερον,
2767 3931 2798 4000 ῆ
2830 3930 3170 4000 παραδοῦναι
3202 3931 3471 3999 Σίσμανον
3502 3932 3594 3982 επὶ
3635 3931 3866 3997 θανάτῳ.

2300 4024 2332 4094 ἢ
2361 4022 2881 4094 παρασκευάζεσθαι
2912 4023 3051 4093 πρὸς
3076 4023 3335 4093 πόλεμον,
3367 4023 3442 4086 ὡς
3490 4023 3594 4076 οὐκ
3622 4023 3742 4075 ὲνὸν
3777 4023 3869 4075 αὑ-

626 4114 732 4152 nus
775 4115 974 4155 mensae
1023 4102 1314 4171 prasfectus
1363 4105 1587 4170 inscite,
1627 4114 1683 4160 et
1711 4109 1990 4174 audacter,
2025 4110 2188 4179 prius-

2300 4115 2390 4169 τὸν
2419 4113 2559 4168 εἶναι
2592 4114 2744 4183 φίλον
2790 4117 2883 4167 καὶ
2926 4114 3217 4185 σύμμαχον
3254 4115 3546 4185 Ῥωμαίοις
3575 4115 3670 4168 τοῦ
3713 4116 3870 4167 πολε-

627 4206 792 4259 quam
841 4193 908 4247 ab
949 4193 1060 4246 ullo
1101 4196 1325 4248 verbum
1376 4196 1706 4251 audiretur:
1759 4199 2033 4268 Scriptum
2068 4212 2188 4270 est,

2306 4203 2586 4273 μιωτάτου
2623 4204 2967 4270 τρεφομένου
3006 4205 3142 4272 παρ’
3179 4204 3400 4266 αὐτοῖς’
3439 4204 3657 4269 ἔπεμπέ
3686 4219 3745 4255 τε
3775 4205 3867 4254 καὶ

629 4279 828 4348 inquit,
909 4281 968 4334 Si
1029 4292 1288 4352 postremo
1349 4284 1633 4338 revelatum
1664 4287 1840 4356 fuerit,
1883 4291 2083 4358 primus
2117 4302 2188 4345 tat

2303 4295 2429 4355 τοὺς
2479 4295 2679 4362 ὅρκους
2736 4293 2784 4346 οἳ
2836 4293 2975 4363 πρὸς
3035 4294 3302 4362 βασιλέως
3339 4294 3682 4362 Ἀνδρονίκου
3739 4294 3870 4363 πρὸς

597 4379 742 4422 ασθαι
777 4370 916 4439 (91).
956 4373 1098 4442 Ergo
1126 4374 1169 4428 si
1206 4375 1368 4429 alicui
1399 4389 1668 4443 nostrum,
1695 4379 1786 4446 qui
1813 4381 2061 4436 videmur
2082 4399 2188 4439 esse

2307 4387 2472 4440 αὑτὸν
2503 4379 2647 4455 ἦσαν
2672 4386 2768 4436 ἐπὶ
2801 4388 2866 4454 τῇ
2901 4386 3098 4456 εἰρήνῃ
3134 4387 3520 4455 γεγενημένοι.
3560 4385 3625 4438 Ἦ
3656 4387 3754 4454 μὲν
3783 4383 3870 4439 οὖν

629 4464 909 4529 postremi,
966 4466 1161 4520 melius
1215 4469 1423 4537 aliquid
1463 4472 1516 4522 in
1556 4470 1684 4537 illis,
1721 4473 1788 4526 de
1815 4473 2020 4541 quibus
2052 4490 2188 4530 nunc

2317 4472 2672 4540 Ἀλεξάνδρου
2697 4473 2966 4540 πρεσϐεία
2996 4472 3189 4525 τοῦτον
3219 4471 3332 4543 εἶχε
3359 4475 3454 4525 τὸν
3483 4474 3691 4542 τρόπον
3710 4491 3724 4504 ·
3767 4475 3868 4526 ἔδει

626 4563 711 4607 est
757 4554 978 4608 inducta
1009 4557 1363 4623 deliberatio,
1390 4560 1542 4628 loqui
1579 4561 1819 4625 licuerit,
1849 4579 2076 4619 necesse
2102 4567 2188 4618 eri

2301 4565 2359 4616 δὲ
2405 4563 2505 4632 τὴν
2557 4562 3266 4633 σύγκλητονοσυνελθοῦσαν
3309 4565 3707 4630 βουλεύσασθαι
3759 4565 3868 4633 ἅμα

632 4645 870 4712 primum
911 4647 1041 4700 boni
1093 4651 1404 4703 consulere.
1456 4651 1734 4706 Percussit
1780 4654 1947 4718 illico,
1978 4665 2033 4710 et
2064 4657 2188 4710 indi-

2303 4655 2541 4724 βασιλίδι
2598 4657 2648 4708 εί
2695 4656 2814 4708 δέον
2863 4658 2895 4726 ἢ
2932 4658 3024 4710 τὸν
3075 4658 3376 4727 αὐτόμολον
3423 4657 3866 4725 παραδιδόναι,ἢ

641 4735 894 4802 gnatione
915 4738 1214 4791 commovit
1237 4754 1490 4808 maguum
1524 4739 1912 4805 domesticum,
1941 4754 2048 4798 tam
2075 4760 2188 4814 pro-

2303 4746 2542 4813 πόλεμον
2571 4745 2809 4814 ἄρασθαι
2847 4748 2983 4816 πρὸς
3016 4749 3235 4810 Μυσοὺς
3276 4749 3418 4820 ὑπὲρ
3450 4750 3641 4802 αὐτοῦ.
3677 4749 3742 4803 Οί
3778 4751 3870 4815 μὲν

644 4836 812 4889 terva,
863 4835 920 4880 et
963 4829 1253 4896 impudens
1301 4832 1496 4884 oratio.
1535 4831 1640 4886 Sed
1675 4834 1805 4901 quia
1847 4843 1940 4887 aut
1971 4836 2188 4904 impera-

2299 4833 2393 4888 οὖν
2438 4837 2704 4906 συνῆλθον
2740 4839 2797 4890 ἐν
2845 4838 3186 4907 βασιλείοις·
3241 4823 3544 4910 συμπαρῆν
3600 4841 3648 4892 δ’
3694 4842 3869 4901 αὐτοῖς

631 4919 841 4976 tricem.
891 4927 986 4972 aut
1033 4921 1428 4987 patriarcliam,
1475 4922 1565 4977 ille
1603 4923 1750 4977 enim
1789 4925 2020 4980 consilio
2056 4941 2188 4995 pra:-

2307 4929 2403 4980 καὶ
2428 4928 2754 4996 δομέστικος
2779 4931 2805 4980 6
2831 4929 3027 4997 μέγας,
3057 4929 3173 4998 ἅμα
3204 4932 3519 5001 πατριάρχῃ
3539 4947 3553 4959 ·
3592 4930 3871 5000 προτεθεί-

627 5007 858 5070 sidebat,
916 5008 1084 5063 iratos
1139 5013 1350 5065 ecuria
1403 5013 1681 5067 hominem
1729 5027 2056 5072 exacturos.
2105 5027 2200 5072 aut

627 5101 810 5153 verbis
832 5102 1022 5156 saltem
1039 5103 1106 5156 de
1131 5103 1267 5157 istac
1297 5113 1402 5156 tam
1423 5105 1798 5174 intempestiva
1820 5107 2017 5175 lingua:
2041 5119 2198 5176 petu-

628 5191 794 5245 lautia
845 5195 1228 5263 objurgaturos
1274 5197 1552 5263 sperabat,
1595 5196 1660 5249 ad
1693 5198 2083 5251 contumeliam
2117 5208 2197 5252 ta-

628 5285 760 5338 cuit.
815 5283 949 5338 Cum
997 5295 1178 5339 autem
1225 5286 1303 5340 illi
1337 5297 1526 5341 contra
1570 5303 1636 5340 ne
1671 5287 1936 5341 mutirent
1962 5289 2185 5356 quidem

2312 5035 2411 5089 σης
2437 5019 2494 5071 δὲ
2521 5021 2618 5087 τῆς
2649 5019 2845 5088 βουλῆς
2871 5020 2959 5072 ἐπ’
2990 5021 3309 5090 ἐκκλησίας,
3348 5024 3411 5074 οί’
3433 5023 3532 5092 μὲν
3561 5023 3711 5076 ἄλλοι
3741 5023 3869 5074 πάν-

2305 5128 2396 5172 τες
2418 5110 2650 5180 ἡσυχίαν
2688 5105 2824 5178 ἦγον
2853 5110 2988 5178 πρὸς
3022 5112 3113 5163 τὸν
3163 5113 3336 5180 μέγαν
3378 5113 3706 5181 δομέστικον
3738 5115 3886 5165 άποοι

2307 5201 2627 5262 ϐλέποντες,
2659 5202 2686 5253 ὃ
2733 5217 2785 5252 τι
2820 5202 2886 5254 ἂν
2936 5202 3288 5271 βουλεύσαιτο
3325 5206 3457 5273 περὶ
3489 5207 3602 5258 τῶν
3649 5222 3867 5275 προκει-

2309 5295 2508 5362 μένων.
2557 5291 2808 5371 Χοῦμνος
2840 5293 2896 5346 δὲ
2949 5296 3220 5365 Γεώργιος
3266 5297 3294 5349 6
3321 5298 3414 5350 ἐπὶ
3452 5298 3553 5367 τῆς
3596 5298 3867 5368 τραπέζης

1865 5426 2081 5487 Jacobi
2116 5428 2379 5490 Pontani
2423 5441 2611 5495 notas.

701 5553 810 5633 (Ψ)
855 5551 942 5633 ΕΞ,
966 5552 1024 5608 Do
1059 5553 1291 5633 9311103}
1313 5557 1388 5633 ξιςι
1418 5557 1662 5633 C_orinth.
1691 5572 1811 5633 ςθρ.
1839 5574 1958 5633 μιν.
1997 5557 2085 5611 ubi
2114 5557 2190 5633 ita
2292 5571 2383 5633 qut
2417 5572 2519 5615 tres
2545 5563 2746 5623 dicant,
2779 5573 2826 5617 et
2857 5527 3032 5618 artari
3053 5565 3360 5633 dijudicent.
3380 5563 3590 5629 Quodsi
3614 5562 3711 5615 alii
3733 5578 3863 5633 reve-

627 5621 821 5697 ἰαθῇ-υπ-
851 5641 863 5675 ;
904 5624 1184 5697 ῌροφῆται
1219 5627 1275 5678 δὲ
1307 5627 1400 5680 δύο
1432 5627 1464 5697 ἢ
1510 5631 1658 5696 τρεῖς
1699 5621 2053 5697 λαλείτωσαν,
2104 5629 2199 5679 καὶ

636 5693 684 5739 ot
713 5691 862 5766 ᾇλλοι
901 5691 1344 5766 διακρινέτωσαν.
1395 5691 1521 5766 Ἐάν
1548 5691 1616 5748 ’δὲ
1659 5696 1801 5764 άλλῳ
1839 5698 2200 5766 ἀποκαλυφθῇ

643 5759 956 5830 καθημένῳ,
987 5759 1266 5832 δ’πρῶτος
1297 5765 1503 5834 σιγάτω
1527 5779 1540 5794 ⁸
1579 5759 1855 5834 Prophéttt’
1885 5775 2061 5821 autem
2080 5759 2202 5833 duo,

2297 5631 2465 5685 latum
2494 5635 2650 5703 fuerit
2678 5635 2903 5697 sedenti,
2937 5631 3138 5701 primus
3170 5644 3364 5688 taceat.
3407 5636 3784 5690 Verumtamen
3814 5632 3868 5684 in

2302 5703 2571 5758 sententia
2609 5703 2894 5760 diversitas
2925 5704 3070 5760 nulla
3095 5714 3340 5774 apparet.
