  <div class='ocr_page' id='page_1' title='image "/cluster/home/n/w/nwhite01/storage/ocr_20150623/153/mdp.39015078384727/374.png"; bbox 0 0 4122 6296; ppageno 0'>
   <div class='ocr_carea' id='block_1_1' title="bbox 338 331 447 393">
    <p class='ocr_par' dir='ltr' id='par_1_1' title="bbox 338 331 447 393">
     <span class='ocr_line' id='line_1_1' title="bbox 338 331 447 393; baseline 0 -1"><span class='ocrx_word' id='word_1_1' title='bbox 338 331 447 393; x_wconf 76' lang='grc'><strong>713</strong></span> 
     </span>
    </p>
   </div>
   <div class='ocr_carea' id='block_1_2' title="bbox 1492 325 2466 391">
    <p class='ocr_par' dir='ltr' id='par_1_2' title="bbox 1492 325 2466 391">
     <span class='ocr_line' id='line_1_2' title="bbox 1492 325 2466 391; baseline -0.007 0"><span class='ocrx_word' id='word_1_2' title='bbox 1492 327 2040 391; x_wconf 70' lang='lat' dir='ltr'><strong>HISTORIARUM</strong></span> <span class='ocrx_word' id='word_1_3' title='bbox 2089 328 2317 387; x_wconf 72' lang='lat' dir='ltr'><strong>LIBER</strong></span> <span class='ocrx_word' id='word_1_4' title='bbox 2350 325 2466 387; x_wconf 88' lang='lat' dir='ltr'><strong>llI.</strong></span> 
     </span>
    </p>
   </div>
   <div class='ocr_carea' id='block_1_3' title="bbox 3490 323 3596 389">
    <p class='ocr_par' dir='ltr' id='par_1_3' title="bbox 3490 323 3596 389">
     <span class='ocr_line' id='line_1_3' title="bbox 3490 323 3596 389; baseline 0.019 -2"><span class='ocrx_word' id='word_1_5' title='bbox 3490 323 3596 389; x_wconf 70' lang='lat' dir='ltr'><strong>7M</strong></span> 
     </span>
    </p>
   </div>
   <div class='ocr_carea' id='block_1_4' title="bbox 335 433 1924 507">
    <p class='ocr_par' dir='ltr' id='par_1_4' title="bbox 335 435 1907 507">
     <span class='ocr_line' id='line_1_4' title="bbox 335 435 1907 507; baseline -0.006 -13"><span class='ocrx_word' id='word_1_6' title='bbox 335 439 567 507; x_wconf 77' lang='grc' dir='ltr'>ἀμαθῶς</span> <span class='ocrx_word' id='word_1_7' title='bbox 629 436 723 490; x_wconf 67' lang='grc' dir='ltr'><strong>καὶ</strong></span> <span class='ocrx_word' id='word_1_8' title='bbox 769 437 1011 504; x_wconf 79' lang='grc' dir='ltr'>θρασέως</span> <span class='ocrx_word' id='word_1_9' title='bbox 1071 446 1201 506; x_wconf 73' lang='grc' dir='ltr'>πρίν</span> <span class='ocrx_word' id='word_1_10' title='bbox 1257 451 1309 486; x_wconf 87' lang='grc' dir='ltr'><strong>τι</strong></span> <span class='ocrx_word' id='word_1_11' title='bbox 1357 435 1698 504; x_wconf 63' lang='grc' dir='ltr'>φθέγξασθαι</span> <span class='ocrx_word' id='word_1_12' title='bbox 1761 435 1907 496; x_wconf 70' lang='grc' dir='ltr'>τινὰ,</span> 
     </span>
    </p>
   </div>
   <div class='ocr_carea' id='block_1_5' title="bbox 2024 433 3597 507">
    <p class='ocr_par' dir='ltr' id='par_1_5' title="bbox 2024 433 3597 505">
     <span class='ocr_line' id='line_1_5' title="bbox 2024 433 3597 505; baseline 0.004 -20"><span class='ocrx_word' id='word_1_13' title='bbox 2024 433 2187 500; x_wconf 67' lang='lat' dir='ltr'><strong>{quod</strong></span> <span class='ocrx_word' id='word_1_14' title='bbox 2233 434 2460 487; x_wconf 91' lang='lat' dir='ltr'><strong>minime</strong></span> <span class='ocrx_word' id='word_1_15' title='bbox 2496 433 2750 503; x_wconf 76' lang='lat' dir='ltr'><strong>decebat)</strong></span> <span class='ocrx_word' id='word_1_16' title='bbox 2780 438 2954 505; x_wconf 86' lang='lat' dir='ltr'><strong>major</strong></span> <span class='ocrx_word' id='word_1_17' title='bbox 2980 448 3105 489; x_wconf 89' lang='lat' dir='ltr'><strong>eum</strong></span> <span class='ocrx_word' id='word_1_18' title='bbox 3139 435 3481 504; x_wconf 87' lang='lat' dir='ltr'><strong>perturbatio</strong></span> <span class='ocrx_word' id='word_1_19' title='bbox 3514 439 3597 491; x_wconf 86' lang='lat' dir='ltr'><strong>in-</strong></span> 
     </span>
    </p>
   </div>
   <div class='ocr_carea' id='block_1_6' title="bbox 332 524 1909 604">
    <p class='ocr_par' dir='ltr' id='par_1_6' title="bbox 332 524 1909 604">
     <span class='ocr_line' id='line_1_6' title="bbox 332 524 1909 604; baseline -0.008 -17"><span class='ocrx_word' id='word_1_20' title='bbox 332 533 678 604; x_wconf 77' lang='grc' dir='ltr'>Γέγραπται,</span> <span class='ocrx_word' id='word_1_21' title='bbox 740 524 912 591; x_wconf 74' lang='grc' dir='ltr'>εἷπεν,</span> <span class='ocrx_word' id='word_1_22' title='bbox 965 531 1062 583; x_wconf 84' lang='grc' dir='ltr'>ἐὰν</span> <span class='ocrx_word' id='word_1_23' title='bbox 1123 548 1203 598; x_wconf 83' lang='grc' dir='ltr'>τῳ</span> <span class='ocrx_word' id='word_1_24' title='bbox 1255 529 1470 598; x_wconf 82' lang='grc' dir='ltr'>ἐσχάτῳ</span> <span class='ocrx_word' id='word_1_25' title='bbox 1521 526 1909 595; x_wconf 75' lang='grc' dir='ltr'><strong>ἀποκαλυφθῇ,</strong></span> 
     </span>
    </p>
   </div>
   <div class='ocr_carea' id='block_1_7' title="bbox 339 616 1908 692">
    <p class='ocr_par' dir='ltr' id='par_1_7' title="bbox 339 616 1908 692">
     <span class='ocr_line' id='line_1_7' title="bbox 339 616 1908 692; baseline -0.007 -14"><span class='ocrx_word' id='word_1_26' title='bbox 339 626 551 692; x_wconf 75' lang='grc' dir='ltr'>σιγάτω</span> <span class='ocrx_word' id='word_1_27' title='bbox 595 625 622 675; x_wconf 86' lang='grc' dir='ltr'><strong>ό</strong></span> <span class='ocrx_word' id='word_1_28' title='bbox 672 620 909 691; x_wconf 88' lang='grc' dir='ltr'>πρῶτος.</span> <span class='ocrx_word' id='word_1_29' title='bbox 943 621 1043 673; x_wconf 74' lang='grc' dir='ltr'>Ἂν</span> <span class='ocrx_word' id='word_1_30' title='bbox 1089 616 1184 676; x_wconf 79' lang='grc' dir='ltr'>οὖν</span> <span class='ocrx_word' id='word_1_31' title='bbox 1217 624 1310 675; x_wconf 75' lang='grc' dir='ltr'><strong>καὶ</strong></span> <span class='ocrx_word' id='word_1_32' title='bbox 1341 621 1500 691; x_wconf 79' lang='grc' dir='ltr'>ἡμῶν</span> <span class='ocrx_word' id='word_1_33' title='bbox 1528 637 1637 671; x_wconf 81' lang='grc' dir='ltr'>τινι</span> <span class='ocrx_word' id='word_1_34' title='bbox 1670 619 1776 671; x_wconf 88' lang='grc' dir='ltr'><strong>τῶν</strong></span> <span class='ocrx_word' id='word_1_35' title='bbox 1823 617 1908 668; x_wconf 85' lang='grc' dir='ltr'>δο-</span> 
     </span>
    </p>
   </div>
   <div class='ocr_carea' id='block_1_8' title="bbox 340 701 1917 783">
    <p class='ocr_par' dir='ltr' id='par_1_8' title="bbox 340 701 1917 783">
     <span class='ocr_line' id='line_1_8' title="bbox 340 701 1917 783; baseline -0.008 -15"><span class='ocrx_word' id='word_1_36' title='bbox 340 714 586 768; x_wconf 86' lang='grc' dir='ltr'>κούντων</span> <span class='ocrx_word' id='word_1_37' title='bbox 641 714 887 782; x_wconf 78' lang='grc' dir='ltr'><strong>ἐσχάτων</strong></span> <span class='ocrx_word' id='word_1_38' title='bbox 935 707 1076 764; x_wconf 79' lang='grc' dir='ltr'>εἶναι</span> <span class='ocrx_word' id='word_1_39' title='bbox 1143 710 1352 783; x_wconf 86' lang='grc' dir='ltr'>βέλτιόν</span> <span class='ocrx_word' id='word_1_40' title='bbox 1398 726 1453 761; x_wconf 90' lang='grc' dir='ltr'><strong>τι</strong></span> <span class='ocrx_word' id='word_1_41' title='bbox 1492 712 1617 777; x_wconf 65' lang='grc' dir='ltr'>περὶ</span> <span class='ocrx_word' id='word_1_42' title='bbox 1671 701 1746 760; x_wconf 82' lang='grc' dir='ltr'>ὧν</span> <span class='ocrx_word' id='word_1_43' title='bbox 1797 705 1917 757; x_wconf 78' lang='grc' dir='ltr'>νυνὶ</span> 
     </span>
    </p>
   </div>
   <div class='ocr_carea' id='block_1_9' title="bbox 341 801 1921 878">
    <p class='ocr_par' dir='ltr' id='par_1_9' title="bbox 341 801 1921 878">
     <span class='ocr_line' id='line_1_9' title="bbox 341 801 1921 878; baseline -0.005 -17"><span class='ocrx_word' id='word_1_44' title='bbox 341 806 712 878; x_wconf 75' lang='grc' dir='ltr'><strong>βουλευόμεθα</strong></span> <span class='ocrx_word' id='word_1_45' title='bbox 748 805 925 857; x_wconf 78' lang='grc' dir='ltr'>εἰπεῖν</span> <span class='ocrx_word' id='word_1_46' title='bbox 957 803 1075 871; x_wconf 78' lang='grc' dir='ltr'>ἐξῇ,</span> <span class='ocrx_word' id='word_1_47' title='bbox 1123 803 1339 874; x_wconf 83' lang='grc' dir='ltr'><strong>ἀνάγκη</strong></span> <span class='ocrx_word' id='word_1_48' title='bbox 1375 803 1466 856; x_wconf 78' lang='grc' dir='ltr'>τὸν</span> <span class='ocrx_word' id='word_1_49' title='bbox 1509 803 1729 872; x_wconf 85' lang='grc' dir='ltr'>πρῶτον</span> <span class='ocrx_word' id='word_1_50' title='bbox 1759 801 1921 868; x_wconf 79' lang='grc' dir='ltr'>στέρ-</span> 
     </span>
    </p>
   </div>
   <div class='ocr_carea' id='block_1_10' title="bbox 341 894 1915 967">
    <p class='ocr_par' dir='ltr' id='par_1_10' title="bbox 341 894 1915 967">
     <span class='ocr_line' id='line_1_10' title="bbox 341 894 1915 967; baseline -0.005 -15"><span class='ocrx_word' id='word_1_51' title='bbox 341 917 483 965; x_wconf 83' lang='grc' dir='ltr'>γειν.</span> <span class='ocrx_word' id='word_1_52' title='bbox 520 896 834 967; x_wconf 76' lang='grc' dir='ltr'>Ἐταράχθη</span> <span class='ocrx_word' id='word_1_53' title='bbox 870 897 968 965; x_wconf 87' lang='grc' dir='ltr'><strong>μέν</strong></span> <span class='ocrx_word' id='word_1_54' title='bbox 999 896 1093 949; x_wconf 82' lang='grc' dir='ltr'><strong>οῦν</strong></span> <span class='ocrx_word' id='word_1_55' title='bbox 1127 894 1291 959; x_wconf 82' lang='grc' dir='ltr'>εὐθὺς</span> <span class='ocrx_word' id='word_1_56' title='bbox 1316 896 1344 947; x_wconf 86' lang='grc' dir='ltr'>ὀ</span> <span class='ocrx_word' id='word_1_57' title='bbox 1377 897 1549 966; x_wconf 82' lang='grc' dir='ltr'><strong>μέγας</strong></span> <span class='ocrx_word' id='word_1_58' title='bbox 1595 895 1915 965; x_wconf 79' lang='grc' dir='ltr'>δομὲστῑκος</span> 
     </span>
    </p>
   </div>
   <div class='ocr_carea' id='block_1_11' title="bbox 341 983 1914 1058">
    <p class='ocr_par' dir='ltr' id='par_1_11' title="bbox 341 983 1914 1058">
     <span class='ocr_line' id='line_1_11' title="bbox 341 983 1914 1058; baseline -0.004 -16"><span class='ocrx_word' id='word_1_59' title='bbox 341 989 440 1042; x_wconf 74' lang='grc' dir='ltr'>ἐπὶ</span> <span class='ocrx_word' id='word_1_60' title='bbox 469 989 548 1058; x_wconf 82' lang='grc' dir='ltr'>τῷ</span> <span class='ocrx_word' id='word_1_61' title='bbox 577 988 723 1058; x_wconf 84' lang='grc' dir='ltr'>λόγῳ</span> <span class='ocrx_word' id='word_1_62' title='bbox 753 988 889 1055; x_wconf 80' lang='grc' dir='ltr'>πρὸς</span> <span class='ocrx_word' id='word_1_63' title='bbox 917 988 1017 1055; x_wconf 84' lang='grc' dir='ltr'><strong>τὴν</strong></span> <span class='ocrx_word' id='word_1_64' title='bbox 1044 990 1361 1057; x_wconf 79' lang='grc' dir='ltr'>θρασύτητα</span> <span class='ocrx_word' id='word_1_65' title='bbox 1393 989 1484 1042; x_wconf 77' lang='grc' dir='ltr'><strong>καὶ</strong></span> <span class='ocrx_word' id='word_1_66' title='bbox 1514 987 1793 1041; x_wconf 81' lang='grc' dir='ltr'>ἀναίδειαν</span> <span class='ocrx_word' id='word_1_67' title='bbox 1820 983 1914 1037; x_wconf 89' lang='grc' dir='ltr'><strong>τοῦ</strong></span> 
     </span>
    </p>
   </div>
   <div class='ocr_carea' id='block_1_12' title="bbox 345 1076 1915 1150">
    <p class='ocr_par' dir='ltr' id='par_1_12' title="bbox 345 1076 1915 1150">
     <span class='ocr_line' id='line_1_12' title="bbox 345 1076 1915 1150; baseline -0.003 -17"><span class='ocrx_word' id='word_1_68' title='bbox 345 1078 537 1150; x_wconf 76' lang='grc' dir='ltr'>ἀνδρὸς</span> <span class='ocrx_word' id='word_1_69' title='bbox 569 1079 897 1147; x_wconf 74' lang='grc' dir='ltr'><strong>ἀγανακτῶν</strong></span> <span class='ocrx_word' id='word_1_70' title='bbox 922 1095 935 1109; x_wconf 77' lang='grc' dir='ltr'><strong>ο</strong></span> <span class='ocrx_word' id='word_1_71' title='bbox 972 1079 1221 1149; x_wconf 81' lang='grc' dir='ltr'>οἰόμενος</span> <span class='ocrx_word' id='word_1_72' title='bbox 1252 1080 1308 1132; x_wconf 84' lang='grc' dir='ltr'>δὲ</span> <span class='ocrx_word' id='word_1_73' title='bbox 1340 1079 1438 1150; x_wconf 79' lang='grc' dir='ltr'><strong>τὴν</strong></span> <span class='ocrx_word' id='word_1_74' title='bbox 1467 1077 1717 1148; x_wconf 75' lang='grc' dir='ltr'><strong>βασιλίδα</strong></span> <span class='ocrx_word' id='word_1_75' title='bbox 1824 1078 1915 1128; x_wconf 72' lang='grc' dir='ltr'><strong>τὸν</strong></span> 
     </span>
    </p>
   </div>
   <div class='ocr_carea' id='block_1_13' title="bbox 348 1164 1917 1241">
    <p class='ocr_par' dir='ltr' id='par_1_13' title="bbox 348 1164 1917 1241">
     <span class='ocr_line' id='line_1_13' title="bbox 348 1164 1917 1241; baseline -0.003 -18"><span class='ocrx_word' id='word_1_76' title='bbox 348 1169 725 1240; x_wconf 81' lang='grc' dir='ltr'>πστριάρχην,</span> <span class='ocrx_word' id='word_1_77' title='bbox 751 1164 912 1233; x_wconf 72' lang='grc' dir='ltr'>οὗτος</span> <span class='ocrx_word' id='word_1_78' title='bbox 941 1171 1049 1240; x_wconf 88' lang='grc' dir='ltr'><strong>γάρ</strong></span> <span class='ocrx_word' id='word_1_79' title='bbox 1085 1171 1184 1241; x_wconf 77' lang='grc' dir='ltr'><strong>ήδη</strong></span> <span class='ocrx_word' id='word_1_80' title='bbox 1233 1172 1536 1241; x_wconf 82' lang='grc' dir='ltr'>προϊστατο</span> <span class='ocrx_word' id='word_1_81' title='bbox 1583 1171 1684 1236; x_wconf 78' lang='grc' dir='ltr'>τῆς</span> <span class='ocrx_word' id='word_1_82' title='bbox 1723 1167 1917 1239; x_wconf 85' lang='grc' dir='ltr'>βουλῆς</span> 
     </span>
    </p>
   </div>
   <div class='ocr_carea' id='block_1_14' title="bbox 349 1260 1918 1333">
    <p class='ocr_par' dir='ltr' id='par_1_14' title="bbox 349 1260 1918 1333">
     <span class='ocr_line' id='line_1_14' title="bbox 349 1260 1918 1333; baseline -0.003 -17"><span class='ocrx_word' id='word_1_83' title='bbox 349 1263 485 1333; x_wconf 74' lang='grc' dir='ltr'>πρὸς</span> <span class='ocrx_word' id='word_1_84' title='bbox 519 1262 689 1332; x_wconf 77' lang='grc' dir='ltr'>ὀργὴν</span> <span class='ocrx_word' id='word_1_85' title='bbox 732 1263 823 1315; x_wconf 78' lang='grc' dir='ltr'>τὸν</span> <span class='ocrx_word' id='word_1_86' title='bbox 853 1263 1104 1333; x_wconf 80' lang='grc' dir='ltr'>Χοῦμνον</span> <span class='ocrx_word' id='word_1_87' title='bbox 1152 1263 1450 1316; x_wconf 86' lang='grc' dir='ltr'>ἀπελάσειν</span> <span class='ocrx_word' id='word_1_88' title='bbox 1491 1260 1587 1316; x_wconf 88' lang='grc' dir='ltr'><strong>τοῦ</strong></span> <span class='ocrx_word' id='word_1_89' title='bbox 1622 1260 1918 1331; x_wconf 81' lang='grc' dir='ltr'>βουλευτη-</span> 
     </span>
    </p>
   </div>
   <div class='ocr_carea' id='block_1_15' title="bbox 348 1350 1916 1425">
    <p class='ocr_par' dir='ltr' id='par_1_15' title="bbox 348 1350 1916 1425">
     <span class='ocr_line' id='line_1_15' title="bbox 348 1350 1916 1425; baseline -0.003 -18"><span class='ocrx_word' id='word_1_90' title='bbox 348 1355 491 1423; x_wconf 88' lang='grc' dir='ltr'>ρίου,</span> <span class='ocrx_word' id='word_1_91' title='bbox 522 1354 554 1424; x_wconf 76' lang='grc' dir='ltr'>ἢ</span> <span class='ocrx_word' id='word_1_92' title='bbox 587 1355 767 1421; x_wconf 87' lang='grc' dir='ltr'>λόγοις</span> <span class='ocrx_word' id='word_1_93' title='bbox 794 1352 1120 1423; x_wconf 75' lang='grc' dir='ltr'><strong>ἐπιπλήξειν</strong></span> <span class='ocrx_word' id='word_1_94' title='bbox 1136 1354 1234 1423; x_wconf 77' lang='grc' dir='ltr'><strong>τῆς</strong></span> <span class='ocrx_word' id='word_1_95' title='bbox 1251 1353 1484 1425; x_wconf 80' lang='grc' dir='ltr'><strong>ἀκαίρου</strong></span> <span class='ocrx_word' id='word_1_96' title='bbox 1513 1350 1916 1420; x_wconf 86' lang='grc' dir='ltr'>γλωσσαλγίας,</span> 
     </span>
    </p>
   </div>
   <div class='ocr_carea' id='block_1_16' title="bbox 345 1440 1918 1515">
    <p class='ocr_par' dir='ltr' id='par_1_16' title="bbox 345 1440 1918 1515">
     <span class='ocr_line' id='line_1_16' title="bbox 345 1440 1918 1515; baseline -0.001 -20"><span class='ocrx_word' id='word_1_97' title='bbox 345 1444 545 1515; x_wconf 65' lang='grc' dir='ltr'>ἤνεγκε</span> <span class='ocrx_word' id='word_1_98' title='bbox 583 1446 748 1515; x_wconf 77' lang='grc' dir='ltr'>σιγῇ·</span> <span class='ocrx_word' id='word_1_99' title='bbox 781 1444 856 1506; x_wconf 85' lang='grc' dir='ltr'><strong>ὡς</strong></span> <span class='ocrx_word' id='word_1_100' title='bbox 883 1444 955 1496; x_wconf 64' lang='grc' dir='ltr'><strong>δέΔ</strong></span> <span class='ocrx_word' id='word_1_101' title='bbox 981 1446 1116 1513; x_wconf 73' lang='grc' dir='ltr'>μήτε</span> <span class='ocrx_word' id='word_1_102' title='bbox 1146 1445 1278 1515; x_wconf 84' lang='grc' dir='ltr'>παρ’</span> <span class='ocrx_word' id='word_1_103' title='bbox 1309 1445 1535 1498; x_wconf 78' lang='grc' dir='ltr'>ἐκείνων</span> <span class='ocrx_word' id='word_1_104' title='bbox 1562 1443 1781 1506; x_wconf 78' lang='grc' dir='ltr'><strong>ἐλέγετο</strong></span> <span class='ocrx_word' id='word_1_105' title='bbox 1809 1440 1918 1494; x_wconf 86' lang='grc' dir='ltr'><strong>τῶν</strong></span> 
     </span>
    </p>
   </div>
   <div class='ocr_carea' id='block_1_17' title="bbox 342 1530 1920 1600">
    <p class='ocr_par' dir='ltr' id='par_1_17' title="bbox 342 1530 1920 1600">
     <span class='ocr_line' id='line_1_17' title="bbox 342 1530 1920 1600; baseline -0.001 -17"><span class='ocrx_word' id='word_1_106' title='bbox 342 1530 578 1583; x_wconf 83' lang='grc' dir='ltr'>δεόντων</span> <span class='ocrx_word' id='word_1_107' title='bbox 631 1548 724 1596; x_wconf 92' lang='grc' dir='ltr'><strong>τι,</strong></span> <span class='ocrx_word' id='word_1_108' title='bbox 776 1531 857 1584; x_wconf 79' lang='grc' dir='ltr'>ἔτι</span> <span class='ocrx_word' id='word_1_109' title='bbox 924 1531 1128 1600; x_wconf 83' lang='grc' dir='ltr'>μᾶλλον</span> <span class='ocrx_word' id='word_1_110' title='bbox 1188 1532 1559 1600; x_wconf 74' lang='grc' dir='ltr'>ἐταράττετοο</span> <span class='ocrx_word' id='word_1_111' title='bbox 1619 1531 1920 1600; x_wconf 77' lang='grc' dir='ltr'>τεκμήριον</span> 
     </span>
    </p>
   </div>
   <div class='ocr_carea' id='block_1_18' title="bbox 274 1621 1919 1695">
    <p class='ocr_par' dir='ltr' id='par_1_18' title="bbox 274 1621 1919 1695">
     <span class='ocr_line' id='line_1_18' title="bbox 274 1621 1919 1695; baseline 0.001 -23"><span class='ocrx_word' id='word_1_112' title='bbox 274 1688 283 1693; x_wconf 86' lang='lat'><em>_</em></span> <span class='ocrx_word' id='word_1_113' title='bbox 344 1623 577 1691; x_wconf 79' lang='grc' dir='ltr'>ἐναργὲς</span> <span class='ocrx_word' id='word_1_114' title='bbox 600 1623 828 1690; x_wconf 80' lang='grc' dir='ltr'><strong>ἀταξίας</strong></span> <span class='ocrx_word' id='word_1_115' title='bbox 855 1625 949 1677; x_wconf 80' lang='grc' dir='ltr'><strong>καὶ</strong></span> <span class='ocrx_word' id='word_1_116' title='bbox 1000 1625 1270 1695; x_wconf 76' lang='grc' dir='ltr'>ἀναρχίας</span> <span class='ocrx_word' id='word_1_117' title='bbox 1301 1625 1588 1695; x_wconf 79' lang='grc' dir='ltr'><strong>τιθέμενος</strong></span> <span class='ocrx_word' id='word_1_118' title='bbox 1620 1621 1712 1675; x_wconf 79' lang='grc' dir='ltr'>τὸν</span> <span class='ocrx_word' id='word_1_119' title='bbox 1760 1621 1919 1691; x_wconf 76' lang='grc' dir='ltr'>λόγον</span> 
     </span>
    </p>
   </div>
   <div class='ocr_carea' id='block_1_19' title="bbox 343 1714 1994 1792">
    <p class='ocr_par' dir='ltr' id='par_1_19' title="bbox 343 1714 1994 1792">
     <span class='ocr_line' id='line_1_19' title="bbox 343 1714 1994 1792; baseline -0.001 -26"><span class='ocrx_word' id='word_1_120' title='bbox 343 1715 393 1766; x_wconf 87' lang='grc' dir='ltr'>εἱ</span> <span class='ocrx_word' id='word_1_121' title='bbox 445 1717 607 1768; x_wconf 74' lang='grc' dir='ltr'>πᾶσιν</span> <span class='ocrx_word' id='word_1_122' title='bbox 642 1715 859 1780; x_wconf 78' lang='grc' dir='ltr'>ἐξέσται</span> <span class='ocrx_word' id='word_1_123' title='bbox 905 1718 1020 1778; x_wconf 81' lang='grc' dir='ltr'>τοῖς</span> <span class='ocrx_word' id='word_1_124' title='bbox 1055 1716 1265 1787; x_wconf 77' lang='grc' dir='ltr'>μείζοσι</span> <span class='ocrx_word' id='word_1_125' title='bbox 1309 1715 1676 1787; x_wconf 78' lang='grc' dir='ltr'>προσκρούειν</span> <span class='ocrx_word' id='word_1_126' title='bbox 1725 1714 1916 1776; x_wconf 83' lang='grc' dir='ltr'>ἀδεῶς.</span> <span class='ocrx_word' id='word_1_127' title='bbox 1953 1737 1994 1792; x_wconf 74' lang='grc' dir='ltr'><strong>Β</strong></span> 
     </span>
    </p>
   </div>
   <div class='ocr_carea' id='block_1_20' title="bbox 316 1800 1914 1875">
    <p class='ocr_par' dir='ltr' id='par_1_20' title="bbox 316 1800 1914 1875">
     <span class='ocr_line' id='line_1_20' title="bbox 316 1800 1914 1875; baseline 0.003 -23"><span class='ocrx_word' id='word_1_128' title='bbox 316 1800 618 1873; x_wconf 54' lang='grc' dir='ltr'>⁷Τορνίκης</span> <span class='ocrx_word' id='word_1_129' title='bbox 648 1803 706 1856; x_wconf 64' lang='grc' dir='ltr'>δὲ</span> <span class='ocrx_word' id='word_1_130' title='bbox 740 1805 1055 1875; x_wconf 79' lang='grc' dir='ltr'>Δημήτριος</span> <span class='ocrx_word' id='word_1_131' title='bbox 1093 1806 1192 1858; x_wconf 82' lang='grc' dir='ltr'>οὐκ</span> <span class='ocrx_word' id='word_1_132' title='bbox 1230 1805 1471 1870; x_wconf 82' lang='grc' dir='ltr'>ἐνεγκὼν</span> <span class='ocrx_word' id='word_1_133' title='bbox 1503 1805 1603 1874; x_wconf 81' lang='grc' dir='ltr'><strong>τὴν</strong></span> <span class='ocrx_word' id='word_1_134' title='bbox 1658 1804 1914 1857; x_wconf 81' lang='grc' dir='ltr'>ἀτοπίαν.</span> 
     </span>
    </p>
   </div>
   <div class='ocr_carea' id='block_1_21' title="bbox 343 1884 1919 1961">
    <p class='ocr_par' dir='ltr' id='par_1_21' title="bbox 343 1884 1919 1961">
     <span class='ocr_line' id='line_1_21' title="bbox 343 1884 1919 1961; baseline 0.001 -21"><span class='ocrx_word' id='word_1_135' title='bbox 343 1889 412 1940; x_wconf 81' lang='grc' dir='ltr'>Τί</span> <span class='ocrx_word' id='word_1_136' title='bbox 450 1884 566 1950; x_wconf 84' lang='grc' dir='ltr'>οῦν,</span> <span class='ocrx_word' id='word_1_137' title='bbox 597 1886 742 1951; x_wconf 77' lang='grc' dir='ltr'>εἷπε,</span> <span class='ocrx_word' id='word_1_138' title='bbox 766 1890 1147 1961; x_wconf 81' lang='grc' dir='ltr'>δημοκρατίαν</span> <span class='ocrx_word' id='word_1_139' title='bbox 1178 1890 1283 1959; x_wconf 81' lang='grc' dir='ltr'>χρὴ</span> <span class='ocrx_word' id='word_1_140' title='bbox 1309 1892 1485 1943; x_wconf 85' lang='grc' dir='ltr'>ποιεῖν</span> <span class='ocrx_word' id='word_1_141' title='bbox 1511 1889 1919 1959; x_wconf 78' lang='grc' dir='ltr'>τὴνῬωμαίων</span> 
     </span>
    </p>
   </div>
   <div class='ocr_carea' id='block_1_22' title="bbox 350 1979 1919 2051">
    <p class='ocr_par' dir='ltr' id='par_1_22' title="bbox 350 1979 1919 2051">
     <span class='ocr_line' id='line_1_22' title="bbox 350 1979 1919 2051; baseline 0 -18"><span class='ocrx_word' id='word_1_142' title='bbox 350 1979 660 2050; x_wconf 84' lang='grc' dir='ltr'>βασιλείαν,</span> <span class='ocrx_word' id='word_1_143' title='bbox 701 1980 770 2033; x_wconf 77' lang='grc' dir='ltr'><strong>ἶν’</strong></span> <span class='ocrx_word' id='word_1_144' title='bbox 798 1980 892 2051; x_wconf 80' lang='grc' dir='ltr'>ἐξῇ</span> <span class='ocrx_word' id='word_1_145' title='bbox 934 1984 1096 2035; x_wconf 84' lang='grc' dir='ltr'>παντὶ</span> <span class='ocrx_word' id='word_1_146' title='bbox 1127 1981 1204 2051; x_wconf 83' lang='grc' dir='ltr'>τῷ</span> <span class='ocrx_word' id='word_1_147' title='bbox 1235 1981 1590 2051; x_wconf 80' lang='grc' dir='ltr'>βουλεύεσθαι</span> <span class='ocrx_word' id='word_1_148' title='bbox 1624 1983 1720 2034; x_wconf 62' lang='grc' dir='ltr'><strong>καλ⁸</strong></span> <span class='ocrx_word' id='word_1_149' title='bbox 1735 1982 1919 2048; x_wconf 82' lang='grc' dir='ltr'>λέγειν</span> 
     </span>
    </p>
   </div>
   <div class='ocr_carea' id='block_1_23' title="bbox 344 2071 1919 2144">
    <p class='ocr_par' dir='ltr' id='par_1_23' title="bbox 344 2071 1919 2144">
     <span class='ocr_line' id='line_1_23' title="bbox 344 2071 1919 2144; baseline 0.001 -21"><span class='ocrx_word' id='word_1_150' title='bbox 344 2072 485 2125; x_wconf 77' lang='grc' dir='ltr'>ἄττα</span> <span class='ocrx_word' id='word_1_151' title='bbox 538 2072 604 2126; x_wconf 86' lang='grc' dir='ltr'><strong>ἂν</strong></span> <span class='ocrx_word' id='word_1_152' title='bbox 657 2073 787 2144; x_wconf 81' lang='grc' dir='ltr'>δοκῇ</span> <span class='ocrx_word' id='word_1_153' title='bbox 838 2073 934 2126; x_wconf 80' lang='grc' dir='ltr'>καὶ</span> <span class='ocrx_word' id='word_1_154' title='bbox 978 2075 1108 2143; x_wconf 65' lang='grc' dir='ltr'>περὶ</span> <span class='ocrx_word' id='word_1_155' title='bbox 1155 2073 1423 2142; x_wconf 83' lang='grc' dir='ltr'>μειζόνων</span> <span class='ocrx_word' id='word_1_156' title='bbox 1471 2073 1564 2126; x_wconf 74' lang='grc' dir='ltr'><strong>καὶ</strong></span> <span class='ocrx_word' id='word_1_157' title='bbox 1619 2071 1919 2126; x_wconf 75' lang='grc' dir='ltr'>ἐλαττόνων</span> 
     </span>
    </p>
   </div>
   <div class='ocr_carea' id='block_1_24' title="bbox 345 2163 1920 2237">
    <p class='ocr_par' dir='ltr' id='par_1_24' title="bbox 345 2163 1920 2237">
     <span class='ocr_line' id='line_1_24' title="bbox 345 2163 1920 2237; baseline 0.002 -23"><span class='ocrx_word' id='word_1_158' title='bbox 345 2163 716 2231; x_wconf 83' lang='grc' dir='ltr'>πραγμάτων,</span> <span class='ocrx_word' id='word_1_159' title='bbox 751 2167 848 2218; x_wconf 69' lang='grc' dir='ltr'>καὶ</span> <span class='ocrx_word' id='word_1_160' title='bbox 879 2166 1130 2235; x_wconf 87' lang='grc' dir='ltr'>ἀνάγκην</span> <span class='ocrx_word' id='word_1_161' title='bbox 1160 2164 1515 2237; x_wconf 79' lang='grc' dir='ltr'>προστιθέναι</span> <span class='ocrx_word' id='word_1_162' title='bbox 1544 2168 1656 2229; x_wconf 78' lang='grc' dir='ltr'>τοῖς</span> <span class='ocrx_word' id='word_1_163' title='bbox 1687 2164 1920 2234; x_wconf 79' lang='grc' dir='ltr'>βελτίοσι</span> 
     </span>
    </p>
   </div>
   <div class='ocr_carea' id='block_1_25' title="bbox 344 2255 1921 2328">
    <p class='ocr_par' dir='ltr' id='par_1_25' title="bbox 344 2255 1921 2328">
     <span class='ocr_line' id='line_1_25' title="bbox 344 2255 1921 2328; baseline 0.001 -20"><span class='ocrx_word' id='word_1_164' title='bbox 344 2255 595 2326; x_wconf 79' lang='grc' dir='ltr'>στέργειν</span> <span class='ocrx_word' id='word_1_165' title='bbox 652 2255 719 2309; x_wconf 89' lang='grc' dir='ltr'><strong>τά</strong></span> <span class='ocrx_word' id='word_1_166' title='bbox 768 2256 1152 2328; x_wconf 75' lang='grc' dir='ltr'>ἐψηφισμένας</span> <span class='ocrx_word' id='word_1_167' title='bbox 1208 2259 1305 2310; x_wconf 62' lang='grc' dir='ltr'><strong>καὶ⁵</strong></span> <span class='ocrx_word' id='word_1_168' title='bbox 1358 2258 1518 2310; x_wconf 86' lang='grc' dir='ltr'>ποίαν</span> <span class='ocrx_word' id='word_1_169' title='bbox 1580 2257 1814 2320; x_wconf 84' lang='grc' dir='ltr'>ἀτοπίας</span> <span class='ocrx_word' id='word_1_170' title='bbox 1855 2255 1921 2309; x_wconf 84' lang='grc' dir='ltr'><strong>ἂν</strong></span> 
     </span>
    </p>
   </div>
   <div class='ocr_carea' id='block_1_26' title="bbox 345 2348 1922 2421">
    <p class='ocr_par' dir='ltr' id='par_1_26' title="bbox 345 2348 1922 2421">
     <span class='ocr_line' id='line_1_26' title="bbox 345 2348 1922 2421; baseline 0.001 -21"><span class='ocrx_word' id='word_1_171' title='bbox 345 2348 662 2419; x_wconf 76' lang='grc' dir='ltr'>ὑπερϐολὴν</span> <span class='ocrx_word' id='word_1_172' title='bbox 691 2348 900 2403; x_wconf 77' lang='grc' dir='ltr'>ἐλλίποι</span> <span class='ocrx_word' id='word_1_173' title='bbox 934 2348 993 2402; x_wconf 77' lang='grc' dir='ltr'>τὸ</span> <span class='ocrx_word' id='word_1_174' title='bbox 1024 2349 1266 2404; x_wconf 90' lang='grc' dir='ltr'>τοιοῦτον</span> <span class='ocrx_word' id='word_1_175' title='bbox 1296 2366 1309 2379; x_wconf 71' lang='grc' dir='ltr'><strong>ο</strong></span> <span class='ocrx_word' id='word_1_176' title='bbox 1345 2349 1699 2421; x_wconf 82' lang='grc' dir='ltr'>ὡρμημένων</span> <span class='ocrx_word' id='word_1_177' title='bbox 1734 2367 1792 2402; x_wconf 89' lang='grc' dir='ltr'><strong>τε</strong></span> <span class='ocrx_word' id='word_1_178' title='bbox 1819 2349 1922 2420; x_wconf 80' lang='grc' dir='ltr'><strong>ήδη</strong></span> 
     </span>
    </p>
   </div>
   <div class='ocr_carea' id='block_1_27' title="bbox 346 2441 1921 2513">
    <p class='ocr_par' dir='ltr' id='par_1_27' title="bbox 346 2441 1921 2513">
     <span class='ocr_line' id='line_1_27' title="bbox 346 2441 1921 2513; baseline 0.001 -21"><span class='ocrx_word' id='word_1_179' title='bbox 346 2441 614 2509; x_wconf 76' lang='grc' dir='ltr'>περὶτῶν</span> <span class='ocrx_word' id='word_1_180' title='bbox 646 2441 912 2494; x_wconf 76' lang='grc' dir='ltr'>τοιούτων</span> <span class='ocrx_word' id='word_1_181' title='bbox 951 2441 1203 2513; x_wconf 82' lang='grc' dir='ltr'>ἀλλήλοις</span> <span class='ocrx_word' id='word_1_182' title='bbox 1235 2443 1562 2510; x_wconf 83' lang='grc' dir='ltr'>ἀντιλέγειν,</span> <span class='ocrx_word' id='word_1_183' title='bbox 1612 2443 1844 2511; x_wconf 82' lang='grc' dir='ltr'>ἐπέσχεν</span> <span class='ocrx_word' id='word_1_184' title='bbox 1887 2442 1921 2510; x_wconf 84' lang='grc' dir='ltr'><strong>ή</strong></span> 
     </span>
    </p>
   </div>
   <div class='ocr_carea' id='block_1_28' title="bbox 348 2534 1923 2607">
    <p class='ocr_par' dir='ltr' id='par_1_28' title="bbox 348 2534 1923 2607">
     <span class='ocr_line' id='line_1_28' title="bbox 348 2534 1923 2607; baseline -0.001 -20"><span class='ocrx_word' id='word_1_185' title='bbox 348 2534 588 2605; x_wconf 75' lang='grc' dir='ltr'>βασιλὶς,</span> <span class='ocrx_word' id='word_1_186' title='bbox 613 2534 723 2589; x_wconf 88' lang='grc' dir='ltr'><strong>τῶν</strong></span> <span class='ocrx_word' id='word_1_187' title='bbox 761 2535 1008 2604; x_wconf 82' lang='grc' dir='ltr'>ἀκαίρων</span> <span class='ocrx_word' id='word_1_188' title='bbox 1037 2536 1377 2607; x_wconf 76' lang='grc' dir='ltr'>ἀποσχέσθαι</span> <span class='ocrx_word' id='word_1_189' title='bbox 1416 2535 1714 2588; x_wconf 77' lang='grc' dir='ltr'>κελεύουσα</span> <span class='ocrx_word' id='word_1_190' title='bbox 1748 2534 1923 2601; x_wconf 83' lang='grc' dir='ltr'>λόγων</span> 
     </span>
    </p>
   </div>
   <div class='ocr_carea' id='block_1_29' title="bbox 345 2613 1924 2710">
    <p class='ocr_par' dir='ltr' id='par_1_29' title="bbox 345 2613 1924 2710">
     <span class='ocr_line' id='line_1_29' title="bbox 345 2613 1924 2710; baseline -0.002 -28"><span class='ocrx_word' id='word_1_191' title='bbox 345 2629 576 2682; x_wconf 67' lang='grc' dir='ltr'>τουτωνὶ</span> <span class='ocrx_word' id='word_1_192' title='bbox 604 2613 717 2682; x_wconf 56' lang='grc' dir='ltr'>καῖ’</span> <span class='ocrx_word' id='word_1_193' title='bbox 735 2630 1058 2695; x_wconf 84' lang='grc' dir='ltr'>ἀναγκαίων</span> <span class='ocrx_word' id='word_1_194' title='bbox 1093 2631 1222 2699; x_wconf 89' lang='grc' dir='ltr'>πέρι</span> <span class='ocrx_word' id='word_1_195' title='bbox 1250 2620 1624 2710; x_wconf 56' lang='grc' dir='ltr'>διαλέγεσθαι,</span> <span class='ocrx_word' id='word_1_196' title='bbox 1652 2628 1714 2679; x_wconf 84' lang='grc'><strong>’0</strong></span> <span class='ocrx_word' id='word_1_197' title='bbox 1750 2627 1924 2698; x_wconf 86' lang='grc' dir='ltr'>μέγας</span> 
     </span>
    </p>
   </div>
   <div class='ocr_carea' id='block_1_30' title="bbox 346 2717 1924 2789">
    <p class='ocr_par' dir='ltr' id='par_1_30' title="bbox 346 2717 1924 2789">
     <span class='ocr_line' id='line_1_30' title="bbox 346 2717 1924 2789; baseline -0.002 -17"><span class='ocrx_word' id='word_1_198' title='bbox 346 2718 407 2772; x_wconf 80' lang='grc' dir='ltr'><strong>δέ</strong></span> <span class='ocrx_word' id='word_1_199' title='bbox 436 2718 757 2786; x_wconf 86' lang='grc' dir='ltr'>δομέστικος</span> <span class='ocrx_word' id='word_1_200' title='bbox 789 2719 1238 2789; x_wconf 78' lang='grc' dir='ltr'>ὑποκρινάμενος</span> <span class='ocrx_word' id='word_1_201' title='bbox 1266 2719 1358 2772; x_wconf 82' lang='grc' dir='ltr'><strong>τὸν</strong></span> <span class='ocrx_word' id='word_1_202' title='bbox 1390 2719 1663 2789; x_wconf 82' lang='grc' dir='ltr'>στόμαχον</span> <span class='ocrx_word' id='word_1_203' title='bbox 1712 2717 1924 2785; x_wconf 86' lang='grc' dir='ltr'>ἀλγεῖν,</span> 
     </span>
    </p>
   </div>
   <div class='ocr_carea' id='block_1_31' title="bbox 349 2806 1926 2882">
    <p class='ocr_par' dir='ltr' id='par_1_31' title="bbox 349 2806 1926 2882">
     <span class='ocr_line' id='line_1_31' title="bbox 349 2806 1926 2882; baseline 0 -19"><span class='ocrx_word' id='word_1_204' title='bbox 349 2811 583 2865; x_wconf 77' lang='grc' dir='ltr'>ἔπλαττε</span> <span class='ocrx_word' id='word_1_205' title='bbox 615 2812 736 2865; x_wconf 86' lang='grc' dir='ltr'>τότε</span> <span class='ocrx_word' id='word_1_206' title='bbox 767 2810 1100 2882; x_wconf 82' lang='grc' dir='ltr'>στρέφεσθαι</span> <span class='ocrx_word' id='word_1_207' title='bbox 1144 2813 1212 2865; x_wconf 90' lang='grc' dir='ltr'><strong>τά</strong></span> <span class='ocrx_word' id='word_1_208' title='bbox 1252 2806 1425 2877; x_wconf 72' lang='grc' dir='ltr'>ἔνδον,</span> <span class='ocrx_word' id='word_1_209' title='bbox 1452 2812 1549 2865; x_wconf 70' lang='grc' dir='ltr'><strong>καὶ</strong></span> <span class='ocrx_word' id='word_1_210' title='bbox 1585 2808 1798 2863; x_wconf 78' lang='grc' dir='ltr'>ἐσιώπα</span> <span class='ocrx_word' id='word_1_211' title='bbox 1849 2810 1926 2871; x_wconf 84' lang='grc' dir='ltr'>ὡς</span> 
     </span>
    </p>
   </div>
   <div class='ocr_carea' id='block_1_32' title="bbox 364 2897 1924 2972">
    <p class='ocr_par' dir='ltr' id='par_1_32' title="bbox 364 2897 1924 2972">
     <span class='ocr_line' id='line_1_32' title="bbox 364 2897 1924 2972; baseline -0.003 -18"><span class='ocrx_word' id='word_1_212' title='bbox 364 2901 498 2971; x_wconf 75' lang='grc' dir='ltr'>μηδὲ</span> <span class='ocrx_word' id='word_1_213' title='bbox 534 2901 867 2972; x_wconf 82' lang='grc' dir='ltr'>φθέγγεσθαι</span> <span class='ocrx_word' id='word_1_214' title='bbox 893 2900 1191 2970; x_wconf 85' lang='grc' dir='ltr'>δυνάμενος</span> <span class='ocrx_word' id='word_1_215' title='bbox 1215 2900 1319 2954; x_wconf 79' lang='grc' dir='ltr'>ὑπὸ</span> <span class='ocrx_word' id='word_1_216' title='bbox 1346 2900 1444 2971; x_wconf 84' lang='grc' dir='ltr'>τῆς</span> <span class='ocrx_word' id='word_1_217' title='bbox 1472 2897 1765 2970; x_wconf 76' lang='grc' dir='ltr'>ἀλγηδόνος</span> <span class='ocrx_word' id='word_1_218' title='bbox 1815 2911 1831 2926; x_wconf 72' lang='grc'><strong>⁸</strong></span> <span class='ocrx_word' id='word_1_219' title='bbox 1875 2899 1924 2950; x_wconf 71' lang='lat' dir='ltr'><strong>oi</strong></span> 
     </span>
    </p>
   </div>
   <div class='ocr_carea' id='block_1_33' title="bbox 349 2991 1926 3063">
    <p class='ocr_par' dir='ltr' id='par_1_33' title="bbox 349 2991 1926 3063">
     <span class='ocr_line' id='line_1_33' title="bbox 349 2991 1926 3063; baseline -0.001 -19"><span class='ocrx_word' id='word_1_220' title='bbox 349 2994 430 3054; x_wconf 72' lang='grc' dir='ltr'>δὲ,</span> <span class='ocrx_word' id='word_1_221' title='bbox 459 2993 712 3056; x_wconf 84' lang='grc' dir='ltr'>ἀτάκτως</span> <span class='ocrx_word' id='word_1_222' title='bbox 745 2991 1065 3062; x_wconf 82' lang='grc' dir='ltr'>ἐθορύϐουν,</span> <span class='ocrx_word' id='word_1_223' title='bbox 1118 2992 1355 3056; x_wconf 69' lang='grc' dir='ltr'>ἕκαστος</span> <span class='ocrx_word' id='word_1_224' title='bbox 1385 2992 1446 3045; x_wconf 72' lang='grc' dir='ltr'>τὸ</span> <span class='ocrx_word' id='word_1_225' title='bbox 1484 2991 1926 3063; x_wconf 81' lang='grc' dir='ltr'>προσιστάμενον</span> 
     </span>
    </p>
   </div>
   <div class='ocr_carea' id='block_1_34' title="bbox 2018 527 3596 595">
    <p class='ocr_par' dir='ltr' id='par_1_34' title="bbox 2018 527 3596 595">
     <span class='ocr_line' id='line_1_34' title="bbox 2018 527 3596 595; baseline 0.004 -17"><span class='ocrx_word' id='word_1_226' title='bbox 2018 527 2205 589; x_wconf 83' lang='lat' dir='ltr'><strong>cessit,</strong></span> <span class='ocrx_word' id='word_1_227' title='bbox 2256 542 2358 595; x_wconf 87' lang='lat' dir='ltr'><strong>pro</strong></span> <span class='ocrx_word' id='word_1_228' title='bbox 2405 529 2698 583; x_wconf 74' lang='lat' dir='ltr'><strong>manifesto</strong></span> <span class='ocrx_word' id='word_1_229' title='bbox 2728 529 3077 584; x_wconf 79' lang='lat' dir='ltr'><strong>confusionis</strong></span> <span class='ocrx_word' id='word_1_230' title='bbox 3113 531 3465 585; x_wconf 70' lang='lat' dir='ltr'><strong>etanarchire</strong></span> <span class='ocrx_word' id='word_1_231' title='bbox 3499 534 3596 584; x_wconf 80' lang='lat' dir='ltr'><strong>ha-</strong></span> 
     </span>
    </p>
   </div>
   <div class='ocr_carea' id='block_1_35' title="bbox 2021 616 3597 686">
    <p class='ocr_par' dir='ltr' id='par_1_35' title="bbox 2021 616 3597 686">
     <span class='ocr_line' id='line_1_35' title="bbox 2021 616 3597 686; baseline 0.005 -18"><span class='ocrx_word' id='word_1_232' title='bbox 2021 616 2239 670; x_wconf 88' lang='lat' dir='ltr'><strong>bentem</strong></span> <span class='ocrx_word' id='word_1_233' title='bbox 2297 617 2521 680; x_wconf 88' lang='lat' dir='ltr'><strong>indicio,</strong></span> <span class='ocrx_word' id='word_1_234' title='bbox 2562 621 2607 673; x_wconf 88' lang='lat' dir='ltr'><strong>si</strong></span> <span class='ocrx_word' id='word_1_235' title='bbox 2642 620 2695 681; x_wconf 88' lang='lat' dir='ltr'><strong>in</strong></span> <span class='ocrx_word' id='word_1_236' title='bbox 2724 621 2973 683; x_wconf 78' lang='lat' dir='ltr'><strong>quemvis</strong></span> <span class='ocrx_word' id='word_1_237' title='bbox 3008 635 3040 674; x_wconf 90' lang='lat' dir='ltr'><strong>e</strong></span> <span class='ocrx_word' id='word_1_238' title='bbox 3086 622 3386 686; x_wconf 74' lang='lat' dir='ltr'><strong>majoribus</strong></span> <span class='ocrx_word' id='word_1_239' title='bbox 3426 622 3597 676; x_wconf 72' lang='lat' dir='ltr'><strong>librre</strong></span> 
     </span>
    </p>
   </div>
   <div class='ocr_carea' id='block_1_36' title="bbox 2022 692 3602 782">
    <p class='ocr_par' dir='ltr' id='par_1_36' title="bbox 2022 692 3602 782">
     <span class='ocr_line' id='line_1_36' title="bbox 2022 692 3602 782; baseline 0.004 -24"><span class='ocrx_word' id='word_1_240' title='bbox 2022 692 2285 762; x_wconf 67' lang='lat' dir='ltr'><strong>insullare</strong></span> <span class='ocrx_word' id='word_1_241' title='bbox 2327 709 2540 765; x_wconf 89' lang='lat' dir='ltr'><strong>liceret.</strong></span> <span class='ocrx_word' id='word_1_242' title='bbox 2580 710 2893 766; x_wconf 91' lang='lat' dir='ltr'><strong>Demetrius</strong></span> <span class='ocrx_word' id='word_1_243' title='bbox 2933 727 3102 782; x_wconf 89' lang='lat' dir='ltr'><strong>porro</strong></span> <span class='ocrx_word' id='word_1_244' title='bbox 3141 712 3430 765; x_wconf 89' lang='lat' dir='ltr'><strong>Tornicius</strong></span> <span class='ocrx_word' id='word_1_245' title='bbox 3455 714 3602 766; x_wconf 84' lang='lat' dir='ltr'><strong>inso-</strong></span> 
     </span>
    </p>
   </div>
   <div class='ocr_carea' id='block_1_37' title="bbox 2018 797 3600 872">
    <p class='ocr_par' dir='ltr' id='par_1_37' title="bbox 2018 797 3600 872">
     <span class='ocr_line' id='line_1_37' title="bbox 2018 797 3600 872; baseline 0.004 -22"><span class='ocrx_word' id='word_1_246' title='bbox 2018 797 2242 853; x_wconf 88' lang='lat' dir='ltr'><strong>lcntiam</strong></span> <span class='ocrx_word' id='word_1_247' title='bbox 2290 816 2399 855; x_wconf 87' lang='lat' dir='ltr'><strong>non</strong></span> <span class='ocrx_word' id='word_1_248' title='bbox 2448 801 2629 858; x_wconf 80' lang='lat' dir='ltr'><strong>ferens</strong></span> <span class='ocrx_word' id='word_1_249' title='bbox 2658 820 2673 855; x_wconf 90' lang='lat'><strong>:</strong></span> <span class='ocrx_word' id='word_1_250' title='bbox 2699 803 2841 870; x_wconf 86' lang='lat' dir='ltr'><strong>Quid</strong></span> <span class='ocrx_word' id='word_1_251' title='bbox 2888 804 2994 859; x_wconf 88' lang='lat' dir='ltr'><strong>hoc</strong></span> <span class='ocrx_word' id='word_1_252' title='bbox 3043 805 3144 864; x_wconf 86' lang='lat' dir='ltr'><strong>rei.</strong></span> <span class='ocrx_word' id='word_1_253' title='bbox 3175 805 3373 872; x_wconf 87' lang='lat' dir='ltr'><strong>inquit,</strong></span> <span class='ocrx_word' id='word_1_254' title='bbox 3403 804 3469 857; x_wconf 88' lang='lat' dir='ltr'><strong>ad</strong></span> <span class='ocrx_word' id='word_1_255' title='bbox 3506 806 3600 856; x_wconf 84' lang='lat' dir='ltr'><strong>do-</strong></span> 
     </span>
    </p>
   </div>
   <div class='ocr_carea' id='block_1_38' title="bbox 2025 890 3600 963">
    <p class='ocr_par' dir='ltr' id='par_1_38' title="bbox 2025 890 3600 963">
     <span class='ocr_line' id='line_1_38' title="bbox 2025 890 3600 963; baseline 0.007 -25"><span class='ocrx_word' id='word_1_256' title='bbox 2025 890 2344 944; x_wconf 88' lang='lat' dir='ltr'><strong>mocratiam</strong></span> <span class='ocrx_word' id='word_1_257' title='bbox 2396 907 2466 946; x_wconf 88' lang='lat' dir='ltr'><strong>ne</strong></span> <span class='ocrx_word' id='word_1_258' title='bbox 2495 891 2800 947; x_wconf 81' lang='lat' dir='ltr'><strong>Romanum</strong></span> <span class='ocrx_word' id='word_1_259' title='bbox 2841 893 3133 962; x_wconf 88' lang='lat' dir='ltr'><strong>imperium</strong></span> <span class='ocrx_word' id='word_1_260' title='bbox 3168 894 3502 963; x_wconf 86' lang='lat' dir='ltr'><strong>redigemns.</strong></span> <span class='ocrx_word' id='word_1_261' title='bbox 3541 903 3600 949; x_wconf 91' lang='lat' dir='ltr'><strong>ut</strong></span> 
     </span>
    </p>
   </div>
   <div class='ocr_carea' id='block_1_39' title="bbox 2021 979 3599 1050">
    <p class='ocr_par' dir='ltr' id='par_1_39' title="bbox 2021 979 3599 1050">
     <span class='ocr_line' id='line_1_39' title="bbox 2021 979 3599 1050; baseline 0.005 -22"><span class='ocrx_word' id='word_1_262' title='bbox 2021 979 2320 1046; x_wconf 87' lang='lat' dir='ltr'><strong>unicuique</strong></span> <span class='ocrx_word' id='word_1_263' title='bbox 2366 979 2447 1035; x_wconf 86' lang='lat' dir='ltr'><strong>l‘as</strong></span> <span class='ocrx_word' id='word_1_264' title='bbox 2495 981 2568 1035; x_wconf 89' lang='lat' dir='ltr'><strong>sit</strong></span> <span class='ocrx_word' id='word_1_265' title='bbox 2595 984 2901 1042; x_wconf 86' lang='lat' dir='ltr'><strong>consulere.</strong></span> <span class='ocrx_word' id='word_1_266' title='bbox 2930 998 2993 1037; x_wconf 91' lang='lat' dir='ltr'><strong>ac</strong></span> <span class='ocrx_word' id='word_1_267' title='bbox 3023 982 3209 1037; x_wconf 82' lang='lat' dir='ltr'><strong>dicere</strong></span> <span class='ocrx_word' id='word_1_268' title='bbox 3242 998 3338 1050; x_wconf 87' lang='lat' dir='ltr'><strong>pro</strong></span> <span class='ocrx_word' id='word_1_269' title='bbox 3370 983 3599 1036; x_wconf 88' lang='lat' dir='ltr'><strong>lihidinc</strong></span> 
     </span>
    </p>
   </div>
   <div class='ocr_carea' id='block_1_40' title="bbox 2023 1069 3601 1143">
    <p class='ocr_par' dir='ltr' id='par_1_40' title="bbox 2023 1069 3601 1143">
     <span class='ocr_line' id='line_1_40' title="bbox 2023 1069 3601 1143; baseline 0.003 -22"><span class='ocrx_word' id='word_1_270' title='bbox 2023 1082 2177 1133; x_wconf 78' lang='lat' dir='ltr'><strong>aeque</strong></span> <span class='ocrx_word' id='word_1_271' title='bbox 2210 1069 2263 1121; x_wconf 93' lang='lat' dir='ltr'><strong>in</strong></span> <span class='ocrx_word' id='word_1_272' title='bbox 2290 1072 2657 1139; x_wconf 83' lang='lat' dir='ltr'><strong>gravioribus,</strong></span> <span class='ocrx_word' id='word_1_273' title='bbox 2685 1081 2744 1127; x_wconf 91' lang='lat' dir='ltr'><strong>ut</strong></span> <span class='ocrx_word' id='word_1_274' title='bbox 2780 1073 2834 1127; x_wconf 92' lang='lat' dir='ltr'><strong>in</strong></span> <span class='ocrx_word' id='word_1_275' title='bbox 2869 1075 3169 1129; x_wconf 85' lang='lat' dir='ltr'><strong>levioribus</strong></span> <span class='ocrx_word' id='word_1_276' title='bbox 3194 1084 3249 1128; x_wconf 89' lang='lat' dir='ltr'><strong>et</strong></span> <span class='ocrx_word' id='word_1_277' title='bbox 3280 1074 3601 1143; x_wconf 63' lang='lat' dir='ltr'><strong>prudentiu-</strong></span> 
     </span>
    </p>
   </div>
   <div class='ocr_carea' id='block_1_41' title="bbox 2023 1157 3604 1236">
    <p class='ocr_par' dir='ltr' id='par_1_41' title="bbox 2023 1157 3604 1236">
     <span class='ocr_line' id='line_1_41' title="bbox 2023 1157 3604 1236; baseline 0.006 -26"><span class='ocrx_word' id='word_1_278' title='bbox 2023 1157 2178 1211; x_wconf 83' lang='lat' dir='ltr'><strong>rihus</strong></span> <span class='ocrx_word' id='word_1_279' title='bbox 2216 1174 2316 1214; x_wconf 88' lang='lat' dir='ltr'><strong>sua</strong></span> <span class='ocrx_word' id='word_1_280' title='bbox 2369 1161 2590 1217; x_wconf 88' lang='lat' dir='ltr'><strong>decreta</strong></span> <span class='ocrx_word' id='word_1_281' title='bbox 2631 1166 2967 1234; x_wconf 78' lang='lat' dir='ltr'><strong>approbandi</strong></span> <span class='ocrx_word' id='word_1_282' title='bbox 3011 1167 3389 1220; x_wconf 85' lang='lat' dir='ltr'><strong>necessitatem</strong></span> <span class='ocrx_word' id='word_1_283' title='bbox 3425 1166 3604 1236; x_wconf 85' lang='lat' dir='ltr'><strong>impo-</strong></span> 
     </span>
    </p>
   </div>
   <div class='ocr_carea' id='block_1_42' title="bbox 2023 1248 3601 1325">
    <p class='ocr_par' dir='ltr' id='par_1_42' title="bbox 2023 1248 3601 1325">
     <span class='ocr_line' id='line_1_42' title="bbox 2023 1248 3601 1325; baseline 0.006 -25"><span class='ocrx_word' id='word_1_284' title='bbox 2023 1248 2194 1301; x_wconf 84' lang='lat' dir='ltr'><strong>nere?</strong></span> <span class='ocrx_word' id='word_1_285' title='bbox 2220 1249 2361 1315; x_wconf 88' lang='lat' dir='ltr'><strong>Quid</strong></span> <span class='ocrx_word' id='word_1_286' title='bbox 2391 1253 2607 1306; x_wconf 82' lang='lat' dir='ltr'><strong>tandem</strong></span> <span class='ocrx_word' id='word_1_287' title='bbox 2634 1252 2737 1307; x_wconf 88' lang='lat' dir='ltr'><strong>hoc</strong></span> <span class='ocrx_word' id='word_1_288' title='bbox 2761 1255 3016 1311; x_wconf 78' lang='lat' dir='ltr'><strong>stolidius</strong></span> <span class='ocrx_word' id='word_1_289' title='bbox 3048 1256 3165 1310; x_wconf 82' lang='lat' dir='ltr'><strong>ﬁeri</strong></span> <span class='ocrx_word' id='word_1_290' title='bbox 3207 1257 3410 1325; x_wconf 88' lang='lat' dir='ltr'><strong>queat?</strong></span> <span class='ocrx_word' id='word_1_291' title='bbox 3431 1256 3601 1311; x_wconf 80' lang='lat' dir='ltr'><strong>Cum-</strong></span> 
     </span>
    </p>
   </div>
   <div class='ocr_carea' id='block_1_43' title="bbox 2022 1340 3601 1424">
    <p class='ocr_par' dir='ltr' id='par_1_43' title="bbox 2022 1340 3601 1424">
     <span class='ocr_line' id='line_1_43' title="bbox 2022 1340 3601 1424; baseline 0.007 -33"><span class='ocrx_word' id='word_1_292' title='bbox 2022 1353 2129 1407; x_wconf 89' lang='lat' dir='ltr'><strong>que</strong></span> <span class='ocrx_word' id='word_1_293' title='bbox 2178 1340 2289 1410; x_wconf 84' lang='lat' dir='ltr'><strong>jam</strong></span> <span class='ocrx_word' id='word_1_294' title='bbox 2345 1341 2491 1397; x_wconf 89' lang='lat' dir='ltr'><strong>inter</strong></span> <span class='ocrx_word' id='word_1_295' title='bbox 2525 1358 2582 1397; x_wconf 88' lang='lat' dir='ltr'><strong>se</strong></span> <span class='ocrx_word' id='word_1_296' title='bbox 2620 1344 3243 1424; x_wconf 84' lang='lat' dir='ltr'><strong>altercariincipcrcnt,</strong></span> <span class='ocrx_word' id='word_1_297' title='bbox 3282 1350 3601 1417; x_wconf 64' lang='grc' dir='ltr'>ἰιιτρεξτοιτίιι</span> 
     </span>
    </p>
   </div>
   <div class='ocr_carea' id='block_1_44' title="bbox 2004 1430 3604 1502">
    <p class='ocr_par' dir='ltr' id='par_1_44' title="bbox 2004 1430 3604 1502">
     <span class='ocr_line' id='line_1_44' title="bbox 2004 1430 3604 1502; baseline 0.006 -20"><span class='ocrx_word' id='word_1_298' title='bbox 2004 1444 2081 1483; x_wconf 81' lang='lat' dir='ltr'><strong>&#39;se</strong></span> <span class='ocrx_word' id='word_1_299' title='bbox 2135 1430 2516 1502; x_wconf 81' lang='lat' dir='ltr'><strong>interponens,</strong></span> <span class='ocrx_word' id='word_1_300' title='bbox 2574 1450 2671 1490; x_wconf 92' lang='lat' dir='ltr'><strong>eos</strong></span> <span class='ocrx_word' id='word_1_301' title='bbox 2726 1437 3010 1500; x_wconf 82' lang='lat' dir='ltr'><strong>cohibuit;</strong></span> <span class='ocrx_word' id='word_1_302' title='bbox 3047 1439 3280 1502; x_wconf 81' lang='lat' dir='ltr'><strong>hortata,</strong></span> <span class='ocrx_word' id='word_1_303' title='bbox 3311 1449 3371 1492; x_wconf 92' lang='lat' dir='ltr'><strong>ut</strong></span> <span class='ocrx_word' id='word_1_304' title='bbox 3416 1440 3604 1492; x_wconf 65' lang='lat' dir='ltr'><strong>istius-</strong></span> 
     </span>
    </p>
   </div>
   <div class='ocr_carea' id='block_1_45' title="bbox 1994 1517 3602 1591">
    <p class='ocr_par' dir='ltr' id='par_1_45' title="bbox 1994 1517 3602 1591">
     <span class='ocr_line' id='line_1_45' title="bbox 1994 1517 3602 1591; baseline 0.007 -21"><span class='ocrx_word' id='word_1_305' title='bbox 1994 1517 2171 1572; x_wconf 76' lang='lat' dir='ltr'><strong>‘modi</strong></span> <span class='ocrx_word' id='word_1_306' title='bbox 2223 1524 2571 1578; x_wconf 89' lang='lat' dir='ltr'><strong>sermonibus</strong></span> <span class='ocrx_word' id='word_1_307' title='bbox 2622 1524 2816 1579; x_wconf 90' lang='lat' dir='ltr'><strong>alienis</strong></span> <span class='ocrx_word' id='word_1_308' title='bbox 2850 1526 3108 1591; x_wconf 91' lang='lat' dir='ltr'><strong>omissis,</strong></span> <span class='ocrx_word' id='word_1_309' title='bbox 3153 1527 3221 1581; x_wconf 93' lang='lat' dir='ltr'><strong>de</strong></span> <span class='ocrx_word' id='word_1_310' title='bbox 3276 1528 3602 1581; x_wconf 67' lang='lat' dir='ltr'><strong>necessariis</strong></span> 
     </span>
    </p>
   </div>
   <div class='ocr_carea' id='block_1_46' title="bbox 2029 1607 3597 1681">
    <p class='ocr_par' dir='ltr' id='par_1_46' title="bbox 2029 1607 3597 1681">
     <span class='ocr_line' id='line_1_46' title="bbox 2029 1607 3597 1681; baseline 0.006 -22"><span class='ocrx_word' id='word_1_311' title='bbox 2029 1607 2390 1668; x_wconf 83' lang='lat' dir='ltr'><strong>dissererent.</strong></span> <span class='ocrx_word' id='word_1_312' title='bbox 2421 1612 2644 1681; x_wconf 59' lang='lat' dir='ltr'><strong>Magnus</strong></span> <span class='ocrx_word' id='word_1_313' title='bbox 2676 1614 3015 1670; x_wconf 88' lang='lat' dir='ltr'><strong>domesticus</strong></span> <span class='ocrx_word' id='word_1_314' title='bbox 3040 1616 3284 1670; x_wconf 91' lang='lat' dir='ltr'><strong>dolorem</strong></span> <span class='ocrx_word' id='word_1_315' title='bbox 3307 1617 3597 1678; x_wconf 83' lang='lat' dir='ltr'><strong>stomachi,</strong></span> 
     </span>
    </p>
   </div>
   <div class='ocr_carea' id='block_1_47' title="bbox 2022 1702 3601 1776">
    <p class='ocr_par' dir='ltr' id='par_1_47' title="bbox 2022 1702 3601 1776">
     <span class='ocr_line' id='line_1_47' title="bbox 2022 1702 3601 1776; baseline 0.003 -22"><span class='ocrx_word' id='word_1_316' title='bbox 2022 1709 2078 1754; x_wconf 89' lang='lat' dir='ltr'><strong>et</strong></span> <span class='ocrx_word' id='word_1_317' title='bbox 2112 1702 2348 1756; x_wconf 86' lang='lat' dir='ltr'><strong>tormina</strong></span> <span class='ocrx_word' id='word_1_318' title='bbox 2381 1704 2667 1770; x_wconf 88' lang='lat' dir='ltr'><strong>simulare,</strong></span> <span class='ocrx_word' id='word_1_319' title='bbox 2697 1707 2992 1776; x_wconf 88' lang='lat' dir='ltr'><strong>silereque,</strong></span> <span class='ocrx_word' id='word_1_320' title='bbox 3026 1723 3090 1762; x_wconf 82' lang='lat' dir='ltr'><strong>ac</strong></span> <span class='ocrx_word' id='word_1_321' title='bbox 3128 1708 3171 1762; x_wconf 88' lang='lat' dir='ltr'><strong>si</strong></span> <span class='ocrx_word' id='word_1_322' title='bbox 3205 1709 3485 1763; x_wconf 79' lang='lat' dir='ltr'><strong>cruciatus</strong></span> <span class='ocrx_word' id='word_1_323' title='bbox 3512 1709 3601 1761; x_wconf 80' lang='lat' dir='ltr'><strong>ille</strong></span> 
     </span>
    </p>
   </div>
   <div class='ocr_carea' id='block_1_48' title="bbox 2022 1791 3604 1865">
    <p class='ocr_par' dir='ltr' id='par_1_48' title="bbox 2022 1791 3604 1865">
     <span class='ocr_line' id='line_1_48' title="bbox 2022 1791 3604 1865; baseline 0.006 -21"><span class='ocrx_word' id='word_1_324' title='bbox 2022 1791 2125 1845; x_wconf 89' lang='lat' dir='ltr'><strong>sibi</strong></span> <span class='ocrx_word' id='word_1_325' title='bbox 2182 1806 2369 1848; x_wconf 86' lang='lat' dir='ltr'><strong>vocem</strong></span> <span class='ocrx_word' id='word_1_326' title='bbox 2411 1793 2672 1865; x_wconf 70' lang='lat' dir='ltr'><strong>eriperet.</strong></span> <span class='ocrx_word' id='word_1_327' title='bbox 2722 1797 2801 1851; x_wconf 86' lang='lat' dir='ltr'><strong>Illi</strong></span> <span class='ocrx_word' id='word_1_328' title='bbox 2847 1798 3173 1853; x_wconf 90' lang='lat' dir='ltr'><strong>immodeste</strong></span> <span class='ocrx_word' id='word_1_329' title='bbox 3223 1808 3473 1853; x_wconf 90' lang='lat' dir='ltr'><strong>mutuum</strong></span> <span class='ocrx_word' id='word_1_330' title='bbox 3507 1792 3604 1853; x_wconf 78' lang='lat' dir='ltr'><strong>ob-</strong></span> 
     </span>
    </p>
   </div>
   <div class='ocr_carea' id='block_1_49' title="bbox 2008 1885 3605 1959">
    <p class='ocr_par' dir='ltr' id='par_1_49' title="bbox 2008 1885 3605 1959">
     <span class='ocr_line' id='line_1_49' title="bbox 2008 1885 3605 1959; baseline 0.006 -24"><span class='ocrx_word' id='word_1_331' title='bbox 2008 1893 2294 1959; x_wconf 67' lang='lat' dir='ltr'><strong>strepere,</strong></span> <span class='ocrx_word' id='word_1_332' title='bbox 2343 1885 2473 1940; x_wconf 88' lang='lat' dir='ltr'><strong>dum</strong></span> <span class='ocrx_word' id='word_1_333' title='bbox 2500 1887 2735 1957; x_wconf 89' lang='lat' dir='ltr'><strong>quisque</strong></span> <span class='ocrx_word' id='word_1_334' title='bbox 2779 1889 3122 1959; x_wconf 88' lang='lat' dir='ltr'><strong>propositum</strong></span> <span class='ocrx_word' id='word_1_335' title='bbox 3158 1890 3486 1945; x_wconf 85' lang='lat' dir='ltr'><strong>conﬁrmare</strong></span> <span class='ocrx_word' id='word_1_336' title='bbox 3523 1893 3605 1944; x_wconf 91' lang='lat' dir='ltr'><strong>ni-</strong></span> 
     </span>
    </p>
   </div>
   <div class='ocr_carea' id='block_1_50' title="bbox 2022 1973 3603 2048">
    <p class='ocr_par' dir='ltr' id='par_1_50' title="bbox 2022 1973 3603 2048">
     <span class='ocr_line' id='line_1_50' title="bbox 2022 1973 3603 2048; baseline 0.003 -20"><span class='ocrx_word' id='word_1_337' title='bbox 2022 1973 2178 2029; x_wconf 88' lang='lat' dir='ltr'><strong>titur.</strong></span> <span class='ocrx_word' id='word_1_338' title='bbox 2237 1974 2402 2048; x_wconf 60' lang='lat'><strong>35‘.</strong></span> <span class='ocrx_word' id='word_1_339' title='bbox 2449 1976 2684 2044; x_wconf 79' lang='lat' dir='ltr'><strong>Quidam</strong></span> <span class='ocrx_word' id='word_1_340' title='bbox 2717 1981 2866 2034; x_wconf 90' lang='lat' dir='ltr'><strong>enim</strong></span> <span class='ocrx_word' id='word_1_341' title='bbox 2894 1980 3207 2035; x_wconf 86' lang='lat' dir='ltr'><strong>Sismanum</strong></span> <span class='ocrx_word' id='word_1_342' title='bbox 3241 1983 3468 2036; x_wconf 85' lang='lat' dir='ltr'><strong>Romani</strong></span> <span class='ocrx_word' id='word_1_343' title='bbox 3502 1984 3603 2036; x_wconf 91' lang='lat' dir='ltr'><strong>im-</strong></span> 
     </span>
    </p>
   </div>
   <div class='ocr_carea' id='block_1_51' title="bbox 2023 2065 3601 2144">
    <p class='ocr_par' dir='ltr' id='par_1_51' title="bbox 2023 2065 3601 2144">
     <span class='ocr_line' id='line_1_51' title="bbox 2023 2065 3601 2144; baseline 0.006 -26"><span class='ocrx_word' id='word_1_344' title='bbox 2023 2065 2158 2133; x_wconf 90' lang='lat' dir='ltr'><strong>perii</strong></span> <span class='ocrx_word' id='word_1_345' title='bbox 2209 2069 2513 2137; x_wconf 87' lang='lat' dir='ltr'><strong>supplicem</strong></span> <span class='ocrx_word' id='word_1_346' title='bbox 2569 2072 3050 2137; x_wconf 85' lang='lat' dir='ltr'><strong>conservandum,</strong></span> <span class='ocrx_word' id='word_1_347' title='bbox 3103 2089 3211 2128; x_wconf 92' lang='lat' dir='ltr'><strong>non</strong></span> <span class='ocrx_word' id='word_1_348' title='bbox 3261 2075 3601 2144; x_wconf 75' lang='lat' dir='ltr'><strong>prodendrm</strong></span> 
     </span>
    </p>
   </div>
   <div class='ocr_carea' id='block_1_52' title="bbox 2024 2158 3605 2237">
    <p class='ocr_par' dir='ltr' id='par_1_52' title="bbox 2024 2158 3605 2237">
     <span class='ocr_line' id='line_1_52' title="bbox 2024 2158 3605 2237; baseline 0.008 -28"><span class='ocrx_word' id='word_1_349' title='bbox 2024 2158 2347 2212; x_wconf 88' lang='lat' dir='ltr'><strong>asserebant</strong></span> <span class='ocrx_word' id='word_1_350' title='bbox 2373 2161 2628 2218; x_wconf 76' lang='lat' dir='ltr'><strong>:.ctiamsi</strong></span> <span class='ocrx_word' id='word_1_351' title='bbox 2654 2162 2776 2231; x_wconf 73' lang='lat' dir='ltr'><strong>ejus</strong></span> <span class='ocrx_word' id='word_1_352' title='bbox 2801 2178 2963 2218; x_wconf 84' lang='lat' dir='ltr'><strong>causa</strong></span> <span class='ocrx_word' id='word_1_353' title='bbox 2986 2165 3268 2235; x_wconf 88' lang='lat' dir='ltr'><strong>quippiam</strong></span> <span class='ocrx_word' id='word_1_354' title='bbox 3295 2168 3487 2221; x_wconf 88' lang='lat' dir='ltr'><strong>durius</strong></span> <span class='ocrx_word' id='word_1_355' title='bbox 3509 2184 3605 2237; x_wconf 85' lang='lat' dir='ltr'><strong>pa-</strong></span> 
     </span>
    </p>
   </div>
   <div class='ocr_carea' id='block_1_53' title="bbox 2028 2247 3604 2328">
    <p class='ocr_par' dir='ltr' id='par_1_53' title="bbox 2028 2247 3604 2328">
     <span class='ocr_line' id='line_1_53' title="bbox 2028 2247 3604 2328; baseline 0.007 -28"><span class='ocrx_word' id='word_1_356' title='bbox 2028 2247 2276 2325; x_wconf 88' lang='lat' dir='ltr'><strong>tiendum</strong></span> <span class='ocrx_word' id='word_1_357' title='bbox 2305 2251 2468 2306; x_wconf 81' lang='lat' dir='ltr'><strong>foret.</strong></span> <span class='ocrx_word' id='word_1_358' title='bbox 2501 2252 2610 2308; x_wconf 93' lang='lat' dir='ltr'><strong>Alii</strong></span> <span class='ocrx_word' id='word_1_359' title='bbox 2637 2255 2809 2325; x_wconf 81' lang='lat' dir='ltr'><strong>magis</strong></span> <span class='ocrx_word' id='word_1_360' title='bbox 2839 2257 3143 2324; x_wconf 82' lang='lat' dir='ltr'><strong>regionem,</strong></span> <span class='ocrx_word' id='word_1_361' title='bbox 3167 2265 3222 2312; x_wconf 91' lang='lat' dir='ltr'><strong>et</strong></span> <span class='ocrx_word' id='word_1_362' title='bbox 3242 2259 3463 2328; x_wconf 88' lang='lat' dir='ltr'><strong>propria</strong></span> <span class='ocrx_word' id='word_1_363' title='bbox 3489 2275 3604 2313; x_wconf 84' lang='lat' dir='ltr'><strong>ser-</strong></span> 
     </span>
    </p>
   </div>
   <div class='ocr_carea' id='block_1_54' title="bbox 2025 2324 3725 2436">
    <p class='ocr_par' dir='ltr' id='par_1_54' title="bbox 2025 2324 3725 2436">
     <span class='ocr_line' id='line_1_54' title="bbox 2025 2324 3725 2436; baseline 0.008 -45"><span class='ocrx_word' id='word_1_364' title='bbox 2025 2340 2199 2395; x_wconf 82' lang='lat' dir='ltr'><strong>vanda</strong></span> <span class='ocrx_word' id='word_1_365' title='bbox 2232 2324 2567 2414; x_wconf 83' lang='lat' dir='ltr'><strong>tuendaque,</strong></span> <span class='ocrx_word' id='word_1_366' title='bbox 2591 2361 2692 2401; x_wconf 92' lang='lat' dir='ltr'><strong>nec</strong></span> <span class='ocrx_word' id='word_1_367' title='bbox 2720 2324 2946 2416; x_wconf 88' lang='lat' dir='ltr'><strong>propter</strong></span> <span class='ocrx_word' id='word_1_368' title='bbox 2970 2324 3259 2417; x_wconf 73' lang='lat' dir='ltr'><strong>fugitivum</strong></span> <span class='ocrx_word' id='word_1_369' title='bbox 3290 2324 3589 2436; x_wconf 54' lang='lat' dir='ltr'><strong>Barbarum</strong></span> <span class='ocrx_word' id='word_1_370' title='bbox 3642 2420 3647 2423; x_wconf 86' lang='lat'>_</span> <span class='ocrx_word' id='word_1_371' title='bbox 3720 2382 3725 2389; x_wconf 72' lang='grc' dir='ltr'><strong><em>σ</em></strong></span> 
     </span>
    </p>
   </div>
   <div class='ocr_carea' id='block_1_55' title="bbox 2025 2430 3597 2511">
    <p class='ocr_par' dir='ltr' id='par_1_55' title="bbox 2025 2430 3597 2511">
     <span class='ocr_line' id='line_1_55' title="bbox 2025 2430 3597 2511; baseline 0.007 -28"><span class='ocrx_word' id='word_1_372' title='bbox 2025 2430 2080 2483; x_wconf 91' lang='lat' dir='ltr'><strong>in</strong></span> <span class='ocrx_word' id='word_1_373' title='bbox 2112 2434 2340 2509; x_wconf 56' lang='lat' dir='ltr'><strong>pgaevisa</strong></span> <span class='ocrx_word' id='word_1_374' title='bbox 2369 2436 2616 2504; x_wconf 90' lang='lat' dir='ltr'><strong>pericula</strong></span> <span class='ocrx_word' id='word_1_375' title='bbox 2640 2447 2835 2507; x_wconf 89' lang='lat' dir='ltr'><strong>sponte</strong></span> <span class='ocrx_word' id='word_1_376' title='bbox 2859 2438 3280 2494; x_wconf 70' lang='lat' dir='ltr'><strong>incurrentium.</strong></span> <span class='ocrx_word' id='word_1_377' title='bbox 3306 2430 3404 2495; x_wconf 77' lang='lat' dir='ltr'><strong>His</strong></span> <span class='ocrx_word' id='word_1_378' title='bbox 3431 2454 3597 2511; x_wconf 75' lang='lat' dir='ltr'><strong>alque</strong></span> 
     </span>
    </p>
   </div>
   <div class='ocr_carea' id='block_1_56' title="bbox 2026 2523 3596 2599">
    <p class='ocr_par' dir='ltr' id='par_1_56' title="bbox 2026 2523 3596 2599">
     <span class='ocr_line' id='line_1_56' title="bbox 2026 2523 3596 2599; baseline 0.006 -21"><span class='ocrx_word' id='word_1_379' title='bbox 2026 2523 2302 2580; x_wconf 82' lang='lat' dir='ltr'><strong>similibus</strong></span> <span class='ocrx_word' id='word_1_380' title='bbox 2324 2527 2506 2583; x_wconf 78' lang='lat' dir='ltr'><strong>verbis</strong></span> <span class='ocrx_word' id='word_1_381' title='bbox 2529 2537 2932 2593; x_wconf 88' lang='lat' dir='ltr'><strong>concertantes,</strong></span> <span class='ocrx_word' id='word_1_382' title='bbox 2961 2528 3222 2599; x_wconf 87' lang='lat' dir='ltr'><strong>palatium</strong></span> <span class='ocrx_word' id='word_1_383' title='bbox 3259 2533 3596 2588; x_wconf 70' lang='lat' dir='ltr'><strong>clamoribi-s</strong></span> 
     </span>
    </p>
   </div>
   <div class='ocr_carea' id='block_1_57' title="bbox 2029 2618 3605 2688">
    <p class='ocr_par' dir='ltr' id='par_1_57' title="bbox 2029 2618 3605 2688">
     <span class='ocr_line' id='line_1_57' title="bbox 2029 2618 3605 2688; baseline 0.003 -16"><span class='ocrx_word' id='word_1_384' title='bbox 2029 2618 2351 2688; x_wconf 86' lang='lat' dir='ltr'><strong>implebant,</strong></span> <span class='ocrx_word' id='word_1_385' title='bbox 2375 2618 2589 2674; x_wconf 73' lang='lat' dir='ltr'><strong>cunctis</strong></span> <span class='ocrx_word' id='word_1_386' title='bbox 2617 2618 2684 2673; x_wconf 90' lang='lat' dir='ltr'><strong>ad</strong></span> <span class='ocrx_word' id='word_1_387' title='bbox 2707 2634 3054 2674; x_wconf 90' lang='lat' dir='ltr'><strong>communem</strong></span> <span class='ocrx_word' id='word_1_388' title='bbox 3077 2622 3368 2678; x_wconf 89' lang='lat' dir='ltr'><strong>utilitatem</strong></span> <span class='ocrx_word' id='word_1_389' title='bbox 3384 2633 3605 2679; x_wconf 85' lang='lat' dir='ltr'><strong>senten-</strong></span> 
     </span>
    </p>
   </div>
   <div class='ocr_carea' id='block_1_58' title="bbox 2030 2709 3603 2783">
    <p class='ocr_par' dir='ltr' id='par_1_58' title="bbox 2030 2709 3603 2783">
     <span class='ocr_line' id='line_1_58' title="bbox 2030 2709 3603 2783; baseline 0.004 -22"><span class='ocrx_word' id='word_1_390' title='bbox 2030 2710 2153 2772; x_wconf 88' lang='lat' dir='ltr'><strong>tias,</strong></span> <span class='ocrx_word' id='word_1_391' title='bbox 2188 2718 2242 2764; x_wconf 91' lang='lat' dir='ltr'><strong>ct</strong></span> <span class='ocrx_word' id='word_1_392' title='bbox 2267 2709 2465 2778; x_wconf 85' lang='lat' dir='ltr'><strong>placita</strong></span> <span class='ocrx_word' id='word_1_393' title='bbox 2500 2725 2597 2764; x_wconf 87' lang='lat' dir='ltr'><strong>sua</strong></span> <span class='ocrx_word' id='word_1_394' title='bbox 2624 2709 2680 2763; x_wconf 92' lang='lat' dir='ltr'><strong>in</strong></span> <span class='ocrx_word' id='word_1_395' title='bbox 2709 2710 2951 2764; x_wconf 90' lang='lat' dir='ltr'><strong>medium</strong></span> <span class='ocrx_word' id='word_1_396' title='bbox 2983 2711 3179 2766; x_wconf 81' lang='lat' dir='ltr'><strong>aﬂ&#39;erre</strong></span> <span class='ocrx_word' id='word_1_397' title='bbox 3203 2716 3603 2783; x_wconf 81' lang='lat' dir='ltr'><strong>satagentibus.</strong></span> 
     </span>
    </p>
   </div>
   <div class='ocr_carea' id='block_1_59' title="bbox 2026 2798 3597 2876">
    <p class='ocr_par' dir='ltr' id='par_1_59' title="bbox 2026 2798 3597 2876">
     <span class='ocr_line' id='line_1_59' title="bbox 2026 2798 3597 2876; baseline 0.003 -21"><span class='ocrx_word' id='word_1_398' title='bbox 2026 2798 2274 2869; x_wconf 86' lang='lat' dir='ltr'><strong>Cumque</strong></span> <span class='ocrx_word' id='word_1_399' title='bbox 2296 2801 2692 2855; x_wconf 88' lang='lat' dir='ltr'><strong>sententiarum</strong></span> <span class='ocrx_word' id='word_1_400' title='bbox 2723 2803 3004 2856; x_wconf 91' lang='lat' dir='ltr'><strong>contentio</strong></span> <span class='ocrx_word' id='word_1_401' title='bbox 3041 2803 3466 2872; x_wconf 78' lang='lat' dir='ltr'><strong>ingravesceret,</strong></span> <span class='ocrx_word' id='word_1_402' title='bbox 3496 2823 3561 2876; x_wconf 87' lang='lat' dir='ltr'><strong>pa</strong></span> <span class='ocrx_word' id='word_1_403' title='bbox 3580 2835 3597 2847; x_wconf 82' lang='lat'><strong>-</strong></span> 
     </span>
    </p>
   </div>
   <div class='ocr_carea' id='block_1_60' title="bbox 2029 2892 3603 2967">
    <p class='ocr_par' dir='ltr' id='par_1_60' title="bbox 2029 2892 3603 2967">
     <span class='ocr_line' id='line_1_60' title="bbox 2029 2892 3603 2967; baseline 0.004 -21"><span class='ocrx_word' id='word_1_404' title='bbox 2029 2892 2270 2947; x_wconf 89' lang='lat' dir='ltr'><strong>triarcba</strong></span> <span class='ocrx_word' id='word_1_405' title='bbox 2304 2893 2461 2962; x_wconf 88' lang='lat' dir='ltr'><strong>quasi</strong></span> <span class='ocrx_word' id='word_1_406' title='bbox 2493 2893 2752 2948; x_wconf 92' lang='lat' dir='ltr'><strong>nimirum</strong></span> <span class='ocrx_word' id='word_1_407' title='bbox 2780 2894 2965 2949; x_wconf 88' lang='lat' dir='ltr'><strong>nescio</strong></span> <span class='ocrx_word' id='word_1_408' title='bbox 2993 2895 3124 2964; x_wconf 88' lang='lat' dir='ltr'><strong>quid</strong></span> <span class='ocrx_word' id='word_1_409' title='bbox 3152 2911 3401 2967; x_wconf 82' lang='lat' dir='ltr'><strong>magnum</strong></span> <span class='ocrx_word' id='word_1_410' title='bbox 3427 2908 3482 2952; x_wconf 89' lang='lat' dir='ltr'><strong>et</strong></span> <span class='ocrx_word' id='word_1_411' title='bbox 3506 2900 3603 2953; x_wconf 80' lang='lat' dir='ltr'><strong>ad-</strong></span> 
     </span>
    </p>
   </div>
   <div class='ocr_carea' id='block_1_61' title="bbox 2031 2983 3606 3061">
    <p class='ocr_par' dir='ltr' id='par_1_61' title="bbox 2031 2983 3606 3061">
     <span class='ocr_line' id='line_1_61' title="bbox 2031 2983 3606 3061; baseline 0.006 -24"><span class='ocrx_word' id='word_1_412' title='bbox 2031 2983 2677 3061; x_wconf 82' lang='lat' dir='ltr'><strong>mirabileconsulturus:</strong></span> <span class='ocrx_word' id='word_1_413' title='bbox 2702 2986 2816 3040; x_wconf 76' lang='lat' dir='ltr'><strong>Mea</strong></span> <span class='ocrx_word' id='word_1_414' title='bbox 2832 2987 3113 3056; x_wconf 89' lang='lat' dir='ltr'><strong>opinione,</strong></span> <span class='ocrx_word' id='word_1_415' title='bbox 3134 2988 3331 3058; x_wconf 91' lang='lat' dir='ltr'><strong>inquit,</strong></span> <span class='ocrx_word' id='word_1_416' title='bbox 3350 2990 3606 3047; x_wconf 87' lang='lat' dir='ltr'><strong>Sismano</strong></span> 
     </span>
    </p>
   </div>
   <div class='ocr_carea' id='block_1_62' title="bbox 356 3067 1924 3155">
    <p class='ocr_par' dir='ltr' id='par_1_62' title="bbox 356 3082 1923 3155">
     <span class='ocr_line' id='line_1_62' title="bbox 356 3082 1923 3155; baseline -0.002 -20"><span class='ocrx_word' id='word_1_417' title='bbox 356 3082 677 3153; x_wconf 75' lang='grc' dir='ltr'>βουλόμενος</span> <span class='ocrx_word' id='word_1_418' title='bbox 705 3083 930 3152; x_wconf 88' lang='grc' dir='ltr'>κυροῦν.</span> <span class='ocrx_word' id='word_1_419' title='bbox 958 3084 1022 3137; x_wconf 87' lang='grc' dir='ltr'>Οἱ</span> <span class='ocrx_word' id='word_1_420' title='bbox 1055 3083 1154 3154; x_wconf 69' lang='grc' dir='ltr'><strong>μὲν</strong></span> <span class='ocrx_word' id='word_1_421' title='bbox 1174 3083 1283 3155; x_wconf 85' lang='grc' dir='ltr'><strong>γάρ</strong></span> <span class='ocrx_word' id='word_1_422' title='bbox 1305 3084 1492 3152; x_wconf 77' lang='grc' dir='ltr'>ἔλεγον</span> <span class='ocrx_word' id='word_1_423' title='bbox 1516 3083 1630 3139; x_wconf 83' lang='grc' dir='ltr'>δεῖν</span> <span class='ocrx_word' id='word_1_424' title='bbox 1654 3083 1923 3152; x_wconf 82' lang='grc' dir='ltr'>Σίσμανον</span> 
     </span>
    </p>
   </div>
   <div class='ocr_carea' id='block_1_63' title="bbox 2024 3067 3607 3155">
    <p class='ocr_par' dir='ltr' id='par_1_63' title="bbox 2030 3074 3607 3151">
     <span class='ocr_line' id='line_1_63' title="bbox 2030 3074 3607 3151; baseline 0.008 -22"><span class='ocrx_word' id='word_1_425' title='bbox 2030 3075 2085 3129; x_wconf 93' lang='lat' dir='ltr'><strong>in</strong></span> <span class='ocrx_word' id='word_1_426' title='bbox 2107 3074 2280 3130; x_wconf 63' lang='lat' dir='ltr'><strong>aadem</strong></span> <span class='ocrx_word' id='word_1_427' title='bbox 2314 3074 2535 3147; x_wconf 76' lang='lat' dir='ltr'><strong>SOpbia:</strong></span> <span class='ocrx_word' id='word_1_428' title='bbox 2565 3078 3045 3151; x_wconf 75' lang='lat' dir='ltr'><strong>transfugiendum</strong></span> <span class='ocrx_word' id='word_1_429' title='bbox 3067 3090 3177 3149; x_wconf 87' lang='lat' dir='ltr'><strong>est;</strong></span> <span class='ocrx_word' id='word_1_430' title='bbox 3202 3097 3364 3151; x_wconf 89' lang='lat' dir='ltr'><strong>quam</strong></span> <span class='ocrx_word' id='word_1_431' title='bbox 3388 3100 3511 3139; x_wconf 92' lang='lat' dir='ltr'><strong>cum</strong></span> <span class='ocrx_word' id='word_1_432' title='bbox 3535 3086 3607 3142; x_wconf 89' lang='lat' dir='ltr'><strong>ab</strong></span> 
     </span>
    </p>
   </div>
   <div class='ocr_carea' id='block_1_64' title="bbox 351 3173 1924 3247">
    <p class='ocr_par' dir='ltr' id='par_1_64' title="bbox 351 3173 1924 3247">
     <span class='ocr_line' id='line_1_64' title="bbox 351 3173 1924 3247; baseline -0.002 -20"><span class='ocrx_word' id='word_1_433' title='bbox 351 3173 664 3240; x_wconf 74' lang='grc' dir='ltr'>διασώζειν,</span> <span class='ocrx_word' id='word_1_434' title='bbox 698 3175 888 3247; x_wconf 79' lang='grc' dir='ltr'>ἱκέτην</span> <span class='ocrx_word' id='word_1_435' title='bbox 921 3174 1025 3245; x_wconf 80' lang='grc' dir='ltr'>τῆς</span> <span class='ocrx_word' id='word_1_436' title='bbox 1070 3174 1357 3244; x_wconf 84' lang='grc' dir='ltr'>Ῥωμαίων</span> <span class='ocrx_word' id='word_1_437' title='bbox 1391 3175 1667 3247; x_wconf 86' lang='grc' dir='ltr'>βασιλείας</span> <span class='ocrx_word' id='word_1_438' title='bbox 1696 3190 1924 3243; x_wconf 88' lang='grc' dir='ltr'>γεγενη-</span> 
     </span>
    </p>
   </div>
   <div class='ocr_carea' id='block_1_65' title="bbox 358 3242 1929 3340">
    <p class='ocr_par' dir='ltr' id='par_1_65' title="bbox 358 3242 1929 3340">
     <span class='ocr_line' id='line_1_65' title="bbox 358 3242 1929 3340; baseline -0.002 -20"><span class='ocrx_word' id='word_1_439' title='bbox 358 3269 541 3338; x_wconf 76' lang='grc' dir='ltr'>μένον,</span> <span class='ocrx_word' id='word_1_440' title='bbox 578 3267 672 3321; x_wconf 69' lang='grc' dir='ltr'>καὶ</span> <span class='ocrx_word' id='word_1_441' title='bbox 724 3242 801 3340; x_wconf 66' lang='grc' dir='ltr'><strong>μή</strong></span> <span class='ocrx_word' id='word_1_442' title='bbox 844 3242 1341 3336; x_wconf 13' lang='grc' dir='ltr'>ᾐκαταπροδιδόναι,</span> <span class='ocrx_word' id='word_1_443' title='bbox 1391 3242 1441 3321; x_wconf 68' lang='lat' dir='ltr'><strong>sl</strong></span> <span class='ocrx_word' id='word_1_444' title='bbox 1480 3268 1565 3321; x_wconf 91' lang='grc' dir='ltr'><strong>δεῖ</strong></span> <span class='ocrx_word' id='word_1_445' title='bbox 1603 3285 1658 3321; x_wconf 88' lang='grc' dir='ltr'>τι</span> <span class='ocrx_word' id='word_1_446' title='bbox 1703 3242 1929 3321; x_wconf 72' lang='grc' dir='ltr'>καὶτῶν</span> 
     </span>
    </p>
   </div>
   <div class='ocr_carea' id='block_1_66' title="bbox 353 3361 1928 3434">
    <p class='ocr_par' dir='ltr' id='par_1_66' title="bbox 353 3361 1928 3434">
     <span class='ocr_line' id='line_1_66' title="bbox 353 3361 1928 3434; baseline -0.001 -20"><span class='ocrx_word' id='word_1_447' title='bbox 353 3361 636 3432; x_wconf 83' lang='grc' dir='ltr'>δυσχερῶν</span> <span class='ocrx_word' id='word_1_448' title='bbox 689 3363 987 3432; x_wconf 79' lang='grc' dir='ltr'>ὑπομένειν</span> <span class='ocrx_word' id='word_1_449' title='bbox 1029 3363 1097 3417; x_wconf 79' lang='grc' dir='ltr'>δι’</span> <span class='ocrx_word' id='word_1_450' title='bbox 1130 3364 1316 3418; x_wconf 81' lang='grc' dir='ltr'>αὐτόν.</span> <span class='ocrx_word' id='word_1_451' title='bbox 1368 3365 1430 3419; x_wconf 86' lang='grc' dir='ltr'>Οί</span> <span class='ocrx_word' id='word_1_452' title='bbox 1478 3363 1556 3427; x_wconf 84' lang='grc' dir='ltr'><strong>δὲ,</strong></span> <span class='ocrx_word' id='word_1_453' title='bbox 1606 3365 1707 3434; x_wconf 84' lang='grc' dir='ltr'>τὴν</span> <span class='ocrx_word' id='word_1_454' title='bbox 1740 3362 1928 3433; x_wconf 84' lang='grc' dir='ltr'>χώραν</span> 
     </span>
    </p>
   </div>
   <div class='ocr_carea' id='block_1_67' title="bbox 355 3450 1927 3523">
    <p class='ocr_par' dir='ltr' id='par_1_67' title="bbox 355 3450 1927 3523">
     <span class='ocr_line' id='line_1_67' title="bbox 355 3450 1927 3523; baseline -0.003 -16"><span class='ocrx_word' id='word_1_455' title='bbox 355 3453 558 3523; x_wconf 82' lang='grc' dir='ltr'>μᾶλλον</span> <span class='ocrx_word' id='word_1_456' title='bbox 605 3453 701 3507; x_wconf 74' lang='grc' dir='ltr'>καὶ</span> <span class='ocrx_word' id='word_1_457' title='bbox 731 3452 799 3506; x_wconf 88' lang='grc' dir='ltr'><strong>τά</strong></span> <span class='ocrx_word' id='word_1_458' title='bbox 837 3454 1012 3507; x_wconf 74' lang='grc' dir='ltr'>οἰκεῖα</span> <span class='ocrx_word' id='word_1_459' title='bbox 1057 3453 1369 3518; x_wconf 77' lang='grc' dir='ltr'>διασώζειν,</span> <span class='ocrx_word' id='word_1_460' title='bbox 1403 3453 1497 3505; x_wconf 81' lang='grc' dir='ltr'>καὶ</span> <span class='ocrx_word' id='word_1_461' title='bbox 1541 3452 1616 3523; x_wconf 86' lang='grc' dir='ltr'>μὴ</span> <span class='ocrx_word' id='word_1_462' title='bbox 1649 3450 1927 3521; x_wconf 86' lang='grc' dir='ltr'>βαρϐάρου</span> 
     </span>
    </p>
   </div>
   <div class='ocr_carea' id='block_1_68' title="bbox 351 3542 1927 3615">
    <p class='ocr_par' dir='ltr' id='par_1_68' title="bbox 351 3542 1927 3615">
     <span class='ocr_line' id='line_1_68' title="bbox 351 3542 1927 3615; baseline -0.004 -15"><span class='ocrx_word' id='word_1_463' title='bbox 351 3546 520 3600; x_wconf 71' lang='grc' dir='ltr'>ἕνεκα</span> <span class='ocrx_word' id='word_1_464' title='bbox 573 3545 815 3615; x_wconf 84' lang='grc' dir='ltr'>φυγάδος</span> <span class='ocrx_word' id='word_1_465' title='bbox 867 3548 948 3609; x_wconf 77' lang='grc' dir='ltr'><strong>εἰς</strong></span> <span class='ocrx_word' id='word_1_466' title='bbox 999 3544 1282 3615; x_wconf 89' lang='grc' dir='ltr'>προῦπτον</span> <span class='ocrx_word' id='word_1_467' title='bbox 1335 3545 1582 3598; x_wconf 85' lang='grc' dir='ltr'>κίνδυνον</span> <span class='ocrx_word' id='word_1_468' title='bbox 1633 3542 1927 3611; x_wconf 82' lang='grc' dir='ltr'>ἐμϐάλλειν</span> 
     </span>
    </p>
   </div>
   <div class='ocr_carea' id='block_1_69' title="bbox 354 3629 1929 3701">
    <p class='ocr_par' dir='ltr' id='par_1_69' title="bbox 354 3629 1929 3701">
     <span class='ocr_line' id='line_1_69' title="bbox 354 3629 1929 3701; baseline -0.003 -17"><span class='ocrx_word' id='word_1_469' title='bbox 354 3635 499 3701; x_wconf 75' lang='grc' dir='ltr'>σφᾶς</span> <span class='ocrx_word' id='word_1_470' title='bbox 549 3633 777 3693; x_wconf 79' lang='grc' dir='ltr'>αὐτούς’</span> <span class='ocrx_word' id='word_1_471' title='bbox 832 3633 925 3686; x_wconf 76' lang='grc' dir='ltr'>καὶ</span> <span class='ocrx_word' id='word_1_472' title='bbox 963 3633 1186 3687; x_wconf 83' lang='grc' dir='ltr'>τοιαῦτα</span> <span class='ocrx_word' id='word_1_473' title='bbox 1238 3633 1401 3701; x_wconf 72' lang='grc' dir='ltr'>ἕτερα</span> <span class='ocrx_word' id='word_1_474' title='bbox 1442 3632 1731 3698; x_wconf 81' lang='grc' dir='ltr'>ἀντέλεγον</span> <span class='ocrx_word' id='word_1_475' title='bbox 1791 3629 1929 3697; x_wconf 66' lang='grc' dir='ltr'>πρὸς</span> 
     </span>
    </p>
   </div>
   <div class='ocr_carea' id='block_1_70' title="bbox 352 3721 1927 3795">
    <p class='ocr_par' dir='ltr' id='par_1_70' title="bbox 352 3721 1927 3795">
     <span class='ocr_line' id='line_1_70' title="bbox 352 3721 1927 3795; baseline -0.004 -17"><span class='ocrx_word' id='word_1_476' title='bbox 352 3723 644 3793; x_wconf 85' lang='grc' dir='ltr'>ἀλλήλους,</span> <span class='ocrx_word' id='word_1_477' title='bbox 691 3724 788 3778; x_wconf 71' lang='grc' dir='ltr'>καὶ</span> <span class='ocrx_word' id='word_1_478' title='bbox 825 3724 957 3795; x_wconf 83' lang='grc' dir='ltr'>βοῆς</span> <span class='ocrx_word' id='word_1_479' title='bbox 987 3724 1058 3777; x_wconf 85' lang='grc' dir='ltr'><strong>τά</strong></span> <span class='ocrx_word' id='word_1_480' title='bbox 1103 3722 1352 3794; x_wconf 87' lang='grc' dir='ltr'>βασίλεια</span> <span class='ocrx_word' id='word_1_481' title='bbox 1383 3723 1675 3793; x_wconf 79' lang='grc' dir='ltr'>ἐπλήρουν,</span> <span class='ocrx_word' id='word_1_482' title='bbox 1708 3721 1927 3774; x_wconf 89' lang='grc' dir='ltr'>πάντων</span> 
     </span>
    </p>
   </div>
   <div class='ocr_carea' id='block_1_71' title="bbox 350 3813 1928 3887">
    <p class='ocr_par' dir='ltr' id='par_1_71' title="bbox 350 3813 1928 3887">
     <span class='ocr_line' id='line_1_71' title="bbox 350 3813 1928 3887; baseline -0.001 -21"><span class='ocrx_word' id='word_1_483' title='bbox 350 3814 651 3868; x_wconf 82' lang='grc' dir='ltr'>ἐθελόντων</span> <span class='ocrx_word' id='word_1_484' title='bbox 682 3814 908 3887; x_wconf 79' lang='grc' dir='ltr'>γνώμας</span> <span class='ocrx_word' id='word_1_485' title='bbox 939 3816 1034 3870; x_wconf 73' lang='grc' dir='ltr'>καὶ</span> <span class='ocrx_word' id='word_1_486' title='bbox 1065 3815 1399 3886; x_wconf 73' lang='grc' dir='ltr'>ψηφίσματα</span> <span class='ocrx_word' id='word_1_487' title='bbox 1432 3815 1741 3885; x_wconf 87' lang='grc' dir='ltr'>προτείνειν</span> <span class='ocrx_word' id='word_1_488' title='bbox 1784 3813 1886 3866; x_wconf 59' lang='lat' dir='ltr'><strong>aut</strong></span> <span class='ocrx_word' id='word_1_489' title='bbox 1898 3830 1928 3883; x_wconf 93' lang='grc' dir='ltr'><strong>ρ</strong></span> 
     </span>
    </p>
   </div>
   <div class='ocr_carea' id='block_1_72' title="bbox 351 3904 1930 3978">
    <p class='ocr_par' dir='ltr' id='par_1_72' title="bbox 351 3904 1930 3978">
     <span class='ocr_line' id='line_1_72' title="bbox 351 3904 1930 3978; baseline -0.001 -20"><span class='ocrx_word' id='word_1_490' title='bbox 351 3905 465 3958; x_wconf 87' lang='grc' dir='ltr'><strong>τῶν</strong></span> <span class='ocrx_word' id='word_1_491' title='bbox 497 3908 644 3978; x_wconf 81' lang='grc' dir='ltr'>κοινῇ</span> <span class='ocrx_word' id='word_1_492' title='bbox 678 3906 1123 3960; x_wconf 89' lang='grc' dir='ltr'>λυσιτελούντων.</span> <span class='ocrx_word' id='word_1_493' title='bbox 1158 3907 1244 3969; x_wconf 81' lang='grc' dir='ltr'>Ὠς</span> <span class='ocrx_word' id='word_1_494' title='bbox 1263 3906 1320 3960; x_wconf 79' lang='grc' dir='ltr'>δὲ</span> <span class='ocrx_word' id='word_1_495' title='bbox 1350 3906 1663 3976; x_wconf 81' lang='grc' dir='ltr'>ἐπιπλέονή</span> <span class='ocrx_word' id='word_1_496' title='bbox 1699 3904 1930 3974; x_wconf 87' lang='grc' dir='ltr'>φιλονει-</span> 
     </span>
    </p>
   </div>
   <div class='ocr_carea' id='block_1_73' title="bbox 354 3991 1923 4068">
    <p class='ocr_par' dir='ltr' id='par_1_73' title="bbox 354 3991 1923 4068">
     <span class='ocr_line' id='line_1_73' title="bbox 354 3991 1923 4068; baseline -0.003 -17"><span class='ocrx_word' id='word_1_497' title='bbox 354 3997 451 4051; x_wconf 84' lang='grc' dir='ltr'><strong>κία</strong></span> <span class='ocrx_word' id='word_1_498' title='bbox 479 3999 833 4067; x_wconf 75' lang='grc' dir='ltr'>παρετείνετο</span> <span class='ocrx_word' id='word_1_499' title='bbox 853 4000 945 4050; x_wconf 81' lang='grc' dir='ltr'><strong>καὶ</strong></span> <span class='ocrx_word' id='word_1_500' title='bbox 974 3999 1297 4068; x_wconf 83' lang='grc' dir='ltr'>ἀσύμφωνοι</span> <span class='ocrx_word' id='word_1_501' title='bbox 1330 4001 1450 4061; x_wconf 88' lang='grc' dir='ltr'>ταῖς</span> <span class='ocrx_word' id='word_1_502' title='bbox 1484 3996 1732 4066; x_wconf 83' lang='grc' dir='ltr'>γνώμαις</span> <span class='ocrx_word' id='word_1_503' title='bbox 1757 3991 1923 4068; x_wconf 78' lang='grc' dir='ltr'>ἦσαν,</span> 
     </span>
    </p>
   </div>
   <div class='ocr_carea' id='block_1_74' title="bbox 352 4087 1927 4161">
    <p class='ocr_par' dir='ltr' id='par_1_74' title="bbox 352 4087 1927 4161">
     <span class='ocr_line' id='line_1_74' title="bbox 352 4087 1927 4161; baseline -0.002 -18"><span class='ocrx_word' id='word_1_504' title='bbox 352 4092 383 4143; x_wconf 82' lang='grc' dir='ltr'>ὁ</span> <span class='ocrx_word' id='word_1_505' title='bbox 418 4089 768 4161; x_wconf 79' lang='grc' dir='ltr'>πατριάρχης</span> <span class='ocrx_word' id='word_1_506' title='bbox 804 4091 879 4152; x_wconf 86' lang='grc' dir='ltr'><strong>ῶς</strong></span> <span class='ocrx_word' id='word_1_507' title='bbox 913 4090 1034 4160; x_wconf 87' lang='grc' dir='ltr'>δήτι</span> <span class='ocrx_word' id='word_1_508' title='bbox 1068 4092 1211 4160; x_wconf 83' lang='grc' dir='ltr'>μέγα</span> <span class='ocrx_word' id='word_1_509' title='bbox 1258 4090 1353 4143; x_wconf 82' lang='grc' dir='ltr'><strong>καὶ</strong></span> <span class='ocrx_word' id='word_1_510' title='bbox 1399 4089 1705 4159; x_wconf 86' lang='grc' dir='ltr'>θαυμάσιον</span> <span class='ocrx_word' id='word_1_511' title='bbox 1735 4087 1927 4159; x_wconf 84' lang='grc' dir='ltr'>βεϐου-</span> 
     </span>
    </p>
   </div>
   <div class='ocr_carea' id='block_1_75' title="bbox 351 4178 1927 4252">
    <p class='ocr_par' dir='ltr' id='par_1_75' title="bbox 351 4178 1927 4252">
     <span class='ocr_line' id='line_1_75' title="bbox 351 4178 1927 4252; baseline -0.003 -17"><span class='ocrx_word' id='word_1_512' title='bbox 351 4182 638 4252; x_wconf 83' lang='grc' dir='ltr'>λευμένος,</span> <span class='ocrx_word' id='word_1_513' title='bbox 686 4182 844 4250; x_wconf 78' lang='grc' dir='ltr'>Ἐμοὶ</span> <span class='ocrx_word' id='word_1_514' title='bbox 903 4183 1103 4245; x_wconf 86' lang='grc' dir='ltr'>δοκεῖν,</span> <span class='ocrx_word' id='word_1_515' title='bbox 1164 4181 1292 4251; x_wconf 70' lang='grc' dir='ltr'>ἔφη,</span> <span class='ocrx_word' id='word_1_516' title='bbox 1329 4181 1599 4251; x_wconf 81' lang='grc' dir='ltr'>Σίσμανον</span> <span class='ocrx_word' id='word_1_517' title='bbox 1656 4181 1794 4249; x_wconf 84' lang='grc' dir='ltr'>πρὸς</span> <span class='ocrx_word' id='word_1_518' title='bbox 1835 4178 1927 4231; x_wconf 72' lang='grc' dir='ltr'><strong>τὸν</strong></span> 
     </span>
    </p>
   </div>
   <div class='ocr_carea' id='block_1_76' title="bbox 352 4268 1928 4353">
    <p class='ocr_par' dir='ltr' id='par_1_76' title="bbox 352 4268 1928 4353">
     <span class='ocr_line' id='line_1_76' title="bbox 352 4268 1928 4353; baseline -0.003 -28"><span class='ocrx_word' id='word_1_519' title='bbox 352 4272 454 4344; x_wconf 79' lang='grc' dir='ltr'>τῆς</span> <span class='ocrx_word' id='word_1_520' title='bbox 488 4271 582 4324; x_wconf 83' lang='grc' dir='ltr'><strong>τοῦ</strong></span> <span class='ocrx_word' id='word_1_521' title='bbox 621 4270 758 4324; x_wconf 89' lang='grc' dir='ltr'>Θεοῦ</span> <span class='ocrx_word' id='word_1_522' title='bbox 795 4271 995 4339; x_wconf 84' lang='grc' dir='ltr'>Σοφίας</span> <span class='ocrx_word' id='word_1_523' title='bbox 1042 4270 1181 4325; x_wconf 90' lang='grc' dir='ltr'>νεὼν</span> <span class='ocrx_word' id='word_1_524' title='bbox 1219 4274 1561 4342; x_wconf 79' lang='grc' dir='ltr'>καταφυγεῖν</span> <span class='ocrx_word' id='word_1_525' title='bbox 1585 4287 1597 4302; x_wconf 74' lang='grc'><strong><em>⁸</em></strong></span> <span class='ocrx_word' id='word_1_526' title='bbox 1641 4270 1835 4353; x_wconf 29' lang='grc' dir='ltr'>ἀσυκλίᾳ</span> <span class='ocrx_word' id='word_1_527' title='bbox 1871 4268 1928 4321; x_wconf 82' lang='grc' dir='ltr'>δὲ</span> 
     </span>
    </p>
   </div>
   <div class='ocr_carea' id='block_1_77' title="bbox 352 4359 1928 4433">
    <p class='ocr_par' dir='ltr' id='par_1_77' title="bbox 352 4359 1928 4433">
     <span class='ocr_line' id='line_1_77' title="bbox 352 4359 1928 4433; baseline -0.004 -16"><span class='ocrx_word' id='word_1_528' title='bbox 352 4362 524 4417; x_wconf 80' lang='grc' dir='ltr'>αὑτοῦ</span> <span class='ocrx_word' id='word_1_529' title='bbox 554 4363 917 4433; x_wconf 84' lang='grc' dir='ltr'>τετιμημένου</span> <span class='ocrx_word' id='word_1_530' title='bbox 952 4361 1057 4416; x_wconf 79' lang='grc' dir='ltr'><strong>ὕπὸ</strong></span> <span class='ocrx_word' id='word_1_531' title='bbox 1083 4363 1299 4416; x_wconf 87' lang='grc' dir='ltr'>πάντων</span> <span class='ocrx_word' id='word_1_532' title='bbox 1332 4362 1448 4416; x_wconf 83' lang='grc' dir='ltr'>ὅσοι</span> <span class='ocrx_word' id='word_1_533' title='bbox 1484 4363 1772 4430; x_wconf 85' lang='grc' dir='ltr'>Ῥωμαίων</span> <span class='ocrx_word' id='word_1_534' title='bbox 1801 4359 1928 4412; x_wconf 79' lang='grc' dir='ltr'>ἐϐα-</span> 
     </span>
    </p>
   </div>
   <div class='ocr_carea' id='block_1_78' title="bbox 357 4452 1925 4524">
    <p class='ocr_par' dir='ltr' id='par_1_78' title="bbox 357 4452 1925 4524">
     <span class='ocr_line' id='line_1_78' title="bbox 357 4452 1925 4524; baseline -0.003 -17"><span class='ocrx_word' id='word_1_535' title='bbox 357 4454 634 4520; x_wconf 85' lang='grc' dir='ltr'>σίλευσαν,</span> <span class='ocrx_word' id='word_1_536' title='bbox 673 4453 874 4518; x_wconf 82' lang='grc' dir='ltr'>ἐξεῖναι</span> <span class='ocrx_word' id='word_1_537' title='bbox 905 4454 1003 4507; x_wconf 70' lang='grc' dir='ltr'>καὶ</span> <span class='ocrx_word' id='word_1_538' title='bbox 1064 4455 1194 4524; x_wconf 76' lang='grc' dir='ltr'>ἡμῖν</span> <span class='ocrx_word' id='word_1_539' title='bbox 1225 4453 1589 4523; x_wconf 84' lang='grc' dir='ltr'>εὐπρόσωπον</span> <span class='ocrx_word' id='word_1_540' title='bbox 1612 4452 1925 4519; x_wconf 75' lang='grc' dir='ltr'>’ἀπολογίαν</span> 
     </span>
    </p>
   </div>
   <div class='ocr_carea' id='block_1_79' title="bbox 355 4543 1926 4623">
    <p class='ocr_par' dir='ltr' id='par_1_79' title="bbox 355 4543 1926 4623">
     <span class='ocr_line' id='line_1_79' title="bbox 355 4543 1926 4623; baseline -0.003 -23"><span class='ocrx_word' id='word_1_541' title='bbox 355 4547 498 4616; x_wconf 76' lang='grc' dir='ltr'>πρὸς</span> <span class='ocrx_word' id='word_1_542' title='bbox 527 4546 653 4608; x_wconf 78' lang='grc' dir='ltr'>τοὺς</span> <span class='ocrx_word' id='word_1_543' title='bbox 692 4543 1043 4616; x_wconf 70' lang='grc' dir='ltr'>Ἀλεξάνδρου</span> <span class='ocrx_word' id='word_1_544' title='bbox 1091 4545 1677 4623; x_wconf 27' lang='grc' dir='ltr'>θέσθαιιπρεσϐευτάς,</span> <span class='ocrx_word' id='word_1_545' title='bbox 1707 4544 1782 4607; x_wconf 86' lang='grc' dir='ltr'>ὼς</span> <span class='ocrx_word' id='word_1_546' title='bbox 1825 4544 1926 4596; x_wconf 81' lang='grc' dir='ltr'><strong>οὐκ</strong></span> 
     </span>
    </p>
   </div>
   <div class='ocr_carea' id='block_1_80' title="bbox 352 4631 1929 4700">
    <p class='ocr_par' dir='ltr' id='par_1_80' title="bbox 352 4631 1929 4700">
     <span class='ocr_line' id='line_1_80' title="bbox 352 4631 1929 4700; baseline -0.002 -14"><span class='ocrx_word' id='word_1_547' title='bbox 352 4634 476 4699; x_wconf 77' lang='grc' dir='ltr'>ἐξὸν</span> <span class='ocrx_word' id='word_1_548' title='bbox 509 4632 937 4694; x_wconf 87' lang='grc' dir='ltr'>ἀποσπάσαντας</span> <span class='ocrx_word' id='word_1_549' title='bbox 986 4632 1079 4685; x_wconf 75' lang='grc' dir='ltr'><strong>τὸν</strong></span> <span class='ocrx_word' id='word_1_550' title='bbox 1115 4633 1300 4700; x_wconf 82' lang='grc' dir='ltr'>ἱκέτην</span> <span class='ocrx_word' id='word_1_551' title='bbox 1341 4631 1436 4684; x_wconf 90' lang='grc' dir='ltr'><strong>τοῦ</strong></span> <span class='ocrx_word' id='word_1_552' title='bbox 1466 4631 1604 4684; x_wconf 83' lang='grc' dir='ltr'>Θεοῦ</span> <span class='ocrx_word' id='word_1_553' title='bbox 1638 4632 1929 4700; x_wconf 79' lang='grc' dir='ltr'>παραδιδό-</span> 
     </span>
    </p>
   </div>
   <div class='ocr_carea' id='block_1_81' title="bbox 354 4721 1928 4791">
    <p class='ocr_par' dir='ltr' id='par_1_81' title="bbox 354 4721 1928 4791">
     <span class='ocr_line' id='line_1_81' title="bbox 354 4721 1928 4791; baseline 0.001 -17"><span class='ocrx_word' id='word_1_554' title='bbox 354 4740 447 4776; x_wconf 89' lang='grc' dir='ltr'><strong>ναι</strong></span> <span class='ocrx_word' id='word_1_555' title='bbox 473 4721 610 4791; x_wconf 83' lang='grc' dir='ltr'>πρδς</span> <span class='ocrx_word' id='word_1_556' title='bbox 646 4721 865 4791; x_wconf 83' lang='grc' dir='ltr'>σφαγήν</span> <span class='ocrx_word' id='word_1_557' title='bbox 889 4736 903 4751; x_wconf 74' lang='grc' dir='ltr'><strong><em>ο</em></strong></span> <span class='ocrx_word' id='word_1_558' title='bbox 945 4721 1183 4791; x_wconf 87' lang='grc' dir='ltr'>μάλιστα</span> <span class='ocrx_word' id='word_1_559' title='bbox 1214 4723 1433 4774; x_wconf 80' lang='grc' dir='ltr'>πάντων</span> <span class='ocrx_word' id='word_1_560' title='bbox 1463 4722 1624 4774; x_wconf 86' lang='grc' dir='ltr'>τοῦτο</span> <span class='ocrx_word' id='word_1_561' title='bbox 1652 4721 1782 4788; x_wconf 83' lang='grc' dir='ltr'>ἄγος</span> <span class='ocrx_word' id='word_1_562' title='bbox 1806 4722 1928 4775; x_wconf 75' lang='grc' dir='ltr'>ἐνα-</span> 
     </span>
    </p>
   </div>
   <div class='ocr_carea' id='block_1_82' title="bbox 354 4812 1928 4883">
    <p class='ocr_par' dir='ltr' id='par_1_82' title="bbox 354 4812 1928 4883">
     <span class='ocr_line' id='line_1_82' title="bbox 354 4812 1928 4883; baseline 0 -18"><span class='ocrx_word' id='word_1_563' title='bbox 354 4815 623 4881; x_wconf 78' lang='grc' dir='ltr'>γέστατον</span> <span class='ocrx_word' id='word_1_564' title='bbox 641 4815 737 4866; x_wconf 75' lang='grc' dir='ltr'><strong>καὶ</strong></span> <span class='ocrx_word' id='word_1_565' title='bbox 767 4812 918 4883; x_wconf 87' lang='grc' dir='ltr'>παρὰ</span> <span class='ocrx_word' id='word_1_566' title='bbox 945 4812 1055 4865; x_wconf 86' lang='grc' dir='ltr'><strong>τῶν</strong></span> <span class='ocrx_word' id='word_1_567' title='bbox 1087 4813 1255 4867; x_wconf 85' lang='grc' dir='ltr'>πάλαι</span> <span class='ocrx_word' id='word_1_568' title='bbox 1284 4816 1380 4868; x_wconf 72' lang='grc' dir='ltr'><strong>καὶ</strong></span> <span class='ocrx_word' id='word_1_569' title='bbox 1401 4813 1507 4866; x_wconf 84' lang='grc' dir='ltr'><strong>τῶν</strong></span> <span class='ocrx_word' id='word_1_570' title='bbox 1529 4814 1624 4865; x_wconf 90' lang='grc' dir='ltr'><strong>νῦν</strong></span> <span class='ocrx_word' id='word_1_571' title='bbox 1642 4812 1928 4883; x_wconf 85' lang='grc' dir='ltr'>Ῥωμαίων</span> 
     </span>
    </p>
   </div>
   <div class='ocr_carea' id='block_1_83' title="bbox 353 4905 1925 4977">
    <p class='ocr_par' dir='ltr' id='par_1_83' title="bbox 353 4905 1925 4977">
     <span class='ocr_line' id='line_1_83' title="bbox 353 4905 1925 4977; baseline 0 -19"><span class='ocrx_word' id='word_1_572' title='bbox 353 4905 739 4974; x_wconf 75' lang='grc' dir='ltr'>νομιζόμενον.</span> <span class='ocrx_word' id='word_1_573' title='bbox 796 4907 859 4959; x_wconf 77' lang='grc' dir='ltr'><strong>Οἱ</strong></span> <span class='ocrx_word' id='word_1_574' title='bbox 921 4906 1020 4976; x_wconf 75' lang='grc' dir='ltr'>μὲν</span> <span class='ocrx_word' id='word_1_575' title='bbox 1071 4905 1165 4960; x_wconf 83' lang='grc' dir='ltr'><strong>οὖν</strong></span> <span class='ocrx_word' id='word_1_576' title='bbox 1225 4907 1411 4960; x_wconf 78' lang='grc' dir='ltr'>πολλοὶ</span> <span class='ocrx_word' id='word_1_577' title='bbox 1454 4908 1563 4959; x_wconf 88' lang='grc' dir='ltr'><strong>τῶν</strong></span> <span class='ocrx_word' id='word_1_578' title='bbox 1616 4907 1925 4977; x_wconf 84' lang='grc' dir='ltr'>παρόντων,</span> 
     </span>
    </p>
   </div>
   <div class='ocr_carea' id='block_1_84' title="bbox 355 4996 1925 5070">
    <p class='ocr_par' dir='ltr' id='par_1_84' title="bbox 355 4996 1925 5070">
     <span class='ocr_line' id='line_1_84' title="bbox 355 4996 1925 5070; baseline 0.003 -22"><span class='ocrx_word' id='word_1_579' title='bbox 355 4997 676 5061; x_wconf 77' lang='grc' dir='ltr'>ἐξεθείασαν</span> <span class='ocrx_word' id='word_1_580' title='bbox 705 4999 806 5067; x_wconf 81' lang='grc' dir='ltr'><strong>τήν</strong></span> <span class='ocrx_word' id='word_1_581' title='bbox 829 4996 1024 5069; x_wconf 77' lang='grc' dir='ltr'>βουλὴν</span> <span class='ocrx_word' id='word_1_582' title='bbox 1045 4999 1120 5062; x_wconf 85' lang='grc' dir='ltr'>ὡς</span> <span class='ocrx_word' id='word_1_583' title='bbox 1147 4999 1377 5070; x_wconf 88' lang='grc' dir='ltr'>ἀρίστην</span> <span class='ocrx_word' id='word_1_584' title='bbox 1400 5000 1492 5053; x_wconf 87' lang='grc' dir='ltr'>καὶ</span> <span class='ocrx_word' id='word_1_585' title='bbox 1524 5001 1925 5069; x_wconf 84' lang='grc' dir='ltr'>συνετωτάτην,</span> 
     </span>
    </p>
   </div>
   <div class='ocr_carea' id='block_1_85' title="bbox 354 5083 1927 5157">
    <p class='ocr_par' dir='ltr' id='par_1_85' title="bbox 354 5083 1927 5157">
     <span class='ocr_line' id='line_1_85' title="bbox 354 5083 1927 5157; baseline 0.001 -20"><span class='ocrx_word' id='word_1_586' title='bbox 354 5086 452 5137; x_wconf 70' lang='grc' dir='ltr'><strong>καὶ</strong></span> <span class='ocrx_word' id='word_1_587' title='bbox 483 5083 786 5154; x_wconf 79' lang='grc' dir='ltr'>δυναμένην</span> <span class='ocrx_word' id='word_1_588' title='bbox 818 5085 1056 5153; x_wconf 79' lang='grc' dir='ltr'>μάλιστα</span> <span class='ocrx_word' id='word_1_589' title='bbox 1090 5085 1409 5157; x_wconf 85' lang='grc' dir='ltr'>ἀπράκτους</span> <span class='ocrx_word' id='word_1_590' title='bbox 1444 5086 1772 5156; x_wconf 83' lang='grc' dir='ltr'>ἀποπέμψαι</span> <span class='ocrx_word' id='word_1_591' title='bbox 1801 5090 1927 5151; x_wconf 77' lang='grc' dir='ltr'>τοὺς</span> 
     </span>
    </p>
   </div>
   <div class='ocr_carea' id='block_1_86' title="bbox 368 5172 1930 5246">
    <p class='ocr_par' dir='ltr' id='par_1_86' title="bbox 368 5172 1930 5246">
     <span class='ocr_line' id='line_1_86' title="bbox 368 5172 1930 5246; baseline 0.003 -21"><span class='ocrx_word' id='word_1_592' title='bbox 368 5172 722 5244; x_wconf 80' lang='grc' dir='ltr'>Ἀλεξάνδρου</span> <span class='ocrx_word' id='word_1_593' title='bbox 765 5173 1129 5242; x_wconf 84' lang='grc' dir='ltr'>πρεσϐευτὰς,</span> <span class='ocrx_word' id='word_1_594' title='bbox 1166 5176 1509 5246; x_wconf 77' lang='grc' dir='ltr'>συνορῶντας</span> <span class='ocrx_word' id='word_1_595' title='bbox 1546 5177 1648 5246; x_wconf 75' lang='grc' dir='ltr'>ἤδη</span> <span class='ocrx_word' id='word_1_596' title='bbox 1681 5177 1797 5232; x_wconf 76' lang='grc' dir='ltr'>,καὶ</span> <span class='ocrx_word' id='word_1_597' title='bbox 1829 5177 1930 5229; x_wconf 83' lang='grc' dir='ltr'>αὐ-</span> 
     </span>
    </p>
   </div>
   <div class='ocr_carea' id='block_1_87' title="bbox 355 5263 1929 5337">
    <p class='ocr_par' dir='ltr' id='par_1_87' title="bbox 355 5263 1929 5337">
     <span class='ocr_line' id='line_1_87' title="bbox 355 5263 1929 5337; baseline 0.002 -21"><span class='ocrx_word' id='word_1_598' title='bbox 355 5265 482 5325; x_wconf 83' lang='grc' dir='ltr'>τοὺς</span> <span class='ocrx_word' id='word_1_599' title='bbox 512 5264 610 5334; x_wconf 76' lang='grc' dir='ltr'>τὴν</span> <span class='ocrx_word' id='word_1_600' title='bbox 642 5263 737 5317; x_wconf 88' lang='grc' dir='ltr'><strong>τοῦ</strong></span> <span class='ocrx_word' id='word_1_601' title='bbox 782 5266 1111 5336; x_wconf 84' lang='grc' dir='ltr'>πράγματος</span> <span class='ocrx_word' id='word_1_602' title='bbox 1152 5267 1422 5337; x_wconf 87' lang='grc' dir='ltr'>ἀνάγκην.</span> <span class='ocrx_word' id='word_1_603' title='bbox 1452 5268 1558 5321; x_wconf 82' lang='grc' dir='ltr'>Τοῦ</span> <span class='ocrx_word' id='word_1_604' title='bbox 1599 5268 1841 5337; x_wconf 79' lang='grc' dir='ltr'>μεγάλου</span> <span class='ocrx_word' id='word_1_605' title='bbox 1873 5268 1929 5319; x_wconf 81' lang='grc' dir='ltr'>δὲ</span> 
     </span>
    </p>
   </div>
   <div class='ocr_carea' id='block_1_88' title="bbox 334 5353 1927 5427">
    <p class='ocr_par' dir='ltr' id='par_1_88' title="bbox 334 5353 1927 5427">
     <span class='ocr_line' id='line_1_88' title="bbox 334 5353 1927 5427; baseline 0.003 -22"><span class='ocrx_word' id='word_1_606' title='bbox 334 5353 680 5423; x_wconf 55' lang='grc' dir='ltr'>,δομεστίκου</span> <span class='ocrx_word' id='word_1_607' title='bbox 721 5354 1098 5426; x_wconf 79' lang='grc' dir='ltr'>φθεγγομένου</span> <span class='ocrx_word' id='word_1_608' title='bbox 1154 5359 1343 5427; x_wconf 78' lang='grc' dir='ltr'>μηδὲν,</span> <span class='ocrx_word' id='word_1_609' title='bbox 1392 5359 1425 5426; x_wconf 91' lang='grc' dir='ltr'><strong>ή</strong></span> <span class='ocrx_word' id='word_1_610' title='bbox 1476 5358 1688 5426; x_wconf 77' lang='grc' dir='ltr'>βασιλὶς</span> <span class='ocrx_word' id='word_1_611' title='bbox 1734 5358 1927 5427; x_wconf 86' lang='grc' dir='ltr'>πρῶτα</span> 
     </span>
    </p>
   </div>
   <div class='ocr_carea' id='block_1_89' title="bbox 356 5443 1929 5520">
    <p class='ocr_par' dir='ltr' id='par_1_89' title="bbox 356 5443 1929 5520">
     <span class='ocr_line' id='line_1_89' title="bbox 356 5443 1929 5520; baseline 0.003 -22"><span class='ocrx_word' id='word_1_612' title='bbox 356 5443 459 5513; x_wconf 76' lang='grc' dir='ltr'>μὲν</span> <span class='ocrx_word' id='word_1_613' title='bbox 491 5448 880 5517; x_wconf 79' lang='grc' dir='ltr'>κατεμέμφετο</span> <span class='ocrx_word' id='word_1_614' title='bbox 907 5451 1007 5519; x_wconf 81' lang='grc' dir='ltr'><strong>τήν</strong></span> <span class='ocrx_word' id='word_1_615' title='bbox 1039 5450 1299 5520; x_wconf 84' lang='grc' dir='ltr'>ἀκαιρίαν</span> <span class='ocrx_word' id='word_1_616' title='bbox 1327 5451 1426 5517; x_wconf 80' lang='grc' dir='ltr'>τῆς</span> <span class='ocrx_word' id='word_1_617' title='bbox 1454 5453 1610 5503; x_wconf 83' lang='grc' dir='ltr'>νόσου</span> <span class='ocrx_word' id='word_1_618' title='bbox 1642 5450 1728 5518; x_wconf 83' lang='grc' dir='ltr'>ἐφ’</span> <span class='ocrx_word' id='word_1_619' title='bbox 1757 5449 1929 5514; x_wconf 78' lang='grc' dir='ltr'>οὕτως</span> 
     </span>
    </p>
   </div>
   <div class='ocr_carea' id='block_1_90' title="bbox 352 5540 1930 5614">
    <p class='ocr_par' dir='ltr' id='par_1_90' title="bbox 352 5540 1930 5614">
     <span class='ocr_line' id='line_1_90' title="bbox 352 5540 1930 5614; baseline 0.001 -21"><span class='ocrx_word' id='word_1_620' title='bbox 352 5540 658 5607; x_wconf 82' lang='grc' dir='ltr'>ἀναγκα”ου</span> <span class='ocrx_word' id='word_1_621' title='bbox 703 5542 900 5611; x_wconf 89' lang='grc' dir='ltr'>καιροῦ</span> <span class='ocrx_word' id='word_1_622' title='bbox 942 5543 1038 5596; x_wconf 71' lang='grc' dir='ltr'><strong>καὶ</strong></span> <span class='ocrx_word' id='word_1_623' title='bbox 1082 5540 1344 5612; x_wconf 84' lang='grc' dir='ltr'>δεομένου</span> <span class='ocrx_word' id='word_1_624' title='bbox 1377 5542 1576 5614; x_wconf 82' lang='grc' dir='ltr'>βουλῆς</span> <span class='ocrx_word' id='word_1_625' title='bbox 1627 5545 1930 5613; x_wconf 70' lang='grc' dir='ltr'>γεγενημέο</span> 
     </span>
    </p>
   </div>
   <div class='ocr_carea' id='block_1_91' title="bbox 352 5630 1930 5704">
    <p class='ocr_par' dir='ltr' id='par_1_91' title="bbox 352 5630 1930 5704">
     <span class='ocr_line' id='line_1_91' title="bbox 352 5630 1930 5704; baseline 0.002 -20"><span class='ocrx_word' id='word_1_626' title='bbox 352 5647 457 5700; x_wconf 88' lang='grc' dir='ltr'><strong>νην</strong></span> <span class='ocrx_word' id='word_1_627' title='bbox 480 5647 494 5662; x_wconf 86' lang='grc'><strong>·</strong></span> <span class='ocrx_word' id='word_1_628' title='bbox 523 5630 715 5686; x_wconf 74' lang='grc' dir='ltr'>ἔπειτα</span> <span class='ocrx_word' id='word_1_629' title='bbox 738 5634 795 5685; x_wconf 77' lang='grc' dir='ltr'>δὲ</span> <span class='ocrx_word' id='word_1_630' title='bbox 815 5633 971 5700; x_wconf 78' lang='grc' dir='ltr'>ἔλεγε</span> <span class='ocrx_word' id='word_1_631' title='bbox 997 5633 1136 5704; x_wconf 77' lang='grc' dir='ltr'>πρὸς</span> <span class='ocrx_word' id='word_1_632' title='bbox 1162 5634 1348 5692; x_wconf 82' lang='grc' dir='ltr'>αὐτὸν,</span> <span class='ocrx_word' id='word_1_633' title='bbox 1367 5635 1442 5697; x_wconf 87' lang='grc' dir='ltr'>ὼς</span> <span class='ocrx_word' id='word_1_634' title='bbox 1464 5637 1514 5686; x_wconf 80' lang='grc' dir='ltr'><strong>εί</strong></span> <span class='ocrx_word' id='word_1_635' title='bbox 1552 5636 1651 5703; x_wconf 84' lang='grc' dir='ltr'>μὲν</span> <span class='ocrx_word' id='word_1_636' title='bbox 1672 5637 1766 5688; x_wconf 74' lang='grc' dir='ltr'><strong>καὶ</strong></span> <span class='ocrx_word' id='word_1_637' title='bbox 1783 5635 1930 5704; x_wconf 82' lang='grc' dir='ltr'>αὐτῷ</span> 
     </span>
    </p>
   </div>
   <div class='ocr_carea' id='block_1_92' title="bbox 354 5721 1928 5800">
    <p class='ocr_par' dir='ltr' id='par_1_92' title="bbox 354 5721 1928 5800">
     <span class='ocr_line' id='line_1_92' title="bbox 354 5721 1928 5800; baseline 0.003 -24"><span class='ocrx_word' id='word_1_638' title='bbox 354 5721 416 5777; x_wconf 73' lang='grc' dir='ltr'>εὖ</span> <span class='ocrx_word' id='word_1_639' title='bbox 451 5724 597 5794; x_wconf 68' lang='grc' dir='ltr'>ἒχειν</span> <span class='ocrx_word' id='word_1_640' title='bbox 643 5725 675 5791; x_wconf 87' lang='grc' dir='ltr'><strong>ή</strong></span> <span class='ocrx_word' id='word_1_641' title='bbox 718 5724 816 5777; x_wconf 84' lang='grc' dir='ltr'><strong>τοῦ</strong></span> <span class='ocrx_word' id='word_1_642' title='bbox 848 5728 1190 5795; x_wconf 78' lang='grc' dir='ltr'>πατριάρχου</span> <span class='ocrx_word' id='word_1_643' title='bbox 1221 5726 1387 5785; x_wconf 83' lang='grc' dir='ltr'>δοκεῖ’</span> <span class='ocrx_word' id='word_1_644' title='bbox 1409 5726 1589 5800; x_wconf 32' lang='grc' dir='ltr'>βουλὴν</span> <span class='ocrx_word' id='word_1_645' title='bbox 1644 5726 1834 5798; x_wconf 81' lang='grc' dir='ltr'>ὥσπερ</span> <span class='ocrx_word' id='word_1_646' title='bbox 1863 5729 1928 5799; x_wconf 77' lang='grc' dir='ltr'>δὴ</span> 
     </span>
    </p>
   </div>
   <div class='ocr_carea' id='block_1_93' title="bbox 642 5816 1303 5879">
    <p class='ocr_par' dir='ltr' id='par_1_93' title="bbox 642 5816 1303 5879">
     <span class='ocr_line' id='line_1_93' title="bbox 642 5816 1303 5879; baseline 0.005 -5"><span class='ocrx_word' id='word_1_647' title='bbox 642 5816 916 5876; x_wconf 58' lang='lat' dir='ltr'><strong>Parrum“</strong></span> <span class='ocrx_word' id='word_1_648' title='bbox 947 5820 1060 5877; x_wconf 74' lang='lat' dir='ltr'><strong>Gn.</strong></span> <span class='ocrx_word' id='word_1_649' title='bbox 1105 5820 1303 5879; x_wconf 78' lang='lat' dir='ltr'><strong>CLlll.</strong></span> 
     </span>
    </p>
   </div>
   <div class='ocr_carea' id='block_1_94' title="bbox 2031 3167 3604 3243">
    <p class='ocr_par' dir='ltr' id='par_1_94' title="bbox 2031 3167 3604 3243">
     <span class='ocr_line' id='line_1_94' title="bbox 2031 3167 3604 3243; baseline 0.005 -22"><span class='ocrx_word' id='word_1_650' title='bbox 2031 3167 2288 3224; x_wconf 89' lang='lat' dir='ltr'><strong>omnibus</strong></span> <span class='ocrx_word' id='word_1_651' title='bbox 2308 3168 2734 3239; x_wconf 88' lang='lat' dir='ltr'><strong>imperatoribus</strong></span> <span class='ocrx_word' id='word_1_652' title='bbox 2750 3171 2883 3241; x_wconf 88' lang='lat' dir='ltr'><strong>asyli</strong></span> <span class='ocrx_word' id='word_1_653' title='bbox 2894 3170 3021 3241; x_wconf 89' lang='lat' dir='ltr'><strong>jure</strong></span> <span class='ocrx_word' id='word_1_654' title='bbox 3034 3174 3355 3228; x_wconf 85' lang='lat' dir='ltr'><strong>honoratam</strong></span> <span class='ocrx_word' id='word_1_655' title='bbox 3368 3188 3604 3243; x_wconf 84' lang='lat' dir='ltr'><strong>constet,</strong></span> 
     </span>
    </p>
   </div>
   <div class='ocr_carea' id='block_1_95' title="bbox 2031 3258 3602 3338">
    <p class='ocr_par' dir='ltr' id='par_1_95' title="bbox 2031 3258 3602 3338">
     <span class='ocr_line' id='line_1_95' title="bbox 2031 3258 3602 3338; baseline 0.008 -25"><span class='ocrx_word' id='word_1_656' title='bbox 2031 3258 2218 3314; x_wconf 91' lang='lat' dir='ltr'><strong>licebit</strong></span> <span class='ocrx_word' id='word_1_657' title='bbox 2249 3268 2305 3313; x_wconf 92' lang='lat' dir='ltr'><strong>et</strong></span> <span class='ocrx_word' id='word_1_658' title='bbox 2329 3259 2492 3315; x_wconf 86' lang='lat' dir='ltr'><strong>nobis</strong></span> <span class='ocrx_word' id='word_1_659' title='bbox 2515 3260 2808 3314; x_wconf 88' lang='lat' dir='ltr'><strong>honestum</strong></span> <span class='ocrx_word' id='word_1_660' title='bbox 2833 3260 3129 3318; x_wconf 84' lang='lat' dir='ltr'><strong>Alexandri</strong></span> <span class='ocrx_word' id='word_1_661' title='bbox 3156 3264 3349 3335; x_wconf 78' lang='lat' dir='ltr'><strong>legatis</strong></span> <span class='ocrx_word' id='word_1_662' title='bbox 3372 3284 3602 3338; x_wconf 88' lang='lat' dir='ltr'><strong>respon-</strong></span> 
     </span>
    </p>
   </div>
   <div class='ocr_carea' id='block_1_96' title="bbox 2030 3349 3606 3426">
    <p class='ocr_par' dir='ltr' id='par_1_96' title="bbox 2030 3349 3606 3426">
     <span class='ocr_line' id='line_1_96' title="bbox 2030 3349 3606 3426; baseline 0.008 -21"><span class='ocrx_word' id='word_1_663' title='bbox 2030 3366 2150 3405; x_wconf 89' lang='lat' dir='ltr'><strong>sum</strong></span> <span class='ocrx_word' id='word_1_664' title='bbox 2181 3350 2450 3418; x_wconf 89' lang='lat' dir='ltr'><strong>reddere;</strong></span> <span class='ocrx_word' id='word_1_665' title='bbox 2480 3349 2628 3405; x_wconf 80' lang='lat' dir='ltr'><strong>nefas</strong></span> <span class='ocrx_word' id='word_1_666' title='bbox 2646 3350 2815 3407; x_wconf 87' lang='lat' dir='ltr'><strong>l&#39;uisse</strong></span> <span class='ocrx_word' id='word_1_667' title='bbox 2847 3353 3006 3409; x_wconf 85' lang='lat' dir='ltr'><strong>nobis</strong></span> <span class='ocrx_word' id='word_1_668' title='bbox 3026 3354 3118 3409; x_wconf 88' lang='lat' dir='ltr'><strong>Dei</strong></span> <span class='ocrx_word' id='word_1_669' title='bbox 3146 3357 3449 3426; x_wconf 89' lang='lat' dir='ltr'><strong>supplicem</strong></span> <span class='ocrx_word' id='word_1_670' title='bbox 3480 3362 3606 3417; x_wconf 74' lang='lat' dir='ltr'><strong>abs-</strong></span> 
     </span>
    </p>
   </div>
   <div class='ocr_carea' id='block_1_97' title="bbox 2032 3442 3605 3521">
    <p class='ocr_par' dir='ltr' id='par_1_97' title="bbox 2032 3442 3605 3521">
     <span class='ocr_line' id='line_1_97' title="bbox 2032 3442 3605 3521; baseline 0.008 -25"><span class='ocrx_word' id='word_1_671' title='bbox 2032 3443 2268 3507; x_wconf 82' lang='lat' dir='ltr'><strong>trahere,</strong></span> <span class='ocrx_word' id='word_1_672' title='bbox 2298 3452 2353 3498; x_wconf 85' lang='lat' dir='ltr'><strong>et</strong></span> <span class='ocrx_word' id='word_1_673' title='bbox 2377 3442 2498 3498; x_wconf 89' lang='lat' dir='ltr'><strong>aliis</strong></span> <span class='ocrx_word' id='word_1_674' title='bbox 2541 3442 2983 3499; x_wconf 76' lang='lat' dir='ltr'><strong>interficiendum</strong></span> <span class='ocrx_word' id='word_1_675' title='bbox 3032 3447 3353 3516; x_wconf 86' lang='lat' dir='ltr'><strong>transdere;</strong></span> <span class='ocrx_word' id='word_1_676' title='bbox 3385 3454 3605 3521; x_wconf 86' lang='lat' dir='ltr'><strong>quando</strong></span> 
     </span>
    </p>
   </div>
   <div class='ocr_carea' id='block_1_98' title="bbox 2030 3533 3606 3615">
    <p class='ocr_par' dir='ltr' id='par_1_98' title="bbox 2030 3533 3606 3615">
     <span class='ocr_line' id='line_1_98' title="bbox 2030 3533 3606 3615; baseline 0.01 -31"><span class='ocrx_word' id='word_1_677' title='bbox 2030 3533 2083 3585; x_wconf 89' lang='lat' dir='ltr'><strong>id</strong></span> <span class='ocrx_word' id='word_1_678' title='bbox 2104 3535 2156 3587; x_wconf 92' lang='lat' dir='ltr'><strong>in</strong></span> <span class='ocrx_word' id='word_1_679' title='bbox 2183 3533 2389 3589; x_wconf 88' lang='lat' dir='ltr'><strong>scelere</strong></span> <span class='ocrx_word' id='word_1_680' title='bbox 2402 3534 2647 3588; x_wconf 92' lang='lat' dir='ltr'><strong>omnium</strong></span> <span class='ocrx_word' id='word_1_681' title='bbox 2675 3534 3047 3604; x_wconf 90' lang='lat' dir='ltr'><strong>impurissimo</strong></span> <span class='ocrx_word' id='word_1_682' title='bbox 3065 3553 3093 3591; x_wconf 90' lang='lat' dir='ltr'><strong>a</strong></span> <span class='ocrx_word' id='word_1_683' title='bbox 3113 3539 3375 3597; x_wconf 80' lang='lat' dir='ltr'><strong>Romanis</strong></span> <span class='ocrx_word' id='word_1_684' title='bbox 3389 3560 3606 3615; x_wconf 81' lang='lat' dir='ltr'><strong>semper</strong></span> 
     </span>
    </p>
   </div>
   <div class='ocr_carea' id='block_1_99' title="bbox 2030 3622 3602 3699">
    <p class='ocr_par' dir='ltr' id='par_1_99' title="bbox 2030 3622 3602 3699">
     <span class='ocr_line' id='line_1_99' title="bbox 2030 3622 3602 3699; baseline 0.01 -23"><span class='ocrx_word' id='word_1_685' title='bbox 2030 3636 2379 3681; x_wconf 88' lang='lat' dir='ltr'><strong>numeratum</strong></span> <span class='ocrx_word' id='word_1_686' title='bbox 2429 3624 2521 3681; x_wconf 82' lang='lat' dir='ltr'><strong>sit.</strong></span> <span class='ocrx_word' id='word_1_687' title='bbox 2566 3626 2721 3681; x_wconf 86' lang='lat' dir='ltr'><strong>Multi</strong></span> <span class='ocrx_word' id='word_1_688' title='bbox 2778 3629 2946 3698; x_wconf 80' lang='lat' dir='ltr'><strong>igitur</strong></span> <span class='ocrx_word' id='word_1_689' title='bbox 2977 3622 3280 3699; x_wconf 75' lang='lat' dir='ltr'><strong>praesentes</strong></span> <span class='ocrx_word' id='word_1_690' title='bbox 3309 3637 3602 3691; x_wconf 65' lang='lat' dir='ltr'><strong>consilium</strong></span> 
     </span>
    </p>
   </div>
   <div class='ocr_carea' id='block_1_100' title="bbox 2031 3717 3679 3797">
    <p class='ocr_par' dir='ltr' id='par_1_100' title="bbox 2031 3717 3679 3797">
     <span class='ocr_line' id='line_1_100' title="bbox 2031 3717 3679 3797; baseline 0.008 -28"><span class='ocrx_word' id='word_1_691' title='bbox 2031 3717 2135 3771; x_wconf 86' lang='lat' dir='ltr'><strong>hoc</strong></span> <span class='ocrx_word' id='word_1_692' title='bbox 2189 3719 2241 3773; x_wconf 93' lang='lat' dir='ltr'><strong>in</strong></span> <span class='ocrx_word' id='word_1_693' title='bbox 2288 3720 2487 3774; x_wconf 87' lang='lat' dir='ltr'><strong>coelum</strong></span> <span class='ocrx_word' id='word_1_694' title='bbox 2538 3720 2811 3785; x_wconf 79' lang='lat' dir='ltr'><strong>ferebant,</strong></span> <span class='ocrx_word' id='word_1_695' title='bbox 2852 3723 3232 3795; x_wconf 88' lang='lat' dir='ltr'><strong>optimumque</strong></span> <span class='ocrx_word' id='word_1_696' title='bbox 3257 3741 3322 3781; x_wconf 92' lang='lat' dir='ltr'><strong>ac</strong></span> <span class='ocrx_word' id='word_1_697' title='bbox 3359 3730 3605 3797; x_wconf 86' lang='lat' dir='ltr'><strong>pruden-</strong></span> <span class='ocrx_word' id='word_1_698' title='bbox 3672 3776 3679 3782; x_wconf 94' lang='lat'><strong>.</strong></span> 
     </span>
    </p>
   </div>
   <div class='ocr_carea' id='block_1_101' title="bbox 2031 3812 3601 3892">
    <p class='ocr_par' dir='ltr' id='par_1_101' title="bbox 2031 3812 3601 3892">
     <span class='ocr_line' id='line_1_101' title="bbox 2031 3812 3601 3892; baseline 0.009 -28"><span class='ocrx_word' id='word_1_699' title='bbox 2031 3812 2330 3878; x_wconf 83' lang='lat' dir='ltr'><strong>tissimum,</strong></span> <span class='ocrx_word' id='word_1_700' title='bbox 2377 3822 2433 3867; x_wconf 84' lang='lat' dir='ltr'><strong>et</strong></span> <span class='ocrx_word' id='word_1_701' title='bbox 2464 3814 2530 3869; x_wconf 92' lang='lat' dir='ltr'><strong>ad</strong></span> <span class='ocrx_word' id='word_1_702' title='bbox 2561 3815 2771 3885; x_wconf 76' lang='lat' dir='ltr'><strong>legatos</strong></span> <span class='ocrx_word' id='word_1_703' title='bbox 2796 3816 3088 3872; x_wconf 78' lang='lat' dir='ltr'><strong>Alexandri</strong></span> <span class='ocrx_word' id='word_1_704' title='bbox 3122 3818 3204 3889; x_wconf 92' lang='lat' dir='ltr'><strong>(ut</strong></span> <span class='ocrx_word' id='word_1_705' title='bbox 3230 3822 3323 3889; x_wconf 92' lang='lat' dir='ltr'><strong>qui</strong></span> <span class='ocrx_word' id='word_1_706' title='bbox 3354 3825 3461 3890; x_wconf 85' lang='lat' dir='ltr'><strong>jam</strong></span> <span class='ocrx_word' id='word_1_707' title='bbox 3499 3823 3601 3892; x_wconf 88' lang='lat' dir='ltr'><strong>ipsi</strong></span> 
     </span>
    </p>
   </div>
   <div class='ocr_carea' id='block_1_102' title="bbox 2028 3906 3602 3984">
    <p class='ocr_par' dir='ltr' id='par_1_102' title="bbox 2028 3906 3602 3984">
     <span class='ocr_line' id='line_1_102' title="bbox 2028 3906 3602 3984; baseline 0.01 -31"><span class='ocrx_word' id='word_1_708' title='bbox 2028 3917 2255 3973; x_wconf 89' lang='lat' dir='ltr'><strong>quoque</strong></span> <span class='ocrx_word' id='word_1_709' title='bbox 2294 3906 2656 3961; x_wconf 84' lang='lat' dir='ltr'><strong>recusationis</strong></span> <span class='ocrx_word' id='word_1_710' title='bbox 2687 3909 3147 3963; x_wconf 83' lang='lat' dir='ltr'><strong>necessitudinem</strong></span> <span class='ocrx_word' id='word_1_711' title='bbox 3179 3913 3602 3984; x_wconf 87' lang='lat' dir='ltr'><strong>perspicerent),</strong></span> 
     </span>
    </p>
   </div>
   <div class='ocr_carea' id='block_1_103' title="bbox 2030 3994 3598 4068">
    <p class='ocr_par' dir='ltr' id='par_1_103' title="bbox 2030 3994 3598 4068">
     <span class='ocr_line' id='line_1_103' title="bbox 2030 3994 3598 4068; baseline 0.004 -18"><span class='ocrx_word' id='word_1_712' title='bbox 2030 4011 2089 4050; x_wconf 91' lang='lat' dir='ltr'><strong>re</strong></span> <span class='ocrx_word' id='word_1_713' title='bbox 2133 3994 2453 4065; x_wconf 73' lang='lat' dir='ltr'><strong>imperfecta</strong></span> <span class='ocrx_word' id='word_1_714' title='bbox 2503 3995 2860 4050; x_wconf 85' lang='lat' dir='ltr'><strong>dimittendos</strong></span> <span class='ocrx_word' id='word_1_715' title='bbox 2892 3998 3051 4066; x_wconf 79' lang='lat' dir='ltr'><strong>longe</strong></span> <span class='ocrx_word' id='word_1_716' title='bbox 3072 4003 3598 4068; x_wconf 88' lang='lat' dir='ltr'><strong>opportunissimmn</strong></span> 
     </span>
    </p>
   </div>
   <div class='ocr_carea' id='block_1_104' title="bbox 2025 4082 3601 4163">
    <p class='ocr_par' dir='ltr' id='par_1_104' title="bbox 2025 4082 3601 4163">
     <span class='ocr_line' id='line_1_104' title="bbox 2025 4082 3601 4163; baseline 0.007 -26"><span class='ocrx_word' id='word_1_717' title='bbox 2025 4084 2366 4155; x_wconf 88' lang='lat' dir='ltr'><strong>judicabant.</strong></span> <span class='ocrx_word' id='word_1_718' title='bbox 2426 4082 2667 4137; x_wconf 88' lang='lat' dir='ltr'><strong>Taccnte</strong></span> <span class='ocrx_word' id='word_1_719' title='bbox 2718 4100 2914 4153; x_wconf 82' lang='lat' dir='ltr'><strong>magno</strong></span> <span class='ocrx_word' id='word_1_720' title='bbox 2954 4086 3296 4156; x_wconf 88' lang='lat' dir='ltr'><strong>domestico,</strong></span> <span class='ocrx_word' id='word_1_721' title='bbox 3358 4094 3601 4163; x_wconf 82' lang='lat' dir='ltr'><strong>Augusta</strong></span> 
     </span>
    </p>
   </div>
   <div class='ocr_carea' id='block_1_105' title="bbox 2030 4172 3598 4252">
    <p class='ocr_par' dir='ltr' id='par_1_105' title="bbox 2030 4172 3598 4252">
     <span class='ocr_line' id='line_1_105' title="bbox 2030 4172 3598 4252; baseline 0.01 -27"><span class='ocrx_word' id='word_1_722' title='bbox 2030 4174 2266 4244; x_wconf 88' lang='lat' dir='ltr'><strong>primum</strong></span> <span class='ocrx_word' id='word_1_723' title='bbox 2293 4172 2362 4226; x_wconf 86' lang='lat' dir='ltr'><strong>de</strong></span> <span class='ocrx_word' id='word_1_724' title='bbox 2395 4173 2565 4226; x_wconf 79' lang='lat' dir='ltr'><strong>morbi</strong></span> <span class='ocrx_word' id='word_1_725' title='bbox 2597 4174 2718 4240; x_wconf 90' lang='lat' dir='ltr'><strong>ejus</strong></span> <span class='ocrx_word' id='word_1_726' title='bbox 2748 4173 3183 4244; x_wconf 85' lang='lat' dir='ltr'><strong>importunitate,</strong></span> <span class='ocrx_word' id='word_1_727' title='bbox 3208 4191 3452 4252; x_wconf 85' lang='lat' dir='ltr'><strong>tempore</strong></span> <span class='ocrx_word' id='word_1_728' title='bbox 3489 4194 3598 4240; x_wconf 88' lang='lat' dir='ltr'><strong>tam</strong></span> 
     </span>
    </p>
   </div>
   <div class='ocr_carea' id='block_1_106' title="bbox 2006 4262 3603 4337">
    <p class='ocr_par' dir='ltr' id='par_1_106' title="bbox 2006 4262 3603 4337">
     <span class='ocr_line' id='line_1_106' title="bbox 2006 4262 3603 4337; baseline 0.008 -17"><span class='ocrx_word' id='word_1_729' title='bbox 2006 4262 2256 4336; x_wconf 61' lang='lat' dir='ltr'><strong>&quot;ancipiti</strong></span> <span class='ocrx_word' id='word_1_730' title='bbox 2288 4276 2344 4320; x_wconf 87' lang='lat' dir='ltr'><strong>et</strong></span> <span class='ocrx_word' id='word_1_731' title='bbox 2377 4264 2609 4320; x_wconf 84' lang='lat' dir='ltr'><strong>consilio</strong></span> <span class='ocrx_word' id='word_1_732' title='bbox 2628 4275 2844 4336; x_wconf 76' lang='lat' dir='ltr'><strong>egente,</strong></span> <span class='ocrx_word' id='word_1_733' title='bbox 2890 4271 3241 4337; x_wconf 89' lang='lat' dir='ltr'><strong>querebatur.</strong></span> <span class='ocrx_word' id='word_1_734' title='bbox 3272 4273 3476 4330; x_wconf 81' lang='lat' dir='ltr'><strong>Deinde</strong></span> <span class='ocrx_word' id='word_1_735' title='bbox 3507 4280 3603 4331; x_wconf 89' lang='lat' dir='ltr'><strong>ad-</strong></span> 
     </span>
    </p>
   </div>
   <div class='ocr_carea' id='block_1_107' title="bbox 1958 4358 3600 4450">
    <p class='ocr_par' dir='ltr' id='par_1_107' title="bbox 1958 4358 3600 4450">
     <span class='ocr_line' id='line_1_107' title="bbox 1958 4358 3600 4450; baseline 0.009 -38"><span class='ocrx_word' id='word_1_736' title='bbox 1958 4396 2002 4450; x_wconf 68' lang='grc' dir='ltr'><strong>ι)</strong></span> <span class='ocrx_word' id='word_1_737' title='bbox 2033 4360 2313 4425; x_wconf 88' lang='lat' dir='ltr'><strong>monebat,</strong></span> <span class='ocrx_word' id='word_1_738' title='bbox 2359 4358 2402 4413; x_wconf 90' lang='lat' dir='ltr'><strong>si</strong></span> <span class='ocrx_word' id='word_1_739' title='bbox 2430 4358 2671 4428; x_wconf 79' lang='lat' dir='ltr'><strong>placeret</strong></span> <span class='ocrx_word' id='word_1_740' title='bbox 2695 4359 2746 4414; x_wconf 91' lang='lat' dir='ltr'><strong>ei</strong></span> <span class='ocrx_word' id='word_1_741' title='bbox 2772 4361 3101 4429; x_wconf 66' lang='lat' dir='ltr'><strong>patriarcha:</strong></span> <span class='ocrx_word' id='word_1_742' title='bbox 3130 4366 3296 4431; x_wconf 90' lang='lat' dir='ltr'><strong>ratio,</strong></span> <span class='ocrx_word' id='word_1_743' title='bbox 3322 4373 3600 4437; x_wconf 82' lang='lat' dir='ltr'><strong>quomodo</strong></span> 
     </span>
    </p>
   </div>
   <div class='ocr_carea' id='block_1_108' title="bbox 2035 4449 3596 4528">
    <p class='ocr_par' dir='ltr' id='par_1_108' title="bbox 2035 4449 3596 4528">
     <span class='ocr_line' id='line_1_108' title="bbox 2035 4449 3596 4528; baseline 0.008 -24"><span class='ocrx_word' id='word_1_744' title='bbox 2035 4451 2157 4506; x_wconf 92' lang='lat' dir='ltr'><strong>aliis</strong></span> <span class='ocrx_word' id='word_1_745' title='bbox 2203 4466 2266 4506; x_wconf 90' lang='lat' dir='ltr'><strong>ac</strong></span> <span class='ocrx_word' id='word_1_746' title='bbox 2307 4451 2409 4506; x_wconf 88' lang='lat' dir='ltr'><strong>sibi</strong></span> <span class='ocrx_word' id='word_1_747' title='bbox 2445 4449 2766 4520; x_wconf 76' lang='lat' dir='ltr'><strong>placuisset,</strong></span> <span class='ocrx_word' id='word_1_748' title='bbox 2790 4452 2941 4506; x_wconf 85' lang='lat' dir='ltr'><strong>vultu</strong></span> <span class='ocrx_word' id='word_1_749' title='bbox 2976 4466 3269 4522; x_wconf 78' lang='lat' dir='ltr'><strong>abnueret,</strong></span> <span class='ocrx_word' id='word_1_750' title='bbox 3316 4467 3481 4528; x_wconf 89' lang='lat' dir='ltr'><strong>atque</strong></span> <span class='ocrx_word' id='word_1_751' title='bbox 3521 4463 3596 4516; x_wconf 89' lang='lat' dir='ltr'><strong>ita</strong></span> 
     </span>
    </p>
   </div>
   <div class='ocr_carea' id='block_1_109' title="bbox 2032 4541 3600 4609">
    <p class='ocr_par' dir='ltr' id='par_1_109' title="bbox 2032 4541 3600 4609">
     <span class='ocr_line' id='line_1_109' title="bbox 2032 4541 3600 4609; baseline 0.008 -13"><span class='ocrx_word' id='word_1_752' title='bbox 2032 4543 2179 4596; x_wconf 77' lang='lat' dir='ltr'><strong>dicta</strong></span> <span class='ocrx_word' id='word_1_753' title='bbox 2206 4541 2583 4605; x_wconf 78' lang='lat' dir='ltr'><strong>conﬁrmaret,</strong></span> <span class='ocrx_word' id='word_1_754' title='bbox 2615 4552 2670 4597; x_wconf 89' lang='lat' dir='ltr'><strong>et</strong></span> <span class='ocrx_word' id='word_1_755' title='bbox 2693 4544 3083 4598; x_wconf 87' lang='lat' dir='ltr'><strong>consultationi</strong></span> <span class='ocrx_word' id='word_1_756' title='bbox 3106 4545 3268 4601; x_wconf 84' lang='lat' dir='ltr'><strong>linem</strong></span> <span class='ocrx_word' id='word_1_757' title='bbox 3296 4549 3473 4606; x_wconf 84' lang='lat' dir='ltr'><strong>daret.</strong></span> <span class='ocrx_word' id='word_1_758' title='bbox 3505 4552 3600 4609; x_wconf 89' lang='lat' dir='ltr'><strong>Sin</strong></span> 
     </span>
    </p>
   </div>
   <div class='ocr_carea' id='block_1_110' title="bbox 2030 4633 3603 4713">
    <p class='ocr_par' dir='ltr' id='par_1_110' title="bbox 2030 4633 3603 4713">
     <span class='ocr_line' id='line_1_110' title="bbox 2030 4633 3603 4713; baseline 0.005 -26"><span class='ocrx_word' id='word_1_759' title='bbox 2030 4634 2160 4703; x_wconf 92' lang='lat' dir='ltr'><strong>quid</strong></span> <span class='ocrx_word' id='word_1_760' title='bbox 2204 4633 2350 4688; x_wconf 89' lang='lat' dir='ltr'><strong>aliud</strong></span> <span class='ocrx_word' id='word_1_761' title='bbox 2401 4633 2600 4687; x_wconf 87' lang='lat' dir='ltr'><strong>melius</strong></span> <span class='ocrx_word' id='word_1_762' title='bbox 2641 4643 2696 4688; x_wconf 92' lang='lat' dir='ltr'><strong>et</strong></span> <span class='ocrx_word' id='word_1_763' title='bbox 2741 4635 2932 4689; x_wconf 88' lang='lat' dir='ltr'><strong>utilius</strong></span> <span class='ocrx_word' id='word_1_764' title='bbox 2979 4635 3229 4705; x_wconf 86' lang='lat' dir='ltr'><strong>haberet,</strong></span> <span class='ocrx_word' id='word_1_765' title='bbox 3265 4655 3325 4695; x_wconf 89' lang='lat' dir='ltr'><strong>se</strong></span> <span class='ocrx_word' id='word_1_766' title='bbox 3367 4641 3420 4694; x_wconf 89' lang='lat' dir='ltr'><strong>in</strong></span> <span class='ocrx_word' id='word_1_767' title='bbox 3460 4660 3603 4713; x_wconf 62' lang='lat' dir='ltr'><strong>prm-</strong></span> 
     </span>
    </p>
   </div>
   <div class='ocr_carea' id='block_1_111' title="bbox 2029 4728 3603 4799">
    <p class='ocr_par' dir='ltr' id='par_1_111' title="bbox 2029 4728 3603 4799">
     <span class='ocr_line' id='line_1_111' title="bbox 2029 4728 3603 4799; baseline 0.006 -16"><span class='ocrx_word' id='word_1_768' title='bbox 2029 4728 2205 4783; x_wconf 86' lang='lat' dir='ltr'><strong>scntia</strong></span> <span class='ocrx_word' id='word_1_769' title='bbox 2262 4736 2487 4798; x_wconf 91' lang='lat' dir='ltr'><strong>propter</strong></span> <span class='ocrx_word' id='word_1_770' title='bbox 2514 4729 2632 4799; x_wconf 85' lang='lat' dir='ltr'><strong>ejus</strong></span> <span class='ocrx_word' id='word_1_771' title='bbox 2671 4731 3025 4784; x_wconf 88' lang='lat' dir='ltr'><strong>tentationem</strong></span> <span class='ocrx_word' id='word_1_772' title='bbox 3058 4735 3399 4791; x_wconf 79' lang='lat' dir='ltr'><strong>valetudznis</strong></span> <span class='ocrx_word' id='word_1_773' title='bbox 3422 4740 3603 4794; x_wconf 88' lang='lat' dir='ltr'><strong>consi-</strong></span> 
     </span>
    </p>
   </div>
   <div class='ocr_carea' id='block_1_112' title="bbox 2029 4817 3602 4893">
    <p class='ocr_par' dir='ltr' id='par_1_112' title="bbox 2029 4817 3602 4893">
     <span class='ocr_line' id='line_1_112' title="bbox 2029 4817 3602 4893; baseline 0.008 -22"><span class='ocrx_word' id='word_1_774' title='bbox 2029 4817 2164 4871; x_wconf 89' lang='lat' dir='ltr'><strong>lium</strong></span> <span class='ocrx_word' id='word_1_775' title='bbox 2217 4817 2567 4872; x_wconf 88' lang='lat' dir='ltr'><strong>dimissuram</strong></span> <span class='ocrx_word' id='word_1_776' title='bbox 2595 4859 2608 4881; x_wconf 94' lang='lat'><strong>,</strong></span> <span class='ocrx_word' id='word_1_777' title='bbox 2657 4820 2745 4872; x_wconf 87' lang='lat' dir='ltr'><strong>ubi</strong></span> <span class='ocrx_word' id='word_1_778' title='bbox 2803 4835 2862 4875; x_wconf 87' lang='lat' dir='ltr'><strong>se</strong></span> <span class='ocrx_word' id='word_1_779' title='bbox 2908 4835 2973 4875; x_wconf 82' lang='lat' dir='ltr'><strong>ex</strong></span> <span class='ocrx_word' id='word_1_780' title='bbox 3028 4822 3117 4876; x_wconf 87' lang='lat' dir='ltr'><strong>illa</strong></span> <span class='ocrx_word' id='word_1_781' title='bbox 3161 4837 3496 4893; x_wconf 84' lang='lat' dir='ltr'><strong>recreasset,</strong></span> <span class='ocrx_word' id='word_1_782' title='bbox 3532 4831 3602 4884; x_wconf 87' lang='lat' dir='ltr'><strong>de</strong></span> 
     </span>
    </p>
   </div>
   <div class='ocr_carea' id='block_1_113' title="bbox 2030 4908 3604 4985">
    <p class='ocr_par' dir='ltr' id='par_1_113' title="bbox 2030 4908 3604 4985">
     <span class='ocr_line' id='line_1_113' title="bbox 2030 4908 3604 4985; baseline 0.008 -23"><span class='ocrx_word' id='word_1_783' title='bbox 2030 4908 2225 4962; x_wconf 85' lang='lat' dir='ltr'><strong>iisdem</strong></span> <span class='ocrx_word' id='word_1_784' title='bbox 2265 4910 2447 4963; x_wconf 88' lang='lat' dir='ltr'><strong>denuo</strong></span> <span class='ocrx_word' id='word_1_785' title='bbox 2488 4918 2728 4965; x_wconf 75' lang='lat' dir='ltr'><strong>acturus.</strong></span> <span class='ocrx_word' id='word_1_786' title='bbox 2778 4911 3122 4968; x_wconf 82' lang='lat' dir='ltr'><strong>Domesticos</strong></span> <span class='ocrx_word' id='word_1_787' title='bbox 3150 4918 3371 4985; x_wconf 90' lang='lat' dir='ltr'><strong>paulum</strong></span> <span class='ocrx_word' id='word_1_788' title='bbox 3399 4935 3458 4975; x_wconf 87' lang='lat' dir='ltr'><strong>se</strong></span> <span class='ocrx_word' id='word_1_789' title='bbox 3490 4922 3604 4974; x_wconf 87' lang='lat' dir='ltr'><strong>col-</strong></span> 
     </span>
    </p>
   </div>
   <div class='ocr_carea' id='block_1_114' title="bbox 2029 4998 3598 5077">
    <p class='ocr_par' dir='ltr' id='par_1_114' title="bbox 2029 4998 3598 5077">
     <span class='ocr_line' id='line_1_114' title="bbox 2029 4998 3598 5077; baseline 0.006 -24"><span class='ocrx_word' id='word_1_790' title='bbox 2029 4998 2223 5069; x_wconf 81' lang='lat' dir='ltr'><strong>ligens,</strong></span> <span class='ocrx_word' id='word_1_791' title='bbox 2260 4999 2536 5055; x_wconf 82' lang='lat' dir='ltr'><strong>Videmini</strong></span> <span class='ocrx_word' id='word_1_792' title='bbox 2581 5003 2737 5066; x_wconf 89' lang='lat' dir='ltr'><strong>mihi,</strong></span> <span class='ocrx_word' id='word_1_793' title='bbox 2783 5004 2880 5069; x_wconf 91' lang='lat' dir='ltr'><strong>ait,</strong></span> <span class='ocrx_word' id='word_1_794' title='bbox 2917 5020 3023 5059; x_wconf 91' lang='lat' dir='ltr'><strong>non</strong></span> <span class='ocrx_word' id='word_1_795' title='bbox 3053 5012 3388 5077; x_wconf 85' lang='lat' dir='ltr'><strong>respondere</strong></span> <span class='ocrx_word' id='word_1_796' title='bbox 3418 5012 3485 5064; x_wconf 87' lang='lat' dir='ltr'><strong>ad</strong></span> <span class='ocrx_word' id='word_1_797' title='bbox 3510 5028 3598 5076; x_wconf 81' lang='lat' dir='ltr'><strong>ea,</strong></span> 
     </span>
    </p>
   </div>
   <div class='ocr_carea' id='block_1_115' title="bbox 2030 5092 3599 5160">
    <p class='ocr_par' dir='ltr' id='par_1_115' title="bbox 2030 5092 3599 5160">
     <span class='ocr_line' id='line_1_115' title="bbox 2030 5092 3599 5160; baseline 0.01 -18"><span class='ocrx_word' id='word_1_798' title='bbox 2030 5092 2096 5144; x_wconf 89' lang='lat' dir='ltr'><strong>de</strong></span> <span class='ocrx_word' id='word_1_799' title='bbox 2144 5092 2346 5160; x_wconf 89' lang='lat' dir='ltr'><strong>quibus</strong></span> <span class='ocrx_word' id='word_1_800' title='bbox 2400 5104 2623 5147; x_wconf 78' lang='lat' dir='ltr'><strong>ventum</strong></span> <span class='ocrx_word' id='word_1_801' title='bbox 2678 5104 2763 5158; x_wconf 80' lang='lat' dir='ltr'><strong>est</strong></span> <span class='ocrx_word' id='word_1_802' title='bbox 2814 5098 2869 5149; x_wconf 91' lang='lat' dir='ltr'><strong>in</strong></span> <span class='ocrx_word' id='word_1_803' title='bbox 2916 5098 3233 5153; x_wconf 87' lang='lat' dir='ltr'><strong>consilium.</strong></span> <span class='ocrx_word' id='word_1_804' title='bbox 3296 5100 3411 5155; x_wconf 84' lang='lat' dir='ltr'><strong>Non</strong></span> <span class='ocrx_word' id='word_1_805' title='bbox 3453 5104 3599 5159; x_wconf 74' lang='lat' dir='ltr'><strong>enim</strong></span> 
     </span>
    </p>
   </div>
   <div class='ocr_carea' id='block_1_116' title="bbox 2033 5182 3601 5262">
    <p class='ocr_par' dir='ltr' id='par_1_116' title="bbox 2033 5182 3601 5262">
     <span class='ocr_line' id='line_1_116' title="bbox 2033 5182 3601 5262; baseline 0.009 -28"><span class='ocrx_word' id='word_1_806' title='bbox 2033 5197 2178 5236; x_wconf 88' lang='lat' dir='ltr'><strong>nunc</strong></span> <span class='ocrx_word' id='word_1_807' title='bbox 2218 5182 2284 5236; x_wconf 93' lang='lat' dir='ltr'><strong>de</strong></span> <span class='ocrx_word' id='word_1_808' title='bbox 2314 5184 2660 5239; x_wconf 87' lang='lat' dir='ltr'><strong>sermonibus</strong></span> <span class='ocrx_word' id='word_1_809' title='bbox 2691 5185 2918 5241; x_wconf 83' lang='lat' dir='ltr'><strong>honesta</strong></span> <span class='ocrx_word' id='word_1_810' title='bbox 2950 5191 3134 5256; x_wconf 80' lang='lat' dir='ltr'><strong>specie</strong></span> <span class='ocrx_word' id='word_1_811' title='bbox 3174 5192 3427 5246; x_wconf 75' lang='lat' dir='ltr'><strong>conﬁctis</strong></span> <span class='ocrx_word' id='word_1_812' title='bbox 3450 5209 3601 5262; x_wconf 77' lang='lat' dir='ltr'><strong>qua-</strong></span> 
     </span>
    </p>
   </div>
   <div class='ocr_carea' id='block_1_117' title="bbox 2033 5273 3602 5349">
    <p class='ocr_par' dir='ltr' id='par_1_117' title="bbox 2033 5273 3602 5349">
     <span class='ocr_line' id='line_1_117' title="bbox 2033 5273 3602 5349; baseline 0.009 -23"><span class='ocrx_word' id='word_1_813' title='bbox 2033 5273 2173 5328; x_wconf 87' lang='lat' dir='ltr'><strong>ritur</strong></span> <span class='ocrx_word' id='word_1_814' title='bbox 2222 5291 2236 5326; x_wconf 89' lang='lat'><strong>:</strong></span> <span class='ocrx_word' id='word_1_815' title='bbox 2286 5275 2381 5329; x_wconf 78' lang='lat' dir='ltr'><strong>sed</strong></span> <span class='ocrx_word' id='word_1_816' title='bbox 2433 5291 2561 5327; x_wconf 85' lang='lat' dir='ltr'><strong>num</strong></span> <span class='ocrx_word' id='word_1_817' title='bbox 2613 5291 2734 5345; x_wconf 76' lang='lat' dir='ltr'><strong>qua:</strong></span> <span class='ocrx_word' id='word_1_818' title='bbox 2765 5279 3073 5334; x_wconf 82' lang='lat' dir='ltr'><strong>Alexander</strong></span> <span class='ocrx_word' id='word_1_819' title='bbox 3105 5282 3361 5349; x_wconf 81' lang='lat' dir='ltr'><strong>postulat,</strong></span> <span class='ocrx_word' id='word_1_820' title='bbox 3403 5300 3602 5340; x_wconf 82' lang='lat' dir='ltr'><strong>conce-</strong></span> 
     </span>
    </p>
   </div>
   <div class='ocr_carea' id='block_1_118' title="bbox 2031 5365 3603 5443">
    <p class='ocr_par' dir='ltr' id='par_1_118' title="bbox 2031 5365 3603 5443">
     <span class='ocr_line' id='line_1_118' title="bbox 2031 5365 3603 5443; baseline 0.009 -26"><span class='ocrx_word' id='word_1_821' title='bbox 2031 5365 2229 5424; x_wconf 84' lang='lat' dir='ltr'><strong>denda,</strong></span> <span class='ocrx_word' id='word_1_822' title='bbox 2281 5381 2347 5417; x_wconf 90' lang='lat' dir='ltr'><strong>an</strong></span> <span class='ocrx_word' id='word_1_823' title='bbox 2375 5366 2555 5433; x_wconf 86' lang='lat' dir='ltr'><strong>potius</strong></span> <span class='ocrx_word' id='word_1_824' title='bbox 2583 5367 2751 5421; x_wconf 87' lang='lat' dir='ltr'><strong>armis</strong></span> <span class='ocrx_word' id='word_1_825' title='bbox 2791 5384 2918 5422; x_wconf 92' lang='lat' dir='ltr'><strong>cum</strong></span> <span class='ocrx_word' id='word_1_826' title='bbox 2941 5385 3008 5424; x_wconf 89' lang='lat' dir='ltr'><strong>eo</strong></span> <span class='ocrx_word' id='word_1_827' title='bbox 3047 5370 3471 5443; x_wconf 79' lang='lat' dir='ltr'><strong>depugnandum</strong></span> <span class='ocrx_word' id='word_1_828' title='bbox 3505 5379 3603 5431; x_wconf 87' lang='lat' dir='ltr'><strong>sit.</strong></span> 
     </span>
    </p>
   </div>
   <div class='ocr_carea' id='block_1_119' title="bbox 2035 5457 3603 5532">
    <p class='ocr_par' dir='ltr' id='par_1_119' title="bbox 2035 5457 3603 5532">
     <span class='ocr_line' id='line_1_119' title="bbox 2035 5457 3603 5532; baseline 0.008 -22"><span class='ocrx_word' id='word_1_829' title='bbox 2035 5459 2139 5511; x_wconf 77' lang='lat' dir='ltr'><strong>Vos</strong></span> <span class='ocrx_word' id='word_1_830' title='bbox 2183 5469 2388 5517; x_wconf 85' lang='lat' dir='ltr'><strong>autem,</strong></span> <span class='ocrx_word' id='word_1_831' title='bbox 2418 5457 2730 5525; x_wconf 83' lang='lat' dir='ltr'><strong>posthabita</strong></span> <span class='ocrx_word' id='word_1_832' title='bbox 2770 5463 3193 5518; x_wconf 88' lang='lat' dir='ltr'><strong>consultationis</strong></span> <span class='ocrx_word' id='word_1_833' title='bbox 3241 5469 3488 5532; x_wconf 85' lang='lat' dir='ltr'><strong>materia,</strong></span> <span class='ocrx_word' id='word_1_834' title='bbox 3532 5470 3603 5523; x_wconf 86' lang='lat' dir='ltr'><strong>de</strong></span> 
     </span>
    </p>
   </div>
   <div class='ocr_carea' id='block_1_120' title="bbox 2026 5547 3600 5628">
    <p class='ocr_par' dir='ltr' id='par_1_120' title="bbox 2026 5547 3600 5628">
     <span class='ocr_line' id='line_1_120' title="bbox 2026 5547 3600 5628; baseline 0.011 -31"><span class='ocrx_word' id='word_1_835' title='bbox 2026 5549 2188 5616; x_wconf 87' lang='lat' dir='ltr'><strong>jure,</strong></span> <span class='ocrx_word' id='word_1_836' title='bbox 2237 5547 2617 5614; x_wconf 78' lang='lat' dir='ltr'><strong>institutisque</strong></span> <span class='ocrx_word' id='word_1_837' title='bbox 2680 5549 3050 5605; x_wconf 82' lang='lat' dir='ltr'><strong>Romanorum</strong></span> <span class='ocrx_word' id='word_1_838' title='bbox 3088 5554 3426 5622; x_wconf 88' lang='lat' dir='ltr'><strong>disputatis:</strong></span> <span class='ocrx_word' id='word_1_839' title='bbox 3469 5575 3600 5628; x_wconf 85' lang='lat' dir='ltr'><strong>per-</strong></span> 
     </span>
    </p>
   </div>
   <div class='ocr_carea' id='block_1_121' title="bbox 2034 5638 3596 5712">
    <p class='ocr_par' dir='ltr' id='par_1_121' title="bbox 2034 5638 3596 5712">
     <span class='ocr_line' id='line_1_121' title="bbox 2034 5638 3596 5712; baseline 0.007 -20"><span class='ocrx_word' id='word_1_840' title='bbox 2034 5640 2161 5692; x_wconf 88' lang='lat' dir='ltr'><strong>inde</strong></span> <span class='ocrx_word' id='word_1_841' title='bbox 2205 5653 2270 5692; x_wconf 87' lang='lat' dir='ltr'><strong>ac</strong></span> <span class='ocrx_word' id='word_1_842' title='bbox 2320 5638 2364 5691; x_wconf 89' lang='lat' dir='ltr'><strong>si</strong></span> <span class='ocrx_word' id='word_1_843' title='bbox 2393 5646 2577 5706; x_wconf 82' lang='lat' dir='ltr'><strong>esset,</strong></span> <span class='ocrx_word' id='word_1_844' title='bbox 2627 5640 2723 5708; x_wconf 90' lang='lat' dir='ltr'><strong>qui</strong></span> <span class='ocrx_word' id='word_1_845' title='bbox 2767 5641 3135 5694; x_wconf 82' lang='lat' dir='ltr'><strong>Alexandrum</strong></span> <span class='ocrx_word' id='word_1_846' title='bbox 3204 5657 3383 5712; x_wconf 83' lang='lat' dir='ltr'><strong>posset</strong></span> <span class='ocrx_word' id='word_1_847' title='bbox 3431 5649 3596 5703; x_wconf 88' lang='lat' dir='ltr'><strong>etiam</strong></span> 
     </span>
    </p>
   </div>
   <div class='ocr_carea' id='block_1_122' title="bbox 2018 5728 3597 5810">
    <p class='ocr_par' dir='ltr' id='par_1_122' title="bbox 2018 5728 3597 5810">
     <span class='ocr_line' id='line_1_122' title="bbox 2018 5728 3597 5810; baseline 0.01 -29"><span class='ocrx_word' id='word_1_848' title='bbox 2018 5744 2232 5798; x_wconf 61' lang='lat' dir='ltr'><strong>cogere</strong></span> <span class='ocrx_word' id='word_1_849' title='bbox 2285 5728 2350 5783; x_wconf 88' lang='lat' dir='ltr'><strong>ad</strong></span> <span class='ocrx_word' id='word_1_850' title='bbox 2397 5728 2890 5799; x_wconf 84' lang='lat' dir='ltr'><strong>obtemperandum</strong></span> <span class='ocrx_word' id='word_1_851' title='bbox 2944 5733 3314 5790; x_wconf 72' lang='lat' dir='ltr'><strong>liotuanorum</strong></span> <span class='ocrx_word' id='word_1_852' title='bbox 3366 5740 3597 5810; x_wconf 73' lang='lat' dir='ltr'><strong>legibus.</strong></span> 
     </span>
    </p>
   </div>
   <div class='ocr_carea' id='block_1_123' title="bbox 3243 5827 3322 5887">
    <p class='ocr_par' dir='ltr' id='par_1_123' title="bbox 3243 5827 3322 5887">
     <span class='ocr_line' id='line_1_123' title="bbox 3243 5827 3322 5887; baseline 0.025 -2"><span class='ocrx_word' id='word_1_853' title='bbox 3243 5827 3322 5887; x_wconf 82' lang='lat'><strong>23</strong></span> 
     </span>
    </p>
   </div>
  </div>
