4122 6296
557 371 665 432 ’715

1721 371 2065 436 iJOANNIS
2103 373 2627 431 CAN'i'ACUZiiNI

3694 364 3810 432 ’ῖίὸ

558 508 657 574 Qui
685 508 826 559 dicet
855 494 1081 562 fortasse
1110 526 1122 561 :
1149 507 1264 561 Non
1291 507 1451 569 mihi,
1480 504 1572 559 sed
1603 504 1861 558 Romanis
1885 504 1967 556 lim
1987 504 2117 572 leges

2235 484 2326 534 καὶ
2380 485 2488 544 τοῖς
2544 483 2725 544 ἄλλοις
2777 481 3019 546 συνέδοξε
3053 481 3146 533 καὶ
3197 482 3352 548 αὐτῇ,
3388 481 3674 531 ἐπινεῦσαι
3724 481 3808 541 ὡς

560 613 751 665 praesul
768 598 1026 660 ihuntur;
1053 613 1151 667 ego
1172 613 1333 651 unam
1352 597 1493 650 hanc
1512 596 1684 664 legem
1708 609 1963 664 agnoseo,
1981 595 2131 649 omni

561 689 777 740 ratione
806 703 921 740 mea
941 687 1227 743 commoda
1250 687 1503 756 persequi
1531 686 1664 755 (9‘2).
1683 681 2005 755 Quanquam
2033 702 2132 740 au-

563 792 671 830 tem
693 778 844 831 vobis
860 779 914 831 in
934 780 1103 832 sacris
1119 778 1283 847 asylis
1303 776 1615 832 Sismanum
1634 768 2130 854 licetabs‘condere,

560 869 724 921 urbes
757 877 959 931 tamen,
985 875 1038 922 et
1060 867 1281 922 castella
1307 866 1360 920 in
1387 867 1452 919 iis
1473 865 1808 921 abscondere
1835 880 1942 919 non
1967 866 2127 929 licet;

558 974 737 1026 neque
768 966 1013 1012 armenta
1046 959 1215 1012 boum
1247 967 1303 1012 et
1335 972 1525 1026 greges
1557 957 1766 1021 ovium,
1794 966 2130 1024 exterasque

556 1048 612 1101 in
664 1048 807 1116 agris
846 1049 1168 1118 facultates,
1210 1048 1372 1117 355
1414 1063 1483 1102 ex
1527 1048 1729 1118 quibus
1775 1048 1908 1102 mihi
1939 1063 2129 1118 pmnas

556 1137 775 1205 injuriae
816 1140 1162 1208 persolvetis.
1195 1139 1313 1192 Iluc
1360 1139 1562 1206 itaque,
1600 1154 1707 1191 non
1756 1139 1820 1192 ad
1854 1140 2130 1208 speciosas

555 1228 798 1281 rationes
844 1229 1305 1283 accommodanda
1350 1237 1433 1282 est
1462 1229 1615 1283 vobis
1638 1228 1984 1284 deliberatio.
2016 1228 2130 1298 Ego

554 1333 687 1371 vero
729 1334 922 1386 parum
971 1321 1148 1383 abest,
1202 1319 1338 1388 quin
1384 1320 1651 1388 meipsum
1715 1334 2000 1380 accusem,
2033 1320 2126 1388 qui

554 1408 742 1461 nescio
788 1408 1063 1477 quomodo
1107 1409 1174 1463 ad
1222 1410 1338 1465 tunc
1391 1410 1621 1464 dicenda
1661 1410 1950 1479 prolapsus
1982 1424 2123 1463 sum.

555 1500 773 1552 Dictum
796 1509 880 1554 est
902 1499 1048 1552 enim
1074 1500 1141 1554 ab
1171 1500 1348 1560 initio.
1368 1512 1421 1554 et
1449 1508 1622 1554 ratum
1652 1499 1720 1553 ab
1748 1500 2006 1553 ontnibus
2026 1501 2125 1555 ha-

551 1586 726 1640 bitum
755 1594 937 1657 (nemo
966 1588 1234 1656 siquidem
1253 1588 1581 1643 contradixit
1609 1591 1878 1657 prorsus),
1901 1589 1944 1643 si
1992 1590 2125 1659 quid

552 1686 830 1745 postremo
863 1662 1163 1733 reveiatum
1202 1680 1292 1742 sit,
1325 1687 1385 1731 ut
1407 1681 1622 1748 primus
1650 1687 1845 1734 taceat.
1875 1679 2040 1748 Atqui
2073 1679 2117 1734 si

554 1785 664 1821 non
722 1769 866 1821 inter
911 1777 1218 1837 postremos
1271 1768 1557 1832 collocato,
1602 1769 1696 1823 sed
1746 1779 1801 1821 et
1833 1770 2031 1837 primo,
2070 1778 2125 1824 et

556 1860 726 1912 curiae
760 1858 918 1927 longe
966 1858 1202 1927 principi
1232 1859 1326 1912 tali
1363 1859 1476 1912 visa
1512 1859 1640 1923 sint,
1668 1868 1725 1914 et
1757 1875 1786 1912 a
1815 1860 1967 1914 vobis
2000 1862 2124 1914 uni-

551 1950 731 2002 versis
769 1949 1091 2009 confirmata
1126 1965 1222 2017 pro
1256 1950 1503 2013 utilibus,
1551 1966 1648 2019 par
1676 1960 1758 2004 est
1790 1951 1964 2020 ipsum
1991 1967 2128 2020 quo-

553 2054 660 2107 que
695 2041 819 2095 boni
857 2041 1165 2104 consulere,
1192 2050 1248 2094 et
1278 2041 1420 2094 ultra
1447 2041 1583 2094 nihil
1617 2041 1834 2096 curiose
1862 2057 2118 2110 perscru-

550 2130 677 2182 tari.
722 2130 823 2184 liie
862 2146 985 2185 cum
1021 2130 1339 2200 imperati-ix
1364 2147 1491 2185 eum
1527 2132 1592 2186 ad
1630 2147 1793 2201 porro
1829 2132 2122 2189 dicendum

550 2220 770 2272 enixius
804 2221 1128 2288 impelleret,
1164 2234 1227 2275 ac
1254 2228 1594 2290 perurgeret,
1628 2221 1741 2276 Nec.
1771 2222 1891 2284 ista,
1922 2222 2121 2292 inquit,

550 2310 765 2363 tametsi
805 2326 999 2378 pauca,
1036 2310 1212 2364 libens
1235 2310 1456 2378 protuli.
1493 2310 1628 2365 Tum
1663 2312 1974 2380 patriarcha
2006 2313 2122 2367 haec

492 2426 495 2428 -
548 2413 677 2451 vera
727 2399 1008 2463 sentiens,
1056 2400 1239 2457 statim
1293 2407 1352 2452 ut
1403 2412 1462 2453 se
1502 2400 1661 2469 culpa
1690 2400 2122 2472 liberaret:Ego

553 2490 783 2556 primus,
842 2488 1038 2557 inquit,
1098 2489 1263 2544 etiam
1290 2489 1406 2558 ipse
1438 2488 1632 2563 fateor,
1662 2492 2118 2545 consultationem
2176 2558 2183 2559 ί

552 2588 797 2633 nostram
829 2579 968 2633 nihil
996 2579 1063 2632 ad
1092 2594 1155 2634 ea
1182 2579 1384 2643 facere,
1404 2596 1535 2649 quae.
1559 2581 1612 2634 in
1640 2582 1997 2650 qucestionem
2023 2582 2118 2636 anl—

550 2669 852 2722 ducuntur.
888 2667 1006 2723 Non
1041 2669 1187 2723 enim
1219 2669 1588 2725 Alexandrum
1618 2681 1960 2736 curaturum,
1994 2686 2118 2727 cum

549 2759 784 2821 ratione,
827 2774 895 2812 an
941 2773 1102 2812 secus
1131 2761 1202 2825 ,οἱ
1248 2761 1645 2830 reSpondeatur
1673 2781 1686 2814 :
1714 2762 1808 2816 sed
1844 2763 2118 2831 quomodo

550 2846 617 2895 ab
672 2843 829 2897 i;.itio
860 2844 966 2899 sibi
998 2847 1273 2914 proposita
1299 2848 1365 2901 ad
1394 2846 1554 2902 tinem
1593 2850 1880 2918 perducat.
1914 2851 1957 2904 si
1996 2866 2118 2920 pos-

547 2934 639 2986 sit.
670 2933 935 2998 Quocirca
971 2945 1028 2987 ct
1056 2934 1171 3003 ipse
1202 2950 1309 2989 non
1340 2935 1406 2989 de
1432 2938 1635 2996 verbis.
1666 2939 1757 2991 sed
1790 2938 1857 2993 de
1887 2940 1979 2993 illo
2008 2940 2117 2994 alio

546 3025 774 3079 consilia
826 3023 1080 3095 agitanda
1129 3026 1329 3079 sentio.
1381 3024 1518 3080 Aliis
1560 3026 1824 3083 omnibus
1866 3030 2115 3098 protinus

2235 572 2412 635 καλῶς
2454 573 2635 641 έχουσι
2661 575 2772 635 τοῖς
2813 572 3148 639 λεγομένοις,
3180 573 3273 622 καὶ
3308 570 3466 624 τοῦτο
3517 569 3807 622 ἐπιθέσθαι

2234 662 2405 729 πέρας
2437 664 2501 729 τῇ
2540 660 2722 730 βουλῇ.
2751 659 2813 710 Ei
2844 659 2898 710 δέ
2927 676 2978 710 τι
3026 657 3235 725 βέλτιον
3285 656 3434 726 αὐτῷ
3471 656 3566 707 καὶ
3591 658 3807 706 λυσιτε-

2232 753 2485 824 λέστερον
2540 751 2728 821 ’έτερον
2782 751 2949 812 δοκεῖ,
2985 750 3046 801 τὸ
3097 748 3192 801 νῦν
3250 749 3349 818 μὲν
3390 746 3530 807 εἶναι
3566 746 3650 797 διὰ
3698 746 3807 812 τὴν

2233 844 2397 898 αὑτοῦ
2426 844 2599 905 νόσον,
2651 844 2741 895 τὸν
2774 842 3034 909 σύλλογον
3065 840 3304 894 διαλύειν
3327 857 3343 873 ο
3376 837 3533 900 αὖθις
3587 839 3644 891 δὲ
3679 837 3806 907 dat:

2233 952 2445 1000 σαντος,
2485 924 2873 1004 βουλεύσεσθαι
2901 933 3045 1002 περὶ·
3063 927 3169 984 τῶν
3200 932 3378 984 αὐτῶν
3402 948 3416 961 ο
3450 931 3478 981 ὁ
3504 930 3561 981 δὲ
3602 928 3803 998 μικρδν

2231 1014 2743 1095 ἐπισχώνίΔοκεῖτέ
2778 1042 2889 1093 μοι,
2923 1025 3050 1092 ἔφη,
3081 1023 3154 1093 μὴ
3192 1023 3314 1091 περὶ
3343 1014 3417 1074 ὧν
3451 1020 3801 1091 βουλεύεσθε,

2230 1118 2327 1186 τὴν
2350 1117 2641 1187 ἀπόκρισιν
2674 1117 2968 1169 ποιεῖσθαι.
3002 1116 3073 1166 Ού
3111 1115 3216 1184 γὰρ
3248 1115 3341 1165 νῦν
3372 1114 3508 1183 ἡμῖν
3537 1113 3573 1182 ἡ
3604 1111 3801 1178 σκέψις

2232 1211 2357 1279 περὶ
2386 1210 2560 1273 λόγων
2590 1209 2987 1276 ειῖσπροσώπων,
3036 1206 3171 1258 ἀλλά
3213 1205 3323 1256 εἴτε
3350 1205 3458 1274 χρὴ
3484 1204 3549 1255 τά
3581 1202 3803 1255 κελευό-

2233 1316 2367 1368 μενα
2397 1297 2488 1350 ὑπ’
2513 1297 2877 1368 κἈλεξάνδρου
2906 1297 3188 1364 πράττειν,
3220 1295 3327 1346 εἴτε
3348 1294 3607 1360 πολεμεῖν
3624 1292 3798 1359 αὐτῷ.

2243 1390 2433 1460 Ὑμεῖς
2480 1367 2535 1442 δέ
2567 1391 2696 1461 περὶ
2721 1382 2795 1441 ὧν
2826 1386 3129 1459 προύθεσθε
3159 1385 3513 1456 βουλεύεσθαι
3543 1383 3741 1450 ἀφέντε
3755 1400 3797 1440 τ,

2232 1481 2360 1550 περὶ
2392 1483 2640 1551 νομίμων
2667 1483 2761 1532 καὶ
2785 1474 3010 1532 δικαίων
3032 1479 3141 1531 τῶν
3180 1479 3333 1547 παρὰ
3359 1476 3655 1544 Ῥωμαίοις
3677 1474 3798 1526 δια-

2229 1573 2506 1642 λέγεσθαι,
2535 1571 2723 1642 ὥσπερ
2753 1572 2817 1625 ἂν
2850 1570 2901 1623 ετ
2928 1587 3010 1633 τις
3052 1570 3148 1622 καὶ
3190 1567 3538 1636 Ἀλέξανδρον
3565 1568 3593 1618 ὁ
3628 1581 3798 1618 κατα-

2224 1670 2514 1737 ναγκάσων
2554 1661 2622 1735 ἦν
2650 1667 2763 1727 τοῖς
2808 1663 3095 1732 Ῥωμαίων
3124 1662 3308 1731 νόμοις
3338 1659 3723 1713 πείθεσθαι.⁶”0
3747 1652 3795 1710 δ’

2230 1759 2359 1823 ἴσως
2412 1759 2543 1827 ἐρεῖ,
2586 1756 2661 1818 ὡς
2708 1754 2823 1810 Οὐκ
2859 1754 3006 1823 ἐμοὶ,
3040 1751 3174 1805 ἀλλά
3218 1749 3513 1819 Ῥωμαίοις
3560 1749 3609 1800 οἱ
3641 1748 3797 1815 νόμοι

2226 1845 2371 1904 οὗτοι
2400 1852 2607 1921 κεῖνται
2634 1863 2649 1878 ο
2690 1847 2813 1915 ἐμοὶ
2848 1845 2905 1899 δὲ
2940 1840 3019 1906 εἷς
3049 1843 3211 1913 νόμος
3247 1844 3311 1896 ὲκ
3357 1841 3559 1902 παντὸς
3586 1841 3791 1908 τρόπου

2222 1944 2291 1997 τὰ
2318 1943 2628 1995 συνοίσοντα
2657 1940 2783 2007 ἐμοὶ
2817 1928 3000 2007 ζητεῖν
3019 1953 3033 1967 ο
3066 1938 3194 2004 ὑμῖν
3220 1935 3279 1987 δὲ
3309 1936 3357 1986 εἰ
3398 1934 3493 1986 καὶ
3518 1932 3792 2001 Σίσμανον

2223 2034 2403 2099 ἔξεστι
2437 2036 2551 2094 τοῖς
2582 2031 2803 2094 ἀσύλοις
2834 2028 3247 2097 κατακρύπτειν
3277 2027 3463 2095 ἱεροῖς,
3490 2023 3607 2077 ἀλλ’
3630 2024 3693 2075 ού
3726 2024 3792 2091 δή

2225 2144 2328 2180 που
2359 2125 2455 2179 καὶ
2483 2125 2662 2185 πόλεις
2692 2124 2786 2175 καὶ
2816 2120 3011 2190 κώμας
3045 2117 3421 2188 κατακρύψετε
3454 2118 3512 2170 ἐν
3539 2119 3651 2178 τοῖς
3681 2133 3792 2167 τοι·

2218 2217 2435 2278 ούτοις·
2491 2214 2611 2266 οὐδὲ
2658 2212 2795 2282 βοῶν
2841 2212 3041 2279 ἀγέλας
3079 2210 3173 2262 καὶ
3204 2211 3431 2279 ποίμνια
3479 2209 3790 2277 προϐάτων,

2220 2308 2314 2360 καὶ
2347 2307 2447 2376 τὴν
2475 2305 2641 2375 ἀλλην
2681 2304 3008 2374 περιουσίαν
3035 2302 3133 2373 τὴν
3167 2305 3224 2354 ἐν
3252 2304 3365 2364 τοῖς
3394 2301 3584 2371 ἀγροῖς
3622 2301 3682 2363 ἐξ
3717 2295 3791 2351 ὧν

2220 2394 2342 2464 ἐμοὶ
2372 2396 2482 2457 τοῖς
2532 2394 2751 2456 ἀδικίας
2784 2391 2999 2456 ἐξέσται
3037 2390 3362 2460 κομίζεσθαι
3395 2392 3605 2452 ποινάς.
3646 2390 3789 2454 Πρτς

2219 2482 2313 2539 οὖν
2343 2486 2412 2538 τὰ
2437 2486 2664 2539 τοιαῦτα
2692 2484 2796 2554 χρὴ
2825 2484 3198 2554 βουλεύεσθαι,
3229 2482 3289 2535 οὐ
3319 2484 3453 2552 πρὸς
3492 2481 3789 2547 ἀπολογίας

2222 2574 2637 2644 εὐπροσώπους.
2680 2574 2822 2643 Ἐγὼ
2850 2576 2931 2627 δὲ·
2958 2575 3141 2642 ἑλίγου
3174 2573 3283 2625 δεῖν
3332 2572 3449 2624 νυνὶ
3499 2574 3785 2643 μέμφομαι

2220 2671 2310 2720 καὶ
2334 2667 2555 2738 ἐμαυτῷ
2582 2669 2663 2720 ὅτι
2693 2667 2785 2719 καὶ
2808 2665 3055 2720 ὁπωσοῦν
3078 2667 3155 2725 είς
3178 2663 3475 2716 τοιουτουσὶ
3501 2661 3787 2732 προήχθην

2219 2759 2411 2825 λόγους
2439 2772 2453 2787 ·
2507 2762 2725 2828 εἴρηται
2760 2759 2867 2827 γὰρ
2927 2752 3167 2825 ἐξαρχῆς
3215 2756 3312 2807 καὶ
3346 2754 3694 2822 ἐπεψηφίσθη
3722 2770 3783 2819 γε

2218 2851 2323 2903 ὑπὸ
2371 2851 2588 2903 πάντων
2636 2850 2786 2919 (ἐπεὶ
2822 2847 3011 2917 μηδεὶς
3050 2848 3274 2899 ἀντεῖπε
3336 2847 3553 2916 μηδὲν),
3586 2848 3681 2898 ἐὰν
3708 2846 3783 2914 τῇ

2217 2941 2429 3009 ἐσχάτῳ
2463 2958 2514 2992 τι
2548 2938 2906 3009 ἀποκαλυφθῇ
2935 2938 3093 3006 σιγᾷν
3127 2938 3216 2988 τὸν
3247 2936 3483 3007 πρῶτον.
3515 2937 3573 2988 Εἰ
3615 2936 3670 2989 δὲ
3709 2938 3783 3006 μὴ

2214 3030 2293 3100 τῷ
2323 3031 2380 3083 ἐν
2410 3030 2662 3100 ἐσχάτοις
2684 3030 3027 3099 τεταγμένῳ,
3061 3028 3196 3080 ἀλλὰ
3222 3029 3318 3081 καὶ
3347 3028 3423 3098 τῷ
3458 3029 3657 3099 πρώτῳ
3690 3031 3783 3080 καὶ

547 3116 990 3190 υςιίριιίαιιιίὺιιε,
1034 3124 1089 3168 et
1131 3123 1255 3184 post
1299 3130 1553 3184 magnum
1584 3116 1945 3173 domesticum
1978 3134 2110 3173 con-

2221 3125 2453 3194 μάλιστα
2496 3124 2779 3193 ἐξάρχοντι
2809 3122 2903 3193 τρῦ
2938 3120 3326 3191 βουλευτηρίου
3350 3119 3576 3172 τοιαῦτα
3609 3119 3775 3186 εδοξε,

548 3207 888 3262 surrectione
924 3205 1084 3265 facta,
1109 3213 1423 3260 conventus
1447 3215 1530 3260 est
1563 3208 1795 3261 solutus.
1835 3208 2109 3264 Caeterum

540 3300 651 3365 jam
682 3306 807 3351 ante
836 3310 1067 3352 cernens
1102 3310 1330 3365 magnus
1356 3294 1715 3361 domesticus,
1743 3299 2111 3367 patriarcham

545 3389 613 3442 ad
666 3388 955 3457 imperium
1011 3387 1266 3442 affectare
1316 3387 1480 3453 viam,
1528 3397 1585 3441 et
1616 3400 1872 3443 conatum
1907 3391 2026 3461 eius
2059 3390 2111 3444 vi

546 3481 845 3549 reprimere
893 3480 1086 3533 nolens
1117 3477 1286 3548 (haud
1318 3480 1463 3532 enim
1500 3480 1705 3545 invitis,
1740 3481 1835 3535 sed
1871 3482 2111 3551 cupidis-

546 3570 722 3627 simis.
775 3579 830 3622 et
876 3568 942 3621 de
990 3568 1221 3636 imperio
1260 3568 1362 3622 sibi
1400 3571 1605 3637 gratias
1652 3571 1980 3628 habentibus
2011 3573 2112 3627 im-

545 3675 740 3727 perare
793 3659 1090 3728 cupiebat),
1143 3667 1403 3726 praiterea
1462 3661 1682 3727 timens,
1734 3679 1799 3716 ne
1834 3679 1943 3731 qua
1984 3662 2110 3717 inde

546 3750 862 3812 seditionis,
919 3749 1157 3817 bellique
1201 3748 1379 3804 civilis
1427 3751 1642 3804 occasio
1684 3759 2027 3817 nasceretur,
2079 3765 2110 3805 e

543 3841 745 3912 quibus
791 3839 1085 3893 verisimile
1120 3848 1239 3893 erat
1267 3841 1633 3910 collapsurum
1670 3840 1974 3895 Romanum
2006 3842 2110 3895 im-

543 3935 796 4003 perium;
846 3943 900 3986 et
948 3932 1094 3985 omni
1155 3940 1330 3986 morte
1386 3931 1707 3986 horribilius
1774 3933 2108 4002 arbitratus,

541 4029 710 4106 tantis
754 4024 1014 4079 aerumnis
1047 4038 1165 4077 sese
1197 4023 1486 4093 uliginem,
1517 4030 1573 4078 et
1601 4033 1766 4092 caput
1796 4040 1915 4078 esse
1941 4025 2109 4094 (unde

540 4136 644 4174 nec
692 4120 1022 4186 imperatore
1067 4116 1250 4168 adhuc
1278 4114 1597 4183 superstite.
1634 4115 1887 4183 quamvis
1921 4116 2108 4170 multis

542 4225 684 4277 szepe
731 4208 798 4261 ab
831 4222 896 4260 eo
930 4206 1186 4275 precibus
1234 4203 1509 4274 fatigatus,
1537 4220 1835 4274 purpuram
1875 4205 2106 4260 induere

543 4301 850 4367 sustinuit),
875 4298 1209 4366 cogitaverat
1234 4295 1452 4364 quidem
1483 4296 1636 4365 prius
1666 4296 1929 4364 dignitate
1964 4299 2107 4352 ultro

541 4391 715 4451 abire,
756 4401 811 4441 et
856 4389 1126 4456 reliquum
1172 4385 1296 4439 vita:
1332 4387 1478 4440 curis
1519 4394 1575 4439 et
1603 4386 1839 4454 negotiis
1871 4403 2104 4443 vacuum

2218 3215 2311 3266 καὶ
2359 3214 2487 3283 ὑμῖν
2515 3212 2861 3282 ἐπεψηφίσθη
2906 3228 2968 3279 γε
3023 3215 3135 3289 τοῖς
3189 3212 3355 3263 πᾶσιν
3387 3210 3462 3274 ὡς
3504 3211 3779 3277 λυσιτελῆ,

2218 3304 2460 3375 προσῆκε
2517 3305 2763 3374 στέργειν
2792 3304 2885 3356 καὶ
2924 3302 3106 3364 αὐτὸν,
3143 3302 3236 3354 καὶ
3274 3303 3587 3373 περαιτέρω
3618 3302 3782 3355 πολυ-

2215 3395 2556 3464 πραγμονεῖν
2590 3393 2785 3463 μηδέν·
2819 3394 2916 3461 τῆς
2951 3391 3223 3461 βασιλίδος
3253 3392 3310 3445 δὲ
3345 3393 3647 3460 ἐναγούσης
3672 3392 3780 3459 μά-

2217 3485 2394 3547 λιστα,
2423 3484 2518 3537 καὶ
2542 3484 2936 3555 ἐπισπωμένης
2964 3484 3099 3552 πρὸς
3126 3483 3254 3545 τοὺς
3282 3483 3497 3551 λόγους,
3534 3483 3670 3536 Οὐδὲ
3711 3486 3780 3535 τά

2210 3576 2441 3634 τοιαῦτα
2497 3574 2738 3642 καίτοιγε
2790 3574 2945 3641 ὀλίγα
2971 3574 3100 3626 ὄντα
3146 3572 3289 3626 ἑκὼν
3336 3570 3478 3626 εἶναι
3518 3572 3783 3640 ἐφθεγξά-

2215 3681 2344 3734 μην.
2372 3654 2512 3733 Πρὸς
2536 3661 2600 3731 δὴ
2624 3660 2693 3713 τὰ
2720 3660 2944 3713 τοιαῦτα
2971 3661 3131 3723 εὐθὺς
3162 3664 3191 3713 ὁ
3225 3662 3572 3737 πατριάρχης
3600 3663 3779 3725 αἰτίας

2210 3749 2461 3804 ἀπολύων
2501 3748 2882 3813 ἐαυτὸν,Ἀλλ’
2916 3748 3047 3816 ἐγὼ,
3082 3748 3223 3816 εἷπε,
3256 3751 3471 3819 πρῶτος
3502 3755 3593 3806 καὶ
3615 3753 3778 3815 αὐτὸς

2217 3841 2384 3910 μηδὲν
2402 3837 2542 3894 εἶναι
2574 3842 2708 3910 πρὸς
2726 3843 2794 3892 τὰ
2814 3841 3125 3910 ζητούμενα
3163 3840 3261 3909 τὴν
3285 3842 3480 3912 βουλὴν
3506 3847 3774 3914 ὁμολογῶ.

2212 3933 2296 3986 00'
2323 3935 2429 4002 γὰρ
2471 3934 2804 4002 Ἀλεξάνδρῃ
2840 3937 2968 4004 περὶ
3008 3937 3246 4000 εὐλόγων
3286 3939 3380 3990 καὶ
3413 3940 3486 4009 μὴ
3523 3939 3777 3993 τοιούτων

2210 4026 2559 4095 ἀποκρίσεων
2586 4027 2845 4096 μελήσειν
2869 4041 2883 4055 ·
2925 4027 3041 4079 ἀλλ’
3074 4030 3221 4091 ὅπως
3247 4029 3275 4083 ὃ
3313 4030 3583 4098 προύθετο
3615 4032 3775 4101 ἐξαρο

2210 4117 2310 4186 χῆς
2338 4117 2417 4178 εἰς
2459 4116 2631 4187 πέρας
2668 4119 2717 4169 εί
2749 4117 2970 4169 δύναιτο
3025 4120 3210 4191 ἀγάγῃ
3241 4136 3257 4152 ·
3288 4112 3348 4175 οὗ
3390 4121 3453 4191 δὴ
3490 4123 3653 4175 ἕνεκα
3682 4124 3776 4177 καὶ

2212 4205 2374 4267 αὐτὸς
2400 4206 2461 4257 οὐ
2504 4205 2642 4274 πρὸς
2685 4206 2898 4274 λόγους,
2937 4208 3070 4261 ἀλλὰ
3108 4211 3244 4280 πρὸς
3274 4212 3449 4264 ἐκεῖνο
3480 4214 3626 4281 φημὶ
3655 4213 3777 4284 βου-

2209 4295 2428 4369 λευτέον
2478 4291 2657 4348 εῖναι⁹
2721 4299 2789 4347 τὰ
2854 4295 2943 4348 ἶσα
2984 4297 3042 4348 δέ
3101 4298 3262 4361 εὐθὺς
3317 4300 3545 4352 καὶτῶν
3576 4301 3775 4354 λοιπῶν

2210 4387 2704 4456 ἐπιψηφισαμένων
2752 4390 2993 4455 πάντων,
3023 4389 3146 4442 ἐπεὶ
3175 4391 3202 4441 ό
3249 4390 3419 4460 μέγας
3458 4392 3774 4462 δομέστικος

541 4482 857 4541 decurrere,
899 4477 1066 4547 quod,
1108 4484 1167 4530 ut
1202 4475 1363 4530 modo
1390 4476 1728 4541 dicebamus,
1771 4477 1990 4547 quidvis
2020 4489 2103 4532 to-

2218 4478 2562 4547 ἀνέστη,.καὶ
2600 4480 2650 4532 ot
2672 4480 2821 4534 ἄλλοι
2855 4482 3279 4553 συνανέστησαν,
3321 4486 3415 4536 καὶ
3450 4486 3476 4535 ὁ
3520 4485 3775 4553 σύλλογος

538 4572 820 4626 lerabilins
846 4569 1094 4633 duceret,
1125 4583 1286 4637 quam
1313 4567 1575 4623 Romanis
1608 4584 1635 4621 a
1659 4584 1717 4623 se
1748 4579 1953 4638 pestem
1977 4586 2102 4625 eve-

482 4718 493 4731 ,
539 4664 683 4717 nire.
733 4660 933 4715 Verum
976 4672 1036 4712 ut
1091 4658 1408 4737 Chumnunr
1452 4660 1508 4712 in
1566 4673 1829 4713 consessu
1877 4662 2109 4729 superbe

539 4764 596 4808 ct
646 4750 998 4820 impudenter
1037 4764 1095 4805 se
1127 4749 1585 4818 perstringentem
1620 4750 1708 4819 (ad
1745 4766 1803 4805 se
1838 4752 1984 4804 enim
2015 4767 2109 4820 po-

541 4844 812 4896 tis-simum
883 4841 1002 4910 ejus
1061 4838 1414 4894 maledictum
1469 4840 1745 4908 pertinere
1804 4842 2102 4907 censebat,

483 4939 487 4947 '
540 4935 783 4987 omnium
833 4941 963 4985 tunc
996 4931 1366 4984 Romanorum
1394 4941 1451 4985 et
1483 4931 1762 5000 opinione,
1793 4940 1849 4985 et
1878 4947 1934 4986 re
1966 4947 2105 5000 pra:-

541 5022 811 5093 eipuum),
842 5022 1021 5076 nullus
1045 5022 1109 5075 de
1132 5021 1511 5091 intempestiva
1534 5023 1786 5076 libertate
1807 5023 2101 5092 increpuit,

543 5125 640 5168 aut
688 5115 984 5179 accusavit,
1027 5113 1132 5167 hoc
1183 5103 1360 5184 Lusum
1407 5112 1585 5166 civilis
1624 5112 1909 5167 seditionis
1941 5129 2104 5168 exor-

543 5208 693 5260 dium
746 5205 859 5260 fore
901 5215 1072 5267 ratus,
1121 5204 1284 5257 citius
1330 5218 1492 5273 quam
1557 5205 1791 5266 volebat,
1834 5214 2104 5274 potestate

540 5317 599 5355 se
630 5298 914 5353 abdicandi
951 5297 1223 5351 desiderio
1249 5306 1438 5365 captus
1467 5306 1568 5349 est.

2209 4568 2451 4641 διελύθη.
2487 4570 2660 4639 Ὀρῶν
2692 4571 2749 4623 δὲ.
2784 4573 2878 4624 καὶ
2925 4573 3189 4642 πρότερον
3212 4574 3503 4643 ἐφιέμενον
3545 4577 3572 4626 ὁ
3606 4577 3776 4643 μέγας

2210 4659 2530 4729 δομέστικος
2550 4661 2642 4714 τὸν
2674 4663 3022 4733 πατριάρχην
3045 4665 3141 4733 τῆς
3180 4665 3355 4734 ἀρχῆς
3387 4666 3495 4718 τῶν
3517 4670 3773 4737 πραγμά-

2209 4766 2337 4815 των,
2399 4751 2494 4803 καὶ
2556 4753 2695 4822 μήτε
2753 4753 2844 4824 βίᾳ
2891 4754 3215 4823 βουλόμενος
3278 4756 3377 4827 τὴν
3430 4759 3773 4827 ἐπιχείρησιν

2209 4841 2429 4912 ἐπέχειν
2486 4844 2569 4912 (ού
2627 4843 2734 4912 γὰρ
2775 4845 3036 4913 ἠϐούλετο
3078 4849 3347 4901 ἀκουσίων
3391 4848 3604 4919 ἄρχειν,
3643 4849 3773 4901 ἀλλὰ

2209 4933 2345 4984 πολὺ
2384 4933 2645 5002 μάλιστα.
2678 4934 3045 5005 βουλομένων,
3081 4938 3173 4990 καὶ
3217 4939 3379 5008 χάριν
3429 4942 3645 4993 εἰδότων
3677 4942 3771 5008 τῆς

2207 5024 2427 5093 ἀρχῆς)’
2465 5025 2639 5086 άλλως
2663 5042 2721 5078 τε
2762 5027 2857 5079 καὶ
2890 5028 3137 5093 δεδοικὼς
3178 5031 3250 5100 μὴ
3292 5035 3383 5082 καὶ
3415 5032 3686 5099 πρόφασις
3713 5036 3771 5084 ἐκ

2206 5116 2395 5168 τούτου
2433 5119 2674 5181 στάσεως
2707 5119 2951 5191 ἀναφυῇ,
2993 5124 3089 5176 καὶ
3119 5124 3356 5192 πολέμου
3394 5126 3680 5192 ἐμφυλίου,
3716 5126 3767 5188 ἐξ

2207 5200 2280 5261 ὧν
2307 5206 2382 5270 ὡς
2407 5209 2551 5272 εἰκὸς
2574 5210 3089 5281 διαφθαρησομένην
3112 5214 3359 5285 συνεώρα
3378 5215 3475 5284 τὴν
3495 5216 3769 5282 Ῥωμαίων

2211 5301 2508 5369 ἡγεμονίαν
2529 5314 2541 5329 ⁸
2578 5300 2670 5352 καὶ
2693 5303 2892 5363 παντὸς
2918 5304 3160 5372 οἰόμενος
3190 5303 3420 5357 θανάτου
3451 5306 3769 5373 ἐπαχθέστε-

546 5407 635 5459 ρον
665 5390 764 5461 τὴν
796 5390 990 5460 εαίτίαν
1030 5389 1138 5441 τῶν
1189 5388 1378 5440 δεινῶν
1438 5389 1741 5457 παρασχεῖν
1806 5386 1972 5450 αὐτὸς
2004 5389 2103 5460 (διὸ
2137 5388 2256 5441 οὺδέ
2321 5390 2585 5459 βασιλέως
2646 5390 2731 5442 ἔτι
2802 5392 3101 5459 περιόντος,
3137 5393 3231 5445 καί
3264 5410 3346 5446 τοι
3381 5394 3554 5447 πολλὰ
3581 5394 3770 5446 πολλέ-

1765 5538 1978 5600 Jacobi
2013 5540 2275 5600 Pontani
2311 5548 2496 5603 nota).

607 5682 715 5751 (9‘2)
756 5684 894 5738 Dicit
939 5685 1043 5739 hoc
1084 5684 1303 5751 quilibet
1328 5684 1593 5754 tyrannus
1623 5693 1677 5738 et
1724 5686 2005 5752 barbarus,
2037 5699 2091 5742 et

514 5761 892 5825 _t)'rannorum
928 5762 1043 5817 est,
1072 5754 1332 5823 regnandi
1374 5756 1542 5823 gratia
1591 5754 1769 5808 omnia
1804 5756 1986 5811 divina
2028 5768 2082 5812 et

2199 5691 2433 5763 humana
2462 5693 2580 5761 iura
2615 5704 2946 5763 pervertere.
2973 5695 3086 5749 Non
3118 5697 3312 5751 inscite
3339 5700 3518 5753 efﬁcta
3539 5698 3763 5752 Alexan-

2189 5762 2270 5813 dri
2307 5762 2468 5827 hnjns
2494 5762 2793 5831 respozsio,
2822 5770 3130 5835 {equitatem
3165 5782 3265 5836 pro
3294 5768 3466 5825 nihilo
3496 5770 3758 5825 ducentis.
