  <div class='ocr_page' id='page_1' title='image "/cluster/home/n/w/nwhite01/storage/ocr_20150623/153/mdp.39015078384727/376.png"; bbox 0 0 4122 6296; ppageno 0'>
   <div class='ocr_carea' id='block_1_1' title="bbox 408 314 1986 387">
    <p class='ocr_par' dir='ltr' id='par_1_1' title="bbox 408 314 1986 384">
     <span class='ocr_line' id='line_1_1' title="bbox 408 314 1986 384; baseline 0 -3"><span class='ocrx_word' id='word_1_1' title='bbox 408 314 518 382; x_wconf 72' lang='grc' dir='ltr'><strong><em>ἺῙἾ</em></strong></span> <span class='ocrx_word' id='word_1_2' title='bbox 1549 323 1986 384; x_wconf 69' lang='lat' dir='ltr'><strong><em>IIlSTORIARI</em></strong></span> 
     </span>
    </p>
   </div>
   <div class='ocr_carea' id='block_1_2' title="bbox 2088 314 3667 387">
    <p class='ocr_par' dir='ltr' id='par_1_2' title="bbox 2125 320 3667 387">
     <span class='ocr_line' id='line_1_2' title="bbox 2125 320 3667 387; baseline -0.001 -1"><span class='ocrx_word' id='word_1_3' title='bbox 2125 326 2355 386; x_wconf 79' lang='lat' dir='ltr'><strong><em>LIBER</em></strong></span> <span class='ocrx_word' id='word_1_4' title='bbox 2386 320 2509 386; x_wconf 83' lang='grc' dir='ltr'><strong><em>ΪΠ.</em></strong></span> <span class='ocrx_word' id='word_1_5' title='bbox 3564 325 3667 387; x_wconf 77' lang='lat'><strong><em>718</em></strong></span> 
     </span>
    </p>
   </div>
   <div class='ocr_carea' id='block_1_3' title="bbox 423 425 3665 501">
    <p class='ocr_par' dir='ltr' id='par_1_3' title="bbox 423 425 3665 501">
     <span class='ocr_line' id='line_1_3' title="bbox 423 425 3665 501; baseline 0.002 -23"><span class='ocrx_word' id='word_1_6' title='bbox 423 444 509 488; x_wconf 71' lang='lat' dir='ltr'><strong><em>xz;</em></strong></span> <span class='ocrx_word' id='word_1_7' title='bbox 564 425 1050 497; x_wconf 79' lang='grc' dir='ltr'>πρακεκληκότος</span> <span class='ocrx_word' id='word_1_8' title='bbox 1102 427 1342 498; x_wconf 70' lang='grc' dir='ltr'>ἠθέλησε</span> <span class='ocrx_word' id='word_1_9' title='bbox 1408 430 1660 495; x_wconf 88' lang='grc' dir='ltr'>γενέσθαι</span> <span class='ocrx_word' id='word_1_10' title='bbox 1712 431 1989 501; x_wconf 77' lang='grc' dir='ltr'>βασιλεὺς.)</span> <span class='ocrx_word' id='word_1_11' title='bbox 2031 431 2326 485; x_wconf 79' lang='grc' dir='ltr'><strong><em>ἐσκέπτετο</em></strong></span> <span class='ocrx_word' id='word_1_12' title='bbox 2397 433 2497 500; x_wconf 78' lang='grc' dir='ltr'>μὲν</span> <span class='ocrx_word' id='word_1_13' title='bbox 2559 431 2953 501; x_wconf 73' lang='grc' dir='ltr'>καὶπρότερον</span> <span class='ocrx_word' id='word_1_14' title='bbox 2985 431 3081 501; x_wconf 81' lang='grc' dir='ltr'><strong><em>τὴν</em></strong></span> <span class='ocrx_word' id='word_1_15' title='bbox 3124 431 3421 500; x_wconf 81' lang='grc' dir='ltr'>ἡγεμονίαν</span> <span class='ocrx_word' id='word_1_16' title='bbox 3456 432 3665 485; x_wconf 76' lang='grc' dir='ltr'>ἀποθέο</span> 
     </span>
    </p>
   </div>
   <div class='ocr_carea' id='block_1_4' title="bbox 422 518 3665 593">
    <p class='ocr_par' dir='ltr' id='par_1_4' title="bbox 422 518 3665 593">
     <span class='ocr_line' id='line_1_4' title="bbox 422 518 3665 593; baseline 0.002 -25"><span class='ocrx_word' id='word_1_17' title='bbox 422 518 568 579; x_wconf 80' lang='grc' dir='ltr'>σθαι,</span> <span class='ocrx_word' id='word_1_18' title='bbox 596 519 691 569; x_wconf 83' lang='grc' dir='ltr'>καὶ</span> <span class='ocrx_word' id='word_1_19' title='bbox 717 518 1121 591; x_wconf 72' lang='grc' dir='ltr'><strong><em>ἀπραγμοσύνη</em></strong></span> <span class='ocrx_word' id='word_1_20' title='bbox 1145 520 1237 573; x_wconf 81' lang='grc' dir='ltr'><strong><em>τὸν</em></strong></span> <span class='ocrx_word' id='word_1_21' title='bbox 1259 519 1542 574; x_wconf 77' lang='grc' dir='ltr'><strong><em>ἐπίλοιπον</em></strong></span> <span class='ocrx_word' id='word_1_22' title='bbox 1605 521 1721 591; x_wconf 89' lang='grc' dir='ltr'>βίον</span> <span class='ocrx_word' id='word_1_23' title='bbox 1752 520 1872 592; x_wconf 71' lang='grc' dir='ltr'>ζῇν,</span> <span class='ocrx_word' id='word_1_24' title='bbox 1928 524 2065 592; x_wconf 84' lang='grc' dir='ltr'>ὅπερ</span> <span class='ocrx_word' id='word_1_25' title='bbox 2102 523 2241 593; x_wconf 77' lang='grc' dir='ltr'>ἔφην</span> <span class='ocrx_word' id='word_1_26' title='bbox 2279 523 2374 578; x_wconf 88' lang='grc' dir='ltr'><strong><em>τοῦ</em></strong></span> <span class='ocrx_word' id='word_1_27' title='bbox 2416 522 2620 593; x_wconf 76' lang='grc' dir='ltr'>φθορᾶς</span> <span class='ocrx_word' id='word_1_28' title='bbox 2659 523 2821 586; x_wconf 67' lang='grc' dir='ltr'>αὐτος</span> <span class='ocrx_word' id='word_1_29' title='bbox 2861 524 3029 585; x_wconf 76' lang='grc' dir='ltr'>αἴτιος</span> <span class='ocrx_word' id='word_1_30' title='bbox 3073 522 3363 591; x_wconf 78' lang='grc' dir='ltr'>Ῥωμαίοις</span> <span class='ocrx_word' id='word_1_31' title='bbox 3391 527 3665 593; x_wconf 66' lang='grc' dir='ltr'>καταϐῆ-</span> 
     </span>
    </p>
   </div>
   <div class='ocr_carea' id='block_1_5' title="bbox 418 610 3667 683">
    <p class='ocr_par' dir='ltr' id='par_1_5' title="bbox 418 610 3667 683">
     <span class='ocr_line' id='line_1_5' title="bbox 418 610 3667 683; baseline 0.001 -21"><span class='ocrx_word' id='word_1_32' title='bbox 418 627 509 664; x_wconf 89' lang='grc' dir='ltr'><strong><em>ναι</em></strong></span> <span class='ocrx_word' id='word_1_33' title='bbox 565 611 675 663; x_wconf 78' lang='grc' dir='ltr'>πᾶν</span> <span class='ocrx_word' id='word_1_34' title='bbox 723 610 902 662; x_wconf 79' lang='grc' dir='ltr'><strong><em>ὁτιοῦν</em></strong></span> <span class='ocrx_word' id='word_1_35' title='bbox 946 612 1303 683; x_wconf 79' lang='grc' dir='ltr'><strong><em>ἀνεκτότερον</em></strong></span> <span class='ocrx_word' id='word_1_36' title='bbox 1360 613 1619 683; x_wconf 76' lang='grc' dir='ltr'><strong><em>νομίζων.</em></strong></span> <span class='ocrx_word' id='word_1_37' title='bbox 1666 614 1754 677; x_wconf 84' lang='grc' dir='ltr'>Ὠς</span> <span class='ocrx_word' id='word_1_38' title='bbox 1783 614 1841 667; x_wconf 80' lang='grc' dir='ltr'>δὲ</span> <span class='ocrx_word' id='word_1_39' title='bbox 1898 616 1994 668; x_wconf 74' lang='grc' dir='ltr'>καὶ</span> <span class='ocrx_word' id='word_1_40' title='bbox 2032 616 2173 669; x_wconf 78' lang='grc' dir='ltr'>κατὰ</span> <span class='ocrx_word' id='word_1_41' title='bbox 2209 616 2302 668; x_wconf 58' lang='grc' dir='ltr'>τὴν</span> <span class='ocrx_word' id='word_1_42' title='bbox 2334 614 2593 682; x_wconf 80' lang='grc' dir='ltr'>σύλλογον</span> <span class='ocrx_word' id='word_1_43' title='bbox 2658 613 2910 675; x_wconf 81' lang='grc' dir='ltr'>αὐθαδῶς</span> <span class='ocrx_word' id='word_1_44' title='bbox 2944 617 3039 667; x_wconf 80' lang='grc' dir='ltr'>καὶ</span> <span class='ocrx_word' id='word_1_45' title='bbox 3102 615 3350 682; x_wconf 82' lang='grc' dir='ltr'>θρασέως</span> <span class='ocrx_word' id='word_1_46' title='bbox 3383 613 3476 665; x_wconf 89' lang='grc' dir='ltr'><strong><em>τοῦ</em></strong></span> <span class='ocrx_word' id='word_1_47' title='bbox 3527 616 3667 667; x_wconf 77' lang='grc' dir='ltr'>Χού-</span> 
     </span>
    </p>
   </div>
   <div class='ocr_carea' id='block_1_6' title="bbox 420 702 3666 779">
    <p class='ocr_par' dir='ltr' id='par_1_6' title="bbox 420 702 3666 779">
     <span class='ocr_line' id='line_1_6' title="bbox 420 702 3666 779; baseline -0 -21"><span class='ocrx_word' id='word_1_48' title='bbox 420 719 559 771; x_wconf 67' lang='grc' dir='ltr'>μνευ</span> <span class='ocrx_word' id='word_1_49' title='bbox 614 702 751 773; x_wconf 72' lang='grc' dir='ltr'>πρὸς</span> <span class='ocrx_word' id='word_1_50' title='bbox 780 708 945 761; x_wconf 76' lang='grc' dir='ltr'>αὐτὸν</span> <span class='ocrx_word' id='word_1_51' title='bbox 975 705 1349 776; x_wconf 70' lang='grc' dir='ltr'><strong><em>διειλεγμένου</em></strong></span> <span class='ocrx_word' id='word_1_52' title='bbox 1402 708 1667 777; x_wconf 87' lang='grc' dir='ltr'>(μάλιστα</span> <span class='ocrx_word' id='word_1_53' title='bbox 1706 711 1815 778; x_wconf 78' lang='grc' dir='ltr'><strong><em>γὰρ</em></strong></span> <span class='ocrx_word' id='word_1_54' title='bbox 1888 708 2024 779; x_wconf 81' lang='grc' dir='ltr'>πρὸς</span> <span class='ocrx_word' id='word_1_55' title='bbox 2060 709 2225 762; x_wconf 76' lang='grc' dir='ltr'>αὑτὸν</span> <span class='ocrx_word' id='word_1_56' title='bbox 2284 708 2375 762; x_wconf 79' lang='grc' dir='ltr'><strong><em>τὸν</em></strong></span> <span class='ocrx_word' id='word_1_57' title='bbox 2428 708 2587 776; x_wconf 77' lang='grc' dir='ltr'>λόγον</span> <span class='ocrx_word' id='word_1_58' title='bbox 2656 709 3044 761; x_wconf 79' lang='grc' dir='ltr'>ἀποτείνεσθαι</span> <span class='ocrx_word' id='word_1_59' title='bbox 3076 706 3255 777; x_wconf 66' lang='grc' dir='ltr'>ᾠήθη,</span> <span class='ocrx_word' id='word_1_60' title='bbox 3314 708 3530 759; x_wconf 77' lang='grc' dir='ltr'>πάντων</span> <span class='ocrx_word' id='word_1_61' title='bbox 3559 710 3666 759; x_wconf 78' lang='grc' dir='ltr'>τῶν</span> 
     </span>
    </p>
   </div>
   <div class='ocr_carea' id='block_1_7' title="bbox 417 798 3665 871">
    <p class='ocr_par' dir='ltr' id='par_1_7' title="bbox 417 798 3665 871">
     <span class='ocr_line' id='line_1_7' title="bbox 417 798 3665 871; baseline 0.001 -22"><span class='ocrx_word' id='word_1_62' title='bbox 417 800 542 851; x_wconf 65' lang='grc' dir='ltr'><strong><em>⁸ιιὲτε</em></strong></span> <span class='ocrx_word' id='word_1_63' title='bbox 586 798 878 867; x_wconf 82' lang='grc' dir='ltr'>Ῥωμαίων</span> <span class='ocrx_word' id='word_1_64' title='bbox 943 801 1041 853; x_wconf 58' lang='grc' dir='ltr'><strong><em>καὶ⁸</em></strong></span> <span class='ocrx_word' id='word_1_65' title='bbox 1110 798 1471 869; x_wconf 81' lang='grc' dir='ltr'>νομιζόμενον</span> <span class='ocrx_word' id='word_1_66' title='bbox 1512 800 1777 863; x_wconf 64' lang='grc' dir='ltr'>καὶίδντα</span> <span class='ocrx_word' id='word_1_67' title='bbox 1827 799 2066 871; x_wconf 85' lang='grc' dir='ltr'>πρῶτον)</span> <span class='ocrx_word' id='word_1_68' title='bbox 2105 800 2281 863; x_wconf 76' lang='grc' dir='ltr'>οὐδεὶς</span> <span class='ocrx_word' id='word_1_69' title='bbox 2341 801 2713 871; x_wconf 77' lang='grc' dir='ltr'>ἐπετίμησεν,</span> <span class='ocrx_word' id='word_1_70' title='bbox 2770 800 2892 852; x_wconf 81' lang='grc' dir='ltr'>οὐδὲ</span> <span class='ocrx_word' id='word_1_71' title='bbox 2946 800 3230 870; x_wconf 75' lang='grc' dir='ltr'>ἐμέμψατο</span> <span class='ocrx_word' id='word_1_72' title='bbox 3278 799 3379 868; x_wconf 82' lang='grc' dir='ltr'><strong><em>τῆς</em></strong></span> <span class='ocrx_word' id='word_1_73' title='bbox 3433 798 3665 869; x_wconf 80' lang='grc' dir='ltr'><strong><em>ἀκαίρου</em></strong></span> 
     </span>
    </p>
   </div>
   <div class='ocr_carea' id='block_1_8' title="bbox 421 892 3668 967">
    <p class='ocr_par' dir='ltr' id='par_1_8' title="bbox 421 892 3668 967">
     <span class='ocr_line' id='line_1_8' title="bbox 421 892 3668 967; baseline -0.001 -18"><span class='ocrx_word' id='word_1_74' title='bbox 421 897 755 967; x_wconf 73' lang='grc' dir='ltr'>παρρησίας,</span> <span class='ocrx_word' id='word_1_75' title='bbox 785 894 973 964; x_wconf 83' lang='grc' dir='ltr'>ὥσπερ</span> <span class='ocrx_word' id='word_1_76' title='bbox 997 892 1172 964; x_wconf 79' lang='grc' dir='ltr'>ἀρχὴν</span> <span class='ocrx_word' id='word_1_77' title='bbox 1227 894 1455 965; x_wconf 84' lang='grc' dir='ltr'>νομίσας</span> <span class='ocrx_word' id='word_1_78' title='bbox 1482 895 1731 959; x_wconf 84' lang='grc' dir='ltr'>στάσεως</span> <span class='ocrx_word' id='word_1_79' title='bbox 1769 894 2032 963; x_wconf 69' lang='grc' dir='ltr'>ἐμφυλίου</span> <span class='ocrx_word' id='word_1_80' title='bbox 2070 895 2133 947; x_wconf 74' lang='grc' dir='ltr'>τὸ</span> <span class='ocrx_word' id='word_1_81' title='bbox 2161 894 2421 957; x_wconf 86' lang='grc' dir='ltr'>τοιοῦτον,</span> <span class='ocrx_word' id='word_1_82' title='bbox 2446 892 2638 946; x_wconf 75' lang='grc' dir='ltr'>θᾶττον</span> <span class='ocrx_word' id='word_1_83' title='bbox 2668 893 2702 963; x_wconf 75' lang='grc' dir='ltr'>ἢ</span> <span class='ocrx_word' id='word_1_84' title='bbox 2729 892 3001 958; x_wconf 69' lang='grc' dir='ltr'>ὲὸούλετο,</span> <span class='ocrx_word' id='word_1_85' title='bbox 3048 894 3276 965; x_wconf 83' lang='grc' dir='ltr'><strong><em>ὥρμητο</em></strong></span> <span class='ocrx_word' id='word_1_86' title='bbox 3300 896 3668 966; x_wconf 68' lang='grc' dir='ltr'><strong><em>ἀπαγορεύειν</em></strong></span> 
     </span>
    </p>
   </div>
   <div class='ocr_carea' id='block_1_9' title="bbox 419 988 742 1059">
    <p class='ocr_par' dir='ltr' id='par_1_9' title="bbox 419 988 742 1059">
     <span class='ocr_line' id='line_1_9' title="bbox 419 988 742 1059; baseline -0.006 0"><span class='ocrx_word' id='word_1_87' title='bbox 419 988 518 1059; x_wconf 81' lang='grc' dir='ltr'>τὴν</span> <span class='ocrx_word' id='word_1_88' title='bbox 544 988 742 1058; x_wconf 77' lang='grc' dir='ltr'>ἀρχήνο</span> 
     </span>
    </p>
   </div>
   <div class='ocr_carea' id='block_1_10' title="bbox 1768 1129 2323 1204">
    <p class='ocr_par' dir='ltr' id='par_1_10' title="bbox 1768 1129 2323 1204">
     <span class='ocr_line' id='line_1_10' title="bbox 1768 1129 2323 1204; baseline -0.007 -19"><span class='ocrx_word' id='word_1_89' title='bbox 1768 1130 1931 1204; x_wconf 75' lang='lat'><strong><em>356</em></strong></span> <span class='ocrx_word' id='word_1_90' title='bbox 1967 1129 2191 1185; x_wconf 75' lang='lat' dir='ltr'><strong>CAPUT</strong></span> <span class='ocrx_word' id='word_1_91' title='bbox 2230 1129 2323 1183; x_wconf 89' lang='grc' dir='ltr'><strong>ιιι.</strong></span> 
     </span>
    </p>
   </div>
   <div class='ocr_carea' id='block_1_11' title="bbox 420 1245 3666 1318">
    <p class='ocr_par' dir='ltr' id='par_1_11' title="bbox 420 1245 3666 1318">
     <span class='ocr_line' id='line_1_11' title="bbox 420 1245 3666 1318; baseline -0 -14"><span class='ocrx_word' id='word_1_92' title='bbox 420 1249 584 1308; x_wconf 77' lang='lat' dir='ltr'><strong><em>Amor</em></strong></span> <span class='ocrx_word' id='word_1_93' title='bbox 610 1250 665 1302; x_wconf 85' lang='lat' dir='ltr'><strong><em>in</em></strong></span> <span class='ocrx_word' id='word_1_94' title='bbox 699 1249 1073 1318; x_wconf 81' lang='lat' dir='ltr'><strong><em>imperatorem</em></strong></span> <span class='ocrx_word' id='word_1_95' title='bbox 1116 1260 1402 1306; x_wconf 86' lang='lat' dir='ltr'><strong><em>mortuum.</em></strong></span> <span class='ocrx_word' id='word_1_96' title='bbox 1441 1249 1741 1305; x_wconf 81' lang='lat' dir='ltr'><strong><em>Fastidium</em></strong></span> <span class='ocrx_word' id='word_1_97' title='bbox 1789 1248 2061 1318; x_wconf 77' lang='lat' dir='ltr'><strong><em>potestatis</em></strong></span> <span class='ocrx_word' id='word_1_98' title='bbox 2095 1254 2144 1318; x_wconf 68' lang='lat' dir='ltr'><strong><em>et</em></strong></span> <span class='ocrx_word' id='word_1_99' title='bbox 2172 1263 2333 1300; x_wconf 85' lang='lat' dir='ltr'><strong><em>causa</em></strong></span> <span class='ocrx_word' id='word_1_100' title='bbox 2390 1263 2544 1301; x_wconf 84' lang='lat' dir='ltr'><strong><em>nova.</em></strong></span> <span class='ocrx_word' id='word_1_101' title='bbox 2579 1245 2816 1318; x_wconf 80' lang='lat' dir='ltr'><strong><em>_Chumni</em></strong></span> <span class='ocrx_word' id='word_1_102' title='bbox 2854 1248 3286 1303; x_wconf 82' lang='lat' dir='ltr'><strong><em>contumeliosum</em></strong></span> <span class='ocrx_word' id='word_1_103' title='bbox 3316 1251 3506 1303; x_wconf 79' lang='lat' dir='ltr'><strong><em>dictum</em></strong></span> <span class='ocrx_word' id='word_1_104' title='bbox 3562 1267 3666 1302; x_wconf 73' lang='lat' dir='ltr'><strong><em>non</em></strong></span> 
     </span>
    </p>
   </div>
   <div class='ocr_carea' id='block_1_12' title="bbox 491 1316 3662 1397">
    <p class='ocr_par' dir='ltr' id='par_1_12' title="bbox 491 1316 3662 1397">
     <span class='ocr_line' id='line_1_12' title="bbox 491 1316 3662 1397; baseline -0.001 -24"><span class='ocrx_word' id='word_1_105' title='bbox 491 1316 813 1397; x_wconf 66' lang='lat' dir='ltr'><strong><em>uindicatur.</em></strong></span> <span class='ocrx_word' id='word_1_106' title='bbox 853 1317 1121 1397; x_wconf 58' lang='lat' dir='ltr'><strong><em>Excusant</em></strong></span> <span class='ocrx_word' id='word_1_107' title='bbox 1165 1336 1221 1397; x_wconf 69' lang='lat' dir='ltr'><strong><em>se</em></strong></span> <span class='ocrx_word' id='word_1_108' title='bbox 1253 1322 1584 1397; x_wconf 64' lang='lat' dir='ltr'><strong><em>patriarcha</em></strong></span> <span class='ocrx_word' id='word_1_109' title='bbox 1613 1316 2043 1397; x_wconf 63' lang='lat' dir='ltr'><strong><em>et__imperatria:.</em></strong></span> <span class='ocrx_word' id='word_1_110' title='bbox 2094 1316 2419 1397; x_wconf 68' lang='lat' dir='ltr'><strong><em>Domestieus</em></strong></span> <span class='ocrx_word' id='word_1_111' title='bbox 2458 1316 2657 1397; x_wconf 23' lang='lat' dir='ltr'><strong><em>Ama-llis</em></strong></span> <span class='ocrx_word' id='word_1_112' title='bbox 2686 1320 2852 1397; x_wconf 65' lang='lat' dir='ltr'><strong><em>verbis</em></strong></span> <span class='ocrx_word' id='word_1_113' title='bbox 2891 1320 3122 1397; x_wconf 60' lang='lat' dir='ltr'><strong><em>studium</em></strong></span> <span class='ocrx_word' id='word_1_114' title='bbox 3161 1332 3208 1397; x_wconf 75' lang='lat' dir='ltr'><strong><em>et</em></strong></span> <span class='ocrx_word' id='word_1_115' title='bbox 3266 1321 3572 1397; x_wconf 65' lang='lat' dir='ltr'><strong><em>ﬁd_.-litz.t_em</em></strong></span> <span class='ocrx_word' id='word_1_116' title='bbox 3607 1322 3662 1372; x_wconf 76' lang='lat' dir='ltr'><strong><em>in</em></strong></span> 
     </span>
    </p>
   </div>
   <div class='ocr_carea' id='block_1_13' title="bbox 490 1386 3665 1460">
    <p class='ocr_par' dir='ltr' id='par_1_13' title="bbox 490 1386 3665 1460">
     <span class='ocr_line' id='line_1_13' title="bbox 490 1386 3665 1460; baseline -0.001 -17"><span class='ocrx_word' id='word_1_117' title='bbox 490 1392 866 1460; x_wconf 76' lang='lat' dir='ltr'><strong><em>imperatorem</em></strong></span> <span class='ocrx_word' id='word_1_118' title='bbox 920 1390 1092 1460; x_wconf 77' lang='lat' dir='ltr'><strong><em>vivum</em></strong></span> <span class='ocrx_word' id='word_1_119' title='bbox 1147 1386 1480 1444; x_wconf 81' lang='lat' dir='ltr'><strong><em>declaratum</em></strong></span> <span class='ocrx_word' id='word_1_120' title='bbox 1541 1386 1906 1460; x_wconf 75' lang='lat' dir='ltr'><strong><em>sign&#39;iﬁrat.__et</em></strong></span> <span class='ocrx_word' id='word_1_121' title='bbox 1960 1386 2171 1454; x_wconf 85' lang='lat' dir='ltr'><strong><em>imperti</em></strong></span> <span class='ocrx_word' id='word_1_122' title='bbox 2217 1387 2729 1440; x_wconf 69' lang='lat' dir='ltr'><strong><em>administrationem</em></strong></span> <span class='ocrx_word' id='word_1_123' title='bbox 2781 1390 2835 1441; x_wconf 85' lang='lat' dir='ltr'><strong><em>in</em></strong></span> <span class='ocrx_word' id='word_1_124' title='bbox 2888 1388 3106 1441; x_wconf 81' lang='lat' dir='ltr'><strong><em>concilio</em></strong></span> <span class='ocrx_word' id='word_1_125' title='bbox 3156 1392 3390 1460; x_wconf 77' lang='lat' dir='ltr'><strong><em>deponit,</em></strong></span> <span class='ocrx_word' id='word_1_126' title='bbox 3446 1395 3665 1443; x_wconf 77' lang='lat' dir='ltr'><strong><em>obscure</em></strong></span> 
     </span>
    </p>
   </div>
   <div class='ocr_carea' id='block_1_14' title="bbox 492 1456 2022 1529">
    <p class='ocr_par' dir='ltr' id='par_1_14' title="bbox 492 1456 2022 1529">
     <span class='ocr_line' id='line_1_14' title="bbox 492 1456 2022 1529; baseline -0.003 -17"><span class='ocrx_word' id='word_1_127' title='bbox 492 1456 814 1529; x_wconf 76' lang='lat' dir='ltr'><strong><em>patriarcha:</em></strong></span> <span class='ocrx_word' id='word_1_128' title='bbox 844 1459 1185 1513; x_wconf 80' lang='lat' dir='ltr'><strong><em>ambitionem</em></strong></span> <span class='ocrx_word' id='word_1_129' title='bbox 1212 1460 1372 1529; x_wconf 73' lang='lat' dir='ltr'><strong><em>hujus</em></strong></span> <span class='ocrx_word' id='word_1_130' title='bbox 1401 1460 1477 1513; x_wconf 79' lang='lat' dir='ltr'><strong><em>rei</em></strong></span> <span class='ocrx_word' id='word_1_131' title='bbox 1505 1456 1725 1514; x_wconf 72' lang='lat' dir='ltr'><strong><em>causam</em></strong></span> <span class='ocrx_word' id='word_1_132' title='bbox 1751 1456 2022 1511; x_wconf 74' lang='lat' dir='ltr'><strong><em>indicans.</em></strong></span> 
     </span>
    </p>
   </div>
   <div class='ocr_carea' id='block_1_15' title="bbox 489 1583 1986 1673">
    <p class='ocr_par' dir='ltr' id='par_1_15' title="bbox 489 1583 1986 1673">
     <span class='ocr_line' id='line_1_15' title="bbox 489 1583 1986 1673; baseline -0.004 -30"><span class='ocrx_word' id='word_1_133' title='bbox 489 1589 650 1643; x_wconf 83' lang='grc' dir='ltr'>Μετά</span> <span class='ocrx_word' id='word_1_134' title='bbox 678 1589 813 1673; x_wconf 44' lang='grc' dir='ltr'>γοῦν,</span> <span class='ocrx_word' id='word_1_135' title='bbox 839 1589 930 1641; x_wconf 75' lang='grc' dir='ltr'><strong><em>τδν</em></strong></span> <span class='ocrx_word' id='word_1_136' title='bbox 984 1589 1240 1657; x_wconf 86' lang='grc' dir='ltr'>σύλλογον</span> <span class='ocrx_word' id='word_1_137' title='bbox 1270 1592 1346 1654; x_wconf 83' lang='grc' dir='ltr'><strong><em>εἰς</em></strong></span> <span class='ocrx_word' id='word_1_138' title='bbox 1382 1591 1481 1661; x_wconf 80' lang='grc' dir='ltr'>τὴν</span> <span class='ocrx_word' id='word_1_139' title='bbox 1514 1588 1837 1660; x_wconf 83' lang='grc' dir='ltr'>ὑστεραίαν,</span> <span class='ocrx_word' id='word_1_140' title='bbox 1874 1583 1986 1639; x_wconf 65' lang='grc' dir='ltr'>ὲπεῒ</span> 
     </span>
    </p>
   </div>
   <div class='ocr_carea' id='block_1_16' title="bbox 2088 1583 3664 1673">
    <p class='ocr_par' dir='ltr' id='par_1_16' title="bbox 2166 1587 3664 1661">
     <span class='ocr_line' id='line_1_16' title="bbox 2166 1587 3664 1661; baseline 0.004 -21"><span class='ocrx_word' id='word_1_141' title='bbox 2166 1587 2312 1656; x_wconf 83' lang='lat' dir='ltr'><strong><em>Ergo</em></strong></span> <span class='ocrx_word' id='word_1_142' title='bbox 2358 1588 2447 1643; x_wconf 88' lang='lat' dir='ltr'><strong><em>die</em></strong></span> <span class='ocrx_word' id='word_1_143' title='bbox 2489 1590 2730 1659; x_wconf 76' lang='lat' dir='ltr'><strong><em>proxime</em></strong></span> <span class='ocrx_word' id='word_1_144' title='bbox 2764 1592 3018 1661; x_wconf 80' lang='lat' dir='ltr'><strong><em>sequenti</em></strong></span> <span class='ocrx_word' id='word_1_145' title='bbox 3052 1607 3174 1646; x_wconf 90' lang='lat' dir='ltr'><strong><em>cum</em></strong></span> <span class='ocrx_word' id='word_1_146' title='bbox 3209 1592 3409 1661; x_wconf 73' lang='lat' dir='ltr'><strong><em>ipsaet</em></strong></span> <span class='ocrx_word' id='word_1_147' title='bbox 3436 1596 3664 1660; x_wconf 85' lang='lat' dir='ltr'><strong><em>patr&#39;ar-</em></strong></span> 
     </span>
    </p>
   </div>
   <div class='ocr_carea' id='block_1_17' title="bbox 423 1678 1986 1752">
    <p class='ocr_par' dir='ltr' id='par_1_17' title="bbox 423 1678 1986 1752">
     <span class='ocr_line' id='line_1_17' title="bbox 423 1678 1986 1752; baseline -0.002 -19"><span class='ocrx_word' id='word_1_148' title='bbox 423 1682 517 1733; x_wconf 75' lang='grc' dir='ltr'>καὶ</span> <span class='ocrx_word' id='word_1_149' title='bbox 548 1680 711 1743; x_wconf 79' lang='grc' dir='ltr'>αὐτὸς</span> <span class='ocrx_word' id='word_1_150' title='bbox 737 1679 862 1733; x_wconf 79' lang='grc' dir='ltr'>και’</span> <span class='ocrx_word' id='word_1_151' title='bbox 889 1683 1240 1750; x_wconf 80' lang='grc' dir='ltr'><strong><em>πατριάρχης</em></strong></span> <span class='ocrx_word' id='word_1_152' title='bbox 1277 1681 1540 1752; x_wconf 77' lang='grc' dir='ltr'>παρῆσαν</span> <span class='ocrx_word' id='word_1_153' title='bbox 1582 1684 1640 1735; x_wconf 78' lang='grc' dir='ltr'>ὲν</span> <span class='ocrx_word' id='word_1_154' title='bbox 1674 1678 1986 1749; x_wconf 79' lang='grc' dir='ltr'><strong><em>βασιλείοις,</em></strong></span> 
     </span>
    </p>
   </div>
   <div class='ocr_carea' id='block_1_18' title="bbox 2088 1678 3665 1752">
    <p class='ocr_par' dir='ltr' id='par_1_18' title="bbox 2095 1678 3665 1752">
     <span class='ocr_line' id='line_1_18' title="bbox 2095 1678 3665 1752; baseline 0.002 -18"><span class='ocrx_word' id='word_1_155' title='bbox 2095 1678 2196 1734; x_wconf 71' lang='lat' dir='ltr'><strong><em>Cha</em></strong></span> <span class='ocrx_word' id='word_1_156' title='bbox 2228 1689 2412 1733; x_wconf 78' lang='lat' dir='ltr'><strong><em>essent</em></strong></span> <span class='ocrx_word' id='word_1_157' title='bbox 2447 1680 2499 1733; x_wconf 90' lang='lat' dir='ltr'><strong><em>in</em></strong></span> <span class='ocrx_word' id='word_1_158' title='bbox 2532 1682 2752 1749; x_wconf 82' lang='lat' dir='ltr'><strong><em>palatio,</em></strong></span> <span class='ocrx_word' id='word_1_159' title='bbox 2781 1697 2878 1751; x_wconf 87' lang='lat' dir='ltr'><strong><em>per</em></strong></span> <span class='ocrx_word' id='word_1_160' title='bbox 2900 1698 3023 1737; x_wconf 88' lang='lat' dir='ltr'><strong><em>eum</em></strong></span> <span class='ocrx_word' id='word_1_161' title='bbox 3065 1683 3399 1752; x_wconf 88' lang='lat' dir='ltr'><strong><em>imperatrici</em></strong></span> <span class='ocrx_word' id='word_1_162' title='bbox 3436 1684 3547 1737; x_wconf 78' lang='lat' dir='ltr'><strong><em>haec</em></strong></span> <span class='ocrx_word' id='word_1_163' title='bbox 3574 1698 3665 1737; x_wconf 65' lang='lat' dir='ltr'><strong><em>reo</em></strong></span> 
     </span>
    </p>
   </div>
   <div class='ocr_carea' id='block_1_19' title="bbox 424 1768 1986 1843">
    <p class='ocr_par' dir='ltr' id='par_1_19' title="bbox 424 1768 1986 1842">
     <span class='ocr_line' id='line_1_19' title="bbox 424 1768 1986 1842; baseline -0.003 -18"><span class='ocrx_word' id='word_1_164' title='bbox 424 1773 561 1841; x_wconf 81' lang='grc' dir='ltr'>πρὸς</span> <span class='ocrx_word' id='word_1_165' title='bbox 613 1768 840 1842; x_wconf 79' lang='grc' dir='ltr'>βασιλέα</span> <span class='ocrx_word' id='word_1_166' title='bbox 881 1773 1082 1842; x_wconf 79' lang='grc' dir='ltr'>ἐχρῆτο</span> <span class='ocrx_word' id='word_1_167' title='bbox 1140 1774 1375 1842; x_wconf 79' lang='grc' dir='ltr'>μηνυτῇ,</span> <span class='ocrx_word' id='word_1_168' title='bbox 1435 1772 1531 1826; x_wconf 80' lang='grc' dir='ltr'><strong><em>καί</em></strong></span> <span class='ocrx_word' id='word_1_169' title='bbox 1578 1770 1805 1825; x_wconf 87' lang='grc' dir='ltr'>τοιαῦτα</span> <span class='ocrx_word' id='word_1_170' title='bbox 1851 1769 1986 1840; x_wconf 76' lang='grc' dir='ltr'>αὐτῇ</span> 
     </span>
    </p>
   </div>
   <div class='ocr_carea' id='block_1_20' title="bbox 2088 1768 3663 1843">
    <p class='ocr_par' dir='ltr' id='par_1_20' title="bbox 2096 1768 3663 1843">
     <span class='ocr_line' id='line_1_20' title="bbox 2096 1768 3663 1843; baseline 0.003 -20"><span class='ocrx_word' id='word_1_171' title='bbox 2096 1769 2327 1825; x_wconf 87' lang='lat' dir='ltr'><strong><em>nuntiat.</em></strong></span> <span class='ocrx_word' id='word_1_172' title='bbox 2377 1768 2437 1823; x_wconf 91' lang='lat' dir='ltr'><strong><em>Si</em></strong></span> <span class='ocrx_word' id='word_1_173' title='bbox 2482 1769 2675 1826; x_wconf 83' lang='lat' dir='ltr'><strong><em>fuisset</em></strong></span> <span class='ocrx_word' id='word_1_174' title='bbox 2709 1786 2737 1826; x_wconf 82' lang='lat' dir='ltr'><strong><em>a</em></strong></span> <span class='ocrx_word' id='word_1_175' title='bbox 2776 1772 2885 1826; x_wconf 85' lang='lat' dir='ltr'><strong><em>Deo</em></strong></span> <span class='ocrx_word' id='word_1_176' title='bbox 2916 1772 2972 1825; x_wconf 91' lang='lat' dir='ltr'><strong><em>in</em></strong></span> <span class='ocrx_word' id='word_1_177' title='bbox 2999 1773 3118 1843; x_wconf 83' lang='lat' dir='ltr'><strong><em>ejus</em></strong></span> <span class='ocrx_word' id='word_1_178' title='bbox 3150 1773 3398 1843; x_wconf 76' lang='lat' dir='ltr'><strong><em>relictum</em></strong></span> <span class='ocrx_word' id='word_1_179' title='bbox 3430 1772 3663 1828; x_wconf 86' lang='lat' dir='ltr'><strong><em>arbitrio</em></strong></span> 
     </span>
    </p>
   </div>
   <div class='ocr_carea' id='block_1_21' title="bbox 423 1858 1991 1934">
    <p class='ocr_par' dir='ltr' id='par_1_21' title="bbox 423 1858 1991 1934">
     <span class='ocr_line' id='line_1_21' title="bbox 423 1858 1991 1934; baseline -0.003 -19"><span class='ocrx_word' id='word_1_180' title='bbox 423 1863 611 1930; x_wconf 65' lang='grc' dir='ltr'>ἐδήλου</span> <span class='ocrx_word' id='word_1_181' title='bbox 648 1863 715 1915; x_wconf 86' lang='grc' dir='ltr'>δι’</span> <span class='ocrx_word' id='word_1_182' title='bbox 746 1863 940 1926; x_wconf 83' lang='grc' dir='ltr'>αὑτοῦ,</span> <span class='ocrx_word' id='word_1_183' title='bbox 967 1864 1229 1933; x_wconf 84' lang='grc' dir='ltr'>ὡςἐτπερ</span> <span class='ocrx_word' id='word_1_184' title='bbox 1255 1858 1323 1934; x_wconf 82' lang='grc' dir='ltr'>ἦν</span> <span class='ocrx_word' id='word_1_185' title='bbox 1353 1864 1565 1931; x_wconf 83' lang='grc' dir='ltr'>αἵρεσις</span> <span class='ocrx_word' id='word_1_186' title='bbox 1603 1860 1754 1930; x_wconf 80' lang='grc' dir='ltr'>αὐτῷ</span> <span class='ocrx_word' id='word_1_187' title='bbox 1795 1876 1991 1929; x_wconf 82' lang='grc' dir='ltr'>προτε-</span> 
     </span>
    </p>
   </div>
   <div class='ocr_carea' id='block_1_22' title="bbox 406 1953 1993 2024">
    <p class='ocr_par' dir='ltr' id='par_1_22' title="bbox 406 1953 1993 2024">
     <span class='ocr_line' id='line_1_22' title="bbox 406 1953 1993 2024; baseline 0 -20"><span class='ocrx_word' id='word_1_188' title='bbox 406 1954 583 2024; x_wconf 78' lang='grc' dir='ltr'>θῆναι</span> <span class='ocrx_word' id='word_1_189' title='bbox 635 1956 697 2007; x_wconf 81' lang='grc' dir='ltr'>ὲκ</span> <span class='ocrx_word' id='word_1_190' title='bbox 750 1954 887 2007; x_wconf 83' lang='grc' dir='ltr'><strong><em>Θεοῦ</em></strong></span> <span class='ocrx_word' id='word_1_191' title='bbox 938 1956 1118 2022; x_wconf 74' lang='grc' dir='ltr'>(αὐτὸς</span> <span class='ocrx_word' id='word_1_192' title='bbox 1171 1956 1217 2008; x_wconf 84' lang='grc' dir='ltr'>δ’</span> <span class='ocrx_word' id='word_1_193' title='bbox 1274 1956 1340 2009; x_wconf 85' lang='grc' dir='ltr'><strong><em>ἀν</em></strong></span> <span class='ocrx_word' id='word_1_194' title='bbox 1390 1955 1475 2024; x_wconf 73' lang='grc' dir='ltr'><strong><em>εἴη</em></strong></span> <span class='ocrx_word' id='word_1_195' title='bbox 1529 1954 1635 2007; x_wconf 81' lang='grc' dir='ltr'><strong><em>τῶν</em></strong></span> <span class='ocrx_word' id='word_1_196' title='bbox 1686 1953 1993 2019; x_wconf 78' lang='grc' dir='ltr'>λεγομένων</span> 
     </span>
    </p>
   </div>
   <div class='ocr_carea' id='block_1_23' title="bbox 424 2041 1989 2118">
    <p class='ocr_par' dir='ltr' id='par_1_23' title="bbox 424 2041 1989 2118">
     <span class='ocr_line' id='line_1_23' title="bbox 424 2041 1989 2118; baseline -0.003 -19"><span class='ocrx_word' id='word_1_197' title='bbox 424 2046 635 2115; x_wconf 80' lang='grc' dir='ltr'><strong><em>μάρτυς</em></strong></span> <span class='ocrx_word' id='word_1_198' title='bbox 665 2044 740 2108; x_wconf 82' lang='grc' dir='ltr'><strong><em>ὡς</em></strong></span> <span class='ocrx_word' id='word_1_199' title='bbox 769 2046 992 2117; x_wconf 77' lang='grc' dir='ltr'>ἀληθῆ),</span> <span class='ocrx_word' id='word_1_200' title='bbox 1029 2046 1252 2116; x_wconf 79' lang='grc' dir='ltr'>βασιλέα</span> <span class='ocrx_word' id='word_1_201' title='bbox 1280 2048 1378 2118; x_wconf 80' lang='grc' dir='ltr'>μὲν</span> <span class='ocrx_word' id='word_1_202' title='bbox 1416 2047 1471 2100; x_wconf 78' lang='grc' dir='ltr'>ὲν</span> <span class='ocrx_word' id='word_1_203' title='bbox 1502 2047 1670 2111; x_wconf 80' lang='grc' dir='ltr'>ζῶσιν</span> <span class='ocrx_word' id='word_1_204' title='bbox 1702 2041 1989 2112; x_wconf 48' lang='grc' dir='ltr'>εἶναικαύ-</span> 
     </span>
    </p>
   </div>
   <div class='ocr_carea' id='block_1_24' title="bbox 421 2135 1992 2205">
    <p class='ocr_par' dir='ltr' id='par_1_24' title="bbox 421 2135 1992 2205">
     <span class='ocr_line' id='line_1_24' title="bbox 421 2135 1992 2205; baseline 0.001 -17"><span class='ocrx_word' id='word_1_205' title='bbox 421 2138 512 2189; x_wconf 69' lang='grc' dir='ltr'>τὶν</span> <span class='ocrx_word' id='word_1_206' title='bbox 537 2138 582 2190; x_wconf 86' lang='grc' dir='ltr'>δ’</span> <span class='ocrx_word' id='word_1_207' title='bbox 605 2138 812 2191; x_wconf 83' lang='grc' dir='ltr'>ἐκείνου</span> <span class='ocrx_word' id='word_1_208' title='bbox 843 2139 934 2191; x_wconf 75' lang='grc' dir='ltr'><strong><em>τὸν</em></strong></span> <span class='ocrx_word' id='word_1_209' title='bbox 981 2138 1212 2193; x_wconf 83' lang='grc' dir='ltr'>θάνατον</span> <span class='ocrx_word' id='word_1_210' title='bbox 1240 2138 1593 2202; x_wconf 85' lang='grc' dir='ltr'>ἀθτελέσθαι,</span> <span class='ocrx_word' id='word_1_211' title='bbox 1625 2138 1864 2199; x_wconf 83' lang='grc' dir='ltr'>ἀπάσαις</span> <span class='ocrx_word' id='word_1_212' title='bbox 1887 2135 1992 2205; x_wconf 72' lang='grc' dir='ltr'><strong><em>ψήο</em></strong></span> 
     </span>
    </p>
   </div>
   <div class='ocr_carea' id='block_1_25' title="bbox 422 2228 1989 2304">
    <p class='ocr_par' dir='ltr' id='par_1_25' title="bbox 422 2228 1989 2304">
     <span class='ocr_line' id='line_1_25' title="bbox 422 2228 1989 2304; baseline -0.001 -21"><span class='ocrx_word' id='word_1_213' title='bbox 422 2248 546 2300; x_wconf 77' lang='grc' dir='ltr'>φοις</span> <span class='ocrx_word' id='word_1_214' title='bbox 584 2232 679 2285; x_wconf 75' lang='grc' dir='ltr'>καὶ</span> <span class='ocrx_word' id='word_1_215' title='bbox 710 2233 857 2303; x_wconf 77' lang='grc' dir='ltr'>πάσῃ</span> <span class='ocrx_word' id='word_1_216' title='bbox 886 2233 1089 2303; x_wconf 78' lang='grc' dir='ltr'>σπουδῇ</span> <span class='ocrx_word' id='word_1_217' title='bbox 1125 2233 1220 2286; x_wconf 77' lang='grc' dir='ltr'><strong><em>καὶ</em></strong></span> <span class='ocrx_word' id='word_1_218' title='bbox 1255 2232 1539 2304; x_wconf 76' lang='grc' dir='ltr'><strong><em>προθυμίᾳ</em></strong></span> <span class='ocrx_word' id='word_1_219' title='bbox 1588 2230 1880 2300; x_wconf 85' lang='grc' dir='ltr'>προείλετο</span> <span class='ocrx_word' id='word_1_220' title='bbox 1922 2228 1989 2282; x_wconf 82' lang='grc' dir='ltr'>ἂν</span> 
     </span>
    </p>
   </div>
   <div class='ocr_carea' id='block_1_26' title="bbox 421 2320 1990 2395">
    <p class='ocr_par' dir='ltr' id='par_1_26' title="bbox 421 2320 1990 2395">
     <span class='ocr_line' id='line_1_26' title="bbox 421 2320 1990 2395; baseline -0.001 -19"><span class='ocrx_word' id='word_1_221' title='bbox 421 2325 581 2386; x_wconf 71' lang='grc' dir='ltr'>αὐτὸς</span> <span class='ocrx_word' id='word_1_222' title='bbox 626 2325 919 2377; x_wconf 78' lang='grc' dir='ltr'>ἀποθανεῖν</span> <span class='ocrx_word' id='word_1_223' title='bbox 997 2326 1137 2395; x_wconf 74' lang='grc' dir='ltr'>ὑπὲρ</span> <span class='ocrx_word' id='word_1_224' title='bbox 1184 2324 1279 2378; x_wconf 85' lang='grc' dir='ltr'><strong><em>τοῦ</em></strong></span> <span class='ocrx_word' id='word_1_225' title='bbox 1325 2328 1531 2379; x_wconf 80' lang='grc' dir='ltr'>ἐκεῖνον</span> <span class='ocrx_word' id='word_1_226' title='bbox 1578 2324 1698 2395; x_wconf 72' lang='grc' dir='ltr'>ζῇν.</span> <span class='ocrx_word' id='word_1_227' title='bbox 1752 2323 1905 2375; x_wconf 77' lang='grc' dir='ltr'>Ἐπεὶ</span> <span class='ocrx_word' id='word_1_228' title='bbox 1933 2320 1990 2375; x_wconf 80' lang='grc' dir='ltr'>δὲ</span> 
     </span>
    </p>
   </div>
   <div class='ocr_carea' id='block_1_27' title="bbox 421 2414 1989 2487">
    <p class='ocr_par' dir='ltr' id='par_1_27' title="bbox 421 2414 1989 2487">
     <span class='ocr_line' id='line_1_27' title="bbox 421 2414 1989 2487; baseline -0.001 -22"><span class='ocrx_word' id='word_1_229' title='bbox 421 2415 500 2485; x_wconf 85' lang='grc' dir='ltr'>τῷ</span> <span class='ocrx_word' id='word_1_230' title='bbox 539 2417 714 2487; x_wconf 80' lang='grc' dir='ltr'>μέτρα</span> <span class='ocrx_word' id='word_1_231' title='bbox 764 2418 857 2468; x_wconf 78' lang='grc' dir='ltr'>καὶ</span> <span class='ocrx_word' id='word_1_232' title='bbox 890 2417 1034 2483; x_wconf 77' lang='grc' dir='ltr'>ζωῆς</span> <span class='ocrx_word' id='word_1_233' title='bbox 1074 2416 1169 2470; x_wconf 89' lang='grc' dir='ltr'><strong><em>καί</em></strong></span> <span class='ocrx_word' id='word_1_234' title='bbox 1226 2416 1483 2486; x_wconf 80' lang='grc' dir='ltr'><strong><em>τελευτῆς</em></strong></span> <span class='ocrx_word' id='word_1_235' title='bbox 1531 2416 1748 2485; x_wconf 79' lang='grc' dir='ltr'>ἑκάστῳ</span> <span class='ocrx_word' id='word_1_236' title='bbox 1794 2414 1989 2466; x_wconf 87' lang='grc' dir='ltr'>ταλαν-</span> 
     </span>
    </p>
   </div>
   <div class='ocr_carea' id='block_1_28' title="bbox 407 2508 1991 2594">
    <p class='ocr_par' dir='ltr' id='par_1_28' title="bbox 407 2508 1991 2594">
     <span class='ocr_line' id='line_1_28' title="bbox 407 2508 1991 2594; baseline -0.001 -34"><span class='ocrx_word' id='word_1_237' title='bbox 407 2508 636 2594; x_wconf 42' lang='grc' dir='ltr'>ίτεύοντι</span> <span class='ocrx_word' id='word_1_238' title='bbox 674 2508 864 2561; x_wconf 89' lang='grc' dir='ltr'>τοῦτον</span> <span class='ocrx_word' id='word_1_239' title='bbox 915 2508 1064 2575; x_wconf 77' lang='grc' dir='ltr'>ἔδοξε</span> <span class='ocrx_word' id='word_1_240' title='bbox 1100 2509 1191 2563; x_wconf 83' lang='grc' dir='ltr'>τὸν</span> <span class='ocrx_word' id='word_1_241' title='bbox 1222 2509 1448 2580; x_wconf 81' lang='grc' dir='ltr'>τρόπον,</span> <span class='ocrx_word' id='word_1_242' title='bbox 1503 2509 1698 2580; x_wconf 76' lang='grc' dir='ltr'>ἐκείνῳ</span> <span class='ocrx_word' id='word_1_243' title='bbox 1736 2508 1835 2579; x_wconf 70' lang='grc' dir='ltr'>μὶν</span> <span class='ocrx_word' id='word_1_244' title='bbox 1861 2509 1991 2576; x_wconf 87' lang='grc' dir='ltr'>ὀμο-</span> 
     </span>
    </p>
   </div>
   <div class='ocr_carea' id='block_1_29' title="bbox 423 2599 1991 2671">
    <p class='ocr_par' dir='ltr' id='par_1_29' title="bbox 423 2599 1991 2671">
     <span class='ocr_line' id='line_1_29' title="bbox 423 2599 1991 2671; baseline 0 -22"><span class='ocrx_word' id='word_1_245' title='bbox 423 2599 603 2666; x_wconf 84' lang='grc' dir='ltr'>λογεῖν</span> <span class='ocrx_word' id='word_1_246' title='bbox 635 2599 913 2668; x_wconf 78' lang='grc' dir='ltr'>προσῆκον</span> <span class='ocrx_word' id='word_1_247' title='bbox 928 2601 1154 2670; x_wconf 86' lang='grc' dir='ltr'>χάριτας</span> <span class='ocrx_word' id='word_1_248' title='bbox 1183 2600 1282 2670; x_wconf 84' lang='grc' dir='ltr'><strong><em>τῆς</em></strong></span> <span class='ocrx_word' id='word_1_249' title='bbox 1310 2600 1439 2671; x_wconf 75' lang='grc' dir='ltr'>περὶ</span> <span class='ocrx_word' id='word_1_250' title='bbox 1468 2601 1615 2669; x_wconf 79' lang='grc' dir='ltr'>ἡμᾶς</span> <span class='ocrx_word' id='word_1_251' title='bbox 1648 2600 1817 2667; x_wconf 75' lang='grc' dir='ltr'>σοφῆς</span> <span class='ocrx_word' id='word_1_252' title='bbox 1845 2599 1991 2650; x_wconf 89' lang='grc' dir='ltr'>οἰκο-</span> 
     </span>
    </p>
   </div>
   <div class='ocr_carea' id='block_1_30' title="bbox 423 2689 1988 2761">
    <p class='ocr_par' dir='ltr' id='par_1_30' title="bbox 423 2689 1988 2761">
     <span class='ocr_line' id='line_1_30' title="bbox 423 2689 1988 2761; baseline -0.004 -14"><span class='ocrx_word' id='word_1_253' title='bbox 423 2692 615 2760; x_wconf 83' lang='grc' dir='ltr'>νομίας</span> <span class='ocrx_word' id='word_1_254' title='bbox 640 2693 887 2755; x_wconf 78' lang='grc' dir='ltr'>ἀὐτοὺς</span> <span class='ocrx_word' id='word_1_255' title='bbox 928 2692 1003 2756; x_wconf 81' lang='grc' dir='ltr'>δὲ,</span> <span class='ocrx_word' id='word_1_256' title='bbox 1032 2692 1267 2746; x_wconf 72' lang='grc' dir='ltr'>ἕκαστον</span> <span class='ocrx_word' id='word_1_257' title='bbox 1315 2694 1343 2746; x_wconf 87' lang='grc' dir='ltr'><strong><em>δ</em></strong></span> <span class='ocrx_word' id='word_1_258' title='bbox 1407 2710 1460 2747; x_wconf 89' lang='grc' dir='ltr'><strong><em>τι</em></strong></span> <span class='ocrx_word' id='word_1_259' title='bbox 1509 2691 1574 2746; x_wconf 82' lang='grc' dir='ltr'>ἂν</span> <span class='ocrx_word' id='word_1_260' title='bbox 1616 2695 1703 2761; x_wconf 81' lang='grc' dir='ltr'>εἴη</span> <span class='ocrx_word' id='word_1_261' title='bbox 1753 2689 1901 2760; x_wconf 82' lang='grc' dir='ltr'>αὐτῷ</span> <span class='ocrx_word' id='word_1_262' title='bbox 1929 2706 1988 2742; x_wconf 83' lang='grc' dir='ltr'><strong><em>τε</em></strong></span> 
     </span>
    </p>
   </div>
   <div class='ocr_carea' id='block_1_31' title="bbox 422 2782 1989 2852">
    <p class='ocr_par' dir='ltr' id='par_1_31' title="bbox 422 2782 1989 2852">
     <span class='ocr_line' id='line_1_31' title="bbox 422 2782 1989 2852; baseline -0.001 -18"><span class='ocrx_word' id='word_1_263' title='bbox 422 2784 704 2852; x_wconf 71' lang='grc' dir='ltr'>προσῆκον</span> <span class='ocrx_word' id='word_1_264' title='bbox 737 2783 832 2835; x_wconf 76' lang='grc' dir='ltr'>καὶ</span> <span class='ocrx_word' id='word_1_265' title='bbox 887 2782 1164 2847; x_wconf 85' lang='grc' dir='ltr'>λυσιτελὲς</span> <span class='ocrx_word' id='word_1_266' title='bbox 1204 2787 1426 2837; x_wconf 84' lang='grc' dir='ltr'>σκοπεῖν</span> <span class='ocrx_word' id='word_1_267' title='bbox 1452 2799 1465 2815; x_wconf 73' lang='grc' dir='ltr'><strong>ο</strong></span> <span class='ocrx_word' id='word_1_268' title='bbox 1505 2784 1534 2836; x_wconf 88' lang='grc' dir='ltr'><strong><em>δ</em></strong></span> <span class='ocrx_word' id='word_1_269' title='bbox 1569 2782 1632 2851; x_wconf 79' lang='grc' dir='ltr'><strong><em>δὴ</em></strong></span> <span class='ocrx_word' id='word_1_270' title='bbox 1663 2783 1833 2849; x_wconf 74' lang='grc' dir='ltr'>κάμοὶ</span> <span class='ocrx_word' id='word_1_271' title='bbox 1863 2799 1989 2834; x_wconf 84' lang='grc' dir='ltr'>σκε-</span> 
     </span>
    </p>
   </div>
   <div class='ocr_carea' id='block_1_32' title="bbox 420 2871 1984 2947">
    <p class='ocr_par' dir='ltr' id='par_1_32' title="bbox 420 2871 1984 2947">
     <span class='ocr_line' id='line_1_32' title="bbox 420 2871 1984 2947; baseline 0.002 -25"><span class='ocrx_word' id='word_1_272' title='bbox 420 2871 652 2942; x_wconf 78' lang='grc' dir='ltr'>ψαμένῳ</span> <span class='ocrx_word' id='word_1_273' title='bbox 705 2874 830 2941; x_wconf 87' lang='grc' dir='ltr'><strong><em>περί</em></strong></span> <span class='ocrx_word' id='word_1_274' title='bbox 868 2871 1128 2940; x_wconf 80' lang='grc' dir='ltr'>ἐμαυτοῦ,</span> <span class='ocrx_word' id='word_1_275' title='bbox 1177 2874 1332 2947; x_wconf 70' lang='grc' dir='ltr'><strong><em>ἔδοξε¹</em></strong></span> <span class='ocrx_word' id='word_1_276' title='bbox 1374 2874 1486 2928; x_wconf 81' lang='grc' dir='ltr'>δεῖν</span> <span class='ocrx_word' id='word_1_277' title='bbox 1530 2874 1640 2929; x_wconf 82' lang='grc' dir='ltr'>τῶν</span> <span class='ocrx_word' id='word_1_278' title='bbox 1688 2874 1786 2943; x_wconf 82' lang='grc' dir='ltr'>μὲν</span> <span class='ocrx_word' id='word_1_279' title='bbox 1841 2891 1984 2943; x_wconf 86' lang='grc' dir='ltr'>πρα-</span> 
     </span>
    </p>
   </div>
   <div class='ocr_carea' id='block_1_33' title="bbox 425 2963 1987 3034">
    <p class='ocr_par' dir='ltr' id='par_1_33' title="bbox 425 2963 1987 3034">
     <span class='ocr_line' id='line_1_33' title="bbox 425 2963 1987 3034; baseline 0 -17"><span class='ocrx_word' id='word_1_280' title='bbox 425 2963 649 3031; x_wconf 79' lang='grc' dir='ltr'>γμάτων</span> <span class='ocrx_word' id='word_1_281' title='bbox 672 2963 1007 3032; x_wconf 78' lang='grc' dir='ltr'>ἀποσχέσθαι</span> <span class='ocrx_word' id='word_1_282' title='bbox 1024 2977 1037 2991; x_wconf 84' lang='grc'>⁶</span> <span class='ocrx_word' id='word_1_283' title='bbox 1063 2965 1298 3017; x_wconf 79' lang='grc' dir='ltr'>συνεῖναι</span> <span class='ocrx_word' id='word_1_284' title='bbox 1316 2963 1371 3017; x_wconf 71' lang='grc' dir='ltr'>δὲ</span> <span class='ocrx_word' id='word_1_285' title='bbox 1390 2964 1479 3017; x_wconf 81' lang='grc' dir='ltr'><strong><em>τὸν</em></strong></span> <span class='ocrx_word' id='word_1_286' title='bbox 1503 2964 1784 3018; x_wconf 75' lang='grc' dir='ltr'>ἐπίλοιπον</span> <span class='ocrx_word' id='word_1_287' title='bbox 1802 2966 1987 3034; x_wconf 84' lang='grc' dir='ltr'>ἀπρα-</span> 
     </span>
    </p>
   </div>
   <div class='ocr_carea' id='block_1_34' title="bbox 423 3053 1990 3127">
    <p class='ocr_par' dir='ltr' id='par_1_34' title="bbox 423 3053 1990 3127">
     <span class='ocr_line' id='line_1_34' title="bbox 423 3053 1990 3127; baseline 0.002 -21"><span class='ocrx_word' id='word_1_288' title='bbox 423 3055 672 3125; x_wconf 84' lang='grc' dir='ltr'>γμοσύνῃ</span> <span class='ocrx_word' id='word_1_289' title='bbox 704 3053 820 3122; x_wconf 89' lang='grc' dir='ltr'>βίον</span> <span class='ocrx_word' id='word_1_290' title='bbox 848 3054 994 3115; x_wconf 83' lang='grc' dir='ltr'>ὅπως</span> <span class='ocrx_word' id='word_1_291' title='bbox 1012 3054 1088 3108; x_wconf 71' lang='grc' dir='ltr'><strong><em>ἀν</em></strong></span> <span class='ocrx_word' id='word_1_292' title='bbox 1106 3053 1349 3124; x_wconf 81' lang='grc' dir='ltr'>δύνωμαι</span> <span class='ocrx_word' id='word_1_293' title='bbox 1378 3055 1633 3123; x_wconf 86' lang='grc' dir='ltr'>διάγοντα</span> <span class='ocrx_word' id='word_1_294' title='bbox 1671 3056 1791 3109; x_wconf 80' lang='grc' dir='ltr'>κατ’</span> <span class='ocrx_word' id='word_1_295' title='bbox 1821 3058 1990 3127; x_wconf 75' lang='grc' dir='ltr'>ἐμαυ-</span> 
     </span>
    </p>
   </div>
   <div class='ocr_carea' id='block_1_35' title="bbox 423 3130 1986 3217">
    <p class='ocr_par' dir='ltr' id='par_1_35' title="bbox 423 3130 1986 3217">
     <span class='ocr_line' id='line_1_35' title="bbox 423 3130 1986 3217; baseline 0.004 -22"><span class='ocrx_word' id='word_1_296' title='bbox 423 3146 548 3197; x_wconf 74' lang='grc' dir='ltr'><strong><em>τόνο</em></strong></span> <span class='ocrx_word' id='word_1_297' title='bbox 587 3145 730 3199; x_wconf 74' lang='grc' dir='ltr'>οὕτω</span> <span class='ocrx_word' id='word_1_298' title='bbox 766 3145 830 3216; x_wconf 81' lang='grc' dir='ltr'>δὴ</span> <span class='ocrx_word' id='word_1_299' title='bbox 856 3145 1033 3212; x_wconf 77' lang='grc' dir='ltr'>δόξαν,</span> <span class='ocrx_word' id='word_1_300' title='bbox 1066 3146 1165 3217; x_wconf 72' lang='grc' dir='ltr'>ἠδη</span> <span class='ocrx_word' id='word_1_301' title='bbox 1204 3147 1293 3199; x_wconf 78' lang='grc' dir='ltr'>καὶ</span> <span class='ocrx_word' id='word_1_302' title='bbox 1346 3146 1427 3199; x_wconf 76' lang='grc' dir='ltr'>σοὶ</span> <span class='ocrx_word' id='word_1_303' title='bbox 1480 3130 1780 3217; x_wconf 80' lang='grc' dir='ltr'>κατάδηλον</span> <span class='ocrx_word' id='word_1_304' title='bbox 1826 3146 1986 3201; x_wconf 82' lang='grc' dir='ltr'>ποιῶ.</span> 
     </span>
    </p>
   </div>
   <div class='ocr_carea' id='block_1_36' title="bbox 424 3236 1987 3309">
    <p class='ocr_par' dir='ltr' id='par_1_36' title="bbox 424 3236 1987 3309">
     <span class='ocr_line' id='line_1_36' title="bbox 424 3236 1987 3309; baseline 0 -20"><span class='ocrx_word' id='word_1_305' title='bbox 424 3236 530 3289; x_wconf 78' lang='grc' dir='ltr'>Τοῦ</span> <span class='ocrx_word' id='word_1_306' title='bbox 556 3239 897 3308; x_wconf 77' lang='grc' dir='ltr'>πατριάρχου</span> <span class='ocrx_word' id='word_1_307' title='bbox 941 3237 999 3290; x_wconf 81' lang='grc' dir='ltr'>δὲ</span> <span class='ocrx_word' id='word_1_308' title='bbox 1034 3238 1443 3309; x_wconf 83' lang='grc' dir='ltr'>πυνθανομένου</span> <span class='ocrx_word' id='word_1_309' title='bbox 1482 3240 1580 3309; x_wconf 84' lang='grc' dir='ltr'><strong><em>τὴν</em></strong></span> <span class='ocrx_word' id='word_1_310' title='bbox 1623 3240 1802 3293; x_wconf 77' lang='grc' dir='ltr'>αἰτίαν</span> <span class='ocrx_word' id='word_1_311' title='bbox 1828 3239 1895 3290; x_wconf 82' lang='grc' dir='ltr'>δι’</span> <span class='ocrx_word' id='word_1_312' title='bbox 1919 3238 1987 3307; x_wconf 73' lang='grc' dir='ltr'>ἢν</span> 
     </span>
    </p>
   </div>
   <div class='ocr_carea' id='block_1_37' title="bbox 425 3328 1982 3401">
    <p class='ocr_par' dir='ltr' id='par_1_37' title="bbox 425 3328 1982 3401">
     <span class='ocr_line' id='line_1_37' title="bbox 425 3328 1982 3401; baseline 0.001 -18"><span class='ocrx_word' id='word_1_313' title='bbox 425 3328 573 3398; x_wconf 74' lang='grc' dir='ltr'>αὐτῷ</span> <span class='ocrx_word' id='word_1_314' title='bbox 618 3329 847 3382; x_wconf 82' lang='grc' dir='ltr'>τοιαῦτα</span> <span class='ocrx_word' id='word_1_315' title='bbox 894 3328 1026 3399; x_wconf 76' lang='grc' dir='ltr'>πρδς</span> <span class='ocrx_word' id='word_1_316' title='bbox 1068 3328 1165 3400; x_wconf 78' lang='grc' dir='ltr'>τὴν</span> <span class='ocrx_word' id='word_1_317' title='bbox 1195 3330 1442 3399; x_wconf 79' lang='grc' dir='ltr'>βασιλίδα</span> <span class='ocrx_word' id='word_1_318' title='bbox 1494 3331 1737 3401; x_wconf 79' lang='grc' dir='ltr'>παρέστη</span> <span class='ocrx_word' id='word_1_319' title='bbox 1787 3330 1982 3396; x_wconf 82' lang='grc' dir='ltr'>λέγειν.</span> 
     </span>
    </p>
   </div>
   <div class='ocr_carea' id='block_1_38' title="bbox 424 3419 1987 3490">
    <p class='ocr_par' dir='ltr' id='par_1_38' title="bbox 424 3419 1987 3490">
     <span class='ocr_line' id='line_1_38' title="bbox 424 3419 1987 3490; baseline -0.003 -16"><span class='ocrx_word' id='word_1_320' title='bbox 424 3421 535 3474; x_wconf 74' lang='grc' dir='ltr'><strong><em>Καὶ</em></strong></span> <span class='ocrx_word' id='word_1_321' title='bbox 571 3420 835 3490; x_wconf 87' lang='grc' dir='ltr'>πρότερον</span> <span class='ocrx_word' id='word_1_322' title='bbox 870 3420 969 3490; x_wconf 82' lang='grc' dir='ltr'>μὲν</span> <span class='ocrx_word' id='word_1_323' title='bbox 1003 3419 1207 3487; x_wconf 73' lang='grc' dir='ltr'>ἔφασκε</span> <span class='ocrx_word' id='word_1_324' title='bbox 1268 3422 1395 3483; x_wconf 82' lang='grc' dir='ltr'>τοὺς</span> <span class='ocrx_word' id='word_1_325' title='bbox 1424 3420 1702 3482; x_wconf 80' lang='grc' dir='ltr'>τοιούτους</span> <span class='ocrx_word' id='word_1_326' title='bbox 1736 3420 1987 3489; x_wconf 60' lang='grc' dir='ltr'>στρέφειν</span> 
     </span>
    </p>
   </div>
   <div class='ocr_carea' id='block_1_39' title="bbox 422 3507 1986 3581">
    <p class='ocr_par' dir='ltr' id='par_1_39' title="bbox 422 3507 1986 3581">
     <span class='ocr_line' id='line_1_39' title="bbox 422 3507 1986 3581; baseline -0.004 -17"><span class='ocrx_word' id='word_1_327' title='bbox 422 3513 739 3581; x_wconf 81' lang='grc' dir='ltr'>λογισμοὺς,</span> <span class='ocrx_word' id='word_1_328' title='bbox 772 3513 865 3564; x_wconf 72' lang='grc' dir='ltr'>καὶ</span> <span class='ocrx_word' id='word_1_329' title='bbox 911 3512 1207 3579; x_wconf 80' lang='grc' dir='ltr'>ἀναγκαῖον</span> <span class='ocrx_word' id='word_1_330' title='bbox 1248 3511 1459 3563; x_wconf 71' lang='grc' dir='ltr'>οἴεσθαι</span> <span class='ocrx_word' id='word_1_331' title='bbox 1511 3510 1843 3577; x_wconf 75' lang='grc' dir='ltr'>ἀφίστασθαι</span> <span class='ocrx_word' id='word_1_332' title='bbox 1878 3507 1986 3559; x_wconf 84' lang='grc' dir='ltr'>τῶν</span> 
     </span>
    </p>
   </div>
   <div class='ocr_carea' id='block_1_40' title="bbox 425 3598 1986 3672">
    <p class='ocr_par' dir='ltr' id='par_1_40' title="bbox 425 3598 1986 3672">
     <span class='ocr_line' id='line_1_40' title="bbox 425 3598 1986 3672; baseline -0.003 -19"><span class='ocrx_word' id='word_1_333' title='bbox 425 3602 791 3672; x_wconf 78' lang='grc' dir='ltr'>πραγμάτων.</span> <span class='ocrx_word' id='word_1_334' title='bbox 830 3601 896 3652; x_wconf 82' lang='grc' dir='ltr'>Ὀ</span> <span class='ocrx_word' id='word_1_335' title='bbox 925 3599 980 3653; x_wconf 85' lang='grc' dir='ltr'><strong>δέ</strong></span> <span class='ocrx_word' id='word_1_336' title='bbox 1014 3617 1078 3669; x_wconf 88' lang='grc' dir='ltr'><strong><em>με</em></strong></span> <span class='ocrx_word' id='word_1_337' title='bbox 1119 3602 1306 3670; x_wconf 82' lang='grc' dir='ltr'>τάχιον</span> <span class='ocrx_word' id='word_1_338' title='bbox 1358 3601 1615 3653; x_wconf 77' lang='grc' dir='ltr'>ἀνέπεισε</span> <span class='ocrx_word' id='word_1_339' title='bbox 1656 3599 1755 3670; x_wconf 84' lang='grc' dir='ltr'>τὴν</span> <span class='ocrx_word' id='word_1_340' title='bbox 1788 3598 1986 3669; x_wconf 76' lang='grc' dir='ltr'>βουλὴν</span> 
     </span>
    </p>
   </div>
   <div class='ocr_carea' id='block_1_41' title="bbox 315 3686 1984 3761">
    <p class='ocr_par' dir='ltr' id='par_1_41' title="bbox 315 3686 1984 3761">
     <span class='ocr_line' id='line_1_41' title="bbox 315 3686 1984 3761; baseline -0.002 -19"><span class='ocrx_word' id='word_1_341' title='bbox 315 3705 339 3724; x_wconf 77' lang='grc' dir='ltr'><strong><em>ο</em></strong></span> <span class='ocrx_word' id='word_1_342' title='bbox 425 3689 852 3754; x_wconf 81' lang='grc' dir='ltr'>ἀνακαλύπτειν,</span> <span class='ocrx_word' id='word_1_343' title='bbox 880 3691 1033 3743; x_wconf 81' lang='grc' dir='ltr'>οὐδὲν</span> <span class='ocrx_word' id='word_1_344' title='bbox 1066 3690 1252 3760; x_wconf 74' lang='grc' dir='ltr'>ἕτερον</span> <span class='ocrx_word' id='word_1_345' title='bbox 1286 3686 1449 3755; x_wconf 76' lang='grc' dir='ltr'>εἷνα.,</span> <span class='ocrx_word' id='word_1_346' title='bbox 1487 3690 1519 3761; x_wconf 82' lang='grc' dir='ltr'>ἢ</span> <span class='ocrx_word' id='word_1_347' title='bbox 1578 3691 1746 3760; x_wconf 77' lang='grc' dir='ltr'>ὅτιτῇ</span> <span class='ocrx_word' id='word_1_348' title='bbox 1788 3702 1984 3759; x_wconf 83' lang='grc' dir='ltr'>προτε-</span> 
     </span>
    </p>
   </div>
   <div class='ocr_carea' id='block_1_42' title="bbox 426 3778 1986 3854">
    <p class='ocr_par' dir='ltr' id='par_1_42' title="bbox 426 3778 1986 3854">
     <span class='ocr_line' id='line_1_42' title="bbox 426 3778 1986 3854; baseline -0.002 -20"><span class='ocrx_word' id='word_1_349' title='bbox 426 3783 557 3852; x_wconf 65' lang='grc' dir='ltr'><strong><em>ρσιίσ⁸</em></strong></span> <span class='ocrx_word' id='word_1_350' title='bbox 597 3782 737 3836; x_wconf 81' lang='grc' dir='ltr'>γατά</span> <span class='ocrx_word' id='word_1_351' title='bbox 766 3781 855 3835; x_wconf 83' lang='grc' dir='ltr'>τὸν</span> <span class='ocrx_word' id='word_1_352' title='bbox 888 3781 1145 3848; x_wconf 81' lang='grc' dir='ltr'>σύλλογον</span> <span class='ocrx_word' id='word_1_353' title='bbox 1191 3781 1440 3854; x_wconf 74' lang='grc' dir='ltr'>ἀκαίρως</span> <span class='ocrx_word' id='word_1_354' title='bbox 1475 3781 1568 3834; x_wconf 85' lang='grc' dir='ltr'><strong><em>τοῦ</em></strong></span> <span class='ocrx_word' id='word_1_355' title='bbox 1609 3781 1859 3849; x_wconf 83' lang='grc' dir='ltr'>Χούμνου</span> <span class='ocrx_word' id='word_1_356' title='bbox 1890 3778 1986 3832; x_wconf 74' lang='grc' dir='ltr'>καὶ</span> 
     </span>
    </p>
   </div>
   <div class='ocr_carea' id='block_1_43' title="bbox 420 3872 1985 3947">
    <p class='ocr_par' dir='ltr' id='par_1_43' title="bbox 420 3872 1985 3947">
     <span class='ocr_line' id='line_1_43' title="bbox 420 3872 1985 3947; baseline -0.002 -23"><span class='ocrx_word' id='word_1_357' title='bbox 420 3874 662 3942; x_wconf 53' lang='grc' dir='ltr'>ἀνοήτως</span> <span class='ocrx_word' id='word_1_358' title='bbox 723 3876 1249 3947; x_wconf 61' lang='grc' dir='ltr'>παρρησιασαμένου</span> <span class='ocrx_word' id='word_1_359' title='bbox 1281 3914 1298 3939; x_wconf 94' lang='grc'><strong><em>,</em></strong></span> <span class='ocrx_word' id='word_1_360' title='bbox 1351 3874 1441 3944; x_wconf 68' lang='grc' dir='ltr'>καὶ</span> <span class='ocrx_word' id='word_1_361' title='bbox 1484 3873 1579 3925; x_wconf 79' lang='grc' dir='ltr'><strong><em>ὲάν</em></strong></span> <span class='ocrx_word' id='word_1_362' title='bbox 1639 3872 1716 3941; x_wconf 82' lang='grc' dir='ltr'><strong><em>τῷ</em></strong></span> <span class='ocrx_word' id='word_1_363' title='bbox 1769 3873 1985 3941; x_wconf 80' lang='grc' dir='ltr'>ἐσχάτῳ</span> 
     </span>
    </p>
   </div>
   <div class='ocr_carea' id='block_1_44' title="bbox 423 3962 1987 4039">
    <p class='ocr_par' dir='ltr' id='par_1_44' title="bbox 423 3962 1987 4039">
     <span class='ocr_line' id='line_1_44' title="bbox 423 3962 1987 4039; baseline -0.003 -21"><span class='ocrx_word' id='word_1_364' title='bbox 423 3966 808 4039; x_wconf 78' lang='grc' dir='ltr'>ἀποκαλυφθῇ.</span> <span class='ocrx_word' id='word_1_365' title='bbox 855 3967 1063 4033; x_wconf 78' lang='grc' dir='ltr'>σιγάτω</span> <span class='ocrx_word' id='word_1_366' title='bbox 1092 3969 1119 4019; x_wconf 84' lang='grc' dir='ltr'>ὁ</span> <span class='ocrx_word' id='word_1_367' title='bbox 1159 3968 1372 4036; x_wconf 80' lang='grc' dir='ltr'>πρῶτος</span> <span class='ocrx_word' id='word_1_368' title='bbox 1400 3965 1665 4033; x_wconf 78' lang='grc' dir='ltr'>φαμένου,</span> <span class='ocrx_word' id='word_1_369' title='bbox 1699 3962 1813 4015; x_wconf 77' lang='grc' dir='ltr'>οὗθ’</span> <span class='ocrx_word' id='word_1_370' title='bbox 1842 3964 1873 4031; x_wconf 77' lang='grc' dir='ltr'><strong>ἡ</strong></span> <span class='ocrx_word' id='word_1_371' title='bbox 1897 3962 1987 4030; x_wconf 85' lang='grc' dir='ltr'>βα-</span> 
     </span>
    </p>
   </div>
   <div class='ocr_carea' id='block_1_45' title="bbox 425 4056 1988 4128">
    <p class='ocr_par' dir='ltr' id='par_1_45' title="bbox 425 4056 1988 4128">
     <span class='ocr_line' id='line_1_45' title="bbox 425 4056 1988 4128; baseline -0.004 -18"><span class='ocrx_word' id='word_1_372' title='bbox 425 4060 583 4123; x_wconf 77' lang='grc' dir='ltr'>σιλὶς,</span> <span class='ocrx_word' id='word_1_373' title='bbox 615 4059 728 4112; x_wconf 73' lang='grc' dir='ltr'>οὔτ’</span> <span class='ocrx_word' id='word_1_374' title='bbox 765 4059 923 4121; x_wconf 72' lang='grc' dir='ltr'>αὐτὸ,</span> <span class='ocrx_word' id='word_1_375' title='bbox 957 4060 1371 4128; x_wconf 73' lang='grc' dir='ltr'>ἠγανακτήσατε</span> <span class='ocrx_word' id='word_1_376' title='bbox 1404 4056 1534 4124; x_wconf 76' lang='grc' dir='ltr'>πρὸς</span> <span class='ocrx_word' id='word_1_377' title='bbox 1564 4057 1661 4123; x_wconf 68' lang='grc' dir='ltr'>τὴν</span> <span class='ocrx_word' id='word_1_378' title='bbox 1700 4056 1988 4123; x_wconf 83' lang='grc' dir='ltr'>ἀναισχυν-</span> 
     </span>
    </p>
   </div>
   <div class='ocr_carea' id='block_1_46' title="bbox 420 4144 1984 4220">
    <p class='ocr_par' dir='ltr' id='par_1_46' title="bbox 420 4144 1984 4220">
     <span class='ocr_line' id='line_1_46' title="bbox 420 4144 1984 4220; baseline -0.004 -18"><span class='ocrx_word' id='word_1_379' title='bbox 420 4152 566 4215; x_wconf 78' lang='grc' dir='ltr'>τίαν,</span> <span class='ocrx_word' id='word_1_380' title='bbox 604 4151 725 4204; x_wconf 81' lang='grc' dir='ltr'>οῦδὲ</span> <span class='ocrx_word' id='word_1_381' title='bbox 775 4149 931 4220; x_wconf 80' lang='grc' dir='ltr'>δίκην</span> <span class='ocrx_word' id='word_1_382' title='bbox 967 4146 1134 4202; x_wconf 79' lang='grc' dir='ltr'>ἔδωκε</span> <span class='ocrx_word' id='word_1_383' title='bbox 1178 4149 1278 4217; x_wconf 74' lang='grc' dir='ltr'>τῆς</span> <span class='ocrx_word' id='word_1_384' title='bbox 1311 4144 1984 4217; x_wconf 54' lang='grc' dir='ltr'>ἀνοήτουγλωσσαλγίας,</span> 
     </span>
    </p>
   </div>
   <div class='ocr_carea' id='block_1_47' title="bbox 2096 1861 3665 1934">
    <p class='ocr_par' dir='ltr' id='par_1_47' title="bbox 2096 1861 3665 1934">
     <span class='ocr_line' id='line_1_47' title="bbox 2096 1861 3665 1934; baseline 0.003 -20"><span class='ocrx_word' id='word_1_385' title='bbox 2096 1861 2238 1931; x_wconf 88' lang='lat' dir='ltr'><strong><em>(ipso</em></strong></span> <span class='ocrx_word' id='word_1_386' title='bbox 2283 1870 2420 1916; x_wconf 85' lang='lat' dir='ltr'><strong><em>teste</em></strong></span> <span class='ocrx_word' id='word_1_387' title='bbox 2457 1877 2589 1917; x_wconf 89' lang='lat' dir='ltr'><strong><em>vera</em></strong></span> <span class='ocrx_word' id='word_1_388' title='bbox 2629 1878 2687 1917; x_wconf 87' lang='lat' dir='ltr'><strong><em>se</em></strong></span> <span class='ocrx_word' id='word_1_389' title='bbox 2714 1862 3149 1933; x_wconf 90' lang='lat' dir='ltr'><strong><em>dicere).utrum</em></strong></span> <span class='ocrx_word' id='word_1_390' title='bbox 3186 1865 3392 1927; x_wconf 85' lang='lat' dir='ltr'><strong><em>mallet.</em></strong></span> <span class='ocrx_word' id='word_1_391' title='bbox 3430 1865 3665 1934; x_wconf 84' lang='lat' dir='ltr'><strong><em>impera—</em></strong></span> 
     </span>
    </p>
   </div>
   <div class='ocr_carea' id='block_1_48' title="bbox 2094 1938 3725 2025">
    <p class='ocr_par' dir='ltr' id='par_1_48' title="bbox 2094 1938 3725 2025">
     <span class='ocr_line' id='line_1_48' title="bbox 2094 1938 3725 2025; baseline 0.001 -17"><span class='ocrx_word' id='word_1_392' title='bbox 2094 1962 2267 2008; x_wconf 82' lang='lat' dir='ltr'><strong><em>torem</em></strong></span> <span class='ocrx_word' id='word_1_393' title='bbox 2310 1952 2534 2022; x_wconf 83' lang='lat' dir='ltr'><strong><em>quidem</em></strong></span> <span class='ocrx_word' id='word_1_394' title='bbox 2585 1953 2790 2017; x_wconf 75' lang='grc' dir='ltr'>τίνει-ε,</span> <span class='ocrx_word' id='word_1_395' title='bbox 2852 1969 2910 2008; x_wconf 88' lang='lat' dir='ltr'><strong><em>se</em></strong></span> <span class='ocrx_word' id='word_1_396' title='bbox 2966 1963 3147 2008; x_wconf 87' lang='lat' dir='ltr'><strong><em>autem</em></strong></span> <span class='ocrx_word' id='word_1_397' title='bbox 3195 1970 3299 2025; x_wconf 82' lang='lat' dir='ltr'><strong><em>pro</em></strong></span> <span class='ocrx_word' id='word_1_398' title='bbox 3353 1956 3443 2008; x_wconf 89' lang='lat' dir='ltr'><strong><em>illo</em></strong></span> <span class='ocrx_word' id='word_1_399' title='bbox 3498 1957 3661 2009; x_wconf 81' lang='lat' dir='ltr'><strong><em>vitam</em></strong></span> <span class='ocrx_word' id='word_1_400' title='bbox 3715 1938 3725 1949; x_wconf 73' lang='grc'><em>’</em></span> 
     </span>
    </p>
   </div>
   <div class='ocr_carea' id='block_1_49' title="bbox 2092 2042 3661 2116">
    <p class='ocr_par' dir='ltr' id='par_1_49' title="bbox 2092 2042 3661 2116">
     <span class='ocr_line' id='line_1_49' title="bbox 2092 2042 3661 2116; baseline 0.002 -19"><span class='ocrx_word' id='word_1_401' title='bbox 2092 2057 2321 2112; x_wconf 84' lang='lat' dir='ltr'><strong><em>ponere,</em></strong></span> <span class='ocrx_word' id='word_1_402' title='bbox 2365 2042 2519 2113; x_wconf 84' lang='lat' dir='ltr'><strong><em>quasi</em></strong></span> <span class='ocrx_word' id='word_1_403' title='bbox 2570 2044 2828 2100; x_wconf 89' lang='lat' dir='ltr'><strong><em>omnibus</em></strong></span> <span class='ocrx_word' id='word_1_404' title='bbox 2880 2046 3120 2115; x_wconf 88' lang='lat' dir='ltr'><strong><em>punctis,</em></strong></span> <span class='ocrx_word' id='word_1_405' title='bbox 3162 2047 3420 2116; x_wconf 86' lang='lat' dir='ltr'><strong><em>omnique</em></strong></span> <span class='ocrx_word' id='word_1_406' title='bbox 3454 2048 3661 2107; x_wconf 88' lang='lat' dir='ltr'><strong><em>studio.</em></strong></span> 
     </span>
    </p>
   </div>
   <div class='ocr_carea' id='block_1_50' title="bbox 2088 2136 3664 2217">
    <p class='ocr_par' dir='ltr' id='par_1_50' title="bbox 2088 2136 3664 2217">
     <span class='ocr_line' id='line_1_50' title="bbox 2088 2136 3664 2217; baseline 0.003 -30"><span class='ocrx_word' id='word_1_407' title='bbox 2088 2144 2148 2189; x_wconf 87' lang='lat' dir='ltr'><strong><em>et</em></strong></span> <span class='ocrx_word' id='word_1_408' title='bbox 2195 2136 2479 2189; x_wconf 86' lang='lat' dir='ltr'><strong><em>alacritate</em></strong></span> <span class='ocrx_word' id='word_1_409' title='bbox 2511 2144 2943 2217; x_wconf 50' lang='lat' dir='ltr'><strong><em>prQOptaturum</em></strong></span> <span class='ocrx_word' id='word_1_410' title='bbox 2988 2137 3157 2191; x_wconf 77' lang='lat' dir='ltr'><strong><em>fuisse</em></strong></span> <span class='ocrx_word' id='word_1_411' title='bbox 3188 2137 3350 2197; x_wconf 90' lang='lat' dir='ltr'><strong><em>mori.</em></strong></span> <span class='ocrx_word' id='word_1_412' title='bbox 3386 2147 3441 2191; x_wconf 90' lang='grc' dir='ltr'><strong><em>ιιι</em></strong></span> <span class='ocrx_word' id='word_1_413' title='bbox 3473 2137 3547 2191; x_wconf 90' lang='lat' dir='ltr'><strong><em>illi</em></strong></span> <span class='ocrx_word' id='word_1_414' title='bbox 3586 2138 3664 2191; x_wconf 86' lang='lat' dir='ltr'><strong><em>vi-</em></strong></span> 
     </span>
    </p>
   </div>
   <div class='ocr_carea' id='block_1_51' title="bbox 2090 2227 3664 2295">
    <p class='ocr_par' dir='ltr' id='par_1_51' title="bbox 2090 2227 3664 2295">
     <span class='ocr_line' id='line_1_51' title="bbox 2090 2227 3664 2295; baseline 0.003 -15"><span class='ocrx_word' id='word_1_415' title='bbox 2090 2242 2218 2283; x_wconf 79' lang='lat' dir='ltr'><strong><em>vere</em></strong></span> <span class='ocrx_word' id='word_1_416' title='bbox 2258 2227 2469 2283; x_wconf 84' lang='lat' dir='ltr'><strong><em>diutius</em></strong></span> <span class='ocrx_word' id='word_1_417' title='bbox 2495 2229 2911 2284; x_wconf 90' lang='lat' dir='ltr'><strong><em>concederetur.</em></strong></span> <span class='ocrx_word' id='word_1_418' title='bbox 2944 2228 3211 2295; x_wconf 82' lang='lat' dir='ltr'><strong><em>Quoniam</em></strong></span> <span class='ocrx_word' id='word_1_419' title='bbox 3241 2245 3372 2285; x_wconf 87' lang='lat' dir='ltr'><strong><em>vero</em></strong></span> <span class='ocrx_word' id='word_1_420' title='bbox 3400 2231 3509 2285; x_wconf 87' lang='lat' dir='ltr'><strong><em>Deo</em></strong></span> <span class='ocrx_word' id='word_1_421' title='bbox 3540 2236 3664 2285; x_wconf 85' lang='lat' dir='ltr'><strong><em>uni-</em></strong></span> 
     </span>
    </p>
   </div>
   <div class='ocr_carea' id='block_1_52' title="bbox 2090 2320 3662 2391">
    <p class='ocr_par' dir='ltr' id='par_1_52' title="bbox 2090 2320 3662 2391">
     <span class='ocr_line' id='line_1_52' title="bbox 2090 2320 3662 2391; baseline -0.002 -13"><span class='ocrx_word' id='word_1_422' title='bbox 2090 2320 2289 2390; x_wconf 85' lang='lat' dir='ltr'><strong><em>cuique</em></strong></span> <span class='ocrx_word' id='word_1_423' title='bbox 2327 2336 2424 2376; x_wconf 82' lang='lat' dir='ltr'><strong><em>sua</em></strong></span> <span class='ocrx_word' id='word_1_424' title='bbox 2469 2321 2577 2375; x_wconf 85' lang='lat' dir='ltr'><strong><em>lata</em></strong></span> <span class='ocrx_word' id='word_1_425' title='bbox 2626 2321 2967 2391; x_wconf 88' lang='lat' dir='ltr'><strong><em>dispensanti</em></strong></span> <span class='ocrx_word' id='word_1_426' title='bbox 3014 2321 3087 2375; x_wconf 87' lang='lat' dir='ltr'><strong><em>ita</em></strong></span> <span class='ocrx_word' id='word_1_427' title='bbox 3116 2322 3412 2391; x_wconf 89' lang='lat' dir='ltr'><strong><em>placuisset</em></strong></span> <span class='ocrx_word' id='word_1_428' title='bbox 3440 2338 3662 2390; x_wconf 62' lang='lat' dir='ltr'><strong><em>aequum</em></strong></span> 
     </span>
    </p>
   </div>
   <div class='ocr_carea' id='block_1_53' title="bbox 2090 2412 3662 2483">
    <p class='ocr_par' dir='ltr' id='par_1_53' title="bbox 2090 2412 3662 2483">
     <span class='ocr_line' id='line_1_53' title="bbox 2090 2412 3662 2483; baseline -0.001 -15"><span class='ocrx_word' id='word_1_429' title='bbox 2090 2429 2214 2468; x_wconf 87' lang='lat' dir='ltr'><strong><em>esse</em></strong></span> <span class='ocrx_word' id='word_1_430' title='bbox 2251 2413 2428 2469; x_wconf 90' lang='lat' dir='ltr'><strong><em>eidem</em></strong></span> <span class='ocrx_word' id='word_1_431' title='bbox 2479 2422 2535 2468; x_wconf 88' lang='lat' dir='ltr'><strong><em>ut</em></strong></span> <span class='ocrx_word' id='word_1_432' title='bbox 2586 2413 2992 2483; x_wconf 88' lang='lat' dir='ltr'><strong><em>sapientissimo</em></strong></span> <span class='ocrx_word' id='word_1_433' title='bbox 3020 2413 3162 2483; x_wconf 87' lang='lat' dir='ltr'><strong><em>patri</em></strong></span> <span class='ocrx_word' id='word_1_434' title='bbox 3197 2425 3384 2466; x_wconf 87' lang='lat' dir='ltr'><strong><em>nostro</em></strong></span> <span class='ocrx_word' id='word_1_435' title='bbox 3424 2412 3662 2467; x_wconf 75' lang='lat' dir='ltr'><strong><em>familias</em></strong></span> 
     </span>
    </p>
   </div>
   <div class='ocr_carea' id='block_1_54' title="bbox 2091 2503 3662 2575">
    <p class='ocr_par' dir='ltr' id='par_1_54' title="bbox 2091 2503 3662 2575">
     <span class='ocr_line' id='line_1_54' title="bbox 2091 2503 3662 2575; baseline 0 -17"><span class='ocrx_word' id='word_1_436' title='bbox 2091 2505 2295 2573; x_wconf 72' lang='lat' dir='ltr'><strong><em>gratias</em></strong></span> <span class='ocrx_word' id='word_1_437' title='bbox 2342 2520 2526 2571; x_wconf 73' lang='lat' dir='ltr'><strong><em>agere,</em></strong></span> <span class='ocrx_word' id='word_1_438' title='bbox 2558 2514 2612 2559; x_wconf 90' lang='lat' dir='ltr'><strong><em>et</em></strong></span> <span class='ocrx_word' id='word_1_439' title='bbox 2642 2505 2925 2559; x_wconf 85' lang='lat' dir='ltr'><strong><em>hominum</em></strong></span> <span class='ocrx_word' id='word_1_440' title='bbox 2951 2503 3253 2574; x_wconf 87' lang='lat' dir='ltr'><strong><em>quemlibet</em></strong></span> <span class='ocrx_word' id='word_1_441' title='bbox 3284 2520 3383 2575; x_wconf 85' lang='lat' dir='ltr'><strong><em>pro</em></strong></span> <span class='ocrx_word' id='word_1_442' title='bbox 3413 2521 3492 2569; x_wconf 89' lang='lat' dir='ltr'><strong><em>se,</em></strong></span> <span class='ocrx_word' id='word_1_443' title='bbox 3529 2505 3662 2574; x_wconf 84' lang='lat' dir='ltr'><strong><em>quid</em></strong></span> 
     </span>
    </p>
   </div>
   <div class='ocr_carea' id='block_1_55' title="bbox 2091 2593 3662 2663">
    <p class='ocr_par' dir='ltr' id='par_1_55' title="bbox 2091 2593 3662 2663">
     <span class='ocr_line' id='line_1_55' title="bbox 2091 2593 3662 2663; baseline 0.001 -16"><span class='ocrx_word' id='word_1_444' title='bbox 2091 2593 2196 2647; x_wconf 88' lang='lat' dir='ltr'><strong><em>sibi</em></strong></span> <span class='ocrx_word' id='word_1_445' title='bbox 2237 2594 2573 2649; x_wconf 76' lang='lat' dir='ltr'><strong><em>conveniens</em></strong></span> <span class='ocrx_word' id='word_1_446' title='bbox 2600 2593 2841 2663; x_wconf 89' lang='lat' dir='ltr'><strong><em>utileque</em></strong></span> <span class='ocrx_word' id='word_1_447' title='bbox 2869 2594 2941 2649; x_wconf 87' lang='lat' dir='ltr'><strong><em>sit</em></strong></span> <span class='ocrx_word' id='word_1_448' title='bbox 2996 2594 3435 2663; x_wconf 76' lang='lat' dir='ltr'><strong><em>circumspicere.</em></strong></span> <span class='ocrx_word' id='word_1_449' title='bbox 3469 2593 3579 2648; x_wconf 85' lang='lat' dir='ltr'><strong><em>Hoc</em></strong></span> <span class='ocrx_word' id='word_1_450' title='bbox 3603 2610 3662 2648; x_wconf 84' lang='lat' dir='ltr'><strong><em>se</em></strong></span> 
     </span>
    </p>
   </div>
   <div class='ocr_carea' id='block_1_56' title="bbox 2090 2683 3658 2753">
    <p class='ocr_par' dir='ltr' id='par_1_56' title="bbox 2090 2683 3658 2753">
     <span class='ocr_line' id='line_1_56' title="bbox 2090 2683 3658 2753; baseline 0.001 -17"><span class='ocrx_word' id='word_1_451' title='bbox 2090 2683 2191 2737; x_wconf 84' lang='lat' dir='ltr'><strong><em>sibi</em></strong></span> <span class='ocrx_word' id='word_1_452' title='bbox 2235 2684 2345 2753; x_wconf 85' lang='lat' dir='ltr'><strong><em>jam</em></strong></span> <span class='ocrx_word' id='word_1_453' title='bbox 2399 2683 2739 2752; x_wconf 67' lang='lat' dir='ltr'><strong><em>praestitisse,</em></strong></span> <span class='ocrx_word' id='word_1_454' title='bbox 2776 2683 3067 2753; x_wconf 87' lang='lat' dir='ltr'><strong><em>visumque</em></strong></span> <span class='ocrx_word' id='word_1_455' title='bbox 3091 2698 3274 2738; x_wconf 87' lang='lat' dir='ltr'><strong><em>rerum</em></strong></span> <span class='ocrx_word' id='word_1_456' title='bbox 3306 2685 3658 2739; x_wconf 82' lang='lat' dir='ltr'><strong><em>administra-</em></strong></span> 
     </span>
    </p>
   </div>
   <div class='ocr_carea' id='block_1_57' title="bbox 2084 2773 3659 2851">
    <p class='ocr_par' dir='ltr' id='par_1_57' title="bbox 2084 2773 3659 2851">
     <span class='ocr_line' id='line_1_57' title="bbox 2084 2773 3659 2851; baseline 0.004 -25"><span class='ocrx_word' id='word_1_457' title='bbox 2084 2774 2238 2828; x_wconf 76' lang='lat' dir='ltr'><strong><em>tione</em></strong></span> <span class='ocrx_word' id='word_1_458' title='bbox 2268 2773 2597 2840; x_wconf 88' lang='lat' dir='ltr'><strong><em>cedendum,</em></strong></span> <span class='ocrx_word' id='word_1_459' title='bbox 2639 2784 2695 2828; x_wconf 88' lang='lat' dir='ltr'><strong><em>et</em></strong></span> <span class='ocrx_word' id='word_1_460' title='bbox 2724 2773 2868 2843; x_wconf 82' lang='lat' dir='ltr'><strong><em>quod</em></strong></span> <span class='ocrx_word' id='word_1_461' title='bbox 2905 2784 3159 2844; x_wconf 88' lang='lat' dir='ltr'><strong><em>superest</em></strong></span> <span class='ocrx_word' id='word_1_462' title='bbox 3189 2777 3290 2831; x_wconf 63' lang='lat' dir='ltr'><strong><em>aevi</em></strong></span> <span class='ocrx_word' id='word_1_463' title='bbox 3319 2778 3444 2851; x_wconf 88' lang='lat' dir='ltr'><strong><em>sibi.</em></strong></span> <span class='ocrx_word' id='word_1_464' title='bbox 3477 2781 3659 2848; x_wconf 75' lang='lat' dir='ltr'><strong><em>quoad</em></strong></span> 
     </span>
    </p>
   </div>
   <div class='ocr_carea' id='block_1_58' title="bbox 2092 2862 3658 2933">
    <p class='ocr_par' dir='ltr' id='par_1_58' title="bbox 2092 2862 3658 2933">
     <span class='ocr_line' id='line_1_58' title="bbox 2092 2862 3658 2933; baseline 0.004 -18"><span class='ocrx_word' id='word_1_465' title='bbox 2092 2862 2208 2917; x_wconf 89' lang='lat' dir='ltr'><strong><em>lleri</em></strong></span> <span class='ocrx_word' id='word_1_466' title='bbox 2266 2862 2459 2933; x_wconf 75' lang='lat' dir='ltr'><strong><em>possit.</em></strong></span> <span class='ocrx_word' id='word_1_467' title='bbox 2516 2863 2615 2917; x_wconf 89' lang='lat' dir='ltr'><strong><em>soli</em></strong></span> <span class='ocrx_word' id='word_1_468' title='bbox 2660 2862 2933 2917; x_wconf 65' lang='lat' dir='ltr'><strong><em>tiventem</em></strong></span> <span class='ocrx_word' id='word_1_469' title='bbox 2983 2864 3036 2918; x_wconf 94' lang='lat' dir='ltr'><strong><em>in</em></strong></span> <span class='ocrx_word' id='word_1_470' title='bbox 3082 2879 3339 2920; x_wconf 87' lang='lat' dir='ltr'><strong><em>curarum</em></strong></span> <span class='ocrx_word' id='word_1_471' title='bbox 3388 2869 3658 2922; x_wconf 82' lang='lat' dir='ltr'><strong><em>vacuitate</em></strong></span> 
     </span>
    </p>
   </div>
   <div class='ocr_carea' id='block_1_59' title="bbox 2089 2953 3659 3030">
    <p class='ocr_par' dir='ltr' id='par_1_59' title="bbox 2089 2953 3659 3030">
     <span class='ocr_line' id='line_1_59' title="bbox 2089 2953 3659 3030; baseline 0.004 -21"><span class='ocrx_word' id='word_1_472' title='bbox 2089 2954 2549 3009; x_wconf 84' lang='lat' dir='ltr'><strong><em>consumendum.</em></strong></span> <span class='ocrx_word' id='word_1_473' title='bbox 2578 2953 2750 3024; x_wconf 73' lang='lat' dir='ltr'><strong><em>Hujus</em></strong></span> <span class='ocrx_word' id='word_1_474' title='bbox 2773 2970 2883 3009; x_wconf 65' lang='lat' dir='ltr'><strong><em>sum</em></strong></span> <span class='ocrx_word' id='word_1_475' title='bbox 2902 2955 3205 3012; x_wconf 82' lang='lat' dir='ltr'><strong><em>voluntatis</em></strong></span> <span class='ocrx_word' id='word_1_476' title='bbox 3225 2973 3346 3013; x_wconf 89' lang='lat' dir='ltr'><strong><em>eam</em></strong></span> <span class='ocrx_word' id='word_1_477' title='bbox 3370 2975 3492 3014; x_wconf 89' lang='lat' dir='ltr'><strong><em>esse</em></strong></span> <span class='ocrx_word' id='word_1_478' title='bbox 3515 2961 3659 3030; x_wconf 67' lang='lat' dir='ltr'><strong><em>igna-</em></strong></span> 
     </span>
    </p>
   </div>
   <div class='ocr_carea' id='block_1_60' title="bbox 2091 3045 3663 3119">
    <p class='ocr_par' dir='ltr' id='par_1_60' title="bbox 2091 3045 3663 3119">
     <span class='ocr_line' id='line_1_60' title="bbox 2091 3045 3663 3119; baseline 0.006 -20"><span class='ocrx_word' id='word_1_479' title='bbox 2091 3060 2208 3099; x_wconf 85' lang='lat' dir='ltr'><strong><em>ram</em></strong></span> <span class='ocrx_word' id='word_1_480' title='bbox 2258 3045 2524 3100; x_wconf 77' lang='lat' dir='ltr'><strong><em>noluiSse.</em></strong></span> <span class='ocrx_word' id='word_1_481' title='bbox 2589 3045 2917 3102; x_wconf 88' lang='lat' dir='ltr'><strong><em>Sciscitante</em></strong></span> <span class='ocrx_word' id='word_1_482' title='bbox 2952 3060 3134 3103; x_wconf 90' lang='lat' dir='ltr'><strong><em>autem</em></strong></span> <span class='ocrx_word' id='word_1_483' title='bbox 3180 3051 3663 3119; x_wconf 63' lang='lat' dir='ltr'><strong><em>patriarcha‘cau-</em></strong></span> 
     </span>
    </p>
   </div>
   <div class='ocr_carea' id='block_1_61' title="bbox 2087 3137 3661 3206">
    <p class='ocr_par' dir='ltr' id='par_1_61' title="bbox 2087 3137 3661 3206">
     <span class='ocr_line' id='line_1_61' title="bbox 2087 3137 3661 3206; baseline 0.008 -16"><span class='ocrx_word' id='word_1_484' title='bbox 2087 3150 2223 3196; x_wconf 84' lang='lat' dir='ltr'><strong><em>sam.</em></strong></span> <span class='ocrx_word' id='word_1_485' title='bbox 2278 3137 2409 3205; x_wconf 87' lang='lat' dir='ltr'><strong><em>quid</em></strong></span> <span class='ocrx_word' id='word_1_486' title='bbox 2459 3137 2507 3191; x_wconf 89' lang='lat' dir='ltr'><strong><em>ei</em></strong></span> <span class='ocrx_word' id='word_1_487' title='bbox 2561 3137 2612 3189; x_wconf 89' lang='lat' dir='ltr'><strong><em>in</em></strong></span> <span class='ocrx_word' id='word_1_488' title='bbox 2665 3148 2901 3194; x_wconf 90' lang='lat' dir='ltr'><strong><em>mentem</em></strong></span> <span class='ocrx_word' id='word_1_489' title='bbox 2956 3141 3217 3206; x_wconf 83' lang='lat' dir='ltr'><strong><em>venisset,</em></strong></span> <span class='ocrx_word' id='word_1_490' title='bbox 3260 3145 3420 3199; x_wconf 87' lang='lat' dir='ltr'><strong><em>talem</em></strong></span> <span class='ocrx_word' id='word_1_491' title='bbox 3453 3146 3519 3200; x_wconf 88' lang='lat' dir='ltr'><strong><em>ad</em></strong></span> <span class='ocrx_word' id='word_1_492' title='bbox 3550 3148 3661 3201; x_wconf 80' lang='lat' dir='ltr'><strong><em>Au-</em></strong></span> 
     </span>
    </p>
   </div>
   <div class='ocr_carea' id='block_1_62' title="bbox 2088 3229 3659 3306">
    <p class='ocr_par' dir='ltr' id='par_1_62' title="bbox 2088 3229 3659 3306">
     <span class='ocr_line' id='line_1_62' title="bbox 2088 3229 3659 3306; baseline 0.008 -26"><span class='ocrx_word' id='word_1_493' title='bbox 2088 3238 2301 3295; x_wconf 79' lang='lat' dir='ltr'><strong><em>gustam</em></strong></span> <span class='ocrx_word' id='word_1_494' title='bbox 2354 3229 2570 3282; x_wconf 87' lang='lat' dir='ltr'><strong><em>mittere</em></strong></span> <span class='ocrx_word' id='word_1_495' title='bbox 2630 3232 2905 3295; x_wconf 87' lang='lat' dir='ltr'><strong><em>nuntium,</em></strong></span> <span class='ocrx_word' id='word_1_496' title='bbox 2962 3236 3243 3303; x_wconf 72' lang='lat' dir='ltr'><strong><em>respondit</em></strong></span> <span class='ocrx_word' id='word_1_497' title='bbox 3300 3238 3555 3306; x_wconf 66' lang='lat' dir='ltr'><strong><em>:pritlem</em></strong></span> <span class='ocrx_word' id='word_1_498' title='bbox 3598 3257 3659 3293; x_wconf 71' lang='lat' dir='ltr'><strong><em>se</em></strong></span> 
     </span>
    </p>
   </div>
   <div class='ocr_carea' id='block_1_63' title="bbox 2087 3320 3656 3389">
    <p class='ocr_par' dir='ltr' id='par_1_63' title="bbox 2087 3320 3656 3389">
     <span class='ocr_line' id='line_1_63' title="bbox 2087 3320 3656 3389; baseline 0.008 -17"><span class='ocrx_word' id='word_1_499' title='bbox 2087 3320 2220 3372; x_wconf 88' lang='lat' dir='ltr'><strong><em>istas</em></strong></span> <span class='ocrx_word' id='word_1_500' title='bbox 2261 3320 2623 3389; x_wconf 73' lang='lat' dir='ltr'><strong><em>cogitationes</em></strong></span> <span class='ocrx_word' id='word_1_501' title='bbox 2651 3322 2887 3388; x_wconf 83' lang='lat' dir='ltr'><strong><em>volvere,</em></strong></span> <span class='ocrx_word' id='word_1_502' title='bbox 2925 3332 2980 3377; x_wconf 88' lang='lat' dir='ltr'><strong><em>et</em></strong></span> <span class='ocrx_word' id='word_1_503' title='bbox 3013 3325 3410 3380; x_wconf 67' lang='lat' dir='ltr'><strong><em>abdicationem</em></strong></span> <span class='ocrx_word' id='word_1_504' title='bbox 3454 3331 3656 3385; x_wconf 86' lang='lat' dir='ltr'><strong><em>rectio-</em></strong></span> 
     </span>
    </p>
   </div>
   <div class='ocr_carea' id='block_1_64' title="bbox 2087 3410 3655 3481">
    <p class='ocr_par' dir='ltr' id='par_1_64' title="bbox 2087 3410 3655 3481">
     <span class='ocr_line' id='line_1_64' title="bbox 2087 3410 3655 3481; baseline 0.009 -18"><span class='ocrx_word' id='word_1_505' title='bbox 2087 3410 2173 3463; x_wconf 89' lang='lat' dir='ltr'><strong><em>nis</em></strong></span> <span class='ocrx_word' id='word_1_506' title='bbox 2217 3411 2320 3464; x_wconf 84' lang='lat' dir='ltr'><strong><em>sibi</em></strong></span> <span class='ocrx_word' id='word_1_507' title='bbox 2369 3413 2733 3465; x_wconf 80' lang='lat' dir='ltr'><strong><em>necessariam</em></strong></span> <span class='ocrx_word' id='word_1_508' title='bbox 2780 3414 3053 3468; x_wconf 85' lang='lat' dir='ltr'><strong><em>arbitrari.</em></strong></span> <span class='ocrx_word' id='word_1_509' title='bbox 3090 3414 3242 3481; x_wconf 85' lang='lat' dir='ltr'><strong><em>Quod</em></strong></span> <span class='ocrx_word' id='word_1_510' title='bbox 3271 3434 3401 3473; x_wconf 85' lang='lat' dir='ltr'><strong><em>vero</em></strong></span> <span class='ocrx_word' id='word_1_511' title='bbox 3430 3436 3554 3475; x_wconf 89' lang='lat' dir='ltr'><strong><em>eum</em></strong></span> <span class='ocrx_word' id='word_1_512' title='bbox 3587 3425 3655 3476; x_wconf 87' lang='lat' dir='ltr'><strong><em>ad</em></strong></span> 
     </span>
    </p>
   </div>
   <div class='ocr_carea' id='block_1_65' title="bbox 2086 3504 3656 3575">
    <p class='ocr_par' dir='ltr' id='par_1_65' title="bbox 2086 3504 3656 3575">
     <span class='ocr_line' id='line_1_65' title="bbox 2086 3504 3656 3575; baseline 0.008 -18"><span class='ocrx_word' id='word_1_513' title='bbox 2086 3504 2346 3558; x_wconf 85' lang='lat' dir='ltr'><strong><em>meditata</em></strong></span> <span class='ocrx_word' id='word_1_514' title='bbox 2404 3504 2568 3558; x_wconf 83' lang='lat' dir='ltr'><strong><em>citius</em></strong></span> <span class='ocrx_word' id='word_1_515' title='bbox 2616 3504 2991 3573; x_wconf 75' lang='lat' dir='ltr'><strong><em>patefacienda</em></strong></span> <span class='ocrx_word' id='word_1_516' title='bbox 3043 3508 3328 3575; x_wconf 88' lang='lat' dir='ltr'><strong><em>incitarit,</em></strong></span> <span class='ocrx_word' id='word_1_517' title='bbox 3373 3528 3483 3566; x_wconf 84' lang='lat' dir='ltr'><strong><em>non</em></strong></span> <span class='ocrx_word' id='word_1_518' title='bbox 3532 3530 3656 3569; x_wconf 80' lang='lat' dir='ltr'><strong><em>esse</em></strong></span> 
     </span>
    </p>
   </div>
   <div class='ocr_carea' id='block_1_66' title="bbox 2086 3595 3655 3667">
    <p class='ocr_par' dir='ltr' id='par_1_66' title="bbox 2086 3595 3655 3667">
     <span class='ocr_line' id='line_1_66' title="bbox 2086 3595 3655 3667; baseline 0.008 -18"><span class='ocrx_word' id='word_1_519' title='bbox 2086 3595 2269 3656; x_wconf 89' lang='lat' dir='ltr'><strong><em>aliud.</em></strong></span> <span class='ocrx_word' id='word_1_520' title='bbox 2318 3611 2477 3665; x_wconf 86' lang='lat' dir='ltr'><strong><em>quam</em></strong></span> <span class='ocrx_word' id='word_1_521' title='bbox 2526 3598 2672 3667; x_wconf 84' lang='lat' dir='ltr'><strong><em>quod</em></strong></span> <span class='ocrx_word' id='word_1_522' title='bbox 2720 3598 2894 3666; x_wconf 83' lang='lat' dir='ltr'><strong><em>pridie</em></strong></span> <span class='ocrx_word' id='word_1_523' title='bbox 2949 3600 3232 3657; x_wconf 87' lang='lat' dir='ltr'><strong><em>Chumnus</em></strong></span> <span class='ocrx_word' id='word_1_524' title='bbox 3281 3604 3335 3657; x_wconf 88' lang='lat' dir='ltr'><strong><em>in</em></strong></span> <span class='ocrx_word' id='word_1_525' title='bbox 3380 3614 3655 3661; x_wconf 84' lang='lat' dir='ltr'><strong><em>conventu</em></strong></span> 
     </span>
    </p>
   </div>
   <div class='ocr_carea' id='block_1_67' title="bbox 2088 3686 3656 3761">
    <p class='ocr_par' dir='ltr' id='par_1_67' title="bbox 2088 3686 3656 3761">
     <span class='ocr_line' id='line_1_67' title="bbox 2088 3686 3656 3761; baseline 0.007 -18"><span class='ocrx_word' id='word_1_526' title='bbox 2088 3690 2265 3758; x_wconf 88' lang='lat' dir='ltr'><strong><em>impor</em></strong></span> <span class='ocrx_word' id='word_1_527' title='bbox 2291 3705 2420 3755; x_wconf 83' lang='lat' dir='ltr'><strong><em>unc,</em></strong></span> <span class='ocrx_word' id='word_1_528' title='bbox 2461 3700 2517 3746; x_wconf 86' lang='lat' dir='ltr'><strong><em>et</em></strong></span> <span class='ocrx_word' id='word_1_529' title='bbox 2565 3686 2890 3761; x_wconf 84' lang='lat' dir='ltr'><strong><em>insipienter</em></strong></span> <span class='ocrx_word' id='word_1_530' title='bbox 2923 3710 2985 3749; x_wconf 82' lang='lat' dir='ltr'><strong><em>ac</em></strong></span> <span class='ocrx_word' id='word_1_531' title='bbox 3006 3696 3124 3751; x_wconf 88' lang='lat' dir='ltr'><strong><em>sine</em></strong></span> <span class='ocrx_word' id='word_1_532' title='bbox 3157 3697 3333 3754; x_wconf 79' lang='lat' dir='ltr'><strong><em>fronte</em></strong></span> <span class='ocrx_word' id='word_1_533' title='bbox 3359 3700 3490 3755; x_wconf 89' lang='lat' dir='ltr'><strong><em>illud</em></strong></span> <span class='ocrx_word' id='word_1_534' title='bbox 3515 3701 3656 3756; x_wconf 77' lang='lat' dir='ltr'><strong><em>ell‘u-</em></strong></span> 
     </span>
    </p>
   </div>
   <div class='ocr_carea' id='block_1_68' title="bbox 2086 3780 3653 3860">
    <p class='ocr_par' dir='ltr' id='par_1_68' title="bbox 2086 3780 3653 3860">
     <span class='ocr_line' id='line_1_68' title="bbox 2086 3780 3653 3860; baseline 0.01 -28"><span class='ocrx_word' id='word_1_535' title='bbox 2086 3780 2292 3843; x_wconf 85' lang='lat' dir='ltr'><strong><em>tiverit,</em></strong></span> <span class='ocrx_word' id='word_1_536' title='bbox 2321 3782 2365 3835; x_wconf 85' lang='lat' dir='ltr'><strong><em>si</em></strong></span> <span class='ocrx_word' id='word_1_537' title='bbox 2399 3792 2678 3852; x_wconf 86' lang='lat' dir='ltr'><strong><em>postremo</em></strong></span> <span class='ocrx_word' id='word_1_538' title='bbox 2711 3786 3012 3840; x_wconf 77' lang='lat' dir='ltr'><strong><em>revelatum</em></strong></span> <span class='ocrx_word' id='word_1_539' title='bbox 3055 3789 3147 3853; x_wconf 82' lang='lat' dir='ltr'><strong><em>sit.</em></strong></span> <span class='ocrx_word' id='word_1_540' title='bbox 3182 3788 3362 3845; x_wconf 83' lang='lat' dir='ltr'><strong><em>taceat</em></strong></span> <span class='ocrx_word' id='word_1_541' title='bbox 3393 3793 3602 3860; x_wconf 90' lang='lat' dir='ltr'><strong><em>primus</em></strong></span> <span class='ocrx_word' id='word_1_542' title='bbox 3636 3810 3653 3847; x_wconf 88' lang='lat'><strong>:</strong></span> 
     </span>
    </p>
   </div>
   <div class='ocr_carea' id='block_1_69' title="bbox 2086 3872 3658 3951">
    <p class='ocr_par' dir='ltr' id='par_1_69' title="bbox 2086 3872 3658 3951">
     <span class='ocr_line' id='line_1_69' title="bbox 2086 3872 3658 3951; baseline 0.011 -31"><span class='ocrx_word' id='word_1_543' title='bbox 2086 3886 2249 3939; x_wconf 84' lang='lat' dir='ltr'><strong><em>quam</em></strong></span> <span class='ocrx_word' id='word_1_544' title='bbox 2301 3872 2724 3941; x_wconf 66' lang='lat' dir='ltr'><strong><em>imprudentiam</em></strong></span> <span class='ocrx_word' id='word_1_545' title='bbox 2763 3892 2863 3930; x_wconf 87' lang='lat' dir='ltr'><strong><em>nec</em></strong></span> <span class='ocrx_word' id='word_1_546' title='bbox 2902 3878 3241 3946; x_wconf 81' lang='lat' dir='ltr'><strong><em>imperatrix,</em></strong></span> <span class='ocrx_word' id='word_1_547' title='bbox 3279 3895 3380 3934; x_wconf 86' lang='lat' dir='ltr'><strong><em>nec</em></strong></span> <span class='ocrx_word' id='word_1_548' title='bbox 3418 3883 3532 3950; x_wconf 84' lang='lat' dir='ltr'><strong><em>ipse</em></strong></span> <span class='ocrx_word' id='word_1_549' title='bbox 3564 3899 3658 3951; x_wconf 88' lang='lat' dir='ltr'><strong><em>pa-</em></strong></span> 
     </span>
    </p>
   </div>
   <div class='ocr_carea' id='block_1_70' title="bbox 2090 3952 3655 4030">
    <p class='ocr_par' dir='ltr' id='par_1_70' title="bbox 2090 3952 3655 4030">
     <span class='ocr_line' id='line_1_70' title="bbox 2090 3952 3655 4030; baseline 0.011 -20"><span class='ocrx_word' id='word_1_550' title='bbox 2090 3959 2326 4013; x_wconf 79' lang='lat' dir='ltr'><strong><em>triarcha</em></strong></span> <span class='ocrx_word' id='word_1_551' title='bbox 2378 3977 2519 4030; x_wconf 72' lang='lat' dir='ltr'><strong><em>aegre</em></strong></span> <span class='ocrx_word' id='word_1_552' title='bbox 2572 3964 2798 4028; x_wconf 85' lang='lat' dir='ltr'><strong><em>tulerit,</em></strong></span> <span class='ocrx_word' id='word_1_553' title='bbox 2854 3982 2954 4019; x_wconf 86' lang='lat' dir='ltr'><strong><em>nec</em></strong></span> <span class='ocrx_word' id='word_1_554' title='bbox 3007 3952 3444 4024; x_wconf 68' lang='lat' dir='ltr'><strong><em>maledicentiam</em></strong></span> <span class='ocrx_word' id='word_1_555' title='bbox 3492 3973 3655 4027; x_wconf 71' lang='lat' dir='ltr'><strong><em>istam</em></strong></span> 
     </span>
    </p>
   </div>
   <div class='ocr_carea' id='block_1_71' title="bbox 2087 4050 3651 4127">
    <p class='ocr_par' dir='ltr' id='par_1_71' title="bbox 2087 4050 3651 4127">
     <span class='ocr_line' id='line_1_71' title="bbox 2087 4050 3651 4127; baseline 0.01 -27"><span class='ocrx_word' id='word_1_556' title='bbox 2087 4050 2380 4118; x_wconf 77' lang='lat' dir='ltr'><strong><em>puniverit,</em></strong></span> <span class='ocrx_word' id='word_1_557' title='bbox 2429 4052 2524 4105; x_wconf 82' lang='lat' dir='ltr'><strong><em>sed</em></strong></span> <span class='ocrx_word' id='word_1_558' title='bbox 2574 4054 2803 4122; x_wconf 81' lang='lat' dir='ltr'><strong><em>perinde</em></strong></span> <span class='ocrx_word' id='word_1_559' title='bbox 2846 4056 2909 4110; x_wconf 60' lang='lat' dir='ltr'><strong><em>aQ:</em></strong></span> <span class='ocrx_word' id='word_1_560' title='bbox 2947 4058 2991 4109; x_wconf 90' lang='lat' dir='ltr'><strong><em>si</em></strong></span> <span class='ocrx_word' id='word_1_561' title='bbox 3019 4059 3155 4112; x_wconf 84' lang='lat' dir='ltr'><strong><em>nihil</em></strong></span> <span class='ocrx_word' id='word_1_562' title='bbox 3192 4061 3469 4116; x_wconf 85' lang='lat' dir='ltr'><strong><em>diceretur</em></strong></span> <span class='ocrx_word' id='word_1_563' title='bbox 3498 4067 3651 4127; x_wconf 84' lang='lat' dir='ltr'><strong><em>novi,</em></strong></span> 
     </span>
    </p>
   </div>
   <div class='ocr_carea' id='block_1_72' title="bbox 2087 4141 3649 4221">
    <p class='ocr_par' dir='ltr' id='par_1_72' title="bbox 2087 4141 3649 4221">
     <span class='ocr_line' id='line_1_72' title="bbox 2087 4141 3649 4221; baseline 0.01 -28"><span class='ocrx_word' id='word_1_564' title='bbox 2087 4141 2140 4193; x_wconf 91' lang='lat' dir='ltr'><strong><em>in</em></strong></span> <span class='ocrx_word' id='word_1_565' title='bbox 2187 4141 2333 4194; x_wconf 83' lang='lat' dir='ltr'><strong><em>dicto</em></strong></span> <span class='ocrx_word' id='word_1_566' title='bbox 2390 4143 2528 4196; x_wconf 89' lang='lat' dir='ltr'><strong><em>istoc</em></strong></span> <span class='ocrx_word' id='word_1_567' title='bbox 2571 4145 3008 4212; x_wconf 81' lang='lat' dir='ltr'><strong><em>conquieverint.</em></strong></span> <span class='ocrx_word' id='word_1_568' title='bbox 3051 4148 3275 4218; x_wconf 82' lang='lat' dir='ltr'><strong><em>Excepit</em></strong></span> <span class='ocrx_word' id='word_1_569' title='bbox 3319 4154 3649 4221; x_wconf 85' lang='lat' dir='ltr'><strong><em>patriarcha.</em></strong></span> 
     </span>
    </p>
   </div>
   <div class='ocr_carea' id='block_1_73' title="bbox 311 4227 1986 4327">
    <p class='ocr_par' dir='ltr' id='par_1_73' title="bbox 311 4236 1983 4327">
     <span class='ocr_line' id='line_1_73' title="bbox 311 4236 1983 4327; baseline -0.006 -32"><span class='ocrx_word' id='word_1_570' title='bbox 311 4291 327 4305; x_wconf 85' lang='grc'><strong><em>,</em></strong></span> <span class='ocrx_word' id='word_1_571' title='bbox 423 4242 539 4294; x_wconf 78' lang='grc' dir='ltr'>ἀλλ’</span> <span class='ocrx_word' id='word_1_572' title='bbox 572 4244 953 4311; x_wconf 66' lang='grc' dir='ltr'>ἑφησυχάσατε</span> <span class='ocrx_word' id='word_1_573' title='bbox 977 4242 1086 4303; x_wconf 75' lang='grc' dir='ltr'>τοῖς</span> <span class='ocrx_word' id='word_1_574' title='bbox 1118 4240 1454 4308; x_wconf 76' lang='grc' dir='ltr'>λεγομένοις,</span> <span class='ocrx_word' id='word_1_575' title='bbox 1480 4236 1665 4305; x_wconf 74' lang='grc' dir='ltr'>ὥσπερ</span> <span class='ocrx_word' id='word_1_576' title='bbox 1692 4236 1983 4327; x_wconf 67' lang='grc' dir='ltr'>εἰρημένου</span> 
     </span>
    </p>
   </div>
   <div class='ocr_carea' id='block_1_74' title="bbox 2088 4227 3653 4327">
    <p class='ocr_par' dir='ltr' id='par_1_74' title="bbox 2088 4227 3653 4307">
     <span class='ocr_line' id='line_1_74' title="bbox 2088 4227 3653 4307; baseline 0.01 -23"><span class='ocrx_word' id='word_1_577' title='bbox 2088 4231 2224 4285; x_wconf 80' lang='lat' dir='ltr'><strong><em>Num</em></strong></span> <span class='ocrx_word' id='word_1_578' title='bbox 2276 4233 2378 4285; x_wconf 82' lang='lat' dir='ltr'><strong><em>alia</em></strong></span> <span class='ocrx_word' id='word_1_579' title='bbox 2430 4227 2686 4301; x_wconf 73' lang='lat' dir='ltr'><strong><em>praeterea</em></strong></span> <span class='ocrx_word' id='word_1_580' title='bbox 2734 4251 2819 4289; x_wconf 85' lang='lat' dir='ltr'><strong><em>res</em></strong></span> <span class='ocrx_word' id='word_1_581' title='bbox 2864 4246 2913 4288; x_wconf 83' lang='lat' dir='ltr'><strong><em>te.</em></strong></span> <span class='ocrx_word' id='word_1_582' title='bbox 2940 4242 3318 4307; x_wconf 76' lang='lat' dir='ltr'><strong><em>commoverit,</em></strong></span> <span class='ocrx_word' id='word_1_583' title='bbox 3354 4234 3413 4297; x_wconf 82' lang='lat' dir='ltr'><strong><em>ut</em></strong></span> <span class='ocrx_word' id='word_1_584' title='bbox 3443 4245 3545 4300; x_wconf 88' lang='lat' dir='ltr'><strong><em>hoc</em></strong></span> <span class='ocrx_word' id='word_1_585' title='bbox 3572 4247 3653 4301; x_wconf 87' lang='lat' dir='ltr'><strong><em>di-</em></strong></span> 
     </span>
    </p>
   </div>
   <div class='ocr_carea' id='block_1_75' title="bbox 420 4327 1985 4405">
    <p class='ocr_par' dir='ltr' id='par_1_75' title="bbox 420 4327 1985 4405">
     <span class='ocr_line' id='line_1_75' title="bbox 420 4327 1985 4405; baseline -0.007 -17"><span class='ocrx_word' id='word_1_586' title='bbox 420 4335 654 4405; x_wconf 51' lang='lat' dir='ltr'><strong><em>prﬁevo;</em></strong></span> <span class='ocrx_word' id='word_1_587' title='bbox 704 4335 910 4387; x_wconf 84' lang='grc' dir='ltr'>καινοῦ.</span> <span class='ocrx_word' id='word_1_588' title='bbox 956 4333 1013 4385; x_wconf 79' lang='grc' dir='ltr'>Ὀ</span> <span class='ocrx_word' id='word_1_589' title='bbox 1048 4333 1390 4403; x_wconf 78' lang='grc' dir='ltr'>πατρίαρχης</span> <span class='ocrx_word' id='word_1_590' title='bbox 1442 4329 1520 4393; x_wconf 72' lang='grc' dir='ltr'>δὲ,</span> <span class='ocrx_word' id='word_1_591' title='bbox 1551 4329 1609 4380; x_wconf 82' lang='grc' dir='ltr'><strong><em>Εἰ</em></strong></span> <span class='ocrx_word' id='word_1_592' title='bbox 1652 4327 1752 4394; x_wconf 81' lang='grc' dir='ltr'>μὲν</span> <span class='ocrx_word' id='word_1_593' title='bbox 1782 4327 1873 4379; x_wconf 80' lang='grc' dir='ltr'><strong><em>καί</em></strong></span> <span class='ocrx_word' id='word_1_594' title='bbox 1902 4341 1985 4388; x_wconf 87' lang='grc' dir='ltr'><strong><em>τις</em></strong></span> 
     </span>
    </p>
   </div>
   <div class='ocr_carea' id='block_1_76' title="bbox 421 4418 1986 4495">
    <p class='ocr_par' dir='ltr' id='par_1_76' title="bbox 421 4418 1986 4495">
     <span class='ocr_line' id='line_1_76' title="bbox 421 4418 1986 4495; baseline -0.009 -14"><span class='ocrx_word' id='word_1_595' title='bbox 421 4429 557 4495; x_wconf 76' lang='grc' dir='ltr'>άλλη</span> <span class='ocrx_word' id='word_1_596' title='bbox 587 4427 719 4495; x_wconf 82' lang='grc' dir='ltr'>πρὸς</span> <span class='ocrx_word' id='word_1_597' title='bbox 747 4426 872 4487; x_wconf 81' lang='grc' dir='ltr'>τοὺς</span> <span class='ocrx_word' id='word_1_598' title='bbox 892 4424 1186 4487; x_wconf 80' lang='grc' dir='ltr'>τοιούτους,</span> <span class='ocrx_word' id='word_1_599' title='bbox 1220 4422 1395 4488; x_wconf 78' lang='grc' dir='ltr'>ἔλεγε,</span> <span class='ocrx_word' id='word_1_600' title='bbox 1423 4420 1613 4485; x_wconf 86' lang='grc' dir='ltr'>λόγους</span> <span class='ocrx_word' id='word_1_601' title='bbox 1652 4421 1857 4490; x_wconf 68' lang='grc' dir='ltr'>ἢγαγεν</span> <span class='ocrx_word' id='word_1_602' title='bbox 1900 4418 1986 4468; x_wconf 82' lang='lat' dir='ltr'><strong><em>ai-</em></strong></span> 
     </span>
    </p>
   </div>
   <div class='ocr_carea' id='block_1_77' title="bbox 422 4507 1985 4583">
    <p class='ocr_par' dir='ltr' id='par_1_77' title="bbox 422 4507 1985 4583">
     <span class='ocr_line' id='line_1_77' title="bbox 422 4507 1985 4583; baseline -0.008 -13"><span class='ocrx_word' id='word_1_603' title='bbox 422 4519 533 4580; x_wconf 82' lang='grc' dir='ltr'>τῖα,</span> <span class='ocrx_word' id='word_1_604' title='bbox 590 4517 752 4577; x_wconf 74' lang='grc' dir='ltr'>αὐτος</span> <span class='ocrx_word' id='word_1_605' title='bbox 806 4516 871 4568; x_wconf 85' lang='grc' dir='ltr'>ἂν</span> <span class='ocrx_word' id='word_1_606' title='bbox 899 4514 1117 4583; x_wconf 83' lang='grc' dir='ltr'>εἰδείης.</span> <span class='ocrx_word' id='word_1_607' title='bbox 1161 4514 1219 4565; x_wconf 79' lang='lat' dir='ltr'><strong><em>Ei</em></strong></span> <span class='ocrx_word' id='word_1_608' title='bbox 1265 4511 1311 4563; x_wconf 84' lang='grc' dir='ltr'>δ’</span> <span class='ocrx_word' id='word_1_609' title='bbox 1355 4513 1518 4563; x_wconf 73' lang='grc' dir='ltr'>αὑτοῦ</span> <span class='ocrx_word' id='word_1_610' title='bbox 1574 4512 1765 4563; x_wconf 84' lang='grc' dir='ltr'>τούτου</span> <span class='ocrx_word' id='word_1_611' title='bbox 1818 4507 1985 4559; x_wconf 79' lang='grc' dir='ltr'>ἕνεκα</span> 
     </span>
    </p>
   </div>
   <div class='ocr_carea' id='block_1_78' title="bbox 423 4599 1985 4678">
    <p class='ocr_par' dir='ltr' id='par_1_78' title="bbox 423 4599 1985 4678">
     <span class='ocr_line' id='line_1_78' title="bbox 423 4599 1985 4678; baseline -0.006 -18"><span class='ocrx_word' id='word_1_612' title='bbox 423 4612 589 4678; x_wconf 78' lang='grc' dir='ltr'>μόνου</span> <span class='ocrx_word' id='word_1_613' title='bbox 629 4605 988 4676; x_wconf 70' lang='grc' dir='ltr'>παροξυνθεὶς</span> <span class='ocrx_word' id='word_1_614' title='bbox 1040 4605 1177 4673; x_wconf 83' lang='grc' dir='ltr'><strong><em>ὀργῇ</em></strong></span> <span class='ocrx_word' id='word_1_615' title='bbox 1240 4603 1539 4672; x_wconf 75' lang='grc' dir='ltr'>φερόμενος</span> <span class='ocrx_word' id='word_1_616' title='bbox 1589 4601 1727 4670; x_wconf 76' lang='grc' dir='ltr'>πρὸς</span> <span class='ocrx_word' id='word_1_617' title='bbox 1771 4599 1869 4668; x_wconf 78' lang='grc' dir='ltr'>ἐμέ</span> <span class='ocrx_word' id='word_1_618' title='bbox 1930 4616 1985 4651; x_wconf 79' lang='grc' dir='ltr'><strong><em>τε</em></strong></span> 
     </span>
    </p>
   </div>
   <div class='ocr_carea' id='block_1_79' title="bbox 422 4692 1985 4767">
    <p class='ocr_par' dir='ltr' id='par_1_79' title="bbox 422 4692 1985 4767">
     <span class='ocr_line' id='line_1_79' title="bbox 422 4692 1985 4767; baseline -0.006 -15"><span class='ocrx_word' id='word_1_619' title='bbox 422 4702 519 4752; x_wconf 72' lang='grc' dir='ltr'>καὶ</span> <span class='ocrx_word' id='word_1_620' title='bbox 547 4700 645 4767; x_wconf 76' lang='grc' dir='ltr'>τὴν</span> <span class='ocrx_word' id='word_1_621' title='bbox 675 4697 941 4767; x_wconf 81' lang='grc' dir='ltr'>βασιλίδα,</span> <span class='ocrx_word' id='word_1_622' title='bbox 974 4694 1304 4764; x_wconf 81' lang='grc' dir='ltr'>ἀφίστασθαι</span> <span class='ocrx_word' id='word_1_623' title='bbox 1335 4696 1432 4763; x_wconf 81' lang='grc' dir='ltr'>τῆς</span> <span class='ocrx_word' id='word_1_624' title='bbox 1466 4695 1780 4760; x_wconf 77' lang='grc' dir='ltr'>διοικήσεως</span> <span class='ocrx_word' id='word_1_625' title='bbox 1811 4692 1985 4758; x_wconf 74' lang='grc' dir='ltr'>ἔγνως</span> 
     </span>
    </p>
   </div>
   <div class='ocr_carea' id='block_1_80' title="bbox 420 4783 1986 4854">
    <p class='ocr_par' dir='ltr' id='par_1_80' title="bbox 420 4783 1986 4854">
     <span class='ocr_line' id='line_1_80' title="bbox 420 4783 1986 4854; baseline -0.006 -11"><span class='ocrx_word' id='word_1_626' title='bbox 420 4791 528 4843; x_wconf 81' lang='grc' dir='ltr'>τῶν</span> <span class='ocrx_word' id='word_1_627' title='bbox 551 4789 769 4854; x_wconf 82' lang='grc' dir='ltr'>κοινῶν,</span> <span class='ocrx_word' id='word_1_628' title='bbox 813 4786 935 4840; x_wconf 73' lang='grc' dir='ltr'>οὔτε</span> <span class='ocrx_word' id='word_1_629' title='bbox 997 4786 1181 4840; x_wconf 84' lang='grc' dir='ltr'>δίκαια</span> <span class='ocrx_word' id='word_1_630' title='bbox 1212 4787 1407 4849; x_wconf 84' lang='grc' dir='ltr'>ποιεῖς,</span> <span class='ocrx_word' id='word_1_631' title='bbox 1463 4783 1586 4837; x_wconf 83' lang='grc' dir='ltr'>οὔτε</span> <span class='ocrx_word' id='word_1_632' title='bbox 1639 4786 1986 4854; x_wconf 69' lang='grc' dir='ltr'>προσήκοντα</span> 
     </span>
    </p>
   </div>
   <div class='ocr_carea' id='block_1_81' title="bbox 423 4873 1986 4952">
    <p class='ocr_par' dir='ltr' id='par_1_81' title="bbox 423 4873 1986 4952">
     <span class='ocr_line' id='line_1_81' title="bbox 423 4873 1986 4952; baseline -0.004 -17"><span class='ocrx_word' id='word_1_633' title='bbox 423 4881 625 4952; x_wconf 85' lang='grc' dir='ltr'>σαυτῷ.</span> <span class='ocrx_word' id='word_1_634' title='bbox 669 4880 808 4948; x_wconf 84' lang='grc' dir='ltr'><strong><em>Ἐγώ</em></strong></span> <span class='ocrx_word' id='word_1_635' title='bbox 851 4896 913 4932; x_wconf 85' lang='grc' dir='ltr'><strong><em>τε</em></strong></span> <span class='ocrx_word' id='word_1_636' title='bbox 942 4880 1051 4949; x_wconf 74' lang='grc' dir='ltr'><strong><em>γὰρ</em></strong></span> <span class='ocrx_word' id='word_1_637' title='bbox 1098 4878 1447 4949; x_wconf 75' lang='grc' dir='ltr'>ἰσχυρίζομαι</span> <span class='ocrx_word' id='word_1_638' title='bbox 1486 4877 1712 4930; x_wconf 78' lang='grc' dir='ltr'>τουτωνὶ</span> <span class='ocrx_word' id='word_1_639' title='bbox 1751 4875 1859 4927; x_wconf 85' lang='grc' dir='ltr'>τῶν</span> <span class='ocrx_word' id='word_1_640' title='bbox 1896 4873 1986 4928; x_wconf 81' lang='grc' dir='ltr'><strong><em>λό-</em></strong></span> 
     </span>
    </p>
   </div>
   <div class='ocr_carea' id='block_1_82' title="bbox 421 4962 1983 5043">
    <p class='ocr_par' dir='ltr' id='par_1_82' title="bbox 421 4962 1983 5043">
     <span class='ocr_line' id='line_1_82' title="bbox 421 4962 1983 5043; baseline -0.006 -16"><span class='ocrx_word' id='word_1_641' title='bbox 421 4993 532 5043; x_wconf 86' lang='grc' dir='ltr'><strong><em>γων</em></strong></span> <span class='ocrx_word' id='word_1_642' title='bbox 575 4972 651 5043; x_wconf 79' lang='grc' dir='ltr'>μὴ</span> <span class='ocrx_word' id='word_1_643' title='bbox 694 4972 993 5041; x_wconf 78' lang='grc' dir='ltr'>ἀκηκοέναι</span> <span class='ocrx_word' id='word_1_644' title='bbox 1064 4970 1341 5035; x_wconf 85' lang='grc' dir='ltr'>παντελῶς</span> <span class='ocrx_word' id='word_1_645' title='bbox 1371 4984 1387 5001; x_wconf 77' lang='grc' dir='ltr'><strong><em>ο</em></strong></span> <span class='ocrx_word' id='word_1_646' title='bbox 1448 4967 1544 5022; x_wconf 71' lang='grc' dir='ltr'>καὶ</span> <span class='ocrx_word' id='word_1_647' title='bbox 1585 4968 1794 5028; x_wconf 86' lang='grc' dir='ltr'>δίκαιος</span> <span class='ocrx_word' id='word_1_648' title='bbox 1842 4962 1983 5019; x_wconf 75' lang='grc' dir='ltr'>εῖναι</span> 
     </span>
    </p>
   </div>
   <div class='ocr_carea' id='block_1_83' title="bbox 420 5059 1982 5133">
    <p class='ocr_par' dir='ltr' id='par_1_83' title="bbox 420 5059 1982 5133">
     <span class='ocr_line' id='line_1_83' title="bbox 420 5059 1982 5133; baseline -0.005 -15"><span class='ocrx_word' id='word_1_649' title='bbox 420 5065 553 5131; x_wconf 75' lang='grc' dir='ltr'><strong><em>ἁξιῶ</em></strong></span> <span class='ocrx_word' id='word_1_650' title='bbox 587 5063 937 5117; x_wconf 80' lang='grc' dir='ltr'>πιστεύεσθαι</span> <span class='ocrx_word' id='word_1_651' title='bbox 975 5060 1125 5133; x_wconf 75' lang='grc' dir='ltr'>παρὰ</span> <span class='ocrx_word' id='word_1_652' title='bbox 1156 5061 1238 5115; x_wconf 89' lang='grc' dir='ltr'><strong><em>σοί</em></strong></span> <span class='ocrx_word' id='word_1_653' title='bbox 1260 5079 1276 5092; x_wconf 89' lang='grc'><strong>·</strong></span> <span class='ocrx_word' id='word_1_654' title='bbox 1307 5061 1491 5130; x_wconf 80' lang='grc' dir='ltr'>οἴομαι</span> <span class='ocrx_word' id='word_1_655' title='bbox 1524 5059 1581 5113; x_wconf 83' lang='grc' dir='ltr'>δὲ</span> <span class='ocrx_word' id='word_1_656' title='bbox 1611 5060 1705 5113; x_wconf 80' lang='grc' dir='ltr'>καὶ</span> <span class='ocrx_word' id='word_1_657' title='bbox 1753 5059 1851 5128; x_wconf 78' lang='grc' dir='ltr'>τὴν</span> <span class='ocrx_word' id='word_1_658' title='bbox 1884 5059 1982 5127; x_wconf 88' lang='grc' dir='ltr'>βα-</span> 
     </span>
    </p>
   </div>
   <div class='ocr_carea' id='block_1_84' title="bbox 420 5153 1983 5226">
    <p class='ocr_par' dir='ltr' id='par_1_84' title="bbox 420 5153 1983 5226">
     <span class='ocr_line' id='line_1_84' title="bbox 420 5153 1983 5226; baseline -0.004 -16"><span class='ocrx_word' id='word_1_659' title='bbox 420 5159 593 5211; x_wconf 86' lang='grc' dir='ltr'>σιλίδα</span> <span class='ocrx_word' id='word_1_660' title='bbox 619 5158 686 5210; x_wconf 76' lang='grc' dir='ltr'><strong><em>τὰ</em></strong></span> <span class='ocrx_word' id='word_1_661' title='bbox 720 5157 813 5209; x_wconf 76' lang='grc' dir='ltr'>ἶσα</span> <span class='ocrx_word' id='word_1_662' title='bbox 848 5157 975 5223; x_wconf 77' lang='grc' dir='ltr'>ἐμοὶ</span> <span class='ocrx_word' id='word_1_663' title='bbox 1007 5158 1177 5226; x_wconf 82' lang='grc' dir='ltr'>ὲρείν.</span> <span class='ocrx_word' id='word_1_664' title='bbox 1207 5154 1342 5207; x_wconf 73' lang='grc' dir='ltr'>Οὐδὲ</span> <span class='ocrx_word' id='word_1_665' title='bbox 1398 5154 1506 5224; x_wconf 74' lang='grc' dir='ltr'><strong><em>γὰρ</em></strong></span> <span class='ocrx_word' id='word_1_666' title='bbox 1550 5153 1614 5206; x_wconf 81' lang='grc' dir='ltr'>ἂν</span> <span class='ocrx_word' id='word_1_667' title='bbox 1648 5153 1847 5222; x_wconf 76' lang='grc' dir='ltr'>ἧνεγκε</span> <span class='ocrx_word' id='word_1_668' title='bbox 1898 5167 1983 5203; x_wconf 87' lang='grc' dir='ltr'>σι-</span> 
     </span>
    </p>
   </div>
   <div class='ocr_carea' id='block_1_85' title="bbox 417 5246 1982 5323">
    <p class='ocr_par' dir='ltr' id='par_1_85' title="bbox 417 5246 1982 5323">
     <span class='ocr_line' id='line_1_85' title="bbox 417 5246 1982 5323; baseline -0.005 -19"><span class='ocrx_word' id='word_1_669' title='bbox 417 5254 512 5323; x_wconf 72' lang='grc' dir='ltr'><strong><em>γῇ,</em></strong></span> <span class='ocrx_word' id='word_1_670' title='bbox 542 5253 592 5303; x_wconf 87' lang='grc' dir='ltr'><strong><em>εἰ</em></strong></span> <span class='ocrx_word' id='word_1_671' title='bbox 620 5250 851 5304; x_wconf 84' lang='grc' dir='ltr'>ἀκοῦσαί</span> <span class='ocrx_word' id='word_1_672' title='bbox 889 5265 948 5301; x_wconf 83' lang='grc' dir='ltr'><strong><em>τε</em></strong></span> <span class='ocrx_word' id='word_1_673' title='bbox 984 5248 1274 5301; x_wconf 76' lang='grc' dir='ltr'>συνέϐαινε</span> <span class='ocrx_word' id='word_1_674' title='bbox 1321 5250 1429 5300; x_wconf 85' lang='grc' dir='ltr'>τῶν</span> <span class='ocrx_word' id='word_1_675' title='bbox 1454 5247 1654 5315; x_wconf 86' lang='grc' dir='ltr'>λόγων.</span> <span class='ocrx_word' id='word_1_676' title='bbox 1695 5246 1791 5299; x_wconf 82' lang='grc' dir='ltr'>καὶ</span> <span class='ocrx_word' id='word_1_677' title='bbox 1846 5246 1982 5315; x_wconf 70' lang='grc' dir='ltr'>πρὸς</span> 
     </span>
    </p>
   </div>
   <div class='ocr_carea' id='block_1_86' title="bbox 419 5337 1977 5414">
    <p class='ocr_par' dir='ltr' id='par_1_86' title="bbox 419 5337 1977 5414">
     <span class='ocr_line' id='line_1_86' title="bbox 419 5337 1977 5414; baseline -0.004 -19"><span class='ocrx_word' id='word_1_678' title='bbox 419 5346 480 5398; x_wconf 82' lang='grc' dir='ltr'>σὲ</span> <span class='ocrx_word' id='word_1_679' title='bbox 506 5343 760 5414; x_wconf 84' lang='grc' dir='ltr'>εἰρῆσθαι</span> <span class='ocrx_word' id='word_1_680' title='bbox 789 5342 1063 5412; x_wconf 78' lang='grc' dir='ltr'>οἰηθῆναι.</span> <span class='ocrx_word' id='word_1_681' title='bbox 1094 5339 1185 5392; x_wconf 87' lang='grc' dir='ltr'>Διό</span> <span class='ocrx_word' id='word_1_682' title='bbox 1216 5356 1308 5391; x_wconf 86' lang='grc' dir='ltr'><strong><em>σου</em></strong></span> <span class='ocrx_word' id='word_1_683' title='bbox 1349 5341 1443 5392; x_wconf 79' lang='grc' dir='ltr'>καὶ</span> <span class='ocrx_word' id='word_1_684' title='bbox 1474 5339 1669 5409; x_wconf 84' lang='grc' dir='ltr'>δέομαι</span> <span class='ocrx_word' id='word_1_685' title='bbox 1698 5338 1809 5391; x_wconf 88' lang='grc' dir='ltr'>τῶν</span> <span class='ocrx_word' id='word_1_686' title='bbox 1840 5337 1977 5407; x_wconf 80' lang='grc' dir='ltr'>πρὸς</span> 
     </span>
    </p>
   </div>
   <div class='ocr_carea' id='block_1_87' title="bbox 417 5429 1983 5504">
    <p class='ocr_par' dir='ltr' id='par_1_87' title="bbox 417 5429 1983 5504">
     <span class='ocr_line' id='line_1_87' title="bbox 417 5429 1983 5504; baseline -0.001 -20"><span class='ocrx_word' id='word_1_687' title='bbox 417 5433 514 5504; x_wconf 78' lang='grc' dir='ltr'>τὴν</span> <span class='ocrx_word' id='word_1_688' title='bbox 578 5433 827 5501; x_wconf 85' lang='grc' dir='ltr'>βασιλίδα</span> <span class='ocrx_word' id='word_1_689' title='bbox 886 5433 1062 5501; x_wconf 87' lang='grc' dir='ltr'>λόγων</span> <span class='ocrx_word' id='word_1_690' title='bbox 1110 5430 1446 5502; x_wconf 79' lang='grc' dir='ltr'>ἀποσχέσθαι</span> <span class='ocrx_word' id='word_1_691' title='bbox 1496 5430 1558 5482; x_wconf 88' lang='grc' dir='ltr'>οὐ</span> <span class='ocrx_word' id='word_1_692' title='bbox 1606 5429 1820 5498; x_wconf 86' lang='grc' dir='ltr'>φαύλην</span> <span class='ocrx_word' id='word_1_693' title='bbox 1859 5429 1983 5482; x_wconf 75' lang='grc' dir='ltr'>τινὰ</span> 
     </span>
    </p>
   </div>
   <div class='ocr_carea' id='block_1_88' title="bbox 2088 4324 3648 4403">
    <p class='ocr_par' dir='ltr' id='par_1_88' title="bbox 2088 4324 3648 4403">
     <span class='ocr_line' id='line_1_88' title="bbox 2088 4324 3648 4403; baseline 0.012 -29"><span class='ocrx_word' id='word_1_694' title='bbox 2088 4336 2262 4385; x_wconf 87' lang='lat' dir='ltr'><strong><em>ceres.</em></strong></span> <span class='ocrx_word' id='word_1_695' title='bbox 2310 4331 2368 4376; x_wconf 90' lang='lat' dir='ltr'><strong><em>tu</em></strong></span> <span class='ocrx_word' id='word_1_696' title='bbox 2402 4324 2569 4378; x_wconf 89' lang='lat' dir='ltr'><strong><em>nosti.</em></strong></span> <span class='ocrx_word' id='word_1_697' title='bbox 2598 4325 2652 4378; x_wconf 83' lang='lat' dir='ltr'><strong><em>Si</em></strong></span> <span class='ocrx_word' id='word_1_698' title='bbox 2680 4336 2905 4395; x_wconf 84' lang='lat' dir='ltr'><strong><em>propter</em></strong></span> <span class='ocrx_word' id='word_1_699' title='bbox 2938 4328 3039 4382; x_wconf 86' lang='lat' dir='ltr'><strong><em>hoc</em></strong></span> <span class='ocrx_word' id='word_1_700' title='bbox 3069 4331 3242 4384; x_wconf 89' lang='lat' dir='ltr'><strong><em>solum</em></strong></span> <span class='ocrx_word' id='word_1_701' title='bbox 3273 4337 3648 4403; x_wconf 77' lang='lat' dir='ltr'><strong><em>exacerbatus,</em></strong></span> 
     </span>
    </p>
   </div>
   <div class='ocr_carea' id='block_1_89' title="bbox 2089 4414 3652 4491">
    <p class='ocr_par' dir='ltr' id='par_1_89' title="bbox 2089 4414 3652 4491">
     <span class='ocr_line' id='line_1_89' title="bbox 2089 4414 3652 4491; baseline 0.012 -26"><span class='ocrx_word' id='word_1_702' title='bbox 2089 4414 2219 4466; x_wconf 68' lang='lat' dir='ltr'><strong><em>mihi</em></strong></span> <span class='ocrx_word' id='word_1_703' title='bbox 2276 4423 2327 4468; x_wconf 90' lang='lat' dir='ltr'><strong><em>ct</em></strong></span> <span class='ocrx_word' id='word_1_704' title='bbox 2381 4414 2711 4485; x_wconf 83' lang='lat' dir='ltr'><strong><em>imperatrici</em></strong></span> <span class='ocrx_word' id='word_1_705' title='bbox 2772 4427 3056 4488; x_wconf 76' lang='lat' dir='ltr'><strong><em>tantOpere</em></strong></span> <span class='ocrx_word' id='word_1_706' title='bbox 3116 4422 3409 4491; x_wconf 78' lang='lat' dir='ltr'><strong><em>irasceris,</em></strong></span> <span class='ocrx_word' id='word_1_707' title='bbox 3444 4438 3502 4480; x_wconf 87' lang='lat' dir='ltr'><strong><em>ttt</em></strong></span> <span class='ocrx_word' id='word_1_708' title='bbox 3546 4432 3652 4483; x_wconf 87' lang='lat' dir='ltr'><strong><em>rei-</em></strong></span> 
     </span>
    </p>
   </div>
   <div class='ocr_carea' id='block_1_90' title="bbox 2088 4507 3651 4584">
    <p class='ocr_par' dir='ltr' id='par_1_90' title="bbox 2088 4507 3651 4584">
     <span class='ocr_line' id='line_1_90' title="bbox 2088 4507 3651 4584; baseline 0.012 -27"><span class='ocrx_word' id='word_1_709' title='bbox 2088 4507 2317 4573; x_wconf 77' lang='lat' dir='ltr'><strong><em>publica:</em></strong></span> <span class='ocrx_word' id='word_1_710' title='bbox 2363 4509 2610 4576; x_wconf 62' lang='lat' dir='ltr'><strong><em>regenda:</em></strong></span> <span class='ocrx_word' id='word_1_711' title='bbox 2644 4525 2842 4563; x_wconf 85' lang='lat' dir='ltr'><strong><em>munus</em></strong></span> <span class='ocrx_word' id='word_1_712' title='bbox 2870 4512 3102 4581; x_wconf 80' lang='lat' dir='ltr'><strong><em>abjiccre</em></strong></span> <span class='ocrx_word' id='word_1_713' title='bbox 3132 4520 3506 4584; x_wconf 59' lang='lat' dir='ltr'><strong><em>constitueris,</em></strong></span> <span class='ocrx_word' id='word_1_714' title='bbox 3549 4537 3651 4576; x_wconf 90' lang='lat' dir='ltr'><strong><em>nec</em></strong></span> 
     </span>
    </p>
   </div>
   <div class='ocr_carea' id='block_1_91' title="bbox 2083 4596 3648 4676">
    <p class='ocr_par' dir='ltr' id='par_1_91' title="bbox 2083 4596 3648 4676">
     <span class='ocr_line' id='line_1_91' title="bbox 2083 4596 3648 4676; baseline 0.011 -30"><span class='ocrx_word' id='word_1_715' title='bbox 2083 4596 2250 4665; x_wconf 84' lang='lat' dir='ltr'><strong><em>juste.</em></strong></span> <span class='ocrx_word' id='word_1_716' title='bbox 2313 4611 2412 4651; x_wconf 81' lang='lat' dir='ltr'><strong><em>nec</em></strong></span> <span class='ocrx_word' id='word_1_717' title='bbox 2462 4614 2527 4652; x_wconf 80' lang='lat' dir='ltr'><strong><em>cx</em></strong></span> <span class='ocrx_word' id='word_1_718' title='bbox 2578 4608 2669 4651; x_wconf 89' lang='lat' dir='ltr'><strong><em>tua</em></strong></span> <span class='ocrx_word' id='word_1_719' title='bbox 2721 4600 2983 4670; x_wconf 74' lang='lat' dir='ltr'><strong><em>dignitate</em></strong></span> <span class='ocrx_word' id='word_1_720' title='bbox 3028 4603 3181 4658; x_wconf 75' lang='lat' dir='ltr'><strong><em>fat-is.</em></strong></span> <span class='ocrx_word' id='word_1_721' title='bbox 3235 4606 3368 4658; x_wconf 88' lang='lat' dir='ltr'><strong><em>Nam</em></strong></span> <span class='ocrx_word' id='word_1_722' title='bbox 3419 4625 3516 4676; x_wconf 74' lang='lat' dir='ltr'><strong><em>ego</em></strong></span> <span class='ocrx_word' id='word_1_723' title='bbox 3562 4627 3648 4663; x_wconf 89' lang='lat' dir='ltr'><strong><em>me</em></strong></span> 
     </span>
    </p>
   </div>
   <div class='ocr_carea' id='block_1_92' title="bbox 2087 4685 3647 4762">
    <p class='ocr_par' dir='ltr' id='par_1_92' title="bbox 2087 4685 3647 4762">
     <span class='ocr_line' id='line_1_92' title="bbox 2087 4685 3647 4762; baseline 0.01 -24"><span class='ocrx_word' id='word_1_724' title='bbox 2087 4685 2253 4741; x_wconf 80' lang='lat' dir='ltr'><strong><em>verba</em></strong></span> <span class='ocrx_word' id='word_1_725' title='bbox 2291 4687 2378 4741; x_wconf 88' lang='lat' dir='ltr'><strong><em>illa</em></strong></span> <span class='ocrx_word' id='word_1_726' title='bbox 2406 4688 2638 4742; x_wconf 87' lang='lat' dir='ltr'><strong><em>Chnmni</em></strong></span> <span class='ocrx_word' id='word_1_727' title='bbox 2670 4692 2893 4761; x_wconf 76' lang='lat' dir='ltr'><strong><em>omnino</em></strong></span> <span class='ocrx_word' id='word_1_728' title='bbox 2926 4709 3030 4746; x_wconf 85' lang='lat' dir='ltr'><strong><em>non</em></strong></span> <span class='ocrx_word' id='word_1_729' title='bbox 3059 4694 3354 4762; x_wconf 76' lang='lat' dir='ltr'><strong><em>audivisse,</em></strong></span> <span class='ocrx_word' id='word_1_730' title='bbox 3385 4698 3481 4752; x_wconf 85' lang='lat' dir='ltr'><strong><em>tibi</em></strong></span> <span class='ocrx_word' id='word_1_731' title='bbox 3514 4715 3647 4755; x_wconf 85' lang='lat' dir='ltr'><strong><em>con-</em></strong></span> 
     </span>
    </p>
   </div>
   <div class='ocr_carea' id='block_1_93' title="bbox 2089 4776 3647 4858">
    <p class='ocr_par' dir='ltr' id='par_1_93' title="bbox 2089 4776 3647 4858">
     <span class='ocr_line' id='line_1_93' title="bbox 2089 4776 3647 4858; baseline 0.01 -29"><span class='ocrx_word' id='word_1_732' title='bbox 2089 4776 2302 4831; x_wconf 80' lang='lat' dir='ltr'><strong><em>ﬁrmare</em></strong></span> <span class='ocrx_word' id='word_1_733' title='bbox 2346 4792 2588 4844; x_wconf 88' lang='lat' dir='ltr'><strong><em>possum.</em></strong></span> <span class='ocrx_word' id='word_1_734' title='bbox 2622 4791 2679 4834; x_wconf 88' lang='lat' dir='ltr'><strong><em>et</em></strong></span> <span class='ocrx_word' id='word_1_735' title='bbox 2714 4782 2845 4835; x_wconf 72' lang='lat' dir='ltr'><strong><em>mihi</em></strong></span> <span class='ocrx_word' id='word_1_736' title='bbox 2880 4782 3037 4837; x_wconf 81' lang='lat' dir='ltr'><strong><em>(idem</em></strong></span> <span class='ocrx_word' id='word_1_737' title='bbox 3076 4785 3259 4840; x_wconf 76' lang='lat' dir='ltr'><strong><em>haberi</em></strong></span> <span class='ocrx_word' id='word_1_738' title='bbox 3295 4804 3510 4858; x_wconf 70' lang='lat' dir='ltr'><strong><em>aequum</em></strong></span> <span class='ocrx_word' id='word_1_739' title='bbox 3544 4801 3647 4854; x_wconf 78' lang='lat' dir='ltr'><strong><em>est.</em></strong></span> 
     </span>
    </p>
   </div>
   <div class='ocr_carea' id='block_1_94' title="bbox 2086 4862 3651 4943">
    <p class='ocr_par' dir='ltr' id='par_1_94' title="bbox 2086 4862 3651 4943">
     <span class='ocr_line' id='line_1_94' title="bbox 2086 4862 3651 4943; baseline 0.012 -21"><span class='ocrx_word' id='word_1_740' title='bbox 2086 4880 2329 4941; x_wconf 84' lang='lat' dir='ltr'><strong><em>putoque</em></strong></span> <span class='ocrx_word' id='word_1_741' title='bbox 2367 4874 2763 4943; x_wconf 82' lang='lat' dir='ltr'><strong><em>impcratricem</em></strong></span> <span class='ocrx_word' id='word_1_742' title='bbox 2795 4879 2984 4933; x_wconf 84' lang='lat' dir='ltr'><strong><em>eadem</em></strong></span> <span class='ocrx_word' id='word_1_743' title='bbox 3017 4862 3651 4941; x_wconf 27' lang='lat' dir='ltr'><strong><em>meetfm’eonlessuram.</em></strong></span> 
     </span>
    </p>
   </div>
   <div class='ocr_carea' id='block_1_95' title="bbox 2087 4961 3651 5035">
    <p class='ocr_par' dir='ltr' id='par_1_95' title="bbox 2087 4961 3651 5035">
     <span class='ocr_line' id='line_1_95' title="bbox 2087 4961 3651 5035; baseline 0.01 -20"><span class='ocrx_word' id='word_1_744' title='bbox 2087 4961 2241 5016; x_wconf 84' lang='lat' dir='ltr'><strong><em>Haud</em></strong></span> <span class='ocrx_word' id='word_1_745' title='bbox 2282 4964 2426 5017; x_wconf 89' lang='lat' dir='ltr'><strong><em>enim</em></strong></span> <span class='ocrx_word' id='word_1_746' title='bbox 2479 4983 2664 5022; x_wconf 85' lang='lat' dir='ltr'><strong><em>vocem</em></strong></span> <span class='ocrx_word' id='word_1_747' title='bbox 2708 4970 2999 5035; x_wconf 84' lang='lat' dir='ltr'><strong><em>tenuisset,</em></strong></span> <span class='ocrx_word' id='word_1_748' title='bbox 3050 4972 3096 5026; x_wconf 87' lang='lat' dir='ltr'><strong><em>si</em></strong></span> <span class='ocrx_word' id='word_1_749' title='bbox 3143 4973 3474 5034; x_wconf 81' lang='lat' dir='ltr'><strong><em>audivisset.</em></strong></span> <span class='ocrx_word' id='word_1_750' title='bbox 3513 4984 3566 5029; x_wconf 89' lang='lat' dir='ltr'><strong><em>ct</em></strong></span> <span class='ocrx_word' id='word_1_751' title='bbox 3598 4986 3651 5030; x_wconf 85' lang='lat' dir='ltr'><strong><em>te</em></strong></span> 
     </span>
    </p>
   </div>
   <div class='ocr_carea' id='block_1_96' title="bbox 2088 5062 3647 5140">
    <p class='ocr_par' dir='ltr' id='par_1_96' title="bbox 2088 5062 3647 5140">
     <span class='ocr_line' id='line_1_96' title="bbox 2088 5062 3647 5140; baseline 0.01 -29"><span class='ocrx_word' id='word_1_752' title='bbox 2088 5067 2288 5113; x_wconf 78' lang='lat' dir='ltr'><strong><em>tactum</em></strong></span> <span class='ocrx_word' id='word_1_753' title='bbox 2344 5062 2687 5117; x_wconf 86' lang='lat' dir='ltr'><strong><em>credidisset.</em></strong></span> <span class='ocrx_word' id='word_1_754' title='bbox 2735 5064 2914 5129; x_wconf 85' lang='lat' dir='ltr'><strong><em>Quare</em></strong></span> <span class='ocrx_word' id='word_1_755' title='bbox 2962 5077 3012 5121; x_wconf 88' lang='lat' dir='ltr'><strong><em>te</em></strong></span> <span class='ocrx_word' id='word_1_756' title='bbox 3058 5084 3155 5122; x_wconf 85' lang='lat' dir='ltr'><strong><em>oro</em></strong></span> <span class='ocrx_word' id='word_1_757' title='bbox 3202 5086 3495 5140; x_wconf 73' lang='lat' dir='ltr'><strong><em>qutcsoquc</em></strong></span> <span class='ocrx_word' id='word_1_758' title='bbox 3523 5112 3537 5132; x_wconf 92' lang='lat'><strong><em>.</em></strong></span> <span class='ocrx_word' id='word_1_759' title='bbox 3569 5075 3647 5127; x_wconf 91' lang='lat' dir='ltr'><strong><em>uti</em></strong></span> 
     </span>
    </p>
   </div>
   <div class='ocr_carea' id='block_1_97' title="bbox 2084 5151 3649 5231">
    <p class='ocr_par' dir='ltr' id='par_1_97' title="bbox 2084 5151 3649 5231">
     <span class='ocr_line' id='line_1_97' title="bbox 2084 5151 3649 5231; baseline 0.009 -28"><span class='ocrx_word' id='word_1_760' title='bbox 2084 5151 2271 5207; x_wconf 80' lang='lat' dir='ltr'><strong><em>verbis</em></strong></span> <span class='ocrx_word' id='word_1_761' title='bbox 2323 5154 2521 5209; x_wconf 85' lang='lat' dir='ltr'><strong><em>talibus</em></strong></span> <span class='ocrx_word' id='word_1_762' title='bbox 2572 5155 2637 5209; x_wconf 88' lang='lat' dir='ltr'><strong><em>ad</em></strong></span> <span class='ocrx_word' id='word_1_763' title='bbox 2682 5170 2800 5210; x_wconf 87' lang='lat' dir='ltr'><strong><em>eam</em></strong></span> <span class='ocrx_word' id='word_1_764' title='bbox 2835 5158 3216 5227; x_wconf 86' lang='lat' dir='ltr'><strong><em>supersedeas,</em></strong></span> <span class='ocrx_word' id='word_1_765' title='bbox 3250 5176 3370 5229; x_wconf 63' lang='lat' dir='ltr'><strong><em>quia</em></strong></span> <span class='ocrx_word' id='word_1_766' title='bbox 3409 5179 3649 5231; x_wconf 68' lang='lat' dir='ltr'><strong><em>prmscn-</em></strong></span> 
     </span>
    </p>
   </div>
   <div class='ocr_carea' id='block_1_98' title="bbox 2086 5243 3645 5313">
    <p class='ocr_par' dir='ltr' id='par_1_98' title="bbox 2086 5243 3645 5313">
     <span class='ocr_line' id='line_1_98' title="bbox 2086 5243 3645 5313; baseline 0.008 -16"><span class='ocrx_word' id='word_1_767' title='bbox 2086 5243 2234 5297; x_wconf 73' lang='lat' dir='ltr'><strong><em>tibus</em></strong></span> <span class='ocrx_word' id='word_1_768' title='bbox 2284 5245 2440 5297; x_wconf 86' lang='lat' dir='ltr'><strong><em>malis</em></strong></span> <span class='ocrx_word' id='word_1_769' title='bbox 2498 5260 2606 5299; x_wconf 90' lang='lat' dir='ltr'><strong><em>non</em></strong></span> <span class='ocrx_word' id='word_1_770' title='bbox 2664 5261 2832 5313; x_wconf 83' lang='lat' dir='ltr'><strong><em>parvo</em></strong></span> <span class='ocrx_word' id='word_1_771' title='bbox 2879 5248 3250 5304; x_wconf 79' lang='lat' dir='ltr'><strong><em>additamenta</em></strong></span> <span class='ocrx_word' id='word_1_772' title='bbox 3278 5251 3463 5307; x_wconf 84' lang='lat' dir='ltr'><strong><em>futura</em></strong></span> <span class='ocrx_word' id='word_1_773' title='bbox 3494 5265 3645 5309; x_wconf 90' lang='lat' dir='ltr'><strong><em>sunt.</em></strong></span> 
     </span>
    </p>
   </div>
   <div class='ocr_carea' id='block_1_99' title="bbox 2084 5332 3645 5412">
    <p class='ocr_par' dir='ltr' id='par_1_99' title="bbox 2084 5332 3645 5412">
     <span class='ocr_line' id='line_1_99' title="bbox 2084 5332 3645 5412; baseline 0.01 -29"><span class='ocrx_word' id='word_1_774' title='bbox 2084 5332 2245 5404; x_wconf 79' lang='lat'><strong>357</strong></span> <span class='ocrx_word' id='word_1_775' title='bbox 2286 5334 2379 5386; x_wconf 87' lang='lat' dir='ltr'><strong><em>Ille</em></strong></span> <span class='ocrx_word' id='word_1_776' title='bbox 2411 5349 2519 5386; x_wconf 89' lang='lat' dir='ltr'><strong><em>non</em></strong></span> <span class='ocrx_word' id='word_1_777' title='bbox 2546 5349 2604 5388; x_wconf 89' lang='lat' dir='ltr'><strong><em>se</em></strong></span> <span class='ocrx_word' id='word_1_778' title='bbox 2632 5333 2873 5401; x_wconf 79' lang='lat' dir='ltr'><strong><em>ﬂectere,</em></strong></span> <span class='ocrx_word' id='word_1_779' title='bbox 2900 5348 2956 5391; x_wconf 86' lang='lat' dir='ltr'><strong><em>et</em></strong></span> <span class='ocrx_word' id='word_1_780' title='bbox 2980 5337 3184 5395; x_wconf 88' lang='lat' dir='ltr'><strong><em>instare</em></strong></span> <span class='ocrx_word' id='word_1_781' title='bbox 3220 5352 3274 5395; x_wconf 92' lang='lat' dir='ltr'><strong><em>ut</em></strong></span> <span class='ocrx_word' id='word_1_782' title='bbox 3308 5342 3645 5412; x_wconf 84' lang='lat' dir='ltr'><strong><em>imperatrici</em></strong></span> 
     </span>
    </p>
   </div>
   <div class='ocr_carea' id='block_1_100' title="bbox 2086 5425 3643 5496">
    <p class='ocr_par' dir='ltr' id='par_1_100' title="bbox 2086 5425 3643 5496">
     <span class='ocr_line' id='line_1_100' title="bbox 2086 5425 3643 5496; baseline 0.006 -16"><span class='ocrx_word' id='word_1_783' title='bbox 2086 5427 2312 5481; x_wconf 90' lang='lat' dir='ltr'><strong><em>nuntius</em></strong></span> <span class='ocrx_word' id='word_1_784' title='bbox 2374 5425 2508 5490; x_wconf 91' lang='lat' dir='ltr'><strong><em>iret;</em></strong></span> <span class='ocrx_word' id='word_1_785' title='bbox 2564 5441 2712 5481; x_wconf 88' lang='lat' dir='ltr'><strong><em>nunc</em></strong></span> <span class='ocrx_word' id='word_1_786' title='bbox 2757 5427 2977 5496; x_wconf 89' lang='lat' dir='ltr'><strong><em>quidem</em></strong></span> <span class='ocrx_word' id='word_1_787' title='bbox 3033 5431 3163 5485; x_wconf 89' lang='lat' dir='ltr'><strong><em>illud</em></strong></span> <span class='ocrx_word' id='word_1_788' title='bbox 3208 5436 3432 5487; x_wconf 84' lang='lat' dir='ltr'><strong><em>verbum</em></strong></span> <span class='ocrx_word' id='word_1_789' title='bbox 3468 5435 3643 5490; x_wconf 87' lang='lat' dir='ltr'><strong><em>solum</em></strong></span> 
     </span>
    </p>
   </div>
   <div class='ocr_carea' id='block_1_101' title="bbox 421 5515 1986 5614">
    <p class='ocr_par' dir='ltr' id='par_1_101' title="bbox 421 5520 1980 5595">
     <span class='ocr_line' id='line_1_101' title="bbox 421 5520 1980 5595; baseline -0.003 -18"><span class='ocrx_word' id='word_1_790' title='bbox 421 5526 696 5595; x_wconf 73' lang='grc' dir='ltr'>ἐσομένων</span> <span class='ocrx_word' id='word_1_791' title='bbox 722 5524 989 5595; x_wconf 76' lang='grc' dir='ltr'>ὲπιθήκην</span> <span class='ocrx_word' id='word_1_792' title='bbox 1015 5523 1124 5577; x_wconf 86' lang='grc' dir='ltr'><strong><em>τῶν</em></strong></span> <span class='ocrx_word' id='word_1_793' title='bbox 1155 5523 1363 5577; x_wconf 83' lang='grc' dir='ltr'>κακῶν.</span> <span class='ocrx_word' id='word_1_794' title='bbox 1397 5522 1455 5575; x_wconf 89' lang='grc' dir='ltr'><strong>Ὀ</strong></span> <span class='ocrx_word' id='word_1_795' title='bbox 1483 5520 1526 5574; x_wconf 82' lang='grc' dir='ltr'>δ’</span> <span class='ocrx_word' id='word_1_796' title='bbox 1558 5522 1660 5574; x_wconf 77' lang='grc' dir='ltr'>οὐκ</span> <span class='ocrx_word' id='word_1_797' title='bbox 1685 5520 1829 5588; x_wconf 88' lang='grc' dir='ltr'>ἀνίη,</span> <span class='ocrx_word' id='word_1_798' title='bbox 1864 5520 1980 5573; x_wconf 80' lang='grc' dir='ltr'>ἀλλ’</span> 
     </span>
    </p>
   </div>
   <div class='ocr_carea' id='block_1_102' title="bbox 2088 5515 3647 5614">
    <p class='ocr_par' dir='ltr' id='par_1_102' title="bbox 2088 5515 3647 5584">
     <span class='ocr_line' id='line_1_102' title="bbox 2088 5515 3647 5584; baseline 0.006 -13"><span class='ocrx_word' id='word_1_799' title='bbox 2088 5531 2224 5575; x_wconf 86' lang='lat' dir='ltr'><strong><em>esse,</em></strong></span> <span class='ocrx_word' id='word_1_800' title='bbox 2274 5515 2418 5584; x_wconf 86' lang='lat' dir='ltr'><strong><em>quod</em></strong></span> <span class='ocrx_word' id='word_1_801' title='bbox 2461 5515 2650 5569; x_wconf 87' lang='lat' dir='ltr'><strong><em>turbas</em></strong></span> <span class='ocrx_word' id='word_1_802' title='bbox 2693 5517 3025 5584; x_wconf 86' lang='lat' dir='ltr'><strong><em>concitaret;</em></strong></span> <span class='ocrx_word' id='word_1_803' title='bbox 3063 5521 3289 5576; x_wconf 80' lang='lat' dir='ltr'><strong><em>fortasse</em></strong></span> <span class='ocrx_word' id='word_1_804' title='bbox 3323 5534 3503 5580; x_wconf 74' lang='lat' dir='ltr'><strong><em>autem</em></strong></span> <span class='ocrx_word' id='word_1_805' title='bbox 3538 5528 3647 5583; x_wconf 82' lang='lat' dir='ltr'><strong><em>alia</em></strong></span> 
     </span>
    </p>
   </div>
   <div class='ocr_carea' id='block_1_103' title="bbox 421 5610 1980 5684">
    <p class='ocr_par' dir='ltr' id='par_1_103' title="bbox 421 5610 1980 5684">
     <span class='ocr_line' id='line_1_103' title="bbox 421 5610 1980 5684; baseline -0.005 -15"><span class='ocrx_word' id='word_1_806' title='bbox 421 5617 672 5671; x_wconf 76' lang='grc' dir='ltr'>ἐκέλευεν</span> <span class='ocrx_word' id='word_1_807' title='bbox 716 5614 1102 5684; x_wconf 83' lang='grc' dir='ltr'>ἀπαγγέλλειν.</span> <span class='ocrx_word' id='word_1_808' title='bbox 1153 5612 1267 5666; x_wconf 84' lang='grc' dir='ltr'>Νῦν</span> <span class='ocrx_word' id='word_1_809' title='bbox 1302 5613 1400 5684; x_wconf 79' lang='grc' dir='ltr'>μὲν</span> <span class='ocrx_word' id='word_1_810' title='bbox 1436 5615 1664 5681; x_wconf 76' lang='grc' dir='ltr'>φάσκων</span> <span class='ocrx_word' id='word_1_811' title='bbox 1704 5611 1795 5664; x_wconf 81' lang='grc' dir='ltr'>τὸν</span> <span class='ocrx_word' id='word_1_812' title='bbox 1824 5610 1980 5677; x_wconf 59' lang='grc' dir='ltr'>λόγον</span> 
     </span>
    </p>
   </div>
   <div class='ocr_carea' id='block_1_104' title="bbox 423 5700 1977 5778">
    <p class='ocr_par' dir='ltr' id='par_1_104' title="bbox 423 5700 1977 5778">
     <span class='ocr_line' id='line_1_104' title="bbox 423 5700 1977 5778; baseline -0.007 -16"><span class='ocrx_word' id='word_1_813' title='bbox 423 5710 586 5778; x_wconf 84' lang='grc' dir='ltr'>μόνον</span> <span class='ocrx_word' id='word_1_814' title='bbox 642 5708 852 5762; x_wconf 68' lang='grc' dir='ltr'>ἐκεῖνον</span> <span class='ocrx_word' id='word_1_815' title='bbox 902 5708 993 5762; x_wconf 76' lang='grc' dir='ltr'>τὸν</span> <span class='ocrx_word' id='word_1_816' title='bbox 1044 5707 1350 5776; x_wconf 77' lang='grc' dir='ltr'>ποιήσαντα</span> <span class='ocrx_word' id='word_1_817' title='bbox 1409 5705 1505 5774; x_wconf 82' lang='grc' dir='ltr'>τὴν</span> <span class='ocrx_word' id='word_1_818' title='bbox 1551 5702 1816 5772; x_wconf 84' lang='grc' dir='ltr'>ταραχὴν,</span> <span class='ocrx_word' id='word_1_819' title='bbox 1847 5700 1977 5762; x_wconf 82' lang='grc' dir='ltr'>ίσως</span> 
     </span>
    </p>
   </div>
   <div class='ocr_carea' id='block_1_105' title="bbox 2090 5608 3647 5685">
    <p class='ocr_par' dir='ltr' id='par_1_105' title="bbox 2090 5608 3647 5685">
     <span class='ocr_line' id='line_1_105' title="bbox 2090 5608 3647 5685; baseline -0.001 -20"><span class='ocrx_word' id='word_1_820' title='bbox 2090 5609 2354 5681; x_wconf 87' lang='lat' dir='ltr'><strong><em>quosdam</em></strong></span> <span class='ocrx_word' id='word_1_821' title='bbox 2408 5610 2616 5662; x_wconf 85' lang='lat' dir='ltr'><strong><em>inclusa</em></strong></span> <span class='ocrx_word' id='word_1_822' title='bbox 2664 5608 2863 5662; x_wconf 87' lang='lat' dir='ltr'><strong><em>habere</em></strong></span> <span class='ocrx_word' id='word_1_823' title='bbox 2899 5609 2952 5661; x_wconf 88' lang='lat' dir='ltr'><strong><em>in</em></strong></span> <span class='ocrx_word' id='word_1_824' title='bbox 2986 5619 3225 5676; x_wconf 80' lang='lat' dir='ltr'><strong><em>pectore.</em></strong></span> <span class='ocrx_word' id='word_1_825' title='bbox 3260 5628 3381 5682; x_wconf 70' lang='lat' dir='ltr'><strong><em>quae</em></strong></span> <span class='ocrx_word' id='word_1_826' title='bbox 3415 5617 3647 5685; x_wconf 71' lang='lat' dir='ltr'><strong><em>prodere</em></strong></span> 
     </span>
    </p>
   </div>
   <div class='ocr_carea' id='block_1_106' title="bbox 2083 5697 3647 5775">
    <p class='ocr_par' dir='ltr' id='par_1_106' title="bbox 2083 5697 3647 5775">
     <span class='ocr_line' id='line_1_106' title="bbox 2083 5697 3647 5775; baseline 0.004 -19"><span class='ocrx_word' id='word_1_827' title='bbox 2083 5701 2281 5756; x_wconf 84' lang='lat' dir='ltr'><strong><em>nolint.</em></strong></span> <span class='ocrx_word' id='word_1_828' title='bbox 2326 5698 2521 5754; x_wconf 82' lang='lat' dir='ltr'><strong><em>Statim</em></strong></span> <span class='ocrx_word' id='word_1_829' title='bbox 2567 5697 2733 5769; x_wconf 79' lang='lat' dir='ltr'><strong><em>igitur</em></strong></span> <span class='ocrx_word' id='word_1_830' title='bbox 2783 5697 3094 5768; x_wconf 86' lang='lat' dir='ltr'><strong><em>patriarcha</em></strong></span> <span class='ocrx_word' id='word_1_831' title='bbox 3134 5702 3201 5756; x_wconf 86' lang='lat' dir='ltr'><strong><em>ad</em></strong></span> <span class='ocrx_word' id='word_1_832' title='bbox 3244 5703 3647 5775; x_wconf 83' lang='lat' dir='ltr'><strong><em>imperatricem</em></strong></span> 
     </span>
    </p>
   </div>
  </div>
