4122 6296
419 357 523 425 7:21

1541 363 2075 425 IllSTORIARUM
2111 364 2180 424 LI
2194 363 2344 422 BER
2380 364 2495 423 lll.

2294 188 2323 207 J-

3551 365 3656 428 72!

416 470 518 540 τὴν
558 470 765 535 πάντας
802 471 876 534 ῶς
927 465 1139 542 ἐγῷμαι
1184 472 1279 527 καὶ
1337 490 1458 536 τους
1513 473 1679 528 πάλαι
1714 476 1817 531 καὶ
1866 475 1984 536 τοὺς

2095 470 2328 539 ledictis,
2373 482 2428 527 et
2477 470 2901 541 reprehensione
2939 471 3101 540 digna
3130 474 3492 529 committere.
3527 473 3655 529 Sive

417 561 519 615 νῦν
546 563 963 633 ύπερελάσασαν
1022 564 1117 617 ἐπὶ
1173 566 1325 635 φιλίᾳ
1375 565 1749 635 ύμνουμένους
1794 563 1983 631 σαφῶς

414 652 813 721 διδασκοέμνη.
867 653 982 719 Ἐφ’
1016 649 1096 717 οἷς
1146 657 1245 707 οὐκ
1275 655 1604 723 ὡφελεῖσθαι
1657 656 1819 722 μόνον
1851 656 1983 724 παρ’

418 746 703 814 ἑκατέρων
732 746 1047 801 συνέϐαινεν
1080 750 1236 817 ἡμῖν,
1285 748 1421 801 ἀλλὰ
1468 748 1563 800 καὶ
1591 748 1682 801 τὸν
1726 749 1855 816 ἄχρι
1890 747 1984 800 νῦν

418 836 609 904 χρόνον
652 835 1014 892 εύκλεέστατα
1063 838 1406 908 βεϐιωκέναι.
1468 841 1701 893 Ἀτοπον
1750 835 1863 899 οὖν,
1892 839 1985 890 τὸν

421 922 522 991 μὲν
567 924 672 992 πρὸ
722 923 819 976 τοῦ
869 927 1064 993 χρόνον
1108 924 1347 985 ἅπαντα.
1405 927 1675 996 μηδέποτε
1710 928 1986 998 μηδεμίαν

418 1012 635 1078 ἀδοξίας
693 1015 968 1086 πρόφασιν
1011 1020 1423 1088 παρεσχηκέναι
1460 1019 1707 1088 ἐμαυτῷ,
1768 1022 1886 1071 νυνὶ
1928 1020 1985 1072 δὲ

418 1105 601 1158 ἑκοντὶ
653 1104 922 1176 λοιδορίας
961 1107 1083 1172 ἀξια
1114 1111 1210 1161 καὶ
1274 1110 1534 1179 μέμψεως
1571 1112 1743 1163 ποιεῖν
1773 1126 1786 1142 ο
1817 1111 1883 1163 ἀν
1921 1126 1983 1162 τε

419 1194 529 1264 γὰρ
571 1196 845 1265 ἀγνοήσας
888 1197 1017 1249 οῖων
1052 1198 1238 1252 κακῶν
1270 1199 1337 1252 τὰ
1367 1201 1679 1270 πράγματα
1718 1202 1981 1271 χωρήσει,

419 1286 642 1356 ἐμαυτῷ
692 1287 793 1357 μὲν
848 1284 1088 1354 ἀδοξίας,
1154 1291 1266 1353 τοῖς
1324 1293 1531 1354 λοιποῖς
1587 1291 1645 1343 δὲ
1688 1291 1985 1361 Ῥωμαίοις

422 1376 631 1446 φθορᾶς
684 1378 778 1430 καὶ
831 1379 1098 1434 κινδύνων
1154 1381 1325 1444 αἴτιος
1378 1382 1655 1446 καταστῶ,
1725 1383 1985 1451 οὐδεμίαν

421 1466 811 1534 παραιτεῖσθαι
832 1467 1041 1531 δίκαιος
1069 1471 1401 1539 συγγνώμην
1424 1471 1585 1532 αὐτὸς
1609 1470 1737 1542 παρ’
1763 1471 1987 1541 ἐμαυτῷ

420 1560 606 1627 κριτῇ.
638 1560 738 1612 Ἀν
798 1577 857 1613 τε
894 1562 989 1614 καὶ
1022 1563 1263 1633 συνορῶν
1323 1563 1535 1635 (ῶσπερ
1580 1564 1683 1635 ήδη
1738 1566 1832 1618 καὶ
1862 1566 1985 1617 ἐπί-

422 1665 624 1713 σταμαι
656 1650 887 1722 σαφῶς),
939 1652 1131 1710 ἔπειτα
1160 1657 1717 1727 καταμαλακιζοίμην
1746 1658 1857 1710 δέει
1886 1656 1981 1710 τοῦ

424 1738 499 1808 μὴ
528 1738 706 1792 δοκεῖν
732 1741 792 1793 ὲν
845 1746 1076 1811 καιροῖς,
1108 1744 1201 1796 ἐπὶ
1242 1745 1508 1810 κινδύνοις
1536 1748 1638 1815 τὴν
1678 1748 1853 1817 ἀρχὴν
1889 1765 1984 1816 με-

2086 567 2233 617 enim
2258 564 2476 618 nescius
2498 580 2603 634 quo
2628 565 2971 618 miseriarum
3000 579 3085 619 res
3101 565 3357 626 evadent.
3379 565 3511 619 mihi
3536 566 3660 634 qui-

2085 650 2209 704 dem
2234 651 2609 720 ignominiam,
2649 652 2861 706 cactcris
2898 661 3080 705 autem
3123 652 3384 707 Romanis
3414 654 3654 722 pericvla

2084 742 2427 810 exitiumque
2469 757 2725 795 creavere
2751 780 2767 804 ,
2818 743 3019 795 nullam
3070 743 3157 797 vel
3204 758 3291 797 me
3322 743 3443 812 ipso
3471 744 3656 814 judice

2084 832 2335 896 veniam;
2364 834 2478 887 sive
2500 834 2667 886 etiam
2698 832 3142 887 animadvertens
3167 834 3651 904 (quemadmodum

2076 925 2187 995 jam
2234 924 2443 995 liquido
2493 925 2651 994 scio),
2697 936 2877 979 tamen
2907 926 3258 980 emollescam
3297 928 3537 992 timore,
3588 943 3655 982 ne

2082 1016 2295 1070 scilicet
2341 1017 2522 1070 dubiis
2570 1032 2633 1071 ac
2674 1016 3045 1071 formidolosis
3096 1017 3435 1086 temporibus
3485 1018 3657 1087 impe-
3718 1033 3725 1040 '

2084 1112 2226 1163 rium
2260 1107 2446 1163 videar
2481 1108 2782 1169 dimittere,
2810 1117 3005 1177 praeter
3037 1110 3497 1178 vituperationem
3531 1126 3657 1166 cru-

2084 1198 2422 1253 delissimum
2451 1214 2670 1269 quoque
2698 1200 3029 1268 supplicium
3057 1200 3439 1256 eommerebor
3465 1217 3479 1254 :
3507 1200 3656 1271 quod

2083 1306 2397 1360 quanquam
2446 1290 2765 1361 praescicns,
2791 1292 3154 1348 sustinuerim
3184 1293 3373 1347 volens
3401 1295 3651 1364 ignavus,

2083 1391 2140 1437 et
2186 1396 2364 1452 neque
2407 1381 2788 1447 occasionum,
2837 1397 3020 1452 neque
3047 1398 3232 1438 rerum
3257 1384 3399 1439 bene
3426 1384 3658 1438 utenda-

2087 1489 2207 1528 rum
2245 1474 2456 1544 peritus
2496 1474 2688 1529 videri.
2722 1474 2895 1540 Quam
2926 1475 2997 1530 ob
3022 1489 3242 1530 causam
3273 1482 3329 1529 et
3375 1474 3652 1530 discrimi-

2085 1565 2270 1629 nibus,
2323 1575 2379 1620 et
2431 1565 2667 1620 infamize
2710 1581 2797 1620 me
2849 1565 3067 1620 decrevi
3114 1566 3459 1630 subducere;
3508 1567 3653 1621 unde

2076 1650 2188 1709 nec
2239 1654 2304 1708 ad
2348 1655 2775 1724 imperatricem,
2829 1671 2933 1710 nec
2973 1656 3041 1710 ad
3075 1656 3422 1725 imperatoris
3451 1657 3656 1712 liberos

2085 1746 2289 1815 aliquid
2345 1746 2703 1803 emolumenti
2745 1746 3117 1812 redundabit;
3166 1757 3314 1803 esset
3360 1748 3505 1803 enim
3551 1750 3655 1803 hoc

419 1829 651 1893 θίεσθαι,
677 1831 737 1883 οὐ
774 1831 1041 1904 λοιδορίας
1086 1834 1237 1899 ἄξιος
1266 1836 1451 1905 μόνον,
1506 1837 1641 1890 ἀλλά
1684 1840 1778 1890 καὶ
1823 1838 1981 1909 δίκης

2085 1851 2191 1888 non
2236 1837 2491 1904 exiguum
2539 1836 2815 1890 solatium.
2858 1837 2937 1891 Ne
2965 1846 3149 1891 autem
3184 1838 3402 1893 labores
3430 1850 3654 1909 propter

418 1917 518 1985 τῆς
568 1919 825 1989 ἐσχάτης,
860 1921 942 1973 ὅτι
982 1923 1076 1975 καί
1110 1940 1190 1977 τοι
1220 1923 1508 1991 προειδὼς,
1542 1925 1811 1994 ὑπέμεινα
1835 1925 1979 1980 ἑκὼν

419 2004 561 2063 εἶναι
591 2009 760 2074 κακὸς
795 2010 1048 2081 ὀφθῆναι,
1105 2014 1199 2065 καῖ⁵
1237 2015 1376 2083 μήτε
1407 2017 1643 2084 καιροῖς,
1679 2017 1815 2084 μήτε
1840 2019 1981 2087 πρά-

418 2115 625 2169 γμασιν
662 2101 734 2165 ῶς
760 2103 879 2155 δέον
906 2103 1216 2173 χρήσασθαι
1258 2105 1437 2166 εἰδώς.
1467 2100 1541 2158 Οὗ
1588 2107 1645 2159 δὲ
1674 2107 1839 2160 ἕνεκα
1870 2090 2007 2161 κινί

418 2191 593 2245 δύνων
620 2209 679 2245 τε
727 2194 822 2247 καὶ
848 2194 1063 2259 ἀδοξίας
1104 2194 1277 2264 ἔγνων
1313 2196 1679 2250 ἀπαλλάττειν
1718 2198 1977 2266 ἐμαυτόν.

417 2281 529 2336 Καί
557 2299 638 2335 τοι
662 2300 725 2351 γε
753 2283 874 2337 οὐδὲ
920 2284 1154 2354 βασιλίδι
1181 2303 1239 2339 τε
1281 2287 1375 2339 καὶ
1403 2289 1517 2351 τοῖς
1566 2289 1832 2357 βασιλέως
1859 2308 1981 2342 παι-

421 2373 506 2427 σὶν
536 2375 600 2428 ἐκ
631 2375 729 2445 τῆς
762 2377 976 2442 ἀδοξίας
1005 2381 1232 2449 ταυτησὶ
1265 2381 1362 2435 καὶ
1398 2381 1506 2433 τῶν
1553 2380 1814 2435 κινδύνων
1839 2382 1983 2451 ὠφέ-

418 2468 568 2523 λειάν
594 2485 715 2523 τινα
739 2469 916 2534 ἔξεστι
942 2472 1209 2542 πορίζειν.
1244 2469 1351 2525 Ἦν
1380 2476 1488 2545 γὰρ
1521 2475 1586 2527 ἃν
1610 2473 1771 2528 τοῦτο
1801 2493 1982 2543 παρα-

421 2559 613 2628 μύθιον
650 2567 711 2614 οὐ
749 2562 975 2630 φαῦλον,
1010 2563 1087 2627 ὡς
1146 2566 1211 2617 ἂν
1257 2565 1314 2618 δὲ
1359 2566 1436 2636 μὴ
1480 2565 1623 2618 δοκῶ
1662 2566 1793 2628 τοὺς
1840 2566 1981 2637 ὑπὲρ

420 2646 532 2699 τῶν
559 2647 824 2716 βασιλέως
861 2650 1069 2703 παίδων
1126 2649 1321 2714 πόνους
1352 2652 1445 2703 καὶ
1480 2652 1758 2715 κινδύνους
1791 2654 1982 2707 ἀποδι-

421 2737 699 2808 δράσκειν,
740 2740 833 2793 νῦν
879 2740 978 2808 μὲν
1005 2743 1062 2796 ἐν
1100 2743 1200 2811 τῆς
1233 2743 1456 2813 εἰρήνης
1482 2747 1592 2806 τοῖς
1626 2747 1862 2813 καιροῖς,
1894 2746 1983 2798 ὅτε

426 2831 563 2898 μήτε
596 2832 832 2900 πόλεμος
859 2832 1055 2895 οὐδεὶς,
1093 2835 1232 2902 μήτε
1263 2835 1448 2888 κακῶν
1478 2834 1777 2905 προσδοκία
1818 2836 1984 2906 μηδε-

426 2921 560 2990 μία,
598 2922 946 2992 πατριάρχης
980 2940 1037 2976 τε
1092 2927 1185 2976 καὶ
1222 2923 1527 2994 σύγκλητος
1572 2925 1688 2993 ἅμα
1751 2926 1984 2996 βασιλίδι

427 3014 718 3068 ίθυνόντων
744 3015 841 3086 τήν
877 3015 1069 3085 ἀρχὴν,
1099 3018 1194 3070 καὶ
1250 3018 1318 3069 τὰ
1345 3020 1409 3068 ὲκ
1452 3017 1654 3088 ταύτης
1678 3018 1857 3085 ἀγαθά
1893 3019 1986 3073 καὶ

422 3105 523 3170 τὰς
563 3107 730 3176 τιμὰς
755 3106 1139 3185 καρπούσθων.
1192 3108 1319 3161 Ἐὰν
1352 3107 1408 3161 δέ
1444 3124 1574 3162 ποτε
1621 3107 1866 3181 συμδαίῃ
1899 3112 1987 3163 πό⁹

423 3197 480 3250 λε
490 3197 588 3267 μόν
612 3214 735 3251 τινα
758 3198 1064 3269 ἀναφυῆναι
1092 3198 1334 3252 κίνδυνον
1365 3198 1692 3254 ἀπειλοῦντα
1715 3200 1984 3269 βασιλέως

423 3292 537 3354 τοῖς
581 3290 761 3357 παισὶ,
818 3290 928 3344 τότ’
962 3291 1124 3355 αὐτὸς
1151 3291 1251 3362 ήδη
1310 3289 1609 3362 προθύμως
1641 3295 1755 3355 τοῖς
1799 3293 1982 3346 κινδύ-

425 3397 540 3443 νοις
592 3380 892 3452 ὲμπαρέξω
954 3382 1210 3451 ἐμαυτὸν,
1266 3384 1363 3435 καὶ
1418 3383 1452 3452 ἢ
1494 3383 1847 3438 συνδιασώσω
1887 3386 1986 3456 τὴν

425 3472 600 3543 ἀρχὴν
630 3473 834 3538 αὐτοῖς,
869 3473 902 3544 ἢ
938 3472 1078 3541 ὑπὲρ
1112 3473 1291 3527 αὐτῶν
1332 3460 1636 3544 μαχόμενος
1666 3479 1981 3545 πεσοῠμαι;

426 3564 504 3625 ῶς
537 3563 605 3616 ἂν
641 3565 763 3633 ἐμοὶ
791 3564 891 3633 μὲν
920 3564 970 3617 οῖ
999 3564 1155 3616 πόνοι
1178 3563 1273 3617 καὶ
1301 3564 1360 3617 τὸ
1391 3564 1744 3632 κινδυνεύειν,
1774 3568 1904 3637 ὑμῖν
1929 3566 1986 3619 δὲ

314 3712 337 3730 ,
423 3655 488 3709 τὸ
523 3656 793 3725 ὲντρυφᾷν
815 3656 929 3719 τοῖς
960 3655 1275 3724 πράγμασι,
1306 3654 1401 3707 καὶ
1449 3654 1623 3707 αὐτῶν
1642 3658 1988 3710 καταπολαύ-

423 3763 508 3799 ειν
536 3745 764 3816 μηδενὸς
788 3744 1243 3814 παρενοχλοῦντος
1283 3745 1634 3815 περιγίνοιτο.
1680 3748 1987 3818 Κεφάλαιον

421 3838 482 3892 δὲ
535 3838 644 3892 τῶν
706 3837 877 3905 λόγων
937 3837 1047 3894 τῶν
1123 3837 1293 3906 ἐμῶν,
1355 3836 1431 3901 ὡς
1506 3841 1651 3893 ἐστιν
1708 3843 1858 3896 οὐδὲν
1926 3846 1987 3898 τὸ

425 3931 633 3993 πεῖσον,
683 3928 869 3997 ὥσπερ
930 3928 1023 3980 καὶ
1070 3931 1354 3996 πρότερον,
1409 3929 1627 3998 ἔχεσθαι
1668 3931 1776 3984 τῶν
1837 3951 1983 4003 πρα-

425 4022 654 4089 γμάτων
696 4018 794 4085 τῆς
840 4019 1046 4088 ἀρχῆς·
1075 4018 1150 4078 ὡς
1208 4018 1274 4071 ἂν
1317 4018 1373 4070 δὲ
1412 4020 1507 4071 καὶ
1563 4018 1745 4089 ἔργοις
1782 4023 1810 4076 ὃ
1839 4025 1983 4093 λέγω

425 4110 730 4183 κατάδηλον
763 4113 995 4181 ποιήσω,
1026 4111 1122 4178 τῆς
1177 4110 1442 4176 συνήθους
1492 4111 1761 4182 καθέδρας
1790 4115 1986 4179 ἐξανα-

424 4208 582 4268 στὰς,
635 4204 720 4272 ἐφ’
760 4204 950 4271 ἑτέραν
983 4202 1338 4271 καθεδοῦμαι,
1396 4201 1463 4253 ἵν’
1495 4202 1662 4271 εἰδείη
1689 4220 1747 4255 τε
1777 4204 1986 4273 βασιλίς

424 4314 482 4349 τε
516 4298 608 4349 καὶ
638 4297 821 4366 ὑμεῖς,
853 4294 925 4356 ὡς
956 4293 1106 4346 οὐδὲν
1140 4294 1238 4362 ἤδη
1285 4291 1347 4344 τὸ
1379 4291 1588 4345 κωλῦον
1643 4292 1833 4363 ἔτερόν
1862 4312 1986 4349 τινα

423 4390 483 4443 ὃν
512 4388 576 4443 ἂν
609 4386 871 4457 βούλησθε
899 4385 1054 4436 αὐτοὶ
1079 4385 1189 4443 tot;
1222 4381 1546 4452 πράγμασιν
1595 4384 1821 4454 ὲφιστᾷν
1850 4401 1864 4415 ο
1894 4386 1985 4439 οὗ-

2087 1926 2228 1980 lilios
2287 1928 2635 1997 imperatoris
2683 1928 3053 1996 capessendos
3102 1929 3276 1984 vitare
3327 1930 3650 2007 existimer,

2084 2032 2233 2071 nunc
2273 2017 2494 2085 quidem
2552 2018 2605 2087 in
2639 2018 2743 2072 ista
2794 2035 2964 2088 pace,
3012 2034 3136 2075 cum
3185 2036 3288 2075 nec
3338 2021 3541 2076 bellum
3572 2031 3656 2076 est

2084 2108 2255 2162 Illum
2285 2148 2298 2171 ,
2351 2124 2453 2164 nec
2502 2108 2769 2163 malorum
2810 2096 3176 2180 exspectatio,
3217 2114 3558 2182 patriarcha,
3598 2126 3656 2170 et

2082 2201 2373 2255 concilium
2416 2217 2522 2254 una
2567 2216 2690 2254 cum
2734 2202 3089 2271 imperatrice
3116 2204 3407 2273 imperium
3438 2216 3650 2275 regant,

2081 2294 2310 2361 ejusque
2354 2292 2521 2345 bonis
2566 2299 2622 2346 et
2668 2293 2973 2349 honoribus
3036 2295 3410 2364 perfruantur.
3447 2296 3653 2362 Quodsi

2082 2379 2377 2449 aliquando
2424 2394 2576 2434 arma
2607 2380 2960 2449 imperatoris
2990 2381 3180 2437 liberis
3214 2382 3518 2451 periculum
3550 2384 3654 2437 de-

2082 2472 2393 2526 nuntiantia
2436 2471 2840 2536 movebuntur,
2878 2488 3099 2528 rursum
3147 2473 3378 2544 impigre
3407 2475 3649 2530 hostium

2084 2564 2207 2618 telis
2261 2578 2346 2617 me
2374 2562 2698 2633 .objcctabo,
2730 2573 2788 2618 et
2822 2573 2917 2618 aut
2949 2565 3243 2635 imperium
3285 2566 3392 2620 illis
3422 2570 3651 2622 servabo

2084 2655 2396 2717 incolume,
2447 2662 2542 2708 aut
2589 2668 2780 2709 eorum
2832 2671 2994 2710 causa
3050 2655 3104 2710 in
3139 2656 3321 2711 medio
3350 2660 3652 2714 certamine

2082 2746 2405 2800 occumbam
2432 2760 2447 2799 :
2481 2752 2541 2797 ut
2570 2759 2669 2815 ego
2707 2745 2930 2815 quidem
2960 2746 3175 2801 labores
3208 2747 3437 2803 habeam
3470 2758 3526 2804 et
3555 2765 3651 2820 pe-

2086 2838 2278 2903 ricula,
2324 2851 2420 2891 vos
2468 2844 2651 2889 autem
2691 2836 2947 2891 omnibus
2976 2824 3165 2908 'copiis
3203 2838 3504 2906 afﬂuentes,
3551 2842 3651 2896 de-

2085 2928 2228 2983 liciis
2272 2937 2329 2983 et
2383 2928 2600 2998 gaudiis
2655 2928 2860 2994 dediti,
2909 2929 3075 2983 vitam
3125 2931 3275 2985 nullo
3317 2931 3651 3000 impediente

2088 3020 2415 3090 transigatis.
2444 3019 2620 3090 Caput
2645 3019 2883 3089 denique
2909 3028 2965 3074 et
2989 3036 3202 3075 summa
3228 3022 3490 3076 orationis
3517 3039 3651 3078 mea:

2086 3120 2189 3175 est,
2220 3127 2279 3166 re
2306 3098 2455 3165 nulla
2483 3127 2567 3165 me
2591 3111 2885 3165 adductqu
2915 3111 3002 3175 iri,
3031 3122 3091 3165 ut
3116 3114 3393 3181 quomodo
3417 3116 3650 3170 antehac

2090 3200 2379 3270 imperium
2423 3200 2799 3255 administrcm
2832 3219 2845 3255 :
2873 3200 3039 3274 359
3070 3213 3125 3261 et
3160 3223 3272 3276 quo
3311 3190 3451 3263 facto
3484 3208 3646 3266 simul

2087 3289 2233 3358 quod
2284 3289 2408 3343 dico
2451 3289 2826 3358 comprobem,
2865 3305 2896 3342 e
2940 3296 3073 3349 sella
3116 3307 3376 3352 consueta
3418 3316 3648 3368 surgens

2088 3380 2219 3433 alibi
2257 3380 2489 3441 sedebo,
2544 3387 2603 3449 ut
2651 3379 2924 3449 Augusta,
2972 3394 3028 3439 et
3069 3382 3168 3440 vos
3222 3388 3365 3443 scire
3412 3396 3647 3459 queatis,

2087 3470 2224 3523 nihil
2254 3470 2363 3540 jam
2416 3469 2633 3523 obstare
2657 3511 2671 3537 ,
2732 3477 3029 3541 quominus
3075 3478 3241 3531 alium
3279 3483 3588 3553 quempiam
3617 3500 3649 3539 e

2088 3568 2270 3613 vestra
2299 3561 2571 3617 sententia
2598 3567 2763 3618 tantis
2789 3567 2948 3619 rebus
2974 3567 3306 3635 praeﬁciatis.
3332 3570 3455 3626 Hmc
3481 3573 3644 3640 fatus,

2089 3653 2142 3707 in
2196 3652 2363 3707 alium
2407 3653 2611 3717 locum,
2645 3664 2900 3725 tanquam
2939 3656 3055 3724 ipso
3095 3673 3260 3727 opere
3290 3663 3447 3716 alteri
3481 3663 3650 3733 impe-

2088 3745 2229 3798 rium
2283 3744 2486 3799 cedens
2533 3748 2823 3799 concessit.
2865 3746 2934 3800 At
2984 3749 3131 3801 enim
3174 3752 3485 3818 patriarcha
3533 3754 3649 3810 ha-c

2086 3837 2279 3889 videns
2325 3844 2383 3889 et
2418 3834 2648 3889 audiens
2683 3853 2695 3889 :
2725 3834 2903 3890 Durus
2932 3848 3036 3899 est,
3071 3839 3271 3907 inquit,
3314 3841 3403 3895 hic
3440 3857 3644 3909 sermo,

2085 3935 2140 3978 et
2181 3910 2286 3992 qui'
2317 3924 2557 3977 animum
2602 3925 2964 3993 impcratricis
3002 3928 3321 3995 gravissime
3351 3930 3646 3986 vulnerare

2085 4016 2275 4083 possit.
2303 4014 2439 4067 Vera
2472 4013 2736 4082 loqueris,
2768 4014 2845 4066 ait
2870 4013 3204 4070 domesticus
3228 4035 3242 4082 ;
3274 4027 3331 4072 et
3353 4033 3485 4073 sane
3510 4022 3646 4075 nihil

2085 4104 2296 4174 borum_
2337 4116 2514 4170 neque
2561 4101 2670 4155 dici
2723 4103 3031 4171 oportebat,
3081 4120 3262 4175 neque
3312 4107 3455 4161 ﬁeri.
3494 4108 3647 4166 Nunc

2085 4201 2265 4246 autem
2308 4205 2375 4245 eo
2418 4191 2764 4245 necessitatis
2810 4193 3127 4261 compellor,
3180 4206 3239 4250 ut
3263 4199 3511 4266 quamvis
3537 4215 3650 4268 prae
3713 4180 3723 4188 ’

2085 4282 2341 4337 omnibus
2385 4281 2636 4346 maxime,
2688 4298 3026 4354 quaecunque
3085 4286 3151 4340 ad
3192 4290 3646 4358 consolatiom-m,

2086 4387 2488 4443 maeror-umque
2538 4372 2862 4427 levationem
2909 4375 3189 4443 pertinent
3235 4378 3348 4446 (qui
3395 4394 3456 4433 ex
3493 4380 3646 4435 obitu

422 4497 533 4543 τως
572 4478 763 4544 ειπὼν,
798 4477 884 4546 ἐφ’
908 4476 1093 4544 ἕτερον
1141 4472 1342 4543 μετέὸη
1394 4474 1579 4536 τόπον,
1611 4468 1799 4543 ὧσπερ
1831 4476 1976 4546 ἔργῳ

2086 4464 2431 4532 imperatoris
2476 4463 2628 4517 multi
2673 4464 2740 4516 ad
2787 4467 3189 4534 imperatricem
3220 4467 3648 4552 conﬂuxerunt).

426 4569 775 4641 παραχωρῶν
814 4571 987 4638 ἑτέρῳ
1022 4568 1119 4635 τῆς
1165 4565 1357 4634 ἀρχῆς·
1420 4565 1480 4615 Ὀ
1542 4565 1893 4636 πατριάρχης
1923 4567 1980 4620 δὲ

423 4668 652 4719 τοιαῦτα
685 4662 825 4732 ὁρῶν
853 4677 912 4713 τε
941 4658 1032 4712 καὶ
1065 4654 1299 4718 ἀκούων,
1318 4654 1559 4725 Σκληρός
1582 4658 1728 4708 ἐστιν
1758 4657 1982 4725 ὁλόγος,

425 4754 569 4820 εἷπε,
596 4756 692 4809 καὶ
741 4754 977 4823 μάλιστα
1018 4748 1317 4809 δυνάμενος
1343 4746 1442 4815 τῆς
1490 4745 1668 4815 ψυχῆς
1690 4751 1811 4812 ετῆς
1841 4747 1987 4815 βασι.

423 4849 567 4910 λίδος
584 4842 926 4901 καθικέσθαι.
944 4841 1002 4894 '0
1014 4841 1081 4902 δ’,
1100 4835 1298 4906 Ἀληθῆ
1319 4835 1520 4903 λέγεις,
1543 4836 1668 4905 ἔφη,
1682 4838 1777 4890 καὶ
1801 4837 1906 4891 ἔδει
1924 4856 1988 4907 γε

429 4939 596 5010 μηδὲν
647 4934 887 4989 τοιοῦτον
940 4932 1078 5001 μήτε
1137 4925 1412 4998 εἰρῆσθαι,
1468 4927 1604 4995 μήτε
1638 4922 1801 4990 εῐναι,
1869 4930 1989 4983 νυνὶ

424 5028 480 5081 δὲ
517 5027 596 5087 είς
646 5021 903 5077 τοσοῦτον
967 5016 1214 5085 ἀνάγκης
1263 5011 1595 5083 συνηλάθην,
1627 5012 1766 5065 ὥστε
1806 5014 1986 5069 καίτοι

425 5118 535 5172 τῶν
581 5116 757 5171 ἄλλων
809 5111 1043 5179 μάλιστα
1072 5107 1327 5160 ἀπάντων
1360 5103 1460 5156 ὅσα
1507 5104 1588 5165 είς
1632 5105 1988 5173 παραμυθίαν

430 5209 638 5264 πολλῶν
660 5208 845 5261 ἄνεσιν
877 5198 1121 5271 ἀνιαρῶν
1156 5198 1277 5267 (ὅσα
1329 5195 1564 5266 βασιλίδι
1600 5194 1665 5248 ἐκ
1698 5196 1796 5264 τῆς
1832 5196 1987 5265 βασι.-

427 5301 564 5359 λέως
629 5293 992 5366 προσεγένετο
1043 5285 1322 5354 τελευτῆς)
1372 5282 1638 5358 ,λέγεσθαι
1667 5282 1988 5353 βουλόμενος

429 5385 513 5439 ἐπ’
546 5383 717 5452 αὐτῆς
742 5377 1113 5434 ἐναντιώτατα
1142 5375 1401 5446 πράττειν
1428 5371 1653 5443 ἐμαυτῷ
1694 5372 1840 5425 δυοῖν
1872 5373 1989 5427 ἓνε-

421 5493 521 5530 κα.
551 5477 620 5527 Ἦ
651 5473 757 5543 γὰρ
785 5471 1096 5540 ἀπρακτεῖν
1120 5466 1397 5523 παντελῶς
1421 5463 1659 5531 ἀνάγκη,
1690 5462 1725 5532 ἢ
1765 5463 1987 5530 φαύλως

428 5566 523 5617 καὶ
558 5564 656 5632 οὐχ
756 5561 1052 5631 προσῆκεν,
1082 5558 1300 5629 ἄρχειν.
1328 5553 1455 5607 Ehe
1505 5550 1687 5604 τοίνυν
1720 5553 1990 5620 πράττον-

428 5670 520 5717 τος
548 5654 738 5723 μηδὲν,
777 5652 872 5705 καὶ
901 5651 929 5702 ὁ
986 5647 1199 5719 βασιλὶς
1230 5642 1563 5714 ἐφησυχάζοι
1613 5641 1689 5702 ὡς
1716 5641 1843 5710 χθὲς
1889 5645 1987 5695 καὶ

430 5743 622 5813 πρώην
667 5744 767 5812 τὴν
804 5741 975 5811 ἀρχὴν
1017 5739 1234 5809 οἰομένη
1286 5732 1609 5789 διοικεῖσθαι
1665 5730 1795 5803 παρ’
1824 5734 1983 5802 ἐμοῦ,

2086 4554 2227 4624 apud
2280 4554 2426 4607 illam
2455 4552 2638 4607 dicere
2662 4555 2846 4619 Velim;
2879 4555 3073 4609 iaciam
3107 4567 3309 4618 tamen,
3342 4575 3461 4626 qua:
3495 4563 3643 4614 sola-

2088 4647 2163 4699 tio
2211 4643 2357 4697 illius
2401 4637 2698 4710 plurimum
2741 4654 3087 4713 repugnant;
3129 4644 3294 4714 idque
3333 4645 3549 4699 duabus
3582 4648 3649 4701 de

2085 4734 2285 4796 causis,
2331 4733 2417 4787 vel
2443 4733 2589 4802 {quia
2618 4734 2841 4788 omnino
2871 4735 3217 4797 cessandum,
3247 4736 3328 4790 vel
3354 4737 3481 4805 quia
3509 4739 3649 4792 male

2086 4836 2142 4882 et
2180 4833 2372 4880 contra
2423 4839 2589 4894 quam
2648 4825 2729 4880 fas
2776 4825 2929 4889 sinit,
2975 4826 3358 4896 imperandum
3397 4838 3500 4883 est.
3537 4828 3645 4885 Scu

2088 4916 2254 4987 igitur
2302 4931 2390 4971 me
2447 4915 2703 4980 leriante,
2752 4917 2919 4971 etiam
2975 4916 3295 4988 imperatrix
3348 4922 3647 4984 vacaverit,

2088 5006 2321 5061 credens
2366 5017 2427 5061 ut
2472 5009 2809 5077 nuperrime,
2845 5024 2874 5061 a
2902 5023 2989 5061 me
3014 5010 3303 5079 imperium
3337 5015 3649 5082 temperari,

2089 5099 2273 5152 omnia
2303 5113 2518 5168 pessum
2559 5099 2641 5153 ire
2683 5098 3001 5167 oportebit;
3054 5116 3151 5154 seu
3199 5102 3570 5157 somniculose
3596 5115 3651 5160 ct

2089 5202 2250 5243 secus
2279 5204 2442 5258 quam
2467 5190 2724 5243 convenit
2749 5192 3106 5259 gubernante,
3129 5190 3319 5245 eadem
3345 5202 3429 5246 est
3457 5210 3651 5263 exspe-

2089 5280 2284 5335 ctanda
2330 5279 2610 5333 calamitas
2638 5294 2652 5341 ;
2688 5290 2746 5333 et
2784 5295 2884 5349 ego
2921 5280 3148 5352 insuper
3173 5296 3281 5334 non
3304 5283 3426 5336 aliis
3449 5286 3649 5344 solum,

2088 5384 2276 5425 verum
2306 5372 2469 5423 etiam
2494 5368 2745 5422 mihimet
2779 5368 3149 5438 improbitatis
3171 5386 3358 5440 poenas
3380 5372 3522 5425 dabo
3547 5390 3560 5437 ;
3594 5383 3655 5427 ut

2089 5461 2344 5528 utrinque
2395 5458 2594 5513 referat
2648 5459 2763 5513 ham
2825 5460 3232 5527 imperatricem
3278 5479 3608 5533 cognoscere
3626 5472 3647 5530 ',

2088 5550 2298 5604 etiamsi
2361 5548 2489 5603 inde
2550 5562 2690 5617 aegra
2744 5549 2912 5604 animi
2946 5550 3157 5627 lutura
3208 5555 3319 5613 sit:
3378 5554 3650 5623 siquidem

2089 5649 2324 5710 pra:stat,
2374 5651 2434 5696 ut
2469 5648 2732 5711 percepto
2777 5656 2959 5695 rerum
3022 5650 3167 5697 statu
3214 5655 3390 5700 tecum
3430 5656 3487 5702 et
3524 5665 3650 5704 cum

2090 5732 2208 5786 aliis
2268 5747 2363 5801 pro
2433 5746 2501 5786 eo
2573 5746 2635 5786 ac
2702 5731 2864 5788 debet
2921 5732 2988 5787 de
3057 5735 3287 5807 imperio
3344 5742 3639 5809 consultet,
