4122 6296
180 386 206 394 “
296 372 443 440 ’729

1534 381 2069 442 tttsrozmntnt
2119 367 2343 445 Lte'aa
2395 387 2499 446 ill.

3489 384 3594 447 77.30

1689 516 1849 586 363
1890 515 2113 573 CAPUT
2160 521 2225 574 v.

332 630 655 701 Responsum
685 629 863 701 magni
899 626 1173 701 domestici
1201 637 1460 701 pra'sente
1487 630 1822 701 patriarcha,
1861 628 2373 701 adjmperatricem.
2406 632 2515 686 Jlos
2553 634 2806 687 bonorum
2853 647 3085 686 virorum
3119 633 3170 685 in
3197 631 3564 701 puriﬁcatione

410 700 641 766 Exponit
667 696 982 770 quidnejus
1032 696 1241 751 neruiue
1278 699 1604 770 patriarcha
1640 697 1737 770 sibi
1771 696 1983 770 dixerit,
2035 696 2092 752 ut
2147 718 2274 754 num
2314 718 2439 755 vera
2484 704 2591 756 sint
2644 702 2927 770 intelligat.
2994 696 3206 754 Deinde
3248 702 3593 761 suspicioumu

405 765 634 839 affectati
659 765 867 838 imperii
890 765 921 820 α
944 782 1011 839 se
1030 765 1285 831 removet;
1314 769 1474 820 etiam
1500 767 1664 839 divini
1693 765 1885 839 judicii
1914 775 2065 839 Δηιιοιιι
2100 771 2347 831 adducto,
2375 780 2426 824 et
2471 790 2503 826 a
2557 765 3033 826 calumniatoribus
3062 770 3354 826 cavendum
3391 784 3590 825 monet.

403 836 763 894 conditionem
794 838 1059 906 preponit,
1086 852 1189 907 qua
1218 845 1451 900 servata,
1484 836 1553 890 ad
1579 836 1860 906 imperium
1889 836 2099 890 demum
2135 841 2417 909 regendum
2445 858 2501 895 se
2531 844 2766 895 revocari
2808 841 3062 912 patietur.

408 953 647 1007 Τοιαῦτα
699 954 799 1023 μὲν
852 954 1186 1023 ἀπεκρίνατο
1218 956 1251 1025 ἡ
1298 953 1510 1024 βασιλὶς
1543 955 1601 1020 ἐξ
1640 953 1785 1022 ἄγαν
1812 951 1907 1006 ἁλ-

2084 952 2197 1010 Hoc
2244 971 2569 1023 responsum
2626 972 2657 1010 e
2705 955 2936 1010 nimium
2984 954 3226 1019 dolente,
3275 964 3332 1009 et
3386 953 3591 1008 aﬂlicto

333 1046 540 1117 γούσης
569 1048 664 1100 καὶ
693 1047 1042 1116 όδυνωμένης
1081 1046 1278 1116 ψυχῆς.
1323 1046 1380 1099 '0
1416 1047 1588 1115 μέγας
1638 1045 1695 1098 δὲ
1752 1044 1912 1113 δομέ-

337 1154 522 1201 στικος
555 1136 743 1206 ὥσπερ
797 1136 1159 1206 ἐλεγχόμενος
1208 1134 1369 1198 αὐτὸς
1421 1135 1512 1200 ὑφ’
1560 1132 1783 1198 ἑαυτοῦ,
1833 1133 1908 1194 ώς

336 1227 525 1280 δίκαιὰ
582 1241 642 1279 τε
689 1225 825 1294 ὁμοῦ
889 1226 985 1277 καὶ
1036 1219 1398 1294 προσήκοντα
1424 1221 1776 1292 ἐφθέγξατο,
1813 1223 1911 1276 καὶ

342 1318 511 1388 μηδὲν
541 1318 846 1384 ἀντιλέγειν
867 1316 1006 1386 ἔχων
1024 1316 1160 1386 πρὸς
1191 1315 1366 1379 οὕτως
1399 1312 1671 1377 ἀπόδειξιν
1704 1309 1909 1381 ὲναργῆ

338 1411 438 1477 τῆς
497 1408 805 1478 ἀληθείας,
853 1408 992 1477 πρὸς
1047 1405 1395 1477 πατριάρχην
1452 1405 1551 1474 μὲν
1611 1400 1915 1471 ἐφθέγξατο

340 1502 514 1556 οὐδέν.
552 1499 893 1571 Παραλαϐὼν
938 1501 995 1553 δὲ
1051 1499 1237 1562 αὑτὸν,
1270 1498 1495 1551 εῐσεισιν
1526 1496 1605 1558 είς
1647 1493 1914 1565 βασιλίδαο

340 1597 375 1665 ἡ
405 1595 503 1663 μὲν
532 1589 627 1648 οὖν
654 1593 815 1655 εὐθὺς
839 1593 915 1654 ὡς
944 1588 1074 1657 εῐδε,
1110 1590 1260 1663 λύπῃ
1285 1589 1516 1658 κάτοχος
1544 1585 1913 1656 γεγενημένη,

341 1686 577 1756 δάκρυσι
627 1685 1009 1755 περιερρεῖτο,
1065 1683 1164 1736 καὶ
1210 1681 1512 1751 ὲθρήνησεν
1576 1678 1662 1746 ἀφ’
1698 1674 1915 1738 ἱκανὸν,

343 1777 444 1842 τῆς
477 1776 626 1830 ἔνδον
664 1775 956 1845 ἀλγηδόνος
1005 1773 1215 1845 ἐναργῆ
1274 1773 1553 1842 τεκμήρια
1592 1770 1666 1823 τά
1700 1770 1916 1838 δάκρυα

344 1867 729 1938 παρεχομένη.
771 1867 928 1920 Ἐπεὶ
971 1866 1027 1919 δὲ
1060 1865 1356 1929 ἐπαύσατο,
1392 1863 1553 1928 λόγου
1583 1861 1721 1932 πρὸς
1748 1862 1918 1929 αὐτὴν

343 1961 373 2012 ὀ
411 1961 583 2029 μέγας
609 1959 931 2029 δομέστικος
981 1958 1178 2028 ἤρχετο
1200 1954 1436 2011 τοιοῦδε.
1466 1952 1632 2014 Ἐθος
1661 1951 1783 2004 ἐστὶ
1806 1952 1920 2011 τοῖς

348 2049 580 2117 ἀγαθοῖς
608 2049 887 2120 ἀνδράσιν,
940 2047 1161 2102 ἐπειδὰν
1208 2046 1393 2108 αὐτοῖς
1423 2061 1568 2107 τινες
1601 2043 1918 2113 χρήσωνται

347 2139 723 2207 διαλλακταῖς,
765 2140 799 2211 ἢ
855 2139 994 2211 πρὸς
1031 2137 1221 2208 φίλους
1269 2138 1368 2190 καὶ
1401 2134 1662 2198 οίκείους,
1714 2134 1808 2188 έάν
1858 2149 1919 2185 τε

346 2233 489 2303 πρὸς
539 2233 734 2297 αὐτοὺς
782 2231 1156 2302 διενεχθῶσιν,
1205 2230 1239 2299 ἢ
1291 2227 1558 2298 καὶπρὸς
1590 2228 1733 2295 ἀγαν
1762 2225 1922 2279 πολε-

348 2328 530 2395 μίους,
561 2326 632 2378 τὰ
684 2326 780 2395 μὲν
832 2324 1043 2393 σκληρά
1092 2321 1202 2374 τῶν
1252 2319 1631 2391 ἀποκρίσεων,
1669 2317 1765 2370 καὶ
1819 2318 1919 2369 ὅσα

349 2416 589 2486 μάλιστα
613 2416 812 2469 δυνατά
842 2417 942 2486 τήν
983 2431 1043 2467 τε
1076 2414 1301 2483 εἰρήνην
1330 2408 1590 2475 διαλύειν,
1630 2412 1723 2461 καὶ
1749 2406 1922 2475 διερε-

347 2507 523 2572 θίζειν
564 2507 657 2562 τὸν
688 2507 958 2561 ἀκούοντα
984 2505 1122 2575 πρὸς
1150 2504 1345 2573 ὀργὴν,
1367 2501 1545 2555 ταῦτα
1584 2500 1684 2571 μὲν
1716 2514 1924 2566 συγκα-

347 2597 577 2652 λύπτειν
611 2601 705 2653 καὶ
755 2597 1006 2667 περιέναι
1056 2598 1206 2665 σιγῇ.
1242 2594 1384 2647 Ὅσα
1431 2592 1487 2646 δὲ
1531 2588 1781 2661 προσηνῆ
1830 2590 1923 2641 καὶ

344 2691 536 2761 ἥμερα
565 2690 660 2745 καὶ
690 2690 852 2744 ίκανά
882 2689 1020 2760 πρὸς
1054 2687 1352 2751 διαλύσεις,
1378 2687 1449 2739 τά
1480 2684 1710 2738 τοιαῦτα
1742 2683 1925 2750 ἀπαγ-

345 2783 581 2853 γέλλειν,
611 2783 712 2837 οὐκ
745 2781 1006 2851 summa
1038 2781 1139 2833 ὅσα
1172 2779 1393 2852 ἤκουσε
1435 2774 1805 2846 προστιθέντα
1828 2774 1923 2825 καὶ

350 2876 487 2947 παρ’
545 2875 768 2929 ἑαυτοῦ.
817 2875 1028 2944 Ὠσπερ
1078 2872 1149 2926 αὖ
1210 2871 1379 2924 πάλιν
1415 2870 1468 2923 οί
1504 2869 1631 2930 τοὺς
1687 2866 1923 2936 τρόπους

354 2969 648 3041 μοχθηροὶ,
702 2968 798 3022 καὶ
852 2965 1182 3037 συγκρούειν
1231 2968 1355 3027 τοὺς
1412 2959 1737 3031 ἀνθρώπους
1789 2958 1925 3024 πρὸς

349 3063 614 3134 ἀλλήλους
652 3060 950 3133 ᾑρημένοι,
984 3058 1055 3112 τὰ
1100 3057 1238 3128 πρὸς
1278 3053 1452 3126 ὀργὴν
1506 3053 1607 3124 μὲν
1649 3048 1929 3117 ἀπαγγέλ-

351 3153 502 3207 λουσι
558 3140 701 3223 ριιτέιΔ
750 3149 1105 3220 προσθήκης·
1160 3146 1263 3198 ὅσα
1316 3143 1374 3196 δὲ
1432 3141 1572 3212 πρὸς
1621 3138 1920 3204 διαλλαγὰς

350 3239 636 3311 ἑπιτήδεια
666 3237 760 3291 καὶ
791 3234 1097 3306 συμόἀσεις
1121 3273 1135 3295 ,
1167 3230 1439 3284 σιωπῶσι.
1471 3225 1608 3280 Νυνὶ
1636 3225 1692 3278 δὲ
1728 3224 1794 3294 δὴ
1828 3224 1930 3311 καὶ

354 3326 519 3391 αὐτὸς
557 3323 635 3397 τῷ
679 3324 997 3394 πατριάρχῃ
1035 3321 1247 3392 μηνυτῇ
1296 3315 1646 3387 χρησάμενος
1686 3312 1797 3365 τῶν
1832 3310 1922 3363 λόε

351 3437 465 3491 γων
506 3419 617 3471 τῶν
659 3416 830 3488 ἐμῶν,
864 3415 960 3469 καὶ
995 3411 1160 3466 πάλιν
1189 3409 1259 3462 δι’
1294 3404 1465 3461 αὐτοῦ
1499 3404 1597 3472 τὴν
1619 3399 1927 3468 γιεγιενιημέ⁴

351 3530 453 3585 νην
489 3510 785 3580 ἀπολογίαν
837 3506 989 3576 παρά
1043 3502 1140 3558 σού
1206 3494 1564 3571 μεμαθηκὼς,
1619 3493 1801 3546 ἔδεισα
1854 3494 1929 3561 μὴ

1976 1105 1985 1113 ,
2016 1055 2244 1115 pectore
2274 1047 2582 1116 profectum
2619 1048 2831 1101 remisit
2861 1045 3201 1115 imperatrix.
3236 1044 3461 1114 Magnus
3492 1061 3591 1098 au-

2020 1146 2128 1192 tem
2160 1137 2497 1192 domesticus
2539 1146 2795 1207 tanquam
2847 1152 2877 1191 a
2926 1137 3221 1206 semetipso
3275 1137 3592 1199 convictus,

2017 1242 2139 1282 eam
2186 1228 2359 1298 justa,
2419 1229 2730 1297 rationique
2788 1235 3158 1282 consentanea
3213 1227 3479 1286 locutam,
3537 1238 3596 1280 et

2019 1317 2161 1370 nihil
2196 1318 2341 1387 potis
2366 1318 2505 1371 adeo
2536 1318 2837 1373 manifesta:
2864 1319 3111 1372 vt-ritatis
3134 1317 3592 1371 demonstratiuni

2025 1424 2331 1479 opponere,
2366 1411 2691 1480 patriarcha:
2722 1410 2944 1479 quidem
2976 1410 3116 1464 nihil
3151 1410 3467 1479 respondet,
3497 1409 3592 1462 sed

2019 1513 2145 1553 cum
2182 1513 2248 1554 eo
2296 1499 2366 1554 ad
2410 1502 2819 1569 imperatricem
2871 1502 3200 1572 ingreditur.
3249 1498 3381 1566 Quae
3419 1500 3601 1569 primo

2018 1590 2141 1660 ejus
2179 1601 2403 1661 aspectu
2433 1592 2624 1647 dolore
2647 1607 2930 1662 oppressa,
2957 1593 3051 1647 diu
3078 1592 3231 1663 largo
3257 1593 3596 1648 humectavit

2024 1694 2122 1734 ora
2150 1678 2395 1743 ﬂumine,
2433 1693 2490 1735 et
2514 1681 2770 1750 lacrymis
2803 1682 3126 1736 intestinum
3168 1682 3474 1737 cruciatum
3512 1692 3594 1735 te-

2019 1780 2162 1826 stata
2190 1780 2295 1827 est.
2322 1771 2617 1842 Postquam
2645 1773 2880 1842 quievit,
2906 1788 3138 1844 magnus
3161 1775 3494 1830 domesticus
3515 1775 3597 1852 sic

2020 1881 2141 1921 eam
2165 1866 2515 1945 compellavit
2535 1882 2547 1919 :
2571 1865 2845 1923 Usitatum
2866 1876 2951 1922 est
2976 1868 3114 1922 viris
3140 1869 3325 1934 bonis,
3351 1884 3472 1924 cum
3501 1885 3601 1937 pro

2020 1959 2468 2027 paeiticatoribus
2511 1970 2606 2016 aut
2640 1960 2706 2015 ad
2743 1960 2952 2015 amicos
2985 1968 3042 2015 et
3082 1961 3355 2031 cognatis,
3386 1962 3429 2016 si
3465 1960 3599 2030 quid

2021 2051 2168 2106 inter
2198 2065 2294 2106 eos
2325 2050 2544 2106 dissidii
2571 2049 2758 2106 natum
2788 2051 2976 2116 fuerit,
3006 2061 3102 2106 aut
3129 2052 3293 2107 etiam
3319 2052 3384 2106 ad
3413 2051 3599 2106 hostes

2021 2142 2283 2211 capitales
2317 2142 2469 2197 missi
2502 2141 2870 2213 fuerint,quaa
2905 2142 2959 2197 in
2986 2145 3343 2212 responsione
3374 2143 3598 2197 duriora

2022 2244 2172 2297 sunt,
2206 2244 2263 2289 et
2317 2248 2662 2304 quascunque
2725 2242 2837 2289 tum
2897 2248 3086 2304 pacem
3131 2234 3396 2290 distinere
3431 2275 3445 2297 ,
3485 2244 3597 2287 tum

2024 2323 2342 2378 audientem
2371 2323 2590 2378 irritare
2623 2324 2690 2378 ad
2725 2324 2859 2379 iram
2889 2332 3141 2394 possunt,
3170 2340 3234 2379 ea
3267 2324 3488 2379 silentio
3516 2334 3600 2377 te-

2023 2429 2173 2485 gere,
2209 2431 2274 2471 ac
2305 2416 2635 2484 praeterire:
2686 2432 2807 2485 quae
2854 2426 3036 2472 autem
3072 2416 3240 2481 lenia,
3292 2427 3600 2477 mansueta,

2023 2518 2081 2563 et
2098 2508 2168 2562 ad
2201 2509 2663 2578 compositionem
2688 2510 2910 2571 idonea,
2941 2525 3005 2564 ea
3037 2511 3382 2574 renuntiare,
3407 2526 3469 2565 ac
3492 2525 3602 2562 non

2024 2598 2286 2669 pauciora
2334 2598 2423 2655 his
2468 2615 2590 2669 quae
2636 2610 2972 2670 acceperunt
3033 2600 3102 2656 de
3151 2615 3255 2655 suo
3303 2613 3600 2669 apponere.

2025 2689 2316 2757 Quomodo
2343 2702 2537 2746 contra
2568 2692 2830 2763 improbi,
2857 2700 2915 2747 et
2954 2693 3048 2761 qui
3095 2692 3347 2747 homines
3377 2692 3518 2746 inter
3545 2707 3605 2745 se

2031 2782 2383 2839 committere
2414 2784 2839 2850 constituerunt,
2873 2800 2995 2853 quae
3020 2783 3091 2839 ad
3120 2783 3464 2840 excitandam
3496 2784 3606 2837 ira-

2026 2874 2284 2930 cundiam
2314 2875 2513 2940 valent,
2554 2890 2679 2930 cum
2722 2878 2968 2930 auctario
2997 2876 3255 2931 nuntiant
3288 2895 3302 2930 :
3340 2876 3460 2946 ψη
3490 2890 3559 2930 au
3580 2907 3593 2920 -

2030 2973 2139 3019 tem
2168 2966 2234 3018 ad
2266 2965 2799 3029 reconciliationem,
2830 2975 2885 3019 et
2907 2975 3064 3035 pacta
3096 2966 3334 3021 lneunda
3367 2965 3603 3036 quadra-

2028 3067 2173 3120 rent,
2206 3057 2300 3112 illa
2346 3058 2600 3113 reticent.
2643 3057 2803 3112 Nunc
2849 3057 2977 3126 quia
3025 3067 3083 3111 et
3133 3058 3247 3127 ipse
3293 3058 3604 3129 patriarcha

1987 3195 2000 3205 .
2028 3145 2324 3202 verborum
2361 3163 2607 3202 meorum
2657 3146 2723 3201 ad
2779 3155 2830 3200 te
2878 3145 3223 3200 internuntio
3270 3161 3405 3201 usus
3458 3161 3604 3207 sutn,

2030 3253 2335 3307 rursusque
2393 3254 2492 3308 per
2540 3253 2664 3293 eum
2731 3239 3146 3307 responsionem
3186 3246 3333 3292 tuam
3393 3239 3602 3306 accepi,

2033 3333 2214 3396 timui,
2260 3346 2329 3384 ne
2369 3332 2616 3383 animum
2662 3330 2887 3399 quidem
2924 3345 3106 3384 meum
3162 3330 3264 3393 ira,
3304 3328 3607 3399 doloreque

2035 3432 2359 3486 tumentem,
2398 3435 2454 3477 et
2483 3421 2768 3478 ardentem
2805 3422 3146 3492 refrigerare,
3193 3437 3258 3477 ac
3302 3423 3607 3493 reprimere

2050 3516 2260 3579 volens,
2293 3524 2399 3569 tam
2431 3514 2642 3585 placida
2687 3527 2744 3570 et
2774 3515 2924 3569 milia
2958 3515 3255 3584 protulerit
3292 3532 3306 3570 :
3340 3516 3406 3570 ad
3439 3524 3491 3570 te
3514 3530 3609 3568 an-

350 3606 453 3676 τῆν
488 3604 626 3674 ἀμὴν
655 3599 856 3670 ψυχὴν,
912 3598 1253 3655 οίδαίνουσαν
1305 3606 1402 3651 και
1435 3606 1779 3667 φΑεγομενην
1824 3590 1924 3640 ὑπο

2035 3618 2141 3661 tem
2194 3621 2374 3675 neque
2427 3622 2546 3661 mea
2599 3606 2765 3661 verba
2825 3594 3228 3675 importuniora
3279 3608 3604 3666 servaverit.

351 3701 532 3771 λύπης
597 3697 896 3769 ἀναψύχειν
953 3694 1279 3766 βουλόμενος
1337 3691 1432 3745 καὶ
1495 3682 1882 3743 καταστέλλειν
1908 3720 1924 3744 ,

351 3794 580 3850 τοιαῦτα
619 3791 919 3858 ἐφθέγξατο
948 3789 1134 3859 ἥμερα
1169 3787 1265 3838 καὶ
1296 3784 1568 3853 προσηνῆ·
1606 3778 1745 3848 πρὸς
1780 3776 1840 3827 σὲ
1869 3774 1927 3827 δὲ

353 3885 481 3940 οὔτε
508 3883 640 3948 τοὺς
675 3882 844 3951 ἐμοὺς
890 3877 1187 3949 ἀκεραίους
1216 3876 1517 3928 διεσώσατο
1539 3870 1758 3936 λόγους,
1799 3864 1930 3934 μήτ’

354 3973 422 4031 αὖ
450 3976 612 4030 πάλιν
633 3974 752 4037 οἵας
779 3972 971 4041 ἔτυχεν
1000 3967 1299 4036 ἀπολογίας
1324 3962 1628 4033 ἀπήγγειλε
1662 3959 1758 4011 καὶ
1788 3955 1926 4025 πρὸς

355 4069 480 4141 apt.
514 4066 630 4122 ἀλλ’
663 4065 778 4120 ἀνθ’
815 4064 1017 4132 ἑτέρων
1055 4059 1219 4131 ἕτερα
1261 4057 1453 4123 εἰπὼν,
1504 4058 1598 4110 νῦν
1642 4074 1741 4127 μεν
1774 4058 1929 4109 διαλ-

354 4160 509 4225 λάξει
540 4158 679 4228 πρὸς
733 4155 946 4227 καιρὸν,
996 4152 1245 4222 ὕστερον.
1279 4152 1334 4204 δὲ
1381 4150 1549 4218 ὀλίγῳ
1610 4149 1786 4219 μείζω
1837 4146 1930 4200 καὶ

356 4249 670 4323 βαρυτέραν
729 4245 1131 4300 κατασκευάσει
1188 4242 1442 4310 γενέσθαι
1492 4242 1591 4310 τὴν
1641 4240 1927 4309 διαφοράν.

249 4335 264 4346 ’
355 4335 434 4396 Οὗ
484 4342 549 4409 δὴ
579 4339 746 4392 ἕνεκα
794 4336 887 4390 καὶ
914 4335 1076 4397 αὐτὸς
1124 4336 1173 4386 εί
1224 4330 1454 4385 τοιαῦτα
1507 4331 1678 4394 ὅντως
1711 4330 1930 4398 εἴρηται

353 4433 512 4504 παρά
536 4431 652 4498 σοῦ,
675 4429 785 4482 δεῖν
814 4427 989 4496 ἐγνων
1020 4424 1262 4494 ἀκριϐῶς
1293 4425 1507 4492 μαθεῖν,
1538 4422 1612 4484 ὠς
1639 4422 1702 4475 ἂν
1730 4422 1931 4489 εἰδείην

354 4524 388 4601 ᾖ
436 4526 542 4597 Χρῆ
589 4526 684 4578 καὶ
735 4520 865 4590 περὶ
917 4521 1025 4572 τῶν
1064 4516 1361 4571 ἐπιλοίπων
1417 4512 1747 4583 ποιήσασθαι
1806 4512 1932 4573 τοὺς

353 4617 573 4683 λόγους.
623 4612 733 4666 Καὶ
759 4611 935 4663 πάντα
961 4604 1252 4683 διεξελθὼν
1282 4604 1383 4657 ὅσα
1413 4603 1766 4673 πατριάρχης
1797 4601 1932 4671 πρὸς

359 4673 544 4756 αὑτὸν
573 4683 882 4767 διαλεχθείῆ
908 4733 922 4756 ,
966 4673 1307 4747 ἐπυνθάνετο
1341 4690 1536 4758 αὐτῆς,
1571 4690 1622 4741 εἰ
1657 4689 1753 4741 καὶ
1793 4688 1932 4756 αὐτῇ

356 4792 552 4848 τοῦτον
583 4789 800 4859 εἴρηται
828 4788 917 4839 τὸν
950 4785 1178 4855 τρόπον.
1222 4781 1340 4849 Ἐφ’
1387 4779 1558 4833 ἆπισι
1597 4778 1654 4831 δὲ
1689 4777 1936 4830 συντιθε.

361 4886 534 4955 μένης
566 4881 642 4943 ὡς
690 4877 868 4949 ὀρθῶς
909 4877 1007 4929 καὶ
1038 4873 1255 4942 ἀληθῶς
1288 4869 1705 4941 γεγενημένοις,
1734 4865 1933 4920 ούκοῦν

2031 3713 2213 3768 neque
2246 3712 2487 3761 rursum,
2521 3712 2643 3767 qua:
2675 3697 3033 3766 respondisti,
3068 3698 3340 3762 retulerit,
3374 3698 3470 3753 sed
3501 3699 3608 3752 alia

2032 3805 2132 3859 pro
2166 3789 2290 3844 aliis
2336 3788 2582 3854 locutus,
2633 3804 2782 3844 nunc
2833 3789 2901 3843 ad
2950 3798 3167 3859 tempus
3197 3805 3297 3844 nos
3327 3790 3603 3850 conciliet.

2031 3883 2304 3952 pauloque
2329 3889 2454 3950 post
2483 3880 2774 3934 dissidium
2821 3880 2966 3935 inter
3012 3896 3116 3936 nos
3147 3880 3324 3950 majus
3388 3890 3445 3934 et
3484 3897 3609 3949 gra-

2030 3973 2156 4027 vius
2197 3971 2415 4025 eﬂiciat.
2465 3969 2811 4038 Quapropter
2866 3988 2997 4024 num
3054 3972 3169 4025 haec
3225 3987 3355 4025 vere
3405 3972 3502 4025 abs
3556 3984 3608 4024 te

2032 4060 2175 4115 dicta
2208 4061 2339 4122 sint,
2375 4073 2633 4112 accurate
2662 4060 3108 4127 cognoscendum
3139 4060 3294 4113 duxi.
3338 4059 3462 4113 Mox
3489 4076 3607 4114 om-

2034 4152 2124 4204 nia
2154 4156 2431 4218 repetens,
2463 4163 2586 4217 qua:
2611 4165 2675 4202 ex
2702 4150 3013 4218 patriarcha
3040 4150 3318 4214 audierat,
3352 4165 3484 4204 num
3519 4167 3583 4204 ea

2034 4237 2157 4290 dem
2190 4236 2306 4304 ipsa
2340 4235 2546 4290 dixerit
2579 4237 2913 4291 sciscitatur.
2945 4237 3062 4304 Qua
3097 4247 3154 4291 ut
3186 4250 3355 4305 recte,
3391 4246 3447 4292 et
3478 4254 3608 4292 vere

2036 4329 2219 4384 relatis
2248 4330 2607 4395 assentiente,
2653 4329 2816 4402 364
2851 4330 3021 4400 Igitur
3077 4332 3337 4401 (subjecit
3382 4348 3609 4403 magnus

2037 4419 2400 4489 domesticus)
2430 4421 2645 4474 tametsi
2681 4420 2749 4474 de
2788 4420 3000 4490 reliquo
3030 4420 3266 4477 ferocius
3298 4438 3404 4488 me,
3440 4433 3494 4476 et
3522 4424 3606 4475 in-

2040 4510 2446 4564 consideratius
2485 4510 2719 4565 videbor
2750 4526 2961 4581 gerere,
3006 4512 3210 4566 nullius
3243 4528 3329 4567 me
3364 4523 3458 4567 aut
3488 4515 3609 4567 ine-

2034 4596 2186 4666 ptias,
2217 4605 2313 4650 aut
2341 4597 2690 4667 arrogantiae,
2724 4597 3037 4652 audaciaeve
3071 4598 3550 4655 condemnandum
3591 4621 3605 4657 :

2032 4687 2128 4741 sed
2161 4688 2207 4742 si
2243 4702 2351 4758 qua
2388 4688 2556 4743 fuerit
2585 4688 2638 4741 in
2665 4689 2912 4744 oratione
2939 4705 3058 4744 mea
3083 4690 3357 4756 confusio,
3387 4708 3449 4746 ac
3484 4709 3607 4762 per-

2036 4781 2298 4846 turbatio,
2343 4781 2495 4835 illam
2545 4796 2730 4835 rerum
2786 4784 3100 4838 necessttati
3181 4785 3619 4847 ascribettd.utt,{

2037 4872 2173 4926 mihi
2211 4881 2269 4926 ιιι
2297 4872 2367 4926 ab
2399 4871 2534 4942 ipsis
2567 4881 2756 4927 coacto
2788 4872 3185 4942 ignoscendum
3216 4886 3461 4929 autumo.
3502 4877 3610 4946 Ego

357 4972 530 5029 εἶπενσ
567 4974 616 5025 εί
644 4972 737 5024 καὶ
769 4969 904 5038 πρὸς
927 4968 995 5019 τὰ
1024 4966 1283 5021 ἰπίλοιπα
1312 4962 1558 5032 τραχέως
1590 4960 1728 5026 δόξω
1759 4974 1924 5029 προσ-

2033 4962 2271 5019 arbitror
2318 4979 2767 5033 unumquemque
2809 4963 2902 5033 qui
2943 4979 3129 5020 mores
3182 4975 3239 5019 et
3288 4966 3611 5021 aﬁ‘ectioues

359 5063 624 5136 φέρεσθαι
666 5062 760 5116 καὶ
793 5042 1241 5130 ἀπερισκέπτως,
1280 5053 1553 5125 μηδεμίαν
1584 5051 1719 5121 ἐμοῦ
1757 5067 1929 5104 κατα-

362 5155 679 5226 γινώσκειν,
718 5152 847 5223 μήτ’
873 5147 1295 5218 ἀπειροκαλίαν,
1344 5146 1469 5216 μήτ’
1504 5143 1797 5197 αὐθάδειαν
1830 5142 1927 5195 καὶ

361 5248 681 5320 θρασύτητα
726 5242 835 5298 τῶν
884 5241 1102 5313 τρόπων
1133 5239 1288 5306 ἀξιῶ·
1337 5237 1453 5291 ἀλλ’
1482 5233 1534 5289 εί
1584 5251 1668 5297 τις
1705 5233 1932 5303 προσείη

363 5340 461 5392 καὶ
494 5341 610 5398 τοῖς
628 5335 812 5403 λόγοις
844 5333 1062 5399 ἀταξία,
1090 5331 1311 5399 εκείνην
1340 5328 1441 5398 μὲν
1477 5323 1934 5397 προσλογίζεσθαι

362 5429 473 5483 τῶν
508 5427 857 5497 πραγμάτων
906 5427 974 5494 τῇ
1020 5423 1259 5492 ἀνάγκη,
1313 5418 1540 5490 ὲμοὶὶδὲ
1594 5415 1933 5486 παρέχεσθαι

314 5553 333 5573 .
365 5517 702 5587 συγγνώμην
727 5516 800 5578 ώς
828 5516 920 5568 ὑπ’
958 5512 1138 5566 αὐτῶν
1154 5511 1505 5581 βιαζομένῳ.
1551 5506 1693 5575 Ἐγὼ
1722 5506 1929 5576 νομίζω

362 5610 546 5665 πάντα
570 5605 812 5660 ὁντινοῦν
861 5606 1007 5667 ὅστις
1064 5604 1250 5673 μέλλει
1287 5600 1491 5666 καλῶς,
1536 5603 1630 5652 καὶ
1659 5593 1793 5675 ἦθος
1835 5615 1932 5649 κα-

363 5697 771 5767 τασκέπτεσθαι
817 5696 1048 5768 ἀνδρδς,
1101 5695 1196 5748 καὶ
1228 5694 1327 5756 τάς
1374 5693 1470 5761 τῆς
1517 5691 1696 5760 ψυχῆς
1752 5690 1931 5758 ὁρμὰς

367 5791 563 5854 ὁποίας
600 5790 751 5860 ἔχει,
787 5794 922 5860 μήτε
956 5789 1066 5851 τοῖς
1101 5785 1303 5850 ἔξωθεν
1357 5783 1484 5863 περὶ
1533 5781 1696 5838 αὐτοῦ
1751 5798 1926 5853 προσ-

2043 5055 2273 5109 alterius
2299 5054 2470 5125 probe
2509 5069 2891 5125 perpensurus
2912 5063 2968 5110 et
2997 5055 3351 5125 dispecturus
3382 5058 3476 5121 sit,
3510 5073 3607 5110 ne-

2036 5160 2145 5215 que
2176 5143 2244 5199 iis
2273 5160 2394 5214 qua:
2427 5145 2565 5200 foris
2605 5145 2674 5198 de
2703 5159 2770 5199 eo
2804 5146 3089 5207 dicuntur,
3122 5146 3323 5201 debere
3354 5128 3629 5200 attende-5

2040 5250 2098 5290 re
2134 5253 2148 5289 :
2184 5250 2365 5305 neque
2397 5234 2549 5289 illum
2581 5249 2679 5304 per
2719 5236 2962 5304 seipsutn
3003 5235 3372 5300 considerare,
3407 5236 3610 5304 quibus

2039 5323 2376 5393 temporibus
2402 5323 2653 5405 consulta
2684 5322 2950 5393 implendi
2982 5334 3308 5394 potestatem
3356 5340 3465 5378 non
3512 5325 3610 5378 ha-

2040 5415 2227 5481 bebat,
2260 5412 2356 5468 sed
2392 5404 2596 5482 Quibus
2631 5414 2863 5468 maxime
2893 5430 2991 5468 sua
3026 5414 3075 5467 ei
3105 5414 3378 5476 libertate,
3412 5429 3475 5468 ac
3510 5431 3607 5484 po-

2043 5515 2239 5562 tcstate
2270 5504 2348 5558 uti
2374 5504 2584 5559 licitum
2609 5514 2715 5559 est.
2749 5504 2804 5558 Si
2830 5504 2979 5559 enim
3013 5505 3059 5560 is
3090 5513 3204 5559 tum
3236 5506 3374 5559 nihil
3411 5507 3608 5562 horum

2039 5597 2385 5652 committere
2420 5595 2718 5673 videbitur,
2756 5597 2938 5665 qualia
2977 5596 3247 5665 quiSpiam
3276 5600 3608 5653 commissu-

2036 5704 2160 5747 rum
2193 5697 2435 5759 putaret,
2464 5687 2553 5741 hic
2585 5687 2637 5742 in
2668 5695 2947 5758 posterum
2978 5689 3121 5743 haud
3150 5705 3422 5758 quaquam
3458 5690 3609 5756 inge-

2040 5783 2191 5838 nium
2240 5780 2633 5837 immutaverit.
2666 5780 2902 5838 Proinde
2936 5789 2991 5837 ct
3030 5796 3132 5853 ego
3175 5781 3243 5838 de
3290 5797 3376 5838 me
3427 5783 3605 5840 dicam
