4122 6296
265 337 375 399 7³7

1391 344 1923 406 UlSTOlliARUM
1970 347 2195 406 LIBER
2239 348 2353 410 lli.

3407 361 3511 421 73S

263 453 380 525 Ιδῃ,
413 452 522 505 οὐδ’
562 452 703 505 οὕτω
733 453 1056 522 δυνήσεσθαι
1089 457 1253 508 αὑτὸν
1309 461 1558 525 μισῆσαι,
1585 461 1718 512 ἀλλὰ
1749 463 1818 524 τὴε

1948 459 2274 528 imperatore
2309 460 2566 529 magistro
2595 471 2801 515 tantum
2836 463 2942 517 sibi
2979 465 3291 534 prudentia.
3329 479 3384 524 et
3408 489 3509 528 usu

263 546 391 612 ἴσην
413 543 626 596 εὔνοιαν
658 545 806 614 αὐτῷ
840 547 933 598 καὶ
959 548 1149 599 τούτου
1185 553 1834 620 πεπραγμένου“τηρήσει

261 635 362 685 καὶ
391 633 594 701 φιλίαν,
635 627 678 700 ᾧ
718 653 821 704 περ
853 635 1059 703 ἔφασκε
1088 639 1353 707 χρωμένη
1373 640 1699 710 διδασκάλῳ,
1742 649 1835 694 καὶ

259 726 405 794 αύτὴ
449 726 707 778 τοσοῦτον
759 727 1077 795 ὑπερέχοντι
1126 730 1297 798 αὐτῆς
1349 732 1442 781 καὶ
1486 734 1703 783 συνέσει
1740 732 1833 784 καὶ

185 820 188 823 ’
261 818 608 884 πραγμάτων
640 817 901 884 ἐμπειρία
931 819 998 869 τὰ
1035 817 1125 870 ἴσα
1157 823 1286 888 περὶ
1319 821 1482 872 αὑτοῦ
1513 823 1606 873 καὶ
1638 822 1830 886 γινὼσο

259 921 380 955 κειν
409 906 502 956 καὶ
538 906 899 974 πειράσεσθαι
951 907 1224 973 φυλάξειν,
1267 911 1361 962 καὶ
1416 911 1832 982 παρεθάρρυνεν

257 995 445 1055 αὐτὴν,
486 996 654 1062 μηδὲν
679 999 808 1064 περὶ
858 1000 1028 1068 αὐτῆς
1060 1002 1390 1055 ὑποπτεύειν
1417 1005 1637 1072 ἀγεννές
1665 1023 1680 1037 ο
1713 1007 1829 1059 ἀλλ’

257 1079 400 1135 εἶναι
433 1083 668 1152 βεϐαίως
702 1090 1068 1156 πεπεισμένον
1101 1090 1174 1150 ὡς
1205 1092 1355 1144 οὐδὲν
1394 1094 1549 1148 ἔσται
1579 1095 1832 1164 τηλικοῦ-

254 1191 350 1225 τον
388 1174 415 1226 ὃ
463 1174 751 1244 δυνήσεται
800 1181 924 1239 τοὺς
964 1181 1137 1248 αὐτῆς
1172 1187 1491 1236 κατασεϊσαι
1537 1185 1828 1257 λογισμοὺς

255 1268 350 1317 καὶ
375 1269 500 1334 περὶ
527 1268 691 1319 αὑτοῦ
719 1271 862 1322 κακὰ
897 1273 1209 1339 λογίζεσθαι
1243 1278 1682 1345 παρασκευάσει.
1704 1279 1827 1331 Ἐπὶ

250 1358 465 1420 τούτοις
491 1358 546 1410 δὲ
582 1361 609 1412 ό
659 1362 833 1427 μέγας
863 1363 1206 1431 δομέστικος,
1257 1367 1356 1435 τὴν
1402 1367 1500 1431 μὲν
1530 1367 1827 1437 ὁμολογίαν

255 1447 530 1514 βασιλίδος
557 1448 844 1510 ἀρκοῦσαν
868 1452 1075 1517 οἰηθεὶς
1105 1455 1383 1519 ἀπόδειξιν
1411 1457 1546 1522 πρὸς
1575 1457 1633 1508 τὸ
1659 1456 1825 1524 μηδὲν

251 1531 396 1589 εἶναι
432 1539 682 1604 ἐμποδὼν
715 1541 762 1591 εί
788 1540 1041 1594 ἐϐούλετο
1089 1544 1258 1606 κακὸς
1300 1546 1552 1613 ὀφθῆναι,
1589 1545 1826 1612 μάλιστα

248 1627 308 1680 δὲ
342 1629 636 1698 δυνάμενος
672 1631 852 1684 ἑκοντὶ
896 1633 1108 1700 τάγαθὰ
1143 1636 1238 1686 καὶ
1288 1634 1474 1687 δίκαια
1525 1637 1821 1704 αἱρεῖσθαι.

251 1718 387 1771 Εἶτα
422 1720 516 1772 καὶ
553 1721 652 1788 τῆς
674 1721 1082 1789 καλοκάγαθίας
1120 1725 1212 1776 καὶ
1237 1726 1334 1789 τῆς
1365 1729 1442 1788 είς
1473 1727 1634 1779 αὑτὸν
1668 1744 1824 1796 στορ-

1938 561 2250 617 przestaute,
2287 552 2480 606 eadem
2517 552 2584 605 de
2617 554 2708 607 illo
2733 555 2963 616 sentire,
3014 567 3068 610 et
3103 560 3222 626 ejus
3254 559 3506 615 admoni-

1938 643 2068 696 tio.ii
2095 645 2426 712 parituram;
2453 645 2922 714 conlirmabatque
2941 646 3092 700 illiilli
3117 664 3185 701 ne
3204 650 3334 718 quid
3357 652 3425 706 de
3449 667 3507 706 se

1934 736 2205 803 abjectum
2271 737 2662 804 suspicaretur,
2717 735 2810 789 sed
2870 747 3186 792 constanter
3233 741 3504 805 crederet,

1934 827 2070 878 nihil
2106 831 2236 879 tanti
2285 827 2423 890 fore,
2455 829 2599 880 unde
2633 827 2747 894 ipsa
2789 827 2856 880 de
2889 829 3160 883 sententia
3192 830 3502 896 deturbata,

1933 916 2073 969 male
2123 916 2190 970 de
2216 931 2282 969 eo
2339 916 2698 970 existimaret.
2733 918 2981 971 Posthzec
3036 935 3262 989 magnus
3314 923 3505 977 dome-

1932 1008 2104 1060 sticus
2135 1006 2500 1074 imperatricis
2530 1008 2874 1062 confessione
2905 1010 3043 1064 satis
3071 1013 3504 1068 demonstratum

1931 1096 2252 1160 arbitratus,
2300 1097 2438 1150 nihil
2493 1098 2596 1150 sibi
2631 1113 2753 1151 esse
2799 1100 3115 1165 obstaculo,
3165 1103 3210 1155 si
3257 1103 3505 1172 improbe

1933 1185 2060 1238 velit
2087 1200 2266 1254 agerc,
2300 1195 2355 1239 et
2384 1201 2544 1253 posse
2572 1197 2765 1254 sponte
2799 1203 2896 1239 sua
2933 1189 3090 1249 bene.
3127 1190 3380 1260 justeque
3421 1193 3506 1246 fa-

1929 1286 2097 1325 cere:
2151 1272 2352 1326 deinde
2408 1274 2478 1326 ob
2521 1275 2909 1342 integritatem,
2959 1287 3011 1328 et
3051 1292 3288 1330 amorem
3339 1280 3392 1332 in
3444 1295 3504 1336 se

1912 1361 2266 1416 declaratum
2305 1365 2494 1433 gratiis
2521 1367 2679 1426 actis,
2712 1363 2893 1417 denuo
2921 1365 2998 1419 sic
3032 1367 3126 1420 ait.
3161 1368 3272 1422 Nec
3304 1370 3499 1438 ipsam,

1926 1465 2028 1504 nec
2061 1453 2432 1522 patriarcham
2481 1453 2645 1507 verba
2680 1471 2776 1507 sua
2823 1465 3074 1523 suspecta
3113 1458 3309 1512 habere
3341 1475 3504 1528 opor-

1927 1550 2061 1606 tere,
2098 1545 2253 1611 quasi
2296 1546 2369 1598 ita
2407 1545 2758 1599 securitatem
2791 1545 2893 1598 sibi
2930 1559 3214 1616 prmparet,
3239 1559 3297 1602 ut
3326 1567 3504 1620 neque

1926 1634 1972 1687 si
2009 1635 2131 1702 quis
2158 1645 2216 1688 ut
2249 1636 2559 1703 improbum
2595 1651 2718 1690 eum
2742 1651 3000 1692 accusare
3023 1651 3207 1708 queat,
3239 1652 3293 1696 et
3318 1644 3500 1697 dicam

1925 1725 2254 1794 impingere,
2307 1727 2611 1795 recipiatur
2652 1727 2774 1797 ejus
2820 1730 3032 1793 oratio;
3069 1746 3173 1784 non
3203 1733 3344 1784 enim
3395 1732 3500 1786 sibi

248 1812 358 1879 γῆς
392 1813 622 1882 χάριτας
649 1814 990 1883 ὁμολογήσας
1021 1815 1253 1884 βασιλίδι
1291 1817 1448 1880 αὖθις
1478 1819 1818 1887 ἁνελάμῦανε

1924 1815 2027 1868 hoc
2077 1818 2240 1880 velle,
2305 1818 2398 1871 sed
2455 1819 2498 1872 si
2556 1821 2775 1888 quidam
2834 1822 3128 1884 aliquando
3176 1822 3242 1874 de
3299 1823 3502 1880 talibus

247 1903 343 1953 τὸν
378 1903 534 1970 λόγον
561 1919 573 1931 ·
613 1906 686 1974 μὴ
738 1903 802 1974 δὴ
851 1905 938 1957 διὰ
968 1905 1140 1958 ταῦτα
1182 1908 1425 1974 φάσκων,
1464 1911 1586 1977 μήτ’
1628 1912 1817 1976 αὐτὴν,

254 1995 396 2063 μήτε
427 1997 776 2066 πατριάρχην
819 1997 1149 2051 ὑποπτεύειν
1181 1999 1328 2069 αὐτῷ
1365 2001 1492 2062 τοὺς
1525 2001 1715 2069 λόγους
1745 2003 1821 2065 ὼς

251 2087 577 2155 πανούργως
602 2089 949 2157 εἰρημένους,
975 2092 1158 2144 ἄδειαν
1187 2093 1334 2161 αύτῷ
1362 2095 1823 2162 προπαρασκευά-

249 2177 400 2240 ζιντι
428 2178 487 2229 τὸ
544 2179 669 2247 μηδ’
700 2179 764 2232 ἄν
817 2197 901 2242 τις
947 2181 1118 2251 ἀληθῆ
1147 2182 1327 2250 λέγειν
1360 2184 1460 2256 ἔχῃ
1497 2187 1619 2251 περὶ
1653 2187 1819 2238 αὑτοῦ

248 2272 347 2323 καὶ
374 2270 749 2324 ἀποδεικνύειν
806 2272 1118 2338 ἀδικοῦντα,
1150 2275 1314 2326 τόπον
1347 2274 1492 2344 ἔχειν
1541 2275 1679 2343 πρὸς
1721 2275 1820 2346 τὴν

249 2366 372 2416 κατ’
413 2364 577 2417 αὑτοῦ
609 2367 948 2434 κατηγορίαν
993 2367 1087 2418 καὶ
1122 2369 1365 2436 γραφήν.
1398 2369 1472 2420 Οὐ
1507 2369 1615 2438 γὰρ
1663 2368 1822 2421 τοῦτο

249 2454 542 2523 βούλεσθαι
570 2454 720 2525 αὐτῷ
746 2454 869 2516 τοὺς
905 2455 1096 2522 λόγους
1119 2471 1132 2484 ο
1170 2455 1281 2508 ἀλλ’
1315 2457 1363 2507 εἰ
1402 2457 1502 2524 μέν
1541 2473 1680 2518 τινες
1706 2474 1820 2509 τοι·

248 2546 390 2598 αὔτα
425 2545 623 2615 δήποτε
651 2547 1015 2608 κατηγοροῖεν
1046 2539 1133 2596 οἷα
1161 2545 1299 2598 αὐτὰ
1332 2546 1420 2612 ὑφ’
1463 2546 1671 2598 ἑαυτῶν
1701 2547 1820 2611 ἑξε-

247 2633 543 2702 λέγχεσθαι
571 2632 644 2695 ὡς
670 2633 778 2683 εἰσὶ
814 2633 1177 2698 συκοφαντίαι
1204 2633 1296 2684 καὶ
1323 2632 1586 2691 διαϐολαὶ,
1612 2632 1818 2686 τούτων

253 2726 461 2794 μηδένα
502 2724 772 2776 ποιεῖσθαι
795 2725 952 2790 λόγον
979 2764 994 2788 ,
1029 2724 1166 2776 ἀλλὰ
1201 2725 1294 2776 καὶ
1327 2724 1449 2784 τοὺς
1484 2723 1818 2788 πλάττοντας

253 2819 454 2887 μισεῖν.
489 2817 552 2870 Εἰ
588 2815 634 2868 δ’
671 2815 782 2884 ἄρα
827 2813 1002 2877 οὕτως
1032 2816 1124 2883 εἴη
1169 2818 1389 2879 πιθανὰ,
1426 2815 1555 2868 ὥστ’
1585 2817 1819 2885 ἀμφιδο-

245 2910 370 2962 λίαν
394 2910 639 2977 ἐμποιεῖν
663 2909 711 2959 εί
742 2907 942 2976 μᾶλλον
968 2910 1073 2977 χρὴ
1103 2907 1383 2959 πιστεύειν
1409 2909 1440 2978 ἢ
1472 2908 1818 2960 παντάπασιν

246 3003 518 3062 ἀπιστεῖν,
582 2999 657 3069 μὴ
717 2999 936 3069 ἐρήμην
987 3001 1149 3061 εὐθὺς
1202 2999 1687 3068 καταψηφίζεσθαι
1723 3002 1816 3053 καὶ

243 3091 480 3153 ἀπόντος
509 3107 523 3121 ·
566 3090 681 3143 ἀλλ’
708 3090 787 3150 εἰς
810 3090 1166 3158 δικαστήριον
1200 3088 1407 3154 καλεῖν,
1441 3089 1541 3142 κᾶν
1577 3090 1816 3143 ἁλίσκω-

250 3201 350 3253 μαι
379 3182 602 3245 ἀδικῶν,
635 3181 695 3234 οὐ
725 3179 1098 3248 παραιτοῦμαι
1126 3180 1222 3247 τῆς
1253 3180 1588 3249 κακουργίας
1615 3180 1813 3233 διδόναι

245 3271 424 3332 δίκας.
481 3268 594 3336 Τῆς
627 3267 899 3337 βασιλίδος
951 3267 1008 3319 δὲ
1043 3267 1134 3318 τὸν
1170 3268 1297 3335 περὶ
1331 3268 1428 3336 τῆς
1457 3266 1614 3335 δίκης
1659 3266 1815 3335 λόγον

244 3360 674 3428 ἀποσειομένης,
709 3359 803 3411 καὶ⁵
856 3357 983 3427 μηδ’
1048 3357 1113 3409 ἂν
1145 3357 1198 3410 ετ
1243 3375 1295 3408 τι
1352 3359 1558 3424 γένοιτο
1591 3357 1815 3409 τοιαῦτα

245 3451 379 3520 περὶ
419 3449 585 3502 αὐτοῦ
644 3448 938 3518 φρονήσειν
972 3447 1405 3516 διατεινομένης,
1447 3447 1587 3499 ὥστε
1621 3447 1714 3500 καὶ
1737 3447 1816 3500 διο

243 3539 560 3608 καστηρίων
589 3537 878 3607 δεήσεσθαι
904 3536 1041 3606 πρὸς
1069 3536 1254 3597 αὑτὸν,
1286 3538 1384 3587 οὐκ
1409 3535 1647 3605 ἔφασκεν
1677 3537 1818 3589 ἐκεί-

244 3648 334 3694 νος
370 3632 682 3700 ἀγαπήσειν
713 3631 760 3681 εί
792 3628 867 3698 μὴ
903 3629 994 3681 καὶ
1031 3629 1156 3696 περὶ
1185 3627 1375 3680 τούτου
1407 3627 1648 3680 πείθοιτο
1669 3627 1817 3697 αὐτῷ

243 3723 356 3775 τῶν
381 3723 554 3776 ἄλλων
589 3722 788 3792 μᾶλλον
816 3719 1052 3788 ἓνεκα,ἢ
1086 3719 1254 3788 αὐτῆς
1275 3734 1288 3748 ·
1315 3718 1454 3771 ὥστε
1481 3719 1566 3771 διὰ
1599 3721 1816 3772 πάντων

246 3813 434 3874 αὐτοῖς
474 3809 918 3879 ἁποφράττεσθαι
953 3810 1048 3871 τὰς
1082 3808 1363 3875 γλώσσας,
1387 3809 1479 3860 καὶ
1505 3808 1580 3878 μὴ
1607 3809 1817 3877 πρόφα-

249 3919 334 3955 σιν
387 3905 450 3955 ἐκ
502 3901 696 3954 τούτου
750 3899 1092 3968 κακουργίας
1151 3900 1244 3951 καὶ
1296 3897 1548 3965 διαϐολῆς
1609 3898 1814 3953 λαϐεῖν.

257 3990 741 4062 Ἀπαγορευούσης
775 3989 832 4042 δὲ
870 3990 1038 4057 αὐτῆς
1091 3990 1184 4040 καὶ
1217 3988 1316 4039 οὐκ
1359 3988 1647 4054 ἐθελούσης
1691 3988 1782 4038 πεί

246 4085 460 4143 θέσθαι,
503 4085 686 4135 ἔπεισε
731 4081 902 4134 πολλὰ
947 4077 1114 4132 εἰπὼν
1177 4078 1252 4140 ὡς
1310 4078 1439 4146 περὶ
1493 4077 1814 4142 ἀναγκαίου,

247 4177 494 4228 ἄκουσαν
527 4175 648 4243 μὲν,
679 4175 772 4225 καὶ
797 4172 920 4239 τόγε
947 4171 1023 4232 εἰς
1053 4171 1223 4239 αὐτὴν
1262 4165 1396 4240 ἧκον
1425 4167 1532 4220 τῶν
1559 4167 1817 4249 τοιούτων

248 4268 327 4337 μὴ
374 4265 635 4334 δεομένην
685 4262 1040 4332 ζητημάτων.
1087 4260 1372 4314 Ἐπείθετο
1423 4257 1467 4311 δ’
1514 4258 1610 4311 οὖν
1656 4258 1817 4311 ἕνεκα

243 4354 436 4410 αὑτοῦ.
477 4355 598 4405 Ἐπὶ
629 4352 840 4412 τούτοις
867 4349 1038 4402 δὲκαὶ
1072 4348 1232 4410 αὐτὸς
1267 4347 1477 4416 ἡσθεὶς,
1509 4346 1604 4398 καὶ
1634 4345 1817 4396 πᾶσαν

1925 1921 2050 1959 eum
2079 1919 2421 1974 accusarent,
2455 1924 2576 1978 qua:
2606 1925 2783 1966 meras
2813 1927 2931 1967 esse
2961 1911 3282 1975 calumnias,
3333 1922 3389 1965 et
3413 1929 3500 1982 sy-

1923 1996 2244 2063 cophantias
2277 1998 2380 2066 ipsi
2420 2013 2450 2052 a
2489 2001 2800 2070 semetipsis
2829 2001 3308 2065 convincerentur,
3337 2001 3501 2071 368

1925 2087 2122 2139 horum
2159 2088 2366 2140 nullam
2397 2088 2523 2142 duci
2576 2073 2841 2144 rationem
2890 2091 3112 2152 debere,
3140 2091 3234 2144 sed
3285 2105 3407 2144 cum
3434 2093 3501 2145 li-

1924 2176 2160 2244 gmentis
2193 2177 2309 2230 suis
2338 2179 2688 2234 aversandos.
2715 2170 2808 2234 Sin
2843 2180 2914 2233 ita
2954 2180 3254 2248 probabilia
3298 2180 3496 2244 lorent,

1922 2276 1984 2320 ut
2011 2267 2380 2332 dubitaretur,
2401 2268 2769 2333 credendane,
2802 2286 2868 2324 an
2896 2285 3132 2338 prorsus
3165 2271 3499 2338 repudianda

1922 2367 2129 2420 essent,
2173 2373 2280 2411 non
2317 2359 2502 2412 statim
2534 2359 2736 2412 indicta
2756 2374 2938 2422 causa,
2969 2371 3022 2413 et
3053 2359 3334 2412 absentem
3366 2375 3499 2412 con-

1922 2450 2314 2516 demnandum,
2337 2451 2433 2505 sed
2469 2453 2521 2504 in
2543 2453 2808 2522 judicium
2831 2453 3156 2516 vocandum,
3180 2453 3253 2506 ibi
3275 2453 3498 2506 sceleris

1920 2542 2228 2595 convictum
2284 2557 2404 2596 sese
2453 2559 2644 2607 ptenas
2706 2561 2812 2598 non
2865 2546 3032 2599 invite
3087 2555 3494 2614 suscepturum.

1919 2631 2057 2686 Cum
2097 2633 2420 2702 imperatrix
2447 2635 2782 2689 mentionem
2821 2651 2994 2704 ptena:
3047 2653 3152 2690 non
3193 2636 3380 2693 ferret.
3414 2638 3494 2688 af-

1921 2722 2279 2792 ﬁrmaretque
2304 2764 2318 2784 .
2353 2724 2618 2793 quidquid
2671 2727 2885 2778 tandem
2913 2728 3159 2780 eveniret
3213 2741 3492 2794 nunquam

1919 2809 1993 2862 ita
2015 2809 2083 2863 de
2117 2813 2234 2879 ipso
2263 2813 2651 2880 cogitaturam,
2691 2820 2751 2865 ut
2781 2813 2990 2881 judicio
3020 2814 3168 2867 illum
3195 2825 3497 2868 arcesseret

1920 2914 2024 2953 non
2084 2915 2142 2955 se
2181 2902 2498 2968 quieturum
2547 2903 2878 2958 domesticus
2929 2905 3292 2972 respoodebat
3321 2943 3336 2968 ,
3393 2901 3496 2958 nisi

1927 2999 1984 3042 et
2031 2989 2084 3042 in
2126 2991 2228 3044 hoc
2263 2991 2367 3046 sibi
2421 2993 2843 3062 obsequeretur,
2905 2994 3136 3048 aliorum
3185 3009 3350 3048 causa
3385 3009 3480 3046 ma-

1917 3082 2000 3140 εἰς)
2028 3096 2190 3149 quam
2254 3098 2375 3149 sua,
2411 3093 2471 3138 ut
2512 3083 2593 3138 sic
2637 3100 2732 3153 per
2769 3086 2951 3139 omnia
2984 3085 3093 3138 illis
3128 3100 3220 3138 ora
3249 3086 3484 3139 obstrue-

1921 3183 2153 3236 reotur,
2213 3181 2269 3228 et
2324 3189 2388 3228 ne
2444 3174 2573 3228 hinc
2627 3175 2859 3245 maligne
2922 3177 3289 3230 calumniandi
3337 3191 3490 3229 occa-

1918 3260 2128 3313 sionem
2201 3270 2507 3315 sumerent.
2570 3259 2862 3316 Recusauti
2946 3279 3076 3316 vero
3146 3274 3202 3317 et
3261 3266 3489 3328 invitae,

1917 3350 2064 3418 quod
2135 3366 2194 3403 se
2258 3350 2570 3421 hujusmodi
2632 3352 3046 3420 quaestionibus
3141 3368 3247 3406 non
3327 3369 3491 3421 egere

1917 3441 2151 3505 diceret,
2177 3442 2361 3495 multis
2385 3445 2565 3497 verbis
2588 3455 2647 3497 ut
2676 3458 2790 3497 rem
2813 3445 3172 3498 necessariam
3197 3450 3490 3513 persuasit.

1919 3533 2210 3588 DomeSIici
2263 3535 2431 3603 igitur
2488 3550 2651 3602 causa
2681 3537 2935 3590 assensit.
2960 3536 3232 3602 Quocirca
3267 3546 3322 3590 et
3375 3538 3492 3606 ipse

1917 3623 2281 3689 exhilaratus,
2316 3626 2576 3694 omnique
2598 3626 2984 3696 cogitationum
3017 3627 3373 3696 perplexitate
3399 3629 3492 3684 de-

1918 3716 2117 3783 posita,
2145 3732 2203 3770 se
2232 3717 2343 3786 jam
2375 3733 2500 3772 cum
2530 3718 2727 3785 gaudio
2753 3719 2820 3771 ad
2867 3719 3158 3787 imperimn
3200 3722 3491 3773 moderan-

1918 3805 2046 3857 dum
2085 3820 2206 3860 esse
2238 3821 2609 3876 regressurum
2657 3808 2817 3874 dixit,
2849 3810 2894 3863 si
2927 3810 3093 3863 etiam
3145 3821 3488 3864 sacramento

1919 3895 2066 3949 dicta
2138 3896 2538 3962 ﬁrmarentur;
2595 3899 2741 3967 quod
2804 3914 2928 3952 mox
2971 3901 3037 3954 ab
3109 3909 3339 3968 utroque
3397 3916 3490 3955 co-

1919 4001 2033 4038 ram
2088 3987 2399 4053 patriarcha
2441 3989 2642 4040 factum
2707 3998 2810 4042 est.
2866 3989 3111 4042 Perfecta
3141 3990 3305 4059 igitur
3340 3993 3490 4058 paci-

1921 4072 2170 4132 hizatione
2227 4078 2546 4146 imperatrix
2583 4079 2730 4132 domi
2769 4083 2990 4134 mansit.
3031 4081 3251 4150 Magnus
3301 4091 3486 4136 autem

1919 4168 2256 4222 domesticus
2287 4170 2454 4222 totius
2487 4169 2701 4238 imperii
2733 4171 3126 4239 gubernatione
3158 4174 3261 4229 sibi
3288 4177 3488 4230 contir-

1919 4268 2086 4319 mata,
2121 4275 2244 4312 cum
2279 4259 2591 4328 patriarcha
2622 4262 2871 4328 recessit,
2902 4271 2958 4316 et
2986 4264 3129 4332 apud
3159 4273 3330 4320 autem
3373 4283 3488 4322 ma-

1919 4347 2008 4418 gni
2036 4345 2582 4416 martyrisDetnetrii
2639 4348 2782 4403 intra
2816 4352 2994 4404 aulam
3018 4353 3178 4423 longo
3209 4371 3333 4410 etnn
3367 4372 3490 4411 scr-

243 4445 522 4515 λογισμῶν
557 4442 891 4512 ἀμφιϐολίαν
919 4441 1282 4508 ἀποθέμενος,
1327 4437 1532 4507 χαίρων
1578 4435 1814 4505 ἔφασκεν

1921 4452 2080 4491 mone
2119 4438 2356 4492 detinuit
2387 4477 2400 4502 ,
2436 4455 2627 4510 nempe
2653 4441 2787 4495 hoc:
2824 4443 2934 4511 Ego
2965 4459 3203 4512 quoque,
3235 4461 3341 4500 non
3382 4449 3486 4502 ali-

241 4538 345 4609 ἧδη
373 4535 792 4605 παραλήψεσθαι
831 4531 928 4602 τὴν
959 4532 1162 4600 ἀρχὴν,
1212 4530 1262 4580 εἰ
1299 4532 1390 4581 καὶ
1420 4527 1488 4579 δι’
1511 4529 1691 4597 ὅρκων
1724 4527 1815 4594 γέ-

241 4644 390 4682 νοιτο
434 4627 600 4679 πιστὰ
639 4627 706 4678 τὰ
761 4623 1052 4694 εἰρημένα.
1113 4622 1224 4674 Καὶ
1263 4620 1462 4672 αὐτίκα
1533 4619 1814 4672 ἐτελοῦντο

245 4723 343 4773 καὶ
390 4721 441 4772 oi
489 4720 641 4789 ὅρκοι
690 4717 821 4786 παρ’
857 4715 1136 4784 ἑκατέρων
1167 4713 1259 4764 ἐπὶ
1306 4711 1401 4764 τοῦ
1445 4711 1810 4780 πατριάρχου.

254 4811 411 4863 Ἐπεὶ
434 4809 491 4862 δὲ
520 4808 732 4870 οὐδενὸς
767 4807 954 4869 αὐτοῖς
992 4805 1163 4856 ἐνέδει
1193 4803 1272 4856 ἔτι
1319 4803 1455 4874 πρὸς
1487 4801 1606 4865 τὰς.
1629 4802 1814 4855 διαλύ-

242 4919 380 4965 σεις,
433 4900 642 4970 βασιλὶς
698 4900 799 4969 μὲν
850 4898 988 4951 οἴκοι
1043 4897 1387 4950 ὑπελείπετο.
1439 4895 1498 4947 '0
1532 4896 1702 4964 μέγας
1753 4894 1810 4945 δὲ

239 4994 563 5061 δομέστικος
593 4993 692 5062 ἥδη
745 4993 928 5045 πᾶσαν
982 4991 1084 5059 τὴν
1139 4989 1312 5060 ἀρχὴν
1363 4988 1597 5058 βεϐαίως
1647 4988 1808 5056 ἔχων,

239 5083 473 5154 ἐξῄεσαν
520 5086 635 5152 ἃμα
675 5083 1032 5154 πατριάρχῃ·
1099 5081 1196 5134 καὶ
1257 5082 1392 5150 πρὸς
1447 5081 1522 5150 τῷ
1569 5079 1682 5148 ναῷ
1715 5079 1808 5132 τοῦ

245 5175 736 5245 μεγαλομὰρτυρος
771 5176 1058 5241 γενόμενοι
1092 5174 1434 5243 Δημητρίου,
1485 5172 1543 5234 ὃς
1571 5173 1676 5224 τῶν
1711 5172 1808 5242 βαι

242 5265 465 5319 σιλείων
495 5264 811 5336 ᾠκοδόμητο
841 5265 1010 5328 ὲντδς,
1047 5264 1219 5315 πολλὰ
1249 5264 1340 5315 καὶ
1371 5263 1508 5331 πρὸς
1536 5263 1809 5332 πατριάρ-

239 5374 346 5427 χην
383 5357 411 5408 ό
451 5356 620 5425 μέγας
651 5356 974 5423 δομέστικος
1019 5352 1312 5422 διειλέχθη.
1346 5354 1488 5422 Ἔφη
1539 5354 1681 5421 γάρ’
1715 5371 1811 5405 πε-

240 5447 465 5500 πεῖσθαι
507 5449 604 5516 μὲν
651 5449 744 5500 καὶ
775 5448 940 5500 αὑτὸν
987 5447 1176 5511 σαφῶς
1221 5445 1295 5507 ὡς
1347 5447 1492 5506 οἴους
1527 5447 1558 5514 ἡ
1599 5445 1810 5513 βασιλὶς

239 5538 544 5607 ἐφθέγξατο
577 5538 790 5599 λόγους,
831 5537 1072 5590 τοιοῦτον
1111 5539 1205 5589 καὶ
1255 5537 1314 5589 τὸ
1350 5537 1608 5606 φρόνημα
1639 5536 1805 5604 ἔχειν.

237 5629 602 5697 θορυϐεῖσθαι
638 5628 694 5679 δὲ
725 5624 878 5690 αὖθις
914 5630 974 5679 οὐ
1016 5628 1229 5695 μικρῶς
1256 5629 1353 5694 τὴν
1385 5626 1672 5677 ἀσθένειαν
1711 5627 1810 5694 τῆς

238 5720 559 5786 γνν.ικείας
613 5718 848 5786 φύσεως,
906 5719 1083 5771 εἰδότα
1142 5718 1214 5781 ὡς
1272 5716 1676 5786 εὐμετάϐλητος
1722 5716 1808 5768 διὰ

1925 4538 2005 4583 ter
2062 4543 2224 4598 quam
2269 4531 2517 4595 sentiret,
2602 4532 3005 4601 imperalricem
3059 4535 3294 4588 locutam
3342 4552 3486 4604 esse,

1922 4623 2082 4692 plane
2111 4622 2298 4678 credo.
2340 4624 2640 4678 Perturbor
2692 4634 2874 4696 tamen
2941 4642 3046 4680 non
3092 4628 3484 4694 mediocriter,

1897 4748 1899 4750 -
1921 4718 2064 4785 quod
2089 4722 2294 4769 natura:
2313 4715 2598 4769 muliebris
2619 4716 3068 4778 imbecillitatem.
3087 4734 3248 4788 quain
3274 4720 3486 4775 scilicet

1922 4809 2092 4872 varia,
2124 4819 2180 4863 et
2205 4807 2274 4860 ob
2305 4806 2651 4861 timiditatem
2684 4808 2960 4862 mutabilis
2995 4811 3064 4864 sit
3094 4827 3402 4881 cognosco:
3431 4823 3484 4867 et

1932 4901 2070 4954 male
2098 4909 2302 4963 metuo,
2343 4915 2410 4953 ne
2435 4915 2534 4970 ego
2562 4901 2780 4969 quidem
2833 4917 3049 4971 semper
3076 4914 3302 4973 propter
3345 4905 3486 4959 bella

1921 5007 2044 5045 cum
2071 4991 2319 5045 ﬁnitimis
2350 4991 2606 5045 Barbaris
2634 4994 2827 5048 abesse
2865 4993 3080 5064 longius
3103 5011 3284 5065 cogar,
3328 5012 3486 5065 syco-

1920 5083 2138 5152 phanta:
2201 5092 2382 5136 autem
2433 5085 2578 5136 domi
2627 5085 2964 5150 desidentes,
3011 5087 3302 5154 aliquando
3335 5088 3482 5140 illam

1918 5182 2232 5243 pervertant
2293 5174 2446 5238 Quod
2492 5185 2548 5251 et
2601 5174 2736 5227 viris
2795 5175 2844 5226 in
2873 5191 3052 5244 pugna
3084 5176 3482 5233 imbclhssimis

1919 5266 2169 5320 accidere
2194 5267 2459 5325 videmus,
2489 5267 2632 5334 quia
2664 5269 2980 5322 domesticis
3011 5270 3275 5338 probrose
3311 5273 3488 5324 iocre-

1897 5357 2038 5425 piti,
2069 5368 2124 5410 et
2147 5357 2696 5410 centumeliosissime
2729 5361 2904 5413 vexati
2939 5375 3003 5413 ac
3028 5362 3160 5413 nihil
3195 5377 3298 5414 non
3321 5379 3485 5432 grave

1919 5451 2183 5516 perpessi.
2222 5459 2373 5501 extra
2413 5449 2658 5516 praelium
2690 5451 2870 5504 verbis
2919 5454 3246 5520 scjaetitant
3275 5459 3484 5523 magni-

1920 5536 2040 5601 ﬁce,
2066 5546 2121 5590 ct
2145 5539 2310 5604 jurati
2346 5539 2637 5600 al'lirmant,
2680 5540 2748 5593 de
2787 5552 2981 5594 ett-tero
3007 5557 3108 5594 l-Oil
3161 5554 3366 5611 tergum
3394 5548 3488 5599 Ιιυὸ

1919 5627 2096 5679 st-ibus
2126 5626 2476 5694 praebituros,
2507 5631 2596 5679 sed
2622 5644 2881 5696 generose
2908 5641 3094 5680 contra
3125 5642 3380 5695 pugnate.
3401 5651 3485 5686 os.

1914 5716 2208 5782 Postquam
2243 5724 2422 5769 utilem
2457 5731 2553 5771 eos
2601 5721 2925 5772 accedentes
2953 5733 3396 5784 COHSDt'XCl'Ilnl.
3432 5735 3487 5780 cl
