4096 6300
550 320 659 383 743

1732 323 2057 383 JOANNlS
2099 320 2627 384 CANTACUZENI

3704 316 3816 382 744

547 440 778 501 accitos,
829 434 962 505 quid
1011 435 1267 491 venirent
1298 436 1677 505 interrogavit.
1711 435 1813 502 Qui
1842 437 2123 506 juranten-

2234 434 2587 505 πρεσϐευτὰς
2639 431 2720 493 είς
2778 440 2847 482 τα
2911 427 3165 498 βασίλεια
3212 428 3491 493 ἐλθόντας,
3544 431 3683 498 περ)⁵
3737 428 3814 485 ὧν

548 536 688 589 tum,
715 527 861 595 quod
903 528 1203 597 imperator
1250 528 1563 583 Alexandro
1594 528 1744 597 pacis
1773 543 1905 597 ergo
1954 527 2123 581 dede-

546 628 652 677 rat.
693 619 1018 673 exhibentes
1052 660 1065 681 ,
1102 629 1287 687 petere
1321 619 1475 673 aiunt
1499 661 1514 683 ,
1549 631 1641 673 aut
1680 618 1989 674 Sismanum
2020 618 2123 673 sibi

549 711 695 780 regis
726 711 808 764 sui
842 710 1054 763 hostem
1089 710 1231 763 tradi
1266 726 1281 762 :
1313 719 1409 763 aut
1450 710 1847 779 jnramentum,
1895 719 1955 764 ut
1990 726 2125 780 pace

542 802 654 866 jam
694 799 849 851 irrita
907 797 1098 865 recipi.
1153 797 1342 865 Neque
1393 796 1540 851 enim
1596 798 1709 851 fore
1765 796 1996 866 justum,
2030 808 2126 850 aut

550 889 851 952 tolerabile,
886 888 1034 955 ipsos
1068 888 1289 956 quidem
1319 898 1521 952 certos,
1553 896 1609 941 et
1638 894 1957 942 constantes
1985 887 2124 940 anti-

547 995 642 1032 cus
668 994 731 1032 ac
758 979 938 1033 socios
966 977 1338 1031 Romanorum
1357 992 1490 1051 esse
1520 995 1533 1031 :
1570 977 1693 1031 illos
1719 986 1901 1031 autem
1932 991 2124 1030 eorum

548 1070 736 1122 hostes
785 1064 1191 1122 iuféusissimos
1238 1069 1484 1137 recipien
1509 1068 1604 1133 lo,
1662 1067 1842 1122 foedus
1896 1068 2122 1121 violare.

555 1157 684 1211 Hic
716 1159 901 1228 legali,
938 1158 1077 1212 fastu
1121 1166 1176 1212 et
1230 1159 1540 1228 arrogantia
1587 1158 1774 1225 pleni;
1812 1157 1949 1211 nihil
1996 1173 2127 1211 con-

549 1250 882 1304 tradicturos
910 1249 1203 1307 Romanos.
1234 1250 1329 1303 sed
1353 1251 1628 1318 extemplo
1653 1248 1963 1304 Sismanum
1994 1248 2125 1303 belli

550 1349 695 1393 metu
728 1340 1046 1394 reddituros
1095 1340 1326 1409 opinati.
1368 1338 1691 1407 lmperatrix
1737 1355 1991 1409 magnum
2032 1340 2129 1393 do-

548 1432 839 1485 niesticum
870 1446 994 1484 cum
1028 1431 1096 1485 iis
1125 1446 1308 1502 agere,
1349 1441 1406 1485 et
1450 1432 1515 1486 ad
1551 1432 1872 1500 petitionem
1903 1447 2129 1502 respon-

548 1521 679 1575 dere
701 1522 888 1591 jussit.
921 1522 1027 1586 Qui
1057 1523 1297 1591 primum
1329 1522 1464 1575 vitio
1489 1522 1661 1587 dedit,
1695 1523 1838 1592 quod
1870 1539 1979 1577 non
2001 1525 2126 1594 jure

548 1613 855 1666 venissent.
883 1611 1001 1665 Non
1035 1612 1182 1665 enim
1245 1612 1554 1680 oportebat,
1586 1612 1787 1682 inquit,
1820 1629 2003 1681 regem
2034 1628 2127 1668 ve-

540 1712 727 1758 strum
759 1701 1002 1756 defuncti
1048 1701 1398 1769 imperatoris
1438 1702 1665 1757 Romani
1695 1703 1930 1757 amicum
1960 1715 2125 1774 atque

2228 527 2454 596 ἣκουσιν
2498 521 2889 589 ἀπαγγέλλειν.
2930 524 2994 574 0t
3020 521 3076 574 δὲ
3132 517 3292 593 ἧκον,
3324 522 3417 574 καὶ
3448 521 3577 584 τοὺς
3607 523 3814 591 ὅρκους

2229 617 2448 685 ἔχοντες
2482 612 2576 677 οὒς
2636 613 2893 683 βασιλεὺς
2933 614 3072 682 πρὸς
3115 612 3467 682 Ἀλέξανδρον
3502 614 3598 666 ἐπὶ
3631 617 3697 680 τῇ
3730 617 3809 667 εί-

2229 711 2370 780 ρήνῃ
2398 710 2652 767 ἐποιεῖτο,
2680 706 2910 777 ῂτοῦντό
2953 722 3013 757 τε
3067 705 3253 767 αὐτοῖς
3294 707 3388 758 τὸν
3411 705 3678 773 Σίσμανον
3715 708 3808 772 ἐγ-

2230 800 2492 870 χειρίζειν
2513 799 2780 867 πολέμιον
2807 798 2937 848 ὅντα
2961 796 3038 865 τῷ
3066 799 3317 866 σφετέρῳ
3350 797 3585 866 βασιλεῖ.
3616 798 3649 866 ἦ
3682 800 3808 860 τοὺς

2227 892 2429 962 ὅρκους
2491 888 2928 957 ἀπολαμϐάνειν,
2993 889 3069 952 ὡς
3159 889 3347 941 οὐκέτι
3433 888 3533 958 τῆς
3580 891 3806 959 εἰρήνης

2229 983 2521 1053 ἐσομένης.
2555 980 2710 1050 Μηδὲ
2752 978 2862 1050 γὰρ
2893 978 2959 1031 ἂν
2987 977 3128 1033 εἶναι
3180 982 3432 1043 δίκαιονῖ
3451 980 3586 1048 μηδὲ
3635 984 3807 1034 ἀνεκ-

2225 1076 2320 1129 τὸν
2361 1074 2567 1138 αὐτοῖς,
2604 1074 2806 1135 αὐτοὺς
2835 1073 2936 1141 μὲν
2967 1071 3235 1140 ἀσφαλεῖς
3264 1066 3408 1123 εἶναι
3430 1072 3525 1123 καὶ
3550 1071 3806 1140 βεϐαίους

2229 1167 2422 1236 φίλους
2451 1168 2547 1219 καὶ
2574 1163 3235 1236 συμμάχουςῬωμαίοις,
3264 1163 3510 1227 ἐκείνους
3536 1164 3593 1216 δὲ
3623 1181 3805 1235 παρα-

2232 1261 2484 1313 σπονδεῖν
2535 1259 2663 1322 τοὺς
2718 1258 2905 1319 αὐτοῖς
2957 1257 3407 1327 πολεμιωτάτους
3465 1256 3804 1326 ὑποδεχομέ-

2229 1368 2378 1414 νους.
2415 1352 2481 1403 υἱ
2510 1350 2609 1420 μὲν
2636 1344 2731 1402 οὖν
2762 1347 3024 1420 πρέσϐεις
3055 1346 3285 1400 τοιαῦτα
3312 1341 3490 1409 εἷπον,
3517 1345 3683 1413 ὄγκου
3708 1346 3802 1398 καὶ

2230 1445 2590 1515 φρονήματος
2654 1440 3109 1511 πεπληρωμένοι,
3175 1440 3269 1492 καὶ
3325 1438 3450 1492 οὐδὲ
3524 1440 3802 1491 ἀντειπεῖν

2226 1537 2463 1605 οἰόμενοι
2504 1534 2832 1602 Ῥωμαίους,
2864 1531 2979 1584 ἀλλ’
3005 1531 3207 1584 αὐτίκα
3244 1530 3573 1600 ὲγχειρίσειν
3601 1531 3805 1597 Σὶσμα-

2227 1643 2317 1678 νον
2344 1626 2629 1687 δείσαντας
2651 1622 2741 1675 τδν
2759 1615 3000 1689 πόλεμον
3018 1621 3110 1674 τὸν
3144 1620 3281 1689 πρὸς
3306 1620 3504 1682 αύτούς
3536 1637 3551 1649 ν
3582 1620 3616 1688 ἠ
3644 1619 3804 1689 βασι·

2226 1717 2308 1779 λὶς
2336 1716 2393 1769 δὲ
2419 1716 2669 1768 ἐκέλευεν
2699 1713 2883 1775 αὐτοῖς
2900 1713 2990 1764 τδν
3029 1713 3204 1779 μέγαν
3234 1711 3552 1780 δομέστικον
3583 1728 3801 1780 χρημα-

548 1809 836 1865 generum,
868 1793 987 1861 ejus
1011 1793 1202 1846 liberis
1228 1791 1432 1847 bellum
1455 1792 1683 1854 inferre,
1717 1803 1774 1846 et
1804 1809 1927 1848 cum
1958 1809 2123 1850 causa

2226 1766 2568 1869 siéetv,xat
2607 1803 2740 1874 περὶ
2764 1797 2839 1856 ὧν
2862 1766 3122 1855 ἀίτοῦσιν
3169 1766 3791 1869 ἀποκρίνεσθαιΐέόιδὲ,

551 1887 753 1955 injusta
788 1884 975 1938 conari
1009 1883 1191 1938 t'cedus
1218 1899 1496 1952 rumpere.
1526 1884 1668 1951 Quin
1705 1885 1748 1940 si
1775 1896 1937 1940 antea
1962 1888 2123 1956 quid-

549 1979 698 2045 piam
739 1991 863 2030 cum
891 1990 958 2029 eo
992 1974 1107 2028 litis
1136 1983 1190 2028 et
1222 1977 1617 2030 controversia:
1660 1976 1965 2040 habuisset,
2001 1993 2122 2032 eam

550 2081 701 2119 nunc
727 2066 947 2120 missam
978 2064 1181 2129 facere,
1236 2075 1292 2119 et
1320 2064 1501 2120 fmdus
1530 2066 1908 2124 inviolabilius
1935 2079 2125 2124 custo-

548 2158 669 2211 dire
703 2197 718 2221 ,
766 2170 1007 2224 cumque
1066 2155 1257 2211 liberis
1312 2157 1453 2232 ejus,
1503 2159 1804 2213 amicorum
1858 2161 2127 2230 praesidiis

549 2245 713 2299 modo
743 2246 1089 2315 potissimum
1154 2247 1553 2318 indigentibus,
1584 2259 1776 2305 contra
1802 2268 1994 2307 eorum
2029 2253 2127 2307 ho-

546 2345 680 2396 stes,
709 2333 753 2390 si
784 2335 877 2403 qui
917 2333 1142 2400 fuerint,
1172 2335 1490 2391 societatem
1525 2337 1816 2393 instituere
1847 2339 2124 2394 debuissv.

547 2425 749 2479 Verum
781 2426 858 2479 illi
906 2425 1049 2480 idem
1076 2466 1090 2489 .
1153 2429 1296 2497 quod
1355 2429 1541 2484 multis
1581 2446 1714 2484 usus
1768 2433 1957 2485 venire
1982 2471 1996 2493 ,
2031 2433 2125 2500 qui

547 2502 916 2594 potentiores,
949 2519 1104 2573 vivos
1130 2518 1352 2587 quidem
1383 2519 1577 2574 oﬂiciis
1606 2520 1983 2586 demerentur,
2014 2537 2124 2575 non

547 2616 665 2661 tam
697 2609 940 2677 ipsorum
972 2608 1156 2673 amici,
1186 2625 1350 2678 quam
1384 2613 1666 2680 temporis,
1698 2621 1755 2666 et
1782 2613 2081 2681 opulentia:
2110 2629 2124 2666 :

552 2697 644 2749 ubi
675 2705 857 2750 autem
909 2704 1146 2751 mortem
1194 2699 1496 2766 obierunt,
1546 2700 1716 2755 veluti
1774 2716 1898 2755 cum
1951 2709 2127 2756 morte

547 2787 751 2841 solutis
780 2786 1037 2841 amicitiae
1098 2786 1350 2855 legibus,
1392 2805 1487 2845 eos
1513 2791 1625 2861 jam
1686 2800 1745 2845 ut
1800 2791 2130 2861 impotentes

549 2882 956 2937 contemnunt,
1014 2874 1381 2944 facillimeque
1442 2878 1721 2941 oderunt,
1776 2895 1916 2948 quos
1977 2881 2128 2949 prius

553 2963 786 3032 diligere
847 2962 1197 3019 videbantur.
1256 2966 1462 3021 Deinde
1516 2969 1585 3022 ad
1642 2969 1963 3038 petitionem
2022 2969 2128 3026 hoc

554 3070 879 3123 responsum
908 3055 1112 3111 attulit.
1162 3056 1279 3110 Non
1310 3069 1392 3112 est
1418 3058 1507 3113 hic
1542 3061 1754 3129 patrius
1782 3076 1901 3115 mos
1928 3062 2127 3116 Roma~

548 3237 906 3291 Constantino
931 3238 1078 3292 enim
1113 3238 1302 3308 Illaguo
1330 3276 1345 3302 ,
1401 3239 1662 3296 Romanis
1707 3243 2129 3312 imperatoribus

550 3327 887 3397 singularum
919 3328 1163 3398 gentium
1200 3344 1396 3398 reges,
1436 3346 1500 3385 ac
1552 3333 1806 3387 dominos
1856 3334 2129 3405 magnitu-

550 3418 679 3473 dine
709 3433 774 3472 ac
805 3419 1092 3474 nobilitate
1141 3419 1362 3489 imperii
1413 3423 1880 3480 antecellentibus
1910 3465 1926 3490 ,
1980 3441 2130 3481 com-

549 3509 737 3577 plures
761 3524 955 3563 eorum
982 3510 1211 3564 adversa
1255 3511 1475 3566 fortuna
1508 3512 1592 3567 usi
1639 3514 1782 3582 (98),
1815 3524 1872 3569 et
1917 3517 2128 3585 princi-

549 3609 680 3668 patu
702 3599 883 3668 ejecti,
905 3601 1181 3668 supplices
1210 3600 1337 3654 facti
1363 3614 1524 3666 sunt;
1556 3604 1647 3656 alii
1675 3615 1946 3674 rogantes,
1967 3622 2125 3662 suum

550 3689 655 3743 sibi
686 3689 1052 3759 principatum
1077 3686 1389 3760 recuperari
1415 3707 1430 3756 ;
1463 3692 1625 3762 372
1647 3695 1730 3748 sui
1762 3710 1973 3757 curam.
2001 3712 2129 3766 pro-

552 3778 964 3847 videntiamque
996 3777 1330 3848 ﬂagitantes.
1365 3778 1469 3846 Qui
1521 3791 1777 3851 tanquam
1808 3798 2127 3842 communes

552 3869 1000 3925 calamitosorum
1036 3870 1362 3934 salvatores,
1412 3887 1478 3925 ac
1511 3874 1727 3941 patroni
1763 3874 1833 3928 ab
1862 3876 2127 3932 omnibus

548 3975 851 4016 aerumnam
884 3959 1238 4041 depulerunt.
1298 3960 1434 4015 Nam
1494 3962 1595 4017 hos
1655 3964 1710 4018 iu
1768 3964 1996 4034 imperia
2026 3983 2125 4024 sua

548 4068 675 4109 cum
703 4053 880 4108 valida
917 4068 1079 4107 manu
1130 4053 1511 4121 reduxerunt;
1544 4055 1667 4110 illos
1707 4056 2012 4125 beneficiis,
2062 4076 2126 4116 ac

551 4144 714 4200 donis
783 4144 1347 4215 magnificentissimis
1414 4146 1848 4204 cobonestarunt
1879 4167 1894 4204 :
1927 4152 2126 4221 quibus

551 4251 679 4291 cum
714 4236 796 4291 eis
824 4251 1046 4290 suarum
1098 4237 1509 4306 provinciarum
1567 4241 1887 4295 memoriam
1928 4258 2126 4300 excus-

552 4326 778 4390 sissent,
807 4335 867 4381 ut
893 4341 1078 4381 secum
1126 4326 1199 4381 de
1244 4338 1445 4383 caetero
1480 4328 1650 4383 vitam
1711 4331 1978 4400 viverent,
2022 4352 2120 4390 au-

2230 1893 2423 1963 πρῶτα
2454 1894 2572 1961 μὲν,
2600 1892 2885 1961 ἐμέμφετο
2909 1890 3094 1952 αὐτοῖς
3115 1890 3190 1952 ὡς
3209 1890 3311 1942 οὐκ
3336 1889 3421 1958 ἐφ’
3452 1885 3533 1951 οἷς
3554 1890 3799 1958 προσῆκε

2229 1984 2327 2051 τὴν
2357 1983 2541 2052 ἀφιξιν
2577 1981 2996 2051 πεποιημένοις.
3051 1980 3203 2033 Ἔδει
3260 1980 3368 2050 γὰρ
3427 1978 3654 2049 βασιλέα
3707 1980 3799 2032 τὸν

2231 2074 2384 2144 ὑμῶν
2435 2075 2591 2143 φίλον
2626 2073 2757 2126 ὄντα
2796 2073 2891 2125 καὶ
2930 2070 3147 2140 πατέρα
3207 2071 3494 2139 κηδεστοῦ,
3537 2070 3617 2140 τῷ
3646 2087 3797 2122 τετε-

2228 2166 2514 2233 λευτηκότι
2542 2164 2756 2234 βασιλεῖ
2790 2163 3080 2233 Ῥωμαίων
3107 2162 3183 2233 μὴ
3218 2166 3328 2224 τοῖς
3374 2162 3588 2215 ἐκείνου
3642 2163 3797 2214 παισὶ

2230 2254 2469 2323 πόλεμον
2501 2252 2751 2320 ἐπάγειν,
2784 2251 2882 2304 καὶ
2907 2248 3148 2303 διαλύειν
3183 2248 3478 2318 πειρᾶσθαι
3504 2249 3605 2311 τὰς
3639 2264 3799 2300 σπον-

2227 2344 2323 2407 δάς
2359 2343 2446 2394 ἐπ’
2471 2342 2671 2404 αἰτίαις
2698 2342 2760 2394 ού
2791 2340 3053 2403 δικαίαις.
3094 2327 3236 2393 ’Ἀλλ’
3260 2339 3314 2391 εῐ
3335 2355 3459 2391 τινα
3491 2339 3586 2391 καὶ
3610 2338 3799 2407 πρότε-

2233 2452 2326 2505 ρον
2357 2430 2476 2504 εῒχε
2510 2432 2649 2502 πρὸς
2676 2433 2889 2485 ἐκεῖνον
2920 2431 3196 2500 πρόφασιν
3251 2430 3539 2502 διαφορᾶς,
3595 2430 3797 2498 ταύτην

2231 2524 2521 2580 καταλύειν
2554 2522 2668 2587 νῦν,
2696 2524 2790 2576 καὶ
2819 2522 3166 2592 βεϐαιότερον
3221 2523 3253 2592 ἦ
3296 2522 3562 2590 πρότερον
3592 2520 3797 2587 φυλάτ-

2229 2633 2342 2670 τειν
2373 2617 2472 2678 τάς
2526 2614 2831 2683 συνθήκας,
2893 2613 2987 2666 καὶ
3024 2613 3293 2682 βασιλέως
3325 2615 3439 2677 τοῖς
3469 2614 3632 2667 παισὶ
3661 2629 3799 2681 συμ-

2235 2708 2429 2778 μαχεῖν
2461 2706 2556 2759 ἐπὶ
2581 2706 2708 2767 τοὺς
2744 2703 3042 2773 πολεμίους
3080 2704 3147 2758 ἀν
3177 2721 3323 2769 τινες
3352 2698 3477 2769 ὦσι,
3541 2706 3658 2758 νυνὶ
3690 2704 3794 2773 μά-

2234 2795 2394 2847 λιστα
2414 2794 2514 2863 τῆς
2542 2793 2694 2863 παρά
2719 2792 2828 2845 τῶν
2859 2795 3033 2861 φίλων
3061 2793 3381 2861 ἑπικουρίας
3415 2794 3695 2863 δεομένοις
3723 2811 3732 2820 ·
3767 2793 3795 2847 δ

2229 2887 2275 2940 δ’
2306 2885 2451 2939 ἔοικε
2470 2884 2671 2938 ταύτὸν
2696 2887 2809 2947 τοῖς
2844 2883 3060 2948 πολλοῖς
3090 2885 3304 2951 παθεῖν,
3360 2886 3410 2939 οἳ
3439 2886 3652 2951 ζῶντας
3698 2886 3796 2956 μὲν

2232 2977 2600 3049 θεραπεύουσι
2629 2979 2757 3040 τοὺς
2782 2974 3070 3044 δυνατοὺς,
3118 2980 3180 3032 οὐ
3230 2980 3432 3049 μᾶλλον
3463 2981 3710 3042 ἐκείνων.
3760 2980 3790 3049 ἢ

554 3070 879 3123 responsum
908 3069 1112 3111 attulit.
1162 3069 1279 3110 Dion
1310 3069 1392 3112 est
1419 3069 1507 3113 Inc
1542 3069 1754 3129 patrius
1782 3076 1901 3115 mos
1929 3069 2123 3116 lioma~

551 3146 663 3208 nis,
702 3145 768 3199 ad
798 3160 856 3199 se
884 3146 1264 3217 confugientes
1309 3163 1501 3203 eorum
1532 3150 1786 3206 hostibus
1816 3152 2040 3207 dedere.
2079 3154 2121 3205 A

2231 3069 2324 3121 τοῦ
2348 3071 2543 3139 καιροῦ
2571 3069 2665 3121 καὶ
2698 3069 2802 3137 τῆς
2844 3069 3067 3124 ἐκείνων
3114 3071 3398 3140 δυνάμεως
3428 3071 3581 3135 ὄντες
3610 3073 3752 3141 φίλοι
3776 3088 3790 3102 “

2233 3158 2450 3212 ὲπειδάν
2480 3159 2538 3212 δὲ
2574 3159 2935 3217 ἀποίχωνται.
2972 3162 3080 3215 τῶν
3136 3161 3325 3217 αἰτίων
3378 3163 3624 3217 ὡσπειεὶ
3683 3164 3790 3217 δια-

2233 3158 2450 3212 ὲπειδάν
2480 3159 2538 3212 δὲ
2574 3159 2935 3231 ἀποίχωνται,
2972 3162 3080 3215 τῶν
3136 3161 3325 3217 αἰτίων
3378 3163 3624 3233 ὡσπερεὶ
3683 3164 3797 3217 δια-

2230 3250 2500 3303 λυθέντων
2524 3250 2626 3319 τῆς
2653 3250 2855 3319 φιλίας,
2900 3254 3076 3323 ῥᾷστα
3111 3256 3247 3324 πρὸς
3277 3254 3481 3326 ἔχθραν
3510 3256 3794 3326 ἐξάγονται

2228 3341 2336 3394 τῶν
2388 3342 2658 3412 πρότερον
2686 3343 2990 3399 δοκούντων
3024 3343 3164 3399 εἶναι
3196 3346 3368 3412 φίλων
3402 3348 3489 3402 διὰ
3531 3352 3631 3420 τὴν
3668 3349 3794 3404 ἁδυ-

2230 3429 2431 3491 ναμίαν
2465 3433 2664 3495 αὐτοὺς
2727 3435 3120 3504 περιορῶντες.
3176 3438 3406 3490 Ἔπειτα
3452 3438 3510 3491 δὲ
3541 3439 3793 3509 καὶπρὸς

2227 3521 2328 3590 τὴν
2358 3520 2584 3587 ἀξίωσιν
2613 3521 2818 3587 αὐτῶν,
2870 3523 3015 3577 οὓτω
3048 3527 3149 3592 τὴν
3182 3526 3483 3601 ἀπολογίαν
3531 3529 3789 3591 ἐποιεῖτο,

2230 3611 2308 3670 ὡς
2340 3613 2402 3664 οὐ
2433 3611 2665 3682 πάτριον
2693 3616 2804 3677 τοῖς
2846 3615 3132 3687 Ῥωμαίων
3156 3615 3439 3685 βασιλεῦσι
3457 3619 3583 3682 τοὺς
3610 3620 3791 3683 αὐτοῖς

2229 3702 2650 3772 προσφυγόντας
2682 3707 2794 3768 τοῖς
2822 3707 3103 3776 πολεμίοις
3128 3710 3461 3779 προδιδόναι,
3510 3712 3643 3765 ’Δπδ
3685 3712 3792 3781 γὰρ

2227 3794 2336 3846 τῶν
2369 3796 2786 3851 Κωνσταντίνου
2837 3798 2932 3852 τοῦ
2964 3801 3221 3868 Μεγάλου
3252 3804 3462 3875 χρόνων
3516 3804 3649 3874 ἀχρι
3696 3804 3791 3857 νῦν

2225 3884 2339 3945 τοῖς
2372 3882 2663 3955 Ῥωμαίων
2690 3885 2996 3956 βασιλεῦσι,
3031 3891 3246 3959 μείζοσι
3274 3893 3371 3944 καὶ
3401 3894 3789 3964 περιφανεστέ-

2228 3990 2342 4043 ροις
2369 3973 2478 4028 τῶν
2509 3975 2642 4047 παρ’
2684 3977 2937 4039 ἑκάστοις
2987 3979 3174 4034 ἔθνεσι
3214 3980 3583 4054 βασιλεῦσινῆ
3634 3986 3793 4041 δυνά-

2228 4080 2388 4126 σταις
2418 4059 2563 4132 οὖσι,
2605 4066 2792 4120 πολλοὶ
2824 4068 2932 4121 τῶν
2964 4072 3095 4140 παρ’
3146 4073 3329 4137 αὐτοῖς
3355 4075 3639 4145 ἀρχόντων
3668 4078 3792 4129 ἀτυ-

2224 4154 2516 4223 χήσαντες,
2578 4156 2676 4209 καὶ
2708 4157 2808 4228 τῆς
2842 4159 3021 4229 ἀρχῆς
3053 4162 3449 4234 ἐκϐεϐλημένοι
3502 4168 3792 4235 γεγόνασιν

2227 4246 2405 4298 ἱκέται
2426 4261 2441 4277 ο
2475 4247 2527 4298 οι
2554 4249 2675 4315 μὲν,
2705 4248 2803 4318 τὴν
2831 4251 3041 4305 οἰκείαν
3069 4253 3254 4318 αὐτοῖς
3281 4256 3567 4326 ἀρχόντων
3596 4260 3793 4329 ἀτυχή-

2226 4354 2444 4403 σαντες,
2512 4340 2607 4392 καὶ
2656 4344 2756 4411 τῆς
2802 4346 2977 4413 ἀρχῆς
3046 4346 3447 4418 ἐκϐεϐλημένοι
3506 4352 3792 4420 γεγόνασιν

553 4423 735 4470 ctores
764 4414 1021 4480 fuerunt;
1056 4415 1376 4484 imperatori
1410 4417 1660 4488 subesse,
1692 4421 1866 4476 multo
1896 4424 2116 4490 melius,

2227 4431 2401 4482 ἱκέται
2449 4431 2498 4482 οἱ
2558 4432 2658 4500 μὲν
2689 4436 2788 4503 τὴν
2835 4436 3045 4490 οἰκείαν
3111 4414 3791 4516 αὐτοῖς-δεόμενοι-ἀρχὴν

551 4512 608 4559 ct
635 4505 906 4561 illustrius
936 4506 1293 4570 ducentibus,
1345 4522 1508 4577 quam
1538 4510 1680 4578 apud
1713 4524 1867 4565 suam
1903 4523 2120 4583 gentem

554 4610 740 4649 rerum
780 4596 1025 4650 habenas
1077 4595 1380 4650 moderari.
1429 4596 1697 4653 Similiter
1734 4615 1883 4655 nunc
1917 4602 2124 4657 Sisma-

551 4700 657 4740 nus
712 4687 1084 4741 Romanorum
1141 4687 1477 4757 tnajestatem
1537 4690 1767 4759 supplex
1824 4692 2117 4760 invocavit,

549 4774 660 4829 non
695 4776 788 4829 ille
825 4776 1054 4845 quidem
1104 4784 1165 4830 ut
1204 4776 1259 4829 in
1296 4790 1456 4831 suum
1491 4791 1720 4848 regnum
1775 4780 2117 4849 restituatur,

549 4866 646 4921 sed
682 4874 740 4920 ut
765 4880 796 4919 e
827 4881 994 4934 regno
1020 4865 1343 4937 proﬂigatus
1366 4916 1383 4941 ,
1414 4867 1470 4921 in
1518 4869 1622 4923 hac
1655 4871 1857 4926 misera
1896 4871 2119 4928 fortuna

549 4971 649 5009 sua
679 4966 868 5010 nostra
915 4970 1046 5010 cura
1076 4995 1092 5021 ,
1129 4955 1624 5028 procurationeque
1658 4970 1961 5017 recreetur.
1993 4963 2119 5020 Ale-

550 5047 759 5105 xander
789 5063 954 5117 porro
989 5062 1083 5101 rex
1113 5056 1315 5113 vester,
1359 5060 1588 5119 propter
1625 5051 1838 5107 obitum
1879 5054 2119 5125 impera-

483 5140 488 5189 “.
550 5143 686 5196 toris
717 5141 783 5196 de
821 5140 1187 5195 Bonitanorum
1225 5140 1391 5194 rebus
1441 5152 1622 5195 actum
1665 5145 2026 5211 existimans,
2059 5156 2118 5202 et

550 5233 826 5289 neminem
879 5232 1127 5303 adeptos,
1158 5232 1251 5302 qui
1303 5248 1396 5288 eas
1441 5250 1628 5305 regere
1667 5238 1872 5306 possit,
1906 5239 2115 5308 legatos

2223 4521 2624 4586 ἐπανασώζειν,
2656 4524 2706 4577 οἱ
2738 4524 2795 4577 δὲ
2831 4530 2925 4580 καὶ
2957 4528 3134 4594 ἄλλως
3182 4534 3447 4601 προνοίας
3502 4536 3599 4589 καὶ
3639 4539 3791 4607 κηδε-

2224 4611 2417 4678 μονίας
2451 4614 2634 4683 τυχεῖν
2679 4631 2848 4680 τινος,
2889 4618 2982 4671 καλ⁴
3009 4621 3177 4675 πᾶσιν
3233 4624 3477 4693 ἤρκεσαν
3508 4629 3642 4698 πρὸς
3695 4629 3789 4692 τὰς

2223 4703 2532 4772 συμφορὰς,
2591 4704 2782 4777 ὥσπερ
2821 4711 2990 4763 κοινοὶ
3046 4713 3316 4782 σωτῆρες,
3347 4718 3442 4770 καὶ
3490 4720 3787 4790 προστάται

2217 4792 2328 4844 τῶν
2372 4793 2614 4863 δυσκόλῳ
2642 4796 2784 4869 τύχῃ
2814 4802 3182 4870 χρησαμένων
3206 4805 3380 4869 ὄντες.
3418 4809 3530 4862 Καὶ
3559 4813 3673 4874 τοῖς
3693 4812 3787 4881 μὲν
3882 4860 3898 4875 ,

2219 4881 2401 4935 αὐτῶν
2452 4885 2722 4940 ἀπέδοσαν
2752 4889 2851 4950 τὰς
2905 4889 3082 4960 ἀρχὰς
3131 4895 3281 4964 χειρὶ
3316 4896 3487 4968 πολλῇ
3550 4916 3788 4968 καταγα-

2218 4972 2432 5039 γόντες,
2466 4974 2645 5039 ἐνίους
2674 4978 2732 5031 δὲ
2764 4979 3239 5051 εὐεργετήσαντες
3277 4989 3515 5055 μεγάλα,
3559 4993 3657 5043 καὶ
3691 4976 3787 5059 si];

2216 5064 2427 5126 οἰκείας
2483 5069 2811 5135 ποιήσαντες
2870 5072 3197 5154 ἐκλαθέσθαι
3235 5080 3300 5148 τῇ
3354 5078 3631 5151 ὑπερϐολῇ
3685 5085 3785 5135 τῶν

2217 5152 2462 5224 δωρεῶν,
2484 5157 2721 5212 ’ἔπεισαν
2752 5152 2937 5225 αὐτοῖς
2964 5167 3311 5221 συνεῖναιδιά
3343 5169 3484 5239 βίου,
3511 5173 3611 5242 τὴν
3642 5174 3783 5244 πσρὰ

2221 5244 2434 5312 βασιλεί
2461 5246 2706 5303 δουλείαν
2739 5252 2874 5304 πολὺ
2908 5253 3101 5323 βελτίω
3126 5259 3462 5327 νομίσαντας
3514 5265 3610 5316 καὶ
3656 5264 3781 5318 θαυ-

1809 5351 2024 5413 Jacobi
2060 5354 2324 5417 Pontani
2358 5367 2547 5422 notae.

622 5467 733 5548 (98)
775 5465 1050 5548 Romanos
1087 5468 1498 5548 imperatores_a
1529 5470 1887 5529 Constantino
1918 5476 2108 5548 Magno

547 5539 818 5611 recepisse
844 5539 1170 5611 __supplices,
1211 5548 1301 5611 aut
1341 5541 1594 5611 profugos
1631 5558 1786 5611 reges
1834 5539 2105 5603 variar'um

548 5608 1013 5677 gentiunujisqne
1049 5608 1406 5671 consuluisse,
1453 5608 1597 5677 pa‘tet
1633 5608 1962 5669 ex'histm-iis
1992 5617 2098 5669 lto-

549 5674 741 5729 tuanis.
783 5674 1011 5731 Nam’ut
1057 5679 1193 5732 bene
1225 5679 1414 5734 Cicero
1443 5674 1501 5733 in
1534 5681 1821 5736 Maniliana
1847 5699 1860 5738 :
1890 5685 2103 5755 Aﬁlicta:

2434 5490 2658 5577 [az-tuna:
2702 5491 2857 5561 facile
2888 5497 3168 5577 multorum
3203 5517 3341 5569 opes,
3385 5520 3567 5560 eorum
3604 5510 3782 5577 impri-

2215 5567 2571 5640 uus,qut_aut
2604 5577 2746 5640 reges
2769 5574 2913 5624 sunt.
2947 5579 3037 5619 aut
3073 5570 3126 5621 in
3154 5567 3312 5640 regno
3346 5576 3542 5633 vivunt;
3588 5582 3659 5631 ad
3678 5567 3781 5633 Imi-

2212 5625 2556 5710 f‘?.""°’d‘.“"'
2599 5625 2885 5710 αΐῖίείαηιε
2925 5640 3062 5710 qvod
3107 5625 3297 5710 rega'le
3328 5625 3409 5698 in
3434 5625 3777 5703 sanant}.

2209 5707 2392 5759 guunt,
2428 5703 2476 5747 et
2503 5707 2739 5753 sanctum
2767 5717 2874 5757 esse
2899 5708 3163 5762 videatur.
