4096 6300
277 322 386 389 745

1400 321 1943 386 IllSTORIARUM
1990 325 2219 387 LIBER
2259 320 2415 390 11L".
2474 358 2482 369 τ

3388 294 3527 418 ω·

282 442 636 513 μασιωτέραν
672 442 771 510 τῆς
803 442 980 514 ἀρχῆς
1032 442 1141 497 τῶν
1185 421 1501 513 ὁμοξύλων,
1555 444 1648 495 τὸν
1681 440 1844 494 αὐτὸν

1955 444 2120 496 multa
2150 456 2275 496 cum
2308 442 2562 498 libertate
2598 440 2910 497 Sismanum
2942 441 3275 512 postulatum
3324 441 3511 502 misit.

280 535 346 604 δὴ
379 535 586 604 τρόπον
642 533 735 588 καί
766 531 886 597 νῦν,
944 535 1215 603 Σίσμανος
1278 535 1465 603 ίκέτης
1499 535 1692 602 γέγονε
1741 534 1841 602 τῆς

313 623 582 699 Ρωμαίων
613 622 915 693 βασιλείας,
974 625 1035 677 οὐ
1062 624 1199 694 πρὸς
1228 624 1325 693 τὴν
1346 625 1566 679 οἰκείαν.
1582 624 1836 692 δεόμενος

285 718 644 782 καταγαγεῖν,
674 715 813 768 ἀλλὰ
843 716 1105 785 προνοίας
1146 715 1293 780 τινὸς
1338 719 1525 786 τυχεῖν
1555 732 1844 785 κακοπρα-

280 807 395 875 γῶν
429 807 641 875 καὶτῆς
670 807 848 877 ἀρχῆς
880 807 1310 877 ὲκὸεὸλημένος.
1344 807 1696 878 Ἀλέξανδρος
1733 807 1792 860 δὲ
1816 808 1847 860 δ

281 899 550 968 ὑμέτερος
589 897 872 965 βασιλεὺς,
902 898 980 961 ὠς
1008 898 1180 965 ἔοικε,
1213 898 1300 951 διὰ
1333 897 1433 967 τὴν
1458 898 1723 967 βασιλέως
1748 915 1836 951 τε·

279 988 474 1058 λευτὴν
508 988 577 1041 τὰ
619 988 908 1059 Ῥωμαίων
967 991 1270 1058 πράγματα
1324 989 1644 1043 παντάπασι
1685 989 1836 1057 νομί-

288 1078 398 1143 ζων
447 1078 794 1149 διεφθάρθαι,
850 1080 946 1135 καὶ
995 1080 1201 1150 μηδένα
1247 1081 1340 1134 τὸν
1393 1081 1845 1152 προστησόμενον

276 1168 612 1260 κεκτῆσθαις
643 1170 853 1223 ἐκεῖνον
893 1169 1214 1223 ἀπέστειλεν
1250 1168 1419 1222 αἰτῶν
1472 1169 1613 1240 μετὰ
1638 1167 1840 1260 πολλῆς

284 1256 385 1329 τῆς
436 1258 755 1332 παρρησίας
807 1257 994 1311 καὶτὸ
1050 1258 1428 1329 κελευόμενον·
1463 1260 1640 1312 ποιεῖν
1681 1256 1848 1327 μηδὲν

285 1346 889 1417 πολυπραγμονοῦντας
946 1345 1144 1410 ἀξιῶν.
1203 1347 1275 1401 Τδ
1300 1346 1347 1399 δ’
1384 1346 1638 1408 ἐναντίως
1668 1345 1783 1415 ἔχει
1809 1343 1845 1414 ἡ

256 1435 500 1507 ιῷήθητε
535 1437 711 1495 αὐτοί.
766 1435 1034 1498 Βασιλεύς
1088 1452 1149 1488 τε
1179 1436 1288 1506 γὰρ
1319 1436 1402 1488 ἔτι
1454 1433 1664 1505 περιὼν
1713 1436 1848 1506 ἡμῖν

287 1526 570 1598 χρώμενος
600 1529 730 1590 τοὺς
780 1527 994 1587 ἀδικεῖν
1035 1527 1324 1590 ἐθέλοντας
1358 1529 1681 1598 ἐτιμωρεῖτο
1703 1543 1719 1559 ·
1754 1526 1847 1579 καὶ

287 1619 384 1671 νῦν
423 1618 484 1684 ἐξ
505 1617 812 1687 ἀνθρώπων
842 1619 1058 1673 ἐκείνου
1091 1618 1484 1688 γεγενημένου,
1516 1619 1681 1688 ἡμεῖς
1710 1618 1850 1685 ἀμυ-

279 1707 522 1778 νούμεθα
556 1708 697 1778 ὑπὲρ
736 1708 888 1779 ἡμῶν
919 1707 1124 1773 αὐτῶν,
1154 1708 1220 1763 ἄν
1252 1726 1336 1773 τις
1369 1709 1521 1780 ἐπίῃ,
1557 1707 1663 1761 ὑπὸ
1694 1710 1846 1775 βασι-

279 1798 380 1852 λέα
399 1799 489 1851 τὸν
519 1799 730 1853 ἐκείνου
760 1800 929 1853 παῖδα
952 1801 1301 1872 τεταγμένοι,
1328 1800 1425 1853 καὶ
1449 1799 1548 1869 τὴν
1582 1815 1642 1851 τε
1663 1798 1848 1869 χώραν

281 1886 443 1958 ἡμῶν
478 1884 788 1955 φυλάξομεν
822 1887 1013 1956 ἀπαθῆ
1058 1888 1269 1954 κακῶν,
1320 1888 1417 1940 καὶ
1452 1887 1594 1957 ύπὲρ
1643 1882 1881 1953 φιλοτι-’

286 1979 416 2046 μίας
447 1976 840 2045 τῆς-ἀνέκαθεν
874 1976 1167 2047 Ῥωμαίοις
1192 1975 1577 2048 προσηκούσης
1600 1976 1852 2046 πολεμή-

282 2085 457 2136 σομεν
485 2067 614 2138 ύμῖν
664 2068 991 2138 προθύμως.
1033 2069 1108 2123 Οὐ
1162 2070 1273 2138 γὰρ
1312 2068 1507 2138 μικρὸν
1555 2066 1715 2121 τοῦτό
1763 2083 1851 2136 γε,

283 2161 406 2222 οὐδὲ
440 2160 926 2232 εὐκαταφρόνητον
950 2162 1084 2232 ἡμῖν
1112 2163 1194 2224 είς
1220 2159 1437 2227 ἀδοξίας
1465 2158 1622 2226 λόγον
1661 2158 1723 2210 τὸ
1760 2157 1853 2211 τὸν

291 2250 508 2317 φυγάδα
545 2252 680 2320 παρ’
708 2251 840 2320 ἡμῖν
865 2250 1259 2321 γεγενημένον,
1305 2249 1339 2320 ἢ
1373 2248 1548 2320 ὑμῶν,
1586 2247 1621 2319 ἡ
1650 2248 1853 2319 ἑτέρων

288 2340 630 2394 κελευόιτων
661 2342 759 2395 ἐπὶ
785 2342 1002 2410 θανάτῳ
1027 2340 1359 2411 προδιδόναι.
1389 2341 1483 2394 Ἂν
1516 2337 1618 2415 μὶν
1643 2334 1738 2392 οὖν
1760 2341 1854 2394 καὶ

285 2428 441 2489 αὐτοὶ
473 2429 571 2498 τῆς
597 2428 828 2490 ἀτοπίας
860 2428 972 2481 τῶν
1001 2427 1275 2482 τοιούτων
1327 2425 1657 2496 ζητημάτων
1715 2427 1853 2479 ἀπο-

286 2520 541 2585 στάντες,
577 2520 809 2591 εἰρὴνην
835 2519 1012 2588 ἄγειν,
1039 2519 1132 2572 καὶ
1155 2519 1276 2580 ταῖς
1311 2515 1565 2579 σπονδαῖς
1592 2515 1853 2586 ἐμμένειν

286 2613 385 2667 καὶ
416 2616 525 2676 τοῖς
562 2613 749 2683 ὅρκοις
790 2609 885 2674 οὓς
934 2609 1071 2682 πρὸς
1103 2608 1331 2680 βασιλέα
1354 2607 1568 2673 ἔθεσθε,
1600 2606 1849 2677 ἐθέλητε,

291 2702 675 2772 πειρασόμεθα
724 2702 821 2755 καὶ
871 2701 1035 2770 ἡμεῖς
1092 2698 1205 2753 τῶν
1258 2696 1620 2751 καθεστώτων
1684 2695 1854 2766 μηδὲν

287 2797 480 2849 κινεῖν.
519 2794 611 2849 “Av
644 2793 690 2848 δ’
719 2793 926 2865 ἄρχητε
968 2790 1125 2844 αὐτοὶ
1153 2790 1414 2861 πρότεροι
1449 2787 1712 2857 πολέμου,
1760 2789 1854 2841 τὸν

284 2883 417 2938 Θεὸν
449 2887 543 2938 καὶ
569 2886 728 2954 ἡμεῖς
766 2882 1023 2954 μάρτυρα
1052 2881 1151 2949 τῆς
1201 2872 1412 2939 ἀδικίας
1467 2878 1856 2948 προστησάμε-

292 2990 396 3035 νοι,
436 2971 494 3025 ὂν
531 2975 684 3026 αὐτοὶ
713 2974 1021 3043 ὲπιορκεῖτε
1045 2970 1355 3032 διαλύοντες
1370 2968 1469 3030 τὰς
1499 2968 1750 3031 σπονδὰς,
1772 2969 1856 3021 διο

285 3061 519 3132 δάξομεν
555 3063 696 3131 ὑμᾶς
726 3062 889 3132 μηδὲν
921 3061 1066 3130 πέρα
1096 3060 1190 3113 τοῦ
1212 3061 1581 3129 προσήκοντος
1596 3052 1850 3126 ’φρονεῖν,

287 3154 451 3223 καὶῆ
480 3154 748 3223 Σίσμανον
773 3156 1024 3226 τριήρεσι
1073 3152 1164 3205 διὰ
1210 3150 1303 3204 τοῦ
1337 3149 1551 3219 Ἴστρου
1582 3148 1855 3218 καταστὴο

288 3262 483 3301 σαντες
515 3247 609 3298 ἐπὶ
633 3245 894 3316 Βδδήνην,
924 3247 1020 3298 καὶ
1057 3243 1292 3315 πόλεμον
1321 3243 1585 3312 ἐμφύλιον
1611 3242 1853 3312 ἀνάψαν-

286 3350 376 3397 es;
411 3334 540 3402 ὑμῖν
566 3347 581 3362 ο
616 3333 736 3387 ῖστε
788 3332 898 3403 γὰρ
950 3333 1015 3402 δή
1070 3346 1175 3384 που
1227 3332 1323 3383 καὶ
1350 3331 1508 3382 αὐτοὶ
1557 3329 1633 3392 ὡς
1664 3328 1854 3381 πολλοί

288 3421 496 3474 Μυσῶν
554 3422 1036 3492 προσχωρήσουσιν
1090 3416 1284 3486 ἐκείνῳ
1341 3416 1430 3469 διὰ
1468 3415 1567 3486 τὴν
1618 3415 1855 3486 ἀρχαίαν

288 3511 479 3580 φιλίαν
514 3513 609 3565 καὶ
637 3511 737 3582 τὴν
758 3511 1074 3576 οἰκειότητα
1124 3508 1219 3563 τοῦ
1249 3496 1460 3577 γένους,
1491 3509 1524 3579 ἢ
1566 3506 1852 3561 παντάπαο

294 3619 386 3656 σιν
422 3602 771 3673 Ἀλέξανδρον
827 3601 1167 3671 ἰκϐαλοῦμεν
1216 3600 1313 3670 τῆς
1368 3600 1565 3671 ἀρχῆς,
1599 3598 1634 3670 ἡ
1687 3599 1758 3652 τά
1788 3614 1856 3666 γε

290 3692 545 3763 δεύτερα,
578 3693 639 3746 οὐ
688 3693 887 3765 μέτριά
920 3709 1042 3746 τινα
1094 3691 1450 3762 ζημιώσομεν
1502 3689 1753 3761 αύτὸν,ἡ
1805 3690 1856 3743 εἰ

301 3787 380 3857 μὴ
410 3786 568 3839 τοῦτο
593 3786 802 3856 δοκοίη,
844 3783 919 3846 ὡς
948 3783 1227 3845 ἐλάττονος
1272 3782 1306 3853 ἢ
1331 3780 1581 3851 ,προσῆκε
1610 3781 1708 3851 τῆς
1740 3781 1860 3833 ἐπι-

297 3877 528 3948 κουρίας
554 3876 867 3946 γινομένης,
922 3874 1040 3929 ἀλλ’
1077 3875 1253 3942 ἔγωγε
1294 3871 1455 3935 αὐτὸς
1480 3873 1597 3941 ἅμα
1627 3872 1858 3943 στρατιᾷ

301 3967 594 4035 Ῥωμαίων
618 3967 755 4036 ἔχων
774 3969 870 4019 καὶ
890 3964 1157 4035 Σίσμανον
1183 3963 1313 4033 ὑμῖν
1335 3958 1662 4030 ὲπιστρατεύ
1679 3976 1747 4013 ιω
1764 3961 1859 4011 καὶ

298 4051 588 4121 μαχοῦμαι
624 4050 1022 4120 προθυμότατα
1052 4049 1213 4119 ὑμῖνο
1240 4050 1301 4101 ού
1343 4046 1503 4121 μόνον
1547 4041 1860 4112 -πᾶρασπον-

294 4145 559 4213 δούμενος
581 4143 769 4210 αὐτὸς,
798 4142 936 4196 άλλά
965 4143 1058 4196 καὶ
1097 4140 1443 4211 ἀδικουμένῳ
1471 4137 1706 4209 βοηθῶν,
1766 4137 1862 4190 καὶ

296 4235 531 4304 προσέτι
563 4250 625 4302 γε
673 4233 1026 4297 στασιάζουσι
1050 4233 1185 4302 πρὸς
1217 4222 1467 4294 ἐαυτόὺς,
1499 4228 1729 4290 καὶτοῖς
1758 4226 1860 4298 μιν

305 4325 648 4397 Ἀλεξάνδρῳ
671 4325 1115 4397 προσκειμένοις,
1131 4326 1243 4388 τοῖς
1267 4322 1325 4377 δὲ
1354 4323 1504 4394 ἡδιον
1531 4323 1598 4376 ἂν
1622 4320 1861 4375 ἀπαλλα-

1950 545 2211 595 censens,
2257 548 2360 589 nos
2385 549 2507 604 qua:
2546 534 2639 588 ille
2683 535 2816 590 velit
2868 535 3004 588 citra
3055 531 3511 587 detrectationem

1947 622 2171 690 exsequi
2200 632 2475 692 oportere.
2509 623 2577 678 At
2598 624 2750 678 enim
2772 625 2946 694 longe
2989 620 3264 677 fallimini.
3297 620 3431 675 Nam
3460 629 3515 675 et

1945 711 2242 780 imperator
2291 713 2472 767 adhuc
2520 714 2777 784 spiritum
2814 714 3061 781 ducens,
3112 721 3300 767 nostra
3348 724 3515 780 opera

1947 802 2239 871 injuriosos
2280 805 2563 873 puniebat,
2603 814 2661 860 et
2689 822 2837 861 nunc
2864 821 2931 861 eo
2960 821 3005 882 e~
3034 805 3355 861 mortalibus
3380 806 3511 858 sub-

1943 887 2089 958 lato,
2131 908 2231 949 nos
2261 896 2375 950 tilio
2415 898 2534 967 ejus
2561 897 2876 968 imperatori
2906 898 3161 967 subjeéti,
3195 904 3435 957 nosmet,
3467 896 3514 951 si

1945 984 2072 1052 quis
2098 985 2387 1051 invaserit,
2418 988 2752 1043 ulciscemur
2780 1007 2793 1053 ;
2848 998 2907 1043 et
2936 1004 3060 1043 cum
3110 987 3387 1058 regionem
3421 1004 3519 1043 no-

1932 1082 2116 1129 .stram
2148 1089 2179 1127 a
2215 1076 2995 1147 vastitudineidireptioneque
3048 1076 3348 1140 tuebimur,
3399 1082 3514 1129 tum

1945 1164 2132 1233 gloria:
2195 1164 2420 1232 studio,
2457 1167 2604 1237 quod
2656 1168 2885 1223 Romani
2933 1183 2962 1221 a
3011 1168 3308 1237 majoribus
3353 1167 3513 1240 quasi

1949 1253 2325 1309 hereditatem
2376 1257 2669 1324 quamdam
2708 1257 3043 1326 accepimus,
3074 1257 3275 1327 cupide
3329 1260 3520 1314 vobis-

1950 1358 2076 1399 cum
2106 1345 2261 1414 signa
2291 1346 2658 1402 conferemus.
2695 1345 2848 1402 Haud
2875 1347 3022 1402 enim
3053 1347 3173 1402 leve
3218 1348 3326 1404 hoc
3358 1364 3515 1415 sane,

1946 1447 2048 1489 nec
2082 1449 2270 1503 parum
2303 1435 2468 1491 nobis
2496 1435 2829 1506 probrosum
2857 1477 2873 1502 ,
2929 1437 3235 1507 supplicem
3268 1448 3518 1495 nostrum

1947 1522 2103 1579 vobis
2130 1534 2226 1578 aut
2257 1525 2383 1580 aliis
2436 1527 2753 1596 petentibus
2793 1527 3232 1584 interficiendum
3275 1534 3519 1586 tradere.

1945 1612 2306 1679 Quamobrem
2365 1614 2412 1671 si
2451 1616 2572 1671 istis
2623 1618 2791 1673 stulte
2859 1619 3213 1693 requirendis
3260 1635 3521 1691 superse-

1949 1704 2160 1769 dentes,
2193 1719 2382 1774 pacem
2410 1705 2590 1761 colere
2621 1716 2676 1762 et
2709 1706 2888 1762 {tedas
2942 1723 3068 1762 cum
3099 1710 3392 1766 demortuo
3415 1713 3521 1767 im-

1951 1803 2201 1863 peratore
2225 1795 2501 1852 sancitum
2550 1811 2881 1852 conservare
2921 1798 3234 1863 volueritis,
3286 1816 3389 1857 nec
3419 1819 3522 1857 nos

1950 1885 2248 1957 quidquam
2278 1888 2707 1944 constitutorum
2739 1876 2987 1945 volentes
3017 1891 3382 1947 movebimus.
3416 1893 3519 1949 Sin

1949 1989 2049 2030 vos
2072 1976 2228 2045 prius
2257 1976 2327 2031 ad
2369 1976 2575 2032 bellum
2627 1979 3012 2048 proruperitis.
3069 1979 3240 2035 Deum
3293 1982 3521 2038 sceleris

1950 2067 2117 2121 vestri
2156 2076 2350 2122 testem
2399 2068 2726 2125 adhibentes
2752 2105 2768 2133 ,
2798 2085 2960 2140 quem
2990 2086 3088 2126 vos
3138 2074 3241 2127 ista
3296 2073 3523 2142 perﬁdia

1951 2154 2171 2225 laeditis,
2200 2157 2526 2215 docebimus
2570 2174 2669 2215 vos
2702 2174 2811 2215 non
2846 2160 2986 2217 ultra
3016 2177 3180 2232 quam
3225 2162 3386 2218 decet
3430 2179 3523 2219 sa-

1952 2260 2086 2314 pere
2114 2263 2130 2301 :
2161 2256 2216 2302 et
2239 2249 2325 2303 vel
2353 2248 2610 2304 Sismano
2661 2249 2978 2306 triremibus
3014 2264 3166 2307 trans
3200 2252 3398 2307 Istrum
3428 2252 3522 2308 Bi-

1951 2335 2129 2390 denen
2157 2337 2447 2407 deportato
2476 2338 2683 2394 bellum
2728 2338 2891 2396 civile
2915 2341 3060 2395 inter
3086 2355 3185 2396 vos
3233 2341 3526 2397 suscitabi-

1956 2438 2082 2480 mus
2116 2423 2250 2497 (non
2281 2426 2430 2482 enim
2483 2429 2735 2497 nescitis,
2771 2429 2972 2486 Menses
3016 2446 3266 2501 magnam
3313 2442 3522 2502 partem

1951 2514 2024 2570 ob
2087 2515 2343 2573 amicitiae
2386 2526 2714 2575 vetustatem
2762 2521 3253 2594 cognationemque
3302 2524 3524 2594 generis

1957 2605 2027 2662 ad
2057 2621 2183 2663 eum
2215 2608 2550 2677 defecturos)
2583 2618 2639 2665 et
2663 2592 3033 2665 Alexandrum
3078 2624 3249 2681 regno
3297 2592 3522 2682 penitus

1951 2697 2393 2764 exturbnbimus,
2424 2711 2521 2754 aut
2551 2710 2701 2756 certe
2731 2717 2839 2757 non
2868 2701 3082 2773 exiguis
3106 2717 3234 2757 eum
3262 2704 3516 2759 cladibus

1953 2785 2292 2855 aiﬁciemus;
2322 2789 2409 2844 vel
2437 2789 2484 2845 si
2516 2788 2623 2845 hoc
2670 2805 2781 2845 non
2813 2791 3160 2860 probabitur,
3209 2793 3337 2862 quia
3364 2794 3526 2849 iniir.

1952 2876 2097 2932 mius
2117 2877 2245 2940 erit,
2263 2879 2437 2947 quam
2467 2892 2570 2947 pro
2601 2879 2682 2934 rei
2718 2880 3032 2937 conditione
3063 2883 3349 2947 auxilium,
3374 2885 3501 2954 equi

1953 2964 2078 3021 dem
2105 2982 2206 3037 ego
2250 2967 2367 3037 ipse
2402 2978 2528 3021 cum
2559 2968 2806 3023 Romano
2850 2971 3097 3025 exercitu
3149 2987 3364 3032 mecum
3410 2973 3526 3027 Sis-

1956 3072 2179 3113 manum
2211 3058 2444 3121 habens,
2479 3059 2533 3113 in
2573 3074 2673 3114 vos
2701 3060 3006 3129 proiectus,
3049 3063 3318 3117 acerrime
3340 3064 3525 3119 vobis-

1954 3163 2077 3203 cum
2107 3146 2508 3217 deprasliabor;
2546 3148 2707 3218 373
2742 3162 2850 3202 non
2876 3149 3050 3203 solum
3080 3160 3141 3205 ut
3170 3166 3200 3204 a
3226 3151 3530 3223 ftedifragia

1953 3238 2069 3308 ipse
2103 3237 2366 3303 oﬂ‘eusus,
2384 3238 2479 3292 sed
2517 3247 2574 3292 et
2604 3238 2792 3306 inique
2807 3237 3008 3292 violato
3024 3253 3182 3307 opem
3204 3240 3411 3306 ferens,
3432 3257 3532 3296 vo-

1955 3329 2191 3395 bist-um,
2229 3328 2472 3398 inquam,
2502 3327 2599 3398 qui
2652 3327 2984 3384 (actionibus
3030 3330 3382 3396 dissidentes,
3432 3333 3526 3389 alii

1954 3417 2264 3473 Alexandro
2293 3416 2666 3484 adhaerebitis,
2710 3418 2804 3472 alii
2835 3417 3105 3475 libentius
3136 3420 3205 3476 ab
3235 3437 3304 3477 eo
3333 3423 3525 3478 disce-

1956 3509 2167 3574 dentes,
2195 3524 2319 3563 cum
2357 3508 2608 3565 Sismano
2638 3523 2740 3565 vos
2786 3510 3154 3581 conjungetis,
3185 3512 3335 3582 quod
3385 3527 3418 3567 e
3468 3528 3531 3568 re

1954 3610 2135 3657 vestra
2165 3599 2410 3657 futurum
2440 3616 2554 3656 non
2602 3592 2885 3665 existimo.
2926 3600 3043 3672 Ego
3070 3616 3202 3659 vero
3242 3608 3317 3659 'et
3365 3604 3529 3660 aliam

1958 3692 2087 3747 belli
2114 3692 2282 3755 viam,
2312 3707 2418 3762 qua
2446 3692 2727 3763 regiunem
2754 3703 2994 3752 vestram
3024 3693 3277 3750 infestam
3302 3695 3529 3760 habere,

1958 3790 2210 3838 nostram
2247 3791 2419 3837 tutam
2460 3791 2724 3853 praestare
2760 3783 2974 3850 licebit,
3010 3798 3120 3840 non
3156 3800 3256 3840 vos
3288 3785 3479 3841 celabo
3512 3803 3529 3842 :

1942 3882 2023 3926 .ut
2051 3872 2395 3927 atrocissime
2448 3873 2668 3928 multati
2699 3874 2851 3941 (99),
2881 3875 3247 3943 vosmetipsos
3276 3887 3340 3928 ea
3391 3875 3532 3929 mala

1960 3962 2117 4017 vobis
2149 3962 2427 4017 intrivisse
2459 3963 2790 4028 agnoscatis.
2855 3963 3072 4017 Etenim
3104 3963 3366 4018 Amurius
3394 3964 3534 4019 Aiti-

1961 4065 2046 4104 me
2074 4049 2221 4105 ﬁlius
2251 4058 2592 4117 satraparum
2620 4048 2767 4103 Asiae
2784 4049 3263 4118 opulentissimus.
3290 4067 3452 4121 quem
3476 4064 3535 4109 ut

1965 4154 2061 4196 vos
2083 4140 2152 4194 de
2188 4140 2333 4194 lauta
2381 4138 2739 4209 coguovistis,
2789 4154 2915 4193 cum
2967 4138 3037 4195 de
3081 4150 3262 4196 morte
3295 4142 3535 4213 impera-

1967 4231 2102 4286 toris
2126 4231 2447 4300 accepisset,
2480 4238 2634 4285 ratus
2679 4244 2740 4284 se
2774 4231 3145 4286 Romanorum
3172 4242 3348 4290 terras
3380 4235 3536 4290 iacil-

1965 4324 2096 4380 lime
2118 4321 2586 4393 depraadaturum,
2625 4322 2772 4392 quod
2798 4322 2909 4392 jam
2943 4332 3352 4402 propugnatore
3379 4332 3561 4383 care-‘

297 4415 544 4487 ξομένοις
566 4413 660 4469 καὶ
681 4415 813 4484 πρὸς
831 4412 1098 4483 Σίσμανον
1115 4411 1587 4482 ἀποχωρήσουσιν,
1608 4409 1854 4479 ὅπερ-οὐκ

1971 4424 2129 4480 rent,
2195 4412 2438 4483 impletis
2486 4412 2742 4467 ducentis
2804 4412 3197 4484 quinquaginta
3254 4415 3531 4480 navibus,

288 4510 477 4577 οἴομαι
502 4507 630 4578 ύμῖν
656 4505 1052 4573 λυσιτελήσειν.
1083 4502 1226 4572 Ἐγὼ
1248 4504 1306 4556 δὲ
1330 4503 1423 4556 καὶ
1449 4501 1652 4572 τρόπον
1670 4500 1859 4571 ἕτερον

295 4600 539 4668 πολέμου
567 4596 625 4660 ἐξ
659 4588 721 4649 οῦ
772 4597 873 4664 τήν
899 4611 961 4647 τε
995 4594 1274 4664 ὑμετέραν
1328 4591 1554 4659 κακοῦν,
1581 4592 1714 4662 ἡμῖν
1768 4590 1864 4644 καὶ

296 4691 398 4758 τὴν
430 4685 634 4739 οἰκείαν
680 4684 894 4749 ιξέσται
925 4683 1211 4748 διασώζειν
1259 4681 1362 4735 οὐκ
1400 4681 1726 4750 ἀποκρύψω,
1779 4679 1865 4733 ἵνα

301 4784 380 4851 μή
408 4798 569 4835 τινων
602 4783 921 4850 ἀνηκέστων
945 4779 1083 4849 πρὸς
1117 4779 1210 4832 τὸν
1238 4778 1474 4849 πόλεμον
1503 4777 1850 4847 συμϐάντων,

288 4877 394 4943 οὐχ
444 4874 590 4943 ἡμᾶς
649 4873 876 4936 αἰτίους,
918 4871 1056 4925 ἀλλά
1086 4873 1223 4938 σφᾶς
1259 4871 1456 4932 αὐτοὺς
1491 4870 1732 4938 εἰδείητε
1766 4868 1868 4921 αῦ-

290 4968 429 5029 τοῖς.
457 4964 575 5018 Τῶν
593 4965 700 5036 γὰρ
727 4968 868 5019 κατά
889 4964 989 5035 τὴν
1016 4963 1201 5017 Ἀσίαν
1223 4962 1514 5033 σατραπῶν
1529 4961 1869 5015 ὀδυνατώτα-

296 5073 412 5123 τος,
430 5056 489 5109 δν
506 5056 618 5109 οὐδ’
633 5057 786 5110 αὐτοὶ
806 5058 1050 5124 ἀγνοεῖτε
1068 5055 1458 5126 παρειληφότες
1483 5054 1643 5122 ἀκοῇ,
1662 5052 1867 5121 Ἀμοὺρ

295 5148 328 5198 ὁ
377 5144 470 5198 τοῦ
500 5147 710 5216 Αῖτίνη,
741 5145 839 5214 τὴν
875 5144 1137 5216 βασιλέως
1187 5143 1537 5211 πεπυσμένος
1588 5142 1865 5209 τελευτὴν,

293 5237 394 5290 καὶ
417 5237 646 5305 νομίσας
678 5239 773 5290 καὶ⁵
827 5237 988 5298 αὐτὸς
1013 5237 1187 5305 ῥᾷστα
1212 5232 1495 5303 λη’ίσεσθαι
1541 5232 1867 5302 Ῥωμαίους,

293 5328 386 5380 διὰ
431 5329 492 5380 τὸ
554 5329 761 5396 μηδένα
791 5324 933 5381 εἰναι
956 5328 1049 5380 τὸν
1084 5325 1461 5397 ἀμυνούμενον
1491 5323 1632 5394 ὑπὲρ
1665 5323 1867 5384 αὐτῶν,

297 5420 647 5490 πεντήκοντα
672 5421 768 5474 καὶ
798 5420 1080 5482 διακοσίας
1113 5417 1409 5487 πληρώσας
1465 5413 1633 5495 ναῦς,
1686 5415 1869 5466 πᾶσαν

297 5513 539 5564 ἐποιεῖτο
588 5511 824 5583 σπουδὴν
867 5509 1074 5564 κακοῦν
1109 5509 1208 5582 τὴν
1264 5506 1564 5578 ἡμετέραν.
1618 5505 1770 5557 Ἐπεὶ
1808 5505 1865 5557 ii:

1964 4519 2158 4561 omnes
2188 4521 2256 4559 eo
2291 4518 2492 4559 nervos
2521 4503 2779 4565 intendit,
2817 4512 2876 4558 ut
2924 4518 3086 4574 agros
3114 4514 3331 4560 nostros
3359 4521 3536 4575 pepu-

1964 4597 2126 4651 laret.
2188 4595 2264 4650 De
2317 4583 2476 4664 cujus
2536 4595 2845 4663 irruptione
2884 4609 2985 4665 ego
3059 4595 3315 4659 audiens,
3355 4596 3533 4651 virum

1969 4688 2114 4744 inter
2147 4687 2513 4743 amicissimos
2551 4700 2705 4742 meos
2753 4686 3044 4753 probatum
3094 4686 3242 4751 misi,
3282 4686 3376 4756 qui
3414 4687 3538 4741 hor-

1972 4788 2204 4842 taretur,
2246 4782 2322 4831 uti
2353 4777 2552 4846 emptis
2582 4776 2852 4830 «lesistens
2892 4784 3259 4829 reverteretur
3284 4817 3298 4841 ,
3347 4784 3537 4845 utpote

1969 4885 2077 4924 non
2110 4868 2165 4923 in
2194 4869 2332 4923 alios
2381 4883 2544 4936 quam
2576 4867 2629 4920 in
2659 4881 2745 4920 me
2774 4864 3002 4920 iturum.
3033 4866 3084 4920 ls
3114 4867 3274 4921 simul
3302 4881 3364 4921 ac
3393 4869 3540 4937 lega—

1972 4967 2086 5012 tum
2117 4957 2344 5021 audivit,
2376 4974 2406 5010 e
2440 4956 2621 5010 medio
2654 4957 2852 5009 itinere
2884 4967 3033 5009 retro
3063 4956 3245 5010 rediit.
3285 4956 3440 5011 Nunc
3467 4956 3535 5010 ad

1974 5063 2060 5103 me
2092 5048 2263 5112 misit,
2315 5046 2634 5117 rngavitque
2685 5061 2755 5100 ne
2799 5047 3100 5107 exercitum
3153 5061 3182 5099 a
3226 5061 3285 5099 se
3332 5045 3536 5100 frustra

1971 5141 2260 5196 collectum
2292 5153 2412 5196 esse
2443 5140 2640 5202 sinam,
2663 5138 2756 5192 sed
2787 5141 2831 5192 si
2863 5138 3007 5207 quod
3035 5137 3195 5193 nobis
3223 5137 3419 5192 bellum
3440 5141 3533 5201 sit.

1971 5247 2039 5286 co
2068 5241 2260 5286 contra
2314 5233 2523 5285 hostem
2569 5236 2835 5283 utamur:
2872 5239 2932 5281 ut
2980 5238 3038 5283 et
3092 5228 3296 5283 milites
3345 5231 3539 5298 spoliis

1969 5321 2229 5383 ditentur,
2278 5333 2330 5374 ct
2379 5335 2494 5388 Ipse
2530 5328 2709 5372 tantos
2742 5307 2993 5386 sumptus
3044 5317 3164 5371 sine
3196 5319 3306 5372 ullo
3353 5319 3534 5374 fructu

1971 5428 2038 5466 ne
2065 5411 2322 5471 eﬂ'uderit
2348 5452 2363 5475 ,
2394 5410 2489 5464 sed
2543 5410 2690 5462 hunc
2747 5409 2939 5461 saltem
2970 5418 3359 5476 consequatur.
3391 5411 3539 5477 quod

1968 5520 2067 5574 pro
2105 5503 2282 5557 amico
2315 5516 2410 5555 eos
2444 5499 2718 5570 posuerit.
2751 5499 2828 5553 Ac
2875 5497 3050 5552 nolim
3077 5513 3174 5554 vos
3201 5498 3368 5555 dictis
3395 5498 3537 5553 meis

366 5719 481 5792 (99)
523 5717 645 5781 Gr.,
673 5700 734 5770 ιιι
762 5716 809 5769 si
850 5715 977 5786 quid
1008 5717 1221 5770 exitiale
1253 5721 1391 5772 circa
1423 5715 1617 5771 bellant
1646 5711 1915 5782 contigerit
1978 5706 2132 5762 Ebl'l'.

584 5809 858 5871 ΡΑτιιοι..
901 5809 1023 5872 Gn.
1069 5806 1271 5869 CLlll.

3103 5786 3186 5850 24

2173 5914 2219 5946 ο
2296 5946 2321 5961 .r-
