4096 6300
614 305 715 367 m
968 348 991 368 κ
1282 338 1284 340 τ
1797 291 2121 356 JOANNIS
2161 289 2684 350 CAN‘I‘ACL‘ZEXI
3735 281 3828 352 ἠς

3776 423 3800 455 0

614 414 776 467 (idem
807 411 1119 474 detrahere,
1150 418 1206 464 et
1230 418 1466 465 ventosa:
1483 407 1764 478 cujusdam
1794 404 2177 465 osuentationis
2210 405 2231 462 Δ

2210 405 2249 463 Α
2276 401 2562 470 ἐπυθίμην
2591 400 2752 462 αὐτὸς
2804 398 2913 452 τῶν
2949 397 3173 470 Περσῶν
3201 398 3302 466 τὴν
3337 399 3610 470 ἐσομένην
3631 409 3640 415 ’
3663 403 3826 455 είσεο-

615 517 779 558 causa
841 503 960 560 haec
1019 501 1251 559 conﬁcta
1310 499 1588 553 arbitrari.
1633 494 1768 552 Nam
1814 505 2176 564 praeterquam

2279 492 2398 560 λὴν,
2424 492 2719 562 πρεσϐείαν
2743 491 2962 559 πέμψας
2989 490 3121 562 πρὸς
3139 482 3370 552 ἐκεῖνον,
3395 493 3449 542 ἐν
3469 495 3589 554 τοῖς
3611 493 3825 560 μάλιστα

616 593 763 664 quod
795 593 860 647 ad
893 593 1147 666 ﬁgmenta
1183 599 1237 646 et
1269 589 1552 645 mendacia
1587 601 1692 640 non
1750 582 2177 655 propendemus,

2281 583 2648 653 ἐξητασμένον
2700 584 2810 636 τῶν
2867 583 3037 651 φίλων
3068 584 3179 635 τῶν
3209 583 3380 650 ἐμῶν,
3416 583 3672 636 ἐκέλευον
3723 586 3827 637 ἀνα-

615 700 712 739 vos
745 685 875 738 item
910 685 954 738 si
1003 680 1410 752 indagaveritis,
1460 694 1586 732 vera
1640 692 1761 732 esse
1808 672 2179 743 comperistis.

2283 675 2542 744 στρέφειν
2594 676 2690 727 καὶ
2728 674 3035 746 ἀπέχεσθαι
3084 675 3181 744 τῆς
3232 676 3449 745 πείρας,
3507 674 3588 738 ὡς
3636 677 3825 730 οὐδέσιν

618 775 882 844 Quocirca
919 790 1103 844 pacem
1135 774 1381 843 utrisque
1410 780 1660 828 nostrum
1694 769 1854 836 longe
1898 766 2179 820 meliorem

2282 767 2463 828 ἄλλοις
2495 766 3026 836 ἐπιστρατεύσοντα,
3058 767 3090 838 ἢ
3122 767 3270 836 ἐμοί.
3305 769 3374 821 Ὃ
3401 767 3445 822 δ’
3471 767 3592 836 ἅμα
3622 785 3681 820 τε
3727 770 3825 820 ἐδέ-

619 868 1006 935 utilioremque
1037 872 1305 930 statuens,
1347 872 1403 916 et
1457 863 1571 933 ipse
1598 875 1717 916 eam
1758 858 2082 926 amplector,
2127 862 2184 912 et.

2285 855 2415 919 ξατο
2441 857 2540 926 τὴν
2577 857 2878 926 πρεσϐείαν
2933 857 3026 914 καὶ
3071 858 3405 926 ἀνέστρεφεν
3438 860 3504 909 ἐκ
3547 857 3714 926 μέσης
3744 857 3828 922 τῆς

617 975 717 1015 vos
766 959 833 1014 ad
890 957 1141 1014 eamdem
1215 955 1612 1024 capessendam
1663 951 1945 1008 adhortor.
1997 949 2184 1018 Itaque

2283 945 2428 1001 ὁδοῦ.
2451 945 2589 1001 Νυνὶ
2620 946 2678 1000 δὲ
2702 945 2937 1001 ἐνταῦθα
2972 948 3110 1017 πρὸς
3137 947 3239 1017 ἐμὲ
3282 947 3584 1017 πρεσϐείαν
3636 964 3827 1016 πεπομ-

617 1057 842 1123 propter
873 1061 968 1101 vos
1000 1048 1054 1100 iu
1081 1061 1322 1116 praesens
1353 1059 1462 1102 non
1501 1043 1632 1100 mihi
1667 1041 1913 1100 concidit
1943 1039 2181 1100 animus.

2287 1033 2424 1103 φὼς.
2455 1034 2630 1090 δεῖται
2681 1036 2755 1106 μὴ
2783 1037 3046 1107 περιϊδεῖν
3093 1039 3244 1107 αὐτῷ
3285 1040 3385 1110 τὴν
3425 1039 3694 1108 στρατιὰν
3725 1040 3827 1108 εξχῆ

621 1139 725 1192 Sed
757 1139 900 1205 agite
931 1137 997 1194 ad
1056 1150 1240 1205 regem
1286 1144 1531 1190 vestrum
1578 1149 1740 1204 quam
1790 1131 2052 1188 citissime
2084 1144 2184 1199 po-

2287 1126 2736 1198 συνειλεγμένην,
2764 1129 2881 1182 ἀλλ’
2914 1129 3071 1192 εἴτις
3103 1131 3240 1201 πρός
3263 1149 3385 1186 τινα
3413 1132 3652 1200 πόλεμος
3696 1133 3827 1201 ἡμῖν,

618 1235 724 1281 test
755 1226 981 1291 reversi,
1029 1234 1089 1286 ut
1122 1226 1434 1284 Sismanum
1485 1239 1545 1284 se
1579 1230 1929 1291 recepturum
1959 1236 2027 1276 ne
2057 1234 2185 1288 spe-

2285 1217 2597 1289 χρήσασθαι
2613 1219 2774 1288 αὐτῇ,
2807 1219 2882 1282 ὡς
2913 1219 2980 1273 ἂν
3005 1221 3040 1291 ἧ
3067 1237 3126 1272 τε
3155 1222 3388 1291 στρατιά
3404 1221 3711 1291 ὠφεληθείη
3740 1223 3827 1274 ἀπὺ

617 1324 722 1380 ret,
759 1314 1094 1372 renuntiate.
1153 1313 1210 1367 Si
1262 1313 1469 1366 idcirco
1496 1325 1597 1364 nos
1643 1309 1788 1368 bello
1837 1304 2188 1368 lacessendos

2286 1309 2394 1363 τῶν
2429 1310 2708 1379 πολεμίων
2741 1311 2850 1364 τῶν
2885 1311 3168 1381 λαφύρων,
3209 1312 3418 1374 ἐκεῖνός
3448 1330 3512 1366 τε
3565 1313 3640 1383 μὴ
3673 1314 3825 1382 μάτην

619 1404 856 1473 putabit,
895 1413 956 1458 ut
1007 1403 1204 1458 diebus
1239 1400 1430 1473 viginti
1462 1401 1664 1470 quibus
1693 1399 1872 1456 redire
1915 1397 2186 1467 poteritis,

2289 1400 2650 1478 stn’rooaiira
2685 1400 2947 1469 χρήματα
2979 1399 3300 1465 ἀναλωκὼς,
3362 1401 3482 1453 ἀλλ’
3532 1401 3664 1453 αὐτὸ
3693 1401 3827 1453 τοῦτό

618 1494 824 1549 bellum
880 1494 1040 1548 nobis
1096 1491 1601 1570 indicatttandiu.
1635 1489 1784 1545 enim
1838 1499 1895 1548 et
1949 1488 2188 1556 legatum

2291 1505 2356 1556 γε
2387 1488 2749 1559 καρπώσαιτο
2781 1488 2842 1540 τὸ
2873 1487 3219 1542 ἀναλωκέναι
3251 1489 3391 1559 ὺπέρ
3430 1488 3614 1559 φίλου.
3644 1490 3714 1542 Οὐ
3740 1489 3826 1558 χρὴ

621 1585 831 1648 Amurii
868 1585 958 1640 hic
986 1584 1192 1638 haerere
1242 1581 1462 1645 faciam,
1513 1595 1625 1651 quo
1680 1580 1824 1639 bello
1864 1578 2189 1636 denuntiato

2292 1578 2350 1634 δὲ
2383 1580 2634 1632 ἀπιστεῖν
2666 1580 2779 1641 τοῖς
2813 1578 3148 1646 λεγομένοις,
3189 1578 3408 1648 κόμπου
3433 1579 3606 1631 ἕνεκα
3633 1578 3720 1631 καὶ
3746 1580 3825 1630 αὖ·

621 1690 719 1744 per
749 1676 958 1729 litteras
1007 1675 1054 1729 ei
1101 1675 1207 1730 huc
1257 1674 1514 1728 veniendi
1566 1671 1778 1742 copiam
1834 1669 2132 1726 concedam
2169 1683 2182 1719 :
2219 1736 2238 1744 _

2219 1736 2258 1744 _
2291 1671 2536 1739 χήματος
2571 1669 2830 1728 διακένου
2862 1669 3181 1722 πεπλάσθαι
3209 1655 3520 1732 οἰομένους.
3555 1670 3697 1739 Πρὸς
3738 1667 3825 1737 γὰρ

619 1736 677 1820 et
709 1767 933 1822 omnino
964 1765 1183 1820 facilius
1232 1773 1396 1834 atque
1434 1736 1692 1833 cupidius
1733 1763 1842 1817 huc
1871 1768 2186 1824 venturum,
2219 1736 2236 1792 1

2219 1736 2263 1793 Β
2293 1736 2481 1830 τῷ-μὴ
2525 1759 2772 1830 εὐχερεῖς
2805 1761 2957 1829 ἡμᾶς
2999 1758 3136 1828 πρὸς
3192 1758 3492 1827 πλάσματα
3535 1736 3629 1810 καλ
3681 1736 3824 1826 ψεύδη

622 1873 788 1926 quam
818 1865 974 1911 antea
1022 1855 1334 1911 auctoritati
1381 1869 1516 1910 meae
1564 1851 1987 1916 obsecundans.
2025 1865 2211 1920 expet

2209 1873 2211 1875 ί
2293 1847 2460 1914 εἶναι,
2509 1849 2690 1915 ἔξεστι
2735 1849 2830 1902 καὶ
2887 1851 3070 1912 αὐτοῖς
3119 1848 3486 1918 ἀνερευνῶσιν
3525 1847 3826 1917 ἐξευρίσκειν

623 1947 830 2002 ditione
867 1947 1174 2015 interrupta
1223 1946 1408 2009 rediit,
1463 1944 1884 2002 existimandum
1935 1951 2041 2000 est.
2092 1941 2188 1999 Sin

2289 1939 2361 2002 di.
2381 1938 2576 2010 ἀληθῆ.
2621 1937 2764 2005 Ἐγὼ
2800 1936 2898 2006 μὲν
2923 1936 3015 1993 οὖν
3050 1937 3148 2007 τὴν
3177 1938 3402 2007 εἰρήνην
3442 1935 3625 2006 πολλῷ
3655 1935 3824 2004 βελτίω

622 2039 857 2108 quadam
903 2037 1250 2107 neglectione
1293 2036 1438 2090 diem
1496 2034 1772 2105 praefixae:
1830 2033 2193 2104 transgredie-

2291 2033 2383 2088 καὶ
2398 2030 2845 2099 λυσιτελεστέραν
2871 2029 3155 2099 ἑκατέροις
3169 2029 3411 2100 οἰόμενος
3435 2030 3471 2099 ἠ
3481 2031 3597 2099 μίν,
3619 2029 3764 2090 αὐτός
3779 2043 3824 2079 τι

622 2129 780 2193 mini,
816 2145 926 2183 non
979 2128 1114 2182 mihi
1166 2127 1401 2198 amplius
1432 2136 1610 2184 tutum
1645 2127 1751 2182 erit
1797 2127 2142 2195 requiescere
2171 2141 2187 2180 :

2289 2122 2632 2192 ἀσπάζομαι,
2667 2122 2762 2174 καὶ
2799 2122 2931 2191 ὑμῖν
2958 2120 3177 2191 ἔχεσθαι
3207 2120 3410 2190 ταύτης
3444 2118 3710 2190 παραινῶ.
3753 2121 3824 2170 Διὸ

621 2207 810 2272 verum
841 2225 895 2274 et
927 2217 1041 2287 ipse
1072 2215 1237 2290 374
1264 2231 1361 2286 per
1396 2232 1482 2272 me
1520 2216 1725 2280 bellum
1775 2215 2089 2290 apparabo,
2135 2221 2191 2270 et

2289 2213 2410 2267 οὐδὲ
2444 2213 2578 2282 πρδς
2628 2213 2774 2283 ὑμᾶς
2823 2211 3158 2281 ἀπαγορεύω
3205 2213 3267 2264 τὸ
3298 2211 3392 2264 νῦν
3423 2209 3570 2279 ἔχον,
3618 2211 3726 2265 ἀλλ’
3766 2210 3825 2271 ὡς

625 2309 874 2363 Persicas
903 2288 1089 2376 copias
1110 2288 1114 2290 ’
1131 2288 1241 2378 jam
1273 2318 1489 2379 paratas
1520 2307 1628 2361 huc
1650 2321 1921 2364 accersam
1949 2323 1964 2360 :
1994 2288 2096 2361 nec
2121 2304 2190 2361 de

2291 2305 2523 2376 τάχιστα
2559 2306 2696 2374 πρὸς
2725 2305 2818 2358 τὸν
2869 2305 3163 2378 πέμψαντα
3193 2305 3607 2368 ἐπανελθόντες,
3646 2305 3824 2372 Σίσμα-

619 2409 844 2464 etetero,
871 2399 1035 2452 etiam
1065 2397 1220 2452 vobis
1249 2397 1622 2468 cupientibus,
1658 2412 1760 2466 ego
1792 2396 1952 2457 facile
1988 2395 2190 2457 bellum

2293 2413 2384 2449 vov
2414 2397 2514 2465 μὲν
2562 2396 2937 2464 ἀπαγγείλατε
2982 2397 3254 2464 μηδέποτε
3282 2395 3560 2467 λήψεσθαι
3621 2395 3824 2464 προσδο-

623 2494 877 2548 omittere
905 2502 1120 2562 potero,
1175 2507 1285 2546 non
1321 2493 1498 2548 solum
1537 2501 1763 2562 pr0pter
1792 2492 2094 2561 impensam
2131 2490 2188 2546 in

2292 2489 2418 2558 κᾷν.
2453 2488 2516 2540 Et
2545 2487 2589 2540 δ’
2621 2487 2816 2557 ἐκείνῳ
2839 2486 2930 2540 διὰ
2961 2485 3135 2540 ταῦτα
3168 2485 3307 2556 πρὸς
3343 2489 3498 2557 ἡμᾶς
3523 2487 3667 2540 δοκεῖ
3688 2485 3821 2538 πολε-

621 2598 691 2639 eo
722 2585 1046 2638 instruendo
1077 2584 1301 2649 factam,
1355 2599 1518 2654 quam
1545 2599 1577 2638 e
1605 2584 1804 2640 vestris
1832 2583 2194 2653 vectigalibus

2298 2577 2479 2646 μητέα
2539 2571 2699 2640 εἶναι,
2756 2575 2814 2625 ἐν
2861 2575 3071 2632 εἴκοσιν
3123 2575 3362 2646 ἡμέραις
3414 2570 3505 2637 αἷς
3561 2572 3822 2644 δυνήσεσθε

624 2675 852 2730 reficere
888 2690 1110 2732 necesse
1137 2676 1268 2741 erit,
1324 2675 1418 2736 sed
1465 2675 1612 2744 quod
1643 2676 1806 2730 etiam
1841 2675 2023 2731 socios
2063 2673 2194 2728 Bar-

2292 2665 2628 2730 ἐπανελθεῖν,
2655 2665 2747 2718 τὸν
2766 2665 2998 2734 πόλεμον
3023 2665 3408 2733 ἀπαγγέλλειν.
3454 2665 3545 2721 Ἐν
3569 2664 3822 2723 τοσαύταις

627 2767 790 2821 baros
840 2782 949 2821 non
1001 2767 1186 2821 vacuis
1219 2769 1474 2824 manibus
1503 2807 1518 2830 ,
1567 2769 1664 2822 sed
1692 2783 1786 2822 ,ει
1839 2768 2023 2824 hostili
2078 2768 2194 2822 solo

2293 2759 2402 2826 γὰρ
2432 2759 2525 2811 καὶ
2548 2758 2638 2809 τὸν
2671 2755 2876 2826 ’Δμοὺρ
2903 2756 3246 2827 πρεσϐευτὴν
3269 2757 3520 2811 ἐνταυθοῖ
3547 2770 3823 2824 παρασκευ·

627 2867 820 2913 auctos
851 2858 1024 2912 lucris
1080 2859 1301 2916 domum
1335 2874 1582 2913 remeare
1613 2859 1912 2928 Oportebit.
1944 2860 2114 2927 Igitur
2139 2867 2194 2914 et

2296 2850 2415 2904 άσω
2466 2847 2794 2917 διατρίϐειν,
2858 2846 2924 2899 ἵν’
2978 2849 3025 2899 εἰ
3078 2847 3107 2898 ὁ
3137 2846 3374 2917 πόλεμος
3433 2846 3817 2914 ἀπαγγέλλοιτο,

629 2963 726 3001 vos
762 2948 865 3002 iter
891 2961 1211 3015 properare,
1240 2957 1294 3002 et
1326 2963 1523 3017 regem
1548 2957 1788 3002 vestrum
1837 2949 2193 3018 responsione

2294 2941 2630 3010 γράμμασιν
2689 2937 2885 3008 ἐκείνῳ
2927 2939 3027 3007 τὴν
3065 2938 3255 2990 ἐνθάδε
3271 3007 3277 3010 ἢ,
3313 2939 3505 3007 ἄφιξιν
3557 2936 3819 3006 ἐπιτρέψω.

634 3046 824 3097 nostra
856 3013 1138 3109 percepta,
1173 3053 1294 3106 quae
1352 3013 1409 3092 lii
1443 3055 1557 3093 rem
1593 3054 1747 3094 suam
1795 3013 2190 3101 lore—duxerit,
2219 3071 2251 3132 ε

2219 3071 2265 3132 C
2300 3032 2521 3095 Πάντως
2560 3030 2618 3084 δέ
2656 3031 2786 3101 ῥᾷον
2822 3029 3030 3081 οἴεσθαι
3061 3030 3226 3081 αὐτὸν
3259 3030 3404 3097 ὑμᾶς
3457 3031 3552 3082 καί
3582 3026 3819 3132 προθυμό-

626 3130 914 3184 celerrime
965 3130 1269 3184 nuntianda
1316 3145 1505 3185 curare
1551 3146 1688 3200 opus
1737 3139 1843 3186 est.
1915 3131 2193 3188 Hactenus
2221 3111 2243 3132 ι

2221 3111 2455 3192 υτερον
2512 3121 2836 3192 ἀφικέσθαι,
2895 3123 2928 3193 ἢ
2983 3121 3250 3192 πρότερον
3301 3126 3366 3176 ἐκ
3411 3124 3516 3192 τῆς
3571 3111 3821 3191 στρατείας

629 3222 742 3277 ille.
764 3220 1021 3278 Oratores
1049 3221 1364 3286 Alexandri,
1395 3221 1716 3277 velutobliti
1748 3223 1990 3292 priorum
2026 3223 2193 3292 spiri-

2294 3214 2664 3283 ἀναστρέφειν
2692 3213 3012 3282 πειθόμενον
3042 3216 3154 3275 τοῖς
3179 3213 3357 3280 λόγοις
3390 3217 3506 3275 τοῖς
3544 3216 3701 3283 ἐμοῖς.
3741 3212 3817 3263 Ἂν

629 3323 785 3368 tuum
818 3323 874 3367 et
926 3313 1417 3382 grandiloquentia:
1449 3313 1599 3368 illius
1633 3315 1932 3383 pepularis,
1969 3315 2194 3368 reducto

2295 3305 2340 3358 δ’
2396 3306 2779 3375 ἀμελήσαντες
2831 3305 2930 3372 τὴν
2983 3303 3328 3372 προθεσμίαν
3384 3304 3672 3374 ύπερϐἧτε,
3721 3301 3820 3368 ἐμοὶ

626 3403 839 3458 calculo
873 3403 1018 3460 diem
1055 3404 1160 3460 sibi
1191 3403 1456 3459 laxiorem
1501 3405 1716 3459 definiri
1767 3407 2093 3474 rogitarunt,
2132 3421 2196 3459 ac

2297 3396 2396 3466 μὲν
2420 3395 2658 3464 ἀσφαλὲς
2683 3394 2869 3446 οὐκέτι
2899 3394 3214 3463 ἡσυχάζειν,
3241 3395 3354 3448 ἀλλ’
3372 3396 3538 3458 αὑτός
3568 3412 3621 3450 τε
3642 3392 3821 3447 οἴκοθεν

628 3511 686 3548 se
719 3494 941 3562 quidem
969 3509 1182 3548 summa
1215 3495 1570 3549 festinatione
1608 3497 1711 3549 iter
1742 3506 1962 3551 acturos
1997 3497 2194 3565 praedi-

2293 3484 2662 3554 ἐξαρτύσομαι
2703 3486 2770 3537 τὰ
2797 3485 2932 3554 πρὸς
2979 3487 3068 3538 τὸν
3104 3486 3361 3555 πόλεμον,
3395 3488 3492 3538 καὶ
3531 3486 3624 3555 τὴν
3657 3487 3821 3552 Περσι-

627 3585 863 3648 cubant;
893 3583 1039 3650 quod
1064 3583 1110 3638 si
1140 3599 1234 3641 rex
1266 3584 1320 3640 in
1360 3584 1552 3638 ultimo
1591 3599 1758 3654 regno
1793 3586 2038 3654 degeret,
2066 3602 2193 3654 spa~

2295 3580 2398 3647 κὴν
2451 3577 2776 3646 συμμαχίαν
2833 3573 3000 3630 οὖσαν
3065 3579 3598 3648 παρεσκευασμένην
3665 3573 3818 3627 ἐνθάδε

632 3676 769 3732 "nm
796 3673 1161 3742 praestitutum
1207 3688 1325 3728 esse
1352 3673 1596 3737 brevius,
1647 3690 1808 3743 quam
1843 3686 1904 3729 ut
1931 3677 2032 3729 viai
2064 3692 2197 3731 con-

2304 3669 2441 3734 ᾶξω.
2472 3669 2582 3722 Καὶ
2613 3669 2707 3721 τοῦ
2738 3669 2928 3722 λοιποῦ
2963 3670 3074 3722 οὐδ’
3110 3669 3175 3722 ἂν
3197 3670 3353 3722 αὐτοὶ
3382 3669 3602 3738 ἐθέλητε
3629 3663 3819 3719 κατατί-

632 3766 877 3820 ficiendze
909 3763 1206 3820 sufficeret.
1265 3765 1492 3820 Probata
1524 3765 1794 3834 petitione
1829 3766 1946 3818 dies
1976 3766 2196 3835 triginta

2297 3760 2486 3814 θεσθαι
2523 3762 2708 3832 ῥᾴδιον
2771 3761 2927 3813 ἔσται
2961 3761 3054 3814 τδν
3101 3762 3340 3831 πόλεμον
3395 3763 3544 3830 ἐμοὶ,
3592 3759 3648 3811 οὐ
3687 3755 3818 3826 μόνον

631 3857 902 3918 concessi,
942 3854 1143 3923 quibus
1179 3855 1427 3919 reversi,
1465 3863 1557 3908 aut
1596 3870 1783 3924 pacem
1835 3863 1994 3908 antea
2047 3871 2198 3910 com-

2296 3851 2384 3905 διά
2415 3852 2485 3904 τὰ
2505 3851 2855 3905 ἀναλωθέντα
2889 3855 3151 3923 χρήματα
3191 3852 3330 3921 πρὸς
3357 3851 3454 3903 τοῦ
3491 3849 3712 3918 πολέμου
3739 3845 3817 3910 τὴν

630 3947 864 4016 positam
897 3953 953 4016 et
983 3944 1164 4000 i‘tndus
1223 3945 1637 4007 confirmarent,
1673 3953 1767 3998 aut
1804 3960 1952 3998 arma
1986 3948 2198 3999 denuo-

2195 3975 2198 3985 ι
2296 3943 2674 4012 παρασκευὴν,
2713 3941 2749 3994 ἃ.
2798 3942 3119 4012 κομίζεσθαι
3148 3944 3210 3994 ἐκ
3249 3941 3346 4010 τῆς
3377 3941 3643 4009 ὑμετέρας
3673 3937 3812 3999 ἀναγ-

633 4040 850 4092 tiarent.
881 4034 1196 4092 Istiusmodi
1245 4049 1567 4105 responsum
1599 4050 1629 4088 υ
1655 4051 1851 4104 magno
1897 4035 2195 4091 domestico

2298 4036 2474 4099 καῖον,
2509 4033 2623 4087 ἀλλ’
2678 4034 2760 4086 ὅτι
2804 4036 2900 4086 καὶ
2949 4035 3076 4096 τοὺς
3125 4034 3264 4086 κατά
3296 4035 3605 4103 συμμαχίαν
3629 4030 3817 4099 ἥξοντας

632 4125 893 4191 ferentes,
921 4126 977 4182 in
1016 4125 1257 4185 Moesiam
1290 4125 1594 4180 redierunt.
1623 4125 1969 4194 alinperatrix
1998 4134 2199 4179 tolum-

2304 4124 2640 4195 βαρὸἀρους,
2677 4127 2737 4178 οὐ
2780 4127 2970 4188 κεναῖς
3000 4125 3210 4196 χερσὶν,
3243 4125 3357 4178 ἀλλ’
3399 4119 3817 4192 ὼφεληθένταςέκ

631 4231 738 4283 que
774 4215 1064 4269 concilium
1114 4224 1169 4270 et
1210 4214 1558 4284 prudentiam
1594 4215 1712 4284 ejus
1741 4215 1995 4272 admirati
2041 4223 2196 4279 sunt,

2300 4215 2402 4284 τῆς
2429 4216 2720 4284 πολεμίας.
2761 4216 2896 4285 πρὸς
2931 4216 3031 4284 τὴν
3055 4217 3262 4269 οἰκείαν
3294 4212 3813 4280 δεῖέπαναστρέςειν.

632 4317 688 4360 ct
723 4306 926 4376 gratias
960 4307 1160 4360 multas
1193 4306 1527 4369 habuerunt,
1559 4305 1705 4373 quod
1746 4321 1888 4374 quos
1927 4305 2044 4359 heri
2084 4321 2199 4360 me-

2198 4337 2199 4342 η
2300 4307 2400 4360 Διά
2454 4307 2630 4359 ταῦτα
2691 4307 2836 4375 ὑμᾶς
2868 4323 2925 4358 τε
2965 4307 3170 4396 σπουδῇ
3231 4306 3540 4377 χρήσασθαι
3590 4303 3708 4372 πρὸς

638 4396 898 4457 tut-bant,
971 4394 1278 4462 quibusque
1341 4393 1472 4466 quid
1527 4393 1757 4447 honeste
1803 4393 2255 4463 responderent!

2194 4393 2276 4450 '.D
2305 4397 2614 4468 ὁδοιπορίαν
2665 4400 2984 4464 ἀναγκαῖον,
3040 4389 3160 4450 καῖ’
3186 4399 3276 4450 τὸν
3318 4397 3578 4466 ὑμέτερον
3627 4389 3811 4461 βασιλέα

633 4501 742 4537 11οη
776 4485 1049 4548 videbant,
1085 4499 1207 4538 cum
1241 4499 1350 4554 quo
1377 4499 1436 4542 se
1463 4493 1743 4539 verterent
1763 4486 2067 4550 nescirent,
2102 4500 2175 4538 eo:

2196 4521 2198 4532 ι
2306 4489 2610 4558 πυθόμενον
2632 4489 2701 4539 τὰ
2726 4489 2853 4558 παρ’
2877 4490 2909 4557 ή
2918 4488 3032 4557 μῶν
3058 4487 3093 4540 ἃ
3115 4490 3376 4540 συνοίσειν
3396 4489 3561 4541 οἴεται
3591 4483 3719 4548 αὐτῷ
3740 4478 3813 4542 τὴν

635 4574 726 4628 ille
753 4585 860 4628 tam
896 4574 1278 4634 formidolosus
1313 4575 1636 4645 redegisset,
1677 4587 1735 4630 ut
1757 4569 2020 4644 neglectis
2049 4577 2193 4642 aliis,

2299 4579 2566 4648 ταχίστην
2597 4577 2983 4644 ἀπαγγέλλειν.
3011 4577 3069 4631 Ὀ
3100 4577 3210 4645 μὲν
3230 4573 3323 4630 οὖν
3342 4576 3563 4630 τοιαῦτα
3590 4569 3724 4625 εἶπεν
3743 4583 3752 4594 ·
3774 4563 3812 4614 οἱ

587 4679 593 4711 τ
635 4666 778 4719 diem
802 4667 1201 4737 ampliantlum,
1227 4667 1377 4721 velut
1419 4681 1536 4720 rem
1561 4669 1927 4722 necessariam
1953 4676 2196 4723 orarent.

2194 4709 2196 4720 .
2305 4669 2364 4721 δέ
2410 4666 2765 4733 Ἀλεξάνδρου
2789 4666 3124 4736 πρεσϐευταὶ
3146 4665 3335 4736 ὥσπερ
3367 4665 3696 4730 ἐκλαθόμενοι
3739 4650 3811 4704 τοῦ

637 4756 746 4809 Sed
774 4757 840 4809 de
878 4757 964 4810 his
999 4758 1201 4812 dictum
1236 4765 1317 4810 est
1355 4757 1509 4812 satis.

2307 4759 2578 4828 προτέρου
2635 4758 2976 4824 φυσήματες,
3016 4756 3240 4822 καὶτῆς
3302 4745 3811 4824 μεγαλορρημοσύνης

635 4848 735 4916 τῆς
770 4847 906 4915 πρὸς
938 4848 1039 4910 τὰς
1095 4849 1477 4917 δημηγορίας.
1519 4841 1916 4919 μεταϐαλόντες
1961 4852 2204 4920 ἐγίνοντο
2243 4852 2422 4906 ίκέται
2452 4849 2622 4902 πλείω
2682 4849 2868 4910 αὐτοῖς
2927 4847 3336 4916 παρασχεθῆναι
3363 4844 3693 4918 προθεσμίαν.
3729 4835 3810 4888 Αὑ-

634 4941 720 4992 τοὶ
779 4939 878 5008 μὲν
920 4939 1030 5009 γάρ
1084 4939 1293 5007 ἔφασαν
1339 4941 1520 4994 πᾶσαν
1587 4941 1956 5005 ἐπιδείξεσθαι
2027 4941 2268 5013 σπουδὴν
2309 4940 2448 5011 πρὸς
2473 4939 2572 5010 τὴν
2607 4938 2937 5008 ὁδοιπορίαν.
2998 4939 3095 4991 Ἂν
3128 4939 3172 4990 δ’
3201 4939 3229 4990 ὁ
3275 4938 3523 5006 βασιλεὺς
3574 4931 3730 4987 αὐτῶν
3764 4927 3810 4974 ἓν

637 5036 922 5102 ἐσχατιαῖς
971 5034 1143 5104 διάγῃ,
1181 5037 1281 5105 τῆς
1312 5035 1514 5104 ἀρχῆς,
1563 5035 1664 5088 οὐκ
1718 5035 2039 5105 ἐξαρκέσειν
2093 5038 2193 5098 τὰς
2232 5036 2444 5106 ἡμέρας
2482 5032 2834 5101 ἐνδεεστέρας
2880 5029 3068 5093 οὔσας,
3140 5031 3174 5102 ἢ
3247 5033 3514 5099 προσήκει
3559 5019 3808 5106 ἀνυσθῆνιξι

638 5126 736 5195 τὴν
767 5126 906 5194 ὀδρν.
943 5126 1054 5179 Καὶ
1086 5127 1209 5178 ἐπεὶ
1246 5126 1421 5179 ἐδόκει
1453 5129 1484 5196 ἡ
1544 5127 1769 5192 ἀξίωσις
1834 5129 2017 5182 αὐτῶν
2080 5129 2265 5182 δικαία
2305 5125 2472 5193 εἶναι,
2497 5127 2794 5196 τριάκοντα
2844 5126 3174 5194 παρείχοντο
3218 5125 3402 5186 αὐτοῖς
3430 5118 3712 5194 ήμέραι,ἑν
3737 5105 3807 5166 αἶς

636 5218 742 5271 εδει
774 5219 1316 5290 ἐπαναστρέψαντας,
1343 5219 1376 5290 ἢ
1408 5219 1506 5289 τὴν
1535 5217 1705 5270 οὖσαν
1768 5220 1993 5289 είρήνην
2040 5219 2392 5272 ἐπιὸεόαιοῦν
2456 5218 2555 5270 καὶ
2617 5217 2716 5278 τὰς
2782 5215 3035 5280 σπονδὰς,
3075 5215 3107 5284 ἢ
3146 5215 3382 5284 πόλεμον
3447 5205 3806 5278 καταγγέλλειν.

639 5315 703 5366 Oi
735 5313 837 5382 μὲν
869 5313 962 5366 οὖν
1005 5314 1360 5383 Ἀλεξάνδρου
1392 5313 1669 5383 πρέσϐεις,
1705 5314 1957 5377 τοιαύτας
1998 5314 2319 5384 ἀποκρίσεις
2363 5313 2514 5382 παρά
2579 5311 2696 5365 τοῦ.
2743 5309 2983 5380 μεγάλου
3045 5309 3330 5378 δεξάμενοι
3351 5307 3669 5376 δομεστὶκου,
3700 5293 3804 5363 πρδς

638 5407 738 5477 τὴν
773 5407 983 5460 οἰκείαν
1014 5407 1310 5475 ἐπανῆκον.
1351 5406 1575 5468 Βασιλὶς
1608 5406 1663 5458 δὲ
1690 5409 1783 5459 καὶ
1837 5405 2197 5476 ἠσύγκλητος
2265 5408 2417 5460 πᾶσα
2471 5403 2784 5470 ἐθαυμαςόν
2847 5419 2907 5456 τε
2966 5403 3066 5472 τῆς
3125 5402 3392 5464 συνέσεως
3425 5401 3598 5461 αὑτὸν,
3629 5394 3707 5446 καὶ
3732 5386 3807 5456 κά·

650 5518 806 5570 ριτας
837 5502 1035 5572 ᾔδεσαν
1066 5501 1286 5564 πολλὰς,
1321 5503 1404 5554 ὅτι
1435 5499 1526 5562 οὓς
1557 5501 1709 5552 αὐτοὶ
1769 5500 2056 5573 ὠρρώδουν
2089 5501 2146 5565 ἐν
2208 5503 2276 5570 τῇ
2318 5499 2622 5570 προτεραίᾳ
2651 5499 2746 5550 καὶ
2799 5497 2933 5566 πρὸς
2981 5496 3076 5560 οὓς
3102 5497 3224 5550 οὐδὲ
3267 5495 3554 5562 ἀπολογίας
3585 5487 3804 5550 εὐπόρουν

638 5594 1021 5661 εὐπροσώπου,
1096 5593 1212 5646 ἀλλ’
1269 5595 1477 5663 ἀπορίᾳ
1535 5591 1805 5648 πάντοθεν
1869 5594 2204 5664 συνείχοντο,
2241 5593 2461 5656 τούτους
2497 5592 2642 5646 οὕτω
2680 5589 3014 5660 κατέστησεν
3068 5591 3230 5654 αὐτὸς
3264 5591 3544 5662 περιδεεῖς,
3573 5582 3692 5635 ὥστε
3725 5589 3804 5644 με-
