4096 6300
565 290 670 355 751

1749 292 2081 354 ἸΟΑΝΝΙΒ
2114 287 2652 354 ΕΑΧΤΑΕΕΖΕΝΙ

3699 288 3798 350 ’152

563 401 743 456 scelus
767 415 982 464 usuros,
1006 415 1234 469 eamque
1260 400 1676 468 disperdituros,
1702 409 1755 454 et
1785 401 1934 454 illum
1966 400 2134 453 solum

2246 401 2355 451 τῶν
2380 398 2677 468 προτέρων,
2707 396 2739 466 ἢ
2777 395 2999 449 ἐκείνων
3030 396 3106 467 μὴ
3141 399 3220 460 εἰς
3257 398 3376 450 δέον
3408 398 3527 460 τοῖς
3569 399 3797 468 χρὴματι

563 507 752 548 rerum
839 492 1126 562 praesidem
1204 493 1430 560 ejusque
1479 506 1698 546 sensum
1755 492 2128 560 perspexerit,

563 582 841 652 quomodo
874 583 943 636 ob
977 598 1324 636 communem
1377 581 1666 635 utilitatem
1706 595 1813 634 non
1849 581 2137 650 pecuniam

564 673 749 736 modo,
783 686 972 725 verum
1002 671 1259 738 et'ipsatn
1292 671 1551 733 animam,
1587 668 1632 722 si
1661 669 1890 722 facultas
1920 671 2009 730 sit,
2040 683 2138 736 pro

566 763 737 827 nihilo
759 762 961 815 habere
984 760 1302 819 meditetur,
1333 770 1386 812 et
1409 775 1619 812 tuorum
1651 761 1770 830 ejus
1796 760 2136 814 honestatem

557 856 668 923 jntn
705 852 963 914 noverit,
999 851 1256 905 statuisse
1305 849 1406 919 ipsi
1459 850 1796 904 offerendam
1847 850 2136 919 pecuniam

561 944 730 1004 illam,
771 955 878 994 non
911 941 1138 994 honeste
1176 940 1373 1000 solum.
1426 941 1523 993 sed
1557 948 1613 993 et
1668 955 1793 994 cum
1828 939 2040 994 ratione
2077 949 2135 995 et

559 1035 842 1102 diligentia
911 1031 976 1085 ad
1047 1031 1320 1099 publicam
1396 1030 1770 1084 Romanorum
1844 1030 2136 1084 utilitatem

561 1122 964 1186 insumendum,
995 1122 1215 1190 quando
1241 1132 1298 1176 et
1329 1122 1396 1174 ιιι)
1431 1121 1562 1190 ipsis
1591 1121 1818 1174 collecta
1851 1122 1945 1175 sit.
1983 1120 2136 1174 Hanc

561 1216 728 1284 igitur
796 1229 1017 1268 omnem
1082 1215 1154 1266 illi
1216 1215 1432 1268 venisse
1497 1213 1757 1278 tradere,
1820 1213 2136 1282 ubicunque

559 1305 797 1360 voluerit
835 1304 1116 1360 utendam.
1171 1306 1336 1376 376
1384 1305 1575 1374 Itaque
1627 1313 1810 1374 patere
1851 1305 2133 1370 omnibus,

559 1415 668 1451 non
705 1398 828 1451 ideo
873 1411 932 1451 se
985 1397 1176 1450 adesse
1203 1435 1220 1458 ,
1256 1407 1315 1450 ut
1353 1411 1416 1450 se
1453 1396 1584 1450 huic
1629 1397 1844 1450 muneri
1886 1407 2132 1466 quaestus

559 1487 790 1546 faciendi
816 1501 978 1542 causa
1005 1486 1208 1555 prwﬁci
1253 1494 1446 1555 roget,
1475 1501 1601 1540 cum
1653 1494 1808 1554 parta
1855 1485 2127 1542 retinendi

561 1597 624 1634 ac
660 1580 728 1634 de
761 1588 961 1633 caetero
1015 1579 1071 1631 in
1100 1576 1216 1631 otio
1265 1575 1484 1630 vivendi
1518 1577 1747 1631 libertas
1791 1576 1978 1643 fuerit,
2036 1576 2134 1632 sed

561 1674 688 1742 quia
719 1673 818 1741 ipsi
853 1672 922 1724 ad
956 1680 1200 1726 veterem
1240 1669 1557 1723 felicitatem
1601 1668 1862 1723 Romanis
1900 1683 2133 1738 recupeo

562 1762 788 1815 randam
835 1769 944 1814 tam
997 1761 1211 1814 intensa
1239 1768 1297 1814 et
1345 1759 1566 1813 assidua
1619 1773 1753 1813 cura
1801 1759 2136 1816 incumbenti

562 1853 714 1905 utilis
741 1860 796 1903 et
827 1851 895 1904 ad
947 1851 1251 1919 juvandutn
1298 1847 1527 1904 idoneus
1563 1849 1738 1904 videri
1771 1849 1976 1918 cupiat.
2025 1849 2138 1906 liae

560 1941 806 1995 oratione
835 1939 1138 1994 delectatus
1165 1954 1393 2009 magnus
1421 1939 1782 2005 domesticus,
1810 1939 1880 1993 de
1905 1940 2134 2009 pecunia

559 2049 618 2085 se
648 2031 724 2085 illi
755 2031 986 2100 gratiam
1013 2030 1215 2084 habere
1259 2029 1356 2095 ait,
1409 2044 1516 2084 non
1565 2038 1774 2084 tantum
1827 2029 1973 2098 quod
2009 2036 2132 2083 eam

557 2126 624 2178 ad
659 2137 1003 2179 communem
1038 2136 1197 2176 usum
1245 2122 1566 2189 contulerit,
1621 2123 1715 2177 sed
1765 2121 1910 2192 quod
1965 2122 2134 2177 etiam

559 2217 666 2270 sibi
695 2216 814 2284 ejus
841 2214 1226 2283 dispensandae
1269 2213 1539 2268 rationem
1594 2213 1895 2267 crediderit
1921 2251 1935 2275 ,
1967 2226 2132 2280 quam

559 2314 706 2359 recte
746 2303 1086 2372 fideliterque
1115 2301 1387 2357 collocare
1445 2301 1599 2356 velit.
1631 2302 1765 2356 Nam
1796 2301 2133 2369 quempiam,

561 2397 648 2452 citi
680 2394 1053 2450 communium
1105 2407 1291 2447 rerum
1343 2391 1603 2447 mandata
1647 2401 1734 2446 est
1787 2391 2130 2461 procuratio,

561 2503 668 2538 non
720 2485 849 2538 inde
885 2498 1088 2554 augere
1143 2483 1436 2537 facultates
1479 2497 1632 2548 suas,
1687 2482 1784 2537 sed
1841 2498 1964 2551 quae
2007 2491 2134 2536 ante

561 2577 946 2646 magistratum
978 2574 1294 2643 acquisivit,
1321 2573 1376 2627 in
1409 2573 1496 2628 his
1525 2575 1721 2639 emori,
1755 2583 1812 2628 et
1838 2590 1867 2628 a
1899 2575 2134 2643 pecunia

559 2671 826 2723 invictum
853 2653 1104 2735 prorsus
1137 2679 1449 2734 apparere,
1496 2680 1606 2718 non
1655 2665 1883 2720 difficile
1929 2666 2132 2733 solum,

561 2763 656 2816 sed
689 2773 968 2827 nunquam
997 2756 1339 2824 contingere.
1377 2754 1665 2809 Possidere
1697 2765 1878 2809 autem
1903 2757 2038 2826 jam,
2071 2771 2136 2813 ac

561 2855 630 2907 ob
661 2852 714 2906 id
741 2850 879 2904 nihil
924 2846 1224 2902 formidare
1270 2846 1397 2898 mali
1431 2885 1445 2908 ,
1495 2845 1695 2900 deinde
1745 2861 1908 2916 azquo
1949 2848 2134 2902 animo

555 2946 701 2999 -vcl!e
725 2955 974 3010 erogare,
1008 2946 1066 2993 et
1097 2937 1237 2991 male
1261 2937 1507 2991 collectis
1543 2937 1682 2991 bene
1730 2938 1830 3001 uti,
1869 2939 1976 2992 hoc
2021 2954 2132 2994 non

2244 490 2568 557 δυναμένων
2590 485 2917 556 χρήσασθαι,
2952 486 2985 554 ἢ
3021 477 3224 556 ἑτέρων
3259 488 3484 558 ἁρπαγῇ
3518 491 3618 542 καὶ
3636 489 3796 560 ἀδικία

2240 577 2597 647 χρησομένων
2651 576 2743 628 καὶ
2789 575 3262 645 διαφθαρούντων,
3310 579 3385 640 ὡς
3413 579 3476 631 δὲ
3521 577 3615 630 σοῦ
3649 580 3795 648 μόνον

2239 667 2614 729 καταστάντος
2644 667 2736 720 ἐπὶ
2788 669 2900 730 τοῖς
2928 667 3242 737 πράγμασι,
3305 669 3400 722 καὶ
3446 671 3550 738 τὴν
3581 670 3796 725 διάνοιαν

2239 761 2504 825 κατεῖδον,
2537 761 2612 821 ὡς
2637 760 2774 826 ὑπὲρ
2791 759 3058 827 ὠφελείας
3089 761 3200 814 τῶν
3225 763 3444 825 κοινῶν,
3471 764 3533 815 οὐ
3556 766 3796 834 χρήματα

2241 851 2424 919 μόνον,
2469 848 2606 902 ἀλλὰ.
2635 849 2732 902 καὶ
2772 847 2953 918 ψυχὴν
2998 849 3168 920 αὐτὴν
3199 851 3247 902 εί
3291 845 3404 903 οἷόν
3444 868 3507 904 τε
3533 853 3796 922 προΐεσθαι

2235 943 2440 1012 διανοῇ,
2477 941 2574 995 καὶ
2603 938 2696 993 τὸν
2733 939 2936 1011 τρόπον
2965 941 3229 1009 προειδὼς
3261 940 3338 1004 ὡς
3386 941 3617 1010 ἀγαθὸς,
3647 942 3795 1009 ἔγνων

2233 1033 2345 1086 δεῖν
2375 1049 2458 1086 σοι
2508 1032 2575 1085 τά
2603 1033 2862 1102 χρήματα
2894 1032 3076 1085 ἐκεῖνα
3121 1032 3478 1103 ἐγχειρίζειν,
3517 1032 3596 1095 ὡς
3626 1034 3682 1085 οὐ
3717 1051 3798 1086 κα-

2234 1121 2341 1184 λῶς
2373 1120 2554 1191 μόνον,
2609 1120 2746 1174 ἀλλὰ
2801 1122 2898 1175 καὶ
2946 1121 3185 1189 εὐλόγως
3237 1123 3490 1192 ἀκριϐῶς
3539 1124 3676 1194 ὑπὲρ
3701 1125 3794 1177 τῶν

2237 1214 2390 1281 κοινῇ
2461 1212 2761 1280 Ῥωμαίοις
2823 1212 3214 1282 συμφερόντων
3283 1213 3791 1283 ἀναλωθησομένων,

2237 1300 2425 1371 ἐπειδὴ
2486 1303 2580 1354 καὶ
2624 1301 2689 1354 ἐκ
2735 1300 2940 1354 τούτων
2993 1302 3358 1370 συνελέγησαν
3415 1304 3634 1356 αὐτῶν
3686 1304 3792 1375 atii;

2234 1393 2412 1449 πάντα
2439 1393 2559 1462 ἥκω
2586 1391 2931 1463 ἐγχειρίζων,
2971 1392 3055 1460 ἐφ’
3078 1394 3106 1446 ὅ
3133 1409 3186 1446 τι
3208 1392 3276 1446 ἀν
3375 1410 3462 1446 σοι
3489 1398 3794 1464 χρητομένφ

2231 1483 2512 1554 βούλησις.
2557 1483 2807 1548 Ἔξεστιν
2836 1481 2927 1536 οὖν
2957 1485 3124 1537 παντὶ
3157 1483 3256 1554 τὴν
3288 1485 3572 1550 ἀπόδειξιν
3608 1487 3792 1556 λαμὸἀ·

2235 1593 2347 1630 νειν
2366 1575 2598 1645 ἐναργῆ,
2632 1575 2710 1638 ὡς
2754 1574 2816 1628 οὐ
2854 1577 3332 1646 χρηματισόμενος
3359 1579 3427 1631 ὲκ
3451 1580 3555 1648 τῆς
3576 1580 3792 1648 ἀπογρα-

2241 1667 2342 1736 φῆς
2365 1667 2488 1737 ἥκω
2504 1666 2754 1736 δεόμενος
2778 1656 3113 1736 καταστῆναι
3144 1668 3280 1738 πρὸς
3307 1669 3489 1738 αὑτήν
3511 1689 3524 1702 ·
3561 1669 3682 1738 ἐξῆν
3701 1673 3788 1738 γὰρ

2168 1727 2211 1782 Β
2239 1727 2434 1828 έχοντα
2465 1758 2503 1811 ἃ
2528 1727 2828 1827 κέκτημαι,
2879 1727 3046 1828 μηδὲν
3076 1727 3395 1829 περαιτέρω
3419 1727 3791 1830 τῖεολυπρξιγξωὶ

2237 1852 2370 1911 νεῖν,
2421 1848 2560 1902 ἀλλά
2592 1849 2676 1901 σο)⁸
2713 1849 2998 1918 φανεῖσθαι
3045 1851 3313 1919 χρήσιμος
3362 1850 3672 1919 ἐπιθυμῶν,
3711 1856 3788 1905 καὶ

2238 1937 2408 1991 πολλά
2435 1938 2773 2007 συνάρασθαι
2803 1939 3099 2008 δυνάμενος
3153 1940 3291 2010 πρὸς
3336 1941 3400 1994 τὸ
3432 1941 3534 2011 τὴν
3580 1943 3789 2011 ἀρχαίαν

2236 2027 2582 2098 εὐδαιμονίαν
2611 2029 2723 2092 τοῖς
2757 2028 3048 2092 Ῥωμαίοις
3077 2029 3406 2095 ἀνασώζειν,
3458 2030 3658 2096 πολλὴν
3683 2028 3788 2081 τοὺ-

2235 2137 2328 2172 του
2359 2121 2524 2173 ἕνεκα
2556 2123 2650 2174 καὶ
2697 2124 2900 2190 συνεχῆ
2933 2121 3244 2190 ποιουμένῳ
3291 2122 3395 2192 τὴν
3425 2122 3698 2192 φρωτέδα.
3735 2121 3788 2173 '0

2234 2212 2292 2265 δὲ
2324 2213 2560 2281 ἄσμενος
2595 2212 2999 2283 ἀποδεξάμενος
3022 2216 3149 2276 τοὺς
3174 2213 3389 2282 λόγους,
3421 2217 3551 2284 περὶ
3583 2215 3679 2284 μὲν
3694 2214 3786 2266 τῶν

2235 2297 2536 2372 Χρημάτων
2589 2303 2797 2370 ἔφασκε
2831 2305 2992 2375 χάριν
3027 2305 3176 2376 αὒτῷ
3227 2306 3435 2378 πολλὴν
3479 2306 3688 2368 εἰδέναι,
3733 2304 3785 2356 οὐ

2234 2390 2310 2458 τῷ
2331 2389 2472 2457 ὑπὲρ
2497 2389 2606 2442 τῶν
2626 2393 2778 2460 κοινῇ
2804 2392 3197 2460 συμφερόντων
3225 2393 3388 2461 μόνον
3406 2391 3783 2461 παρεσχῆσθαι.

2233 2481 2369 2535 ἀλλά
2395 2481 2490 2535 καὶ
2517 2480 2596 2551 τῷ
2625 2481 2804 2535 αὐτῶν
2836 2482 3264 2536 πεπιστευκέναι
3295 2483 3396 2551 τὴν
3419 2485 3683 2552 διοίκησιν
3703 2483 3782 2534 αὖ·

2233 2572 2310 2642 τῷ
2334 2571 2511 2642 ὀρθῶς
2557 2572 2912 2642 πεπεισμένῳ
2942 2574 3037 2625 καὶ
3080 2573 3311 2636 δικαίως
3369 2575 3683 2628 ἀναλώσειν.
3721 2573 3782 2624 Τὸ

2237 2662 2337 2732 μὲν
2369 2663 2478 2730 γάρ
2505 2679 2628 2715 τινα
2651 2661 2759 2714 τῶν
2791 2661 2987 2714 κοινῶν
3019 2662 3344 2729 ἐπιμέλειαν
3390 2663 3783 2734 ἐγκεχειρισμέ-

2234 2770 2343 2820 νον,
2387 2754 2461 2824 μὴ
2512 2753 2609 2825 τὴν
2662 2753 2852 2807 οὐσίαν
2904 2757 3083 2808 ποιεῖν
3136 2753 3355 2824 βελτίω,
3407 2757 3523 2810 ἀλλ’
3547 2758 3643 2809 ὅσα
3671 2755 3780 2824 πρὶν

2234 2844 2521 2909 ἅπτεσθαι,
2550 2845 2791 2899 τοσαῦτα
2827 2845 3021 2915 ἔχοντα
3045 2846 3514 2911 ἀπαλλάττεσθαι,
3555 2849 3644 2901 καὶ
3665 2864 3778 2916 χρη-

2237 2938 2421 3007 μάτων
2452 2937 2526 2997 ὡς
2552 2935 2756 2989 ἐπίπαν
2796 2936 3031 3006 ὀφθῆναι
3070 2937 3328 3007 κρείττω,
3365 2939 3429 2991 οὐ
3452 2937 3673 3008 χαλεπὸν
3700 2935 3781 3002 μό·

565 3036 889 3096 multoruut,
937 3031 1032 3085 sed
1082 3027 1279 3084 salvari
1352 3027 1655 3081 volentium
1701 3042 1823 3082 esse
1869 3037 2129 3098 certoque

2233 3043 2345 3091 νον,
2380 3027 2514 3080 ἀλλὰ
2555 3029 2648 3082 καὶ
2695 3026 2957 3082 ἀδύνατον
3017 3028 3227 3098 σχεδόν.
3261 3029 3336 3081 Τὸ
3371 3031 3417 3082 δ’
3478 3028 3660 3099 ἔχοντα
3690 3027 3776 3096 ήδη
3845 3100 3857 3115 ⁸

561 3124 901 3182 credentium
925 3164 940 3187 ,
976 3136 1036 3176 se
1065 3127 1186 3188 post
1219 3118 1386 3173 finem
1417 3117 1582 3185 hujus
1625 3117 1767 3171 lucis
1798 3119 2042 3172 omnium
2071 3119 2128 3173 in

562 3221 671 3273 vita
719 3226 999 3286 gestorum
1036 3212 1306 3266 rationem
1357 3209 1691 3264 reddituros.
1738 3210 1967 3268 Praestat
2009 3210 2131 3279 qui-

560 3308 684 3362 dem
730 3320 840 3357 uon
878 3315 1104 3371 peccare
1156 3313 1416 3368 prorsus,
1447 3313 1626 3367 neque
1670 3298 1901 3354 maculis
1941 3301 2131 3356 multis

561 3397 766 3451 fmdare
789 3393 1028 3448 animam
1057 3406 1072 3454 ;
1105 3389 1152 3444 si
1184 3396 1363 3444 tamen
1394 3387 1450 3442 id
1480 3388 1750 3452 evenerit,
1788 3404 1898 3444 non
1927 3389 2128 3445 iterum

564 3485 822 3558 peccandi
853 3482 1183 3552 principium
1223 3479 1351 3542 erit,
1393 3494 1505 3533 non
1543 3480 1704 3534 modo
1731 3494 1761 3534 a
1792 3479 2010 3535 delictis
2035 3477 2132 3535 εει)-

561 3581 768 3633 stinere
795 3615 809 3640 ,
857 3574 952 3629 sed
983 3581 1040 3627 et
1085 3570 1324 3625 admissa
1366 3570 1729 3638 sequentibus
1776 3579 1927 3624 recte
1972 3570 2133 3625 factis

562 3680 940 3736 compensare.
990 3662 1202 3717 Idcirco
1255 3668 1307 3715 te
1367 3645 1438 3714 ob
1509 3663 1670 3714 istam
1723 3659 2129 3726 mutationem,

562 3758 712 3829 quod
735 3773 842 3812 non
869 3755 1028 3810 aliter
1059 3767 1222 3823 quam
1257 3751 1326 3806 ad
1360 3766 1707 3806 communem
1751 3751 1990 3805 fructum
2028 3767 2133 3819 τιυ-

562 3853 790 3906 euniain
832 3857 984 3904 tuam
1031 3844 1342 3902 donandam
1379 3843 1703 3908 censueris,
1740 3844 1924 3898 laudo.
1973 3845 2128 3911 Quod

564 3954 696 3992 vero
727 3952 835 3991 non
890 3943 1119 3989 vocatus
1148 3973 1164 3998 ,
1217 3932 1316 3988 sed
1356 3934 1500 3987 ultro
1547 3932 1616 3986 ad
1657 3948 1742 3989 me
1781 3933 1972 3989 adiens
2008 3935 2131 3989 vitio

565 4029 814 4086 subsidia
843 4043 872 4082 a
902 4024 1172 4080 militibus
1209 4023 1279 4078 de
1320 4023 1544 4093 publico
1577 4023 1740 4093 pendi
1779 4025 1940 4080 solita
1990 4041 2132 4080 ex.e-

563 4135 733 4191 qnare
770 4117 1031 4188 petivisti,
1080 4124 1294 4169 tantum
1323 4115 1481 4170 abest
1509 4122 1570 4168 ut
1599 4114 1878 4181 damnetn,
1911 4125 1971 4171 ut
2003 4132 2128 4170 cum

564 4214 718 4281 ptius
764 4210 880 4279 ipse
907 4215 1123 4276 meopte
1155 4206 1393 4276 impulsu
1441 4205 1535 4260 tibi
1585 4213 1813 4275 propter
1843 4205 2131 4275 experien-

567 4303 698 4355 tiam
756 4299 862 4353 hoc
898 4295 1192 4352 ministerii
1245 4295 1594 4350 committere
1634 4295 1900 4350 voluerim
1926 4335 1942 4360 ,
1980 4312 2131 4353 nunc

2243 3121 2336 3174 καὶ
2371 3120 2534 3189 μηδὲν
2578 3118 2952 3172 ὑποπτεύοντα
3001 3118 3176 3172 δεινὸν
3221 3121 3352 3189 περὶ
3381 3120 3578 3182 αὐτῶν,
3611 3118 3774 3170 ἔπειτα

2243 3213 2436 3267 ἑκόντα
2478 3211 2804 3282 βουληθῆναι
2840 3210 3161 3273 ἀποθέσθαι,
3198 3211 3290 3264 καὶ
3325 3211 3364 3266 ἃ.
3419 3211 3657 3276 συνέλεξε
3689 3225 3776 3260 κα-

2240 3300 2352 3363 κῶς
2381 3299 2685 3368 χρήσασθαι
2721 3300 2800 3360 είς
2829 3298 2968 3362 δέον,
2997 3298 3058 3350 οὐ
3099 3297 3209 3351 τῶν
3243 3298 3479 3360 πολλῶν,
3524 3298 3647 3352 ἀλλὰ
3680 3296 3773 3348 τῶν

2243 3390 2584 3462 βουλομένων
2642 3389 2954 3454 σώζεσθαι,
2988 3390 3084 3443 καὶ
3136 3392 3524 3460 πεπεισμένων
3560 3388 3774 3458 ἀκριϐῶς

2240 3484 2318 3547 ὡς
2373 3485 2594 3538 πάντων
2645 3482 2975 3553 παρέξουσιν
3028 3483 3262 3542 εὐθύνας
3307 3483 3418 3536 τῶν
3449 3483 3769 3554 βεϐιωμένων

2245 3575 2382 3646 μετά
2409 3573 2506 3640 τὴν
2564 3574 2772 3628 ἐνθένδε
2800 3573 3146 3642 ἀπαλλαγήν.
3185 3574 3405 3628 Βέλτιον
3461 3576 3556 3644 μὲν
3584 3573 3680 3641 γὰρ
3705 3571 3771 3639 μὴ

2240 3664 2579 3736 ἁμαρτάνειν
2607 3665 2706 3728 τὴν
2751 3665 2949 3733 ἀρχὴν,
2986 3665 3124 3734 μηδὲ
3153 3665 3336 3734 κηλίσι
3367 3665 3584 3728 πολλαῖς
3627 3677 3774 3715 κατα-

2245 3757 2482 3826 μιαίνειν
2526 3755 2624 3826 τὴν
2677 3755 2875 3824 ψυχήν.
2918 3757 3017 3808 Ἂν
3075 3756 3121 3809 δ’
3153 3756 3262 3827 ἄρα
3310 3757 3470 3810 τοῦτο
3516 3753 3769 3824 συμϐαίνῃ,

2241 3849 2498 3916 δευτέρας
2527 3846 2944 3916 ἀναμαρτησίας
2973 3847 3138 3918 ἀρχὴ,
3170 3847 3232 3900 τὸ
3265 3848 3340 3918 μὴ
3380 3849 3537 3919 μόνον
3572 3863 3627 3899 τε
3655 3842 3772 3896 παύ-

2244 3938 2440 3990 σασθαι
2463 3936 2572 3989 τῶν
2597 3937 2806 4004 κακῶν,
2827 3936 2963 3990 ἀλλὰ
2993 3940 3088 3992 καὶ
3133 3937 3462 4010 ἀντίρροπον
3500 3936 3768 3991 ἐπιδείκνυ·

2243 4027 2364 4080 σθαι
2393 4027 2499 4079 τῶν
2529 4026 2750 4094 ἀγαθῶν
2805 4027 2905 4094 τὴν
2939 4027 3223 4096 ἐργασίαν.
3284 4027 3387 4081 Διά
3416 4027 3582 4080 ταῦτα
3607 4024 3664 4093 δή
3693 4022 3769 4074 καὶ

2242 4116 2449 4172 ἐπαινῶ
2480 4134 2540 4170 σε
2571 4117 2673 4188 τῆς
2716 4117 3042 4188 μεταϐολῆς,
3083 4119 3176 4172 καὶ
3217 4117 3311 4172 τοῦ
3362 4119 3438 4189 μὴ
3463 4117 3646 4190 τρόπον
3674 4113 3770 4164 ἓτε-

2244 4226 2358 4281 ρον,
2391 4209 2503 4265 ἀλλ’
2535 4209 2674 4279 ὑπὲρ
2705 4209 2812 4263 τῶν
2843 4212 2999 4279 κοινῇ
3033 4211 3422 4280 συμφερόντων
3451 4210 3514 4263 τὰ
3541 4209 3767 4277 χρήματι

2244 4299 2572 4368 βουληθῆναι
2622 4299 2920 4354 ἐπιδοῦναι.
2982 4301 3107 4354 Ὀτι
3159 4303 3218 4355 δὲ
3275 4303 3349 4372 μὴ
3419 4299 3763 4371 προσκληθεὶς,

563 4391 802 4461 amplius
841 4390 1060 4445 credam
1088 4429 1102 4454 ,
1145 4395 1201 4442 te
1242 4387 1296 4441 id
1330 4387 1526 4442 melius
1593 4401 1658 4441 ac
1707 4388 1912 4458 iustius
1945 4388 2130 4444 obitu-

2235 4391 2371 4445 ἀλλά
2399 4392 2666 4462 πρότερος
2707 4391 3025 4462 προσελθὼν
3073 4393 3237 4456 αὐτὸς
3264 4395 3326 4446 τὸ
3367 4391 3646 4447 ἐπανισοῦν
3672 4389 3765 4446 τοῖς

564 4499 708 4540 rum.
736 4481 854 4535 Non
880 4479 1026 4536 enim
1052 4493 1204 4550 aeque
1233 4487 1289 4533 et
1312 4479 1406 4546 qui
1433 4478 1720 4547 promissis
1749 4480 1929 4548 largus
1953 4487 2056 4543 est,
2079 4487 2135 4534 et

563 4573 659 4641 qui
706 4571 846 4639 nihil
885 4568 1193 4638 promittit,
1234 4567 1504 4638 promissa
1549 4567 1773 4636 implere
1822 4570 2132 4624 enituntur.

524 4700 531 4705 .
566 4661 719 4716 lianc
761 4662 930 4730 igitur
979 4657 1320 4728 provinciam
1360 4657 1458 4711 tibi
1501 4657 1748 4727 injungo.
1803 4657 1880 4712 Te
1912 4673 2134 4728 quoque

567 4768 666 4822 par
702 4760 787 4805 est
813 4749 1129 4803 existimare
1155 4787 1172 4812 ,
1205 4763 1314 4803 non
1353 4761 1519 4816 parva
1554 4748 1800 4815 quaedam
1858 4757 1916 4802 et
1953 4747 2138 4816 despi-

567 4841 766 4897 cabilia
799 4841 899 4894 abs
929 4849 980 4892 te
1008 4837 1252 4903 tractari,
1281 4844 1337 4890 et
1365 4853 1486 4905 qua:
1516 4839 1649 4901 nec,‘
1664 4837 1707 4891 si
1737 4837 1909 4905 probe
1939 4853 2138 4892 curen-

568 4943 679 4995 tur,
711 4928 990 4985 communi
1040 4927 1331 4981 admodum
1362 4925 1671 4995 proficiant,
1723 4942 1823 4982 nec
1867 4943 1974 4981 non
2016 4943 2138 4996 per-
2184 4918 2191 4922 ’

569 5024 697 5077 inde
733 5031 987 5083 noceant,
1023 5021 1067 5072 si
1101 5019 1343 5087 segniter
1369 5033 1449 5084 ac,
1478 5018 1733 5086 nequiter
1765 5020 1918 5072 fiant.
1977 5018 2132 5084 Quod

568 5129 806 5184 namque
843 5113 897 5166 in
933 5128 989 5166 re
1023 5112 1244 5180 politica
1287 5110 1476 5180 judex,
1512 5113 1615 5164 hoc
1665 5109 1720 5162 in
1751 5110 1989 5178 pubiicis
2034 5110 2134 5164 sti-

569 5205 787 5277 pendiis
817 5214 1072 5272 praestare
1122 5203 1296 5271 possit
1325 5213 1657 5272 exzequator.
1690 5203 1907 5256 Etenim
1957 5212 2011 5256 et
2043 5203 2134 5258 ille

566 5315 633 5353 ex
672 5298 928 5366 aequitate
966 5297 1211 5350 arbitriis
1248 5295 1512 5349 faciendis
1556 5305 1612 5350 et
1669 5297 1735 5350 ad
1778 5297 1956 5366 legum
2006 5298 2136 5352 obe-

567 5392 833 5449 dientiam
871 5388 1156 5456 cogendo,
1198 5387 1402 5442 bonum
1436 5386 1674 5441 civitatis
1719 5395 1919 5442 statum
1951 5389 2136 5444 conci-

543 5483 666 5536 .iiat
691 5498 707 5547 ;
737 5490 792 5536 et
816 5482 904 5536 hic
929 5482 975 5535 si
1001 5483 1180 5550 justus
1201 5494 1344 5541 esse,
1371 5479 1760 5547 communique
1785 5479 2136 5533 commodare

567 5573 721 5638 velit,
751 5574 889 5628 alios
915 5571 1192 5642 spoliabit,
1222 5573 1268 5625 si
1302 5572 1443 5624 ultra
1469 5571 1678 5640 justum
1713 5569 1923 5624 fructus
1953 5570 2134 5638 perci-

569 5660 744 5727 piant,
772 5661 932 5730 377
953 5661 1074 5714 aliis
1101 5660 1282 5714 minus
1315 5659 1644 5714 habentibus
1659 5658 1779 5725 plus
1803 5657 1986 5723 addet,
2013 5673 2131 5713 om-

2238 4484 2604 4552 στρατιώταις
2633 4485 2731 4545 τὰς
2755 4485 2820 4537 ἐκ
2856 4484 2964 4538 τῶν
3004 4481 3278 4555 δημοσίων
3312 4485 3516 4555 ᾔτησας
3543 4481 3629 4535 τοῦ
3668 4477 3764 4548 βίου

2234 4577 2509 4648 ἀφορμὰς,
2556 4576 2809 4630 τοσοῦτον
2839 4577 3031 4647 ἀπέχω
3061 4577 3512 4646 καταγινώσκειν,
3538 4574 3665 4627 ὥστε
3686 4569 3762 4621 καὶ

2233 4669 2501 4738 πρότερον
2546 4669 2711 4722 αὑτὸν
2763 4668 2978 4722 οἴκοθεν
3035 4671 3367 4740 ὡρμημένον
3412 4670 3497 4723 διὰ
3536 4667 3625 4735 τὴν
3655 4662 3761 4727 περὶ

2233 4757 2408 4809 ταῦτα
2429 4757 2720 4826 ἐμπειρίαν
2745 4773 2829 4810 σοι
2858 4757 2958 4828 τὴν
2993 4759 3299 4827 ὑπηρεσίαν
3329 4756 3654 4828 ἐγχειρίζειν,
3685 4749 3759 4798 νῦν

2240 4848 2438 4916 μᾶλλον
2463 4847 2756 4910 ἀνέπεισας
2781 4848 2989 4918 βέλτιον
3013 4848 3224 4902 οῐεσθαι
3245 4851 3337 4902 καὶ
3373 4850 3682 4913 δικαιότερον
3705 4837 3758 4886 τᾶ

2233 4937 2458 4990 τοιαῦτα
2483 4936 2797 5005 διοικήσειν.
2825 4939 2899 4990 Οὐ
2928 4939 3031 5006 γὰρ
3049 4939 3252 5007 ὁμοίως
3286 4940 3314 4991 ὃ
3343 4955 3401 4992 τε
3431 4936 3586 4990 πολλὰ
3615 4935 3755 4992 ἔπαγ’

2233 5028 2555 5096 γειλάμενος
2585 5029 2677 5080 καὶ
2697 5029 2724 5080 ό
2753 5029 2935 5097 μηδὲν,
2967 5031 3094 5098 περὶ
3120 5029 3228 5082 τῶν
3256 5027 3655 5099 ἐπηγγελμένων
3673 5035 3754 5083 tri-Iv

2233 5119 2581 5188 ἐκπλήρωσιν
2634 5119 3016 5173 σπουδάσουσι.
3069 5121 3180 5187 Τὴν
3216 5123 3312 5190 μὲν
3355 5118 3444 5173 οὖν
3493 5110 3751 5182 ὑπηρεσίαν

2233 5207 2341 5260 τῶν
2391 5207 2645 5259 τοιούτων
2695 5208 2993 5274 ἐπιτρέπω.
3050 5208 3116 5260 Σὲ
3163 5209 3218 5260 δὲ
3251 5209 3343 5260 καὶ
3381 5207 3535 5260 αὑτὸν
3575 5195 3747 5253 οίεποιι

2233 5299 2528 5366 προσῆκον»
2560 5296 2635 5365 μὴ
2669 5294 2841 5366 μικρά
2891 5315 3009 5350 τινα
3057 5299 3152 5352 καὶ
3204 5294 3630 5364 εὐκαταφρόνητα
3667 5300 3745 5351 με·
3819 5329 3824 5334 .

2232 5388 2428 5454 τιέναι,
2476 5387 2597 5457 μηδ’
2643 5383 2752 5452 οἵα,
2810 5390 2946 5459 μήτε
3003 5390 3346 5459 διοικούμενα
3390 5386 3551 5446 καλῶς
3581 5376 3748 5436 πολλὴν

2233 5477 2498 5544 ὠφέλειαν
2525 5478 2787 5547 παρέχειν
2817 5477 2893 5547 τῷ
2919 5479 3103 5547 κοινῷ,
3144 5481 3267 5548 μήτ’
3311 5478 3498 5544 ὲπίσης
3528 5472 3746 5542 βλάπτενν

2232 5567 2298 5619 ἂν
2327 5567 2590 5638 ῥᾳθύμως
2620 5571 2712 5620 καὶ
2733 5571 3055 5638 πανούργως
3079 5572 3449 5641 “πράττωνται.
3485 5567 3638 5628 Ὅπερ
3657 5553 3744 5622 γάρ

2234 5662 2349 5715 ἐστι
2377 5663 2485 5724 τοῖς
2511 5662 2809 5727 πολιτικοῖς
2839 5666 3160 5734 πράγμασιν
3190 5667 3216 5718 ὀ
3257 5663 3462 5735 κριτὴς,
3493 5659 3630 5709 τοῦτο
3652 5647 3740 5708 τώς
