4096 6300
367 423 478 489 753

1489 429 2022 489 IIlSTOlltARUM
2063 432 2289 492 LIBER
2332 433 2448 492 lI-l.

3499 430 3604 492 7M

367 534 649 603 δημοσίοις
683 534 886 587 δύναιτ’
916 536 981 592 ἂν
1042 539 1069 590 ὁ
1101 536 1384 607 ὲξισωτής.
1446 537 1686 600 Ἐκεῖνος
1737 554 1796 590 τε
1832 538 1939 605 γάρ

2046 553 2251 607 aesque
2283 541 2349 595 ad
2380 539 2720 596 militandum
2769 549 3050 611 promptos
3073 579 3088 606 ,
3117 548 3174 595 et
3202 537 3458 594 ordinum
3499 543 3602 595 6b-

370 631 632 700 εὐνομίαν
660 634 782 694 ταῖς
831 633 1020 686 πόλεσι
1073 633 1504 704 παρασκευάζει,
1540 633 1763 693 δικαίως
1795 631 1936 684 διαι-

367 723 505 786 τῶν,
539 722 766 784 καὶτοῖς
799 724 984 790 νόμοις
1016 723 1302 778 πείθεσθαι
1342 723 1796 790 καταναγκάζων.
1829 725 1940 777 Καὶ

368 807 520 876 οὗτος
549 815 616 866 ἂν
642 813 799 884 ἐθέλῃ
833 815 903 867 τά
925 815 1110 868 δίκαια
1143 817 1316 868 ποιεῖν
1341 816 1435 868 καὶ
1462 815 1530 868 τὰ
1555 813 1938 869 λυσιτελοῦντα

367 905 449 973 τῷ
468 904 653 972 κοινῷ,
675 905 784 956 τῶν
813 906 913 974 μὲν
940 905 1304 975 ἀφαιρήσεται
1327 907 1395 959 ἂν
1430 905 1592 959 πλέον
1620 905 1940 976 καρπῶνται

367 995 463 1047 τοῦ
495 993 733 1048 δικαίου·
760 996 871 1056 τοῖς
898 995 952 1048 δὲ
1001 995 1220 1048 ἔλαττον
1267 995 1454 1066 ἔχουσι
1490 994 1767 1067 προσθεὶς,
1809 1013 1962 1067 προσ,

368 1085 575 1152 θύμους
609 1085 744 1154 πρὸς
771 1086 870 1149 τὰς
928 1085 1220 1156 στρατείας
1250 1089 1668 1158 παρασκευάσει
1709 1089 1939 1152 πάντας,

370 1176 462 1226 καὶ
489 1175 856 1242 φυλάττοντας
884 1175 985 1245 τὴν
1005 1175 1178 1239 τάξιν,
1222 1176 1318 1230 καὶ
1357 1179 1712 1247 πειθομένους
1741 1178 1942 1246 ἄριστα

370 1266 481 1324 τοῖς
509 1267 859 1333 στρατηγοῖς,
892 1265 968 1328 ὡς
989 1261 1082 1318 οὖν
1111 1267 1320 1335 μεγάλα
1363 1269 1818 1337 πεπιστευμένος,
1849 1269 1942 1321 καὶ⁵

365 1358 436 1407 τὰ
462 1357 693 1424 μέγιστα
749 1357 1166 1426 συμϐαλλόμενα
1219 1359 1355 1428 πρὸς
1385 1359 1483 1429 τὴν
1517 1361 1786 1429 διοίκησιν
1833 1360 1943 1412 τῶν

367 1447 530 1507 ὅλον,
568 1445 712 1498 οὕτω
766 1446 873 1517 χρὴ
928 1449 1022 1500 καὶ
1056 1450 1372 1512 πεπεῖσθαι,
1412 1451 1505 1503 καὶ
1555 1452 1943 1522 προσήκουσαν

372 1536 610 1605 σπουδὴν
640 1537 736 1588 καὶ
789 1539 1104 1606 προθυμίαν
1153 1541 1559 1594 ἐπιδείκνυσθαι
1598 1542 1690 1595 ἑπὶ
1718 1543 1828 1602 τοῖς
1853 1541 1944 1612 Ερ-

370 1645 512 1695 γοις.
547 1627 785 1681 Τοιαῦτα
842 1628 942 1695 μὲν
987 1628 1170 1698 διῆλθε
1224 1630 1360 1698 πρὸς
1411 1632 1602 1696 αὑτὸν,
1647 1631 1944 1698 ἀπολογίαν

369 1721 694 1786 ποιούμενος
724 1719 808 1786 ἐφ’
841 1713 922 1781 οἷς
969 1718 1145 1788 ἠξίου.
1205 1721 1440 1774 Ἔπειτα
1484 1721 1593 1774 τῶν
1643 1721 1944 1791 χρημάτων

367 1806 702 1860 ἐπυνθάνετο
727 1808 820 1860 τὸν
848 1809 1082 1879 ἀριθμὸν
1115 1809 1315 1872 ὁπόσος
1339 1811 1448 1881 εἴη.
1483 1811 1591 1864 Τοῦ
1617 1812 1674 1865 δὲ
1702 1815 1942 1882 ἀποκρι-

369 1899 626 1967 ναμένου,
657 1899 882 1969 χρυσίου
933 1899 1030 1968 μὲν
1065 1895 1206 1954 εἶναι
1260 1903 1527 1970 μυριάδας
1553 1903 1706 1967 δέκα,
1737 1903 1942 1958 ἔπιπλά

370 2005 430 2042 τε
468 1991 559 2041 καῖ
612 1989 780 2059 σκεύη
816 1989 881 2041 ἑκ
921 1989 1122 2061 χρυσοῦ
1153 1991 1502 2060 πεποιημένα
1543 1992 1645 2046 καὶ
1662 1993 1940 2063 ἀργύρου,

370 2076 612 2145 χρυσίων
644 2079 1126 2149 τετρακισμυρίων
1163 2079 1311 2145 ἀξια,
1345 2082 1436 2134 καὶ
1474 2081 1649 2136 ταῦτα
1701 2083 1942 2150 φαμένου

373 2165 553 2235 πάντα
585 2167 646 2219 τὸ
676 2167 772 2221 νῦν
815 2169 957 2240 ἔχον,
985 2171 1214 2242 ἑτοίμως
1243 2171 1519 2226 ἐπιδοῦναι
1542 2172 1709 2242 ἔχειν,
1730 2173 1840 2227 τῶν
1866 2174 1944 2228 ol-

372 2257 547 2309 κετῶν
580 2260 1091 2330 μετακαλεσάμενος
1135 2279 1282 2327 τινα,
1325 2263 1559 2328 Οὐκοῦν,
1597 2263 1724 2334 ἔφη,
1772 2264 1943 2318 ταῦτα

370 2349 548 2419 τούτῳ
601 2350 841 2420 παράδος
875 2353 1151 2410 ἀπελθών.
1203 2355 1292 2420 Ὠς
1343 2355 1400 2409 δὲ
1452 2355 1618 2426 μηδὲν
1669 2356 1942 2428 μελλήσας

372 2433 668 2504 ἐπορεύετο
725 2437 790 2491 τά
848 2443 1300 2512 προστεταγμένα
1357 2442 1752 2514 ἑκπληρώσων,
1813 2447 1944 2516 πρὶν

371 2525 560 2578 οἴκαδε
617 2528 812 2592 ἑλθεῖν,
866 2533 893 2583 ὁ
931 2531 1107 2601 μέγας
1161 2533 1482 2602 δομέστικος
1531 2535 1781 2589 ἐκέλευεν
1813 2537 1946 2590 ἀνα-

377 2616 654 2684 στρέφειν,
706 2621 799 2673 καὶ
821 2620 921 2689 τῆς
953 2621 1050 2692 μὲν
1087 2622 1398 2693 προθυμίας
1427 2623 1588 2678 ἕνεκα
1624 2611 1847 2695 ἐπῄνει,
1874 2625 1946 2680 τὰ

374 2708 632 2775 χρήματα
660 2709 717 2763 δὲ
745 2710 997 2764 ἐκέλευεν
1023 2713 1186 2766 αὐτὸν
1219 2715 1510 2783 φυλάττειν
1536 2751 1554 2780 ,
1591 2716 1666 2780 ὡς
1691 2716 1803 2770 -νῦν
1844 2716 1946 2788 μὲν

377 2795 557 2849 αὐτῶν
579 2797 640 2849 οὐ
668 2797 922 2870 δεομένῳ.
971 2801 1094 2855 Ἐάν
1120 2802 1180 2856 δὲ
1232 2804 1342 2857 τῶν
1384 2806 1530 2860 ίδὶων
1555 2805 1944 2861 ἀναλωθέντων

377 2885 476 2937 καὶ
503 2886 704 2940 τούτων
733 2890 922 2961 δεηθῇ,
963 2893 1073 2946 τότ’
1104 2894 1204 2964 ήδη
1240 2894 1540 2965 λαμϐάνειν
1568 2896 1645 2960 ὡς
1673 2896 1824 2967 αὐτῷ
1851 2900 1942 2953 καὶ

378 2973 549 3028 ταῦτα
577 2976 921 3048 διαφέροντα,
965 2983 1058 3034 καὶ
1099 2984 1432 3051 ἀναλίσκειν,
1473 2987 1595 3038 ὅποι
1623 2986 1690 3040 ἂν
1713 2987 1841 3058 δοκῇ
1866 2987 1944 3058 τῷ

379 3063 544 3134 κοινῷ
569 3066 913 3122 ἀναλωθέντα
947 3071 1182 3140 μάλιστα
1207 3073 1600 3143 λυσιτελήσειν.
1639 3077 1698 3129 '0
1721 3076 1766 3128 δ’
1795 3077 1944 3147 ἀπη-

2045 641 2366 697 servantes,
2421 641 2476 688 et
2525 633 2759 694 ducibus
2810 631 3335 702 obsequentissimos
3384 631 3600 686 reddet.

2043 723 2181 790 Quia
2206 725 2375 794 igitur
2432 741 2752 796 magnarum
2780 734 2837 781 et
2865 725 2933 780 ad
2967 724 3418 794 gubernationem
3449 738 3604 778 sum-

2044 827 2147 866 mae
2197 813 2516 882 reipublicae
2556 813 2972 868 utilissimarum
3033 829 3217 868 rerum
3251 813 3348 867 tibi
3395 812 3604 868 credita

2044 917 2176 958 cura
2203 913 2326 970 est,
2367 912 2418 958 te
2462 903 2515 958 id
2571 904 2815 968 sentire,
2851 913 2908 960 et
2955 904 3010 958 in
3060 919 3224 973 opere
3271 905 3607 959 conveniens

2042 994 2283 1050 studium
2327 995 2772 1065 alacritatemque
2831 995 3095 1050 adbibere
3141 1003 3382 1064 oportet.
3428 999 3607 1065 Atque

2045 1081 2159 1138 haec
2185 1083 2408 1152 quidem
2446 1085 2514 1138 ad
2567 1086 2686 1155 ejus
2756 1087 3072 1154 petitionem
3101 1085 3381 1150 disseruit,
3419 1101 3484 1140 ac
3517 1101 3607 1140 re-

2043 1173 2288 1242 Spondit,
2343 1184 2486 1243 post,
2523 1162 2789 1244 quantum
2833 1184 2978 1231 esset
3019 1178 3286 1246 pecuniae,
3332 1178 3606 1246 quaesivit.

2044 1263 2125 1318 Eo
2159 1264 2544 1332 respondente.
2579 1281 2874 1322 aureorum
2919 1277 3140 1323 centum
3184 1267 3385 1333 millia,-
3423 1269 3610 1336 supel-

2045 1355 2279 1411 lectilem
2303 1370 2438 1411 vero
2466 1365 2518 1411 et
2550 1371 2676 1411 vasa
2719 1372 2787 1412 ex
2817 1373 2952 1414 auro
2996 1366 3336 1429 argentoque
3363 1359 3606 1429 quadra-

2042 1446 2191 1516 ginta
2245 1447 2490 1502 millibus
2536 1448 2838 1514 aestimata,
2867 1464 2988 1518 quae
3034 1450 3220 1504 ornnia
3258 1450 3314 1503 in
3366 1438 3653 1520 praesens

2043 1535 2252 1592 donare
2284 1544 2507 1604 paratus
2529 1537 2622 1601 sit,
2651 1538 2885 1606 quodam
2914 1538 3242 1594 famulorum
3272 1539 3470 1605 accito,
3504 1539 3608 1595 Abi

2044 1629 2212 1699 igitur
2239 1671 2255 1695 ,
2298 1630 2521 1698 inquit,
2555 1640 2612 1686 et
2659 1631 2788 1685 huic
2818 1631 2884 1685 da
2919 1631 3131 1686 isthaec.
3176 1629 3278 1696 Qui
3322 1645 3447 1686 cum
3491 1629 3612 1686 sine

2045 1733 2198 1773 mora
2225 1719 2400 1773 abiret
2420 1720 2570 1790 jussa
2603 1720 2980 1784 conlecturus,
3029 1721 3346 1790 priusquam
3386 1720 3609 1774 domum

2045 1809 2362 1878 attingeret,
2397 1825 2623 1879 magnus
2647 1810 2980 1866 domesticus
3019 1827 3146 1866 eum
3187 1818 3430 1875 revocat,
3457 1811 3612 1866 etde

2042 1899 2269 1954 libentia
2297 1898 2694 1965 collaudatum,
2725 1900 2987 1968 pecunias
3003 1915 3221 1955 scrvare
3253 1900 3432 1972 jubet,
3463 1901 3611 1969 quod

2043 1987 2113 2041 iis
2153 1987 2320 2041 modo
2375 2003 2486 2042 non
2537 1997 2714 2058 egeat.
2755 1987 2859 2044 Ubi
2899 1988 3014 2043 suis
3050 1990 3391 2058 consumptis
3431 1997 3487 2042 et
3526 1989 3613 2043 his

2043 2075 2366 2146 indiguerit,
2406 2086 2520 2131 tum
2566 2077 2712 2145 ipsas
2756 2093 2976 2147 quoque
3013 2087 3075 2133 ut
3126 2077 3232 2132 sibi
3273 2077 3614 2132 necessarias

2043 2175 2419 2236 accepturum,
2472 2166 2657 2236 ibique
2703 2182 2798 2223 eas
2847 2169 3156 2237 positurum
3193 2207 3208 2232 ,
3247 2167 3342 2222 ubi
3418 2182 3608 2221 earum

2042 2259 2290 2326 erogatio
2315 2256 2635 2326 reipublicae
2674 2258 2970 2326 plurimum
3002 2256 3288 2327 profutura
3311 2256 3612 2311 videbitur.

2050 2347 2154 2402 llic
2197 2347 2298 2402 ille
2343 2348 2584 2416 primum
2629 2348 2976 2417 tergiversari
3017 2357 3075 2404 et
3115 2347 3370 2401 dictitare
3418 2362 3615 2416 parum

2044 2438 2147 2493 sibi
2168 2438 2464 2508 jucundam
2506 2452 2628 2493 esse
2663 2439 2914 2508 pecuniae
2961 2438 3289 2494 custodiam.
3324 2437 3615 2495 Verumta-

2045 2543 2170 2584 men
2216 2529 2481 2598 imperata
2536 2527 2716 2584 facere
2757 2544 2982 2585 necesse
3029 2530 3239 2586 habuit.
3295 2530 3609 2589 Secundum

2043 2619 2165 2676 haec
2219 2635 2450 2691 magnus
2489 2621 2828 2678 domesticus
2875 2623 3214 2692 primoribus
3265 2623 3498 2693 singulis
3553 2634 3611 2679 et

2044 2713 2252 2782 alioqui
2292 2713 2582 2769 nobilitate
2621 2714 3034 2783 praestantibus,
3070 2724 3126 2770 et
3169 2725 3435 2786 praeterea
3471 2717 3615 2771 mili-
3638 2710 3678 2736 ’

2045 2805 2192 2859 tibus
2227 2804 2529 2869 accersitis,
2563 2814 2830 2874 quantum
2856 2806 3056 2875 cuique
3089 2807 3391 2876 imperator
3424 2806 3616 2862 decre-

2043 2897 2248 2962 visset,
2311 2896 2783 2978 percuntiabatur,
2837 2906 2894 2956 et
2954 2906 3238 2954 tantumne
3281 2898 3488 2964 modo,
3543 2913 3614 2952 an

2044 2987 2228 3042 minus
2252 2986 2620 3056 possiderent.
2655 2985 2868 3052 Quibus
2894 2987 3178 3057 sigillatim
3206 2987 3353 3058 quod
3382 3003 3472 3044 res
3492 2995 3617 3041 erat

2046 3077 2538 3148 respondentibus,
2569 3077 2880 3134 Patriciotae
2923 3079 3225 3146 mandavit,
3255 3090 3315 3136 ut
3339 3081 3434 3149 qui
3463 3079 3615 3133 frau-

378 3155 574 3224 τόρευε
609 3158 708 3252 μὲν
733 3159 855 3211 τῶν-
886 3161 1183 3229 χρημάτων
1230 3163 1330 3232 τὴν
1375 3165 1646 3234 φυλακὴν,
1703 3166 1767 3219 οὐ
1822 3167 1944 3220 καθ’

2047 3167 2158 3222 dati
2189 3178 2416 3234 essent,
2457 3183 2650 3224 eorum
2689 3169 2886 3224 damna
2931 3171 3225 3226 resarciret
3248 3211 3264 3236 ,
3296 3178 3354 3225 et
3386 3170 3616 3238 insuper

382 3246 573 3314 ήδονὴν
603 3242 744 3302 εῖναι
767 3250 994 3320 φάσκων
1022 3251 1172 3322 αὐτῷ
1187 3255 1588 3326 παρακατέχειν
1617 3256 1721 3312 ἑτι.
1755 3257 1945 3328 Ὅμως

380 3337 699 3404 ἀναγκαίως
723 3342 1192 3410 προσταττόμενος
1222 3344 1491 3400 ἐπείθετο.
1523 3345 1675 3401 Μετὰ
1705 3346 1866 3402 τοῦτο
1888 3348 1945 3402 δὲ

378 3427 407 3478 ὁ
444 3426 614 3494 μέγας
645 3427 984 3498 ὣμέστικος,
1016 3431 1125 3486 τῶν
1161 3449 1220 3486 τε
1253 3435 1639 3506 συγκλητικῶν
1669 3437 1792 3491 καθ’
1823 3437 1943 3504 ἕνα,

367 3519 480 3579 ¹καὶ
512 3518 620 3570 τῶν
660 3519 835 3584 άλλως
884 3522 1132 3593 εὐγενείᾳ
1178 3525 1568 3597 διαφερόντων,
1627 3529 1821 3584 ἔπειτα
1855 3532 1946 3584 καὶ

381 3608 723 3677 στρατιώτας
758 3613 1255 3685 μετακαλούμενος,
1289 3620 1386 3689 τῆς
1415 3635 1474 3670 τε
1506 3619 1654 3692 παρὰ
1685 3619 1948 3690 βασιλέως

383 3700 840 3774 ἀποτεταγμένης
895 3705 1110 3777 ἑκάστῳ
1167 3711 1425 3779 προνοῖας
1478 3711 1809 3766 ἐπυνθάνετο
1855 3714 1946 3768 τὸν

381 3789 617 3858 ἀριθμὸν
658 3794 749 3846 καὶ
781 3794 830 3846 εί
861 3796 1114 3850 τοσοῦτον
1144 3800 1406 3871 κέκτηται
1435 3799 1549 3869 νῦν,
1584 3802 1616 3872 ἦ
1665 3803 1757 3856 τοῦ
1785 3820 1947 3858 τεταο

379 3879 586 3947 γμένου
620 3877 782 3952 ἧττον
808 3899 821 3914 ·
845 3884 954 3939 τῶν
982 3887 1038 3940 δὲ
1060 3888 1510 3959 ἀποκρινομένων
1542 3893 1772 3946 ἑκάστου
1797 3896 1948 3958 ὅπως

381 3967 497 4041 εἶχε
527 3975 596 4026 τά
632 3976 817 4042 αὐτοῦ,
852 3980 966 4042 τοῖς
1014 3980 1113 4051 μὲν
1154 3981 1627 4054 ἀπεστερημένοις
1664 3985 1773 4037 τῶν
1799 3986 1944 4038 δεόν-

379 4079 492 4116 των
537 4065 632 4120 τὺν
681 4067 1065 4140 Πατρικιώτην
1115 4072 1368 4126 ἑκιὲλευεν
1418 4073 1796 4144 ἀναπληροῦν,
1855 4078 1949 4129 καὶ

383 4155 608 4238 προσέτι
637 4158 1008 4228 προστιθέναι,
1039 4162 1165 4216 ὅσον
1190 4163 1341 4232 αύτῷ
1370 4163 1552 4228 καλῶς
1585 4164 1729 4235 ἑχειν
1751 4164 1948 4232 ἑδόκει,

381 4245 660 4314 ἀναλόγως
705 4250 921 4322 ἑκάστῳ
964 4253 1063 4322 τὴν
1096 4254 1420 4324 εὐεργεσίαν
1466 4255 1798 4326 προστιθείς.
1825 4258 1952 4323 Τοῖς

380 4335 438 4387 δὲ
471 4336 740 4408 ἀνενδεεῖς
761 4341 859 4403 τὰς
887 4341 950 4392 ἑκ
976 4329 1243 4411 βασιλέως
1281 4343 1462 4414 έχουσι
1510 4345 1829 4414 προσόδους,
1857 4349 1951 4402 καὶ

381 4427 567 4489 αὐτοῖς
591 4429 843 4484 ἐκέλευεν
886 4431 1087 4500 ὁμοίως
1119 4434 1256 4510 πρὸς
1285 4430 1366 4496 οἷς
1399 4434 1585 4505 ἔχουσι
1623 4435 1718 4489 καὶ
1755 4437 1951 4508 ἑτέρας

2049 3265 2316 3329 quantum
2344 3258 2543 3315 decere
2573 3259 3171 3330 judicaretfspeclata
3213 3259 3477 3330 cujusque
3525 3261 3615 3315 di-

2049 3351 2257 3422 gnitate
2315 3359 2373 3406 et
2416 3350 2630 3406 meritis
2687 3350 2971 3422 adjiceret.
3020 3351 3125 3418 Qui
3171 3351 3241 3407 ab
3279 3351 3614 3421 imperatore

2012 3440 2380 3516 _sufﬁcientia
2408 3440 2678 3497 haberent
2719 3443 3016 3513 stipendia,
3057 3444 3166 3498 illis
3209 3443 3467 3500 similiter
3505 3443 3614 3499 alia

2049 3532 2176 3588 addi
2211 3532 2393 3604 jussit.
2424 3533 2516 3590 Sic
2540 3533 2738 3590 diebus
2771 3538 3049 3606 sexaginta
3085 3536 3318 3593 maxime
3344 3537 3617 3593 divisione

2050 3623 2226 3691 facta,
2266 3640 2393 3679 cum
2429 3626 2614 3680 minus
2661 3627 2997 3684 habentibus
3041 3628 3187 3700 quod
3224 3628 3415 3705 deerat
3450 3644 3612 3685 accc-

2049 3717 2203 3773 deret
2227 3732 2352 3771 cum
2394 3719 2662 3782 auctario,
2704 3728 2760 3774 et
2799 3720 3026 3790 reliquis
3066 3721 3204 3777 nihil
3242 3721 3612 3777 desideranti-

2052 3807 2154 3863 bus
2176 3818 2355 3864 tamen
2381 3809 2698 3874 adderetur,
2727 3809 2970 3866 universi
3009 3811 3256 3866 contenti
3297 3811 3613 3880 stipendiis,
3661 3878 3680 3894 ⁸

2049 3916 2304 3968 magnum
2330 3899 2691 3955 domesticum
2730 3902 3030 3970 gratiarum
3072 3903 3289 3957 actione
3314 3919 3613 3971 proseque-

1976 4040 1982 4047 ,
2049 3989 2285 4054 bantur,
2343 3997 2400 4042 et
2443 3989 2758 4059 ubicunque
2795 3999 3068 4045 terrarum
3107 3992 3370 4047 adversus
3415 3991 3621 4057 Roma:

2051 4093 2248 4134 norum
2288 4079 2474 4134 hostes
2498 4079 2566 4134 ad
2605 4079 2998 4136 decertandum
3022 4097 3082 4137 se
3106 4091 3330 4152 paratos
3355 4068 3617 4140 ostende-

2049 4170 2204 4236 bant,
2231 4185 2384 4224 arma
2415 4177 2765 4239 extergentes
2801 4181 2858 4226 et
2882 4185 3057 4240 equos
3096 4173 3376 4229 consuetis
3430 4173 3617 4244 plures

2049 4273 2116 4315 ac
2163 4259 2420 4315 meliores
2463 4271 2883 4328 comparantes,
2921 4261 3281 4333 dolentcsque
3331 4265 3511 4335 plane,
3555 4276 3616 4320 ut

2051 4350 2392 4418 apparebat,
2432 4348 2580 4419 quod
2626 4364 2738 4404 non
2777 4350 2944 4407 citius
2985 4350 3054 4408 ad
3097 4352 3340 4410 hostium
3388 4355 3616 4427 injurias

2054 4437 2431 4495 defendendas
2466 4438 2856 4496 educerentur.

383 4518 753 4584 προστιθέναι.
786 4520 896 4573 Καὶ
924 4523 984 4574 ἑν
1045 4522 1310 4593 ἑξήκοντα
1377 4525 1614 4595 ήμέραις
1660 4526 1898 4596 μάλιστα
1959 4528 2329 4598 γεγενημένου
2384 4527 2481 4581 τοῦ
2531 4529 2868 4600 ἀναδασμοῦ,
2901 4533 3014 4596 τοῖς
3066 4549 3126 4586 τε
3166 4532 3390 4589 ἔλαττον
3433 4539 3619 4607 ἔχουσι

301 4661 314 4669 ,
382 4607 734 4676 προσετίθετο
765 4610 827 4662 τὸ
873 4611 1116 4667 ἐλλεῖπον
1177 4615 1314 4684 μετά
1377 4616 1714 4688 προσθήκης,
1749 4620 1841 4673 καὶ
1891 4621 2006 4683 τοῖς
2042 4619 2384 4689 λειπομένοις
2434 4619 2660 4691 μηδενὸς
2697 4621 2732 4688 ή
2765 4620 3048 4694 προσθήκη
3096 4624 3469 4693 προσεγίνετο.
3507 4627 3619 4679 Καὶ
3725 4624 3727 4626 ’

383 4700 584 4760 πάντες
617 4701 952 4772 ἑξαρχούσας
984 4704 1078 4766 τὰς
1125 4706 1420 4775 προσόδους
1475 4708 1840 4778 ἡγησάμενοι,
1898 4708 2125 4781 χάριτάς
2150 4726 2211 4762 τε
2278 4709 2594 4779 ὡμολόγουν
2638 4708 2718 4780 τῷ
2783 4711 3012 4782 μεγάλῳ
3040 4713 3347 4783 δομεστίκῳ
3389 4714 3616 4781 πολλάς,

383 4793 478 4848 καὶ
507 4795 776 4865 πρόθυμοι
819 4792 960 4867 ἦσαν
1007 4799 1118 4860 τοῖς
1176 4799 1515 4870 ὁπουδήποτε
1550 4801 1654 4870 γῆς
1689 4803 1802 4856 τῶν
1878 4803 2165 4872 Ῥωμαίων
2201 4802 2485 4872 πολεμίοις
2557 4801 2844 4873 μάχεσθαι.
2914 4805 3026 4859 Καὶ
3062 4804 3204 4858 ὅπλα
3249 4803 3619 4871 ἐπεσκεύαζον

381 4890 777 4960 διασμήκοντες
812 4929 829 4955 ,
903 4895 998 4946 καὶ
1057 4893 1254 4956 ἵππους
1317 4895 1774 4963 προσεπορὶζοντο
1839 4895 1934 4950 καὶ
1975 4895 2196 4958 πλείους
2256 4895 2349 4950 καὶ
2415 4894 2658 4964 βελτίους
2685 4895 2798 4950 τῶν
2839 4899 3170 4968 προτέρων⁶
3201 4897 3298 4950 καὶ
3325 4898 3460 4960 ὅλως
3507 4895 3620 4952 ἑδόο

383 4999 515 5036 κουν
546 4984 646 5035 κα).Δ
666 4985 1017 5052 ἀγανακτεῖν,
1069 4985 1152 5037 ὃτι
1181 4984 1260 5056 μὴ
1304 4984 1494 5054 τάχιον
1549 4988 1684 5054 πρὸς
1728 4987 1942 5055 ἄμυναν
1981 4987 2272 5057 ἐξάγονται
2305 4987 2412 5040 τῶν
2442 4986 2742 5056 πολεμίων.

1719 5100 1886 5171 373
1919 5099 2143 5156 CAPUT
2177 5100 2266 5156 lx.

389 5187 796 5263 Dehcoronando
820 5192 1039 5247 Joanne
1061 5193 1380 5262 imperatore
1428 5192 1696 5246 domestici
1746 5191 2026 5246 consilium
2069 5201 2118 5246 et
2152 5195 2400 5263 refutatio
2442 5192 2888 5246 adversariorum.
2936 5193 3296 5263 lmpcratricis
3336 5196 3618 5250 cunctatio.

458 5257 657 5333 Classis
683 5273 869 5317 contra
907 5257 1185 5332 satrapain
1237 5263 1435 5333 Lydica,
1472 5264 1782 5333 populatum
1819 5265 2126 5316 venientem.
2176 5257 2438 5333 Pedestria
2486 5264 2744 5333 exercitus
2779 5280 2811 5316 α
2868 5257 3144 5317 domestico
3184 5264 3237 5316 in
3290 5263 3620 5319 Occidentem

457 5329 741 5386 ducendus.
776 5333 975 5386 Iterum
1011 5351 1041 5385 a
1060 5329 1369 5402 patriarcha
1397 5329 1554 5399 [idem
1578 5332 1757 5400 exigit,
1805 5345 1969 5402 quam
1987 5341 2170 5385 sancte
2193 5331 2489 5402 pollicetur.
2516 5333 2590 5402 Ab
2608 5332 2942 5402 imperatrice
2961 5345 3008 5385 et
3033 5333 3286 5387 laudatur
3311 5342 3360 5386 et
3388 5337 3622 5388 suaviter

459 5411 699 5454 monetur
730 5418 793 5472 ne
848 5418 903 5454 se
935 5399 1196 5455 laboribus
1227 5401 1492 5469 conﬁciat,
1540 5409 1590 5453 et
1627 5399 1862 5472 pecunia:
1904 5417 2014 5472 sua:
2041 5399 2248 5470 parcat.
2293 5399 2583 5472 Respondet
2621 5399 2902 5472 admodum
2938 5403 3159 5472 ingenue
3211 5415 3261 5455 et
3310 5402 3617 5471 liberaliter,

458 5478 508 5522 et
548 5486 603 5523 se
656 5471 869 5524 rebelles
921 5473 1269 5524 coerciturum
1329 5479 1493 5540 atque
1518 5473 1568 5524 in
1605 5471 1838 5523 ordinem
1860 5469 2198 5525 redacturum
2231 5471 2507 5538 promittit,
2545 5469 2902 5539 Byzantioque
2939 5469 3057 5524 cu'm
3088 5475 3317 5525 exercitu
3345 5469 3609 5526 discedit.'
3669 5488 3672 5490 ·

475 5589 623 5641 Ἐπεὶ
651 5587 709 5640 δὲ
729 5588 901 5642 ταῦτα
929 5589 1074 5657 αύτῷ
1104 5588 1339 5660 διῴκητο
1368 5587 1568 5651 καλῶς,
1601 5589 1944 5641 συνεϐούλευε

2127 5586 2224 5642 llis
2270 5595 2378 5640 tam
2429 5585 2688 5656 prmclare
2737 5586 2944 5654 gestis,
2999 5585 3334 5653 imper-attici
3389 5587 3621 5643 suadere

393 5682 459 5745 *ᾖ
494 5677 744 5740 Μσιλίδι,
772 5677 860 5730 τὸν
885 5679 1012 5730 υίὸνη
1044 5677 1267 5747 βασιλέα
1317 5676 1717 5745 τὸν-Ἰωάννην,
1772 5680 1947 5747 χρίειν

395 5785 456 5821 τε
492 5767 648 5838 μύρῳ
675 5766 754 5836 τῷ
794 5767 957 5838 ἀγίῳ,
1004 5769 1099 5823 καὶ
1129 5770 1312 5836 στέφει
1351 5769 1450 5840 τὴν
1499 5767 1742 5840 κεφαλὴν
1776 5785 1958 5826 κατα-,

2056 5679 2274 5739 institit,
2314 5677 2387 5729 uti
2417 5677 2679 5731 Joannem
2715 5674 2885 5728 lilium
2920 5676 3303 5744 imperatorem
3351 5679 3471 5734 oleo
3500 5696 3624 5736 san-

2057 5780 2144 5826 cto
2201 5769 2513 5840 ungendtun
2587 5778 2643 5822 et
2697 5781 2901 5822 corona
2951 5769 3327 5826 exornandam
3383 5779 3624 5828 curaret.
