4096 6300
536 421 673 484 7ίὸ

1691 427 2013 492 JOANNIS
2050 429 2566 494 CANTACUZENI}

3692 439 3784 503 756

567 536 780 591 Placuit
805 533 1137 602 consilium;
1174 538 1266 592 sed
1307 554 1337 592 e
1385 541 1808 610 consanguineis
1857 542 2138 594 nonnullis

2243 549 2488 615 κοσμεῖν.
2521 545 2741 600 Ἔπεισέ
2769 565 2830 615 γε
2859 548 3018 614 δόξας
3049 547 3398 618 βουλεύεσθαι
3449 550 3649 613 καλῶς.
3675 553 3782 607 Τῶν

569 627 1064 687 dissentientibus,
1108 629 1201 696 qui
1248 629 1498 685 dicerent
1547 633 1686 684 haud
1738 646 1954 698 aequum
1987 646 2130 692 esse,

464 717 466 723 '
570 723 729 784 patre
760 714 1090 784 imperatore
1120 719 1284 786 paulo
1317 708 1692 786 ante-mortuo
1723 721 1890 774 lilium
1926 720 2134 789 agitare

572 805 872 874 panegyrin
905 806 982 871 (id
1013 809 1158 877 quod
1197 810 1305 864 illis
1333 812 1694 880 Apocauehus
1724 811 1862 865 sacri
1894 810 2131 866 cubiculi

572 896 866 962 praefectus
895 909 1275 967 suggesserat,
1322 901 1647 956 concitatam
1677 901 1876 958 deinde
1904 902 2133 958 seditio-

566 997 694 1035 nem
719 983 832 1052 jam
869 995 982 1039 tum
1016 988 1288 1044 meditans
1312 1029 1327 1053 ,
1378 1000 1436 1044 ut
1465 1001 1650 1060 postea
1682 993 1918 1056 claruit,
1952 1001 2007 1044 et
2037 1006 2135 1044 no-

565 1070 690 1124 lens
744 1073 1147 1141 impcratricem
1201 1078 1594 1135 benevolentia:
1642 1082 1696 1135 in
1741 1083 1911 1150 ipsam
1963 1092 2019 1136 et
2068 1081 2132 1134 li-

564 1159 702 1214 lium
757 1161 919 1218 ﬁdele
969 1164 1166 1235 pignus
1201 1150 1484 1222 haberexa
1542 1178 1736 1240 magno
1787 1170 2130 1239 domestico),

566 1253 812 1319 Augusta
845 1268 958 1308 rem
989 1256 1044 1308 in
1073 1255 1216 1310 diem
1250 1269 1528 1326 posterum
1557 1261 1771 1314 distulit
1799 1302 1814 1323 ,
1869 1275 2133 1329 quorum-

565 1345 689 1394 dam
726 1345 1209 1411 reprehensionem
1260 1357 1522 1402 causata:
1587 1349 1682 1417 qui
1734 1349 1992 1404 videlicet
2017 1350 2131 1403 cri-

573 1433 710 1486 mini
750 1435 949 1490 darent
979 1477 994 1500 ,
1041 1438 1320 1506 negotium
1351 1454 1382 1492 a
1418 1449 1658 1507 tempore
1689 1440 1927 1494 alienum
1961 1440 2136 1494 susci-

569 1538 741 1592 pere,
773 1535 830 1578 et
879 1527 1076 1581 festum
1127 1529 1330 1583 ducere
1397 1532 1816 1600 panegyricum,
1873 1531 2132 1599 diemque

569 1629 838 1684 peragere
899 1619 1302 1688 regalissimum
1335 1663 1348 1685 ,
1383 1623 1602 1691 quando
1651 1622 1831 1676 adhuc
1875 1622 2132 1700 plangere

578 1704 975 1778 lamentarique
1003 1720 1304 1778 oporteret.
1332 1711 1480 1777 Quos
1526 1714 1597 1766 ita
1628 1713 1916 1781 loquentes
1977 1729 2131 1781 pror-

568 1809 663 1849 sas
698 1797 932 1854 delirare
964 1800 1267 1854 afﬁrmabat
1300 1818 1529 1872 magnus
1585 1803 1915 1858 domesticus
1940 1813 1995 1858 et
2028 1819 2128 1858 nec

2236 635 2291 687 δὲ
2326 635 2449 686 καθ’
2477 631 2615 704 αἷμα
2643 637 3031 706 προσηκόντων
3059 636 3268 705 βασιλεί
3291 655 3476 703 τινων,
3495 638 3570 709 μὴ
3596 639 3784 693 δίκαιον

2235 720 2374 776 εῖναι
2407 725 2840 794 παραινούντων,
2878 726 2972 779 τοῦ
3002 727 3204 796 πατρὸς
3235 727 3399 796 ὀλίγῳ
3438 727 3698 796 πρότερον
3713 745 3786 781 τε-

2236 812 2620 880 τελευτηκότος
2702 813 3018 884 βασιλέως,
3085 817 3179 867 τὸν
3244 814 3360 868 ultu
3408 814 3784 884 πανηγυρίζειν

2235 901 2414 968 (τοῦτο
2467 903 2526 957 δὲ
2588 904 2772 966 αὐτοῖς
2823 906 2852 957 ὁ
2906 904 3405 975 παρακοιμώμενος
3463 904 3784 974 Ἀπὸκαυχος

2235 992 2480 1046 ὑπετίθει
2534 993 2736 1062 λέγειν,
2769 994 2846 1057 ὥς
2875 995 2937 1048 ἐκ
2984 995 3094 1048 τῶν
3140 994 3372 1064 ὕστερον
3408 995 3604 1062 γέγονε
3634 1011 3783 1046 κατα-

2235 1084 2423 1152 φανὲς,
2461 1083 2558 1153 τὴν
2602 1085 2980 1156 γεγενημένην
3028 1086 3220 1140 στάσιν
3276 1085 3553 1154 μελετῶν,
3585 1086 3675 1136 καὶ
3721 1085 3784 1152 μὴ

2234 1175 2558 1244 βουλόμενος
2613 1175 2864 1244 βασιλίδα
2905 1176 3007 1246 τῆς
3056 1179 3136 1238 εἰς
3187 1177 3358 1245 αὐτὴν
3411 1176 3511 1228 καὶ
3569 1175 3658 1227 τὸν
3687 1176 3785 1227 sibi

2232 1267 2446 1330 εὐνοίας
2493 1268 2725 1338 ἐνέχυρα
2773 1266 2942 1320 πιστὰ
2998 1266 3304 1335 κεκτῆσθαι
3348 1264 3508 1334 παρά
3568 1264 3783 1332 μεγάλου

2231 1358 2603 1429 δομεστίκου),
2635 1361 2715 1422 εἰς
2747 1359 2847 1428 τὴν
2887 1358 3180 1426 ὑστεραίαν
3210 1357 3270 1410 τὸ
3300 1357 3462 1427 ἔργον
3485 1355 3786 1410 ἀνεϐάλλετο

2230 1455 2262 1522 ἠ
2292 1451 2523 1520 βασιλὶς,
2541 1451 2641 1520 τὴν
2661 1450 2874 1520 μέμψιν
2904 1449 3065 1503 τινῶν
3095 1449 3417 1518 αἰτιωμένη,
3448 1449 3531 1501 ὅτι
3559 1447 3622 1516 δὴ
3641 1446 3786 1500 πυθόο

2233 1555 2382 1608 μενοι
2409 1537 2796 1607 κατηγοροῖεν,
2835 1537 2913 1598 ὡς
2939 1536 3010 1588 οὐ·
3029 1535 3390 1604 κεχρημένων
3415 1533 3498 1604 τῷ
3523 1533 3786 1601 πράγματι

2231 1629 2372 1682 κατά
2396 1629 2607 1698 καιρὸν,
2631 1628 2747 1681 ἀλλ’
2779 1628 2840 1680 ὲν
2867 1623 2949 1690 οἷς
2973 1627 3080 1680 ἔδει
3112 1625 3417 1680 κόπτεσθαι
3446 1626 3543 1678 καὶ
3570 1624 3790 1695 θρηνεῖν,

2231 1720 2716 1792 πανηγυριζόντων
2774 1719 2973 1783 αὐτῶν,
3040 1719 3139 1772 καὶ
3194 1718 3309 1788 τὴν
3363 1716 3786 1786 βασιλικωτάτην

2230 1815 2527 1869 τελούντων
2558 1814 2773 1883 ἑορτήν.
2821 1812 2880 1866 '0
2905 1812 2952 1866 δ’
2998 1810 3342 1878 ἀνοηταίνειν
3373 1810 3586 1876 ἔφασκε
3613 1808 3790 1860 παντά-

571 1888 766 1942 sa'item
814 1891 1056 1959 cogitare
1103 1893 1288 1948 multis
1335 1894 1736 1964 imperatorum
1775 1896 2132 1951 morientibus

2235 1916 2370 1955 πασι
2422 1901 2549 1963 τοὺς
2603 1899 2917 1969 εἰρηκότας,
2962 1901 3055 1951 καὶ
3099 1899 3236 1967 μηδὲ
3291 1897 3453 1951 τοῦτο
3491 1898 3684 1949 δννοεῖν
3719 1895 3782 1956 ὡς

571 1995 926 2038 successores
983 1985 1170 2039 statim.
1203 1989 1572 2056 promulgatas
1632 2002 1753 2043 esse
1808 1989 1980 2054 ﬁlios,
2037 2005 2132 2043 nc-

574 2070 723 2123 mine
781 2071 885 2126 hoe
940 2082 1000 2126 ut
1062 2075 1502 2144 intempesﬁvum
1564 2078 1910 2147 vituperante
1949 2095 1964 2136 :
1998 2081 2131 2149 quin

570 2159 846 2226 omnibus,
884 2170 1046 2227 prout
1098 2179 1314 2232 mquam
1344 2177 1482 2232 erat,
1517 2166 1608 2220 tali
1643 2168 1872 2237 tempori
1911 2167 1962 2221 id
1997 2181 2133 2222 con-

569 2250 1048 2306 venientissimum
1087 2247 1485 2334 judicantibus,
1535 2271 1643 2311 non
1704 2256 1865 2312 luxus
1935 2266 1993 2314 et
2038 2273 2137 2313 vo-

575 2339 809 2410 luptatis
855 2343 1028 2412 gratia
1059 2383 1074 2409 ,
1118 2345 1214 2399 sed
1264 2359 1334 2400 ne
1381 2360 1488 2416 qua
1541 2347 1704 2416 vulgo
1739 2347 2026 2402 seditionis
2074 2361 2170 2401 ae.

577 2433 848 2487 tumultus
900 2433 1126 2489 daretur
1173 2433 1392 2490 occasio
1441 2455 1454 2489 :
1513 2438 1728 2492 cunctis
1765 2437 1876 2505 jam
1913 2452 2139 2508 prorsus

573 2521 963 2586 sentientibus,
1002 2541 1059 2580 se
1090 2526 1405 2595 imperatori
1437 2527 1734 2596 subjectos,
1758 2537 1813 2583 et
1843 2529 2138 2584 amentiam

577 2610 847 2677 luituros,
880 2615 927 2670 si
957 2616 1255 2672 seditiones
1297 2618 1559 2687 agitariut
1585 2635 1600 2675 :
1631 2619 1998 2690 monebatque
2029 2621 2136 2674 im-

585 2704 914 2768 peratrieem
945 2743 959 2766 ,
1005 2716 1065 2759 ut
1097 2707 1278 2762 valere
1328 2708 1498 2777 jussis
1529 2723 1725 2762 eorum
1767 2711 2138 2775 sermonibus,

583 2797 654 2846 ad
687 2809 824 2862 opus
863 2802 974 2848 tam
1016 2797 1152 2850 utile
1201 2815 1364 2865 quam
1397 2813 1610 2868 acquum
1655 2801 1996 2868 procederet.
2030 2803 2140 2855 lm-

581 2887 824 2955 peratalx
882 2902 1039 2941 orare
1071 2927 1088 2952 ,
1135 2898 1362 2956 poneret
1414 2889 1638 2944 nimiam
1695 2890 2140 2954 sollicitudinem,

582 2982 642 3026 et
674 2987 818 3027 nunc
859 2974 1081 3042 quidem
1123 2977 1420 3030 multorum
1455 2978 1702 3046 opinioni
1761 2994 1828 3034 ne
1879 2995 2145 3051 reliugua-

583 3073 672 3118 ret
698 3085 710 3118 :
743 3065 907 3133 paulo
929 3076 1072 3135 post,
1101 3083 1226 3122 cum
1253 3065 1442 3126 licebit
1460 3071 1888 3128 obtrectationes
1915 3075 2141 3143 imperi—

2235 1993 2449 2054 πολλοῖς
2480 1992 2587 2044 τῶν
2623 1990 2892 2060 βασιλέων
2921 1990 3249 2042 τελευτῶσιν
3286 1990 3318 2058 ἡ
3362 1987 3666 2058 ἅνὰῥρησις
3691 1986 3788 2051 ὲγί-

2234 2099 2358 2136 νετο
2370 2081 2475 2135 τῶν
2502 2081 2727 2147 παίδων,
2755 2080 2968 2143 οὐδενὸς
2991 2081 3175 2140 αὐτοῖς
3195 2079 3296 2150 τὴν
3318 2078 3580 2148 ἀκαιρίαν
3601 2093 3789 2145 μεμφο-

2241 2177 2426 2245 μένου,
2461 2164 2596 2227 ἀλλά
2619 2173 2837 2226 πάντων
2869 2171 3060 2240 ὥσπερ
3089 2171 3300 2224 δίκαιον
3319 2165 3388 2240 ἦν
3419 2167 3788 2236 λογιζομένων,

2241 2267 2473 2336 μάλιστα
2501 2266 2802 2334 προσήκειν
2824 2265 2882 2317 ἐν
2907 2266 3021 2325 τοῖς
3044 2263 3308 2325 τοιούτοις
3330 2263 3564 2331 καιροῖς,
3596 2260 3652 2311 ού
3677 2275 3781 2329 τρνο

2239 2358 2530 2428 φῆςὲνεκα
2563 2356 2660 2409 καί¹
2687 2355 2902 2426 ἡδονῆς,
2930 2351 3064 2408 ἀλλά
3092 2355 3188 2407 τοῦ
3230 2355 3508 2423 μηδεμίαν
3535 2351 3784 2419 πρότασιν

2240 2448 2484 2510 στάσεως
2510 2447 2601 2500 καί
2629 2444 2875 2515 ταραχῆς
2911 2445 3232 2512 ἐγγενέσθαι
3259 2445 3374 2505 τοῖς
3407 2443 3639 2505 πολλοῖς.
3669 2439 3787 2492 πάνυ

2238 2557 2346 2593 των
2371 2540 2471 2610 ἤδη
2503 2537 2888 2606 πεπεισμένων
2917 2536 3162 2607 ἀκριϐῶς
3211 2534 3285 2597 ὡς
3325 2535 3435 2588 ὑπὸ
3463 2533 3679 2603 βασιλέα
3709 2549 3784 2584 τε-

2240 2629 2392 2683 λοῦσι
2415 2671 2430 2693 ,
2472 2629 2565 2682 καί
2592 2628 2747 2690 δίκας
2772 2628 3004 2681 δώσουσι
3034 2626 3131 2697 τῆς
3163 2628 3476 2696 παρανοίας
3521 2626 3585 2679 ἀν
3613 2625 3788 2692 ὲπιχει·

2245 2722 2379 2790 ρῶσι
2407 2719 2741 2783 στασιάζειν.
2763 2718 3004 2789 Παρῄνει
3025 2735 3085 2771 τε
3118 2718 3280 2788 αὐτῇ,
3302 2719 3434 2780 τοὺς
3467 2717 3564 2786 μὲν
3589 2715 3784 2768 ἐκείνων

2242 2813 2432 2882 λόγους
2481 2811 2697 2882 χαίρειν
2740 2811 2857 2881 ἑᾷν,
2899 2810 3097 2872 αὐτοὺς
3126 2809 3184 2863 δὲ
3223 2811 3426 2879 χωρεῖν
3455 2809 3545 2862 ἐπὶ
3570 2809 3624 2860 τὸ
3649 2806 3790 2876 ἔργον

2243 2899 2318 2961 ὡς
2347 2897 2464 2966 ἅμα
2494 2895 2775 2958 λυσιτελὲς
2801 2896 2896 2949 καὶ
2944 2894 3154 2949 δίκαιον
3197 2896 3279 2950 δν.
3321 2895 3390 2948 Ἢ
3445 2895 3502 2949 δὲ
3548 2894 3619 2964 μὴ
3644 2894 3784 2945 πολυ-

2244 2989 2583 3059 πραγμονεῖν
2615 2988 2806 3050 ἐδεῖτο,
2843 2986 2982 3041 ἀλλά
3010 2987 3107 3039 νῦν
3149 2987 3249 3056 μὲν
3281 2985 3376 3056 ἒᾷν
3410 2987 3502 3040 διὰ
3528 2985 3622 3047 τὰς
3650 2982 3785 3047 δόξιηῖ

2245 3079 2354 3132 τῶν
2384 3077 2612 3140 πολλῶν,
2641 3076 2809 3147 ὀλίγῳ
2853 3075 2912 3130 δὲ
2958 3075 3186 3147 ὕστερον
3216 3078 3412 3142 ποιετν,
3441 3077 3598 3148 ἡνίκα
3622 3074 3682 3128 ἀν
3705 3071 3783 3138 εἰξῆ

585 3165 764 3208 torum
791 3155 1068 3227 effugere,
1119 3157 1386 3213 facturam
1415 3159 1564 3229 quod
1595 3160 1873 3214 suaderet.
1910 3162 2006 3217 Ille
2047 3179 2141 3218 re-

2251 3175 2346 3229 καί
2369 3175 2468 3236 τὰς
2493 3172 2762 3242 λοιδορίας
2788 3171 3131 3241 διαφεύγειν.
3170 3173 3234 3226 '0
3274 3173 3450 3242 μέγας
3491 3172 3547 3224 δὲ
3569 3171 3786 3260 coam-

587 3247 790 3303 liuenti
847 3249 1337 3305 contradicendum
1407 3265 1518 3306 non
1569 3253 1838 3320 putavit,
1895 3256 2141 3322 quamvis

2249 3279 2369 3327 κος,
2403 3261 2540 3332 πρὸς
2573 3261 2672 3331 μὲν
2728 3261 2828 3328 τῆς
2866 3260 3136 3331 βασιλίδος
3193 3263 3292 3330 τὴν
3347 3262 3615 3329 ἔνστασιν,
3657 3259 3788 3314 οὐδὲν

598 3340 812 3395 doleret
843 3355 954 3397 non
989 3342 1094 3396 sibi
1143 3342 1242 3411 qui
1269 3341 1502 3411 potiora,
1544 3342 1643 3397 sed
1676 3342 1794 3398 aliis
1831 3345 1925 3414 qui
1957 3359 2141 3415 parum

2249 3353 2542 3408 ἀντεῖπενο
2575 3350 2771 3421 ἤχθετο
2793 3349 2848 3403 δὲ
2879 3349 2982 3415 ὃτι,
3013 3350 3115 3404 οὐκ
3147 3350 3296 3421 αὐτῷ
3337 3353 3406 3405 τὰ
3438 3352 3643 3420 βελτίω.
3689 3347 3785 3402 ἀλλ’

584 3430 850 3497 frugifera
874 3430 1232 3485 consulerent
1261 3443 1469 3484 morem
1515 3430 1650 3500 geri.
1680 3430 1758 3485 Ita
1794 3447 1882 3486 res
1915 3435 2145 3503 quievit.

587 3523 752 3581 Brevi
791 3523 1022 3578 nuntius
1069 3530 1393 3591 apponatur
1418 3563 1433 3588 ,
1487 3523 1824 3579 Sarchanem
1849 3526 2032 3596 Lydiae
2060 3542 2149 3582 sa-

591 3598 802 3683 trapam
841 3621 898 3667 et
950 3613 1169 3683 Gyaxeu
1222 3614 1282 3668 in
1330 3613 1618 3670 Thraciam
1679 3616 1954 3672 Romanos
1979 3617 2146 3687 depo-

593 3705 842 3774 pulatum
898 3702 1342 3758 transmissuros.
1395 3701 1567 3768 Quem
1624 3705 1875 3760 nuntium
1926 3722 2154 3777 magnus

591 3795 929 3850 domesticus
957 3793 1183 3849 minimc
1209 3794 1592 3864 negligendum
1628 3804 1782 3852 ratus
1802 3835 1818 3861 ,
1850 3797 2014 3868 379
2040 3809 2152 3853 sta-

593 3886 692 3939 tim
721 3885 995 3946 triremes,
1043 3892 1178 3954 quot
1205 3882 1272 3938 ad
1305 3883 1562 3938 Barbaris
1589 3887 1990 3942 occurrendum
2033 3888 2154 3945 fore

592 3977 728 4030 satis
755 3975 1096 4042 autumabat,
1149 3975 1450 4046 remigibus
1493 3983 1552 4032 et
1581 3976 1846 4034 militibus
1897 3979 2153 4036 adornari

519 4114 526 4121 .
592 4079 761 4138 atque
791 4069 1002 4135 ,instrui
1031 4106 1048 4133 ,
1097 4078 1488 4139 sumptumque
1536 4070 1591 4124 in
1625 4071 1864 4126 classem
1892 4074 2092 4141 partim
2124 4089 2154 4128 a

591 4159 964 4229 quaestoribus
990 4174 1056 4230 ex
1102 4160 1298 4213 arario
1329 4159 1667 4229 suppeditari
1697 4162 1955 4230 praecepit
1980 4199 1996 4225 ,
2029 4177 2154 4231 par-

600 4253 700 4304 tim
748 4250 816 4304 de
845 4265 946 4304 suo
1008 4250 1124 4318 ipse
1180 4250 1433 4305 contulit.
1492 4250 1832 4306 Triremibus
1871 4254 2156 4308 instructis

579 4342 985 4410 .Apocauchum
1013 4341 1210 4397 ducem
1257 4342 1590 4413 praeposuit;
1620 4343 1710 4397 cui
1743 4356 1872 4398 cum
1901 4345 2155 4401 mandata

597 4434 907 4490 necessaria
969 4434 1251 4501 dedisset,
1288 4443 1346 4488 et
1387 4449 1540 4487 oram
1589 4433 1901 4488 solvendam
1951 4437 2157 4491 disces-

2250 3443 2462 3516 ἑτέροις
2496 3441 2786 3510 ἀλυσιτελῆ
2843 3439 3258 3511 βουλευομένοις
3297 3443 3561 3495 πείθοιτο.
3607 3441 3788 3492 Ἐκεῖνο

2256 3539 2353 3606 μὲν
2404 3534 2577 3597 οὕτως
2620 3533 2892 3605 ἐκωλύθη.
2930 3533 3130 3605 Μικρῷ
3163 3535 3219 3588 δὲ
3255 3535 3487 3606 ὕστερον
3529 3533 3786 3604 ἠγγέλλετο

2251 3628 2328 3690 ὡς
2360 3625 2643 3696 Σαρχάνης
2694 3627 2721 3678 ὁ
2756 3623 2960 3687 Λυδίας
2991 3623 3280 3694 σατράπης
3331 3625 3428 3676 καὶ
3459 3621 3643 3690 Γιαξὴς
3672 3617 3785 3687 πρὸς

2251 3717 2474 3787 Θρᾴκην
2511 3713 2873 3786 περαιοῦσθαι
2911 3715 3454 3785 παρασκευάζονται,
3511 3713 3658 3766 ναυσὶ
3685 3710 3788 3774 ληῖ-

2207 3867 2215 3874 ,
2256 3809 2474 3879 σόμενοι
2536 3807 2867 3878 Ῥωμαίους.
2920 3806 2982 3860 '0
3042 3809 3217 3877 μέγας
3247 3805 3304 3858 δὲ
3350 3806 3667 3874 δομέστικος
3702 3799 3785 3853 οὐκ

2255 3899 2470 3968 ἡμέλει,
2499 3898 2614 3952 ἀλλ’
2648 3897 2846 3951 αὐτίκα
2875 3897 3126 3967 τριήρεις
3169 3899 3302 3962 ὅσας
3340 3896 3642 3968 ἐξαρκέσειν
3673 3889 3786 3962 ᾤετο

2213 3979 2221 3987 ’
2255 3990 2393 4060 πρὸς
2417 3989 2654 4058 πόλεμον
2673 3990 2783 4052 τοῖς
2815 3987 3116 4058 βαρϐάροις
3145 3988 3363 4042 ἐκέλευε
3395 3985 3647 4058 πληροῦν.
3689 3979 3783 4050 Τὴν

2255 4081 2580 4150 δὲδαπάνην
2609 4079 2717 4133 τῶν
2746 4080 3038 4150 τριήρεων,
3065 4081 3166 4150 τὴν
3191 4081 3290 4150 μὲν
3321 4083 3385 4134 ὲκ
3419 4078 3524 4134 τῶν
3549 4073 3784 4146 δημοσίων

2255 4175 2368 4234 τοῖς
2394 4171 2617 4240 ταμίαις
2639 4170 2855 4223 ὶκὲλευε
2886 4171 3168 4240 παρέχειν,
3201 4169 3299 4237 τὴν
3345 4172 3391 4224 δ’
3428 4173 3490 4223 ὲκ
3537 4169 3637 4221 τῶν
3664 4164 3789 4217 ἰδίων

2257 4262 2548 4333 παρείχετο
2576 4261 2759 4324 αύτᾶς.
2816 4260 2972 4314 Ἐπεὶ
3002 4261 3058 4314 δὲ
3103 4261 3514 4332 ἑπεπλήρωντο,
3563 4259 3673 4317 ταῖς
3702 4253 3784 4323 μὲν

2259 4356 2526 4422 ἐπέστησε
2558 4353 2860 4423 στρατηγὸν
2887 4352 2975 4405 τὸν
3007 4355 3508 4422 παρακοιμώμενον
3551 4348 3783 4403 ’Ᾱπὸκιυο

2257 4463 2390 4515 χονο
2429 4445 2524 4498 καί
2572 4445 2672 4497 ὅσα
2727 4444 2832 4496 ἔδει
2883 4442 3278 4511 ἐντειλάμενος,
3339 4446 3438 4497 καὶ
3485 4441 3572 4495 τοῦ
3619 4430 3780 4490 λοιποῦ

595 4540 827 4594 sumque
853 4525 1218 4580 commisisset
1241 4563 1258 4588 ,
1296 4525 1364 4580 ad
1403 4524 1708 4580 Orchanem
1757 4525 2041 4582 orientalis
2069 4527 2141 4583 Bi-

2259 4535 2523 4597 κελεύσας
2556 4531 2702 4604 αὐτῷ
2735 4534 2918 4604 μέλειν
2965 4533 3060 4586 τὸν
3084 4533 3553 4596 απὸπ).ουν,αὒτὸς
3582 4525 3780 4598 Ὀρχάνῃ

600 4619 800 4689 thynim
856 4627 1130 4687 satrapam
1165 4617 1242 4688 (2)
1291 4619 1499 4696 legatos
1527 4619 1596 4674 de
1629 4634 1759 4688 pace
1791 4621 1941 4675 misit
1979 4636 1998 4674 :
2049 4637 2158 4677 non

2259 4627 2336 4696 τῷ
2364 4625 2462 4693 τῆς
2491 4627 2631 4678 κατὰ
2664 4624 2918 4678 Βιθυνίαν
2949 4623 3090 4695 ἑῴας
3126 4624 3378 4695 σατράπῃ
3407 4618 3780 4692 διεπρεσϐεύετο

598 4712 747 4763 enim
806 4711 861 4762 in
909 4709 1262 4764 Occidentem
1317 4709 1624 4775 ducturus,
1679 4710 1883 4767 bellum
1937 4712 2141 4782 aliquoc

2261 4715 2390 4784 ’περὶ
2416 4715 2660 4784 εἰρήνης.
2685 4712 2818 4766 Οὐδὲ
2850 4713 2958 4782 γὰρ
2985 4712 3160 4766 ἐδόκει
3184 4708 3297 4765 δεὲν
3325 4711 3474 4782 αὐτῷ
3502 4711 3627 4779 πρὸς
3647 4703 3782 4758 ἑσπέ-

602 4799 868 4852 liomanis
919 4813 947 4852 a
1001 4807 1155 4868 tergo
1205 4799 1622 4869 relinquendum
1665 4801 1965 4870 judicabat.
2025 4802 2141 4858 Paci

2264 4823 2362 4874 ραν
2398 4806 2642 4874 μέλλοντι
2693 4803 3014 4874 στρατεύειν
3035 4844 3050 4870 ,
3083 4800 3320 4872 πόλεμόν
3347 4819 3468 4856 τινα
3530 4795 3781 4866 Ῥωμαίοις

601 4905 730 4945 cum
760 4889 856 4943 illo
886 4889 1133 4954 ﬁrmata,
1181 4897 1236 4942 et
1275 4890 1636 4959 Didymotiehi
1697 4903 1862 4962 atque
1895 4893 2141 4948 Adriano

2260 4893 2435 4946 ὀπίσω
2479 4894 2824 4949 καταλιπεῖν.
2893 4893 3044 4946 Ἐπεὶ
3091 4893 3148 4947 δὲ
3188 4895 3280 4946 καί
3333 4895 3373 4964 ἡ
3433 4891 3563 4962 πρὸς
3605 4886 3778 4941 ἐκεῖνον

601 4981 712 5046 poli
745 4977 1030 5032 domestici
1062 4988 1291 5032 evocatu
1321 4991 1646 5051 congregato
1673 4983 1939 5046 exercitu,
1969 4985 2135 5040 itiner

2262 4989 2452 5054 εἰρήνη
2512 4985 2667 5048 τέλος
2699 4978 2886 5054 εἶχεν,
2946 4985 3108 5048 αὐτὸς
3170 4985 3268 5054 μὲν
3325 4984 3461 5055 πρὸς
3492 4982 3583 5048 τὴν
3629 4974 3779 5040 ἔξοδον

603 5087 662 5124 se
700 5069 960 5124 accinxit.
991 5070 1112 5134 Quo
1147 5077 1329 5123 autem
1364 5069 1453 5125 die
1479 5071 1729 5128 exiturus
1766 5084 1905 5138 erat,
1932 5077 2137 5144 patriar

2268 5075 2726 5147 παρεσκευάζετο.
2752 5075 2892 5144 Ἤδη
2922 5075 3028 5144 γὰρ
3060 5077 3154 5130 καί⁵
3183 5078 3216 5144 ἠ
3253 5075 3480 5147 στρατιὰ
3502 5070 3629 5124 κατὰ
3645 5066 3776 5119 Διδυ-

600 5161 761 5216 cham
795 5160 972 5215 solum
1006 5160 1158 5215 solus
1183 5161 1518 5216 conveniens
1542 5204 1558 5228 ,
1586 5170 1640 5218 et
1665 5164 1736 5218 ad
1765 5166 2028 5235 templum
2064 5165 2141 5222 De

2269 5169 2518 5238 μότειχον
2549 5167 2640 5221 καὶ
2672 5167 2772 5236 τὴν
2807 5165 3089 5238 Ἀδριανοῦ
3122 5167 3276 5220 πόλιν
3312 5165 3472 5220 αὑτοῦ
3508 5158 3775 5218 κελεύοντος

600 5251 783 5307 metrii
837 5253 1095 5321 martyris
1141 5253 1461 5324 myrobiytae
1507 5252 1586 5326 [id
1633 5263 1760 5321 est,
1815 5257 1994 5318 oleum
2044 5258 2141 5312 stil-

2268 5258 2634 5328 συνελέγοντο.
2701 5259 2792 5311 Ἐν
2846 5252 2880 5331 ᾖ
2925 5257 2983 5311 δὲ
3036 5257 3262 5327 ἔμελλεν
3310 5258 3487 5328 ἡμέρᾳ
3524 5245 3773 5315 Βυζαντίου

599 5341 790 5415 lantis]
853 5342 1222 5414 cognominati
1273 5343 1570 5410 adducens,
1623 5345 1756 5413 Quae
1805 5348 1946 5402 inter
1990 5363 2076 5402 me
2110 5364 2137 5402 e

2265 5351 2488 5416 ἐξιέναι,
2523 5349 2613 5403 τδν
2652 5351 3001 5422 πατριάρχην
3057 5349 3214 5418 μόνος
3261 5350 3419 5418 μόνον
3467 5334 3772 5413 παραλασὼνο

601 5434 1009 5504 imperatricem
1049 5433 1195 5489 dicta
1240 5446 1410 5503 sunt,
1464 5437 1682 5508 inquit,
1731 5454 1839 5494 non
1874 5449 1924 5494 te
1953 5439 2122 5496 latent

2265 5444 2364 5496 καὶ
2388 5443 2520 5513 πρὸς
2563 5443 2658 5498 τὸν
2686 5444 2748 5498 ὲν
2793 5442 3088 5513 βασιλείοις
3139 5441 3234 5495 τοῦ
3265 5437 3588 5511 μυροϐλύτου
3616 5438 3771 5500 Δημη-

1859 5553 2080 5615 Jacobi
2114 5554 2381 5616 Pontani
2415 5562 2600 5616 noue.

673 5655 1210 5731 g2jNondumigitur
1244 5665 1413 5731 totam
1441 5652 1963 5731 [litbyniaqfl‘urcai
1989 5654 2166 5731 possi-
2271 5658 2638 5731 _8ul_l.:_ln(_)ru_ltl_
2674 5657 3054 5731 Turcicorum.
3080 5657 3370 5731 _Pr;eterea
3428 5655 3477 5710 id
3514 5646 3769 5731 pagg

603 5720 837 5799 dabant;
861 5743 983 5779 nam
1018 5720 1105 5780 hic
1130 5726 1409 5799 Qrcbanes
1435 5720 1684 5799 Qsmanis
1707 5720 2163 5799 ﬁlipshsecundus
2272 5725 2443 5799 bellis
2461 5727 2516 5781 in
2540 5726 2790 5799 Bithynia
2845 5737 3031 5784 contra
3068 5727 3374 5785 Orchanem
3405 5720 3555 5797 gcsﬁs
3593 5720 3767 5785 Persii"

602 5805 789 5846 eorum
825 5795 1117 5863 imperator
1153 5797 1273 5860 fuit,
1336 5805 1393 5848 ut
1425 5794 1608 5846 videre
1665 5802 1748 5847 est
1780 5793 1831 5846 in
1869 5791 2165 5848 Annalibus
2269 5796 2562 5852 cereiicet.
