4096 6300
611 392 718 455 πῖ)

1770 383 2005 444 JUANN
2022 385 2038 442 l
2053 385 2091 442 S
2133 379 2367 441 CANTA
2382 377 2652 438 (IUZENI

3718 355 3806 418 Ἧὲθ

613 508 882 560 bonorum
939 501 1146 556 auctori
1204 501 1407 570 gratias
1458 509 1644 552 actura
1700 497 1810 563 sit;
1856 512 1962 550 non
2020 500 2167 548 enim

2275 511 2321 545 τι
2355 492 2582 560 κώλυμα
2614 485 2876 557 συμϐαίη,
2911 479 3147 535 τοσαῦτα
3181 473 3482 544 Ῥωμαίους
3508 472 3805 542 ὠφελήσειν,

611 595 768 666 parvi
802 593 1060 646 momenti
1114 591 1361 660 quaedam
1395 603 1490 658 per
1543 588 1776 641 hiemem
1827 586 2006 638 moliri
2051 585 2164 638 eiii-

613 703 741 742 cere
767 725 780 746 ,
846 693 1035 752 utpote
1069 682 1268 735 multos
1299 690 1425 734 ante
1470 677 1817 733 refractarios
1854 687 1906 731 el
1935 677 2169 731 audaces

612 792 680 831 eo
710 777 1074 832 adacturum,
1131 782 1192 824 ut
1222 786 1280 824 se
1331 771 1576 824 Romano
1630 768 1946 838 imperatori
1993 766 2168 821 tribu-

610 868 782 921 tarios
844 875 900 918 et
956 863 1235 931 subjectos
1285 860 1672 915 confiteantur.
1721 859 1882 914 Plura
1932 859 1988 912 in
2029 857 2171 910 hanc

612 955 945 1012 sententiam
977 952 1275 1011 narrabat,
1301 957 1356 1003 et
1385 965 1506 1018 quae
1535 950 1649 1017 ipse
1682 949 1938 1004 versabat
1967 947 2169 1007 animo,

609 1038 1032 1116 etimperatrici
1067 1037 1256 1090 auditu
1307 1035 1644 1105 perjucuuda
1696 1034 1810 1088 fore
1861 1049 1971 1088 non
2023 1032 2174 1102 igno-

610 1131 788 1185 rabat.
826 1129 942 1196 Qua
979 1130 1200 1182 tandem
1236 1126 1466 1179 salutata
1492 1164 1507 1188 ,
1541 1124 1800 1194 Byzantio
1850 1139 1973 1177 cum
2013 1139 2174 1177 exer-

609 1224 722 1279 citu
781 1232 836 1276 et
887 1222 1151 1276 nobilium
1180 1236 1275 1276 seu
1306 1219 1662 1289 patriciorum
1712 1231 1906 1287 magno
1945 1232 2175 1271 numero

606 1313 802 1378 exivit,
876 1312 1064 1368 relicta
1131 1311 1338 1365 ibidem
1396 1320 1599 1373 matre,
1641 1324 1764 1378 qua:
1811 1307 2174 1362 calamitatem

606 1405 732 1474 ejus
781 1419 890 1459 non
943 1403 1319 1459 mediocribus
1368 1401 1577 1457 solatiis
1625 1401 1828 1455 leniret
1899 1414 1964 1454 ac
2025 1397 2176 1453 miti-

605 1507 780 1566 garct.

2271 585 2368 636 ὅσα
2391 583 2484 636 καὶ
2520 581 2691 647 αὐτὴν
2735 575 2947 645 ὁρῶσαν
2999 571 3120 637 Θεῷ
3156 571 3385 638 χάριτας
3415 564 3698 634 ὁμολογεῖν
3741 564 3807 633 τῷ

2272 671 2517 741 συνεργῷ
2535 671 2644 723 τῶν
2671 667 2851 722 καλῶν
2872 681 2886 696 ο
2911 665 2971 716 οὔ
3026 662 3198 732 μικρά
3229 657 3339 726 γάρ
3368 674 3489 710 τινα
3509 655 3810 708 διανοεῖσθαι

2271 759 2714 831 παρασκευάσειν
2741 755 2834 806 τοῦ
2883 751 3154 821 χειμῶνος
3185 747 3259 808 ὡς
3304 746 3418 812 ἅμα
3453 738 3577 813 ἦρι,
3608 739 3810 799 πολλοὺς

2273 830 2380 906 τῶν
2404 852 2670 922 πρότερον
2691 846 2835 900 κατά
2869 841 3155 910 Ῥωμαίων
3185 833 3608 903 θρασυνομένων
3639 830 3813 896 ὑποφό-

2279 963 2402 1017 ρους
2451 921 2547 996 καὶ
2591 939 2831 995 δουλείαν
2855 929 3247 1005 ὁμολογοῦντας
3283 925 3500 994 βασιλεῖ
3550 921 3812 1017 Ῥωμαίων

2277 1010 2591 1099 ἀποδείξων.
2621 1029 2732 1084 Καὶ
2774 1025 2999 1080 τοιαῦτα
3028 1023 3191 1097 ἕτερα
3225 1017 3397 1072 πολλὰ
3427 1010 3812 1081 προσεπειπὼν,

2276 1127 2375 1179 ὅσα
2421 1139 2478 1175 τε
2504 1121 2661 1184 αὐτὸς
2707 1118 2966 1171 διενοεῖτο
3008 1112 3290 1182 πράττειν,
3319 1109 3412 1160 καὶ
3447 1101 3693 1173 βασιλίδα
3716 1100 3814 1168 ᾔδει

2277 1217 2579 1272 ἀκούουσαν
2609 1210 2745 1277 πρὸς
2776 1206 2993 1276 ἡδονὴν,
3023 1203 3122 1254 καὶ
3164 1198 3478 1252 τελευταῖον
3511 1191 3818 1254 συνταξάμε-

2277 1324 2389 1370 νος,
2409 1303 2557 1373 ἐξῄει
2594 1298 2884 1363 Βυζαντίου
2917 1294 3032 1364 ἅμα
3073 1290 3303 1360 στρατιᾷ
3326 1288 3421 1340 καὶ
3444 1285 3560 1337 τῶν
3583 1283 3816 1346 εὐπατρι-

2277 1395 2383 1450 δῶν
2413 1394 2647 1453 πολλοῖς,
2686 1389 2783 1458 τὴν
2822 1385 3036 1455 μητέρα
3053 1379 3375 1435 καταλιπὼν
3407 1377 3548 1439 ἐκεῖ,
3575 1374 3649 1435 ὼς
3669 1388 3820 1439 παρα-

2283 1488 2482 1558 μυθίαν
2510 1485 2571 1537 οὐ
2605 1480 2806 1552 μικρὰν
2838 1477 3104 1545 ἐσομένην
3145 1470 3378 1543 βασιλίδι
3415 1468 3556 1540 πρὸς
3581 1467 3674 1529 τὰς
3705 1480 3819 1532 crup-

2281 1576 2478 1646 φοράς.

2061 1709 2286 1768 CAPUT
2327 1708 2396 1764 Χ.

607 1811 693 1868 Ea:
724 1808 932 1864 urbibus
967 1806 1206 1861 Thracia:
1233 1816 1502 1860 senatores
1554 1813 1603 1860 et
1647 1804 1896 1874 prasidia
1929 1803 1998 1856 ad
2035 1803 2419 1874 expeditionem
2451 1804 2816 1874 assumuntur.
2878 1792 3069 1874 Rhesus
3105 1795 3354 1869 renovato
3385 1783 3816 1874 [cedere‘discedjt

675 1855 2112 1949 hﬁici'éieés'éﬁéihin'iiii-iisféwdanigiefﬁgiatu;
2136 1855 2301 1924 semel
2347 1879 2396 1922 et
2445 1870 2671 1949 iterum;
2697 1855 3819 1949 All-oca-ttdttu—fagdrf‘ittlliﬁtlfirlenszf'

679 1924 2025 2015 ὶὲῗειῗηῦἱιῖὲῖὲῖᾱιὲᾶνὶ’ἀιέῖίίὲιὶίᾇιὲἷ’ὀέρὶείέῆέάέ
2056 1943 2110 1993 in
2142 1957 2318 1993 arcem
2362 1954 2513 2015 suum
2547 1924 2802 2015 confugit,
2828 1941 2991 2015 atque
3036 1939 3091 1983 ut
3139 1924 3358 2015 mortem
3380 1924 3636 2015 citat-gius:
3667 1924 3818 2015 dente;

678 1995 864 2074 siicum
917 1995 1289 2069 inconstantia:
1334 1995 1910 2074 rreritirtwliuman'arum
1941 2017 2135 2073 monet,
2187 2027 2220 2062 a
2250 2024 2351 2080 quo
2399 1995 2912 2062 vicissim'nt'onetttr
2946 2000 3304 2070 persapienter
3353 2004 3400 2049 et
3443 1995 3551 2046 Deo
3585 1995 3639 2046 in
3666 1995 3820 2061 primis

678 2086 949 2142 nitendum
989 2083 1299 2138 ostenditur.

678 2198 1047 2271 Didymotirlii
1101 2211 1225 2251 cum
1265 2205 1452 2256 esset,
1504 2194 1800 2248 maximum
1841 2208 2023 2264 operae
2053 2209 2178 2265 pre-
2211 2199 2254 2255 Β

608 2296 745 2350 tium
781 2291 934 2345 duxit
967 2288 1184 2344 urbium
1215 2287 1574 2342 Thraciarum
1615 2296 1920 2349 senatores,
1961 2285 2181 2354 etquod

610 2395 731 2439 erat
767 2383 841 2438 ibi
871 2381 1108 2436 militum
1145 2380 1282 2434 citra
1321 2379 1728 2434 excusationem
1756 2418 1770 2441 ,
1819 2377 1979 2448 381
2017 2378 2096 2433 uti
2128 2385 2184 2433 et

606 2472 900 2544 Byzantios
971 2466 1308 2538 expeditioni
1373 2466 1701 2528 ascribere;
1773 2467 1942 2538 idque
2032 2468 2177 2522 intra

610 2578 819 2634 paucos
857 2562 976 2615 dies
1004 2559 1226 2614 eﬂ'ectui
1281 2558 1467 2611 datum
1498 2568 1602 2613 est.
1634 2559 1840 2614 Deinde
1874 2559 2183 2616 reseiscens

608 2653 901 2708 Mmsorum
936 2665 1115 2719 regem
1144 2648 1510 2704 Alexandrum
1539 2649 1681 2718 apud
1715 2650 1990 2704 Stilbnqu
2020 2650 2202 2724 ομιιί-⁸

609 2743 741 2799 dum
777 2742 960 2796 Missis
994 2741 1308 2810 subjectum
1338 2739 1392 2792 in
1416 2738 1725 2794 confinibus
1747 2749 1926 2794 castra
1955 2740 2180 2806 habere,

613 2850 712 2903 per
734 2833 945 2902 legatos
975 2831 1026 2884 ei
1061 2829 1351 2900 signiﬁcat,
1382 2844 1440 2883 se
1470 2829 1826 2900 Adrianopoli
1859 2831 2181 2898 subsistere,

610 2923 862 2990 velleque
931 2921 1147 2976 discere
1177 2958 1193 2983 ,
1245 2917 1463 2974 bellone
1507 2935 1578 2974 an
1633 2936 1767 2988 pace
1816 2921 2185 2978 delectaretur

613 3011 833 3082 magis;
883 3010 1027 3066 diem
1088 3011 1238 3066 enim
1299 3025 1465 3080 quam
1512 3010 1756 3082 Byzantii
1825 3013 1946 3083 ejus
1991 3014 2186 3084 legatis

609 3103 956 3172 prtetixisset,
992 3117 1161 3172 prope
1212 3102 1419 3156 exitum
1452 3117 1593 3158 esse.
1650 3101 1960 3158 Alexander
1990 3103 2183 3161 videns

613 3193 892 3248 Romanos
940 3209 1052 3247 non
1090 3207 1211 3248 esse
1245 3203 1629 3248 consternatos
1652 3233 1668 3257 ,
1699 3205 1756 3248 ut
1789 3195 2182 3264 augurabatur,

614 3286 710 3341 sed
747 3296 970 3355 paratos
1004 3285 1069 3339 ad
1104 3285 1480 3341 ulciscendum
1511 3286 1760 3342 volentes
1804 3287 2007 3342 inferre
2039 3288 2185 3358 inju-

611 3379 749 3434 riam
771 3419 786 3444 ,
819 3387 877 3433 et
903 3393 1082 3448 neque
1114 3393 1212 3447 per
1249 3378 1456 3449 legatos
1487 3379 1670 3442 minis,
1705 3393 1883 3449 neque
1914 3387 2182 3448 apparatu

610 3486 713 3526 suo
751 3471 981 3524 militari
1030 3485 1126 3524 eos
1160 3471 1404 3538 potuisse
1453 3471 1836 3537 commoveri,
1879 3477 1940 3525 ut
1963 3470 2179 3525 libidini

2367 2188 2521 2244 Ἐπεὶ
2539 2187 2596 2243 δέ
2618 2187 2829 2257 γένοιτο
2865 2184 3000 2253 πρὸς
3022 2181 3409 2250 Διδυμοτείχῳ,
3441 2176 3710 2248 προῦργου
3743 2175 3821 2243 μὲν

2285 2284 2524 2338 ἐποιεῖτο
2553 2279 2753 2342 παντὸς
2783 2277 2908 2339 τοὺς
2945 2273 3088 2328 κατά
3111 2273 3210 2334 τὰς
3254 2270 3353 2338 τῆς
3386 2270 3616 2340 Θρᾴκης
3665 2267 3820 2327 πόλεις

2287 2369 2676 2430 κατοικοῦντας
2695 2365 3084 2435 συγκλητικοὺς
3106 2363 3198 2414 καὶ
3214 2362 3312 2428 τὴν
3335 2358 3620 2428 στρατιὰν,
3642 2359 3822 2422 ἀποφα-

2282 2462 2501 2522 σίστους
2536 2458 2716 2510 ποιεῖν
2757 2456 2888 2524 περὶ¹
2915 2454 3015 2515 τὰς
3049 2449 3357 2521 στρατείας,
3383 2448 3608 2516 εῶσπερ
3645 2448 3702 2515 δὴ
3746 2445 3820 2498 καὶ

2289 2550 2654 2616 Βυζαντίους,
2701 2549 2799 2601 καὶ
2857 2544 3114 2611 ἐποίησεν
3164 2540 3362 2608 ὀλίγων
3423 2541 3557 2592 εῐσω
3610 2536 3819 2605 ἡμερῶν.

2291 2646 2523 2698 Ἔπειτα
2575 2639 2893 2708 πειθόμενος
2949 2636 3024 2698 ὡς
3093 2635 3122 2687 ὁ
3181 2632 3291 2685 τῶν
3333 2632 3543 2684 Μυσῶν
3605 2627 3820 2698 βασιλεὺς

2299 2734 2644 2804 Ἀλέξανδρος
2692 2729 2950 2799 στρατιὰν
3011 2725 3189 2795 ἔχων,
3255 2721 3737 2792 ἐστρατοπέδευσεν
3775 2720 3819 2769 ἐν

2289 2825 2526 2895 Στίλϐνῳ
2555 2824 2762 2883 Μυσοῖς
2788 2818 3014 2888 ὑπηκόῳ
3045 2816 3196 2867 πόλει
3227 2815 3282 2866 ἐν
3313 2812 3588 2884 μεθορίοις
3611 2810 3704 2880 τῆς
3721 2809 3811 2860 αὺ-

2292 2919 2389 2974 τοῦ
2424 2935 2484 2972 τε
2533 2917 2627 2971 καὶ
2659 2911 2947 2980 Ῥωμαίων
2999 2907 3295 2980 ἡγεμονίας
3352 2905 3654 2978 ᾠκισμένῃ,
3705 2903 3818 2970 ἔγνω

2285 3009 2396 3064 δεῖν
2447 3005 2753 3078 πρεσϐείαν.
2793 3001 3030 3068 πέμπειν
3063 2998 3200 3069 πρὸς
3239 2997 3422 3051 αὐτόν·
3463 2999 3557 3049 καὶ
3606 2992 3814 3063 πέμψας,

2288 3102 2348 3155 ἐν
2386 3097 2823 3170 Ἀδριανουπὸλει
2859 3108 2919 3149 τε
2955 3091 3144 3160 ἐδήλου
3179 3088 3510 3158 διατρίϐειν,
3537 3087 3628 3140 καὶ
3660 3083 3816 3154 μαθεῖν

2287 3191 2524 3254 ἐθέλειν,
2580 3190 2628 3242 εί
2663 3189 2692 3241 ὁ
2741 3185 2976 3256 πόλεμος
3028 3180 3175 3253 αὐτῷ
3234 3178 3439 3246 μᾶλλον
3505 3170 3814 3251 αἱρετέοςιῆ

2286 3284 2497 3354 εἰρήνη.
2535 3279 2646 3348 Τὴν
2679 3277 2788 3350 γὰρ
2831 3274 3168 3346 προθεσμίαν
3217 3275 3286 3343 ἣν
3337 3277 3451 3336 τοῖς
3480 3273 3680 3326 ἐκείνου
3708 3266 3817 3334 πρέ-

2288 3373 2446 3429 σϐεσι
2491 3371 2800 3442 παρέσχετο
2843 3367 3004 3430 αὐτὸς
3072 3366 3132 3418 ἐν
3179 3364 3467 3432 Βυζαντίῳ
3522 3359 3814 3429 γενομένοις,

2293 3465 2426 3537 περὶ
2475 3462 2656 3529 ἔξοδον
2690 3460 2791 3531 ήδη
2839 3455 3001 3513 εῖναι.
3069 3454 3457 3526 Ἀλέξρανδρος
3495 3454 3551 3507 δέ
3605 3451 3728 3517 ὁρῶν
3765 3447 3814 3500 οὐ

611 3575 724 3614 sua:
771 3560 1201 3622 satisfacerent,
1229 3559 1298 3614 ad
1356 3559 1764 3614 dimicationem
1816 3559 2005 3616 venire
2038 3559 2181 3614 haud

2285 3529 2698 3626 κατεπτηχότας
2714 3529 2909 3624 γῶσπερ
2934 3547 3070 3620 ᾤετο
3103 3545 3440 3616 Ῥωμαίους,
3463 3542 3577 3596 ἀλλ’
3601 3539 3816 3626 ἑτοίμους

612 3651 746 3706 utile
787 3651 891 3706 sibi
927 3660 1102 3712 ratus,
1135 3649 1200 3705 ad
1246 3658 1514 3705 conventa
1553 3651 1877 3717 descendit;
1937 3665 2186 3705 rursum-

610 3757 718 3811 que
749 3742 923 3813 priori
974 3741 1184 3798 ftedere
1211 3742 1423 3796 sancito
1446 3780 1461 3806 ,
1499 3741 1616 3810 ipse
1659 3741 1965 3797 Trinobum
1997 3741 2050 3796 in
2095 3757 2185 3796 se-

611 3832 737 3888 dem
767 3847 942 3896 suam,
963 3846 1192 3900 magnus
1221 3830 1559 3886 domeSticus
1587 3830 1992 3887 Chersonesum
2024 3833 2185 3896 abiit,

613 3922 761 3994 q'uod
832 3923 1152 3993 frequentes
1208 3922 1496 3976 Persarum
1559 3923 1746 3992 COpias
1809 3922 1976 3979 Giaxe
2042 3925 2184 3980 duce

611 4017 880 4084 Pergamo
943 4013 1302 4068 advenientes
1354 4028 1420 4068 eo
1488 4013 1800 4083 irrupturas
1855 4015 2182 4071 audivisset.

607 4105 784 4160 Simul
831 4119 998 4174 porro
1032 4118 1095 4158 ac
1143 4103 1396 4169 Romani,
1423 4104 1590 4158 etiam
1627 4104 1803 4160 Persae
1851 4104 1962 4160 illic
1989 4105 2179 4162 adlue-

609 4204 784 4260 runt,
837 4198 932 4268 qui
985 4197 1186 4251 collato
1239 4195 1379 4264 pede
1437 4195 1728 4250 adversum
1782 4197 2071 4251 :Romanos
2109 4211 2180 4251 ne

611 4286 834 4355 paulum
874 4286 1096 4354 quidem
1129 4285 1450 4351 valuerunt,
1490 4285 1584 4340 sed
1619 4285 1669 4338 vi
1698 4300 1764 4340 ae
1793 4285 1996 4340 virtute
2022 4284 2177 4352 victi,

612 4392 742 4444 pars
769 4376 820 4430 in
853 4391 1033 4447 pugna
1067 4375 1417 4439 ceciderunt,
1448 4389 1578 4444 pars
1604 4375 1748 4444 capti
1783 4383 1930 4430 sunt.
1964 4375 2178 4442 Quibus

609 4467 737 4537 fuga
767 4465 1033 4536 contigit,
1072 4465 1391 4520 conscensis
1436 4464 1754 4519 navibusin
1794 4465 1977 4520 Asiam
2018 4482 2182 4522 rena-

611 4554 886 4624 vigarunt.
940 4553 1138 4608 Paucis
1193 4551 1390 4608 diebus
1431 4552 1802 4615 intermissis,
1834 4553 1940 4608 alia
1983 4570 2180 4611 manus

614 4645 858 4715 priorem
887 4643 1234 4698 vindicatura
1259 4642 1502 4698 indidem
1528 4643 1762 4714 trajecit.
1793 4642 1898 4709 Qui
1925 4646 2182 4700 similiter

608 4736 837 4798 devicti,
864 4735 1136 4804 plurimos
1160 4734 1499 4798 amiserunt;
1538 4733 1736 4789 Giaxes
1769 4735 1856 4790 bis
1895 4737 2181 4790 continen-

2289 3646 2452 3709 δντας
2491 3622 2796 3714 ἀμύνεσθαι
2857 3640 2986 3701 τοὺς
3038 3635 3400 3708 αἱρουμένους
3466 3630 3691 3690 ἀδικεῖν,
3739 3622 3815 3714 καί

2293 3741 2429 3809 μήτε
2457 3738 2576 3798 ταῖς
2625 3733 2712 3786 διὰ
2756 3732 2865 3785 τῶν
2897 3727 3182 3800 πρέσϐεων
3221 3726 3498 3788 ἀπειλαῖς,
3537 3722 3653 3793 μήτ’
3679 3712 3814 3770 αὑτοῦ

2297 3808 2364 3898 τῇ
2391 3826 2526 3896 πρὸς
2558 3825 2648 3877 τὸν
2681 3822 2916 3890 πόλεμον
2949 3818 3272 3888 παρασκευῇ
3305 3815 3602 3884 δυνάμενος
3640 3808 3813 3898 πείθειν

2287 3897 2356 3971 τα
2395 3915 2533 3970 κατὰ
2561 3913 2785 3984 γνώμην
2815 3909 2964 3980 αὐτῷ
2996 3912 3190 3973 ποιεῖν,
3226 3907 3362 3976 πρὸς
3389 3906 3621 3972 πόλεμον
3646 3897 3812 3970 χωρεῖν

2293 4006 2604 4068 ἀλυσιτελὲς
2627 4004 2872 4073 οἰόμενος
2897 4001 3069 4070 αὐτῷ,
3107 3999 3302 4068 ἐχώρει
3348 3997 3487 4066 πρὸς
3521 3992 3811 4062 συμϐάσεις·

2285 4099 2380 4152 καὶ
2424 4095 2533 4148 τῶν
2579 4092 2862 4164 προτέρων
2903 4087 3060 4152 αὖθις
3091 4086 3339 4141 σπονδῶν
3379 4087 3476 4138 καὶ
3517 4085 3684 4152 ὅρκων
3708 4079 3813 4129 ἀνα-

2286 4187 2615 4246 νεωθέντων,
2654 4180 3000 4251 Ἀλέξανδρος
3044 4179 3142 4249 μὲν
3173 4181 3253 4238 είς
3292 4176 3551 4246 Τρίνοεον
3583 4174 3646 4226 τὰ
3668 4169 3813 4223 οἰκεῖα

2287 4277 2533 4349 βασίλεια
2567 4273 2966 4345 ἐπανεζεύγνυε
2990 4312 3005 4336 ,
3050 4271 3370 4340 δομέστικος
3397 4269 3454 4321 δὲ
3495 4270 3522 4320 ὁ
3553 4267 3724 4336 μέγας,
3749 4261 3812 4320 εἰς

2285 4369 2629 4441 Χερρόνησον
2663 4365 2802 4436 μετά
2827 4365 2927 4432 τῆς
2968 4365 3224 4435 στρατιᾶς
3253 4360 3474 4432 ἐχώρει,
3509 4353 3810 4421 πεπυσμένος

2287 4461 2547 4531 στρατιὰν
2583 4456 2808 4528 Περσῶν
2852 4454 3023 4524 πεζὴν
3052 4453 3351 4521 μέλλουσαν
3385 4453 3465 4510 εἰς
3503 4447 3807 4518 Χερρόνησον

2286 4552 2577 4621 ἐμϐάλλειν
2623 4556 2689 4603 ἐκ
2723 4549 3019 4619 Περγάμου
3051 4544 3392 4621 ἀφιγμένην,
3424 4537 3488 4613 ἦς
3519 4538 3699 4604 Γιαξὴς
3734 4549 3808 4584 σα-

2285 4617 2502 4716 τράπης
2526 4639 2615 4715 ἦν.
2645 4617 2815 4708 Ἀμαί
2843 4639 2900 4692 δὲ
2929 4637 3008 4708 τῷ
3044 4637 3348 4704 Ῥωμαίους
3381 4617 3466 4697 εἰς
3505 4630 3806 4702 Χερρόνησον

2287 4733 2604 4807 ἀφικέσθαι,
2635 4733 2730 4786 καὶ
2778 4733 2811 4800 ἡ
2849 4728 3080 4801 στρατιά
3124 4728 3349 4797 Περσῶν
3371 4726 3582 4796 παρῆν·
3612 4719 3696 4774 καὶ
3724 4731 3801 4784 γε·

611 4837 696 4883 ter
726 4841 902 4881 caesus
926 4865 940 4889 ,
993 4824 1291 4894 multisque
1321 4840 1385 4880 ac
1426 4825 1667 4879 strenuis
1715 4840 1940 4880 suorum
1968 4826 2181 4881 deside-

2287 4812 2521 4897 νομένης
2547 4824 2748 4895 μάχης,
2771 4821 2895 4875 οὐδὲ
2929 4821 3064 4890 πρὸς
3086 4819 3266 4886 ὀλίγον
3295 4817 3520 4887 ἴσχυσαν
3547 4814 3594 4866 oi
3622 4810 3799 4876 Πέρσαι

610 4917 770 4980 ratis,
803 4915 1195 4984 desperatione
1226 4914 1546 4970 debilitatus
1571 4956 1584 4978 ,
1618 4931 1806 4985 pacem
1841 4919 2179 4987 concupivit,

609 5023 774 5077 quam
809 5021 935 5060 eum
967 5020 1033 5059 eo
1069 5005 1274 5075 pepigit
1301 5021 1534 5075 magnus
1555 5007 1911 5062 domesticus.
1946 5010 2183 5078 Depulsa

610 5099 980 5154 calamitate‘a
1011 5097 1193 5152 Persis
1237 5097 1559 5152 imminente
1584 5139 1599 5164 ,
1632 5098 2068 5168 Didymotiebum
2098 5117 2182 5157 re-

608 5203 852 5258 gressus,
897 5189 964 5243 ad
994 5188 1394 5243 occidentalem
1423 5203 1542 5242 sese
1592 5189 1997 5257 expeditionem
2026 5207 2176 5246 com-

609 5280 868 5347 parabat,
901 5281 1314 5347 exercitumque
1346 5278 1651 5336 delectibus
1677 5280 1832 5335 novis
1861 5282 2173 5350 supplebat.

609 5367 822 5423 Interea
902 5370 1270 5437 Apocauchus
1319 5382 1585 5422 novarum
1658 5383 1839 5422 rerum
1919 5370 2172 5438 cupidus.

611 5457 971 5524 manibusque
1013 5473 1077 5512 ac
1121 5459 1354 5527 pedibus
1383 5459 1636 5523 enitens,
1671 5469 1731 5513 ut
1763 5459 1829 5513 ad
1865 5475 1921 5514 se
1945 5476 2172 5530 rempu—

611 5549 809 5602 blicam
843 5551 1186 5617 transferret,
1229 5553 1339 5622 jam
1375 5553 1576 5607 classis
1593 5547 1784 5607 contra
1817 5553 2010 5607 Persas
2042 5569 2178 5622 prac-

610 5637 790 5691 feetus
817 5679 831 5701 ,
895 5650 952 5694 et
999 5639 1316 5697 facultatem
1365 5642 1575 5696 navalis
1606 5642 1884 5696 exercitus
1922 5642 2170 5712 adeptus,
2201 5653 2203 5655 ‘

609 5724 874 5806 Joannem
921 5731 1324 5788 adolescentem
1367 5733 1752 5802 imperatorem
1786 5733 1842 5787 in
1876 5747 2039 5793 unam
2073 5733 2174 5786 tri-

2298 4917 2586 4986 Ῥωμαίοις
2615 4912 2950 4980 ἀντιστῆναι,
2970 4908 3086 4963 ἀλλ’
3107 4906 3430 4978 ἡττηθέντες
3455 4905 3589 4958 κατά
3609 4900 3798 4969 κράτος.

2283 5009 2330 5060 οἱ
2362 5007 2458 5076 μὲν
2520 5004 2713 5057 ἔπεσον
2769 5000 2919 5070 παρὰ
2966 4999 3065 5068 τὴν
3114 4997 3322 5067 μάχην,
3371 4997 3422 5049 οἱ
3479 4995 3520 5046 δ’
3568 4992 3797 5045 ἐὰλωσλνο

2280 5099 2395 5150 ὅσοι
2423 5096 2480 5148 δὲ
2502 5092 2846 5164 ἠδυνήθησαν
2868 5090 3171 5158 διαφυγεῖν,
3195 5087 3460 5156 ἐμϐάντες
3477 5087 3591 5141 ταῖς
3615 5076 3791 5135 ναυσὶν»

2285 5187 2556 5241 ἀπέπλεον
2585 5183 2672 5236 ἐπ’
2694 5183 2868 5236 οἴκου.
2896 5182 2972 5234 Οὐ
3007 5180 3228 5242 πολλαῖς
3262 5180 3318 5232 δὲ
3353 5178 3571 5247 ὕστερον
3597 5169 3797 5241 ἡμέραις

2282 5281 2348 5331 ἐκ
2380 5277 2478 5346 τῆς
2509 5275 2678 5344 αὐτῆς
2701 5271 2886 5343 χώρας
2919 5272 3014 5325 καὶ
3043 5271 3268 5341 δευτέρα
3304 5269 3524 5340 στρατιά
3549 5253 3796 5330 ἐπεραιοῦ·

2280 5388 2362 5435 το.
2401 5369 2474 5431 ὡς
2505 5367 2604 5438 τὴν
2644 5366 2916 5436 προτέραν
2963 5357 3134 5434 ἧτταν
3169 5362 3646 5433 ἀναμαχεσόμενοι·
3674 5366 3791 5418 συμ·

2285 5464 2537 5523 ϐαλόντες
2583 5460 2638 5512 δέ
2676 5462 2771 5514 καὶ
2811 5456 3018 5520 τούτοις
3053 5453 3334 5526 Ῥωμαῖοι.
3368 5449 3613 5521 ἐνίκησάν
3643 5460 3691 5496 τε
3716 5439 3792 5491 καὶ

2284 5554 2610 5606 ἀπέκτειναν
2637 5550 2760 5611 τοὺς
2789 5547 3026 5608 πλείους.
3045 5547 3201 5598 Ἐπεὶ
3222 5546 3277 5597 δέ
3297 5542 3487 5612 Γιαξὴς
3515 5539 3588 5601 δὶς
3609 5532 3789 5598 ἐπλήγη

2285 5643 2479 5711 ἐφεξῆς
2531 5643 2624 5694 καὶ
2671 5639 2868 5708 πολλὴν
2908 5639 3003 5691 καὶ
3037 5635 3246 5706 ἀγαθὴν
3275 5633 3516 5688 ἀπώλεσε
3546 5619 3788 5695 στρατιὰνν

2286 5733 2552 5795 ἀπογνοὺς
2580 5731 2642 5784 τὸ
2674 5728 2964 5799 Ῥωμαίοις
2993 5727 3274 5797 πολεμεῖν,
3309 5723 3499 5794 ἐχώρει
3523 5717 3644 5790 πρὸς
3671 5723 3784 5779 συμ-
