4096 6300
326 398 425 465 τϐ.

1451 404 1987 467 HISTORIARUM
2029 408 2265 469 LIBER
2309 411 2423 473 ΙΙΙ.

3462 418 3570 482 ’ίϋΞ

326 513 536 573 “an;
568 511 660 565 καὶ
687 509 894 564 suam
938 512 1070 579 πρὸς
1101 513 1263 566 αὐτὸν
1295 516 1321 568 ὁ
1354 514 1528 587 μέγας
1561 518 1882 587 δομέστικος

1994 522 2223 590 remium
2265 525 2735 583 matrainsciente
2772 529 3108 598 impositum.
3136 530 3191 586 in
3228 546 3407 587 arcem
3439 549 3539 603 pro

329 602 563 665 σπονδὰς
621 604 922 674 εἰρηνικάς.
966 605 1116 659 Ἐπεὶ
1153 607 1207 660 δὲ
1254 607 1522 676 ἐτρέψατο
1554 610 1654 678 τὴν
1690 611 1754 662 ὲκ
1788 610 1897 662 τῶν

332 693 557 765 Περσῶν
583 694 1039 767 προσδοκωμένην
1082 688 1287 767 βλάϐην
1307 742 1318 761 ,
1354 692 1510 759 αὖθις
1550 701 1634 762 είς
1666 701 1895 771 Διδυμοο

327 801 509 855 τειχον
558 786 892 853 ἐπανελθὼν,
926 792 1364 859 παρεσκευπετο
1392 793 1530 864 πρὸς
1562 795 1662 864 τὴν
1688 797 1768 859 είς
1799 794 1896 866 τὴν

327 875 569 949 ἑσπέραν
616 878 1001 949 ἐκστρατείαν,
1046 879 1142 934 καὶ
1187 882 1289 952 τὴν
1344 883 1603 952 στρατιὰν
1635 885 1897 940 ἀποκαθί-

329 985 452 1037 στη,
490 968 524 1039 ἡ
565 967 757 1038 ἔμελλε
786 969 1111 1039 συνέψεσθαι
1140 972 1310 1042 αὐτῷ.
1355 973 1574 1027 Τούτων
1606 974 1663 1028 δὲ
1716 992 1894 1047 πρατ-

326 1059 572 1128 τομένων
602 1060 694 1112 ὑπ’
714 1059 904 1124 αὐτοῦ,
926 1060 955 1112 ὁ
982 1063 1483 1133 παρακοιμὼμενος
1523 1064 1891 1136 Ἀπόκαυχος,

327 1148 610 1218 νεωτέρων
647 1147 987 1217 πραγμάτων
1017 1147 1326 1220 ἐπιθυμῶν,
1359 1151 1452 1204 καὶ
1486 1152 1675 1222 τρόπῳ
1731 1154 1893 1205 παντὶ

328 1238 669 1309 πειρώμενος
718 1240 976 1307 μετάγειν
1032 1241 1112 1305 είς
1144 1240 1337 1294 ἑαυτὸν
1389 1241 1501 1295 τῶν
1552 1243 1895 1311 πραγμάτων

327 1331 426 1401 τὴν
463 1331 656 1401 ἀρχὴν,
693 1331 980 1400 ἐσκέψατο,
1009 1332 1130 1384 ἐπεὶ
1154 1333 1246 1386 τοῦ
1288 1333 1433 1386 κατὰ
1475 1333 1704 1402 Περσῶν
1731 1335 1895 1397 αὐτὸς

329 1420 740 1490 κεχειροτόνητο
795 1421 1142 1490 στρατηγὸς,
1188 1422 1283 1477 καὶ
1332 1424 1614 1492 δυνάμεως
1672 1425 1895 1494 εὐπόρει

328 1513 611 1582 ναυτ·κῆς,
649 1511 874 1581 βασιλέα
914 1513 1004 1566 τὸν
1053 1514 1169 1566 νέον
1207 1513 1466 1586 Ἰωάννην
1501 1515 1581 1578 είς
1617 1515 1748 1583 μίαν
1771 1513 1885 1567 τῶν

326 1602 570 1674 τριηρῶν
591 1602 899 1673 ἐνθέμενος,
928 1604 1231 1674 ἀγνοούσης
1252 1605 1519 1675 βασιλίδος
1541 1606 1640 1676 τῆς
1666 1605 1891 1677 μητρὸς,

326 1693 410 1756 εἰς
437 1693 526 1745 τὸν
560 1693 689 1762 περὶ
720 1692 1017 1757 Βυζάντιον
1045 1695 1308 1766 πρότερον
1331 1695 1480 1766 αὐτῷ
1511 1693 1721 1765 πύργον
1752 1693 1898 1764 ᾠκο-

326 1784 639 1856 δομημένον
693 1786 1037 1857 ὀχυρώτατον
1083 1789 1210 1841 δντα
1255 1789 1377 1856 ὕψει
1410 1805 1467 1841 τε
1508 1789 1601 1841 καὶ
1635 1789 1892 1858 καρτερά⁶

2000 622 2119 681 pter
2150 613 2587 685 ByzantinmtS),
2617 629 2745 673 ante
2774 636 2803 673 a
2826 622 3244 686 semditicatam,
3277 623 3567 679 altitudine

1998 713 2053 757 ct
2099 705 2462 761 crassitudine
2491 723 2771 763 murorum
2807 713 3230 766 ntttnitisﬂrttam
3257 755 3274 778 ,
3323 714 3569 782 Epibata:

1997 794 2331 849 nominatam
2390 797 2673 854 includere
2719 801 3122 868 meditabatur,
3189 804 3379 873 ibique
3423 805 3569 859 inter

1995 898 2256 954 cognatos
2293 902 2357 943 ac
2394 888 2853 948 familiarissimos
2892 909 2958 949 eo
2985 897 3283 960 custodito,
3305 912 3426 951 cum
3459 898 3566 951 im-

1997 976 2274 1066 peratrice
2304 976 2488 1033 fmdus
2515 980 2680 1036 ferire
2707 1022 2722 1044 ,
2769 999 2834 1037 ea
2869 985 3189 1042 conditione
3240 996 3300 1040 ut
3331 986 3449 1054 ipse
3476 1002 3570 1042 co-

1997 1066 2258 1136 gnaliqtte
2296 1082 2359 1121 ac
2404 1067 2707 1127 familiares
2736 1073 2899 1143 382
2948 1075 3034 1128 sui
3086 1076 3377 1144 pta-cipuis
3420 1075 3563 1145 apud

1997 1156 2276 1212 Romanos
2306 1157 2611 1214 honoribus
2652 1161 3073 1232 insignirentur,
3118 1165 3563 1234 provinciarum-

1998 1261 2103 1316 que
2154 1257 2211 1302 et
2246 1250 2465 1303 urbium
2516 1262 2779 1320 quantum
2842 1254 2946 1323 ipsi
2988 1255 3189 1309 vellent
3221 1256 3559 1310 dominatum

1997 1340 2331 1404 obtinerent,
2372 1351 2428 1401 et
2477 1342 2545 1396 ad
2597 1343 2916 1399 felicitatem
2971 1347 3107 1400 nihil
3169 1348 3558 1416 requirerent;

2003 1427 2393 1498 imperatorem
2433 1442 2617 1486 autem
2668 1449 2736 1488 ne
2768 1433 2847 1488 sic
2880 1435 3103 1505 quidem
3152 1436 3398 1491 custodia
3430 1436 3564 1489 libe-

1967 1537 2122 1579 .rarc
2148 1563 2164 1587 ,
2226 1523 2319 1577 sed
2353 1523 2474 1577 loco
2520 1523 2731 1579 obsidis
2757 1534 2946 1582 tenere
2971 1567 2985 1590 ,
3038 1536 3094 1581 et
3128 1540 3289 1582 unam
3328 1528 3560 1582 filiarum

1996 1610 2279 1665 connubio
2309 1611 2357 1664 ci
2386 1611 2670 1679 copulare.
2700 1611 2877 1682 Atque
2911 1613 2958 1667 is
2980 1614 3204 1683 quidem
3237 1615 3351 1669 bazc
3382 1623 3563 1677 mente

2000 1701 2418 1769 pertractabat,
2471 1704 2684 1780 etJam
2752 1703 2818 1757 ad
2874 1720 2985 1758 rem
3048 1706 3273 1774 parabat
3320 1704 3563 1776 aggredi,

1997 1807 2123 1845 cum
2189 1808 2218 1846 a
2291 1792 2532 1861 quodam
2589 1797 2620 1848 ό
2678 1794 2918 1850 consciis
2966 1795 3311 1878 imperatrici
3360 1797 3563 1852 indicio

326 1849 679 1948 τητίτειχῶν
711 1849 1005 1941 ᾖπιϐἁτας
1051 1849 1594 1950 προσαγορευόμενον
1634 1849 1888 1947 ἀγαγείν

1999 1884 2140 1938 tacto
2173 1923 2188 1949 ,
2225 1893 2279 1938 et
2327 1887 2664 1955 imperatore
2720 1890 2830 1958 jam
2885 1862 3133 1942 custodia
3177 1889 3565 1958 circmnsepto,

325 1969 445 2021 ἐκεῖ
470 1967 527 2020 δὲ
558 1968 697 2039 μετὰ
745 1969 852 2023 τῶν
905 1969 1179 2039 συγγενῶν
1225 1973 1318 2025 καὶ
1371 1971 1480 2025 τῶν
1528 1958 1903 2024 οἰκειοτάτων⁹

326 2059 554 2130 βασιλέα
581 2060 855 2130 φρουρῶν,
902 2062 1131 2124 σπονδὰς
1171 2061 1417 2115 τίθεσθαι
1450 2063 1585 2134 προς
1620 2061 1890 2132 βασιλίδα,

323 2152 466 2205 ὥστε
514 2152 675 2204 αὑτὸν
733 2152 830 2222 μὲν
880 2153 977 2204 καὶ
1039 2154 1316 2221 συγγενεῖς
1355 2155 1449 2207 καὶ
1504 2155 1630 2218 τοὺς
1684 2155 1883 2218 ἄλλους

322 2245 450 2305 τοὺς
473 2241 751 2308 συνόντας,
781 2244 943 2313 τιμὰς
992 2243 1091 2307 τὰς
1144 2246 1294 2314 παρὰ
1331 2243 1619 2314 Ῥωμαίοις
1653 2245 1878 2315 πρώτας

326 2329 711 2403 καρποῦσθαι,
743 2335 834 2386 καὶ
870 2332 1064 2405 χωρῶν
1111 2329 1254 2387 εἶναι
1287 2334 1382 2387 καὶ
1413 2334 1619 2387 πόλεων
1648 2335 1888 2404 κυρίους,

323 2425 529 2476 ὁποίων
560 2424 628 2477 ἂν
678 2423 877 2489 δόξειεν
932 2425 1147 2494 αὐτοῖς,
1182 2425 1278 2480 καὶ
1314 2426 1478 2495 μηδὲν
1521 2426 1786 2480 ἐλλείπειν
1812 2428 1892 2491 εἰς

322 2515 577 2593 εὐτυχίας
627 2516 807 2585 λόγον,
854 2515 1079 2585 βασιλέα
1142 2517 1219 2582 δὲ,
1275 2517 1382 2570 οίδ⁹
1421 2516 1593 2580 οὕτως
1641 2516 1893 2570 ἀπολύειν

320 2607 420 2661 τοῦ
457 2608 739 2678 φρουρίου·
782 2608 899 2663 ἀλλ’
925 2607 1113 2680 ὥσπερ
1164 2610 1373 2680 ὅμηρον
1423 2609 1742 2679 κατέχοντα,
1782 2610 1886 2679 μιᾷ

325 2699 437 2752 τῶν
470 2698 784 2768 θυγατέρων
843 2699 936 2751 ἐπὶ
971 2700 1135 2770 γάμῳ
1193 2701 1618 2772 προσαρμόζειν.
1672 2698 1732 2753 '0
1788 2698 1888 2770 μὲν

321 2778 423 2845 οὖν
450 2790 677 2846 τοιαῦτά
730 2807 790 2843 τε
840 2791 1096 2845 διενοεῖτο
1123 2831 1137 2856 ,
1196 2793 1290 2844 καὶ
1317 2789 1544 2862 ὥρμητο
1575 2791 1677 2862 ήδη
1710 2790 1890 2862 πράτο

322 2900 458 2938 τειν·
489 2884 599 2937 τῶν
634 2882 954 2937 συνειδότων
983 2883 1038 2936 δέ
1067 2900 1211 2943 τιιος
1245 2882 1471 2954 βασιλίδι
1513 2883 1627 2935 ἀπα
1641 2882 1884 2952 τγείλανο

320 2988 438 3035 τος,
471 2974 591 3024 ἐπεὶ
641 2970 869 3042 βασιλέα
921 2987 982 3023 τε
1035 2971 1138 3041 ἤδη
1167 2971 1484 3042 περιΐστατο
1515 2971 1727 3040 φρουρὰ
1746 3010 1765 3034 ,
1795 2970 1890 3023 καὶ

322 3064 489 3127 αὗτδς
516 3062 656 3131 ἔγνω
684 3061 980 3134 φωραθεὶς,
1014 3060 1184 3133 ᾤχετο
1224 3061 1411 3131 φυγὼν
1442 3062 1525 3123 είς
1572 3060 1886 3123 Ἐπιϐἀτας,

1999 1975 2364 2044 Apocauchus
2398 1976 2891 2046 sedeprehensum
2927 1978 3255 2049 intelligens,
3288 1976 3564 2047 Epibatas,

1998 2063 2321 2128 impendens
2358 2065 2461 2119 sibi
2493 2066 2758 2141 ermalitia
2803 2083 2901 2122 sua
2950 2067 3242 2123 discrimen
3269 2107 3285 2131 ,
3332 2075 3390 2121 ut
3419 2066 3568 2120 veri-

1994 2153 2175 2208 simile
2230 2166 2358 2218 cst,
2413 2155 2693 2212 declinans
2739 2159 2968 2227 aufugit.
3022 2157 3233 2223 Quibus
3286 2155 3451 2212 rebus
3493 2153 3561 2209 ad

1997 2261 2256 2316 maguum
2328 2246 2691 2303 domesticum
2749 2249 3012 2319 perlatis,
3068 2249 3170 2304 etsi
3225 2249 3291 2302 ad
3342 2245 3565 2315 expedi-

2000 2340 2204 2392 tionem
2266 2339 2571 2395 instructus
2629 2350 2789 2405 erat,
2849 2340 3203 2398 nihilominus
3256 2336 3559 2392 Manuelem

1994 2428 2420 2485 Tarchauiotam
2445 2472 2460 2495 ,
2496 2429 2591 2499 qui
2623 2440 2677 2485 et
2724 2431 2975 2487 Cttrtizes
3000 2429 3395 2500 appellabatur,
3437 2442 3560 2483 cum

1993 2520 2202 2589 aliquot
2240 2521 2536 2592 manipulis
2564 2520 2630 2574 ad
2652 2514 2934 2591 'Epibatas
2957 2561 2972 2584 ,
3010 2520 3261 2575 tentoriis
3286 2516 3564 2582 excitatis,

1991 2609 2346 2686 quoadripse
2397 2612 2612 2668 veniret
2660 2610 3053 2667 custodiendas
3087 2610 3255 2666 misit.
3291 2608 3370 2665 Ad
3421 2608 3571 2678 Apo-

1991 2708 2264 2764 caucbum
2326 2722 2549 2777 quoque
2610 2705 2952 2761 sciscitatum
3005 2705 3195 2770 misit,
3247 2718 3378 2758 num
3434 2716 3565 2756 vera

1991 2810 2200 2867 essent,
2241 2815 2365 2871 quae
2406 2798 2476 2854 de
2506 2799 2602 2855 illo
2633 2812 2822 2885 rumqr
2854 2807 3157 2867 spargeret.
3188 2796 3288 2863 Qui
3318 2809 3377 2850 se
3409 2807 3567 2863 syco-

1993 2892 2241 2962 phantiis
2292 2889 2598 2962 oppugnari
2650 2903 2992 2944 asseverare.
3033 2886 3103 2941 Et
3155 2900 3282 2941 cum
3315 2887 3560 2946 timeret,

1997 2999 2066 3039 ne
2098 2982 2254 3053 prius
2285 2983 2357 3037 ob
2404 2981 2709 3036 calumnias
2736 2980 2848 3035 vita
2888 2979 3242 3043 multaretur,
3276 2990 3438 3046 quam
3470 2989 3561 3028 ve-
3647 3051 3657 3060 _

1964 3077 2129 3129 ~ritas
2162 3072 2413 3140 indagata
2471 3080 2776 3141 patesceret
2802 3111 2818 3136 ,
2865 3086 2894 3125 a
2953 3085 3009 3124 re
3037 3067 3296 3140 praesenti
3328 3066 3559 3120 salutem

318 3158 415 3210 τὴν
449 3160 512 3209 ὲκ
544 3155 652 3209 τῶν
684 3155 1092 3226 πραττομένων,
1129 3152 1317 3224 ὥσπερ
1345 3149 1414 3225 ἦν
1440 3152 1608 3220 είκδς,
1641 3152 1885 3207 κίνδυνον

1996 3172 2185 3233 petere
2237 3159 2519 3226 decrevit;
2556 3174 2621 3213 ac
2650 3159 2880 3230 proinde
2905 3173 3030 3212 eum
3059 3196 3075 3221 ,
3127 3158 3219 3226 qui
3271 3154 3332 3209 se
3383 3156 3438 3207 in
3472 3168 3562 3208 ca-

319 3249 739 3320 διαδιῖρὰσκων.
776 3247 912 3317 Περὶ
956 3244 1065 3299 τῶν
1091 3244 1346 3299 τοιούτων
1371 3245 1433 3313 δὴ
1458 3245 1486 3296 ὁ
1531 3244 1701 3314 μέγας
1728 3241 1881 3314 δομέ-

322 3353 509 3399 στικος
549 3333 757 3404 μαθὼν,
794 3335 892 3387 καί
913 3350 996 3386 τοι
1032 3331 1167 3404 πρὸς
1188 3331 1285 3400 τὴν
1310 3332 1668 3402 ἐκστρατείαν
1703 3348 1889 3401 παρα-

278 3467 301 3481 .
322 3419 746 3493 σκευαζόμενος,
775 3422 923 3493 ὅμως
945 3423 1034 3476 τὸν
1056 3420 1480 3493 Ταρχανειώτην
1509 3420 1768 3490 Μανουὴλ
1798 3419 1891 3472 τὸν

322 3518 424 3571 καὶ
480 3514 790 3586 Κουρτίκην
844 3513 1384 3586 προσαγορευόμενον
1441 3513 1579 3584 μετὰ
1619 3528 1890 3581 στρατιω-

321 3610 437 3666 τῶν
490 3609 687 3680 ὀλίγων
744 3606 991 3678 πέμψας,
1039 3606 1290 3660 ἐκέλευεν
1353 3604 1649 3669 Ἐπιϐάτας
1693 3604 1891 3673 ἔξωθεν

323 3704 583 3775 φρουρεῖν
629 3700 1187 3772 ἐστρατοπεδευμένοι]
1214 3738 1232 3766 ,
1284 3698 1443 3770 ἄχρις
1492 3699 1558 3753 ἂν
1622 3697 1890 3768 ἀφίκηται

318 3796 511 3859 αὑτός.
556 3795 782 3865 Πέμψας
825 3792 882 3846 δὲ
925 3794 1021 3848 καὶ
1066 3793 1203 3864 πρὸς
1269 3793 1608 3863 Ἀπόκαυχον
1658 3791 1897 3844 ὲπυνΘά-·

319 3906 447 3944 νετο
487 3889 536 3942 εί
564 3886 735 3959 ἀληθῆ
759 3887 828 3940 τὰ
869 3885 1241 3958 Θρυλλούμενα
1286 3887 1376 3955 εἴη
1417 3887 1545 3955 περὶ
1585 3882 1774 3939 αὑτοῦ.
1806 3882 1891 3957 _'O

319 3982 386 4037 δὲ
424 3980 627 4050 ἔφασκε
664 3979 763 4050 μὲν
791 3978 1241 4047 συκοφαντεῖσθαι
1264 4018 1278 4043 ,
1309 3976 1487 4040 δείσας
1517 3976 1573 4029 δὲ
1610 3979 1686 4047 μὴ
1712 3978 1895 4049 φῦάσῃ

318 4071 644 4140 διαφθαρεὶς
694 4070 798 4124 ὑπὸ
824 4070 1078 4140 διαϐολῆς
1127 4070 1258 4141 πρὶν
1291 4068 1692 4142 διερευνώμενα
1723 4069 1894 4136 φανῆ-

318 4181 415 4217 ναι
452 4162 694 4233 τάληθῆ,
748 4162 849 4232 τὴν
903 4163 1270 4233 σωτηρίανλὲκ
1303 4161 1411 4215 τῶν
1442 4160 1670 4215 ἐνόντων
1715 4159 1895 4228 ἐαυτῷ

320 4253 571 4324 πορίζειν
615 4252 1048 4307 κατακλείσαντα
1096 4254 1155 4305 ἐν
1205 4251 1285 4324 τῷ
1329 4250 1596 4324 φρουρίῳ.
1628 4250 1894 4304 Συνεϐού-

320 4347 449 4400 λευέ
476 4363 537 4399 τε
580 4347 929 4418 παράδειγμα
963 4347 1071 4399 τῶν
1094 4345 1543 4429 νὰπροσδρκήτων
1582 4345 1696 4398 τῶν
1749 4363 1895 4415 πρα-

1992 3253 2151 3309 stello
2184 3251 2277 3306 illo
2304 3249 2639 3314 incluserat,
2666 3248 2880 3302 monuit
2904 3288 2919 3314 ,
2953 3257 3013 3301 ut
3042 3262 3073 3300 e
3101 3260 3204 3301 suo
3234 3257 3362 3300 casu
3395 3241 3560 3297 saluti

1960 3348 1965 3353 ’
1999 3359 2111 3400 sua:
2134 3342 2499 3414 prospiceret,
2534 3348 2591 3395 et
2626 3338 2938 3410 improvisa-
2971 3350 3153 3391 rerum
3175 3335 3571 3391 commutatio-

1998 3435 2085 3490 nis
2113 3432 2425 3503 exemplum
2458 3446 2488 3485 a
2519 3445 2578 3487 se
2605 3437 2871 3485 sumeret.
2909 3428 3045 3484 Nam
3076 3436 3131 3483 et
3155 3429 3310 3499 prius
3342 3442 3401 3484 se
3425 3428 3568 3484 idem

1991 3526 2200 3583 utiliter
2253 3539 2381 3580 eum
2430 3523 2711 3579 monuisse
2777 3531 2834 3578 et
2894 3521 3172 3577 hortatum
3202 3536 3365 3590 esse,
3398 3536 3572 3593 quan-

2003 3634 2169 3690 quam
2204 3616 2359 3672 nullo
2389 3616 2614 3679 eﬂ‘ectu,
2645 3624 2701 3671 et
2748 3628 2895 3670 nunc
2926 3614 3285 3670 nihilominus
3316 3613 3570 3679 suadere,

1999 3727 2123 3766 cum
2155 3725 2223 3766 ex
2264 3726 2324 3765 re
2356 3708 2473 3779 ipsa
2507 3706 2785 3763 suasionis
2835 3722 2951 3762 suae
2995 3706 3291 3762 utilitatem
3336 3704 3570 3775 probare

1995 3811 2203 3873 queat,
2234 3800 2614 3871 subjectorum
2645 3798 2751 3869 ipsi
2788 3798 3139 3853 castellorum
3189 3796 3379 3869 (multa
3420 3797 3566 3851 enim

1992 3892 2220 3960 habere)
2257 3892 2324 3946 ad
2357 3901 2519 3945 terra:
2587 3890 2865 3957 marisque
2923 3887 3339 3943 commoditates
3373 3887 3569 3956 praeci—

1996 3998 2104 4054 puo
2135 3982 2242 4036 situ
2285 3996 2455 4035 unum
2502 3978 2800 4050 deligeret,
2837 3992 2891 4034 et
2937 3978 3067 4033 illud
3103 3977 3364 4047 cperibus
3400 3992 3567 4046 quam

1995 4072 2373 4128 ﬁrmissimum
2428 4069 2726 4134 redderet,
2785 4082 2845 4123 ut
2908 4069 2954 4124 si
3017 4069 3149 4138 quid
3209 4068 3564 4136 improvisum

1993 4171 2332 4235 emergeret,
2396 4175 2645 4218 secessus
2707 4160 3085 4230 malorumque
3133 4159 3394 4228 effugium
3441 4175 3573 4231 sup-

2000 4254 2292 4328 peditaret.
2354 4251 2602 4322 Rogabat
2664 4260 2848 4305 autem
2877 4290 2894 4316 ,
2951 4250 3091 4313 utsi
3147 4265 3258 4305 non
3313 4249 3565 4316 antehac,

1994 4347 2190 4401 saltem
2245 4360 2395 4400 nunc
2430 4342 2819 4409 benevolentis,
2842 4341 3010 4397 animi
3043 4342 3329 4397 consilium
3364 4342 3572 4412 ample-

319 4437 552 4508 γμάτων
581 4427 891 4508 μεταϐολῶν
925 4437 1222 4508 λαμϐάνειν
1252 4436 1313 4501 ἐξ
1336 4427 1528 4491 αὐτοῦ.
1563 4437 1675 4491 Καὶ
1701 4437 1891 4506 πρότε-

1995 4444 2261 4492 uteretur.
2329 4433 2546 4489 Etenim
2608 4442 2665 4489 et
2728 4432 2832 4488 sibi
2896 4433 2949 4485 in
3014 4446 3297 4502 praesens,
3355 4431 3569 4486 tametsi

320 4530 422 4601 ρόν
448 4546 517 4590 ,τε
561 4530 668 4598 γὰρ
699 4529 846 4599 αὐτῷ
888 4529 957 4582 τὰ
988 4527 1215 4581 τοιαῦτα
1251 4512 1605 4581 ὑποτίθεσθαι
1631 4527 1891 4598 ἔφασκεν.

1999 4527 2151 4584 falsis
2201 4526 2524 4582 criminibus
2572 4524 2853 4595 appetito,
2911 4523 3113 4577 nullam
3160 4522 3321 4576 aliam
3365 4520 3560 4575 salutis

318 4624 374 4676 εἰ
404 4619 496 4672 καὶ
527 4619 600 4690 μὴ
628 4619 831 4693 ἔπειθε.
856 4605 1241 4689 συμϐουλεύων
1263 4619 1330 4671 τὰ
1369 4618 1647 4686 λυσιτελῆο
1679 4620 1774 4672 καὶ
1799 4617 1891 4674 νῦν

2002 4618 2218 4673 tuendae
2276 4614 2625 4671 occasionem
2672 4614 2953 4682 relinqui,
3001 4622 3202 4683 prater
3240 4626 3459 4678 arcem,
3509 4610 3565 4664 in

318 4714 480 4769 οὒδὲν
514 4698 698 4787 ’ἦττον
750 4711 1145 4782 συμϐουλεύειν
1179 4712 1239 4775 ἐξ
1278 4710 1457 4764 αὐτῶν
1502 4706 1611 4763 τῶν
1638 4709 1891 4780 πραγμά-

1996 4726 2161 4782 quam
2214 4724 2273 4764 se
2324 4708 2554 4778 periculi
2616 4705 2825 4760 vitandi
2892 4704 3247 4774 recepisset:
3295 4717 3456 4772 quae,
3513 4701 3562 4756 si

316 4823 432 4861 των
457 4804 595 4875 ἔχων
626 4804 723 4874 τῆς
753 4802 1022 4872 ὠφελείας
1063 4803 1162 4873 τὴν
1199 4802 1482 4867 ἀπόδειξιν
1522 4802 1630 4855 τῶν
1662 4801 1894 4871 λεγομέ-

318 4915 453 4961 νων,
484 4900 580 4952 καὶ
610 4896 718 4951 τῶν
774 4893 868 4948 ὑπ’
903 4892 1054 4965 αὐτῷ
1107 4892 1410 4947 τελούντων
1471 4896 1756 4965 φρουρίων
1807 4894 1889 4963 ἒν,

320 4987 501 5040 πολλὰ
533 4986 586 5039 δὲ
610 4980 777 5051 εἶναι,
806 4985 868 5038 τι
902 4985 1143 5055 μάλιστα
1173 4984 1498 5054 ἐπιτηδείως
1523 4985 1644 5057 ἔχον
1672 4984 1807 5055 πρός
1831 5002 1892 5038 τε

318 5080 428 5149 γῆς
486 5078 581 5130 καὶ
652 5078 932 5147 θαλάσσης
994 5078 1228 5145 εὐφυΐαν
1296 5077 1659 5147 ἐκλεξάμενον
1719 5095 1893 5131 κατα-

320 5173 545 5231 σκευαῖς
588 5170 986 5240 χειροποιήτοις
1046 5168 1392 5238 ὀχυρώτατον
1446 5170 1640 5234 πο;εἰν,
1672 5168 1739 5220 ἶν’
1769 5168 1894 5221 εἴτι

320 5259 572 5331 συμϐαίη
627 5259 734 5312 τῶν
786 5259 1233 5328 ἀπροσδοκήτων,
1265 5260 1624 5329 ἀναχώρησιν
1664 5259 1763 5331 ἔχῃ
1799 5261 1894 5313 καὶ

1992 4818 2122 4858 vera
2155 4815 2275 4856 esse
2306 4799 2646 4869 contingeret
2691 4797 2759 4852 de
2794 4811 2854 4852 se
2898 4796 3125 4868 iactata,
3168 4795 3250 4849 vel
3280 4792 3567 4871 audaciam

1992 4909 2147 4951 suam
2183 4891 2469 4963 adiuvaret
2495 4932 2510 4956 ,
2539 4890 2628 4944 τοι
2660 4887 3068 4959 deprehensum
3101 4895 3159 4942 et
3188 4886 3501 4941 convictum
3536 4897 3566 4937 a
3621 4894 3636 4905 '

2000 4995 2176 5041 morte
2213 4985 2497 5039 liberaret.
2528 4981 2856 5052 Apocaucbi
2892 4980 3114 5051 quidem
3143 4977 3435 5035 consilium
3469 4974 3574 5028 hoc

2001 5078 2126 5133 fuit.
2151 5076 2235 5132 Ad
2261 5091 2423 5147 quem
2456 5090 2685 5145 magnus
2713 5073 3051 5129 domesticus
3088 5072 3303 5126 iterato.
3328 5069 3573 5131 mittens,

1997 5173 2268 5227 adversus
2320 5171 2472 5224 illum
2503 5169 2718 5238 vulgata
2774 5183 2834 5223 se
2889 5182 3110 5237 quoque
3151 5164 3285 5218 falsa
3341 5159 3571 5231 reperiri

2003 5260 2486 5338 (quemadmodum
2521 5259 2783 5314 videlicet
2843 5259 2961 5329 ipse
2992 5271 3211 5327 quoque
3259 5248 3572 5319 aﬂirmaret)

316 5353 434 5407 τῶν
464 5351 652 5405 δεινῶν
691 5352 984 5421 ἀποφυγήν
1009 5366 1024 5383 ·
1059 5351 1229 5403 ἐδεῖτό
1278 5367 1337 5403 τε
1368 5354 1417 5403 εί
1450 5354 1546 5404 καὶ
1594 5351 1668 5422 μὴ
1701 5352 1891 5423 πρότε-

2001 5356 2057 5411 in
2097 5352 2291 5424 primis
2356 5363 2557 5418 cupere
2627 5359 2862 5403 testatus
2910 5359 3030 5413 est;
3089 5348 3169 5401 sic
3230 5356 3465 5412 namque
3519 5350 3577 5396 et

316 5434 443 5519 ρον,
482 5444 618 5499 ἀλλὰ
643 5444 738 5497 νῦν
768 5435 1053 5498 πείθεσθαι
1079 5442 1228 5514 αὐτῷ
1260 5441 1522 5506 εὐνοϊκῶς
1565 5443 1895 5516 διακειμένῳ

2002 5447 2180 5517 ipsum
2212 5440 2527 5512 imperatori
2560 5439 2800 5499 amicum
2833 5452 2888 5496 et
2914 5438 3240 5495 benevolum
3269 5478 3285 5505 ,
3331 5449 3396 5490 ac
3425 5447 3579 5502 syco-

1588 5561 1805 5624 Jacobi
1848 5551 2126 5624 Pontani
2156 5568 2351 5619 notae.

401 5660 480 5734 (3)
514 5660 780 5714 Intnrrim
797 5661 958 5729 juxta
989 5659 1444 5734 Byzantium.5ed
1469 5661 1583 5734 haec
1607 5664 1782 5734 turris
1799 5660 1902 5715 fuit
2000 5659 2125 5734 alibi
2159 5658 2267 5734 ba_c_
2288 5671 2419 5734 voce
2459 5655 2661 5734 πύργος
2688 5655 2882 5710 eadem
2916 5654 3139 5734 notione
3178 5652 3351 5710 utitur
3383 5671 3397 5710 :
3436 5650 3576 5709 Eine

327 5726 611 5817 φρούριον,
644 5726 942 5796 castellum,
991 5726 1051 5785 οἱ
1084 5732 1160 5818 sic
1213 5731 1350 5787 infra
1393 5733 1723 5818 nominatur.
1760 5732 1901 5818 ante
2004 5729 2169 5799 Bury.
2222 5727 2531 5783 Monuimus
2564 5727 2825 5781 lectorem
2858 5740 3024 5818 super
3063 5726 3188 5780 hoc.

326 5801 499 5878 igitur
550 5815 731 5854 arcem
786 5813 878 5857 aut
940 5801 1222 5856 castellqu
1284 5816 1541 5857 vocemus
1593 5801 1738 5856 hcet.
1770 5802 1899 5856 item
