4096 6300
651 425 757 483 763

1823 427 2145 491 JOANNiS
2191 425 2713 492 CANTACUZE'NI
3750 440 3833 500 761

651 543 880 609 pb'nntas
937 541 1040 595 huc
1076 544 1252 610 ipsum
1298 543 1443 611 quod
1495 552 1625 596 sunt
1667 553 1948 598 ostensum
1981 560 2045 599 ac
2079 559 2212 614 pro-
2245 549 2268 604 Δ

2245 549 2290 604 Δ
2321 547 2458 616 πρὸς
2517 551 2701 612 αὐτὸν,
2751 550 2845 601 καὶ
2889 549 2959 617 μὴ
3019 547 3307 616 ἀτιμάζειν
3354 547 3451 615 τὴν
3511 546 3717 617 βουλήν.
3747 551 3832 604 Καὶ

653 635 835 684 batum
874 633 960 685 iri.
1015 632 1109 686 Sin
1164 642 1220 687 et
1272 633 1386 701 ipse
1437 649 1535 703 spe
1588 648 1726 688 vana
1785 635 2029 697 delusus,
2063 634 2208 704 quod

654 724 840 778 multis
871 724 1086 786 evenit,
1133 724 1202 777 ab
1239 724 1416 778 oﬂicio
1467 725 1716 780 detortus
1739 765 1752 788 ,
1788 735 1842 780 et
1883 741 2002 793 qua:
2035 742 2213 795 neque

652 813 812 882 383
855 821 1041 881 posset
1068 814 1302 878 eﬂicere,
1335 831 1509 884 neque
1541 831 1599 870 se
1628 816 1848 869 deceret
1871 857 1885 882 ,
1934 817 2213 871 machina-

654 918 740 958 tus
772 907 878 968 sit,
931 920 1038 959 non
1090 907 1296 960 idcirco
1334 908 1534 961 bellum
1588 919 1778 962 contra
1831 910 2214 978 imperatorem

652 999 1078 1065 capessendum,
1118 998 1313 1052 ﬁducia
1363 1011 1646 1052 murorum
1676 1038 1691 1063 ,
1738 1000 2021 1068 inquibus
2068 1001 2222 1054 nulla

657 1092 786 1145 insit
821 1093 1069 1158 utilitas;
1109 1092 1200 1146 sed
1245 1094 1460 1161 priora,
1515 1101 1572 1146 ut
1610 1093 1749 1146 male
1789 1093 2036 1147 consulta
2062 1135 2076 1158 ,
2127 1095 2218 1148 dc-

658 1173 914 1234 testando
940 1222 953 1242 ,
1010 1181 1060 1234 in
1099 1191 1375 1250 posterum
1405 1198 1464 1237 se
1517 1181 1710 1237 melius
1741 1199 1928 1252 gerere
1956 1227 1970 1250 ,
2016 1193 2071 1238 et
2096 1184 2218 1239 loco

655 1292 710 1326 se
741 1273 905 1342 digno
945 1283 1262 1326 contentum
1299 1288 1419 1327 esse
1442 1313 1456 1338 ,
1494 1273 1965 1344 admissorumque
2003 1278 2216 1330 veniam

658 1373 840 1430 petere
893 1363 1113 1417 debere.
1176 1362 1369 1417 Melius
1403 1364 1627 1432 quidem
1676 1379 1798 1420 esse
1848 1364 2074 1420 omnino
2106 1381 2215 1420 non

659 1470 917 1519 peCt'arc;
972 1455 1017 1507 si
1072 1465 1253 1507 tamen
1310 1455 1663 1523 peccaveris,
1710 1457 1862 1525 quasi
1921 1457 2217 1512 secundam

660 1555 780 1613 post
814 1544 1160 1614 naufragium
1196 1544 1370 1598 videri
1404 1545 1643 1599 tabulam
1666 1587 1680 1607 ,
1713 1555 1887 1601 semet
1936 1547 2070 1601 nihil
2115 1547 2220 1602 tale

661 1632 892 1698 amplius
911 1633 1275 1702 perpetrando
1311 1634 1609 1703 corrigere.
1649 1634 1717 1688 Et
1747 1635 1875 1704 quia
1907 1651 2030 1689 mox
2063 1637 2222 1693 adfu-

663 1731 820 1774 turus
853 1723 965 1786 sit,
1017 1737 1179 1790 quem
1216 1722 1307 1775 ille
1355 1737 1512 1774 suum
1544 1734 1741 1776 vocare
1784 1723 2060 1778 medicum
2088 1741 2222 1780 con-

663 1813 925 1877 sueverit,
967 1812 1137 1865 multa
1173 1811 1381 1865 habens
1426 1812 1823 1868 medicamenta
1874 1816 2223 1889 uniuscujus-

663 1916 770 1970 que
821 1901 1026 1955 morbis
1076 1902 1475 1971 congruentia,
1526 1903 1796 1972 siquidem
1843 1904 2005 1969 velit,
2067 1878 2223 1963 facile
2257 1878 2294 1932 Β

664 1993 783 2060 ejus
841 1993 1071 2048 vulnera
1123 2001 1466 2049 sanaturum.
1517 1994 1737 2048 Solebat
1781 1995 2038 2051 nimirum
2085 2000 2226 2069 Apo-

664 2085 909 2139 eauchus
941 2086 1085 2140 inter
1115 2102 1199 2150 ea,
1228 2087 1430 2156 quibus
1465 2101 1716 2154 magnum
1740 2087 2102 2145 domesticum
2131 2091 2226 2147 ho-

667 2175 938 2234 norabat,
995 2177 1215 2230 nomina
1281 2184 1337 2230 et
1403 2177 1675 2232 medicqu
1719 2195 1878 2234 suum
1913 2183 2220 2251 appellare:

669 2274 855 2334 utpote
884 2267 1046 2336 cujus
1086 2281 1250 2335 Opera
1283 2269 1469 2324 multis
1516 2287 1890 2346 sa-penymero
1928 2274 2226 2344 implicitus

665 2355 932 2423 periculis
956 2397 970 2416 ,
1001 2364 1055 2409 et
1087 2357 1306 2410 miseris
1335 2357 1566 2414 aﬂectus
1595 2361 1789 2424 modis,
1818 2374 2037 2430 ereptus
2062 2372 2224 2432 atque

666 2459 900 2502 curatus
959 2447 1171 2500 fuisset.
1225 2448 1382 2514 Quod
1420 2461 1602 2504 autem
1655 2453 1911 2508 attineret
1948 2453 2014 2508 ad
2046 2455 2230 2509 consi-

667 2543 802 2599 iium
837 2545 1061 2612 parandi
1093 2545 1275 2598 locum
1304 2545 1542 2614 aliquem
1571 2548 1846 2602 munitum
1874 2589 1888 2612 ,
1927 2565 2036 2618 quo
2063 2550 2227 2604 rebus

667 2634 949 2688 conversis
978 2633 1328 2703 perfugeret,
1362 2650 1419 2690 se
1449 2637 1567 2706 ejus
1594 2627 1872 2707 propenso
1899 2639 2079 2694 studio
2107 2657 2228 2708 gra-

671 2721 773 2775 tias
806 2721 1008 2776 habcre
1033 2763 1046 2784 ,
1079 2733 1184 2776 non
1235 2731 1410 2778 tamen
1444 2727 1793 2780 securitatem
1827 2742 1892 2780 ex
1936 2727 2100 2782 rebus
2129 2731 2230 2782 lm-

668 2811 906 2870 iusmodi
961 2814 1314 2869 vehementer
1358 2824 1654 2886 expetere,
1705 2818 1799 2873 sed
1847 2819 2085 2874 libenter
2137 2820 2229 2876 illo

669 2903 755 2956 die
783 2919 905 2957 eum
937 2903 1124 2960 inferis
1174 2906 1424 2962 futurum
1453 2948 1467 2972 ,
1508 2917 1616 2977 quo
1643 2916 1765 2978 post
1801 2921 1950 2980 spem
1979 2926 2230 2980 superna:

671 2992 914 3049 dextera:
956 2997 1251 3050 securitate
1279 3013 1344 3052 ex
1375 2998 1567 3052 amicis
1593 2999 1856 3069 neglecta,
1898 3009 1954 3056 et
1988 3011 2229 3057 Contem-

669 3095 800 3154 pto,
843 3087 988 3155 quod
1041 3088 1238 3142 horum
1288 3089 1452 3143 corda
1495 3089 1644 3144 velut
1694 3103 1852 3144 arces
1883 3091 2228 3161 (tutissimam

2315 641 2424 708 γὰρ
2460 643 2552 693 καὶ
2582 640 2729 709 αὐτῷ
2759 641 2898 700 νυνὶ,
2934 640 3026 692 καί
3064 657 3146 692 τοι
3196 641 3289 691 καὶ
3317 638 3528 707 ψευδῶν
3562 639 3720 691 ὄντων
3749 642 3834 693 τῶν

2315 730 2632 798 εἰρημένων
2679 728 2797 782 κατ’
2825 728 3008 789 αὐτοῦ,
3051 727 3320 797 μηδεμίαν
3367 728 3560 795 ἑτέραν
3592 723 3723 781 εἶναι
3755 747 3840 780 σω-

2316 821 2516 889 τηρίας
2542 820 2840 889 πρόφασιν,
2873 818 2906 887 ἢ
2934 817 3022 870 τὸν
3049 817 3254 886 πύργον
3287 819 3367 879 είς
3395 816 3452 868 ὃν
3481 817 3743 883 κατέφυγε
3767 821 3846 869 τὸν-

2318 911 2563 963 κίνδυνον
2605 909 3023 977 διαδιδράσκων.
3059 908 3120 961 Εί
3151 907 3208 960 δὲ
3239 909 3335 961 καὶ
3372 907 3551 976 ἀληθῆ
3588 909 3837 960 συνέϐαινε

2317 1001 2386 1056 τὰ
2428 1000 2692 1072 εἰρημένα
2721 995 2885 1064 εἶναι,
2921 999 2954 1069 ἢ
2988 1001 3123 1069 πρὸς
3152 999 3212 1052 τὸ
3241 999 3500 1067 τόλμημα
3531 999 3600 1051 ἂν
3635 1001 3838 1065 συνήρα.

2319 1111 2404 1158 το,
2441 1094 2473 1164 ἥ
2507 1093 2778 1167 ἐρρύσατο
2808 1093 2901 1146 τοῦ
2939 1093 3170 1147 Θανάτου
3197 1091 3547 1160 φωραθέντα.
3602 1092 3840 1143 ’Δπὸκαυ-

2321 1203 2414 1256 χος
2453 1184 2550 1253 μὲν
2601 1179 2694 1237 οὖν
2727 1179 2948 1236 τοιαῦτα
2993 1181 3369 1245 συνεϐούλευε,
3418 1181 3727 1250 δομέστικος
3752 1183 3840 1234 6ὲὸ

2323 1276 2499 1344 μέγας
2561 1273 2723 1326 πάλιν
2773 1273 2994 1342 πέμψας
3029 1272 3166 1341 πρὸς
3211 1273 3403 1336 αὑτὸν,
3467 1273 3599 1340 περὶ
3644 1273 3733 1341 μὲν
3755 1273 3840 1324 τῶν

2319 1365 2632 1434 λεγομένων
2677 1365 2781 1436 ἔφη
2818 1366 2942 1418 κατ’
2989 1364 3154 1418 αὐτοῦ
3193 1365 3425 1434 μάλιστα
3468 1365 3741 1434 βούλεσθαι
3769 1366 3839 1416 καί

2320 1457 2488 1510 αὐτὸν
2523 1457 2598 1526 μὴ
2637 1453 2778 1511 εἶναι
2812 1459 2987 1529 ἀληθῆ
3019 1457 3232 1526 (ὥσπερ
3283 1458 3416 1526 δῆτα
3453 1461 3549 1512 καὶ
3590 1458 3740 1518 αὐτὸς
3766 1459 3842 1509 διῖο

2323 1550 2685 1621 σχυρίζεται)ο
2723 1551 2866 1604 οὕτω
2894 1552 3002 1622 γὰρ
3029 1553 3192 1615 αὑτός
3238 1569 3297 1604 τε
3326 1551 3516 1614 εὔνους
3558 1553 3701 1606 ἔσται
3732 1555 3838 1605 tiro-

2318 1641 2660 1712 δεδειγμένος
2693 1643 2922 1712 βασιλεῖ,
2969 1646 3062 1696 καὶ
3102 1645 3155 1696 oi
3197 1645 3540 1712 συκοφάνται
3568 1645 3693 1697 αὐτὸ
3725 1643 3841 1695 τοῦθ’

2318 1732 2455 1802 ὅπερ
2484 1732 2621 1785 εἰσὶν
2650 1733 3085 1804 ἐξεληλεγμένοι.
3119 1733 3181 1786 Ei
3209 1735 3253 1788 δ⁴
3291 1735 3399 1804 ἄρα
3448 1736 3544 1788 καὶ
3594 1735 3742 1796 αὐτὸς
3767 1734 3837 1785 ἑλ-

2325 1823 2446 1876 πίσι
2477 1825 2662 1885 κεναῖς
2695 1825 3021 1894 ἀπατηθεὶς,
3043 1827 3180 1895 ὅπερ
3209 1825 3275 1896 δὴ
3302 1824 3520 1889 πολλοῖς
3549 1826 3840 1895 συμϐέϐηκε,

2325 1914 2418 1967 τοῦ
2445 1915 2656 1976 δέοντος
2693 1915 2992 1984 ἐξετράπη,
3032 1916 3126 1969 καὶ
3157 1918 3296 1986 μήτε
3328 1917 3536 1970 δυνατὰ
3571 1918 3691 1987 μήτ’
3720 1917 3841 1985 αύτῷ

2325 2006 2676 2075 προσήκοντα
2735 2005 3008 2075 διενοήθη,
3058 2007 3120 2059 οὑ
3156 2007 3261 2077 χρὴ
3290 2007 3381 2060 διὰ
3413 2007 3588 2062 ταῦτα
3621 2008 3706 2060 τὸν
3735 2008 3842 2076 πρὸς

2327 2093 2556 2164 βασιλέα
2602 2096 2840 2166 πόλεμον
2897 2096 3196 2166 αἱρεῖσθαι,
3251 2099 3457 2167 τείχεσι
3499 2098 3774 2170 θαρροῦντα
3799 2099 3846 2161 ἐξ

2328 2182 2404 2240 ὧν
2456 2186 2612 2241 ἔσται
2660 2187 2822 2241 πλέον
2857 2187 3048 2258 ὄφελος
3086 2189 3258 2250 οὐδὲν,
3296 2189 3411 2242 ἀλλ’
3442 2191 3539 2242 ἐπὶ
3562 2193 3669 2253 τοῖς
3692 2192 3844 2260 προτέ-

2329 2295 2444 2348 ροις
2480 2278 2660 2347 ἐαυτῷ
2689 2278 3094 2349 ’μεμψάμενον,
3127 2281 3202 2342 ὡς
3232 2281 3420 2343 κακῶς
3452 2281 3840 2351 βεϐουλευμένῳ.

2325 2371 2384 2422 ἐν
2434 2371 2545 2432 τοῖς
2604 2369 2804 2440 ἐφεξῆς
2843 2364 3044 2435 βελτίω
3092 2372 3350 2442 παρέχειν
3401 2375 3614 2438 ἑαυτὸν,
3647 2376 3731 2430 καὶ
3763 2376 3842 2444 τήν

2327 2460 2710 2528 προσήκουσαν
2756 2461 3043 2529 φυλάττειν
3073 2463 3251 2529 τάξιν,
3297 2463 3396 2516 καὶ
3433 2465 3748 2534 συγγνώμης
3775 2463 3842 2516 ἐπὶ

2326 2552 2436 2612 τοῖς
2465 2551 2871 2621 ἡμαρτημένοις
2905 2552 3110 2607 δεῖσθαι
3140 2557 3345 2624 τυχεῖν.
3380 2553 3604 2610 Βέλτιον
3649 2557 3737 2625 μέν
3762 2559 3844 2625 γὰρ

2327 2627 2424 2710 τὴν
2456 2641 2634 2711 ἀρχὴν
2671 2643 2748 2712 μὴ
2773 2643 3128 2713 ἁμαρτάνεινο
3153 2645 3202 2698 εί
3248 2646 3292 2699 δ’
3327 2645 3438 2716 ἄρα
3473 2647 3726 2717 συμϐαίη,
3749 2645 3842 2698 δεύ-

2328 2748 2487 2799 τερον
2542 2731 2747 2798 άγαθὶν
2799 2734 3008 2786 ἑαυτόν·
3049 2751 3174 2789 τινα
3211 2737 3549 2807 ἐπανορθοῦν
3580 2736 3843 2791 ἀποστάντα

2328 2817 2439 2871 τῶν
2493 2820 2701 2873 κακῶν.
2768 2820 2920 2874 Ἐπεὶ
2969 2821 3026 2876 δέ
3078 2824 3218 2877 ὅσων
3278 2824 3435 2878 οὔπω
3500 2825 3843 2896 παρέσταικαί

2329 2908 2488 2971 αὐτὸς
2517 2910 2576 2962 ὃν
2605 2909 2794 2964 εἴωθεν
2853 2912 3013 2978 αὐτὸς
3051 2914 3237 2985 ῑατρδν
3270 2917 3467 2970 ἑαυτοῦ
3511 2919 3706 2979 καλεῖν,
3735 2917 3842 2984 ἔχων

2330 2997 2499 3051 πολλὰ
2530 2999 2794 3068 φάρμακα
2820 3003 2932 3062 τοῖς
2960 3002 3191 3055 ἑκάστου
3233 3004 3354 3057 κατ’
3399 3003 3607 3074 ἄλληλα
3649 3005 3843 3071 νοσήμα-

2332 3105 2438 3155 σιν,
2494 3085 2548 3141 εί
2598 3107 2660 3158 γε
2719 3087 2956 3160 βούλοιτο
3000 3093 3199 3157 αὐτὸς,
3254 3096 3415 3164 ῥᾳδία
3473 3095 3578 3148 τῶν
3639 3091 3844 3163 τραυμά·

671 3178 864 3246 utique
895 3181 1217 3248 custodiam)
1252 3197 1349 3250 per
1373 3179 1668 3236 amicitiam
1701 3182 2026 3251 possideret,
2055 3184 2219 3255 lignis
2246 3184 2288 3244 ε

2246 3184 2292 3244 ε
2322 3197 2431 3232 των
2478 3181 2510 3250 ή
2566 3178 2706 3243 ῖασις
2743 3181 2934 3252 ἐκείνῳ
2963 3182 3134 3236 ἔσται.
3163 3177 3272 3236 Ἦν
3319 3183 3428 3256 γὰρ
3478 3183 3541 3253 δὴ
3562 3186 3588 3237 ὁ
3615 3197 3840 3252 παρακοι-

668 3283 723 3323 et
769 3272 1046 3340 lapidibus
1113 3281 1170 3327 et
1227 3273 1472 3329 consiliis
1508 3273 1642 3328 nihil
1683 3275 1957 3330 sincerum
2009 3292 2072 3332 ac
2103 3295 2230 3348 pro-

667 3363 803 3419 bum
841 3366 1170 3421 habentibus
1233 3367 1463 3423 salutem
1518 3383 1673 3422 suam
1722 3368 2068 3426 credidisset.
2112 3370 2228 3428 Non

670 3474 730 3512 se
771 3459 983 3513 nescire
1013 3501 1027 3524 ,
1069 3459 1296 3528 primam
1339 3459 1655 3515 felicitatem
1717 3469 1774 3515 et
1826 3477 2102 3516 summum
2128 3463 2227 3519 ho-

673 3551 840 3602 minis
874 3549 1080 3604 bonum
1115 3566 1234 3605 esse
1263 3593 1277 3614 ,
1326 3567 1450 3606 cum
1479 3551 1592 3606 Deo
1625 3553 1831 3606 versari
1858 3592 1874 3618 ,
1900 3555 1975 3619 fet
2001 3569 2230 3610 ascensu

672 3639 737 3690 a.|
773 3636 924 3710 illum
946 3654 1041 3706 per
1070 3639 1364 3707 puritatem
1397 3641 1563 3694 animi
1600 3655 1818 3710 semper
1846 3642 2228 3699 ei'adhzerere.

673 3727 1010 3785 Secundam.
1050 3729 1242 3782 amicis
1273 3728 1348 3781 uti
1383 3730 1548 3783 certis
1571 3744 1634 3784 ac
1664 3728 1936 3795 ﬁdelibus,
1958 3732 2230 3803 principio

671 3819 892 3887 quidem
923 3818 1113 3889 paucis
1141 3859 1155 3878 ,
1204 3829 1260 3872 et
1290 3819 1580 3887 prudentia
1620 3835 1782 3888 supra
1833 3821 2028 3891 vulgus
2055 3825 2231 3879 excel-

670 3911 931 3976 lentibus,
979 3910 1179 3965 deinde
1212 3918 1334 3979 post
1367 3911 1487 3965 illos
1515 3912 1678 3964 etiam
1729 3911 2096 3969 multitudinis
2121 3915 2235 3970 frui

688 3999 1085 4064 ‘enevolentia,
1119 4015 1240 4069 qua:
1285 3999 1394 4054 illis
1422 4010 1647 4070 propter
1687 4001 1990 4058 bonitatem
2017 4019 2230 4060 morum

683 4090 854 4145 ledita
891 4100 945 4143 et
977 4090 1192 4144 addicta
1237 4091 1309 4145 sit
1352 4109 1366 4146 :
1419 4098 1475 4146 et
1523 4091 1628 4146 hoc
1659 4107 1850 4163 putare
1905 4109 2014 4149 non
2053 4096 2230 4151 solum

685 4185 966 4252 :uibusvis
1010 4180 1441 4253 propugnaculis
1481 4184 1968 4254 inexpugnabilius
1996 4226 2011 4248 ,
2054 4187 2150 4242 sed
2178 4195 2236 4242 et

675 4276 925 4329 ...~runiis
956 4286 1009 4327 et
1035 4277 1202 4345 gloria
1249 4280 1304 4328 et
1355 4275 1502 4328 omni
1537 4275 1731 4329 decore
1759 4275 2058 4344 pretiosius
2083 4314 2099 4340 ,
2135 4276 2236 4330 im-

675 4367 938 4434 pertome
996 4367 1112 4432 ipso
1163 4367 1321 4434 longe
1374 4363 1608 4420 beatius.
1669 4364 1938 4430 Quocirca
1999 4381 2056 4422 se
2114 4367 2234 4438 ejus

675 4457 900 4509 Inouitis
951 4454 1093 4509 haud
1134 4455 1465 4524 pariturum,
1519 4471 1710 4510 verum
1757 4473 1918 4526 quam
1967 4457 2034 4512 ab
2077 4458 2234 4514 initio

673 4552 1022 4604 securitatem
1087 4549 1352 4620 elegerit,
1397 4564 1516 4604 eam
1569 4564 1746 4620 usque
1796 4548 1864 4604 ad
1925 4561 2234 4606 extremum

674 4653 1054 4704 retenturum;
1091 4640 1208 4710 ipse
1257 4639 1660 4695 munitionibus
1691 4649 1746 4696 et
1773 4640 1993 4696 arcibus
2021 4643 2134 4696 suis
2175 4641 2238 4695 li-

674 4740 850 4791 deret.
883 4737 1055 4805 Igitur
1079 4735 1443 4805 Apocauchus
1476 4734 1556 4790 sic
1584 4734 1638 4788 in
1665 4732 1914 4804 Epibatis
1939 4734 2234 4791 conclusus

674 4829 1106 4886 cuistodiebatur.

2334 3269 2581 3341 μώμενος
2631 3271 2764 3341 πρδς
2792 3274 2904 3335 τοῖς
2949 3271 3128 3336 ἄλλοις
3159 3268 3239 3336 οἷς
3269 3273 3363 3326 τὸν
3409 3276 3584 3344 μέγαν
3630 3272 3838 3341 δομέττι-

2330 3378 2424 3414 κον
2497 3370 2882 3432 προηγόρευε,
2951 3360 3047 3415 καὶ
3133 3363 3316 3432 ίατρδν
3394 3361 3690 3433 εἰθισμένος
3738 3361 3835 3413 tav-

2329 3450 2424 3503 τοῦ
2480 3451 2662 3504 καλεῖν
2687 3489 2702 3515 ,
2750 3445 2838 3505 οἷα
2883 3444 2944 3522 δὴ
2979 3452 3042 3506 ἐκ
3089 3453 3299 3506 πολλῶν
3353 3455 3466 3508 τῶν
3525 3449 3843 3524 περισχόντων

2333 3541 2591 3606 πολλάκις
2621 3543 2782 3596 αὑτὸν
2821 3543 3085 3597 κινδύνων
3111 3542 3495 3613 ἐξαρπάσαντα
3531 3547 3617 3598 καὶ
3643 3542 3832 3609 τεθερα-

2335 3635 2571 3688 πευκότα
2587 3633 2834 3704 πονηρῶς
2856 3635 3145 3704 ἐσχηκότα.
3174 3632 3284 3704 Τῆς
3305 3649 3367 3704 γε
3391 3637 3501 3708 μὴν
3521 3637 3671 3689 ἕνεκα
3688 3629 3846 3702 βουλῆς

2333 3720 2400 3797 ἧς
2425 3725 2589 3778 αὐτοῦ
2624 3723 2971 3779 συνεϐούλευε
3018 3725 3266 3796 περὶτοῦ
3312 3726 3572 3798 φρούριόν
3614 3744 3660 3779 τι
3701 3721 3852 3788 ἐαυτῷ

2337 3818 2779 3881 κατασκευάσαι,
2831 3815 2898 3870 ἶν’
2954 3816 3038 3888 είη
3090 3816 3382 3887 καταφυγὴ
3455 3817 3586 3887 πρὸς
3632 3814 3720 3878 τὰς
3759 3811 3842 3864 τῶν

2336 3909 2678 3981 πραγμάτων
2718 3909 3035 3980 μεταὸολὰς,
3075 3911 3304 3981 χάριτας
3340 3911 3439 3980 μὲν
3469 3913 3645 3976 ἔλεγεν
3683 3906 3841 3960 εἰδέναι

2336 4001 2438 4072 τῆς
2469 4003 2595 4072 περὶ
2624 4004 2828 4056 ἐκεῖνον
2876 4003 3182 4072 προθυμίας
3216 4003 3308 4054 καὶ
3346 4003 3607 4072 σπουδῆς*
3642 3997 3777 4051 αὑτὸν
3800 3989 3840 4046 δὲ

2339 4093 2414 4164 μὴ
2441 4093 2538 4164 τὴν
2572 4095 2635 4146 ἐκ
2665 4093 2772 4147 τῶν
2795 4094 3050 4148 τοιούτων
3081 4093 3385 4162 ἀσφάλειαν
3416 4093 3556 4147 εἶναι
3594 4085 3839 4162 περισπού-

2333 4181 2545 4236 δαστον·
2593 4182 2710 4235 ἀλλ’
2767 4183 2936 4251 ἡδέως
2994 4181 3059 4235 ἂν
3109 4181 3252 4251 ἔχειν
3303 4181 3400 4252 τὴν
3429 4183 3634 4254 ἡμέραν
3659 4177 3832 4243 ἐκείνην

2338 4275 2474 4344 μετὰ
2502 4275 2609 4328 τῶν
2654 4277 2712 4328 ἐν
2765 4274 2890 4347 ᾅδου
2925 4273 3297 4344 προσομιλεῖν,
3348 4276 3405 4326 ἐν
3445 4270 3478 4350 ᾖ
3525 4275 3653 4344 μετὰ
3685 4270 3766 4339 τὴν
3789 4269 3836 4319 ἐκ

2335 4365 2434 4435 τῆς
2465 4364 2669 4418 ἄνωθεν
2714 4365 2901 4419 ἐλπίδα
2931 4364 3114 4428 δεξιᾶς
3152 4364 3253 4434 τῆς
3285 4365 3347 4418 ἐκ
3375 4365 3483 4417 τῶν
3515 4365 3672 4433 φίλων
3693 4363 3836 4425 daps-

2335 4456 2484 4519 λείας
2511 4457 2788 4527 ἀμελήσας
2826 4456 2921 4511 καί⁵
2949 4451 3042 4509 τού
3072 4456 3287 4510 τούτων
3302 4456 3399 4520 τὰς
3426 4456 3662 4527 καρδίας,
3690 4452 3837 4518 ὥσπερ

2336 4547 2662 4616 ἀκροπόλεις
2693 4544 2781 4600 οἷα
2828 4547 2892 4617 δὴ
2946 4547 3335 4621 ἀσφαλεστάτη
3385 4547 3592 4618 φρουρᾷ
3638 4541 3839 4608 κατέχειν

2335 4641 2402 4708 τῇ
2447 4639 2618 4708 φιλίᾳ,
2671 4636 2850 4702 ξύλοις
2897 4639 2992 4691 καὶ
3037 4637 3206 4701 λίθοις
3267 4639 3362 4691 καὶ⁵
3417 4637 3678 4706 λογισμοῖς
3715 4627 3832 4696 ὑγιὲς

2335 4731 2488 4786 οὐδὲν
2520 4731 2702 4801 έχουσι
2726 4731 3036 4785 πιστεύσειε
3067 4732 3165 4800 τὴν
3195 4732 3488 4802 σωτηρίαν.
3527 4726 3732 4797 Πρώτην
3759 4718 3836 4788 μὲν

2333 4825 2446 4894 γὰρ
2484 4825 2831 4893 εὐδαιμονίαν
2859 4823 2953 4876 καὶ
2983 4823 3168 4894 ἄκρως
3206 4824 3406 4892 ἀγαθὸν
3464 4819 3745 4891 ἀνθρώποις
3779 4804 3835 4876 τῷ

673 4923 790 4991 Θ.ῷ
845 4921 1214 4992 προσομιλεῖν,
1263 4917 1357 4972 καὶ
1405 4915 1494 4971 διὰ
1528 4917 1728 4980 παντὸς
1770 4915 1924 4987 αύτῷ
1972 4917 2212 4970 συνεῖναι
2251 4917 2317 4987 τῇ
2355 4915 2493 4988 πρὸς
2563 4918 2773 4969 ἐκεῖνον
2840 4915 2929 4969 διὰ
2974 4915 3347 4986 καθαρότητος
3420 4914 3666 4970 ἀναϐάσει
3706 4899 3836 4957 αὐτὸς

673 5031 699 5066 ε
726 5014 890 5066 δζναι.
930 5013 1198 5082 Δευτέραν
1247 5011 1302 5063 δὲ
1341 5012 1460 5079 μετ’
1499 5009 1736 5079 ἐκείνην,
1766 5009 1828 5062 τὸ
1867 5007 2046 5078 φίλοις
2108 5008 2344 5080 χρῆσθαι
2400 5006 2666 5075 ἀσφαλέσι
2696 5009 2790 5062 καὶ
2851 5010 3086 5072 πιστοῖς,
3154 5007 3371 5079 πρῶτον
3420 5006 3516 5076 μέν
3541 5005 3642 5063 τοῖς
3673 4996 3836 5059 ὀλίγοις

676 5112 769 5160 καὶ
841 5107 1055 5159 συνέσει
1113 5105 1431 5174 διαφέρουσι
1485 5100 1593 5156 τῶν
1651 5100 1883 5156 πολλῶν·
1939 5101 2132 5153 ἔπειτα
2188 5100 2246 5154 δέ
2287 5100 2403 5170 μετ’
2455 5099 2718 5163 ἐκείνους,
2786 5099 2879 5152 καὶ
2947 5098 3042 5169 τὴν
3077 5097 3228 5167 παρὰ
3263 5097 3370 5150 τῶν
3416 5093 3616 5149 πολλῶν
3661 5087 3832 5139 εὔνοιαν

676 5201 1038 5270 καρποῦσθαι,
1105 5199 1326 5253 πάντων
1395 5195 1625 5259 ἐκείνοις
1673 5197 1762 5248 διὰ
1808 5197 2157 5266 χρηστότητα
2223 5195 2441 5265 τρόπων
2498 5193 2894 5264 προσεχόντων
2940 5193 3031 5246 καὶ
3069 5191 3226 5245 τοῦτο
3277 5192 3506 5252 οἴεσθαι,
3544 5187 3600 5239 ού
3652 5179 3834 5270 πύργων

678 5268 838 5364 μόνον
880 5295 1133 5347 ἁπάντων
1176 5285 1603 5360 ἀναλωτότερον,
1644 5288 1779 5341 ἀλλὰ
1845 5287 1941 5340 καὶ
1971 5287 2268 5358 χρημάτων
2307 5287 2402 5341 καὶ
2427 5285 2584 5356 δόξης
2619 5289 2712 5340 καὶ
2740 5286 2905 5356 τιμῆς
2941 5285 3160 5354 ἁπάσης
3229 5283 3570 5354 τιμιώτερον,
3603 5275 3686 5329 καὶ
3719 5268 3840 5373 βξίις

673 5391 821 5450 λείας
868 5388 1038 5457 αὐτῆς
1077 5385 1405 5455 ὑψηλότερον
1444 5385 1523 5448 είς
1571 5383 1825 5453 εὐτυχίας
1863 5381 2022 5451 λόγον
2047 5400 2060 5414 ⁸
2093 5381 2215 5436 ὅθεν
2249 5379 2371 5434 ούδέ
2446 5381 2731 5436 πείσεσθαι
2795 5382 2944 5452 αὐτῷ
2995 5379 3222 5435 τοιαῦτα
3281 5374 3713 5449 συμϐουλεύοντι,
3743 5372 3820 5458 αἶ’*

672 5483 742 5551 ἢν
793 5479 1033 5548 ἐξαρχῆς
1084 5478 1367 5546 προείλετο
1425 5475 1588 5546 μέχρι
1659 5473 1848 5536 τέλους
1919 5471 2100 5541 ἐαυτῷ
2158 5472 2461 5543 ἀσφάλειαν
2497 5473 2784 5543 τηρήσειν,
2850 5471 3040 5541 ὥσπερ
3091 5469 3226 5542 δῆτα
3277 5471 3373 5523 καὶ⁸
3425 5468 3486 5520 σὺ
3538 5464 3629 5532 τὴν
3671 5459 3829 5551 ἒκξαξν

678 5540 1142 5640 φρουρῶν-’καὶ-
1176 5540 1571 5638 ὀχυρωμάτιυν.
1631 5565 1968 5636 Ἀπόκαυχος
2017 5540 2118 5634 μέν
2154 5540 2254 5616 οὖν
2300 5563 2332 5616 ὁ
2369 5540 2864 5635 παρακοιμὼμενος
2920 5540 3092 5626 οὕτως
3138 5540 3194 5616 ἐν
3258 5559 3563 5618 Ἐπιδάταις
3597 5540 3828 5618 ἐγκεκλει-

682 5661 880 5727 σμένος
908 5657 973 5727 ἐφ
983 5660 1246 5734 ρουρεῖτο,
