4096 6300
291 437 402 503 765

489 507 518 530 ιν

1447 441 1988 501 ΠΙΞἹὈΙΠᾹΒῙΜῙ
2024 439 2250 500 LIBER
2294 438 2404 499 ΠΙ.

3429 429 3532 493 766

1635 578 1800 650 384
1836 577 2062 633 CAPUT
2101 578 2194 633 x1.
2246 579 2251 583 ‘

297 669 726 741 Peloponnenses
769 669 947 724 Latini
971 683 1026 726 se
1053 672 1362 741 imperatori
1400 674 1552 723 certis
1604 668 1985 741 conditionibus
2023 668 2326 736 subjiciunt.
2376 664 2693 741 Eorumdem
2744 663 2934 717 littera:
2968 663 3051 741 ad:
3079 677 3324 732 maguum
3360 661 3533 741 dante-

370 731 557 795 sticum
583 739 752 810 plena:
781 731 1140 810 [tumauitatis'
1158 759 1218 794 ac
1250 741 1634 794 benerolentiw.
1669 738 1852 806 Legati
1879 731 2189 810 tractantur
2236 736 2535 810 magniﬁce,
2573 744 2618 785 et
2659 751 2778 810 cunt
2807 733 3103 810 promissis
3124 731 3186 783 ac
3230 731 3531 810 muneribus

367 801 725 879 dimittuntur.
759 808 1069 879 Apocaucho
1098 809 1494 863 Senacherimus
1538 801 1894 866 substituitur,
1929 815 1975 879 et
2011 807 2121 875 «jus
2163 801 2428 874 facinora,
2481 805 2810 874 Conspiratio
2859 813 2905 856 et
2947 802 3134 871 legatio
3169 801 3534 869 pratici-torum

369 877 690 942 Occidentis;
715 888 765 932 et
793 877 888 932 cur
915 879 1013 931 sibi
1037 894 1316 932 occurrere
1350 879 1606 933 coluerint
1638 891 1890 945 magnum
1930 877 2284 930 domesticum.
2693 896 2699 903 -

369 999 477 1052 Τοῦ
523 998 764 1067 μεγάλου
805 998 860 1051 δὲ
912 998 1242 1066 δομεστίκου
1277 999 1650 1068 Διδυμοτείχῳ
1697 998 1870 1051 ἐνδια-

2043 997 2234 1065 Magno
2265 996 2566 1051 domestico
2600 991 2967 1062 Didymotichi
3009 1000 3201 1060 agente
3229 1032 3242 1053 ,
3279 999 3331 1044 et
3366 1006 3533 1059 appa-

294 1089 580 1159 τρίϐοντος
602 1127 617 1151 ,
656 1089 749 1141 καὶ
786 1088 917 1158 περὶ
953 1089 1051 1158 τὴν
1096 1089 1461 1160 παρασκευὴν
1489 1090 1584 1156 τῆς
1611 1090 1872 1156 στρατιᾶς

294 1178 696 1249 ἠσχολημένου,
727 1177 859 1248 ἧκον
891 1180 956 1231 ὲκ
1003 1179 1414 1249 Πελοποννήσου
1451 1178 1704 1248 πρέσϐεις
1735 1176 1871 1245 πρὸς

295 1271 483 1335 αὐτ-δν,
530 1269 833 1332 ἑπίσκοπός
878 1287 936 1322 τε
985 1271 1014 1322 ὁ
1079 1270 1370 1340 Κορώνης.
1425 1271 1520 1323 καὶ
1574 1273 1601 1323 ό
1643 1269 1872 1338 Σιδηρλς

295 1360 596 1424 Ντζιωὰν.
623 1361 689 1412 ὲκ
711 1360 822 1412 τῶν
852 1361 1140 1429 ἡγεμόνων
1169 1361 1279 1414 τῶν
1302 1362 1513 1414 πόλεων
1552 1361 1610 1413 αἶ
1638 1361 1872 1430 ὑπήκοοι

299 1453 556 1515 Λατίνοις
599 1446 739 1522 ἦσαν
777 1451 1225 1520 ἀπεσταλμένοι·
1274 1453 1306 1520 ή
1369 1453 1638 1521 πρεσϐεία
1684 1451 1741 1504 δὲ
1778 1447 1868 1522 ἦν·

297 1542 407 1594 ὑπὸ
462 1541 690 1610 βασιλέα
727 1540 992 1608 γενέσθαι
1055 1541 1265 1604 πάντας
1319 1543 1414 1594 ἰπὶ
1473 1541 1550 1610 τῷ
1606 1542 1717 1594 τῶν
1775 1541 1873 1611 μὲν

299 1637 515 1688 πόλεων
570 1638 638 1698 ἃς
686 1634 1011 1704 κατέχουσιν
1066 1630 1227 1697 αὖθις
1252 1634 1450 1696 αὐτοὺς
1488 1636 1870 1704 ἡγεμονεύειν·

299 1725 506 1792 φόρους
558 1723 616 1775 δὲ
673 1725 798 1786 τοὺς
845 1724 1148 1793 δημοσίους
1206 1726 1420 1784 πάντας
1475 1722 1570 1786 οὒς
1609 1724 1872 1794 πρίγγιπι

298 1816 630 1883 παρέχουσι,
667 1814 870 1866 διδόναι
916 1812 1148 1882 βασιλεῖ·
1197 1816 1294 1868 καὶ
1333 1814 1517 1867 πᾶσαν
1563 1814 1729 1884 ἄλλην
1756 1816 1874 1868 ἑπι-

244 1959 253 1965 _
298 1898 623 1958 δείκνυσθαι
664 1906 756 1957 καὶ
792 1905 1095 1972 θεραπείαν
1123 1904 1217 1958 καὶ
1245 1905 1526 1958 δουλείαν·
1572 1905 1669 1958 καὶ
1710 1922 1876 1974 στρα-

298 1997 469 2067 τηγὸν
504 2000 568 2050 ὲκ
599 1996 864 2065 βασιλέως
911 1995 1056 2065 ἔχειν
1101 1997 1192 2066 ὑφ’
1233 1990 1278 2065 ᾧ
1330 1998 1607 2050 τελέουσιν
1653 1999 1875 2060 ἑκόντες

299 2091 525 2151 πάντες.
568 2088 631 2143 'H
660 2091 757 2159 μὲν
799 2089 891 2143 οὖν
923 2090 1032 2141 τῶν
1081 2093 1146 2142 ὲκ
1179 2090 1590 2159 Πελοποννήσου
1629 2091 1874 2143 Λατίνων
1921 2135 1934 2143 ,

300 2179 571 2248 πρεσϐεία
615 2179 840 2249 τοιαύτη
877 2173 946 2247 ἦν
973 2194 987 2207 ·
1029 2177 1349 2247 γράμματα
1379 2178 1436 2230 δὲ
1467 2179 1562 2230 καὶ
1604 2179 1739 2246 πρὸς
1777 2176 1872 2229 τὸν

303 2270 484 2341 μέγαν
535 2269 858 2338 δομέστικον
917 2269 1310 2338 πεπόμφασιν,
1347 2268 1384 2322 ὃ.
1427 2268 1611 2337 ἐδήλου
1670 2268 1870 2321 τοιάδε·

1975 1097 2094 1140 ratu
2126 1087 2323 1140 bellico
2345 1085 2601 1144 distento,
2624 1081 2782 1150 legati
2803 1097 2869 1134 ex
2890 1081 3261 1148 Peloponneso
3284 1082 3535 1147 veniam,

1972 1179 2264 1246 episcopus
2308 1177 2552 1230 Corones
2598 1183 2651 1227 et
2705 1172 2945 1226 Joannes
3002 1161 3252 1233 Sid'erus,
3316 1171 3464 1224 missi
3503 1190 3532 1224 a

1975 1269 2298 1337 praesidibus
2327 1270 2567 1345 urbium.
2599 1285 2721 1339 qua:
2753 1268 2961 1324 Latinis
2991 1269 3276 1339 parebant.
3309 1268 3531 1322 Summa

1974 1361 2261 1430 legationis
2289 1369 2428 1424 erat,
2489 1361 2630 1416 velle
2680 1376 2870 1417 omnes
2924 1361 3240 1429 imperatori
3292 1360 3535 1422 subesse,

1973 1461 2038 1500 ea
2091 1448 2408 1502 conditione
2456 1455 2516 1502 ut
2573 1451 2774 1517 quibus
2821 1457 3117 1519 praeessent
3163 1450 3412 1508 urbibus,
3444 1464 3538 1503 eas

1975 1538 2203 1606 posthac
2225 1540 2393 1592 etiam
2417 1541 2754 1594 retinerent:
2774 1540 3059 1608 vectigalia
3083 1549 3264 1594 autem
3297 1540 3533 1608 publica,

1977 1637 2099 1695 qua:
2146 1627 2415 1681 hactenus
2467 1627 2702 1696 principi
2735 1629 3044 1689 solvissent.
3077 1644 3140 1683 ea
3176 1631 3227 1681 in
3260 1636 3535 1696 posterum

1976 1718 2288 1785 imperatori
2339 1718 2641 1796 penderent
2680 1719 2873 1773 :omni
2908 1732 3170 1790 praeterea
3209 1733 3408 1789 genere
3446 1717 3542 1771 ob-

1973 1811 2263 1864 servantia:
2317 1819 2375 1864 et
2421 1809 2782 1878 subiectionis
2831 1823 2958 1864 eum
3007 1812 3271 1870 colerent,
3325 1819 3382 1864 et
3433 1811 3535 1864 du-

1974 1916 2114 1966 cem,
2143 1902 2228 1954 cui
2259 1916 2448 1956 omnes
2475 1910 2670 1970 sponte
2694 1901 3161 1970 obtemperarent,
3192 1903 3261 1955 ab
3296 1916 3361 1955 eo
3397 1905 3542 1958 acci-

1975 2003 2188 2062 perent.
2260 1992 2582 2046 Latinorum
2639 1993 3104 2062 Peloponnesiaca
3167 1994 3364 2063 legatio
3420 1994 3546 2048 talis

1978 2082 2106 2140 fuit.
2143 2083 2284 2150 Quin
2337 2084 2547 2138 litteras
2577 2099 2794 2153 quoque
2845 2084 2911 2137 ad
2955 2097 3210 2152 magnum
3274 2086 3542 2140 domesti-

1975 2179 2440 2241 cumdederunt,
2495 2178 2552 2232 in
2607 2177 2808 2246 quibus
2865 2186 2984 2231 erat
3035 2177 3322 2246 scriptum,
3365 2179 3546 2233 adhuc

1975 2269 2102 2324 vivo
2146 2270 2478 2337 imperatore
2522 2282 2716 2322 omnes
2753 2282 2818 2322 ex
2851 2268 3157 2336 composito
3211 2283 3240 2321 a
3297 2268 3543 2338 principe

297 2335 376 2422 ib,-
413 2335 618 2421 πάντες
682 2359 840 2411 αὐτοὶ
875 2359 982 2412 άπὸ
1039 2335 1388 2429 συνθήματος
1443 2335 1525 2411 ἔτι
1595 2359 1875 2428 περιόντος

1980 2335 2287 2415 delet-tione
2317 2359 2479 2422 facta,
2510 2360 2575 2414 ad
2608 2375 2734 2414 eum
2763 2374 2824 2414 se
2857 2335 3155 2430 adjuagere
3191 2335 3454 2426 voluisse,
3478 2335 3546 2415 et

303 2453 568 2524 βασιλέως
590 2451 968 2520 βουλεύσαιντο
991 2451 1330 2512 ἀποστάντες
1360 2451 1658 2519 πρίγτιπος
1685 2451 1879 2520 ἐκείνῳ

302 2544 672 2614 προσχωρεῖν,
700 2541 796 2594 καὶ
818 2541 917 2611 ἤδη
946 2544 1005 2595 ὲν
1032 2543 1375 2611 ἐπιχειρήσει
1406 2538 1549 2612 ἦσαν
1576 2542 1671 2594 τοῦ
1702 2542 1881 2611 πράτ..

300 2650 419 2686 τειν
447 2637 514 2686 τὰ
563 2632 983 2701 βεϐουλευμένα·
1036 2633 1158 2684 ἐπεὶ
1207 2632 1262 2684 δὲ
1312 2631 1536 2702 βασιλέα
1565 2632 1882 2700 τετελευτη-

305 2726 441 2778 κότα
482 2723 766 2785 πύθοιντο,
803 2724 1145 2790 ἀπογνόντας
1184 2724 1287 2794 τὴν
1318 2724 1690 2792 ἐπιχείρησιν,
1722 2719 1880 2786 αὖθις

300 2817 556 2885 ἠρεμεῖν·
584 2816 836 2881 Παγάνου
864 2814 920 2866 δὲ
941 2803 1308 2882 Ντεπιστόγια
1333 2813 1595 2884 συνήθους
1621 2814 1802 2875 αὐτοῖς
1825 2815 1880 2876 ἐς

302 2909 374 2959 τὰ
411 2908 646 2977 μάλιστα
684 2906 779 2958 καὶ
811 2907 966 2974 φίλου
1001 2907 1165 2975 ὀλίγῳ
1197 2906 1460 2976 πρότερον
1490 2909 1553 2959 ὲκ
1584 2905 1879 2972 Βυζαντίου

304 2979 637 3065 ἀφῖγμένου,
688 2996 784 3046 καὶ
817 2994 922 3047 τῶν
979 2995 1320 3064 πραγμάτων
1371 2995 1553 3047 πᾶσαν
1580 2996 1680 3064 τὴν
1708 2995 1882 3063 ἀρχὴν

306 3088 399 3140 καὶ
450 3086 550 3154 τὴν
609 3085 908 3154 ἠγεμονίαν
962 3085 1067 3137 ὑπό
1101 3102 1161 3137 σε
1213 3085 1649 3153 άπαγ,ἐίλαντος
1683 3084 1880 3148 τελεῖν,

303 3171 466 3238 αὖθις
520 3171 881 3236 συνελθόντας
940 3174 1154 3235 πάντας
1223 3175 1396 3244 ἡμᾶς,
1458 3176 1528 3228 τὰ
1577 3174 1883 3244 δεδογμένα

305 3262 578 3332 πρότερον
618 3260 1096 3330 ἐπιψηφίσασθαι·
1143 3262 1205 3315 οὐ
1259 3263 1420 3334 μόνον
1467 3264 1558 3319 διὰ
1592 3263 1690 3333 τὴν
1719 3265 1882 3333 εὐγέ-

310 3372 468 3409 νειαν
503 3355 612 3408 τῶν
642 3356 886 3425 τρόπων,
921 3354 1016 3407 καὶ
1048 3353 1106 3408 τὸ
1139 3353 1400 3409 δύνασθαι
1430 3356 1612 3416 αὐτοῖς
1649 3355 1713 3409 ἄν
1739 3372 1885 3418 τινες

305 3447 541 3499 ἐπίωσιν
572 3445 838 3514 ἀμύνειν,
893 3445 1008 3498 ἀλλ’
1061 3446 1144 3499 ὅτι
1190 3447 1290 3499 καὶ
1346 3447 1514 3500 πολὺν
1551 3447 1652 3518 ἤδη
1693 3445 1885 3516 χρόνον

306 3538 405 3590 καί
427 3555 510 3589 τοι
540 3538 711 3606 μήπω
745 3538 1100 3607 συντυχόντες
1133 3536 1394 3600 εὐνοϊκῶς
1449 3554 1533 3590 σοι
1561 3537 1884 3607 διακείμεθα

251 3688 254 3692 ,
306 3631 403 3682 καὶ
454 3628 676 3696 φιλίως·
736 3629 797 3693 ἐξ
849 3631 974 3701 ὅτου
1026 3629 1138 3699 γὰρ
1192 3630 1250 3682 ὲν
1289 3631 1622 3700 ’Δκαρνανίᾳ
1675 3629 1886 3700 βασιλεῖ

307 3721 820 3792 συστρατευόμενος
847 3722 962 3783 τοῖς
1003 3723 1064 3774 ὲν
1110 3721 1532 3790 Θωμοκάστρῳ,
1561 3721 1696 3790 παρ’
1724 3722 1880 3790 ήμῶν

306 3811 449 3862 κατὰ
484 3809 806 3879 συμμαχίαν
855 3809 1184 3879 ἀφιγμένοις
1214 3810 1535 3880 Νικηφόρον
1563 3810 1656 3864 τοῦ
1687 3812 1883 3865 δεσπό-

305 3918 403 3954 του
437 3901 628 3966 παιδὸς
660 3901 799 3971 πρὸς
843 3901 1033 3969 λόγους
1085 3901 1257 3955 ἐλθὼν
1299 3902 1482 3968 αὐτὸς,
1533 3903 1720 3971 φίλους
1760 3905 1882 3958 ἀντὶ

308 3993 588 4060 πολεμίων
635 3993 862 4056 ἔπεισας
907 3994 1186 4062 γενέσθαι,
1216 3993 1419 4048 ἐκεῖνοί
1445 4010 1505 4047 τε
1544 3995 1630 4047 ἀεί
1661 4011 1744 4047 σοι
1781 3994 1882 4065 τὴν

313 4086 530 4148 εὔνοιαν
573 4085 890 4155 διατηροῦσι
921 4087 1017 4138 καὶ
1043 4086 1193 4154 ἡμᾶς
1223 4085 1544 4151 ἀνέπεισαν,
1579 4087 1752 4146 πολλὰ
1785 4087 1883 4139 καὶ

309 4177 593 4248 θαυμάσια
640 4195 761 4231 τινα
809 4180 938 4247 περὶ
970 4178 1064 4231 σοῦ
1114 4179 1426 4244 διεξιόντες,
1481 4181 1580 4250 τὴν
1638 4179 1758 4250 ῐσην
1789 4180 1884 4232 καὶ

307 4267 504 4336 ὁμοίαν
529 4265 743 4320 εὔνοιαν
776 4268 1081 4335 κεκτῆσθαι
1123 4269 1253 4340 περὶ
1290 4269 1372 4334 σὲ,
1418 4269 1511 4339 ὑφ’
1551 4266 1621 4341 ἦς
1653 4271 1751 4323 καὶ
1787 4269 1883 4324 νῦν

310 4358 656 4426 πεπείσμεθα
688 4358 784 4428 τὴν
811 4359 1119 4431 ,πρεσϐείαν
1156 4360 1361 4432 ταύτην
1387 4362 1716 4431 ποιήσασθαι
1749 4362 1883 4415 νυνί.

309 4451 425 4519 Τὴν
450 4450 553 4520 μὲν
571 4446 665 4504 οὖν
700 4449 930 4515 ἀξίωσιν
962 4453 1120 4522 ήμῶν
1149 4455 1200 4505 οἱ
1225 4452 1663 4522 παραγενόμενοι
1698 4454 1880 4519 ἀπαγ-

307 4542 529 4611 γελοῦσι
589 4542 890 4611 πρέσϐεις·
932 4543 1000 4596 ἂν
1058 4543 1117 4595 δὲ
1175 4543 1388 4606 τούτοις
1433 4544 1648 4614 βασιλίς
1694 4561 1756 4597 τε
1789 4547 1885 4598 καὶ

308 4635 473 4696 αὐτὸς
505 4634 938 4702 ὲπιψηφίσησθε,
994 4629 1148 4688 οὐδὲν
1199 4635 1278 4688 ἐτι
1337 4635 1396 4687 τὸ
1439 4635 1691 4689 κωλύσον
1735 4638 1884 4708 ἡμᾶς

310 4721 418 4775 ὑπὸ
463 4721 574 4775 τῶν
625 4721 914 4791 Ῥωμαίων
966 4724 1274 4793 βασιλείαν,
1307 4723 1500 4795 ὥσπερ
1544 4727 1883 4795 ἐπηγγειλά-

311 4813 454 4882 μεθα
484 4815 680 4879 τελεῖν,
717 4815 880 4884 μόνον
913 4818 961 4869 εί
992 4815 1154 4879 αὐτὸς
1201 4815 1371 4888 ἀφίξῃ
1411 4818 1547 4886 πρὸς
1582 4820 1754 4888 ἡμᾶς.
1783 4821 1884 4883 τὰς

305 4921 367 4955 τε
425 4905 605 4966 πόλεις
661 4906 1154 4977 παραληψόμενος,
1211 4909 1308 4960 καὶ
1355 4908 1422 4961 τὰ
1470 4909 1708 4963 ἐνταῦθα
1741 4912 1882 4982 πρά-

1977 2455 2086 2525 jam
2115 2453 2180 2507 ad
2206 2451 2442 2523 cogitata
2482 2452 2814 2522 perﬁcienda
2850 2465 3156 2522 aggressos.
3192 2453 3300 2507 Sed
3331 2460 3390 2506 ut
3417 2469 3542 2507 eum

1981 2547 2282 2600 decessisse
2345 2546 2736 2614 compererint,
2792 2559 2852 2599 re
2903 2545 3186 2613 deSpcrata
3247 2546 3545 2614 quievisse.

1983 2637 2201 2703 Pagano
2235 2645 2418 2690 autem
2466 2634 2704 2705 Pistogia
2761 2633 2894 2704 ipsis
2925 2635 3261 2689 amicissimo
3295 2652 3359 2690 ac
3389 2636 3548 2690 fanati-

1980 2726 2277 2781 liarissimo
2306 2726 2567 2792 Byzantio
2595 2725 2870 2785 veniente.
2922 2739 3300 2794 summamque
3331 2726 3548 2795 imperii

1979 2826 2035 2872 et
2084 2818 2452 2887 principatum
2509 2817 2562 2870 in
2597 2818 2718 2886 ejus
2778 2832 2939 2870 manu
2998 2831 3118 2871 esse
3174 2819 3546 2883 renuntiante,

1985 2923 2199 2964 rursum
2246 2921 2444 2963 omnes
2467 2907 2812 2973 convenisse,
2864 2918 2920 2964 et
2967 2909 3120 2977 prius
3152 2909 3371 2964 decreta
3413 2926 3548 2966 con-

1983 2999 2264 3067 ﬁrmasse;
2297 3013 2407 3053 non
2466 2999 2645 3054 solum
2700 3009 2928 3070 propter
2982 3015 3195 3054 morum
3223 3001 3344 3071 ejus
3396 3002 3550 3071 inge-

1985 3091 2273 3154 nuitatem,
2307 3099 2363 3145 et
2399 3091 2545 3162 quod
2601 3091 2736 3161 ipsis
2783 3099 2973 3146 contra
3005 3092 3190 3146 hostes
3235 3092 3552 3161 ingruentes

1984 3197 2145 3252 opem
2171 3181 2313 3237 ferre
2337 3190 2522 3250 queat,
2546 3183 2638 3237 sed
2669 3182 2816 3252 quod
2849 3182 2978 3236 item
2999 3182 3349 3252 jampridem,
3370 3178 3550 3252 quan-

1983 3287 2146 3342 quam
2179 3269 2422 3326 nondum
2475 3284 2662 3325 coram
2716 3269 2958 3331 alloculi,
3002 3284 3270 3339 propensa
3320 3271 3374 3323 in
3419 3286 3546 3324 eum

1987 3364 2272 3418 voluntate
2325 3361 2657 3418 exstiterint.
2687 3363 2768 3417 Ex
2807 3376 2917 3431 quo
2957 3376 3193 3430 namque
3243 3361 3298 3416 in
3325 3361 3549 3427 expedi-

1986 3456 2136 3509 tione
2159 3453 2496 3508 Acarnanica
2528 3452 2868 3522 imperatore
2901 3452 3125 3522 collega,
3159 3467 3284 3507 cum
3317 3453 3384 3507 iis
3413 3467 3552 3521 quos

1987 3543 2090 3614 ipsi
2121 3544 2186 3598 ad
2219 3543 2671 3598 Thomacastrum
2716 3542 3030 3612 Nicephoro
3058 3543 3299 3613 despotaa
3332 3542 3444 3598 ﬁlio
3479 3542 3547 3597 ad

1913 3629 1956 3715 ά
1992 3637 2306 3694 subsidium
2333 3637 2626 3700 misissent,
2664 3651 2972 3691 sermonem
3030 3636 3339 3691 miscuisset
3360 3649 3424 3690 ex
3454 3636 3554 3690 ho-

1984 3729 2267 3798 stibusque
2296 3727 2504 3783 amicos
2554 3726 2793 3792 fecisset,
2823 3735 2878 3780 et
2909 3726 3034 3781 illos
3062 3726 3323 3796 deinceps
3355 3741 3554 3794 perpe-

1985 3832 2136 3878 tuam
2183 3821 2234 3877 ei
2282 3819 2720 3876 benevolentiam
2791 3833 3184 3882 conservasse,
3236 3830 3290 3872 et
3343 3817 3558 3871 caeteris

1985 3915 2155 3970 multa
2191 3913 2500 3980 eximiaque
2569 3911 2637 3965 de
2679 3911 2872 3964 eodem
2921 3918 3458 3969 commemorantes,
3485 3905 3554 3961 ad

1981 4022 2173 4077 parem
2221 4003 2595 4072 :rqualemqne
2636 4002 2684 4055 ei
2762 3995 3006 4054 animum
3057 3999 3426 4069 praestandum
3460 4013 3558 4052 au-

1984 4107 2165 4152 ctores
2191 4094 2380 4148 fuisse.
2415 4092 2496 4145 Ab
2531 4091 2723 4145 iisdem
2756 4103 2902 4144 nunc
2951 4103 3170 4158 quoque
3217 4103 3276 4143 se
3316 4087 3384 4142 ad
3415 4087 3559 4141 hanc

1985 4179 2308 4256 legationem
2337 4181 2730 4238 instituendam
2755 4190 3031 4250 permotos
3058 4196 3073 4245 ;
3104 4180 3427 4249 petitionem
3461 4179 3562 4249 igi-

1987 4288 2077 4334 tur
2104 4278 2309 4347 legatos
2363 4289 2545 4331 coram
2595 4271 2970 4342 exposituros.
3006 4271 3179 4338 Quam
3227 4271 3272 4326 si
3318 4271 3558 4340 impera-

1991 4371 2100 4426 trix
2137 4379 2194 4425 et
2225 4369 2341 4438 ipse
2389 4360 2780 4436 suffragatione
2811 4377 2908 4419 sua
2940 4363 3441 4433 comprobaverint,
3467 4363 3558 4416 ni-

1985 4463 2060 4517 hil
2118 4460 2513 4531 impediturum
2545 4457 2682 4528 quin
2729 4455 3016 4525 promissis
3053 4463 3284 4519 stantes,
3315 4455 3418 4508 sub
3448 4458 3556 4508 im-

1985 4556 2198 4627 perium
2225 4554 2530 4607 Romanum
2563 4548 2866 4604 succedant
2896 4564 2910 4601 :
2945 4553 3159 4601 tantum
3205 4545 3270 4600 ad
3309 4561 3406 4600 eos
3438 4546 3559 4614 ipse

1985 4643 2289 4717 profectus,
2315 4642 2565 4696 civitates
2599 4638 2852 4709 accipiat,
2884 4647 2939 4693 et
2969 4637 3364 4707 rempublicam
3397 4643 3559 4702 prout

1992 4739 2072 4793 illi
2108 4734 2615 4791 commodissimum
2666 4731 2966 4793 videbitur,
2992 4728 3203 4799 digerat
3233 4735 3394 4796 atque
3427 4741 3556 4780 con-

1983 4827 2200 4893 stitual‘
2214 4823 2382 4894 385
2401 4821 2698 4892 Litteraeigi
2708 4831 2794 4875 tur
2813 4820 3106 4891 separatim
3123 4818 3462 4888 singulorum
3481 4825 3560 4869 a'-

1984 4933 2094 4989 que
2142 4917 2388 4971 onmium
2421 4917 2583 4970 simul
2619 4914 2724 4968 hoc
2747 4913 2996 4983 exemplo
3025 4911 3350 4977 conscriptze
3375 4916 3554 4964 erant.

305 5010 498 5063 γματα
532 4995 642 5066 ὅπη
672 4995 738 5050 ἄν
768 5012 848 5049 σοι
877 4997 1008 5068 δοκῇ
1050 4998 1249 5070 ἄριστα
1291 5001 1601 5071 διοικήσων.
1645 5003 1730 5056 Τὰ
1780 5005 1878 5074 μὲν

1986 5010 2202 5078 Quibus
2227 5009 2468 5078 acceptis
2510 5022 2738 5076 magnus
2765 5005 3100 5059 domesticus
3125 5002 3352 5056 miritice
3378 5000 3557 5064 hctus,

305 5089 402 5142 οὖν
425 5091 731 5160 γράμματα
766 5093 871 5164 ἰδία
900 5109 959 5144 τε
990 5093 1208 5162 ἑκάστῳ
1243 5093 1336 5146 καὶ
1369 5094 1535 5146 πᾶσιν
1567 5093 1703 5162 ὁμοῦ
1734 5095 1881 5148 τοιά-

305 5182 364 5232 δε
402 5176 490 5249 ἦν·
529 5180 565 5234 ἃ
595 5181 893 5251 δεξάμενος
944 5184 972 5235 ό
1009 5183 1184 5250 μέγας
1247 5182 1595 5248 δομέστικος,
1628 5183 1772 5253 ἥσθη
1820 5199 1880 5234 τε

307 5273 636 5342 ὑπερφυῶς,
665 5277 760 5326 καὶ
781 5277 892 5337 τοῖς
924 5291 983 5326 τε
1023 5274 1289 5343 πρέσϐεσι
1324 5277 1696 5346 προσεφέρετο
1727 5277 1883 5346 φιλο-

305 5369 483 5436 τίμως
513 5369 652 5436 ἄγαν
698 5370 792 5421 καὶ
826 5369 1287 5438 μεγαλοπρεπῶς·
1323 5371 1417 5422 καὶ
1447 5372 1562 5432 τοῖς
1593 5370 1880 5438 πεπομφό-

308 5477 398 5512 σιν
426 5458 697 5528 ὡμολόγει
722 5461 951 5529 χάριτας
985 5461 1184 5524 πολλὰς
1216 5461 1320 5530 τῆς
1345 5461 1424 5523 είς
1447 5460 1610 5513 αὐτὸν
1640 5461 1876 5524 εὐνοίας·

307 5553 406 5604 καὶ
436 5551 608 5604 τᾶλλα
646 5535 705 5604 τε
755 5553 898 5605 ὅσων
944 5553 1153 5606 ἐδέοντο
1203 5552 1474 5622 ὑπέσχετο
1508 5553 1756 5622 ποιήσειν
1789 5552 1885 5606 καὶ

306 5642 602 5708 ἀςίξεσθαι
639 5642 779 5712 πρὸς
811 5643 1008 5702 αὐτοὺς
1041 5643 1156 5720 ἅμα
1186 5639 1306 5713 ἦρι.
1341 5642 1458 5697 Νῦν
1484 5644 1598 5713 γὰρ
1621 5642 1720 5696 οὐκ
1742 5639 1882 5696 εἷναι

315 5736 503 5806 ῥᾴδιον
542 5737 717 5788 κινεῖν
774 5734 871 5805 τὴν
910 5736 1168 5806 στρατιὰν
1203 5737 1338 5805 πρὸς
1368 5733 1546 5799 οὓτως
1586 5736 1885 5806 ὑπερόριον

317 5825 638 5900 στρατείαν,
681 5826 744 5879 οὐ
775 5827 917 5897 μετα
952 5827 1084 5880 πολὺ
1131 5829 1400 5900 χειμῶνος
1439 5830 1726 5900 ἐσομένου·
1764 5829 1883 5899 φθι-

1989 5104 2197 5173 legatos
2247 5101 2520 5170 exquisite
2567 5114 2631 5152 ac
2681 5097 2965 5166 splendide
3029 5094 3240 5155 habuit,
3275 5091 3494 5160 egitque
3526 5105 3556 5142 a

1987 5197 2190 5267 quibus
2236 5195 2389 5248 missi
2419 5200 2578 5248 erant
2626 5190 2930 5256 singulares
2978 5188 3184 5258 gratias
3217 5185 3284 5238 de
3314 5185 3556 5236 benevo-

1985 5287 2175 5350 lentia,
2225 5293 2281 5340 et
2337 5299 2460 5354 qua:
2501 5281 2784 5352 petebant,
2811 5280 2996 5333 omnia
3046 5294 3104 5333 se
3131 5276 3450 5359 facturum,
3494 5287 3559 5327 ac

1987 5379 2166 5449 primo
2194 5390 2322 5430 vere
2344 5374 2411 5428 ad
2439 5389 2536 5429 eos
2564 5380 2852 5426 venturum
2879 5369 3172 5441 spopondit
3196 5384 3212 5432 ;
3241 5381 3385 5420 nunc
3407 5364 3556 5419 enim

1986 5470 2172 5524 hieme
2215 5473 2530 5536 appetente,
2559 5461 2863 5517 exercitum
2899 5470 3052 5515 trans
3097 5459 3232 5513 ﬁnes
3263 5456 3420 5513 educi
3455 5457 3540 5511 dil

1987 5558 2204 5613 ﬁculter
2255 5569 2434 5625 posse.
2468 5553 2740 5609 Caeterum
2790 5551 2856 5606 ad
2907 5549 3068 5604 (idem
3099 5550 3262 5603 dictis
3307 5555 3561 5601 astruen-

1986 5651 2110 5704 dam
2137 5648 2402 5704 Iacobum
2438 5647 2658 5700 Brulam
2690 5643 2966 5698 hominem
2997 5656 3058 5696 ex
3089 5640 3296 5694 intimis
3321 5638 3560 5692 familia-

1984 5741 2142 5795 ribus
2177 5739 2292 5795 suis
2334 5737 2513 5804 dedit,
2541 5735 2634 5805 qui
2667 5749 2765 5804 per
2804 5733 3042 5787 hiemem
3068 5729 3212 5800 apud
3245 5743 3340 5784 ens
3371 5727 3554 5782 diver-

1987 5841 2225 5896 saretur,
2282 5827 2447 5885 simul
2482 5826 2583 5882 hac
2621 5823 2836 5880 ratione
2864 5821 3184 5888 testiﬁcms,
3211 5833 3373 5894 quam
3413 5818 3555 5876 bene
