4096 6300
251 321 363 382 ’ῖϐθ

1415 325 1957 387 lllSTUBlARUM
1999 327 2234 388 LIBER
2275 331 2390 391 IlI.

3405 340 3516 401 ἾΪΟ

250 437 410 502 ήκειν
442 434 570 498 τοὺς
603 435 1035 508 ἐντυγχάνοντας
1091 440 1259 511 τιμᾷν
1305 442 1816 511 προσαναγκάζειν

1927 445 2090 513 paulo
2136 456 2261 516 post
2304 458 2526 517 captato
2578 457 2843 519 tempore,
2876 452 3147 520 equitanti
3193 467 3513 522 occurrunt,

249 526 367 578 ἀλλ’
397 527 643 590 ἐκείνους
675 529 892 582 οἴκοθεν
931 530 1117 595 ἀξίους
1151 531 1438 601 κρίνοντας
1474 533 1831 602 ἐπιψηφίζειν

246 619 348 688 τὴν
381 619 576 688 τιμήνο
610 619 924 684 ἐξετάζοντι
971 624 1030 675 δέ
1081 622 1220 692 πρὸς
1274 625 1471 676 ἑαυτὸν
1523 623 1615 676 τὸν
1669 624 1830 692 λόγον

247 711 342 765 τιὰ
381 713 481 779 τὴν
523 712 790 766 δοκοῦσαν
846 714 1104 779 ἀτοπίαν,
1162 713 1470 785 παρίστατο
1499 716 1642 772 νοεῖν
1693 715 1832 784 ὅπερ

246 802 340 876 ἦν,
399 806 470 869 ὡς
530 807 592 859 ού
648 809 920 880 σφετέρας
969 809 1137 864 ἕνεκα
1190 809 1370 862 αὐτῶν
1402 808 1598 879 ιτιμῆς
1647 808 1832 879 ἠξίουν

178 951 180 954 .
246 897 472 950 τοιαῦτα
503 937 519 963 ,
563 897 680 950 ἀλλ’
733 899 822 952 ἴνα
860 901 1298 971 ὑπαντήσαντος,
1331 901 1440 954 τῶν
1480 901 1665 954 ἵππων
1699 903 1834 955 ἀπο-

251 989 451 1052 ϐάντες
479 991 636 1043 αὐτοὶ
676 991 846 1061 τιμὴν
875 992 1118 1045 ἀποδῶσι
1159 992 1257 1062 τὴν
1287 992 1577 1062 μεγίστην.
1627 993 1686 1045 '0
1727 993 1829 1062 μὲν

247 1074 340 1131 οὖν
369 1079 598 1134 τοιαῦτα
622 1081 908 1150 ἐννοήσας,
938 1081 1157 1151 έμενιεν
1183 1083 1342 1135 οίκοι.
1365 1084 1489 1145 Τοῖς
1513 1082 1559 1133 δ’
1580 1083 1704 1135 ἐπεὶ
1729 1083 1831 1136 οὐκ

246 1169 528 1236 ἐξεγένετο
557 1172 655 1241 τὴν
686 1171 936 1225 ἐπίνοιαν
967 1175 1046 1236 εἰς
1078 1174 1238 1247 ἔργον
1269 1173 1449 1241 ἄγειν,
1480 1173 1650 1243 ὀλίγῳ
1679 1173 1832 1226 ὔστε-

249 1279 345 1331 ρον
369 1263 563 1331 καιρὸν
591 1265 1053 1334 ἐπιτηρήσαντες,
1077 1268 1172 1319 καὶ
1197 1268 1555 1336 συντυχόντες
1579 1265 1826 1336 ἐφίππῳ,

246 1352 358 1404 τῶν
389 1353 574 1406 ἵππων
601 1355 911 1417 ἀποϐάντες
939 1359 1335 1427 προσεκύνουν.
1372 1354 1486 1412 Εἶτ’
1504 1358 1658 1428 αὐτῷ
1687 1358 1828 1411 οῐκοι

192 1468 206 1524 Ξ
247 1445 607 1510 συνελθόντες
641 1449 704 1500 οὐ
733 1448 902 1502 ’κατὰ
933 1449 994 1502 τὺ
1030 1453 1302 1521 πρότερον
1333 1449 1456 1513 ἔθος
1483 1451 1830 1504 συνεισίεσαν

248 1533 486 1602 ἔφιπποι
530 1539 632 1607 τὴν
665 1539 857 1608 αὐλὴν,
891 1541 1006 1594 ἀλλ’
1053 1541 1158 1607 ἔξω
1200 1542 1621 1607 καταλιπόντες,
1649 1541 1827 1611 παρέ-

249 1627 372 1682 θεον
434 1630 602 1700 πεζῇ.
653 1631 714 1684 '0
758 1631 816 1684 δὲ
871 1633 1258 1703 ἠγανάκτησεν
1314 1633 1401 1701 ἐφ’
1431 1633 1716 1703 ἑκατέροις
1765 1632 1826 1684 ού

249 1721 518 1790 μετρίως.
547 1722 763 1776 Ἔπειθ’
793 1723 974 1794 ἐαυτῷ
1006 1725 1506 1796 περιστησάμενος,
1531 1725 1827 1795 κατηγόρει

1936 549 2000 588 ac
2042 536 2110 590 de
2158 538 2276 592 suis
2315 539 2584 608 jumentis
2635 541 2956 595 detinentes.
2991 557 3118 595 eum
3172 543 3512 600 ador-abundi

1935 630 2198 681 salutant.
2239 629 2447 684 Deinde
2488 631 2714 685 domum
2748 633 3101 699 comitantes,
3140 649 3248 687 non
3282 636 3515 703 pristino

1919 732 2088 772 .more
2133 719 2542 788 adequitanlcs,
2580 723 2673 776 sed
2723 723 2859 777 toris
2903 739 3076 792 equos
3114 726 3510 794 relinquentes,

1932 822 1986 864 et
2004 811 2163 880 juxta
2203 813 2438 881 pedibus
2460 814 2830 877 ambulantes,
2863 816 3042 868 aulam
3070 816 3233 869 simul
3279 817 3509 886 ingressi

1931 908 2080 954 sunt.
2118 901 2212 955 Ille
2257 912 2556 970 utrumque
2597 905 2934 972 permoleste
2965 906 3114 960 tulit.
3151 907 3279 960 Post
3329 907 3384 960 in
3413 923 3509 959 or-

1930 990 2056 1046 bem
2089 1008 2146 1046 se
2173 993 2642 1048 circmusistentes
2670 995 2737 1048 de
2759 995 2887 1049 facti
2918 997 3162 1051 novitate
3208 1000 3511 1066 rr-prelieti-
3587 1031 3594 1034 -

1931 1084 2034 1146 dit,
2071 1095 2323 1148 manens,
2351 1101 2418 1139 ne
2449 1087 2578 1155 quid
2613 1087 2792 1142 simile
2826 1089 3076 1156 posthac,
3101 1094 3194 1143 sed
3224 1093 3507 1159 antiquam

1931 1177 2389 1231 consuetudinem
2426 1181 2748 1233 retinerent.
2776 1165 2863 1234 ’INi
2923 1181 3236 1246 obedircttt,
3285 1197 3345 1236 se
3392 1184 3513 1237 illos

1932 1281 2056 1320 cum
2089 1250 2376 1320 stomacho
2401 1267 2773 1336 repulsorum.
2801 1268 2934 1324 Cum
2962 1271 3014 1323 in
3042 1285 3243 1340 equum
3291 1287 3508 1326 rursum

1931 1359 2232 1412 ascendere
2293 1368 2620 1426 oporteret,
2671 1358 2840 1429 iussit.
2898 1375 3024 1415 eum
3073 1373 3240 1416 uestra
3294 1369 3507 1430 portam

1919 1449 2119 1513 ‘educi,
2154 1465 2218 1504 ac
2249 1465 2348 1520 per
2375 1451 2555 1504 aulam
2588 1452 2884 1517 transiens,
2918 1453 3120 1508 ibidem
3158 1456 3420 1508 ascendit.
3452 1455 3508 1508 ld

1917 1539 2009 1594 -illi
2053 1541 2398 1610 aspicientes,
2433 1543 2527 1611 qui
2563 1543 2859 1598 novitatem
2897 1556 3247 1614 usurparant,
3302 1553 3359 1600 et
3411 1548 3513 1598 mi-

1932 1633 2021 1688 nis
2071 1635 2373 1702 perterriti,
2413 1650 2621 1689 morem
2675 1637 2974 1704 pristinum
3040 1639 3410 1700 retinuerunt,
3453 1648 3509 1692 ιιι

1933 1738 2110 1793 neque
2141 1724 2263 1794 ipsi,
2293 1739 2472 1793 neque
2503 1725 2596 1780 alii
2629 1727 2867 1796 amplius
2914 1728 3196 1798 quidpiam
3253 1729 3379 1783 novi
3413 1731 3494 1783 vel

247 1811 349 1881 τὴν
372 1814 750 1884 καινοτομίαν,
776 1817 873 1871 καὶ
901 1817 976 1886 μὴ
1000 1815 1224 1870 τοιαῦτα
1254 1815 1604 1870 συνεϐούλευε
1628 1817 1823 1879 ποιεῖν,

1927 1815 2169 1884 cogitare
2197 1815 2280 1870 vel
2311 1816 2491 1870 facere
2518 1819 2924 1873 sustinuerunt.
3015 1852 3025 1856 -

246 1906 385 1960 ἁλλὰ
417 1910 530 1972 τοῖς
587 1883 1108 1983 προτέροιςνέθεσιν
1170 1911 1456 1982 ἐμμένειν.
1516 1911 1577 1962 Εἰ
1625 1910 1683 1964 δὲ
1741 1910 1816 1980 μὴ
1857 1883 2154 1977 πείθοιντο,
2213 1912 2513 1982 ἠπείλησεν
2578 1913 2874 1968 ἀπελάσειν
2903 1914 3041 1984 πρὸς
3075 1917 3271 1986 ὀργήν·
3297 1883 3506 1985 δεῆσαν

243 2001 303 2055 δὲ
353 1997 514 2066 αὖθις
562 2005 718 2074 ἵππῳ
783 2007 1060 2075 ἐπιϐῆναι,
1132 2006 1348 2060 ἐκέλευε
1390 2008 1490 2077 τῆς
1526 2005 1703 2077 πύλης
1740 2005 1898 2071 ἄγειν
1932 2005 2059 2072 ἔξω.
2106 2003 2242 2060 Εἶτα
2292 2007 2508 2078 παριὼν
2554 2009 2654 2079 τὴν
2696 2009 2866 2077 αὐλὴν
2916 2011 3053 2078 πεζῇ
3088 2010 3340 2063 ἐπέϐαινε
3372 2008 3509 2078 πρὶς

243 2095 312 2163 τῇ
348 2094 514 2167 πύλῃ·
572 2097 712 2166 ὅπερ
765 2099 815 2150 οί
865 2098 962 2168 τὴν
1035 2100 1396 2168 καινοτομίαν
1435 2099 1634 2163 ἰδόντες
1703 2100 2084 2168 εἰργασμένοι,
2131 2099 2229 2153 καὶ
2302 2101 2758 2170 καταπτήξαντες
2822 2100 2921 2172 τὴν
2954 2104 3208 2168 ἀπειλὴν,
3257 2104 3510 2171 ἐνέμενον

244 2187 362 2248 τοῖς
395 2187 714 2258 προτέροις,
770 2191 939 2260 μηδὲν
997 2189 1188 2245 καινὸν
1244 2193 1383 2261 μήτε
1451 2188 1846 2261 διανοούμενοι,
1889 2192 2029 2261 μήτε
2086 2192 2352 2264 πράττειν
2419 2193 2820 2263 ὑπομένοντες,
2897 2194 3026 2264 μήτ’
3080 2196 3315 2254 ἐκεῖνοι,
3370 2191 3502 2264 μηθ’

243 2277 424 2347 ἕτεροί
457 2295 624 2344 τινες.

1681 2400 1912 2457 CAPUT
1953 2399 2069 2456 XII.

245 2516 436 2572 Crates
467 2517 640 2593 [ructo
672 2517 870 2593 [mttere
900 2517 1269 2576 Macedoniam
1309 2520 1616 2593 populatur.
1652 2521 1986 2593 Consultatio
2024 2521 2086 2593 de
2112 2535 2171 2574 eo
2207 2521 2564 2590 reprimendo.
2594 2521 2865 2577 Sententia
2909 2527 3089 2593 magni
3142 2528 3409 2581 domestici
3441 2529 3508 2580 de

315 2588 644 2666 expeditione
674 2589 1123 2666 Peloponnesiaco
1156 2588 1532 2666 praeponenda,
1566 2592 1626 2644 ob
1661 2609 1818 2666 quam
1854 2591 2170 2666 Byzantium
2200 2588 2588 2666 repet-tendunt.
2642 2602 2689 2644 et
2717 2595 2840 2666 quid
2877 2595 2945 2646 ibi
2974 2588 3273 2663 faciendum
3323 2607 3380 2666 et
3403 2614 3504 2666 quo

317 2659 554 2732 omnibus
585 2661 908 2732 comparatis
941 2658 1194 2732 euntium.
1229 2658 1546 2732 Byzantium
1607 2658 1844 2722 veniens,
1895 2658 2179 2727 honoriﬁce
2229 2661 2503 2730 excipitur.
2543 2658 2937 2732 Imperutriccin
2974 2658 3227 2732 u'grotam
3274 2658 3504 2732 saRtt'ut,

316 2740 365 2781 et
405 2729 670 2796 lugentem
699 2728 870 2782 adhuc
903 2728 1210 2784 consolatur
1235 2771 1250 2797 ,
1278 2728 1401 2784 cum
1433 2731 1719 2800 eademque
1745 2732 2088 2800 cogitationes
2119 2747 2242 2782 suas
2272 2728 2646 2796 communicat,
2688 2749 2820 2800 quas
2859 2730 2955 2784 illa
2989 2728 3196 2802 probat.

327 2867 467 2920 Ὑπὸ
501 2867 556 2919 δὲ
587 2867 680 2922 τὸν
715 2868 882 2922 αὐτὴν
937 2871 1131 2941 χρόνον
1179 2873 1276 2924 καὶ
1308 2871 1336 2922 ὁ
1385 2871 1494 2924 τῶν
1532 2868 1818 2940 Τμϐαλῶν

244 2958 434 3029 ἄρχων
476 2960 748 3027 Στέφανος
771 2961 797 3012 ὁ
828 2961 1053 3030 Κράλης
1080 2962 1178 3024 τὰς
1207 2961 1345 3031 πρὸς
1375 2958 1599 3030 βασιλέα
1645 2956 1817 3020 λύσας

246 3050 508 3112 σπονδὰς.
538 3050 663 3102 ἐπεὶ
699 3049 937 3104 ἐπύθετο
990 3051 1355 3117 ἀποθανόντα,
1413 3053 1514 3120 τήν
1559 3067 1616 3103 τε
1654 3050 1819 3117 ἀλλην

248 3144 433 3194 πᾶσαν
475 3143 783 3212 κατέδραμε
808 3142 1142 3196 Μακεδονίαν
1166 3143 1482 3210 ληϊζόμενος
1509 3157 1523 3171 ⁸
1556 3142 1652 3194 καὶ
1682 3140 1819 3194 Θεσ-

249 3235 546 3305 σαλονίκην
577 3233 886 3304 παρελθὼν,
918 3235 1048 3304 ἄχρι
1081 3233 1282 3304 χωρίου
1305 3229 1436 3304 ἦλθε
1471 3231 1566 3285 τοῦ
1613 3248 1819 3301 προσα-

245 3317 616 3398 γορευομένου
652 3325 886 3396 Κρητῶν
906 3364 921 3379 .
957 3326 1188 3378 Ἔπειτα
1239 3327 1570 3394 ἀνέστρεφεν
1597 3323 1656 3376 ού
1688 3321 1818 3375 πολ-

245 3419 345 3489 λὴν
373 3412 524 3472 λείαν
551 3418 890 3487 ἐπαγόμενος
915 3417 1004 3470 διὰ
1030 3418 1088 3469 τὸ
1115 3416 1451 3486 μηνυθείσης
1481 3416 1578 3484 τῆς
1626 3413 1819 3482 ἐφόδου

246 3509 525 3580 πρότερον
562 3511 690 3572 ταῖς
748 3509 938 3561 πόλεσι
999 3507 1094 3562 καὶ
1145 3510 1260 3571 τοῖς
1295 3507 1579 3576 φρουρίοις
1634 3507 1704 3560 τά
1760 3522 1819 3557 τε

246 3599 573 3671 βοσκήματα
599 3602 693 3653 καὶ
742 3599 868 3664 τοὺς
897 3599 1222 3669 ἀνθρώπους
1257 3597 1816 3666 ἐγκατακλεισθῆναι.

261 3691 416 3744 Ἐπεὶ
445 3691 502 3744 δὲ
533 3692 832 3760 ἠγγέλλετο
872 3693 1000 3762 περὶ
1063 3690 1272 3746 τούτων
1305 3689 1383 3760 τῷ
1417 3689 1640 3759 μεγάλῳ
1663 3687 1822 3758 δομε-

249 3783 447 3854 στίκῳ⁹
484 3783 786 3852 ἐκκλησίαν
861 3781 1242 3852 συναθροίσας,
1303 3781 1623 3840 ἐϐουλεύετο
1683 3779 1820 3852 μετά

246 3875 362 3928 τῶν
388 3877 446 3928 ἐν
485 3873 627 3926 τέλει
671 3875 762 3926 καὶ
818 3872 928 3926 τῶν
986 3873 1274 3944 ἡγεμόνων
1311 3872 1410 3944 τῆς
1472 3872 1732 3942 στρατιᾶς
1794 3871 1822 3922 ὅ

244 3982 303 4020 τι
336 3963 443 4017 δέοι
492 3965 666 4016 ποιεῖν
686 3944 835 4034 δπρὸς
865 3963 965 4034 τὴν
1021 3962 1210 4031 ἔφοδον
1241 3961 1351 4015 τῶν
1403 3960 1446 4014 Τ
1454 3959 1716 4030 ριϐαλῶν.
1748 3959 1812 4012 0i

253 4056 357 4127 μὲν
383 4051 473 4127 οὖν
499 4055 527 4108 ὅ
559 4071 612 4107 τι
645 4055 879 4118 ἕκαστος
919 4054 1091 4107 ἐδόκει
1147 4053 1470 4116 λυσιτελεῖν,
1502 4047 1820 4103 ἐϐουλεύετο

253 4121 506 4216 πρὺ;’ίτά
544 4145 811 4213 παρόντα.
877 4143 968 4216 Τῷ
1027 4144 1247 4215 μεγάλῳ
1276 4144 1332 4196 δὲ
1379 4143 1712 4213 δομεστίκῳ,
1761 4145 1822 4196 τδ

251 4237 394 4306 πρὸς
422 4235 648 4307 Κράλην
681 4237 1170 4290 ἀντικαθίστασθαι
1225 4234 1457 4306 ταχέως,
1500 4235 1567 4287 ἵν’
1615 4235 1649 4306 ἢ
1703 4234 1820 4287 πεί-

251 4327 402 4381 θοιεν
421 4328 700 4402 αἱρεῖσθαι
738 4328 838 4397 τὴν
889 4329 1130 4398 εἰρήνην,
1165 4327 1198 4397 ἢ
1231 4325 1622 4396 θρασυνομένῳ
1655 4323 1817 4376 πολε-

2000 2869 2114 2924 Sub
2159 2869 2306 2925 idem
2349 2881 2564 2941 tempus
2603 2872 2771 2926 etiam
2823 2870 3196 2928 Triballurum
3251 2875 3506 2945 princeps

1928 2958 2240 3030 Stephanus
2302 2960 2513 3025 Craies,
2571 2963 2758 3016 audito
2830 2962 3216 3032 imperatorem
3271 2966 3501 3028 abiisse,

1846 3083 1889 3141 ο
1927 3050 2107 3106 foedus
2133 3051 2318 3114 solvit,
2348 3061 2400 3106 et
2431 3068 2555 3106 cum
2582 3053 2846 3122 reliquam
2876 3054 3248 3109 Macedoniam
3282 3071 3424 3109 omni
3448 3073 3501 3110 ιιι

1928 3143 2352 3213 populabundus
2429 3143 2783 3205 incursavit,
2867 3154 2978 3197 tum
3055 3145 3499 3202 Tuessalon'cmi

1926 3248 2092 3303 porro
2135 3233 2364 3298 vadens,
2425 3233 2493 3287 ad
2539 3234 2717 3287 locum
2757 3236 2853 3302 qui
2903 3233 3249 3289 Cretensium
3301 3236 3504 3291 dicitur

1927 3322 2204 3394 pervenit.
2239 3321 2447 3377 Deinde
2475 3338 2598 3378 cum
2629 3323 2811 3392 praada
2848 3323 2992 3377 haud
3028 3313 3213 3393 cpima
3248 3342 3503 3382 reversus

1926 3422 2030 3478 est,
2073 3424 2362 3483 propterea
2403 3412 2549 3484 quod
2585 3415 2704 3483 ejus
2737 3413 2976 3469 adventu
3011 3417 3166 3485 prius
3219 3419 3497 3477 nuntiato,

1926 3514 2167 3573 agrestes
2207 3519 2266 3558 se
2318 3520 2446 3558 cum
2496 3519 2696 3575 pecore
2747 3505 2980 3560 urbibus
3010 3507 3362 3577 castellisque
3411 3511 3488 3562 in-

1926 3600 2224 3652 cluserant.
2259 3595 2470 3662 Quibus
2499 3599 2563 3650 ad
2587 3613 2645 3651 se
2678 3599 2926 3668 perlatis,
2970 3613 3202 3670 magnus
3235 3600 3503 3655 domesti—

1926 3701 2024 3742 cus
2071 3689 2310 3742 concilio
2355 3690 2677 3758 optimatum
2703 3699 2758 3744 et
2803 3690 3006 3744 ducum
3061 3691 3335 3746 exercitus
3366 3707 3502 3747 cou-
3604 3717 3612 3726 -

1927 3789 2142 3846 vocato,
2208 3781 2342 3852 quid
2395 3793 2584 3837 contra
2656 3781 3026 3836 Triballorum
3081 3782 3498 3850 impressionem

1927 3872 2314 3943 inceptandum
2364 3883 2530 3938 esset,
2579 3873 2853 3943 qua-sivit.
2900 3874 3064 3942 387
3101 3873 3302 3927 Eorum
3330 3887 3499 3926 unus-

1930 3962 2168 4032 quisque
2247 3963 2600 4026 sententiam,
2651 3978 2819 4031 quam
2883 3963 3097 4032 putavit
3141 3962 3220 4020 .ad
3287 3971 3505 4040 tempus.

1927 4051 2295 4116 commodam,
2329 4051 2489 4104 dixit.
2520 4051 2627 4106 Sed
2679 4066 2800 4104 cum
2833 4066 3031 4120 magno
3065 4050 3372 4106 domestico
3403 4068 3499 4110 nec

1927 4143 2225 4197 cessarium
2276 4141 2581 4205 videretur,
2629 4141 2739 4196 cito
2783 4140 2930 4196 Crali
2985 4141 3376 4207 resistendum,
3441 4153 3502 4197 ut

1927 4249 2054 4288 eum
2077 4234 2161 4288 vel
2192 4249 2382 4303 pacem
2408 4240 2631 4303 cogeret
2653 4233 2930 4303 accipere,
2963 4233 3047 4288 vel
3080 4248 3204 4287 cum
3233 4232 3501 4290 audacius

1928 4324 2239 4395 refragante
2292 4324 2436 4380 bello
2485 4325 2832 4387 decerneret,
2864 4324 3035 4380 multo
3091 4335 3273 4380 tamen
3328 4325 3502 4395 magis

255 4417 414 4487 μοίεν
463 4415 657 4470 δοκοῦν
687 4417 794 4470 τῶν
845 4416 1186 4484 ἀναγκαίων,
1246 4415 1328 4468 ἔτι
1389 4413 1577 4482 πσλλῷ
1617 4415 1820 4485 μᾶλλον

1929 4417 2297 4472 necessarium
2345 4415 2623 4484 magisque
2672 4415 2803 4471 utile
2832 4415 3012 4470 visum
3057 4424 3142 4470 est
3171 4415 3238 4469 ad
3272 4419 3502 4486 expedi-

252 4507 695 4576 ἀναγκαιότερον
730 4508 828 4561 καὶ
882 4508 1347 4578 λυσιτελέστερον,
1411 4508 1550 4576 πρὸς
1607 4507 1705 4576 τὴν
1743 4507 1823 4569 είς

255 4597 673 4668 Πελοπόννησον
723 4597 1014 4669 στρατείαν
1073 4596 1190 4668 ἅμα
1237 4595 1334 4668 ἦρι
1367 4596 1827 4668 παρεσκευασμέ-

253 4705 381 4760 νρυς
411 4687 590 4741 ἐδόκει
649 4683 811 4755 εῖναι,
854 4691 950 4741 καὶ
1007 4688 1082 4758 μὴ
1115 4688 1405 4757 προΐεσθαι
1461 4691 1554 4741 τὸν
1608 4689 1824 4758 καιρὸν,

255 4778 518 4846 πράξεων
565 4780 942 4848 παρεχόμενον
1002 4778 1256 4849 μεγάλων
1283 4779 1560 4848 ἀφορμάς.
1599 4778 1662 4831 Εἰ
1716 4779 1824 4848 γὰρ

251 4869 392 4922 Θεοῦ
425 4869 852 4940 συναιρουμένου
877 4869 999 4930 τοὺς
1029 4872 1126 4938 τὴν
1159 4868 1562 4938 Πελοπόννησον
1617 4870 1826 4922 οἰκοῦν-

251 4981 356 5026 τας
385 4963 652 5024 Λατίνους
703 4961 911 5030 ἔφασκε
959 4963 1170 5026 γένοιτο
1201 4961 1552 5032 προσλαϐεῖν,
1609 4962 1822 5031 ἀνάγκη

217 5047 221 5050 ’
252 5056 351 5107 καὶ
381 5055 509 5115 τοὺς
541 5054 640 5123 τὴν
690 5053 946 5122 Ἀττικὴν
980 5052 1242 5104 Βοιωτίαν
1269 5051 1549 5112 οἰκοῦντας
1578 5051 1823 5104 Κατελά-

251 5162 402 5208 νους,
434 5144 465 5213 ἢ
497 5145 724 5206 ἑκόντας
753 5146 905 5214 ἡμῖν,
948 5143 982 5212 ἢ
1032 5143 1355 5213 βιασθέντας
1406 5143 1822 5212 προσχωρῆσαι.

252 5238 462 5290 Τούτου
493 5238 549 5290 δὲ
580 5239 977 5307 γεγενημένου,
1036 5240 1130 5290 καὶ
1158 5237 1257 5308 τῆς
1305 5235 1596 5304 Ῥωμαίων
1625 5239 1826 5305 ἡγεμο-

252 5331 373 5391 νίας
407 5329 599 5395 ὥσπερ
621 5332 678 5381 ὲν
705 5331 816 5392 τοῖς
848 5329 1017 5383 πάλαι
1058 5330 1272 5398 χρόνοις
1321 5330 1384 5380 ἐκ
1418 5328 1822 5394 Πελοποννήσου

259 5401 428 5488 μέχρι
461 5417 760 5480 Βυζαντίου
801 5419 1058 5486 συνεχοῦς
1118 5418 1495 5486 γεγενημένης
1527 5417 1700 5482 ἔξεστι
1726 5431 1825 5467 συ-

250 5513 440 5581 νορᾷν,
475 5509 548 5571 ὡς
579 5510 732 5562 οὐδὲν
759 5510 920 5579 ἔργον
972 5510 1073 5578 ἥδη
1126 5510 1425 5577 Τριϐαλούς
1455 5525 1511 5559 τε
1571 5510 1664 5560 καὶ
1701 5509 1826 5571 τοὺς

251 5604 445 5663 ἄλλου,
487 5601 807 5669 περιοίκους
833 5600 940 5651 τῶν
971 5601 1262 5668 βαρϐάρων
1310 5600 1403 5667 τῆς
1435 5600 1644 5668 ’ύῦρεως
1670 5601 1826 5662 δίκας

251 5694 535 5754 ἀπαιτεῖν,
589 5687 657 5752 ὗς
720 5689 1095 5757 ἐξυϐρίζουσιν
1131 5693 1210 5755 είς
1263 5695 1410 5759 ἡμᾶς
1445 5691 1698 5744 τοσοῦτον
1725 5693 1824 5762 ἤδη

1931 4506 2136 4562 tionem
2184 4506 2240 4560 in
2290 4506 2730 4575 Peloponnesum
2781 4505 3056 4575 principio
3099 4506 3249 4560 veris
3279 4517 3501 4575 paratos

1928 4611 2074 4662 esse,
2131 4610 2234 4652 nec
2278 4610 2309 4650 e
2359 4595 2616 4649 manibus
2660 4592 3046 4647 dimittendum
3083 4603 3298 4664 tempus
3333 4593 3501 4649 rebus

1929 4687 2192 4759 praeclare
2246 4684 2506 4758 gerendis
2564 4685 2846 4738 idoneum.
2895 4682 2952 4737 Si
2985 4684 3130 4738 enim
3189 4684 3299 4739 Deo
3337 4685 3499 4738 auxi-

1929 4782 2118 4842 liante,
2163 4779 2361 4848 inquit,
2415 4777 2854 4847 Peloponnesum
2910 4776 3220 4831 habitantes
3273 4776 3500 4833 Latinos

1927 4872 1996 4926 ad
2039 4869 2330 4939 imperium
2381 4867 2818 4938 adjunxerinms,
2865 4867 3026 4920 etiam
3056 4867 3301 4922 Catalani
3356 4869 3500 4922 Atti-

1929 4977 2046 5016 cam
2095 4971 2151 5015 et
2182 4961 2441 5016 Boeotiam
2481 4961 2802 5024 ineulentcs,
2847 4961 3019 5014 velint
3057 4960 3254 5021 nolint,
3286 4973 3344 5013 se
3396 4973 3498 5011 no-
3542 4979 3546 4984 ι

1929 5052 2012 5106 bis
2055 5053 2273 5105 dedi-nt.
2303 5051 2420 5116 Quo
2465 5051 2629 5114 facto,
2663 5052 3020 5119 Romanoque
3045 5051 3348 5118 principatu
3387 5048 3498 5100 vt-l-
3533 5073 3554 5098 .'

1930 5154 1988 5198 ιιι
2023 5145 2151 5197 olim
2210 5161 2237 5195 a
2270 5144 2648 5212 Peloizonncso
2679 5142 2998 5212 Byzantium
3031 5141 3378 5201 continuato,
3417 5141 3500 5192 in.
3533 5130 3538 5139 ’

1933 5235 2100 5304 telligi
2138 5244 2338 5303 potest,
2372 5251 2479 5288 non
2506 5234 2622 5286 fore
2652 5248 2944 5301 operosum
2979 5231 3240 5286 Triballis
3267 5231 3499 5298 aliisque

1934 5327 2452 5395 circumjaccntibus
2487 5326 2738 5378 Barbaris
2777 5341 2876 5394 pro
2913 5324 3128 5392 injuriis
3165 5324 3369 5377 tamdiu
3407 5339 3503 5376 ιιο-

1936 5420 2019 5473 ὶιὶδ
2049 5435 2175 5472 cum
2208 5429 2352 5471 tanta
2384 5419 2668 5471 ῘιιδιιΙεῚιιςὲι
2699 5416 2865 5470 illatis
2895 5417 3133 5484 pretium
3165 5415 3496 5485 persolvere.

1929 5512 2009 5564 Ad
2061 5526 2185 5578 spes
2223 5510 2388 5577 igitur
2422 5509 2782 5576 amplissimas
2841 5508 2967 5560 inde
3017 5506 3366 5558 subiacentes
3409 5518 3504 5556 ac-

1931 5601 2392 5655 cmummlandum
2453 5609 2536 5652 est
2597 5597 2788 5664 agendi
2839 5595 3107 5657 studium,
3147 5607 3214 5645 ne
3279 5590 3499 5648 occasio

1929 5693 2202 5748 elabatur.
2266 5691 2378 5756 Qua
2434 5691 2502 5744 dc
2565 5705 2728 5744 causa
2782 5686 3098 5757 Byzmtium
3157 5684 3497 5737 redeundum
