4096 6300
669 325 772 390 Til

1873 317 2202 377 JOANNIS
2237 310 2770 374 CANTACUZENI

3751 311 3866 388 ,πὶ

669 451 912 499 censeo;
973 432 1037 486 ad
1091 431 1532 501 Peloponnesum
1565 427 1712 485 enim
1770 429 1946 481 navali
1983 437 2249 496 apparatu

2358 425 2566 494 χρόνον.
2612 423 2705 484 Ὠς
2725 415 2818 474 οὖν
2848 417 3100 490 μεγάλων
3134 415 3348 470 έκείθιν
3398 416 3624 470 ἐλπίδων
3676 419 3865 489 baccar

671 527 1008 593 indigemus.
1064 531 1121 577 et
1175 523 1221 574 is
1259 537 1354 590 per
1407 521 1639 575 hiemem
1703 517 2076 586 providendus
2138 525 2246 570 est.

671 615 829 680 Quod
872 615 917 667 si
958 613 1041 667 his
1067 612 1228 667 modo
1265 610 1594 678 posthabitis
1625 609 1678 662 in
1711 607 2070 662 Occidentem
2115 620 2252 660 con-

676 717 980 767 vertemur,
1015 706 1308 772 opinantes
1366 716 1468 755 nos
1525 700 1828 754 constituto
1888 699 2006 753 illic
2064 711 2248 752 rerum

673 807 815 850 statu
849 795 1103 848 celeriter
1130 806 1468 853 reversuros.
1495 790 1820 854 timendum,
1843 804 1913 843 ne
1949 787 2062 844 illic
2106 787 2250 842 bello

673 897 728 940 et
777 886 900 938 aliis
949 883 1278 951 quibusdam
1325 877 1747 934 necessitatibus
1803 878 2078 948 impliciti,
2127 886 2252 945 post

675 976 939 1039 reditum,
964 991 1099 1028 .cum
1130 989 1230 1028 nos
1263 976 1535 1029 instruere
1569 972 2006 1042 nequiverintus,
2041 972 2119 1024 rei
2150 985 2253 1040 ge-

675 1067 858 1121 renda:
910 1066 1225 1118 facultatem
1275 1065 1614 1119 amittamus.
1657 1064 1756 1118 Sin
1808 1062 2054 1134 Byzantii
2105 1074 2252 1118 nunc

669 1156 966 1217 fuerimus,
1019 1156 1259 1224 primum
1303 1157 1528 1224 quidem
1574 1154 1879 1210 navarchos
1943 1161 2000 1207 et
2054 1153 2249 1209 ducem

673 1248 866 1300 clasSts
919 1246 1350 1315 dcsignabimus.
1387 1245 1589 1313 quibus
1640 1260 1800 1298 cura:-
1837 1244 1946 1299 erit
1981 1253 2038 1298 et
2082 1257 2252 1297 naves

673 1350 951 1404 reparare,
987 1345 1290 1403 nautasque
1313 1350 1382 1390 ac
1419 1334 1625 1394 milites
1666 1333 1946 1403 colligere,
1975 1332 2070 1402 qui
2118 1345 2252 1386 con-

676 1427 958 1480 scendant.
1019 1428 1216 1480 Postea
1251 1436 1308 1480 et
1344 1427 1412 1482 de
1448 1426 1687 1496 pecunia
1745 1425 2078 1486 videbimus.
2104 1423 2252 1479 unde

667 1532 735 1571 ea
766 1517 818 1570 in
851 1517 1079 1571 classem
1131 1518 1470 1588 suppeditet.
1503 1519 1582 1574 Ad
1611 1518 1728 1572 haec
1765 1517 2114 1586 vectigalium
2142 1531 2252 1586 pu-

674 1609 952 1663 blicorum
985 1621 1271 1666 curatores
1299 1626 1524 1670 necesse
1567 1611 1677 1666 erit
1726 1610 2028 1673 declarare,
2077 1623 2169 1673 ne,
2204 1608 2252 1664 si

676 1701 910 1757 confuse
944 1717 1008 1755 ac
1042 1702 1274 1755 fortuito
1301 1703 1606 1770 capiantur,
1629 1716 1792 1770 grave
1822 1700 2082 1758 damnum
2113 1715 2253 1755 tera-

675 1793 760 1844 rio
815 1792 1106 1861 injungant
1139 1810 1154 1845 :
1184 1795 1328 1860 quod
1384 1792 1610 1860 quidem
1661 1793 1811 1848 nulla
1861 1800 2276 1846 consuetorum.

671 1887 990 1939 accessione
1043 1885 1400 1951 tributorum,
1442 1899 1635 1937 verum
1691 1883 1819 1938 aliis
1849 1881 2028 1936 modis
2058 1891 2116 1939 et
2165 1896 2256 1956 ar-

680 1975 830 2030 tibus
891 1976 1245 2028 vehementer
1277 1975 1470 2030 crevit.
1500 1974 1605 2031 Ubi
1659 1974 1774 2030 haec
1803 1988 1908 2043 qua
1935 1987 2034 2042 par
2054 1980 2139 2028 est
2170 1987 2256 2028 se-

679 2067 913 2119 dulitate
949 2065 1434 2134 sollicitudincque
1464 2065 1713 2119 confecta
1774 2064 2001 2131 fuerint,
2045 2063 2255 2133 legatos

671 2155 740 2209 ad
770 2155 1133 2210 Triballorum
1173 2156 1418 2225 regulum
1472 2155 1688 2209 mittere
1716 2155 1770 2208 in
1806 2154 1993 2209 animo
2045 2154 2252 2219 habeo,

671 2248 766 2316 qui
797 2247 960 2300 simul
997 2248 1114 2318 ejus
1143 2247 1288 2300 vires
1316 2255 1373 2300 et
1395 2246 1584 2315 c0pias
1610 2247 1922 2315 explorent,
1973 2245 2162 2310 simul,
2202 2244 2251 2300 si

676 2354 708 2392 a
755 2337 1205 2392 reconciliatione
1258 2352 1368 2390 non
1418 2336 1733 2402 abhorreat,
1768 2351 1958 2406 pacem
2015 2349 2141 2389 cum
2178 2348 2248 2389 eo

673 2436 1046 2494 componant;
1094 2441 1220 2479 nam
1277 2440 1427 2479 nunc
1474 2425 1696 2494 quidem
1753 2425 1995 2479 rationes
2050 2431 2252 2476 nostra:

671 2533 784 2572 non
821 2518 1029 2580 ferunt,
1065 2527 1124 2570 ut
1149 2517 1413 2581 arbitror,
1451 2515 1676 2586 quando
1715 2515 1770 2569 in
1802 2531 1936 2585 pace
1965 2530 2090 2569 cum
2123 2514 2251 2567 liui-

675 2609 831 2684 tim'i
861 2610 1116 2680 gentibus
1143 2609 1330 2662 vivere
1359 2609 1507 2670 licet,
1531 2609 1676 2662 ultro
1703 2607 1906 2662 bellum
1931 2606 2247 2677 deposcere.

674 2698 780 2754 Ubi
855 2697 1172 2767 aliquandiu
1228 2697 1475 2766 Byzantii
1533 2695 1729 2761 luero,
1796 2695 1996 2750 deinde
2049 2695 2248 2750 milites

675 2791 1074 2854 mercenaries,
1100 2801 1155 2844 et
1199 2790 1294 2859 qui
1343 2803 1410 2842 ex
1461 2774 1926 2857 possessiunculis
1959 2787 2249 2840 uberiores

674 2884 905 2950 capiunt
953 2883 1185 2944 reditus,
1223 2895 1528 2944 assumens,
1565 2879 1732 2949 388
1783 2878 2110 2932 occidentali
2168 2879 2248 2930 in-

673 2987 842 3041 super
872 2973 1117 3026 exercitu
1175 2971 1701 3035 accessuro,hieme
1771 2971 1824 3023 in
1885 2969 2241 3024 Occidentem

2355 515 2626 584 νομένων,
2678 512 2826 566 οὕτω
2876 510 3150 579 προσήκει
3201 508 3483 574 πράττειν,
3543 507 3684 561 ὥστε
3713 511 3777 578 μὴ
3801 517 3867 563 τὶν

2353 607 2553 677 καιρὸν
2583 607 2729 674 ἡμᾶς
2760 604 3071 670 διαφυγεῖν.
3107 593 3184 654 Oi}
3211 599 3278 668 δὴ
3306 598 3468 652 ἕνεκα
3497 599 3579 662 είς
3621 598 3864 664 Βυζάντιον

2353 701 2502 770 ἡμᾶς
2529 696 2852 750 ἐπανελθεῖν
2907 693 3153 763 ἡγοῦμαι
3195 693 3315 746 νυνὶ
3372 693 3689 762 προσήκειν.
3737 696 3865 747 Auni.

2353 807 2512 860 μεως
2536 788 2646 858 γὰρ
2678 789 2815 858 ἡμῖν
2848 786 2984 856 πρὸς
3015 786 3115 854 τὴν
3135 784 3546 854 Πελοπόννησον
3601 784 3750 853 χρεία
3769 804 3865 837 ναυ-

2353 881 2538 949 τικῆς,
2566 879 2636 949 ἦν
2666 879 2747 932 δει
2775 877 2871 931 τοῦ
2901 878 3171 948 χειμῶνος
3223 877 3756 946 παρασκευασθῆναι.
3797 878 3866 928 ’Δν

2351 971 2451 1028 οὖν
2479 971 2687 1026 τούτων
2711 970 3092 1038 ἀμελήσαντες
3122 967 3242 1033 νῦν,
3271 967 3616 1038 τραπώμεθα
3653 969 3773 1038 πρὸς
3794 969 3866 1037 τὴν

2353 1065 2644 1134 έσπέραν,’
2681 1061 3005 1128 νομίσαντες
3039 1061 3115 1122 ὡς
3147 1060 3496 1128 ὲπανήξομεν
3552 1061 3710 1112 τάκεῖ
3736 1076 3866 1112 κατα·

2353 1155 2651 1220 στήσαντες
2681 1149 2914 1220 ταχέως,
2947 1149 3069 1214 δέος
3120 1151 3196 1219 μὴ
3225 1149 3486 1218 πολέμοις
3515 1149 3862 1219 ἐμπλακέντες,

2353 1243 2449 1296 καί
2504 1259 2652 1295 τισιν
2705 1241 2914 1310 ἑτέροις
2945 1240 3294 1308 ἀναγκαίοις,
3350 1240 3442 1292 καὶ
3483 1240 3562 1308 μὴ
3600 1239 3864 1306 δυνηθέντες

2353 1330 2912 1402 παρασκευάσασθαι,
2968 1329 3361 1391 ἐπανελθόντες
3413 1330 3758 1396 ἀπολέσωμεν
3797 1329 3866 1397 τὴν

2353 1425 2580 1496 πρᾶξιν.
2624 1421 2826 1480 Ἐὰνδὲ
2857 1419 3146 1489 γενώμεθα
3197 1422 3255 1476 ὲν
3285 1417 3570 1490 Βυζαντίῳ
3625 1419 3732 1481 νῦν,
3763 1422 3868 1489 πρὼ-

2351 1533 2420 1571 τα
2459 1517 2560 1585 μὲν
2601 1515 2918 1584 ναυάρχους
2975 1514 3394 1582 καταστήσομεν
3442 1515 3544 1566 καὶ
3593 1513 3864 1581 στρατηγὸν,

2355 1603 2438 1671 οἷς
2478 1607 2706 1677 μελήσει
2729 1608 2828 1670 τάς
2857 1621 2920 1657 τε
2951 1605 3082 1666 ναῦς
3112 1604 3526 1668 έπισκευάζειν,
3561 1604 3653 1657 καὶ
3692 1605 3865 1666 ναύτας,

2355 1700 2407 1753 οἳ
2442 1700 2805 1768 έπιδήσονται
2828 1698 2924 1751 καὶ
2947 1696 3170 1758 ὁπλίτας
3204 1696 3533 1762 καταλέγειν
3557 1737 3572 1752 .
3609 1697 3809 1749 Ἔπειτα
3829 1696 3869 1748 ἃ

2356 1792 2451 1844 καὶ
2479 1793 2608 1860 περὶ
2631 1791 2932 1860 χρημάτων
2961 1786 3298 1856 σκεψόμεθα,
3337 1786 3464 1842 ὅθεν
3492 1787 3778 1856 λαμϐάνειν
3801 1787 3870 1838 αὒ-

2353 1883 2468 1944 τοίς
2500 1881 2720 1945 ἐξέσται
2777 1881 2915 1949 πρὸς
2973 1877 3071 1932 τοῦ
3126 1877 3316 1930 στόλου
3370 1877 3469 1946 τὴν
3526 1879 3867 1947 παρασκευήν·

2354 1973 2490 2042 πρὸς
2513 1971 2569 2024 δὲ
2595 1971 2816 2032 ταύτοις
2845 1970 2940 2024 καὶ
2969 1970 3098 2032 τοὺς
3121 1969 3233 2022 τῶν
3260 1967 3542 2037 δημοσίων
3583 1969 3750 2040 φόρων
3773 1969 3870 2022 διοι-

2353 2063 2529 2133 κητὰς
2560 2061 2776 2130 ἀνάγκη
2808 2063 3096 2131 καθιστᾷν,
3124 2060 3210 2114 ἵνα
3249 2058 3328 2129 μὴ
3382 2059 3636 2122 ἀτάκτως
3687 2059 3870 2128 φερομέ-

2353 2172 2462 2209 νων
2497 2155 2593 2207 καὶ
2615 2153 2691 2216 ὡς
2722 2153 2881 2221 ἔτυχε
2908 2151 3058 2220 λύμη
3085 2167 3171 2216 τις
3211 2151 3436 2218 γένηται
3477 2152 3610 2218 περὶ
3660 2151 3869 2220 χρήματι

2353 2249 2422 2300 τὰ
2457 2246 2636 2307 κοινὰ,
2679 2242 3050 2296 ὲπιδεδωκὸτα
3102 2242 3165 2294 ού
3228 2241 3442 2312 μικρῶς
3483 2245 3548 2294 ἐκ
3605 2241 3872 2309 προσθήκης

2358 2337 2458 2407 μὲν
2491 2337 2755 2404 οὐδεμιᾶς
2791 2334 2902 2386 τῶν
2932 2333 3262 2403 εἰθισμένων
3289 2334 3499 2402 φόρων.
3551 2334 3605 2397 ἐξ
3632 2333 3810 2400 ὲτιέρων
3829 2331 3869 2382 δέ

2353 2441 2517 2476 τινων
2543 2424 2765 2492 τρόπων
2791 2423 2879 2474 καὶ
2933 2421 3209 2474 ἐπινοιῶν.
3247 2421 3502 2473 Ἐπειδὰν
3534 2422 3590 2474 δὲ
3617 2420 3772 2473 ταῦτα
3797 2419 3869 2486 τῆς

2357 2514 2747 2586 προσηκούσης
2781 2515 3103 2585 ἐπιμελείας
3132 2515 3271 2586 τύχῃ
3306 2514 3401 2567 καὶ
3447 2513 3740 2584 φροντίδος,
3769 2527 3872 2579 πρι-

2359 2608 2552 2659 σόείαν
2605 2607 2928 2676 διανοοῦμαι
2975 2605 3220 2676 πέμπειν
3255 2606 3392 2676 πρὸς
3420 2604 3519 2658 τὸν
3551 2605 3770 2674 ἄρχοντα
3792 2603 3872 2654 τῶν

2358 2696 2671 2766 Τριϐαλῶν,
2704 2697 2820 2766 ᾶμα
2859 2697 2960 2766 μὲν
2996 2695 3517 2766 κατασκεψομένους
3565 2697 3662 2763 τὴν
3705 2694 3872 2748 ἐκείνου

2357 2789 2590 2854 δύναμιν
2625 2788 2798 2858 ὁπόση
2837 2789 2950 2861 εἴη,
3007 2787 3126 2857 ἅμα
3149 2786 3206 2839 δὲ
3245 2788 3293 2840 εί
3321 2788 3414 2842 καὶ
3452 2789 3596 2857 πρὸς
3623 2786 3870 2853 διαλλαγὰς

2358 2879 2594 2947 ἑτοίμως
2631 2880 2768 2948 ἔχει,
2799 2880 3158 2950 χωρήσοντας
3191 2879 3327 2949 πρὸς
3377 2878 3690 2940 διαλύσεις·
3714 2877 3766 2930 οὐ
3789 2876 3872 2942 γὰρ

2355 2970 2602 3042 ἡγοῦμαι
2653 2971 2748 3023 νῦν
2806 2974 2940 3042 ἡμῖν
2994 2972 3316 3035 λυσιτελεῖν,
3373 2973 3497 3037 ἐξὸν
3531 2973 3741 3042 εἰρήνην
3768 2969 3872 3039 turi

678 3065 912 3119 movebo
943 3085 954 3117 ε
989 3065 1126 3118 alios
1165 3063 1315 3117 domi
1351 3079 1573 3118 manere
1607 3063 1803 3127 sinam,
1840 3072 1898 3116 ut
1929 3062 2146 3116 interim
2178 3059 2244 3114 ad

2358 3064 2464 3117 τῶν
2498 3063 2846 3135 ὁμορούντων
2905 3063 3077 3117 ἐθνῶν
3113 3066 3297 3132 ἄγειν,
3329 3066 3514 3118 ἑκοντὶ
3562 3065 3651 3118 τὸν
3683 3063 3872 3131 πόλεμον

673 3155 1105 3224 expeditionem,
1137 3169 1263 3208 cum
1304 3169 1398 3208 ver
1426 3154 1726 3223 aperietur,
1752 3153 2160 3224 suscipiendam
2189 3167 2248 3208 se

679 3255 1025 3316 comparent.
1057 3245 1123 3299 Et
1173 3246 1414 3299 Albanos
1446 3246 1590 3299 circa
1643 3245 2010 3314 Pogonianam
2065 3254 2121 3299 et
2162 3243 2250 3297 Li-

678 3340 893 3394 bisdam
931 3338 1140 3407 positos
1168 3337 1538 3406 deprazdatus,
1571 3346 1626 3390 et
1657 3336 1885 3406 injurias
1909 3335 1977 3389 ab
2009 3337 2089 3389 eis
2121 3350 2248 3404 per-

680 3439 904 3482 secutus
942 3427 1141 3496 (nostis
1167 3428 1312 3480 enim
1363 3428 1553 3495 utique
1601 3441 1696 3480 vos
1743 3426 1934 3488 etiam,
1969 3423 2248 3494 quomodo

678 3519 860 3571 adhuc
891 3517 1187 3585 superstite
1238 3517 1571 3586 imperatore
1626 3525 1681 3570 et
1717 3524 1840 3585 post
1880 3516 1999 3585 ejus
2034 3515 2248 3568 obitum

680 3608 845 3662 urbes
903 3607 1224 3660 Acarnania:
1270 3607 1580 3675 complures
1634 3615 1689 3659 et
1740 3605 2009 3674 Bal:~grita
2061 3604 2247 3672 quoti-

679 3698 863 3752 diauis
910 3697 1321 3751 incursionibus
1363 3711 1427 3750 ac
1479 3697 1886 3765 direptionibus
1934 3695 2244 3766 aﬂiixerint)

679 3790 945 3852 conabor,
994 3789 1039 3842 si
1080 3791 1309 3856 possim,
1341 3796 1399 3841 et
1418 3797 1631 3857 potero,
1665 3797 1725 3842 ut
1751 3788 1965 3858 opinor,
2003 3788 2246 3844 solemne

676 3879 886 3934 Christi
940 3879 1217 3934 Natalium
1276 3880 1523 3950 Byzantii
1593 3894 1800 3950 agere,
1857 3894 1964 3933 non
2038 3887 2246 3933 tantum

675 3975 961 4028 exercitus
996 3989 1184 4034 causa.
1211 3989 1281 4028 ne
1309 3983 1464 4028 extra
1494 3970 1628 4026 ﬁnes
1658 3972 1933 4036 hibernet,
1957 3972 2050 4026 sed
2081 3972 2246 4026 etiam

681 4075 744 4120 ut
773 4067 898 4120 novi
932 4067 1303 4136 imperatoris,
1325 4065 1789 4138 quemadmodum
1820 4066 1966 4120 inter
1995 4080 2097 4120 nos
2120 4081 2250 4119 con-

678 4158 855 4223 venit,
911 4161 1323 4213 coronationem
1363 4158 1724 4212 celebremus.
1784 4157 2016 4212 ineunte
2065 4165 2245 4212 autem

679 4263 807 4302 vere
857 4251 1180 4303 triremibus
1217 4254 1284 4303 ad
1334 4250 1735 4319 navigationem
1776 4252 2002 4318 paratis,
2039 4250 2248 4305 exerci-

683 4347 850 4407 tuque
885 4348 998 4392 toto
1026 4349 1319 4408 pracseute,
1353 4341 1790 4408 Peloponnesum
1817 4349 1960 4394 terra
2001 4342 2246 4411 marique

2357 3155 2670 3224 αίρεῖσθαιο
2703 3154 2866 3219 αὐτὸς
2913 3156 2969 3209 δὲ
3013 3156 3201 3224 ὀλίγας
3247 3157 3464 3226 ἡμέρας
3517 3156 3778 3223 Βυζαντίῳ
3808 3157 3872 3205 ὲν·

2354 3246 2671 3316 διατρίψας,
2735 3248 2928 3300 ἔπειτα
2962 3249 3022 3300 τὸ
3071 3248 3462 3317 μισθοφορικὸν
3499 3250 3602 3317 τῆς
3656 3246 3867 3319 στρατιᾶς

2355 3341 2452 3394 καὶ
2484 3340 2594 3392 τῶν
2626 3343 2690 3392 ὲκ
2715 3342 2933 3412 χωρίων
2958 3342 3054 3404 τὰς
3091 3342 3387 3409 προσόδους
3415 3343 3651 3410 ἑχόντων
3678 3342 3788 3402 τοὺς
3806 3338 3870 3390 δυ-

2357 3434 2727 3503 νατωτέρους,
2788 3434 3150 3502 παραλαὸὼν,
3203 3437 3278 3498 ὡς
3331 3437 3425 3488 καὶ
3494 3435 3590 3505 τῆς
3655 3431 3868 3498 ὲσπερῖον

2356 3527 2618 3593 στρατιᾶς
2651 3526 3043 3597 συνεσομένης,
3075 3526 3213 3598 πρὸς
3252 3528 3496 3597 ἑσπέραν
3529 3528 3622 3580 τοῦ
3649 3525 3871 3596 χειμῶνος

2358 3615 2673 3686 βαδιοῦμαι.
2707 3621 2818 3681 τοῖς
2865 3618 3047 3682 ἄλλοις
3071 3621 3369 3686 ἐπιτρέψας
3405 3620 3552 3672 οἴκοι
3601 3613 3868 3688 διατρίϐειν.
3958 3695 3960 3697 γ

2356 3714 2450 3760 καὶ
2488 3709 3006 3780 παρασκευάζεσθαι
3063 3712 3200 3780 πρὸς
3232 3709 3331 3782 τὴν
3367 3711 3659 3779 στρατείαν
3685 3708 3752 3768 ῶς
3779 3704 3866 3773 ἅμα

2352 3791 2448 3867 ἦρι
2483 3799 2770 3868 ἐσομένης.
2801 3800 2906 3852 Καὶ
2937 3799 3228 3863 Ἀλϐανοὺς
3257 3802 3381 3858 τοὺς
3415 3817 3481 3853 πε
3494 3802 3550 3871 pi
3584 3796 3866 3867 Πογονιανὴν

2354 3890 2449 3942 καὶ
2477 3889 2737 3944 Λιϐίσδαν
2759 3891 3098 3962 νεμομένους
3119 3892 3476 3962 ληϊσάμενος,
3509 3893 3604 3950 καὶ
3630 3892 3770 3950 δίκας
3797 3885 3867 3952 τῆς

2355 3979 2573 4041 ἀδικίας
2600 3979 2808 4042 ἐπιθεὶς
2834 3968 2971 4050 (ἴστε
3007 3983 3116 4053 γὰρ
3142 3981 3204 4050 δή
3235 3999 3339 4034 που
3374 3980 3469 4034 καὶ
3507 3981 3678 4045 αὐτοὶ,
3708 3978 3772 4039 ὡς
3798 3973 3867 4024 καὶ

2355 4071 2640 4143 περιόντος
2668 4069 2961 4140 βασιλέως,
2989 4073 3084 4124 καὶ
3110 4071 3250 4142 μετὰ
3275 4071 3376 4144 τὴν
3408 4074 3621 4127 ἐκείνου
3659 4065 3867 4132 τελευτὴν

2355 4162 2529 4215 πολλὰ
2556 4162 2655 4224 τὰς
2693 4163 2792 4233 τῆς
2823 4163 3186 4234 Ἀκαρνανίας
3217 4165 3402 4226 πόλεις
3452 4167 3550 4218 καὶ
3606 4161 3865 4230 Βαλάγριτι

2355 4255 2650 4307 ἐκάκωσαν
2681 4253 2954 4323 ὁσημέραι
2992 4254 3422 4324 κατατρέχοντες
3450 4256 3547 4308 καὶ
3565 4245 3864 4325 ληῖζὸμενοι)

2357 4345 2704 4415 πειράσομαι
2733 4346 2782 4397 εί
2811 4345 3084 4414 δυναίμην
3110 4361 3124 4375 ·
3179 4347 3370 4413 οίομαι
3411 4347 3470 4400 δὲ
3491 4328 3616 4416 ,τὴν
3646 4343 3742 4396 τῶν
3767 4340 3865 4410 Χρι-

682 4430 893 4498 pariter
946 4430 1286 4492 adoriamur,
1337 4447 1444 4498 qua
1485 4431 1661 4485 insula
1703 4431 1948 4498 subacta,
1975 4432 2249 4487 Romanos

2358 4433 2484 4486 στοῦ
2543 4434 2840 4501 γενεθλίων
2904 4433 3098 4504 ἑορτὴν
3149 4435 3208 4487 ἐν
3248 4434 3531 4505 Βυζαντίῳ
3570 4434 3796 4501 ἀγαγεῖν,
3818 4425 3862 4478 οὗ

680 4521 822 4574 lines
850 4537 956 4573 non
991 4537 1180 4589 parum
1225 4523 1592 4592 proleremus.
1627 4521 1758 4576 Levi
1789 4532 1972 4577 autem
2018 4524 2246 4578 brachio

2358 4527 2517 4594 μόνον
2551 4525 2642 4578 διὰ
2667 4525 2767 4594 τὴν
2817 4528 3101 4594 στρατιὰν,
3158 4525 3244 4578 ἴνα
3278 4526 3356 4595 μὴ
3388 4527 3676 4598 ὑπερόριος
3704 4525 3753 4575 ὲν
3778 4536 3864 4589 χει·

676 4608 847 4664 c:iatn
901 4609 1064 4662 lonia:
1118 4611 1363 4664 lustratis
1412 4612 1694 4667 navalibus
1718 4623 1772 4667 et
1804 4613 2145 4678 ﬂuminibus,
2177 4613 2248 4669 ad

2358 4616 2496 4685 μῶνι
2527 4616 2807 4687 διατρίὸῃ,
2843 4616 2957 4671 ἀλλ’
3009 4616 3095 4668 ῐνα
3127 4619 3221 4669 καὶ
3257 4616 3529 4687 βασιλέως
3560 4619 3592 4685 ἡ
3635 4615 3745 4668 νέου
3774 4624 3862 4661 στεο

677 4717 803 4768 quze
857 4701 1039 4754 Persa:
1091 4716 1257 4754 naves
1285 4717 1415 4755 suas
1443 4703 1744 4771 appellunt,
1782 4704 1998 4772 illisque
2033 4704 2246 4758 inﬂam-

681 4793 845 4845 matis
885 4793 986 4855 (sic
1020 4808 1255 4861 namque
1278 4810 1378 4864 ego
1405 4803 1460 4848 et
1492 4795 1731 4849 Aliseres
1785 4795 1975 4850 (Σοιὶεεὶ
2005 4803 2243 4865 satrapa,

677 4880 776 4946 qui
821 4894 884 4931 ex
917 4881 1234 4934 continente
1263 4883 1501 4949 pedestri
1537 4900 1634 4938 nos
1665 4894 1719 4938 et
1767 4886 2010 4955 equestri
2039 4887 2247 4940 auxilio

675 4970 917 5034 juvabit,
972 4971 1115 5038 pacti
1171 4974 1382 5038 sumus)
1438 4982 1493 5026 et
1545 4975 1851 5028 imminenti
1903 4976 2032 5030 inde
2095 4974 2248 5030 clade

679 5062 956 5130 anxiaque
991 5078 1121 5115 cura
1161 5062 1399 5124 liberati,
1429 5065 1684 5119 omnibus
1725 5065 1872 5119 domi
1923 5077 2071 5119 recte
2102 5068 2249 5121 ordi-

682 5154 851 5216 natis,
879 5154 943 5205 ad
983 5156 1332 5221 prepositum
1359 5164 1636 5207 certamen
1664 5154 2065 5224 aggrediemur.
2091 5157 2249 5210 Post-

679 5260 844 5312 quam
873 5245 1001 5296 huic
1029 5244 1261 5298 consnlio
1319 5245 1497 5313 magni
1553 5244 1842 5299 domestici
1871 5246 2036 5298 etiam
2064 5247 2246 5300 caeteri

679 5337 1096 5404 applauscruut,
1158 5336 1320 5405 ίνεειιὶ
1378 5337 1444 5388 ad
1496 5335 1886 5407 A'l'riballorum
1942 5338 2245 5407 principem

680 5439 807 5476 mox
853 5423 1052 5476 dclecti
1088 5436 1238 5478 sunt.
1276 5422 1378 5489 Qui
1409 5405 1667 5494 profecti,
1700 5442 1883 5494 pacctu
1919 5405 1968 5480 ei
2020 5405 2247 5496 persua-

683 5521 898 5576 scrunt,
951 5523 1006 5566 ct
1057 5513 1237 5567 i'wdus
1291 5514 1584 5581 pristinum
1629 5523 1973 5567 revocarunt.
2027 5516 2248 5582 Magnus

683 5614 850 5668 porro
890 5601 1227 5656 demesticus
1270 5613 1600 5672 congregato
1632 5608 1876 5658 exercitu
1927 5606 2245 5676 Byzantium

682 5695 910 5757 petivit;
970 5709 1132 5762 quem
1172 5696 1730 5765 appropinquantem,
1785 5700 1877 5766 qui
1927 5709 2082 5753 crant
2132 5700 2247 5753 illic

2353 4702 2601 4771 φηφορία
2652 4703 2901 4772 τελεσθῇ.
2964 4702 3124 4756 Οὕτω
3153 4703 3263 4772 γὰρ
3292 4703 3542 4755 ἐδέδοκτο
3591 4703 3712 4771 ἡμῖν
3736 4713 3748 4726 ·
3776 4695 3860 4760 ἃμα

2347 4790 2403 4842 δὲ
2436 4786 2532 4859 ἦρι
2565 4791 2854 4862 ἀρχομένῳ
2885 4791 2995 4845 τῶν
3026 4810 3086 4845 τε
3140 4793 3386 4863 τριηρῶν
3415 4792 3555 4863 πρὸς
3601 4792 3687 4844 τὸν
3731 4781 3860 4840 πλοῦν

2346 4881 2526 4934 οὐσῶν
2578 4885 3140 4952 παρεσκευασμένων,
3180 4886 3272 4936 καὶ
3311 4884 3413 4953 τῆς
3468 4883 3717 4952 στρατιᾶς
3749 4874 3858 4930 am-

2351 4988 2450 5041 σης
2505 4971 2567 5036 ἐξ
2598 4973 2926 5042 ἠπείρου-τε
2957 4973 3078 5043 ἅμα
3122 4973 3218 5026 καὶ
3267 4972 3545 5040 θαλάσσης
3577 4960 3861 5040 «patimini-

2353 5079 2451 5130 μεν
2501 5066 2566 5133 τῇ
2626 5064 3055 5134 Πελοποννήσῳ·
3109 5067 3169 5117 οὺ
3201 5065 3337 5135 -γάρ
3399 5066 3572 5134 μικρᾶ
3619 5060 3857 5131 προσθήκη

2355 5154 2649 5222 γενήσεται
2694 5156 3013 5225 Ῥωμαίοις,
3045 5155 3110 5209 ἂν
3151 5155 3564 5224 ύπαγαγὼμεοα
3623 5151 3858 5204 ἐκείνων

2349 5244 2470 5296 ὁδοῦ
2511 5246 2568 5297 δὲ
2610 5247 2888 5314 πάρεργον
2920 5249 3015 5300 καὶ
3041 5248 3170 5308 τοὺς
3192 5248 3286 5315 τῆς
3328 5245 3536 5305 Ἰωνίας
3563 5233 3860 5311 διερευνησά-

2355 5351 2506 5403 μενοι
2538 5338 2922 5408 ναυστάθμους
2952 5337 3050 5390 καὶ
3103 5337 3381 5406 ποταμοὺς
3409 5338 3466 5388 έν
3499 5333 3581 5397 οἷς
3617 5335 3663 5384 oi
3693 5329 3858 5396 Πέρσαι

2349 5428 2444 5489 τᾲς
2482 5429 2750 5496 σφετέρας
2776 5429 2955 5482 αὐτῶν
2994 5428 3425 5500 προσορμίζουσι
3476 5425 3624 5486 ναῦς,
3655 5423 3737 5473 καὶ
3781 5432 3858 5479 κατ

2348 5518 2710 5587 ταφ>.ἐξαντες
2727 5521 2862 5589 nup‘t
2909 5519 3075 5590 (οὕτω
3102 5519 3480 5588 γάρἍλησέρῖ
3517 5515 3587 5586 τῷ
3603 5508 3856 5566 Κοτυαείου

2353 5612 2606 5680 σατράπῃ
2647 5615 2742 5663 καὶ
2793 5613 2917 5680 ἐμοὶ
2970 5612 3334 5670 συντέθειται,
3389 5614 3452 5662 ὲκ
3502 5609 3603 5678 τῆς
3666 5601 3854 5673 ἠπείρου

2355 5701 2802 5772 παραϐοηθοῦντι
2841 5705 2955 5772 ἅμα
2991 5705 3221 5773 στρατιᾷ
3251 5700 3387 5768 πεζῇ
3419 5716 3474 5754 τε
3509 5700 3604 5751 καὶ
3654 5690 3852 5755 ἱππικῇ).
