4096 6300
310 327 360 386 ’1Δ
381 324 415 385 3
1429 315 1927 378 HISTOIIIARUI

1923 319 1969 378 I1
2009 318 2243 380 LIBER
2289 315 2406 381 III.
3434 315 3466 376 7
3507 314 3540 375 4

311 439 408 488 καὶ
437 437 537 504 τῆς
570 430 630 498 ἐξ
661 432 888 487 ἐκείνων
921 427 1332 497 ἀπαλλαγέντες
1369 429 1552 498 λύμης
1586 430 1682 482 καὶ
1711 447 1876 499 φρον-
1910 444 1928 494 ,t

1928 444 1946 492 ι
1980 440 2259 500 proceres,
2299 430 2514 484 obviam
2549 443 2608 484 se
2633 427 2894 494 ferentes,
2934 438 2990 484 et
3023 427 3092 484 ab
3121 428 3278 498 equis
3317 429 3545 484 descen-

308 527 471 588 τίδος,
504 527 640 595 πρὸς
698 526 792 576 τὸν
851 522 1216 592 προκείμενον
1266 519 1605 589 βώιούμεθα
1663 523 1874 590 ἀγῶνα,

1979 521 2173 578 dentes
2221 521 2637 575 consalutarunt
2661 557 2676 580 ,
2709 535 2850 588 quos
2894 520 2984 574 ille
3013 527 3072 572 ut
3104 518 3318 586 ineptos
3357 519 3546 586 ol~jur-

311 619 491 669 πάντα
533 615 602 667 τὰ
661 613 802 670 οἶκοι
858 613 1306 681 καταστήσαντες
1365 612 1568 674 καλῶς.
1637 611 1877 664 Τοιαῦτα

1979 611 2126 680 gavit
2153 627 2168 671 ;
2203 625 2633 681 p:ogre35n5que
2664 611 2718 664 in
2761 611 3043 679 palatium,
3095 610 3417 680 Augustam,
3447 624 3505 662 sa
3525 638 3537 648 -

312 701 411 753 τοῦ
472 699 712 769 μεγάλου
751 698 1197 767 βουλευσαμένου
1252 698 1604 767 δομεστίκου,
1639 701 1730 751 ἐπὶ
1785 700 1880 756 καὶ

1980 702 2094 756 lute
2127 702 2293 760 dicta.
2317 718 2382 754 ex
2411 702 2722 756 calamitate
2751 717 2949 770 εει-λιιι
2981 701 3170 763 animi,
3198 711 3253 753 et
3285 711 3543 770 :rgrotaut

312 797 426 854 τοῖς
448 793 626 854 ἀλλοις
651 790 932 844 συνεδόκει
959 792 1052 842 καὶ
1079 789 1314 859 ἐπῄνουν
1335 789 1436 862 τὴν
1470 789 1673 861 βουλήν
1699 805 1714 819 ⁸
1741 790 1878 860 πρὸς

1981 809 2212 862 corpore
2261 795 2596 856 consolatus,
2628 803 2684 848 ct
2730 793 2992 862 expositis
3023 809 3143 860 qua;
3182 791 3546 863 Didymoticlii

320 884 421 953 μὲν
450 884 543 934 τὸν
572 881 861 952 Τριϐαλὼν
919 880 1183 950 ἄρχοντα,
1223 880 1487 948 πρέσϐεις
1525 869 1756 950 ᾑροῦντο
1785 881 1880 938 αὑ-

1981 886 2202 957 egisset,
2249 901 2479 954 quaeque
2534 885 3057 954 Peloponnesiorum
3108 885 3299 950 legalis
3344 883 3549 952 promi-

313 974 446 1027 τίκα
471 989 485 1003 °
517 971 569 1024 οἱ
597 973 690 1023 xa‘t
723 973 1164 1040 παραγενόμενοι
1201 972 1295 1024 καὶ
1339 971 1720 1042 διαλεχθέντες
1751 971 1881 1042 περὶ

1983 976 2164 1036 sisset,
2196 989 2428 1044 quasque
2485 973 2592 1028 illis
2635 983 2691 1026 ct
2735 973 2856 1028 aliis
2890 972 3068 1028 facere
3113 973 3398 1040 cogitaret,
3427 988 3551 1040 sp‘s

317 1063 568 1131 εἰρήνης,
600 1059 828 1116 ἐπεισάν
860 1075 918 1112 τε
947 1058 1325 1122 διαλύσασθαι,
1363 1062 1458 1114 καὶ
1501 1061 1687 1114 ἔθεντο
1719 1077 1884 1114 σπον-

1985 1082 2210 1138 magnas
2239 1074 2299 1118 ut
2325 1066 2845 1136 conciperet,atque
2879 1074 2939 1120 ut
2959 1065 3063 1119 sibi
3097 1066 3306 1126 fideret,
3329 1068 3549 1133 quando

315 1153 412 1206 δας
445 1152 588 1204 κατὰ
624 1150 724 1214 τὰς
763 1148 930 1213 οὔσας
961 1150 1115 1218 πρίν.
1160 1151 1222 1205 Ὀ
1264 1151 1437 1218 μέγας
1469 1151 1524 1210 δὲ
1555 1150 1879 1220 δομέστικος

2015 1174 2085 1211 iro
2140 1159 2260 1225 ejus
2315 1167 2370 1210 et
2425 1157 2700 1220 ﬁliorum,
2759 1158 3239 1226 Romanorumque
3303 1158 3548 1210 Omnium
3624 1197 3632 1204 .

319 1239 678 1311 ἁθροίζεσθαι
726 1239 990 1314 κελεύσας
1042 1240 1140 1310 τὴν
1179 1243 1465 1311 στρατιὰν,
1515 1243 1676 1303 αὐτὸς
1711 1243 1777 1294 ἵει
1803 1243 1883 1305 είς

1989 1248 2248 1310 utilitate,
2285 1248 2435 1300 omni
2467 1247 2652 1302 studio
2684 1248 3078 1316 alacritateque
3110 1257 3550 1317 pugnaturus,‘ct

321 1331 637 1395 Βυζάντιον.
692 1330 851 1383 Ἐπεὶ
909 1332 966 1384 δὲ
1024 1331 1240 1401 ἐγένετο
1289 1332 1478 1399 ἐγγὺς,
1527 1332 1578 1384 οί
1607 1330 1884 1400 Βυζαντίῳ

1986 1355 2165 1408 neque
2214 1340 2466 1409 pecuniis
2521 1354 2697 1407 neque
2749 1338 3002 1406 sanguini
3035 1353 3135 1391 suo
3163 1353 3424 1406 pazsurus
3459 1336 3549 1399 sit,

322 1426 598 1494 παρόντες
628 1425 738 1477 τῶν
801 1425 1043 1493 συγκλητ
1071 1425 1182 1478 κῶν
1210 1425 1284 1490 είς
1309 1425 1614 1495 ὑπάντησιν
1643 1425 1888 1489 ἐξελθόν-

1990 1430 2240 1485 hortatus
2273 1438 2359 1484 cst
2409 1430 2564 1484 Nunc
2589 1429 2813 1498 quidem
2843 1438 3181 1498 quantopere
3209 1443 3332 1482 cum
3363 1427 3551 1480 rediti-

316 1533 431 1582 τες,
469 1516 783 1584 ἠσπάζοντο
815 1517 924 1569 τῶν
985 1517 1168 1570 ἵππων
1201 1515 1506 1580 ἀποϐάντες
1533 1531 1548 1547 ⁸
1604 1512 1639 1569 δ
1670 1516 1726 1569 δὲ
1758 1517 1887 1572 ἐπέ-

1992 1523 2092 1575 lius
2126 1521 2512 1575 mnninunibus
2546 1529 2742 1574 auctus
2777 1520 2849 1574 sit
2899 1521 3200 1581 exercitus,
3232 1533 3340 1571 non
3393 1517 3553 1570 facile

319 1609 556 1680 πληττεν
591 1609 778 1672 αὐτοῖς
811 1608 889 1671 ὼς
909 1609 971 1661 οὗ
1008 1608 1355 1679 προσήκοντα
1383 1607 1632 1664 ποιοῦσιν
1661 1625 1675 1637 ο
1696 1606 1888 1662 ἔπειτα

1991 1625 2152 1682 posse
2212 1609 2398 1664 verbis
2444 1612 2854 1666 demonstrari:
2898 1626 3025 1665 vere
3087 1625 3246 1672 novo,
3286 1609 3331 1663 si
3385 1609 3550 1669 vivat,

319 1700 400 1760 είς
439 1699 508 1750 τά
543 1697 791 1766 βασίλεια
822 1697 1014 1762 ἐλθὼν,
1069 1697 1353 1765 ἠσπάζετό
1404 1714 1463 1750 τε
1491 1696 1764 1768 βασιλίδα,
1796 1699 1887 1756 καὶ

1993 1700 2161 1755 nullis
2193 1700 2373 1754 vetbis
2402 1715 2540 1769 opus
2573 1702 2840 1764 futurum,
2870 1716 2992 1756 cum
3027 1701 3140 1769 ipse
3176 1715 3401 1768 operum
3443 1699 3556 1751 fru-

321 1789 698 1860 παρεμυθεῖτο
728 1789 934 1858 λόγοις,
993 1788 1092 1841 οὐκ
1122 1788 1395 1853 ἀλγοῦσαν
1441 1790 1602 1858 μόνον
1632 1789 1736 1842 ὑπὸ
1778 1788 1887 1842 τῶν
1921 1773 1938 1827 1

1935 1773 1962 1827 Β
1989 1801 2112 1844 ctus
2141 1789 2193 1844 id
2226 1789 2712 1847 demonstraverit.
2747 1790 2912 1860 389
2935 1790 3141 1845 Deinde
3175 1789 3387 1844 collatis
3424 1804 3552 1842 cum

321 1866 645 1952 συμφορῶν,
687 1880 824 1933 ἀλλὰ
855 1880 949 1933 καὶ
977 1881 1034 1932 τὸ
1066 1879 1225 1946 σῶμα
1256 1879 1694 1950 νοσηλευομένην
1715 1896 1729 1910 ·
1789 1879 1886 1933 καὶ

1991 1897 2054 1936 ea
2078 1881 2146 1936 ob
2175 1897 2296 1950 qua:
2319 1890 2563 1945 venerat,
2607 1882 2695 1936 tibi
2734 1891 2790 1936 et
2823 1882 2912 1935 illa
2951 1890 3011 1935 ut
3039 1879 3324 1936 commoda
3357 1880 3558 1949 proba-

319 1972 736 2042 διηγησάμενος
766 1974 866 2026 ὂσσ.
921 1991 978 2024 τε
1013 1973 1244 2044 πράξειε
1301 1971 1442 2042 πρὸς
1496 1973 1885 2043 Διδυμότειχον

1991 1973 2094 2036 vit,
2142 1983 2200 2028 et
2253 1973 2541 2027 consilium
2591 1972 2712 2042 ejus
2761 1971 3105 2041 approbavit,
3147 1969 3214 2025 ad
3257 1971 3495 2026 delibera
3524 1985 3554 2023 a

320 2061 515 2128 ἐλθὼν,
557 2065 651 2116 καὶ
698 2065 799 2116 ὃσα
846 2065 956 2128 τοῖς
1010 2065 1074 2116 ἐκ
1136 2063 1542 2131 Πελοποννήσου
1595 2066 1888 2132 πρέσϐεσιν

1202 2063 1542 2131 ελοποννήσου
1595 2066 1888 2132 πρέσϐεσιν
1994 2079 2160 2132 opera
2194 2063 2517 2134 explicanda
2561 2077 2621 2116 se
2649 2061 2819 2125 dedit.

321 2153 734 2220 ἐπαγγείλαιτο,
769 2147 856 2204 οἶά
891 2169 948 2204 τε
975 2153 1240 2206 διανοοῖτο
1269 2153 1395 2223 περί
1423 2170 1482 2208 τε
1536 2153 1761 2210 ἐκείνων
1813 2153 1910 2208 καὶ
1950 2155 2079 2222 περ)⁸
2116 2153 2224 2207 τῶν
2287 2153 2462 2208 ἄλλων
2526 2153 2809 2223 πράττειν,
2843 2152 3054 2221 μεγάλα
3103 2169 3163 2204 τε
3193 2151 3435 2216 ἐλπίζειν
3461 2170 3559 2203 πα-

323 2242 476 2314 ρῄνει
501 2245 593 2295 καὶ
623 2241 772 2311 αὑτῷ
805 2243 1030 2314 θαρρεῖν
1056 2243 1130 2305 ὡς
1165 2243 1306 2314 ὑπὲρ
1338 2243 1603 2310 ὠφελείας
1633 2245 1804 2316 αὐτῆς
1864 2263 1922 2298 τε
1962 2247 2058 2302 καὶ
2087 2246 2292 2298 παίδων
2325 2244 2422 2298 καὶ
2449 2244 2543 2298 τοῦ
2562 2244 2744 2299 κοινοῦ
2794 2241 3103 2310 Ῥωμαίων,
3128 2242 3250 2296 οὔτε
3283 2244 3555 2312 σώματος,

319 2331 444 2383 οὔτε
477 2333 776 2402 χρημάτων
837 2333 1165 2403 φειδομένῳ,
1225 2332 1363 2386 ἀλλὰ
1405 2336 1586 2388 πᾶσαν
1616 2334 2007 2406 ἐπιδειξομένῳ
2068 2339 2162 2389 καὶ
2234 2335 2468 2404 σπουδὴν
2537 2338 2632 2390 καὶ
2706 2336 3036 2406 προθυμίαν.
3065 2333 3180 2389 Νῦν
3220 2335 3320 2403 μὲν
3353 2336 3460 2402 γὰρ
3495 2336 3557 2387 οὐ

324 2426 506 2496 ῥᾴδιον
532 2422 676 2478 εἶναι
741 2425 923 2496 λόγοις
958 2428 1058 2495 τήν
1096 2443 1152 2477 τε
1204 2427 1466 2495 στρατιᾶς
1519 2426 1762 2482 ἐπίδοσιν
1800 2427 1894 2480 καὶ
1929 2427 2042 2484 τῶν
2106 2426 2383 2496 προσόδιον
2409 2426 2518 2480 τῶν
2545 2425 2741 2484 κοινῶν
2808 2425 3204 2482 ἀποδεικνΰειν.
3256 2425 3456 2495 Ἕαρος
3501 2426 3560 2478 εδ

323 2514 614 2587 γινομένου
645 2518 693 2571 εί
734 2521 788 2569 ὲν
816 2518 985 2583 ζῶσιν
1011 2521 1118 2590 sin,
1145 2519 1206 2575 οὐ
1231 2518 1407 2586 λόγων
1467 2518 1760 2589 δεήσεσθαι
1826 2518 1963 2586 πρὸς
2002 2519 2103 2587 τὴν
2135 2518 2432 2582 ἀπόδειξιν,
2493 2518 2551 2583 ἐξ
2592 2518 2772 2572 αὐτῶν
2818 2519 2926 2571 τῶν
2953 2519 3130 2586 ἔργων
3171 2519 3414 2589 φανερᾶς
3460 2522 3560 2586 τῆς

221 2634 233 2644 ι
322 2609 590 2677 ὠφελείας
645 2612 961 2682 γινομένης.
991 2612 1222 2665 Ἔπειτα
1250 2611 1506 2678 καὶπερὶ
1544 2604 1618 2665 ὧν
1685 2611 1810 2681 ἥκει
1874 2611 2272 2680 κοινωσάμενος
2335 2609 2411 2674 ὡς
2455 2611 2551 2665 καὶ
2594 2611 2733 2682 αὐτῇ
2805 2612 3178 2682 συμφέρονται
3207 2609 3405 2676 ἐδόκει,
3463 2612 3558 2663 καὶ

323 2702 634 2772 ἐπεψήφιζε
693 2704 793 2771 τὴν
855 2703 1074 2775 βουλὴν,
1115 2704 1278 2774 ἔργου
1317 2702 1498 2774 εἴχετο
1531 2705 1628 2762 καὶ
1693 2702 1882 2773 διῴκει
1921 2699 2158 2777 πάνταῇ
2193 2703 2534 2774 βεϐούλευτο.

1743 2838 1968 2894 CAPUT
2011 2838 2148 2894 XIII.

333 2958 552 3014 Clamor
581 2958 826 3025 confusus
855 2965 976 3009 ante
1005 2954 1302 3030 palatium;
1334 2973 1558 3030 causam
1582 2957 1696 3028 ejus
1753 2955 1894 3009 litem
1935 2958 2172 3030 aliquam
2216 2972 2386 3016 censet
2429 2979 2651 3030 magnus
2690 2947 3036 3024 domesticus;
3072 2960 3223 3014 discit
3261 2976 3317 3012 se
3347 2975 3563 3012 car-sam

402 3044 532 3090 esse,
571 3045 664 3096 pro
697 3025 1070 3100 cujuslionorc
1108 3025 1295 3081 milites
1339 3035 1386 3078 et
1414 3025 1616 3100 nobiles
1641 3035 1834 3100 contra
1859 3025 2216 3100 patrium/iam
2259 3030 2451 3100 linguis
2483 3025 2810 3100 pugnabant.
2838 3031 2965 3084 Rem
2989 3031 3314 3096 imperatrici
3353 3039 3561 3092 narrat,

403 3114 615 3149 monens
643 3104 697 3152 ut
721 3097 954 3164 homines
988 3105 1254 3165 protervos
1290 3098 1531 3164 castiget,
1568 3097 1705 3164 quod
1732 3096 1858 3164 facit
1891 3099 2241 3166 castigatione
2262 3103 2316 3152 in
2335 3096 2524 3171 'partes
2556 3096 2724 3154 certas
2774 3101 3071 3152 distributa.

417 3209 614 3280 Ὀλίγῳ
644 3211 699 3262 δὲ
746 3210 974 3277 ὕστερον
1007 3208 1067 3272 ἐξ
1105 3208 1324 3277 ἐκείνης
1356 3211 1454 3278 τῆς
1485 3209 1696 3277 ἡμέρας
1719 3209 1776 3261 ἐν
1802 3207 1897 3277 βα·
1926 3219 1966 3272 c

1944 3219 1966 3272 ζ
2071 3212 2239 3267 Paulo
2269 3224 2390 3282 post
2421 3214 2564 3269 diem
2599 3215 2772 3280 illum,
2802 3214 2930 3268 dum
2959 3215 3014 3266 in
3048 3213 3195 3281 regia
3226 3228 3349 3267 cum
3380 3213 3561 3280 impe-

331 3303 558 3363 σιλείοις
594 3300 760 3353 αὐτοῦ
799 3303 865 3369 τῇ
901 3299 1133 3369 βασιλίδι
1178 3299 1566 3370 διαλεγομένου
1618 3301 1744 3366 περὶ
1792 3299 1899 3351 τῶν

2003 3302 2198 3357 ratrice
2229 3303 2297 3356 de
2333 3305 2609 3372 republica
2643 3304 3070 3366 sermocinatur,
3101 3313 3157 3360 et
3183 3305 3343 3373 ambo
3374 3304 3442 3357 de
3477 3320 3562 3358 rc-

329 3393 531 3447 κοινῶν
579 3395 673 3445 καὶ
723 3395 876 3462 κοινῇ
931 3391 1339 3461 βουλευομένων
1384 3391 1515 3460 περὶ
1565 3384 1640 3444 ὧν
1687 3391 1754 3443 ἂν
1789 3391 1898 3442 δέοι

1953 3432 1958 3433 κ
2001 3392 2102 3444 bus
2133 3393 2356 3460 agendis
2391 3394 2734 3459 consultant,
2765 3394 2898 3450 furis
2952 3395 3221 3448 tumultus
3251 3402 3308 3448 et
3336 3397 3562 3449 comini-

330 3486 624 3555 πράττειν,
673 3482 836 3552 θροῦς
879 3482 1078 3548 ἔξωθεν
1132 3482 1364 3551 ἠκούετο
1391 3483 1483 3535 καὶ
1535 3481 1632 3550 βοὴ
1677 3482 1806 3550 περὶ
1834 3482 1902 3534 τὰ

2000 3493 2118 3536 stus
2144 3483 2349 3537 clamor
2395 3486 2712 3540 exauditur.
2758 3486 3130 3554 Interrogante
3181 3499 3249 3542 ea
3303 3484 3561 3555 quidnam

331 3576 588 3647 βασίλεια
614 3579 910 3644 συμμιγής·
949 3576 1216 3643 ἐρομένης
1245 3574 1302 3626 δὲ
1333 3577 1430 3642 τῆς
1465 3559 1732 3644 βασιλίδος
1764 3574 1901 3644 προς

2001 3572 2104 3629 boc
2127 3583 2291 3636 esset,
2324 3578 2543 3644 negavit
2567 3589 2626 3630 se
2666 3586 2879 3631 eertum
2922 3576 3088 3640 scire,
3120 3577 3346 3630 credere
3378 3586 3559 3631 latttt‘n

332 3669 503 3721 αὑτὸν
525 3665 577 3718 τί
606 3666 671 3718 ἂν
719 3665 803 3733 εἴη
857 3663 1049 3725 ταῦτα,
1079 3664 1309 3732 φάσκειν
1364 3664 1464 3732 μὲν
1504 3665 1659 3716 οὐδὲν
1703 3663 1901 3716 εἰδέναι

2001 3665 2070 3718 ob
2100 3666 2248 3720 litem
2279 3667 2512 3736 aliquam
2544 3669 2826 3740 jurgantes
2853 3669 2934 3723 sic
2963 3683 3058 3723 eos
3081 3666 3392 3725 vociferari,
3428 3668 3562 3734 quin

334 3759 601 3826 ἔφασκενσ
630 3755 837 3808 οἴεσθαι
868 3755 923 3806 δὲ
952 3755 1088 3824 πρὸς
1128 3754 1228 3824 τὴν
1255 3753 1414 3822 δίκην
1438 3754 1602 3807 τινῶν
1649 3753 1902 3823 ἀλλήλοις

2001 3757 2148 3810 aliud
2205 3757 2342 3811 nihil
2398 3773 2620 3827 prorsus
2661 3774 2721 3814 se
2768 3770 2989 3828 putasse
3023 3769 3207 3827 postea
3249 3759 3560 3820 aﬂirmavit,

334 3849 733 3913 ἀντιλεγόντων
761 3847 852 3898 τὸν
881 3846 1111 3914 θόρυϐον
1151 3847 1396 3913 γίνεσθαι
1439 3847 1667 3899 τουτονί⁹
1698 3846 1904 3918 διισχυ-

2005 3862 2180 3916 neque
2212 3849 2359 3902 enim
2409 3849 2493 3903 vel
2545 3849 2660 3917 ipse
2709 3849 2841 3916 quid
2870 3855 3125 3918 ageretur
3168 3847 3399 3901 sciebat.
3433 3845 3563 3900 Grc-

339 3939 525 4010 ρίζετο
553 3939 606 3996 δὲ
633 3941 724 3990 καὶ
753 3937 1006 4005 ὕστερον,
1039 3936 1190 3989 οὐδὲν
1225 3937 1353 3990 ἀλλο
1382 3937 1633 4006 οἰηθῆναι
1657 3938 1773 4007 ,τὴν
1801 3939 1900 4005 ἀρ·

2004 3945 2188 3990 scente
2220 3946 2277 3989 et
2306 3936 2512 3990 diutius
2577 3935 2810 3989 durante
2858 3936 3110 4002 strepitu,
3149 3943 3301 3990 ratus
3349 3943 3406 3988 et
3449 3935 3563 4002 ipse

333 4029 464 4098 χήν.
501 4028 636 4080 Οὐδὲ
667 4029 775 4094 γὰρ
811 4025 921 4079 οὐδ’
969 4025 1136 4087 αὐτδς
1160 4029 1212 4078 τί
1241 4026 1357 4097 ᾔδει
1401 4027 1508 4081 τῶν
1543 4028 1902 4095 γιγνομένων.

2004 4025 2283 4094 quidpiam
2334 4026 2462 4079 nevi
2515 4025 2736 4087 tentari,
2783 4039 3016 4093 surgens
3056 4024 3190 4088 exit,
3225 4024 3302 4078 uti
3343 4039 3563 4078 causam

337 4122 576 4172 Ἔπειτα
609 4120 684 4181 ὡς
737 4117 938 4188 μείζων
988 4115 1058 4190 ἦν
1087 4121 1116 4172 ό
1152 4118 1380 4188 θόρυϐος
1427 4119 1520 4170 καὶ
1554 4119 1906 4187 παρετείνετο

2005 4118 2258 4169 noscitet.
2287 4113 2498 4168 Atrium
2528 4113 2714 4181 palatii
2754 4113 2999 4182 plenum,
3034 4128 3142 4166 non
3174 4128 3239 4166 cx
3268 4113 3394 4165 albo
3423 4113 3565 4165 tuiti-

333 4214 596 4276 ἐπιπολὺ,
629 4212 858 4280 νομίσας
889 4212 983 4263 καὶ
1012 4211 1173 4272 αὐτὸς
1205 4210 1468 4279 νεώτερόν
1493 4226 1544 4262 τι
1573 4205 1734 4280 εἶναι,
1769 4213 1900 4262 ἀνα-

2009 4206 2106 4260 tari
2135 4206 2332 4271 solum,
2373 4204 2466 4259 sed
2499 4203 2661 4256 ctiam
2691 4218 2756 4256 ex
2781 4199 3076 4272 juvenibus
3117 4201 3397 4256 nobilitate
3441 4203 3564 4257 illo-

337 4306 480 4366 στάς
547 4305 694 4374 ἐξῄει
733 4306 924 4370 μαθεῖν
956 4305 1154 4358 ἐθέλων
1207 4305 1316 4355 τῶν
1360 4303 1656 4372 γινομένων
1693 4303 1790 4370 τὴν
1824 4304 1908 4352 αξ-

2007 4294 2232 4355 stribus,
2265 4302 2320 4346 et
2368 4291 2734 4361 patriarcbam
2767 4298 2998 4344 stantem
3028 4290 3082 4343 in
3120 4290 3323 4356 medio,
3353 4292 3564 4346 verbis.

332 4398 484 4450 τίαν.
532 4397 664 4466 Ὁρᾷ
705 4396 760 4448 δὲ
787 4396 891 4448 τῶν
933 4396 1220 4464 βασιλείων
1245 4394 1341 4464 τὴν
1383 4394 1550 4462 αὐλὴν
1594 4393 1904 4462 πλήθουσαν

2005 4400 2110 4454 que
2144 4400 2267 4438 cum
2299 4384 2430 4452 ipsis
2465 4383 2771 4438 velitantem
2803 4381 2970 4436 videt.
3003 4381 3177 4436 Causa
3206 4383 3565 4437 dissensionis

335 4487 575 4558 ἀνδρῶν,
628 4487 677 4539 οἵ
723 4484 864 4556 ἦσαν
907 4488 966 4539 οὐ
1000 4486 1092 4539 τοῦ
1150 4483 1548 4556 στρατιωτικοῦ
1599 4484 1902 4550 καταλόγου
1933 4546 1952 4558 _

1951 4546 1977 4558 ,Α
2008 4483 2146 4540 erat,
2183 4475 2328 4546 quod
2377 4474 2456 4527 illi
2515 4489 2768 4542 magnum
2820 4473 3182 4527 domesticqu
3236 4474 3440 4544 majore
3479 4474 3568 4526 di-

343 4546 528 4649 μόνον,
633 4580 699 4632 λὰ
742 4546 834 4632 καὶ
867 4580 976 4632 τῶν
1025 4580 1111 4632 ἐπ’
1144 4546 1392 4648 εὐγενείᾳ
1436 4546 1904 4644 λαμπρυνομένων
1933 4546 1960 4606 Ῑ

1954 4547 1984 4604 ί)
2011 4566 2284 4636 gnandum
2324 4565 2531 4618 honore
2574 4567 2892 4626 censebant,
2937 4571 2991 4617 et
3035 4578 3141 4620 non
3194 4571 3253 4617 ut
3293 4578 3462 4616 unum
3500 4565 3571 4619 de

338 4673 504 4737 νέων,
536 4673 626 4722 καὶ
658 4671 748 4721 τον
779 4669 1128 4738 πατριάρχην
1174 4670 1231 4720 ἐν
1260 4669 1446 4737 μέσοις
1484 4667 1666 4728 αὐτοῖς
1699 4665 1906 4718 ἑστῶτα

2013 4656 2195 4708 intima
2226 4655 2378 4723 plebe
2408 4654 2585 4708 aulam
2615 4654 2799 4722 palatii
2836 4654 3064 4722 pedibus
3097 4654 3300 4708 debere
3332 4654 3567 4723 ingredi,

339 4761 445 4812 καὶ
475 4757 884 4828 λογομαχοῦντα
924 4759 1056 4826 πρὸς
1102 4757 1298 4817 αὐτοὺς
1341 4756 1783 4824 διαφερομένους.
1816 4755 1910 4805 Αἰ-

2010 4744 2099 4812 qni
2122 4745 2229 4810 jam
2264 4760 2372 4797 non
2415 4757 2628 4798 summo
2660 4743 2908 4810 imperio,
2939 4744 3033 4797 sed
3067 4745 3307 4798 defuncti
3344 4759 3567 4814 quoque

341 4853 438 4902 τία
479 4850 536 4901 δὲ
564 4850 660 4916 τῆς
689 4849 954 4916 διαφορᾶς
987 4843 1074 4914 ἦν,
1117 4846 1196 4897 ὅτι
1231 4845 1298 4915 δὴ
1322 4842 1509 4912 ἠξίουν
1557 4843 1800 4910 μείζονος
1832 4857 1911 4891 τι-

2012 4834 2359 4904 imperatoris
2410 4834 2635 4900 collega,
2678 4843 2736 4887 et
2771 4832 2967 4888 crebro
3012 4833 3080 4887 ad
3128 4837 3570 4888 communionem

347 4942 459 5010 μῆς
489 4941 578 4991 τὸν
613 4941 784 5009 μέγαν
815 4937 1143 5005 δομέστικον
1173 4935 1382 4987 δίκαιον
1413 4931 1703 5000 τυγχάνειν
1749 4925 1909 4996 εἶναι,

2011 4924 2226 4995 imperii
2261 4926 2327 4980 ab
2352 4925 2546 4980 eodem
2583 4925 2840 4980 invitatus
2881 4923 3108 4992 fuisset;
3153 4935 3317 4994 atque
3363 4925 3573 4978 idcirco
3607 4971 3609 4974 ι

345 5034 447 5086 καὶ
485 5031 559 5101 μὴ
583 5033 696 5092 τοῖς
731 5031 947 5092 πολλοῖς
984 5029 1188 5096 ὁμοίως
1219 5026 1358 5097 πεζῇ
1383 5024 1490 5078 τῶν
1519 5023 1802 5094 βασιλείων
1837 5026 1914 5074 εἰ-

2013 5017 2375 5086 patriarcham
2406 5017 2722 5087 carpebant,
2742 5017 2836 5086 qui
2863 5018 3201 5078 conniveret,
3219 5032 3318 5070 nec
3339 5017 3573 5084 impera-

346 5125 531 5177 σιέναι
564 5128 662 5193 τὴν
690 5123 884 5192 αὐλήν·
945 5121 1002 5184 ὃς
1034 5122 1094 5172 οὐ
1141 5121 1300 5190 μόνον
1348 5117 1443 5171 νῦν
1467 5118 1574 5170 τῶν
1601 5115 1736 5168 ὅλων
1773 5131 1912 5178 πρα-

2017 5112 2206 5166 tricem
2238 5110 2399 5165 cilicii
2433 5110 2518 5164 sui
2547 5111 2886 5164 admoneret.
2928 5107 3051 5162 llaec
3076 5108 3149 5160 illi
3175 5108 3569 5175 loquebantur;

343 5217 580 5283 γμάτων
603 5215 715 5283 ἔχει
744 5216 846 5284 τὴν
878 5212 1077 5282 ἀρχὴν,
1111 5211 1246 5264 ἀλλὰ
1272 5212 1365 5262 καὶ
1409 5208 1667 5278 βασιλέως
1702 5206 1914 5273 περιόν-

2015 5217 2118 5258 nec
2146 5211 2265 5256 erat
2297 5217 2403 5254 una
2433 5216 2584 5255 mens
2613 5199 2890 5254 omnibus.
2917 5198 3050 5252 Nam
3081 5198 3175 5265 qui
3205 5198 3356 5252 illum
3381 5198 3577 5269 dilige-

344 5323 468 5372 τος,
516 5303 1008 5374 παραδυναστεύων
1054 5298 1144 5373 ἦν,
1179 5302 1272 5355 καὶ
1303 5299 1560 5360 πολλάκις
1595 5298 1683 5349 ὑπ’
1710 5295 1914 5348 ἐκείνου

2018 5295 2168 5356 bant,
2209 5293 2370 5359 eique
2401 5306 2466 5344 ex
2499 5291 2684 5344 animo
2715 5288 3030 5353 studebant,
3058 5286 3202 5357 quod
3239 5287 3572 5354 sentiebant,

345 5374 844 5465 προσκεκλημένοέ
879 5394 1016 5465 πρὸς
1048 5393 1146 5463 τὴν
1180 5391 1452 5462 βασιλείας
1480 5389 1785 5440 κοινωνίαν.
1827 5385 1916 5438 Ἐν

2018 5385 2072 5440 id
2114 5385 2168 5438 in
2199 5397 2293 5435 ore
2325 5381 2631 5444 habebant;
2667 5379 2759 5432 alii
2792 5389 2937 5431 metu
2971 5379 3118 5433 illius
3149 5377 3404 5447 potentiae
3432 5385 3573 5432 tem-

347 5487 560 5549 αἰτίαις
591 5505 650 5538 τε
683 5488 777 5538 τὸν
804 5486 1157 5555 πατριάρχην
1189 5483 1278 5535 διὰ
1305 5482 1475 5533 ταῦτα
1510 5477 1808 5543 ἐποιοῦντο,
1834 5479 1917 5528 δτι

2019 5474 2137 5545 pori
2178 5470 2569 5524 inserviebant.
2610 5469 2779 5522 Erant
2825 5467 2987 5522 etiam
3020 5467 3112 5534 qui
3157 5481 3438 5540 sermones
3476 5468 3578 5524 lius

347 5581 420 5649 δὴ
447 5577 748 5648 περιορῴη,
801 5576 898 5629 καὶ
944 5577 1018 5644 μὴ
1068 5573 1299 5644 βασιλίδι
1347 5569 1644 5640 παραινοίη
1691 5570 1755 5619 τα
1789 5584 1922 5635 προ·

2020 5565 2215 5636 a-grius
2244 5564 2501 5626 ferentes,
2532 5560 2770 5614 libenter
2803 5559 3122 5621 vetuissent,
3155 5557 3198 5610 si
3237 5559 3575 5626 potuissent;

353 5673 618 5739 σήκοντα.
645 5668 830 5722 Ταῦτα
859 5667 924 5736 δὴ
956 5667 1139 5728 αὐτοῖς
1169 5664 1401 5733 ἐλέγετο,
1436 5664 1495 5715 οὗ
1537 5664 1702 5714 πᾶσιν
1731 5659 1921 5730 again;

2023 5655 2381 5713 nihilominus
2408 5656 2645 5723 quartam
2679 5647 2804 5702 mali
2838 5646 3130 5701 formidine
3162 5649 3414 5719 pluribus
3448 5649 3581 5705 asti-
