4096 6300
615 367 720 426 775

1776 355 2012 415 Jé‘}.\.\’;\'
2030 359 2094 412 i5
2131 349 2656 412 CAN'I‘AL‘UZENI
2701 339 2706 344 ’
3728 346 3816 405 ῗῗϐ

613 479 786 548 pulari
815 478 1158 540 videbantur,
1194 477 1516 545 cogitantes,
1555 473 1672 541 ipso
1701 471 1926 527 conscio
1955 483 2008 525 et
2043 470 2184 534 clam

2294 466 2478 534 ἔχουσι
2511 463 2606 524 τὰς
2640 458 2886 530 γνώμας,
2931 459 3046 512 ἀλλ’
3080 453 3158 521 οἷς
3193 458 3292 527 μὲν
3338 455 3514 510 εὔνοια
3548 456 3675 525 πρὸς
3704 457 3818 506 ἐκεῖ.

614 571 739 623 tilia
791 570 1046 623 moliente
1090 567 1218 621 dici.
1283 565 1596 620 Patriareha
1643 578 1835 616 eorum
1891 558 2178 614 assertioni

613 658 916 722 adversari,
952 666 1006 710 et
1040 656 1174 709 nihil
1206 655 1564 712 turbandum.
1621 653 1716 706 sed
1753 653 1816 705 iis
1849 650 1980 720 qua:
2013 649 2182 717 impe-

619 749 805 802 ratrici
862 757 918 800 et
969 761 1164 814 magno
1217 745 1519 799 domestico
1589 742 1970 811 placuissent,
2023 740 2185 793 obse-

613 838 888 905 quendum
922 836 1278 891 contendere.
1323 835 1460 890 Cum
1485 836 1538 888 in
1561 833 1669 889 hoc
1691 841 1835 888 esset
1866 844 2185 887 iontrover-

612 926 714 986 sia,
756 925 981 994 ejusque
1032 933 1330 994 conspectu
1377 939 1567 979 omnes
1617 925 2035 987 conticuisseut,
2064 922 2185 976 aliis

613 1018 830 1084 quidem
903 1015 1053 1069 Velut
1136 1017 1318 1071 iratus
1370 1017 1506 1070 nihil
1568 1016 1730 1080 dixit,
1815 1016 2182 1085 patriarcham

613 1119 797 1161 autent
861 1107 1182 1174 increpuit,
1235 1107 1382 1176 quod
1436 1108 1751 1162 hominibus
1803 1107 2188 1176 insipientibus

612 1214 773 1250 aures
789 1198 1211 1256 cmnmodasset.
1233 1209 1288 1251 et
1309 1199 1599 1252 verborum
1622 1214 1743 1253 eum
1768 1199 1902 1267 ipsis
1926 1198 2188 1268 digladia-

617 1289 764 1341 tioue
803 1289 989 1341 turbas
1019 1289 1331 1342 excitasset.
1361 1289 1525 1358 390
1553 1289 1785 1343 Proinde
1825 1289 2041 1357 litigare
2069 1303 2188 1343 ces-

616 1386 782 1439 saret,
826 1377 1085 1442 postridie
1114 1392 1301 1429 secum
1330 1379 1396 1430 de
1420 1379 1516 1431 lite
1545 1387 1788 1440 acturus,
1821 1384 1877 1430 et
1909 1376 1983 1429 ita
2017 1389 2189 1443 usque

614 1467 680 1520 ad
715 1483 916 1536 equum
953 1467 1210 1534 ,deduxit,
1267 1468 1374 1522 hoc
1425 1468 1601 1522 oliicio
1649 1468 1996 1538 ohjurgatum
2053 1465 2191 1519 deli-

617 1558 795 1619 niens.
827 1561 970 1627 quod
1012 1569 1136 1614 ante
1172 1575 1279 1614 non
1311 1561 1542 1625 solebat,
1593 1559 1689 1614 sed
1724 1559 1776 1613 in
1811 1557 2189 1628 penetralibus

617 1648 802 1714 palatii
835 1648 1138 1702 valedicere
1167 1664 1230 1703 ac
1267 1650 1468 1702 reverti
1533 1657 1917 1704 consueverat.
1964 1647 2044 1700 Ad
2082 1650 2188 1700 im-

619 1740 944 1806 peratricem
989 1755 1154 1808 porro
1194 1741 1433 1801 rediens,
1478 1741 1745 1793 tumultus
1795 1754 2015 1794 causam
2065 1755 2190 1792 nar-

619 1839 722 1891 rat,
754 1839 810 1882 et
843 1845 951 1896 quo
984 1839 1142 1896 pacto
1170 1829 1537 1897 patriarcham
1579 1839 1805 1898 propter
1845 1823 2194 1898 intempesti-

619 1935 739 1972 vam
773 1919 1240 1975 concertationem
1273 1919 1737 1987 reprehendisset,
1767 1918 2026 1988 quodque
2057 1919 2192 1973 stulo

620 2019 801 2062 torum
851 2025 1131 2063 sermones
1183 2011 1399 2078 ineptos
1455 2010 1795 2075 attendisset,
1845 2019 1901 2065 et
1941 2025 2066 2065 eum
2114 2010 2194 2065 uti

619 2101 842 2153 domum
898 2100 1073 2154 abiret
1127 2101 1522 2154 admonuisset.
1561 2101 1924 2156 Asseverabat
1968 2101 2096 2155 item
2131 2115 2197 2156 ac

619 2191 792 2244 Deum
829 2199 1022 2244 testem
1057 2190 1316 2254 faciebat,
1347 2205 1408 2268 se
1438 2191 1646 2245 nullius
1677 2192 1874 2246 horum
1908 2207 2028 2246 esse
2059 2206 2196 2246 con-

619 2281 816 2343 scium,
876 2281 972 2335 sed
1026 2281 1094 2334 ab
1141 2281 1792 2351 imperitis~quibusdam
1843 2282 2077 2350 superbe
2132 2294 2196 2335 ac

626 2371 826 2426 stolide
853 2386 915 2426 ca
973 2371 1202 2424 moveri.
1253 2373 1424 2436 Quem
1476 2385 1600 2425 cum
1650 2373 1716 2424 de
1769 2371 1947 2425 turbis
1993 2370 2197 2426 sedatis

617 2463 1035 2518 commendaret
1074 2461 1418 2530 imperatrix,
1480 2460 1585 2515 Sed
1631 2460 1706 2514 illi
1737 2461 1979 2529 quidem,
2017 2461 2197 2529 inquit

622 2567 850 2622 magnus
883 2551 1236 2614 domesticus,
1269 2552 1436 2610 suasi,
1465 2549 1603 2603 nihil
1631 2549 1924 2604 verborum
1946 2549 2195 2614 adderet,

623 2644 962 2710 domumque
1014 2640 1348 2705 discederet;
1399 2640 1706 2709 intelligens
1784 2639 1864 2694 sic
1913 2655 2001 2694 me
2043 2641 2195 2694 litem

626 2749 748 2788 mea
787 2733 1140 2802 potissimum
1192 2747 1354 2786 causa
1401 2741 1646 2786 exortam
1697 2730 1852 2786 facile
1898 2732 2199 2799 diremptu-

566 2817 571 2824 ”
625 2838 766 2875 rum.
801 2823 878 2874 Te
923 2831 1104 2876 autem
1140 2835 1356 2886 moneo,
1392 2830 1450 2874 ut
1501 2821 1810 2889 superbiam
1843 2821 1998 2874 istam
2035 2820 2200 2886 finul-

626 2922 738 2965 tant
774 2926 841 2964 ne
871 2911 1168 2979 relinquas,
1200 2926 1391 2964 verum
1419 2911 1718 2965 accersitos
1747 2919 1972 2980 propter
1998 2910 2199 2980 linguae

626 3003 1034 3070 protervitatem
1063 3001 1387 3070 ohjurgites.
1425 3003 1702 3057 Monerem
1725 3005 1891 3058 etiam
1925 3013 1984 3057 ut
2010 3013 2060 3058 te
2096 3002 2197 3056 ad-

627 3093 848 3145 modum
914 3093 1020 3147 illis
1075 3093 1266 3146 iratam
1322 3095 1657 3160 ostenderes,
1706 3095 1806 3148 nisi
1864 3093 2018 3148 brevi
2065 3092 2194 3147 hinc

627 3183 877 3251 pluribus
909 3197 1099 3238 eorum
1129 3183 1316 3237 ascitis
1346 3183 1688 3238 discessurus
1722 3198 1923 3238 essem.
1976 3181 2193 3238 Idcirco

627 3273 718 3326 ubi
765 3283 1026 3344 quantum
1075 3278 1209 3329 satis
1243 3283 1325 3327 est
1377 3290 1472 3328 eos
1526 3273 1899 3344 castigaveris,
1960 3282 2184 3329 causata

623 3363 982 3431 profectionis
1016 3378 1148 3417 meae
1187 3365 1594 3429 necessitatem,
1645 3367 1803 3420 venia
1835 3367 1960 3421 illos
1989 3367 2192 3436 imper-

629 3463 749 3506 tito.
779 3453 1020 3520 Augusta
1049 3451 1294 3505 monenti
1319 3453 1599 3517 obsecuta,
1619 3456 1768 3508 viros
1793 3454 1912 3509 illos
1939 3455 2191 3522 accersit,

627 3544 903 3596 inscitiam
930 3543 1244 3611 exprobrat,
1271 3543 1416 3612 quod
1467 3545 1610 3598 inter
1653 3546 1800 3614 leges
1835 3549 2010 3616 regias
2043 3547 2188 3602 edu-

627 3632 758 3694 cati,
789 3641 846 3684 et
881 3631 935 3684 in
979 3632 1045 3685 iis
1077 3646 1108 3683 a
1145 3633 1349 3686 teneris
1378 3634 1605 3696 versati,
1650 3637 1824 3688 nihilo
1849 3645 2028 3690 tamen
2065 3638 2197 3690 Bar-

628 3722 776 3774 baris
806 3735 930 3789 rege
963 3721 1278 3775 carentibus
1311 3731 1651 3791 praestarent,
1709 3734 1764 3778 et
1787 3726 2055 3795 quidquid
2085 3727 2193 3781 sibi

627 3811 954 3874 obstitisset,
1005 3811 1192 3864 statim
1246 3813 1436 3867 turbas
1475 3828 1538 3868 ac
1591 3815 1882 3869 tumultum
1956 3818 2192 3872 cierent.

629 3899 956 3967 l’erpendite
1003 3901 1173 3963 enim,
1226 3902 1424 3971 inquit,
1455 3918 1565 3971 quo
1597 3919 1742 3958 nunc
1776 3906 2028 3962 amentia:
2056 3923 2189 3978 pro-

627 3990 866 4042 dieritis.
900 3989 1142 4042 Primum
1179 3993 1324 4044 enim
1357 3993 1410 4045 in
1454 3993 1573 4063 ipso
1613 3995 1813 4064 palatio
1847 3997 2198 4066 imperatori-

634 4080 737 4132 bus
786 4088 974 4147 aperte
1041 4083 1405 4150 repnguastis.
1457 4083 1660 4139 Deinde
1710 4103 1834 4140 cum
1891 4089 2198 4156 patriarcha

627 4170 902 4222 communi
938 4171 1183 4224 omnium
1217 4171 1376 4226 Patre
1405 4175 1703 4243 spirituali,
1743 4185 1798 4230 et
1847 4179 1994 4232 omni
2041 4193 2199 4234 reve-

631 4261 804 4312 rentia
840 4261 1182 4329 dignissimo,
1235 4265 1410 4331 magis
1457 4281 1620 4334 quam
1649 4270 1742 4335 qui
1778 4283 1876 4336 per
1905 4283 2195 4337 corporum

631 4350 1073 4418 conjunctiottcm
1120 4366 1222 4404 nos
1251 4363 1604 4421 generarunt,
1636 4357 1880 4410 altercati
1908 4359 2059 4412 estis.
2089 4358 2199 4412 Po-

2285 575 2375 609 νον
2402 551 2492 623 ἦν,
2529 552 2894 615 ἐσπουδάζετο
2927 569 2985 602 τε
3021 550 3236 620 ἀληθῶς
3260 550 3462 618 ὁμοίως
3489 549 3585 600 καὶ
3613 547 3816 612 ἐλέγετο·

2285 646 2334 698 οἱ
2365 644 2409 697 δ’
2441 643 2778 711 ἐθεράπευον
2803 641 2894 692 τὸν
2929 638 3122 709 καιρὸν
3164 638 3257 690 καὶ
3301 638 3400 706 τὴν
3433 636 3664 706 μεγάλου
3691 636 3821 704 δομεο

2287 736 2472 787 στίκου
2523 734 2771 801 δύναμιν.
2824 728 3004 784 Ἦσαν
3066 731 3122 782 δέ
3172 729 3221 780 οἳ
3281 731 3372 780 καὶ
3423 729 3821 795 δυσχεραίνοντες

2289 825 2424 894 πρὸς
2451 825 2577 886 τοὺς
2611 823 2827 890 λόγους,
2856 821 2953 874 καὶ
2976 821 3146 890 ἡδέως
3179 810 3605 878 ἂνκωλύσοντες
3632 818 3677 868 εἰ
3702 815 3819 882 ἐξῆν,

2289 917 2437 983 ὅμως
2471 914 2574 966 ὑπὸ
2622 915 2775 976 δέους
2821 915 3134 982 συμφωνεῖν
3181 911 3405 982 ἐδόκουν
3438 911 3552 970 τοῖς
3592 905 3820 966 πολλοῖς,

2289 1006 2525 1075 οἰόμενοι
2557 1005 2766 1059 ἐκείνου
2815 1004 3114 1065 συνειδότος
3145 1003 3239 1056 καὶ
3271 1000 3494 1069 ἀφανῶς
3541 998 3610 1052 τὰ
3633 997 3824 1049 τοιαῦτα

2293 1097 2718 1162 συσκευάζοντος
2769 1097 3050 1166 εἰρῆσθαι.
3111 1094 3170 1147 Ὀ
3205 1094 3560 1162 πατριάρχης
3607 1091 3661 1142 δὲ
3706 1093 3825 1144 ἀντιο

2293 1190 2590 1242 καθίστατο
2622 1189 2758 1259 πρὸς
2786 1188 2911 1248 τοὺς
2937 1187 3152 1254 λόγους,
3184 1186 3279 1238 καὶ
3309 1185 3382 1255 μὴ
3411 1185 3522 1236 δεῖν
3549 1183 3722 1249 ἔλεγεν
3756 1181 3828 1231 αὑ-

2292 1284 2418 1342 τοὺς
2445 1283 2701 1344 ἀτάκτως
2746 1280 3021 1348 θορυϐεῖν,
3055 1277 3187 1330 ἀ).λά
3228 1275 3522 1329 πείθεσθαι
3557 1277 3664 1335 τοῖς
3709 1272 3829 1340 βασι-

2291 1373 2394 1426 λίδι
2464 1373 2558 1425 καὶ
2612 1371 2836 1442 μεγάλῳ
2894 1370 3200 1438 δομεστίκῳ
3282 1364 3690 1434 ἐγνωσμένοις.
3755 1363 3826 1414 Ἐν

2293 1464 2504 1525 τούτοις
2528 1464 2585 1516 δὲ
2614 1464 2716 1532 τῆς
2749 1462 2923 1532 ἔριῗος
2957 1460 3186 1520 ἐκείνοις
3211 1456 3400 1525 οὔσης,
3433 1458 3557 1509 ἐπεὶ
3593 1455 3830 1508 ἐπέπαυτο

2296 1554 2588 1624 φανέντος,
2619 1555 2734 1614 τοῖς
2763 1553 2860 1622 μὲν
2891 1551 3072 1614 ἄλλοις
3102 1549 3292 1621 ὥσπερ
3315 1549 3672 1617 ὀργιζόμενος
3707 1545 3830 1598 οὐδὲν

2295 1647 2530 1712 εἰρήκει,
2563 1642 2910 1712 πατρίαρλην
2940 1642 2996 1694 δέ
3030 1643 3329 1710 ἐμέμφετο,
3377 1639 3462 1692 ὅτι
3492 1639 3726 1707 ἀνοήτων
3759 1639 3829 1688 ἀνι

2297 1735 2537 1806 θρώπων
2575 1735 2859 1803 προσέχων
2885 1734 3064 1799 λόγοις
3095 1733 3295 1801 ἕστηκε
3332 1729 3472 1797 πρὸς
3498 1729 3689 1790 αὐτοὺς
3712 1727 3831 1792 λογι-

2225 1807 2266 1862 B
2300 1826 2490 1896 μαχῶν
2540 1825 2636 1878 καὶ
2682 1823 2912 1895 θόρυϐον
2962 1823 3164 1878 κινῶν.
3210 1821 3576 1874 Συνεϐούλευέ
3623 1836 3677 1872 τε
3720 1820 3834 1871 olm

2292 1917 2571 1969 ἀπελθεῖν·
2641 1915 2738 1968 καὶ
2787 1913 2972 1984 ’μηδὲν
3023 1912 3160 1982 πρὸς
3214 1911 3463 1974 ἐκείνους
3516 1909 3833 1978 διαφέρεσθαι

2296 2009 2412 2072 νῦν,
2446 2007 2518 2070 ὡς
2551 2008 2608 2069 ἐς
2639 2009 2740 2075 τὴν
2773 2006 3071 2074 ὑστεραίαν
3102 2003 3216 2072 ᾰμα
3243 2002 3392 2072 αύτῷ
3421 2003 3554 2072 περὶ
3584 2001 3688 2054 τῶν
3715 2001 3836 2069 εἰρη-

2298 2099 2476 2169 μένων
2505 2094 2854 2166 ποιησομένῳ
2877 2095 3055 2161 λόγον’
3087 2091 3221 2164 προέ
3233 2094 3413 2161 πεμπέ
3443 2109 3506 2145 τε
3543 2091 3667 2162 ἄχρι
3694 2090 3835 2143 ἵππον

2295 2188 2616 2259 θεραπεύων
2643 2188 2730 2240 διά
2759 2188 2858 2251 τὴν
2873 2187 3009 2256 πρὸς
3037 2185 3198 2238 αὑτὸν
3226 2183 3604 2253 γεγενημένην
3640 2182 3835 2252 μέμψιν,

2295 2282 2450 2335 οὔπω
2476 2281 2744 2352 πρότερον
2774 2279 2934 2332 τοῦτο
2960 2279 3346 2348 εἰργασμένος,
3382 2275 3504 2330 ἀλλ’
3551 2278 3610 2327 ἐν
3639 2277 3738 2336 τοῖς
3763 2273 3837 2342 βαι

2300 2372 2525 2432 σιλείοις
2559 2372 2728 2432 οῖκοις
2758 2369 3206 2437 συνταττόμενος.
3241 2366 3611 2434 ἀναστρέφειν
3641 2364 3835 2424 εἰωθώς.

2296 2464 2390 2526 Εἰς
2423 2447 2670 2533 βασιλίδα
2700 2461 2756 2514 δέ
2783 2459 2942 2523 αὖθις
2993 2461 3020 2514 ὀ
3053 2460 3228 2529 μέγας
3272 2459 3598 2527 δομέστικος
3641 2455 3836 2510 ἐπανελ-

2297 2549 2427 2616 θὼν,
2464 2551 2563 2618 τὴν
2597 2549 2780 2602 αἰτίαν
2805 2548 2899 2601 τοῦ
2929 2548 3160 2619 θορύϐου
3189 2547 3432 2618 διηγεῖτο
3453 2563 3470 2580 ο
3522 2548 3665 2608 ὅπως
3687 2563 3740 2598 τε
3764 2545 3839 2597 αὖ·

2295 2647 2386 2705 τὸς
2409 2642 2505 2710 τῆς
2523 2641 2757 2710 ἀκαίρου
2784 2639 3122 2708 φιλονεικίας
3149 2639 3514 2709 μεμψάμενος
3538 2637 3836 2707 πατριάρίῃ,

2298 2735 2379 2788 ὅτι
2410 2735 2656 2802 ἀνοήτων
2689 2731 2996 2800 ἀνθρώπων
3025 2731 3290 2802 προσχοίη
3330 2730 3516 2798 ὶόγοις
3557 2731 3732 2799 ἔχουσι
3760 2745 3839 2796 μη-

2297 2825 2389 2878 δὲν
2421 2823 2594 2890 ύγιές,
2628 2823 3020 2892 παραινέσειεν
3065 2822 3249 2874 οἴκαδε
3300 2821 3628 2890 ἀναχωρεῖν.
3661 2823 3840 2888 Anq:-

2300 2914 2481 2986 ρίζετό
2511 2931 2570 2967 τε
2615 2914 2706 2966 καὶ
2744 2913 2905 2974 αὐτὸς
2947 2913 3464 2981 ἐπιμαρτυρόμενος
3501 2912 3654 2976 Θεὸν,
3683 2911 3749 2972 ὡς
3769 2910 3840 2963 οὖν

2299 3005 2389 3058 δέν
2415 3005 2521 3057 τῶν
2544 3003 2858 3072 λεγομένων
2891 3003 3184 3072 συνειδείη,
3216 3002 3331 3056 ἀλλ’
3375 3001 3483 3055 ὑπό
3518 3020 3674 3055 τινων
3697 3002 3837 3052 ἀπαι·

2298 3096 2502 3150 δεύτων
2529 3096 2622 3149 ὑπ’
2646 3094 2933 3157 αὐθαδείας
2961 3095 3202 3163 ἀνοήτως
3219 3094 3494 3164 κινηθείη.
3514 3092 3836 3160 Ἐπαινούσης

2297 3186 2356 3241 δὲ
2400 3187 2499 3254 τῆς
2551 3185 2824 3256 βασιλίδος
2860 3188 2952 3239 ἐπὶ
2982 3185 3061 3255 τῷ
3104 3185 3192 3238 τδν
3223 3185 3452 3254 θόρυϐον
3501 3181 3838 3257 καταστεῖλαι,

2307 3277 2447 3331 ’Δλλθ
2475 3277 2665 3346 ἐκείνῳ
2700 3279 2823 3347 μὲν,
2855 3278 2882 3329 ό
2918 3276 3091 3345 μέγας
3112 3277 3428 3346 δομέστικος
3454 3275 3586 3345 ἔφη,
3618 3272 3840 3328 συνεϐού-

2294 3369 2460 3422 λευσα
2504 3369 2672 3440 μηδὲν
2717 3367 3006 3438 προσθέντι
3052 3369 3164 3430 τοῖς
3223 3368 3547 3436 εἰρημένοις
3591 3365 3836 3420 ἀπελθεῖν·

2295 3459 2441 3515 οὕτω
2484 3459 2716 3514 συνιδὼν
2753 3460 2951 3531 ῥᾳδίως
2983 3459 3258 3514 διαλύσειν
3283 3459 3381 3530 τὴν
3403 3460 3732 3530 φιλονεικίαν
3761 3456 3842 3527 μά-

2295 3550 2458 3604 λιστα
2496 3553 2624 3622 περὶ
2658 3551 2792 3620 ἐμοῦ
2832 3551 3227 3622 γεγενημένην.
3267 3552 3358 3603 Σοί
3419 3552 3476 3604 δὲ
3526 3553 3601 3624 μὴ
3639 3553 3729 3618 τὴν
3760 3549 3840 3603 αὖ·

2297 3642 2517 3696 θάδειαν
2546 3641 2896 3713 ἀτιμώρητον
2929 3641 3183 3712 παραινῶ
3210 3643 3506 3714 περιϊδεῖν,
3536 3642 3669 3698 ἀλλά
3690 3642 3838 3709 λόγοις

2299 3732 2530 3786 κολάσαι
2569 3732 3094 3802 προσκαλεσαμένην
3119 3731 3216 3802 τῆς
3247 3731 3508 3803 γλώσσης
3546 3735 3644 3803 τῆς
3672 3733 3838 3786 axon.

2299 3825 2419 3886 σίας
2459 3823 2642 3876 ἕνεκα.
2685 3821 2975 3893 Παρῄνεσα
3009 3823 3054 3879 δ’
3092 3823 3159 3877 ἂν
3191 3825 3282 3878 καὶ
3322 3826 3610 3879 ἐπιπλεῖον
3636 3824 3840 3888 ἐνδείξα-

2297 3915 2421 3968 σθαι
2458 3917 2558 3984 τὴν
2607 3916 2777 3986 ὀργὴν
2835 3917 2933 3986 τὴν
2982 3916 3121 3986 πρὸς
3171 3916 3405 3981 αὐτοὺς,
3441 3919 3497 3972 εἰ
3558 3921 3634 3988 μὴ
3664 3917 3837 3986 ταχέως

2297 4007 2522 4076 ιμελλον
2556 4007 2770 4060 ἐνθένδε
2805 4007 3229 4073 ἀπελεύσεσθαι,
3268 4010 3397 4073 τοὺς
3436 4009 3661 4074 πλείους
3691 4007 3838 4062 αὐτῶν

2299 4098 2666 4169 παραλαϐών.
2705 4099 2794 4152 Διὸ
2834 4099 2973 4168 μετά
3029 4100 3090 4152 τὸ
3129 4099 3480 4169 καθάψασθαι
3526 4101 3836 4173 ἀρκούντως,

2299 4190 2586 4261 παράσχου
2646 4191 3015 4261 συγγνώμην,
3063 4193 3364 4263 αἰτιωμένη
3411 4197 3516 4264 τῆς
3566 4189 3838 4260 ὁδοιπορίας

2298 4281 2398 4352 τὴν
2421 4282 2686 4350 ἀνάγκην.
2732 4273 2801 4352 Ὦ
2830 4281 3119 4336 πεισθεῖσα
3175 4285 3270 4337 καὶ
3295 4287 3329 4354 ἡ
3363 4284 3584 4353 βασιλὶς
3632 4285 3744 4344 τοὺς
3766 4280 3839 4332 ἄν·

2298 4372 2433 4443 δρας
2487 4389 2544 4425 τε
2598 4373 3011 4442 προσεκαλεῖτο,
3064 4375 3161 4428 καὶ
3206 4375 3486 4438 ὠνείδιζεν
3547 4377 3720 4435 αὐτοῖς
3760 4373 3836 4433 τὴν

631 4451 837 4492 stremo
866 4440 1029 4494 etiam
1064 4457 1162 4509 pro
1191 4457 1384 4511 magno
1415 4443 1716 4498 domestico
1748 4447 2000 4502 videlicet
2029 4448 2192 4503 verba

2299 4440 2692 4528 ἀπαιδευσίαν,
2736 4461 2817 4514 ὅτι
2861 4461 3127 4530 βασιλέων
3179 4463 3613 4533 ἐντεθραμμένοι
3659 4463 3830 4530 νόμοιςι

632 4531 876 4596 fecistis;
919 4532 1064 4600 quod
1097 4531 1163 4583 ad
1189 4547 1288 4585 vos
1323 4533 1541 4596 attinet,
1582 4536 1840 4593 docentes
1867 4553 1990 4592 eum
2021 4552 2196 4595 vestra

637 4621 732 4674 ind
758 4637 886 4690 gere
921 4637 1044 4690 ope,
1079 4624 1124 4676 si
1157 4640 1262 4692 qua
1312 4625 1389 4679 illi
1441 4642 1497 4680 re
1541 4642 1570 4680 a
1615 4629 1770 4683 nobis
1799 4646 1936 4700 opus
1963 4633 2053 4685 sit.
2087 4633 2200 4687 lloc

630 4723 813 4765 autem
865 4713 1324 4769 absurdissimum
1369 4707 1528 4781 esse,
1564 4735 1670 4772 non
1697 4721 1842 4784 aliis,
1902 4723 1994 4776 sed
2045 4723 2198 4778 vobis

536 4813 544 4820 ·
634 4800 766 4866 ipsis
800 4801 1080 4867 iudicibus
1113 4805 1344 4856 utamini
1377 4806 1524 4860 licet.
1556 4807 1672 4862 Non
1705 4811 1850 4864 enim
1881 4812 2040 4865 modo
2063 4813 2200 4867 dun-

633 4899 800 4945 taxat.
854 4892 1072 4958 quando
1109 4894 1173 4946 ad
1228 4909 1352 4948 eum
1405 4909 1617 4951 sunnna
1650 4914 1830 4953 rerum
1883 4905 2199 4970 procuratio

629 4973 884 5033 devoluta
913 4992 1015 5046 est,
1050 4985 1143 5036 sed
1175 4993 1230 5037 et
1262 4986 1384 5038 vivo
1410 4988 1736 5055 imperatore
1767 4991 1920 5045 vobis
1944 4995 2199 5048 omnibus

632 5070 721 5123 hic
769 5084 1017 5139 prmcrat,
1052 5073 1103 5126 in
1138 5077 1336 5144 quibus
1368 5079 1752 5148 imperatorem
1792 5063 2184 5152 requirebatis,

633 5171 874 5214 vestrum
903 5176 1092 5218 contra
1120 5167 1199 5220 illi
1244 5185 1424 5224 nemo.
1464 5172 1640 5236 Quare
1674 5190 1795 5227 cum
1831 5192 1858 5227 e
1885 5182 2197 5245 prieleritis,

630 5263 740 5306 tum
793 5270 824 5307 e
882 5259 1238 5323 praesentibus
1294 5247 1507 5317 discere
1535 5281 1653 5318 .vos
1693 5270 2002 5334 oportebat,
2040 5271 2194 5324 illum

631 5351 812 5394 vestro
872 5348 1176 5410 patrocinio
1229 5365 1338 5404 non
1391 5368 1573 5421 cgere.
1608 5354 1725 5407 Non
1769 5357 1915 5408 enim
1949 5369 2052 5421 est,
2087 5376 2193 5413 non

627 5443 730 5494 est,
762 5435 1005 5502 inquam,
1049 5441 1192 5505 quod
1248 5443 1362 5503 ille,
1401 5443 1446 5496 si
1484 5447 1632 5508 velit,
1668 5463 1776 5500 non
1823 5451 1902 5501 vel
1949 5451 2076 5515 sibi,
2110 5453 2195 5505 vel

629 5525 750 5575 aliis
778 5529 1072 5580 curaverit.
1113 5530 1266 5594 Quod
1299 5534 1457 5602 391
1493 5552 1616 5589 eum
1655 5540 1724 5592 ita
1761 5541 1852 5606 sit,
1881 5550 1935 5592 et
1983 5542 2196 5596 fatean—

633 5622 719 5663 tur
753 5631 944 5670 omnes
981 5635 1082 5672 nec
1120 5637 1216 5674 vos
1252 5633 1456 5680 temere
1502 5629 1821 5682 tumultuari
1878 5634 2196 5702 turbat-ique

630 5706 1009 5780 conveniebat,
1049 5718 1212 5777 atque
1250 5715 1373 5767 ideo
1415 5732 1519 5768 non
1570 5719 1816 5785 gratiam,
1849 5720 1940 5774 scd
1974 5737 2191 5790 pmnant

2301 4553 2392 4603 καὶ
2425 4552 2671 4613 συνόντες
2719 4553 2782 4603 ἐκ
2813 4552 3026 4619 παιδὸς,
3078 4554 3232 4607 οὐδὲν
3275 4557 3501 4624 ἄμεινον
3535 4557 3641 4608 τῶν
3673 4553 3834 4606 ἀϐασι-

2297 4641 2501 4694 λεύτων
2531 4642 2808 4695 διάκεισθε
2852 4643 3167 4714 βαρϐάρων,
3206 4647 3311 4698 πᾶν
3341 4647 3400 4698 τὸ
3434 4646 3835 4716 προσιστάμενον

2299 4733 2427 4800 ὑμῖν
2463 4735 2713 4796 ἀτάκτως
2765 4735 3144 4804 θορυϐοῦντες.
3184 4737 3445 4792 Σκοπεῖτε
3497 4740 3606 4809 γὰρ
3634 4741 3708 4798 εἰς
3736 4737 3836 4787 ὅσον

2299 4825 2479 4887 ἀνοίας
2507 4825 2742 4894 ἡλάσατε
2772 4827 2906 4881 νυνί.
2935 4829 3157 4898 Πρῶτον
3215 4831 3313 4900 μὲν
3343 4833 3453 4902 γὰρ
3487 4835 3544 4885 ἐν
3583 4828 3836 4900 βασιλείοις

2300 4917 2548 4986 φανερῶς
2592 4918 2874 4970 ἁντείπετε
2926 4919 3230 4987 βασιλεῦσι.
3265 4925 3529 4992 Δεύτερον
3567 4924 3612 4975 δ’
3654 4922 3834 4973 Gum-

2299 5007 2536 5076 τριάρχῃ
2570 5007 2888 5079 διηνέχθητε
2918 5014 3085 5079 κοινῷ
3115 5014 3333 5066 πάντων
3359 5015 3474 5066 ὄντι
3507 5013 3671 5082 πατρί
3700 5025 3834 5060 πνευ-

2302 5113 2534 5162 ματικςλ,
2575 5100 2668 5149 καὶ
2720 5103 2956 5167 μάλιστα
3009 5103 3208 5172 πολλῆς
3241 5105 3421 5165 αἰδοῦς
3457 5105 3615 5174 ἀξίῳ,
3662 5105 3745 5153 καὶ
3769 5115 3830 5147 1:-

2302 5187 2408 5254 μῆς
2427 5189 2603 5257 πολλῷ
2627 5190 2834 5260 πλέονῆ
2861 5194 2911 5244 οἱ
2933 5197 3209 5264 σᾳρκικὼς
3235 5197 3647 5265 γεγεννηκὸτες.
3673 5190 3834 5260 Τρίτον

2297 5273 2340 5324 δ’
2361 5274 2457 5324 ὅτι
2509 5277 2606 5330 καὶ
2662 5279 2806 5348 ύπέρ
2845 5282 3086 5349 μεγάλου
3117 5282 3443 5350 δομεστίκου
3484 5284 3643 5352 δῆθεν
3673 5275 3832 5342 ἐποιή-

2301 5367 2465 5419 σασθε
2497 5371 2618 5429 τοὺς
2654 5369 2866 5438 λόγους,
2897 5373 2958 5424 τό
2986 5391 3048 5442 γε
3081 5376 3158 5436 εἰς
3185 5375 3325 5443 ὑμᾶς
3352 5368 3484 5445 ἧκον
3516 5367 3834 5426 ἀποδεικνύν-

2297 5473 2387 5520 τες
2436 5458 2524 5510 διά
2572 5464 2813 5524 τούτων,
2867 5463 2963 5530 τῆς
3014 5466 3145 5533 παρ’
3200 5466 3352 5534 ὑμῶν
3399 5467 3559 5519 αὐτὸν
3613 5465 3831 5531 δεόμενον

2299 5550 2622 5616 ἐπικουρίας
2657 5555 2735 5615 εἰς
2770 5556 2830 5605 τὸ
2856 5558 3041 5624 τυχεῖν
3073 5558 3124 5608 εἰ
3158 5576 3300 5619 τινος
3329 5560 3495 5610 δὀιτο
3524 5558 3650 5626 παρ’
3680 5553 3828 5624 ἡμῶν·

2301 5641 2471 5692 Τοῦτο
2495 5643 2538 5694 δ’
2563 5645 2642 5694 ὅτι
2673 5644 2780 5695 τῶν
2801 5648 3189 5714 ἀτοπωτάτων,
3211 5651 3306 5720 οὒχ
3336 5652 3559 5719 ἑτέροις,
3591 5650 3694 5700 ἀλλ’
3726 5647 3832 5709 ὑμῖν

2263 5804 2270 5812 _
2301 5728 2483 5791 αὐτοῖς
2519 5734 2793 5802 χρήσασθε
2838 5735 3162 5806 διαιτηταῖς·
3198 5741 3255 5791 ού
3308 5740 3411 5808 γὰρ
3447 5739 3540 5792 νῦν
3584 5736 3827 5809 {1.6.0'1'326
