4096 6300
351 354 457 427 73!

1523 362 2058 427 HISTORIAHUM
2094 364 2324 424 LIBER
2367 364 2482 449 Ill.

3495 365 3601 423 7’32

356 473 622 544 βασιλέως
657 474 779 530 οὐδέ
814 476 1117 546 προσήκειν
1147 476 1297 547 αὐτῷ
1333 478 1428 549 τὴν
1464 478 1769 550 ὑπηρεσίαν
1802 480 1917 551 κρί·

2032 478 2210 534 modis
2244 479 2539 535 commissa
2588 477 2639 533 ei
2689 476 3023 547 respublica,
3065 475 3161 531 sed
3198 476 3293 540 ita,
3330 484 3388 530 ut
3427 478 3601 546 magis

353 582 568 634 νοντος,
613 567 694 632 είς
740 567 800 620 τὸ
852 568 1109 637 μετάξειν
1156 572 1266 632 τοῖς
1317 572 1608 642 πράγμασι
1660 574 1919 642 κατέστη.

322 658 503 729 ,Πλὴν
541 659 606 712 οὐ
652 660 1001 715 παντάπασιν
1042 663 1332 733 ἐπετράπη
1369 663 1470 734 τὴν
1509 663 1777 733 διοίκησιν
1815 665 1924 719 τῶν

353 750 570 816 κοινῶν,
616 752 730 805 ἀλλ’
759 753 860 807 ὅσα
899 754 1008 806 τῶν
1050 754 1496 826 ἀναγκαιοτέρων
1539 751 1607 827 ἦν
1657 758 1792 828 πρὸς
1833 758 1926 812 τὸν

355 841 529 910 μέγαν
561 843 882 913 δομέστικον
912 845 1153 912 ἀνάγων,
1187 847 1349 911 αὐτὸς
1379 848 1491 903 τῶν
1521 851 1924 921 ταπεινοτέρων

353 932 549 1000 εἴχετο,
574 935 635 998 ἐξ
656 930 731 989 ὧν
754 935 980 1007 οὐδεμία
998 933 1110 999 τοῖς
1132 942 1329 1002 κοινοῖς
1352 939 1725 1008 προσεδοκᾶτο
1749 941 1921 1012 βλάϐη

352 1024 411 1079 εὖ
443 1026 475 1096 ἢ
508 1027 694 1089 κακῶς
721 1028 892 1099 διῳκη
903 1030 1105 1099 μένοις.
1132 1031 1323 1101 Ὅμως
1353 1033 1411 1087 δέ
1436 1034 1541 1087 ὑπὸ
1567 1036 1776 1089 πολλῶν
1805 1038 1924 1090 ἐθε-

352 1119 643 1184 ραπεύετο.
674 1120 895 1186 Μεταξὺ
927 1121 984 1179 δὲ
1017 1123 1112 1201 καὶ
1146 1123 1406 1186 πολλάκις
1444 1124 1657 1194 βασιλεί
1688 1145 1922 1199 προσκε-

350 1205 601 1274 κρουκὼς
628 1209 716 1260 διά
739 1211 839 1279 τὴν
853 1209 1016 1276 φίλην
1044 1212 1408 1281 πανουργίαν,
1437 1215 1533 1268 καὶ
1555 1216 1763 1285 μέλλων
1787 1218 1923 1271 διδό-

350 1314 435 1349 ναι
460 1298 643 1363 δίκας,
670 1298 775 1353 ὑπὸ
799 1298 889 1352 τοῦ
921 1300 1158 1370 μεγάλου
1185 1301 1506 1372 δομεστίκου
1532 1306 1631 1374 τὴν
1657 1306 1923 1376 βασιλέως

350 1387 520 1457 ὀργὴν
551 1387 790 1458 ἐρρύσθη
827 1392 1288 1463 παραιτουμένου.
1324 1395 1417 1459 Είς
1445 1398 1703 1467 τοιαύτην
1734 1398 1789 1451 δέ
1821 1416 1921 1452 πε-

352 1479 635 1551 ριφάνειαν
672 1479 732 1544 ἐξ
772 1483 1039 1550 άφανείας
1084 1484 1287 1554 πολλῆς
1326 1485 1519 1552 ἐλθὼν,
1558 1489 1832 1558 ἐσκέψατο
1869 1495 1919 1545 εί

348 1569 566 1623 δύναιτο
600 1571 690 1624 τὸν
726 1572 1025 1643 εὐεργέτην
1059 1575 1401 1645 ἀμείψασθαι
1438 1581 1549 1641 τοῖς
1589 1583 1918 1636 ἐναντιωτά-

347 1676 484 1721 τοις.
517 1660 605 1723 Ὠς
635 1661 746 1730 γάρ
778 1660 1034 1730 βασιλεὺς
1061 1666 1089 1719 ὁ
1119 1664 1238 1728 νέος
1275 1666 1610 1737 Ἀνδρόνικος
1639 1669 1738 1739 τὴν
1767 1672 1921 1724 νόσον

347 1750 603 1820 ὲκόσησεν
636 1753 850 1822 ἐκείνην
883 1756 983 1823 τὴν
998 1756 1258 1826 σςδοδράν,
1290 1759 1384 1810 καὶ
1416 1759 1671 1828 τελευτῆς
1703 1762 1920 1829 ἐγένετο

345 1844 539 1908 ἐγγὺς,
587 1843 818 1912 βασιλίδι
873 1847 972 1917 μὲν
1019 1850 1083 1918 τῇ
1137 1852 1350 1920 γαμετῇ
1402 1851 1770 1922 κατελίμπανε
1821 1856 1919 1922 τὴν

347 1933 543 2002 ἀρχὴν,
587 1934 739 1988 οὔπω
785 1938 883 2005 μὲν
935 1941 1121 2001 παιδὸς
1169 1941 1337 2010 μητρὶ
1382 1944 1745 2013 γεγενημένῃ,
1791 1946 1917 1999 ὡδι-

346 2026 512 2097 νούσῃ
552 2027 609 2078 δέ
635 2043 649 2057 ·
684 2029 763 2097 τῷ
808 2030 1031 2100 μεγάλῳ
1074 2030 1130 2084 δέ
1169 2032 1475 2100 δομεστίκῳ
1511 2033 1613 2104 τὴν
1653 2036 1919 2106 διοίκησιν

343 2114 457 2198 των
492 2118 684 2172 κοινῶν
718 2122 811 2172 καὶ⁵
846 2122 904 2173 τὸ
938 2123 1142 2184 πάντας
1178 2124 1608 2192 αὐτῷ’ὑπείκειν
1629 2166 1645 2191 ,
1679 2129 1771 2181 καὶ
1813 2146 1920 2198 μη-

344 2194 474 2260 δένα
513 2209 814 2279 ἀντιλέγειν
857 2213 991 2280 πρὸς
1036 2215 1222 2282 μηδέν.
1264 2212 1323 2268 '0
1365 2215 1409 2267 δ’
1438 2216 1626 2288 ὥσπερ
1664 2218 1784 2282 εοος
1814 2194 1919 2277 ’ἐπὶ

344 2301 639 2355 τελευτῶσι
685 2307 796 2366 τοῖς
843 2304 1123 2373 βασιλεῦσι
1170 2309 1282 2368 τοῖς
1327 2308 1783 2379 ὑπολειπομένοις
1818 2312 1918 2383 τὴν

346 2392 558 2471 εὖηοιαν
592 2395 685 2448 καὶ
718 2396 815 2466 τὴν
850 2398 1030 2450 πίστιν
1071 2397 1296 2467 βεϐαίαν
1332 2403 1482 2472 παρὰ
1516 2403 1622 2454 τῶν
1659 2403 1918 2474 ὑπηκόων

347 2485 673 2555 βουλόμενος
710 2491 905 2554 ποιεῖν,
937 2489 1136 2561 ὅρκους
1171 2491 1375 2557 ἐκθεὶς,
1412 2494 1618 2556 πάντας
1650 2495 1718 2548 δι’
1742 2499 1920 2552 αὐτῶν

346 2575 569 2628 ἐκέλευε
615 2579 716 2647 τὴν
766 2579 951 2631 πίστιν
1002 2580 1316 2650 ἐμπεδοῦνο
1368 2584 1415 2635 οί
1466 2585 1620 2654 ὅρκοι
1667 2585 1723 2639 δὲ
1753 2588 1920 2661 Ἀννῃ

345 2682 405 2716 τε
450 2669 514 2736 τῇ
559 2667 792 2734 βασιλίδι
829 2662 1143 2743 Ῥωμαίους
1183 2671 1549 2742 διελάμϐανον
1594 2674 1692 2746 τὴν
1737 2677 1918 2732 πίστιν

343 2756 626 2827 ἀκραιφνῆ
655 2759 934 2827 φυλάξειν,
962 2764 1053 2813 καὶ
1085 2763 1237 2815 παιδὶ
1269 2764 1530 2832 βασιλέως
1558 2767 1637 2836 τῷ
1665 2785 1920 2838 γεννησο-

347 2851 494 2921 μένῳ
527 2851 585 2915 ἐξ
617 2853 786 2921 αὐτῆς
808 2893 822 2916 ,
859 2855 954 2906 καὶ
985 2853 1061 2923 τῷ
1098 2857 1322 2926 μεγάλῳ
1356 2857 1665 2930 δομεστίκῳ
1695 2861 1794 2930 τὴν
1826 2864 1919 2914 εὖ·

344 2942 615 2998 πείθειαν.
653 2942 824 3013 Ξένης
862 2945 920 2998 δὲ
958 2945 1231 3014 βασιλίδος
1267 2949 1365 3016 τῆς
1410 2948 1674 3018 βασιλέως
1715 2953 1916 3022 μητρὸς

342 3034 975 3106 ἐμέμνηντοήοὺδοτιοῦν
1002 3052 1016 3067 ’
1060 3037 1202 3090 οὕτω
1244 3040 1339 3092 καὶ
1381 3038 1596 3109 βασιλεῖ
1636 3046 1917 3114 κεκρικότι

2029 571 2341 627 necessaria
2379 586 2476 626 seu
2510 570 2788 640 praecipua
2824 568 2892 624 ad
2942 583 3199 639 magnum
3239 566 3600 623 domesticum

2030 663 2284 728 referret,
2314 662 2432 734 ipse
2481 662 2691 717 leviora
2739 660 3079 734 transigeret
3129 675 3145 715 :
3174 654 3234 725 ,ε
3266 660 3468 729 quibus
3496 674 3594 713 seu

2008 753 2169 810 .bene
2195 770 2293 811 seu
2326 753 2465 809 male
2489 752 2802 816 transactis,
2827 752 3195 830 communitas
3229 751 3440 806 nullum
3475 765 3617 809 seno,

2031 843 2159 899 tiret
2188 851 2606 903 nocumentum.
2667 842 2849 897 Nihilo
2901 841 3086 895 minus
3114 855 3143 893 a
3191 839 3377 893 multis
3412 838 3603 892 obser-

2026 933 2277 988 vabatur.
2316 933 2540 989 Etcum
2572 934 2792 989 interim
2839 947 2985 1003 saepe
3030 932 3194 986 etiam
3232 940 3456 1001 propter
3486 932 3599 985 usi-

2029 1031 2197 1076 tatam
2210 1034 2263 1078 et
2281 1025 2514 1079 amicam
2540 1023 2645 1079 sibi
2663 1024 2962 1092 nequitiam
2995 1022 3392 1091 imperatorem
3420 1020 3597 1075 uﬁ'en-

2028 1112 2219 1179 disset,
2268 1129 2331 1168 ac
2366 1114 2544 1184 poenis
2572 1114 2955 1184 subjiciendus
2989 1121 3157 1178 esset,
3212 1129 3308 1182 per
3341 1128 3596 1182 magnum

2026 1205 2387 1262 domesticum
2461 1209 2660 1263 iratum
2712 1209 2926 1262 scilicet
2970 1217 3342 1271 exorantem,
3397 1207 3594 1260 evasit.

2024 1295 2144 1349 Jam
2184 1312 2316 1352 vero
2357 1313 2388 1353 e
2445 1298 2611 1354 tantis
2658 1299 2903 1358 tenebris
2936 1299 2992 1353 in
3042 1304 3248 1354 tantam
3288 1297 3594 1351 claritatem

2025 1386 2333 1456 deductus,
2399 1390 2677 1461 quomodo
2749 1391 2888 1446 bene
2964 1392 3197 1447 merenti
3261 1406 3363 1446 suo
3426 1405 3591 1459 quam

2025 1481 2260 1536 maxime
2292 1484 2566 1537 contraria
2596 1482 2942 1551 rependeret,
2979 1497 3166 1537 secum
3197 1481 3590 1537 consideravit.

2023 1571 2157 1625 Nam
2190 1587 2319 1626 cum
2365 1572 2715 1628 Andronicus
2756 1574 2945 1644 junior
2994 1573 3187 1628 morbo
3235 1572 3327 1627 illo
3378 1571 3593 1627 diﬂicil~

2022 1663 2153 1716 limo
2183 1662 2565 1728 conﬂictatus,
2618 1666 2891 1735 mortique
2941 1668 3261 1734 proximus,
3317 1665 3475 1720 uxori
3527 1666 3592 1718 ad

2026 1753 2196 1806 lilium
2250 1755 2578 1822 pariendum
2627 1758 2737 1825 jam
2785 1756 2982 1811 vicinae
3028 1756 3346 1824 imperium,
3399 1773 3598 1824 magno

2022 1852 2207 1898 autem
2262 1846 2568 1900 domestico
2626 1845 2888 1901 vicariam
2955 1837 3597 1915 gubernationem'reli-

2023 1935 2254 2003 quisset,
2283 1937 2373 1990 cui
2399 1936 2537 1990 citra
2566 1936 3074 2008 tergiversationem
3099 1952 3291 1991 omnes
3316 1946 3595 2005 parerent,

2024 2028 2116 2081 ille
2148 2028 2318 2098 (quod
2353 2031 2690 2083 consueludo
2729 2036 2898 2095 tenet,
2923 2029 3351 2099 imperatoribus
3382 2029 3450 2082 de
3486 2029 3597 2081 vita

2024 2120 2376 2190 exeuntibus)
2408 2120 2822 2175 successoribus
2864 2121 3307 2175 benevolentiam
3339 2135 3402 2173 ac
3433 2119 3593 2172 ﬁdem

2024 2213 2398 2281 subjectorum
2444 2212 2692 2268 stabilire
2742 2212 2933 2266 volens
2961 2249 2978 2275 ,
3026 2213 3439 2284 juramentum,
3486 2202 3598 2281 quo

2023 2317 2213 2358 omnes
2244 2301 2406 2356 ﬁdem
2441 2317 2595 2357 suam
2641 2311 2813 2356 ratam
2866 2302 3130 2368 facerent,
3184 2302 3240 2356 in
3274 2303 3389 2357 haec
3420 2302 3588 2356 verba

2021 2404 2349 2465 conceptum
2404 2394 2714 2463 proposuit,
2803 2393 3080 2448 lloiiianos
3135 2394 3307 2447 Annae
3358 2394 3596 2462 impera-

2022 2489 2166 2555 trici,
2193 2495 2249 2540 et
2285 2486 2398 2540 lilio
2427 2485 2741 2555 imperatori
2783 2500 2849 2539 ex
2876 2500 2940 2538 ea
2981 2484 3266 2539 nascituro
3323 2483 3591 2536 sinceram

2021 2588 2077 2634 et
2111 2579 2378 2649 integram
2410 2577 2591 2642 ﬁdem,
2644 2588 2700 2633 et
2745 2593 2944 2647 magno
2979 2577 3290 2631 domestico
3327 2575 3596 2629 nbcdien-
3643 2612 3669 2637 ,.

2024 2673 2153 2725 tiam
2180 2670 2544 2741 praestitnros.
2576 2669 2731 2725 Xena
2769 2669 3122 2740 imperatoris
3154 2677 3330 2722 mater
3352 2666 3599 2737 praeteri-

2021 2765 2185 2818 batur
2214 2764 2471 2827 omnino,
2508 2763 2657 2832 quod
2701 2762 2774 2816 ita
2821 2762 2965 2816 illius
3020 2760 3440 2825 constituisset;
3486 2775 3595 2814 non

2021 2857 2168 2912 enim
2201 2871 2362 2926 posse
2401 2855 2562 2919 duos,
2618 2853 3050 2924 idquefeminas
3080 2864 3251 2908 unum
3300 2852 3590 2922 imperium

2023 2964 2233 3021 regere.
2286 2949 2403 3004 Hoc
2439 2949 2557 3004 illa-
2606 2948 2836 3018 ejusque
2872 2948 3119 3004 fautores
3172 2949 3416 3018 graviter
3453 2949 3594 3000 tule-

2019 3047 2169 3103 runt,
2227 3039 2443 3094 tametsi
2512 3052 2742 3109 magnus
2803 3038 3146 3094 domesticus
3195 3054 3316 3093 eam
3357 3036 3595 3109 ofﬁciose
3676 3026 3679 3029 λ

340 3126 472 3189 δεῖν,
513 3127 590 3195 μὴ
630 3123 896 3179 δύνασθαι
940 3125 1054 3193 δύο,
1099 3129 1193 3195 καὶ
1232 3125 1433 3193 ταῦτας
1477 3133 1744 3199 γυναῖκας
1790 3134 1917 3203 μίαν

2025 3132 2252 3186 coleret.
2308 3130 2595 3203 Siquidem
2648 3130 2780 3185 hinc
2807 3145 2927 3185 eam
2966 3129 3352 3199 perturbatum
3393 3129 3463 3182 iri
3504 3145 3597 3183 su-

338 3216 560 3269 διοικείν
596 3219 792 3289 ἀρχήν.
829 3219 963 3287 Τότε
1004 3219 1102 3289 μὲν
1136 3217 1229 3274 οὖν
1264 3221 1449 3292 ἐκείνη
1485 3238 1543 3275 τε
1583 3224 1779 3294 ἧνεγκε
1817 3226 1915 3296 βα-

342 3302 506 3381 ρέως,
548 3314 643 3364 καὶ
682 3306 764 3374 οἷς
805 3313 940 3381 πρὸς
980 3313 1197 3385 ἐκείνην
1235 3313 1425 3369 εὔνοιά
1461 3333 1543 3377 τις
1580 3315 1672 3389 ἦν,
1715 3319 1917 3388 καίπερ

337 3400 450 3455 οὐδ’
472 3404 688 3472 ἐκείνην
718 3403 1091 3475 ἀθεράπευτον
1120 3406 1515 3473 καταλιπόντος
1546 3410 1640 3463 τοῦ
1675 3411 1915 3479 μεγάλου

337 3492 682 3563 δομεστίκου.
719 3495 806 3569 Ὠς
846 3497 956 3567 γάρ
996 3497 1090 3550 καὶ
1132 3499 1292 3561 αὐτὸς
1329 3498 1391 3552 τδ
1430 3503 1663 3571 πρᾶγμα
1702 3503 1915 3555 ὑπενόει

339 3587 571 3657 θόρυϐον
596 3588 893 3658 δυνάμενον
918 3593 982 3660 τῇ
1017 3589 1250 3659 βασιλίδι
1279 3593 1552 3661 ἐμποιεῖν,
1582 3594 1797 3648 Γλασᾶν
1825 3598 1916 3647 τὸν

341 3678 519 3747 μέγαν
555 3679 832 3749 διοικητὴν
872 3680 1092 3752 πέμψας
1145 3682 1289 3736 κατὰ
1324 3684 1487 3754 τάχος
1534 3670 1675 3755 πρὸς
1722 3687 1913 3756 αὐτὴν,

338 3771 457 3839 ἅμα
484 3772 541 3825 δὲ
567 3775 661 3825 καὶ
690 3774 924 3844 σταυρὸν
948 3778 1012 3826 ἐκ
1036 3774 1144 3828 τῶν
1168 3776 1557 3847 πολυτιμήτων
1582 3777 1747 3834 λίθων
1769 3781 1917 3845 ἀξιοο

336 3866 563 3928 πιστίας
610 3867 774 3921 ἕνεκα
818 3868 925 3920 τῶν
976 3868 1176 3935 λόγων,
1226 3870 1325 3931 τὴν
1376 3873 1476 3940 μέν
1527 3872 1680 3924 νόσον
1726 3875 1913 3945 ἐδήλου

339 3958 605 4027 βασιλέως
629 3958 703 4021 ὡς
729 3959 813 4027 εἴη
841 3960 1053 4029 χαλεπή
1075 3976 1089 3990 ’
1117 3961 1286 4013 ἐδεῖτο
1308 3978 1367 4013 τε
1386 3963 1523 4014 Θεοῦ
1551 3963 1628 4034 μή
1654 3966 1916 4034 περιϊδεῖν

337 4049 539 4113 αὐτοὺς
586 4049 829 4103 τοιούτου
885 4050 1149 4121 βασιλέως
1204 4051 1701 4122 ἀποστερηθέντας.
1758 4055 1820 4106 El
1870 4056 1915 4107 δ’

337 4144 452 4214 ἄρα
504 4161 559 4198 τι
612 4143 855 4215 συμϐαίη
906 4145 1016 4197 τῶν
1069 4144 1577 4215 προσδοκωμένων,
1630 4145 1773 4200 οὕτω
1821 4149 1914 4201 τοῦ

338 4237 521 4290 πάντα
576 4236 800 4300 δικαίως
856 4236 951 4291 καὶ
1006 4236 1400 4306 συμφερόντως
1449 4237 1871 4303 ταλαντεύοντος
1899 4283 1912 4304 ,

336 4330 752 4398 οῖκονομοῦντος
781 4329 949 4398 μηδὲν
973 4329 1143 4399 αὐτὴν
1173 4329 1503 4381 ὑποπτεύειν
1529 4329 1691 4398 ἀηδὲς
1717 4331 1781 4383 ὲκ
1807 4331 1914 4384 τῶν

338 4419 683 4492 πραγμάτων
706 4420 805 4489 τῆς
837 4419 1164 4489 μεταϐολῆς,
1191 4418 1264 4481 ὡς
1295 4419 1447 4471 οὐδὲν
1468 4414 1630 4491 ἦττον
1656 4422 1915 4486 εὐνοϊκῶς

337 4512 505 4565 αὑτοῦ
550 4511 965 4580 διακεισομένου
1015 4511 1150 4580 πρὸς
1199 4511 1389 4580 αὐτὴν,
1433 4511 1466 4581 ἢ
1515 4514 1563 4563 εἰ
1611 4515 1704 4564 καὶ
1750 4515 1914 4577 αὐτὸς

337 4606 635 4673 γεγέννητο
675 4604 736 4668 ἐξ
775 4604 966 4673 αὐτῆς.
1009 4603 1166 4655 Οὕτω
1202 4603 1258 4655 δὲ
1302 4604 1519 4675 ἐκείνης
1562 4608 1699 4674 πρὸς
1743 4606 1915 4675 ὀργὴν

340 4699 743 4767 κεκινημένης,
797 4699 847 4750 οἱ
899 4697 1064 4751 πάλαι
1115 4714 1177 4750 τε
1227 4696 1334 4750 ὑπὸ
1386 4697 1582 4766 φθόνου
1632 4700 1770 4768 πρὸς
1816 4701 1915 4769 τὴν

338 4787 593 4840 εὔκλειαν
630 4788 951 4857 δακνόμενοι
992 4789 1091 4858 τὴν
1136 4788 1376 4856 μεγάλου
1419 4788 1780 4859 δομεστῐκου,
1818 4791 1914 4844 καὶ

336 4880 462 4931 τότε
518 4879 716 4948 μᾶλλον
771 4879 907 4948 πρὸς
956 4880 1017 4932 τὺ
1072 4881 1243 4941 πάθος
1299 4879 1666 4949 ἐξαφθέντες,
1722 4885 1913 4950 σαφῶς

340 4970 542 5029 ἰδόντες
558 4968 748 5038 κύριον
763 4973 1149 5040 γεγενημένων
1182 4969 1292 5023 τῶν
1324 4971 1796 5040 πραγμάτωνοἙν
1831 4969 1914 5035 οἷς

338 5059 492 5113 ἄλλοι
526 5076 585 5111 τε
624 5061 816 5113 πολλοὶ
849 5062 946 5114 καὶ⁵
977 5062 1006 5113 ὁ
1040 5062 1539 5131 παρακοιμώμενος
1574 5063 1915 5133 ’Δπόκαυχος

339 5150 709 5221 ἐξητασμένος
751 5148 820 5222 ἦν
857 5152 1162 5225 Συργιάννῃ
1210 5156 1345 5222 πρὸς
1380 5154 1480 5223 τὴν
1516 5154 1715 5224 πρᾶξιν
1749 5157 1918 5224 ήγουο

2024 3222 2286 3292 spicatus,
2347 3221 2517 3277 Glaba
2574 3236 2771 3290 magno
2821 3220 3055 3275 diceceta
3112 3236 3235 3273 eum
3297 3235 3462 3274 cruce
3522 3235 3594 3299 ex

2024 3313 2436 3384 pretiosissimis
2490 3313 2693 3382 lapillis
2745 3312 3030 3375 conlecta,
3081 3327 3192 3381 quo
3225 3312 3410 3366 verbis
3447 3324 3595 3366 esset

2023 3406 2178 3469 ﬁdes.
2231 3410 2297 3458 ad
2348 3421 2467 3459 eam
2522 3406 2776 3462 celeriter
2812 3409 3005 3468 misso,
3048 3405 3117 3459 de
3157 3404 3346 3459 letllali
3398 3405 3594 3459 morbo

2024 3497 2370 3567 imperatoris
2402 3500 2693 3551 certiorem
2753 3496 2899 3561 fecit,
2937 3498 3104 3550 Deum
3141 3511 3360 3566 rugans,
3401 3512 3469 3550 ne
3500 3511 3597 3551 eos

2026 3593 2114 3646 tali
2147 3593 2479 3661 imperatore
2507 3591 2691 3644 orbari
2719 3591 2948 3645 sineret.
2980 3590 3076 3644 Sin
3100 3590 3231 3659 quid
3258 3606 3449 3644 eorum
3474 3605 3594 3658 quae

2024 3695 2424 3749 metuerentur,
2460 3682 2732 3748 eveniret,
2767 3682 2849 3737 sic
2899 3683 3242 3746 moderante,
3277 3682 3373 3750 qui
3407 3682 3592 3734 omnia

2019 3781 2165 3848 juste
2207 3777 2549 3841 utiliterque,
2615 3790 2715 3830 ceu
2754 3791 2852 3845 per
2884 3775 3079 3828 libram
3119 3774 3421 3843 dispensat,
3458 3774 3593 3826 nillil

2023 3873 2137 3938 ipsa
2181 3870 2395 3923 tristius
2434 3884 2503 3922 ex
2543 3883 2729 3920 rerum
2780 3866 3083 3919 mutatione
3122 3856 3391 3934 timeret}
3423 3879 3598 3932 quan-

2023 3960 2321 4028 doquidem
2366 3974 2472 4012 non
2524 3958 2706 4010 minus
2740 3972 2861 4009 eam
2894 3970 3058 4025 quam
3096 3965 3380 4023 parentem
3434 3970 3590 4009 suam

2022 4059 2233 4106 ainaret
2272 4049 2370 4118 (7).
2406 4049 2541 4101 Cum
2569 4047 2659 4100 illa
2690 4047 2743 4099 in
2768 4045 2904 4098 iram
2940 4060 2999 4099 se
3029 4044 3358 4109 eﬂ'underet,
3391 4046 3593 4114 quibus

2025 4142 2237 4213 pridem
2292 4155 2359 4193 ex
2408 4138 2700 4207 splendore
2750 4136 2931 4205 magni
2997 4135 3285 4190 domestici
3334 4136 3595 4191 dolebant

2023 4233 2165 4289 oculi
2224 4229 2389 4301 395
2460 4228 2602 4298 (qui
2651 4226 2965 4296 complures
3022 4234 3197 4289 erant,
3259 4235 3314 4281 et
3384 4226 3439 4280 in
3510 4227 3594 4282 liis

2022 4325 2361 4380 certissiums
2421 4320 2805 4391 Apocauebus,
2854 4328 2910 4373 et
2966 4320 3364 4389 antesignanus
3422 4328 3589 4391 atque

2024 4410 2276 4470 incentor
2306 4413 2530 4469 sceleris
2568 4410 2952 4483 Syrgianues),
2974 4420 3103 4464 tunc
3135 4412 3341 4480 majore
3376 4413 3592 4466 accensi

1950 4503 1995 4560 D
2024 4507 2252 4572 invidia,
2285 4507 2432 4575 quod
2484 4506 2773 4574 perspicue
2822 4502 3076 4557 viderent
3122 4517 3308 4556 rerum
3339 4517 3462 4556 esse
3496 4502 3597 4555 do-

2024 4602 2254 4664 minum,
2297 4597 2664 4668 imperatricis
2702 4594 2872 4650 Xenas
2907 4594 3247 4649 iracundiam
3290 4593 3356 4646 ad
3399 4593 3592 4661 oppri-

2024 4693 2282 4748 mendum
2319 4701 2580 4761 magnum
2607 4689 2995 4748 domesticum,
3017 4697 3075 4741 et
3110 4687 3233 4756 ejus
3257 4685 3591 4740 vicariatum

2020 4784 2425 4847 evertendum,
2493 4782 2729 4850 plurimo
2784 4780 2889 4834 sibi
2951 4778 3273 4849 adjumento
3347 4778 3590 4832 futuram

2021 4876 2383 4938 conﬁdentes,
2437 4889 2563 4928 eum
2611 4875 2723 4943 jam
2782 4873 3086 4941 imperator
3133 4870 3326 4927 morbo
3376 4871 3592 4925 solutus

2016 4961 2446 5028 convalesceret,
2507 4965 2827 5034 frequentes
2879 4979 3000 5017 eam
3060 4963 3416 5024 conveniunt,
3471 4963 3592 5031 ejus

2020 5061 2192 5114 vicem
2227 5074 2286 5114 se
2335 5059 2526 5112 dolere
2583 5057 2866 5118 simulant,
2919 5069 3176 5124 magnum
3223 5053 3590 5108 domesticum

2017 5166 2115 5221 pro
2173 5147 2521 5218 iniquissimo
2577 5153 2863 5207 accusant,
2895 5145 3040 5213 quod
3077 5143 3413 5212 imperatore
3474 5144 3592 5195 ani-

344 5240 534 5311 μένου,
566 5241 665 5311 τὴν
695 5238 968 5311 βασιλίδος
999 5239 1170 5311 ὀργὴν
1196 5242 1515 5310 νομίσαντες
1547 5241 1613 5293 ἂν
1641 5242 1822 5303 αὐτοῖς
1854 5242 1917 5293 τὰ

2021 5257 2165 5295 mam
2201 5248 2419 5311 agente,
2458 5236 2680 5306 quando
2714 5237 2891 5305 ipsum
2932 5236 3195 5290 ambabus
3227 5232 3593 5301 imperatriei-

1597 5359 1807 5419 Jacobi
1854 5359 2117 5420 l‘ontani
2156 5367 2342 5419 notae.

421 5491 498 5563 (7)
536 5491 727 5547 Modus
779 5491 1091 5563 declarandi
1139 5489 1317 5559 magni
1365 5488 1644 5563 cujusdam
1690 5504 1910 5563 amotus.

344 5557 489 5629 Quid
522 5563 669 5616 enim
718 5564 915 5629 cuique
950 5561 1032 5614 \el
1078 5557 1250 5630 patre,
1303 5559 1384 5613 vel
1434 5557 1623 5630 matre
1659 5557 1913 5611 ςιιιιιὶιιδῖ

345 5633 705 5698 Quiesivimus
755 5628 1045 5699 aliquando
1078 5628 1150 5684 ad
1197 5628 1560 5684 exercendum
1615 5629 1912 5696 ingenium,

350 5713 469 5755 uter
499 5717 716 5771 parens,
746 5702 935 5756 liberis
963 5701 1183 5753 deberet
1208 5714 1330 5753 esse
1367 5699 1603 5771 eliarior.
1641 5708 1912 5771 momenta

352 5767 621 5826 rationum
679 5773 739 5833 in.
786 5780 1070 5837 utramque
1122 5782 1325 5840 partem
1375 5768 1691 5831 attulimus,
1747 5778 1799 5819 et
1848 5767 1917 5818 ad

2019 5501 2322 5541 exmemum
2384 5482 2788 5542 aliirmavimus,
2855 5492 3081 5551 patrem,
3123 5477 3412 5551 amandum
3470 5490 3590 5551 esse

2024 5555 2254 5625 plenius,
2284 5564 2338 5607 et
2386 5552 2749 5625 constantius.
2783 5548 3008 5604 matrem
3056 5550 3303 5625 dulcius;
3339 5548 3588 5615 quando-

2022 5618 2240 5693 quidem
2294 5635 2397 5676 tam
2454 5624 2805 5674 vehemenlcr
2855 5634 2993 5690 quos
3042 5618 3341 5687 genuisset,
3377 5628 3596 5687 tamque

2024 5695 2255 5749 (ἰηιήιον
2285 5694 2547 5762 diligeret.
3156 5728 3159 5733 .

2822 5878 3103 5899 ,-.~—-“
