4096 6300
592 381 698 444 783

1769 387 2089 448 JOANNIS
2121 378 2650 456 CANTACUZEVl
3733 408 3816 475 τις

593 491 695 545 bus
729 492 773 545 si
812 493 942 562 quid
977 493 1281 549 modestum
1315 504 1370 548 et
1407 494 1705 548 humanttm
1740 495 2024 563 cogitaret,
2061 494 2135 547 im

2270 500 2501 566 μέγιστα
2542 502 2915 570 συμϐαλέσθαι
2956 504 3094 574 πρὸς
3127 505 3187 558 τὸ
3229 507 3466 575 μεγάλου
3510 508 3812 579 δομεστίκον

593 583 802 650 perimn
863 600 1083 640 servare
1142 586 1474 654 oportebat,
1553 596 1608 640 et
1671 585 1747 640 illi
1807 587 1992 655 potius
2065 587 2157 640 cui

595 674 870 756 utrimque
932 687 986 731 et
1019 693 1083 730 ex
1123 677 1232 730 tilio
1269 687 1321 730 et
1363 694 1426 731 ex
1469 678 1666 731 marito
1713 679 2028 742 deberetur,
2067 678 2158 730 ille

593 782 781 834 parmn
835 769 988 837 pensi
1044 769 1288 835 habens,
1346 771 1477 838 quid
1553 772 1780 840 :equitas
1836 771 2157 839 utilitasque

592 857 917 928 ﬂagitarent,
953 862 1241 930 imperium
1276 864 1590 917 universum
1620 863 1685 917 ad
1718 879 1775 917 se
1800 864 2152 917 attraxisset:

589 949 800 1004 Annam
835 953 1130 1021 Augustam
1161 969 1259 1024 pro
1287 956 1593 1010 velamento
1619 971 1730 1010 suae
1757 955 1966 1009 fraudis
1987 955 2156 1024 juris-

585 1044 804 1114 jurandi
845 1044 1090 1100 formulae
1129 1047 1479 1110 inseruisset,
1515 1064 1638 1118 quae
1675 1065 1740 1101 ex
1775 1048 1970 1102 tellure
1999 1061 2156 1117 perc-

588 1135 741 1204 grina
801 1139 962 1205 paulo
1021 1147 1146 1192 ante
1195 1140 1478 1194 advenerit
1529 1158 1542 1192 :
1599 1149 1654 1194 et
1701 1156 1904 1210 paucos
1956 1139 2155 1193 habeat

590 1229 884 1292 Romanos,
936 1231 1026 1298 qui
1084 1245 1141 1284 se
1197 1231 1457 1299 periculis
1501 1232 1620 1302 ejus
1658 1247 1820 1287 eausa
1875 1231 2153 1302 objectare

591 1323 790 1380 volent.
826 1336 889 1373 ac
934 1321 1161 1388 proinde
1209 1321 1367 1376 facile
1416 1323 1492 1375 illi
1529 1323 1761 1391 imperio
1796 1337 2018 1376 cessura
2056 1324 2148 1376 sit.

586 1411 829 1465 Suadent
865 1412 1045 1480 itaque
1079 1428 1144 1466 ne
1185 1414 1496 1478 conniveat,
1533 1414 1626 1467 sed
1672 1413 1926 1466 manibus
1959 1429 2021 1468 ac
2063 1429 2152 1483 pe-

583 1501 748 1554 dibus
771 1501 890 1569 ejus
922 1501 1221 1568 potentiam
1257 1501 1586 1555 labefactare
1617 1511 1870 1566 conetur,
1897 1501 2152 1555 docendo

586 1593 969 1661 imperatorem
1031 1593 1224 1656 filium,
1263 1609 1399 1662 quas
1453 1594 1702 1679 insidias,
1762 1609 1884 1663 qua:
1941 1593 2153 1646 scelera

584 1684 847 1738 adversus
914 1684 1204 1753 imperium
1270 1685 1387 1753 ipso
1443 1696 1662 1739 tnortuo
1703 1686 1846 1754 apud
1908 1685 2152 1738 animum

584 1777 910 1841 fabricetur,
975 1789 1031 1831 et
1077 1780 1350 1846 quomodo
1392 1778 1564 1831 nihilo
1597 1779 1778 1832 minus
1806 1780 1972 1832 etiam
2005 1792 2150 1832 nunc

585 1871 860 1926 Romanos
891 1886 1080 1924 omnes
1115 1871 1180 1924 ad
1229 1871 1334 1924 sibi
1375 1871 1864 1940 obtemperantium
1895 1873 2146 1939 illexerit,

589 1971 649 2014 tit
700 1963 772 2016 ita
834 1962 1181 2030 imperatoris
1218 1978 1417 2016 nomen
1449 1962 1658 2016 nudum
1690 1973 1743 2018 et
1771 1979 2004 2017 vacuum
2036 1980 2152 2018 ma-

584 2063 727 2116 neat,
764 2053 879 2121 ipse
926 2068 1091 2120 opere
1140 2061 1194 2106 ct
1233 2052 1378 2107 facto
1433 2053 1683 2121 imperet.
1734 2052 1915 2119 Quare
1955 2068 2149 2108 cavere

583 2141 756 2206 illum,
804 2143 1186 2210 imperatorem
1225 2143 1467 2212 inquam,
1505 2152 1781 2211 oportere,
1836 2158 1905 2196 ne
1947 2145 2060 2197 haec
2093 2144 2146 2197 iu

582 2235 718 2288 mala
753 2234 1176 2288 immedicabilia
1211 2235 1482 2298 desinant,
1515 2245 1570 2289 et
1598 2235 1825 2304 spiritus
1853 2235 1988 2288 istos
2017 2245 2144 2288 ante

580 2327 962 2393 comprimere.
994 2333 1313 2393 tantumque
1345 2325 1544 2378 fastum
1571 2326 1822 2378 edomare
1875 2339 1938 2378 ac
1967 2324 2150 2393 despi-

582 2418 816 2470 cabilem
872 2416 1123 2470 reddere.
1180 2417 1322 2484 Ergo
1353 2417 1425 2469 ita
1462 2416 1681 2470 fervens
1715 2417 2056 2484 imperatrix,
2089 2426 2145 2469 et

579 2523 703 2561 cum
737 2525 832 2576 per
862 2525 919 2561 se
963 2507 1029 2561 ad
1065 2507 1438 2561 ulciscendum
1486 2523 1741 2577 magnum
1770 2508 2135 2574 domesticum

579 2601 623 2653 si
659 2609 857 2667 posset,
907 2601 1150 2662 incitata,
1200 2609 1312 2653 tmn
1373 2600 1440 2652 ab
1498 2600 1606 2652 illis
1647 2599 1884 2666 amplius
1935 2598 2145 2651 inflam-

582 2701 748 2754 mata,
792 2707 954 2760 quam
989 2691 1224 2752 primum
1271 2691 1467 2760 potuit,
1501 2691 1611 2744 filio
1646 2691 1980 2759 imperatore
2015 2708 2146 2743 con-

581 2795 764 2846 vento,
832 2798 1086 2852 magnum
1138 2782 1496 2836 domesticum
1544 2791 1604 2836 ut
1663 2783 1919 2836 aemulum
1996 2784 2143 2852 regni

579 2883 825 2936 accusat,
858 2883 911 2927 et
956 2873 1024 2926 ab
1061 2871 1302 2936 homine,
1353 2873 1448 2941 qui
1483 2872 1779 2926 amicitiam
1817 2875 2137 2936 mentiatur,

579 2966 1038 3033 occasionemque
1086 2975 1276 3018 nactus
1324 2964 1558 3017 nefanda
1599 2973 2016 3032 perpetraturus
2050 2965 2138 3028 sit,

577 3057 878 3112 cavendum
941 3065 1147 3110 monet.
1199 3056 1497 3126 Imperator
1549 3055 1736 3110 multis
1783 3056 1966 3110 verbis
2011 3071 2139 3109 eum

2264 592 2654 661 περιγενέσθαι
2683 595 2776 646 καὶ
2805 596 3110 649 καταλῦσαι
3137 599 3238 668 τὴν
3263 600 3459 669 ἀρχήνο
3494 601 3675 654 πολλοὶ
3702 607 3816 672 πρὶς

2262 678 2508 748 βασιλίδα
2553 680 3018 749 ἀφιγμένοι,ἐτιελ⁵
3078 685 3223 754 ῥᾴων
3262 681 3332 753 ἦν
3376 689 3403 738 ὁ
3448 687 3699 756 βασιλεὺς
3740 695 3817 741 κει

2257 764 2578 834 ἀπήλλακτο
2611 767 2718 834 τῆς
2749 767 2902 820 νόσου
2944 769 3276 835 ἀγανακτεῖν
3311 772 3450 842 ὑπὲρ
3476 775 3647 844 αὐτῆς
3674 791 3811 845 προσ-

2256 855 2535 908 εποιοῦντο
2567 894 2582 920 ,
2643 858 2737 909 καὶ
2771 857 2974 928 πολλὴν
3011 861 3408 930 ἀγνωμοσύνην
3462 862 3560 914 τοῦ
3604 866 3814 932 μεγάλου

2255 943 2577 1013 δομεστίκου
2609 945 3036 1012 κατεγίνωσκον,
3068 949 3149 1000 ὅτι
3182 949 3449 1019 βατιλέως
3476 952 3812 1017 τελευτῶντος

2255 1033 2334 1086 ὅτ’
2355 1035 2542 1098 αὑτὸν,
2572 1037 2619 1088 εἰ
2651 1035 2849 1105 μέτρια
2875 1035 3146 1100 διενοεῖτο,
3165 1042 3281 1103 ταῖς
3312 1041 3586 1110 βασιλίσιν
3607 1044 3815 1112 ἀμφοτέ-

2257 1143 2378 1197 ραις
2401 1127 2506 1179 ἔδει
2523 1127 2620 1194 τὴν
2642 1129 2818 1197 ἀρχὴν
2842 1129 3248 1198 συνδιασώζειν,
3272 1133 3365 1185 καὶ
3391 1135 3635 1203 μάλιστα
3656 1137 3814 1206 ἐκεί-ιη

2255 1220 2337 1272 ὅτι
2369 1219 2760 1288 ἀμφοτέρωθεν
2794 1219 2858 1272 ἐκ
2889 1237 2945 1272 τε
2980 1222 3169 1283 παιδος
3199 1226 3292 1275 καὶ
3319 1224 3416 1277 τοῦ
3452 1228 3705 1278 συνοίκου
3731 1228 3812 1296 βα-

2257 1310 2446 1370 σιλέως
2487 1312 2520 1378 ἡ
2558 1309 2844 1378 Ῥωμαίων
2915 1315 3159 1383 προσῆκε
3209 1315 3454 1382 βασιλεία
3478 1334 3494 1349 ο
3530 1321 3558 1370 ό
3596 1318 3640 1370 δ’
3663 1320 3814 1386 ὀλίγον

2256 1402 2349 1453 καὶ
2398 1402 2489 1454 τοῦ
2541 1403 2755 1455 δικαίου
2808 1405 2903 1456 καὶ
2949 1404 3042 1456 τοῦ
3095 1409 3470 1477 προσήκοντος
3520 1411 3810 1478 φροντίσας,

2256 1497 2434 1547 πᾶσαν
2465 1495 2769 1566 τὴν¹άρχὴν
2803 1498 3144 1568 περιήγαγεν
3177 1503 3258 1563 εἰς
3294 1503 3494 1555 ἐαυτὸν
3515 1545 3530 1570 ,
3564 1505 3746 1574 ὥσπερ
3771 1521 3811 1558 τι

2254 1587 2666 1656 παραπέτασμα
2702 1589 2800 1657 τῆς
2835 1591 3178 1660 κακουργίας
3206 1594 3409 1647 Ἀνναν
3447 1599 3551 1665 τὴν
3588 1598 3810 1668 βασιλίδι

2255 1677 2518 1744 προσθεὶς
2547 1681 2662 1741 τοῖς
2692 1681 2905 1750 ὅρκοις,
2942 1685 2974 1752 ἢ
3009 1685 3066 1749 ἐξ
3095 1685 3408 1755 ἀλλοδαπῆς
3438 1688 3610 1760 ὀλίγῳ
3641 1693 3804 1761 πρότεο

2258 1782 2348 1835 ρον
2397 1769 2697 1838 ἀφιγμένη,
2734 1772 2828 1824 καὶ
2877 1773 3090 1840 ὀλίγους
3139 1775 3339 1845 ἔχουσα
3375 1779 3666 1848 Ῥωμαίων
3704 1783 3810 1845 τοὺς

2258 1859 2398 1927 ὑπὲρ
2439 1860 2613 1928 αὐτῆς
2659 1863 3092 1934 βουλησομένους
3133 1869 3589 1936 διακινδυνεύειν,
3635 1875 3809 1946 ῥᾳδίως

2257 1950 2484 2017 ἔμελλεν
2515 1952 2663 2020 αὐτῷ
2711 1960 3140 2027 παραχωρήσειν
3175 1965 3272 2030 τῆς
3318 1964 3518 2032 ἀρχῆς.
3563 1967 3807 2019 Συνεϐού·

2255 2041 2409 2095 λευόν
2434 2059 2492 2095 τε
2523 2045 2600 2115 μὴ
2623 2047 2843 2099 τοιαῦτα
2866 2050 3126 2118 γινόμενα
3151 2067 3215 2104 πε
3227 2057 3434 2124 ριορᾷν,
3463 2057 3598 2110 ἀλλὰ
3625 2062 3802 2128 σπουδῇ

2252 2135 2420 2204 πολλῇ
2450 2137 2544 2188 καὶ
2574 2139 2854 2209 προθυμία
2879 2141 2979 2206 τὴν
3007 2143 3220 2195 ἐκείνου
3250 2147 3547 2200 καταλύειν
3572 2150 3694 2204 eam
3708 2171 3802 2221 ptva

2249 2227 2610 2280 διδάσκουσαν
2661 2229 2890 2297 βασιλέα
2937 2233 3026 2285 τὸν
3077 2235 3213 2298 υίδν,
3261 2237 3335 2299 ὡς
3381 2240 3680 2304 ἐπιϐούλως
3727 2249 3802 2296 κλὶ

2251 2308 2574 2386 κακούργως
2617 2319 2925 2393 διανοηθείη
2968 2326 3096 2394 περὶ
3134 2329 3232 2396 τῆς
3272 2331 3452 2400 ἀρχῆς
3498 2333 3700 2388 ἐκείνου
3730 2352 3803 2389 τε·

2251 2411 2590 2475 λε’.)τῶντος·
2645 2414 2739 2466 καὶ
2791 2414 2886 2466 νῦν
2935 2417 3087 2469 οὐδὲν
3136 2415 3300 2490 ἧττον
3354 2423 3567 2487 πάντας
3618 2427 3798 2479 πείσειε

2263 2505 2572 2572 Ῥωμαίους
2603 2505 2753 2573 αύτῷ
2786 2507 3095 2577 προσέχειν,
3127 2509 3201 2574 ὡς
3237 2514 3585 2581 συμϐαίνειν,
3617 2515 3800 2585 βασιλεῖ

2253 2595 2350 2664 μὲν
2389 2595 2759 2664 προσηγορίαν
2798 2597 2967 2665 μόνην
3003 2594 3142 2652 εἶναι
3189 2603 3544 2672 πραγμάτων
3579 2606 3794 2675 ἔρημον,

2249 2683 2400 2753 ἔργῳ
2429 2685 2485 2737 δὲ
2519 2686 2727 2737 ἐκεῖνον
2757 2684 3091 2754 βασιλεύειν.
3115 2691 3182 2742 Ἀ
3211 2693 3374 2745 αὐτὸν
3407 2699 3630 2748 σκοπεῖν
3657 2713 3797 2766 προε-

2248 2777 2373 2846 ἡκει
2415 2778 2487 2846 μὴ
2530 2778 2609 2839 είς
2650 2778 2927 2848 ἀνήκεστα
2966 2782 3100 2852 ἐκϐῇ
3127 2801 3138 2812 ·
3175 2784 3310 2837 ἀλλὰ
3346 2787 3449 2855 τὴν
3485 2789 3656 2859 ὁρμὴν
3687 2804 3795 2858 προ-

2247 2871 2598 2924 αναστέλλειν
2640 2873 3012 2945 καθαιροῦντα
3051 2877 3142 2929 τὸν
3181 2878 3344 2946 ὄγκον
3384 2882 3479 2935 τὸν
3520 2885 3680 2937 πολὺν
3714 2883 3794 2937 καὶ

2247 2961 2732 3033 εὐκαταφρόνητον
2761 2965 3037 3020 ποιοῦντα.
3073 2967 3136 3021 Ἦ
3175 2969 3274 3039 μὲν
3304 2968 3401 3024 οὖν
3433 2974 3644 3042 βασιλὶς
3671 2975 3791 3026 etze-

2247 3053 2336 3105 θέν
2370 3071 2429 3105 τε
2473 3055 2563 3106 ὑπ’
2592 3056 2766 3124 ὀργῆς
2809 3059 2946 3125 πρὸς
2979 3059 3041 3110 τὸ
3086 3059 3398 3129 ἀμύνασθαι
3436 3065 3530 3116 τὸν
3564 3067 3722 3134 μέγαν
3752 3066 3788 3114 εξ

579 3146 722 3214 apud
778 3155 1007 3200 matrem
1047 3152 1250 3207 tuetur,
1300 3145 1728 3200 calumniatores
1759 3154 1813 3199 et
1844 3145 2139 3200 mendaces

2251 3145 2464 3201 δύναιτο
2492 3147 2812 3216 δομέστικον
2840 3148 3168 3220 ὡρμημένη,
3203 3154 3297 3205 καὶ
3325 3153 3421 3206 ὑπ’
3445 3158 3666 3208 ἐκείνων
3691 3157 3788 3206 ἐπι-

576 3243 918 3312 pronuntiat,
953 3239 1044 3306 qui
1081 3238 1246 3306 hujus
1291 3238 1541 3290 criminis
1589 3253 1743 3291 reum
1788 3237 2013 3301 faciant,
2057 3238 2135 3290 fa-

575 3332 782 3398 ctisque
826 3329 955 3396 ipsis
995 3326 1399 3394 quodammodo
1435 3326 1668 3394 probare
1702 3327 1893 3380 volens
1930 3341 2006 3392 se,
2035 3327 2138 3379 ista

575 3437 676 3491 pro
732 3420 928 3473 fabulis
979 3419 1220 3478 ducere,
1263 3435 1518 3486 magnum
1569 3419 1930 3472 domesticum
1992 3433 2141 3470 com-

577 3509 757 3576 plecti,
814 3506 1138 3574 propensius
1183 3507 1233 3558 ei
1270 3505 1473 3568 favere,
1510 3516 1563 3558 et
1614 3506 1937 3559 familiarius
1983 3506 2140 3558 adhi-

577 3602 706 3654 bere
736 3599 886 3650 visus
917 3605 1001 3650 est
1030 3613 1044 3648 :
1079 3611 1200 3664 quae
1243 3611 1330 3648 res
1377 3597 1534 3649 matri
1572 3612 1864 3650 mmrorem
1893 3598 2140 3649 cumula-

577 3693 673 3744 vit.
701 3689 1077 3761 Sycophantas
1124 3689 1305 3756 itaque
1351 3687 1418 3740 ad
1457 3689 1603 3741 hunc
1647 3689 1866 3742 modum
1902 3691 2139 3742 removit

577 3781 1333 3851 imperator,domesticoque
1385 3781 1661 3846 omnibus,
1712 3793 1877 3850 super
1936 3784 2137 3851 quibus

578 3884 750 3927 mater
786 3873 852 3926 ad
886 3888 942 3926 se
980 3881 1203 3926 venerat
1258 3872 1529 3936 indicatis,
1581 3889 1882 3942 purpuram
1943 3877 2134 3927 saltem

574 3975 797 4037 propter
842 3961 986 4032 vulgi
1043 3963 1356 4030 opinionem
1411 3963 1676 4016 suadebat
1719 3978 2020 4029 assumere,
2069 3981 2134 4018 ne

574 4075 753 4112 veram
797 4071 916 4110 esse
957 4055 1324 4124 suspicionem
1367 4055 1705 4116 ostenderet,
1733 4055 1892 4126 395
1929 4059 2134 4127 ipsum.

569 4143 676 4219 [Ine
737 4148 924 4202 multis
1003 4147 1265 4198 molestiis
1314 4146 1540 4201 levaret.
1613 4147 1958 4202 Domesticus
2022 4159 2130 4202 tam

570 4241 758 4292 amicae
788 4249 843 4290 et
879 4237 1122 4291 candida:
1172 4249 1298 4302 erga
1345 4249 1402 4288 se
1450 4235 1715 4289 voluntati
1751 4237 1941 4305 gratiis
1971 4240 2127 4298 actis.

572 4334 817 4386 habitum
845 4345 1003 4383 suum
1034 4345 1155 4382 cum
1213 4329 1570 4398 imperatorio
1603 4338 1826 4395 propter
1855 4329 2130 4383 obtrecta-

570 4435 747 4476 tortnn
774 4420 994 4474 voculas
1021 4419 1317 4488 przesertim
1348 4428 1684 4474 commutare
1719 4433 1829 4474 non
1867 4420 2007 4482 vult,
2069 4434 2127 4474 re

2249 3239 2408 3291 πλέον
2431 3239 2750 3306 ἐξαφθείσα,
2773 3238 2849 3302 ὡς
2873 3238 2982 3310 εἶχε
3007 3244 3221 3312 τάχους,
3249 3245 3384 3314 πρὸς
3412 3247 3633 3316 βασιλέα
3656 3262 3785 3313 γενο·

2245 3330 2380 3397 μένη
2406 3329 2497 3380 τὸν
2523 3330 2658 3394 υίδν,
2687 3331 2983 3400 κατηγόρει
3007 3331 3100 3384 τοῦ
3129 3334 3365 3401 μεγάλου
3393 3336 3702 3406 δομεστίκου
3725 3334 3786 3394 ὡς

2245 3420 2628 3489 βασιλειῶν-τος
2650 3461 2664 3484 ,
2697 3423 2791 3473 καὶ
2821 3422 3176 3476 συνεϐούλευε
3211 3426 3579 3493 φυλάττεσθαι
3606 3433 3687 3480 τὸν
3711 3426 3786 3480 ἄνα

2241 3508 2340 3576 δρα
2375 3507 2450 3569 ὡς
2479 3510 2578 3577 τὴν
2607 3508 2820 3562 εὔνοιαν
2852 3511 3309 3587 ύπρκρινόμενον,
3355 3516 3783 3587 ἁγνωμονήσοντα

2241 3600 2297 3651 δὲ
2335 3600 2401 3668 ἢν
2435 3600 2666 3670 λάϐηται
2708 3602 2924 3670 καιροῦ.
2961 3602 3226 3666 Βασιλεὺς
3265 3605 3322 3657 δὲ
3358 3611 3499 3678 πρὸς
3535 3611 3627 3678 μὲν
3657 3608 3780 3679 βιαιο

2241 3690 2360 3742 λίδα
2399 3691 2496 3759 τὴν
2544 3691 2757 3760 μητέρα
2803 3691 2969 3744 πολὺν
3014 3693 3155 3764 ὑπὲρ
3203 3697 3443 3764 μεγάλου
3487 3699 3779 3766 δομεστίκου

2241 3784 2536 3848 ἐποιήσατο
2568 3781 2659 3833 τὸν
2695 3782 2884 3849 λόγον,
2922 3787 3266 3853 συκοφάντας
3309 3791 3406 3841 καὶ
3445 3789 3778 3859 ψευδομένους

2239 3869 2556 3937 ἀποφαίνων
2587 3871 2713 3932 τοὺς
2745 3871 2812 3922 τὰ
2841 3875 3066 3925 τοιαῦτα
3101 3881 3555 3946 κατηγορηκότας
3577 3895 3590 3910 ·
3620 3882 3776 3946 ὥσπερ

2239 3956 2296 4008 δὲ
2323 3957 2418 4009 καὶ
2443 3956 2622 4025 ἔργοις
2649 3957 2852 4012 ἐθέλων
2877 3961 3178 4030 κατάδηλον
3204 3965 3377 4016 ποιεῖν
3404 3965 3490 4018 ὅτι
3518 3967 3774 4034 πλάσματα

2237 4051 2425 4119 ἡγοῖτο
2455 4051 2524 4102 τι
2556 4050 2803 4114 τοιαῦτα,
2838 4053 3040 4121 μᾶλλον
3077 4054 3108 4125 ἢ
3145 4057 3414 4127 πρότερον
3448 4059 3671 4131 εὐμενὴς
3698 4060 3774 4113 καὶ

2238 4139 2461 4194 πλείονα
2487 4141 2741 4212 παρέχων
2765 4143 2862 4213 τὴν
2888 4146 3083 4214 ῥοπὴν,
3109 4148 3204 4200 καὶ
3227 4149 3614 4222 ἀκριϐέστερον
3634 4165 3773 4218 προσ·

2235 4231 2375 4300 έχων
2417 4232 2597 4300 ὡρᾶτο
2638 4231 2714 4302 τῷ
2759 4234 2981 4304 μεγάλῳ
3020 4235 3348 4308 δομεστίκῳ,
3393 4241 3423 4292 δ
3468 4241 3561 4294 καὶ
3601 4238 3771 4310 μᾶλλον

2239 4325 2489 4395 βασιλίδα
2521 4329 2621 4397 τὴν
2657 4329 2871 4398 μητέρα
2905 4331 3319 4402 παρεσκεύαζεν
3351 4335 3622 4389 ἀνιᾶσθαι.
3654 4332 3767 4392 Τοὺς

2239 4418 2338 4485 μὲν
2365 4413 2455 4471 οὖν
2483 4418 2826 4487 συκοφάντας
2853 4419 3028 4484 οὕτως
3053 4423 3437 4478 άπεσκεύαστο
3461 4428 3492 4478 ό
3513 4425 3736 4496 βασιλεύς
3753 4437 3765 4451 ·

568 4519 682 4585 ipsa
707 4529 824 4569 esse
850 4514 1270 4568 ealun'tuiatores
1299 4513 1474 4580 palam
1504 4512 1823 4576 ostendens,
1857 4523 1915 4568 et
1942 4525 2133 4581 paruas

2251 4506 2428 4576 ἐκείνῳ
2459 4507 2504 4559 δ’
2531 4507 2750 4562 ἅπαντα
2786 4509 2917 4580 περὶ
2949 4506 3026 4563 ὢν
3059 4514 3092 4582 ὴ
3129 4512 3342 4582 βασιλὶς
3374 4516 3499 4585 ἥκει
3531 4513 3764 4581 ἐξειπὼν.

567 4613 636 4661 de
683 4623 870 4662 eorum
919 4607 1266 4674 improbitate
1301 4620 1543 4659 sumens.
1599 4605 1668 4659 Se
1699 4621 1915 4674 quoque
1954 4605 2135 4673 prius-

566 4714 726 4767 quam
753 4693 962 4750 veniret
998 4696 1332 4765 imperatrix,
1365 4710 1528 4763 quam
1557 4695 1626 4749 ob
1653 4709 1872 4750 causam
1902 4707 2130 4751 ventura

565 4801 712 4842 esset
743 4787 1080 4852 cognovisse.
1123 4785 1355 4850 Quidam
1390 4788 1535 4838 enim
1585 4787 1766 4840 eidem
1805 4802 1832 4838 a
1877 4788 2128 4851 secretis,

567 4893 825 4947 magnum
867 4877 1232 4930 domesticum
1285 4878 1350 4930 de
1397 4878 1545 4930 aditu
1576 4881 1718 4948 ejus,
1751 4889 1806 4932 et
1840 4877 1906 4931 de
1941 4893 2126 4942 causa,

567 4974 742 5040 deque
780 4969 1166 5023 inventoribus
1197 4979 1252 5021 et
1297 4970 1614 5023 architectis
1647 4970 1810 5039 hujus
1840 4969 1949 5023 doli
1985 4985 2129 5037 pra:-

540 5046 914 5122 Imonuerant,
947 5058 1346 5125 consiliumque
1366 5059 1650 5122 dederant,
1673 5068 1730 5112 ut
1747 5075 1969 5113 accessu
1991 5075 2128 5127 pra:-

565 5158 849 5218 occupato,
865 5148 1012 5201 illam
1031 5163 1155 5200 enm
1179 5149 1506 5216 imperatore
1525 5150 1918 5212 committeret,
1959 5151 2126 5203 lictis-

567 5259 674 5312 que
697 5242 1044 5295 sermonibus
1069 5257 1191 5294 eum
1217 5251 1538 5305 exterreret,
1588 5242 1732 5310 quod
1760 5243 1847 5296 illa
1874 5241 2004 5295 nihil
2032 5258 2128 5296 eo-

565 5350 683 5386 rum
707 5349 824 5400 qua:
840 5341 1102 5386 statuerat
1123 5333 1384 5400 perficere
1404 5335 1809 5401 possetNerum
1829 5335 1987 5387 hosce
2005 5319 2129 5386 (0n;

566 5421 805 5474 siliarios
830 5422 1001 5473 iratus
1021 5421 1244 5484 dimisit,
1267 5434 1326 5476 ut
1344 5425 1435 5490 qui
1454 5423 1555 5476 sub
1579 5424 1876 5476 amicorum
1895 5438 2124 5492 persona

565 5511 820 5565 hostilem
896 5519 1144 5580 tegerent
1199 5513 1482 5565 animum:
1519 5528 1625 5566 non
1686 5514 1831 5566 enim
1893 5514 2014 5566 talia
2067 5528 2125 5566 se

564 5601 784 5664 decere,
815 5601 909 5654 sed
946 5619 1170 5671 prorsus
1198 5605 1490 5667 contraria,
1512 5616 1569 5658 ut
1609 5606 1652 5658 si
1688 5605 1830 5673 quod
1851 5617 1994 5658 esset
2021 5606 2122 5656 im-

564 5691 806 5757 peratori
843 5707 963 5743 cum
999 5705 1170 5746 matre
1192 5694 1506 5751 dissidium,
1553 5695 1618 5747 ati
1664 5696 2122 5749 reconciliandam

563 5777 792 5844 gratiam
829 5778 1051 5845 faceret,
1085 5781 1479 5852 molireturque
1504 5783 1708 5847 omnia,
1739 5786 1885 5849 quod
1912 5784 1982 5837 sit
2004 5784 2114 5836 veri

2235 4595 2393 4657 αὖθις
2429 4594 2716 4666 βασιλικὴν
2750 4598 2956 4666 ἐσθῆτα
2987 4601 3035 4651 εἰ
3070 4601 3146 4670 μή
3178 4619 3275 4653 του
3305 4603 3467 4657 ἄλλου
3487 4646 3501 4668 ,
3536 4605 3627 4673 τῆς
3660 4600 3763 4669 γοῦν

2233 4685 2341 4737 τῶν
2380 4686 2590 4741 πολλῶν
2630 4687 2787 4757 δόξης
2829 4689 2994 4743 ἕνεκα
3039 4691 3430 4748 συνεϐούλευεν
3465 4691 3761 4753 ἀναλαϐεῖν,

2235 4774 2302 4829 ἶν’
2332 4777 2574 4839 ἐκείνους
2611 4794 2670 4830 τε
2707 4778 2966 4850 ἀποδείξῃ
3009 4780 3413 4846 ὑποπτεύοντάς
3455 4783 3648 4853 άληθῆ.
3687 4779 3761 4830 καὶ

2233 4869 2392 4920 αὑτὸν
2444 4867 2655 4921 πολλῶν
2713 4871 3053 4939 πραγμάτων
3105 4872 3409 4945 ἀπαλλάξῃ.
3454 4875 3670 4931 Ἐκεῖνος
3714 4867 3758 4918 δὲ

2233 4959 2440 5028 βασιλεί
2473 4959 2571 5028 μὲν
2601 4959 2797 5021 πολλάς
2830 4960 2924 5030 τῆς
2959 4963 3037 5024 είς
3067 4963 3228 5016 αὐτὸν
3255 4966 3537 5034 εὐμενείας
3567 4963 3756 5032 χάριτας

2230 5053 2497 5121 ὡμολόγει
2535 5053 2629 5106 καὶ
2660 5055 2758 5122 τῆς
2793 5056 3196 5124 καλοκάγαθίας
3217 5076 3229 5088 ·
3262 5058 3323 5110 τδ
3354 5059 3397 5112 δ’
3421 5061 3492 5117 εἰ,
3530 5055 3754 5127 βασιλέως

2233 5145 2418 5214 σχῆμα
2449 5146 2821 5213 μεταμείϐειν,
2851 5148 2910 5202 οὐ
2939 5147 3140 5214 μᾶλλον
3165 5148 3368 5217 ἐτέρων
3394 5150 3591 5210 αίτιῶν,
3618 5142 3752 5212 ἦτών

2233 5238 2578 5303 συκοφαντῶν
2605 5238 2764 5290 ἕνεκα
2791 5240 2892 5291 οὐκ
2921 5239 3212 5308 ἐθελήσειν,
3243 5239 3308 5291 ἵν’
3330 5240 3473 5308 αὐτῷ
3497 5238 3654 5306 τούτῳ
3676 5233 3751 5300 τῆς

2229 5328 2563 5394 κακουργίας
2589 5327 2842 5398 λαμϐάνῃ
2865 5328 3020 5390 δίκας
3050 5328 3178 5398 παρ’
3199 5330 3378 5382 αὐτῶν
3402 5331 3574 5399 ἔργοις
3598 5325 3748 5382 αὐτοῖς

2231 5419 2566 5484 συκοφάντας
2602 5419 2938 5484 ἀποφαίνων.
2971 5419 3141 5478 Αὐτὸς
3174 5419 3228 5470 δὲ
3262 5419 3355 5471 καὶ
3389 5422 3512 5486 πρὶν
3539 5411 3744 5484 βασιλίδι

2230 5509 2383 5578 ἥκειν
2423 5511 2550 5576 περὶ
2592 5502 2665 5560 ὧν
2707 5509 2956 5576 ἁψίξεται
3000 5510 3237 5577 ἔφασκεν
3277 5510 3486 5562 εἰδέναι.
3530 5508 3626 5559 Καὶ
3659 5505 3744 5568 γὰρ

2226 5602 2334 5652 τῶν
2377 5603 2441 5652 τα
2485 5603 2772 5672 ἀπόρρητα
2815 5602 3132 5655 συνειδότων
3171 5605 3309 5673 αὐτῇ
3350 5620 3487 5661 τινες
3528 5600 3743 5666 πρότεραι

2227 5693 2472 5754 ἐλθόντες
2507 5696 2605 5760 τήν
2641 5710 2699 5744 τε
2736 5693 2920 5760 ἄφιξιν
2954 5695 3124 5762 αὐτῆς
3163 5697 3288 5764 περὶ
3323 5689 3397 5748 ὧν
3429 5697 3618 5761 γένοιτο
3648 5684 3741 5737 νυνὶ

2228 5784 2440 5852 ἔνδηλον
2489 5788 2704 5836 ἐποίουν
2753 5787 2830 5856 τῷ
2881 5790 3100 5856 μεγάλῳ
3149 5792 3464 5860 δομεστίκῳ,
3514 5789 3594 5840 καὶ
3633 5783 3737 5839 τοὺς
