4096 6300
550 313 653 407 τὲι
978 358 981 361 λ
1715 349 2035 412 JOANNlS
2073 348 2162 409 CA

2143 346 2595 411 tNTACUZEN'l
2735 397 2740 400 .
3646 318 3760 421 vss

546 459 812 517 accedens
854 463 1102 519 libellum
1154 466 1401 538 porrigit,
1452 465 1655 521 addens
1686 467 1892 535 lingua,
1928 480 1984 520 se
2011 464 2112 518 ibi-
2144 468 2163 523 Δ

2144 467 2190 523 Α
2221 465 2312 516 καὶ
2348 465 2508 526 αὐτὸς
2544 465 2758 535 παρῆν,
2798 464 3030 534 μάλιστα
3075 463 3215 518 κατὰ
3248 465 3346 536 τὴν
3383 466 3470 519 τοῦ
3503 467 3635 521 θείου
3665 472 3739 522 καὶ

547 544 671 605 dem
703 554 1033 622 scriptorum
1069 564 1233 612 testes
1266 558 1538 626 appellare
1583 557 1783 627 ipsum.
1815 557 1959 626 quod
1986 571 2110 610 cum

2216 552 2480 616 ζωοποιοῦ
2511 555 2603 608 τοῦ
2637 555 2888 624 Σωτῆρος
2923 554 3097 622 Λόγου
3127 555 3221 608 τοῦ
3247 556 3493 625 σώματος
3524 559 3741 628 προελευ-

547 648 790 700 tremore
836 647 1241 703 sacriﬁcaretur
1285 663 1485 716 corpus
1527 648 1754 713 Christi,
1781 657 1834 704 et
1867 650 1962 718 qui
1992 649 2110 703 ina-

2219 662 2303 698 σιν
2349 647 2517 714 ἐγγὺς
2559 647 2848 714 γενόμενος
2892 647 3184 716 παρείχετο
3226 647 3289 699 τὸ
3335 647 3564 717 βιϐλίον,
3604 651 3740 701 εἰπὼν

548 734 881 800 spectabiles
909 737 1285 805 praecederent
1339 748 1814 809 sequerenturque
1839 741 2060 810 angelos
2095 780 2108 804 ,

2220 736 2312 787 καὶ
2342 735 2428 789 διὰ
2459 735 2727 806 γλώττης,
2757 735 2831 798 ὼς
2862 736 2968 789 τῶν
2997 738 3467 808 ἐγγεγραμμένων
3499 741 3740 808 μάρτυρας

548 833 604 875 et
629 825 723 891 qui
751 842 778 877 a
809 826 969 881 nobis
994 827 1274 900 videntur,
1307 816 1701 885 in‘ministerio
1726 846 1823 887 eos
1852 832 2115 902 adjuvan-

2217 826 2512 896 παρέχοιτο
2555 828 2687 882 αὐτό
2710 844 2767 880 τε
2792 828 2852 881 τὸ
2878 829 3121 896 φρικτῶς
3149 828 3587 898 ἱερουργούμενος)
3612 831 3740 898 σῶμα

551 922 652 978 tes,
681 917 994 973 sacerdotes
1044 921 1197 975 istos.
1235 920 1430 991 Magno
1459 936 1591 976 vero
1622 921 1927 978 domestico
1957 923 2115 978 libe‘l-

2216 918 2309 970 τοῦ
2352 918 2627 989 Χριστοῦ,
2671 921 2767 974 καί¹
2801 918 2929 982 τούς
2970 936 3027 971 τε
3069 919 3295 988 ἀφανῶς
3342 921 3743 988 προηγουμένους

547 1005 659 1058 lum
696 1006 750 1060 in
784 1009 1036 1064 manibus
1084 1019 1323 1077 tenente,
1378 1027 1773 1083 sacrorumque
1823 1013 1981 1067 ﬁnem
2022 1028 2113 1070 ex-

2218 1008 2314 1060 καὶ
2346 1010 2757 1078 παρεπομένους
2787 1009 3075 1077 ἀγγέλους,
3108 1010 3205 1062 καὶ
3232 1010 3359 1070 τοὺς
3387 1008 3639 1075 αἰσθητῶς
3670 1008 3743 1058 καὶ

542 1106 847 1165 spectante,
902 1109 962 1155 ut
1015 1100 1237 1169 legeret,
1298 1102 1495 1157 iterum
1542 1104 1831 1172 praefectus
1873 1105 2155 1160 cubiculi'

2148 1125 2155 1133 -
2218 1097 2467 1167 φανερῶς
2497 1099 2628 1166 ἡμῖν
2657 1098 2791 1168 πρὸς
2816 1099 2916 1169 τὴν
2942 1100 3216 1152 διακονίαν
3241 1100 3421 1162 αὐτοῖς
3452 1101 3737 1167 συναιρομέ-

547 1189 770 1255 propius
805 1189 1020 1254 adiens,
1059 1201 1115 1247 ut
1148 1203 1275 1249 tunc
1325 1196 1549 1265 legeret,
1589 1193 1837 1265 rogabat,
1893 1212 2002 1266 quo
2033 1198 2117 1251 ni-

2218 1205 2340 1252 vou;
2370 1188 2550 1258 ἱερέας
2577 1190 2844 1245 τουτουσί.
2874 1190 2981 1243 Τοῦ
3015 1189 3253 1259 μεγάλου
3283 1190 3339 1242 δὲ
3366 1190 3669 1256 δομεστίκου
3694 1191 3744 1239 τά

548 1276 742 1330 mirum
775 1294 882 1333 non
913 1295 978 1335 ex
1020 1280 1344 1350 iuramentis
1377 1293 1605 1347 tantum,
1636 1300 1824 1339 verum
1861 1288 2024 1338 etiam
2049 1301 2114 1339 ex

2190 1282 2526 1353 ¹γράμματα
2549 1282 2763 1353 ἔχοντος
2785 1285 2842 1336 ἐν
2874 1285 3206 1353 ταῖνγχεροῖν
3226 1322 3239 1346 ,
3278 1284 3371 1335 καὶ
3404 1281 3501 1351 τὴν
3531 1285 3620 1348 τῆς
3653 1283 3745 1347 ἱερ·

547 1369 661 1438 ipsa
692 1371 1004 1427 conditione
1033 1376 1296 1445 temporis
1342 1377 1745 1432 venerabiliora
1793 1387 1849 1433 et
1882 1378 2117 1432 credibi-

2218 1373 2444 1444 ουργίας
2509 1374 2899 1445 περιμένοντος
2926 1374 3205 1443 τελευτὴν,
3237 1373 3322 1426 ἵνα
3353 1372 3588 1441 ἀναγνῷ,
3618 1372 3747 1422 πάλιν

547 1460 684 1516 liora
719 1461 929 1529 ﬁerent,
970 1482 1089 1536 qua:
1121 1468 1321 1537 scripta
1358 1469 1598 1524 inerant.
1636 1470 1823 1525 Victus
1857 1472 2118 1540 precibus

2221 1465 2248 1516 ὁ
2289 1466 2787 1535 παρακοιμώμενες
2829 1466 3122 1533 γενόμενος
3163 1464 3349 1531 ἐγγὺς,
3390 1463 3553 1515 ἐδεῖτο
3586 1463 3639 1512 τι
3672 1462 3747 1510 νῖν

547 1550 677 1621 legit
706 1592 719 1617 ,
754 1568 817 1607 ac
852 1556 1233 1627 tuncquidem
1266 1557 1453 1612 tacuit.
1498 1559 1625 1613 Post
1671 1561 2001 1616 sacriﬁcium
2031 1577 2119 1616 so-

2221 1557 2342 1627 ἒχον
2372 1558 2675 1625 ἀναγνῶναι
2696 1599 2709 1623 ,
2749 1558 2837 1617 ἵνα
2874 1557 2948 1627 μὴ
2982 1560 3044 1610 ἐκ
3074 1555 3183 1619 τῶν
3215 1558 3389 1625 ὅρκων
3429 1555 3610 1623 μόνον.
3640 1553 3748 1605 ἀ)ὶᾶ

548 1642 660 1695 lum
680 1644 976 1710 deducens,
1000 1648 1171 1713 Quam
1196 1647 1330 1702 dura
1356 1659 1410 1702 et
1441 1664 1626 1718 aspera
1658 1665 1777 1704 sors
1805 1663 1892 1705 tua
1916 1668 1945 1705 a
1969 1652 2119 1720 prin-

2223 1654 2316 1707 καὶ
2343 1649 2434 1703 ἀπ’
2458 1649 2621 1703 αὐτοῦ
2648 1648 2741 1702 τοῦ
2769 1650 2958 1720 χρόνου
2991 1645 3342 1715 φοϐερώτερα
3372 1648 3464 1698 καὶ
3495 1647 3748 1711 maritam

549 1734 695 1802 cipio
728 1735 915 1801 fuerit,
950 1738 1148 1807 inquit,
1201 1753 1325 1792 eum
1364 1754 1471 1808 qua
1500 1740 1826 1803 coiiuctans,
1861 1742 1996 1796 meis
2022 1758 2118 1796 au-
2151 1807 2166 1813 _

2151 1807 2179 1813 Α
2222 1740 2290 1799 τὰ
2317 1740 2681 1810 γεγραμμένα
2767 1755 2780 1770 ⁸
2815 1740 2939 1791 ἐπεὶ
2971 1739 3024 1792 δέ
3059 1738 3372 1807 πειθόμενος
3403 1738 3624 1804 ἀνέγνω,
3653 1738 3749 1788 τότε

551 1826 739 1893 Spieiis
770 1839 823 1883 ct
864 1844 1031 1898 opera
1060 1831 1112 1883 in
1152 1839 1259 1884 lam
1293 1833 1567 1886 excelsum
1618 1832 1852 1888 fortunae
1884 1836 2112 1904 gradum
2150 1807 2168 1866 Ι

2150 1807 2192 1866 Β
2224 1807 2339 1903 μὲν
2363 1807 2665 1901 ἐιρθέγξατο
2705 1807 2878 1886 οῦδὲν.
2904 1830 3171 1901 ’Ύστερον
3215 1829 3269 1881 δὲ
3320 1829 3458 1898 μετά
3499 1830 3590 1896 τὴν
3628 1828 3748 1878 τελε-

549 1919 940 1985 conscendisti,
971 1937 1133 1975 nemo
1155 1932 1238 1977 est
1264 1923 1656 1989 Romanorum,
1693 1926 1785 1995 qui
1815 1941 1921 1980 non
1961 1928 2113 1997 juxta

2217 1924 2335 1995 τὴν,
2388 1925 2547 1994 μόνον
2593 1924 2681 1977 τὸν
2733 1921 3227 1991 παρακοιμὼμενον
3279 1919 3626 1989 παραλαϐὼν,
3662 1919 3753 1986 Τὴν

552 2026 763 2066 mecum
788 2013 1022 2077 noverit,
1045 2022 1195 2070 cttu.
1226 2023 1413 2083 utpote
1434 2029 1618 2068 verum
1651 2031 1714 2071 ac
1740 2018 1947 2086 justum
1981 2018 2116 2073 mihi

2222 2016 2322 2088 μὲν
2352 2016 2607 2087 ἐξαρχῆς,
2643 2016 2765 2086 ἔφη,
2805 2007 3259 2086 κακοπραγίαν,ᾖ
3293 2011 3664 2085 προσπαλαίων
3690 2014 3750 2071 εἰς

552 2102 733 2157 ferens
761 2105 1156 2167 testimonium,
1194 2099 1348 2163 testis
1387 2120 1507 2161 esse
1539 2116 1692 2176 putes
1737 2109 1982 2164 omnium
2013 2110 2118 2164 ﬁde

2218 2108 2377 2162 τοῦτο
2406 2109 2576 2179 τύχης
2610 2109 2703 2161 καὶ
2742 2108 3099 2177 περιφανείας
3132 2105 3305 2177 ἦχθης
3339 2105 3430 2157 ὑπ’
3457 2103 3608 2179 ἐμοῦ,
3639 2104 3751 2156 πάν-

550 2193 923 2263 dignissimus.
958 2195 1121 2267 397
1152 2197 1282 2263 Qua:
1329 2197 1493 2266 igitur
1527 2200 1581 2252 in
1626 2209 1676 2254 te
1711 2200 1853 2255 ultro
1882 2203 2116 2267 contuli,

2218 2219 2310 2266 τες
2369 2204 2468 2272 μὲν
2525 2201 2814 2253 συνειδοῖεν
2872 2200 2939 2253 ἂν
2992 2199 3112 2268 ἐμοὶ
3156 2199 3414 2267 Ῥωμαῖοι
3449 2213 3461 2228 ο
3524 2176 3591 2249 οῦ
3637 2194 3674 2246 δ’
3701 2194 3752 2247 ἂν

551 2301 613 2339 ea
640 2295 695 2340 et
735 2286 803 2341 ab
838 2286 959 2341 aliis
1005 2296 1060 2342 et
1089 2289 1185 2343 abs
1221 2298 1270 2343 te
1302 2289 1534 2343 maxime
1584 2288 1902 2345 conﬁrmata
1969 2305 2114 2357 sunt,

2220 2294 2337 2362 εἴης
2388 2294 2607 2346 πάντων
2667 2292 2865 2362 μᾶλλον
2920 2289 3220 2359 ἀξιόχρεως
3278 2286 3626 2341 πιστεύεσθαι
3675 2284 3753 2337 τά-

552 2375 755 2444 quibus
783 2391 910 2431 vero
939 2385 988 2432 te
1016 2376 1228 2432 allicere
1268 2378 1570 2448 cogitabam
1604 2379 1761 2434 bonis
1792 2372 2117 2452 majoribus,
2142 2394 2143 2397 ‘

2142 2394 2143 2397 ‘
2220 2384 2359 2455 ληθῆ
2401 2383 2495 2437 καὶ
2535 2382 2719 2436 δίκαια
2761 2383 2887 2451 περὶ
2926 2379 3156 2433 σεαυτοῦ
3197 2378 3604 2450 συμμαρτυρῶν
3635 2376 3751 2446 ἐμοί.

551 2473 607 2524 et
635 2464 1047 2535 insignioribus,
1075 2482 1267 2521 eorum
1297 2477 1351 2521 et
1394 2467 1509 2537 ipse
1541 2468 1675 2523 mihi
1706 2484 1827 2524 sum
1854 2472 2031 2535 testis,
2065 2479 2119 2527 et

2220 2475 2343 2529 Τῶν
2366 2474 2465 2544 μὲν
2485 2470 2577 2527 οὗν
2593 2471 2923 2542 ὑπηγμένων
2943 2473 3092 2541 παρᾶι
3108 2487 3166 2523 τε
3186 2470 3293 2523 τῶν
3317 2470 3492 2524 ἄλλων
3512 2465 3754 2536 ἀρκοῦσαν

554 2556 641 2609 cui
692 2553 858 2610 animi
921 2558 1353 2629 uniuscujusque
1404 2560 1676 2616 motiones
1740 2569 1905 2632 atque
1956 2579 2116 2619 sensa

2220 2564 2329 2634 ἔχω
2357 2563 2455 2632 τὴν
2481 2561 2774 2626 ἀπόδειξιν,
2816 2561 2910 2614 καὶ
2943 2559 3176 2629 μάλιστα
3200 2557 3294 2610 σοῦ
3322 2573 3336 2586 ο
3368 2552 3447 2610 ὢν
3474 2556 3531 2611 δὲ
3555 2554 3749 2608 διενοού-

557 2648 840 2703 manifesta
869 2659 1015 2715 sunt,
1048 2651 1209 2705 Deus.
1244 2651 1322 2704 Tu
1352 2659 1532 2705 tamen
1568 2659 1674 2706 tam
1702 2654 1889 2718 multis
1913 2655 2120 2710 obstri-

2245 2673 2334 2728 ιην
2370 2655 2499 2725 περὶ
2534 2653 2627 2706 σοῦ
2665 2653 2928 2722 μειζόνων
2953 2652 3048 2705 καὶ
3071 2650 3539 2719 θαυμασιωτέρων
3563 2645 3755 2714 ἀγαθῶν
3855 2677 3862 2691 .

554 2746 696 2805 ctus,
732 2754 833 2793 nec
865 2740 1027 2795 unius
1072 2756 1131 2795 es
1163 2741 1501 2806 recordatus,
1529 2750 1601 2795 'et
1651 2751 1728 2798 tot
1762 2743 2063 2799 benefactis
2089 2763 2117 2799 a

2223 2749 2385 2811 αὑτός
2415 2765 2475 2800 τε
2515 2744 2727 2798 σύνοιδα
2759 2741 3001 2813 ἐμαυτῷ,
3050 2742 3138 2792 κοιλ⁵
3170 2734 3213 2807 ᾧ
3251 2740 3315 2791 τὰ
3352 2737 3531 2809 ψυχῆς
3555 2738 3754 2790 ἑκάστου

554 2844 640 2883 me
668 2830 1002 2893 cumulatus,
1032 2846 1132 2885 nec
1168 2832 1336 2885 semel
1385 2832 1652 2899 oﬂensus,
1681 2850 1805 2890 cum
1839 2850 1942 2908 ego
1974 2839 2122 2893 velut

2223 2842 2500 2911 κινήματα
2533 2837 2629 2890 καὶ
2682 2835 3021 2904 διανοήματα
3065 2831 3275 2900 φανερὰ
3323 2829 3482 2892 Θεός.
3518 2827 3676 2887 Αὐτὸς
3707 2824 3751 2876 δὲ

554 2931 802 2980 catenam
839 2925 1127 2991 quamdam
1160 2924 1352 2978 merita
1385 2925 1596 2985 meritis
1627 2926 1735 2982 huc
1777 2943 1949 2998 usque
1976 2944 2123 2984 sem-

2229 2930 2358 3002 μήθ’
2393 2929 2534 2999 ὑπὲρ
2586 2921 2660 2981 ὧν
2707 2924 2969 2986 πολλάκις
3006 2922 3096 2975 ὑπ’
3134 2920 3270 2989 ἐμοῦ
3301 2919 3573 2980 πέπονθας
3601 2915 3751 2975 καλῶς

558 3029 656 3083 per
683 3013 1011 3081 addiderim,
1063 3026 1117 3070 tu
1155 3016 1277 3071 aliis
1320 3032 1430 3087 prae
1473 3017 1774 3074 invidentia
1808 3035 1894 3076 me
1927 3021 2121 3077 innue-

2230 3016 2456 3092 μηδενὸς
2514 3014 2793 3086 μνησθεὶς,
2824 3014 2948 3083 μήθ’
2980 3012 3054 3074 ὡς
3097 3010 3333 3063 τοσαῦτα
3383 3006 3753 3079 εὐεργετηθεὶς,

559 3114 768 3160 rcntcm
806 3108 1251 3177 oppugnantibus
1284 3111 1495 3164 socium
1526 3120 1576 3165 te
1616 3101 1914 3183 adiungere
1946 3115 2120 3169 volui-
2148 3142 2176 3201 ί

2148 3142 2192 3201 c
2226 3111 2347 3166 οὐδὲ
2375 3105 2522 3172 ἅπαξ
2543 3105 2817 3167 πέπονθας
2841 3103 3046 3168 κακῶς,
3081 3100 3217 3201 ἀλλά
3243 3101 3402 3201 δίμην
3432 3101 3613 3201 σειράς
3633 3112 3755 3201 τινος

557 3200 646 3263 sti,
675 3199 764 3268 qui
791 3209 1058 3267 quantum
1088 3200 1143 3254 in
1174 3199 1327 3253 vobis
1354 3200 1473 3267 fuit,
1510 3203 1649 3257 mala
1699 3215 1941 3260 extrema
1977 3207 2123 3263 desi-
2152 3187 2174 3201 ‘

2152 3187 2192 3201 u
2223 3201 2502 3261 ἁδιάλυτος
2550 3196 2726 3268 ἡτῶν
2777 3193 3233 3265 εὐεργετημάτων
3279 3190 3573 3245 ἀκολουθία
3621 3187 3755 3257 μέχρι

554 3290 776 3359 gnastis.
813 3290 952 3356 Quid
982 3306 1113 3361 ergo
1146 3291 1209 3345 ad
1246 3292 1359 3347 hmo
1391 3302 1445 3347 et
1476 3296 1714 3364 cogitare
1746 3306 1800 3351 et
1828 3297 2002 3352 facere
2036 3316 2120 3354 me

2224 3292 2318 3348 νῦν
2348 3290 2481 3361 παρ’
2540 3287 2673 3358 ἐμοῦ
2733 3285 3051 3356 διετηρήθη,
3089 3285 3294 3353 ἑτέροις
3332 3282 3442 3337 ὑπὸ
3491 3278 3757 3353 βασκανίας

554 3381 793 3435 vicissim
826 3398 922 3450 par
960 3382 1102 3435 fuit?
1150 3398 1255 3436 non
1297 3385 1505 3448 conari,
1566 3387 1610 3440 si
1660 3401 1877 3457 possem
1931 3384 2120 3444 contra

2227 3385 2392 3454 μηδὲν
2418 3381 2690 3436 ἀδικοῦντι
2710 3370 3038 3447 πολεμοῦσιν
3062 3377 3186 3446 ἐμοὶ
3209 3377 3546 3446 προσνείμας
3572 3370 3755 3428 ἑαυτὸν.

553 3470 654 3526 tibi
681 3473 922 3526 nocere?
952 3474 1064 3526 lluc
1090 3474 1133 3527 si
1170 3490 1254 3528 me
1286 3474 1577 3540 dedissem,
1604 3479 1733 3547 quid
1763 3481 2120 3549 sequebatur,

2223 3478 2286 3528 τό
2319 3493 2382 3542 γε
2414 3476 2494 3530 εἰς
2528 3474 2673 3542 ἡμᾶς
2717 3467 2852 3541 ἦχον
2884 3469 2953 3522 τὰ
2982 3469 3185 3538 ἔσχατα
3235 3466 3479 3520 διέθεσθε
3525 3463 3676 3519 κακά.
3706 3459 3758 3511 Τί

556 3565 662 3619 nisi
699 3574 758 3619 ut
805 3574 861 3617 tu
907 3564 1176 3631 perditam
1211 3565 1426 3635 lugeres
1464 3569 1777 3624 felicitatem
1828 3581 1998 3635 tuam,
2035 3574 2121 3626 in-

2222 3568 2313 3622 οὖν
2344 3566 2478 3637 πρὸς
2525 3564 2698 3619 ταῦτα
2747 3563 2893 3629 κάμὲ
2942 3562 3036 3614 καὶ
3086 3550 3551 3623 διανοείσθαιδκαὶ
3612 3554 3758 3606 ποιεῖν

558 3655 717 3709 famis
750 3663 974 3722 repente
1021 3662 1077 3707 et
1123 3670 1186 3707 ex
1243 3655 1505 3723 opulento
1555 3657 1749 3726 inops?
1806 3658 1951 3712 istuc
1978 3658 2119 3712 mihi

2225 3660 2411 3730 ἐχρῆν,
2453 3657 2485 3726 ἢ
2554 3655 2844 3725 πειρᾶσθαι
2896 3652 3150 3721 βλάπτειν
3183 3651 3247 3703 ἂν
3294 3651 3404 3719 ἄρα
3458 3666 3510 3701 τι
3556 3648 3792 3712 δύναμαι.

555 3745 816 3816 perfacile
866 3753 1005 3810 erat,
1033 3753 1087 3799 et
1122 3754 1173 3799 te
1206 3745 1435 3814 ipsumet
1478 3747 1661 3815 judice
1705 3748 1819 3803 haec
1881 3760 1935 3804 et
1966 3750 2119 3819 plura

2224 3756 2314 3805 καί
2334 3750 2528 3813 αὐτόςς
2558 3749 2622 3802 Ei
2643 3749 2688 3800 δ’
2714 3748 2805 3800 ἐπὶ
2855 3744 3026 3797 ταῦτα
3052 3739 3664 3811 ἐτραπόμην,λτίλοιπὺν
3686 3733 3757 3805 ἦν,

557 3838 779 3910 praemia
808 3852 907 3908 pro
935 3836 1151 3892 vafritie
1180 3845 1269 3891 tua
1313 3838 1579 3892 meruisti.
1614 3840 1710 3894 Ast
1743 3856 1842 3910 ego
1869 3856 1990 3895 cum
2020 3843 2121 3896 mi-

2225 3847 2257 3916 ἢ
2284 3846 2344 3897 σὲ
2382 3845 2479 3914 τὴν
2504 3842 2792 3914 προτέραν
2806 3840 3022 3910 θρηνεῖν
3053 3834 3404 3905 εὐδαιμονίαν
3432 3835 3621 3903 ἄτιμον
3644 3828 3762 3894 ἐξαί-

560 3932 729 4005 liimet
767 3932 1027 3985 conscius
1058 3930 1180 3991 sim,
1214 3944 1375 3998 quam
1402 3930 1569 3984 multa
1597 3945 1627 3986 a
1661 3931 1768 3985 Deo
1798 3934 1952 4009 venia
1982 3949 2121 4004 opus

2225 3953 2361 4007 φνης
2396 3936 2489 3988 καὶ
2516 3935 2718 4003 ἄπορον
2766 3931 3044 4001 περιϊόντα
3070 3931 3131 3981 ἐκ
3185 3927 3397 3997 μεγάλα
3441 3922 3759 3991 δυναμένονῖ

556 4024 810 4087 habeam,
862 4038 985 4079 cum
1018 4021 1266 4092 quotidie
1300 4030 1355 4076 et
1384 4038 1612 4077 numero
1660 4025 1836 4094 plura,
1863 4036 1917 4081 et
1943 4029 2125 4097 gravi-

2225 4029 2397 4084 Τοῦτο
2433 4030 2531 4098 μὲν
2583 4023 2677 4080 οὖν
2713 4025 2833 4095 ἐμοί
2862 4041 2922 4077 τε
2957 4023 3065 4075 τῶν
3120 4023 3258 4075 πάνυ
3319 4021 3523 4092 ῥᾳδίων
3575 4013 3655 4086 ἦν,
3683 4011 3760 4065 καὶ

536 4124 669 4171 ante
722 4115 929 4184 majora
985 4127 1226 4183 peccem,
1276 4121 1331 4166 et
1385 4112 1608 4182 insuper
1652 4129 1995 4171 sacramento
2030 4126 2121 4172 tuo

2223 4121 2382 4183 αὐτὸς
2421 4119 2486 4173 ἂν
2516 4120 2766 4180 δικάσαις
2800 4113 3010 4185 σεαυτῷ
3052 4114 3126 4176 ὡς
3188 4113 3447 4166 τοιούτων
3495 4106 3632 4182 ἦσθα
3683 4104 3760 4157 καὶ

495 4241 499 4246 ν
558 4204 809 4264 credens,
838 4202 936 4255 tibi
963 4202 1236 4271 ignoscam
1283 4200 1716 4271 insidiarumque
1744 4212 1958 4257 tuarum
1984 4205 2112 4258 obli-

2225 4211 2486 4266 πλειόνων
2517 4211 2667 4274 ἄξιος
2694 4210 2792 4278 τῆς
2826 4206 3163 4277 πανουργίας
3207 4203 3527 4258 ἀπολαύειν.
3569 4194 3696 4267 Ἐγὼ
3722 4193 3757 4246 δ’

557 4296 756 4350 viscar.
793 4293 875 4348 Tu
912 4294 1143 4359 enitere,
1202 4304 1255 4348 ut
1303 4292 1700 4362 posterioribus
1759 4302 1902 4347 ructe
1960 4292 2121 4348 factis

2223 4303 2446 4375 ἐμαυτῷ
2498 4302 2697 4368 πολλῆς
2729 4301 2877 4370 παρὰ
2899 4298 3033 4353 Θεοῦ
3068 4299 3165 4368 τῆς
3196 4294 3525 4365 συγγνώμης
3549 4289 3758 4359 δεομένῳ

558 4389 737 4456 priora
805 4386 1088 4441 malefacta
1142 4386 1443 4440 oblitteres.
1498 4385 1636 4438 Tum
1684 4384 1850 4454 igitur
1879 4385 2116 4440 cubiculi

2225 4396 2503 4457 συνειδὼς,
2551 4393 2677 4448 οὔτε
2715 4393 2935 4463 ἀριθμῷ
2987 4391 3250 4453 τοσαῦτα,
3307 4388 3433 4441 οὔτε
3487 4380 3760 4453 τηλικαῦτα

559 4482 846 4554 prmfeclus
890 4479 1072 4533 denuo
1123 4476 1373 4548 pluribus
1431 4474 1612 4529 verbis
1679 4484 1736 4529 et
1795 4475 2176 4552 juramentisl

2155 4495 2200 4552 ι)
2228 4488 2351 4542 καθ’
2375 4488 2590 4557 ἡμέραν
2618 4488 2986 4558 ἁμαρτάνοντι
3034 4485 3094 4536 τδ
3134 4481 3391 4552 μέγεθος,
3427 4478 3563 4533 ἀλλὰ
3609 4468 3761 4534 πολλῷ

557 4591 677 4645 qua:
720 4574 1016 4642 scripserat
1065 4569 1423 4633 conﬁrmatis,
1485 4568 1538 4622 in
1595 4570 1798 4637 magni'
1832 4569 2119 4623 domesﬁci

2225 4577 2504 4646 δεινότερα
2536 4575 2634 4628 καὶ
2667 4572 3083 4632 πλείω.”Αλλως
3111 4587 3170 4622 τε
3200 4569 3294 4623 καὶ
3319 4570 3434 4630 τοῖς
3469 4568 3645 4635 ὅρκοις
3668 4558 3761 4616 τοῖς

557 4666 784 4733 gratiam
814 4678 872 4717 se
905 4660 1166 4723 restituit,
1203 4668 1256 4713 et
1293 4660 1496 4713 multos
1533 4674 1729 4729 genere
1753 4659 1995 4714 illustres
2028 4675 2120 4713 ce-

2226 4670 2338 4731 σοῖς
2386 4666 2705 4728 πιστεύσας,
2737 4664 3069 4733 συγγνώμην
3121 4662 3435 4731 παρέχομαι
3484 4658 3579 4712 καὶ
3616 4658 3763 4721 άμειηο

558 4755 811 4810 lcbritate
845 4752 1082 4805 nominis
1112 4750 1358 4804 anteivit.
1390 4750 1658 4818 Tempore
1685 4749 2035 4818 procedente,
2064 4758 2121 4804 ut

2226 4760 2379 4812 στίαν
2408 4758 2505 4827 τῆς
2537 4756 2830 4824 ἐπιϐουλῆς
2853 4769 2867 4785 ⁸
2903 4755 2989 4807 σοὶ
3043 4754 3099 4806 δὲ
3134 4753 3361 4823 μελήσει
3418 4752 3529 4811 τοῖς
3562 4746 3761 4811 ὕστερον

561 4862 725 4917 supra
779 4843 1224 4903 memoravimus,
1253 4858 1377 4897 cum
1423 4857 1549 4897 eum
1596 4842 1895 4911 imperator
1943 4842 2123 4899 adhuc

2226 4848 2452 4917 ἀγαθοῖς
2484 4848 2553 4900 τὰ
2597 4846 2841 4917 πρότερα
2884 4844 3223 4917 εἰργασμένα
3256 4841 3601 4908 ἀπαλείφειν.
3646 4834 3760 4886 Τότε

560 4951 848 5009 superans,
880 4935 1073 4991 classis
1104 4944 1294 4989 contra
1333 4934 1529 4988 Persas
1563 4933 1848 4989 ductorem
1873 4933 2121 5004 legisset,

2231 4941 2328 5009 μὲν
2362 4941 2391 4991 ὀ
2414 4937 2914 5008 παρακοιμώμενος
2964 4931 3120 4996 αὖθις
3149 4935 3328 5002 λόγοις
3357 4950 3415 4985 τε
3448 4932 3651 4984 πλείοσι
3683 4923 3761 4976 καὶ

557 5030 723 5100 idque
767 5020 949 5099 magni
993 5025 1281 5081 domestici
1330 5026 1541 5095 magnis
1570 5026 1829 5094 precibus
1858 5025 2124 5091 dedisset,

2225 5033 2410 5101 ὅρκοις
2436 5032 2502 5083 τὰ
2535 5029 2900 5099 γεγραμμένα
2940 5026 3367 5091 ἐπιϐεϐαιώσας,
3390 5024 3490 5093 τῆς
3519 5022 3662 5089 παρὰ
3686 5031 3763 5084 ps-

558 5122 703 5191 quod
738 5118 940 5189 alioqui
967 5118 1095 5173 huic
1145 5119 1359 5174 muneri
1423 5118 1643 5179 minime
1696 5117 1949 5172 idoneum
2000 5133 2125 5172 sen-

2226 5122 2392 5191 γάλου
2416 5121 2738 5190 δομεστίκου
2766 5120 2931 5172 πάλιν
2953 5118 3190 5172 ἀπέλαυε
3220 5117 3411 5186 ῥοπῆς,
3441 5117 3535 5166 καὶ
3560 5106 3760 5163 πολλοὺς

559 5213 706 5277 tiret,
741 5210 995 5266 curandae
1025 5208 1342 5280 reipublicae
1388 5208 1666 5279 praepositi
1725 5217 1884 5262 erant
1917 5208 2125 5278 Spano-

2230 5213 2617 5285 παρευδοκίμει
2666 5215 2758 5266 καὶ
2789 5212 2900 5266 τῶν
2934 5212 3079 5279 γένει
3130 5210 3453 5280 περιδόξων.
3502 5206 3681 5276 Χρόνῳ
3716 5200 3760 5249 δὲ

558 5306 720 5374 μιῐυε
746 5320 776 5359 a
807 5304 1069 5357 memoria
1120 5312 1176 5357 et
1207 5302 1443 5357 Joannes
1474 5302 1864 5362 Melitenensis,
1892 5310 2127 5370 quaesto-

2228 5304 2477 5375 ῦστερον,
2515 5304 2705 5373 ὥσπερ
2739 5303 2803 5373 δὴ
2858 5304 2951 5356 καὶ
3005 5303 3271 5372 πρότερον
3326 5301 3600 5368 ἱστόρηται
3632 5292 3759 5361 ἡμῖν.

556 5409 648 5451 res
675 5395 941 5464 Georgius
985 5394 1387 5463 Pepaganenus
1447 5402 1501 5446 et
1525 5392 1781 5446 Nicolaus
1807 5392 2127 5448 Melitenen-

2226 5398 2321 5450 τοῦ
2356 5399 2496 5450 κατὰ
2531 5398 2755 5466 Περσῶν
2788 5396 2973 5448 στόλου
3026 5394 3132 5446 ὑπὸ
3169 5392 3432 5463 βασιλέως
3460 5390 3542 5442 ἔτι
3572 5385 3762 5454 περιόν-

559 5488 862 5541 sis.Verum
893 5485 984 5538 ubi
1019 5495 1074 5539 et
1101 5486 1153 5537 in
1192 5484 1389 5538 litteris
1423 5484 1814 5551 imperatoriis,
1849 5493 1904 5537 et
1939 5484 1994 5538 in
2033 5499 2128 5553 pe-

2228 5505 2318 5550 τος
2373 5488 2783 5557 ἀποδειχθέντος
2835 5486 3165 5554 στρατηγοῦ,
3198 5485 3368 5538 πολλά
3408 5481 3504 5534 τοῦ
3551 5474 3759 5549 μεγάλου

559 5578 757 5642 cnniis,
791 5589 848 5630 ut
873 5577 1179 5637 docuimus,
1208 5575 1397 5629 fraude
1423 5590 1553 5629 usus
1584 5582 1688 5635 est,
1720 5575 2125 5644 improbitatem

2231 5580 2359 5647 περὶ
2387 5575 2591 5633 ’τούτου
2626 5580 2949 5645 δομεστίκου
2979 5577 3265 5645 δεηθέντος
3318 5572 3600 5644 βασιλέως,
3641 5566 3761 5619 ὥστε

562 5668 861 5721 detestatus
910 5668 1227 5736 imperator,
1263 5666 1523 5719 honorem
1571 5665 1644 5726 ei,
1672 5680 1782 5734 quo
1808 5681 1998 5734 parum
2031 5667 2124 5721 diu

2229 5671 2328 5739 τὴν
2387 5671 2726 5739 στρατηγίαν
2760 5668 2962 5738 ταύτην
2998 5667 3302 5736 ἐγχειρίσαι
3360 5663 3431 5735 μὴ
3485 5660 3763 5730 προσήκου-

564 5755 782 5829 gayisus
809 5766 949 5821 erat,
999 5755 1297 5826 abrogavit,
1352 5756 1590 5825 vixitque
1634 5755 1701 5809 ad
1734 5765 1951 5826 tempus
1982 5758 2126 5819 nulla

2233 5772 2346 5814 σειν·
2368 5765 2558 5833 ἐκείνῳ
2582 5765 2677 5831 τὴν
2711 5765 2838 5831 περὶ
2860 5763 2924 5813 τὰ
2955 5759 3176 5817 τοιαῦτα
3204 5758 3449 5828 οἰομένου
3484 5744 3758 5819 διατριϐὴν.
