4096 6300
354 258 501 365 τὲςι

1527 320 2064 382 HISTORIARUM
2108 323 2338 386 LIBER
2380 293 2495 392 11f.

3476 333 3587 393 790
3640 324 3647 327 ’

354 420 496 488 πρὸς
533 419 633 491 μὶν
667 424 764 492 τὴν
818 426 1119 500 ὑπηρεσίαν
1162 430 1257 484 τοῦ.
1312 434 1566 501 μεσάζειν
1608 437 1719 497 τοῖς
1748 435 1915 504 δημοο

2029 428 2305 507 I'unctione
2357 441 2595 508 publica.
2652 439 2933 496 Exstincto
2970 431 3303 510 imperatore
3338 456 3591 510 magnum

352 511 512 573 σίοις,
543 512 571 564 ὁ
615 515 850 570 ἐπὶτῶν
899 520 1261 591 ἀναμνήσεων
1310 524 1694 588 Σπανὸπουλος
1759 525 1854 579 καὶ
1897 528 1924 578 ὁ

353 596 766 674 Μελιτηνιὼτης
802 607 1051 679 Ἰωάννης
1071 605 1214 681 ἦσαν
1236 613 1587 682 τεταγμένοι,
1619 610 1922 684 χρημάτων

263 725 267 729 ν
353 690 415 745 δὲ
442 691 634 762 ταμίαι
658 694 769 759 τῶν
798 698 1015 765 κοινῶν,
1047 702 1075 755 ὃ
1100 719 1160 755 τε
1184 704 1590 775 Πεπαγωμένος
1651 705 1922 776 Γεώργιος

355 782 452 834 καὶ
489 783 759 848 Νικόλαος
788 788 817 840 ὀ
849 790 1282 862 Μελιτηνιώτης.
1326 795 1478 849 Ἐπεὶ
1512 796 1569 848 δὲ
1605 796 1732 865 περί
1760 813 1818 849 τε
1854 798 1922 851 τὰ

358 870 611 937 βασιλικὰ
660 874 963 945 γράμματα
1012 883 1107 934 καὶ
1157 886 1286 952 περὶ
1317 885 1386 938 τὰ
1428 888 1707 957 χρήματα,
1735 886 1923 958 ῶσπερ

359 958 595 1030 ἔφημεν,
628 965 930 1032 ἐπιϐούλως
968 970 1593 1047 διανοηθείη,,βασιλεὺς
1623 977 1723 1054 μὲν
1761 979 1919 1047 μισή-

357 1070 458 1114 σας
492 1054 590 1123 τὴν
626 1060 912 1128 πονηρίαν,
947 1064 1120 1131 μικρὰ
1160 1064 1258 1139 τῆς
1309 1066 1645 1137 στρατηγίας
1679 1067 1924 1121 ἀπολαύ-

357 1155 549 1205 σαντα,
585 1145 889 1213 παρέλυσεν
916 1148 1118 1214 εὐθέως
1158 1152 1256 1223 τῆς
1286 1153 1483 1224 ἀρχῆς,
1522 1155 1617 1208 καὶ
1660 1154 1922 1228 διήγαγεν

354 1231 448 1284 ἐπὶ
476 1234 666 1304 καιρὸν
700 1236 867 1306 μηδὲν
888 1241 1369 1314 ἐγκεχειρισμένος
1394 1246 1503 1300 τῶν
1531 1247 1746 1301 κοινῶν.
1768 1247 1922 1300 Ἐπεὶ

354 1321 412 1374 δὲ
442 1324 794 1397 ἐτελεύτησεν
833 1330 861 1382 ὁ
891 1328 1166 1399 βασιλεὺς,
1200 1334 1374 1388 πολλὰ
1405 1322 1497 1390 τοῦ
1527 1338 1767 1415 μεγάλου
1798 1339 1922 1408 δεη-

356 1412 470 1477 θεὶς
517 1415 860 1487 δομεστίκου,
911 1423 1088 1478 καίτοι
1131 1429 1226 1481 καὶ
1284 1427 1497 1482 οἴκοθεν
1585 1412 1917 1500 ὡρμημένου

356 1507 529 1558 ποιεῖν
563 1508 723 1562 αὑτὸν
756 1510 841 1574 εὖ,
879 1512 981 1584 τὴν
1041 1514 1140 1581 μὲν
1178 1517 1272 1571 τοῦ
1306 1518 1567 1588 μεσάζειν
1613 1520 1919 1591 ὑπηρεσίαν

354 1596 714 1671 ἐνεχειρίσθη,
774 1602 874 1672 τὴν
903 1603 958 1656 δὲ
1002 1604 1112 1658 τῶν
1154 1606 1447 1677 βασιλικῶν
1496 1612 1790 1682 χρημάτων
1818 1631 1920 1683 φυ-

2031 526 2413 592 domesticum,
2457 546 2766 600 quanquam
2807 546 2902 600 per
2946 548 3003 586 se
3032 532 3341 601 cupientem
3387 534 3461 586 illi
3506 536 3596 588 be-

2031 615 2306 683 nefacere,
2333 629 2604 686 precatus,
2635 620 2873 673 otlieium
2900 621 3383 682 administratoris,
3409 631 3457 674 δη
3488 639 3592 675 nou

2032 703 2148 758 ﬁsci
2206 707 2603 774 praefecturam,
2652 710 2908 773 obtinuit.
2977 712 3215 771 tametsi,
3267 722 3326 765 ut
3370 728 3596 773 magno:

2028 793 2584 862 domesticus‘aiebat,
2615 800 2777 868 paulo
2807 809 2931 868 post
2971 812 3027 854 et
3067 801 3206 854 bane
3246 801 3593 854 obtinuisset.

2027 885 2193 956 398
2225 889 2294 942 At
2326 890 2415 944 ille
2441 906 2564 945 cum
2591 903 2844 947 cerneret
2886 909 2918 947 e
2947 893 3290 963 praefecturis
3310 897 3459 973 hanc
3491 906 3597 947 sla-

2029 978 2129 1054 tim
2155 993 2218 1033 ac
2250 979 2427 1047 facile,
2454 982 2616 1035 simul
2641 993 2699 1036 ut
2726 985 2991 1053 petiisset,
3017 986 3339 1054 contigisse,
3368 985 3591 1038 alteram

2028 1052 2136 1120 non
2181 1068 2437 1137 amplius,
2467 1083 2590 1123 cum
2639 1052 2862 1140 propter
2913 1082 3134 1143 accepta
3178 1052 3388 1143 gratias
3435 1090 3593 1142 agere

2028 1158 2326 1225 debuisset,
2360 1160 2464 1230 ipsi
2499 1161 2571 1217 ob
2615 1179 2702 1225 ea,
2733 1167 2930 1233 quibus
2962 1182 3021 1221 se
3074 1167 3272 1236 injuste
3324 1169 3593 1235 privatum

2029 1250 2283 1316 ducebat,
2309 1253 2569 1307 ultionem
2592 1255 3015 1323 parabat.Ratus
3038 1273 3169 1312 vero
3191 1243 3590 1327 imperatricem

2026 1356 2219 1411 magno
2241 1343 2541 1397 domestico
2592 1347 2877 1415 utriusque
2935 1348 3274 1417 praefectura:
3326 1352 3378 1404 in
3413 1353 3589 1419 ipsum

2028 1431 2373 1486 conferenda:
2399 1434 2721 1502 potestatem
2760 1438 2997 1498 dedisse.
3033 1454 3270 1510 eumque
3316 1458 3424 1509 quo
3459 1444 3595 1498 alte-

2026 1533 2142 1573 ram
2166 1520 2489 1577 habentibus
2513 1524 2932 1593 gratiﬁcaretur,
2961 1528 3106 1583 illam
3138 1531 3242 1585 sibi
3278 1533 3593 1599 detrahere,

2028 1608 2081 1662 in
2146 1610 2264 1679 ejus
2320 1611 2505 1665 odium
2552 1614 3018 1688 oﬂ‘enSionemque
3077 1630 3264 1689 aperte
3318 1622 3597 1679 incurrere

358 1685 804 1782 >.ακὴν,-ούκέτι⁶
841 1692 938 1747 καί
983 1695 1068 1748 τοί
1123 1714 1184 1772 γε
1237 1699 1429 1770 ἔμελλε
1465 1702 1662 1772 μικρὸν
1693 1703 1917 1776 ὕστερον

2029 1697 2237 1763 statuit,
2292 1708 2347 1753 et
2401 1701 2468 1754 ad
2516 1685 2945 1772 imperatricem—
2973 1685 3307 1778 ingrediens,
3356 1728 3422 1767 eo
3461 1729 3601 1782 prte-

359 1777 454 1870 καὶ
484 1774 707 1870 ταύτην,
741 1781 817 1845 ὡς
851 1785 878 1836 ὁ
912 1784 1087 1854 μέγας
1127 1787 1352 1860 ὕστερον
1376 1792 1696 1860 δομέστικος
1743 1774 1919 1850 διεϐε-

2029 1794 2198 1851 sente,
2229 1797 2426 1843 etcum
2453 1790 2541 1845 illa
2566 1793 2911 1864 colloquente
2939 1838 2954 1862 ,
2995 1774 3222 1868 opinor,
3258 1774 3598 1870 ittquit,-uon

357 1863 599 1958 6αιοῦτο.
644 1869 705 1923 '0
731 1870 788 1924 δὲ
812 1872 909 1942 τὴν
940 1875 1042 1943 μὲν
1074 1878 1182 1930 τῶν
1217 1879 1401 1950 ἀρχῶν
1435 1883 1557 1936 ίδὼν
1590 1885 1795 1949 εὐθέως
1822 1890 1919 1943 καὶ

2029 1875 2200 1930 solum
2256 1893 2404 1933 nunc
2457 1881 2590 1935 mihi
2642 1863 2987 1942 commissam
3048 1889 3449 1958 praefecturam,
3502 1892 3597 1947 sed

359 1957 499 2023 μετὰ
531 1959 813 2050 ῥᾳστώνης
840 1963 986 2035 αύτῷ
1030 1973 1475 2044 προσγενομένην
1505 1975 1621 2046 ἃμα
1652 1976 1730 2047 τῷ
1764 1980 1920 2050 αἰτῆ-

359 2061 473 2140 σαι,
508 2046 608 2118 τὴν
635 2050 831 2140 ἑτέραν
869 2052 924 2106 δὲ
955 2056 1162 2125 οὐκέτι,
1214 2063 1276 2114 ού
1314 2064 1422 2116 τῶν
1482 2046 1919 2140 παρεσχημένῶν

353 2132 517 2230 ἓνεκα
535 2139 567 2230 Δἐ
578 2139 700 2213 πῄει
724 2144 926 2212 μᾶλλον
948 2147 1178 2217 χάριτας
1208 2155 1508 2224 ὁμολογεῖν,
1533 2132 1916 2230 aediﬁcem,

353 2219 428 2324 ὧν
453 2227 660 2324 αδίκως
684 2233 820 2303 ᾤετο
852 2219 1300 2311 ἀποστερεῖσθαιο
1342 2219 1572 2317 νομίσας
1602 2219 1659 2303 δὲ
1692 2255 1787 2306 καὶ
1818 2219 1919 2324 βαζ

356 2317 673 2418 σιλίδα-μὲν
725 2327 1153 2400 ἐπιτετραφέναι
1208 2336 1286 2406 τῷ
1340 2341 1564 2410 μεγάλῳ
1610 2317 1919 2418 δὸμεστίκῳ

355 2409 675 2483 ἀμφοτέρας
738 2419 933 2504 ἐκείνῳ
974 2423 1302 2496 ἐγχειρίζειν
1345 2431 1440 2492 τὰς
1487 2409 1685 2504 ἀρχὰς,
1726 2437 1818 2491 τὸν
1862 2409 1920 2493 δὲ

353 2507 715 2576 χαριζόμενον
764 2497 877 2575 τοῖς
930 2515 1029 2586 τὴν
1077 2519 1270 2591 ἑτέραν
1320 2497 1536 2592 ἔχουσιν
1560 2497 1920 2602 ’.ἀποστερεῖν

353 2598 586 2665 ἐκεῖνον,
613 2600 754 2669 ἔγνω
787 2604 899 2658 δεῖν
929 2610 1292 2681 προσκρούειν
1321 2616 1590 2684 φανερῶς.
1623 2620 1732 2672 Καὶ
1767 2598 1921 2689 βασι-

353 2688 837 2780 λίδιμπροσελθὼν,
858 2699 1126 2769 παρόντος
1155 2702 1365 2757 ἐκείνου
1391 2710 1483 2758 καὶ
1509 2688 1917 2780 διαλεγομένου,

366 2775 507 2843 Ἐγὼ
539 2780 762 2848 νομίζω,
798 2779 972 2852 εἷπεν,
1003 2788 1065 2841 ού
1101 2790 1260 2859 μόνον
1291 2793 1388 2865 τὴν
1415 2797 1538 2865 ἐμοὶ
1568 2775 1924 2874 παρεσχημέζ

357 2887 454 2942 νην
493 2872 588 2925 νῦν
617 2876 811 2946 ἀρχὴν,
841 2878 979 2933 ἀλλὰ
1011 2882 1105 2934 καὶ
1139 2884 1321 2939 πάσας
1361 2888 1496 2951 ὅσας
1522 2891 1753 2962 ἄρχουσι
1790 2872 1923 2949 Ῥω-

359 2963 536 3028 μαῖοι,
567 2962 628 3014 οὐ
672 2967 821 3034 παρὰ
856 2969 1495 3044 μεγάλουᾋομεετίκου,
1529 2981 1681 3049 παρὰ
1724 2984 1817 3036 σοῦ
1865 2984 1921 3038 δὲ

355 3054 712 3124 χορηγεῖσθαι
761 3060 921 3114 πᾶσι.
970 3062 1059 3115 Διὸ
1108 3067 1203 3120 καὶ⁹
1242 3068 1425 3136 οἴομαι
1482 3074 1781 3142 προσήκειν
1836 3078 1920 3131 σοὶ

353 3145 452 3207 τὰς
484 3149 583 3216 τῆς
626 3148 947 3218 εὐεργεσίας
985 3145 1214 3223 χάριτας
1264 3160 1484 3216 εἰδέναι.
1535 3161 1597 3217 El
1645 3164 1710 3236 δὴ
1753 3167 1925 3221 ταῦτα

353 3234 549 3303 οὕτως,
573 3238 761 3313 ὥσπερ
792 3242 1000 3313 οἴομαι,
1046 3245 1199 3302 ἔστιν
1232 3250 1433 3322 ἀληθῆ,
1471 3254 1589 3308 ἀνθ’
1620 3234 1742 3311 ὅτου
1774 3261 1924 3330 παρὰ

356 3328 452 3421 σοῦ
485 3336 965 3404 προστεταγμένον
1009 3339 1329 3412 ἀμφοτέρας
1379 3343 1526 3416 ἔχειν
1575 3348 1673 3412 τὰς
1723 3328 1922 3421 ἀρχάς,

354 3414 431 3472 ὧν
460 3422 555 3475 καλ⁸
588 3423 874 3494 περιόντος
896 3421 1065 3496 ἦρχον
1093 3428 1378 3499 βασιλέως,
1412 3414 1509 3505 τὴν
1540 3437 1737 3504 ἑτέραν
1766 3414 1926 3512 -παρ-

358 3510 768 3580 ἐσχετοοῦτδς,
802 3520 900 3586 τῆς
937 3521 1067 3587 μιᾶς
1129 3518 1530 3597 ἀποστερήσας,
1597 3529 1785 3602 δέομαί
1831 3510 1924 3588 σου

358 3604 459 3694 καὶ
495 3602 592 3694 τὴν
624 3606 818 3676 ἑτέραν
846 3608 996 3680 αὐτῷ
1037 3615 1340 3682 προστάξαι
1367 3618 1697 3685 ἀποδοῦναιί
1723 3626 1925 3694 μᾶλλον

357 3692 415 3753 δὲ
448 3693 540 3746 καὶ
565 3695 728 3748 αὐτοῦ
761 3698 1031 3768 παρόντος
1062 3706 1215 3772 παρὰ
1250 3722 1345 3760 σου
1376 3692 1810 3784 ἐγχειρισθῆναι,
1837 3718 1926 3773 ἵνα

361 3801 447 3838 σοι
482 3788 577 3841 καὶ
601 3786 824 3879 Δμᾶλλον
842 3794 1243 3879 προσηκούσας
1289 3798 1388 3862 τὰς
1409 3779 1803 3873 ἒύχαριστίαςγ
1826 3812 1926 3879 τῆς

359 3874 682 3944 εὖεργεσίας
726 3878 930 3948 ἀποδῷ·
967 3881 1025 3934 ’0
1063 3883 1243 3953 μέγας
1303 3888 1402 3957 μὲν
1449 3886 1546 3944 οῦν
1608 3874 1924 3964 δομέστικος

358 3965 660 4034 ἐφθέγξατο
683 3968 857 4025 οὐδέν.
893 3969 967 4023 Ἦ⁶
986 3972 1195 4042 βασιλὶς
1217 3975 1263 4029 δ’
1286 3978 1452 4032 αὐτοῦ
1505 3981 1705 4053 πολλὴν
1749 4002 1931 4040 καταο’

357 4057 567 4124 γνοῦσα
582 4057 680 4127 τὴν
696 4057 1034 4129 ἀχαριστίαν,
1054 4063 1203 4118 Πάνυ
1220 4063 1540 4137 θαυμάζειν,
1566 4069 1740 4138 εἶπεν,
1765 4078 1926 4146 ἐπέρ-

358 4150 518 4221 χεταί
556 4168 668 4220 μοι,
701 4152 802 4223 τὴν
832 4153 1009 4208 αἰτίαν
1033 4155 1092 4220 ἐξ
1129 4151 1199 4234 ἦς
1245 4160 1326 4221 εἰς
1374 4159 1598 4226 τούτους
1639 4165 1926 4236 προήχθης

360 4245 485 4307 τοὺς
511 4244 700 4313 λόγους
732 4246 792 4298 οὐ
833 4246 1137 4319 συνορώσῃ.
1176 4248 1239 4302 Ei
1290 4247 1391 4319 μὲν
1423 4250 1530 4321 γὰρ
1569 4251 1815 4322 οἰόμενος
1849 4256 1926 4326 μὴ

360 4336 463 4405 τὴν
493 4337 684 4405 ὁμοίαν
734 4336 965 4409 δύναμιν
996 4340 1088 4393 τὸν
1148 4340 1322 4410 μέγαν
1351 4340 1678 4412 δομέστικον
1707 4346 1775 4415 ἧν
1819 4363 1925 4419 περ

1946 3116 1994 3179 C

2024 1985 2235 2035 omnes,
2278 1988 2414 2042 quas
2465 1976 2693 2032 Romani
2742 1980 2950 2035 habent
3001 1982 3374 2050 prchecturas.
3434 2001 3598 2041 noua

2025 2077 2220 2132 magno
2251 2063 2576 2131 domestico,
2612 2069 2706 2123 sed
2764 2070 2862 2124 abs
2927 2080 2979 2125 te
3029 2075 3296 2128 committi
3356 2066 3419 2129 ac
3479 2076 3595 2131 dari

2024 2152 2303 2207 erunibus.
2331 2152 2507 2219 Quare
2537 2157 2701 2212 etiam
2749 2158 2942 2214 decere
2984 2161 3246 2223 arbitror,
3283 2163 3375 2217 tibi
3407 2164 3476 2218 de
3505 2165 3600 2219 be-

2024 2244 2222 2300 neﬂcio
2249 2246 2450 2317 gratias
2491 2265 2670 2319 agere.
2700 2251 2854 2318 Quod
2888 2253 2935 2307 si
2964 2253 3035 2308 ita
3074 2263 3179 2319 est,
3239 2266 3298 2310 ut
3340 2259 3472 2311 mihi
3510 2259 3597 2312 vi-

2025 2335 2206 2400 detur,
2241 2337 2373 2406 quid
2410 2340 2503 2402 ita,
2536 2356 2661 2395 cum
2689 2344 2786 2397 abs
2814 2351 2864 2398 te
2895 2344 3107 2413 iussum
3139 2346 3210 2401 sit
3236 2347 3425 2402 ambas
3454 2346 3601 2403 obti-

2027 2441 2155 2480 nere
2192 2444 2277 2483 me
2315 2432 2686 2498 pnefecturas,
2734 2450 2872 2502 quas
2918 2435 3043 2491 vivo
3088 2438 3421 2507 imperatore
3450 2441 3599 2494 obti-

2027 2519 2262 2587 nuerim,
2315 2537 2476 2574 unam
2527 2522 2617 2577 hic
2664 2523 2795 2578 mihi
2847 2526 3021 2591 dedit,
3081 2529 3308 2583 alteram
3359 2531 3601 2600 eripuit?

2026 2608 2207 2674 Quare
2240 2620 2436 2691 teporo,
2468 2624 2526 2667 ut
2555 2615 2779 2670 alteram
2808 2634 3027 2689 quoque
3059 2621 3210 2676 reddi
3237 2623 3429 2691 jubeas
3455 2661 3470 2683 ,
3515 2624 3599 2679 vel

2027 2701 2210 2769 potius
2239 2689 2357 2772 ipso
2383 2719 2649 2772 praesente
2681 2716 2735 2761 tu
2764 2711 2816 2762 in
2852 2727 2939 2766 me
2980 2689 3253 2776 conferas,
3293 2724 3353 2770 ut
3380 2715 3475 2769 tibi
3505 2731 3600 2785 po-

2030 2794 2160 2860 tius,
2189 2811 2326 2864 quas
2350 2795 2546 2861 debeo,
2579 2801 2782 2869 gratias
2802 2817 2983 2872 agam.
3010 2804 3217 2860 Silebat
3240 2806 3305 2860 ad
3338 2808 3599 2885 trecma-

2027 2901 2165 2956 guns
2194 2886 2559 2955 domesticus;
2613 2891 2930 2960 imperatrix
2964 2905 3147 2950 autern
3211 2898 3594 2965 Apocauchum

2030 2977 2379 3033 vehementer
2434 2980 2703 3050 ingratum
2751 2984 3029 3053 judicans,
3086 2988 3273 3058 Magna
3334 3005 3420 3043 me
3453 2986 3597 3059 capit

2029 3065 2339 3130 admiratio,
2386 3069 2585 3138 inquit,
2620 3087 2726 3125 non
2779 3072 3173 3143 intelligentem
3218 3078 3491 3132 uudenam
3526 3080 3593 3133 ad

2028 3157 2338 3228 bujusmodi
2371 3175 2533 3215 voces
2578 3162 2877 3232 impellare.
2932 3164 2988 3219 Si
3032 3167 3176 3220 enim
3212 3184 3465 3236 magnum
3494 3174 3594 3225 doc

2027 3248 2315 3302 mesticum
2359 3263 2469 3302 non
2509 3250 2720 3314 eadem,
2761 3267 2867 3320 qua
2902 3253 3055 3321 prius
3078 3262 3361 3321 [potestate
3391 3258 3592 3315 valere.

2028 3348 2084 3393 et
2126 3353 2211 3393 me
2238 3340 2306 3392 ab
2340 3340 2458 3409 ipso
2489 3340 2800 3409 discrepare
2829 3344 3169 3408 existimans,
3203 3357 3518 3416 arroganter
3541 3362 3596 3405 et

2026 3427 2364 3483 conﬁdenter
2394 3430 2447 3484 in
2480 3445 2604 3484 eum
2638 3431 2958 3487 irruendum
3007 3434 3324 3502 decrevisti,
3355 3439 3494 3492 scito
3546 3448 3596 3493 te

2030 3529 2140 3576 tota
2174 3520 2258 3575 via
2301 3522 2608 3578 aberraSse.
2647 3524 2742 3580 Sin
2789 3540 2965 3595 neque
3013 3529 3078 3582 de
3127 3529 3389 3597 petentia,
3417 3547 3597 3600 neque

2027 3613 2095 3669 de
2125 3614 2503 3671 benevolentia
2552 3615 2698 3671 illius
2729 3633 2855 3688 erga
2889 3634 2974 3674 me
2999 3620 3296 3691 quidquam
3340 3624 3600 3677 imminu-

2030 3716 2145 3762 tum
2175 3706 2380 3771 sciens,
2417 3707 2593 3762 nihilo
2623 3708 2804 3764 minus
2846 3710 2954 3765 huc
2995 3711 3298 3767 insolentia:
3332 3717 3599 3782 processi-

2028 3798 2124 3864 sti,
2154 3815 2262 3853 non
2313 3802 2416 3870 ego
2443 3800 2552 3869 jam
2598 3800 2746 3856 hunc
2778 3816 3088 3855 sermonem
3124 3811 3278 3857 tuum
3313 3805 3601 3873 impuden-

2031 3891 2137 3956 tiae,
2168 3893 2262 3946 sed
2291 3895 2543 3945 amentiae
2566 3892 2936 3960 ascripserim.
2969 3892 3084 3946 Non
3118 3908 3202 3947 me
3252 3894 3476 3948 fallebat
3509 3912 3601 3950 su-

2028 3980 2255 4050 perstite
2286 3982 2613 4049 imperatore
2635 3982 3098 4037 administratoris
3149 3999 3372 4047 munus,
3402 3988 3594 4042 simul-

2029 4087 2135 4142 que
2182 4071 2297 4126 fisci
2332 4072 2711 4141 praefecturam
2745 4073 2843 4127 tibi
2879 4075 3227 4128 commissam
3269 4094 3283 4130 :
3317 4091 3596 4133 verumta-

2030 4179 2152 4218 men
2192 4164 2356 4218 etiam
2410 4172 2526 4216 tum
2570 4162 2752 4218 dicere
2791 4163 3013 4227 licebat,
3048 4179 3159 4218 non
3210 4165 3596 4234 imperatorem

2029 4252 2286 4315 voluisse,
2319 4253 2414 4307 sed
2460 4252 2679 4307 volente
2727 4253 2833 4307 hoc
2877 4254 3219 4323 permisisse,
3257 4271 3368 4324 quo
3414 4260 3465 4312 ei
3495 4275 3599 4323 po-

2030 4354 2142 4399 stea
2173 4346 2402 4399 multum
2437 4359 2500 4399 ac
2551 4360 2694 4415 saape
2724 4346 2781 4400 in
2806 4355 2858 4401 te
2891 4348 3243 4402 stomachans
3295 4353 3596 4421 exprobra-

361 4430 461 4482 καλ⁸
492 4429 758 4498 πρότερον
786 4431 1106 4502 κεκτῆσθαι,
1138 4432 1293 4503 ὴὲμὲ
1326 4450 1379 4486 τι
1408 4434 1765 4506 διαφέρεσθαι
1787 4438 1924 4508 πρὸς

2031 4432 2145 4499 bat,
2177 4434 2333 4503 quasi
2367 4449 2481 4487 rem
2509 4435 2709 4504 egisset
2736 4434 3010 4502 inutilem,
3033 4451 3158 4491 cum
3190 4446 3242 4492 te
3272 4441 3593 4508 majoribus,

361 4520 548 4583 αὐτὸν,
580 4521 692 4573 δεῖν
718 4520 889 4590 ἔγνως
923 4523 1172 4588 αὐθαδῶς
1204 4523 1352 4595 αὐτῷ
1392 4527 1800 4599 προσφέρεσθαι
1833 4531 1930 4583 καὶ

362 4613 638 4683 θρασέως,
688 4612 799 4666 ἴσθι
834 4615 977 4668 πάνυ
1018 4612 1113 4668 τοῦ
1144 4616 1514 4688 προσήκοντος
1543 4619 1831 4689 ἁμαρτών.
1866 4621 1929 4676 Et

362 4705 410 4757 δ’
460 4704 612 4757 οὐδὲν
643 4704 1059 4775 ἀποϐεϐληκότα
1110 4713 1206 4760 καὶ
1232 4707 1332 4776 τῆς
1369 4707 1654 4778 δυνάμεως
1700 4711 1795 4762 καὶ
1833 4712 1934 4780 τῆς

363 4794 579 4857 εὐνοίας
610 4795 710 4865 τῆς
741 4797 821 4859 είς
866 4796 965 4865 ἐμὲ
996 4796 1175 4863 εἰδὼς,
1207 4796 1398 4850 ἔπειτα
1442 4800 1523 4863 είς
1568 4798 1727 4853 τοῦτο
1763 4797 1933 4871 προήέ-

363 4889 504 4959 χθης
550 4888 802 4954 ἀτοπίας,
850 4891 947 4942 οὐκ
1002 4889 1314 4956 ἀσυνεσίας,
1365 4889 1501 4944 ἀλλὰ
1545 4892 1932 4963 παραπληξίας

368 4979 539 5049 φαίην
579 4977 644 5032 ἂν
675 4980 853 5048 ἔγωγε
909 4976 1035 5041 τοὺς
1065 4979 1259 5046 λόγους
1290 4978 1564 5034 τουτουσί.
1600 4981 1742 5051 Ἐγὼ
1780 4979 1835 5032 δέ
1872 4995 1931 5032 σε

368 5073 656 5140 περιόντος
690 5076 786 5144 μὲν
816 5073 962 5145 ᾔδειν
994 5074 1258 5145 βασιλέως
1290 5077 1393 5147 τήν
1430 5092 1490 5129 τε
1528 5075 1621 5130 τοῦ
1669 5073 1931 5144 μεσάζειν

368 5168 859 5236 ἐγκεχειρισμένον
913 5168 1005 5220 καὶ
1055 5167 1151 5220 τοῦ
1203 5167 1483 5238 βασιλικοῦ
1533 5168 1783 5236 ταμιείου
1833 5165 1931 5237 τὴν

371 5258 569 5326 ἀρχήν.
602 5258 746 5327 Πλὴν
776 5259 870 5310 καὶ
901 5258 1019 5311 τότε
1054 5258 1198 5310 είποι
1236 5274 1319 5320 τις
1347 5257 1432 5320 ἂν,
1456 5257 1554 5327 οὐχ
1588 5256 1802 5320 ἑκόντος
1838 5255 1933 5325 βα-

374 5351 589 5413 σιλέως,
622 5351 757 5404 ἀλλὰ
792 5353 879 5404 διὰ
917 5350 976 5403 τὸ
1006 5350 1291 5421 βούλεσθαι
1319 5354 1504 5404 τοῦτον
1536 5351 1931 5422 παραχωροῦν-

2035 4540 2197 4595 quam
2242 4540 2343 4595 pro
2377 4524 2624 4582 humeris
2655 4526 2785 4593 tuis,
2816 4527 3038 4597 dignum
3074 4531 3405 4585 censuisset.
3443 4534 3598 4586 Post-

2034 4597 2195 4689 quam
2228 4624 2410 4671 autem
2434 4617 2594 4671 classi
2621 4631 2680 4671 es
2694 4600 3002 4687 praefectus,
3024 4629 3078 4672 et
3099 4634 3162 4674 ea
3190 4621 3451 4689 dignitate
3476 4624 3613 4675 rur-'

2033 4726 2154 4767 sum
2204 4720 2423 4773 exutus,
2456 4726 2559 4767 nec
2586 4711 2712 4765 vivo
2759 4725 2862 4766 nec
2916 4721 3133 4767 mortuo
3185 4714 3516 4784 imperatore
3566 4699 3635 4768 η’

2034 4802 2215 4859 mead
2242 4803 2411 4857 ullum
2461 4801 2835 4871 magistratum
2866 4814 3161 4871 provectus
3192 4808 3272 4860 es.
3306 4805 3465 4862 Nunc
3507 4806 3596 4860 hic

2034 4873 2227 4960 suopte
2249 4899 2408 4953 nutu,
2432 4905 2596 4959 quam
2627 4890 2866 4955 dicebas,
2898 4892 3275 4961 praefecturam
3320 4894 3416 4948 tibi
3443 4910 3594 4949 man—

2032 4982 2203 5037 davit.
2239 4981 2445 5036 Deinde
2475 4997 2597 5035 cum
2644 4981 2699 5036 id
2750 4983 2884 5036 mihi
2914 4986 3300 5049 renuntiasset,
3332 4996 3390 5038 ut
3419 4994 3595 5040 ratum

2036 5074 2293 5129 haberem
2321 5072 2465 5142 quod
2496 5081 2701 5142 egerat,
2724 5072 2968 5127 adduxit.
3000 5075 3235 5128 Decebat
3264 5075 3431 5144 igitur
3475 5090 3598 5143 gra-

2037 5175 2149 5219 tum
2174 5178 2295 5219 esse
2319 5163 2583 5218 adversus
2629 5163 2768 5217 bene
2822 5165 3100 5231 meritum,
3137 5181 3239 5220 nec
3283 5181 3409 5220 cum
3446 5162 3593 5221 tanta

2034 5256 2362 5311 conﬁdentia
2410 5264 2516 5307 tam
2562 5265 2880 5322 arroganter
2948 5266 3000 5310 te
3049 5272 3259 5326 gerere.
3294 5256 3419 5312 Haec
3480 5258 3594 5312 Au-

2035 5356 2187 5417 gusta
2219 5345 2286 5398 ad
2312 5342 2625 5413 praefectum
2667 5344 2928 5398 cubiculi.

372 5463 486 5499 το·.
518 5446 606 5498 Διδ
640 5448 734 5499 καὶ
779 5445 950 5499 πολλὰ
981 5446 1239 5508 πολλάκις
1268 5443 1577 5509 ὠνειδίζετο
1607 5445 1737 5514 παρ’
1784 5444 2019 5506 ἐκείνου,
2051 5439 2192 5494 κατὰ
2255 5438 2347 5489 σοῦ
2381 5434 2750 5504 ἐκφερομένου
2817 5437 2954 5506 πρὸς
3017 5439 3206 5506 ὀργὴν,
3237 5440 3312 5499 ὡς
3363 5441 3422 5491 ου’»
3450 5438 3598 5491 λυσι-

376 5533 636 5590 τελοῦντα
683 5535 936 5603 πράττων
968 5535 1025 5587 σὲ
1070 5533 1392 5603 μειζόνωνῆ
1440 5535 1714 5604 προσῆκεν
1775 5532 1965 5599 ἀξιῶν.
2017 5530 2171 5583 Ἐπεὶ
2210 5527 2268 5579 δὲ
2333 5525 2605 5593 ναύαρχος
2658 5524 2898 5594 αἱρεθεὶς
2946 5525 3102 5589 αὖθις
3146 5529 3443 5600 ἐξεϐλήθης
3499 5533 3597 5600 τῆς

376 5627 575 5696 ἀρχῆς.
607 5625 728 5678 οὔτε
759 5626 1021 5695 βασιλέως
1070 5626 1291 5688 ζῶντος,
1329 5622 1451 5677 οὔτε
1494 5622 1635 5693 μετὰ
1693 5622 1792 5692 τὴν
1820 5623 2031 5676 ἐκείνου
2100 5615 2358 5685 τελευτὴν
2399 5614 2490 5668 ὑπ’
2521 5613 2656 5684 ἐμοῦ
2688 5614 2821 5684 πρὸς
2883 5615 3057 5686 ἀρχήν
3122 5633 3243 5670 τινα
3291 5619 3596 5690 προήχθηςι

376 5722 491 5775 Νῦν
523 5720 568 5773 δ’
612 5712 764 5779 οὗτος
840 5716 1049 5770 οἴκοθεν
1095 5720 1356 5786 πρότερον
1399 5714 1681 5786 ὁρμηθεὶς,
1755 5714 1822 5786 ῆν
1873 5713 2006 5783 ἕνης
2046 5710 2372 5784 ἐνεχείρισεν
2426 5708 2621 5779 ἀρχήνι
2676 5706 2885 5760 Ἔπειθ’
2946 5707 3171 5780 ὕστερον
3236 5711 3600 5784 ἀπαγγείλαςο
