4096 6300
548 294 650 359 791

1713 279 2030 345 JOANNIS
2067 277 2591 341 CANTACUZENI

3669 267 3759 336 792

547 415 730 467 ἔπεισε
767 414 910 483 κάμὲ
950 410 1198 482 στέργειν
1240 409 1308 462 τὰ
1346 401 1717 474 ἐψηφισμένα.
1753 401 1843 454 Διὸ
1877 400 2123 470 προσῆκε
2166 397 2264 466 τῆς
2323 391 2649 466 εὐεργεσίας
2692 389 2946 483 χάριτας-
2986 382 3297 457 ὁμολογεῖν,
3321 379 3415 438 καὶ
3442 381 3514 453 μὴ
3543 382 3758 453 θρασέως

547 481 1236 570 ἀπαυθαδίζεσθαιιοῦτω
1286 501 1384 571 μὶν
1416 495 1510 554 οὖν
1559 500 1594 569 ἡ
1620 495 1831 566 βασιλὶς
1893 494 2032 563 πρὸς
2091 491 2184 544 τὸν
2223 487 2722 560 παρακοιμώμενον
2747 481 3067 553 ἐφθέγξατο.

1869 629 2036 702 399
2070 625 2297 684 CAPUT
2338 625 2476 681 XVI.

549 756 891 826 Apocauchu;
927 773 957 808 a
1009 755 1292 826 dentestico
1310 750 1823 826 icoliatsdiguitote
1856 748 2118 826 privatur,
2143 753 2197 826 ﬁt
2225 743 2604 826 ⁸ρον-[επινιξιαν
2621 756 2644 826 ί
2668 755 2796 826 funt
2825 736 3418 826 {Jer-e‘ittf-Jt—lI-nftidi-

1268 803 1319 876 ei
1336 803 1672 895 reconcilio}.
1705 816 1758 870 Μ
1764 803 1998 895 ἱεειίηιιιε
2018 803 2117 877 qui
2135 812 2374 895 @piaqtis
2394 803 2865 895 iliuu't.udducattt,
2889 807 3172 895 sodiueuir-s

1264 872 1599 944 concordiam
1634 896 1685 941 et
1719 902 1923 957 pacem,
1956 872 2212 957 Bysuutio
2237 879 2476 957 discedit.
2508 878 2700 957 Filium
2738 895 2891 933 suam
2919 877 3228 957 imperatori
3253 872 3452 957 ῙιιύειιὶΔ
3484 872 3763 957 despondere

619 941 1594 1034 ἱιὲῄὲέὶῗ’Ᾰροὶᾷἰῖένὶκῐ’ὲρὶᾐὶιὲὶιξτέᾗ
1637 941 1731 1012 ξιιέ
1762 941 2098 1034 ιιιινοέηξάὶι
2132 962 2193 1034 ειΔ
2227 953 2290 1006 de
2344 950 2667 1034 juruttterttis
2711 957 2835 1031 ante
2869 941 3080 1034 rejectis
3102 941 3760 1034 seseupurgat:

624 1016 998 1103 nt't'urema'gni
1027 1032 1295 1086 domestici
1345 1029 1694 1099 colloquium;
1749 1044 1781 1078 a
1812 1042 1916 1098 qua
1950 1023 2285 1087 admouetur,
2334 1016 2392 1075 ut
2441 1019 2596 1088 [actis
2643 1019 2833 1090 magis,
2885 1032 3043 1086 quam
3095 1016 3410 1080 iuramentis
3468 1027 3524 1066 se
3569 1016 3764 1065 amicum

617 1111 848 1173 praestet.

617 1220 842 1290 Magnus
884 1217 1222 1274 domesticus
1257 1217 1493 1287 necipse
1515 1225 1624 1270 tam
1667 1213 1982 1283 improbum
2011 1211 2110 1265 ho-
2139 1212 2188 1271 Α

549 1311 750 1365 minem
781 1311 990 1367 diutius
1016 1311 1318 1373 sustinens,
1360 1324 1550 1364 vocem
1578 1309 1634 1363 in
1666 1308 1778 1361 haec
1812 1305 1978 1360 verba
2012 1303 2127 1358 sol-

547 1399 668 1452 vit:
706 1398 1005 1469 Oportebat
1051 1400 1274 1469 quidem
1336 1397 1792 1466 longinquitatem
1839 1394 2124 1463 temporis,

549 1504 658 1558 quo
687 1489 970 1544 beneﬁciis
1002 1491 1139 1545 meis
1163 1505 1294 1545 usus
1319 1504 1396 1549 es.
1427 1487 1740 1557 magistram
1769 1485 1868 1539 tibi
1893 1484 2125 1554 gratitu-

550 1579 695 1634 dinis
729 1570 864 1634 ﬁeri.
899 1579 1005 1636 Sed
1029 1583 1155 1650 quia
1191 1589 1384 1650 sponte
1423 1594 1488 1635 ac
1540 1578 1720 1632 libens
1751 1577 1927 1630 malus
1957 1590 2039 1634 es.
2073 1583 2129 1631 et

551 1684 674 1722 cum
700 1671 906 1740 gratias
954 1671 1205 1740 ingentes
1239 1685 1402 1740 agere
1439 1677 1749 1738 oporteret,
1787 1676 1844 1721 tu
1872 1665 2123 1722 convicia

551 1761 737 1814 dicere
769 1762 1032 1825 maluisti,
1059 1763 1168 1831 jam
1219 1776 1320 1830 ego
1353 1771 1403 1816 te
1433 1761 1536 1814 hoc
1568 1761 1712 1830 ipso,
1758 1775 1867 1829 quo
1903 1773 2129 1813 ornave-

553 1865 693 1910 ram,
725 1850 932 1904 honore
967 1851 1172 1917 multo;
1216 1860 1272 1905 et
1295 1850 1363 1904 ab
1396 1850 1502 1906 hoc
1529 1850 1619 1904 die
1656 1850 1862 1903 nullius
1892 1848 1990 1903 tibi
2024 1864 2127 1918 pu-

553 1939 712 1993 blica:
736 1939 815 1993 rei
858 1956 991 2014 cura
1036 1949 1175 1995 esto.
1224 1941 1314 1996 Sic
1347 1941 1703 1996 domesticus.
1763 1941 2127 2010 Apocauchus

555 2030 962 2100 imperatricem
1003 2034 1376 2102 percunctari,
1435 2049 1566 2088 num
1620 2034 1708 2088 his
1742 2034 2072 2090 assen‘tiatur
2109 2051 2125 2088 :

554 2134 661 2187 qua
691 2121 1079 2189 respondente,
1136 2121 1311 2176 Etiam
1353 2124 1648 2188 assentior,
1683 2138 1914 2190 magnus
1940 2123 2129 2178 dome-

553 2210 724 2265 sticus
768 2213 923 2266 omni
957 2227 1177 2266 rursum
1217 2213 1268 2267 ei
1317 2215 1638 2283 magistratu
1670 2213 1967 2268 interdicto
2001 2229 2127 2269 sur-

550 2303 711 2365 rexit,
737 2311 793 2356 et
820 2304 1219 2373 rempublicam
1260 2305 1505 2374 perrexit
1539 2320 1752 2375 gerere.
1785 2304 1925 2360 Tum
1961 2314 2151 2380 quoto.

550 2401 686 2464 quot
719 2395 772 2448 in
801 2395 1007 2465 palatio
1055 2397 1438 2462 versabantur,
1467 2398 1685 2468 cognita
1722 2397 2037 2467 Apocauchi
2070 2397 2124 2451 in

552 2499 806 2554 magnum
853 2486 1215 2542 domesticum
1271 2489 1634 2558 impudentia,
1671 2498 1726 2542 et
1752 2487 2027 2556 quomodo
2057 2489 2126 2542 ab

552 2575 645 2631 illo
668 2590 1028 2635 succensente
1089 2582 1238 2637 omni
1295 2581 1617 2652 magistratu
1655 2581 1911 2635 exclusus
1956 2589 2120 2646 esset,

549 2684 650 2738 pro
691 2670 940 2739 improbo
976 2686 1040 2726 ac
1065 2672 1239 2728 deliro
1263 2672 1557 2727 habebant.
1617 2672 1866 2741 Cumque
1891 2671 2124 2726 antehac

549 2757 752 2825 palatio
786 2769 1076 2815 exeuntem
1123 2763 1440 2831 frequenter
1471 2762 1721 2816 comitari
1784 2770 1838 2816 et
1901 2772 2124 2832 propter

551 2849 931 2918 magistratum
967 2851 1261 2907 observare
1293 2853 1553 2918 solerent,
1591 2862 1720 2906 tunc
1746 2853 2120 2922 egredientem

549 2957 716 2996 nemo
765 2943 1040 2998 deducere
1099 2960 1160 2998 ac
1199 2945 1458 3014 prosequi
1509 2959 1675 2999 ausus
1724 2953 1827 3010 est,
1881 2947 1976 3001 sed
2013 2962 2122 3000 uno

549 3035 815 3087 duntaxat
857 3036 1082 3102 famulo,
1141 3035 1425 3106 Spalocota
1473 3037 1715 3100 nomine,
1755 3047 2121 3108 prosequente

547 3126 739 3184 exivit.
779 3127 922 3198 Ergo
968 3129 1363 3197 Apocauchus,
1393 3143 1516 3182 cum
1570 3127 1656 3182 his
1685 3128 1753 3183 de
1791 3129 1972 3184 causis
2001 3145 2118 3183 ma-

546 3232 712 3286 guum
778 3219 1138 3275 domesticum
1191 3221 1368 3289 palam
1427 3219 1746 3274 oﬂendiSset
1782 3228 1836 3275 et
1887 3221 1952 3274 ad
1986 3221 2120 3275 iram

547 3310 922 3378 (ompnlisset,
978 3310 1166 3365 multis
1197 3310 1394 3373 diebus
1436 3309 1583 3364 domi
1635 3310 1884 3375 sedebat,
1915 3321 1971 3366 et
2005 3312 2120 3368 sive

547 3415 613 3454 cx
641 3415 878 3456 maerore
925 3416 990 3457 ac
1043 3401 1427 3470 desperatione
1461 3417 1612 3462 vere,
1645 3401 1762 3456 sive
1792 3417 1857 3456 ex
1887 3402 2120 3458 simula-

549 3491 697 3545 tione
719 3491 877 3551 l'also,
907 3491 1049 3544 male
1078 3490 1334 3544 habebat.
1359 3491 1714 3566 Postmodum
1733 3508 1950 3546 rursum
1971 3508 2122 3546 com-

547 3581 800 3650 pluribus
835 3581 1012 3649 magni
1039 3580 1327 3635 domestici
1356 3583 1548 3636 amicis
1583 3584 1808 3653 supplex
1840 3584 2032 3646 factus,
2067 3595 2122 3640 et

547 3672 837 3741 inprimis
866 3671 1210 3743 patriarchae,
1255 3687 1352 3741 per
1391 3687 1486 3728 eos
1521 3673 1674 3726 illum
1705 3673 1960 3742 placavit,
1989 3691 2120 3746 pro-

449 3802 457 3808 -
546 3765 843 3835 missisque
887 3765 1217 3836 ingentibus
1261 3781 1325 3821 ac
1376 3769 1759 3830 sacramentis,
1810 3768 1877 3823 dc
1919 3781 2121 3826 αιτιοι-ο

2297 1209 2355 1260 ’0
2388 1204 2621 1278 μὲγαςδὲ
2686 1203 3012 1274 δομέστικος
3033 1199 3134 1271 τὴν
3156 1194 3548 1265 ἀγνωμοσύνην
3573 1196 3656 1248 καὶ
3682 1194 3764 1247 αὑ-

2225 1301 2444 1373 τὸςρύκ
2469 1299 2729 1366 ἐνεγκὼν,
2771 1296 2922 1351 Ἔδει
2955 1294 3074 1366 μὲν,
3113 1287 3256 1354 εἷπε,
3293 1290 3383 1343 τὸν
3399 1286 3641 1341 τοσοῦτον
3662 1286 3766 1355 χρό-

2227 1411 2316 1448 νον
2353 1389 2676 1446 διὸἀσκαλόν
2715 1404 2800 1440 σοι
2827 1385 2938 1440 τῶν
2977 1381 3350 1454 ὑπηργμένων
3390 1377 3611 1449 ἀγαθῶν
3639 1376 3766 1445 γενέ-

2229 1483 2353 1538 σθαι
2388 1482 2519 1551 παρ’
2550 1478 2710 1551 ἐμοῦ.
2746 1476 2899 1530 Ἐπεὶ
2922 1475 2969 1529 δ’
2995 1475 3176 1528 ἑκοντὶ
3208 1470 3377 1532 κακὸς
3406 1469 3600 1522 ἐθέλων
3623 1464 3762 1525 εἶναι.

2225 1577 2344 1629 δέον
2381 1575 2584 1639 πολλὰς
2617 1574 2851 1645 χάριτας
2885 1571 3193 1642 ὁμολογεῖν,
3234 1567 3357 1621 οὐδὲ
3385 1563 3634 1618 τάναντία
3661 1577 3770 1630 προ-

2227 1667 2372 1722 είλου
2404 1666 2608 1734 λέγειν,
2645 1666 2745 1736 ιἤδη
2778 1683 2872 1718 σου
2907 1662 3063 1730 κάγὼ
3095 1661 3191 1731 τὴν
3231 1659 3409 1730 ἀρχὴν
3437 1657 3504 1728 ἢν
3536 1652 3770 1724 παρεσχό-

2230 1776 2340 1830 μην
2370 1759 2590 1829 ἀφαιρῶ
2617 1773 2630 1787 ·
2678 1759 2773 1812 καὶ
2807 1757 2916 1811 ἀπὸ
2939 1755 3042 1825 τῆς
3069 1755 3285 1825 ἡμέρας
3313 1750 3542 1818 ταύτης,
3577 1742 3771 1817 μηδενός

2229 1869 2311 1905 σοι
2356 1851 2569 1922 μελέτω
2619 1852 2725 1905 τῶν
2755 1849 2974 1905 κοινῶν.
3012 1849 3072 1899 'O
3110 1847 3208 1916 μὲν
3235 1843 3328 1897 οὖν
3370 1839 3594 1896 τοιαῦτα
3621 1832 3769 1891 εἶπεν.

2241 1942 2579 2014 Ἀπόκαυχος
2627 1942 2687 1995 δέ
2741 1941 2844 2010 τῆς
2895 1939 3168 2009 βασιλίδος
3233 1935 3569 1990 ἐπυνθάνετο
3619 1929 3662 1982 εί
3694 1927 3772 1979 καὶ

2227 2034 2364 2105 αὐτῇ
2396 2034 2619 2090 τοιαῦτα
2649 2033 2932 2103 συνδοκοίη
2960 2049 2972 2062 ·
3010 2032 3108 2097 τῆς
3139 2031 3194 2082 δέ
3245 2029 3312 2085 τὰ
3345 2025 3612 2097 εἰρημένα
3637 2021 3771 2088 στέρ-

2227 2144 2345 2195 γειν
2406 2127 2686 2195 εἰπούσης,
2720 2127 2747 2177 ὁ
2786 2125 2962 2194 μέγας
3023 2121 3346 2192 δομέστικος
3403 2118 3561 2180 αὖθις
3617 2115 3772 2167 πᾶσαν

2227 2214 2618 2285 ἀπαγορεύσας
2649 2212 2825 2285 ἀρχὴν
2857 2213 3068 2282 ἐκείνῳ,
3107 2210 3327 2278 ἀνέστη,
3363 2208 3461 2260 καὶ
3487 2203 3771 2272 διοικήσεως

2229 2306 2434 2377 ἐτέρων
2499 2305 2680 2376 εἴχετο
2738 2303 3109 2375 πραγμάτων.
3143 2301 3305 2354 Ὀσοι
3355 2299 3416 2353 δέ
3452 2290 3688 2368 παρῆσαν
3723 2293 3773 2345 ἐν

2229 2396 2550 2466 βασιλείοις,
2594 2395 2694 2467 τὴν
2727 2393 3236 2465 παρακοιμωμένου
3281 2391 3506 2459 γνόντες
3549 2387 3671 2458 πρὸς
3696 2383 3772 2436 τὸν

2234 2485 2414 2555 μέγαν
2449 2482 2774 2553 δομέστικον
2823 2479 3154 2549 ἀντιλογίαν,
3199 2479 3312 2531 καῖε
3337 2477 3414 2539 ὡς
3461 2477 3552 2529 ὑπ’
3588 2473 3771 2525 ἐκείνου

2233 2575 2370 2647 πρὸς
2421 2575 2593 2645 ὀργὴν
2647 2573 2830 2641 πάσης
2879 2573 3056 2643 ἀρχῆς
3105 2569 3434 2636 ἀπελαθείη,
3471 2565 3660 2634 πολλὴν
3691 2562 3774 2632 μὲν

2231 2668 2441 2722 ἐκείνου
2475 2669 2569 2720 καὶ
2605 2664 3006 2736 ἀγνωμοσύνην
3052 2665 3146 2716 καὶ
3197 2663 3505 2732 παράνοιαν
3533 2657 3775 2725 κατέγνω-

2233 2778 2351 2816 σαν.
2397 2758 2625 2827 Ἐξιόντι
2653 2757 2710 2811 at
2755 2758 2867 2810 τῶν
2937 2755 3245 2826 βασιλείων,
3315 2756 3498 2807 καίτοι
3543 2753 3773 2820 πρότερον

2230 2851 2487 2914 εἰωθότες
2544 2849 2774 2925 ἕπεσθαι
2815 2847 3006 2901 πολλοὶ
3061 2850 3158 2902 καὶ
3222 2843 3553 2915 θεραπεύειν
3591 2841 3671 2894 διὰ
3692 2836 3772 2905 τὴν

2228 2944 2424 3014 ἀρχὴν,
2455 2943 2576 2996 τότε
2609 2940 2935 3011 προσελθεῖν
2967 2939 3145 3002 οὐδεὶς
3180 2939 3506 3007 ἐτόλμησεν,
3547 2934 3651 2988 ἀλλ’
3676 2933 3773 2994 ἐνὸς

2227 3032 2374 3103 ἐξῄει
2403 3032 2512 3086 τῶν
2549 3032 2777 3086 οίκετῶν
2823 3032 2970 3100 αύτῷ
3014 3031 3432 3102 παρεπομένου,
3466 3024 3774 3081 Σπαλοκότοιι

2230 3124 2803 3194 προσαγορευομένου.
2840 3122 3184 3193 Ἀπόκαυχος
3215 3121 3317 3190 μὲν
3339 3117 3438 3176 οὖν
3468 3123 3530 3174 ἐκ
3551 3117 3774 3172 τοιούτων

2230 3217 2418 3269 αἰτιῶν
2449 3217 2524 3286 τῷ
2559 3215 2783 3286 μεγάλῳ
2813 3216 3124 3286 δομεστίκῳ
3151 3215 3405 3285 φανερῶς
3432 3224 3772 3283 προσκεκρου-

2231 3306 2365 3371 κὼς,
2402 3309 2495 3360 καὶ
2528 3307 2666 3377 πρὸς
2704 3307 2878 3378 ὀργὴν
2919 3306 3236 3371 ἀπελαθεὶς,
3273 3307 3364 3360 ἐπὶ
3417 3306 3632 3367 πολλαῖς
3658 3303 3774 3374 ἠμέ-

2228 3416 2352 3465 ραις
2385 3399 2524 3451 οἴκοι
2555 3398 2822 3468 καθῆστο,
2872 3397 2984 3451 εἴτε
3031 3399 3249 3468 ἀληθῶς
3277 3399 3370 3451 ὑπ’
3401 3398 3653 3468 ἀθυμίας,
3682 3395 3772 3448 είτε

2230 3488 2664 3561 ὑποκρινάμενος
2694 3493 2890 3543 νοσεῖν.
2925 3485 3040 3543 Εἶτ’
3073 3487 3229 3554 αὖθις
3287 3490 3508 3553 πολλοῖς
3553 3490 3653 3542 τῶν
3689 3504 3772 3556 με·

2229 3580 2396 3650 γάλου
2409 3579 2732 3650 δομεοιτίκου
2764 3580 2935 3650 φίλων
2963 3583 3151 3654 ἱκέτης
3174 3582 3417 3655 γεγονὼς
3449 3582 3540 3636 καὶ
3569 3581 3774 3651 μάλιστα

2231 3675 2568 3744 πατριάρχῃ,
2612 3673 2798 3725 ἔπεισε
2832 3673 2900 3726 δι’
2931 3673 3117 3727 ἀὐτῶν
3177 3675 3397 3741 ἀφεῖναι
3453 3675 3550 3746 τὴν
3598 3673 3767 3741 ὀργήν,

2231 3767 2404 3819 πολλὰ
2456 3767 2554 3819 καὶ
2599 3765 2668 3817 δι’
2723 3764 2924 3819 ἇαυτοῦ
2958 3765 3436 3834 ἐπαγγειλάμενος
3484 3765 3577 3820 καὶ
3617 3765 3772 3831 ὅρκοις

549 3857 687 3912 nihil
743 3855 923 3911 simile
983 3865 1376 3910 attentaturum
1429 3855 1590 3912 {idem
1651 3857 1802 3912 fecit.
1847 3858 1966 3913 Non
2025 3860 2118 3915 diu

2234 3859 2491 3930 μεγάλοις
2528 3860 2741 3925 πείσας,
2776 3859 2852 3921 ὡς
2892 3859 3078 3914 οὐκέτι
3122 3862 3237 3922 τοῖς
3275 3861 3490 3928 ὁμοίοις
3528 3855 3774 3927 ἐπιχειρή·

546 3958 670 4018 post
701 3948 868 4007 etiam
899 3962 1020 4017 quae
1047 3957 1236 4002 contra
1259 3948 1451 4002 Persas
1481 3949 1800 4017 parabatur,
1831 3951 1994 4006 classi
2026 3952 2128 4007 du-

545 4055 664 4096 cem
689 4055 814 4094 eum
843 4039 1263 4094 constituit.Sed
1289 4040 1480 4094 horum
1505 4040 1654 4096 brevi
1681 4042 1904 4107 oblitus,
1929 4044 2127 4102 Joanni

547 4131 886 4187 adolescenti
913 4132 1254 4201 imperatori,
1291 4141 1350 4185 ut
1394 4130 1657 4199 diximus,
1686 4133 1918 4188 insidias
1953 4143 2126 4189 teten-

548 4224 632 4278 dit
660 4240 677 4289 ;
713 4237 949 4290 quorum
996 4222 1113 4292 ipsa
1151 4221 1394 4290 Augusta
1421 4229 1551 4275 tunc
1575 4237 1832 4291 magnum
1862 4222 2128 4277 domesti-

547 4329 671 4370 cum
707 4313 1016 4376 admonuit,
1061 4325 1121 4368 ut
1146 4328 1342 4381 nempe
1375 4313 1741 4382 Apoeauchus
1789 4315 2038 4384 ingratus
2068 4316 2124 4370 in

547 4408 704 4461 illum
738 4407 902 4460 toties
931 4406 1268 4476 apparuerit,
1299 4405 1371 4460 ob
1392 4421 1514 4474 qua:
1545 4422 1723 4476 neque
1748 4409 1962 4462 veniam
1993 4409 2126 4464 dan-

546 4501 694 4564 dam,
730 4499 821 4552 sed
853 4497 909 4552 in
936 4497 1186 4566 Epibatis
1220 4496 1492 4551 inclusum
1525 4497 1984 4567 relinquendum;
2014 4516 2124 4554 non

533 4590 696 4643 'cnim
747 4590 1089 4659 quieturum,
1125 4589 1222 4644 sed
1247 4589 1293 4642 si
1327 4589 1486 4658 copia
1529 4587 1716 4651 fuerit,
1747 4590 1873 4648 novi
1914 4591 2124 4661 aliquid

546 4687 730 4737 denuo
777 4683 1128 4738 moliturum.
1193 4683 1261 4736 At
1307 4683 1454 4738 enim
1509 4682 1600 4737 ille
1643 4683 1805 4754 longa
1879 4687 2126 4742 oratione

545 4791 665 4830 eam
717 4774 1010 4845 permovit,
1069 4783 1128 4828 ut
1173 4775 1224 4831 ei
1270 4775 1486 4845 culpam
1532 4775 1906 4842 condonaret,
1971 4778 2126 4831 nullo

543 4876 729 4918 tamen
761 4863 924 4917 modo
957 4864 1164 4919 sineret
1184 4866 1426 4935 Byzantii
1456 4867 1658 4932 vivere,
1679 4867 1843 4938 4,00
1870 4867 1965 4922 sed
1999 4867 2124 4938 Epi-

545 4955 690 5011 batis
733 4969 1040 5024 egressum,
1087 4963 1146 5009 et
1193 4955 1369 5024 ipsam
1408 4955 1730 5012 adoratione
1781 4967 2160 5020 veneratum,’

544 5047 810 5116 postridie
842 5048 1037 5103 eodem
1086 5049 1284 5103 reverti
1329 5049 1566 5116 iuberet.
1593 5051 1663 5106 Ut
1697 5051 1810 5105 haec
1854 5051 2124 5107 sententia

546 5141 719 5207 stetit,
750 5157 999 5197 seorsum
1029 5143 1285 5211 quisque,
1306 5141 1647 5212 imperatrix,
1672 5158 1902 5212 magnus
1930 5145 2116 5198 dome-

2232 3969 2335 4005 σει.
2375 3954 2486 4004 Καὶ
2524 3953 2644 4021 μετ’
2673 3953 2736 4004 ού
2787 3951 2946 4017 πολὺ,
2977 3951 3074 4004 καὶ
3105 3951 3214 4005 τῶν
3244 3953 3391 4004 κατά
3441 3950 3658 4016 Περσῶν
3685 3964 3770 3997 mo

2233 4042 2725 4113 ρασκευαζομένων
2765 4042 3008 4114 τριηρῶν
3044 4043 3288 4112 παρέσχε
3328 4043 3429 4113 τὴν
3475 4041 3662 4113 ἀρχὴν.
3692 4033 3774 4089 Ὧν

2231 4135 2398 4205 ὀλίγῳ
2424 4134 2650 4205 ὕστερον
2678 4135 3098 4204 ἀμνημονήσας.
3134 4134 3359 4204 Ἰωάννῃ
3389 4135 3470 4206 τῷ
3495 4135 3592 4204 νέῳ
3614 4131 3772 4196 ῶσπερ

2230 4228 2442 4296 εφημεν
2472 4226 2832 4280 ἐπεϐούλευσε
2888 4227 3121 4294 βασιλεῖ.
3158 4218 3259 4281 Ὧν
3291 4227 3324 4298 ἡ
3352 4225 3567 4295 βασιλὶς
3615 4221 3776 4290 ἀνεμί-

2234 4335 2448 4388 μνησκε
2474 4318 2564 4372 τδν
2605 4319 2780 4388 μέγαν
2812 4319 3133 4389 δομέστικον
3183 4319 3330 4380 τότε.
3361 4319 3438 4382 ὡς
3480 4321 3536 4372 ἐν
3590 4313 3772 4373 πολλοῖς

2229 4409 2537 4480 ἀχαρίστου
2579 4409 2674 4462 τοῦ
2726 4410 3233 4481 παρακοιμωμένου
3289 4413 3430 4480 πρὸς
3467 4408 3624 4462 αὑτὸν
3665 4406 3771 4457 ἀνι-

2231 4501 2512 4568 φανέντος,
2543 4502 2619 4554 δι’
2652 4500 2687 4555 ἃ
2717 4503 2838 4556 οὐδὲ
2866 4503 3131 4572 παρέχειν
3165 4502 3420 4556 ἐπείθετο
3450 4499 3771 4568 συγγνώμην.

2229 4593 2346 4647 ἀλλ’
2373 4594 2467 4664 es»;
2495 4595 2552 4648 ἐν
2586 4593 2911 4657 Ἐπιϐἅτατς
2935 4593 3419 4663 ἐγκεκλεισμένον,
3453 4593 3529 4655 ὼς
3559 4589 3658 4645 οὐδ’
3689 4582 3771 4640 αὖ·

2231 4686 2312 4750 θις
2339 4687 2688 4756 ἠρεμήσοντα
2716 4685 2780 4738 ἂν
2819 4684 2912 4756 ἐξῇ
2963 4686 3259 4756 περιϊέναι,
3315 4686 3456 4740 ἀλλά
3506 4701 3641 4737 τισιν
3675 4683 3772 4732 ἐπι·

2230 4776 2560 4846 χειρήσοντα
2599 4776 2962 4848 καινοτέροις.
3013 4777 3072 4829 '0
3093 4777 3148 4829 δὲ
3179 4777 3396 4841 πολλοῖς
3427 4777 3565 4846 ὑπὲρ
3591 4771 3770 4827 ἐκείνου

2229 4868 2579 4939 χρησάμενος
2603 4867 2740 4940 πρὸς
2762 4867 3012 4938 βασιλίδα
3035 4867 3238 4936 λόγοις,
3264 4868 3450 4928 ἔπεισε
3474 4864 3766 4923 τελευταῖον,

2228 4960 2328 5028 τὴν
2361 4961 2459 5029 μὲν
2491 4961 2827 5030 συγγνώμην
2850 4951 3194 5031 παρασχεῖν,
3235 4960 3504 5030 μηδαμῶς
3537 4957 3592 5012 δέ
3618 4957 3704 5024 ὲᾷν
3723 4953 3769 5004 δν

2228 5049 2506 5118 Βυζαντίῳ
2565 5035 2890 5122 διατρίϐειν,
2949 5051 3069 5105 ἀλλ’
3126 5050 3186 5117 ἐξ
3225 5049 3532 5106 Ἐπιὸατῶν
3575 5045 3766 5100 natm

2229 5143 2324 5194 καὶ
2351 5145 2812 5214 προσκυνήσαντα
2833 5143 3028 5214 αὐτὴν,
3056 5143 3246 5196 ἔπειτα
3274 5143 3354 5206 είς
3378 5145 3478 5213 τὴν
3506 5135 3765 5208 ὑστεραίαν

545 5235 718 5290 sticus
766 5243 824 5290 et
855 5236 1166 5304 patriarcha
1212 5236 1520 5303 ἀμνηστίαν
1563 5235 1638 5291 illi
1664 5237 1993 5306 iuraverunt
2021 5255 2033 5291 :
2066 5248 2121 5292 et

2229 5236 2529 5304 ἐπανήκειν
2561 5239 2697 5306 πρὸς
2746 5236 2934 5290 αὐτόν.
2969 5234 3122 5287 Ἐπεὶ
3159 5234 3218 5287 δὲ
3273 5233 3520 5286 ἐδέδοκτο
3549 5225 3764 5283 τοιαῦτα,

547 5329 770 5381 nomine
797 5328 1019 5396 quidem
1049 5328 1417 5397 imperatricis
1439 5343 1502 5382 ac.
1540 5329 1864 5397 patriarcha:
1886 5329 2118 5389 Phocas.

546 5416 770 5478 Dexius,
800 5417 1026 5487 Ampar,
1052 5417 1230 5486 magni
1267 5426 1450 5470 autent
1481 5417 1788 5480 domestici,
1814 5417 2121 5472 Demetrius

545 5505 925 5563 Casandrinus
968 5506 1228 5575 Epibatas
1277 5518 1567 5568 venerunt,
1616 5516 1675 5561 ut
1725 5523 1849 5561 eum
1882 5507 2123 5562 adduce-

545 5607 690 5652 rent.
723 5598 935 5663 Quibus
953 5599 1088 5654 visis
1116 5608 1172 5654 et
1193 5614 1383 5654 eorum
1413 5601 1595 5653 verbis
1616 5599 1841 5664 auditis,
1872 5600 2120 5669 Apocau-

548 5688 684 5743 chus
736 5706 915 5758 neque
955 5692 1300 5760 iuramentis,
1339 5708 1513 5762 neque
1571 5691 1695 5746 ullis
1732 5692 1912 5746 verbis
1955 5693 2114 5749 ﬁdem

2229 5689 2353 5762 ἧκον
2377 5695 2599 5762 ἄγοντες
2640 5696 2698 5748 ἐν
2742 5695 3060 5759 Ἐπιόἀταις
3088 5712 3101 5727 ·

2226 5328 2322 5381 καὶ
2349 5327 2662 5397 ἀμνηστίας
2689 5325 2798 5380 τῶν
2828 5326 3016 5380 κακῶν
3052 5326 3296 5393 ἐγίνοντο
3325 5327 3477 5393 ὅρκοι
3499 5323 3630 5392 πρὸς
3648 5314 3767 5372 ἐκεῖο

2228 5436 2317 5472 νον
2351 5419 2456 5488 ἰδίᾳ
2500 5419 2649 5490 παρά
2684 5436 2744 5472 τε
2787 5418 3056 5489 βασιλίδος
3091 5420 3179 5472 καὶ
3213 5419 3451 5488 μεγάλου
3472 5411 3764 5485 δομεστίκον

2224 5512 2318 5562 καὶ
2359 5511 2723 5584 πατριάρχου,
2763 5513 2893 5576 τοὺς
2934 5512 3033 5581 μὲν
3053 5513 3250 5572 Φωκᾶς
3281 5528 3340 5562 τε
3371 5510 3465 5563 καὶ
3493 5505 3664 5569 Δεξιὸς
3685 5495 3763 5552 καὶ

2222 5602 2407 5669 τρίτος
2445 5603 2674 5673 Ἃμπαρ
2713 5608 2866 5673 παρὰ
2910 5621 2968 5655 τε
3003 5602 3272 5672 βασιλίδος
3307 5602 3399 5655 καὶ
3445 5595 3760 5668 πατριάρχου

3155 5695 3279 5759 τοὺς
3333 5690 3564 5761 μεγάλου
3613 5687 3750 5752 δαμε·
