4096 6300
491 262 598 323 793

1627 263 1870 326 IOANN
1883 263 1947 324 lS
1985 253 2504 326 CANTACUZENI

3628 274 3729 336 800

489 380 700 434 serunt,
729 378 783 425 et
825 371 976 440 plura
1003 379 1353 442 exspectant:
1398 375 1511 436 alii,
1543 377 1687 446 quod
1749 379 1869 448 ejus
1925 391 2098 446 Opes;

2195 377 2256 429 ὺν
2283 378 2391 446 γὰρ
2420 377 2520 447 ἤδη
2543 377 2735 447 χρόνον
2765 377 2981 432 πάντων
3019 381 3046 431 ὁ
3085 378 3464 442 δυνατώτατός
3493 382 3609 432 ἐστι
3629 381 3728 433 τῶν

493 473 767 520 metuunt.
803 463 984 530 Quare
1031 473 1221 533 aperto
1270 465 1438 520 Marte
1484 467 1560 521 illi
1615 483 1853 538 pugnare
1911 468 2053 522 haud

491 556 896 611 conducturum
926 557 1143 626 opinor.
1177 557 1548 626 Praeterquam
1599 559 1746 614 enim
1800 563 1944 629 quod
1989 562 2056 616 ad

493 649 725 705 nihilum
769 647 965 702 cadent
1019 659 1204 702 nostra
1253 649 1504 713 consilia,
1551 651 1715 705 etiam
1760 667 1860 707 nos
1913 654 2060 723 ipsus

494 739 766 806 perditum
795 739 1016 795 ibimus.
1043 739 1147 793 Sed
1181 741 1477 808 potentiam
1510 741 1748 809 aliquam
1793 743 1940 799 illius
1967 760 2063 814 po-

497 831 680 887 tentiae
745 829 1167 900 respondentem
1217 848 1598 903 comparemus
1645 850 1868 892 necesse
1932 847 2059 906 est,

494 936 654 990 quam
684 936 790 977 non
829 921 1051 975 aliunde
1088 921 1451 988 inveniemus,
1501 940 1667 995 quam
1722 927 1768 982 si
1825 929 2064 984 artificio

496 1012 734 1080 quodam
765 1012 1168 1080 imperatricem
1208 1013 1278 1068 ad
1321 1029 1476 1071 arma
1506 1026 1698 1072 contra
1743 1018 1925 1088 ipsum
1969 1035 2066 1076 ex-

503 1102 770 1173 pedienda
799 1104 1232 1159 ineitaverimus.
1259 1106 1378 1171 Quo
1403 1117 1564 1176 pacto
1596 1110 1784 1165 multis
1802 1112 1983 1177 nobis,
2009 1123 2068 1168 ut

500 1211 599 1263 pro
648 1211 792 1249 novo
832 1197 1164 1266 imperatore
1197 1199 1591 1267 pugnantibus
1643 1215 1806 1270 opem
1852 1203 2070 1267 laturis,

502 1287 659 1340 facile
718 1287 797 1342 illi
847 1290 1186 1345 resistemus.
1252 1290 1330 1349 Ad
1367 1290 1472 1344 hoc
1523 1306 1690 1359 perro
1728 1294 1924 1350 callide
1955 1313 2071 1352 mo-

501 1380 766 1443 liendum,
804 1381 906 1433 etsi
940 1381 993 1434 in
1027 1383 1218 1448 primis
1259 1384 1462 1441 valebit
1500 1385 1716 1456 egregia
1783 1387 2070 1457 prudentia

503 1477 617 1534 tua,
683 1469 857 1526 nihilo
894 1469 1074 1526 minus
1114 1471 1308 1540 judicii
1348 1474 1454 1528 mei
1480 1475 1609 1544 quid
1660 1477 1731 1531 sit
1784 1491 2072 1544 exponam.

505 1559 582 1614 Ne
614 1569 792 1615 tamen
827 1562 1044 1624 mirere,
1077 1561 1240 1634 404
1269 1565 1312 1618 si
1371 1575 1561 1620 contra
1620 1567 1831 1622 hostem
1885 1579 2079 1637 poten-

508 1662 615 1705 tem
649 1652 933 1707 mendacio
998 1664 1238 1708 utemur.
1323 1656 1460 1710 Nam
1497 1657 1589 1727 qui
1653 1658 1864 1714 hostem
1915 1675 2074 1731 suum

2161 467 2295 538 παρ’
2329 470 2480 538 ἡμῖν,
2507 469 2600 523 καὶ
2647 469 2848 534 πάντες
2878 470 3030 540 αὐτῷ
3063 471 3427 540 προσέχουσιν
3468 470 3726 538 ἀκριϐῶς,

2162 563 2364 633 οἱμὲν,
2406 566 2534 632 παρ’
2589 563 2758 617 αὐτοῦ
2818 564 3032 617 πολλῶν
3080 564 3334 634 τυχόντες
3369 545 3726 634 εὐεργεσιῶν,

2164 655 2258 708 καὶ
2311 654 2393 707 ἔτι
2429 654 2598 707 πλείω
2642 655 3079 725 προσδοκῶντες,
3131 657 3180 708 οἱ
3213 656 3268 708 δὲ
3324 657 3732 725 κατεπτηχὸτες

2166 743 2263 814 τὴν
2291 744 2501 797 ἐκείνου
2531 744 2789 814 δύναμιν.
2827 745 2904 798 Δι’
2935 745 2970 800 ἃ
2998 747 3098 798 οὐκ
3127 747 3312 816 οἴομαι
3359 747 3506 815 πρὸς
3539 748 3735 799 ἐκεῖνον

2169 837 2234 888 ἐκ
2260 836 2354 890 τοῦ
2387 836 2700 908 προφανοῦς
2725 825 3216 892 ἀντικαθίστασθαι
3238 840 3554 891 λυσιτελεῖν
3591 841 3731 909 ἡμῖν.

2169 929 2314 998 Πρὸς
2352 929 2462 1000 γὰρ
2503 928 2579 999 τῷ
2620 929 2790 1000 μηδὲν
2845 930 3047 983 ἀνύσαι
3079 929 3374 999 δυνηθῆναι
3405 931 3522 982 τῶν
3555 929 3736 999 βεϐου-

2169 1019 2445 1090 λευμένων
2471 1036 2484 1050 °
2522 1022 2618 1074 καὶ
2656 1020 3113 1091 προσαπολοῦμεν
3151 1001 3402 1083 satureia;
3449 1021 3591 1075 ἁλλά
3630 1039 3738 1074 τινα

2180 1111 2275 1164 καὶ
2318 1113 2466 1181 ἡμᾶς
2499 1112 2729 1181 δύναμιν
2757 1113 2876 1166 δέον
2940 1114 3254 1180 ἐκπορίζειν
3293 1115 3517 1176 ἑαυτοῖς
3567 1115 3739 1183 ἀντίρο

2178 1205 2345 1271 ροπον
2371 1205 2507 1272 πρὸς
2536 1204 2633 1274 τὴν
2652 1205 2886 1260 ἐκείνου.
2910 1206 3058 1276 Αὕτη
3081 1206 3138 1258 δὲ
3160 1207 3257 1277 οὐχ
3289 1206 3566 1275 ἐτέρωθέν
3593 1206 3743 1257 ποθεν

2177 1295 2242 1348 ἂν
2269 1294 2600 1365 ὲΕευρεθείη,
2636 1298 2684 1349 ει
2711 1296 2787 1368 μὴ
2821 1297 3005 1368 τρόπῳ
3045 1297 3109 1367 δή
3160 1314 3268 1350 τινι
3305 1297 3562 1366 βασιλίδα
3594 1299 3744 1349 ἔκπο-

2177 1385 2532 1456 λεμώσαιμεν
2558 1387 2771 1457 ἐκείνῳ.
2796 1387 3002 1441 Τούτου
3040 1389 3097 1441 δὲ
3121 1389 3527 1457 γεγενημένου,
3561 1387 3745 1457 ῥᾳδίως

2179 1478 2789 1549 ἁντικαταστησόμεθα,
2814 1479 3030 1533 πολλῶν
3060 1483 3194 1548 ἡμῖν
3221 1481 3634 1549 συναιρομένων
3678 1481 3745 1542 ὡς

2181 1573 2326 1641 ὑπὲρ
2362 1569 2458 1624 τοῦ
2506 1571 2629 1623 νέου
2675 1571 2938 1639 βασιλέως
2988 1571 3308 1642 πολεμοῦσι.
3343 1571 3526 1625 Τοῦτο
3551 1571 3747 1634 δ’δπως

2185 1663 2253 1715 ἂν
2287 1661 2708 1732 συσκευασθείη,
2769 1663 3006 1732 μάλιστα
3040 1662 3140 1732 μὲν
3175 1663 3273 1716 καὶ
3325 1665 3358 1733 ἡ
3417 1663 3489 1734 σὴ
3546 1665 3745 1727 σύνεσις

509 1754 757 1800 evertere
798 1746 1058 1811 instituit,
1096 1763 1220 1802 eum
1254 1749 1398 1804 haud
1431 1751 1486 1804 in
1519 1768 1714 1820 magno
1751 1753 2075 1809 discrimine

2190 1753 2463 1822 θαυμασία
2498 1749 2630 1807 οὖσα
2658 1753 2968 1824 ἐξευρήσει.
3001 1754 3412 1824 Συμδουλεύσω
3447 1754 3505 1807 δὲ
3530 1756 3625 1806 καὶ
3658 1756 3746 1806 αὐ·

511 1850 716 1904 ponere
747 1846 981 1904 Oportet,
1015 1853 1044 1890 a
1073 1839 1362 1894 mendacio
1389 1883 1401 1904 ,
1453 1858 1521 1897 an
1550 1859 1580 1898 a
1641 1845 1870 1899 veritate
1917 1847 2075 1900 auxi-

512 1927 646 1981 lium
677 1939 844 1997 petat,
871 1929 964 1982 sed
992 1931 1216 1998 reliquis
1247 1934 1507 1988 omnibus
1530 1935 1792 2000 dimissis,
1816 1937 1882 1991 ad
1910 1955 2078 2000 unum

516 2016 619 2070 hoc
649 2019 944 2086 respicere,
980 2027 1038 2072 ut
1070 2022 1272 2075 vincat.
1307 2022 1542 2077 Proinde
1571 2041 1692 2079 eam
1746 2027 1831 2080 fac
1883 2043 2084 2082 conve-

513 2105 674 2172 nias,
708 2110 857 2162 illum
901 2119 959 2163 ut
982 2127 1089 2163 non
1117 2111 1227 2177 jam
1254 2128 1350 2181 per
1395 2116 1702 2181 cuniculos,
1759 2118 1853 2172 sed
1887 2134 2086 2188 propa-

515 2201 622 2256 lam
688 2202 975 2271 imperium
1017 2204 1430 2270 vindicantem,
1487 2215 1542 2261 et
1593 2224 1700 2262 non
1747 2211 1918 2264 multo
1964 2222 2088 2282 post

477 2294 694 2375 ipsam,
745 2295 973 2364 ejusque
1005 2296 1214 2350 liberos
1264 2298 1638 2368 jugulaturum
1698 2317 1946 2358 accuses.
2000 2304 2088 2356 Fi-

519 2389 641 2440 dem
670 2387 828 2442 dictis
866 2389 972 2442 tuis
1031 2390 1205 2454 pariet
1240 2401 1294 2445 et
1323 2400 1485 2446 antea
1539 2403 1738 2449 navata
1779 2395 1881 2463 ipsi
1923 2396 2090 2451 bene-

519 2477 779 2543 volentia,
809 2493 873 2531 ac
899 2480 1156 2538 studium.
1200 2493 1320 2549 post
1369 2483 1715 2552 imperatoris
1763 2502 2044 2543 excessum
2072 2529 2086 2553 ,

517 2579 576 2626 et
608 2578 750 2640 quod
783 2575 837 2626 in
867 2587 1107 2641 praesens
1145 2574 1195 2627 ei
1240 2575 1533 2644 diligenter
1565 2593 1786 2647 Operam
1824 2581 1954 2634 dare
2014 2583 2094 2634 vi-

460 2724 466 2732 ,
522 2665 763 2721 deberis.
789 2666 844 2720 Si
873 2665 1252 2733 probationem
1309 2671 1591 2736 exegerit,
1647 2685 1710 2724 ea
1773 2673 2093 2728 curiositate

427 2749 448 2766 ⁸
523 2768 585 2814 ιιι
613 2757 968 2827 supersedeat
1027 2774 1210 2822 mone,
1247 2760 1314 2813 ab
1342 2760 1436 2815 illo
1469 2776 1527 2816 se
1558 2762 1836 2834 disiungat
1869 2806 1886 2830 ,
1925 2767 2094 2820 vitam

526 2868 682 2904 suum
742 2851 1149 2919 liberorumque
1180 2862 1390 2918 servet,
1427 2853 1633 2923 alioqui
1667 2856 1990 2912 morituram
2013 2858 2096 2912 ci-

530 2946 639 2998 tius
678 2960 838 3013 quam
870 2945 1227 3015 probationes
1259 2946 1642 3014 expediantur.
1678 2948 1773 3004 llis
1808 2949 1876 3004 de
1911 2952 2092 3005 causis

530 3037 724 3090 timore
776 3036 1123 3105 perculsam,
1175 3036 1298 3092 belli
1356 3037 1887 3093 administrationem
1935 3040 2170 3132 nobisc

527 3128 920 3197 permissuram
954 3128 1228 3182 existimo.
1262 3127 1372 3181 lloe
1393 3129 1536 3183 felici
1565 3145 1824 3185 successu
1851 3141 2094 3200 peracto,

531 3220 670 3274 nihil
707 3219 969 3282 restabit,
1006 3218 1106 3274 nisi
1160 3228 1221 3274 ut
1280 3220 1456 3275 malus
1504 3223 1644 3276 male
1695 3231 1908 3291 pereat,
1957 3233 2012 3278 et
2042 3233 2098 3279 tu

530 3311 867 3379 impendenti
891 3321 1114 3379 ereptus
1148 3311 1392 3378 periculo
1421 3353 1436 3374 ,
1483 3327 1597 3366 rem
1645 3313 1949 3366 Romanam
1983 3329 2100 3368 me-

533 3403 794 3458 ritissimo
819 3417 929 3470 pra:
962 3402 1219 3457 omnibus
1250 3419 1348 3470 pro
1373 3402 1606 3472 imperio
1637 3421 1814 3474 regas.
1848 3405 2103 3476 Quapro-

535 3504 656 3562 pter
681 3502 734 3547 te
761 3509 879 3554 oro,
906 3493 1038 3546 mihi
1069 3494 1438 3561 obtemperes,
1473 3511 1578 3550 neu
1615 3511 1756 3561 rem,
1804 3498 1892 3551 via
1938 3515 2102 3566 quam

535 3598 639 3651 ego
666 3582 995 3644 monstravi,
1029 3584 1227 3638 ctleetu
1284 3601 1390 3637 non
1445 3585 1745 3653 difﬁcilem,
1806 3587 2102 3644 detrectes.

536 3663 767 3739 Quod-si
795 3675 1070 3743 pigritaris
1106 3675 1158 3728 in
1187 3675 1503 3731 discrimine
1555 3689 1672 3744 tuo,
1737 3694 1839 3749 ego
1882 3679 2104 3748 quidem

538 3766 758 3838 gravius
786 3765 923 3820 nihil
957 3766 1161 3830 dicam,
1195 3775 1246 3821 te
1273 3777 1456 3821 autem
1479 3769 1667 3837 quales
1699 3769 1927 3826 fortuna:
1949 3786 2108 3825 exce-

538 3867 712 3931 ptura;
741 3857 872 3920 sint,
909 3859 1223 3928 conjectura
1259 3859 1547 3918 providere
1593 3876 1690 3928 par
1713 3871 1817 3915 est.
1855 3861 1950 3915 llis
2006 3861 2100 3915 ille

540 3949 917 4018 patriarcham
953 3948 1019 4002 ad
1055 3947 1162 4001 sibi
1188 3949 1627 4014 assentiendum,
1661 3949 1977 4018 bellumque
2014 3949 2110 4002 ad-

544 4053 736 4092 versus
769 4052 1025 4106 magnum
1059 4037 1424 4091 domesticum
1462 4037 1834 4121 incipiendqm
1869 4039 2106 4108 impulit.

543 4131 748 4192 Deinde
778 4130 915 4185 alios
935 4130 1275 4199 singulatim,
1308 4130 1567 4199 Opinione
1602 4139 1698 4185 aut
1724 4146 1925 4199 genere
1969 4146 2111 4209 pqae-

543 4230 754 4276 stantes
805 4222 1180 4288 circumiens,
1243 4233 1300 4277 et
1357 4223 1638 4277 mendacia
1703 4223 2113 4292 calumniasque

546 4329 844 4378 consuens,
871 4314 924 4368 in
939 4315 1190 4369 eamdein
1220 4326 1458 4369 mentem
1489 4315 1695 4368 illicere
1721 4315 2109 4370 contendebat.

2183 1844 2273 1906 τός
2295 1858 2307 1872 ·
2347 1841 2422 1913 μὴ
2455 1842 2742 1914 θαυμάσῃς
2773 1843 2830 1895 δὲ
2872 1845 2920 1896 εί
2962 1850 3100 1913 πρὸς
3133 1845 3353 1913 ἰσχυρὸν
3382 1845 3582 1914 ἐχθρὸν
3615 1845 3748 1896 ἀντι-

2185 1935 2574 2005 καθιστάμενοι
2609 1935 2926 2004 χρησόμεθα
2985 1937 3078 1988 καὶ
3133 1935 3342 2003 ψεύδει.
3387 1935 3484 2004 Τῷ
3514 1936 3620 2004 γὰρ
3651 1937 3752 1986 ὲπιο

2185 2027 2460 2098 χειροῦντι
2509 2026 2600 2081 τὸν
2644 2029 2907 2097 πολέμιον
2960 2029 3268 2095 καθαιρεῖν,
3319 2029 3382 2080 οὐ
3439 2026 3602 2080 τοῦτο
3653 2025 3748 2096 χρὴ

2190 2122 2414 2175 σκοπεῖν
2436 2123 2482 2174 εί
2517 2119 2702 2190 ψεύδει
2729 2121 2995 2190 χρήσαιτο
3025 2119 3056 2188 ἤ
3084 2119 3340 2188 ἀληθείᾳ,
3369 2117 3512 2171 ἀλλά
3541 2119 3671 2186 πρὸς
3699 2117 3750 2167 ἒν

2190 2212 2520 2266 ἀποόλέπειν
2580 2212 2761 2282 μόνον,
2805 2211 2866 2263 τὸ
2920 2208 3018 2262 τοῦ
3079 2210 3455 2280 πολεμοῦντος
3510 2209 3747 2278 γενέσθαι

2191 2305 2444 2374 κρείττω,
2491 2303 2559 2355 τὰ
2589 2303 2632 2356 δ’
2664 2301 2800 2356 ἄλλα
2837 2301 3015 2354 πάντα
3049 2303 3260 2372 χαίρειν
3305 2302 3426 2372 ὲᾷν.
3463 2300 3748 2368 Τοιγαροῦν

2192 2397 2288 2449 καὶ
2330 2397 2394 2448 σὺ
2427 2393 2664 2464 βασιλίδι
2711 2392 3048 2461 προσελθὼν,
3081 2391 3380 2462 ἀξιόχρεως
3411 2393 3459 2445 δ’
3490 2393 3589 2463 ἔσῃ
3628 2391 3748 2460 πρὸς

2196 2487 2369 2541 πειθὼ
2417 2487 2479 2539 ἐκ
2513 2505 2570 2539 τε
2602 2489 2698 2555 τῆς
2733 2487 3008 2556 προτέρας
3030 2481 3098 2557 ἧς
3129 2485 3377 2551 ἐνεδείξω
3429 2487 3566 2554 πρὸς
3599 2484 3751 2552 αυτὴν

2196 2579 2411 2641 εὐνοίας
2451 2579 2546 2630 καὶ
2587 2576 2825 2645 σπουδῆς
2859 2576 2997 2646 μετὰ
3039 2576 3138 2644 τὴν
3163 2576 3433 2644 βασιλέως
3463 2575 3746 2643 τελευτήν’

2198 2673 2292 2724 καὶ
2324 2671 2418 2724 τοῦ
2442 2670 2534 2722 νῦν
2568 2670 2708 2739 ὑπὲρ
2734 2669 2904 2737 αὐτῆς
2941 2669 3120 2722 δοκεῖν
3165 2668 3520 2732 σπουδάζειν,
3553 2665 3749 2718 ἐκείνου

2199 2766 2599 2836 κατηγόρησον,
2629 2762 2704 2825 ὡς
2721 2763 2819 2832 οὐχ
2837 2760 3305 2828 ὑποπτευομένου,
3333 2759 3457 2813 ἀλλ’
3487 2759 3585 2828 ἤδη
3605 2773 3750 2826 φανε-

2203 2857 2311 2928 ρῶς
2345 2856 2441 2926 τὴν
2474 2853 2752 2924 βασιλείαν
2798 2853 2938 2906 ἰδίαν
2984 2852 3337 2920 ποιουμένου,
3395 2851 3496 2904 καὶ
3529 2851 3647 2903 ὅσον
3669 2847 3750 2899 οὗ·

2200 2949 2348 3002 δὲπω
2403 2946 2691 3012 μέλλοντος
2721 2943 2892 3012 αὐτὴν
2920 2941 3014 2995 καὶ
3043 2942 3211 2995 τέκνα
3245 2941 3630 2994 ἀποκτείνειν.
3665 2938 3751 2990 ’Λν

2201 3041 2245 3094 δ’
2273 3039 2548 3104 ἀπόδειξιν
2589 3037 2700 3089 τῶν
2762 3035 3075 3104 λεγομένων
3145 3035 3377 3102 ἀπαιτῇ,
3421 3033 3498 3101 μὴ
3549 3027 3752 3082 τοιαῦτα

2175 3134 2390 3185 ’πεῖσον
2429 3127 2939 3198 πολυπραγμονεῖν*
2973 3123 3200 3190 φθάσειν
3231 3125 3337 3192 γὰρ
3370 3122 3754 3190 τελευτήσασαν

2201 3228 2332 3296 πρὶν
2371 3224 2449 3285 εἰς
2485 3222 2609 3284 τοὺς
2634 3219 2890 3288 ἐλέγχους
2917 3217 3097 3288 ⁸ήκειν,
3133 3216 3180 3267 εί
3213 3215 3288 3284 μὴ
3307 3215 3524 3266 ἐκείνου
3551 3211 3752 3265 διαστᾶ-

2205 3337 2294 3385 σα,
2330 3317 2529 3385 ὲχυτὴν
2559 3313 2817 3376 διασώζοι
2848 3313 2944 3364 καὶ
2989 3310 3175 3372 τέκνα,
3221 3310 3284 3360 ὲκ
3314 3308 3527 3360 τούτων
3549 3305 3602 3357 δὲ
3631 3301 3752 3356 ἐκεί-

2204 3429 2302 3480 νην
2342 3409 2532 3478 ὥσπερ
2579 3407 2760 3474 οῐομαι
2813 3403 2916 3456 ὑπὸ
2973 3403 3128 3464 δέους
3186 3399 3648 3467 καταπλαγεῖσαν,
3677 3395 3754 3446 τὸν

2206 3497 2346 3566 πρὸς
2381 3497 2591 3548 ἐκεῖνον
2619 3493 2756 3562 ἡμῖν,
2807 3492 3047 3559 πόλεμον
3099 3489 3441 3559 ἐπιτρέψειν.
3470 3488 3663 3540 Τούτου
3707 3483 3754 3534 δὲ

2206 3585 2666 3654 κατορθωθέντος,
2699 3581 2854 3636 οὐδὲν
2901 3581 3030 3636 ἄλλο
3085 3580 3328 3633 λείπεται
3367 3581 3402 3650 ἦ
3439 3573 3638 3632 ὲκείνον
3669 3574 3753 3644 μὲν

2207 3678 2506 3735 ἀπολέσθαι
2540 3677 2710 3730 κακὸν
2756 3675 2965 3740 κακῶς,
3003 3673 3063 3725 σὲ
3096 3673 3152 3725 δὲ
3203 3665 3339 3742 πρὸς
3371 3673 3452 3742 τῷ
3487 3672 3575 3724 τὸν
3605 3670 3752 3736 ἐπηρ-

2207 3771 2442 3842 τημένον
2501 3769 2746 3823 κίνδυνον
2801 3768 3113 3836 διαφυγεῖν,
3175 3767 3269 3818 καὶ
3334 3766 3404 3818 τὰ
3491 3762 3752 3830 Ῥωμαίων

2209 3868 2510 3933 πράγματα
2539 3862 2762 3914 διοικεῖν
2789 3861 3007 3912 πάντων
3044 3857 3279 3927 μάλιστα
3310 3856 3605 3919 ἀξιώτατον
3624 3852 3751 3903 ὄντα.

2212 3955 2301 4007 Διὸ
2337 3951 2430 4006 σοῦ
2467 3951 2658 4018 δέομαι
2692 3947 2984 4018 πεισθῆναι
3029 3947 3454 4015 συμϐουλεύοντι
3511 3944 3647 4011 ἐμοὶ,
3675 3940 3755 3993 καὶ

2217 4045 2292 4114 μὴ
2334 4043 2468 4112 πρὸς
2499 4042 2598 4110 τὴν
2639 4039 2838 4110 πρᾶξιν
2884 4037 3232 4101 ἀναδύεσθαι,
3266 4037 3461 4106 ῥᾳδίαν
3498 4035 3650 4088 οὖσαν
3693 4030 3753 4092 ὼς

2213 4137 2324 4204 ἐγὼ
2359 4133 2715 4204 συμϐουλεύω
2768 4131 3305 4200 κατασκευασθῆναι.
3348 4129 3413 4182 Εἰ
3469 4129 3516 4182 δ’
3538 4124 3751 4190 ἀποκνή-

2215 4245 2334 4290 σεις
2371 4227 2512 4296 πρὸς
2567 4224 2657 4278 τὴν
2700 4223 2967 4286 κίνδυνον,
3005 4219 3116 4288 ἐγὼ
3174 4221 3290 4288 μὲν
3335 4219 3596 4289 δυσχερὲς
3623 4214 3752 4267 οὐδὲν

2215 4322 2348 4391 ἐρῶ,
2385 4324 2442 4374 σὲ
2472 4320 2528 4372 δὲ
2559 4319 2657 4381 τὰς
2690 4315 3048 4386 ὲκδεξομένας
3069 4314 3239 4383 τύχας
3269 4314 3368 4383 ήδη
3427 4305 3754 4380 στοχάζεσῦαι

545 4405 625 4467 Ac
659 4405 896 4474 primum
929 4407 1149 4476 quidem
1201 4407 1582 4463 Andronicum
1636 4409 1871 4465 Asanem
1932 4423 2091 4476 magn

2190 4432 2192 4462 ξ
2222 4415 2519 4484 προσῆκον.
2556 4410 2777 4471 Τούτοις
2813 4409 2912 4478 μὲν
2935 4403 3031 4460 οὖν
3061 4406 3153 4458 τὸν
3186 4405 3537 4476 πατριάρχην
3569 4403 3754 4454 ἔπεισεν

546 4499 836 4554 domestici
879 4515 1154 4564 socerum,
1180 4502 1519 4570 argumentis
1553 4539 1568 4564 ,
1603 4500 1806 4570 quibus
1837 4515 1964 4554 eum
2017 4514 2116 4569 po—

551 4593 821 4654 tissimum
843 4601 1276 4662 expugnaturum
1294 4591 1620 4657 confidebat,
1652 4593 1988 4662 aggreditur.
2022 4592 2120 4647 llic

551 4701 788 4754 namque
814 4685 1020 4739 Asanes
1047 4684 1113 4740 ad
1167 4700 1430 4754 generum
1491 4686 1650 4753 paulo
1684 4693 1811 4740 ante
1871 4694 2120 4749 venerat,

548 4787 605 4834 et
633 4788 693 4831 ut
724 4777 808 4831 sui
840 4778 1212 4840 misereretur,
1245 4779 1651 4841 obsecraverat,
1693 4781 1860 4832 vitam
1893 4778 2122 4831 minime

550 4873 770 4928 vitalem
813 4871 1046 4923 viventis
1075 4871 1144 4924 ob
1173 4872 1439 4924 Joannem
1507 4878 1563 4923 et
1613 4869 1922 4925 Manuelem
1959 4870 2121 4936 filios,

550 4956 755 5020 annu'm
780 4965 891 5034 jam
923 4972 1134 5016 sextum
1167 4964 1234 5014 ab
1262 4963 1590 5030 imperatore
1660 4963 1946 5016 teterrimo
2023 4962 2126 5016 ob-

552 5059 1012 5127 sgurrissimoque
1048 5070 1268 5108 carcere
1293 5097 1307 5118 ,
1346 5071 1450 5108 non
1485 5070 1643 5109 secus
1667 5067 1832 5124 atque
1865 5055 2010 5124 apud
2045 5055 2128 5108 iu-

555 5153 701 5208 feros
732 5151 1001 5204 detentus.
1031 5150 1097 5202 Et
1148 5165 1269 5201 cum
1309 5149 1365 5200 in
1401 5147 1757 5201 Occidentem
1815 5146 2130 5214 proficisce-

556 5256 709 5299 retur
728 5295 744 5318 ο
774 5243 1031 5313 quoniam
1067 5243 1231 5295 Beras
1266 5241 1578 5295 necessario
1604 5241 1936 5294 transiturus
1961 5251 2127 5301 esset,

557 5340 647 5390 ubi
676 5340 729 5392 in
765 5337 1014 5389 custodia
1052 5334 1414 5394 habebantur,
1446 5333 1708 5388 liberatos
1726 5347 1912 5385 secum
1945 5331 1997 5385 in
2028 5330 2132 5383 mi-

562 5431 731 5482 litiam
771 5429 1117 5496 perduceret,
1153 5441 1458 5494 eorumque
1491 5439 1656 5494 opera
1699 5432 1974 5486 uteretur,
2039 5422 2132 5491 qui

560 5521 630 5575 de
663 5521 878 5591 agmine
921 5520 1109 5588 ipsius,
1163 5518 1307 5587 quod
1360 5517 1425 5570 ad
1476 5532 1692 5570 manum
1739 5515 2136 5570 conserendam

569 5613 922 5676 laboremque
981 5612 1268 5665 militarem
1351 5613 1567 5671 attinet,
1620 5607 1825 5661 nemini
1866 5604 2135 5659 concede—

568 5703 968 5769 rent..\l.ngnus
1032 5702 1362 5755 domesticus
1414 5718 1519 5754 non
1584 5699 1686 5753 sibi
1746 5698 1967 5766 probari
2037 5697 2140 5749 hoc

576 5795 865 5852 COitbialUltt
899 5795 1214 5862 respondnt:
1267 5810 1372 5848 non
1417 5793 1560 5847 cnim
1587 5808 1706 5845 esse
1770 5798 1926 5842 terra:
1979 5789 2136 5850 filios,

2221 4504 2372 4574 αὑτῴ
2428 4520 2487 4556 τε
2543 4501 2854 4572 προσέχειν,
2887 4499 2980 4551 καὶ
3020 4499 3257 4567 πόλεμον
3309 4497 3451 4568 πρὸς
3481 4497 3571 4549 τὸν
3606 4494 3754 4564 μέγαν

2219 4594 2540 4663 δομέστικον
2572 4590 2764 4642 κινεῖν.
2802 4585 3014 4639 Ἔπειθ’
3045 4585 3278 4638 ἕκαστον
3310 4585 3421 4636 τῶν
3454 4585 3618 4637 ἀλλων
3649 4577 3754 4647 δόξῃ

2221 4685 2592 4754 διαφερόντων
2619 4681 2652 4750 ἢ
2676 4680 2824 4748 γένει
2849 4679 2962 4732 τῶν
2983 4676 3192 4730 πολλῶν
3220 4675 3450 4744 περιϊὼν
3478 4671 3755 4744 ἐμηχανᾶτο

2225 4773 2434 4825 πείθειν
2451 4770 2621 4839 ψεύδη
2653 4768 2917 4838 συνείρων
2948 4767 3040 4819 καὶ
3069 4763 3457 4832 συκοφαντίας.
3477 4764 3579 4816 Καὶ
3596 4760 3756 4832 πρῶτα

2229 4868 2329 4938 μὲν
2363 4864 2499 4934 πρὸς
2533 4862 2624 4914 τὸν
2669 4861 2902 4930 ’Δσάνην
2942 4858 3280 4928 Ἀνδρόνικον
3306 4855 3480 4910 ἐλθὼν
3507 4856 3564 4918 ὃς
3592 4851 3654 4926 ἦν
3675 4867 3757 4920 με⁸

2227 4957 2378 5024 γάλῳ
2411 4953 2718 5023 δομεστίκῳ
2763 4951 3054 5019 κηδεστὴς,
3103 4947 3160 5013 ἐξ
3190 4942 3267 5001 ὧν
3303 4950 3534 5018 μάλιστα
3578 4945 3756 5000 πείσειν

2229 5049 2368 5120 ᾣετο
2421 5044 2724 5114 ἐπεχείρει.
2756 5037 2924 5104 Οὗτος
2949 5043 3058 5110 γὰρ
3113 5041 3180 5110 δὴ
3209 5044 3235 5093 ὁ
3275 5042 3508 5108 ’Λσάνης
3537 5037 3659 5107 πρὸς
3685 5031 3758 5084 τὸν

2232 5141 2480 5210 γαμϐρὸν
2511 5137 2676 5204 ὀλίγῳ
2706 5136 2972 5205 πρότερον
3009 5133 3201 5197 ὲλῡὼν,
3234 5135 3407 5186 ἐδεῖτο
3430 5134 3504 5204 μὴ
3537 5125 3757 5199 περιορᾷν

2233 5235 2418 5297 αὑτὸν,
2452 5231 2686 5284 ἀϐίωτον
2741 5229 2990 5297 οἰόμενον
3020 5228 3111 5280 τὸν
3143 5227 3275 5295 βίον,
3308 5227 3396 5280 διὰ
3425 5227 3481 5278 τὸ
3513 5224 3629 5282 τοὺς
3653 5217 3756 5269 παῖ·

2233 5326 2331 5387 δας
2373 5323 2626 5390 Ἰωάννην
2674 5321 2769 5372 και
2827 5319 3082 5388 Μανουὴλ
3127 5318 3215 5369 ετε
3246 5318 3422 5369 ἐτεσιν
3453 5317 3508 5380 εξ
3537 5313 3627 5383 ἤδη
3676 5301 3758 5358 ὑπὸ

2240 5415 2505 5486 βασιλέως
2559 5414 2618 5464 ὲν
2671 5411 3034 5481 δεσμωτηρίῳ
3083 5410 3460 5487 εἰργομένους,
3517 5401 3756 5457 δεινότατα

2241 5508 2488 5574 πάσχειν,
2521 5504 2617 5558 καὶ
2663 5505 2816 5556 οὐδὲν
2861 5504 3071 5572 ἀμείνω
3100 5502 3211 5553 τῶν
3241 5503 3299 5553 ὲν
3329 5500 3455 5571 ᾅδου
3480 5495 3754 5564 διαγόντων·

2253 5597 2395 5651 Ἀλλ’
2428 5597 2660 5650 ἀπιόντα
2712 5595 2846 5664 πρὸς
2895 5595 2991 5662 τὴν
3028 5595 3289 5661 ἑσπέραν,
3315 5595 3438 5645 ἐπεὶ
3487 5589 3568 5642 διὰ
3612 5585 3757 5651 Βήρπις

2242 5695 2453 5761 ἀνέγκη
2487 5690 2681 5741 διῖἐναι
2715 5689 2842 5739 ἔνθα
2875 5687 3283 5748 κατεκλείοντο,
3311 5689 3403 5738 τοῦ
3434 5676 3756 5750 δεσμωτηρίου

2246 5786 2562 5854 ἐξαγαγεῖν,
2598 5783 2688 5834 καὶ
2724 5782 2857 5850 πρὸς
2887 5780 2984 5849 τὴν
3018 5778 3306 5851 στρατείαν
3346 5778 3566 5850 χρῆσθαι
3593 5774 3754 5839 ἄγοντα
