4096 6300
359 357 469 430 801
551 363 556 367 ’

1500 368 2044 429 lllSTORlAllUM
2085 368 2316 428 LIBER
2356 367 2494 459 ΙΙΙ..

3519 365 3625 432 8ίὲ

374 477 494 546 μεθ’
527 477 745 544 ἑαυτοῦ,
769 479 979 544 οὐδενὸς
1015 475 1089 535 ὧν
1122 482 1246 550 ἀγει
1271 487 1404 552 προς
1442 483 1619 552 μάχας
1652 482 1748 536 καὶ
1783 498 1941 550 στρα-

2059 495 2162 536 nec
2187 481 2392 534 levium
2427 477 2796 548 quorumdam
2846 475 3142 532 criminum
3190 476 3620 533 condemnatos.

365 569 516 633 τείας
552 571 714 632 δντας
758 573 1114 643 ἀτιμοτέρους
1145 573 1409 644 χρῆσθαι.
1457 573 1518 626 '0
1552 573 1725 644 μέγας
1758 571 1814 625 δέ
1853 573 1941 624 δο-

373 661 652 728 μέστικος,
680 663 782 717 οὐκ
826 665 1084 732 ἀρέσκειν
1128 667 1367 734 ἔφασκεν
1412 666 1561 736 αὐτῷ
1613 664 1820 734 ταύτην
1847 663 1944 734 τὴν

374 753 594 824 βουλήν.
623 756 700 808 Οὐ
750 757 860 828 γὰρ
894 757 1003 811 τῶν
1059 759 1331 827 τυχόντων
1385 755 1524 812 εἶναι
1573 758 1701 822 τοῦς
1753 755 1941 822 ὒίοῦς,

369 845 482 897 οὐδ’
534 846 626 899 ἐπὶ
657 850 875 916 μικροῖς
925 867 1037 902 τισι
1089 850 1542 920 κατακριθέντας,
1576 851 1705 904 ὥστ’
1734 849 1782 901 εί
1810 851 1944 917 ἀφε-

367 934 510 986 θεῖεν
531 937 664 1006 παρ’
691 938 854 992 αὐτοῦ
889 941 1164 1010 μηδεμίαν
1204 943 1454 1013 ταραχῆς
1500 943 1776 1012 πρόφασιν
1802 958 1946 1012 παρ·

365 1025 516 1095 ἐχειν
592 1028 859 1097 βασιλίδιο
888 1034 1003 1084 ἀλλ’
1038 1033 1147 1086 ἔδει
1179 1035 1450 1105 πρότερον
1483 1035 1702 1101 ἐκείνην
1729 1049 1946 1104 παρασ-

370 1117 711 1183 κευάσαντας
731 1122 1066 1192 συγγνώμην
1091 1123 1321 1186 ἐκείνοις
1339 1123 1742 1194 παρασχέσθαι,
1769 1120 1943 1179 οὕτως

365 1204 588 1273 ἐξάγειν
617 1208 712 1260 τοῦ
737 1208 1140 1282 δεσμωτηρίου.
1173 1212 1287 1266 Νῦν
1313 1213 1358 1264 δ’
1381 1215 1428 1266 εί
1458 1213 1615 1266 τοῦτο
1661 1211 1942 1282 πράξομεν

366 1298 526 1353 αὐτοὶ
556 1299 633 1370 μὴ
663 1300 929 1371 πρότερον
959 1305 1176 1373 ἐκείνης
1207 1303 1632 1374 ἐπιτρεπούσης,
1666 1303 1810 1365 εἰκὸς
1845 1303 1942 1354 αὐο

365 1388 472 1456 τήν
505 1404 565 1441 τε
588 1389 910 1458 λογίσασθαι
939 1394 1035 1447 καὶ
1062 1395 1205 1456 ,τοὺς
1234 1397 1584 1465 συκοφάντας
1614 1395 1942 1465 προφάσεως

365 1478 432 1530 οὐ
461 1479 562 1551 τῆς
591 1482 866 1553 τυχούσης
895 1483 1225 1555 εὐπορῆσαι,
1255 1485 1332 1548 ὡς
1392 1487 1492 1557 ἠδη
1552 1488 1732 1540 πᾶσαν
1771 1485 1942 1555 αὐτῆς

365 1572 740 1643 πρειλόμεθα
777 1575 1089 1630 διαϐάλλειν
1115 1580 1214 1647 τὴν
1272 1580 1473 1651 ἀρχὴν,
1507 1580 1600 1633 καὶ
1643 1579 1763 1633 κατ’
1785 1577 1938 1642 ἐξου-

367 1663 494 1719 σίαν
541 1667 638 1720 καὶ
667 1667 738 1720 τὰ
781 1670 1014 1737 μέγιστα
1061 1670 1391 1739 διοικοῦμεν,
1423 1671 1558 1740 μηδέ
1618 1671 1778 1740 λόγου
1809 1669 1939 1738 γοῦν

362 1755 540 1826 αὐτήν
590 1773 738 1822 τινος
787 1759 1090 1826 ἀξιοῦντες.
1125 1764 1190 1816 Ἀ
1225 1763 1310 1831 δὴ,
1366 1762 1480 1816 οὔτ’
1526 1763 1648 1833 ἐμοὶ
1697 1764 1934 1833 πρῶτον,

2048 581 2109 626 ut
2139 573 2183 626 si
2211 572 2280 626 ab
2320 571 2440 641 ipso
2481 570 2850 634 dimittantur,
2910 584 3018 623 non
3073 569 3277 640 aliquid
3331 570 3618 626 turbarum

2049 665 2366 734 imperatrix
2390 671 2684 732 expertura
2721 662 2811 718 sit.
2843 660 3167 730 Oportuisse
3197 662 3352 730 prius
3411 677 3472 715 ea
3507 663 3622 730 pla-

2045 766 2166 810 cata
2193 755 2406 808 veniam
2465 755 2596 823 ipsis
2623 754 2764 818 dari,
2823 762 2878 807 et
2903 753 2985 807 sic
3042 751 3264 806 demum
3319 767 3349 805 e
3399 768 3621 808 carcere

2045 849 2230 904 educi.
2255 847 2415 920 405
2442 847 2598 902 Nunc
2628 846 2673 900 si
2707 847 2814 900 hoc
2845 861 2945 898 nos
2975 846 3113 900 citra
3157 846 3277 915 ejus
3301 849 3618 898 mandatum

2046 942 2332 1002 faciamus,
2363 941 2565 1010 inquit,
2587 939 2870 1010 probabile
2895 947 2980 992 est
3012 945 3067 992 et
3098 937 3246 991 illam
3291 936 3373 990 ita
3404 937 3622 990 ratioci-

2046 1043 2322 1096 naturam,
2355 1041 2407 1086 et
2435 1033 2806 1102 schphantas
2837 1031 3092 1085 idoneam
3122 1029 3468 1083 occasionem
3522 1043 3620 1080 na-

2047 1139 2185 1190 ctos,
2215 1127 2546 1180 calumniam
2578 1133 2953 1186 contexturos.
2980 1123 3134 1194 quasi
3164 1123 3274 1192 jam
3327 1133 3489 1175 onme
3519 1120 3620 1172 int-

2045 1219 2257 1289 perium
2287 1218 2336 1272 ei
2367 1217 2757 1282 ademerimus,
2778 1219 2906 1270 dum
2955 1216 3189 1269 maxima
3215 1229 3312 1284 per
3338 1213 3616 1268 licentiam

2044 1311 2415 1373 decernimus,
2444 1319 2631 1363 etnec
2682 1309 2850 1364 verbo
2896 1325 3007 1362 uno
3070 1309 3244 1378 ipsam
3300 1305 3614 1374 dignantur.

2044 1401 2199 1470 Quod
2241 1418 2343 1456 nec
2383 1401 2514 1455 mihi
2559 1417 2662 1456 nee
2695 1403 2801 1455 illis
2827 1401 3172 1469 profuturum
3235 1398 3514 1454 existimo.
3537 1396 3616 1449 Ad

2043 1509 2216 1548 annos
2247 1492 2411 1560 igitur
2435 1491 2634 1558 quibus
2666 1492 2718 1543 in
2751 1506 2969 1544 carcere
3009 1496 3158 1553 sunt,
3221 1487 3402 1539 adhuc
3440 1485 3612 1538 breve

2043 1594 2261 1652 tempus
2286 1598 2598 1652 quanquam
2626 1582 2876 1635 dolentes
2937 1581 3258 1650 perdurent,
3295 1579 3472 1670 donec
3525 1576 3614 1630 did

2041 1675 2171 1730 vino
2203 1689 2432 1728 munere
2459 1673 2528 1727 ab
2552 1673 2900 1742 expeditione
2929 1673 3166 1726 rediero.
3195 1672 3336 1724 Tum
3366 1671 3481 1737 ipse
3512 1670 3616 1723 in.-

2041 1766 2370 1836 peratricem
2405 1781 2594 1818 eorum
2625 1765 2846 1818 nomine
2877 1764 3360 1832 precatus,etiam,
3396 1761 3440 1814 si
3473 1775 3616 1826 opus

365 1844 484 1899 οῦτ⁹
503 1848 734 1914 ἐκείνοις
761 1851 946 1922 οἴομαι
969 1854 1298 1916 λυσιτελεῖν,
1363 1855 1500 1908 ἀλλά
1521 1856 1637 1908 δέον
1662 1855 1797 1924 πρὸς
1825 1857 1936 1916 τοῖς

2043 1859 2171 1923 erit,
2205 1868 2470 1927 concepto
2505 1857 2819 1912 vadimonio
2852 1858 2917 1909 de
2949 1855 3195 1910 custodia
3219 1853 3373 1907 exire
3397 1851 3615 1917 faciam,

363 1937 544 1992 ἐτεσιν
572 1934 653 2004 οἷς
673 1942 972 2012 εἴργονται,
996 1947 1087 1998 καὶ
1104 1945 1286 2014 ὀλίγον
1309 1947 1430 1999 τινὰ
1452 1947 1640 2016 χρόνον
1658 1947 1944 2015 διακαρτε-

362 2027 528 2100 ρῆσαι
545 2031 636 2084 καί
653 2049 755 2101 περ
773 2035 1122 2106 ἀνιωμένους,
1140 2037 1298 2109 ἄχρις
1309 2037 1374 2091 ἀν
1391 2035 1522 2090 Θεοῦ
1535 2037 1761 2100 διδόντος
1776 2039 1915 2090 ἐπκν

361 2121 481 2191 ήξω
513 2121 613 2192 τῆς
634 2130 946 2196 στρατείας.
967 2127 1100 2182 Τότε
1129 2129 1184 2182 δὲ
1206 2129 1304 2200 τῆς
1325 2129 1592 2200 βασιλίδος
1616 2129 1827 2200 δεηθεὶς
1843 2131 1940 2182 σῦ-

368 2213 463 2276 τύς
483 2213 624 2285 ὑπὲρ
655 2217 901 2285 ἐκείνων,
939 2221 1034 2274 καὶ
1063 2222 1111 2274 εί
1142 2222 1363 2276 δέοικαὶ
1383 2221 1587 2292 ἐγγύας
1605 2222 1927 2291 παρασχὼν.

363 2305 466 2358 τοῦ
509 2323 570 2359 τι
603 2307 986 2382 δεσμωτηρίου
1055 2316 1466 2385 παρασκευάσω
1520 2314 1776 2380 ἐξελθεῖν,
1837 2315 1933 2367 καὶ

368 2398 509 2467 πρὸς
537 2399 638 2469 τὴν
673 2403 909 2472 ἀρχαίαν
942 2405 1292 2475 εὐδαιμονίαν
1337 2406 1675 2477 πειράσομαι
1729 2407 1937 2460 ἐπανά·

364 2504 509 2556 γειν.
534 2491 675 2547 Νυνὶ
721 2495 778 2548 δὲ
820 2497 922 2566 τῆς
971 2501 1233 2568 στρατιᾶς
1266 2499 1368 2570 ήδη
1403 2499 1936 2568 παρεσκευασμένης

359 2580 534 2652 οὔσης
573 2586 712 2654 πρὸς
736 2586 836 2658 τὴν
868 2588 1066 2655 ἔξοδον,
1095 2591 1157 2642 οὐ
1193 2590 1357 2660 σχολὴ
1388 2592 1519 2660 περὶ
1549 2590 1778 2644 τοιαῦτα
1817 2589 1933 2642 δια-

357 2675 575 2744 τρίσειν
611 2681 806 2751 χρόνου
829 2682 1059 2749 δεόμενα
1092 2687 1228 2753 πρὸς
1261 2684 1360 2752 τὴν
1393 2685 1764 2754 κατασκευήν.
1795 2682 1936 2734 ’Λλλ’

360 2766 698 2835 ἐπειγόντων
733 2772 841 2824 τῶν
872 2773 1238 2841 πραγμάτων,
1272 2772 1368 2826 νῦν
1413 2775 1511 2843 μέν
1534 2777 1670 2827 κατά
1701 2774 1935 2840 πάροδον

358 2855 553 2929 ὥσπερ
585 2863 968 2934 καὶπρότερον
1028 2865 1287 2928 πολλάκις
1346 2865 1481 2936 πρὸς
1509 2866 1707 2928 αὐτοὺς
1750 2882 1934 2934 παραυ

2033 2139 2340 2202 exercitus,

2036 2239 2092 2283 ut
2125 2230 2253 2282 (iant
2274 2238 2520 2298 tempore
2549 2227 2795 2296 indigent
2819 2224 2942 2279 .Sed
2971 2225 3099 2292 quia
3127 2223 3406 2291 negotium
3437 2227 3615 2288 urget,

2039 1959 2096 2005 et
2131 1951 2184 2003 in
2226 1959 2473 2003 veterem
2503 1965 2599 2003 eos
2627 1948 2951 2017 dignitatem
3007 1947 3396 2013 fortunamque
3453 1959 3619 1997 cona-

2037 2043 2138 2097 bor
2170 2057 2438 2096 asserere.
2477 2043 2635 2096 Nunc
2667 2042 2925 2110 quoniam
2961 2039 3024 2092 ad
3093 2039 3196 2092 iter
3257 2046 3482 2106 paratus
3533 2045 3619 2089 est

2408 2137 2494 2191 his
2539 2134 2866 2189 immorandi
2939 2148 3047 2186 non
3093 2139 3192 2186 “est
3249 2130 3617 2196 otium:qua:

2039 2336 2186 2374 nunc
2212 2322 2264 2373 in
2288 2319 2538 2384 transitu,
2562 2327 2620 2372 ut
2641 2319 2773 2372 alias
2791 2331 2954 2386 saepe,
2976 2315 3121 2385 ipsos
3140 2314 3324 2380 adibo,
3345 2323 3445 2368 nec
3475 2327 3616 2382 prae-

2043 2412 2217 2464 sentia
2239 2411 2415 2464 solum
2452 2425 2568 2463 mca
2605 2408 2952 2471 consolabor,
3009 2415 3063 2461 et
3096 2407 3406 2460 necessitati
3435 2421 3618 2460 rermu

2041 2499 2327 2554 consulam
2353 2539 2368 2564 ,
2405 2514 2592 2553 verum
2623 2498 2796 2559 etiam
2835 2498 2955 2551 lmta
2992 2511 3088 2565 spe
3125 2497 3364 2565 iu‘plebo
3388 2535 3403 2560 ,
3433 2511 3623 2551 vincti-

2038 2590 2219 2643 lorum
2250 2590 2580 2643 solutionem
2609 2589 2872 2643 allirmale
2921 2589 3270 2658 promittens.
3306 2586 3462 2653 Quod
3495 2589 3617 2658 qui-

2039 2683 2161 2737 dem
2182 2682 2290 2737 illis
2315 2682 2418 2737 boc
2440 2683 2788 2737 intervallum
2813 2681 3150 2736 tolerabilius
3172 2695 3336 2750 quam
3365 2680 3517 2750 prius
3531 2683 3619 2734 vel

2039 2776 2206 2827 unius
2237 2774 2343 2826 diei
2375 2779 2610 2843 spatium
2640 2773 2854 2827 reddet.
2893 2771 2989 2825 llis
3015 2771 3302 2842 promissis
3324 2781 3619 2827 contentus

2041 2869 2268 2931 Asanes,
2301 2865 2505 2934 gratias
2527 2865 2777 2934 ingentes
2814 2867 2946 2934 egit.

364 2957 676 3025 γενόμενος,
743 2961 804 3012 οὐ
867 2963 1337 3033 παραμυθήσομαι
1387 2964 1547 3029 μόνον
1585 2961 1674 3013 διὰ
1727 2960 1826 3028 τὴν
1864 2958 2178 3029 ἐπιδημίαν,
2216 2957 2310 3012 καὶ
2353 2959 2610 3029 προνοίας
2647 2957 2864 3023 ἀξιώσω
2927 2945 3026 3030 τῆς
3065 2958 3309 3028 δεούσης,
3343 2957 3481 3012 ἀλλά
3524 2957 3622 3010 και

360 3053 744 3122 χρηστοτέρων
794 3054 1060 3125 ἐμπλήσω
1089 3056 1194 3108 τῶν
1225 3055 1474 3119 ἐλπίδων,
1503 3057 1599 3126 τὴν
1657 3055 1968 3124 ἐλευθερίαν
1995 3053 2102 3108 τῶν
2152 3053 2368 3124 δεσμῶν
2425 3053 2896 3124 ἐπαγγειλάμενος
2961 3033 3332 3123 βεὸαίω;.’¹¹0
3389 3053 3485 3106 καὶ
3523 3051 3618 3104 τύν

365 3144 573 3208 μεταξύ
611 3145 802 3215 χρόνον
829 3148 1013 3209 αὐτοῖς
1037 3149 1412 3220 ἀνεκτότερον,
1451 3149 1483 3220 ἢ
1553 3149 1820 3218 πρότερον
1846 3149 2062 3219 ἡμέρας
2106 3150 2328 3218 ποιήσει
2378 3147 2653 3217 διάστημα
2727 3149 2879 3216 μιᾶς.
2918 3146 2977 3200 Ὀ
3042 3147 3144 3218 μὲν
3190 3141 3284 3200 οῦν
3335 3147 3528 3214 ἠγάπα
3552 3163 3612 3199 τε

358 3237 483 3300 ταῖς
529 3238 909 3308 ἐπαγγελίαις,
950 3245 1045 3295 καὶ
1108 3243 1341 3316 χάριτας
1371 3244 1489 3315 ᾔδει
1534 3244 1733 3307 πολλὰς
1775 3244 1913 3311 ὑπὲρ
1953 3245 2152 3298 αὐτῦν.

1761 3353 1986 3410 CAPUT
2025 3353 2216 3410 XVIII.

361 3443 565 3532 Eodem
593 3447 950 3532 blandimento
975 3453 1608 3532 AndronieunrAsauem,
1648 3453 1920 3532 domestici
1947 3470 2215 3532 socerum,
2249 3461 2418 3532 tanta!
2446 3455 2819 3532 Apoc-auritus,
2839 3473 3058 3527 cumque
3087 3457 3335 3510 adversus
3365 3471 3618 3524 generum

430 3522 612 3597 irritat
642 3522 764 3597 suis
783 3525 1088 3597 mendaciis,
1120 3525 1244 3597 dum
1275 3522 1411 3589 ﬁlios
1442 3523 1554 3591 ejus
1583 3540 1762 3597 revera
1798 3522 1936 3597 nolle
1965 3540 1991 3577 e
2016 3526 2250 3597 custodia
2280 3522 2504 3597 liberare
2527 3525 2704 3597 ﬁngit,
2751 3545 2868 3580 cum
2913 3522 3087 3580 tanien
3139 3528 3331 3597 possit;
3361 3522 3409 3578 et
3440 3527 3612 3596 ipsum

432 3591 666 3670 A-saucnt
696 3591 764 3642 ad
785 3591 995 3670 imperii
1020 3595 1316 3670 cupidinem
1352 3592 1841 3670 castiuutlal,_quod
1873 3595 2372 3670 etiam_patria_rcha:
2400 3591 2644 3664 faciebai.
2677 3596 2878 3650 Suudet
2909 3598 3031 3649 item
3068 3591 3535 3666 ut'imperatricem
3561 3597 3615 3648 in

432 3658 774 3741 domestic-um
809 3658 1068 3741 efﬁceret
1086 3658 1164 3741 ἐι.
1183 3665 1388 3730 imperii
1421 3679 1511 3741 spe
1559 3658 1820 3716 hominem
1869 3658 2146 3718 demulcet.
2196 3658 2426 3736 Operam
2472 3683 2622 3722 suam
2652 3669 2894 3737 spondet.
2954 3658 3302 3722 Veritatis'ct
3359 3668 3618 3720 mendacii

433 3730 642 3782 nullum
669 3731 970 3799 faciendum
1007 3733 1306 3797 discrimen,
1333 3730 1471 3802 quod
1503 3741 1552 3785 et
1585 3743 1741 3786 antea
1769 3743 2069 3787 monuerat.

433 3850 946 3919 Παρακοιμὼμενος
978 3849 1036 3902 δὲ
1069 3851 1420 3920 αἰσθόμενος,
1458 3846 1570 3914 οἷος
1603 3846 1673 3916 ἦν
1721 3854 1934 3913 ἐκεῖνος

2111 3852 2365 3908 Οιιὺτουιί
2403 3853 2696 3923 praefectus
2725 3836 2865 3910 cum.
2902 3855 3021 3911 bace
3065 3854 3427 3910 intellexisset
3464 3855 3620 3922 '(erat

365 3939 438 3994 τά
467 3939 699 3992 τοιαῦτα
731 3941 978 4011 ερευνᾷν,
1021 3943 1117 3994 καὶ
1157 3941 1473 4008 προσελθὼν
1490 3941 1716 4012 Ἀσάνῃ,
1746 3941 1939 4010 πρῶτα

371 4031 474 4101 μὶν
529 4031 779 4086 δουλείαν
829 4032 1066 4102 ἀρχαίαν
1118 4032 1386 4102 ὡμολόγει
1410 4072 1428 4097 ,
1491 4031 1589 4085 καὶ
1645 4029 1782 4099 μηδέ
1839 4029 1938 4100 τὴν

364 4125 541 4195 τύχην
584 4127 642 4178 ἐν
769 4125 1076 4193 καθέστηκε
1146 4124 1268 4178 νυνὶ
1324 4123 1428 4192 τῆς
1472 4124 1604 4193 πρὶν
1661 4121 1940 4182 εὐτελείας

366 4216 721 4286 ἐπιλελῆσθαι
755 4221 942 4270 πεῖσαι
968 4217 1361 4282 διεϐεβαιοῦτο,
1383 4215 1500 4270 ἀλλ’
1529 4214 1703 4278 οὕτως
1727 4214 1937 4268 οἴεσθαι

365 4311 533 4363 αὐτὸν
593 4305 680 4363 οἷα
737 4311 802 4381 δὴ
836 4313 931 4364 ἕνα
983 4310 1095 4364 τῶν
1119 4311 1334 4364 ἐκείνου
1384 4308 1622 4362 οἰκετῶν
1652 4323 1668 4338 ο
1702 4309 1799 4360 καὶ
1837 4307 1939 4378 τὴν

368 4403 756 4472 προσήκουσαν
793 4403 1010 4456 εῦνοιαν
1037 4402 1233 4471 ἀγαθῷ
1266 4401 1508 4473 δεσπότῃ
1541 4400 1695 4469 παρὰ
1734 4398 1938 4452 δούλων

363 4495 588 4564 ιτοιμον
633 4491 776 4550 εἶναι
827 4496 1024 4566 καιροῦ
1069 4493 1365 4559 καλοῦντος
1413 4493 1802 4566 παρασχέσθαι
1841 4491 1940 4544 καὶ

363 4589 559 4650 αὐτὸν,
593 4593 688 4642 καὶ
719 4589 900 4642 πάντα
928 4590 1194 4658 πράττειν
1229 4586 1370 4657 ὑπὲρ
1393 4584 1560 4638 αὐτοῦ
1591 4597 1652 4636 τε
1695 4583 1794 4636 καὶ
1829 4581 1938 4634 τῶν

367 4681 601 4746 παίδων,
634 4684 681 4734 εί
719 4682 829 4735 δέοι
863 4683 958 4735 καὶ
993 4684 1117 4743 ταῖς
1154 4679 1412 4749 ἐσχάταις
1467 4677 1664 4746 τύχαις
1715 4673 1942 4745 περιπίο

366 4792 546 4828 πτειν.
584 4777 650 4827 Ὃ
682 4775 776 4827 καὶ
801 4776 921 4827 νυνὶ
967 4775 1444 4844 παρεσκευακέναι
1491 4768 1730 4840 μάλιστα
1783 4768 1939 4838 ἥκειν

371 4866 505 4932 παρ’
559 4867 742 4932 αὐτὸν,
805 4867 922 4936 ἅμα
976 4865 1075 4935 μὲν
1116 4865 1153 4918 ἀ
1203 4864 1504 4917 λυσιτελεῖν
1553 4862 1701 4931 αὑτῷ
1742 4877 1803 4913 τε
1843 4863 1940 4914 καὶ

373 4961 534 5012 παισὶ
565 4959 778 5028 νομίζει
833 4959 1256 5029 παραινέσοντα,
1321 4956 1439 5026 ἅμα
1482 4956 1528 5009 δ’
1563 4954 1616 5007 εί
1668 4970 1720 5008 τι
1766 4953 1941 5006 δέοιτο

368 5054 512 5122 πρὸς
548 5055 609 5104 τὸ
627 5055 788 5124 ἔργον
813 5055 905 5105 κα)⁸
937 5051 1129 5116 αὑτοῦ,
1155 5051 1237 5102 ὅτι
1269 5047 1664 5122 προθυμότατα
1694 5064 1942 5116 συναγω-

374 5146 564 5199 euitat
616 5147 716 5200 Ital.
744 5145 1018 5214 χρήμασι,
1058 5145 1150 5195 καὶ
1199 5141 1443 5203 οἰκέταις
1483 5140 1581 5194 καὶ
1638 5141 1804 5192 πᾶσιν
1855 5132 1936 5202 οἷς

369 5241 487 5308 ἔχει
549 5237 917 5302 ἐκδιδάξοντα.
987 5237 1108 5292 τῶν
1175 5239 1287 5308 γάρ
1344 5234 1510 5290 αὐτοῦ
1565 5232 1776 5288 παίδων
1831 5231 1940 5284 ὑπὸ

369 5329 637 5400 βασιλέως
695 5329 866 5402 ἀδίκῳ
911 5329 1108 5402 γνώμῃ
1168 5329 1263 5382 καὶ
1313 5326 1550 5396 φθονερᾷ
1606 5323 1776 5376 πολὺν
1834 5320 1936 5391 ἤδη

371 5421 560 5489 χρόνον
620 5423 680 5474 ἐν
739 5423 954 5492 φρουρᾷ
1021 5419 1428 5491 κατεχομένων,
1485 5417 1626 5470 πάνυ
1684 5414 1785 5486 μὲν
1843 5412 1938 5465 καὶ⁹

371 5513 534 5566 αὐτὸν
560 5513 891 5584 ὑπεραλγεῖν
921 5513 1125 5576 αὐτῶν,
1154 5515 1214 5566 οὐ
1252 5513 1412 5582 μόνον
1463 5510 1628 5564 ἄδικα
1653 5509 1750 5561 καὶ
1781 5505 1937 5576 βίαια

376 5603 714 5674 πασχόντων,
747 5606 883 5660 ἀλλά
937 5609 1033 5660 καὶ
1073 5606 1161 5658 διὰ
1200 5605 1296 5674 τὴν
1330 5603 1565 5674 ἀρχαίαν
1597 5599 1834 5662 εὔνοιαν,
1871 5593 1939 5669 ἢν

372 5695 610 5759 ἐκείνοις
671 5697 929 5764 ὀφείλειν,
986 5697 1083 5752 καὶ
1132 5697 1216 5748 σοὶ
1279 5697 1354 5767 τῷ
1409 5695 1603 5764 πατρὶ,
1655 5692 1822 5764 μηδὲν
1875 5692 1933 5746 δέ

375 5781 596 5854 βοηθλν
659 5788 878 5856 ἔχοντα,
929 5789 1172 5859 στέργειν
1224 5787 1324 5858 τὴν
1382 5785 1676 5859 ἀνάγκηνο·
1717 5786 1837 5840 νυνὶ
1879 5785 1937 5837 δέ

2042 3947 2189 4001 enim
2224 3947 2278 4000 in
2306 3947 2390 3999 bis
2421 3947 2745 4016 indagandis
2790 3948 3043 4016 impiger)
3075 3961 3201 4002 eum
3229 3947 3409 4001 Asane
3475 3961 3611 4001 con-

2041 4037 2309 4105 greditur.
2353 4036 2596 4089 Primum
2621 4034 2843 4103 quidem
2874 4050 2932 4089 se
2966 4035 3094 4088 olim
3129 4028 3246 4104 ejus
3291 4033 3464 4089 fuisse
3509 4048 3617 4089 ser-

2040 4144 2170 4182 vum
2218 4123 2517 4181 conﬁtetur
2552 4166 2568 4190 ,
2622 4141 2724 4181 nec
2787 4126 3065 4182 fortunam
3105 4136 3429 4194 praesentem
3473 4127 3620 4196 abje-

2044 4219 2248 4276 etionis
2275 4235 2387 4274 sua:
2416 4217 2621 4287 prioris
2645 4217 2968 4272 memoriam
3011 4217 3117 4272 sibi
3150 4216 3440 4272 abstulisse
3462 4233 3617 4273 assc-

2040 4322 2217 4379 verat,
2248 4311 2342 4368 sed
2379 4326 2554 4366 semet
2576 4325 2866 4366 numerare
2903 4309 2957 4364 in
2979 4306 3201 4364 famulis
3241 4311 3402 4379 ejus:
3463 4327 3614 4381 quaa-

2042 4422 2149 4476 que
2167 4407 2270 4476 par
2291 4413 2376 4460 est
2398 4404 2543 4459 bono
2567 4403 2794 4458 domino
2819 4416 3020 4456 aservo
3045 4411 3233 4471 parata
3258 4417 3380 4456 esse
3410 4403 3618 4467 studia,

2040 4500 2233 4554 eadem
2267 4511 2325 4553 se
2351 4497 2451 4562 illi,
2487 4497 2533 4551 si
2559 4509 2646 4550 res
2676 4495 2940 4564 exegerit,
2981 4491 3383 4563 praestitutum,
3435 4492 3616 4548 factu-

2041 4607 2275 4658 rumque
2302 4605 2403 4660 pro
2428 4590 2554 4660 ipso
2594 4598 2650 4643 et
2681 4587 2805 4643 filiis
2842 4587 2965 4657 ejus
2994 4585 3204 4650 omnia,
3252 4585 3506 4654 quamvis
3560 4599 3620 4639 se

2041 4684 2251 4741 idcirco
2268 4683 2336 4738 ad
2360 4689 2661 4738 extremam
2687 4679 2962 4734 miseriam
3022 4677 3427 4732 devolvendum
3458 4678 3622 4732 sciat.
3656 4705 3664 4712 -

2040 4777 2157 4845 Qua
2184 4776 2418 4831 maxime
2442 4774 2510 4830 de
2538 4788 2702 4830 causa
2728 4781 2783 4827 et
2820 4785 2966 4826 nunc
2997 4770 3064 4826 ad
3096 4787 3223 4826 eum
3280 4771 3518 4836 venerit,
3547 4771 3624 4824 si-

2042 4868 2154 4924 mul
2183 4879 2241 4922 ut
2271 4882 2394 4938 qua:
2425 4866 2528 4936 ipsi
2555 4863 2854 4934 liberisque
2913 4865 3034 4936 ejus
3081 4864 3391 4919 conducere
3443 4871 3628 4933 putet,

2041 4962 2354 5024 admoneat,
2393 4959 2558 5014 simul
2595 4968 2652 5013 ut
2683 4958 2727 5012 si
2753 4959 2883 5028 quid
2908 4972 3074 5026 opera
3096 4972 3194 5011 sua
3225 4955 3292 5010 ad
3319 4954 3622 5026 opusiudi-

2043 5064 2188 5126 geat,
2229 5053 2638 5125 promptissime
2671 5062 2726 5105 et
2751 5049 3022 5121 pecuniis,
3051 5057 3106 5100 et
3134 5048 3376 5125 fantuJis,
3413 5055 3468 5099 et
3491 5047 3621 5114 qui-

2046 5149 2150 5202 bus
2161 5147 2364 5219 poterit
2383 5144 2635 5209 rebus,ei
2657 5159 2716 5198 se
2736 5144 3055 5197 adfuturum
3073 5139 3287 5219 doceat.
3308 5139 3441 5192 Nam
3466 5137 3620 5207 quod

2047 5241 2147 5314 lilii
2175 5241 2292 5311 ejus
2323 5254 2421 5309 per
2447 5236 2772 5307 iniustitiam
3005 5231 3344 5288 eti-nvidiam
3381 5233 3624 5299 impera-

2045 5331 2182 5387 toris
2217 5343 2297 5386 tot
2317 5331 2431 5400 jam
2458 5329 2616 5382 anuis
2647 5341 2870 5382 carcere
2891 5327 3061 5381 clausi
3092 5328 3384 5380 teneantur
3403 5365 3416 5387 ,
3441 5325 3624 5378 incre-

2053 5418 2297 5475 dibiliter
2337 5432 2395 5471 se
2424 5415 2682 5480 cruciari,
2703 5429 2811 5467 non
2838 5413 3001 5468 modo
3025 5414 3152 5482 quia
3201 5413 3384 5480 inique
3415 5423 3471 5466 et
3498 5409 3626 5465 dire

2049 5508 2401 5571 adﬂictentur,
2424 5505 2521 5560 sed
2542 5513 2599 5560 et
2622 5515 2844 5574 propter
2867 5514 3131 5569 veterem,
3155 5518 3315 5572 quam
3349 5501 3500 5569 ipsis,
3523 5517 3624 5555 eo-

2051 5614 2286 5667 rumque
2319 5595 2532 5668 parenti
2566 5609 2809 5650 amorem
2839 5595 3056 5649 debeat.
3081 5594 3215 5649 Cum
3248 5604 3428 5646 autem
3459 5608 3622 5663 opem

2047 5690 2192 5745 ferre
2225 5690 2432 5744 nullam
2463 5697 2652 5758 queat,
2679 5689 3063 5742 necessitatem
3115 5687 3240 5740 boni
3309 5688 3622 5741 consulere.

2045 5781 2319 5838 Caeterum
2368 5782 2493 5852 quia
2524 5796 2672 5836 nunc
2701 5779 2767 5834 ad
2801 5796 2897 5835 eos
2926 5796 2956 5836 e
3018 5780 3250 5836 vinculis
3301 5781 3624 5837 eximench
