4096 6300
556 394 564 399 ·
579 379 689 444 803

1739 362 2061 429 JOANNIS
2099 357 2626 419 CANTACUZENI

3707 356 3799 420 804

575 501 797 561 tempus
871 488 1016 544 adsit
1045 485 1597 559 opperttmissimum,
1633 452 1697 538 se
1742 482 2022 535 hortatum
2061 491 2150 530 ac.

2260 473 2395 542 ιερῶν
2425 474 2516 523 τὸν
2550 471 2982 542 ἐπιτηδειότατον
3010 471 3218 541 ἥκοντα
3249 468 3441 539 καιρὸν
3472 466 3573 534 τῆς
3602 467 3796 523 ἐκείνων

577 584 831 646 cessisse,
854 594 925 636 ne
949 580 1004 636 id
1031 581 1100 636 de
1129 578 1384 635 manibus
1422 576 1562 632 elabi
1607 575 1772 631 sinat.
1825 569 2064 626 Tametsi
2116 582 2148 623 e

578 673 828 745 Selybria
877 671 1117 735 rediens,
1153 669 1354 738 inquit,
1392 667 1574 723 audivi
1630 675 1682 720 te
1729 662 1909 733 magni
1956 660 2150 715 dome-

579 767 702 821 stici
741 778 1000 833 generum
1034 762 1223 816 multis
1263 762 1433 814 etiam
1475 758 1730 828 precibus
1763 770 1874 808 non
1906 752 2145 809 ﬂexisse.

579 858 684 923 Qui
715 857 808 911 ubi
859 841 932 910 te.
972 854 1122 909 inani
1175 868 1269 922 spe
1327 851 1547 930 jactavit
1587 865 1651 904 ac
1704 848 1925 908 delusit.
1976 845 2147 908 abiit,

579 949 734 1017 quasi
773 962 898 1001 cum
929 961 994 999 ex
1018 945 1315 1001 Occidente
1341 941 1636 1000 revenerit.
1669 955 1764 994 eos
1795 938 2147 993 dimissurus.

582 1040 733 1093 llanc
760 1051 892 1104 vero
951 1036 995 1089 si
1057 1050 1164 1088 non
1215 1030 1674 1087 animadverteris
1702 1044 1821 1083 esse
1855 1026 2145 1087 fallaciam,

578 1128 713 1181 satis
738 1125 923 1179 mirari
958 1138 1069 1177 non
1124 1137 1368 1191 possum.
1405 1121 1593 1190 Neque
1626 1120 1772 1173 enim
1808 1116 2146 1185 imperatore

576 1220 756 1272 adhuc
785 1220 1025 1285 spirante
1055 1217 1239 1270 uxoris
1270 1229 1381 1269 sua!
1408 1213 1606 1266 fratres
1636 1209 1922 1265 absolvere
1959 1207 2148 1260 vincu-

575 1310 644 1363 lis
674 1323 780 1361 non
815 1315 1050 1375 poterat,
1078 1307 1122 1359 si
1164 1304 1328 1360 modo
1356 1304 1589 1375 justitia‘.
1647 1317 1712 1356 ac
1748 1315 1994 1369 personat
2038 1296 2149 1354 sua!

580 1398 843 1451 rationem
875 1397 1077 1449 ducere
1112 1394 1375 1447 voluisset
1402 1432 1418 1456 ,
1445 1404 1567 1444 cum
1598 1385 1865 1459 potestate
1914 1387 2150 1452 impera-

580 1487 719 1538 toria
752 1474 1014 1553 polleret;
1044 1481 1208 1536 hodie
1235 1495 1365 1534 vero
1422 1478 1497 1547 (id
1558 1475 1701 1545 quod
1755 1489 1855 1530 nec
1894 1483 1945 1528 te
1998 1473 2148 1531 latet)

576 1593 689 1631 non
722 1576 848 1630 talia
880 1575 1079 1635 solum,
1112 1576 1210 1626 sed
1250 1571 1427 1625 multo
1461 1584 1681 1638 quoque
1716 1566 1919 1636 majora
1949 1571 2148 1633 potest,

581 1667 800 1734 quando
860 1667 996 1735 gesti
1057 1662 1273 1731 imperii
1334 1661 1601 1714 rationem
1649 1673 1754 1711 non
1817 1653 2147 1724 reposcitur,

580 1770 637 1813 et
667 1759 831 1811 habet
856 1772 975 1826 qua:
1002 1756 1117 1808 vult
1170 1752 1445 1807 statuendi
1494 1749 1881 1805 auctoritatem
1929 1746 2145 1815 plenam

583 1860 747 1917 atque
782 1821 1037 1901 liberam.
1070 1844 1214 1910 Quin
1250 1843 1341 1897 ille
1368 1851 1477 1894 tum
1513 1855 1732 1910 quoque
1760 1840 2149 1907 imperatorem
2188 1821 2225 1874 Β

582 1940 825 2009 impulit,
863 1946 922 1992 ut
951 1938 1005 1991 in
1035 1936 1252 1989 vincula
1278 1933 1645 1997 traderentur,
1675 1946 1795 1985 cum
1819 1944 2009 1984 eorum
2043 1928 2154 1981 vir-

584 2031 687 2085 tuti
718 2029 1134 2100 prudentiteque
1185 2024 1477 2089 invideret,
1506 2038 1569 2077 ac
1596 2037 1665 2076 ne
1694 2020 1947 2076 claritate
1978 2017 2156 2072 nomi—

583 2120 671 2173 nis
730 2118 799 2173 ab
844 2118 930 2172 his
989 2124 1365 2186 superaretur,
1414 2119 1708 2167 metueret.
1764 2110 1922 2165 Nunc
1983 2108 2157 2162 nihilo

585 2210 765 2265 minus
812 2206 989 2277 quoad
1018 2208 1279 2271 vixerint,
1311 2206 1365 2259 in
1414 2204 1670 2259 custodia
1704 2217 1799 2257 eos
1843 2200 2157 2269 relinquere

582 2299 851 2354 decrevit.
888 2296 1011 2351 llaec
1050 2312 1159 2349 non
1212 2311 1278 2350 ex
1332 2294 1677 2363 conjectura,
1729 2290 1823 2345 sed
1885 2304 1952 2343 ex
2008 2296 2156 2341 certa

584 2390 813 2444 scientia
840 2404 874 2441 a
902 2403 985 2442 me
1016 2388 1296 2442 dicuntur.
1323 2384 1476 2439 Nosti
1494 2397 1728 2452 namque
1755 2395 1861 2451 quo
1884 2381 2002 2434 loco
2015 2378 2158 2448 apud

590 2482 744 2535 illum
798 2479 1018 2544 fuerim,
1068 2480 1343 2549 quomodo
1377 2478 1507 2531 item
1534 2490 1727 2529 arcana
1754 2489 1850 2529 sua
1880 2472 2013 2526 mihi
2041 2486 2159 2526 ere-

587 2573 716 2626 dere
745 2574 940 2627 solitus
979 2572 1093 2638 sit;
1142 2585 1304 2640 quem
1337 2569 1601 2623 honorem
1640 2567 1751 2637 jam
1778 2565 1945 2620 vestri
1973 2562 2159 2619 studio

585 2662 916 2731 contempsi.
970 2660 1227 2717 Omnium
1285 2660 1405 2730 ejus
1453 2668 1793 2713 secretorum
1845 2655 1900 2709 in
1967 2653 2160 2724 primis

588 2753 847 2807 conscius
876 2767 1019 2807 sum.
1080 2752 1259 2818 Quare
1308 2768 1414 2805 non
1452 2749 1588 2805 mihi
1637 2745 1959 2818 deneganda
1997 2745 2157 2808 ﬁdes,

588 2841 684 2897 sed
717 2857 843 2897 mox
875 2842 1005 2897 dum
1058 2851 1274 2912 tempus
1310 2841 1464 2906 sinit,
1524 2838 1857 2895 conferenda
1911 2836 2158 2897 consilia,

589 2949 699 2986 non
742 2942 951 2987 tantum
980 2935 1258 3001 quomodo
1304 2931 1399 2986 ﬁlii
1454 2926 1701 2987 aerumna
1735 2929 2011 2991 leventur,
2064 2926 2157 2980 sed

590 3018 775 3090 etiam,
811 3025 1087 3093 quomodo
1115 3022 1405 3094 imperium
1442 3022 1542 3078 tibi
1578 3036 1693 3093 pra:
1732 3012 1990 3075 omnibus
2044 3034 2159 3073 ma-

594 3115 739 3170 xime
780 3116 1057 3185 aptum‘et
1107 3115 1439 3170 conveniens
1475 3114 1745 3185 acquiras.
1791 3112 1946 3180 Quod
2001 3108 2160 3169 aliter

588 3207 710 3262 ﬁeri
745 3210 1059 3276 neutiquam
1091 3216 1293 3277 potest,
1329 3216 1494 3277 quam
1524 3202 1569 3260 si
1598 3205 1713 3274 ipse
1740 3195 1894 3274 prius
1925 3204 2159 3275 imperio

590 3299 938 3354 deturbetur.
969 3298 1146 3368 Atque
1169 3300 1272 3353 hoc
1318 3312 1536 3352 rursum
1586 3311 1696 3351 non
1752 3296 1882 3361 erit,
1934 3295 2042 3350 nisi
2100 3305 2158 3350 tu

591 3389 894 3458 Augustam
955 3387 1144 3442 hostili
1200 3389 1352 3443 illius
1402 3387 1530 3443 odio
1566 3387 1783 3443 imbuas
1832 3387 2160 3453 accusando,

589 3486 835 3546 inquam,
866 3479 1021 3546 quasi
1069 3478 1164 3547 qui
1186 3478 1474 3547 imperium
1498 3492 1688 3548 rapere
1720 3477 2005 3547 ipsamque
2036 3491 2161 3532 cum

589 3564 782 3620 liberis
805 3566 1081 3621 trucidare
1127 3567 1493 3621 machinetur.
1523 3568 1821 3621 Trihuetur
1849 3577 2029 3621 autem
2063 3567 2161 3620 tibi

594 3657 730 3709 ﬁdes
776 3656 1007 3710 maxima
1031 3695 1047 3721 ,
1082 3664 1197 3711 tum
1238 3657 1371 3726 quia
1409 3673 1565 3712 socer
1594 3659 1778 3727 generi
1811 3658 2046 3726 cogitata
2110 3670 2164 3713 et

598 3762 796 3802 sensus
830 3748 1003 3818 probe
1037 3749 1206 3811 scias,
1243 3757 1358 3803 tum
1394 3748 1523 3818 quia
1557 3757 1808 3802 naturam
1848 3749 2020 3819 ipsam
2054 3765 2165 3819 prae

592 3839 776 3894 studio
798 3838 853 3892 in
888 3839 1057 3905 illam,
1084 3850 1146 3894 et
1175 3840 1349 3894 lilium
1383 3842 1773 3910 imperatorem
1821 3840 1975 3909 parvi
2032 3856 2167 3911 pen-

596 3932 723 3987 dere
762 3935 914 3987 visus
939 3931 1072 3986 eris.
1130 3931 1371 3986 Tametsi
1438 3932 1643 3987 dixerit
1678 3931 1899 4001 aliquis,
1951 3932 2165 3985 ruinam

595 4027 716 4095 ejus
773 4032 937 4093 atque
988 4023 1291 4092 perniciem
1353 4023 1498 4078 haud
1552 4039 1743 4093 puram
1796 4033 1852 4078 et
1902 4022 2164 4091 liquidam

600 4117 696 4170 tibi
712 4115 1042 4184 voluptatem
1067 4114 1443 4183 praebituram,
1464 4114 1572 4191 ﬁlia
1592 4126 1680 4168 tua
1705 4114 2029 4169 calamitatis
2047 4116 2168 4185 ejus

595 4207 766 4259 socia.
798 4205 961 4272 Atqui
995 4205 1325 4274 permultum
1358 4204 1584 4259 differre
1615 4205 1730 4259 haec
1754 4205 1865 4260 duo
1886 4243 1900 4268 ,
1934 4219 1999 4258 ex
2023 4221 2169 4259 com-

596 4295 878 4365 paratione
894 4295 1202 4364 perspicere
1219 4295 1366 4349 licet.
1385 4294 1545 4366 407
1558 4295 1675 4350 Non
1698 4296 1845 4349 enim
1869 4295 2046 4349 simile
2062 4305 2165 4363 est,

600 4387 836 4439 ﬁliorum
874 4394 1090 4441 tuorum
1150 4387 1287 4440 alios
1335 4386 1493 4455 quasi
1548 4386 1702 4440 vivos
1729 4386 1972 4455 sepultos
2007 4402 2164 4452 esse,

2251 564 2316 617 ἐκ
2364 564 2471 616 τῶν
2505 564 2720 634 δεσμῶν
2781 562 3119 634 ἐλευθερίας,
3196 562 3271 633 μὴ
3318 564 3607 633 προΐεσθαι
3661 562 3795 631 ἣκειν

2252 657 2676 726 παραινέσοντα.
2745 656 2938 710 Καίτοι
2996 672 3059 722 γε
3114 656 3415 725 ἀκηκοέναι
3472 654 3707 720 ἕῃαξκεν
3746 656 3796 706 ἐκ

2248 747 2553 817 Σηλυϐρίας
2585 750 2758 818 ἥκων,
2783 747 2869 821 ὡς.
2894 747 3064 799 πολλὰ
3097 748 3335 815 μεγάλου
3369 746 3693 815 δομεστίκου
3717 746 3795 798 τοῦ

2252 839 2505 892 κεδεστοῦ
2540 840 2753 908 δεηθεὶς
2794 841 2934 909 ὑπὲρ
2966 840 3213 902 ἐκείνων,
3256 838 3407 891 οὐδὲν
3441 836 3609 889 πλέον
3636 837 3799 905 ἠδυνή-

2252 930 2374 996 θης,
2414 931 2550 983 ἀλλά
2574 932 2761 991 κεναῖς
2796 930 2974 982 ἐλπίσι
3009 929 3343 998 μετεωρίσας
3371 931 3469 982 καὶ
3505 927 3795 994 φενακίσας,

2254 1017 2433 1071 ἀπιὼν
2467 1017 2665 1088 ᾤχετο,
2687 1017 2761 1080 ὡς
2783 1016 3073 1070 ἀπολύσων
3100 1018 3196 1082 τῆς
3225 1015 3452 1085 εἱρκτῆς
3479 1015 3549 1084 ἢν
3578 1015 3799 1087 ἐπανήξῃ

2255 1110 2350 1176 τῆς
2384 1109 2682 1178 ’ἐσπέρα;.
2734 1108 2907 1161 Τοῦτο
2956 1109 3013 1161 δέ
3058 1109 3112 1160 εί
3143 1125 3203 1160 σε
3247 1106 3477 1177 λέληθεν
3508 1105 3583 1166 ὡς
3614 1107 3796 1173 ἀπάτη,

2256 1201 2397 1254 πάνυ
2430 1201 2665 1269 μάλιστα
2718 1200 3019 1267 θαυμάζειν
3049 1198 3178 1266 ἔχω.
3228 1198 3368 1251 υῦτε
3416 1198 3532 1265 γὰρ
3566 1196 3799 1265 βασιλέως

2252 1291 2460 1354 ζῶντος
2492 1293 2615 1353 τοὺς
2664 1292 2924 1353 γυναικὸς
2981 1290 3243 1356 ἀῖελφοὺς
3296 1287 3664 1342 ἀπαλλάττειν
3711 1289 3799 1340 τῶν

2252 1382 2438 1436 κακῶν
2460 1384 2734 1447 ἀδυνάτως
2763 1379 2929 1453 εἶχεν,
2959 1383 3012 1435 εί
3029 1399 3092 1449 γε
3116 1382 3300 1435 δίκαια
3325 1384 3419 1434 καὶ
3439 1379 3799 1448 αὐτῷπροπήι

2253 1492 2415 1528 κοντα
2442 1476 2623 1546 ᾑρεῖτο
2654 1475 2933 1545 πράττεν,
2952 1474 3052 1526 οὐκ
3081 1474 3292 1527 ἐλάσσω
3312 1473 3618 1542 δυνάμενος
3648 1470 3679 1540 ἢ
3722 1472 3800 1521 ὅσα

2254 1564 2504 1634 βασιλεύς
2535 1578 2551 1594 ⁸
2583 1564 2702 1615 νυνί
2757 1581 2817 1615 τε
2878 1563 3068 1633 ῶσπερ
3110 1562 3223 1615 οὐδ’
3275 1563 3437 1624 αὐτὸς
3488 1564 3726 1627 ἀγνοεῖς,
3750 1561 3801 1612 οὐ

2252 1655 2481 1709 τοιαῦτα
2536 1660 2717 1725 μόνον,
2749 1655 2883 1707 ἀλλά
2913 1656 3009 1708 καὶ
3070 1653 3245 1722 μείζω
3290 1652 3478 1721 πολλῷ
3511 1652 3801 1719 καταπράτν

2252 1748 2442 1802 τεσθαι
2462 1746 2667 1801 δύναιτ’
2694 1747 2783 1816 ἂν,
2808 1746 3180 1801 ἀνυπεύθυνον
3212 1745 3350 1815 ἔχων
3375 1745 3478 1813 τὴν
3509 1744 3703 1814 ἀρχὴν,
3725 1744 3802 1795 καὶ

2255 1840 2361 1894 τῶν
2412 1841 2759 1910 πραγμάτων
2805 1836 3163 1907 αὐτοκράτωρ
3213 1835 3311 1890 ὢν.
3361 1836 3533 1888 Ἀλλά
3583 1837 3674 1888 καὶ
3699 1836 3801 1886 τότε

2257 1931 2535 1995 πείθοντος
2562 1930 2729 1984 αὑτοῦ
2762 1930 2986 1999 βασιλέα
3024 1929 3338 1998 κατείχοντο
3390 1927 3695 1996 δεσμῶται,
3721 1930 3802 1995 τῆς

2255 2040 2315 2076 τε
2340 2024 2559 2093 ἀνδρίας
2584 2023 2977 2092 βασκαίνοντος
3011 2024 3105 2073 καὶ
3149 2022 3247 2091 τῆς
3299 2020 3595 2080 συνέσεως,
3623 2020 3712 2071 καὶ
3732 2018 3804 2088 «μὴ

2258 2115 2763 2184 παρευδοκιμηθείη
2795 2116 2927 2183 παρ’
2958 2115 3181 2167 ἐκείνων
3227 2115 3551 2175 δεδοικότος.
3596 2112 3699 2166 Καὶ
3728 2113 3804 2164 νῦν

2256 2206 2408 2259 οὐδὲν
2436 2201 2596 2276 ἦττον
2619 2206 2962 2275 διανενόηται
2998 2206 3126 2273 παρ’
3158 2205 3276 2258 ὅλον
3307 2206 3401 2258 τὸν
3432 2204 3550 2272 βίον
3575 2206 3804 2270 κατέχειν

2258 2300 2316 2351 ἐν
2347 2299 2585 2367 δεσμοῖς.
2620 2297 2793 2351 Τοῦτο
2846 2298 2903 2351 δὲ
2937 2298 2995 2350 οὐ
3047 2297 3445 2367 στοχαζόμενος
3496 2292 3669 2360 εἷπον,
3707 2296 3804 2347 ἀλλ’

2259 2389 2499 2461 ἀκριϐῶς
2550 2389 2723 2452 εἰδώς.
2777 2386 2946 2443 Οἶσθα
2996 2392 3105 2459 γὰρ
3156 2390 3231 2451 ὡς
3278 2389 3485 2459 πολλῆς
3547 2387 3805 2457 εὐμενείας

2265 2480 2561 2536 ἀπολαύων
2580 2483 2712 2551 παρ’
2744 2481 2909 2534 αὐτοῦ
2942 2482 3035 2533 καὶ
3059 2480 3166 2533 τῶν
3198 2481 3531 2550 ἀπορρήτων
3559 2477 3806 2531 κοινωνῶν

2261 2572 2428 2643 αὐτῷ,
2476 2568 2550 2627 ὧν
2580 2573 2665 2627 διὰ
2699 2573 2799 2641 τὴν
2832 2572 2911 2634 είς
2942 2574 3086 2642 ὑμᾶς
3119 2570 3330 2625 εὔνοιαν
3363 2570 3807 2639 καταπεφρόνηκε

2261 2661 2406 2726 νυνι,
2474 2662 2652 2715 πάντα
2723 2661 2969 2731 ἀκριϐῶς
3028 2662 3245 2715 σύνοιδα
3287 2660 3459 2732 αὐτῷ.
3516 2660 3678 2715 Ὅθεν
3713 2657 3805 2713 οὐδ’

2260 2752 2509 2803 ἀπιστεῖν
2528 2752 2649 2819 ἐμοὶ
2673 2751 2871 2819 χρεὼν,
2896 2750 3028 2804 ἀλλὰ
3059 2748 3414 2819 βουλεύεσθαι
3444 2747 3546 2818 τὴν
3573 2746 3807 2815 ταχίστην

2260 2841 2364 2904 ἕως
2406 2844 2519 2894 ἐστί
2552 2842 2768 2911 καιρὸς,
2804 2842 2862 2893 ού
2907 2841 3065 2911 μόνον
3082 2842 3208 2903 τοὺς
3236 2840 3436 2902 παῖδας
3468 2839 3807 2893 ἀπαλλάττειν

2260 2935 2367 2987 τῶν
2411 2935 2617 2999 κακῶν,
2650 2934 2783 2987 ἀλλά
2815 2936 2908 2987 καὶ
2946 2934 3157 3002 σεαυτῷ
3190 2933 3285 3003 τὴν
3339 2924 3632 3003 Ῥωμαίων
3655 2928 3806 2999 ἀρχὴν

2264 3030 2346 3080 σοι
2393 3028 2628 3097 μάλιστα
2673 3031 3061 3098 προσήκουσαν
3091 3020 3200 3079 τῶν
3244 3025 3470 3078 πάντων
3499 3024 3803 3095 περιποιεῖν.

2262 3119 2434 3173 Τοῦτο
2485 3119 2528 3172 δ’
2559 3120 2748 3188 ἕτερον
2790 3119 2992 3190 τρόπον
3034 3118 3298 3172 ἀδύνατον
3333 3116 3625 3185 γενέσθαι,
3674 3117 3717 3167 εί
3742 3114 3807 3182 μὴ

2264 3213 2530 3282 πρότερος
2569 3213 2772 3275 ἐκεῖνος
2826 3211 3120 3283 ἐκὸληθείη
3170 3212 3279 3263 τῶν
3338 3209 3682 3281 πραγμάτων
3724 3208 3808 3275 τῆς

2265 3301 2464 3372 ἀρχῆς.
2539 3300 2749 3353 Ἐκεῖνο
2804 3297 2860 3352 δὲ
2924 3299 3087 3352 πάλιν
3155 3299 3359 3368 ἑτέρως
3422 3298 3525 3350 οὐκ
3577 3296 3806 3365 ἐγχωρεῖ.

2266 3396 2314 3447 εί
2373 3392 2448 3463 μὴ
2502 3392 2663 3455 αὐτὸς
2703 3390 3113 3459 ἐκπολεμώσας
3180 3388 3373 3460 ἐκείνῳ
3435 3388 3704 3458 βασιλίδα,
3745 3384 3808 3447 ὡς

2263 3485 2534 3556 ἁρπάζειν
2579 3483 2679 3553 τὴν
2719 3482 2969 3551 βασιλίδα
2999 3481 3374 3551 διανοουμένου
3410 3479 3703 3541 κατειπὼν,
3728 3476 3809 3529 καὶ

2264 3574 2432 3644 αὐτὴν
2479 3574 2574 3627 καὶ
2616 3574 2812 3637 παῖδας
2859 3571 3218 3641 διαφθείρειν.
3290 3570 3620 3635 ’Δξιώτατος
3665 3568 3708 3621 δ’
3754 3567 3809 3619 ἂν

2265 3666 2384 3734 εἴης
2448 3662 2806 3717 πιστεύεσθαι
2869 3664 3001 3735 παρ’
3054 3663 3227 3733 αὐτῇ,
3296 3663 3356 3716 οὐ
3422 3664 3586 3731 μῆνον
3640 3660 3711 3723 ὡς
3752 3658 3810 3711 τὰ

2268 3756 2671 3827 β;6ουλευμένα
2719 3754 2797 3824 τῷ
2840 3753 3077 3824 γαμϐρῷ
3129 3752 3318 3822 σαφῶς
3376 3752 3558 3817 είδὼς,
3606 3751 3716 3806 ἀλλ’
3747 3748 3810 3811 ὡς

2272 3851 2367 3902 καὶ
2420 3846 2637 3915 φύσεως
2674 3848 2846 3914 αὐτῆς
2899 3846 3038 3915 ὑπὲρ
3073 3846 3174 3913 τῆς
3218 3847 3299 3906 είς
3351 3846 3578 3913 ἐκείνην
3622 3841 3809 3902 εὐνοίας

2267 3941 2360 3991 καὶ
2390 3939 2479 3991 τὸν
2509 3937 2675 3990 παῖδα
2706 3935 2933 4004 βασιλέα
2969 3935 3140 3988 δοκῶν
3192 3938 3581 4009 καταφρονεῖν.
3632 3933 3808 3988 Καίτοι

2267 4045 2330 4096 γε
2381 4030 2518 4095 φαίη
2574 4045 2658 4090 τις
2708 4027 2789 4100 ἂν,
2823 4026 2945 4079 οὐδὲ
2990 4026 3090 4096 τὴν
3138 4026 3350 4079 ἐκείνου
3384 4026 3681 4079 κατάλυσιν
3728 4024 3807 4075 καὶ

2268 4120 2473 4189 φθοράν
2495 4118 2679 4172 άδολόν
2705 4136 2789 4172 σοι
2815 4119 2911 4173 καὶ
2939 4118 3193 4189 καθαράν
3214 4121 3312 4190 τὴν
3328 4118 3525 4189 ἡδονὴν
3544 4118 3805 4187 παρέχειν,

2266 4206 2352 4264 οἷα
2382 4210 2446 4278 δὴ
2480 4211 2577 4279 τῆς
2627 4209 2896 4278 θυγατρὸς
2934 4208 3128 4279 ἐκείνῳ
3176 4211 3610 4279 συνατυχούσης.
3660 4207 3807 4260 Τοῦτο

2266 4301 2312 4353 δ’
2343 4303 2475 4370 ὅσην
2506 4301 2617 4371 ἔχει
2647 4300 2931 4370 διαφορὰν,
2963 4299 3141 4363 ἔξεστι
3182 4299 3511 4370 παράλληλα
3546 4299 3806 4367 τιθέμενον

2268 4392 2338 4443 τὰ
2386 4390 2684 4461 πράγματα
2747 4390 2995 4443 σκοπεῖν.
3045 4389 3121 4441 Ού
3169 4389 3279 4457 γὰρ
3317 4390 3682 4458 ὅμοιονιτοὺς
3722 4384 3806 4455 μὲν

600 4477 757 4531 alios.
781 4476 1002 4546 indigne
1026 4479 1255 4531 miseros
1292 4492 1418 4533 esse
1449 4518 1461 4540 ,
1502 4477 1781 4546 vitamque
1816 4476 2159 4542 illiberalem,

2268 4480 2374 4534 τῶν
2405 4481 2611 4533 παίδων
2641 4480 2830 4549 ῶσπερ
2888 4480 3303 4552 κατορωρύχθαι
3356 4480 3591 4545 ζῶντας,
3624 4481 3737 4540 τοὺς
3761 4476 3807 4529 δὲ

600 4576 656 4621 et
679 4568 895 4637 inopem
944 4570 1151 4632 vivere,
1212 4568 1343 4623 item
1394 4583 1566 4639 genus
1598 4568 1780 4623 abillo
1813 4579 1988 4624 totum
2015 4570 2164 4625 velut

599 4669 817 4707 servum
844 4670 942 4724 pro
964 4654 1195 4710 libidine
1225 4657 1431 4710 versari
1474 4657 1832 4725 tractarique,
1889 4673 1953 4713 ac
1986 4668 2038 4712 te
2093 4659 2164 4713 ob

597 4745 1133 4799 commiserationem
1172 4762 1299 4813 erga
1342 4761 1534 4801 omnes
1578 4747 1752 4801 nihilo
1804 4746 1914 4802 illis
1970 4749 2168 4805 melius

602 4834 831 4898 habere,
861 4843 917 4887 et
943 4849 1050 4888 una
1081 4833 1189 4887 ﬁlia
1220 4834 1573 4901 inl‘ortunata,
1607 4851 1794 4892 carere
1826 4835 1982 4892 malis
2044 4839 2166 4895 istis

596 4923 888 4979 omnibus:
928 4933 1091 4993 teque
1116 4940 1225 4978 non
1257 4940 1429 4995 genus
1458 4934 1669 4979 tantum
1707 4934 1763 4982 et
1805 4929 2163 4999 propinquos,

598 5016 693 5071 sed
724 5017 857 5071 alios
887 5026 1156 5087 praeterea
1183 5017 1414 5079 amicos,
1445 5027 1559 5072 toto
1585 5016 1954 5076 Romanorum
1994 5023 2166 5094 impe-

600 5109 683 5163 rio
711 5108 834 5163 inde
861 5109 929 5164 ad
956 5118 1006 5164 te
1044 5108 1307 5165 translato
1356 5109 1631 5164 illustrem
1674 5119 1731 5164 et
1764 5111 2000 5182 inclytos
2044 5115 2167 5168 red-

599 5196 729 5251 dere
762 5213 941 5269 posse.
968 5199 1106 5266 Quis
1145 5200 1291 5254 enim
1349 5199 1443 5253 illo
1474 5207 1567 5253 aut
1634 5200 1689 5253 in
1747 5203 1936 5270 pratlio
1995 5219 2162 5274 oppe-

600 5295 770 5352 tentc,
802 5300 898 5360 aut
924 5290 1160 5360 imperio
1183 5289 1415 5361 dejeeto,
1442 5280 1638 5353 iustius
1656 5300 1708 5344 te
1737 5291 1868 5345 illud
1897 5304 2167 5364 capessat,

600 5384 693 5452 qui
726 5399 833 5437 non
875 5383 1197 5439 fortitudine
1251 5382 1518 5438 duntaxat
1569 5392 1624 5437 et
1672 5384 1885 5439 artibus
1935 5385 2166 5452 bellicis,

597 5474 692 5529 aed
726 5484 781 5529 et
813 5469 1105 5545 splendore
1145 5473 1386 5539 familiar,
1412 5474 1733 5545 etingenio,
1771 5484 1829 5530 et
1857 5476 1979 5531 aliis
2003 5493 2167 5531 orna-

600 5566 797 5619 mentis
832 5566 1112 5621 Romanos
1152 5582 1345 5621 omnes
1376 5567 1535 5636 longe
1570 5608 1583 5631 ,
1639 5567 1981 5637 multumque
2012 5579 2168 5622 antc—

596 5656 797 5707 celiis?
833 5657 974 5725 Ergo
1024 5674 1155 5712 vero
1200 5659 1267 5711 ad
1333 5659 1515 5713 omnia
1585 5657 1795 5711 socium
1854 5674 1941 5713 me
1987 5660 2167 5715 libens
2205 5717 2220 5731 _

597 5746 795 5799 merito
828 5748 1021 5813 oll‘ero,
1056 5759 1111 5803 et
1143 5750 1314 5804 instar
1346 5747 1607 5811 ministri,
1634 5748 1801 5817 jussis
1830 5750 1933 5812 tuis
1961 5750 2164 5821 ubique

2266 4569 2397 4636 παρ’
2434 4566 2590 4631 ἀξίαν
2620 4567 2892 4637 πράττειν
2922 4566 3107 4629 κακῶς
3139 4569 3231 4619 καί
3265 4566 3463 4630 ἐνδεῶς
3491 4568 3586 4631 καί
3614 4564 3809 4619 ἀνελευ-

2267 4659 2440 4729 Θέρως
2509 4657 2633 4727 ζῇν,
2694 4657 2793 4717 καὶ
2858 4657 3012 4724 γένος
3057 4655 3149 4709 ὑπ’
3208 4657 3419 4710 ἐκείνου
3496 4659 3605 4711 πᾶν
3646 4655 3807 4722 ῶσπερ

2263 4747 2488 4814 δοῦλον,
2514 4747 2744 4814 ἄγεσθαι
2815 4747 2910 4802 καὶ
2960 4746 3261 4818 φέρεσθαι,
3323 4749 3419 4802 καὶ
3469 4750 3631 4802 αὐτὸν
3681 4746 3807 4801 obita

2266 4838 2476 4909 ἀμείνω
2552 4839 2782 4906 πάσχειν
2846 4837 2950 4890 ὑπὸ
3012 4839 3111 4908 τῆς
3180 4839 3317 4909 πρὸς
3418 4841 3627 4902 πάντας
3688 4854 3806 4904 συμ-

2270 4928 2521 4992 παθείας,
2587 4929 2681 4981 καὶ
2753 4929 2883 4998 μιᾶς
2928 4930 3283 5000 ἀτυχησάσης
3349 4929 3619 4999 θυγατρὸς
3674 4926 3806 4984 πάντ’

2268 5018 2449 5069 ἐκεῖνα
2489 5012 2747 5069 λελύσθαι
2806 5014 2875 5069 τά
2923 5015 3199 5085 δυσχερῆ·
3249 5018 3347 5070 καὶ
3391 5017 3452 5070 σε
3480 5014 3804 5070 δύνασθαιού

2266 5107 2423 5175 γένος
2480 5107 2642 5176 μόνον
2694 5108 2786 5160 καί⁵
2839 5108 3094 5171 οἰκείους,
3140 5109 3276 5163 ἀλλὰ
3322 5110 3416 5163 καὶ
3466 5111 3593 5173 τοὺς
3641 5108 3806 5165 ἀλλους

2270 5196 2457 5264 φίλους
2492 5186 2793 5266 λαμπρῶς
2831 5200 3003 5251 ποιεῖν
3040 5199 3133 5251 καὶ
3192 5197 3531 5267 περιδόξους,
3565 5196 3735 5263 πάσης
3756 5189 3805 5252 ἐξ

2268 5291 2479 5341 ἐκείνου
2518 5289 2993 5359 μετενηνεγμένης
3017 5290 3113 5360 τῆς
3130 5286 3420 5360 Ῥωμαίων
3446 5270 3618 5360 ἀρχῆς
3637 5288 3709 5346 είς
3735 5281 3802 5335 σέ.

2270 5381 2363 5442 Τίς
2391 5382 2500 5450 γὰρ
2533 5380 2741 5432 ἐκείνου
2787 5382 3046 5444 πεσόντος
3086 5381 3118 5450 ἢ
3166 5382 3389 5452 καὶτῆς
3437 5380 3613 5449 ἀρχῆς
3669 5373 3802 5427 ἐκσε-

2271 5468 2565 5539 6λημένου,
2620 5469 2712 5522 σοῦ
2756 5467 2953 5539 μᾶλλον
3011 5471 3346 5538 δικαιότερος
3381 5472 3471 5523 ἐπὶ
3496 5470 3602 5521 τῶν
3642 5478 3803 5535 πρατ-

2275 5559 2460 5628 μάτων
2514 5554 2653 5611 εἶναι
2689 5597 2703 5623 ,
2771 5560 2870 5611 οὐκ
2942 5558 3135 5629 ἀνδρίᾳ
3183 5560 3346 5628 μόνον
3409 5560 3500 5611 καὶ
3576 5556 3801 5622 πολέμων

2271 5651 2560 5723 ἐμπειρίᾳ,
2594 5651 2732 5703 ἀλλὰ
2765 5652 2859 5705 καὶ
2881 5650 3231 5721 λαμπρότητι
3261 5652 3475 5720 γένους,
3502 5649 3592 5702 καὶ
3616 5645 3803 5698 συνέσει

2273 5747 2514 5808 καὶτοῖς
2577 5742 2754 5807 ἄλλοις
2817 5745 3023 5798 ἅπασιν
3082 5745 3181 5797 οὐκ
3242 5744 3408 5815 ὀλίγῳ
3438 5744 3540 5796 τινὶ
3572 5739 3647 5810 τῷ
3675 5736 3802 5808 μέσῳ
