4096 6300
397 377 503 437 F05

1533 376 2077 436 HlSTORlARUM
2117 375 2350 435 LIBER
2392 376 2507 436 l‘ll.

3529 384 3536 392 ’
3555 379 3660 444 806

395 484 923 552 πάνταςῬωμαίους
959 486 1282 556 παριόντος;
1325 487 1468 554 Ἐγὼ
1491 487 1547 539 δέ
1581 487 1717 556 πρὸς
1756 486 1973 540 ἅπαντα

2092 499 2288 538 summa
2315 477 2596 537 voluntate
2622 481 2898 551 obediam.
2939 481 3080 540 Sane
3121 484 3186 539 ad
3220 485 3378 540 talem
3409 493 3651 557 pugnam

398 575 695 645 προθύμω;
735 577 1203 644 συναγωνιοῦμαι,
1231 577 1389 640 τάξιν
1433 578 1646 647 ἐπέχων
1669 579 1964 648 ὑπηρέτου,

397 666 495 718 καὶ
534 667 669 734 πρὸς
726 667 832 718 πᾶν
891 667 950 718 τὸ
1020 667 1381 734 κελευόμενον
1443 667 1770 736 ἐτοιμότατα
1829 666 1968 736 ἔχων

398 755 719 809 ὑπακούειν.
754 757 830 809 Οὐ
864 757 928 827 δὴ
958 759 1093 825 πρὸς
1126 757 1374 810 τοιοῦτον
1404 758 1753 828 ἰσχυρότατον
1805 759 1965 810 ἀντα-

399 850 682 917 γωνιστὴν,
715 848 1104 916 ἀποδυόμενον,
1153 851 1286 920 περὶ
1315 849 1542 918 ψεύδους
1588 852 1681 904 καὶ
1713 850 1972 921 ἀληθείας

400 941 779 1010 ἀκριϐολογεῖν
809 942 1010 1012 χρεὼν,
1044 942 1182 995 ἀλλά
1233 943 1369 1012 πρὸς
1401 941 1458 995 ἓν
1496 944 1656 1012 μόνον
1689 943 1790 1010 τὴν
1825 943 1968 995 ἐκεί-

401 1050 494 1084 νου
538 1033 834 1086 κατάλυσιν
885 1035 1160 1104 προσῆκον
1201 1035 1412 1104 ἀφορᾷν
1438 1049 1451 1062 '
1493 1033 1664 1087 τᾶλλα
1706 1035 1762 1086 δὲ
1808 1033 1978 1103 μηδὲν

401 1127 677 1194 ἡγεῖσθαι,
706 1126 755 1178 εί
789 1125 1004 1195 μέλλοις
1035 1143 1088 1178 τι
1112 1125 1209 1194 τῆς
1241 1126 1340 1194 σῆς
1367 1125 1640 1185 συνέσεως
1681 1124 1776 1177 καὶ
1813 1139 1976 1193 στρα-

405 1217 603 1284 τηγίας
674 1214 970 1286 ἀξιόχρεων
1028 1219 1223 1270 ποιεῖν.
1297 1216 1546 1286 Ὀρῶμεν
1616 1214 1674 1268 δὲ
1728 1213 1824 1267 καὶ
1865 1212 1975 1266 τῶν

363 1294 366 1295 ν
411 1307 734 1377 στρατηγῶν
785 1308 913 1369 τοὺς
967 1308 1208 1376 μάλιστα
1257 1308 1684 1369 συνετωτάτους,
1731 1307 1831 1359 οὐκ
1886 1305 1976 1358 ἀεὶ

407 1401 473 1468 τῇ
509 1400 797 1470 παρρησίᾳ
833 1399 1180 1468 χρωμένους,
1234 1401 1330 1453 καὶ
1370 1399 1512 1451 κατά
1542 1398 1720 1466 στόμα
1746 1399 1856 1458 τοῖς
1885 1413 1978 1448 πο-

404 1492 616 1559 λεμίοις
682 1491 1037 1554 ὑπαντῶντας
1068 1508 1083 1523 ο
1118 1492 1234 1544 ἀλλ’
1275 1491 1426 1545 ἐστιν
1463 1483 1524 1544 οὗ
1588 1493 1682 1544 καὶ
1739 1488 1978 1550 ἀπάταις

408 1583 745 1652 χρεομένους,
806 1583 900 1634 καὶ
951 1582 1124 1644 δόλοις
1181 1581 1278 1635 καὶ
1333 1583 1607 1651 μηχαναῖς
1681 1596 1814 1642 τισι,
1885 1579 1978 1631 καὶ

2078 576 2439 630 fortissimum
2468 584 2799 630 certatorem
2828 576 3119 646 repudiare
3140 619 3154 640 ,
3212 593 3274 631 ac
3311 579 3657 633 mendacium

2079 668 2483 735 veritatemque
2549 667 2611 720 in
2663 667 2750 722 his
2776 670 3086 723 accuratius
3109 669 3382 724 discutere
3426 679 3481 722 et
3524 686 3656 724 exa-

2081 758 2314 821 minare,
2352 757 2485 811 nihil
2517 771 2739 812 necesse
2795 770 2878 813 est
2912 775 2926 811 :
2979 758 3075 814 sed
3135 761 3394 829 neglectis
3423 765 3658 822 caeteris,

2083 847 2190 900 hoc
2232 862 2398 910 unum
2432 847 2679 907 studere.
2735 857 2794 901 ut
2828 849 2920 902 ille
2974 849 3269 918 imperium
3303 851 3550 903 amittat:
3612 852 3656 904 si

2085 937 2247 992 modo
2277 939 2561 1008 quidpiam
2623 922 2915 1008 prudentia
2973 952 3082 1005 tua,
3134 955 3188 995 ct
3219 957 3336 1010 qua:
3365 943 3417 994 in
3484 955 3532 995 te
3578 952 3661 996 est

2083 1030 2311 1098 scientia
2341 1031 2696 1100 imperatoria
2733 1031 2954 1101 dignum
2986 1043 3247 1102 praestare
3281 1022 3436 1087 velis.
3493 1034 3658 1087 Vide-

2085 1138 2208 1177 mus
2237 1131 2418 1176 autem
2450 1122 2616 1176 duces
2644 1123 3105 1192 prudentissimos
3163 1141 3271 1178 non
3319 1141 3536 1192 semper
3585 1127 3653 1178 li-

2085 1211 2214 1267 bere
2239 1212 2405 1281 loqui.
2432 1221 2487 1266 et
2511 1213 2697 1282 lingua
2725 1214 2976 1270 hostibus
3002 1231 3299 1270 occurrere
3322 1257 3336 1280 ,
3395 1216 3489 1268 sed
3550 1217 3649 1268 ali-

2084 1303 2306 1373 quando
2336 1305 2497 1358 etiam
2527 1303 2596 1358 ad
2635 1304 2905 1368 fraudem,
2953 1316 3011 1360 et
3065 1307 3276 1370 dolum,
3305 1315 3360 1360 ct
3399 1307 3658 1374 quasdam

2089 1395 2373 1450 machinas
2404 1395 2698 1464 confugere
2721 1438 2735 1460 ,
2764 1399 3038 1466 praecipue
3069 1399 3288 1466 quando
3342 1414 3467 1451 cum
3503 1398 3663 1451 hoste

2087 1486 2418 1541 formidabili
2501 1502 2566 1542 ac
2643 1489 3028 1556 potentissimo
3110 1505 3200 1543 res
3257 1490 3443 1543 futura
3527 1500 3658 1550 cst;

2086 1591 2189 1631 nec
2214 1577 2327 1630 illis
2357 1577 2651 1646 quisquam
2695 1594 2790 1633 eas
2831 1578 3054 1633 fraudes
3103 1579 3242 1632 vitio
3304 1579 3416 1644 dat,
3470 1595 3659 1633 verum

413 1675 652 1744 μάλιστα
680 1675 844 1744 ἡνίκα
875 1675 972 1746 δέῃ
1005 1674 1255 1744 φοϐεροῖς
1297 1690 1407 1726 τισι
1446 1675 1542 1725 καὶ
1589 1670 1987 1731 δυνατωτάτοις

2092 1669 2428 1722 admiramur
2471 1684 2685 1735 omnes,
2743 1672 2897 1739 quasi
2945 1672 3002 1725 in
3058 1673 3355 1726 calliditate
3383 1689 3545 1741 quam
3607 1672 3661 1725 in

413 1764 818 1834 συμπλέκεσθαι
881 1765 1160 1834 πολεμίοις
1193 1781 1206 1794 °
1264 1765 1360 1818 καὶ
1425 1763 1600 1824 οὐδεὶς
1656 1761 1834 1814 αὐτῶν
1889 1776 1994 1813 xa-

2097 1759 2296 1814 robore
2319 1760 2430 1830 (10)
2467 1777 2530 1816 ac
2559 1761 2769 1817 viribus
2794 1765 2969 1833 majus
2994 1775 3326 1820 momentum
3357 1766 3447 1819 sit.

412 1865 554 1928 κίζει
592 1863 688 1933 τὴν
741 1861 956 1932 ἀπάτην
996 1859 1131 1914 ἀλλά
1183 1860 1279 1915 καὶ
1328 1859 1680 1930 θαυμάζομεν
1724 1856 1980 1921 ἅπαντες,
2017 1849 2106 1909 οἷα
2132 1856 2198 1927 δὴ
2239 1857 2407 1910 πλείω
2457 1858 2553 1927 τῆς
2589 1858 2874 1926 συνέσεως,
2906 1857 2940 1925 ἢ
2969 1859 3066 1928 τῆς
3113 1857 3302 1929 ῥώμης
3360 1858 3664 1930 δυναμένης

415 1955 737 2027 κατορθοῦν.

1833 2044 2056 2101 CAPUT
2099 2045 2240 2098 Χιχ.

417 2137 737 2209 Expugnato
763 2136 1061 2209 Andronico
1115 2135 1317 2200 Asane,
1355 2137 1498 2209 _duos
1526 2172 1531 2176 α
1549 2136 1891 2209 fratresejus
1922 2135 2488 2209 aggrediturrﬁngit
2518 2151 2574 2188 se
2623 2152 2807 2209 eorum
2859 2137 3023 2209 uicem
3055 2136 3260 2202 dolere;
3290 2138 3663 2209 segnitiemuin

487 2204 772 2276 qurerenda
810 2207 1056 2276 libertate
1077 2214 1310 2261 accusat.
1346 2204 1564 2259 Demum
1594 2206 1846 2260 similibus
1873 2204 2168 2265 seu—tentiis,
2196 2205 2377 2276 quibus
2407 2206 2879 2276 prioresudrersus
2912 2204 3376 2276 domesticumreo's
3395 2206 3660 2270 incendit;

490 2275 584 2330 nec
619 2287 693 2331 est
723 2277 1008 2352 quidquam
1041 2275 1134 2328 hoc
1163 2277 1371 2330 homine
1395 2278 1671 2352 oudqcius,
1723 2277 2108 2352 impudentius“
2131 2285 2177 2328 et
2228 2275 2556 2352 scelerqtius.
2609 2275 2840 2352 Tandem
2893 2278 3053 2352 etiam
3105 2275 3390 2352 Gabalum-
3414 2292 3662 2352 maguum

487 2344 1131 2416 drungarium,magnum
1148 2347 1655 2416 stratoPedarcItam,
1683 2356 1730 2399 et
1759 2346 2002 2416 Zampea:
2028 2345 2199 2412 ﬁlium
2227 2344 2359 2398 dolis
2379 2344 2486 2397 suis
2506 2347 2644 2415 capit
2664 2354 2713 2398 et
2738 2347 2792 2398 in
2815 2347 3094 2414 perniciem
3120 2346 3390 2400 domestici
3411 2344 3661 2399 concitat.

489 2438 728 2492 Τοιαῦτα
765 2438 862 2490 καὶ
928 2438 1062 2508 πρὸς
1121 2439 1330 2491 ἐκεῖνον
1400 2437 1572 2490 εἰπὼν
1623 2438 1720 2492 καὶ
1757 2440 1978 2504 πείσας,

2154 2437 2231 2491 Ita
2257 2437 2498 2504 locutus,
2521 2439 2949 2508 juramentoque
2986 2435 3195 2504 addito,
3228 2454 3286 2493 se
3313 2449 3369 2495 et
3393 2456 3539 2496 nunc
3569 2444 3667 2498 ad-

417 2533 602 2600 ὅρκοις
648 2545 709 2580 τε
755 2528 1218 2596 ἀσφαλισάμενος,
1276 2527 1352 2591 ὡς
1377 2527 1474 2581 νῦν
1505 2546 1564 2582 τε
1597 2529 1986 2599 προθυμότατα

2092 2529 2320 2597 iutorem
2364 2529 2480 2583 fore
2515 2529 2954 2598 paratissimum,
3004 2539 3060 2584 et
3103 2530 3195 2585 ubi
3229 2532 3342 2601 ipse
3376 2533 3662 2601 imperium

423 2621 861 2689 συναγωνιεῖται,
933 2621 1031 2672 καὶ
1084 2620 1458 2682 καταστάντος
1509 2621 1644 2690 πρὸς
1683 2622 1783 2687 τὴν
1809 2620 1985 2689 ἀρχὴν

420 2713 478 2765 ἐν
522 2712 796 2782 ὑπηρέτου
830 2711 1039 2764 τελέσει
1078 2711 1244 2782 μοίρᾳ
1297 2713 1457 2780 μόνον
1483 2711 1837 2782 βουλεύεσθαι
1885 2727 1986 2764 κα-

417 2802 661 2858 ταλιπὼν
712 2805 860 2863 ὅπως
930 2803 994 2856 ἂν
1026 2805 1082 2856 τὸ
1114 2797 1554 2873 σπουδαζόμενον
1578 2801 1981 2870 ,κατορθωθείψ

421 2896 516 2949 ἐπὶ
555 2895 679 2956 τοὺς
729 2895 994 2963 ἀδελφοὺς
1054 2895 1252 2965 ἐχώρει
1312 2897 1728 2950 Κωνσταντῖνόν
1781 2912 1840 2948 τε
1891 2897 1987 2949 καὶ

435 2985 705 3039 Ἰσαάκιον
739 2985 827 3036 τὸν
859 2984 1029 3054 μέγαν
1056 2984 1244 3038 δοῦκα.
1276 2986 1386 3038 Καὶ
1417 2987 1608 3052 πρῶτα
1639 2984 1735 3054 μὲν
1755 2983 1986 3055 ᾤκτειρε

419 3078 523 3145 τῆς
565 3077 698 3148 παρ’
726 3077 884 3141 ἀξίαν
917 3079 1321 3148 κακοπραγίας,
1351 3080 1446 3131 καὶ
1477 3077 1640 3147 ἐῴκει
1673 3077 1984 3145 συναλγεῖν.

426 3171 660 3223 Ἔπειτα
721 3171 816 3224 καὶ
873 3168 1115 3233 ὠνείδιζε
1165 3168 1263 3239 τὴν
1329 3168 1722 3232 ἐθελοδουλίαν,
1775 3169 1871 3223 καὶ
1927 3169 1990 3222 τὸ

423 3265 560 3333 πρὸς
591 3264 690 3332 τὴν
735 3262 1047 3332 ἐλευθερίαν
1080 3261 1342 3334 ῥᾳθύμως
1367 3261 1515 3330 βιοῦν
1542 3262 1635 3314 καὶ
1659 3260 1986 3331 ἀνειμένως,

423 3355 518 3406 καὶ
569 3352 704 3423 μηδέ
739 3351 832 3406 νῦν
863 3351 994 3421 γοῦν
1043 3354 1132 3406 ὅτε
1169 3352 1349 3414 καλῶς
1378 3351 1549 3404 ποιῶν
1580 3353 1893 3423 παρέσχετο
1957 3353 1986 3405 ό

422 3446 640 3515 χρόνος,
696 3443 792 3514 τῆς
828 3444 1068 3513 μεγάλου
1114 3445 1439 3513 δομεστίκου
1493 3445 1709 3515 χρονίου
1742 3444 1989 3507 δουλείας

422 3531 808 3600 ἀπαλλαγῆναι
867 3532 1148 3602 προσῆκον
1221 3532 1470 3600 εὐγενέσι
1527 3537 1623 3588 καὶ
1675 3533 1989 3604 ἐλευθέροις

421 3624 653 3694 ἀνδράσι
725 3622 1138 3692 διανοουμένους
1198 3640 1271 3676 τι.
1327 3622 1519 3677 Καίτοι
1575 3623 1838 3694 βασιλέως
1891 3626 1989 3696 μὲν

423 3714 628 3779 ζῶντος
684 3714 933 3784 στέργειν
989 3714 1048 3779 ἐξ
1080 3703 1324 3784 ἀνάγκης
1378 3712 1468 3784 ἦν,
1523 3715 1725 3784 πολλὴν
1775 3716 1985 3769 ἐκείνου

2087 2619 2318 2688 adeptus
2358 2619 2544 2686 fuerit,
2577 2620 2630 2674 in
2668 2621 2790 2676 loco
2820 2621 3057 2675 ministri
3085 2636 3279 2691 operas
3306 2623 3356 2678 ei
3390 2623 3663 2688 daturum,

2089 2709 2399 2778 persuasit;
2437 2710 2722 2781 solumque
2760 2710 3068 2766 deliberare
3121 2712 3330 2777 sinens,
3367 2715 3665 2783 quomodo,

2087 2798 2233 2867 quod
2281 2799 2633 2866 studebatur,
2671 2816 2931 2871 prospere
2976 2803 3320 2870 succederet,
3357 2805 3424 2858 ad
3472 2806 3668 2860 fratres

2086 2892 2203 2963 ejus
2253 2893 2672 2949 Constantinum
2727 2903 2783 2949 et
2829 2895 3092 2951 lsaacium
3168 2911 3424 2968 magnum
3472 2898 3667 2953 ducem

2089 2984 2244 3038 abiit.
2282 2984 2362 3038 Ac
2401 2984 2640 3053 primum
2684 2984 2905 3054 quidem
2944 2985 3221 3058 indignam
3273 3002 3461 3042 eorum
3499 2988 3672 3043 fortu-

2089 3090 2216 3129 nam
2279 3075 2573 3131 miseratus
2598 3115 2614 3140 ,
2654 3087 2907 3131 mutuum
2948 3077 3155 3132 doloris
3210 3093 3430 3132 sensum
3471 3095 3581 3148 prae
3609 3094 3668 3134 se

2092 3167 2324 3222 ferebat.
2355 3167 2560 3222 Deinde
2595 3169 2960 3223 voluntariam
2995 3170 3076 3224 eis
3116 3171 3436 3224 servitutem
3471 3185 3671 3240 expro-

2097 3257 2312 3322 brabat,
2340 3251 2486 3327 quod
2526 3266 2634 3312 tam
2677 3258 2947 3327 ignaviter
2997 3274 3062 3314 ac
3106 3260 3330 3313 remisse
3362 3260 3670 3314 libertatem

2094 3359 2428 3416 quairerent,
2481 3357 2536 3402 ct
2583 3363 2764 3418 neque
2809 3364 2957 3404 nunc
3008 3349 3224 3409 saltem.
3259 3349 3427 3420 [‘08
3451 3351 3670 3420 quando

2093 3437 2313 3492 adesset
2344 3437 2564 3496 fortiter
2620 3437 2860 3493 faciendi
2888 3439 3294 3508 opportunitas,
3336 3439 3538 3509 aliquid
3571 3457 3671 3510 pro

2096 3527 2390 3584 nobilitate
2440 3537 2495 3583 et
2528 3529 2865 3599 ingenuitate
2893 3545 3014 3596 sua,
3039 3530 3106 3586 ad
3137 3530 3458 3586 diuturnum
3493 3533 3670 3602 magni

2097 3625 2381 3681 domestici
2433 3624 2623 3696 jugum
2671 3623 3064 3680 excutiendum
3122 3625 3321 3679 animis
3379 3624 3669 3702 agitarent.

2097 3725 2419 3792 Quanquam
2446 3721 2592 3775 enim
2645 3722 2939 3791 superstite
2974 3721 3307 3790 imperatore
3359 3721 3670 3776 necessitati

422 3807 525 3870 τὴν
561 3804 732 3874 ῥοπὴν
768 3801 917 3872 αὑτῷ
951 3802 1318 3874 χαριζομένου
1353 3807 1448 3859 καὶ
1476 3804 1726 3874 οὐδαμῶς
1761 3805 1987 3870 ἐλάττω,

2099 3815 2394 3890 repugnari
2423 3829 2530 3869 non
2559 3814 2818 3883 potuerit,
2845 3823 3135 3882 propterea
3164 3813 3309 3882 quod
3355 3813 3406 3866 in
3430 3829 3554 3866 eum
3582 3812 3674 3866 iile

423 3897 458 3967 ἢ
486 3899 691 3958 ἐκεῖνος
718 3895 980 3949 δύνασθαι
1032 3897 1578 3965 παρασκευάζοντος.
1619 3897 1758 3950 Νυνὶ
1800 3897 1880 3963 δέ,
1939 3900 1992 3950 τί

420 3991 484 4042 τὸ
521 3989 732 4042 κωλῦον
763 3987 920 4057 ζῆλον
945 3989 1083 4057 ὑπὲρ
1117 3986 1380 4056 βασιλέως
1415 3989 1508 4041 τοῦ
1538 3990 1726 4051 παιδὸς
1758 3989 1993 4057 ὑποκρι-

425 4080 641 4144 θέντας,
702 4079 1089 4148 συμϐουλεύειν
1125 4078 1358 4147 βασιλίδι
1397 4080 1534 4148 πρὸς
1575 4079 1770 4146 γένους
1807 4095 1867 4130 τε
1903 4078 1994 4132 6v-

423 4188 523 4234 τας
556 4171 650 4223 καὶ
678 4171 1047 4238 προσήκοντας
1077 4171 1165 4223 διὰ
1198 4171 1294 4241 τὴν
1325 4171 1607 4238 εὐγένειαν
1639 4169 1993 4223 πιστεύεσθαι

427 4261 718 4316 καταλύειν
770 4263 1000 4326 ἐκεῖνον,
1053 4262 1148 4315 καὶ
1195 4262 1298 4328 τῆς
1329 4262 1507 4332 ἀρχῆς
1553 4263 1992 4332 ἀποχειροτονεῖν

425 4355 501 4417 ὡς
535 4352 804 4422 ἁρπάζειν
849 4354 1235 4422 διανοούμενον
1275 4354 1374 4424 τὴν
1426 4354 1727 4424 βασιλείαν,
1771 4354 1997 4408 καὶαύ-

425 4453 528 4519 τὴν
573 4449 668 4502 καὶ
724 4446 956 4511 φίλτατα
1000 4447 1408 4514 ἀποκτιννύναι,
1451 4447 1544 4500 καὶ
1587 4445 1877 4515 Ῥωμαίων
1907 4462 1997 4499 τυ-

432 4549 683 4615 ραννεῖνς
725 4543 799 4595 Οὐ
831 4544 940 4609 γὰρ
977 4541 1150 4608 δήπου
1179 4554 1241 4606 γε
1273 4536 1310 4590 ἀ
1341 4537 1688 4608 προτείνεται
1733 4538 1860 4606 ὑμῖν
1891 4536 1998 4590 ὥσ-

427 4646 537 4708 περ
571 4639 762 4706 δέλεαρ
816 4633 908 4686 ὑπ’
951 4632 1187 4694 ἐκείνου,
1241 4630 1411 4700 ἀρχαὶ
1446 4629 1654 4682 πόλεών
1704 4646 1870 4683 τινων
1901 4629 1996 4682 καὶ

430 4728 707 4799 δημοσίων
754 4727 1050 4798 διοικήσεις
1087 4721 1153 4773 ἵν’
1185 4724 1392 4784 ἐκεῖνος
1441 4723 1500 4774 τὸ
1532 4721 1722 4790 μεῖζον
1753 4720 1848 4791 ἔχῃ
1884 4720 1997 4774 ὦσ-

431 4839 539 4891 περ
573 4821 839 4891 δεσπότης
897 4820 1219 4880 ἐπιτάττων,
1275 4816 1370 4868 καὶ
1423 4815 1640 4868 πάντων
1690 4815 1996 4868 καταδυνα-

431 4912 638 4965 στεύων
667 4913 760 4978 καὶ
790 4910 1054 4980 μειζόνων
1083 4911 1176 4961 καὶ
1209 4907 1528 4972 ἐλαττόνων,
1557 4905 1706 4959 τοῦθ’
1735 4907 1869 4976 ἡμῖν
1897 4907 1998 4974 ἀρέ

436 5008 588 5058 κέσει
629 5005 762 5073 πρὸς
790 5004 847 5054 τδ
889 4998 1312 5068 ἀποστερεῖσθαι
1345 4999 1444 5067 τῆς
1479 4995 1830 5066 ἐλευθερίας;
1865 4998 1998 5050 Οὐδέ

2099 3917 2243 3961 totus
2287 3905 2636 3974 propendens
2663 3944 2678 3966 ,
2708 3912 2763 3958 et
2790 3915 3116 3972 potestatem
3144 3919 3265 3956 eum
3309 3903 3497 3956 eodem
3527 3918 3675 3956 com-

2095 3997 2497 4056 municaverat,
2568 4010 2718 4048 nunc
2751 4004 2930 4048 tamen
2963 3995 3096 4046 nihil
3135 3994 3374 4056 obstare,
3413 3994 3544 4060 quin
3575 4009 3672 4047 co-

2095 4084 2352 4154 gnatione
2381 4083 2554 4152 juncti
2581 4123 2594 4147 ,
2626 4087 2682 4137 et
2736 4092 2962 4151 propter
2993 4084 3211 4152 generis
3257 4083 3671 4151 amplitudinem

2099 4178 2202 4232 fide
2237 4175 2410 4247 digni,
2445 4175 2620 4230 zelum
2649 4190 2748 4243 pro
2780 4175 2893 4228 tilio
2936 4175 3286 4243 imperatoris
3313 4175 3591 4240 simulent,
3620 4187 3676 4231 et

2098 4265 2513 4335 imperatricem
2561 4279 2628 4318 eo
2656 4263 2973 4332 pertrahant
2999 4304 3014 4329 ,
3049 4263 3125 4317 uti
3159 4264 3421 4332 abrogato
3446 4265 3676 4336 imperio

2097 4359 2460 4412 domesticum
2491 4365 2726 4419 evertat,
2787 4355 2990 4425 quippe
3017 4355 3109 4425 qui
3156 4357 3328 4423 ipsam
3390 4367 3446 4410 et
3475 4351 3678 4411 dulcis-

2099 4451 2268 4504 simos
2303 4449 2424 4519 ejus
2467 4447 2676 4501 liberos
2705 4445 2960 4500 occidere
2986 4489 2999 4512 ,
3062 4447 3516 4514 tyrannidemque
3543 4451 3677 4500 arri-

2100 4557 2230 4613 pere
2264 4541 2581 4596 meditetur.
2620 4539 2701 4592 An
2733 4554 2842 4592 non
2881 4538 3035 4591 enim
3063 4538 3423 4607 quarumdam
3459 4540 3674 4598 urbium

2099 4633 2476 4704 praefecturae,
2515 4640 2570 4686 et
2610 4631 2953 4700 publicorum
3003 4646 3290 4684 munerum
3333 4631 3673 4695 fi_mctiones,

2099 4742 2221 4798 qua
2254 4734 2515 4795 tanquam
2578 4737 2703 4778 esca
2758 4721 2920 4777 vobis
2964 4721 3032 4776 ab
3064 4721 3158 4776 illo
3209 4721 3563 4792 objiciuntur,
3620 4732 3680 4776 ut

2103 4821 2218 4888 ipse
2254 4817 2514 4887 majorem
2550 4823 2764 4884 partem
2818 4812 3037 4876 habeat,
3085 4825 3140 4868 et
3183 4814 3354 4867 veluti
3388 4814 3563 4868 ‘herus
3594 4813 3678 4865 iu-

2102 4910 2269 4972 beat,
2302 4915 2466 4976 atque
2517 4905 2572 4959 in
2609 4919 2821 4969 omnes,
2848 4907 3090 4959 minores
3138 4907 3480 4974 majoresque
3506 4904 3652 4958 domi
3663 4933 3680 4944 -

2102 5009 2288 5063 netur,
2336 4997 2403 5052 ad
2442 4997 2794 5052 amissionem
2827 5007 3020 5050 vestrm
3053 4995 3326 5050 libertatis
3362 4993 3634 5049 sufficient
3657 4995 3689 5046 ’ξ

435 5100 548 5165 γὰρ
597 5095 705 5146 οὐδ’
769 5093 913 5162 ὑμᾶς
965 5091 1126 5143 τοῦτο
1171 5089 1472 5158 κατάδηλον
1515 5089 1736 5159 λέληθεν
1788 5089 1869 5154 ὃν,
1925 5087 1987 5150 ὡς

2107 5091 2204 5145 Pat
2239 5088 2460 5153 tenim,
2496 5101 2602 5141 nec
2651 5101 2752 5140 vos
2801 5085 3047 5152 nescitis,
3099 5085 3194 5139 illo
3227 5085 3312 5138 vel
3349 5083 3682 5148 interfecto,

433 5189 644 5242 ἐκείνου
670 5188 929 5248 πεσόντος
961 5185 994 5255 ἢ
1046 5183 1450 5253 ἐκῧεσλημένου
1489 5183 1587 5252 τῆς
1637 5183 1833 5254 ἀρχῆς,
1870 5181 2000 5251 ὑμῖν

432 5279 648 5344 ἐξέσται
693 5277 956 5348 πράττειν
982 5273 1017 5329 ἃ
1048 5274 1287 5345 αἱρεῖσθε
1323 5273 1514 5335 ἀδεῶς,
1563 5273 1598 5343 ἢ
1629 5275 1879 5340 πρώτους
1902 5290 1994 5341 γε-

427 5369 790 5438 γενημένους,
818 5366 851 5436 ἣ
882 5367 1021 5434 μετά
1049 5366 1176 5426 τοὺς
1204 5364 1455 5434 πρώτους
1478 5361 1640 5424 εὐθὺς
1682 5361 1993 5431 Ῥωμαίων·

2104 5183 2186 5238 vel
2220 5182 2453 5252 imperio
2492 5179 2745 5248 depulso,
2791 5179 2947 5232 nullo
3001 5184 3148 5231 metu
3189 5186 3245 5230 et
3281 5176 3501 5244 impune
3541 5175 3689 5229 intc-

2098 5290 2256 5346 grnm
2305 5274 2463 5328 vobis
2509 5271 2756 5325 futurum
2792 5285 2954 5341 agere
2989 5285 3087 5340 pro
3113 5269 3404 5335 arbitratu,
3435 5282 3560 5322 cum
3591 5267 3683 5322 vel

2105 5361 2270 5434 primi
2296 5402 2311 5427 ,
2349 5363 2498 5416 vela
2539 5359 2730 5431 primis
2790 5359 3161 5414 Romanorum
3209 5357 3440 5430 proximi
3493 5356 3683 5412 statim

1672 5477 1883 5538 Jacobi
1917 5479 2180 5541 Pontani
2217 5486 2401 5538 notae.

506 5609 617 5679 (l0)
648 5608 978 5679 Ezivsctccst
1007 5605 1059 5658 in
1089 5604 1293 5659 Graeco.
1319 5617 1480 5671 quam
1507 5598 1594 5679 hic
1613 5613 1735 5679 Inoo
1766 5597 2004 5679 pruden-

2103 5595 2203 5664 pit,
2256 5609 2360 5649 nec
2409 5592 2690 5664 machinis
2745 5591 2937 5645 utitur.
2989 5587 3518 5664 Calliditasﬂautem,
3559 5585 3680 5664 sive

434 5655 1457 5741 ualiﬂ’sEJillituum";"ei"illum
1495 5670 1723 5741 reddere
1763 5655 2004 5741 oportet,
2104 5655 2654 5741 astusprudentiam,
2678 5677 2786 5717 non
2847 5675 3006 5715 secus
3035 5673 3194 5726 quam
3232 5655 3334 5710 alia
3363 5656 3512 5726 vitia,
3544 5655 3680 5711 alias

431 5735 704 5804 sententia
743 5747 818 5799 ita
871 5744 1204 5811 requirente.
1230 5743 1364 5797 Nam
1403 5739 1691 5810 prudentia
1721 5751 1826 5790 non
1859 5735 2005 5791 deci-
2041 5745 2046 5750 ·

2107 5733 2333 5789 virtutes
2371 5733 2638 5788 imitatur.
