4096 6300
533 369 642 437 807

1725 367 2045 432 JOANNIS
2084 367 2602 428 CANTACUZENI

3658 371 3764 433 808

535 465 848 537 evaseritis.
907 480 1160 552 Cogitare
1201 495 1366 552 porro
1392 522 1407 547 ,
1455 495 1553 536 vos
1587 481 1872 536 mendacia
1927 489 1982 534 et
2019 494 2110 534 ca-

2217 476 2274 528 οῦ
2311 475 2418 547 χρὴ
2450 476 2505 530 δὲ
2547 473 2684 546 πρὸς
2712 473 2813 546 τὴν
2845 475 3190 546 ἐπιχείρησιν
3218 473 3547 528 ἀναδύεσθαι
3572 476 3765 545 λογιζο-
3863 471 3866 476 ’

548 573 789 629 lumnias
818 573 884 628 ad
913 575 1299 644 imperatorem
1317 574 1599 634 allaturos,
1632 580 1687 627 et
1717 572 1788 627 ita
1812 587 1843 627 a
1870 572 2110 626 facinore

540 665 796 720 audendo
848 665 1059 719 resilire
1111 681 1218 718 non
1272 673 1509 734 oportet.
1550 665 1767 718 Etenim
1840 665 1887 718 si
1933 678 2111 733 usque

543 758 710 812 hodie
739 759 947 812 nullum
974 757 1250 811 dixissetis
1280 758 1625 812 mendacium
1654 797 1668 820 ,
1697 767 1842 813 esset
1880 758 1988 812 hoc
2015 759 2115 812 ali-

541 850 700 917 quid.
723 850 776 903 Si
805 860 987 902 autem
1021 849 1179 902 nobis
1202 850 1458 903 omnibus
1482 865 1633 918 atque
1684 859 1738 905 et
1773 851 2111 919 frequenter,

542 942 628 994 vel
657 941 841 994 lucelli
877 956 1064 1006 causa,
1098 942 1181 995 vel
1211 942 1451 1010 gratuito
1492 951 1548 995 et
1580 943 1824 1011 peierare
1876 950 1930 995 et
1957 957 2114 995 men-

543 1031 631 1086 tiri
657 1033 906 1102 contigit,
940 1048 1062 1103 quae
1111 1042 1200 1086 est
1262 1034 1361 1087 ista
1409 1034 1620 1103 religio,
1654 1035 1797 1104 quod
1831 1045 1938 1088 tam
1971 1051 2112 1103 sa-pe

541 1139 710 1178 ausus
741 1124 836 1183 sis,
891 1125 958 1177 ab
989 1139 1058 1178 eo
1107 1139 1252 1179 nunc
1311 1125 1556 1194 refugere
1585 1165 1602 1190 ,
1638 1128 1938 1196 praesertim
1986 1142 2110 1182 cum

541 1230 652 1268 non
681 1216 935 1285 exiguum
963 1217 1223 1286 quiddam
1251 1258 1264 1282 ,
1321 1218 1415 1272 sed
1453 1219 1758 1272 Romanum
1817 1218 2112 1288 imperium

543 1308 698 1362 lucro
753 1309 912 1362 vobis
965 1309 1350 1378 apponendum
1386 1309 1494 1364 sit?
1547 1309 1703 1374 Quod
1748 1311 1792 1364 si
1837 1326 1956 1364 mea
2000 1322 2110 1365 tam

547 1399 756 1454 utiliter
811 1401 1088 1456 monentis
1138 1401 1274 1454 nihil
1330 1401 1473 1470 apud
1513 1417 1611 1454 vos
1641 1401 1782 1455 valet
1807 1403 2020 1467 oratio,
2057 1410 2113 1455 at

539 1490 692 1544 fratri
718 1500 900 1544 vestro
929 1501 982 1545 et
1008 1491 1234 1555 seniori,
1269 1501 1326 1548 et
1357 1492 1553 1548 melius
1581 1492 1798 1557 scienti,
1843 1507 2004 1563 quem
2044 1508 2112 1547 ex

541 1595 728 1634 rerum
781 1581 1180 1637 mutationibus
1259 1584 1706 1652 novitatibusque
1751 1585 1986 1638 fructum
2030 1599 2114 1638 ca-

542 1687 676 1740 pere
717 1673 905 1741 possit,
945 1673 1255 1750 creditote,
1277 1690 1437 1743 quem
1473 1689 1572 1743 ego
1604 1675 1780 1743 ipsum
1806 1676 1984 1744 magni
2017 1677 2114 1729 do.

544 1762 760 1816 mestici
818 1764 1320 1817 exauctorationem
1374 1764 1532 1818 valde
1573 1766 1766 1833 opinor
1832 1773 2111 1834 expetere,

542 1868 651 1906 non
675 1853 940 1908 ferentem
970 1855 1294 1922 imperantis
1322 1855 1521 1909 fastum
1543 1896 1558 1921 ,
1593 1871 1689 1924 per
1727 1871 1889 1924 quem
1923 1871 2114 1911 omnes

542 1954 606 2000 ut
643 1947 914 2015 mancipia
945 1947 1014 2000 ab
1047 1961 1114 2000 co
1140 1958 1376 2015 aguntur
1402 1947 1780 2016 ferunturque.
1810 1946 1920 2016 Ego
1949 1948 2113 2016 igitur

541 2053 664 2106 qum
695 2037 746 2091 in
780 2053 894 2090 rem
919 2048 1161 2092 vestram
1191 2037 1493 2108 judicarem
1528 2039 1687 2092 vobis
1716 2038 1940 2108 exposui
1965 2056 1985 2103 ;
2018 2053 2116 2092 vos

542 2128 590 2183 si
622 2128 751 2196 quid
810 2144 910 2196 pro
957 2129 1128 2198 gloria
1188 2130 1429 2183 nominis
1471 2130 1636 2183 vestri
1689 2139 1744 2183 et
1787 2131 2116 2184 claritudine

539 2219 668 2272 vita:
723 2220 1044 2274 tentandum
1076 2221 1388 2286 ccnsuistis,
1420 2221 1587 2275 nolite
1628 2220 1870 2274 oblatum
1900 2229 2116 2290 tempus

540 2310 838 2381 negligere,
869 2327 979 2381 quo
1045 2311 1419 2381 przetcrlapso,
1473 2312 1748 2366 incassum
1802 2311 2112 2382 paenitebit.

525 2403 638 2474 Vlllo
685 2403 835 2457 enim
865 2404 1116 2465 absente,
1164 2402 1580 2472 expeditissime
1611 2404 1797 2458 omnia
1819 2403 2117 2474 procedent

541 2491 809 2559 feliciter;
840 2495 930 2564 qui
961 2495 1006 2549 si
1031 2494 1098 2548 ab
1127 2496 1476 2564 expeditione
1503 2496 1750 2558 redierit.
1780 2512 1867 2553 me
1891 2505 2116 2551 auctore

542 2598 612 2636 ne
641 2585 842 2639 mutire
867 2585 1090 2654 quidem
1125 2585 1422 2654 audebitis,
1485 2597 1580 2642 aut
1608 2588 1746 2643 nihil
1781 2589 2114 2657 prohibebit,

539 2672 838 2741 quominus
893 2675 1177 2745 ignoretis,
1197 2676 1290 2729 ubi
1322 2688 1593 2730 terrarum
1631 2679 1804 2747 agatis
1835 2680 1972 2749 (ll).
2006 2679 2118 2733 Nec

543 2779 648 2840 ego
680 2765 862 2820 verbis
899 2767 1083 2831 nudis,
1124 2768 1220 2823 sed
1271 2779 1328 2822 et
1371 2781 1716 2823 sacramento
1758 2769 1906 2824 dicto
1953 2769 2116 2824 [idem

540 2850 751 2910 firmam
798 2855 961 2923 dabo,
994 2873 1080 2912 me
1113 2857 1166 2912 in
1205 2859 1308 2913 hoc
1345 2860 1646 2914 certamine
1671 2859 2117 2929 impigerrimum

543 2947 814 3013 futurum,
842 2947 1153 3018 pecuniam,
1194 2965 1342 3006 arma
1365 2992 1380 3016 ,
1418 2966 1608 3006 servos
1640 2951 2114 3020 suppeditantem,

540 3040 708 3113 M9
731 3049 786 3095 et
821 3055 887 3096 co
916 3051 1296 3108 exauctoraro,
1330 3043 1385 3096 in
1412 3042 1562 3096 omni
1607 3043 1714 3096 vita
1748 3043 1902 3097 vobis
1931 3044 2116 3114 subje-

2218 569 2435 638 μένους,
2463 568 2537 631 ὡς
2559 569 2732 640 ψεύδη
2778 572 2874 624 καὶ
2933 568 3302 636 συκοφαντίας
3349 572 3552 636 ἐρεῖτε.
3588 571 3646 623 El
3677 575 3765 641 μὲν

2211 661 2318 731 γάρ
2358 661 2510 715 οὐδὲν
2559 661 2774 714 οὐδέπω
2839 659 3004 729 μέχρι
3037 659 3134 712 νῦν
3185 659 3378 728 ψεῦδος
3409 661 3602 730 εἴρητο
3633 665 3766 732 ὑμῖν,

2211 748 2280 822 ἦν
2313 753 2378 805 ἀν
2403 767 2456 804 τι
2483 750 2647 804 τοῦτο
2679 751 2814 822 πρὸς
2844 751 2938 804 τὸν
2969 751 3150 818 λόγον.
3178 753 3240 804 Εἰ
3270 751 3327 803 δὲ
3361 751 3621 809 πολλάκις
3652 753 3768 821 ἡμῖν

2211 844 2422 897 ἅπασιν
2473 845 2699 914 ὁμοίως,
2727 845 2824 898 καὶ
2873 843 2968 896 τοῦ
3024 844 3279 911 τυχόντος
3325 844 3556 913 κέρδους
3599 845 3768 907 ἓνεκα,

2212 937 2244 1005 ἢ
2279 937 2513 1000 ούδενδς,
2551 938 2643 989 καλ⁵
2669 938 2948 1006 ἐπιορκεῖν
2997 936 3092 988 καὶ
3119 936 3412 1005 ψεύδεσθαι
3464 937 3662 1006 συνέϐη
3687 979 3701 1000 ,
3726 937 3771 989 τί

2211 1025 2293 1077 δεῖ
2318 1025 2386 1078 τὰ
2444 1025 2704 1088 πολλάκις
2779 1026 3158 1097 τετολμημένα
3220 1026 3484 1096 ὀρρωδεῖν
3539 1026 3676 1090 νυνὶ,
3719 1027 3771 1077 οὐ

2216 1117 2387 1184 μικρά
2415 1132 2557 1178 τινα,
2612 1116 2748 1170 ἀλλά
2773 1117 2874 1185 τὴν
2917 1117 3210 1188 Ῥωμαίων
3264 1118 3563 1185 μέλλοντας
3614 1117 3771 1187 ἀρχὴν

2212 1207 2536 1277 κερδαίνειν;
2565 1209 2625 1260 El
2656 1208 2701 1262 δ’
2733 1211 2984 1262 ἀπιστεῖν
3008 1212 3130 1278 ἐμοὶ
3163 1210 3464 1280 κεκρίκατε
3497 1211 3568 1264 τά
3597 1209 3773 1277 βελτίω

2215 1299 2656 1366 συμϐουλεύοντι,
2689 1300 2824 1354 ἀλλὰ
2848 1300 2925 1371 τῷ
2963 1318 3022 1369 γε
3045 1301 3259 1372 ἀδελφῷ
3299 1302 3593 1355 πείθεσθαι
3620 1313 3775 1369 προσ-

2213 1393 2359 1460 ήκει,
2411 1391 2767 1462 πρεσϐυτέρῳ
2795 1409 2854 1444 τε
2887 1393 2984 1461 τὴν
3014 1392 3232 1462 ἡλικίαν
3293 1394 3428 1458 om,
3469 1396 3568 1448 καὶ
3595 1395 3775 1464 μᾶλλον

2211 1483 2368 1552 ὑμῶν
2393 1485 2550 1538 εἰδότι
2579 1483 2902 1553 μεταϐολαῖς
2927 1501 2986 1536 τε
3013 1484 3109 1537 καὶ
3135 1482 3513 1554 καινοτομίαῐς
3542 1485 3774 1554 πραγμά·

2210 1593 2319 1628 των
2357 1574 2591 1645 χρῆσθαι
2642 1577 3047 1647 προσηκόντως.
3097 1576 3300 1647 Οῐομαι
3330 1579 3386 1630 δὲ
3419 1581 3661 1650 κάκεὲνῳ
3690 1596 3774 1631 πε-

2216 1665 2614 1736 ρισπούδαστον
2671 1667 2771 1737 τὴν
2830 1669 3072 1737 μεγάλου
3118 1669 3443 1738 δομεστίκου
3495 1672 3773 1723 κατάλυσιν

2213 1753 2376 1823 εἶναι,
2411 1759 2473 1812 οὐ
2504 1759 2722 1830 φέροντι
2759 1761 2852 1812 τὸν
2879 1760 3045 1828 ϐγκον
3093 1761 3190 1827 τῆς
3217 1762 3411 1830 ἀρχῆς,
3443 1764 3541 1814 καὶ
3577 1763 3636 1814 τῦ
3657 1763 3724 1813 πά
3751 1792 3774 1804 -

2213 1863 2314 1910 τας
2344 1850 2402 1900 εν
2436 1848 2788 1919 ἀνδραπόδων
2821 1848 3053 1916 ἄγεσθαι
3083 1848 3181 1900 καὶ
3212 1849 3479 1918 φέρεσθαι
3521 1849 3613 1901 ὑπ’
3641 1850 3771 1901 ἐκεί.

2215 1955 2306 1990 νου
2333 1939 2517 2010 μοίρᾳ.
2537 1940 2679 2007 Ἐγὼ
2712 1941 2810 2010 μὲν
2838 1937 2931 1994 οὗν
2961 1941 2996 1995 ἀ
3025 1941 3328 2012 συμφέρειν
3358 1941 3573 2010 νομὶζω
3595 1942 3777 2007 συμϐε-

2215 2032 2485 2086 ϐούλευκα
2505 2033 2652 2101 ὑμῖν.
2671 2032 2834 2085 Αὐτοὶ
2865 2033 2910 2086 δ’
2937 2033 2990 2085 εί
3015 2050 3066 2086 τι
3091 2034 3222 2106 περὶ
3250 2028 3493 2098 εὐδοξίας
3521 2033 3644 2101 ὑμῶ
3697 2033 3779 2084 αὖ·

2213 2123 2324 2176 τῶν
2347 2121 2439 2174 καὶ
2477 2121 2592 2189 βίου
2633 2120 2993 2192 περιφανείας
3021 2124 3319 2192 κεκρίκατε
3357 2125 3661 2193 ἐπιχειρεῖν
3712 2123 3776 2190 μὴ

2216 2213 2501 2284 προΐεσθαι
2520 2214 2816 2280 ἀναγκαῖον
2841 2215 2932 2266 τὸν
2961 2214 3177 2285 καιρὸν,
3205 2215 3293 2268 ἴνα
3323 2215 3399 2284 μὴ
3429 2216 3776 2282 παρελῦόντος

2215 2308 2366 2360 οὐδὲν
2388 2305 2726 2376 ὠφελώμεθα
2759 2310 2823 2360 ἐκ
2853 2308 2952 2374 τῆς
2991 2307 3378 2377 μεταμελείας.
3415 2308 3661 2360 Ἐκείνου
3683 2308 3777 2378 γὰρ

2216 2401 2472 2462 ἀπόντος,
2512 2399 2686 2470 ῥᾷστα
2737 2400 2848 2452 πᾶν
2887 2397 3440 2468 κατορθωθείη.-“Δν
3490 2399 3536 2450 δ’
3585 2401 3650 2451 ὲκ
3691 2399 3775 2465 τῆς

2186 2491 2508 2563 ’στρατείας
2561 2491 2856 2562 ἐπανέλθῃ,
2916 2490 3039 2543 οὐδὲ
3091 2489 3321 2558 γρύζειν
3368 2489 3631 2558 παραινῶ
3667 2489 3775 2540 τολ-

2220 2585 2328 2655 μᾷν
2360 2601 2374 2615 ο
2409 2583 2441 2653 ἢ
2479 2583 2633 2636 οὐδὲν
2670 2582 2828 2635 ἔσται
2849 2582 2907 2634 τὸ
2945 2581 3210 2654 κωλῦσον,
3261 2581 3320 2634 τὸ
3361 2583 3496 2651 μηδ’
3555 2584 3660 2651 ὅπη
3689 2582 3776 2648 τῆς

2215 2678 2433 2746 διάγετε
2459 2673 2796 2742 ἀγνοεῖσθαι.
2837 2674 2976 2742 Ἐγὼ
3001 2674 3057 2727 δὲ
3089 2675 3151 2727 ού
3179 2675 3358 2741 λόγοις
3393 2675 3614 2740 ἁπλῶς,
3657 2674 3778 2728 ἀλλὰ

2221 2772 2314 2822 καὶ⁵
2341 2771 2522 2838 ὅρκοις
2550 2767 2859 2837 παρέξομαι
2916 2765 3132 2830 πίστεις
3175 2767 3406 2837 ἰσχυρὰς
3436 2768 3537 2820 τοῦ
3571 2768 3701 2837 πρός
3725 2782 3775 2818 τε

2216 2861 2344 2924 τοὺς
2357 2861 2574 2929 ἀγῶνας
2595 2859 3010 2932 προθυμότατον
3051 2859 3431 2930 παρασχέσθαι
3456 2860 3668 2914 ἑαυτόν·
3697 2861 3777 2912 καὶ

2219 2955 2466 3026 χρήμασι
2529 2954 2628 3008 καὶ
2688 2953 2873 3014 ὅπλοις
2917 2951 3011 3004 καὶ
3065 2953 3307 3016 οἰκέταις
3374 2954 3774 3022 συναιρόμενον,

2219 3047 2314 3101 καὶ
2348 3045 2486 3114 μετὰ
2513 3044 2614 3114 τὴν
2643 3045 2942 3099 κατάλυσιν
2969 3044 3182 3099 ἐκείνου
3225 3045 3402 3099 πάντα
3434 3045 3684 3114 ποιήσειν
3719 3041 3776 3096 τά

527 3141 713 3202 ctum,
766 3132 1030 3202 imperata
1100 3143 1284 3188 vestra
1337 3134 1610 3188 facturum
1664 3150 1766 3189 nec
1821 3135 2115 3204 quidquam

2223 3139 2676 3210 προστεταγμένα
2703 3137 2794 3206 ὑφ’
2829 3138 3006 3207 ὑμῶν,
3041 3139 3134 3191 καὶ
3166 3137 3319 3208 παρά
3343 3139 3528 3191 πάντα
3555 3138 3643 3190 τὸν
3678 3136 3775 3205 βίον

545 3227 600 3282 in
631 3239 726 3280 vos
759 3227 1074 3282 illaudabile
1107 3227 1541 3299 designaturum.
1574 3230 1668 3284 His
1705 3228 1868 3284 dictis
1894 3268 1908 3293 ,
1941 3237 1996 3283 et
2028 3231 2116 3300 juo

544 3317 840 3385 rejurando
895 3317 1175 3380 stabilitis,
1234 3320 1492 3387 qnoniam
1531 3327 1587 3373 et
1622 3319 1768 3388 ipsos
1803 3320 1868 3374 ad
1899 3320 2114 3374 obtem»

544 3409 848 3477 perandum
897 3419 1118 3478 paratos
1167 3408 1406 3473 videbat,
1445 3409 1512 3463 ad
1558 3411 1821 3466 Joannem
1857 3410 2113 3464 Gabalum

544 3513 802 3568 magnum
833 3498 1216 3568 drungarium,
1265 3500 1358 3568 qui
1400 3501 1454 3554 in
1489 3500 1759 3566 legatione
1800 3501 1866 3554 ad
1901 3501 2114 3555 Craletn

544 3603 577 3642 ι
609 3603 804 3657 magno
857 3589 1160 3642 domestico
1205 3592 1406 3645 missus
1461 3602 1804 3654 reverterat,
1863 3594 2114 3658 accedit;

547 3677 798 3747 nunquid
829 3677 896 3731 de
921 3694 976 3732 se
1000 3679 1260 3744 audierit,
1291 3689 1705 3748 percunctatur.
1739 3681 1832 3735 Illo
1859 3695 2114 3752 negante,

549 3767 621 3825 At
645 3785 768 3839 ego,
795 3771 992 3839 inquit,
1011 3771 1196 3824 infelix
1221 3772 1447 3826 nuntius
1479 3772 1576 3826 tibi
1605 3765 1870 3841 advenio;
1892 3789 2117 3844 magnus

545 3860 691 3914 enim
743 3861 1082 3916 domesticus
1139 3863 1420 3931 antiquam
1481 3863 1536 3916 in
1580 3874 1631 3918 te
1683 3865 2114 3920 benevolentiam

545 3967 668 4004 cum
707 3950 1103 4015 amaritudine,
1131 3967 1236 4020 qua
1272 3952 1463 4021 plenus
1493 3962 1596 4017 est,
1629 3955 2019 4021 commutavit;
2062 3963 2118 4008 et

547 4050 752 4095 certum
775 4050 894 4109 est,
937 4057 1045 4096 non
1098 4051 1552 4112 temperaturum,
1582 4043 1713 4112 quin
1743 4051 1794 4097 te
1829 4053 1890 4098 ut
1929 4045 2118 4113 prodi-

547 4139 716 4187 torem
745 4148 905 4186 suum
937 4133 1155 4187 multet.
1190 4132 1300 4204 Ego
1333 4133 1481 4187 enim
1524 4133 1609 4188 his
1646 4135 1877 4190 auribus
1905 4135 2114 4206 accepi,

545 4235 670 4274 cum
701 4230 754 4275 te
779 4223 1044 4276 conviciis
1071 4223 1274 4276 aﬂ'atim
1309 4224 1720 4292 proscinderet,
1749 4234 2069 4294 nugatorem
2095 4265 2113 4293 ,

545 4309 850 4379 loquacem,
870 4321 928 4364 ut
945 4311 1241 4381 plurimum
1259 4313 1635 4380 mentientem,
1649 4324 2117 4385 constupratorem

547 4403 819 4474 virginum
879 4413 935 4458 et
987 4404 1301 4474 reipublicae
1333 4405 1670 4473 proditorem
1704 4415 1945 4461 vocaret.
1977 4407 2116 4462 Nam

2223 3232 2281 3285 ὲν
2334 3231 2576 3301 ὑπηκόου
2626 3230 2795 3302 μοίρᾳ
2854 3230 3118 3286 τελέσειν.
3181 3229 3316 3301 μηδὲ
3365 3230 3424 3282 δέ
3474 3246 3604 3282 ποτε
3654 3230 3774 3300 πρὸς

2221 3322 2368 3390 ὑμᾶς
2408 3322 2827 3391 ἀγνωμονήσας.
2857 3320 3094 3374 Τοιαῦτα
3127 3319 3318 3384 εἰπὼν,
3344 3321 3441 3373 καὶ
3479 3321 3694 3390 προσέτι
3719 3335 3774 3386 γε

2220 3413 2402 3478 ὅρκοις
2451 3411 2899 3479 ἀσφαλισάμενος
2930 3410 3000 3463 τὰ
3029 3410 3317 3480 εἰρημένα,
3349 3410 3475 3462 ἐπεὶ
3510 3410 3772 3467 κάκείνους

2223 3497 2336 3568 εἶχε
2389 3498 2794 3568 πεπεισμένους
2849 3498 2987 3567 πρὸς
3043 3497 3104 3549 τὸ
3161 3497 3422 3567 πράττειν
3477 3499 3548 3551 τὰ
3603 3497 3773 3566 βεδουυ

2222 3591 2479 3661 λευμένα,
2511 3590 2650 3660 πρὸς
2677 3589 2928 3642 Γαϐαλᾶν
2968 3588 3222 3654 Ἰωάννην
3253 3588 3348 3640 τὸν
3395 3589 3576 3658 μέγαν
3602 3591 3773 3658 δρουγ-

2221 3684 2413 3752 γάριον
2437 3680 2628 3743 ἐλθὼν,
2659 3682 2718 3744 ὃς
2747 3677 2816 3751 ἦν
2845 3685 2910 3735 ὲκ
2937 3679 3038 3749 τῆς
3064 3681 3202 3750 πρὸς
3234 3681 3461 3749 Κράλην
3494 3681 3772 3751 πρεσϐείας

2221 3775 2345 3844 ἄρτι
2377 3773 2528 3843 ἥκων
2559 3772 2663 3825 ύπδ
2699 3771 2794 3826 τοῦ
2847 3772 3086 3842 μεγάλου
3131 3771 3454 3840 δομεστίκου
3501 3773 3771 3842 ᾑρημένος,

2221 3867 2278 3920 εί
2309 3883 2363 3920 τι
2393 3865 2619 3918 πύθοιτο
2652 3863 2842 3934 ⁴ἠρώτα
2887 3863 3018 3932 περὶ
3055 3863 3274 3916 ἑαυτοῦ.
3307 3862 3415 3914 Τοῦ
3451 3863 3514 3917 δὲ
3560 3865 3771 3928 ἀποκρι-

2222 3957 2453 4027 ναμένου
2490 3955 2678 4025 μηδὲν,
2694 3955 2836 4007 Ἀλλ’
2879 3954 2990 4023 ἐγώ
3031 3971 3136 4020 σοι,
3183 3949 3370 4019 εἶπεν,
3395 3956 3521 4024 ἥκω
3565 3959 3774 4024 ἄγγελος

2222 4047 2428 4102 κακῶν.
2472 4047 2551 4099 "0
2607 4046 2717 4116 γάρ
2772 4046 2944 4113 μέγας
2993 4046 3312 4116 δομέστικος
3364 4047 3464 4116 τὴν
3518 4051 3770 4116 προτέραν

2220 4139 2507 4209 εὺμὶνειαν
2533 4137 2634 4208 τὴν
2667 4138 2805 4209 πρὸς
2841 4138 2900 4192 σὲ
2927 4138 3272 4206 μεταϐαλὼν,
3307 4139 3515 4210 πολλῆς
3554 4140 3769 4194 ἀναπλᾶ·

2223 4232 2462 4300 πλησται
2525 4231 2776 4295 πικρίας,
2807 4230 2902 4283 καὶ
2933 4229 3091 4299 δῆλός
3139 4231 3286 4284 ἔστιν
3325 4232 3426 4284 οὐκ
3465 4231 3768 4300 ἀνεξόμενος

2221 4324 2274 4376 ει
2305 4323 2381 4392 μὴ
2413 4322 2571 4383 δίκας
2618 4321 2852 4390 λήψεται
2877 4321 3032 4392 παρά
3071 4320 3166 4374 σοῦ
3214 4323 3314 4392 τῆς
3358 4325 3653 4394 προδοσίας
3686 4324 3770 4389 τῆς

2223 4411 2306 4473 εἰς
2353 4409 2538 4464 αὐτόν.
2578 4409 2750 4472 Αὐτὸς
2800 4407 2910 4478 γὰρ
2959 4407 3131 4462 αὐτοῦ
3178 4410 3478 4479 ἀκηκοὶναι
3525 4412 3769 4479 λοιδορίας

545 4511 674 4552 cum
709 4511 740 4550 a
779 4511 837 4552 se
872 4496 937 4550 ad
968 4497 1274 4567 principem
1315 4495 1683 4551 'l‘riballorum
1723 4498 1936 4569 legatus
1969 4515 2115 4557 esses

2228 4501 2325 4556 σοῦ
2359 4501 2720 4572 καταχέοντος
2763 4500 3002 4562 πολλάς·
3035 4499 3280 4570 φλύαρον
3309 4502 3402 4554 καὶ
3454 4501 3616 4556 λάλον
3657 4503 3773 4555 ἀπο-

547 4586 768 4655 missus,
821 4587 1090 4658 legatione
1141 4601 1430 4658 perperam
1456 4587 1704 4644 functum
1769 4591 2119 4648 muneribus-

547 4691 657 4744 que
689 4686 1009 4746 corruptum
1037 4677 1275 4746 jurassc,
1303 4691 1498 4732 eorum
1528 4677 1676 4732 domi
1703 4690 2116 4748 procuratorem

547 4769 686 4832 fore,
708 4777 972 4837 quantum
1007 4777 1294 4838 posses,et
1320 4783 1519 4824 arcana
1546 4779 1736 4826 nostra
1780 4771 1890 4827 illis
1926 4772 2119 4843 prodi-

551 4870 754 4914 turum.
802 4859 1073 4925 Quocirca
1107 4877 1335 4932 prorsus
1371 4877 1482 4916 non
1543 4860 1850 4918 Romanum
1893 4874 1979 4930 te,
2021 4865 2118 4922 sed

548 4949 851 5006 Triballum
903 4963 1182 5008 numerat.
1214 4954 1330 5008 Hoc
1364 4969 1619 5010 sermone
1657 4956 1889 5012 Gabalas
1927 4957 2120 5013 obstuo

546 5040 820 5109 peractus,
851 5043 1020 5098 Deum
1053 5043 1264 5107 testari,
1311 5044 1448 5098 nihil
1477 5044 1580 5101 tale
1608 5049 1857 5103 conscire
1889 5049 2026 5113 sibi,
2061 5057 2120 5104 et

548 5132 866 5200 neutiquam
888 5133 1114 5188 credere
1137 5171 1152 5198 ,
1188 5149 1445 5200 magnum
1483 5135 1842 5192 domesticum
1865 5137 2004 5192 adeo
2038 5138 2124 5190 in-

548 5222 798 5278 consulto
859 5225 1223 5292 quorumdam
1273 5227 1772 5283 obtrectationibus
1811 5237 1976 5299 atque
2027 5243 2124 5283 ca-

551 5313 775 5366 lumniis
820 5311 984 5367 ﬁdem
1035 5315 1407 5382 commodare,
1443 5327 1503 5371 ut
1556 5319 1850 5372 immodice
1901 5319 2078 5373 iratus
2108 5357 2123 5385 ,

2219 4591 2508 4654 καλοῦντος
2530 4626 2545 4656 ,
2621 4592 2718 4646 καὶ
2775 4591 3110 4662 ψευδόμενον
3159 4593 3236 4656 ὡς
3284 4594 3352 4647 τά
3404 4595 3577 4649 πολλά
3608 4633 3625 4658 ,
3693 4592 3771 4646 καὶ

2221 4683 2429 4752 φθορέα
2476 4683 2571 4737 καὶ
2621 4682 2892 4752 προδότην
2933 4683 3044 4735 τῶν
3093 4673 3327 4736 κοινῶνο
3373 4686 3646 4755 ᾑρημένος
3674 4683 3768 4750 γὰρ

2221 4774 2316 4829 ὑπ’
2339 4773 2554 4828 ἐκείνου
2577 4772 2716 4844 πρὸς
2742 4773 2833 4827 τὸν
2857 4772 3093 4842 ἄρχοντα
3115 4771 3406 4841 Τριϐαλῶν
3427 4773 3765 4843 πρεσϐευτὴς,

2220 4863 2780 4936 παραπρεσϐεύσειας
2833 4864 3237 4937 δωροδοκήσας,
3271 4864 3365 4917 καὶ
3394 4866 3465 4917 τά
3485 4863 3767 4934 ,Ῥωμαίων

2221 4957 2622 5027 καταπροδοὺς,
2673 4956 2744 5010 τά
2801 4956 3030 5010 ἐκείνων
3093 4955 3384 5025 πράξειας,
3433 4957 3542 5011 ’καὶ
3594 4958 3769 5025 ὁρκοκ

2220 5045 2454 5108 ἐκείνοις
2485 5046 2944 5116 παρασχοίης,ὡς
2974 5047 3152 5115 μένων
3182 5051 3314 5116 παρ’
3340 5050 3500 5117 ἡμῖν,
3532 5046 3766 5116 πρόξενος

2214 5136 2457 5213 ,ἐκείνοις
2512 5139 2655 5207 εῐης,
2707 5141 2870 5191 παντὶ
2924 5139 3103 5191 σθένει
3171 5137 3242 5190 τὰ
3302 5140 3459 5208 ἡμῶν
3507 5138 3768 5208 ἀπόρρητα

2225 5231 2409 5292 αὐτοῖς
2459 5229 2912 5300 καταπροδιδούς.
2943 5226 3022 5283 Δι’
3073 5229 3110 5286 ἃ
3153 5231 3275 5285 οὐδὲ
3323 5232 3613 5299 Ῥωμαίοις
3651 5229 3768 5284 ὅλως

2229 5321 2484 5390 ἀνέχεται
2525 5323 2854 5390 καταλέγειν
2885 5324 2966 5387 σε,
2998 5323 3135 5376 ἀλλά
3185 5324 3285 5394 τῆς
3336 5324 3547 5394 μερίδος
3576 5320 3766 5387 ἡγεῖται

551 5413 724 5469 Ipsum
788 5403 1070 5458 absentem
1120 5405 1530 5461 condemnaret.
1579 5406 1713 5461 Cu.»
1759 5409 1905 5461 enim
1965 5407 2115 5478 longe

2233 5410 2539 5480 Τριϐαλὼν.
2572 5415 2962 5484 Καταπλαγεὶς
2991 5414 3048 5467 δὲ
3093 5417 3184 5467 ἐπὶ
3234 5414 3442 5480 τούτοις
3469 5417 3496 5469 ό
3522 5414 3557 5466 Γ
3562 5412 3763 5468 αϐαλᾶςο

1785 5553 2002 5616 Jacobi
2035 5555 2301 5617 Pontani
2337 5563 2525 5619 nouo.

617 5681 727 5751 (ll)
761 5682 865 5755 Aut
927 5683 982 5736 in
1027 5683 1274 5738 exsilium
1336 5683 1784 5750 remotissimum,
1839 5700 1868 5738 a
1919 5701 2116 5755 magno

553 5747 852 5806 domestico
880 5755 1130 5810 missum.
1175 5767 1269 5810 aut
1303 5755 1358 5808 in
1399 5747 1842 5809 obscurissimum
1895 5747 2120 5811 orol'un-

2225 5686 2622 5761 dissimumquc
2649 5691 3088 5752 carcerem.loco
3126 5702 3308 5761 ignoto
3344 5705 3438 5744 eos
3471 5695 3761 5761 contrusum

2231 5759 2295 5810 iri
2323 5757 2597 5814 insinuat:
2632 5774 2825 5818 neutro
2852 5763 2996 5838 enim
3026 5757 3188 5818 modo
3217 5762 3392 5817 scient
3426 5761 3513 5815 ubi
3549 5757 3668 5812 sint.
