4096 6300
584 346 690 411 815
1751 348 2075 412 JOANNIS
2113 340 2636 407 CANTACUZENI
3704 336 3792 401 εἶθ

586 465 976 534 imperatorem
1004 462 1287 518 veluntate
1320 463 1552 535 prmfati,
1590 479 1650 521 se
1683 480 1846 521 nosse
1876 465 2137 520 dicebant

2264 462 2547 533 Αεχθέντες
2593 458 2685 512 τὸν
2740 456 2877 524 υἱὸν,
2910 453 3352 524 ἔπειτὰιέφασαν
3393 452 3480 507 τδν
3524 451 3686 523 μέγαν
3724 452 3795 505 eos

585 568 845 624 magnum
892 552 1258 609 domesticum
1310 555 1415 610 sibi
1458 555 1620 629 413
1670 555 1970 627 imperium
2013 570 2134 610 asse

2264 556 2524 626 μέσεικον
2552 550 2748 605 ειδέναι
2775 550 2876 620 τὴν
2904 548 3186 620 βασιλείαν
3229 545 3407 616 ἑαυτῷ
3436 544 3795 613 περιποιούμε-

572 659 730 711 rere,
790 654 848 700 et
895 645 1050 700 brevi
1101 645 1336 716 cogitata
1385 647 1781 717 perfecturum.
1833 647 1986 714 Quod
2036 661 2142 702 cun

2261 665 2372 709 νον,
2406 646 2500 698 καὶ
2527 645 2651 697 ὅσον
2696 641 2910 694 οὐδέπω
2951 640 3051 710 τὴν
3090 638 3335 693 ἐπίνοιαν
3359 639 3439 701 εἰς
3470 637 3629 707 ἔργον
3667 635 3796 701 ἄγειν

575 737 1028 807 indignissimum
1049 745 1313 802 statuant,
1334 737 1608 808 iudicasse
1631 738 1858 792 minime
1879 736 2142 807 tegendas

2263 734 2685 806 βεϐουλημένον.
2729 734 2945 803 Ὅσπερ
2999 732 3184 793 αὐτοῖς
3209 735 3299 781 ’τε
3345 729 3480 797 ἄγαν
3528 728 3669 793 εδοξε
3709 729 3799 779 τῶν

586 831 681 885 sed
721 831 775 885 in
807 838 1055 900 apertum
1085 829 1441 899 proferendas
1481 829 1729 896 insidias,
1757 838 1818 883 ut
1848 845 1907 884 rc
1936 843 2142 898 perspe.

2259 826 2602 891 δεινοτάτων,
2631 826 2730 879 καὶ
2758 823 2871 878 δεῖν
2924 823 2999 893 μὴ
3034 820 3465 891 συγκαλύπτειν,
3499 819 3631 873 ἀλλὰ
3657 820 3797 888 δήλην

587 931 698 985 cta,
746 919 898 976 etde
946 935 1003 975 se
1041 920 1155 990 ipsa
1220 934 1275 976 et
1319 920 1387 977 de
1439 919 1630 976 liberis
1672 920 1821 989 quod
1861 934 1999 989 opus
2029 920 2136 974 erit

2259 918 2358 989 τὴν
2410 917 2706 988 ἐπιϐουλὴν
2759 919 2954 981 ποιεῖν,
3016 915 3083 969 ἵν’
3136 914 3458 983 αἰσθομένη,
3517 914 3585 966 τά
3635 913 3796 964 δέοντα

587 1012 871 1066 decernat.
905 1010 1025 1065 Non
1077 1010 1224 1065 enim
1275 1025 1363 1065 res
1403 1025 1597 1080 parvas
1630 1010 1684 1064 in
1736 1009 2029 1064 discrimen
2061 1024 2142 1063 vo-

2263 1010 2392 1081 περί
2440 1028 2499 1063 τε
2533 1008 2734 1078 ἑαυτῆς
2784 1006 3144 1079 βουλεύσηται
3201 1007 3293 1060 καὶ
3341 1007 3567 1060 τέκνων.
3598 1006 3668 1057 Οὐ
3712 1005 3802 1075 γὰρ

587 1098 724 1163 cari,
775 1098 869 1152 scd
926 1097 979 1152 id
1043 1100 1155 1169 agi,
1209 1108 1391 1154 utrum
1441 1115 1565 1153 cum
1620 1098 1886 1169 dignitate
1949 1099 2142 1161 vivant,

2264 1107 2393 1176 περὶ
2426 1104 2641 1175 μικρῶν
2675 1120 2837 1157 τινων
2868 1098 3008 1155 εῖναι
3048 1102 3140 1155 τὸν
3188 1101 3431 1154 κίνδυνον
3477 1098 3674 1160 αὑτοῖς,
3702 1098 3796 1183 ἀλλ’

586 1198 801 1243 retento
833 1189 1086 1259 imperio,
1118 1190 1427 1263 quodjure
1466 1201 1693 1261 paterno
1721 1190 1938 1243 illorum
1958 1188 2048 1255 sit,
2089 1203 2142 1241 ar

2263 1195 2375 1248 εἴτε
2417 1192 2518 1264 ζῇν
2554 1193 2736 1256 καλῶς
2761 1192 2861 1260 τῆς
2894 1193 2960 1245 ὲκ
3008 1189 3266 1261 πατρῴου
3300 1189 3503 1260 κλήρου
3534 1190 3804 1258 προσηκού-

589 1291 714 1330 cum
739 1276 1009 1333 dedecore
1049 1279 1322 1334 intereant
1384 1280 1502 1349 ejus
1554 1279 1786 1344 insidiis,
1823 1277 1916 1347 qui
1946 1288 2142 1333 sumtu:

2263 1292 2363 1356 σης
2414 1285 2710 1355 ἐχομένους
2761 1283 3063 1355 βασιλείας,
3112 1283 3144 1354 ἢ
3201 1282 3574 1351 ἀποθνήσκειν
3622 1278 3804 1341 ἀκλεῶς

584 1374 768 1421 rerum
807 1368 1266 1432 administranda,
1304 1379 1506 1423 tantam
1533 1368 1637 1423 sibi
1679 1369 1977 1438 potentiam
2010 1382 2142 1423 com‘

2260 1376 2747 1438 έπιὸουλευθέντας
2787 1375 2881 1427 ὑπ’
2920 1375 3132 1428 ἐκείνου
3179 1372 3413 1443 δύναμιν
3455 1371 3711 1438 τοσαύτην
3751 1373 3803 1423 ὲκ

584 1459 811 1528 pararit.
866 1460 1216 1530 Imperatrix,
1255 1461 1568 1529 suspicione
1626 1459 1915 1514 veritatem
1983 1458 2142 1527 ipsau

2256 1467 2351 1522 τοῦ
2379 1467 2488 1520 τῶν
2523 1468 2870 1538 πραγμάτων
2900 1467 3089 1537 ἄρχειν
3115 1465 3483 1534 κεκτημένου.
3519 1463 3728 1525 Βατιλὶς
3755 1462 3801 1514 δι

583 1550 885 1619 attingens,
940 1565 1050 1603 non
1084 1551 1250 1605 modo
1299 1549 1702 1620 querimoniam
1731 1565 1840 1604 non
1882 1548 2142 1619 probavit

2259 1559 2643 1614 ὑποπτεύουσα
2696 1560 2829 1629 ὅπερ
2866 1554 2954 1627 ἦν,
2986 1559 3046 1611 οὺ
3115 1558 3275 1627 μόνον
3328 1557 3427 1610 οὐκ
3485 1556 3702 1625 ἐπῄνεσε
3747 1555 3801 1608 τὰ

582 1643 677 1698 sed
723 1656 842 1695 eam
880 1651 1145 1711 praeterea
1187 1645 1302 1697 visa
1336 1649 1421 1697 est
1466 1640 1694 1696 moleSte
1741 1640 1911 1706 ferre,
1946 1654 2142 1710 eosque

2257 1650 2546 1723 εἰρημένα,
2600 1647 2718 1703 ἀλλ’
2771 1651 2933 1720 ὲῴκει
2995 1649 3088 1702 καὶ
3140 1649 3419 1718 ἀχθομένη
3478 1648 3568 1701 διὰ
3630 1645 3796 1701 ταῦτα.

581 1732 892 1795 admonuit,
930 1739 991 1786 ut
1023 1732 1109 1786 his
1134 1730 1643 1793 criminationibus
1686 1729 2142 1799 supersederent:

2259 1742 2490 1812 παρῄνει
2530 1758 2590 1793 τε
2622 1741 2810 1803 αὐτοῖς
2843 1741 3143 1811 ἀπέχεσθαι
3186 1742 3294 1793 τῶν
3324 1738 3713 1808 συκοφαντιῶν,
3739 1738 3799 1801 ὡς

581 1822 851 1892 quidquid
880 1823 1026 1877 enim
1064 1823 1132 1877 de
1156 1837 1353 1892 magno
1384 1822 1688 1877 domestico
1717 1798 1953 1887 dicatur,
1982 1821 2142 1890 ipsam

2257 1798 2468 1895 oue-5:5;
2494 1830 2573 1884 ὅσ⁹
2612 1831 2678 1885 ἄν
2706 1798 2804 1893 τις.
2826 1798 2986 1884 sine:
3025 1830 3309 1884 διάστασιν
3358 1798 3500 1901 αὑτῇ
3531 1798 3799 1900 δυναμένου

583 1908 655 1964 ab
683 1925 748 1964 eo
781 1911 1013 1965 distrahi
1063 1927 1127 1966 ac
1154 1912 1422 1967 dissidere
1448 1926 1556 1965 non
1582 1925 1761 1979 posse,
1792 1926 1913 1981 qua:
1943 1925 2072 1966 vera
2100 1918 2142 1964 el

2259 1923 2397 1993 πρὸς
2454 1922 2546 1975 τον
2604 1922 2777 1992 μέγαν
2841 1920 3173 1991 δομέστικον
3247 1922 3584 1992 ἐμποιῆσαιο
3643 1920 3801 1988 σαφῶς

586 2014 981 2067 consentanea,
1012 2019 1120 2057 non
1150 2003 1527 2058 commentitia
1550 2003 1617 2057 de
1647 2002 1742 2058 illo
1766 2003 1923 2070 plane
1946 2000 2142 2057 credat.

2258 1996 2621 2083 πεπεισμένη
2651 2012 2862 2082 τάληθῆ
2919 2012 3014 2066 καὶ
3064 2000 3416 2081 προσήκοντα
3467 2012 3597 2081 περὶ
3635 2008 3798 2063 αὐτοῦ.

594 2091 887 2163 Postquam
941 2094 997 2147 hi
1042 2094 1293 2150 frustrati
1342 2104 1709 2162 recesserunt,
1758 2094 1984 2149 Artotus
2029 2108 2142 2149 cum

2257 2100 2417 2154 Ἐπεὶ
2434 2101 2489 2153 δὲ
2520 2100 2793 2168 ἄπρακτοι
2822 2100 3020 2153 ἐκεῖνοι
3043 2099 3339 2170 ἐπανῆκον,
3358 2100 3625 2170 Ἀρτῶτος
3659 2110 3801 2168 προσ-

583 2195 757 2239 matre
797 2185 1079 2250 mittitur,
1127 2186 1222 2255 qui
1261 2187 1453 2241 eadem
1505 2195 1816 2251 narrantes,
1858 2198 2142 2257 antequam

2255 2192 2536 2261 επέμπετο
2609 2189 2726 2260 ἃμα
2782 2191 2849 2259 τῇ
2914 2188 3081 2260 μητρί
3130 2204 3148 2222 ο
3206 2191 3277 2242 τὰ
3331 2192 3422 2243 ῐσα
3476 2190 3534 2242 δὲ
3589 2192 3800 2242 κάκεῖνοι

580 2276 947 2342 absolverent,
995 2291 1118 2331 cum
1168 2274 1278 2332 bile
1330 2285 1386 2332 et
1433 2281 1716 2333 stomacho
1762 2280 1946 2350 rtjecti
2003 2286 2142 2334 sunt.

2255 2282 2713 2348 ἀπαγγείλαντες,
2766 2281 3211 2351 ἀπεπέμφθησαν
3269 2283 3406 2351 πρὸς
3463 2281 3667 2352 ὀργὴν,
3700 2278 3800 2333 om

578 2362 854 2418 Postridie
905 2362 1193 2419 Chumnus
1226 2380 1349 2420 cum
1400 2366 1513 2420 (ilio
1551 2377 1607 2421 et
1655 2383 1858 2437 genero
1901 2367 2142 2423 Manuele

2252 2372 2408 2435 δλους
2450 2372 2683 2425 ἀκοῦσαι
2728 2372 2834 2442 τῆς
2881 2371 3154 2441 βασιλίδος
3201 2372 3328 2436 τοὺς
3358 2373 3558 2440 λόγους
3598 2374 3802 2439 άνασχιν

579 2453 962 2509 Cautacuzeno
1013 2455 1174 2521 duce,
1222 2468 1279 2511 et
1329 2455 1531 2511 Gabala
1586 2459 1817 2519 accedit,
1853 2460 2008 2528 quasi
2057 2458 2142 2528 qui

2257 2465 2444 2535 μένης.
2479 2462 2571 2526 Ei;
2596 2463 2693 2532 τὴν
2723 2463 3020 2533 ὑστεραίαν
3050 2460 3106 2516 δὲ
3132 2463 3160 2515 δ
3191 2462 3446 2533 Χοῦμνος
3481 2464 3597 2532 ἅμα
3627 2465 3723 2514 uisi
3748 2474 3797 2513 τε

579 2545 860 2600 recentius
911 2547 1193 2616 quidpiam
1252 2548 1586 2602 rescierint:
1631 2548 1897 2617 explicate
1946 2563 2142 2602 memo-

2254 2552 2347 2606 καὶ
2395 2552 2631 2624 κηδεστῇ
2681 2550 2942 2623 Μανουὴλ
2985 2552 3435 2624 Καντακουζηνῷ
3484 2554 3561 2623 τῷ
3593 2566 3801 2623 στρατη-

574 2630 726 2699 ιίοιιι,
770 2648 876 2689 ιιοιι
911 2634 1297 2700 desidendum,
1338 2634 1432 2688 sed
1478 2634 1545 2688 ad
1576 2635 1686 2688 vim
1723 2635 2142 2703 propulsandam

2257 2645 2524 2714 γοπούλῳ,
2585 2644 2680 2697 καὶ
2740 2643 2990 2707 Γαϐαλᾶς
3038 2643 3242 2713 ὁμοίως
3298 2643 3532 2713 βασιλίδι
3593 2643 3797 2712 προσελ-

578 2727 1014 2795 exsurgendum,
1043 2742 1103 2781 se
1132 2728 1365 2796 pecunia
1394 2736 1451 2781 et
1479 2728 1646 2782 armis
1673 2727 1879 2782 bellum
1912 2728 2142 2783 futuros.

2252 2733 2458 2797 θόντες,
2486 2732 2563 2794 ὡς
2591 2732 2654 2802 δή
2684 2747 2738 2784 τι
2768 2732 3035 2797 νεώτερον
3065 2733 3436 2801 πεπυσμένοι,
3480 2730 3796 2803 ἀπήγγελλον

572 2816 713 2872 Nam
743 2832 865 2872 cum
892 2817 1327 2874 benevolentiam
1375 2818 1648 2888 ﬁdemque
1685 2819 1998 2888 imperatori
2022 2818 2142 2873 inde

2254 2824 2393 2894 μετά
2432 2823 2707 2894 σπουδῆς·
2743 2822 3136 2878 συνεϐούλευόν
3176 2830 3236 2876 τε
3269 2824 3344 2895 μὴ
3375 2825 3662 2896 ῥᾳθυμεῖν,
3685 2823 3796 2895 άλλά

576 2924 606 2964 a
642 2910 874 2978 pueritia
919 2911 1261 2976 navaverint,
1296 2920 1404 2965 tam
1435 2900 1832 2966 incredibilem.
1859 2911 2142 2965 audaciam

2248 2915 2629 2969 διανίστασθαι
2662 2917 2796 2985 πρὸς
2827 2915 3043 2986 ἄμυναν
3072 2916 3149 2980 ὡς
3180 2916 3274 2969 καὶ
3323 2919 3510 2971 αὐτῶν
3554 2918 3644 2970 καὶ
3679 2918 3794 2987 χρήο

578 3001 723 3057 ferre
764 3002 1020 3071 nequire,
1051 3002 1321 3070 tnalleque
1372 3007 1537 3057 etiam
1582 3002 1795 3057 animas
1824 3016 1952 3056 suas
1980 3002 2148 3071 proji-

2253 3020 2387 3076 μασι
2430 3006 2525 3060 καὶ
2567 3006 2756 3067 ὅπλοις
2807 3007 3276 3077 συνεφαψομένων
3320 3007 3412 3062 τοῦ
3450 3009 3700 3078 πολέμου.
3731 3006 3794 3061 Οὐ

574 3106 723 3159 cere,
752 3107 914 3162 quam
942 3094 1058 3148 haec
1085 3091 1273 3149 videre
1319 3102 1373 3149 et
1403 3095 1635 3164 perpeti.
1667 3094 1991 3165 lmperatrix
2019 3109 2142 3149 cum

2249 3097 2360 3166 γὰρ
2400 3097 2589 3168 φέρειν
2634 3100 2701 3168 τῇ
2732 3098 2813 3161 εἰς
2847 3096 3070 3167 βασιλέα
3110 3099 3299 3171 εὐνοίᾳ
3340 3100 3439 3154 καὶ
3489 3101 3664 3154 πίστει
3687 3116 3793 3153 συν·

560 3180 778 3268 ἐτοιὶοο
823 3196 890 3251 de
942 3204 1049 3251 tam
1082 3212 1350 3267 propensa
1390 3197 1674 3253 voluntate
1704 3198 1926 3269 egisset,
1975 3198 2147 3254 dixis-

572 3298 786 3357 setque,
821 3287 927 3342 sibi
962 3303 1185 3356 quoque
1237 3289 1466 3343 minime
1513 3288 1744 3343 dubium
1790 3289 1992 3354 videri,
2027 3304 2144 3355 eos,

572 3378 619 3433 si
657 3378 786 3448 quid
814 3380 919 3435 tale
954 3378 1254 3444 accideret,
1279 3394 1406 3433 cum
1437 3380 1636 3449 quovis
1662 3378 1923 3434 alacriter
1953 3394 2055 3451 pro
2084 3395 2146 3435 se

570 3467 952 3530 dimicaturos,
983 3468 1307 3523 hortabatur
1349 3478 1552 3536 tamen,
1598 3478 1660 3524 ut
1691 3470 1761 3526 de
1810 3486 2011 3542 magno
2048 3470 2147 3525 do-

572 3557 801 3612 mestico
847 3558 951 3612 ista
1000 3559 1149 3628 loqui
1204 3559 1789 3631 omitterent,quippe
1849 3577 1999 3617 mera
2045 3562 2146 3633 (ig-

526 3714 535 3725 ‘
572 3657 760 3702 menta
814 3656 871 3701 et
934 3647 1270 3714 calumnias;
1313 3649 1432 3720 ejus
1464 3650 1612 3705 enim
1639 3666 1762 3719 erga
1792 3666 1851 3706 se
1887 3661 1942 3707 et
1976 3652 2147 3722 impe-

572 3748 813 3794 ratorem
887 3737 1061 3792 tilium
1113 3747 1367 3809 prompta
1437 3756 1501 3796 ac
1556 3750 1745 3810 parata
1799 3742 1983 3796 studia
2035 3741 2145 3796 sibi

572 3830 1011 3900 cxploratissima
1063 3846 1185 3886 esse
1218 3850 1233 3885 :
1267 3847 1357 3898 ne,
1410 3832 1456 3886 si
1509 3831 1732 3887 rediens
1795 3849 1855 3889 se
1917 3833 1987 3888 ab
2032 3833 2145 3889 illis

570 3921 769 3976 borum
823 3923 1112 3977 criminum
1166 3916 1491 3978 accusatum
1556 3922 1848 3993 intelligat,
1898 3924 1952 3979 id
2006 3924 2145 3995 ipsis

570 4016 772 4072 merito
802 4014 1094 4070 irascatur.
1134 4015 1226 4071 Sic
1262 4016 1669 4085 imperatricem
1696 4016 1834 4071 nihil
1865 4016 2141 4072 dictorum

570 4120 602 4160 a
626 4105 979 4175 praeiudicata
1011 4105 1294 4176 opinione,
1325 4107 1510 4161 omnia
1540 4112 1641 4173 pro
1671 4106 1870 4162 fabulis
1899 4123 1935 4169 ο.
1957 4109 2144 4178 cujus-

570 4213 679 4267 que
711 4196 930 4266 ingenio
955 4196 1214 4266 profectis
1241 4197 1532 4252 ducentem
1564 4199 1797 4268 depulit.
1827 4198 1964 4254 Cum
1999 4212 2053 4253 et
2083 4199 2140 4253 hi

569 4287 640 4341 ad
671 4287 810 4341 alios
843 4287 1097 4357 regressi,
1134 4302 1457 4357 responsum
1491 4288 1833 4350 retulissent,
1865 4304 1975 4344 non
2003 4290 2142 4345 levis

571 4381 743 4436 timor
791 4382 1014 4436 incessit
1077 4396 1294 4446 omnes,
1350 4390 1595 4436 extremo
1636 4382 1752 4452 jam
1798 4383 2046 4451 periculo
2080 4398 2140 4438 se

2247 3189 2680 3261 τεθραμμένους,
2712 3189 2814 3262 τὴν
2855 3190 3163 3263 ὕπερόολὴν
3212 3193 3346 3264 δρᾷν
3379 3193 3494 3247 τῶν
3542 3191 3796 3263 τολμωμέο

2248 3296 2353 3333 νων
2378 3296 2393 3313 ⁸
2427 3279 2545 3333 ἀλλ’
2578 3282 2927 3352 ἑτοιμότερον
2959 3281 3106 3352 ἔχειν
3138 3285 3233 3337 καὶ
3265 3284 3367 3345 τὰς
3410 3285 3592 3356 ψυχὰς
3638 3285 3794 3355 προΐε·

2250 3371 2375 3425 σθαι
2409 3371 2603 3440 αὑτάς,
2644 3373 2677 3445 ἢ
2708 3373 2935 3428 τοιαῦτα
2966 3377 3230 3447 γινόμενα
3269 3379 3560 3448 περιϊδεῖν.
3596 3378 3791 3438 Βασιλὶς

2246 3462 2302 3516 δὲ
2341 3464 2436 3516 καὶ
2480 3465 2664 3527 αὐτοῖς
2695 3466 3080 3539 δμολογήσασα
3121 3468 3221 3537 τῆς
3267 3469 3586 3540 προθυμίας
3630 3470 3787 3541 χάριν,

2247 3555 2345 3609 καὶ
2391 3557 2683 3609 πεπεῖσθαι
2729 3558 2825 3612 καὶ
2862 3559 3004 3628 αὐτὴ
3042 3562 3232 3630 σαφῶς
3285 3560 3543 3626 είποῢσα,
3575 3562 3645 3625 ὡς
3674 3562 3721 3613 εί
3743 3576 3790 3613 τι

2248 3645 2492 3716 συμδαίη
2516 3646 2780 3713 τοιοῦτον,
2804 3646 3102 3718 προθύμως
3130 3648 3295 3703 παντί
3316 3668 3393 3720 τῳ
3409 3651 3789 3722 πολεμήσουσιν

2247 3733 2386 3802 ὑπὲρ
2429 3735 2621 3803 αὐτῆς,
2670 3733 2866 3790 ἔπειτα
2921 3737 3159 3807 παρῄνει
3209 3740 3318 3791 τῶν
3371 3741 3519 3793 κατά
3580 3740 3785 3809 μεγάλω

2246 3825 2565 3895 δομεστίκου
2617 3826 2792 3895 λόγων
2844 3827 3210 3898 ἀποσχέσθαι,
3243 3832 3317 3895 ὡς
3363 3826 3522 3887 οὐδὲν
3576 3829 3783 3900 δντωνῆ

2246 3916 2473 3987 πλάσμα
2504 3919 2598 3969 καὶ
2637 3921 3027 3987 συκοφαντίαν,
3061 3921 3258 3975 εἰδέναι
3292 3923 3401 3994 γάρ
3449 3925 3684 3995 ἀκριϐῶς
3707 3921 3788 3991 τὴν

2244 4011 2456 4063 ἐκείνου
2503 4010 2640 4077 πρὸς
2688 4011 2857 4082 αὐτὴν
2888 4011 3101 4066 εὔνοιαν
3130 4017 3226 4067 καὶ
3274 4016 3506 4084 βασιλέα
3529 4018 3618 4072 τὸν
3648 4016 3745 4069 υίόν
3771 4031 3784 4045 ·

2249 4104 2324 4176 μὴ
2364 4105 2455 4158 καὶ
2508 4104 2798 4175 μετά’τὴν
2845 4107 3104 4161 ἐπάνοδον
3142 4108 3211 4161 τὰ
3262 4109 3393 4179 παρ’
3441 4111 3597 4180 ὑμῶν
3644 4107 3785 4164 αὑτοῦ

2245 4197 2672 4267 κατηγορημένα
2751 4198 3014 4268 ἐκμαθὼν
3086 4199 3316 4263 δικαίως
3386 4202 3608 4271 ἄχθοιτο
3677 4201 3784 4270 ὑμῖν

2243 4289 2467 4342 τοιαῦτα
2503 4288 2774 4360 είρηκόσι.
2807 4289 3025 4352 Βασιλὶς
3056 4289 3157 4360 μὲν
3180 4287 3275 4344 οὖν
3303 4290 3447 4344 οὕτω
3477 4293 3613 4362 πρὸς
3637 4291 3778 4360 μηδὲν

2243 4380 2353 4432 τῶν
2376 4382 2684 4452 είρημένωδ
2712 4381 2822 4435 τῶν
2848 4382 3086 4453 ὲξαρχῆς
3127 4383 3319 4455 ἐξέστη
3341 4383 3638 4454 λογισμῶν,
3666 4381 3781 4435 ἀλλὰ

506 4534 509 4539 ,
567 4474 977 4528 circumventos
1005 4472 1409 4536 existimantes,
1438 4472 1544 4527 nisi
1583 4472 1719 4541 quid
1761 4472 1928 4529 dictis
1953 4473 2139 4531 eﬂlca-

2246 4474 2541 4546 πλάσματα
2567 4478 2754 4545 ἠγεῖτο
2802 4477 2979 4531 πάντα
3010 4477 3113 4530 ὑπὸ
3161 4479 3261 4546 τῆς
3306 4480 3545 4534 ἑκάστου
3572 4476 3781 4536 διανοίας

570 4567 692 4620 cius
748 4565 1082 4619 invenirent.
1132 4563 1285 4630 Quos
1333 4563 1698 4633 Apocauchus
1752 4578 2015 4630 monere,
2067 4580 2141 4621 ne

569 4666 991 4717 cunctarentur,
1038 4671 1165 4710 nam
1198 4656 1268 4712 de
1316 4671 1513 4727 magno
1556 4657 1859 4713 domestico
1902 4657 2137 4729 prolata,

569 4757 679 4803 tam
709 4748 896 4802 multis
919 4748 1158 4802 consciis
1183 4747 1403 4803 silentio
1435 4749 1543 4818 tegi
1565 4763 1674 4804 non
1700 4763 1862 4819 posse
1895 4765 1910 4802 :
1941 4762 2065 4818 quae
2093 4747 2142 4804 si

569 4839 847 4901 rescierit,
885 4838 1056 4892 licere
1083 4837 1263 4892 cuivis
1291 4837 1598 4909 intelligere
1630 4839 1866 4910 periculi
1891 4838 2140 4895 secuturi

567 4929 1027 5000 magnitudinem.
1060 4927 1227 5001 414
1251 4929 1459 4985 Idcirco
1511 4931 1872 4996 hortabatur,
1926 4947 1997 4987 ne
2042 4931 2140 4987 de-

567 5023 884 5093 speratione
936 5021 1109 5086 victi,
1159 5020 1376 5075 actione
1439 5021 1809 5089 dcsisterent,
1867 5023 1965 5078 sed
2013 5022 2142 5077 aliis

567 5114 828 5168 omnibus
868 5110 1218 5182 posthabitis,
1276 5111 1381 5166 hoc
1422 5124 1604 5166 unum
1651 5122 2139 5182 persequerentur,

566 5211 630 5258 ut
659 5203 728 5259 de
753 5201 1119 5279 acerbissimo
1161 5200 1322 5256 hoste
1353 5198 1785 5268 triumpharent,
1818 5207 1915 5254 aut
1946 5198 2141 5255 saltem

567 5312 639 5353 ne
696 5295 1044 5351 atrocissime
1094 5294 1165 5348 ab
1217 5307 1284 5348 eo
1339 5293 1730 5348 multarentur.
1783 5291 2026 5348 Proinde
2069 5289 2141 5346 ad

567 5370 936 5458 patriarcham
968 5393 1025 5439 et
1053 5383 1426 5440 Andronicum
1453 5384 1713 5450 Asanem,
1744 5384 1928 5454 magni
1950 5382 2142 5438 dome-

568 5478 691 5535 stici
714 5492 988 5543 socerum,
1005 5476 1159 5531 velut
1181 5478 1249 5531 ad
1271 5491 1482 5533 sacram
1499 5476 1797 5532 anchoram
1818 5473 2141 5545 confugien-

567 5568 707 5624 dum
755 5568 1386 5638 judicaruntzquorum
1445 5567 1578 5637 quia
1627 5566 1809 5636 potior
1868 5572 2020 5621 esset
2070 5562 2140 5617 ad

569 5657 1013 5727 persuadendum
1067 5656 1401 5722 auctoritas,
1457 5671 1555 5726 per
1606 5656 1755 5727 ipsos
1802 5654 2141 5725 imperatrici

568 5753 838 5807 terrorem
886 5762 949 5804 ac
1000 5757 1206 5803 metum
1263 5749 1596 5804 incuterent.
1642 5748 1797 5805 Nan»
1828 5748 2139 5817 patriarcha

2243 4566 2734 4637 ἀναπεπλασμὲνα.
2781 4569 2868 4630 Ὧς
2903 4567 2959 4620 δὲ
2991 4570 3084 4621 καὶ
3112 4563 3261 4623 οὗτοι
3294 4570 3429 4641 πρὸς
3464 4572 3589 4633 τοὺς
3621 4568 3782 4626 ἄλλους

2243 4656 2613 4720 συνελθόντες.
2646 4658 2745 4712 ὅσα
2768 4659 2801 4729 ἡ
2834 4658 3050 4728 βασιλὶς
3078 4660 3427 4730 ἀπήγγελλον
3453 4659 3777 4729 ἀποκριθείη,

2240 4747 2359 4810 δέος
2381 4747 2507 4818 ἔσχε
2540 4750 2747 4812 πάντας
2776 4751 2877 4813 οὐκ
2908 4750 3112 4819 ὀλίγον,
3143 4753 3238 4806 καὶ
3267 4755 3327 4805 έν
3366 4754 3616 4823 ἐσχάτοις
3640 4749 3782 4821 ᾤοντο

2241 4837 2345 4909 ἤδη
2400 4837 2753 4908 περιέχεσθαι
2811 4842 3124 4905 κακοῖς,ίεί
3189 4842 3263 4919 μή
3314 4860 3371 4894 τι
3428 4840 3782 4911 βουλεύσαιντο

2240 4931 2651 5003 ἀνυσιμώτερον
2709 4933 2817 4986 τῶν
2863 4935 3190 5005 είρημένων.
3246 4934 3603 4989 Συνεὸούλευέ
3657 4948 3708 4987 τε
3755 4930 3778 4979 ὁ

2243 5023 2738 5094 παρακοιμώμενος
2794 5024 2980 5088 αὐτοῖς
3040 5025 3240 5095 μηκέτι
3295 5026 3548 5095 μέλλειν
3591 5023 3654 5077 τὰ
3695 5021 3779 5091 μὲν

2242 5116 2352 5185 γὰρ
2399 5117 2529 5186 περὶ
2590 5115 2834 5184 μεγάλου
2891 5115 3219 5187 δομεστίκου
3288 5116 3558 5187 είρημένα
3623 5109 3776 5176 σιωπῇ

2243 5205 2614 5272 καλύπτεσθαι
2665 5205 2726 5258 ού
2778 5206 3026 5270 δυνατὸν,
3071 5207 3286 5259 πολλῶν
3338 5208 3447 5259 τῶν
3493 5204 3775 5260 συνειδότων

2240 5295 2446 5350 ὄντων’
2490 5285 2810 5368 καταδήλων
2860 5299 2918 5354 δὲ
2969 5299 3166 5370 ἐκείνῳ
3210 5299 3540 5368 γενομένων,
3577 5291 3773 5362 συνορᾷν

2241 5387 2453 5452 ἔξεστιν
2506 5389 2722 5461 ἑκάστῳ
2765 5391 2859 5444 τοῦ
2909 5391 3155 5445 κινδύνου
3198 5395 3298 5462 τὴν
3348 5389 3662 5459 ὑπερϐολήν.
3699 5381 3773 5435 Διὸ

2241 5474 2361 5528 οὐδὲ
2383 5476 2619 5547 παρῄνει
2645 5477 2911 5549 ῥᾳθυμεῖν
2933 5480 3269 5548 ἀπογνόντας
3293 5480 3429 5550 πρὸς
3450 5480 3543 5547 τὴν
3569 5472 3773 5545 πρᾶξιν,

2242 5565 2380 5621 ἀλλὰ
2405 5567 2513 5620 τῶν
2542 5567 2718 5622 ἀλλων
2751 5570 3162 5640 ἀποσχομένους
3191 5573 3434 5637 πάντων,
3472 5569 3583 5630 ἑνὸς
3608 5563 3771 5618 τούτου

2242 5656 2491 5726 γίνεσθαι
2536 5658 2722 5728 μόνου,
2781 5660 2931 5725 ὅπως
2978 5663 3356 5732 περιγένοιντο
3402 5659 3497 5714 τοῦ
3528 5657 3772 5723 πολεμιω·

2223 5746 2429 5833 idat»,
2447 5748 2502 5820 il,
2534 5749 2607 5833 Δτά
2629 5766 2694 5821 γε
2725 5751 2976 5825 δεύτερα,
3013 5755 3093 5826 μὴ
3118 5754 3185 5810 τὰ
3209 5755 3485 5826 ἀνήκεστα
3508 5746 3633 5820 παρ’
3653 5740 3773 5798 ὲκεί-
