4096 6300
310 431 415 495 817

1502 448 2044 513 HISTORIARUM
2080 450 2313 513 LIBER
2351 449 2469 511 IlI.

3448 440 3555 501 διε

308 567 401 646 νου
437 550 660 646 πάθοιεν
691 553 865 610 αὐτοί.
915 555 1121 611 Ἐδὸκει
1155 558 1220 628 δὴ
1256 558 1351 612 καὶ
1376 562 1749 630 πατριάρχην,
1786 559 1882 614 καὶ

1993 571 2347 631 praeterquam
2409 561 2556 631 quod
2616 560 2692 617 illi
2755 562 2892 616 bene
2955 571 3161 646 cupere
3225 554 3557 617 videbatur.

308 641 402 690 τὸν
445 641 681 710 ’Λσάνην
716 645 1058 714 ’Δνδρόνικον
1085 649 1212 703 ὅντα
1238 649 1336 702 τοῦ
1362 650 1602 719 μεγάλου
1633 648 1884 719 δομεστί-

306 748 407 782 κου
442 735 726 803 πενθερὸν,
755 735 944 808 ὥσπερ
973 738 1223 809 ἄγκυράν
1253 757 1377 794 τινα
1400 740 1651 795 καθεῖναι
1689 741 1840 810 ἱεράν
1867 754 1883 771 ο

307 820 407 872 καὶ
457 821 526 874 δι’
571 823 751 877 αὐτῶν
780 826 879 894 τῆς
930 828 1205 896 βασιλίδος
1248 833 1375 894 τοὺς
1428 832 1726 901 λογισμοὺς
1769 848 1889 884 πει-

308 909 512 976 ρᾶσθαι
562 914 899 987 κατασείειν,
931 916 1039 968 τῶν
1075 917 1253 973 ἄλλων
1278 919 1494 973 πάντων
1528 920 1885 988 ἀξιολογωτέ-

309 1017 419 1071 ρων
458 1000 627 1055 ὄντων
668 1003 805 1072 πρὸς
846 1006 905 1059 τὸ
962 1006 1243 1061 πείθεσθαι
1288 1010 1494 1072 αὐτοῖς,
1557 1011 1654 1063 ac;
1684 1010 1748 1078 δὴ
1779 1027 1887 1063 πα-

304 1091 573 1162 τριάρχου
611 1093 712 1159 μὲν
740 1095 875 1164 πρὸς
902 1099 967 1166 τῇ
991 1098 1229 1171 δοκούσῃ
1259 1101 1391 1171 πρὸς
1425 1102 1642 1172 ἐκείνην
1702 1103 1884 1174 εὐνοίᾳ

307 1184 406 1234 καὶ
441 1185 707 1257 ἱερωσύνῃ
753 1190 818 1257 τῇ
871 1190 1107 1265 μεγίστῃ
1151 1195 1543 1263 τετιμημένου,
1576 1196 1670 1247 καὶ
1715 1195 1790 1263 μὴ
1820 1196 1885 1249 ἀν

307 1291 438 1326 ποτε
482 1274 789 1344 ψεύσασθαι
840 1281 1281 1348 ὑποπτευθέντος
1313 1302 1325 1314 ’
1356 1284 1450 1340 τοῦ
1493 1287 1683 1354 ἑτέρου
1720 1287 1778 1340 δὲ
1809 1286 1886 1355 μὴ

304 1365 561 1419 τοσοῦτον
624 1368 691 1420 ἂν
753 1371 835 1434 είς
903 1373 1163 1438 ἀπονοίας
1222 1376 1494 1446 βάραθρον
1555 1378 1884 1448 ἐληλακέναι

301 1454 576 1523 δόξαντος,
596 1460 645 1511 ei
678 1460 751 1531 μὴ
772 1463 999 1516 τοιαῦτα
1028 1465 1103 1534 τῷ
1130 1466 1367 1536 γαμϐρῷ
1398 1469 1613 1539 συνῄδει
1646 1468 1882 1539 ἀληθῶς,

304 1544 440 1599 ὥσθ’
476 1549 655 1603 ἑκόντι
706 1552 807 1621 τὴν
856 1553 1130 1624 θυγατρὸς
1183 1559 1456 1627 αἱρεῖσθαι
1503 1553 1918 1633 κακοπραγίαν

305 1640 783 1711 καταψευδόμενον
850 1646 1110 1702 τοσαῦτα.
1191 1648 1349 1704 Ἐπεὶ
1425 1652 1481 1705 δὲ
1547 1653 1885 1724 ἐψηφίσαντο

308 1732 488 1800 κοινῇ.
536 1735 846 1804 γενομένων
873 1738 929 1789 ὲν
973 1735 1273 1807 βασιλείοις
1321 1742 1432 1794 τῶν
1486 1744 1823 1813 εἰρημένων,
1853 1744 1883 1796 ὁ

308 1822 660 1893 πατριάρχης
697 1824 855 1892 λόγου
904 1826 1109 1896 ἥπτετο
1142 1830 1358 1899 πρῶτος
1406 1831 1541 1901 πρὸς
1584 1833 1685 1899 τὴν
1732 1832 1885 1902 βασι-

307 1911 454 1978 λίδα,
482 1913 590 1983 Τὴν
645 1916 745 1984 μὲν
783 1918 909 1986 περὶ
927 1893 1038 1988 *ἐμὲ
1084 1893 1199 1974 τοῦ*
1232 1893 1473 1991 μεγάλου
1522 1893 1879 1991 dep-satiatae,
1915 1893 1959 1951 Β

309 2005 559 2071 φάσκων,
595 2006 881 2074 εὐμένειαν
910 2011 1003 2063 καὶ
1034 2012 1266 2082 σπουδὴν
1297 2013 1459 2077 εὐθὺς
1503 2012 1762 2085 ἐξαρχῆς,
1790 2020 1884 2069 καὶ

305 2093 385 2155 ὡς
415 2095 480 2146 ἐκ
508 2096 720 2166 φαύλης
750 2098 918 2170 τύχης
944 2101 1039 2154 καὶ
1074 2102 1276 2170 πολλῆς
1309 2105 1576 2174 ἀφανειας
1613 2108 1694 2168 εἰς
1720 2104 1888 2160 τοῦτο

306 2188 379 2242 δι’
410 2190 619 2243 ἐκείνου
649 2191 810 2260 δόξης
847 2194 944 2248 καὶ
989 2194 1376 2268 λαμπρότητος
1408 2201 1718 2268 προῆγμαι,
1750 2199 1822 2253 δι’
1849 2197 1886 2253 ἀ

310 2279 514 2344 πολλὰς
568 2280 718 2352 αὐτῷ
770 2285 999 2354 χάριτας
1067 2286 1305 2354 ὀφείλειν
1371 2289 1624 2357 ὁμολογῶ
1677 2290 1887 2352 δίκαιος

311 2367 474 2434 εἶναι,
502 2371 701 2435 πάντες
744 2375 842 2442 μὲν
876 2376 957 2446 ἀν
1009 2369 1202 2430 εἰδεῖεῦ
1239 2379 1521 2449 Ῥωμαῖοι,
1556 2380 1796 2449 μάλιστα
1827 2380 1887 2434 δὲ

309 2462 400 2515 σύ.
434 2464 595 2534 ’Δχρι
628 2465 730 2535 μὲν
762 2462 856 2520 οὖν
887 2467 1049 2521 αὐτὸν
1081 2469 1269 2539 ἑώρων
1308 2470 1488 2540 ὀρθοῖς
1523 2472 1619 2524 καὶ
1652 2471 1886 2535 δικαίοις

306 2553 596 2623 χρώμενον
627 2553 935 2627 λογισμοῖς,
968 2558 1063 2611 καὶ⁵
1092 2558 1190 2631 τὴν
1219 2560 1433 2614 εὔνοιαν
1455 2562 1548 2614 καὶ
1577 2563 1677 2632 τὴν
1704 2561 1887 2616 πίστιν

306 2646 496 2700 ἄδολον
531 2647 660 2717 ὑμῖν
692 2649 962 2719 τηροῦντα
1012 2654 1105 2705 καὶ
1149 2655 1398 2723 καθαρὰν
1420 2657 1543 2716 ,τοῖς
1576 2654 1886 2724 βασιλεῦσι,

305 2736 421 2788 δεῖν
450 2736 701 2807 ινόμιζον
737 2740 830 2792 καὶ
859 2740 1020 2807 αὐτὸς
1047 2743 1122 2805 ὡς
1155 2760 1256 2814 γνη
1268 2744 1510 2815 τιωτάτῳ
1535 2746 1673 2816 φίλῳ
1716 2763 1890 2812 πρησ-

306 2822 459 2891 έχειν
482 2836 496 2852 ⁸
539 2827 631 2878 καὶ
694 2826 848 2880 οὐδὲν
904 2823 1066 2901 ἦττον
1095 2831 1130 2899 ἡ
1160 2834 1472 2899 φιλότεκνος
1510 2836 1692 2904 πατὴρ
1726 2835 1760 2890 ἅ
1795 2837 1881 2889 λυ

312 2915 621 2985 σιτελὴσειν
669 2918 898 2988 ἤλπιζον
949 2921 1099 2992 αὐτῷ
1151 2924 1288 2994 πρὸς
1335 2925 1580 2989 εὐδοξίαν
1624 2930 1887 2997 πράττειν

308 3004 565 3076 ᾑρούμην
591 3021 605 3035 ’
639 3010 759 3060 ἐπεὶ
791 3009 846 3062 δὲ
879 3009 1052 3064 ἄλλων
1080 3032 1136 3067 τε
1176 3016 1389 3071 πολλῶν
1433 3017 1702 3086 λεγόντων
1749 3023 1887 3075 ἐπυ-

310 3097 510 3166 θόμην,
544 3099 634 3151 καὶ
673 3101 837 3165 αὐτὸς
868 3106 1000 3173 παρ’
1049 3107 1289 3176 ἐμαυτοῦ
1336 3109 1570 3179 συνῆκα,
1606 3115 1682 3173 ὡς
1724 3111 1886 3167 ἄδικα

1990 667 2206 707 summo
2249 662 2485 723 praeerat
2530 652 2863 714 sacerdotio.
2905 664 3070 719 quem
3124 648 3216 702 illa
3276 661 3556 717 nunquam

1989 743 2351 798 mentiturum
2381 742 2793 811 suspicaretur;
2821 739 2984 802 alter,
3022 737 3128 792 nisi
3158 749 3369 806 genere
3392 733 3559 803 hujus
3622 727 3626 731 ’

1988 834 2290 889 molitionis
2342 844 2492 888 esset
2539 831 2836 895 conscius,
2897 831 2952 885 in
3012 839 3223 885 tantum
3304 826 3561 881 amentia:

1987 926 2364 995 vecordiaeque
2395 925 2741 989 barathrum,
2769 933 2829 978 ut
2860 932 2969 981 tam
3009 922 3179 975 multa
3214 917 3559 982 mentiendo,

1987 1025 2181 1082 sponte
2226 1027 2291 1067 ac
2352 1013 2542 1069 volens
2594 1012 2762 1067 tiliam
2829 1008 3571 1070 calamitos'un'redderet,

1986 1104 2429 1174 praecipitaturus
2464 1118 2572 1157 non
2617 1103 2932 1171 putabatur.
2978 1101 3095 1156 lloe
3134 1100 3263 1157 iixo.
3306 1113 3433 1152 cum
3473 1112 3561 1155 es!

1985 1205 2109 1251 sent
2139 1195 2194 1247 in
2217 1193 2420 1263 palatio
2442 1210 2634 1248 omnes
2656 1209 2795 1262 quos
2819 1193 3218 1251 recensuimus,
3246 1186 3557 1258 patriarcha

1987 1288 2199 1358 primus
2223 1287 2426 1343 talibus
2453 1269 2617 1342 dictis
2637 1289 2938 1355 Augustam
2966 1283 3320 1354 compellavit
3343 1300 3356 1336 :
3381 1279 3558 1349 Magni

1987 1381 2275 1436 domestici
2302 1395 2431 1450 erga
2461 1381 2548 1435 me
2606 1381 2942 1434 voluntatem
2979 1391 3042 1431 ac
3078 1374 3322 1430 studium
3348 1387 3377 1425 a
3410 1371 3561 1441 prin-

1985 1467 2156 1537 cipit),
2182 1477 2237 1519 et
2265 1470 2542 1536 quomodo
2573 1481 2669 1535 per
2691 1465 2843 1518 illum
2875 1480 2942 1518 ex
2995 1463 3210 1534 abjccta
3240 1461 3559 1516 conditione

1987 1557 2272 1625 multaque
2303 1557 2641 1611 obscuritate
2668 1556 2734 1610 ad
2763 1556 2921 1610 istam
2963 1555 3386 1624 amplitudinem
3441 1550 3558 1606 cla-

1987 1650 2320 1718 ritati-mque
2350 1649 2693 1717 pervenerim
2732 1649 2823 1717 (ob
2845 1647 2990 1716 quod
3023 1646 3331 1716 singulares
3360 1657 3447 1696 me
3483 1640 3562 1696 illi

1986 1738 2190 1808 gratias
2207 1738 2402 1792 merito
2433 1736 2639 1791 debere
2675 1736 2823 1791 haud
2870 1736 3135 1804 inlicior),
3180 1724 3560 1790 Romanorum

1989 1830 2174 1884 nullus
2200 1839 2306 1894 cst,
2339 1829 2432 1898 qui
2466 1829 2611 1884 scire.
2648 1842 2759 1883 non
2796 1828 2993 1898 possit,
3023 1837 3078 1882 et
3111 1836 3166 1881 tu
3210 1825 3356 1880 nosti
3390 1823 3565 1893 potis.-

1986 1923 2210 1978 simum.
2243 1921 2499 1987 Quandiu
2546 1920 2715 1991 igitur
2768 1921 2925 1974 illum
2964 1928 3113 1974 recta
3153 1916 3413 1975 incedere
3450 1915 3560 1979 via,

1987 2024 2045 2068 et
2081 2012 2320 2068 amicum
2356 2012 2607 2083 justitiaa,
2636 2012 2963 2081 sinceraque
3006 2020 3061 2066 et
3093 2025 3229 2081 pura
3288 2023 3433 2079 erga.-
3464 2023 3574 2065 vos.

1986 2112 2042 2158 et
2090 2104 2453 2173 imperatores
2503 2103 2885 2160 benevolentia
2920 2118 2985 2157 ac
3033 2101 3141 2156 ﬁde
3173 2098 3560 2162 animadverti.

1988 2209 2077 2250 me
2107 2195 2350 2261 vicissim
2388 2195 2463 2251 illi
2503 2203 2563 2250 ut
2592 2195 2769 2250 amico
2818 2191 3237 2265 germanissimo
3277 2190 3559 2247 addictum

1986 2300 2110 2340 esse
2134 2284 2757 2356 oporterescntiebam;
2792 2297 2894 2337 nec
2924 2283 3108 2339 minus
3143 2294 3309 2351 quam
3351 2280 3561 2334 libero-

1989 2391 2113 2431 rum
2162 2391 2385 2432 suorum
2426 2389 2615 2430 amans
2652 2384 2832 2445 pater,
2877 2388 3001 2442 quae
3051 2372 3119 2426 ad
3163 2371 3286 2442 ejus
3330 2368 3562 2441 gloriam

1986 2468 2200 2525 factura
2254 2467 2622 2532 conﬁdebam,
2673 2481 2739 2521 ea
2790 2465 2972 2520 facere
3022 2462 3407 2521 instituebam.
3465 2462 3566 2529 Ast

1988 2558 2085 2613 ubi
2133 2556 2322 2611 multis
2370 2555 2932 2613 commemorantibus
2977 2553 3186 2616 audivi,
3218 2560 3275 2607 et
3327 2566 3423 2622 per
3478 2564 3565 2605 me

1990 2648 2243 2718 cognovi,
2287 2646 2441 2702 illum
2477 2648 2584 2701 vim
2631 2654 2686 2701 ct
2751 2645 2908 2700 nefas
2938 2643 3217 2709 meditari,
3251 2652 3307 2698 et
3347 2644 3459 2710 jam
3497 2641 3564 2707 ad

1989 2741 2168 2795 scelus
2192 2739 2621 2810 perpetrandum
2644 2753 2764 2792 esse
2792 2737 3079 2792 incitatum
3114 2737 3276 2806 (male
3308 2734 3569 2789 videlicet

1990 2810 2433 2885 remunc‘rantem
2484 2828 2626 2883 ﬁlios
2667 2828 3042 2897 imperatoris,
3077 2841 3106 2881 a
3141 2842 3252 2896 quo
3280 2831 3568 2893 tantopere

1990 2924 2246 2988 dilectus,
2273 2932 2329 2977 et
2353 2921 2421 2976 ad
2453 2929 2560 2978 tam
2583 2920 2847 2991 inclytum
2876 2919 3158 2990 fastigium
3187 2928 3412 2973 evectus
3456 2925 3563 2981 est,

1990 3014 2120 3070 dum
2149 3029 2248 3069 eos
2270 3029 2380 3069 non
2413 3012 2577 3069 modo
2607 3002 2857 3082 imperio,
2886 3011 2983 3067 sed
3012 3011 3124 3066 vita
3153 2996 3318 3065 etiam
3350 3008 3568 3079 privare

1990 3105 2260 3169 molitur),
2293 3103 2736 3159 crudelissimum
2770 3102 2913 3173 ejus,
2947 3111 3004 3159 et
3025 3115 3191 3170 supra
3245 3113 3409 3167 quam
3444 3111 3571 3150 cre-

308 3192 409 3242 κιί
437 3184 597 3258 βίαια
616 3191 708 3243 καὶ
738 3191 1032 3249 διανοεῖται
1063 3199 1155 3250 καὶ
1188 3201 1448 3269 πράττειν
1478 3202 1576 3272 ἢδη
1607 3202 1886 3273 ὥρμηται,

1993 3201 2160 3270 dibile
2210 3207 2315 3259 est.
2358 3210 2680 3267 perversum
2727 3193 3023 3248 consilium
3071 3198 3414 3252 exsecratus,
3456 3201 3568 3240 non

307 3281 408 3333 τοῦ
461 3281 629 3335 πολλά
689 3286 1058 3356 πεφιληκότος
1111 3288 1401 3359 βασιλέως.
1436 3293 1533 3345 καὶ
1590 3295 1683 3349 ἐπὶ
1746 3296 1889 3364 μέγα

1993 3293 2318 3352 amicorum,
2368 3298 2429 3341 ut
2467 3287 2644 3356 prius,
2676 3285 2773 3340 sed
2801 3283 3043 3339 hostium
3080 3278 3566 3337 infestissimorum

310 3373 477 3444 δόξης
508 3379 915 3448 προαγαγόντος
946 3381 1150 3446 ἀδίκως
1196 3385 1563 3454 ἀμειϐόμενος
1605 3391 1732 3450 τοὺς
1771 3391 1892 3440 παῖ-

307 3467 430 3534 δας,
460 3468 519 3521 οὐ
577 3471 741 3538 μόνον
792 3473 891 3541 τῆς
941 3472 1145 3543 ἀρχῆς,
1175 3475 1315 3528 ἀλλά
1367 3478 1464 3533 καὶ
1518 3476 1669 3546 ζωῆς
1719 3478 1889 3547 αὐτῆς

308 3560 654 3630 ἀποστερῶν,
686 3563 785 3633 τήν
817 3580 876 3615 τε
915 3566 1143 3634 γνώμην
1167 3566 1537 3636 ἑϐδελυξάμην
1560 3568 1635 3633 ὡς
1673 3569 1893 3637 ὠμοτά-

309 3668 436 3716 την,
464 3652 557 3703 καὶ
607 3653 1004 3726 ἀγνωμοσύνης
1046 3656 1306 3727 οὐδεμίαν
1336 3657 1692 3711 ἐλλείπουσαν
1720 3660 1893 3730 ὑπερ-

311 3742 500 3812 δυλὴν,
536 3745 627 3796 καὶ
665 3745 829 3798 αὐτὸν
877 3747 938 3800 οὐ
992 3748 1101 3801 τῶν
1158 3750 1328 3817 φίλων
1359 3748 1551 3820 ὥσπερ
1600 3752 1911 3820 πρότερον,’

310 3834 453 3887 ἀλλα
479 3835 586 3889 τῶν
613 3836 1043 3907 πολεμιωτάτων
1072 3840 1245 3907 ἔγνων
1281 3842 1388 3895 δεῖν
1417 3842 1696 3911 ἡγεῖσθαι.
1721 3843 1895 3913 Νομί-

312 3928 429 3992 ζων
457 3926 513 3979 δὲ
547 3927 621 3997 μὴ
677 3930 772 3982 καὶ
796 3928 887 3982 ’σὲ
944 3930 1014 3983 τὰ
1059 3931 1284 3985 τοιαῦτα
1337 3934 1555 4001 ἀγνοεῖν
1596 3933 1707 3987 τῶν
1747 3934 1888 3989 πάνυ

312 4019 549 4086 καιρίων
599 4013 763 4082 εἶναι,
790 4019 910 4090 ’ήκω
967 4022 1356 4090 ἀπαγγέλλων,
1398 4023 1466 4077 ἵν’
1512 4025 1576 4077 ἐκ
1626 4024 1739 4077 τῶν
1786 4041 1894 4079 πα-

315 4109 523 4179 ρεντων
578 4109 930 4179 σκεψαμένη,
986 4113 1047 4165 οὐ
1101 4114 1265 4182 μόνον
1316 4113 1487 4185 αὐτὴν
1538 4115 1637 4167 καὶ⁸
1698 4116 1897 4178 παῖδας

310 4201 619 4270 διασώσῃς,
651 4202 790 4255 ἀλλά
838 4204 935 4256 καὶ
988 4206 1083 4275 τὴν
1141 4205 1315 4275 ἀλλην
1345 4204 1569 4259 ἅπασαν
1608 4205 1896 4271 συγκινδυ-

313 4291 588 4347 νεύουσαν
652 4293 851 4364 ἀρχήν.
904 4294 967 4348 Ἦ
1000 4294 1214 4364 βασιλὶς
1271 4296 1330 4349 δὲ
1379 4295 1568 4365 ὥσπερ
1622 4295 1899 4364 ἐκπεπλη-

310 4387 516 4455 γμένη,
553 4385 746 4453 λόγους
799 4388 1039 4454 ἑφασκεν
1095 4387 1340 4450 ἀκούειν,
1370 4386 1518 4449 οἴους
1573 4386 1683 4440 οὐδ’
1730 4386 1897 4441 αὐτὸν

310 4482 409 4534 τον
464 4479 657 4540 κακίας
716 4479 1013 4549 ἐφευρετὴν
1054 4477 1122 4533 ἀν
1164 4495 1297 4532 ποτε
1355 4478 1689 4548 δυνήσεσθαι
1742 4478 1894 4550 ᾠήθη

1995 3396 2229 3437 numero
2287 3377 2603 3433 ducendum
2649 3374 2980 3430 existimavi.
3035 3373 3217 3447 [latus
3259 3383 3424 3440 porro
3468 3381 3570 3422 nec

1934 3471 1941 3479 ’
1995 3483 2046 3530 te
2095 3472 2333 3534 nescire,
2377 3483 2541 3539 quam
2582 3467 2701 3522 lucc
2735 3466 2966 3521 exitiosa
3004 3465 3137 3529 sint,
3188 3462 3288 3517 tibi
3336 3459 3570 3515 nun-tius
3620 3450 3625 3456 ’

1988 3567 2210 3630 adsunt,
2240 3575 2301 3621 ut
2330 3580 2429 3634 pro
2466 3573 2714 3632 tempore
2743 3558 3181 3629 circumspicias,
3211 3555 3574 3629 quemadmo-

1994 3661 2124 3716 dum
2187 3667 2245 3713 et
2287 3668 2364 3717 te.
2424 3664 2482 3711 et
2520 3664 2717 3726 gnatos
2771 3662 2916 3718 tuos,
2962 3659 3020 3708 et
3063 3659 3237 3706 totum
3275 3649 3571 3720 imperium

1993 3753 2052 3809 in
2086 3752 2232 3809 idem
2262 3750 2560 3806 discrimen
2588 3748 2901 3817 conjectum
2933 3756 3142 3801 serves.
3174 3742 3313 3798 Tum
3339 3743 3575 3811 impera-

1996 3844 2104 3898 trix
2133 3842 2379 3898 attonitae
2413 3840 2631 3903 similis,
2662 3837 2791 3894 talia
2825 3836 2994 3893 se’de
3022 3838 3219 3905 magno
3259 3833 3571 3888 domestico

1995 3935 2190 3992 audire
2214 3934 2372 3996 dixit,
2401 3932 2583 4000 qualia
2611 3944 2894 4000 nunquam
2937 3929 3234 3998 cogitasset
3262 3924 3332 3980 de
3363 3938 3430 3979 eo
3464 3925 3572 3983 sibi

1996 4025 2333 4095 persuadere
2355 4030 2709 4087 cenaturum,
2727 4021 2813 4075 vel
2834 4021 3014 4090 ipsum
3034 4017 3305 4073 scelerum
3324 4016 3574 4075 omnium

1997 4124 2238 4170 saturem
2293 4121 2348 4168 et
2414 4111 2778 4169 architectum
2848 4106 3373 4180 diabolumzhls
3426 4105 3576 4177 quod

1997 4206 2263 4262 nimirum
2304 4204 2411 4261 sibi
2439 4203 2694 4269 infestus,
2729 4210 2792 4256 et
2821 4199 3113 4259 insidiator
3139 4200 3442 4255 liberorqu
3477 4199 3579 4253 im-

1998 4298 2297 4369 peratoris,
2349 4312 2451 4366 pro
2498 4295 2669 4351 nobili
2718 4294 2815 4353 illa
2857 4292 3103 4349 amicitia
3151 4293 3290 4355 tales
3347 4293 3579 4348 referret

1997 4389 2224 4462 gratias.
2247 4387 2572 4457 Eacipiente
2594 4385 2932 4457 patriarcha,
2961 4384 3220 4447 eumdem
3251 4386 3421 4441 fuisse
3446 4401 3577 4442 sen-

1999 4497 2120 4538 sum
2141 4496 2303 4535 suum
2321 4479 2388 4534 ab
2421 4478 2601 4545 initio,
2625 4493 2755 4532 cum
2776 4477 2892 4535 haec
2923 4476 2993 4537 de
3018 4492 3087 4534 eo
3101 4477 3343 4545 audiret,
3366 4485 3423 4532 et
3451 4494 3581 4532 nar-

310 4572 446 4642 περὶ
516 4572 755 4641 μεγάλου
807 4571 1128 4641 δομεστίκου
1189 4572 1400 4625 πείσειν
1468 4572 1891 4642 ἐπιχειρήσεινο

2002 4573 2256 4629 rantibus
2278 4571 2506 4627 credere
2528 4570 2868 4640 nequivisse,
2890 4569 2993 4638 qui
3028 4584 3139 4626 non
3166 4580 3249 4627 ter
3286 4579 3579 4639 quaterve,

309 4665 392 4727 ὡς
413 4663 583 4726 κακὸς
610 4665 820 4727 ἐκεῖνος
846 4665 974 4731 περὶ
999 4662 1176 4732 αὐτὴν
1198 4664 1290 4716 καὶ
1314 4663 1502 4715 παισὶν
1532 4661 1904 4715 ὲπιόουλεύων

313 4753 607 4825 βασιλέως,
649 4755 745 4806 καὶ
782 4753 881 4822 τῆς
913 4751 1233 4821 θαυμαστῆς
1253 4752 1467 4821 ἐκείνης
1500 4751 1686 4820 φιλίας
1713 4751 1900 4803 τοιαύ-

313 4862 417 4907 τας
477 4846 707 4913 χάριτας
780 4843 1085 4907 ἀποδιδούς.
1142 4842 1254 4896 Τοῦ
1313 4842 1654 4913 πατριάρχου
1705 4842 1763 4895 δὲ
1811 4842 1935 4901 καὶ,

314 4938 489 4990 αὐτοῦ
521 4937 587 4990 τά
629 4936 718 4988 τσα
751 4935 1055 5005 φάσκοντος
1090 4938 1152 4988 ὲν
1194 4937 1337 5006 ἀρχῇ
1392 4935 1724 4990 πεπονθέναι
1768 4934 1907 5004 πρὸς

313 5030 392 5082 τὰ
424 5045 493 5080 πε
503 5030 556 5098 pl.
581 5028 792 5081 ἐκείνου
810 5028 1102 5098 εἰρημένα,
1119 5028 1214 5080 καὶ
1235 5031 1346 5091 τοῖς
1362 5026 1614 5096 λέγουσιν
1631 5028 1904 5087 ἀπιστεῖν,

310 5120 382 5172 οὐ
407 5119 487 5182 δὶς
522 5121 618 5173 καὶ
651 5119 912 5188 τετράκις
944 5118 1237 5185 τοσούτων,
1271 5116 1411 5171 ἀλλά
1459 5117 1556 5171 καὶ
1598 5115 1908 5171 πολλαπλα·

317 5210 540 5275 σιόνων,
575 5211 608 5281 ἢ
638 5211 753 5264 ὅσοι
784 5209 1261 5281 προσεληλύθασιν
1301 5212 1440 5280 αὐτῇ
1467 5210 1576 5263 τῶν
1605 5192 1911 5278 εἰρηκότων

314 5304 528 5356 ὄντων·
561 5301 736 5355 ἔπειτ’
760 5305 1134 5373 ἐπιστήσαντα
1181 5305 1272 5356 τὸν
1302 5302 1427 5355 νοῦν
1460 5302 1555 5354 καὶ
1592 5302 1706 5363 τοῖς
1735 5317 1909 5371 πρατ-

313 5397 576 5466 τομένοις
630 5394 878 5467 ἀκριϐῶς
927 5395 1375 5465 προσεσχηκότα.
1426 5394 1527 5463 τὴν
1577 5392 1909 5462 διαστροφὴν

319 5489 428 5555 τῆς
468 5485 700 5555 γνώμης
744 5486 1110 5556 καταμαθεῖν,
1159 5487 1252 5539 καὶ
1302 5483 1589 5537 πείθεσθαι
1633 5482 1910 5547 ἀξιοῦντος

318 5575 425 5632 καὶ
451 5573 646 5644 αὐτὴν,
685 5576 789 5627 καὶ
815 5575 891 5645 μὴ
929 5576 1062 5645 περὶ
1107 5575 1434 5644 πράγματος
1473 5571 1618 5625 οὓτω
1654 5572 1748 5625 τὸν
1789 5571 1910 5625 κίν-

321 5670 487 5721 δυνον
517 5664 644 5729 ὀξὺν
672 5664 892 5735 ἔχοντος
923 5667 1259 5738 διαμέλλειν,
1291 5667 1407 5720 ἀλλ’
1442 5666 1545 5736 ἢδη
1582 5666 1710 5734 περὶ
1734 5681 1913 5731 σωτη-

324 5758 455 5828 ρίας
481 5754 652 5825 αὐτῆς
682 5770 743 5805 τε
772 5757 869 5809 καὶ
908 5754 1017 5808 τῶν
1062 5756 1272 5811 τέκνων
1315 5753 1674 5820 σκέπτεσθαι,
1717 5754 1911 5823 ἀνεμί-

329 5860 578 5918 μνησκεν
621 5846 659 5915 ἠ
703 5843 1061 5915 βασιλὶςητῶν
1111 5846 1248 5917 πρὸς
1286 5847 1556 5916 ἀλλήλους
1601 5842 1755 5900 οὔπω
1783 5844 1912 5916 χθὲς

2004 4664 2101 4719 sed
2138 4664 2326 4718 multis
2355 4662 2608 4733 partibus
2638 4661 2824 4731 plures
2847 4660 3107 4724 fuissent,
3138 4676 3302 4731 quam
3333 4675 3481 4720 nunc
3510 4660 3579 4714 ad

2004 4766 2126 4805 eam
2154 4751 2546 4806 convenissent
2576 4766 2592 4804 :
2626 4751 2896 4819 post,'ubi
2936 4750 3181 4805 animum
3227 4749 3578 4820 applicuerit,

2007 4852 2064 4896 et
2094 4841 2163 4895 ad
2196 4850 2319 4896 acta
2352 4840 2646 4910 diligenter
2678 4841 2994 4904 attenderit,
3024 4841 3354 4911 pravitatem
3382 4840 3583 4896 mentis

2006 4933 2128 5002 ejus
2158 4931 2421 4987 didicisse
2505 4946 2671 5001 quam
2725 4940 2862 4987 utet
2917 4934 3032 5001 ipsa
3081 4935 3308 4999 credat,
3352 4920 3581 5004 'atquum

2008 5022 2209 5087 videri,
2257 5032 2311 5078 et
2356 5038 2426 5079 ne
2482 5024 2538 5079 in
2589 5023 3067 5094 periculosissimo
3122 5025 3341 5094 negotio
3400 5041 3586 5079 moras

2009 5124 2217 5183 nectat,
2248 5115 2345 5171 sed
2371 5117 2483 5186 jam
2512 5116 2582 5171 de
2607 5132 2708 5171 sua
2764 5117 3116 5186 ﬁliorumque
3143 5117 3319 5173 salute
3349 5118 3580 5175 laboret.

2011 5209 2248 5264 Redibat
2272 5218 2456 5264 autem
2488 5211 2547 5263 in
2578 5211 2903 5264 memor-iatn
2937 5211 3276 5281 imperatrix.
3308 5212 3586 5280 quomodo

2011 5301 2415 5363 recentissime,
2462 5300 2584 5369 ipso
2626 5302 2936 5371 patriarcha
2982 5314 3275 5373 praesente,
3306 5305 3587 5375 jurassent

2011 5405 2289 5454 mutuum,
2317 5390 2539 5459 quando
2565 5400 2623 5445 et
2651 5392 2758 5446 alia
2799 5392 3005 5448 dixerit
3045 5410 3283 5464 magnus
3314 5395 3584 5454 domesti-

2010 5500 2132 5546 cus.
2161 5499 2283 5552 quae
2312 5483 2416 5551 ipsi
2440 5496 2626 5537 secum
2654 5484 3037 5549 recordentur,
3103 5495 3160 5540 et
3188 5486 3293 5542 hoc
3333 5487 3588 5556 inprimis

2011 5586 2073 5631 ut
2100 5576 2147 5630 si
2172 5575 2303 5644 quid
2339 5581 2714 5638 accusaretur,
2744 5589 2816 5629 ne
2849 5575 3131 5630 absentem
3173 5577 3378 5633 indicta
3419 5594 3586 5635 causa

2008 5665 2359 5727 damnarent,
2390 5663 2486 5717 sed
2538 5663 2592 5716 in
2617 5664 2889 5734 judicium
2930 5674 3145 5731 vocato,
3174 5667 3361 5722 locum
3390 5669 3585 5726 defen-

2013 5754 2184 5809 sionis
2224 5752 2451 5818 darent;
2507 5763 2564 5807 et
2592 5754 2865 5824 siquidem
2912 5757 3151 5829 injustus
3201 5776 3267 5817 ac
3321 5764 3585 5834 periurus.

2013 5845 2441 5916 compcriretur,
2482 5855 2727 5904 extremo
2753 5863 2883 5907 eum
2918 5850 3191 5922 supplicio
3220 5852 3588 5922 addicerent;
