4096 6300
363 335 467 400 set
550 301 556 306 ’

1537 343 2078 404 HISTORIA-3U}!
2125 349 2345 408 LIBER
2393 350 2504 416 Ιτῐὶ.

3487 353 3595 416 822

362 454 464 503 οὐκ
485 451 664 518 ὀλίγον
693 450 942 504 ἐνταυθοῖ
968 452 1354 523 διατριϐόντων
1383 455 1490 508 τῶν
1507 457 1677 526 ἡδέως
1699 457 1761 510 ἂν
1789 457 1930 524 ὑπὲρ

2047 460 2173 514 urbe
2206 463 2426 531 degant,
2451 465 2540 534 qui
2575 479 2700 518 cum
2735 466 3010 535 voluptate
3031 464 3152 535 ejus
3179 478 3339 519 causa
3369 468 3594 535 sangui-

259 615 266 620 ι
362 543 577 594 ἐκείνου
627 542 720 594 καὶ
769 542 869 604 τὰς
920 542 1098 614 ψυχὰς
1146 547 1570 615 προησομένων,
1621 550 1714 602 καὶ
1756 566 1932 619 παρα-

369 634 738 687 σκευάσασθαι
767 635 906 705 πρὸς
933 635 1140 690 ἕκαστα
1175 638 1250 700 ὡς
1277 641 1342 692 ἂν
1373 640 1569 709 ἄριστα
1599 641 1746 711 αὐτῷ
1775 643 1929 712 δοκῇ,

368 727 568 793 ῥᾳδίως
601 726 835 794 ἦλπισας
860 730 1340 798 περιγενήσεσθαι.
1371 733 1444 784 Οὐ
1473 733 1582 800 γὰρ
1603 733 1678 796 ὡς
1709 733 1848 801 αὐτὴ
1874 752 1933 787 τε

366 817 493 880 ο”ει,
519 819 771 882 κάκεῖνος
797 822 1103 887 φενακίζων
1143 823 1287 892 ἡμᾶς
1329 823 1755 894 ἀπεσεμνύνετο,
1795 823 1936 877 οὕτω

372 907 509 974 πρὸς
535 907 828 970 Βυζάντιον
850 911 1109 980 ἐπανήξει
1131 915 1257 974 τοὺς
1279 914 1466 982 φίλους
1487 913 1825 980 καταλιπὼν,
1843 915 1938 967 καὶ

370 995 472 1064 τὴν
497 996 694 1066 πολλὴν
721 998 1020 1068 θεραπείαν
1048 1000 1146 1071 τὴν
1173 1005 1296 1071 περὶ
1321 1003 1514 1054 αὐτόν·
1543 1003 1682 1056 ὥστε
1709 1021 1767 1056 σε
1794 1003 1939 1071 ἐχειν

370 1087 481 1143 ὃτο
501 1086 682 1154 βούλει
706 1090 1012 1158 χρήσασθαι
1037 1090 1205 1160 αὐτῷ,
1223 1092 1337 1144 ἀλλ’
1358 1092 1515 1154 είδὼς
1536 1093 1610 1154 ὡς
1639 1093 1943 1146 ὑποπτεύε-

371 1193 482 1238 ται,
505 1179 564 1227 οὐ
584 1177 692 1228 τῶν
722 1178 1119 1250 εὐγενεστέρων
1152 1181 1312 1249 μόνον
1341 1184 1518 1234 πείσει
1552 1181 1782 1245 πολλοὺς
1813 1184 1943 1234 ὐπο-

375 1268 595 1336 σχέσεσι
617 1269 708 1321 καὶ
725 1270 952 1338 δωρεαῖς
975 1272 1225 1341 μεγάλων
1248 1273 1492 1342 ἀγαθῶν,
1515 1273 1649 1326 ἀλλὰ
1669 1275 1764 1326 καὶ
1781 1291 1945 1343 στρα-

372 1356 498 1408 τιὰν
522 1357 742 1410 ἃπασαν
767 1359 916 1428 αὐτῷ
949 1361 1237 1430 προσέχειν
1261 1362 1669 1432 παρασκευάσει
1697 1363 1944 1432 χρήμασι

369 1449 719 1516 διαφθείραςο
749 1450 887 1520 ἔχων
917 1452 970 1504 δὲ
997 1454 1240 1522 μεγάλην
1259 1455 1640 1524 δύναμινπερὶ
1666 1457 1850 1519 αὐτὸν,
1881 1455 1942 1507 οὐ

378 1539 542 1607 μόνον
560 1541 709 1608 ἡμᾶς
738 1542 864 1604 τοὺς
889 1543 1200 1612 ᾑρημένους
1231 1547 1423 1611 ἐκείνῳ
1449 1546 1713 1613 πολεμεῖν
1745 1545 1841 1613 τῆς
1866 1547 1946 1607 είς

373 1629 520 1695 ὑμᾶς
555 1631 770 1693 εὐνοίας
803 1631 965 1685 ἕνεκα
1001 1634 1286 1703 διαφθερεῖ
1313 1636 1530 1706 ῥᾳδίως,
1563 1636 1700 1688 ἀλλά
1734 1635 1828 1687 καὶ
1863 1644 1945 1691 σοὶ

375 1717 472 1770 καὶ
498 1719 727 1783 τέκνοις,
768 1720 995 1788 μηδενὸς
1019 1721 1109 1774 τοῦ
1142 1722 1464 1790 βοηθοῦντος
1494 1722 1668 1787 ὄντος,
1702 1721 1760 1774 ὃν
1795 1717 1944 1786 αὐτῷ

2035 568 2157 605 nem
2196 555 2551 622 profundent,
2577 567 2634 612 et
2663 557 2873 627 accingi
2907 557 3082 627 parati
3111 557 3242 622 sint,
3275 557 3598 624 quibus'ille

2035 641 2374 709 potissimum
2423 660 2518 698 eos
2570 646 2776 715 accingi
2830 646 3086 711 voluerit,
3124 659 3232 699 non
3282 645 3504 700 diflicile
3546 653 3601 722 te

2035 733 2372 800 superiorem
2427 735 2541 789 fore
2591 737 2842 792 confidis.
2894 736 3011 791 Non
3066 736 3270 791 etenim
3325 744 3386 790 ut
3430 743 3486 789 et
3538 745 3596 790 tu

2035 833 2215 892 putas,
2257 837 2307 881 et
2356 827 2446 880 ille
2492 842 2602 880 nos
2625 827 2912 883 ludificans
2954 828 3220 898 iactabat,
3257 826 3337 882 sic
3385 813 3597 898 Byzan-

2039 913 2186 966 tium-
2235 914 2436 967 redibit
2498 909 2709 970 amicis'
2738 917 2982 982 relictis,
3034 928 3090 971 et
3142 917 3345 986 quibus
3398 917 3601 971 colitur

2038 1002 2315 1072 obsequiis
2356 1005 2463 1058 illis
2524 1015 2632 1058 tam
2683 1007 2892 1070 multis,
2944 1014 3004 1061 ut
3045 1022 3172 1061 eum
3225 1023 3324 1077 pro
3368 1008 3603 1062 arbitrio

2043 1100 2278 1146 tractare
2319 1095 2512 1162 possis.
2568 1095 2674 1151 Sed
2727 1112 2850 1152 cum
2882 1111 2940 1152 se
2993 1098 3305 1167 suspicione
3353 1099 3604 1153 laborare

2041 1181 2198 1241 sciat,
2237 1197 2347 1237 non
2387 1185 2546 1239 modo
2588 1186 2656 1240 de
2704 1187 3072 1243 nobilioribus
3099 1189 3409 1258 complures
3445 1190 3603 1246 donis

2041 1280 2097 1325 et
2122 1273 2410 1341 promissis
2439 1276 2762 1346 magnificis,
2801 1293 2996 1332 verum
3027 1280 3191 1334 etiam
3243 1289 3415 1335 totum
3440 1297 3604 1336 exer-

2044 1363 2211 1417 citum
2236 1363 2526 1434 largitione
2549 1377 2895 1438 corruptum,
2915 1371 2982 1424 ad
3015 1379 3195 1440 partes
3217 1387 3346 1426 suas
3372 1371 3603 1426 tuendas

2045 1454 2265 1518 alliciet,
2301 1464 2356 1510 et
2400 1458 2643 1526 potentia
2697 1461 2902 1529 ingenti
2937 1462 3220 1530 praeditus,
3270 1478 3377 1516 non
3422 1464 3600 1518 solum

2045 1559 2169 1607 nos,
2215 1546 2464 1615 quicum
2516 1563 2602 1612 eo,
2643 1551 2826 1604 studio
2869 1568 2995 1621 erga
3044 1568 3138 1607 vos
3187 1553 3429 1619 adducti,
3462 1554 3605 1609 bello

2044 1638 2380 1693 contendere
2415 1639 2681 1704 dicemur,
2732 1643 2883 1697 nullo
2928 1646 3146 1714 negotio
3189 1645 3461 1710 concidet,
3508 1645 3603 1700 sed

2046 1727 2115 1782 de
2168 1737 2220 1782 te
2273 1743 2490 1798 quoque
2571 1741 2626 1785 et
2682 1731 2853 1796 filiis,
2912 1735 3128 1790 nemine
3202 1745 3392 1790 contra
3446 1751 3604 1805 opem

373 1809 576 1875 τρόπον
599 1810 974 1882 λυσιτελήσειν
1002 1816 1264 1884 χρήσεται
1295 1815 1560 1883 οίήσεται,
1595 1816 1761 1867 πᾶσιν
1795 1813 1942 1866 ἐκεί-

2047 1817 2279 1880 l‘erente,
2308 1821 2565 1876 omnibus
2613 1823 2722 1876 illis
2749 1824 2994 1893 gloriose
3032 1825 3216 1891 dictis,
3255 1835 3312 1881 et
3356 1791 3606 1888 fallaciis,

374 1916 490 1961 νοις
536 1903 649 1963 τοῖς
696 1903 1175 1974 σεμνολογήμασι,
1225 1907 1319 1959 καὶ
1367 1908 1486 1968 ταῖς
1540 1906 1798 1969 ἀπάταις,
1851 1907 1944 1957 καὶ

371 1992 498 2054 ταῖς
539 1993 846 2062 είρωνείαις
892 1997 1101 2066 χαῖρειν
1149 1997 1320 2051 εἰπὼν
1364 1997 1593 2066 μακρά·
1639 1998 1675 2052 ἀ
1718 1998 1817 2050 οὐκ
1848 1993 1944 2050 οἷδ’

374 2084 527 2144 ὅπως
548 2087 608 2138 οὐ
642 2089 872 2158 συνορᾷς
903 2091 1064 2156 αὐτη,
1102 2090 1222 2142 οὐδὲ
1256 2093 1529 2160 σωτηρίαν
1564 2094 1732 2163 ἑαυτῇ
1759 2110 1818 2146 τε
1847 2094 1943 2146 καὶ

376 2174 592 2238 τέκνοις
640 2179 712 2230 ἐκν
761 2180 870 2231 τῶν
930 2181 1158 2233 ἐνόντων
1211 2181 1528 2252 ἐκπορίζειν
1575 2183 1776 2253 βούλει,
1808 2184 1945 2239 ἀλλὰ

374 2265 532 2328 δίκας
589 2269 979 2337 ὀνειροπολεῖς,
1012 2273 1106 2324 καὶ
1138 2273 1505 2341 συκοφαντίας
1535 2275 1630 2326 καὶ
1663 2274 1941 2343 ἐλέγχους,

373 2360 484 2413 οὐδ’
512 2361 645 2414 αὐτὸ
671 2362 825 2415 τοῦτο
884 2363 1182 2435 βουλομέιη
1238 2367 1436 2418 ἐννοεῖν
1477 2367 1558 2419 ὅτι
1586 2367 1820 2436 φθάσαις
1877 2367 1944 2421 ἂν

372 2452 737 2522 διαφθαρεῖσα
770 2457 897 2523 πρὶν
929 2456 1007 2518 είς
1035 2456 1210 2508 ταῦτα
1235 2458 1414 2526 ἥκειν.
1462 2458 1604 2525 Ἐγὼ
1645 2459 1743 2528 μὲν
1770 2457 1863 2511 οὖν
1909 2458 1944 2512 ἃ

376 2543 474 2594 καὶ
503 2545 768 2615 πρότερον
797 2546 970 2617 ἐφθην
1008 2547 1200 2610 εἰπὼν,
1229 2551 1290 2600 οὐ
1337 2549 1438 2619 τῆς
1469 2549 1736 2618 βασιλέως
1785 2554 1945 2622 μόνον

375 2637 664 2706 εὐμενείας
695 2641 1040 2708 μεμνημένος
1072 2641 1162 2708 ὑφ’
1187 2635 1247 2692 οὐ
1292 2642 1501 2696 πολλῶν
1532 2643 1821 2713 ἀπήλαυσα
1851 2646 1946 2699 καὶ

379 2733 636 2802 μεγάλων
669 2733 1152 2803 εὐεργετημάτων,
1183 2735 1318 2788 ἀλλὰ
1347 2738 1440 2790 καὶ
1467 2739 1566 2806 τῆς
1597 2741 1694 2807 σῆς
1721 2755 1736 2770 ·
1770 2738 1944 2802 ἄλλως

377 2823 427 2875 θ’
459 2825 540 2876 ὅτι
573 2825 666 2877 καὶ
690 2825 870 2894 νόμων
897 2825 1078 2878 αὐτῶν
1107 2829 1201 2880 καὶ
1223 2827 1448 2881 δικαίων
1479 2828 1942 2900 προσεϐλημένος,

377 2915 547 2969 πᾶσιν
595 2915 845 2986 ἀνάγκην
896 2917 1037 2987 ἔχων
1100 2921 1212 2980 τοῖς
1264 2919 1516 2973 ὁπωσοῦν
1565 2921 1945 2989 ἀδικουμένοις

380 3008 735 3079 συναίρεσθαι
770 3011 839 3063 τὰ
875 3011 1097 3072 δυνατὰ,
1134 3011 1340 3064 ἐκείνου
1386 3028 1446 3063 τε
1481 3013 1803 3083 ἀπεσχόμην
1845 3014 1943 3082 τῆς

2043 1918 2100 1963 et
2141 1909 2302 1980 617
2338 1911 2786 1968 simulationibu-s
2829 1915 3164 1979 valediccns,
3219 1931 3319 1980 pro
3366 1932 3609 1972 commo-

2043 2000 2217 2056 ditate
2238 2018 2334 2056 sua
2363 2012 2589 2058 statuet.
2619 2003 2752 2071 Quae
2779 2004 2965 2059 nescio
2991 2005 3266 2075 quomodo
3295 2022 3403 2059 non
3433 2005 3606 2069 vides,

2045 2108 2146 2147 nec
2201 2093 2299 2146 tibi
2343 2095 2642 2164 liberisque
2675 2096 2906 2149 salutem
2935 2111 3000 2150 ex
3036 2097 3161 2151 data
3197 2097 3608 2166 opportunitate

2044 2183 2338 2238 conciliare
2380 2186 2482 2250 vis,
2523 2186 2618 2240 sed
2647 2187 2875 2256 judicia,
2911 2195 2965 2240 et
3016 2188 3343 2252 calumnias,
3395 2197 3450 2242 et
3484 2204 3610 2258 pro-

2044 2273 2294 2327 bationes
2337 2275 2595 2339 somnias,
2625 2286 2811 2331 nec-te
2845 2275 3004 2332 citius
3027 2277 3270 2331 occisum
3303 2276 3369 2332 iri
3401 2279 3611 2348 perspi-

2044 2364 2146 2428 cis,
2178 2381 2339 2434 quam
2373 2367 2439 2419 ad
2489 2382 2582 2421 eas
2617 2368 2886 2424 veniatur.
2921 2367 3100 2434 Quare
3167 2368 3220 2422 id
3265 2371 3408 2438 qttod
3442 2371 3606 2424 etiam

2046 2464 2205 2510 antea
2255 2457 2408 2520 dixi,
2467 2473 2600 2512 mea:
2661 2474 2784 2513 cum
2845 2462 2900 2514 in
2968 2461 3390 2528 imperatorem,
3453 2461 3610 2530 cujus

2045 2548 2214 2600 multa
2257 2562 2428 2614 eaque
2484 2547 2746 2616 pra-clara
2783 2555 3038 2601 constant
3071 2548 3122 2600 in
3155 2563 3239 2601 me
3264 2546 3464 2612 ofﬁcia,
3495 2557 3610 2600 tum

2046 2638 2100 2691 in
2135 2645 2186 2691 te
2210 2637 2606 2692 benevolentiae
2634 2653 2843 2692 memor
2875 2638 3034 2706 (adde
3064 2637 3207 2706 quod
3242 2647 3299 2692 et
3323 2638 3499 2707 legum
3547 2652 3610 2692 ac

2043 2730 2267 2798 iustitiae
2289 2739 2573 2798 patronus,
2611 2729 3108 2798 quomodocunque
3133 2728 3388 2798 injuriam
3413 2728 3609 2797 passis,

2045 2832 2313 2890 quantum
2364 2821 2418 2873 in
2470 2835 2555 2874 me
2595 2829 2698 2883 est,
2751 2819 3009 2889 epitulari
3057 2833 3280 2873 necesse
3323 2817 3522 2888 habeo)
3557 2826 3613 2873 et

2044 2912 2118 2967 ab.
2145 2911 2288 2966 illius
2337 2912 2616 2977 amicitia,
2659 2909 2844 2980 iniqua
2902 2909 3223 2980 legibusque
3268 2908 3612 2963 adversantia

2045 3003 2426 3073 parturientis,
2471 3003 2689 3057 tametsi
2724 3002 2911 3056 multis
2943 3017 3068 3055 eum
3115 3001 3429 3056 nominibus
3461 3015 3614 3061 com-

378 3100 586 3169 φιλίας,
620 3101 780 3154 ἄδικα
820 3103 916 3155 καὶ
948 3101 1243 3172 παράνομα
1289 3102 1686 3173 διανοηθέντος,
1739 3105 1836 3158 καί
1866 3122 1945 3156 τοι

2050 3095 2213 3165 plecti
2235 3096 2514 3161 deberem,
2544 3107 2630 3148 me
2662 3093 2901 3164 sejunxi,
2929 3091 3138 3162 tibique
3165 3092 3297 3146 utile
3322 3093 3612 3149 consilium

379 3191 584 3256 πολλὰς
640 3193 895 3262 ἀφορμὰς
928 3193 1029 3262 τῆς
1074 3196 1154 3256 είς
1185 3196 1396 3249 ἐκεῖνον
1435 3196 1646 3260 εὐνοίας
1675 3197 1944 3268 ἐσχηκὼς,

379 3285 478 3338 καὶ
509 3284 592 3337 σοὶ
643 3285 712 3337 τὰ
744 3283 1131 3338 λυσιτελοῦντα
1168 3285 1644 3356 συμόεὸούλευκα,
1698 3287 1863 3340 κῦϐον
1921 3289 1948 3341 ὃ

379 3391 516 3443 φασι
547 3373 735 3444 ῥίψας,
766 3377 860 3428 καὶ
890 3376 987 3428 σὺν
1017 3377 1144 3445 ὑμῖν
1175 3376 1428 3445 ἐλόμενος
1464 3377 1496 3446 ἢ
1524 3377 1623 3448 ζῇν
1648 3376 1944 3444 νικώντων,

379 3468 415 3538 ἦ
453 3467 826 3534 ἀποθνήσκειν
853 3466 920 3522 ἂν
945 3455 1042 3538 τῆς
1067 3469 1320 3532 ἐναντίας
1357 3471 1651 3540 πειρᾶσθαι
1677 3489 1739 3524 συ
1749 3472 1950 3543 μὸαίνῃ

377 3559 572 3629 τύχης.
611 3559 873 3631 Θειοτέρᾳ
919 3560 975 3612 δέ
1019 3577 1124 3613 τινι
1174 3561 1269 3612 καὶ
1314 3559 1466 3613 τοῦδε
1505 3561 1770 3631 παρόντος
1807 3562 1946 3635 τύχῃ

375 3648 675 3712 ὅς’ἐκείνου
707 3666 766 3702 τε
793 3650 893 3702 οὐκ
933 3650 995 3703 ἄν
1027 3666 1157 3701 ποτε
1182 3649 1356 3702 ἕλοιτο
1381 3649 1826 3719 καταψεύδεσθαι
1857 3667 1950 3704 συο

376 3737 686 3799 νοικοῦντος
715 3735 968 3807 θυγατρὶ,
1005 3737 1100 3788 καὶ
1131 3740 1212 3789 σο“·.
1250 3735 1603 3806 βουλεύσαιτο
1639 3739 1707 3792 τὰ
1737 3737 1946 3806 δέοντα,

376 3831 443 3882 οὐ
479 3829 640 3898 μόνον
683 3827 773 3881 διὰ
809 3827 920 3880 τῶν
968 3828 1310 3898 πραγμάτων
1355 3828 1455 3898 τὴν
1503 3828 1797 3898 ἐμπειρίαν
1852 3834 1949 3884 καὶ

377 3922 484 3992 τὴν
511 3919 728 3972 σύνεσιν
777 3918 844 3988 ἢν
879 3919 907 3970 ό
960 3916 1129 3978 πολὺς
1173 3915 1324 3984 αὐτῷ
1369 3917 1466 3985 τῆς
1505 3917 1726 3988 ἡλικίας
1759 3919 1950 3990 χρόνος

376 4008 500 4063 ἐστὶ
528 4007 870 4074 συνειλοχὼς,
904 4005 1039 4059 ἀλλά
1065 4005 1159 4058 καὶ
1188 4006 1286 4074 τὴν
1315 4007 1396 4068 είς
1428 4007 1654 4075 βασιλέα
1683 4009 1779 4060 καὶ
1825 4010 1950 4072 τοὺς

379 4101 577 4161 παῖδας
612 4099 735 4161 τοὺς
769 4097 980 4151 ἐκείνου
1029 4095 1243 4150 εὔνοιαν
1277 4098 1372 4149 καὶ
1401 4097 1584 4150 πίστιν
1630 4098 1815 4153 ἄδολον
1854 4103 1950 4154 καὶ

377 4191 648 4260 καθαρὰν,
681 4189 830 4255 ἀξιον
861 4187 1232 4241 πυνθάνεσθαι
1267 4188 1363 4240 καὶ
1410 4189 1695 4244 πείθεσθαι
1745 4209 1950 4263 παραι-

379 4283 584 4346 νοῦντι,
631 4280 782 4333 οὐδὲν
829 4280 1015 4333 ἄδικον
1065 4279 1171 4332 οὐδ’
1220 4279 1520 4349 ἐπισφαλὲς
1565 4281 1948 4352 βουλησομένῳ

381 4373 798 4444 συμϐουλεύειν.
842 4373 1072 4441 Ἀσάνης
1092 4372 1137 4424 δ’
1165 4371 1356 4440 ὥσπερ
1393 4372 1442 4423 οί
1493 4373 1554 4423 ἐν
1590 4376 1700 4436 τοῖς
1747 4391 1948 4444 γυμνι.

378 4469 498 4530 θεοῖς
539 4465 755 4531 ἀγῶσιν
780 4463 1156 4533 ἐφεδρεύοντες
1182 4461 1321 4514 ὥστε
1367 4465 1474 4527 τοῖς
1535 4465 1762 4520 νικῶσιν
1794 4470 1948 4526 αὐτοὶ

379 4550 810 4624 συμπλέκεσθαι,
844 4551 983 4619 πρὸς
1033 4550 1156 4613 τοὺς
1190 4550 1381 4618 λόγους
1424 4558 1946 4626 παρεσκευασμένος

378 4644 480 4708 ὢν,
508 4643 620 4713 Τὴν
651 4641 748 4710 μὲν
773 4641 938 4710 ἐμὴν,
968 4639 1095 4708 ἐφη,
1131 4645 1270 4708 πρὸς
1298 4641 1392 4693 τὸν
1438 4643 1608 4711 μέγαν
1629 4626 1950 4714 δομέστικον

380 4735 718 4804 γνησιότητα
771 4735 864 4786 καὶ
905 4732 1180 4801 πατρικὴν
1229 4733 1464 4802 στοργήν
1521 4734 1589 4805 ἢν
1647 4736 1756 4807 ἐχω
1815 4739 1952 4808 πρὸς

377 4830 588 4880 ἐκεῖνον
607 4828 671 4896 τῇ
693 4825 922 4895 φιλτάτῃ
942 4823 1560 4897 συνοικοῦνταθυγατρὶ,
1576 4829 1749 4892 οὐδεὶς
1767 4831 1955 4898 ἀγνοεῖ

376 4921 551 4988 δήπου
573 4934 589 4950 ·
620 4917 745 4969 ὅθεν
769 4915 891 4968 οὐδ’·
909 4914 1248 4985 ἐξαρνεῖσθαι
1275 4916 1345 4968 τὰ
1379 4919 1519 4970 πᾶσι
1580 4921 1789 4990 φανερὰ
1818 4939 1954 4992 προ-

378 5011 547 5078 σῆκον
587 5009 799 5085 ἥγημαι
826 5007 966 5087 ἐμοί.
996 5005 1231 5077 Εὔδηλον
1259 5007 1348 5060 οὖν
1374 5008 1449 5072 ὥς
1477 5011 1687 5064 ἐκείνου
1733 5031 1950 5087 κατωρ-

377 5101 616 5160 θωκότος
663 5097 700 5152 ἀ
745 5099 1058 5161 διανοεῖται,
1092 5097 1347 5166 βασιλεὺς
1380 5099 1481 5168 μὲν
1526 5101 1734 5166 ἐκεῖνος
1773 5102 1948 5171 ἔσται,

378 5194 478 5245 καὶ
528 5189 756 5259 βασιλίδι
827 5191 892 5257 τῇ
941 5190 1048 5258 ἐμῇ
1107 5188 1337 5259 θυγατρὶ
1387 5191 1673 5256 συνοικῶν,
1711 5192 1848 5260 ἐγὼ.
1889 5195 1946 5248 δὲ

378 5282 564 5351 πατὴρ
609 5279 898 5349 βασιλέων,
940 5280 1034 5331 καὶ
1087 5279 1187 5348 τὴν
1219 5277 1394 5349 ἀρχὴν
1439 5284 1948 5354 συμμετριξόμενος

376 5374 566 5434 αὐτοῖς
587 5410 604 5433 ,
637 5373 731 5423 καὶ
761 5372 852 5423 ἐπὶ
900 5370 1041 5438 μέγα
1066 5371 1218 5439 ἧκων
1257 5373 1352 5425 καὶ
1395 5371 1552 5442 δόξης
1589 5377 1683 5427 καὶ
1716 5377 1948 5430 πλούτου

378 5463 478 5517 καὶ
506 5458 886 5526 περιφανείας.
907 5458 1069 5512 Ἀλλὰ
1105 5459 1174 5512 τὰ
1199 5459 1429 5529 λαμπρά
1455 5461 1628 5514 ταῦτα
1655 5465 1751 5515 καὶ
1778 5465 1962 5535 σεμνὰ

377 5553 540 5620 ᾇπερ
562 5549 734 5619 ἐτέρῳ
766 5548 928 5602 παντί
951 5566 1027 5620 τῳ
1051 5549 1292 5619 ἧρκεσαν
1327 5551 1395 5605 ἂν
1423 5552 1502 5615 είς
1527 5551 1791 5620 εὐδοξίαν,
1828 5557 1951 5626 ἐμοὶ

380 5647 496 5699 τῶν
526 5646 813 5716 παρόντων
860 5647 1155 5702 ἀποδέοντα
1205 5648 1453 5718 φαίνεται
1505 5651 1704 5721 πολλῷ.
1735 5653 1812 5724 Τῇ
1842 5655 1950 5724 γὰρ

331 5775 346 5782 -
385 5740 470 5802 είς
509 5735 766 5807 βασιλέας
798 5738 980 5808 εὐνοίᾳ
1022 5744 1118 5799 καὶ
1153 5741 1335 5796 πίστει
1366 5741 1585 5813 καθαρᾷ
1629 5743 1692 5797 ἐκ
1725 5744 1948 5816 πρώτης

2051 3187 2200 3250 dedi,
2227 3195 2283 3239 et
2317 3196 2378 3240 ut
2401 3186 2614 3250 dicunt,
2644 3184 2816 3238 aleam
2837 3183 2967 3254 jeci,
2991 3182 3276 3237 vobiscum
3303 3193 3614 3252 praeoptans

2050 3285 2143 3330 aut
2181 3278 2384 3340 vivere,
2424 3275 2468 3329 si
2513 3272 2777 3339 viceritis,
2839 3282 2935 3328 aut
2984 3271 3234 3335 interire,
3275 3271 3343 3332 si,
3371 3271 3427 3325 in
3474 3285 3610 3327 con-

2049 3367 2280 3420 trarium
2325 3365 2546 3421 fortuna
2595 3364 2875 3421 ceciderit.
2922 3365 3092 3418 Porro
3147 3374 3202 3418 et
3250 3364 3396 3418 hunc
3427 3363 3632 3418 divina.

2049 3458 2282 3527 quadam
2329 3467 2477 3512 sorte
2510 3463 2853 3526 praesentem
2879 3455 2994 3526 (qui
3045 3471 3326 3524 nunquam
3374 3455 3435 3509 in.
3485 3469 3631 3516 eum.

2050 3557 2239 3616 utpote
2278 3562 2537 3619 generum
2576 3546 2794 3623 mentiri
2829 3547 2983 3614 velit,
3016 3547 3230 3616 tibique
3256 3562 3364 3601 non
3398 3555 3618 3603 tantum

2050 3639 2507 3709 propter'rcrum
2556 3653 2714 3694 usum
2750 3646 2916 3708 atque
2957 3637 3325 3708 prudentiam,
3369 3626 3528 3709 quam
3564 3639 3614 3693 ei

2048 3738 2180 3784 etas
2225 3730 2525 3800 longinqua
2588 3729 2843 3799 peperit,
2869 3730 2963 3784 sed
3009 3737 3233 3799 propter
3273 3744 3393 3784 eam
3443 3729 3618 3783 nibilo

2050 3819 2251 3884 minus,
2310 3833 2416 3887 qua
2474 3820 2526 3871 in
2581 3819 2970 3887 imperatorem
3020 3819 3146 3880 luis,
3193 3827 3264 3872 et-
3292 3819 3346 3872 in
3385 3818 3618 3872 .liberos

2049 3907 2231 3962 adhuc
2265 3917 2370 3972 est,
2415 3923 2672 3978 germana
2705 3909 3034 3977 sinceraque
3084 3909 3354 3964 cbaritale
3384 3917 3440 3963 et
3484 3907 3614 3968 fide,

2050 4007 2197 4052 recte
2231 3999 2500 4068 consulet)
2543 4009 2866 4067 percontere
2923 4001 3074 4064 licet,
3122 4000 3286 4070 eique
3335 4001 3619 4070 obtempe-

2049 4106 2173 4146 res:
2205 4090 2353 4146 nibil-
2373 4089 2535 4144 enim.
2567 4090 2814 4160 iniquum
2867 4091 3312 4161 periculosumve
3344 4109 3613 4150 suasurus

2047 4195 2154 4239 est.
2194 4183 2401 4237 Asanes
2461 4188 2645 4235 autem
2689 4182 2940 4251 perinde,
2974 4192 3036 4237 ut
3089 4184 3182 4253 qui
3237 4185 3292 4238 in
3347 4186 3617 4256 gymnicis

2049 4275 2195 4331 ludis
2223 4273 2538 4334 subsidunt,
2577 4288 2685 4342 quo
2743 4289 2867 4329 cum
2910 4275 3214 4331 victoribus
3247 4276 3348 4347 ipsi
3398 4293 3620 4348 quoque

2052 4367 2497 4440 congrediantur,
2557 4366 2628 4420 ad
2684 4367 2994 4422 dicendum
3038 4367 3379 4435 meditatus,
3439 4371 3626 4426 Meam

2055 4462 2298 4533 quidem,
2332 4460 2532 4530 inquit,
2579 4461 2814 4530 patriam
2849 4468 2907 4516 et
2934 4475 3248 4530 germanam
3289 4461 3617 4518 charitatem

2055 4571 2183 4627 erga
2217 4567 2471 4623 magnum
2507 4551 2895 4616 domesticum,
2926 4551 3266 4606 cbarissinue
3295 4550 3419 4606 filia:
3460 4553 3624 4615 mari-

2055 4655 2169 4701 tum
2201 4659 2364 4699 nemo
2394 4643 2584 4713 utique
2609 4642 2845 4712 ignorat.
2877 4640 3033 4696 Unde
3057 4657 3178 4710 quae
3201 4643 3620 4698 omnibusnota

2054 4745 2203 4800 sunt,
2235 4749 2438 4804 negare
2461 4710 2678 4788 ηἰοήόι·
2717 4731 2895 4786 decet.
2928 4730 3273 4786 Manifestum
3305 4734 3620 4802 estitaque,

2054 4828 2122 4893 si,
2156 4825 2302 4896 quod
2348 4824 2501 4895 cupit
2538 4823 2679 4878 bené
2711 4822 3068 4892 processerit,
3119 4823 3275 4876 illum
3323 4823 3623 4893 imperato-

2055 4935 2191 4983 rem,
2243 4925 2460 4987 gnatam
2508 4929 2684 4970 meam
2717 4915 3144 4985 imperatricem,
3192 4930 3280 4969 me
3323 4915 3622 4984 imperato-

2055 5027 2176 5066 rum
2206 5021 2440 5080 patrem,
2475 5009 2693 5079 imperii
2728 5016 3065 5068 consortem,
3099 5018 3156 5061 et
3191 5007 3391 5060 illustri
3421 5007 3618 5076 gloria,

2054 5103 2268 5172 magnis
2298 5101 2495 5170 opibus
2546 5113 2615 5156 ac
2656 5098 2947 5167 splendore
2978 5099 3251 5151 futurum.
3301 5097 3491 5166 Atqui-
3517 5113 3619 5167 ego

2055 5193 2331 5246 claritates
2371 5190 2503 5244 istas
2577 5197 2629 5244 et
2671 5197 2933 5256 augustos
2977 5187 3246 5250 honores,
3295 5187 3391 5256 qui
3439 5188 3621 5242 cuivis

2056 5283 2213 5338 alteri
2244 5282 2312 5336 ad
2341 5279 2711 5334 celebritatem
2745 5278 3084 5341 sufﬁcerent,
3117 5278 3223 5332 hoc
3253 5293 3437 5333 rerum
3470 5288 3616 5334 statu

2054 5386 2397 5442 nequaquam
2428 5368 2728 5425 convenire
2759 5369 3018 5423 arbitror.
3053 5369 3186 5422 Nam
3221 5384 3346 5424 cum
3377 5384 3408 5424 a
3438 5370 3620 5438 prima

2053 5477 2211 5522 aetate
2258 5466 2365 5519 fide
2419 5479 2528 5518 non
2587 5462 2766 5516 fucata
2817 5461 3240 5531 imperatoribus
3285 5460 3618 5524 studuerim,

2055 5558 2236 5612 malim
2291 5557 2398 5611 illis
2452 5553 2779 5608 adhaerendo
2821 5553 2876 5606 in
2922 5551 3172 5604 miserias
3240 5560 3296 5606 et
3343 5567 3620 5606 aerumnas

2056 5648 2324 5712 incidere,
2370 5661 2531 5716 quam
2567 5660 2692 5699 eum
2741 5642 3156 5698 insidiatoribus
3205 5642 3456 5698 faciendo
3497 5659 3618 5697 am-
3715 5657 3729 5671 ο

2059 5740 2332 5813 plissimos
2379 5740 2627 5794 honores.
2697 5744 2751 5790 et
2803 5735 2953 5795 dona
2983 5732 3237 5803 adipisci.
3290 5735 3363 5789 De
3424 5746 3631 5804 magno,
