4096 6300
334 434 447 499 8Ξ9

1541 428 2085 492 HIS’I‘ORIARUM
2124 430 2355 491 LIBER
2397 429 2506 493 III.

3486 430 3600 494 830

335 557 617 625 ἑκατέρων
645 550 1011 619 ἀπαγγέλλειν
1036 548 1565 620 διαπρεσϐευόμενα,
1594 549 1733 618 πρὸς
1761 547 1907 617 βασι-

2018 546 2266 601 vicissim
2287 542 2588 617 jurassent',
2614 558 2750 600 neve
2782 558 2841 598 se
2872 542 3205 610 inauditum,
3234 542 3599 612 sycophanta-

333 650 458 704 λίδα
485 650 563 710 ετς
592 644 892 708 Βυζάντιον
915 641 1212 710 ἐκπέμπει.
1242 642 1352 694 Καὶ
1378 640 1572 711 πρῶτα
1602 641 1702 708 μὲν
1727 640 1912 706 ὅρκοις

220 784 227 791 .
334 737 627 792 ἑπιστοῦτο
653 733 726 796 ὡς
752 732 907 786 οὐδὲν
933 732 1079 803 αὐτῷ
1104 730 1215 785 τῶν
1240 727 1708 802 κατηγορημένων
1736 744 1912 782 συνει-

333 831 453 899 δείη
473 827 493 859 ὀ
528 828 721 882 ἔπειτα
752 825 922 881 ἐδεῖτο
955 825 1031 892 μὴ
1061 823 1170 877 τῶν
1198 823 1365 892 ὀλίγῳ
1396 814 1667 895 πρότερον
1691 824 1783 875 ἐπὶ
1814 820 1910 874 τοῦ

333 920 681 992 πατριάρχου
717 918 854 987 np";
888 916 1150 983 ἀλλήλους
1184 915 1368 978 αὐτοῖς
1404 916 1788 985 γεγενημένων
1820 915 1914 984 ὅρ-

333 1029 450 1069 κων
486 1007 841 1072 ἐκλαθέσθαι,
892 1003 1029 1076 μηδὲ
1072 1006 1285 1074 ἐρήμην
1324 1004 1489 1056 αὐτοῦ
1529 1004 1913 1074 καταψηφίσα-

333 1102 463 1155 σθαι
497 1102 608 1163 τοῖς
647 1099 1012 1167 συκοφάνταις
1046 1096 1380 1165 πειθομένην
1416 1095 1599 1165 μόνοις
1624 1136 1638 1162 ,
1674 1095 1790 1150 ἀλλ’
1818 1097 1911 1149 ἐπὶ

330 1182 491 1264 δίκην
532 1192 741 1253 καλεῖν,
777 1189 872 1243 καὶ
914 1189 1023 1241 τῶν
1065 1187 1427 1262 ἐγκλημάτων
1472 1187 1693 1257 ἔλεγχον
1739 1192 1906 1243 ποιεῖ·

333 1288 484 1340 σθαι.
515 1287 688 1337 Αὐτδιν
711 1284 821 1353 γὰρ
851 1278 991 1336 εῖναι
1023 1281 1544 1352 παρεσκευασμένον
1569 1280 1647 1351 τῷ
1678 1297 1912 1350 κατηγο-

334 1377 522 1451 ροῦντι
562 1375 728 1430 παντὶ
764 1371 1251 1427 ἀντικαθίστασθαι
1298 1374 1431 1441 πρὸς
1470 1373 1628 1436 δίκην
1653 1392 1665 1404 ο
1699 1376 1814 1437 τοῖς
1852 1374 1910 1427 δὲ

329 1462 701 1533 ἐκπεμφθεῖσι
750 1461 1011 1530 πρέσϐεσι
1062 1460 1403 1528 προθεσμίαν
1451 1462 1673 1530 ἡμερῶν
1717 1461 1911 1531 παρεί-
1954 1510 1960 1515 ,

327 1572 460 1633 χετο
500 1556 632 1624 ὅσην
670 1552 808 1623 ᾤετο
847 1552 1106 1619 ἀρκέσειν
1146 1550 1409 1621 βασιλίδι,
1449 1551 1589 1605 ὥστε
1636 1554 1764 1622 περὶ
1798 1553 1908 1606 τῶν

328 1648 619 1719 παρόντων
663 1645 1016 1715 σκεψαμένην
1056 1644 1299 1716 ἀκριϐῶς
1340 1646 1638 1710 ἀπολογίαν
1681 1647 1910 1700 ἀποδοῦ-

323 1754 453 1795 ναι·
494 1737 559 1790 ἵν’
584 1738 634 1790 εί
677 1737 776 1805 μὲν
812 1734 946 1806 ὁμοῦ
978 1735 1048 1788 τὰ
1086 1735 1335 1806 λυσιτελῆ
1378 1738 1473 1788 καὶ
1510 1736 1696 1790 δίκαια
1733 1736 1909 1805 πράτ-

323 1848 444 1884 τειν
468 1828 721 1901 ᾑρημένη
748 1829 1101 1899 δικαστήριον
1127 1827 1361 1892 καθίξαι,
1388 1829 1484 1879 καὶ
1508 1828 1605 1896 τὴν
1631 1829 1908 1894 ἀπόδειξιν

323 1919 442 1972 τῶν
488 1919 797 1988 λεγομένων
847 1916 1128 1986 ἀπαιτοίη,
1179 1916 1383 1988 στέργῃ
1433 1919 1506 1971 τὰ
1558 1920 1907 1987 ἐψηφισμένα

322 2011 426 2065 καὶ
463 2010 624 2072 αὐτὸς
663 2010 825 2063 ὁποῖά
866 2008 987 2062 ποτ’
1013 2010 1078 2062 ἂν
1192 2011 1671 2079 πολυπραγμονῶν
1715 2012 1905 2080 μηδὲν,

326 2102 459 2172 ῖν⁹ή
504 2100 932 2172 προσδοκωμένη
977 2099 1071 2153 τοῦ
1117 2100 1445 2170 συγγενικοῦ
1487 2101 1729 2170 πολέμου
1776 2102 1907 2170 φλὸξ

324 2193 696 2263 ἀπομαρανθῇ
726 2209 742 2225 ο
776 2192 842 2246 ἂν
871 2192 915 2246 δ’
940 2196 1010 2260 ἀγ
1024 2192 1281 2263 νωμονοίη
1321 2193 1412 2245 καὶ
1453 2194 1527 2262 μὴ
1566 2193 1809 2263 βούλοιτο
1839 2197 1908 2249 τὰ

322 2287 512 2348 δίκαια
534 2288 730 2349 ποιεῖν,
753 2285 868 2338 ἀλλ’
891 2284 923 2355 ἦ
954 2284 1220 2355 μηδαμῶς
1243 2286 1342 2354 τὴν
1365 2285 1611 2350 ἐξέτασιν
1636 2289 1901 2356 ἀνέχοιτο,

323 2380 362 2450 ἢ
390 2379 482 2433 τὸν
506 2382 700 2451 καιρὸν
722 2378 1147 2449 ὑπερτιθεμένη,
1172 2377 1512 2447 διακρούοιτο
1539 2380 1736 2443 αὐτοὺς
1766 2381 1906 2449 μετά

323 2472 429 2540 τὴν
453 2471 749 2540 εἰρημένην
771 2467 1132 2539 προθεσμίαν,
1159 2468 1249 2521 τὸν
1274 2468 1415 2521 Gabi
1434 2470 1530 2537 τῆς
1561 2470 1776 2533 ἀδικίας
1805 2473 1906 2525 καὶ

324 2560 494 2639 αὐτὸν
529 2562 781 2631 μάρτυρα
826 2560 1308 2628 προστησάμενος,
1346 2558 1383 2612 ἃ.
1422 2558 1489 2612 ἂν
1524 2559 1670 2631 αὐτῷ
1704 2578 1764 2613 τε
1811 2562 1905 2615 καὶ

322 2654 441 2716 τοῖς
469 2649 721 2705 συνοῦσιν
751 2650 917 2704 οἴοιτο
944 2650 1320 2720 λυσιτελήσειν
1350 2651 1613 2719 πράττειν
1639 2663 1653 2677 ⁸
1689 2653 1820 2720 πρὶν
1846 2652 1903 2705 δὲ

327 2742 502 2817 μηδὲν
536 2744 707 2796 κινεῖν
740 2742 851 2794 τῶν
885 2739 1245 2795 καθεστώτων
1266 2782 1281 2803 ,
1328 2741 1627 2803 κᾶν-’παντί
1651 2741 1762 2795 ἄνω
1807 2744 1903 2796 καὶ

325 2834 482 2888 κάτω
503 2833 765 2903 γινόμενα
788 2830 957 2903 δρῴη.
979 2831 1042 2885 Οί
1062 2831 1163 2900 μὲν
1179 2828 1272 2885 οὖν
1297 2833 1552 2902 πρέσϐεις
1569 2831 1711 2885 οὕτω
1736 2851 1904 2900 προσ-

321 2918 647 2988 τεταγμένοι
698 2918 995 2987 πράττειν,
1023 2916 1251 2987 ἐξῄεσαν
1304 2918 1710 2991 Διδυμοτείχου.
1747 2921 1902 2974 Ἐπεὶ

321 3011 388 3064 δὲ
422 3012 502 3073 εἰς
534 3009 844 3078 Σηλυϐρίαν
874 3002 1010 3078 ἧκον
1030 3048 1045 3072 ,
1081 3010 1129 3061 οἱ
1166 3010 1228 3062 ὲκ
1262 3009 1359 3077 τῆς
1395 3014 1898 3083 παρακοιμωμένσυ

321 3100 502 3163 οἰκίας
531 3101 842 3172 ἐντυχόντες
861 3141 876 3166 ,
904 3101 998 3154 καὶ
1026 3100 1227 3160 ῖππους
1252 3102 1649 3170 διαρπάσαντες
1677 3106 1773 3158 καὶ
1799 3107 1901 3176 τὴν

2016 651 2137 689 rum
2165 634 2574 692 -tantummodo
2610 633 2838 689 vocibus
2865 643 3136 704 permota,
3173 647 3337 686 reum
3360 648 3604 702 pronun-

2014 725 2133 786 tiet,
2152 724 2246 779 sed
2270 726 2326 778 in
2347 724 2606 792 judicium
2634 733 2811 787 vocet,
2833 721 2924 776 ubi
2946 722 3187 777 erimina
3210 722 3312 776 sibi
3347 723 3602 792 imposita

2013 816 2463 873 demonstrentur
2487 834 2500 867 :
2525 830 2584 869 se
2610 815 2757 868 enim
2792 822 3068 883 paratum,
3090 815 3268 870 cuivis
3289 794 3598 870 accusatori

2013 904 2159 975 apud
2188 905 2461 975 legitimos
2482 904 2694 972 iudices
2726 904 3083 972 respondere.
3123 904 3341 973 Legatis
3369 914 3587 958 eertum

2011 994 2227 1048 dierum
2270 1009 2561 1047 numerum
2602 992 2855 1062 praeﬁxit.
2889 1003 3024 1059 quot
3056 992 3393 1059 imperatrici
3440 991 3592 1045 suill-

2013 1096 2225 1147 cerent,
2257 1095 2320 1138 ut
2368 1100 2427 1138 re
2479 1083 2734 1153 praesenti
2783 1083 3077 1151 diligenter
3122 1083 3468 1137 considerata
3518 1097 3584 1137 ac

2010 1191 2300 1247 perpensa,
2329 1190 2654 1244 responsum
2680 1174 2867 1228 daret:
2894 1182 2954 1227 ιιι
2978 1174 3023 1226 si
3047 1173 3333 1228 commode
3361 1188 3428 1227 ac
3445 1174 3597 1243 justo

2009 1284 2193 1326 secum
2221 1268 2621 1338 agerevolens,
2649 1265 2920 1336 judicium
2947 1266 3328 1330 constitueret,
3362 1274 3418 1318 et
3433 1260 3593 1319 dela-

2012 1363 2222 1416 tionum
2259 1358 2618 1430 probationes
2652 1356 2917 1426 exigeret,
2957 1355 3286 1409 sententiam
3342 1354 3595 1424 judicum

2009 1458 2478 1525 qualemcunque,
2512 1452 2720 1518 absque
2755 1449 2905 1502 omni
2938 1449 3260 1502 curiositate
3296 1447 3426 1500 boni
3463 1460 3598 1500 con‘

2009 1547 2237 1609 suleret,
2266 1560 2338 1598 ne
2372 1543 2553 1598 civilis
2584 1541 2713 1597 belli
2746 1539 2892 1609 quod
2921 1537 3363 1606 exspectabatur,
3407 1536 3596 1590 incen-

2010 1639 2161 1694 dium
2214 1645 2553 1707 erumperet.
2610 1634 2706 1690 Sin
2757 1649 2817 1687 se
2879 1630 3194 1701 improbum
3233 1630 3484 1691 duceret,
3537 1635 3597 1682 et

2009 1728 2155 1796 quod
2198 1729 2412 1799 justitia
2443 1725 2772 1796 postularet,
2809 1722 2993 1776 facere
3022 1721 3214 1781 nollet,
3253 1728 3308 1771 et
3339 1729 3433 1773 aut
3466 1717 3593 1772 nul-

2009 1822 2118 1875 lam
2159 1820 2575 1888 inquisitionem
2619 1822 2924 1886 pateretur,
2959 1820 3055 1867 aut
3091 1820 3307 1879 tempus
3355 1810 3587 1874 ducens,

2012 1914 2155 1993 ultra
2215 1912 2503 1967 deﬁnitum
2554 1925 2653 1965 eos
2689 1916 3041 1969 moraretur,
3094 1905 3209 1958 Deo
3263 1902 3592 1972 injuriarum

2012 1991 2150 2056 teste
2192 2000 2488 2070 appellato,
2521 2015 2645 2068 quae
2675 1997 2732 2052 in
2765 2012 2880 2052 rem
2920 2008 3074 2050 suam
3106 2008 3444 2061 suorumque
3477 1991 3593 2046 fore

2009 2089 2398 2150 arbitraretur,
2434 2101 2501 2141 ea
2550 2090 2917 2155 transigeret;
2950 2084 3106 2153 prius
3139 2097 3262 2151 quae
3289 2081 3592 2135 constituta

2009 2181 2139 2245 sint,
2173 2179 2388 2235 etiamsi
2426 2178 2609 2232 omnia
2634 2192 2849 2231 sursum
2890 2189 2956 2228 ac
2985 2173 3243 2227 deorsum
3287 2172 3589 2225 misceren-

2011 2284 2120 2337 tur,
2163 2288 2271 2327 non
2305 2281 2607 2324 moturum.
2641 2268 2773 2321 Cum
2811 2267 2895 2320 bis
2925 2263 3198 2318 mandatis
3229 2261 3392 2332 legati
3424 2258 3591 2329 Didy-

2009 2365 2249 2419 moticlto
2282 2361 2650 2431 egredientes,
2682 2359 2775 2412 ubi
2809 2357 3071 2427 Selybria:
3116 2354 3583 2424 propinquarent,

2005 2472 2035 2509 a
2068 2454 2390 2510 domesticis
2420 2450 2761 2521 Apocaucbi,
2789 2448 2845 2502 in
2889 2461 3028 2516 quos
3058 2445 3389 2507 inciderant,
3426 2445 3590 2513 equis

2004 2546 2348 2615 sarcinisque
2378 2542 2621 2614 spoliati,
2645 2549 2703 2594 et
2725 2541 2780 2593 in
2812 2537 3114 2594 custodiam
3143 2535 3391 2591 contrusi
3426 2543 3582 2588 sunt.

2003 2638 2459 2712 Didymotichum-
2485 2645 2592 2690 tam
2616 2632 2825 2687 nefario
2849 2630 3093 2683 facinore
3117 2626 3389 2690 nuntiato,
3405 2624 3588 2678 caeteri

2003 2711 2229 2802 quidem
2253 2741 2447 2783 omnes
2475 2741 2581 2779 non
2615 2736 2809 2792 parum
2838 2715 3136 2784 indignari,
3162 2713 3324 2784 422
3344 2721 3399 2767 et
3429 2711 3589 2767 mini-

2001 2836 2090 2876 me
2128 2819 2416 2874 ferendum
2467 2816 2692 2879 ducere,
2724 2828 2754 2866 a
2783 2807 3069 2865 vilissimis
3099 2803 3438 2866 hominibus,
3475 2811 3586 2856 tam

2000 2911 2146 2969 [inde
2184 2912 2301 2966 sine
2327 2910 2436 2964 ulla
2456 2924 2619 2963 causa
2647 2904 2890 2958 multari.
2913 2904 2980 2956 At
3004 2915 3234 2969 magnus
3255 2895 3589 2952 domesticus

2002 3018 2099 3057 eos
2121 3001 2441 3063 admonere,
2468 3014 2536 3053 ne
2562 2997 2615 3051 id
2646 2995 2979 3051 imbecillius
3001 2994 3246 3057 ferrent;
3275 3006 3334 3045 se
3364 3002 3587 3058 quoque

2000 3094 2334 3157 existimare,
2356 3107 2465 3145 non
2494 3090 2634 3145 bene
2663 3089 2772 3142 illis
2802 3088 2854 3140 id
2876 3094 3232 3148 eventurum,
3276 3092 3328 3137 et
3362 3096 3588 3150 magna-

321 3192 494 3262 ἄλλην
524 3192 835 3263 ἀποσκευὴν
856 3234 872 3259 ,
903 3192 1100 3254 αὐτοὺς
1130 3186 1278 3262 εἶχον
1306 3195 1364 3246 ὲν
1395 3197 1628 3265 φρουρᾷ.
1667 3172 1897 3264 Ἀγγελ·

2007 3201 2126 3240 rum
2157 3198 2340 3239 rerum
2371 3197 2492 3237 esse
2520 3180 2770 3250 quaedam
2805 3178 3163 3233 fundamenta
3195 3188 3259 3228 ac
3291 3172 3583 3242 prommia.

323 3283 530 3337 θέντων
561 3283 617 3336 δὲ
650 3284 763 3346 τοῖς
798 3285 855 3336 ὲν
890 3282 1259 3353 Διδυμοτείχῳ
1290 3283 1399 3336 τῶν
1437 3287 1566 3354 περὶ
1596 3288 1723 3348 τοὺς
1761 3290 1899 3358 πρέ-

323 3377 482 3441 σϐεις
506 3375 927 3445 τετολμημένων
955 3375 1046 3428 καὶ
1078 3375 1188 3428 οὐδ’
1210 3378 1436 3429 ἀνεκτὸν
1466 3376 1727 3445 ἡγοῦντο,
1756 3379 1900 3434 οὕτω

320 3464 486 3534 παρὰ
517 3463 738 3533 φαύλων
771 3466 861 3517 ἐπὶ
899 3464 1144 3534 μηδεμιᾷ
1179 3466 1457 3533 προφάσει
1491 3469 1900 3537 προπηλακίζε⁶

316 3554 454 3608 σθαι
491 3553 816 3619 ἀνθρώπων.
851 3551 911 3605 ’0
956 3553 1129 3622 μέγας
1165 3553 1224 3606 δὲ
1282 3554 1601 3623 δομέστικος
1667 3558 1899 3629 παρῄνει

323 3646 409 3723 μὴ
440 3644 804 3714 μικροψυχεῖν
822 3660 836 3675 ο
865 3645 1075 3698 οῐεσθαι
1109 3644 1209 3713 μὶν
1234 3645 1344 3716 γὰρ
1372 3646 1466 3698 καὶ
1493 3646 1653 3711 αὐτὸς
1681 3650 1779 3702 οὐκ
1811 3651 1901 3703 ἐπ’

317 3733 520 3805 ἁγαθῷ
552 3734 623 3788 τὰ
652 3733 877 3787 τοιαῦτα
909 3735 1291 3804 τελευτήσειν,
1326 3734 1462 3788 ἀλλὰ
1499 3738 1752 3805 μεγάλων
1784 3739 1902 3791 Eas-

321 3823 457 3878 σθαι
488 3822 833 3903 πραγμάτων
858 3821 1146 3884 ὑποθέσεις
1169 3837 1185 3854 ⁸
1213 3822 1324 3876 δεῖν
1348 3822 1404 3876 δὲ
1432 3823 1583 3892 ὅμως
1609 3828 1717 3888 τοῖς
1750 3827 1903 3898 παρὰ

322 3910 516 3979 σφίσιν
538 3910 724 3972 αὐτοῖς
745 3909 1007 3979 ἐμμένειν
1027 3908 1441 3980 ἐψηφισμένοις,
1464 3915 1558 3965 καὶ
1584 3913 1752 3984 μηδὲν
1773 3931 1903 3968 νεω-

316 4002 600 4074 τερίζειν,
636 4003 767 4071 πρὶν
801 4002 901 4073 τὴν
931 4000 1271 4072 προθεσμίαν
1299 4003 1475 4074 ήκειν.
1509 4005 1586 4059 Οὐ
1619 4007 1730 4075 γὰρ
1766 4006 1903 4074 ἀγα-

319 4094 421 4146 θὸν
452 4096 566 4157 τοῖς
601 4092 752 4163 παρά
788 4093 941 4161 σφίσι
975 4094 1331 4165 κεκριμένοις
1365 4095 1583 4149 ἐναντία
1614 4097 1900 4168 πράττειν.

319 4186 429 4238 “Av
463 4184 520 4236 δέ
551 4201 606 4238 τι
644 4185 799 4254 παρὰ
837 4185 994 4251 δόξαν
1027 4186 1122 4238 xal.
1155 4189 1268 4249 τοῖς
1309 4187 1599 4258 ἡμετέροις
1638 4190 1903 4256 πρέσϐεσι

319 4275 672 4346 συμϐέϐηκε,
716 4274 1029 4346 θαυμαστὸν
1069 4278 1242 4332 οὐδέν.
1282 4279 1373 4348 Τῷ
1412 4279 1522 4350 γὰρ
1563 4283 1742 4334 πάντα
1781 4281 1903 4343 τολ-

322 4367 503 4437 μῶντι
531 4368 1014 4439 παρακοιμωμένῳ
1040 4371 1131 4423 καὶ
1159 4369 1418 4435 οἰκέταις,
1443 4369 1562 4422 οὐδὲ
1587 4371 1656 4422 τὰ
1679 4372 1903 4426 τοιαῦτα

316 4454 473 4512 εἶναι
503 4459 895 4530 ἀνεπιχείρητα
928 4460 1203 4530 προσῆκεν
1223 4477 1236 4491 ·
1269 4461 1331 4514 οὐ
1361 4461 1425 4531 δὴ
1455 4461 1664 4516 δίκαιον
1692 4464 1760 4516 τὰ
1788 4466 1901 4527 τοῖς

224 4590 229 4591 ν
316 4548 507 4611 ἄλλοις
545 4551 789 4621 ἀνοήτως
828 4551 918 4604 καὶ
950 4551 1196 4622 θρασέως
1228 4553 1602 4622 τολμηθέντα.
1636 4557 1702 4625 τῇ
1742 4554 1900 4626 βασι.

315 4641 430 4696 uel
459 4641 594 4710 πρὸς
619 4641 686 4712 ῆν
712 4645 877 4713 ἡμεῖς
901 4644 1001 4714 τὴν
1028 4642 1327 4712 πρεσϐείαν
1354 4645 1726 4717 πεποιήμεθα,
1753 4648 1900 4715 λογί-

316 4732 543 4796 ζεσθαι.
570 4733 783 4798 ’Δλλως
811 4751 903 4802 τε,
931 4736 981 4788 εί
1014 4734 1114 4803 μὲν
1143 4736 1328 4804 ἐκείνη
1356 4736 1422 4790 τὰ
1452 4737 1640 4790 δέοντα
1675 4738 1907 4793 ποιοῦσα

322 4824 723 4894 συμφερόντως
769 4825 1120 4894 βουλεύσεται
1167 4826 1295 4897 περὶ
1331 4827 1438 4880 τῶν
1478 4827 1636 4892 ὅλων,
1674 4830 1770 4882 καὶ
1814 4830 1907 4882 τὸν

320 4914 781 4987 προσδοκώμενον
812 4917 1052 4985 πόλεμον
1080 4915 1343 4980 διαλύσει,
1374 4917 1451 4981 ὡς
1481 4918 1653 4989 μηδὲν
1681 4918 1811 4972 ὅντα
1839 4920 1908 4974 τά

320 4992 671 5077 γεγενημένα
693 5008 957 5078 περιῖδεῖν
979 5010 1282 5078 προσῆκον.
1304 5008 1404 5061 Ἂν
1426 5008 1497 5072 δ’,
1518 5009 1548 5062 δ
1571 5009 1647 5080 μὴ
1673 5010 1906 5077 γένοιτο,

321 5098 472 5171 πρὸς
511 5098 728 5169 μείζονα
756 5100 858 5171 τὴν
890 5100 1125 5154 ἀτοπίαν
1156 5099 1429 5170 ἐξαχθῶσι
1451 5141 1467 5167 ,
1502 5102 1611 5154 τότ’
1639 5102 1740 5172 ήδη
1778 5103 1910 5172 περὶ

320 5190 445 5243 τῶν
480 5192 754 5259 μεγίστων
788 5194 954 5262 ἡμῖν,
990 5192 1052 5245 οὐ
1096 5192 1228 5263 περὶ
1258 5191 1516 5246 τοιούτων
1552 5194 1908 5262 προκείσεται

326 5285 564 5338 σκοπεῖν
588 5299 603 5315 ο
642 5284 773 5338 ὥστ’
798 5285 857 5351 ἐξ
892 5285 1226 5355 ἀμφοτέρων
1260 5282 1343 5336 δεῖ
1376 5283 1484 5338 τῶν
1522 5274 1911 5355 οἶεγενημένων

327 5379 702 5446 καταφρονεῖν
724 5417 739 5442 ,
780 5378 874 5430 καὶ
909 5379 984 5447 μὴ
1013 5378 1088 5442 ὠς
1121 5376 1251 5446 περί
1280 5393 1444 5430 τινων
1479 5377 1793 5444 ἀναγκαίων
1823 5377 1912 5429 θο-

330 5464 639 5537 ρυϐεῖσθαι.
668 5465 908 5527 Ἐκεῖνος
934 5468 1031 5536 μὲν
1051 5466 1114 5534 δὴ
1134 5464 1361 5519 τοιαῦτα
1383 5465 1573 5532 είπὼν,
1597 5469 1909 5520 κατέπαυσε

322 5557 438 5625 τὴν
467 5554 735 5626 ταραχὴν,
763 5556 983 5610 πάντων
1012 5557 1328 5626 εὐξαμένων
1356 5558 1436 5620 είς
1466 5555 1693 5624 ἀγαθὸν,
1719 5557 1909 5628 ὥσπερ

326 5644 561 5715 εἴρηκεν
609 5647 807 5713 αὐτὸς,
858 5647 1176 5702 ἀποϐαίνειν
1223 5647 1294 5701 τά
1344 5649 1590 5718 παρόντα
1619 5686 1635 5711 ,
1671 5650 1783 5701 ικαὶ
1834 5650 1910 5721 μὴ

325 5737 529 5807 ὥσπερ
557 5737 626 5790 ἐκ
652 5738 763 5791 τῶν
791 5743 1184 5808 πραττομένων
1213 5739 1627 5809 ἀναγκάζονται
1660 5740 1916 5810 στοχάζε-

334 5828 482 5893 ,σθαι
512 5829 877 5896 αὑτοίροῦτω
904 5830 1003 5900 μὲν
1029 5830 1123 5893 οὖν
1153 5834 1349 5885 ἐκεῖνοι
1382 5835 1796 5895 κατεστέλλοντο
1825 5835 1917 5892 τοῦ

2003 3275 2374 3334 Perstandum
2406 3282 2587 3328 tamen
2623 3272 2674 3325 in
2714 3271 2800 3325 his
2826 3284 2948 3337 quae
2963 3269 3087 3335 :ipsi
3110 3261 3509 3343 decrewssent,
3530 3272 3591 3318 et

2001 3369 2179 3427 donec
2195 3366 2315 3421 dies
2338 3363 2602 3434 praefinita
2630 3361 2922 3422 illuxisset,
2947 3357 3086 3411 nihil
3112 3355 3448 3410 novandum.
3464 3354 3590 3411 Non

2000 3461 2148 3516 enim
2190 3456 2476 3528 expedire,
2508 3464 2695 3509 contra
2728 3466 2883 3506 suam
2920 3449 3097 3519 ipsius
3128 3448 3461 3503 sententiam
3487 3462 3588 3500 ve-

2002 3552 2148 3606 nire.
2176 3548 2332 3614 Quod
2370 3547 2415 3601 si
2449 3544 2579 3615 quid
2612 3553 2808 3614 praeter
2833 3542 3151 3611 Opinionem
3183 3542 3351 3594 etiam
3385 3537 3592 3594 nostris

2001 3642 2195 3713 legatis
2235 3637 2457 3703 accidit,
2510 3635 2649 3690 nihil
2695 3634 2916 3688 mirum.
2952 3632 3088 3689 Nam
3134 3631 3397 3701 ιιι-πίθοιο
3427 3629 3587 3707 cupi-

2002 3733 2111 3787 culi
2167 3739 2224 3786 et
2253 3731 2432 3786 servis
2466 3729 2588 3799 ejus
2620 3726 2958 3781 audentibus
2987 3726 3199 3787 omnia,
3233 3724 3328 3792 qui
3363 3722 3587 3777 tandem

2002 3823 2371 3879 conveniebat
2403 3836 2515 3875 non
2565 3819 2731 3874 etiam
2760 3819 2868 3872 hoc
2911 3816 3160 3872 audere?
3189 3815 3424 3870 Proinde
3463 3829 3591 3884 qua

2005 3914 2100 3969 alii
2147 3915 2310 3968 stulte
2356 3922 2414 3968 et
2452 3911 2796 3968 conﬁdenter
2827 3910 3198 3973 admiserunt,
3243 3924 3307 3962 ea
3348 3908 3589 3977 impera-

2007 4004 2158 4071 triei,
2189 3998 2440 4073 ad'quam
2466 4003 2677 4071 legatos
2701 4001 2976 4064 misimus,
3006 3999 3288 4054 ascribere
3318 3997 3585 4067 injustum

2004 4102 2109 4149 est.
2131 4092 2214 4149 Ad
2245 4093 2381 4156 haec,
2412 4090 2459 4145 si
2490 4091 2605 4159 ipsa
2638 4105 2738 4159 pro
2766 4105 2993 4143 munere
3020 4103 3121 4143 suo
3150 4102 3378 4142 summae
3405 4085 3590 4155 reipu-

2005 4182 2162 4239 blicae
2191 4180 2553 4245 consuluerit,
2583 4190 2640 4235 et
2665 4179 2869 4234 bellum
2908 4178 3204 4232 inuninens
3235 4177 3586 4240 discesserit,

2009 4284 2121 4328 tum
2172 4288 2296 4344 quae
2343 4271 2487 4327 facta
2530 4280 2678 4337 sunt,
2727 4285 2828 4340 pro
2865 4269 3091 4324 nullius
3123 4269 3388 4324 momenti
3428 4268 3591 4324 factis

2007 4365 2214 4422 habere
2251 4364 2490 4420 decebit.
2529 4363 2650 4427 Sin,
2689 4362 2836 4432 quod
2867 4361 3033 4426 absit,
3069 4361 3124 4416 in
3156 4361 3463 4431 majoribus
3486 4363 3589 4416 im-

2007 4458 2168 4529 probi
2204 4456 2436 4522 fuerint,
2472 4466 2586 4510 tum
2614 4470 2724 4508 non
2759 4453 2829 4508 de
2857 4453 3065 4522 parvis,
3103 4451 3199 4507 sed
3233 4453 3303 4507 de
3334 4454 3590 4509 maximis

1926 4519 1983 4582 D
2008 4519 2469 4605 consultabimus.
2495 4544 2842 4615 Quapropter
2858 4519 2990 4597 tum
3021 4544 3162 4596 banc
3189 4555 3305 4597 tum
3337 4542 3487 4597 illam
3517 4544 3590 4599 ob

2009 4654 2266 4705 causam,
2303 4652 2425 4708 qua:
2473 4636 2611 4691 facta
2645 4645 2793 4702 sunt,
2836 4633 3265 4699 contemnenda,
3327 4648 3431 4688 nec
3469 4642 3586 4688 tan-

2007 4747 2171 4803 quam
2214 4731 2283 4786 de
2336 4729 2702 4799 singularibus
2751 4727 3060 4783 molestiam
3115 4725 3439 4797 capiendam
3478 4725 3588 4780 aio.

2008 4825 2136 4885 Haec
2169 4822 2264 4878 ubi
2312 4821 2471 4884 dixit,
2506 4820 2803 4876 tumultum
2836 4818 3070 4882 sedavit,
3099 4819 3358 4875 omnibus
3402 4829 3596 4889 optan-

2011 4916 2178 4979 tibus,
2205 4922 2267 4973 ut
2288 4912 2753 4983 quemadmodum
2776 4911 3014 4975 dixerat,
3030 4926 3128 4966 res
3154 4911 3293 4968 bene
3312 4919 3591 4967 verteret:

2011 5023 2143 5070 non,
2180 5016 2243 5062 ut
2270 5012 2350 5061 ex
2399 5004 2670 5059 anteactis
2713 5005 3026 5071 conjectare
3073 5002 3183 5071 ipsi
3233 5004 3593 5072 cogebantur.

2013 5099 2437 5156 Tumultuantes
2470 5095 2540 5149 ita
2587 5093 2945 5163 compescuit.
2991 5092 3337 5160 lmperatrix,
3369 5101 3431 5146 ut
3476 5093 3596 5161 prio

2017 5207 2164 5247 mum
2209 5191 2413 5261 legatos
2456 5202 2580 5243 esse
2621 5187 2852 5241 violatos
2890 5183 3110 5249 didicit,
3141 5185 3387 5254 graviter
3439 5184 3588 5250 tulit,

2010 5285 2283 5354 jussitque
2314 5291 2564 5352 raptores
2600 5280 2776 5350 spolia
2813 5277 3066 5339 reddere.
3099 5289 3155 5335 et
3190 5278 3259 5334 ad
3302 5294 3362 5335 se
3394 5279 3597 5348 depor.

2016 5387 2153 5433 lare.
2186 5377 2324 5432 Tum
2357 5374 2692 5445 patriarcha,
2737 5374 3077 5444 reliquisque
3123 5372 3503 5443 optimatibus,
3540 5379 3598 5426 et

2015 5470 2261 5540 Augusta
2311 5480 2498 5520 coram
2549 5464 2955 5534 praesentibus,
2998 5464 3162 5533 legati
3209 5478 3313 5518 suo
3366 5478 3596 5518 munere

2018 5557 2307 5631 perfuncti
2342 5565 2492 5616 sunt.
2522 5554 2740 5612 eunetis
2778 5569 2900 5624 qua:
2947 5554 3277 5622 petebantur
3334 5564 3394 5609 ut
3437 5569 3594 5624 aequa

2019 5649 2475 5721 approbantibus.
2518 5648 2802 5717 Rogabant
2840 5656 3024 5701 autem
3068 5647 3215 5700 illam
3257 5657 3316 5702 et
3364 5642 3598 5716 patriar-

2022 5743 2180 5799 cliam
2233 5742 2422 5812 legati,
2468 5757 2536 5796 ne
2595 5739 2647 5793 in
2707 5743 2876 5795 rebus
2926 5749 3035 5793 tam
3092 5738 3274 5807 magni
3330 5738 3594 5793 momenti

2029 5850 2244 5908 tempus
2298 5835 2657 5898 eximerent,
2697 5832 2793 5889 sed
2847 5832 3104 5891 celeriter
3155 5831 3598 5892 cmendaiioncm
