4096 6300
657 400 759 466 8Ὶ

1865 399 2189 460 JOANNIS
2226 394 2760 458 CANTACUZENI

3133 355 3154 382 ο

3780 393 3867 454 832

660 520 1004 573 adhiberent.
1040 516 1095 571 Si
1126 516 1326 571 litteris
1360 530 1616 585 magnum
1644 508 2006 570 domesticum
2035 515 2101 569 ad
2136 514 2230 568 tri-

2340 508 2706 579 θορυϐεῖσθαι.
2737 505 2955 567 Βασιλὶς
2980 505 3024 558 δ’
3047 506 3171 558 ἐπεὶ
3199 503 3362 574 μάθοι
3384 502 3453 557 τὰ
3478 506 3607 573 περὶ
3627 504 3740 566 τοὺς
3765 509 3866 574 πρέ-

662 612 827 665 bunal
883 611 1143 673 citarent,
1197 610 1302 662 nisi
1340 609 1500 662 simul
1553 618 1718 676 atque
1767 622 1861 661 eas
1912 607 2235 675 accepisset,

660 703 961 764 advolaret,
994 717 1052 754 se
1092 702 1224 770 quin
1255 699 1433 769 capite
1481 699 1825 767 punirentur.
1859 712 1967 752 non
2005 713 2238 753 recusa-

662 803 819 846 turos
865 793 1108 846 aiebant.
1146 790 1243 845 Hic
1289 806 1481 845 omnes
1523 791 1934 845 conticuerunt.
1972 791 2231 859 Apocau-

660 887 798 938 chus
844 893 1027 937 tamen
1065 883 1360 946 sollicitus,
1400 898 1468 936 ne
1519 883 1838 950 imperatrix
1888 882 2235 951 petitionem,

660 983 720 1029 ut
751 990 986 1044 mquam,
1019 976 1344 1042 respiciens,
1364 974 1634 1042 judicium
1669 974 2009 1035 decerneret,
2037 981 2238 1026 etcum

662 1068 804 1129 hoc,
859 1066 1005 1135 quod
1064 1066 1428 1120 consiliorum
1497 1080 1721 1119 suorum
1775 1064 2046 1132 pravitate
2104 1062 2239 1116 nihil

658 1157 1046 1226 promovisset,
1070 1158 1186 1225 ipse
1208 1157 1374 1210 etiam
1400 1157 1511 1209 vita
1566 1156 2240 1218 multaretur,temcritate

659 1259 713 1302 et
747 1249 1112 1317 impudentia,
1148 1248 1352 1318 quibus
1391 1249 1458 1301 de
1507 1263 1637 1316 pace
1671 1262 1954 1301 sermones
2005 1247 2239 1301 confun-

660 1340 790 1392 dere
823 1350 988 1408 atque
1046 1349 1294 1392 evertere
1339 1348 1541 1405 posset,
1575 1349 1884 1406 Opportune
1919 1352 2150 1391 usurum
2181 1350 2241 1390 se

662 1429 1017 1482 existimavit.
1048 1429 1114 1482 Et
1137 1428 1284 1481 illico
1313 1429 1363 1480 in
1391 1442 1651 1482 consessu
1684 1441 1934 1496 surgens,
1962 1442 2241 1496 manuque

662 1521 942 1574 silentium
968 1521 1241 1583 indicens,
1266 1523 1590 1589 priusquam
1622 1519 1965 1587 praefaretur,
1992 1530 2088 1573 aut
2111 1534 2242 1573 eau-

662 1627 777 1664 sam
800 1612 1119 1679 adduceret,
1141 1612 1211 1666 ob
1253 1627 1416 1680 quam
1450 1612 1558 1665 hue
1592 1611 1853 1674 ferretur,
1880 1610 2041 1683 423
2073 1611 2240 1665 multa

657 1704 922 1757 adversus
958 1717 1214 1772 magnum
1246 1703 1611 1757 domesticum
1655 1703 1942 1756 maledicta
1979 1717 2242 1770 congere-

658 1795 784 1852 hat,
837 1808 1187 1847 communem
1229 1793 1477 1857 hostem,
1516 1792 1949 1861 imperatoribus
1984 1792 2234 1855 inlitum,

657 1887 974 1955 perjurum,
1008 1885 1491 1954 mendaciloquum
1535 1885 1862 1950 nominans‘,
1904 1887 2237 1966 tandemque

568 2006 585 2019 ς
656 1978 708 2030 in
771 1979 911 2033 {teda
960 1987 1016 2032 ct
1062 1978 1349 2032 illiberalia
1394 1978 1632 2031 convitia
1680 1977 1959 2032 desinens.
2000 1976 2063 2030 Et
2110 1993 2179 2045 qu
2207 1993 2236 2031 a

653 2066 885 2120 comites
921 2065 1178 2126 habebat,
1212 2066 1317 2120 sibi
1366 2065 1756 2119 maledicentia
1799 2067 2027 2131 similes,
2061 2075 2119 2119 ct
2168 2066 2234 2119 ad

652 2171 872 2210 omnem
905 2157 1353 2211 inverecundiam
1382 2156 1679 2225 proiectos,
1723 2156 2012 2224 imperavit
2042 2157 2151 2209 illis
2180 2156 2234 2210 in

651 2245 861 2315 legatos
894 2254 1152 2314 torquere
1185 2256 1509 2300 scommata.
1543 2248 1617 2300 Ac
1651 2247 1981 2300 monachum
2012 2246 2234 2315 quidem

654 2337 1006 2406 impudenter
1033 2340 1361 2403 lacerantes,
1396 2340 1811 2392 acelamabant:
1846 2338 1946 2393 Hic
1984 2349 2070 2393 est
2097 2338 2237 2393 Can-

653 2431 903 2484 tacuzeni
951 2431 1287 2499 patriarcha,
1326 2432 1521 2485 illusor
1553 2431 1783 2496 Chrisai,
1814 2441 1870 2485 et
1908 2432 2232 2501 hypocrita;

650 2529 706 2575 et
747 2523 871 2577 aliis
915 2523 1139 2577 demum
1171 2510 1756 2580 contumeliosioribus
1796 2526 2076 2581 vocabulis
2105 2518 2232 2580 eum

652 2614 1104 2681 proseindebant.
1145 2616 1513 2685 Sguropulum
1559 2633 1781 2687 quoque
1814 2619 1981 2673 variis
2016 2619 2234 2687 probris

649 2717 915 2772 perquam
966 2704 1233 2773 injuriose
1286 2706 1622 2760 lacerabant.
1678 2707 1889 2760 Deinde
1935 2710 2128 2761 ambos
2177 2709 2232 2762 in

648 2795 881 2860 aedibus,
933 2796 1024 2849 ubi
1076 2797 1528 2861 diversabantur,
1582 2800 1656 2853 ita
1714 2800 2120 2863 custodierunt,
2172 2808 2233 2854 ut

648 2887 838 2955 egredi
886 2903 1156 2956 nusquam
1204 2899 1448 2957 possent.
1496 2891 1565 2945 At
1609 2893 1946 2961 imperatrix,
1992 2908 2060 2946 an
2102 2893 2232 2962 quia

649 2972 850 3024 horum
895 2974 969 3028 illi
1004 2975 1168 3029 etiam
1199 2977 1338 3030 nihil
1382 2977 1623 3042 dolebat,
1655 2995 1722 3033 an
1759 2982 1887 3050 quia
1933 2981 2231 3037 seditioso-

649 3078 772 3117 rum
822 3066 1061 3135 impetus
1087 3069 1197 3138 jam
1235 3070 1538 3139 reprimere
1599 3080 1655 3125 et
1703 3086 1961 3128 coercere
1995 3088 2105 3128 non
2136 3090 2232 3141 po-

649 3164 812 3218 terat,
846 3158 1068 3238 silentio
1109 3161 1209 3214 ista
1244 3162 1476 3217 ferebat.
1511 3163 1819 3218 Arehontcs
1843 3207 1856 3229 ,
1889 3180 1986 3220 seu
2022 3167 2226 3236 primo-
2255 3195 2301 3258 ρ

646 3262 736 3301 res
769 3249 872 3308 illi.
915 3249 969 3303 in
1017 3266 1258 3321 quorum
1306 3253 1562 3309 manibus
1600 3257 1711 3326 jam
1743 3264 1858 3309 erat
1893 3258 2222 3326 respublica.

645 3349 876 3395 matrem
933 3344 1115 3412 magni
1151 3343 1439 3400 domestici
1490 3362 1612 3401 cum
1669 3358 1866 3417 nepote
1912 3350 2229 3407 Andronico

644 3429 793 3483 domi
842 3431 1132 3497 inclusam,
1167 3443 1329 3487 aucta
1381 3436 1631 3488 custodia
1687 3436 1862 3489 tutius
1910 3438 2225 3491 servabant.

643 3518 748 3574 Ubi
783 3520 909 3573 belli
950 3520 1165 3575 ﬂairima
1207 3524 1453 3592 Byzantii
1505 3526 1617 3593 jam
1645 3526 1897 3585 emicuit.
1929 3528 2064 3582 alias
2093 3545 2231 3597 quo-

645 3625 754 3679 que
801 3610 996 3676 urbes,
1032 3614 1265 3682 majores
1326 3615 1681 3685 minoresque
1729 3617 1794 3670 ad
1834 3618 1953 3686 ejus
1995 3620 2230 3675 societa-

648 3712 756 3755 tem
780 3702 965 3756 dedita
994 3717 1159 3770 opera
1187 3703 1475 3759 traducere
1501 3715 1762 3774 oportere
1785 3707 2094 3777 judicatum
2122 3721 2225 3765 est.

644 3794 786 3863 Ergo
816 3793 881 3846 ad
914 3809 1108 3849 omnes
1138 3794 1505 3864 imperatoria:
1544 3800 1995 3854 transmittuntur
2025 3802 2230 3870 episto-

636 3888 730 3951 lae,
766 3886 973 3955 quibus
1005 3887 1326 3956 praecipitur
1364 3904 1625 3959 magnum
1659 3890 2023 3946 domesticum
2059 3894 2230 3949 hostis

640 3979 764 4034 loco
796 3979 1056 4041 habeant,
1088 3978 1155 4032 ad
1185 3994 1245 4033 se
1272 3980 1585 4034 venientem
1635 3982 1782 4036 nulla
1810 3976 2068 4052 excipiat,
2098 3999 2227 4038 ner-

638 4069 725 4124 vis
754 4068 1012 4124 omnibus
1041 4070 1092 4123 ei
1127 4070 1388 4126 resistant
1451 4086 1699 4143 eumque’
1729 4074 2069 4144 disperdant.
2105 4076 2229 4132 Haec

640 4170 701 4214 ut
729 4161 806 4215 illi
834 4148 1086 4215 nuntiata
1111 4174 1259 4227 sunt,
1290 4172 1346 4216 et
1377 4163 1443 4216 ad
1479 4163 1815 4219 luculentam
1848 4167 2227 4221 conﬁrmatio—

640 4270 762 4307 nem
784 4256 994 4323 aliquot
1025 4255 1339 4324 hujusmodi
1366 4257 1613 4324 epistolae
1632 4268 1953 4327 apportataa,
1971 4274 2094 4312 cum
2115 4262 2229 4316 suis

638 4345 940 4412 nimioperc
995 4345 1365 4400 conturbatus
1386 4387 1399 4409 ,
1433 4362 1693 4401 curarum
1729 4358 1864 4402 aestu
1896 4348 2181 4403 lluctuavit
2210 4367 2224 4404 :

639 4436 777 4489 nihil
806 4446 985 4490 tamen
1012 4437 1139 4490 novi
1171 4445 1476 4499 tentarunt,
1510 4437 1657 4491 diem
1688 4440 2004 4495 oratoribus
2038 4455 2226 4495 rever-

2342 604 2495 665 σϐεις
2529 600 2867 671 εἰργασμένα
2901 598 3037 666 πρὸς
3069 598 3240 668 ὀργήν
3270 614 3329 648 τε
3368 598 3602 650 ἐποιεῖτο
3623 635 3639 657 ,
3667 599 3753 649 καὶ
3777 597 3869 648 ἐκέ-

2341 695 2498 747 λευεν
2528 692 2826 749 ἀποδόντας
2854 691 2922 741 τὰ
2952 688 3335 758 διηρπασμένα
3367 687 3522 754 ἄγειν
3553 690 3683 757 πρ’;ς
3713 688 3867 756 αὑτήν.

2353 787 2508 840 Ἐπεὶ
2551 787 2605 839 δὲ
2651 785 2917 854 ήχθησαν,
2940 782 3282 852 πατριάρχου
3322 799 3380 834 τε
3428 783 3520 834 καὶ
3560 781 3668 834 τῶν
3706 781 3871 834 λοιπῶν

2344 875 2728 944 συγκλητικῶν
2764 873 3050 942 παρόντων
3084 872 3176 925 ἐπὶ
3208 872 3311 941 τῆς
3355 870 3629 939 βασιλίδος
3661 870 3773 931 τοὺς
3809 871 3873 923 λό-

2340 986 2470 1033 γους
2499 970 2598 1035 τῆς
2625 965 2929 1035 πρεσϐείας
2958 962 3242 1016 ἐποιοῦντο
3262 979 3276 992 ο
3307 965 3401 1013 καὶ⁵
3431 962 3606 1023 οὐδεὶς
3635 962 3716 1013 ἐπ’
3733 965 3874 1014 οὐδενί

2340 1058 2451 1110 τῶν
2494 1056 2828 1124 ἀξιουμένων
2869 1056 3040 1124 ἐπῆγε
3085 1053 3316 1123 μέμψιν,
3358 1052 3474 1106 ἀλλ’
3527 1053 3737 1104 ἐδόκουν
3773 1055 3875 1104 πᾶσι

2341 1151 2524 1202 δίκαια
2573 1145 2925 1215 πρεσϐεύειν.
2965 1145 3208 1199 Ἐδέοντό
3250 1162 3311 1198 τε
3356 1145 3454 1197 καὶ
3504 1144 3767 1213 βασιλίδος
3805 1146 3876 1197 καὶ

2342 1240 2686 1307 πατριάρχου
2732 1239 2781 1290 οί
2825 1235 3181 1306 πρεσϐευταὶ,
3224 1236 3300 1306 μὴ
3350 1236 3569 1305 μέλλειν
3612 1237 3735 1303 περὶ
3772 1254 3877 1303 πρι-

2342 1330 2570 1398 γμάτων
2622 1327 2974 1396 ἀναγκαίων,
3026 1327 3162 1380 ἀλλά
3209 1329 3437 1396 ταχεῖαν
3489 1326 3592 1395 τὴν
3640 1326 3878 1397 διόρθωσιν

2341 1423 2613 1474 ποιεῖσθαι
2639 1436 2652 1450 ·
2688 1420 2722 1488 ἡ
2745 1419 2801 1472 δὲ
2832 1412 2921 1488 ἧν,
2944 1417 3238 1486 γράμμασι
3271 1418 3359 1469 τὸν
3395 1417 3575 1485 μέγαν
3604 1417 3876 1485 ὼμὲστικον

2341 1513 2421 1573 είς
2461 1511 2816 1580 δικαστήριον
2855 1509 3041 1563 καλεῖν
3067 1524 3079 1537 ·
3108 1508 3380 1578 ἐτιμῶντο
3417 1526 3479 1561 τε
3530 1508 3750 1561 θάνατον
3785 1510 3878 1561 ἐαυ-

2340 1606 2485 1667 τοῖς,
2517 1605 2565 1656 εί
2604 1603 2678 1672 μὴ
2711 1604 2984 1671 παρέσται
3015 1599 3131 1670 ἅμα
3163 1600 3241 1669 τῷ
3273 1600 3342 1652 τὰ
3375 1601 3687 1670 γράμματα
3712 1599 3874 1653 λαϐεῖν.

2342 1697 2407 1748 Ol
2443 1694 2542 1762 μὲν
2572 1690 2666 1747 οὖν
2696 1694 2844 1748 ἄλλοι
2882 1693 3086 1756 πάντες
3122 1693 3352 1763 ἡσυχίαν
3383 1688 3550 1763 ἦγον.
3586 1694 3873 1761 Ἀπόκαυχος

2339 1786 2396 1838 δὲ
2429 1785 2609 1847 δείσας
2648 1786 2720 1853 μὴ
2756 1786 2789 1853 ἡ
2816 1783 3025 1853 βασιλὶς
3060 1786 3195 1850 προς
3226 1784 3325 1854 τὴν
3357 1784 3582 1848 ἀξξωσιν
3614 1784 3685 1846 ὡς
3706 1785 3873 1836 attain

2340 1877 2607 1931 ἀπιδοῦσα
2641 1876 3044 1946 ἐπιψηφίσηται
3072 1876 3170 1946 τὴν
3200 1873 3380 1945 δίκην,
3415 1879 3515 1931 καὶ
3548 1877 3679 1944 πρὸς
3705 1876 3771 1946 τῷ
3798 1894 3873 1944 μῖ-

2339 1970 2427 2023 δέν
2458 1970 2621 2031 αὐτὸς
2655 1969 2915 2038 ὴνυκέναι
2948 1968 3056 2020 τῶν
3092 1969 3593 2038 ἐσκαιωρημένων,
3626 1973 3714 2022 καὶ
3745 1971 3875 2038 αὐτῆς

2341 2062 2616 2131 σωτηρίας
2648 2061 2997 2130 ἀποστερηθῇ
3022 2101 3038 2124 ,
3071 2060 3217 2127 ἔγνω
3246 2060 3357 2113 δεῖν
3392 2062 3683 2131 ίταμὸτητι
3715 2063 3878 2131 χρήεσ-

2340 2154 2464 2208 σθαι
2505 2152 2800 2222 ἐπικαιρδν
2830 2152 2906 2216 ὡς
2944 2152 3011 2204 δι’
3037 2153 3252 2217 ἐκείνης
3289 2141 3659 2220 δυνησόμενος
3696 2152 3877 2219 ἀνατρέ·

2336 2247 2436 2314 ψαι
2456 2289 2470 2310 ,
2497 2247 2590 2298 καὶ
2619 2245 2846 2314 συγχέαι
2872 2245 2998 2306 τοὺς
3026 2245 3151 2313 περὶ
3177 2244 3403 2313 είρήνης
3428 2243 3651 2311 λόγους,
3674 2246 3761 2297 καὶ
3782 2245 3878 2295 dva-

2339 2340 2466 2398 στὰς
2503 2337 2663 2400 εὐθὺς
2695 2336 2789 2389 τοῦ
2828 2335 3108 2406 συνεδρίου
3130 2374 3145 2399 ,
3181 2336 3276 2388 καὶ
3308 2338 3373 2407 τῇ
3411 2335 3560 2405 χειρὶ
3594 2336 3874 2395 κατασείσας

2338 2430 2581 2496 σιωπὴν,
2614 2428 2744 2497 πρίν
2775 2444 2827 2480 τι
2861 2427 3176 2497 προειπεῖν,
3204 2425 3237 2497 ἢ
3272 2426 3368 2496 τὴν
3403 2427 3592 2481 αἰτίαν
3612 2466 3626 2488 .
3656 2427 3713 2492 ἐξ
3736 2422 3791 2496 ἧς
3819 2429 3875 2487 εἰς

2335 2517 2563 2570 τοιαῦτα
2598 2517 2828 2587 ὥρμητο
2862 2517 3186 2583 προσθεῖναι
3207 2558 3223 2585 ,
3259 2517 3463 2581 πολλὰς
3502 2518 3645 2572 κατά
3678 2519 3872 2590 μεγάλου

2334 2608 2654 2676 δομεστίκου
2735 2606 2923 2678 ὕϐρεις
2997 2607 3229 2679 διεξῄει,
3282 2609 3549 2679 πολέμιον
3600 2610 3766 2663 κοινὸν
3805 2609 3874 2661 καί

2334 2700 2562 2754 ἄπιστον
2592 2697 2925 2767 βασιλεῦσιν,
2986 2700 3243 2767 ἐπίορκὸν
3274 2717 3329 2752 τε
3363 2702 3459 2753 καὶ
3492 2701 3799 2772 ψευδόμενον
3819 2701 3875 2763 ὡς

2332 2790 2403 2844 τὰ
2447 2790 2615 2843 πολλὰ
2662 2790 2865 2855 καλῶν,
2916 2792 3009 2849 καὶ
3049 2791 3385 2856 τελευταῖον,
3427 2796 3513 2855 εἰς
3557 2794 3772 2862 αἰσχρὰς
3804 2793 3874 2844 ul

2332 2881 2721 2952 ἀνελευθέρους
2771 2882 3074 2951 κατέληγεν
3118 2883 3427 2953 ἐπιτιμίας.
3458 2886 3643 2953 Ἐχων
3683 2886 3735 2938 δὲ
3774 2884 3871 2951 περὶ

2332 2973 2497 3028 αὐτὸν
2540 2973 2769 3037 πολλοὺς
2811 2975 3016 3041 ὁμοίως
3056 2991 3117 3027 τε
3161 2973 3444 3043 ὑϐριστὰς,
3494 2979 3590 3030 καὶ
3632 2977 3755 3047 πρὶς
3790 2976 3871 3026 πᾶν

2332 3064 2609 3127 ἀναιδείας
2647 3068 2848 3134 χωρεῖν
2882 3065 3117 3133 ἑτοίμως
3159 3068 3744 3137 παρεσκευασμένους,
3774 3065 3872 3118 ἐκέ-

2333 3155 2489 3209 λευεν
2528 3157 2838 3227 ἐρεσχελεῖν
2878 3157 3006 3219 τοὺς
3046 3158 3311 3224 πρέσϐεις
3337 3177 3351 3192 ·
3394 3162 3495 3213 καὶ
3534 3160 3629 3214 τοῦ
3675 3157 3879 3227 μοναχοῦ

2334 3248 2433 3318 μὲν
2468 3247 2763 3318 ἁπτόμενοι
2801 3247 3069 3316 θρασέως.
3097 3249 3158 3303 ’0
3190 3248 3283 3303 τοῦ
3321 3250 3765 3321 Καντακουζηνοῦ
3794 3266 3876 3303 περ

2331 3337 2621 3409 τριάρχης,
2655 3335 2925 3407 ἐπεϐόων,
2949 3337 3132 3390 οὑτοσί
3152 3353 3169 3371 ο
3188 3341 3665 3411 χριστεμπαίκτην
3680 3340 3762 3392 καὶ
3775 3341 3876 3392 ὕπο·

2332 3432 2526 3499 κριτὴν
2547 3468 2561 3490 ,
2596 3428 2689 3481 καὶ
2724 3427 2955 3481 τοιαῦτα
2986 3427 3124 3482 am
3156 3429 3438 3499 δεινότερα
3479 3432 3873 3502 προσαγορεύον-

2331 3537 2422 3583 τες
2447 3535 2461 3547 ·
2493 3519 2899 3588 Σγουρόπουλόν
2927 3537 2985 3572 τε
3016 3520 3218 3589 ὁμοίως
3248 3520 3420 3574 πολλά
3459 3524 3874 3593 περιυϐρίσαντες

2332 3612 2426 3664 καὶ
2458 3612 2903 3683 λοιδορησάμενοι
2926 3656 2942 3680 ,
2970 3611 3087 3667 εἶτα
3116 3614 3469 3683 ἀμφοτέρους
3489 3656 3505 3679 ,
3538 3618 3619 3680 εἰς
3646 3615 3708 3687 ἦν
3733 3614 3874 3677 ἐξενί-

2332 3702 2486 3767 ζοντο
2516 3705 2694 3758 οἰκίαν
2713 3745 2728 3769 ,
2761 3705 3070 3777 ἐφρούρουν
3102 3706 3420 3777 ἀπροῖτους.
3463 3706 3682 3771 Βασιλὶς
3712 3706 3761 3759 δὲ
3786 3704 3872 3756 εῖτε

2331 3795 2428 3847 καὶ
2458 3797 2595 3865 αὑτὴ
2632 3795 2770 3866 πρὸς
2799 3797 2868 3850 τὰ
2900 3797 3271 3868 πεπραγμένα
3306 3797 3479 3867 μηδὲν
3510 3796 3869 3867 ἀγανακτοῦσα,

2332 3886 2441 3940 εἴτε
2476 3887 2575 3957 ἤδη
2612 3888 2705 3940 καὶ
2739 3889 3090 3943 ἀναστέλλειν
3119 3890 3218 3953 τὰς
3246 3889 3357 3942 τῶν
3391 3889 3783 3954 στασιαζόντων
3803 3892 3871 3956 ἐρα

2336 3980 2441 4047 μὰς
2473 3980 2532 4031 οὐ
2565 3980 2869 4050 δυναμένη,
2904 3980 3105 4051 ἤνεγκε
3140 3984 3289 4053 σιγῇ.
3327 3984 3391 4035 Oi
3425 3983 3486 4036 δὲ
3518 3985 3629 4037 τῶν
3656 3981 3871 4052 πραγμά-

2331 4085 2440 4121 των
2483 4069 2744 4139 ἄρχοντες
2784 4073 2849 4140 τῇ
2902 4071 3146 4142 μεγάλου
3189 4071 3520 4141 δομεστίκου
3566 4075 3726 4143 μητρὶ
3762 4069 3869 4124 κατὰ

2329 4158 2429 4230 τὴν
2481 4161 2659 4214 οἰκίαν
2710 4162 2977 4235 διαγούσῃ
3031 4163 3150 4233 ἅμα
3201 4163 3281 4235 τῷ
3334 4165 3554 4236 ἐγγόνῳ
3592 4165 3867 4235 ’Δνδρονὲκῳ

2333 4250 2553 4305 πλείονά
2606 4268 2665 4304 τε
2724 4254 2972 4323 φρουρὰν
3024 4256 3297 4324 ἐφίστων,
3358 4258 3453 4309 καὶ
3510 4257 3865 4326 ἀσφαλέστερον

2330 4343 2582 4414 ἐτήρουν.
2629 4346 2782 4399 Ἐπεὶ
2813 4346 2867 4399 δὲ
2899 4348 2928 4399 ὁ
2961 4347 3198 4417 πόλεμος
3233 4350 3290 4400 ἐν
3321 4348 3608 4420 Βυζαντίῳ
3636 4350 3726 4421 ἤδη
3755 4347 3861 4414 λαμ-

2331 4435 2468 4504 πρὸς
2495 4436 2712 4507 ἀνήφθη
2733 4477 2748 4502 ,
2779 4438 2955 4491 ἐδόκει
2984 4441 3094 4493 δεῖν
3124 4441 3219 4493 καὶ
3243 4441 3340 4503 τὰς
3370 4442 3543 4507 ἀλλας
3573 4444 3772 4505 πόλεις,
3795 4439 3862 4491 καὶ

636 4528 784 4581 δεινῆς
809 4527 1132 4596 ριιιιιίίιιίῑιιιιι
1169 4528 1908 4596 ργαεειοισιιιθεήηιίεωτυιιι
1937 4531 2228 4600 Γοιίφτίιμ

2337 4527 2561 4597 μείζους
2597 4530 2689 4584 καὶ
2726 4530 2988 4594 ἐλάσσους
3029 4533 3551 4603 προσεταιρίζεσθαι
3588 4531 3858 4603 πειρᾶσθαι.

634 4618 935 4688 quidquam
973 4618 1281 4687 inceptare.
1314 4617 1385 4672 Ea
1432 4618 1523 4672 ubi
1568 4619 1744 4685 alluit,
1788 4636 1890 4675 nec
1917 4620 2077 4690 legati
2128 4637 2221 4677 us-

628 4724 797 4778 quam
846 4717 1252 4777 comparerent,
1289 4723 1341 4763 et
1372 4725 1553 4779 neque
1583 4712 1805 4775 litteris,
1836 4727 2016 4782 neque
2048 4713 2221 4767 inter-

634 4801 845 4855 nuntiis
874 4816 997 4869 quae
1053 4810 1169 4854 acta
1206 4810 1394 4856 essent
1423 4802 1735 4872 signiﬁcare
1768 4813 2014 4874 possent,
2050 4820 2218 4874 prop-

632 4905 782 4948 terea
824 4894 973 4963 quod
1024 4905 1182 4949 caute
1215 4895 1679 4951 custodiebantur
1704 4939 1718 4963 ,
1758 4907 2030 4968 quotquot
2077 4898 2221 4968 opti-

632 4994 808 5043 mates
860 4987 1227 5058 Didymotichi
1285 4989 1687 5055 versabantur,
1751 5002 1807 5044 et
1864 4993 2031 5045 duces
2084 4992 2215 5045 item

627 5079 911 5133 exercitus
935 5078 1099 5133 simul
1133 5079 1202 5133 ad
1232 5096 1487 5150 magnum
1519 5082 1885 5137 domesticum
1919 5083 2215 5147 adeuntes,

624 5171 897 5226 auctores
934 5181 1116 5238 erant,
1148 5188 1218 5227 ne
1263 5175 1718 5243 procrastinaret,
1748 5176 1895 5228 omni
1932 5177 2041 5245 jam
2079 5191 2218 5244 pra:-

631 5272 779 5318 textu
821 5265 1035 5318 sublato
1069 5306 1084 5329 ,
1116 5275 1173 5320 ct
1207 5267 1275 5319 de
1325 5266 1567 5335 ipsorum
1604 5270 1769 5321 etiam
1817 5268 1994 5321 salute
2063 5268 2216 5321 inco-

628 5355 989 5424 lumitateque
1010 5355 1296 5423 cogitaret.
1331 5356 1542 5411 Placuit
1570 5359 1879 5412 consilium.
1904 5358 2040 5412 Cum
2068 5358 2215 5411 enim

628 5447 949 5515 imperatrix
982 5462 1107 5500 cum
1133 5447 1377 5503 factione
1407 5464 1503 5501 sua
1530 5449 1796 5505 utilitates
1817 5466 1947 5503 suas
1969 5461 2212 5513 curaret,

629 5539 774 5591 haud
804 5539 893 5592 ille
923 5538 1027 5593 sibi
1062 5539 1365 5593 srdendum
1395 5540 1792 5594 arbitrabatur.
1819 5542 2001 5595 Nihilo
2033 5542 2216 5595 minus

627 5630 861 5696 aliquam
897 5631 1079 5683 adhuc
1113 5622 1530 5687 conversionem
1617 5631 1855 5700 bellique
1903 5632 2218 5686 dissolutio-

626 5731 756 5769 nem
804 5732 1052 5786 spcrans,
1098 5735 1228 5774 suos
1274 5734 1344 5773 ne
1388 5719 1588 5774 animis
1636 5720 2033 5787 conciderent,
2077 5735 2215 5776 neve

627 5802 839 5859 bellum
874 5808 1176 5876 irritarent,
1210 5809 1553 5865 hortabatur.
2034 5799 2039 5805 ’

2327 4621 2604 4691 Γράφεται
2640 4621 2706 4692 δὴ
2741 4623 2879 4691 πρὸς
2916 4623 3096 4686 πάσας
3132 4624 3440 4693 γράμματα
3478 4627 3764 4696 βασιλικὰ,
3792 4638 3861 4672 κε·

2323 4714 2553 4766 λεὺοντα
2595 4714 2687 4766 τον
2738 4714 2914 4783 μέγαν
2959 4715 3279 4785 δομέστικον
3326 4718 3592 4787 πολέμιον
3637 4714 3859 4786 ἡγεῖσθαι.

2323 4806 2419 4858 καὶ
2470 4803 2746 4872 μηδεμίαν
2793 4803 3048 4874 δέχεσθαι
3101 4806 3514 4878 ἐπιδημοῦντα,
3561 4808 3693 4862 ἀλλά
3736 4804 3858 4859 παντὶ

2312 4890 2501 4948 ’σθένει
2537 4895 2834 4961 πολεμεῖν,
2866 4895 2963 4949 καὶ
2996 4893 3356 4965 διανρθείρειν.
3395 4896 3484 4961 Ὧς
3518 4899 3578 4951 δὲ
3614 4899 3702 4951 καὶ
3729 4892 3857 4947 ταῦτα

2321 4987 2619 5056 ἠγγέλλετο
2641 4987 2719 5056 τῷ
2749 4987 2973 5058 μεγάλῳ
2997 4988 3327 5059 δομεστίκῳ,
3355 4990 3449 5049 καί
3475 4976 3600 5044 τινα
3627 4990 3728 5042 τῶν
3749 4999 3856 5053 πρε·

2322 5079 2556 5148 γμάτων
2592 5079 2881 5148 ἐκομίζετο
2926 5081 3006 5144 εἰς
3049 5079 3324 5145 ἀπόδειξιν
3359 5082 3571 5152 ἐναργῆ
3608 5080 3708 5134 τῶν
3736 5078 3855 5141 λεγο-

2324 5170 2532 5240 μένων,
2557 5169 2870 5239 ἐθορυϐεῖτο
2917 5169 3017 5240 μὲν
3053 5171 3298 5241 σφοδρῶς
3329 5170 3430 5243 ἤδη
3456 5174 3552 5225 καὶ
3578 5168 3857 5239 ἐκυμαίνετο

2318 5260 2419 5329 τὴν
2452 5260 2633 5329 ψυχὴν
2670 5258 2765 5313 καὶ
2811 5259 3014 5324 αὐτὸς,
3048 5260 3144 5314 καὶ
3184 5263 3234 5314 oi
3280 5262 3537 5323 συνόντες
3562 5278 3577 5293 ·
3615 5260 3753 5314 οὐδὲν
3781 5254 3855 5322 μέν

2319 5367 2401 5404 τοι
2446 5351 2542 5404 καὶ
2585 5351 2743 5404 αὐτοὶ
2784 5352 3134 5422 νεωτερίζειν
3171 5354 3515 5424 ἐπεχείρουν,
3561 5354 3660 5421 τὴν
3695 5343 3854 5415 προθε-

2320 5441 2491 5509 σμίαν
2526 5441 2942 5512 περιμένοντες.
2979 5444 3179 5496 ἄτοπον
3216 5444 3511 5513 ἡγούμενοι
3545 5441 3648 5511 πρὸ
3678 5436 3853 5498 ἐκείνης

2315 5549 2369 5584 τι
2399 5532 2629 5603 τολμᾷν.
2665 5532 2819 5586 Ἐπεὶ
2848 5532 2906 5586 δὲ
2937 5533 3200 5604 ἡκούσης,
3230 5534 3283 5586 οῖ
3311 5551 3370 5587 τε
3400 5533 3657 5603 πρέσϐεις
3708 5526 3852 5597 παπ·

2318 5641 2421 5676 σαν
2449 5623 2689 5690 οὐδαμοῦ
2708 5666 2722 5689 ,
2758 5626 2853 5678 καὶ
2881 5624 3006 5678 οὔτε
3037 5626 3389 5695 γράμμασιν,
3422 5623 3545 5678 οὔτε
3580 5624 3684 5693 μὴν
3709 5621 3851 5685 λόγοις

2317 5716 2666 5785 ἠδυνήθησαν
2707 5716 2846 5782 δῆλα
2891 5715 3087 5770 θέσθαι
3129 5717 3198 5770 τὰ
3241 5714 3607 5786 γεγενημένα,
3650 5710 3744 5765 ὑπὸ
3776 5702 3847 5758 τώ

2320 5806 2682 5878 φρουρεῖσθαι
2710 5807 2992 5877 ἀσφαλῶς,
3018 5808 3134 5863 ὅσοι
3164 5808 3273 5862 τῶν
3304 5803 3677 5879 συγκλητικῶν
3703 5797 3850 5868 παρῆ·
