4096 6300
273 365 382 430 837

1425 347 1988 431 ἨΙΞΤΟΒΙΛΒΠΜ
2040 365 2270 427 LIBER
2310 363 2424 428 tn.

3430 373 3536 438 838

275 477 422 549 ἔχων
446 477 505 531 ἐν
548 477 753 549 χερσίν.
800 477 1041 549 Ὀλίγαις
1077 478 1208 548 γοῦν
1234 480 1472 551 ἡμέραις
1496 483 1769 553 πρότερον
1796 481 1855 532 ἐν

1966 493 2186 532 canenm
2243 481 2399 543 duxi,
2473 480 2854 551 amrinavi‘que
2914 480 3054 536 nihil
3115 482 3536 550 interfuturum,

277 569 574 640 βασιλείοις
625 570 816 639 χρείας
871 573 1179 644 γενομένης
1227 575 1293 626 ἐκ
1348 573 1449 643 τῆς
1501 574 1641 642 ἐμῆς
1685 562 1854 642 σκεύη

277 661 501 730 ἀργυρᾶ
530 660 673 732 ύπέρ
702 661 956 716 διακόσια
971 663 1177 733 ήνέχθη
1206 664 1307 717 οὐκ
1330 664 1514 731 ὀλίγου
1541 662 1669 728 ἄξιά
1687 678 1856 723 τινος.

281 753 354 804 ’Ἃ
394 752 536 820 μετὰ
584 754 684 821 τὴν
711 753 907 823 χρείαν
951 755 1062 808 τῶν
1091 755 1184 809 ἐπὶ
1215 756 1316 824 τὴν
1352 753 1598 824 φυλακήν
1627 753 1855 807 ἐκείνων

273 842 634 910 τεταγμένων
661 843 1076 914 ἀπολαμὸάνειν
1105 845 1400 914 δεομένων,
1434 845 1535 898 οὐκ
1555 844 1854 911 ἀναγκαῖον

271 935 578 1004 ἡγησάμην
601 951 615 966 ·
651 935 805 989 ούδέν
838 936 1066 990 διοίσειν
1101 937 1344 1008 φάμενος
1401 939 1460 992 ἐν
1489 939 1602 1001 τοῖς
1643 936 1857 1007 βασιλι-

268 1026 396 1088 κοῖς
432 1025 720 1096 τηρεῖσθαι
782 1027 1080 1097 ταμιείοις,
1117 1030 1150 1102 ἢ
1211 1031 1272 1083 ἐν
1314 1029 1487 1092 οἴκοις
1520 1031 1634 1092 τοῖς
1675 1031 1854 1098 ἐμοῖς.

279 1117 408 1170 Ἔτι
443 1134 507 1185 γε
541 1119 649 1188 μήν
680 1119 805 1173 οὐδὲ
841 1121 1024 1190 νήσων
1075 1122 1292 1176 πολλῶν
1346 1125 1442 1177 καὶ
1475 1122 1707 1185 πόλεων,
1761 1121 1856 1173 καὶ

273 1211 546 1280 ’μειζόνων
583 1213 678 1265 καὶ
739 1213 1379 1287 ἐλαττόωνσέχομένων
1431 1217 1522 1269 ὑπ’
1566 1216 1726 1287 ἐμοῦ,
1780 1209 1855 1270 ὧν

271 1307 380 1369 τὰς
412 1307 511 1376 μὲν
540 1309 605 1358 ἐκ
629 1306 737 1364 τῶν
792 1307 1012 1362 οίκείων
1039 1308 1295 1363 δαπανῶν
1321 1309 1648 1378 ὼκοδόμησα
1669 1309 1853 1371 αὐτὸς.

273 1397 378 1460 τὰς
404 1397 448 1450 δ’
480 1399 543 1451 ἐκ
600 1397 872 1468 βασιλέως
901 1399 1062 1472 ἐσχον
1119 1401 1356 1472 δωρεὰν,
1411 1402 1671 1470 οὐδεμίαν
1727 1401 1854 1453 οὔτε

275 1487 512 1562 φρουρᾷ·
531 1486 820 1556 κατέσχον,
855 1486 981 1541 οὗτε
1004 1489 1161 1552 τινὸς¹
1181 1489 1393 1558 ήξίωσα
1425 1491 1683 1559 προνοίας
1710 1487 1854 1542 ὥστε

281 1578 549 1647 ἀσφαλῶς
573 1579 830 1648 κατέχειν
850 1596 867 1613 ο
921 1579 1044 1633 οὐδέ
1092 1597 1146 1633 τι
1175 1582 1284 1634 τῶν
1314 1581 1415 1634 ὅσα
1472 1580 1854 1646 λυσιτελήσειν

273 1669 474 1738 ἔμελλε
508 1669 646 1740 πρὸς
685 1671 783 1741 τὴν
813 1670 1057 1725 διάνοιαν
1103 1672 1251 1740 ἐμοὶ,
1288 1670 1414 1725 οὔτε
1462 1674 1849 1742 εἰργασμένος,

273 1760 404 1814 οὔτε
439 1761 717 1831 μελλήσας
744 1763 836 1814 ὑπ’
862 1761 1076 1825 οὐδενὸς
1102 1763 1481 1834 ἐξελεγχθείην
1513 1765 1602 1819 ἄν.
1629 1765 1704 1816 Οὐ
1743 1765 1853 1833 γὰρ

269 1850 454 1919 δήπου
481 1866 545 1916 γε
579 1851 675 1905 καὶ
718 1849 879 1904 τοῦτο
925 1853 1404 1922 κατηγορήσουσιν
1434 1853 1512 1915 ὡς
1567 1854 1856 1924 ἀπραγμο-

278 1944 420 2014 σύνῃ
452 1945 546 1997 καὶ⁵
573 1944 827 2014 πολέμων
858 1945 1091 2016 ἀπειρίᾳ
1119 1946 1200 2009 είς
1233 1946 1388 1999 οὐδὲν
1413 1947 1702 2016 προῆγμαι
1745 1947 1856 2000 τῶν

271 2036 531 2089 δεόντων.
577 2036 720 2102 Ἐγὼ
750 2035 807 2088 δέ
834 2035 939 2089 οὐκ
961 2035 1022 2100 ἐξ
1043 2029 1118 2090 ὧν
1141 2034 1306 2098 αὐτὸς
1347 2036 1855 2107 ἐπραγματευόμην

279 2127 467 2196 μόνον,
499 2124 638 2180 ἀλλὰ
694 2126 791 2180 καὶ
844 2113 1001 2197 παρὰ
1052 2127 1276 2180 πάντων
1319 2126 1612 2197 Ῥωμαίων
1654 2129 1715 2181 ού
1746 2129 1856 2181 τῶν

278 2208 377 2272 νῦν
404 2221 529 2288 ἐμοὶ
564 2219 836 2272 συνόντων
885 2218 1041 2288 ὑμῶν
1103 2217 1286 2288 μόνον,
1319 2219 1456 2272 ἀλλὰ
1505 2221 1601 2272 καὶ
1652 2219 1762 2272 τῶν
1798 2222 1857 2274 ἐν

279 2309 590 2380 Βυζαντίῳ,
639 2313 737 2365 καὶ
785 2308 896 2364 τῶν
950 2310 1138 2363 ἄλλοθί
1173 2328 1278 2363 που
1312 2309 1415 2380 γῆς
1467 2311 1858 2382 διατριὸόντων

268 2400 556 2467 ἀπόδειξιν
576 2403 674 2471 τῆς
698 2400 960 2472 ἀληθείας
973 2401 1184 2471 ἐναργῆ
1201 2401 1538 2470 πειράσομαι
1560 2402 1853 2455 ποιεῖσθαι.

272 2488 501 2541 Πολλῶν
531 2489 640 2558 γὰρ
662 2488 833 2549 ὄντων
856 2489 951 2541 καὶ
981 2489 1247 2556 μειζόνων
1270 2489 1365 2540 καὶ
1386 2488 1687 2541 ἐλαττόνων
1716 2491 1856 2541 πάνυ

276 2593 345 2629 τε
377 2577 568 2645 φιλίως
607 2577 734 2647 ἐμοὶ
755 2576 1139 2652 διακειμένων,
1179 2579 1284 2632 καὶ
1315 2579 1424 2630 τῶν
1457 2579 1578 2647 μέν,
1609 2579 1666 2642 ἐξ
1694 2579 1860 2648 αἵμα-

276 2685 374 2732 τος
410 2668 820 2739 προσηκόντων,
877 2667 989 2722 τῶν
1040 2669 1098 2722 δέ
1133 2670 1318 2739 φιλίας
1373 2670 1598 2738 δεσμοῖς
1642 2671 1861 2736 ἀλύτοις

281 2763 648 2832 συνημμένων
673 2763 738 2816 ἐκ
771 2762 984 2816 πολλῶν
1020 2761 1181 2828 ἐτῶν,
1224 2764 1371 2832 ἐμοὶ,
1406 2767 1502 2818 καὶ
1529 2763 1729 2835 πολλὴν
1759 2783 1862 2818 πα-

280 2869 458 2925 ρεσχη
469 2853 648 2922 μένων
676 2855 875 2924 πεῖραν
906 2854 966 2907 ἐν
989 2853 1204 2916 πολλοῖς
1229 2853 1329 2923 τῆς
1359 2855 1439 2916 είς
1469 2855 1570 2922 ἐμὲ
1600 2855 1859 2925 στοργῆς,

279 2945 458 3006 οὐδεὶς
485 2943 608 2998 οὔτε
641 2947 750 2998 τῶν
800 2945 1087 3016 παρόντων
1113 2946 1291 3014 ὑμῶν,
1342 2944 1455 2998 οὔτ’
1489 2945 1544 2998 εί
1569 2964 1651 3010 τις
1681 2948 1863 3001 ἄλλοθί

281 3053 393 3088 που
419 3036 717 3107 διατρίϐοι,
737 3036 942 3091 δύναιτ’
971 3038 1036 3091 ἂν
1067 3037 1190 3106 ἐμοὶ
1221 3037 1334 3090 τῶν
1389 3040 1864 3110 κατηγορημένων

279 3127 362 3192 ὦς
384 3148 438 3182 τι
485 3129 728 3183 σύνοιδεν
764 3129 1032 3200 ἐλέγχειν.
1074 3130 1186 3183 Καί
1223 3127 1310 3181 τοί
1368 3146 1433 3197 γε
1492 3129 1601 3191 πᾶς
1654 3145 1737 3190 τις
1797 3127 1864 3181 ἂν

283 3222 424 3292 φαίη
457 3224 551 3274 καὶ
576 3222 731 3289 ὀλίγα
757 3221 1046 3290 μετασχὼν
1064 3221 1300 3292 φρενῶν,
1325 3220 1400 3283 ῶς
1449 3221 1547 3274 οὐκ
1581 3221 1646 3274 ἂν
1677 3222 1859 3276 δυναί·

287 3332 399 3385 μην
430 3314 694 3377 τοιούτοις
729 3315 888 3383 μόνος
917 3312 1219 3383 ἐπιχειρῶν
1245 3329 1260 3342 ⁸
1284 3313 1422 3367 ἀλλὰ
1451 3313 1547 3366 καὶ
1598 3316 1860 3382 στρατιᾶς

281 3405 507 3475 ἐδέησεν
541 3406 607 3458 ἂν
642 3405 780 3475 πρὸς
803 3405 900 3476 τήν
928 3405 1275 3474 ἐπιχείρησιν
1306 3402 1732 3474 συναιρομὲνης,
1765 3401 1862 3455 καὶ

283 3498 460 3568 φίλων
490 3497 598 3550 τῶν
644 3495 1039 3565 γνησιωτάτων
1075 3479 1330 3563 μάλιστα,
1368 3496 1464 3548 καὶ
1522 3493 1720 3564 πολλῆς
1759 3512 1864 3546 πα-

279 3587 590 3660 ρασκευῆς,
617 3585 677 3652 ἐξ
707 3582 774 3659 ἦς
808 3589 908 3640 οὐκ
938 3587 1066 3657 ἐνῆν
1093 3589 1142 3639 εί
1179 3587 1254 3656 μὴ
1281 3587 1406 3650 τοὺς
1437 3585 1687 3652 πολλοὺς,
1725 3585 1864 3639 ἀλλὰ

283 3679 419 3742 τούς
451 3697 515 3745 γε
547 3679 1026 3749 ἐπιτηδειοτάτους
1083 3680 1158 3749 μὴ
1189 3679 1288 3748 τὴν
1321 3679 1565 3732 διάνοιαν
1599 3696 1864 3734 καταστο-

281 3769 554 3842 χάζεσθαι
582 3773 690 3824 τῶν
740 3773 1102 3840 γιγνομένων.
1141 3769 1204 3824 Εί
1274 3770 1334 3823 δέ
1389 3772 1474 3833 τίς
1517 3789 1570 3825 τι
1624 3773 1864 3828 τοιοῦτον

283 3865 598 3933 ἐξελέγχειν
631 3863 766 3932 ἔχει,
800 3861 1064 3933 παρείτω,
1115 3863 1216 3914 καὶ
1257 3863 1544 3918 δεικνύτω.
1597 3865 1737 3916 Ἀλλ’
1766 3867 1866 3918 οὐκ

282 3958 357 4012 ἂν
391 3957 527 4025 έχοι.
574 3956 718 4023 Ἐγὼ
775 3955 886 4024 γὰρ
940 3955 1166 4024 ἀνδρίας
1196 3957 1296 4025 μέν
1329 3957 1424 4008 καὶ
1465 3956 1736 4017 συνέσεως
1771 3958 1867 4010 καὶ

282 4050 587 4119 ἐμπειρίας
646 4047 745 4117 τῆς
820 4047 954 4117 πρὸς
1020 4047 1147 4109 τοὺς
1206 4047 1480 4116 πολέμους
1533 4047 1747 4111 πολλοῖς
1801 4048 1867 4102 ἂν

285 4141 770 4209 παραχωρήσαιμι
795 4138 889 4190 καὶ
912 4137 1019 4189 τῶν
1047 4137 1218 4190 πάλαι
1233 4138 1455 4214 καιτῶν
1484 4137 1579 4191 νῦν
1601 4181 1618 4205 ,
1648 4140 1868 4210 τρόπων

282 4231 348 4284 δὲ
378 4231 674 4301 εὐθύτητος
732 4229 830 4283 καὶ
884 4228 1169 4301 ἀληθείας,
1207 4229 1384 4282 οὐδενί
1416 4246 1430 4260 ο
1491 4224 1574 4295 οἷς
1633 4232 1868 4300 μάλιστα

283 4320 415 4373 νυνὶ
447 4321 729 4389 θαρρήσας
755 4318 1211 4390 παῤῥησιὰζομαι
1237 4319 1485 4374 τοιαῦτα.
1522 4320 1580 4372 Et
1609 4319 1673 4389 δὴ
1718 4320 1782 4373 ἐκ
1807 4339 1868 4375 τε

281 4410 368 4467 ὧν
423 4412 935 4482 ἐπραγματευόμην
989 4412 1174 4474 αὐτὸς,
1207 4411 1270 4465 ἐκ
1300 4429 1358 4464 τε
1404 4412 1510 4465 τῶν
1536 4413 1628 4465 τὸν
1655 4413 1870 4466 ἅπαντα

1960 577 2139 622 utrum
2174 571 2227 624 in
2259 572 2456 626 aerario
2479 573 2850 641 imperatoris,
2869 587 2934 625 an
2965 573 3018 626 in
3041 573 3250 628 :edibus
3268 573 3407 628 meis
3425 589 3538 628 εει-ι-

1956 673 2238 719 varentur.
2272 665 2545 720 Prmterea
2577 681 2702 720 cum
2765 665 2974 720 insulas
3015 675 3070 720 et
3113 666 3278 720 urbes
3305 667 3540 735 majores

1956 756 2310 826 minoresque
2362 756 2670 811 obtinerem
2714 757 2938 819 multas,
2977 772 3209 824 quarum
3241 757 3376 810 alias
3404 759 3542 812 meis

1956 850 2265 920 sumptibus
2285 850 2574 915 aediﬁcavi,
2603 850 2738 904 alias
2769 849 2916 904 dono
2943 850 3012 904 ab
3035 850 3364 918 imperatore
3383 867 3541 905 acee.

1956 939 2034 1008 pi,
2072 940 2204 992 nulli
2241 954 2430 992 earum
2454 939 2768 1008 praesidium
2801 939 3062 1008 imposui,
3094 954 3196 993 nec
3225 954 3335 1007 quo
3367 941 3541 994 tutius

1957 1041 2049 1080 eas
2074 1025 2436 1094 possiderem,
2476 1027 2584 1080 ulla
2633 1041 2765 1080 cura
2817 1027 3076 1096 dignatus
3110 1043 3254 1081 sum.
3299 1027 3412 1083 Nec
3454 1044 3540 1082 me

1955 1119 2242 1188 quisquam
2265 1120 2598 1186 coarguerit,
2617 1129 2711 1173 aut
2736 1120 3052 1185 fecisse,aut
3077 1119 3346 1174 facturum
3369 1120 3540 1174 fuisse

1955 1207 2233 1278 quippiam
2245 1209 2410 1279 ,quod
2429 1210 2562 1262 mihi
2587 1211 2720 1263 utile
2735 1226 2856 1265 cum
2877 1212 3062 1264 animo
3086 1226 3207 1264 meo
3221 1209 3542 1264 constituis-

1956 1313 2096 1352 sem.
2127 1297 2237 1354 Nec
2262 1302 2316 1354 in
2344 1301 2472 1363 hoc,
2524 1301 2714 1362 credo,
2754 1302 3114 1360 accusabunt.
3160 1301 3304 1368 quod
3339 1300 3452 1353 otio
3476 1313 3541 1352 ac

1956 1388 2182 1444 desidiae
2209 1391 2452 1454 deditus,
2493 1399 2549 1446 et
2603 1391 2842 1445 bellandi
2877 1390 3094 1446 inscitia
3122 1390 3332 1444 nullum
3360 1404 3541 1457 opera:

1956 1479 2197 1547 pretium
2237 1479 2603 1548 fecerim.Ego
2623 1497 2755 1535 vero
2771 1497 2879 1535 non
2895 1498 2962 1536 ex
2976 1481 3258 1535 laboribus
3274 1480 3540 1534 duntaxat

1957 1572 2116 1635 meis,
2142 1571 2235 1624 sed
2266 1573 2510 1626 omnium
2537 1574 2906 1627 Romanorum
2948 1572 3284 1633 testimonio.
3311 1586 3421 1626 non
3453 1586 3543 1626 so-

1958 1655 2069 1711 lum
2095 1667 2294 1720 vestro,
2314 1659 2407 1728 qui
2433 1675 2582 1713 nunc
2606 1674 2820 1714 mecum
2845 1659 3115 1720 militatis,
3136 1659 3229 1713 sed
3250 1668 3305 1712 et
3323 1659 3416 1728 qui
3437 1658 3542 1729 By-

1959 1746 2126 1800 zantii
2173 1756 2229 1799 et
2259 1747 2387 1800 alibi
2419 1757 2686 1800 terrarum
2706 1749 2920 1811 vivunt,
2950 1746 3542 1800 veritatem‘evidentcr

1885 1829 1928 1884 Β
1957 1839 2135 1894 enitar
2153 1839 2549 1893 demonstrare.
2563 1838 2698 1894 Cum
2717 1853 2950 1908 namque
2970 1839 3356 1902 multi,summi
3375 1848 3540 1908 atque

1961 1928 2156 1994 inﬁmi,
2206 1941 2261 1984 et
2313 1946 2506 1985 omnes
2558 1945 2711 1999 atque
2764 1931 2870 1984 mei
2928 1929 3114 2000 cupidi
3170 1931 3298 1995 sint,
3335 1929 3542 1999 aliique

1958 2022 2226 2091 sanguine
2260 2023 2561 2091 conjuncti,
2608 2023 2701 2076 alii
2751 2023 3010 2077 amicitia
3057 2023 3294 2078 vinculis
3325 2023 3541 2077 insolu-

1959 2111 2164 2165 bilibus
2253 2127 2466 2165 mecum
2539 2114 2800 2180 copulati,
2877 2111 3082 2181 quique
3146 2111 3332 2166 multis
3425 2113 3540 2182 jam

1957 2204 2117 2259 annis
2167 2213 2221 2257 et
2278 2203 2654 2272 compluribus
2708 2204 2762 2256 in
2823 2203 2993 2257 rebus
3051 2201 3257 2257 amoris
3287 2218 3416 2274 erga
3451 2218 3540 2258 me

1959 2295 2221 2364 praecipui
2254 2294 2585 2348 documenta
2621 2294 2916 2358 dederunt,
2977 2296 3165 2350 nullus
3215 2309 3395 2364 neque
3441 2309 3541 2349 ve-

1960 2397 2137 2440 strum
2172 2386 2268 2454 qui
2303 2386 2525 2446 adestis,
2562 2401 2740 2451 neque
2790 2385 2918 2438 alibi
2971 2385 3287 2456 degentium
3342 2385 3543 2442 docere

1962 2477 2157 2546 possit,
2187 2492 2244 2528 se
2280 2477 2450 2530 ullum
2484 2477 2552 2530 de
2584 2492 2669 2531 me
2707 2478 2915 2530 crimen
2954 2493 3141 2543 nosse,
3177 2484 3412 2547 quorum
3447 2491 3542 2532 ac-

1963 2583 2149 2622 cusor.
2192 2568 2258 2621 Et
2296 2578 2476 2621 tamen
2510 2568 2892 2637 unusquisque
2939 2583 3046 2622 non
3120 2569 3278 2639 plane
3309 2567 3544 2622 stolidus

1962 2658 2342 2722 conﬁtebitur,
2381 2675 2466 2712 me
2501 2659 2679 2713 solum
2715 2660 2840 2713 talia
2888 2661 3067 2714 ntoltri
3105 2676 3211 2714 non
3269 2660 3543 2729 patuisse,

1963 2751 2059 2805 sed
2094 2761 2150 2804 et
2193 2753 2388 2819 copiis,
2422 2759 2478 2804 et
2513 2751 2706 2806 amicis
2741 2752 2902 2821 longe
2952 2752 3254 2818 ﬁdissimis,
3283 2761 3339 2806 et
3379 2768 3547 2822 appa-

1964 2853 2085 2897 ratu
2116 2845 2354 2912 plurimo
2397 2843 2726 2912 indiguisse,
2759 2860 2826 2898 ex
2874 2861 2985 2915 quo
3035 2846 3081 2899 si
3125 2862 3234 2900 non
3273 2847 3454 2915 vulgo,
3488 2855 3548 2903 at

1963 2937 2073 2990 mei
2104 2937 2462 2990 amicissimis
2492 2937 2688 2991 liceret
2720 2938 2996 3008 colligere,
3023 2939 3153 3009 quid
3183 2938 3290 2993 sibi
3349 2939 3550 2994 vellent

1964 3044 2088 3097 qua:
2145 3027 2364 3082 ﬁerent.
2417 3026 2580 3097 427
2647 3028 2704 3082 Si
2758 3030 2884 3098 quis
2930 3030 3036 3084 tale
3070 3029 3280 3098 aliquid
3309 3030 3547 3099 probare

1891 3168 1934 3223 Ο
1967 3129 2168 3189 potest,
2220 3119 2447 3175 accedat
2506 3120 2658 3185 licet,
2694 3129 2751 3174 et
2802 3120 3020 3190 probet.
3057 3123 3128 3186 At,
3155 3137 3264 3175 non
3317 3122 3544 3191 poterit.

1976 3212 2242 3282 Equidem
2273 3228 2380 3282 qua
2432 3211 2782 3276 fortitudine,
2818 3227 2926 3281 qua
2977 3212 3295 3281 prudentia,
3335 3228 3547 3281 usuque

1971 3305 2196 3358 militari
2249 3314 2303 3358 ct
2354 3305 2704 3374 superiorum
2757 3314 2814 3358 et
2864 3306 3038 3358 nostri
3117 3306 3300 3360 saeculi
3357 3305 3547 3359 multis

1971 3394 2367 3456 concesserim,
2410 3394 2660 3463 probatis
2715 3402 2899 3448 autem
2932 3394 3179 3449 moribus
3207 3409 3272 3449 ac
3302 3395 3550 3449 veritatis

1971 3487 2154 3542 studio
2184 3487 2412 3552 nemini,
2442 3486 2646 3556 quibus
2695 3487 3041 3556 potissimum
3094 3503 3240 3543 nunc
3283 3488 3548 3552 conlims,

1973 3579 2089 3633 haec
2124 3579 2293 3633 libere
2326 3593 2446 3631 sum
2479 3577 2821 3648 prolocutus.
2859 3575 2914 3632 Si
2948 3578 3118 3648 igitur
3153 3594 3333 3648 neque
3366 3594 3432 3632 ex
3463 3577 3550 3632 his

1973 3680 2093 3734 quae
2147 3665 2261 3734 ipse
2303 3663 2524 3720 .ellieere
2575 3663 2858 3730 contendi,
2909 3679 3089 3735 neque
3139 3681 3206 3719 ex
3238 3666 3416 3731 vobis,
3454 3664 3550 3735 qui

1974 3775 2189 3814 mecum
2223 3774 2440 3828 semper
2469 3755 2675 3822 fuistis,
2705 3758 2792 3811 vel
2827 3767 3144 3827 suspectus,
3177 3757 3259 3810 vel
3299 3773 3422 3811 rcus
3455 3773 3552 3811 eo-

1975 3867 2095 3906 rum
2124 3849 2334 3912 videor,
2368 3863 2602 3917 quorum
2633 3849 2686 3900 in
2716 3862 2802 3902 me
2831 3847 3097 3902 adornata
3129 3855 3214 3902 est
3247 3849 3548 3911 accusatio.

1974 3956 2136 3996 nemo
2169 3956 2255 3995 me
2303 3942 2428 4010 jure
2483 3937 2870 4007 reprehendet,
2930 3938 3090 4006 quasi
3147 3938 3346 4007 injuria
3385 3953 3553 4007 super

1977 4032 2062 4087 his
2117 4031 2286 4084 rebus
2338 4040 2718 4083 succenseam.
2771 4026 3014 4082 Decebat
3045 4026 3194 4081 enim
3226 4027 3549 4098 Augustam,

1976 4135 2172 4180 testem
2203 4122 2273 4175 ab
2307 4119 2468 4173 initio
2501 4117 2836 4186 integritatis
2869 4132 3022 4182 meae,
3041 4125 3097 4171 et
3126 4118 3246 4188 ejus
3272 4133 3394 4188 qua:
3416 4115 3551 4171 mihi

1977 4232 2102 4272 cum
2136 4215 2470 4284 imperatore
2500 4210 2818 4266 intercessit
2847 4209 3196 4265 inimitabilis
3233 4219 3298 4274 et
3317 4209 3554 4266 admira-

1980 4309 2130 4363 tione
2175 4305 2510 4376 dignissimte
2559 4301 2838 4363 amicitiae,
2879 4317 2943 4358 ac
2998 4311 3124 4371 post
3158 4303 3368 4357 obitum
3401 4303 3553 4357 illius

1978 4414 2076 4469 pro
2119 4397 2246 4451 [iliis
2305 4397 2537 4465 ipsaque
2583 4407 2840 4448 curarum
2899 4407 3146 4445 mearutn
3203 4401 3260 4446 et
3309 4391 3554 4462 impigro:

285 4506 487 4576 χρόνον
558 4505 830 4556 συνόντων
884 4502 1042 4573 ὑμῶν
1083 4505 1232 4574 ἐμοὶ,
1279 4504 1416 4574 μήτε
1473 4505 1863 4571 ὑποπτευθεὶς,

1980 4488 2390 4551 sollicitudinis,
2435 4501 2544 4541 non
2576 4485 2801 4540 credere
2842 4483 3218 4555 sycophantis,
3250 4483 3554 4553 perversis-

293 4601 437 4668 μήτε
457 4595 822 4665 εἰργασμένος
855 4595 1126 4665 φαίνομαι
1153 4589 1228 4649 ῶν
1259 4596 1650 4666 κατηγόρημαι
1679 4598 1868 4667 μηδὲν,

287 4691 396 4743 οὐκ
425 4689 488 4741 ἄν
509 4705 594 4750 τις
625 4687 691 4741 ἂν
726 4688 849 4756 ἐμοὶ
875 4687 1104 4750 δικαίως
1134 4688 1422 4755 ἐπενέγκοι
1452 4689 1681 4758 μέμψιν,
1709 4691 1782 4753 ὼς
1810 4691 1872 4742 οὐ

291 4779 691 4849 προσηκόντως
723 4778 862 4848 πρὸς
891 4779 960 4830 τὰ
986 4779 1341 4847 πραττόμενα
1385 4778 1704 4850 ἐξαγομένῳ
1735 4781 1875 4851 πρὸς

292 4871 491 4940 ὀργήν.
522 4868 671 4921 Ἔδει
729 4867 839 4936 γὰρ
871 4867 1116 4938 βασιλίδα
1164 4868 1254 4920 τόν
1277 4885 1337 4920 τε
1389 4870 1592 4939 τρόπον
1624 4872 1748 4940 ἐμοὶ
1785 4873 1878 4924 τὸν

294 4960 534 5029 ἐξαρχῆς
568 4958 642 5021 ὡς
699 4959 762 5012 ού
814 4957 1213 5028 διεφθαρμένος
1250 4959 1580 5025 συνειδυῖαν,
1643 4966 1733 5012 καὶ
1773 4961 1874 5029 τήν

296 5052 439 5122 ἐμοῦ
471 5052 564 5105 καὶ
601 5049 868 5120 βασιλέως
898 5049 1254 5119 ἀπαράμιλον
1302 5051 1520 5119 ἐκείνην
1551 5052 1646 5104 καὶ
1679 5052 1868 5122 θαυμα

302 5143 576 5212 σιωτάτην
604 5155 811 5211 φιλιαν,
845 5143 942 5192 καὶ
967 5146 1068 5210 τὴν
1093 5141 1235 5210 μετὰ
1258 5139 1358 5209 τὴν
1383 5141 1596 5194 ἐκείνου
1619 5141 1880 5212 τελευτήν

301 5236 449 5302 ὑπὲρ
477 5235 583 5287 τῶν
607 5235 821 5288 ἐκείνου
841 5233 1058 5287 παίδων
1081 5233 1177 5286 καὶ
1207 5232 1380 5303 αὐτῆς
1409 5233 1614 5303 πολλὴν
1641 5236 1880 5306 σπουδήν

299 5328 402 5380 καὶ
463 5327 799 5397 προθυμίαν,
855 5326 930 5397 μὴ
987 5328 1356 5394 συκοφάνταις
1409 5326 1727 5397 ἀνθρώποις
1785 5333 1883 5382 καὶ

297 5416 616 5487 διεφθορόσι
675 5419 1004 5486 πείθεσθαι,
1039 5418 1174 5471 ἀλλὰ
1218 5413 1374 5488 ἐμοί’
1397 5420 1686 5490 προσέχειν
1706 5423 1881 5488 ὀρθῶς

300 5509 408 5564 καὶ
452 5510 677 5574 δικαίως
727 5513 870 5582 ὑπὲρ
903 5513 1092 5576 αὐτοῖς
1145 5495 1577 5584 πολιτευομένῳ.
1627 5514 1782 5568 Ἐπεὶ
1826 5517 1884 5569 δέ

303 5600 582 5673 βάσκανός
619 5619 706 5666 τις
732 5603 944 5673 δαίμων
971 5604 1079 5656 τῶν
1108 5604 1499 5674 ἐξητασμένων
1556 5605 1651 5656 ἐπὶ
1678 5603 1880 5675 φθορᾷ,

301 5695 380 5746 τὰ
411 5694 509 5761 μέν
532 5695 711 5764 ἀληθῆ
738 5696 833 5748 καὶ
860 5696 1044 5750 δίκαια
1077 5697 1205 5766 περὶ
1259 5697 1395 5766 ἐμοῦ
1447 5698 1742 5750 πεπεῖσθαι
1782 5699 1882 5750 οὐκ

303 5783 545 5855 ἀφῆκεν,
584 5783 780 5852 ἐχθρὸν
819 5783 875 5836 δέ
905 5785 1024 5836 ἀντὶ
1055 5784 1236 5853 φίλου,
1288 5789 1384 5838 καὶ
1441 5785 1701 5855 πολέμιον
1761 5788 1884 5840 ἀντὶ

1975 4594 2080 4648 que
2120 4578 2440 4631 hominibus
2471 4615 2486 4640 ,
2521 4575 2615 4631 sed
2657 4592 2687 4630 a
2732 4590 2846 4641 me,
2880 4577 3120 4645 legitime
3161 4585 3417 4646 recteque
3455 4591 3556 4644 pro

1978 4671 2095 4739 ipsa
2151 4667 2444 4737 imperium
2507 4677 2749 4737 regente,
2785 4668 3030 4722 rationes
3077 4684 3206 4723 suas
3262 4683 3558 4737 suspensas

1983 4761 2210 4814 habere.
2239 4759 2310 4812 At
2350 4768 2642 4828 postquam
2677 4758 2893 4813 daemon
2951 4760 3222 4828 quispiam
3259 4760 3474 4814 invidus
3502 4767 3559 4812 et

1981 4850 2036 4903 in
2083 4849 2327 4919 pernicie
2381 4847 2696 4901 invehenda
2765 4847 3098 4901 extrcitatus
3143 4863 3269 4900 vera
3319 4857 3373 4900 et
3413 4847 3559 4916 justa

1981 4940 2162 4994 deme
2191 4941 2419 4996 credere
2464 4955 2575 4993 non
2613 4938 2761 5005 sivit,
2809 4939 3090 5008 magisque
3134 4938 3418 4992 inimicum
3461 4952 3560 5005 pro

1981 5029 2180 5095 amico,
2212 5030 2422 5084 hostem
2449 5045 2548 5099 pro
2569 5030 2740 5092 socio,
2773 5038 2828 5082 et
2856 5028 3182 5084 malevolum
3212 5043 3308 5097 pro
3362 5027 3565 5081 ﬁdelis-

1983 5123 2124 5177 simo
2155 5123 2476 5176 existimare
2504 5121 2804 5191 persuasit,
2827 5137 2930 5192 ego
2959 5121 3182 5190 quidem
3223 5120 3277 5174 in
3306 5121 3410 5174 hac
3431 5135 3561 5175 cau-

1984 5228 2043 5268 sa
2075 5213 2210 5267 nihil
2239 5228 2424 5282 agere,
2446 5212 2541 5266 sed
2571 5221 2767 5268 vestra:
2805 5228 2893 5267 rue
2913 5213 3200 5266 sententiae
3221 5212 3559 5281 permittere,

1983 5320 2041 5365 et
2070 5311 2216 5380 quod
2249 5309 2656 5379 judicaveritis,
2688 5309 2744 5362 in
2770 5324 2838 5363 eo
2871 5309 3130 5364 alacriter
3158 5308 3313 5362 vobis
3332 5307 3564 5376 obsequi

1986 5399 2039 5452 in
2076 5400 2320 5453 animum
2364 5397 2580 5454 induxi.
2630 5397 2745 5452 lmo
2788 5413 2922 5452 vero
2948 5414 3050 5468 ego
3082 5391 3315 5466 primus,
3344 5413 3468 5466 qua:
3507 5398 3562 5451 in

1987 5488 2278 5558 prsesentia
2314 5487 2448 5542 mihi
2491 5487 2753 5543 videntur
2780 5489 3062 5558 expedire,
3101 5488 3428 5543 edisseram.
3466 5488 3570 5542 Ve-

1985 5591 2159 5634 strum
2197 5579 2304 5633 erit
2347 5575 2749 5650 aut'suﬂ‘ragari
2799 5579 2964 5635 dictis
3004 5580 3162 5644 meis,
3197 5581 3243 5633 si
3276 5593 3340 5633 ea
3372 5579 3573 5647 proba-

1987 5670 2202 5733 veritis,
2269 5683 2366 5724 aut
2416 5685 2868 5740 unumquemque
2939 5670 3268 5726 sententiam
3321 5671 3570 5740 proferre

1989 5763 2330 5833 hujusmodi,
2360 5780 2480 5833 quae
2529 5775 2584 5818 et
2628 5772 2954 5834 praesentem
2992 5764 3268 5820 miseriam
3302 5765 3474 5833 tollat,
3512 5775 3568 5820 et
