4096 6300
653 331 762 397 843

1800 337 2123 400 JOANNIS
2157 331 2707 397 CANTACUZEN‘I.

3736 336 3815 401 ﬁli

650 451 923 507 mandatis
958 451 1144 512 dabat,
1175 452 1228 506 id
1274 462 1376 517 est,
1420 462 1477 506 ut
1509 461 1768 508 ornatum
1797 449 2213 522 imperatorium

2325 452 2601 520 συμμάχῳ
2650 448 2948 518 χρωμένων
2997 448 3377 517 δυνατωτάτῳ
3432 447 3467 501 ἃ
3502 453 3657 502 πάντα
3679 452 3814 521 ﬁliv-

652 545 705 597 in
747 555 799 599 te
829 542 1037 612 capias,
1077 552 1134 597 et
1176 544 1242 598 ad
1274 560 1455 598 rerum
1488 544 1862 599 moderamina
1911 542 2214 610 impensius

649 637 962 700 incumbas,
997 636 1051 688 in
1091 651 1201 704 quo
1232 637 1348 690 solo
1387 637 1656 691 malorum
1687 636 1788 691 sila
1819 645 1904 690 est
1941 634 2212 704 depulsio.

650 727 865 796 Quippe
898 743 1004 782 non
1035 729 1198 782 modo
1231 730 1323 796 qui
1351 744 1537 783 coram
1568 729 1852 793 adsumus,
1883 728 1976 782 sed
2001 740 2056 782 et
2084 726 2212 780 alibi

573 863 580 875 ,
648 821 907 889 degentes
960 819 1056 872 viri
1114 821 1353 874 illustres
1408 837 1472 874 ac
1529 828 1776 887 potentes
1825 834 2000 888 usque
2077 818 2218 872 adeo

650 913 754 966 hoc
787 911 926 965 facto
956 927 1064 964 non
1093 910 1546 980 indignabantur,
1575 923 1634 966 ut
1679 910 1843 982 430
1877 911 2042 964 etiam
2072 909 2217 962 diem

555 1075 558 1078 ,
650 1004 824 1064 illum,
856 1019 966 1072 quo
992 1005 1186 1057 civiles
1215 1004 1525 1058 discordias
1553 1021 1748 1058 sanare
1777 1004 1987 1065 licebit,
2020 1002 2217 1071 festum

649 1095 992 1147 numeraturi
1037 1094 1170 1155 sint,
1211 1109 1522 1162 omnesque
1555 1095 1914 1164 cupidissime
1964 1103 2016 1146 te
2050 1093 2221 1160 impc-

650 1193 890 1236 ralorem
939 1183 1324 1244 salutabimus,
1375 1185 1537 1253 cujus
1588 1184 1820 1252 imperio
1873 1199 1980 1236 non
2034 1180 2218 1246 hodie,

649 1275 744 1328 sed
773 1275 1006 1328 antehac
1034 1271 1251 1344 semper
1274 1278 1385 1346 regi
1420 1277 1832 1339 consuevimus,
1857 1285 1912 1329 et
1958 1277 2219 1329 honorem

649 1363 1204 1431 benevolentiamque
1254 1376 1513 1434 quantam
1565 1366 1882 1435 imperatori
1931 1365 2220 1428 debemus,

649 1463 746 1508 aut
792 1454 844 1508 ei
909 1455 1183 1523 proximo,
1252 1457 1351 1510 tibi
1428 1457 1788 1511 tribuemus:
1840 1457 2050 1527 ipsique
2094 1457 2220 1511 belli

649 1556 924 1608 auctores,
965 1562 1093 1600 eum
1141 1563 1200 1601 se
1253 1549 1404 1603 nullo
1449 1551 1668 1620 negotio
1715 1552 2036 1618 superiores
2099 1549 2222 1604 fore

649 1636 1017 1702 conﬁderent,
1065 1637 1112 1692 si
1165 1652 1215 1692 te
1270 1639 1608 1708 imperatriei
1641 1639 1852 1692 hostem
1885 1639 2088 1693 factum
2133 1655 2226 1691 ru-

649 1741 857 1781 morem
910 1728 1341 1798 circumquaque
1409 1741 1752 1800 spargerent,
1800 1729 1891 1783 ubi
1936 1745 2024 1783 res
2076 1738 2222 1783 retro

648 1835 945 1874 conversas
988 1830 1045 1874 et
1109 1820 1374 1874 adversus
1408 1820 1576 1874 animi
1609 1821 1940 1876 sententiam
1972 1821 2225 1875 evenisse

649 1911 914 1975 viderint,
966 1912 1246 1966 levitatem
1297 1913 1403 1981 ipsi
1453 1929 1606 1967 suam
1656 1924 2003 1974 accusantes,
2055 1915 2226 1968 velint

648 2002 832 2057 nolint
859 2002 925 2056 ad
973 2017 1166 2071 pacem
1205 2003 1575 2072 inclinabunt,
1608 2008 1652 2058 si
1684 2007 1991 2061 communis
2027 2007 2226 2062 salutis

649 2093 734 2147 vel
772 2093 980 2148 tantilla
1006 2109 1136 2148 cura
1177 2104 1490 2166 tangantur,
1517 2112 1620 2151 nec
1651 2099 1716 2150 ad
1749 2115 1911 2152 somn
1978 2099 2224 2167 ipsorum

649 2185 995 2253 aliorumque
1024 2186 1269 2239 omnium
1298 2188 1529 2241 exiliunt
1570 2188 1752 2243 facere
1791 2205 1856 2243 ac
1899 2190 2081 2243 moliri
2111 2206 2227 2243 om-

649 2280 738 2332 nia
773 2278 1160 2334 decreverunt.
1203 2280 1388 2347 Quare
1423 2299 1548 2337 cum
1600 2292 1656 2337 et
1705 2301 1773 2339 ex
1808 2294 2014 2350 nostra,
2048 2286 2140 2354 qui
2176 2299 2227 2339 te

647 2372 954 2439 sequimur,
989 2381 1046 2425 et
1089 2387 1154 2426 ex
1210 2374 1450 2428 hostium
1504 2387 1655 2444 parte
1700 2376 1850 2430 aliud
1909 2377 2228 2446 reipublicae

648 2463 888 2517 salutare
932 2465 1072 2518 nihil
1106 2476 1390 2534 appareat,
1427 2468 1640 2536 aequius
1685 2477 1771 2522 est
1820 2479 2014 2523 nostro
2049 2469 2230 2523 consi-

648 2554 742 2615 lio,
797 2556 1261 2623 quemadmodum
1313 2557 1473 2610 initio
1513 2558 1844 2626 promisisti,
1905 2575 2069 2628 quam
2123 2568 2228 2614 tute

651 2647 1064 2701 ratiocinationi
1101 2663 1296 2715 parere
1329 2663 1343 2700 :
1376 2649 1523 2702 unde
1558 2650 1698 2703 nihil
1729 2651 2004 2704 commodi
2035 2651 2089 2704 in
2131 2667 2230 2719 pu-

650 2737 859 2790 blicum
902 2737 1192 2800 redundet,
1236 2739 1353 2793 sive
1386 2749 1437 2793 te
1472 2741 1826 2810 syc0pbantae
1863 2742 2227 2810 perdiderint,

651 2829 770 2884 sive
824 2828 919 2882 irae
951 2829 1260 2898 indulgens,
1299 2832 1352 2884 in
1383 2832 1510 2888 otio.
1558 2833 1741 2886 vivere
1759 2834 2013 2902 elegeris.
2046 2834 2085 2886 E
2108 2850 2230 2887 con-

652 2923 822 2975 trario
878 2922 1100 2974 mnuino
1174 2921 1396 2986 seditio,
1493 2923 1785 2986 tumultus,
1880 2924 2227 2978 fortunarum

651 3012 1018 3081 direptiones,
1054 3009 1208 3068 mille
1250 3013 1452 3078 caedes,
1487 3015 1712 3069 amissio
1747 3015 2041 3080 libertatis,
2074 3031 2230 3070 ever-

651 3104 837 3158 siones
873 3103 1118 3169 urbium,
1181 3113 1238 3158 ct
1267 3105 1413 3173 quod
1447 3105 1592 3173 apud
1643 3104 1944 3174 prudentes
1970 3116 2054 3160 est
2084 3107 2229 3160 cala-

651 3195 902 3248 mitatum
929 3204 1095 3263 caput
1157 3195 1519 3264 horrorisque
1548 3196 1954 3264 plenissimum,
1974 3196 2077 3252 sub
2100 3195 2228 3250 Bar-

650 3286 801 3340 baris
828 3287 1088 3349 servitus,
1137 3302 1304 3356 quam
1356 3288 1484 3356 ipsi,
1531 3288 1680 3342 civili
1725 3288 1831 3342 hoc
1871 3289 2015 3343 bello
2041 3297 2230 3342 nostro

651 3378 847 3446 adjuti,
905 3379 1064 3432 nobis
1117 3378 1398 3447 imponere
1445 3379 1818 3434 conabuntur.
1878 3361 2231 3449 Quﬂgitur

651 3468 819 3521 nobis
879 3479 934 3522 et
979 3471 1196 3522 caeteris
1243 3469 1520 3524 universis
1560 3470 1676 3523 visa
1731 3479 1860 3525 sunt
1893 3470 2227 3532 conducere,

651 3559 772 3614 lucc
812 3559 1058 3614 fuerunt.
1111 3558 1233 3613 Tibi
1278 3562 1550 3614 utrumvis
1603 3560 1816 3625 licebit,
1864 3573 1960 3616 aut
2016 3562 2231 3631 impen-

657 3652 856 3705 dentes
884 3667 1049 3705 casus
1078 3661 1354 3716 avertere,
1388 3661 1484 3706 aut
1511 3651 1725 3719 privata
1757 3660 2058 3706 sectantem
2088 3668 2232 3706 com-

655 3743 840 3808 moda,
887 3743 1121 3797 aliorum
1169 3757 1360 3797 curam
1407 3743 1465 3796 in
1523 3743 1819 3810 postremis
1903 3758 2129 3812 ponere,
2183 3746 2228 3798 si

657 3835 949 3892 commoda
991 3835 1175 3890 vocari
1216 3843 1454 3904 queunt,
1490 3835 1852 3905 quorumdam
1883 3836 2231 3904 improbitate

656 3927 949 3992 emensum,
985 3935 1264 3981 tantorum
1304 3926 1780 3980 incommodorum
1811 3927 1982 3980 solam
2009 3935 2065 3981 et
2095 3943 2233 3996 pra:-

656 4020 872 4082 cipuam
901 4033 1121 4073 causam
1151 4017 1412 4072 Romanis
1433 4017 1728 4074 exstitisse.
1761 4019 1885 4075 Haec
1939 4020 2232 4088 optimates

655 4119 714 4164 et
750 4109 1028 4163 exercitus
1080 4108 1362 4177 principes
1409 4122 1608 4177 magno
1663 4108 1974 4164 domestico
2006 4125 2233 4179 respon-

657 4200 880 4255 derunt.
927 4200 1033 4264 Qui
1087 4199 1414 4268 petitionem
1457 4215 1694 4268 aequam,
1763 4209 1820 4255 et
1866 4216 1963 4255 eos
2007 4217 2135 4257 vera
2175 4210 2232 4256 et

657 4305 786 4344 cum
820 4291 1032 4344 ratione
1063 4289 1424 4359 congruentia
1459 4291 1768 4360 conjectare
1795 4305 2051 4352 cernens,
2079 4292 2232 4346 ideo-

656 4395 765 4450 que
806 4389 916 4435 tam
957 4381 1121 4434 clara:
1185 4380 1408 4434 veritati
1456 4380 1595 4433 nihil
1644 4380 1854 4436 habens
1895 4382 2044 4451 quod
2095 4384 2232 4454 obji-

2255 3151 2297 3206 C

2325 539 2595 604 νοοῦντες,
2627 542 2810 593 καὶτὰ
2843 539 3271 609 προσδοκώμενα
3321 540 3659 611 ὀρρωδοῦντες
3687 544 3815 609 δεινὰ,

2325 631 2512 685 καινὸν
2562 633 2661 702 μὲν
2689 633 2842 686 οὐδὲν
2869 633 3110 703 ἐροῦμεν
3157 634 3277 686 οὐδὲ
3331 634 3818 703 συμϐουλεύσομεντᾶ

2326 723 2382 774 δὲ
2428 724 2520 775 καὶ
2548 723 2710 787 αὐτὸς
2740 723 2882 792 ῷετο
2937 725 3190 795 βασιλεὺς
3237 729 3391 796 κοινῇ
3447 726 3711 780 λυσιτελεῖν
3750 733 3818 783 καὶ

2328 817 2536 884 περιών
2563 833 2621 868 τε
2669 817 2945 883 ἠνάγκαζε
2982 821 3176 880 ποιεῖν,
3216 820 3313 872 καὶ
3349 819 3682 887 ἀποθνήσκων
3705 837 3820 872 συνε-

2327 902 2554 954 ϐούλευέ
2581 920 2639 954 τε
2673 902 2789 969 ἅμα
2825 906 2919 955 καὶ
2952 906 3266 974 ἐπέσκηπτέ
3298 906 3607 970 τελευταίας
3635 909 3819 974 ἐντολὰς,

2326 993 2482 1045 τοῦτο
2511 991 2567 1044 δέ
2592 994 2729 1057 ἐστι,
2757 994 3045 1065 βασιλικὴν
3076 996 3278 1064 ἐσθῆτά
3311 1014 3371 1048 σε
3403 998 3622 1064 ἐνδῦναι,
3652 1003 3727 1052 καί
3745 1003 3822 1054 τῶν

2328 1085 2672 1152 πραγμάτων
2735 1085 3106 1139 ἀνθάπτεσθαι
3156 1091 3560 1160 κραταιότερον,
3611 1092 3675 1152 ὡς
3707 1094 3822 1162 μόνον

2328 1175 2518 1226 τούτου
2548 1178 2645 1237 τὰς
2672 1177 3134 1245 προσδοκωμένας
3164 1181 3277 1231 οἵου
3327 1197 3386 1232 τε
3439 1183 3676 1250 ἐσομένου
3703 1200 3822 1235 κατα·

2330 1266 2525 1318 παύειν
2561 1269 2868 1337 συμφοράς.
2919 1271 2993 1320 Ού
3030 1271 3191 1339 μόνον
3239 1272 3352 1343 γὰρ
3383 1275 3539 1342 ἡμεῖς
3569 1276 3672 1327 ὅσοι
3703 1276 3824 1343 πάρε-

2331 1373 2472 1424 σμεν
2506 1359 2645 1422 νυνὶ,
2675 1359 2812 1412 ἀλλὰ
2863 1360 2958 1411 καὶ
2997 1362 3151 1424 εἴτις
3180 1362 3365 1415 ἄλλοθί
3397 1381 3500 1416 που
3545 1367 3644 1417 τῶν
3669 1367 3827 1436 περιδί-

2331 1449 2436 1513 ξων
2477 1451 2570 1503 καὶ
2621 1451 2763 1520 μέγα
2812 1452 3128 1522 δυναμένων
3161 1453 3455 1523 διατρίΰει,
3501 1458 3560 1508 οὐ
3607 1457 3742 1525 μόνον
3762 1459 3826 1508 ἐπὶ

2330 1544 2438 1604 τοῖς
2474 1545 2782 1611 γινομένοις
2808 1545 3202 1616 ἀγανακτήσει,
3254 1549 3387 1601 ἀλλὰ
3419 1551 3511 1601 καὶ
3541 1550 3711 1618 ἑορτῆς
3736 1549 3828 1616 ἠμέ-

2335 1647 2435 1697 ραν
2465 1632 2681 1700 εκείνην
2711 1635 2768 1684 ἐν
2879 1636 2976 1695 τὰς
3033 1635 3329 1703 ἐμφυλίους
3364 1637 3704 1690 καταλύεσθαι
3743 1639 3826 1701 ἐξέ-

2333 1735 2455 1772 σται
2520 1713 2739 1784 στάσεις
2796 1725 3013 1791 νομιεῖ·
3070 1729 3161 1777 καὶ
3216 1727 3419 1786 πάντες
3479 1730 3828 1798 ἀνακηρύξομεν

2259 1799 2298 1852 Β
2330 1806 2554 1880 βασιλέα
2589 1813 3000 1880 προθυμότατα,
3035 1815 3095 1865 οὐ
3128 1816 3244 1866 νυνὶ
3299 1817 3484 1885 μόνον,
3517 1819 3642 1870 ἀλλὰ
3673 1822 3829 1870 καὶτὸν

2330 1902 2436 1971 πρὸ
2466 1902 2558 1954 τοῦ
2587 1905 2769 1957 πάντα
2797 1905 2986 1974 χρόνον
3017 1888 3245 1974 ἄγεσθαι
3277 1910 3572 1979 εἰθισμένοι
3598 1913 3726 1982 παρὰ
3747 1911 3830 1973 σοῦ,

2331 1997 2426 2048 καὶ
2457 1996 2626 2065 τιμὴν
2677 1998 2770 2048 καὶ
2828 1995 3045 2049 εὔνοιαν
3102 2001 3232 2068 ὅσην
3266 2001 3480 2068 βασιλεῖ
3539 2005 3830 2072 aperique-gl

2329 2087 2411 2139 ὄτι
2445 2089 2731 2158 ἐγγυτάτω
2773 2091 3162 2158 παρεχόμενοι·
3197 2093 3352 2146 αὐτοί
3388 2111 3450 2146 τε
3476 2097 3524 2147 σί
3545 2096 3626 2149 τὸν
3653 2097 3832 2163 πόλεμον

2329 2179 2654 2248 κικινηκότε
2674 2201 2707 2245 ·,
2733 2182 2796 2233 ἐκ
2819 2182 2912 2234 τοῦ
2942 2184 3183 2252 νομίζειν
3212 2187 3390 2254 ῥᾷστα
3416 2191 3832 2259 περιγενήσεσθαι,

2329 2272 2394 2324 ἂν
2425 2274 2682 2341 πολέμιον
2734 2273 2949 2342 βασιλεῖ
3001 2279 3489 2348 περιαγγείλωσιν,
3533 2285 3740 2352 δρῶντες
3762 2283 3834 2353 ήδη

2329 2363 2398 2414 τὰ
2451 2363 2758 2432 πράγματα
2812 2365 3293 2439 ἀπεστραμμένα,
3330 2373 3425 2424 καὶ
3479 2374 3549 2443 μὴ
3600 2375 3724 2426 κατὰ
3745 2373 3835 2426 νοῦν

2329 2458 2678 2524 χωρήσαντα,
2713 2457 2881 2510 πολλὰ
2907 2462 3006 2526 τῆς
3038 2461 3302 2525 ἁδονλίας
3323 2465 3510 2528 αὐτοῖς
3541 2468 3834 2538 καταμεμψὼ

2329 2562 2508 2615 μενοι,
2553 2549 2867 2617 χωρήσουσι
2903 2551 3034 2618 πρὸς
3073 2552 3167 2622 τὴν
3219 2555 3454 2626 εἰρήνην
3488 2559 3781 2625 ἀναγκαίως,
3806 2561 3836 2607 .ί

2328 2656 2395 2706 γε
2428 2641 2520 2692 καὶ
2545 2641 2702 2707 ὀλίγα
2751 2641 2848 2709 τῆς
2883 2643 2990 2696 τῶν
3018 2645 3153 2697 ὅλων
3181 2651 3458 2719 σωτηρίας
3489 2651 3650 2719 μέλει,
3689 2650 3765 2702 καί
3785 2668 3837 2718 μή

2324 2731 2691 2784 παντάπασιν
2743 2734 2833 2784 ἐπὶ
2882 2735 3026 2808 λύμῃ
3064 2737 3157 2789 καὶ
3190 2740 3370 2811 φθορᾷ
3425 2743 3574 2812 σφῶν
3611 2761 3663 2796 τε
3704 2741 3838 2795 αὐτῶν

2332 2822 2426 2872 καὶ
2452 2822 2560 2872 τῶν
2593 2825 2938 2892 πραγμάτιον
2972 2829 3147 2880 πάντα
3184 2834 3358 2882 ποιεῖν
3390 2836 3484 2887 καὶ
3512 2834 3837 2904 πραγματεύεο

2335 2913 2457 2965 σθαι
2495 2915 2825 2978 ἐγνώκασιν.
2886 2919 2950 2970 Εἰ
2988 2921 3169 2974 τοίνυν
3223 2924 3284 2976 ἐκ
3333 2943 3398 2978 τε
3439 2927 3592 2996 ήμῶν
3646 2929 3736 2980 τῶν
3779 2933 3839 2978 σοί

2337 3006 2626 3069 συνόντων,
2658 3009 2752 3061 καὶ
2808 3011 2985 3064 αὐτῶν
3037 3015 3148 3066 τῶν
3195 3016 3477 3086 πολεμίων
3526 3020 3666 3073 οὐδὲν
3698 3021 3838 3088 ἕτερον

2331 3099 2696 3166 ἀναφαίνεται
2729 3105 3003 3173 σωτήριον
3032 3109 3146 3170 τοῖς
3178 3110 3329 3174 πᾶσι,
3364 3109 3575 3179 βέλτιον
3607 3116 3721 3184 ήμῖν
3749 3129 3839 3163 πει-

2333 3190 2580 3260 θόμενον,
2635 3191 2670 3244 ἃ
2722 3198 2876 3266 κοινῇ
2913 3197 3067 3251 δοκεῖ
3112 3200 3531 3269 λυσιτελοῦντα,
3576 3206 3740 3273 ὥσπερ
3769 3204 3840 3270 τὴν

2331 3281 2507 3352 ἀρχὴν
2540 3285 2854 3366 ἐπηγγείλω
2893 3289 3182 3356 πράττειν,
3219 3293 3250 3362 ἢ
3283 3298 3402 3357 τοῖς
3439 3301 3700 3366 σφετέροις
3732 3296 3842 3358 λογι-

2333 3374 2515 3438 σμοῖς,
2546 3372 2608 3437 ἐξ
2653 3365 2728 3425 ὧν
2775 3374 3014 3443 ὠφέλεια
3064 3379 3168 3448 μὲν
3212 3383 3463 3451 οὐδεμία,
3495 3365 3607 3438 εἴτε
3637 3386 3722 3437 ὑπὸ
3761 3382 3842 3434 τῶν

2333 3465 2688 3529 συκοφαντῶν
2735 3465 3161 3538 διεφθαρμένου,
3219 3471 3320 3524 εἷθ’
3357 3475 3454 3527 ὑπ’
3502 3475 3662 3545 ὀργῆς
3707 3477 3841 3543 ἀπρτιο

2332 3553 2587 3625 γμοσύνῃ
2623 3556 2794 3627 συζῇν
2823 3560 3194 3630 προελομένου
3243 3567 3354 3627 τοῖς
3414 3569 3685 3636 πράγμασι
3712 3563 3842 3632 παρί-

2335 3661 2481 3698 σται.
2519 3646 2842 3700 Τούναντίον
2867 3651 2916 3702 ιδ’
2948 3651 3120 3718 ἅπαν,
3153 3657 3363 3722 στάσις,
3407 3663 3499 3710 καὶ
3527 3659 3753 3728 ταραχαί,
3774 3654 3843 3705 καῖ

2329 3739 2636 3806 »χρημάτων
2660 3741 2936 3809 ἁρπαγαὶ,
2987 3745 3080 3797 καὶ
3128 3747 3278 3813 φόνοι
3313 3752 3525 3819 μυρίοι,
3565 3752 3651 3802 καὶ
3692 3747 3843 3812 ἀνδρα·

2334 3827 2615 3897 ποδισμοὶ,
2678 3833 2772 3884 καὶ
2807 3833 3134 3898 ἀναστάσεις
3183 3839 3417 3891 πόλεωνο
3459 3843 3552 3894 καὶ
3603 3840 3658 3893 τὸ
3702 3835 3844 3890 κακῶν
3896 3855 3898 3859 ·

2329 3919 2563 3988 ἔσχατον
2593 3921 2690 3974 καὶ
2724 3924 3106 3994 φοϐερώτατον
3153 3933 3267 3992 τοῖς
3317 3947 3382 3998 γε
3418 3932 3543 3985 νοῦν
3579 3935 3781 4002 ἔχουσιν,
3817 3926 3841 3993 ἠ

2333 4012 2438 4063 ὑπὸ
2476 4011 2774 4082 βαρὸἀροις
2799 4016 3032 4084 δουλεία,
3070 4020 3136 4090 ἢν
3169 4023 3615 4093 ἐπιχειρήσουσιν
3641 4022 3771 4075 αὐτοὶ
3790 4017 3844 4086 τῷ

2320 4104 2472 4173 πρὸς
2522 4105 2789 4175 ἀλλήλους
2841 4109 2998 4179 ήμῶν
3043 4112 3267 4182 πολέμῳ
3323 4114 3599 4186 χρώμενοι
3649 4109 3844 4180 συνεργῷ

2333 4199 2726 4254 καταδουλοῦν.
2769 4203 2837 4254 Ἀ
2883 4203 2982 4271 μὲν
3014 4199 3107 4256 θῦν
3137 4207 3270 4275 ἡμῖν
3306 4210 3464 4275 σφίσι
3492 4225 3550 4261 τε
3595 4201 3844 4267 αὐτοῖςκαὶ

2331 4293 2445 4351 τοῖς
2474 4291 2654 4353 ἄλλοις
2685 4292 2890 4346 ἅπασιν
2915 4293 3060 4358 ἔδοξε
3094 4294 3419 4362 λυσιτελεῖν,
3454 4301 3681 4367 είρηται.
3714 4295 3783 4346 Σοὶ
3809 4291 3841 4342 δ’

2335 4382 2571 4452 ὁπότερα
2624 4383 2842 4447 ἐξέσται
2894 4386 3175 4456 ἑλομένῳ,
3223 4387 3254 4457 ἧ
3303 4389 3401 4450 τὰς
3451 4386 3841 4459 προσδοκωμένας

657 4478 828 4535 ceret,
877 4478 933 4524 et
975 4477 1156 4524 tamen
1197 4471 1559 4524 mutationem
1616 4470 1911 4526 admodum
1956 4471 2226 4542 refugiens

2296 4491 2310 4542 ι
2337 4471 2534 4523 παύειν
2563 4473 2868 4542 συμφορᾶς,
2901 4475 2932 4544 ἢ
2959 4475 3020 4526 τὸ
3053 4478 3294 4529 συνοῖσον
3344 4479 3455 4550 ίδίᾳ
3488 4477 3838 4548 μηχανώμενον,

658 4579 725 4618 ac
782 4563 1120 4626 detrectans,
1185 4563 1332 4632 quod
1390 4563 1720 4632 plerumque
1783 4579 1848 4617 ex
1911 4564 2256 4634 huiusmodi

659 4654 1063 4708 mutationibus
1109 4653 1250 4707 mala
1276 4653 1432 4708 nasci
1467 4653 1645 4709 solere
1677 4653 1820 4708 haud
1851 4655 2227 4718 nesciret,diu

653 4756 973 4810 cunctatus,
1018 4753 1075 4799 et
1123 4736 1256 4813 quid
1306 4745 1658 4813 potissimum
1711 4745 1927 4799 dice-ret.
1984 4747 2229 4802 incertus

659 4837 848 4900 animi,
867 4837 1011 4904 altoq
1021 4851 1087 4890 ue
1099 4836 1320 4890 silentio
1337 4845 1661 4891 conventum
1680 4837 1952 4900 detinens,
1973 4839 2230 4892 omnibus

659 4928 726 4980 ad
751 4926 1087 4980 audiendum
1114 4940 1279 4979 aures
1294 4926 1920 4995 arrigentibus.tundem
1939 4927 2229 4990 vix,veluti

657 5017 1043 5072 ﬂuctuantium
1067 5017 1460 5085 cogitationum
1487 5017 1810 5072 confusione
1836 5019 2016 5086 pulsa,
2071 5018 2228 5074 Prio-

660 5112 739 5166 ris
764 5111 950 5180 placiti
971 5110 1100 5175 mei,
1117 5109 1316 5179 inquit,
1336 5110 1472 5163 nihil
1497 5109 1565 5164 de
1591 5120 1737 5164 statu
1758 5112 2009 5180 praesenti
2029 5111 2230 5166 imznu-

660 5204 906 5266 tandum,
932 5218 1109 5272 neque
1159 5202 1473 5256 novandum
1525 5201 1848 5271 quidquam,
1873 5203 2114 5257 nondum
2141 5219 2228 5259 me

654 5297 915 5366 ‘pmnitet,
947 5295 1203 5363 maloque
1260 5310 1368 5348 non
1393 5294 1749 5349 facultatibus
1783 5296 1946 5348 modo
1976 5296 2224 5365 spoliari,

659 5389 819 5460 431
883 5387 978 5442 sed
1031 5387 1078 5442 si
1139 5401 1362 5440 necesse
1395 5387 1520 5446 erit,
1549 5389 1710 5440 etiam
1757 5387 2123 5441 cruciamenta
2172 5389 2228 5441 in

660 5495 890 5550 corpore
923 5494 1045 5534 meo
1076 5477 1340 5547 perferre,
1367 5493 1528 5547 quam
1555 5478 1756 5531 bellum
1791 5477 1950 5532 civile
1980 5478 2229 5531 introdu-

663 5585 807 5624 cere.
833 5571 1041 5624 Mecum
1084 5569 1229 5624 enim
1277 5570 1428 5639 juxta
1485 5569 1676 5630 nostis,
1709 5584 1868 5636 quam
1930 5568 2000 5636 ab
2050 5569 2232 5623 adole-

663 5661 926 5715 seentnlis
975 5661 1208 5724 oderim,
1244 5661 1420 5714 aliena
1475 5675 1687 5727 rapere,
1717 5671 1774 5713 et
1815 5660 1978 5712 tutari
2027 5659 2232 5728 deprae-

663 5752 894 5818 dandis,
981 5753 1274 5821 perdendis
1375 5750 1795 5819 occidendisque
1890 5751 2227 5806 hominibus.

2335 4564 2613 4633 μηδεμίαν
2649 4567 2777 4634 περὶ
2808 4566 2915 4618 τῶν
2949 4567 3125 4620 ἄλλων
3157 4567 3406 4623 τίθεσθαι
3440 4571 3703 4641 φροντίδα,
3733 4565 3774 4619 εἴ
3795 4576 3838 4629 τε

2330 4654 2494 4706 τοῦτο
2529 4658 2776 4708 συνοῖσον
2810 4655 2990 4720 ἔξεστι
3030 4659 3196 4726 φάναι
3251 4663 3527 4713 τοσούτων
3583 4659 3839 4713 αίτιώτατον

2331 4744 2518 4796 κακῶν
2547 4743 2635 4796 διὰ
2657 4743 2756 4813 τὴν
2784 4745 2948 4798 τινῶν
2980 4747 3677 4816 ἀγνωμοσύνηνῬωμαῗοις
3716 4739 3839 4808 όῗθῆ*

2331 4851 2419 4886 ναι
2451 4834 2652 4890 ἐκοντί.
2681 4833 2920 4888 Τοιαῦτα
2955 4835 3055 4896 μὲν
3083 4837 3178 4888 καὶ
3207 4838 3258 4889 σί
3284 4838 3382 4906 τῆς
3409 4839 3704 4907 συγκλήτου
3724 4828 3841 4900 προέ-

2331 4941 2540 4993 χοντες,
2577 4926 2670 4977 καὶ
2697 4926 2800 4995 τῆς
2829 4928 3090 4995 στρατιᾶς
3114 4928 3407 4996 ἡγεμόνες,
3447 4931 3580 5000 πρὸς
3609 4929 3690 4979 τὸν
3709 4927 3838 4994 μέγαν

2330 5017 2700 5086 ἀπεκρίναντο
2732 5017 3077 5086 δομέστικον·
3109 5020 3136 5071 6
3171 5019 3234 5071 δὲ
3265 5020 3364 5089 τὴν
3397 5020 3500 5088 μὲν
3532 5020 3735 5082 ἀξίωσιν
3771 5011 3840 5064 αὑ-

2331 5206 2457 5259 νοῦν
2495 5207 2688 5274 ἔχοντα
2725 5204 3102 5273 στοχάζονται,
3137 5205 3231 5257 καὶ
3257 5205 3350 5261 διὰ,
3373 5204 3534 5257 τοῦτο
3561 5203 3711 5272 μηδὲν
3733 5201 3841 5251 ἀντι-

2331 5295 2513 5360 λέγειν
2547 5295 2686 5362 ἐχων
2746 5294 2882 5362 πρὸς
2922 5293 3097 5356 οὕτως
3155 5295 3434 5358 ἀπόδειξιν
3487 5295 3588 5361 τῆς
3635 5286 3840 5357 ἀληθείας

2333 5388 2562 5455 ἐναργῆ,
2593 5385 2744 5454 ὅμως
2772 5384 2829 5436 δὲ
2875 5386 3012 5454 πρὸς
3037 5385 3136 5454 τὴν
3185 5385 3491 5455 μεταϐολὴν
3522 5383 3684 5436 ὀκνῶν
3731 5377 3840 5428 πάνυ

2332 5478 2427 5530 καὶ
2479 5475 2859 5544 ἀναδυόμενος,
2907 5470 2993 5528 οἷα
3038 5475 3101 5546 δὴ
3147 5477 3242 5539 τὰς
3279 5478 3536 5540 τοιαύτας
3586 5466 3834 5543 μεταὸολ-ίς

2335 5568 2523 5620 κακῶν
2553 5567 2731 5628 αίτίας
2763 5565 2918 5631 εἰδὼς
2965 5567 3039 5629 ῶς
3070 5568 3275 5621 ἐπίπαν
3325 5570 3631 5636 γινομένας,
3660 5556 3839 5616 ἐπιπολῦ

2339 5660 2439 5727 μὲν
2487 5659 2688 5727 ἐπέσχε
2737 5658 2872 5728 πρὸς
2925 5659 2952 5711 ὅ
3000 5677 3053 5711 τι
3103 5659 3449 5729 τραπόμενος
3518 5654 3838 5723 ἀποκρινεῖται

2338 5749 2759 5817 στοχαζόμενος,
2791 5749 2886 5802 καὶ
2940 5750 3120 5821 σιωπὴ
3155 5749 3342 5819 βαθεῖα
3395 5751 3457 5804 τὸ
3512 5749 3719 5816 θέατρον
3742 5754 3840 5793 κατ’
