4096 6300
405 285 516 350 845

1488 257 1495 263 ’
1552 272 2095 336 HISTORIARUM
2131 274 2360 335 LIBER
2399 276 2515 336 In.

3558 286 3664 350 διο

403 395 554 462 εἶχε,
607 390 823 445 πάντων
872 389 1009 460 πρὶς
1068 387 1165 460 τὴν
1221 386 1490 457 ἀκρόασιν
1547 386 1655 438 τῶν
1704 384 1969 454 λεχθησοο

2095 392 2360 447 Praeterea
2411 407 2520 445 non
2571 391 2716 461 apud
2767 390 3035 445 Barbaros
3086 395 3140 444 et
3188 388 3408 444 Grrecos
3463 392 3662 458 solum,

405 483 585 551 μένων
621 479 913 551 μετεώρων
943 479 1324 550 ὑπαρχόντων,
1373 476 1524 547 μόλις
1551 477 1608 529 δὲ
1659 475 1850 542 ὥσπερ
1876 475 1976 545 τὴν

405 575 468 627 ὲκ
502 573 610 626 τῶν
649 571 984 642 ’ἀμφιϐόλων
1042 571 1304 638 σύγχυσιν
1355 568 1638 637 λογισμῶν
1697 569 1976 635 ἀποκρουο

404 665 682 734 σάμενος,
744 664 867 716 Τῶν
934 669 1034 732 μὲν
1093 663 1374 733 προτέρων
1407 702 1422 724 ,
1487 659 1590 729 ἐφη
1623 699 1637 719 ,
1698 659 1979 726 λογισμῶν

405 758 538 827 περὶ
618 755 712 809 τοῦ
781 756 892 808 δεῖν
962 754 1130 824 μηδὲν
1203 752 1312 804 τῶν
1379 751 1550 804 ὄντων
1611 751 1926 819 μετακινεῖν
1961 789 1976 812 ,

406 849 545 918 μηδὲ
575 846 944 916 νεωτερίζειν,
999 843 1079 896 ἔτι
1136 843 1355 911 ἔχομαι*
1412 843 1505 894 καὶ
1561 841 1762 910 μᾶλλον
1812 830 1987 899 αὑτὸς

403 936 670 1009 αἱροῦμαι
699 937 761 990 οὑ
786 936 894 988 τῶν
927 935 1282 1004 ὑπαρχόντων
1317 933 1476 1002 μόνον
1511 929 1975 999 ἀποστερηθῆναι,

408 1029 527 1082 ἀλλ’
563 1027 615 1081 εί
641 1045 692 1080 τι
725 1027 835 1080 δέοι
869 1025 962 1079 καὶ
999 1026 1107 1078 τῶν
1138 1025 1452 1092 ἀνηκέστων
1481 1021 1786 1088 ὑποστῆναι
1819 1023 1874 1072 ἐν
1899 1019 1976 1088 τῷ

405 1121 647 1190 σώματι,
695 1119 728 1190 ἢ
779 1119 1015 1188 πολέμου
1048 1117 1326 1188 πρόφασιν
1374 1115 1643 1186 ἐμφυλίου
1689 1120 1976 1186 παρασχέ-

407 1211 553 1264 σθαι.
596 1209 710 1280 Τὴν
749 1210 858 1280 γὰρ
911 1211 975 1262 ὲκ
1006 1210 1231 1280 πρώτης
1278 1207 1490 1277 ἡλικίας
1541 1207 1693 1260 αὑτοί
1735 1223 1826 1276 μοι
1859 1207 1980 1259 σύν-

407 1319 521 1354 ιστε
545 1302 866 1372 ἀπέχθειαν,
891 1301 958 1370 ἢν
989 1299 1150 1370 ἔσχον
1186 1300 1316 1369 περὶ
1353 1299 1414 1373 τὸ
1449 1300 1518 1352 τὰ
1536 1298 1794 1367 ἀλλότρια
1825 1297 1977 1362 διαρ·

407 1393 626 1456 πάζειν,
657 1391 688 1462 ἦ
732 1392 914 1458 φόνοις
949 1389 1186 1461 χαίρειν,
1224 1391 1318 1443 καὶ
1350 1389 1687 1458 λεηλασίαις,
1719 1395 1814 1442 καὶ
1846 1390 1972 1455 φοο-

409 1484 530 1550 ραῖς
570 1480 896 1551 ἀνθρώπων.
917 1481 1040 1533 Ἔτι
1065 1481 1121 1534 δὲ
1153 1480 1274 1533 οὑδὲ
1300 1481 1613 1550 βαρσάρους
1645 1481 1740 1533 καὶ
1775 1479 1978 1549 Ἕλλη·-

407 1588 503 1632 νας
553 1570 712 1638 μόνον
771 1571 886 1623 ὅσοι
940 1569 1037 1640 τὴν
1094 1571 1232 1639 πρὸς
1281 1571 1546 1640 ἀλλήλους
1588 1570 1722 1639 ἐμοῦ
1772 1586 1832 1620 τε
1882 1568 1976 1621 κοιλ⁵

2086 497 2320 559 quorum
2355 497 2453 550 per
2493 496 2655 536 aures
2688 479 3106 536 necessitudinis
3139 493 3274 532 meae
3315 494 3438 532 cum
3486 481 3664 550 impe-

2090 581 2267 628 ratore
2315 574 2455 627 fama
2500 573 2760 644 pervasit,
2792 573 2886 627 sed
2917 581 2973 626 et
3005 587 3190 626 coram
3220 571 3334 626 sole
3370 572 3491 635 hoc,
3524 579 3579 624 et
3616 571 3663 624 si

2089 665 2216 733 quid
2261 665 2406 719 aliud
2450 667 2750 719 inanimum
2802 664 3192 718 nominandum
3224 671 3328 727 est,
3380 662 3667 717 erubesce-

2092 771 2228 817 retn,
2251 757 2294 808 si
2344 772 2487 808 nunc
2519 767 2640 824 post
2667 756 2787 825 ejus
2811 758 3018 809 obitum
3071 756 3242 808 hostis
3273 754 3486 808 viderer
3519 753 3664 808 illius

2091 846 2233 900 (iliis.
2268 845 2383 900 Non
2434 857 2640 901 tantum
2672 848 2816 900 enim
2851 862 2949 915 pro
2997 847 3114 913 ejus
3155 847 3262 899 vita
3295 861 3472 898 meam
3501 845 3664 898 amit-

2092 948 2226 1003 tere,
2258 938 2301 991 si
2336 941 2598 1003 licuisset,
2633 939 2962 992 mirabiliter
2989 938 3305 999 voluissem,
3339 937 3436 992 sed
3465 946 3513 989 et
3542 945 3666 1005 post

2089 1027 2209 1096 ejus
2272 1037 2500 1081 mortem
2557 1030 2793 1097 (oculum
2859 1028 3039 1082 omnia
3109 1029 3415 1081 intuentem
3475 1035 3664 1096 testor)

2092 1117 2245 1172 uxori
2271 1127 2324 1170 et
2356 1118 2538 1172 liberis
2563 1134 2725 1187 quam
2755 1121 2962 1187 optime
2988 1117 3168 1186 cupivi
3199 1135 3212 1170 :
3249 1115 3430 1170 omnia
3462 1115 3664 1180 favere,

2089 1225 2153 1262 ac
2191 1210 2375 1262 subire
2419 1226 2580 1264 omne
2631 1210 2932 1277 perieulum
2980 1219 3222 1276 paratus,
3259 1219 3315 1262 et
3356 1218 3410 1260 ut
3450 1207 3517 1260 ab
3560 1207 3665 1260 illis

2090 1300 2306 1352 abesset
2343 1303 2521 1354 omnis
2555 1300 2821 1363 molestia,
2853 1310 2906 1353 et
2937 1308 2993 1352 ut
3033 1314 3121 1353 res
3157 1297 3397 1350 Romana
3442 1296 3509 1350 ad
3552 1296 3655 1366 glo-

2089 1389 2224 1442 riam
2278 1400 2332 1445 et
2385 1391 2725 1453 felicitatem,
2779 1408 2864 1444 me
2918 1392 3065 1444 hunc
3114 1390 3323 1444 cultum
3374 1390 3664 1451 retinente,

2086 1470 2290 1536 eximie
2323 1485 2633 1552 proﬁceret.
2667 1484 2821 1538 Nune
2851 1499 2981 1536 vero
3022 1498 3128 1536 non
3172 1482 3352 1534 minus
3392 1490 3516 1550 post
3555 1479 3660 1534 bel-

2089 1572 2199 1624 lum
2246 1574 2314 1627 ab
2367 1575 2496 1642 ipsis
2551 1576 2694 1626 nulla
2740 1575 2806 1628 de
2857 1589 3021 1628 causa
3075 1583 3130 1627 et
3175 1572 3556 1642 injustissime,
3607 1581 3664 1624 ut

410 1661 671 1728 βασιλέως
702 1659 964 1713 ἐπύθοντο
1009 1659 1214 1728 φιλίαν,
1266 1661 1401 1713 ἀλλά
1445 1661 1540 1713 καὶ
1580 1661 1731 1730 ἣλιον
1762 1658 1828 1712 ἂν
1882 1661 1977 1712 καὶ

2087 1676 2181 1730 ego
2219 1661 2403 1714 dicere
2449 1663 2646 1726 ausim,
2697 1663 3128 1731 protnulgatuin,
3164 1661 3445 1716 dirissima
3505 1663 3664 1716 susti-

407 1723 461 1805 εῐ
481 1741 538 1804 ’τι
570 1752 677 1803 τῶν
711 1751 937 1820 ἀψύχων
973 1723 1159 1819 ἕτερον
1189 1750 1572 1819 αἰσχυνοίμην,
1603 1723 1654 1801 ζει
1690 1751 1803 1810 τοῖς
1829 1749 1975 1800 ἑκεί-

2087 1768 2213 1808 nerc
2243 1762 2506 1821 praropto,
2545 1768 2614 1806 ne
2653 1754 2850 1822 vulgus
2894 1768 2994 1804 nos
3021 1753 3357 1820 imperatrici
3393 1753 3458 1805 ad
3492 1752 3659 1820 impe-

407 1860 501 1894 νου
556 1842 715 1895 παισὶ
775 1842 1035 1908 πολέμιος
1095 1841 1232 1909 μετά
1287 1841 1388 1908 τὴν
1449 1840 1658 1892 ἐκείνου
1714 1839 1975 1908 τελευτὴν

409 1933 710 2004 φαινοίμην
746 1932 864 1985 νῦν.
897 1932 973 1985 Οὑ
1017 1933 1130 2000 γὰρ
1160 1933 1321 2000 μόνον
1344 1930 1485 2000 ὑπὲρ
1517 1929 1612 1982 τοῦ
1647 1932 1746 1999 ζῇν
1768 1932 1976 1982 ἐκεῖνον

407 2029 468 2081 τὸ
502 2027 799 2081 ἀποθανεῖν
831 2024 1015 2088 αὑτὸς,
1051 2023 1104 2076 εῖ
1129 2039 1195 2090 γε
1229 2022 1379 2090 ἐξῆν,
1405 2023 1478 2084 ὡς
1518 2022 1711 2091 ἥδιστα
1745 2022 1810 2073 ἂν
1837 2023 1976 2075 εἱλό-

411 2136 546 2188 μην,
596 2118 733 2175 ἀλλά
782 2117 880 2169 καὶ
941 2115 1078 2184 μετά
1132 2115 1233 2184 τὴν
1280 2113 1488 2166 ἐκείνου
1542 2113 1844 2183 τελευτὴν,
1885 2113 1976 2164 τὸν

409 2213 590 2264 πάντα
642 2210 926 2281 ἐφορῶντα
979 2207 1336 2276 μαρτύρομαι
1386 2205 1709 2274 ὀφθαλμὸν,
1770 2205 1846 2267 ὡς
1908 2204 1978 2257 τὰ

409 2303 666 2373 βέλτιστα
699 2301 792 2353 καὶ
823 2298 1246 2352 λυσιτελέστατα
1298 2298 1425 2366 περί
1474 2315 1530 2350 τε
1568 2299 1842 2366 γαμετῆς,
1883 2296 1979 2347 καὶ

407 2395 613 2447 τέκνων
642 2392 987 2460 διενοούμην,
1043 2390 1140 2443 καὶ
1174 2389 1353 2442 πάντα
1398 2388 1683 2458 πράττειν,
1721 2388 1817 2439 καὶ
1855 2388 1978 2456 ὑφί-

410 2483 644 2548 στασθαι
681 2482 860 2536 πάντα
895 2479 1166 2542 κίνδυνον,
1209 2477 1280 2530 ἵν’
1312 2478 1537 2531 ἐκείνων
1572 2493 1633 2529 τε
1661 2479 1770 2530 πᾶν
1809 2477 1980 2544 ἀπείη

405 2572 691 2643 δυσχερὲς,
723 2573 817 2625 καὶ
846 2571 914 2623 ea
964 2569 1257 2638 Ῥωμαίων
1302 2569 1394 2620 ἐπὶ
1430 2569 1576 2638 μέγα
1610 2569 1702 2619 καὶ
1725 2566 1982 2628 εὐκλείας

411 2667 620 2734 αῖροιτο
648 2663 843 2734 τύχης,
885 2665 1063 2732 μένων
1096 2662 1190 2713 ἐπὶ
1235 2660 1328 2713 τοῦ
1358 2659 1625 2729 παρόντος
1675 2659 1980 2729 σχήματος.

409 2757 548 2810 Νυνί
585 2772 645 2808 τε
670 2756 767 2825 οὑχ
798 2750 962 2826 ἧττον
995 2753 1136 2824 μετά
1163 2751 1256 2804 τὸν
1291 2749 1644 2820 κηρυχθέντα
1674 2751 1807 2819 παρ’
1839 2751 1984 2802 ὲκεί-

413 2865 521 2900 νων
547 2847 785 2916 πόλεμον
815 2849 874 2912 ἐξ
900 2845 1156 2912 οὐδεμιᾶς
1175 2844 1376 2908 αἰτίας,
1404 2843 1498 2894 καὶ
1535 2842 1689 2912 παρὰ
1721 2842 1882 2896 πάνθ’
1905 2843 1984 2904 ὡς

413 2937 481 2992 ἂν
515 2937 625 3005 ἐγὼ
657 2926 849 3004 φαίην,
882 2934 977 2988 τοῦ
1009 2936 1222 2989 δικαίου
1257 2935 1442 3002 λόγον,
1469 2938 1566 2988 κοιλ¹
1605 2936 1674 2990 τὰ
1698 2934 1984 2986 δεινότατα

413 3027 684 3097 αἱροῦμαι
740 3027 1040 3096 ὑπομένειν
1079 3027 1223 3096 ὑπὲρ
1271 3026 1367 3079 τοῦ
1422 3026 1496 3096 μὴ
1541 3027 1778 3096 πόλεμον
1812 3029 1984 3080 κινεῖν

413 3121 552 3189 πρὸς
584 3119 832 3190 βασιλίδα
860 3119 1006 3187 ὑπὲρ
1045 3120 1145 3184 τῆς
1198 3120 1374 3188 ἀρχῆς
1408 3117 1681 3189 ὑπόληψιν
1713 3120 1984 3188 παρέχειν

411 3217 528 3274 τοῖς
559 3212 794 3274 πολλοῖς.
840 3212 998 3264 Ἐπεὶ
1023 3211 1079 3264 δὲ
1113 3210 1304 3282 ὥσπερ
1343 3212 1505 3274 αὑτός
1533 3227 1592 3263 τε
1627 3209 1864 3276 σύνοιδα,
1889 3214 1984 3265 καὶ

414 3307 546 3376 ὑμῖν
576 3305 990 3375 βουλευομένοις
1035 3303 1320 3356 πείθεσθαι
1354 3306 1648 3373 προσήκει,
1684 3305 1859 3374 μείζω
1887 3305 1986 3360 καὶ

411 3399 695 3452 δεινότατα
723 3399 1096 3470 προσδοκᾶται
1126 3399 1196 3450 τά
1221 3399 1376 3452 δεινά
1417 3401 1482 3452 ὲκ
1529 3399 1624 3452 τοῦ
1654 3399 1764 3453 τῶν
1803 3415 1985 3468 πραγσ

416 3491 606 3560 μάτων
645 3491 812 3544 αὑτὸν
842 3490 1167 3559 ὑποχωρεῖν,
1217 3491 1367 3544 ἄκων
1406 3489 1505 3558 μὲν
1552 3490 1645 3544 καὶ
1686 3489 1876 3559 ὥσπερ
1905 3491 1988 3552 είς

413 3582 696 3646 κινδύνους
719 3581 1010 3652 προφανῶς
1037 3580 1380 3652 αὑτομολῶν·
1406 3581 1530 3638 οὔτε
1565 3581 1674 3652 γὰρ
1714 3581 1986 3653 ἐπιθυμίᾳ

409 3673 593 3746 δόξης,
619 3675 718 3745 τῆς
748 3675 854 3744 γὰρ
879 3675 1192 3742 ἀκροτάτης
1216 3675 1320 3727 κάν
1353 3675 1432 3742 τῷ
1476 3673 1708 3744 παρόντι
1743 3676 1984 3744 σχήματι

413 3764 677 3818 ἀπολαύω
729 3763 863 3829 νῦν,
925 3763 1051 3816 οὑτε
1117 3765 1416 3835 χρημάτων
1482 3765 1681 3818 ἕνεκα·
1743 3767 1814 3820 τὰ
1875 3769 1984 3836 γάρ

414 3857 684 3926 παρόντα,
731 3857 824 3908 καὶ
870 3854 1106 3924 ἀριθμοῦ
1171 3858 1355 3928 σχεδὸν
1399 3858 1528 3910 ὅντα
1576 3857 1835 3928 κρείττω,
1870 3862 1986 3921 τοῖς

413 3944 738 4014 διαρπάζειν
794 3947 1055 4016 προεῖμαι
1097 3946 1476 4016 βουλομένοις·
1536 3947 1689 4017 ὅμως
1730 3947 1884 4016 ὑμῶν
1918 3963 1976 4000 τε

418 4038 622 4099 εἵνεκα,
653 4037 746 4091 καὶ
787 4041 886 4103 τῆς
941 4040 1129 4111 κοινῆς
1183 4040 1293 4092 τῶν
1336 4038 1628 4110 Ῥωμαίων
1682 4041 1983 4112 σωτηρίας,

413 4131 542 4194 τοὺς
589 4128 1076 4201 προσδοκωμένους
1107 4129 1384 4200 μεγάλους
1414 4132 1509 4184 καὶ
1544 4131 1772 4194 πολλοὺς
1802 4132 1986 4186 κινδύ-

415 4237 540 4283 νους
586 4221 685 4290 τῆς
736 4223 803 4291 ἐν
843 4221 920 4290 τῷ
972 4222 1199 4291 παρόντι
1239 4222 1540 4291 ἀσφαλείας
1589 4222 1983 4293 ἀνθαιροῦμαι.

416 4312 526 4364 Καὶ
545 4311 583 4368 δ.
609 4314 734 4382 ἐμοὶ
755 4313 1177 4368 λυσιτελέστατα
1212 4313 1409 4376 ἐδόκει,
1445 4313 1545 4366 οὑκ
1580 4314 1981 4384 ἀπραγμόνως,

413 4401 528 4455 οὐδ’
555 4404 798 4470 ἀνοήτως
823 4442 839 4466 ,
899 4403 1040 4456 ἀλλά
1070 4404 1348 4475 μηδεμίαν
1394 4404 1670 4474 πρόφασιν
1721 4405 1984 4476 παρέχειν

416 4494 496 4563 τῷ
547 4493 768 4565 πολέμῳ
821 4494 1134 4566 βουλομένῳ
1168 4496 1364 4565 παρεὶς
1409 4493 1571 4559 ἑκὼν,
1618 4497 1708 4549 ἐπὶ
1749 4498 1818 4549 τά
1855 4497 1984 4567 ὑμῖν

415 4585 713 4654 δεδογμένα
751 4586 850 4656 τῆς
882 4584 1040 4654 ὑμῶν
1078 4586 1347 4654 ὠφελείας
1379 4586 1564 4653 ἕνεκα,
1599 4587 1791 4657 ὥσπερ
1824 4587 1981 4656 ἔφην,

415 4677 600 4746 τρέψω
634 4677 890 4750 ἐμαυτόν.
936 4680 1011 4734 Οὑ
1043 4679 1180 4750 μὴν,
1223 4677 1339 4732 ἀλλ’
1367 4678 1669 4750 ἐπειδήπερ
1717 4680 1817 4732 οὑκ
1849 4680 1986 4743 ἰδίας

418 4766 729 4832 πλεονεξίας
760 4809 775 4835 ,
811 4768 926 4821 ἀλλ’
963 4768 1116 4836 ὑμῶν
1168 4783 1227 4820 τε
1290 4768 1453 4822 ἕνεκα
1517 4769 1614 4820 καὶ
1682 4766 1779 4820 τοῦ
1832 4770 1983 4837 κοινῇ

418 4860 828 4928 λυσιτελοῦντος
909 4858 1136 4913 τοιαῦτα
1201 4857 1614 4929 προσειλόμην,
1679 4860 1740 4912 οὑ
1808 4859 1985 4928 δήπου

409 4955 650 5018 δίκαιον,
683 4952 806 5012 οὐδὲ
853 4951 1028 5014 ἄλλως
1073 4950 1322 5016 εὐσεϐὲς,
1374 4948 1470 5004 νῦν
1526 4951 1624 5018 μὲν
1652 4949 1854 5018 ὁμοίως
1893 4951 1987 5002 ἐπὶ

417 5045 595 5100 ταῦτα
627 5043 836 5107 πάντας
863 5043 1008 5111 ὑμᾶς
1034 5043 1400 5113 παρακαλεῖν,
1437 5043 1534 5100 καὶ
1573 5042 1850 5112 μηδεμίαν
1885 5041 1984 5095 ἀλ-

419 5134 518 5198 λην
548 5133 583 5201 ἢ
617 5133 820 5200 ταύτην
857 5130 978 5182 ὁδὸν
1020 5130 1348 5200 ὑφηγεῖσθαι
1389 5129 1661 5199 σωτηρίας
1688 5147 1703 5161 ο
1729 5131 1896 5201 ὀλίγῳ
1928 5131 1986 5184 δὲ

421 5224 650 5292 ὕστερον
705 5223 754 5273 εί
787 5222 868 5290 μὴ
923 5222 1066 5275 κατά
1108 5223 1336 5291 γνώμην
1388 5221 1518 5291 ὑμῖν
1563 5221 1630 5274 τὰ
1682 5224 1987 5292 πράγματα

427 5314 696 5379 ἐκϐαίνοι,
734 5319 896 5373 ἀλλον
944 5315 1136 5370 ἄλλοτε
1175 5312 1602 5385 ἀφισταμένους,
1640 5317 1856 5395 ἑαυτοῖς
1887 5319 1986 5387 μὲν

423 5409 503 5472 ἐκ,
522 5407 629 5462 τῶν
657 5409 889 5464 ἐνόντων
920 5406 1236 5476 ἐκπορίζειν
1264 5407 1362 5477 τὴν
1389 5407 1656 5460 δοκοῦσαν
1689 5409 1986 5478 σωτηρίαν,

423 5494 529 5563 ἐμὲ
579 5495 634 5549 δὲ
691 5498 751 5549 ὲν
803 5500 916 5560 τοῖς
972 5496 1242 5558 κινδύνοις
1304 5495 1660 5548 καταλείπειν
1698 5497 1898 5566 μόνον,
1930 5497 1989 5558 ὃς

425 5587 569 5656 ὑπὲρ
603 5589 858 5643 ἁπάντων
888 5591 1042 5661 ὑμῶν
1070 5591 1266 5652 αὑτοὺς
1301 5589 1669 5657 ἀνεδεξάμην,
1691 5588 1809 5641 ἐνὸν
1835 5589 1990 5642 ἀκιν-

424 5675 603 5740 δύνως
651 5678 938 5742 σώζεσθαι.
995 5679 1163 5734 Τοῦτο
1194 5680 1302 5748 γὰρ
1353 5679 1452 5732 οὑκ
1481 5681 1603 5743 ἐμοὶ
1635 5678 1818 5744 μόνον,
1855 5677 1990 5731 ἀλλά

2080 1847 2220 1900 rium
2242 1845 2581 1915 eripiendum
2613 1860 2764 1899 arma
2794 1845 2994 1898 inferre
3025 1844 3367 1914 suspicetur.
3395 1843 3664 1910 Quoniam

2077 1952 2212 1991 vero
2251 1938 2384 1998 scio.
2422 1939 2467 1991 si
2503 1951 2586 1989 n:e
2618 1951 2645 1988 ιι
2671 1934 3064 2006 gubernaculis
3094 1934 3435 1998 subduxero,
3465 1936 3668 2006 uajora

2079 2038 2133 2082 et
2194 2029 2423 2084 saeviora
2469 2031 2608 2082 mala
2688 2029 3046 2097 impendere,
3121 2042 3221 2081 nec
3279 2027 3666 2082 auctoritatem

2080 2128 2315 2171 vestram
2343 2120 2624 2187 aspernari
2650 2131 2819 2186 queo,
2855 2116 3086 2178 invitus,
3127 2127 3185 2170 et
3215 2118 3366 2169 velut
3397 2118 3448 2170 in
3485 2119 3664 2170 mani-

2081 2208 2281 2260 festum
2341 2207 2642 2260 discrimen
2699 2221 2784 2260 me
2845 2206 3162 2274 projiciens,
3203 2206 3356 2259 nullo
3390 2206 3670 2261 desiderio

2082 2297 2291 2365 glorim,
2345 2313 2452 2366 qua
2510 2311 2723 2350 summa
2780 2298 2945 2350 etiam
3003 2299 3056 2350 in
3107 2297 3209 2350 hoc
3249 2296 3438 2350 habitu
3487 2297 3667 2362 fruor,

2082 2404 2263 2458 neque
2294 2389 2654 2457 pecuniarum
2713 2389 2888 2458 gratia
2936 2388 3097 2458 (quas
3137 2389 3283 2443 enim
3335 2390 3499 2444 habui
3529 2405 3670 2459 pene

2083 2481 2551 2545 innumerabiles,
2607 2481 2849 2551 diripere
2918 2482 3234 2535 Veientibus
3289 2483 3532 2551 reliqui),
3565 2484 3664 2540 sed

2083 2575 2251 2627 vestri
2305 2583 2362 2626 et
2411 2573 2721 2627 communis
2782 2573 3158 2626 Romanorum
3218 2573 3412 2626 salutis
3469 2574 3666 2642 gratia,

2083 2679 2207 2733 qua:
2263 2679 2350 2717 me
2404 2673 2626 2716 manent
2653 2663 2819 2717 tnul’a
2871 2674 2926 2717 et
2960 2663 3186 2733 grandia
3223 2664 3492 2732 pericula,
3525 2680 3669 2734 pne-

2085 2756 2224 2808 senti
2280 2756 2563 2810 securitati
2611 2754 2861 2809 antefert)
2901 2773 2914 2807 :
2966 2771 3199 2824 quaeque
3237 2757 3486 2810 mihimet
3516 2757 3671 2812 vide-

2085 2845 2285 2898 bantur
2302 2846 2612 2907 utilissima,
2629 2859 2736 2898 non
2755 2844 2909 2912 quasi
2929 2859 2957 2896 a
2979 2843 3214 2914 negotiis
3229 2845 3549 2900 abhorrenti
3571 2854 3669 2901 aut

2086 2937 2446 3007 imprudenti,
2475 2938 2572 2992 sed
2613 2937 2822 2991 nullam
2854 2938 2995 2991 bello
3011 2952 3202 2992 ausam
3238 2938 3372 2994 dare
3400 2941 3666 3008 cupienti,

2012 3050 2056 3108 ε
2087 3045 2150 3085 ea
2181 3031 2358 3085 libens
2402 3031 2674 3084 dimittam
2709 3047 2724 3084 :
2761 3039 2817 3082 et
2865 3028 2991 3097 quia
3022 3029 3104 3083 sic
3144 3027 3327 3094 vultis,
3365 3038 3421 3083 et
3451 3042 3665 3095 νοείτω,

2091 3120 2308 3185 utdixi,
2352 3121 2602 3176 utilitatis
2647 3119 2846 3189 gratia,
2898 3120 3038 3172 alius
3074 3118 3220 3172 (iam.
3286 3119 3669 3176 Ver-umeuim-

2091 3226 2243 3274 vero,
2275 3211 2406 3280 quia
2437 3226 2548 3263 non
2593 3219 2655 3264 ut
2699 3211 2898 3278 opibus
2943 3208 3240 3272 abundem,
3267 3211 3366 3264 sed
3416 3212 3571 3266 vobrs
3610 3221 3670 3267 et

2087 3302 2365 3359 communi
2392 3301 2643 3364 studens,
2669 3299 2819 3358 hunc
2850 3309 3053 3355 statum
3077 3315 3321 3372 assumo,
3350 3304 3668 3369 nouutique

2087 3396 2292 3465 justum
2326 3386 2506 3465 neque
2537 3395 2690 3464 pium
2731 3404 2898 3457 esset,
2931 3409 3076 3448 nunc
3100 3409 3198 3449 vos
3223 3410 3414 3454 omnes
3438 3398 3668 3465 aquali-

2091 3497 2174 3542 ter
2202 3487 2271 3541 ad
2322 3486 2426 3542 hoc
2459 3503 2546 3542 me
2594 3487 2892 3554 cohortari,
2922 3496 2979 3540 et
3029 3489 3245 3549 docere,
3264 3487 3470 3542 nullam
3503 3488 3665 3546 aliam

2089 3590 2287 3649 praeter
2317 3583 2460 3635 hanc
2488 3581 2682 3636 salutis
2712 3581 2855 3634 viam
2889 3595 3012 3634 esse
3057 3595 3072 3632 :
3111 3579 3272 3648 paulo
3300 3593 3486 3634 autem
3519 3589 3664 3648 post,
3756 3576 3763 3590 '

2092 3689 2148 3727 re
2183 3688 2342 3728 secus
2369 3690 2530 3743 quam
2564 3673 2779 3728 velletis
2803 3672 3156 3742 procedente,
3185 3673 3352 3726 alium
3379 3673 3486 3727 alio
3509 3673 3672 3728 defu-

2089 3780 2240 3832 gere,
2273 3782 2336 3819 ac
2367 3766 2470 3819 sibi
2499 3767 2721 3835 quidem
2754 3781 2854 3834 pro
2887 3763 3179 3820 occasione
3209 3764 3492 3834 etjudicio
3515 3766 3670 3818 salu-

2091 3866 2199 3910 tem
2262 3871 2546 3926 qumrere;
2603 3871 2689 3910 me
2741 3865 2923 3908 autem
2960 3857 3133 3909 solum
3191 3859 3244 3907 in
3303 3855 3370 3908 iis
3411 3856 3669 3924 periculis

2089 3946 2363 4008 deserere,
2397 3961 2518 4012 qum
2541 3960 2664 4014 ego,
2694 3954 2753 3997 ut
2782 3945 2939 3998 vobis
2969 3946 3227 3998 omnibus
3259 3945 3450 3999 liceret
3477 3962 3670 4003 secure

2088 4035 2294 4098 vivere,
2343 4035 2591 4111 adierint,
2630 4049 2758 4087 cum
2812 4033 3054 4101 periculo
3095 4034 3320 4089 omnino
3358 4051 3548 4092 carere
3604 4053 3670 4096 ac

2091 4129 2275 4182 salvus
2301 4141 2422 4181 esse
2458 4125 2755 4194 potuerim.
2789 4123 2901 4178 lloc
2947 4125 3094 4178 enim
3129 4140 3236 4178 non
3273 4135 3479 4179 tantum
3509 4128 3667 4194 mihi,

2090 4219 2185 4273 sed
2233 4229 2288 4274 et
2319 4218 2475 4272 vobis
2527 4217 2788 4286 majorem
2838 4217 2892 4270 in
2941 4217 3162 4271 modum
3215 4221 3666 4276 incommodaret.

2088 4310 2250 4386 432
2305 4310 2455 4364 Haud
2508 4313 2654 4362 enim
2705 4308 3038 4377 gubernator
3084 4311 3265 4362 navim
3302 4312 3565 4372 servabit.
3620 4315 3668 4368 si

2011 4375 2064 4435 θ
2091 4417 2272 4457 naulze
2301 4401 2369 4456 ob
2397 4401 2723 4454 discordiam
2769 4415 2894 4453 eum
2935 4399 3197 4468 adjuvare
3225 4398 3512 4463 desierint,
3547 4405 3671 4472 qui-

2097 4495 2196 4547 bus
2231 4492 2365 4561 ipsis
2418 4499 2684 4562 pereunte
2736 4490 2860 4542 navi
2904 4506 3027 4558 spes
3075 4489 3264 4542 salutis
3297 4490 3445 4543 nulla
3475 4501 3665 4547 restat.

2093 4583 2321 4655 Oportet
2349 4585 2494 4636 enim
2531 4599 2627 4636 nos
2657 4596 2847 4635 omnes
2880 4582 3311 4644 consentientes,
3341 4589 3396 4634 et
3431 4581 3669 4636 toleran-

2098 4678 2226 4729 tiam
2259 4677 2314 4730 in
2341 4675 2582 4730 adversis
2607 4687 2792 4744 parem
2816 4671 3161 4733 adhibentes,
3203 4671 3285 4726 sic
3315 4672 3537 4724 demum
3573 4689 3668 4727 ar-

2095 4767 2200 4820 dua
2235 4765 2468 4819 feliciter
2501 4781 2713 4834 gerere.
2765 4763 2898 4816 Nam
2951 4772 3005 4815 et
3041 4772 3286 4815 veterum
3319 4762 3500 4817 nullus
3551 4779 3670 4818 ces-

2097 4857 2288 4920 sando,
2317 4856 2643 4919 desidendo,
2669 4853 2958 4916 tardando,
2994 4851 3086 4906 sed
3123 4853 3377 4921 quemvis
3423 4853 3667 4908 laborem

2097 4946 2366 5011 durando,
2404 4955 2693 5014 menteque
2731 4945 3098 5012 imperterrita
3132 4943 3364 4996 adversa
3400 4944 3671 4998 sulIeren-

2097 5037 2166 5092 d0
2217 5039 2282 5093 de
2336 5037 2585 5092 hostibus
2621 5045 2880 5104 tropaeum
2915 5037 3108 5090 erexit.
3161 5033 3280 5087 Jam
3315 5035 3380 5099 si,
3429 5035 3516 5087 cui
3565 5035 3670 5090 ista

2097 5143 2204 5182 non
2265 5128 2502 5196 placent,
2563 5143 2660 5180 nec
2714 5126 2895 5179 studio
2954 5127 3058 5178 mei
3116 5123 3203 5176 hic
3270 5127 3672 5193 perseverando

2096 5219 2398 5275 discrimini
2425 5235 2483 5272 se
2511 5233 2785 5287 exponere
2810 5218 2946 5281 vult,
2971 5215 3064 5270 sed
3097 5216 3268 5286 magis
3295 5225 3518 5284 penates
3540 5231 3671 5271 suos

2098 5311 2202 5364 sibi
2234 5309 2554 5373 servandos,
2590 5323 2753 5376 quam
2815 5307 3020 5360 relictis
3078 5321 3197 5375 qua:
3249 5315 3377 5360 sunt
3411 5307 3462 5358 in
3496 5307 3672 5360 mani-

2101 5407 2220 5466 Ims,
2280 5418 2418 5458 vana
2467 5416 2562 5469 spe
2619 5398 2966 5469 pendendum
3019 5398 3330 5460 existimat,
3386 5406 3442 5450 et
3499 5397 3670 5453 libere

2100 5491 2369 5561 patefacto
2413 5489 2596 5542 animo
2647 5503 2746 5540 suo
2777 5488 3001 5540 domttm
3035 5485 3403 5550 redeundum,
3430 5488 3566 5541 nihil
3602 5493 3672 5542 ob

2101 5587 2152 5637 id
2186 5583 2308 5636 tituli
2347 5592 2765 5648 metuat;a:que
2810 5581 2953 5633 enim
2985 5578 3114 5631 alibi
3151 5578 3339 5632 vivens
3371 5581 3504 5638 milii
3545 5582 3644 5636 clla

2101 5691 2194 5728 rus
2229 5676 2352 5728 erit.
2386 5671 2538 5738 Quod
2573 5673 2615 5724 si
2651 5680 2771 5740 post
2807 5678 3010 5723 tantum
3038 5668 3350 5738 aequitatem
3402 5683 3455 5726 et
3489 5672 3673 5727 dalaru
