4096 6300
234 335 336 398 sm

1333 367 1336 369 >
1415 335 1961 400 HISTORIARUM
2000 338 2236 400 LIBER
2273 338 2392 400 ΠΙ.

3378 329 3484 391 8"2

233 448 476 519 Χριστὸν
529 449 621 501 τδν
670 450 968 519 εὐεργέτην
1017 451 1171 521 πάσῃ
1221 449 1512 516 διώξαντες
1575 450 1800 519 σπουδῇ,

1907 447 2075 520 438
2102 465 2224 520 quae
2254 449 2394 504 l'acta
2423 455 2629 512 essent,
2688 442 2967 500 communi
3008 441 3300 506 sententia,
3349 450 3408 496 ut
3451 457 3484 497 e

235 542 338 594 xui.
388 539 634 608 ίσχύσειν
665 541 787 592 κατ’
817 539 984 594 αὐτοῦ
1024 541 1118 593 ἐπὶ
1154 542 1369 609 καιρὸν,
1399 539 1590 610 ὥσπερ
1620 541 1684 610 δὴ
1709 543 1808 593 κὰ-

232 637 408 686 ⁴ιιιῑῖνοι
443 624 650 697 ἔδοξαν,
685 632 1052 694 ἀπεκτονότες
1104 631 1198 684 τὸν
1229 633 1560 701 Λυτρωτήν.
1605 631 1809 682 "You-

233 738 336 788 ρον
357 720 414 773 δὲ
451 723 500 772 οἱ
553 718 712 772 καλοὶ
741 715 836 771 καῖ
882 717 1080 785 ἀγαθοὶ
1113 717 1210 771 καὶ
1259 717 1401 784 seu»
1431 718 1539 771 τῶν
1571 716 1810 770 ἐντολῶν

235 829 335 865 του
380 810 620 880 λριστοῦ
652 811 902 873 καὶτοὺς
945 809 1139 878 λόγους
1173 809 1341 863 αὐτοῦ
1363 811 1684 879 τηροῦντες,
1713 811 1810 863 καὶ

232 904 329 958 τὸν
369 903 636 973 βασιλέως
674 903 832 970 λόγον
885 902 1210 972 τηρήσουσι,
1266 903 1363 954 καὶ
1417 901 1599 953 πάντα
1650 901 1812 970 ποιη-

233 1012 394 1050 σουσι
430 996 498 1049 τὰ
533 994 985 1065 προσταττόμενα
1026 993 1120 1046 ὑπ’
1159 992 1348 1046 αὐτοῦ.
1406 992 1650 1046 Τοιαῦτα
1711 991 1810 1062 μὲν

231 1090 564 1143 ὲπεθείασαν
593 1089 651 1139 ὲν
670 1090 784 1150 τοῖς
806 1087 1010 1154 λογίοις
1036 1088 1085 1141 oi
1126 1087 1338 1153 πολλοὶ,
1370 1086 1407 1140 ἃ
1431 1087 1526 1140 καὶ
1555 1087 1636 1150 είς
1658 1086 1813 1139 ῦστε-

236 1198 332 1250 ρον
363 1180 527 1250 ἐξέϐη
561 1178 704 1234 κατά
742 1178 842 1248 τὴν
873 1177 1138 1249 ἐξήγησιν
1179 1179 1361 1231 αὐτῶν
1393 1178 1602 1247 σχεδόν.
1637 1179 1809 1240 Αὐτὺς

231 1273 288 1330 δὲ
318 1274 347 1325 ό
378 1271 633 1341 βασιλεὺς
665 1271 796 1338 περὶ
833 1270 921 1322 τὸν
953 1271 1340 1340 Διδυμοτείχου
1393 1271 1654 1340 ἀρχιερέα
1683 1269 1812 1321 πολ-

231 1363 335 1434 λὴν
363 1366 464 1434 τὴν
493 1364 679 1416 πίστιν
709 1363 870 1431 ἔχων,
908 1363 1003 1416 καὶ
1057 1363 1167 1415 τῶν
1215 1362 1544 1432 κρειττόνων
1574 1362 1651 1424 ὥς
1701 1377 1812 1414 τινι

232 1457 548 1526 προσὲχων,
585 1450 673 1506 οἷα
707 1455 772 1523 δὴ
805 1455 863 1507 ἐν
889 1453 1114 1517 πολλοῖς
1139 1454 1579 1523 ἀποδεδειγμένῳ
1617 1455 1812 1523 πρότε-

235 1566 331 1617 ρον
357 1547 509 1610 θείας
549 1547 773 1616 χάριτος
803 1546 904 1598 οὐκ
935 1546 1210 1615 ἀμοιρεῖν,
1245 1545 1346 1616 τῆς
1378 1545 1552 1614 αὐτῆς
1584 1545 1805 1616 ἡμέρας

235 1641 378 1710 μετὰ
425 1641 526 1710 τὴν
568 1638 872 1710 ἀνάρρησιν
919 1636 1149 1708 πέμψας
1189 1637 1329 1708 πρὸς
1363 1638 1684 1702 ἐκεῖνον,τά
1713 1654 1806 1705 γε·

230 1735 516 1804 γενημὲνα
568 1748 628 1784 τε
673 1731 883 1800 ἐδήλου,
920 1730 996 1792 ὡς
1044 1733 1201 1801 κοινῇ
1239 1729 1438 1802 γνώμη
1497 1717 1804 1783 λῦσιτελεῖν

230 1826 583 1895 ἐψηφισμένα
636 1821 934 1891 τελεσθείη,
972 1822 1067 1874 καὶ
1116 1822 1414 1891 προσάγειν
1474 1821 1644 1889 εὐχὰς
1679 1821 1803 1892 Θεῷ

231 1915 381 1986 ὑπὲρ
417 1915 583 1969 αὑτοῦ
624 1915 818 1977 ἐδεῖτο,
841 1913 980 1967 ὥστε
1019 1913 1274 1981 γενέσθαι
1306 1913 1392 1966 ἐπ’
1423 1911 1575 1981 αὐτῷ
1609 1913 1670 1964 τὸ
1711 1909 1805 1965 τοῦ

229 2009 369 2061 Θεοῦ
417 2007 629 2078 θέλημα
652 2007 712 2060 τὸ
739 2006 942 2072 ἀγαθὸν
977 2004 1072 2058 καὶ
1112 2005 1439 2074 εὐάρεστον·
1476 2005 1665 2058 τοῦτον
1694 2005 1805 2074 γὰρ

231 2100 418 2154 εἰώθει
452 2101 545 2152 τδν
593 2097 792 2167 τρόπον
815 2097 924 2149 τῶν
976 2099 1044 2148 τὰ
1072 2094 1300 2148 τοιαῦτα
1328 2096 1533 2149 δεῖσθαι
1566 2097 1808 2167 ἠξιωμέ-

231 2211 365 2254 νων,
411 2191 576 2260 εύχάς
620 2189 761 2257 ὑπὲρ
799 2188 962 2241 αὑτοῦ
995 2187 1294 2259 προσάγειν
1334 2187 1474 2260 Θεῷ,
1515 2189 1577 2240 '0
1594 2189 1640 2240 δ’
1670 2189 1804 2257 ἔφα-

232 2299 388 2348 σκεν,
421 2257 588 2344 οὐ
626 2281 790 2333 καλον
835 2281 975 2349 μετά
1029 2257 1130 2348 τὴν
1175 2279 1379 2350 πρᾶξιν
1411 2257 1803 2349 ἀπαγγέλλειν.

229 2370 507 2441 Πρότερον
537 2368 645 2433 γάρ
685 2368 854 2437 ἐχρῆν
908 2365 1072 2436 ἡνίκα
1111 2368 1205 2419 καὶ
1233 2366 1381 2430 αἰντῷ
1412 2385 1464 2420 τι
1497 2369 1605 2419 τῶν
1660 2367 1807 2420 δεόν-

228 2477 342 2511 των
368 2459 506 2512 Θεοῦ
553 2458 789 2520 διδόντος
837 2459 1129 2526 παραινεῖν
1149 2456 1299 2525 ἐξῆν.
1334 2459 1474 2510 Νυνὶ
1499 2459 1554 2512 δὲ
1585 2459 1739 2511 οὐδὲν
1768 2459 1800 2528 ἢ

226 2552 323 2607 τοῦ
349 2551 486 2605 Θεοῦ
522 2551 732 2604 δεῖσθαι
753 2549 940 2602 λοιπὸν
963 2549 1106 2620 ὑπὲρ
1145 2549 1255 2602 τῶν
1278 2554 1432 2619 κοινῇ
1467 2551 1806 2604 λυσιτελούν-

226 2658 340 2696 των
392 2643 488 2694 καὶ
537 2639 723 2694 αὐτοῦ.
771 2620 845 2690 ’Ῠδ
890 2637 1200 2706 βασιλεύειν
1251 2638 1306 2690 δὲ
1361 2640 1666 2708 Ῥωμαίων,
1710 2642 1804 2693 καὶ

229 2733 396 2788 αὑτὸν
455 2731 552 2798 μὲν
578 2731 775 2784 είδέναι
837 2730 913 2793 ὡς
980 2729 1377 2801 ἐπιψηφισθείη
1452 2733 1604 2803 παρὰ
1658 2732 1803 2802 Θεῷ.

228 2823 380 2887 Πλὴν
434 2821 774 2891 ἔξοιδήσουσι
859 2821 926 2872 τὰ
976 2821 1131 2889 χείλη
1196 2822 1366 2889 μήπω
1416 2822 1692 2873 πεπανθὲν
1743 2823 1805 2876 τὸ

231 2914 401 2967 σῦκον
453 2913 901 2978 καταφαγόντος,
955 2912 1322 2979 αἰνιττόμενος
1377 2914 1440 2964 ἐκ
1482 2911 1578 2964 τοῦ
1629 2930 1804 2983 παρα-

227 3005 551 3073 δείγματος,
589 3005 664 3065 ῶς
698 3001 914 3062 πολλοῖς
961 3003 1233 3069 πρότερον
1271 3007 1650 3071 περιπεσεῖται
1683 3021 1803 3056 xw-

1767 1793 1881 1847 .~.B

1912 556 1970 596 re
2028 543 2244 610 publica
2297 541 2517 597 decreta
2573 538 2746 593 fuisse
2770 537 3105 606 signiﬁcans,
3161 545 3216 589 et
3264 549 3485 603 rogans,

1908 635 2080 688 Deum
2107 631 2366 703 precibus
2395 631 2501 686 sibi
2535 629 2880 691 conciliaret,
2932 636 2993 682 ut
3045 625 3100 680 in
3135 641 3194 680 se
3228 624 3486 680 voluntas

1909 727 2029 795 ejus
2055 726 2195 779 bona
2240 733 2294 778 et
2331 725 2469 778 bene
2499 723 2722 792 placens
2759 721 2958 784 ﬁeret;
2993 721 3076 773 sic
3110 719 3255 773 enim
3283 719 3336 772 in
3387 718 3481 772 tali

1909 818 2081 889 gradu
2120 820 2326 871 locatos
2379 831 2571 885 rogare
2594 813 2648 867 in
2680 827 2832 867 more
2862 811 3118 876 habebat,
3171 821 3231 864 ιιι
3273 810 3487 866 scilicet

1910 922 2108 979 preces
2138 908 2248 960 Deo
2280 921 2381 974 pro
2414 920 2472 959 se
2503 902 2857 958 adhiberent.
2885 899 3193 969 Respondit
3221 900 3481 962 antistes,

1911 1017 2021 1055 non
2052 1015 2173 1054 esse
2203 999 2522 1069 pulchrum,
2546 996 2662 1050 bare
2695 995 2800 1050 sibi
2833 1002 2958 1062 post
2987 991 3189 1046 factum
3217 991 3488 1054 nuntiari;

1911 1095 2064 1164 prius
2090 1093 2339 1145 nuntiata
2367 1088 2703 1158 oportuisse,
2744 1085 2966 1156 quando
2998 1093 3054 1138 et.
3087 1087 3224 1154 ipse,
3252 1082 3400 1152 quod
3427 1083 3484 1136 in

1911 1200 2029 1240 rem
2089 1192 2291 1248 esset,
2355 1181 2452 1236 Dei
2486 1193 2756 1234 concessu
2825 1177 3124 1231 admonere
3188 1174 3482 1245 potuisset.

1910 1278 2067 1332 Nunc
2112 1274 2262 1328 aliud
2296 1273 2433 1326 nihil
2462 1284 2754 1340 superesse
2809 1283 2971 1337 quam
3003 1269 3181 1337 ipsum
3239 1275 3296 1320 et
3336 1281 3486 1320 com-

1911 1383 2078 1422 mune
2137 1369 2340 1421 honum
2389 1365 2504 1418 Deo
2563 1361 2889 1430 suppliciter
2949 1357 3355 1412 commendare.
3419 1358 3486 1411 Et

1909 1473 2072 1514 nosse
2104 1472 2162 1511 se
2206 1455 2430 1526 quidem
2480 1453 2771 1520 imperium
2829 1451 3132 1503 Romanum
3167 1448 3245 1504 illi
3287 1464 3318 1502 a
3373 1446 3488 1502 Deo

1911 1551 2197 1604 decretum
2215 1561 2362 1610 esse;
2387 1552 2767 1600 verumtamen
2787 1541 2937 1595 labra
2954 1541 3481 1611 ejusextumescent,

1913 1640 2112 1710 inquit,
2143 1640 2235 1707 qui
2264 1653 2425 1692 uvam
2455 1635 2708 1690 acerbam
2729 1631 3052 1688 comederit.
3075 1631 3193 1698 Qua
3221 1631 3480 1700 parabola

1913 1734 2116 1795 innuit,
2164 1733 2319 1786 illum
2355 1729 2546 1782 multis
2574 1735 2702 1781 ante
2763 1724 3026 1795 periculis
3073 1732 3128 1778 et
3161 1723 3482 1777 tentationi-

1912 1829 2014 1882 bus
2066 1825 2510 1879 circumventum
2571 1820 2658 1874 iri.
2708 1818 2846 1873 Cum
2888 1817 3070 1870 'vellet
3111 1824 3292 1870 autem
3333 1814 3484 1868 velut

1910 1918 2013 1973 sub
2043 1917 2233 1971 oculos
2267 1915 2561 1984 subjicere,
2596 1910 2766 1974 unde,
2811 1918 2866 1962 et
2903 1924 2932 1962 a
2968 1923 3078 1977 quo
3107 1907 3352 1976 pericula
3390 1907 3478 1960 illa

1910 2008 2282 2067 imminerent.
2307 2005 2410 2058 visi
2446 2002 2728 2072 cujusdam
2753 2001 2835 2054 sui
2865 2014 3162 2054 memorem
3193 1998 3342 2059 fecit,
3371 2012 3482 2067 quo

1910 2101 2126 2156 vivente
2158 2098 2337 2152 adhuc
2374 2094 2690 2150 Andronico
2729 2093 2952 2164 juniore
2996 2105 3164 2155 super
3185 2091 3370 2144 futuro
3403 2105 3482 2145 re-

1909 2207 2030 2245 rum
2060 2199 2204 2245 statu
2239 2189 2497 2258 dignatus
2550 2185 2753 2239 fuerat.
2789 2182 2946 2249 Quod
2988 2183 3140 2238 hunc
3170 2184 3223 2238 in
3255 2183 3480 2239 modum

1907 2283 2408 2350 novuspimperator
2432 2277 2717 2332 narrabat.
2749 2277 2886 2331 Vivo
2916 2274 3098 2329 adhuc
3143 2274 3478 2343 imperatore

1907 2373 2246 2436 Andronico,
2300 2385 2425 2426 cum
2483 2370 2603 2438 ipse
2659 2366 2859 2438 privati
2908 2374 3113 2421 sortem
3182 2365 3478 2435 locumque

1908 2473 2144 2529 teneret,
2183 2473 2238 2518 et
2269 2464 2322 2517 in
2375 2477 2442 2517 eo
2475 2462 2637 2531 plane
2667 2460 3067 2529 acquiesceret,
3113 2472 3298 2513 secum
3332 2457 3480 2512 hunc

1905 2560 2223 2627 episcopum
2282 2554 2579 2626 aliquando
2625 2567 3001 2620 congressum,
3059 2551 3360 2614 monuisse,
3407 2564 3479 2604 ne

1904 2653 2296 2724 Apocauchum
2339 2652 2523 2721 (quem
2571 2647 2707 2702 citra
2757 2644 2984 2700 honoris
3020 2643 3337 2712 adiunctum
3397 2643 3479 2698 sic

1905 2743 2052 2796 unde
2084 2741 2433 2810 appellasset)
2479 2736 2774 2792 admodum
2819 2734 3242 2802 *magnil'aceret,
3279 2733 3374 2787 sed
3407 2733 3478 2787 ab

1907 2835 2128 2888 homine
2175 2839 2235 2886 ut
2281 2832 2473 2901 ingens
2521 2826 2818 2897 aliquando
2870 2828 3131 2880 damnum
3185 2825 3477 2879 invecturo

1903 2932 2144 2980 caveret.
2173 2923 2308 2979 Cum
2346 2923 2463 2992 ipse
2512 2917 2854 2990 iocabundus
2904 2915 3251 2985 subjecisset,
3307 2913 3472 2984 quale

1906 3019 2125 3072 tandem
2184 3015 2446 3070 damnum
2503 3011 2669 3082 lapidi
2730 3023 2895 3064 ovum
2941 3011 3244 3078 importare
3277 3008 3472 3076 possit,

227 3099 408 3160 δύνοις
468 3098 562 3150 καὶ
619 3099 971 3166 πειρασμοῖς.
1005 3093 1189 3146 Θέλων
1239 3092 1283 3146 δ’
1318 3093 1508 3162 ὥσπερ
1541 3097 1631 3148 καὶ
1668 3096 1795 3158 τοὺς

1907 3109 2054 3163 illum
2089 3109 2458 3177 respondisse,
2494 3103 2814 3173 superbiam
2855 3102 3048 3170 ingens
3092 3114 3212 3153 esse
3243 3099 3471 3161 malum,

228 3190 508 3252 κινδύνους
549 3187 670 3240 ὅθεν
698 3190 805 3240 κάκ
840 3187 982 3247 τίνος
1030 3187 1243 3238 ἔσονται
1297 3185 1512 3255 δηλοῦν,
1554 3188 1798 3255 όράσεὼς

224 3299 375 3344 τινος
398 3281 810 3349 ἀνεμίμνησκεν
831 3278 1014 3342 αὑτὸν,
1048 3271 1116 3347 ἦς
1142 3277 1224 3330 ἔτι
1255 3279 1542 3347 περιόντος
1583 3279 1799 3348 Ἀνδρο-

225 3373 382 3426 νίκου
439 3370 533 3424 τοῦ
593 3369 856 3440 βασιλέως
899 3368 1096 3433 ἠξίωτο
1152 3370 1282 3440 περὶ
1328 3369 1437 3421 τῶν
1497 3371 1798 3440 ἐσομένων.

232 3464 482 3531 Ἔφασκε
535 3460 592 3512 δὲ
645 3459 897 3529 βασιλεὺς
928 3461 955 3510 ὁ
984 3459 1098 3520 νέος
1134 3458 1334 3521 οὑτοσὶ,
1359 3458 1433 3521 ὡς
1469 3458 1548 3511 ἔτι
1583 3459 1802 3529 περιόν-

225 3573 319 3618 τος
375 3552 656 3624 βασιλέως,
689 3550 854 3603 αὐτοῦ
888 3551 931 3601 δ’
967 3550 1048 3601 ἔτι
1091 3548 1192 3619 τὴν
1225 3549 1439 3601 ἰδιώτου
1479 3551 1800 3622 στέργοντος

223 3642 418 3713 τ’ύχην,
458 3641 676 3710 ὁμιλίαν
707 3641 828 3692 τινὰ
859 3637 953 3690 τοῦ
993 3639 1294 3708 ἀρχιερέως
1351 3640 1544 3694 τούτου
1613 3654 1800 3695 ποιουο

229 3737 402 3806 μένον
441 3731 579 3802 πρὸς
604 3731 787 3794 αὑτὸν,
819 3729 910 3781 τὸν
959 3729 1300 3798 Ἀπόκαυχον
1332 3730 1500 3798 φάναι
1525 3731 1670 3786 οὕτω
1700 3734 1799 3803 τῆς

229 3828 390 3895 ἀξίας
443 3824 611 3895 χωρὶς
640 3821 1188 3904 προσαγορεύσαντα,
1225 3822 1300 3892 μὴ
1348 3825 1490 3876 πάνυ
1525 3827 1798 3878 ποιεῖσθαι

227 3920 361 3990 περὶ
397 3917 652 3968 πλείστου
680 3955 693 3978 ,
732 3913 870 3966 ἀλλά
934 3912 1302 3980 φυλάττεσθαι
1368 3915 1459 3968 τὸν
1500 3915 1691 3984 ἄνδρα,
1723 3919 1798 3978 ὠς

228 4009 480 4080 μεγάλης
510 4006 778 4077 ἐπηρείας
806 4006 978 4057 αἴτιον
1004 4005 1281 4074 ἐσόμενον.
1313 4005 1419 4057 Τοῦ
1454 4005 1498 4057 δ’
1526 4007 1583 4058 ὲν
1603 4009 1799 4077 εὐτρα-

224 4104 422 4166 πελίας
450 4101 603 4166 εἴδει,
641 4099 736 4152 καὶ
762 4098 922 4150 ποίαν
943 4095 1076 4166 λίθῳ
1113 4099 1383 4166 ἐπήρειαν
1411 4098 1813 4168 προξενήσειεν-

225 4197 299 4249 ἂν
322 4193 426 4245 ὠὸν
455 4191 723 4252 εἰπόντος,
756 4187 830 4250 ὡς
879 4187 1022 4255 μέγα
1063 4187 1230 4253 φάναι
1284 4187 1375 4239 τὸν
1406 4188 1668 4257 ἀρχιερέα
1698 4193 1798 4256 τὴν

224 4284 607 4358 ὑπερηφανίαν
645 4275 784 4333 εἶναι
817 4279 1010 4341 κακὸν,
1047 4279 1284 4348 μάλιστα
1331 4279 1442 4331 τῶν
1490 4298 1549 4332 τε
1578 4281 1798 4335 τελείων

219 4381 324 4445 τὴν
360 4376 580 4446 ἀρετὴν,
620 4372 852 4425 καὶτῶν
880 4371 962 4432 εἰς
1009 4371 1070 4424 τδ
1121 4372 1425 4440 ἀκρότατον
1459 4373 1558 4444 τῆς
1601 4392 1797 4444 κοσμι-

1899 3200 2044 3270 quod
2066 3197 2335 3268 prmcipue
2357 3197 2502 3251 omni
2520 3196 2718 3249 virtute
2733 3193 3006 3263 perfectos
3035 3198 3092 3245 et
3107 3191 3172 3243 ad
3193 3205 3470 3243 summum

1901 3291 2182 3346 felicitatis
2218 3289 2437 3346 culmen
2473 3297 2697 3342 evectos
2744 3285 3064 3339 comitetur.
3111 3280 3250 3335 Tum
3293 3296 3351 3335 se
3397 3280 3471 3334 ita

1899 3386 2226 3444 occurrisse,
2261 3399 2369 3437 non
2403 3398 2468 3435 ex
2495 3379 2751 3449 snperbia
2784 3379 2900 3432 haec
2929 3394 2958 3432 a
2987 3393 3068 3442 se,
3107 3377 3200 3432 sed
3231 3382 3295 3430 ex
3323 3383 3472 3429 certa

1901 3487 2015 3531 tum
2047 3491 2269 3530 suarum
2308 3475 2532 3538 virium,
2583 3482 2696 3527 tum
2729 3470 3042 3541 Apocauchi
3076 3469 3472 3526 imbecillitatis

1901 3568 2243 3625 conscientia
2293 3567 2439 3620 dicta
2497 3579 2620 3619 esse
2665 3581 2681 3614 ι
2733 3563 2838 3617 nisi
2873 3563 2999 3630 quis
3029 3564 3216 3630 lupum
3273 3570 3330 3614 et
3362 3559 3475 3614 leo-

1899 3678 2022 3717 nem
2081 3659 2326 3714 audacia:
2377 3665 2619 3723 accuset,
2669 3657 2795 3724 quia
2853 3655 2946 3708 ille
3000 3669 3125 3716 ove,
3158 3653 3248 3706 hic
3307 3665 3473 3705 cervo

1899 3753 2073 3806 multo
2106 3767 2165 3805 se
2189 3749 2558 3805 robustiorem
2595 3747 2827 3817 judicet.
2863 3747 3132 3800 Pra'terea
3169 3759 3375 3805 orasse,
3409 3753 3472 3796 ut

1899 3843 2074 3895 visum
2125 3841 2231 3896 sibi
2281 3841 2586 3908 detegeret,
2619 3838 3073 3904 creditorumque
3125 3832 3468 3903 promisisse;

1899 3935 2162 4005 quoniam
2217 3934 2490 3986 naturalia
2546 3947 2575 3984 a
2629 3931 2738 3983 Deo
2789 3926 3154 3981 immutabilia
3206 3924 3470 3978 fabricata

1897 4031 2045 4092 sint,
2103 4028 2343 4079 humana
2393 4034 2574 4078 autem
2646 4024 2805 4077 aliter
2872 4022 3005 4074 alias
3060 4019 3232 4082 ferri,
3287 4018 3468 4072 varie-

1897 4136 2004 4189 que
2041 4117 2266 4172 mutari.
2318 4116 2385 4170 Et
2415 4131 2538 4169 cum
2575 4115 2736 4168 enixe
2784 4111 2991 4165 orando
3043 4126 3170 4164 eum
3221 4110 3468 4175 vicisset,

1898 4212 1970 4266 ita
2004 4225 2260 4264 exorsum
2297 4223 2311 4260 :
2350 4207 2485 4263 Cum
2540 4221 2707 4261 sacrae
2737 4203 3037 4275 precationi
3071 4219 3158 4258 me
3190 4203 3465 4258 dedissem

1898 4302 2135 4371 quodam
2195 4310 2463 4369 tempore,
2514 4311 2841 4366 mecumque
2902 4295 3018 4350 solo
3069 4304 3125 4348 et
3201 4309 3323 4348 cum
3358 4292 3468 4347 Deo

1898 4394 2262 4462 col'oquerer,
2291 4401 2344 4446 te
2375 4389 2558 4444 videre
2617 4404 2801 4444 coram
2828 4403 2914 4441 me
2960 4394 3192 4440 stantem
3217 4383 3471 4452 videbar;

221 4475 330 4542 κῆς
374 4469 714 4538 ἐληλακότων
770 4463 1075 4532 εὐημερίας
1110 4465 1516 4534 ἐφαπτομένην.
1566 4467 1672 4520 Τοῦ
1713 4467 1792 4531 δὲ,

1902 4482 2195 4550 statimque
2226 4472 2618 4550 Apocauchum
2672 4493 2800 4532 eum
2853 4477 3058 4547 impetu
3089 4473 3466 4544 supervenire,

225 4563 307 4635 μὴ
339 4565 417 4622 εἰς
441 4557 663 4612 τοιαῦτα
693 4553 1037 4626 προάγεσθαι
1079 4555 1138 4618 ἐξ
1176 4556 1553 4625 ὑπερηφανίας
1576 4560 1794 4626 εἰρηκό-

218 4672 334 4720 τος,
362 4653 475 4707 ἀλλ’
501 4654 565 4704 ὲκ
593 4649 687 4702 τοῦ
723 4648 958 4717 μάλιστα
982 4646 1280 4699 συνειδέναι
1302 4648 1482 4718 ἑαυτῷ
1507 4651 1606 4717 μὲν
1635 4650 1794 4704 δύνα-

223 4764 320 4820 μιν
355 4743 578 4814 πολλὴν,
607 4743 800 4810 ἐκείνῳ
833 4740 890 4792 δὲ
935 4740 1258 4808 ἀδυαμίαν,
1319 4741 1458 4810 πλὴν
1487 4746 1535 4794 ει
1572 4744 1647 4813 μὴ
1694 4747 1790 4799 καὶ

219 4839 388 4892 λύκον
423 4820 758 4906 θρασύτητος
782 4830 1002 4901 αἰτιῷτό
1029 4847 1110 4893 τις
1139 4832 1411 4902 προϐάτου
1446 4835 1792 4908 ἰσχυρότερον

222 4929 548 5000 νομίζεσθαι
609 4924 884 4990 ἀξιοῦντα,
918 4926 1012 4977 καὶ
1066 4924 1155 4976 τὸν
1204 4924 1396 4978 λέοντα
1457 4928 1658 4996 ἐλάφου
1695 4934 1792 5000 τὴν

222 5023 422 5094 ῥώμην
454 5020 705 5072 πλεῖστον
732 5011 982 5087 οἳόμενον
1015 5017 1315 5087 διαφέρειν.
1348 5019 1466 5072 Ἔτι
1504 5020 1549 5072 δ’
1582 5023 1794 5087 ἀξιοῦν-

217 5133 318 5178 τος
348 5112 446 5184 τὴν
488 5114 676 5183 ὅρασιν
709 5111 876 5181 δήλην
908 5109 1058 5175 αύτῷ
1100 5112 1299 5178 ποιεῖν,
1327 5111 1400 5174 ὡς
1432 5111 1497 5182 δὴ
1532 5115 1796 5183 πειθομέ-

1899 4583 1954 4627 et
2001 4582 2054 4627 te
2111 4580 2257 4625 tanta
2319 4571 2579 4624 violentia
2620 4569 2922 4640 impellere,
2960 4575 3020 4623 ut
3067 4565 3466 4636 propemodum

1899 4665 2051 4720 humi
2106 4664 2388 4734 allligeret,
2427 4673 2576 4718 certe
2628 4663 2682 4717 in
2715 4662 2947 4716 alterum
2989 4675 3130 4730 genu
3190 4670 3242 4713 te
3288 4674 3468 4730 proci-

1891 4758 2044 4818 dere,
2078 4757 2361 4826 alteroque
2390 4755 2529 4826 pede
2561 4763 2615 4809 et
2639 4755 2862 4810 sinistra
2902 4769 3069 4806 manu
3100 4763 3241 4807 terra
3273 4759 3463 4804 contra

1892 4849 2184 4918 impulsum
2215 4849 2335 4910 niti,
2374 4849 2660 4918 ipsumque
2702 4856 3190 4915 quantumcunque
3233 4857 3464 4900 conare-

1893 4951 2000 5004 tur,
2025 4941 2146 5010 plus
2173 4956 2282 4994 non
2315 4954 2494 5009 posse.
2539 4939 2704 5010 539
2739 4939 2816 4994 Te
2845 4954 2872 4991 a
2896 4953 3026 4993 casu
3058 4946 3465 5010 exsurgentem,

1892 5007 2143 5085 crebrius
2182 5031 2259 5084 illi
2316 5007 2370 5082 in
2409 5007 2584 5099 caput
2613 5007 2814 5082 fustem
2853 5027 3179 5097 impingere,
3210 5007 3268 5080 et
3295 5023 3468 5093 plagis

1893 5137 2002 5175 non
2035 5121 2386 5176 resistentem
2413 5120 2566 5174 humi
2598 5120 2796 5176 cadere
2826 5136 2840 5174 :
2881 5129 2935 5174 te
2957 5117 3162 5190 jacenti
3196 5114 3466 5170 novacula

1481 5233 1695 5293 Jacobi
1729 5235 2010 5298 Gretseri
2045 5244 2231 5299 notae.

212 5345 344 5404 mnis
380 5341 794 5404 consecraretur
832 5329 1142 5404 episcopus,
1175 5346 1409 5404 cumque
1451 5343 1633 5398 postea
1670 5336 1790 5404 pal-

213 5403 352 5455 lium
390 5398 558 5452 Roma
601 5401 827 5453 missum
873 5399 1192 5468 susciperet,
1232 5401 1430 5454 lectum
1477 5413 1560 5455 est
1603 5398 1786 5459 iu'ec-

209 5471 380 5523 clesia
437 5468 646 5534 publice
701 5469 1044 5534 evangelium
1109 5469 1234 5521 illud
1291 5486 1306 5523 :
1351 5470 1516 5524 Homo
1565 5474 1784 5540 quidam

209 5541 339 5610 fecit
385 5554 584 5610 uenam
641 5554 908 5610 magnam,
939 5547 986 5590 et
1033 5540 1173 5610 misit
1219 5555 1421 5592 servum
1455 5558 1609 5594 suum
1651 5544 1780 5600 liora

210 5608 376 5663 εωιιιε
411 5609 586 5678 dicere
629 5608 975 5678 invitatis,ut
1012 5609 1267 5666 venirem.
1300 5619 1430 5668 etc..
1467 5612 1518 5663 in
1553 5628 1660 5678 quo
1697 5630 1780 5666 re-

1889 5339 2012 5410 loco
2052 5340 2234 5393 habita
2279 5349 2364 5392 est
2405 5338 2495 5392 illa
2542 5337 2726 5392 lectio.
2753 5338 2916 5410 Quod
2952 5354 3053 5410 non
3085 5354 3209 5410 casu
3240 5340 3461 5410 factam,

1888 5409 1980 5462 sed
2019 5410 2196 5461 divino
2247 5424 2402 5461 sensu
2455 5417 2697 5475 putatur,
2752 5408 2926 5476 inquit
2976 5406 3277 5463 Gulielmus
3333 5406 3463 5458 Mal—

1890 5478 2300 5536 meSburiensis.
2327 5477 2404 5530 De
2429 5477 2583 5546 gestis
2605 5477 2912 5544 pontiﬁcatu
2935 5476 3248 5542 Anglorum,
3285 5476 3379 5528 lib.
3412 5489 3458 5546 t;

1886 5549 1941 5599 in
1983 5547 2126 5600 nullo
2164 5547 2302 5600 enim
2349 5547 2397 5600 ei
2435 5545 2718 5615 efﬁcaciter
2761 5546 3172 5612 obtemperatum
3219 5556 3329 5607 est,
3371 5545 3462 5596 sed

1886 5617 2122 5670 erunibus
2170 5633 2299 5684 pene
2349 5627 2606 5686 pra'texta
2657 5616 2949 5686 excusatio,
2983 5631 3111 5686 gate
3148 5615 3229 5669 vel
3270 5615 3464 5685 pradi-

209 5678 432 5755 cusatio
474 5686 529 5730 et
577 5677 942 5755 ἰιιομθίίιειιιίιι
985 5693 1173 5730 eorum
1209 5679 1315 5755 qui
1347 5681 1412 5755 ad
1455 5677 1682 5755 coenam
1716 5683 1781 5755 il-
1881 5687 2052 5739 cando
2085 5677 2282 5752 docuit,
2327 5677 2407 5743 νει
2443 5684 2836 5742 interminando
2874 5677 3158 5755 prohibuit.
3197 5677 3304 5744 Sed
3345 5687 3460 5744 hate

209 5749 322 5804 lam
370 5762 619 5817 magnam
667 5745 880 5800 invitati
926 5748 1162 5813 luerant,
1195 5749 1524 5819 depingitur.
1566 5750 1778 5808 Ominis

1881 5755 2164 5812 hactenus.
