4096 6300
706 363 813 432 86'3

1904 368 2225 428 JOANNIS
2259 366 2785 429 CANTACUZENI
3802 371 3881 436 864

707 477 956 533 cervices
989 484 1211 544 repente
1245 475 1559 549 praecidere.
1612 474 1861 545 Speciem
1909 477 2077 545 igitur
2106 476 2275 529 visam
2308 492 2324 537 λ

2266 490 2275 529 l
2308 478 2354 537 Α
2382 492 2474 529 νου
2501 470 2582 536 οἷς
2617 478 2852 547 εἰρήκει,
2892 475 3081 548 ἐπειδὴ
3103 473 3178 527 ,τά
3211 473 3311 543 μὲν
3338 473 3546 545 φυσικά
3594 475 3883 548 ἀμετάϐλητα

711 572 1017 628 istiusmodi
1085 572 1275 626 fuisse.
1333 571 1472 624 Tum
1505 585 1565 625 se
1628 567 1772 638 apud
1827 568 2071 621 animum
2121 581 2282 619 suum

719 664 1038 732 inquisisse,
1094 676 1357 731 quorsum
1410 661 1525 714 btec
1576 666 1913 729 spectarent.
1964 665 2021 709 et
2069 664 2283 725 putare.

711 753 866 807 illum
912 753 1044 805 mihi
1083 753 1282 805 bellum
1321 750 1614 810 facturum,
1670 747 1969 817 gravi-aque
2023 754 2079 800 et
2112 745 2286 799 multa

710 844 951 913 pericula
981 851 1316 904 creaturum,
1374 840 1544 894 Deum
1596 848 1780 892 autem
1833 837 1964 890 mihi
2003 835 2284 889 victoriam

712 931 930 985 tandem
984 944 1397 983 concessurum.
1454 928 1583 982 Iuleo
1636 943 1744 980 non
1780 925 2134 995 pigrandum.
2187 925 2284 978 sed

712 1023 1017 1078 cavendum
1051 1026 1118 1075 ab
1149 1023 1254 1076 hoc
1279 1024 1419 1074 viro.
1441 1020 1590 1075 Talia
1610 1020 1678 1073 de
1710 1018 2287 1086 episcopoimperator

711 1114 1225 1177 commemorabat;
1282 1114 1485 1182 quibus
1541 1112 1636 1181 qui
1693 1112 2039 1170 intererant.
2098 1109 2284 1163 audita

709 1206 873 1258 etiam
928 1205 998 1258 de
1061 1205 1164 1258 ficu
1223 1203 1484 1273 parabola
1549 1201 1684 1269 (80),
1743 1200 1914 1270 magis
1945 1199 2011 1254 ad
2063 1214 2127 1253 ea
2163 1214 2287 1267 quae

715 1305 828 1348 tum
901 1309 967 1349 ex
1051 1295 1333 1364 Evangelii
1407 1294 1579 1348 verbo
1615 1334 1631 1357 .
1709 1301 1825 1348 tum
1898 1307 1970 1346 e1
2038 1292 2284 1345 restium

715 1387 1070 1453 proportione
1164 1385 1309 1440 male
1392 1383 1770 1450 respondente
1817 1381 2287 1452 portendebantur

712 1475 1017 1542 credenda,
1046 1476 1358 1530 conﬁrmati
1411 1484 1557 1530 sunt.
1614 1474 1828 1529 Etenim
1861 1474 1903 1527 si
1963 1473 2183 1542 quando
2216 1472 2284 1527 de

716 1566 924 1620 futuris
984 1574 1238 1620 narraret
1292 1565 1385 1619 ille
1429 1565 1743 1635 episcopus,
1797 1563 1917 1632 ejus
1975 1577 2285 1617 sermonem

716 1672 826 1710 non
863 1671 1023 1710 secus
1055 1671 1220 1724 quam
1248 1657 1469 1710 oracula
1519 1657 1877 1709 attendebant
1908 1672 1922 1712 :
1959 1669 2067 1707 non
2104 1654 2284 1708 solum

2389 566 2848 636 δεδημιούργηται
2880 566 3034 634 παρά
3066 565 3225 631 Θεοῦ,
3250 566 3317 618 τὰ
3341 566 3656 635 ἀνθρώπινα
3680 569 3729 621 δὲ
3751 572 3864 640 τράγ

2392 674 2560 726 ματα.
2598 657 2728 709 ἄλλο
2754 673 2817 710 τε
2846 657 3023 719 ἄλλως
3056 656 3305 724 φέρεται,
3336 657 3432 709 καλ⁵
3455 655 3655 726 πολλὴν
3684 658 3881 725 ὑπομένει

2386 748 2486 816 τὴν
2523 746 2848 816 μεταϐολὴν,
2903 749 2997 800 καὶ⁵
3048 746 3221 799 πολλά
3268 741 3555 815 δεηθέντος
3582 747 3714 802 ὥστε
3750 755 3885 806 πεῖναι

2386 837 2751 907 διηγήσασθαι
2781 838 2849 890 τὰ
2878 837 3167 907 ὁραθέντα.
3191 837 3499 906 Εὖχόμενός
3530 854 3659 890 ποτε
3681 836 3801 904 εἷπε,
3821 844 3886 895 καὶ

2388 927 2609 997 ἐμαυτῷ
2640 930 2787 996 μόνῳ
2830 931 2925 982 καὶ
2983 930 3102 999 Θεῷ
3143 928 3884 999 προσαόολεσχῶν,ἐδόκουνσι

2385 1013 2520 1083 ὁρᾷν
2554 1014 2762 1066 ἑστῶτα
2794 1015 2897 1083 πρὸ
2925 1016 3081 1084 ἐμοῦ,
3120 1016 3320 1085 αἴφνης
3347 1016 3405 1070 δέ
3441 1017 3767 1087 Ἀπόκαυχον
3789 1020 3886 1074 οὕτω

2392 1104 2665 1173 ραγδαίως
2691 1104 2960 1168 ἐπελθεῖν,
2995 1106 3089 1159 καὶ
3124 1105 3352 1176 ώθισμῷ
3377 1106 3618 1176 τοσούτῳ
3647 1109 3885 1177 χρήσασθαι

2387 1195 2482 1246 καὶ
2514 1193 2622 1263 βίᾳ,
2660 1193 2804 1248 ὥστε
2849 1194 3047 1265 μικροῦ
3089 1195 3188 1263 μὲν
3219 1196 3414 1265 δεῆσαι
3442 1197 3763 1267 ἀνατρέψαι·
3785 1203 3885 1264 ὅμως

2388 1283 2493 1335 ὑπὸ
2525 1283 2706 1352 ῥύμης
2733 1284 3150 1353 καταναγκάσαι
3170 1286 3263 1337 ἐπὶ
3290 1285 3421 1353 γόνυ
3438 1303 3501 1337 τε
3526 1285 3758 1355 κλιθῆναι
3778 1287 3887 1340 θετέ-

2389 1388 2484 1452 ρου
2517 1373 2625 1425 τῶν
2648 1373 2847 1439 ποδῶν,
2879 1375 2973 1427 καὶ
2997 1373 3097 1444 τὴν
3122 1374 3281 1427 λαιάν
3331 1376 3495 1445 χεῖρα
3524 1377 3886 1445 προσερείσαντι

2384 1466 2451 1532 τῇ
2483 1466 2553 1532 γῇ
2588 1464 2835 1534 ἀντέχειν
2890 1465 3025 1533 πρὸς
3080 1465 3212 1527 τοὺς
3262 1464 3568 1535 ώθισμούς.
3632 1464 3886 1530 Ἐκεῖνωᾶ

2388 1551 2565 1604 καίτοι
2629 1552 2800 1605 πολλά
2831 1553 3167 1622 μογήσαντα,
3215 1553 3385 1621 μηδὲν
3437 1553 3602 1605 πλέον
3629 1553 3884 1623 δυνηθῆνα..

2388 1641 2456 1693 Σὲ
2486 1641 2543 1694 δέ
2566 1641 2664 1693 τοῦ
2694 1642 2992 1709 πτώματος
3020 1641 3416 1707 ἐξαναστάντα,
3453 1642 3746 1711 χρήσασθαι
3767 1642 3889 1711 ῥοπά-

717 1744 864 1813 qnod
894 1758 1038 1810 saepe
1064 1753 1295 1798 ventura
1326 1753 1478 1798 certo
1531 1743 1969 1810 pramuntiasset,
1998 1742 2095 1797 sed
2130 1742 2280 1813 quod
2322 1796 2334 1813 Α

2273 1743 2280 1795 |
2322 1796 2359 1813 ⁵
2387 1732 2486 1802 λῳ,
2517 1734 2613 1785 καὶ
2663 1732 2928 1791 πολλάκις
2956 1733 3123 1786 αὐτοῦ
3161 1732 3262 1802 τῆς
3299 1732 3548 1801 κεφαλῆς
3586 1735 3890 1797 κατενεγκεῖν,

716 1796 880 1887 dtiam
942 1834 1080 1888 mira
1137 1834 1419 1903 quaedam,
1484 1845 1541 1889 et
1598 1850 1720 1904 qua!
1775 1836 1924 1890 solus
1983 1835 2127 1889 Deus
2188 1796 2333 1905 ρος-1

2273 1865 2288 1876 .
2322 1796 2362 1852 Β
2397 1796 2472 1892 μη
2502 1822 2826 1891 ἀντισχόντα
2850 1822 2906 1875 δὲ
2932 1822 3065 1891 πρὸς
3099 1823 3197 1885 τὰς
3217 1796 3446 1890 ’πληγάς
3488 1796 3568 1883 είς
3609 1821 3700 1889 τὴν
3721 1796 3804 1887 γῆν
3822 1837 3890 1871 κα·

719 1933 851 1989 test,
901 1925 1107 1993 quique
1161 1925 1398 1993 puritate
1445 1925 1777 1990 animorum,
1832 1934 1889 1980 et
1940 1926 2159 1980 sublimi
2209 1927 2290 1981 vi-

719 2023 786 2068 tm
847 2015 1099 2070 instituto
1160 2015 1482 2071 familiarem
1545 2017 1665 2086 ejus
1733 2018 2025 2073 amicitiam
2105 2011 2286 2087 adepti

715 2115 865 2165 sunt.
917 2104 1209 2160 effecisset.
1260 2106 1319 2160 lu
1374 2106 1443 2160 iis
1495 2116 1551 2160 et
1582 2107 1687 2160 hoc
1733 2107 1930 2168 fertur,
1966 2108 2110 2176 quod
2164 2108 2287 2161 ani-

717 2197 790 2249 mi
822 2197 991 2266 gratia
1038 2211 1329 2265 exponam.
1366 2197 1727 2267 Didymoticbi
1765 2199 1903 2252 citis
1956 2199 2098 2252 haud
2134 2199 2291 2268 igno-

716 2285 844 2341 bilis
871 2301 1098 2341 uxorem
1152 2287 1425 2342 adulterio
1459 2290 1718 2357 pollutam
1749 2289 2150 2359 suspicabatur,
2186 2307 2293 2346 nec

717 2375 1029 2431 fallebatur.
1069 2376 1201 2433 Eam
1253 2377 1619 2447 suspicionem
1660 2394 1773 2450 ιιι-αξ
1814 2380 2077 2451 zelotypia
2109 2381 2286 2439 celare

717 2482 826 2521 non
860 2469 1163 2532 sustinens.
1219 2470 1579 2540 probationes
1619 2487 1740 2525 eam
1769 2472 2053 2540 poscebat,
2083 2474 2286 2541 quibus

719 2558 992 2612 refutatns
1046 2557 1319 2628 suspicari
1379 2560 1658 2615 desineret
1705 2577 1720 2615 :
1775 2560 1979 2630 alioqui
2034 2563 2285 2633 exemplo

716 2643 956 2712 pessimo
986 2645 1239 2700 miseram
1263 2647 1635 2701 cruciaturum
1663 2646 2000 2713 minabatur,
2027 2664 2148 2717 qua:
2175 2658 2283 2703 tam

717 2734 1026 2800 petulanter
1045 2735 1378 2789 matrimonii
1396 2750 1548 2789 sacra
1564 2736 2009 2793 contaminasset.
2030 2738 2286 2794 Probatio

722 2819 842 2875 haec
888 2830 1027 2884 erat,
1062 2833 1121 2878 ut
1155 2823 1362 2878 ferrum
1414 2824 1657 2880 candens
1707 2827 1759 2880 in
1795 2842 1990 2882 manus
2019 2837 2282 2887 sumeret:

721 2911 882 2967 aliter
911 2912 1136 2969 credere
1163 2929 1222 2969 se
1246 2930 1355 2970 non
1373 2929 1552 2985 posse.
1581 2915 1779 2972 Mulier
1803 2918 2286 2989 intelligensquam

726 3002 1095 3072 periculosum
1131 3014 1279 3060 esset
1317 3044 1335 3069 .
1388 3006 1603 3061 facinus
1635 3008 1933 3064 admissum
1989 3009 2237 3066 confiteri
2265 3052 2282 3076 ,

2393 1915 2732 1984 ταρρυἦναι⁸
2760 1914 2819 1967 σέ
2857 1913 2913 1966 δέ
2943 1910 3101 1976 αὖθις
3133 1913 3280 1983 ξυρῷ
3312 1915 3415 1984 τὴν
3441 1913 3676 1985 κεφαλὴν
3709 1912 3789 1965 τοῦ
3820 1910 3891 1964 σώ-

2397 2019 2567 2070 ματος
2599 2003 2918 2073 ἀποτεμεῖν.
2952 2001 3018 2054 Ἦ
3051 2001 3150 2071 μὲν
3175 1997 3268 2056 οὖν
3319 2003 3540 2070 ὅρασις,
3585 2001 3703 2070 ἐφη,
3726 2001 3893 2070 τοιαύτη

2390 2089 2479 2165 ἦν.
2524 2093 2667 2162 Ἐγὼ
2693 2095 2738 2148 δ’
2774 2091 3046 2156 ἐξετάζων
3078 2093 3166 2146 ἐπ’
3194 2091 3439 2159 ἐμαυτοῦ
3468 2092 3643 2160 πρδςό
3664 2109 3712 2145 τι
3735 2095 3791 2144 τά
3813 2110 3891 2143 τοις

2395 2178 2542 2234 αὕτα
2574 2181 2753 2249 φέρει,
2786 2179 3025 2247 πόλεμόν
3053 2194 3176 2231 τινα
3210 2179 3424 2231 ἐκεῖνον
3471 2179 3652 2248 οἴομαι
3697 2179 3892 2246 evetita-

2396 2270 2528 2323 σθαι
2562 2270 2703 2339 πρὸς
2732 2269 2816 2330 σὲ,
2842 2270 2935 2321 καὶ
2962 2267 3247 2329 κινδύνους
3295 2267 3578 2336 μεγάλους
3609 2273 3695 2321 καὶ
3720 2266 3891 2328 πολλοὺς

2392 2363 2460 2416 ἀν
2487 2364 2834 2430 ἐπενεγκεῖν·
2879 2360 2976 2431 τὴν
3028 2360 3084 2413 δέ
3136 2360 3297 2429 νίκην
3338 2362 3486 2428 μετά
3520 2359 3642 2421 τοὺς
3673 2358 3891 2418 κινδύνους

2394 2455 2477 2505 σοὶ
2512 2451 2844 2522 παρέξεσθαι
2894 2453 2988 2505 τὸν
3016 2451 3170 2507 Θεόν.
3221 2451 3316 2502 Διὸ
3370 2452 3480 2522 χρὴ
3535 2451 3610 2522 μὴ
3666 2450 3893 2522 ῥᾳθυμεῖν,

2390 2545 2527 2598 ἀλλά
2563 2543 2930 2611 φυλάττεσθαι
2953 2545 3044 2596 τὸν
3077 2543 3271 2614 ἄνδρα.
3299 2543 3544 2597 Τοιαῦτα
3577 2545 3671 2613 μὲν
3701 2540 3891 2612 περὶτοῦ

2391 2635 2696 2706 ἀρχιερέως
2727 2634 3009 2702 διεξῆλθεν
3032 2636 3061 2686 δ
3093 2634 3374 2703 βασιλεύς.
3397 2634 3465 2689 Οί
3494 2635 3746 2705 παρόντες
3758 2632 3804 2685 δὲ
3826 2632 3890 2684 καὶ

2389 2729 2484 2781 τοῦ
2532 2729 2662 2797 περὶ
2709 2728 2806 2781 τοῦ
2871 2728 3041 2781 σύκου
3096 2728 3553 2799 παραδείγματος
3604 2728 3889 2787 ἀκούσαντες,

2394 2818 2597 2888 μᾶλλον
2619 2817 3056 2889 ἐπερρώσθησαν
3084 2819 3225 2886 πρὸς
3252 2817 3287 2871 ἃ
3316 2820 3725 2889 ἐπεσημήναντο
3746 2816 3796 2867 ἐκ
3814 2813 3891 2866 tiu

2389 2908 2609 2978 λογίων,
2627 2909 2839 2979 καὶτῆς
2854 2909 2962 2962 τῶν
2982 2909 3296 2979 ἐνδυμάτων
3322 2910 3719 2980 ἀσυμμετρίας.
3735 2907 3888 2975 Ὠσπερ

2391 2998 2502 3070 γάρ
2533 3015 2646 3051 τισι
2680 3001 2956 3069 χρησμοῖς
3003 3002 3117 3062 τοῖς
3172 3001 3384 3055 ἐκείνου
3425 3004 3701 3071 προσεῖχον
3737 3000 3888 3065 λόγοις.

720 3093 941 3163 quando
961 3094 1091 3150 huic
1120 3096 1173 3150 in
1194 3097 1449 3151 maritum
1474 3099 1686 3168 injuriae
1725 3114 1870 3154 mors
1907 3109 2053 3155 esset
2089 3116 2286 3171 propo-
2310 3134 2337 3193 ί

2272 3131 2286 3143 .
2310 3134 2353 3193 c
2392 3089 2554 3159 ἡνίκα
2583 3090 2712 3160 περὶ
2746 3088 2858 3142 τῶν
2899 3090 3201 3160 μελλόντων
3242 3091 3448 3162 διεξῄει
3480 3109 3533 3145 τι
3553 3108 3568 3124 ⁶
3591 3094 3649 3145 οὺ
3680 3092 3811 3160 μόνον
3826 3088 3889 3140 διὰ

717 3184 841 3246 sita.
872 3195 930 3240 et
989 3185 1123 3241 ferri
1160 3187 1316 3256 igniti
1359 3189 1852 3244 contrectationem
1880 3191 2283 3247 intolerabilem
2314 3181 2334 3193 “

2271 3210 2283 3247 ι
2314 3181 2353 3193 “’
2387 3181 2450 3234 τὸ
2475 3181 2645 3236 πολλά
2682 3182 2944 3245 πολλάκις
2975 3182 3085 3236 τῶν
3121 3183 3399 3253 ἐσομένων
3423 3185 3721 3246 ἀπταίστως
3752 3197 3888 3251 προει·

721 3276 1073 3332 manifestum
1119 3278 1237 3333 fore
1280 3279 1542 3335 indicium
1569 3281 1950 3351 turpitudinis,
1981 3293 2145 3354 atque
2213 3285 2287 3339 ita

718 3368 996 3437 utrimque
1017 3369 1082 3424 ad
1101 3386 1365 3424 mmmam
1411 3372 1621 3426 consilii
1685 3373 1924 3442 inopiam
1955 3378 2193 3440 redacta,
2217 3375 2286 3430 ad

721 3472 974 3525 magnum
1053 3458 1207 3514 illum
1275 3465 1593 3531 episcopum
1676 3462 1781 3517 sibi
1861 3465 2284 3535 confugiendum

654 3548 659 3551 '
722 3547 934 3600 statuit.
982 3545 1180 3613 Quem,
1218 3563 1280 3602 re
1334 3559 1445 3603 tota
1501 3551 1771 3620 exposita,
1832 3554 2032 3619 oravit,
2089 3556 2169 3610 uti
2228 3569 2287 3610 se

725 3634 983 3688 tuendam
1015 3637 1337 3706 susciperet,
1373 3654 1509 3693 neve
1560 3642 1702 3694 malo
1745 3643 1977 3697 consilio
2011 3645 2068 3698 in
2107 3655 2288 3701 extre-

723 3739 872 3778 mum
898 3726 1206 3794 prolapsam
1239 3727 1594 3783 infortunium
1619 3731 1947 3800 deSpiccret.
1982 3733 2076 3788 sed
2107 3736 2284 3789 virum

721 3814 791 3869 ab
845 3815 1010 3886 hujus
1069 3817 1437 3887 expcrimenli
1489 3821 1749 3891 cupidine
1802 3809 2128 3880 auctoritate
2187 3841 2289 3882 sua

723 3915 999 3962 averteret
1046 3901 1392 3979 'doceretque
1433 3950 1447 3973 .
1512 3912 1579 3968 de
1635 3930 1744 3982 quo
1811 3916 1856 3969 is
1919 3918 2283 3986 suspicionem

724 3994 972 4061 haberet,
1027 3996 1080 4051 id
1111 3998 1257 4052 illam
1296 4015 1405 4055 non
1456 3999 1671 4057 fecisse.
1724 4004 2120 4064 Pereunt-tatus
2171 4010 2292 4079 epi-i

723 4104 942 4156 scapus.
985 4106 1113 4144 num
1166 4091 1412 4147 libidinis
1474 4095 1800 4163 pceniteret,
1864 4099 2026 4153 etde
2088 4108 2288 4154 caetero

725 4180 1044 4249 pudicitiam
1099 4184 1463 4251 promitteret,
1504 4185 1591 4239 ubi
1624 4187 1954 4242 effusissime
1982 4189 2286 4261 lacrymau-

727 4281 834 4324 tem
896 4271 1147 4339 aspexit,
1208 4281 1266 4325 et
1329 4274 1685 4329 affirmantem
1743 4278 2287 4355 audiitnnunquam

725 4359 926 4413 similia
972 4373 1434 4429 perpetraturam,
1485 4365 1619 4433 quin
1676 4366 1840 4420 etiam
1875 4367 2061 4422 delicti
2096 4385 2288 4440 poenas

724 4448 963 4504 libenter
1030 4452 1331 4507 subituram
1377 4493 1392 4518 ,

726 4544 977 4597 castitate
1066 4553 1123 4597 et
1189 4543 1258 4598 de
1324 4546 1427 4600 fide
1496 4545 1736 4615 legitima
1816 4548 1935 4602 viro
2022 4551 2289 4606 servanda

725 4631 1076 4700 disputasset,
1111 4633 1273 4705 440
1302 4635 1500 4691 deinde
1524 4636 1688 4709 jussit
1721 4637 1925 4693 ferrum
1955 4639 2209 4710 ignitum,
2235 4641 2288 4696 id

724 4721 870 4788 quod
901 4723 1128 4777 maritus
1156 4725 1423 4792 voluerat,
1461 4725 1694 4781 fidenter
1723 4727 2063 4798 contingere.
2097 4729 2186 4784 Illa
2220 4731 2288 4786 ad

726 4812 907 4865 virum
937 4812 1100 4880 redit,
1124 4816 1553 4884 explorationem
1599 4817 1848 4873 adhiberi
1878 4822 2034 4889 petit.
2068 4821 2292 4878 Maritus

727 4902 855 4971 quia
884 4901 1064 4961 facere
1096 4920 1205 4959 non
1239 4915 1471 4975 poterat,
1504 4910 1636 4978 quin
1662 4910 1847 4979 aliquo
1865 4912 2089 4968 minime
2121 4914 2291 4969 dubio

727 5004 1050 5063 argumento
1106 4995 1418 5065 suspicione
1489 5012 1547 5052 se
1600 5001 1959 5068 exsolveret,
2015 5003 2186 5057 solam
2235 5004 2291 5059 in

729 5085 1005 5154 quoddam
1062 5087 1325 5156 templum
1373 5089 1607 5154 seducit,
1655 5091 1977 5162 ferrumque
2028 5105 2297 5171 quantum

731 5189 917 5247 posset
970 5179 1248 5249 ignescere
1308 5196 1528 5246 curans,
1577 5192 1633 5237 et
1681 5183 1889 5252 forcipe
1937 5185 2243 5254 corripiens
2280 5225 2296 5251 ,

730 5271 984 5325 manibus
1007 5273 1254 5343 conjugis
1274 5272 1523 5343 imponit,
1544 5288 1610 5328 ac
1635 5285 1718 5328 ter
1738 5290 1953 5330 sacrum
1978 5288 2296 5347 suggestum

2390 3275 2537 3334 πεῖν,
2571 3274 2686 3325 ἀλλ’
2712 3275 2794 3327 ὅτι
2841 3274 2937 3328 καὶ
2984 3275 3254 3346 τεράστιά
3290 3292 3417 3329 τινα
3476 3275 3801 3347 εἰργασμένος
3824 3266 3889 3339 ἦν.

2385 3363 2421 3417 ἀ
2442 3363 2563 3433 Θεῷ
2588 3364 2734 3433 μόνῳ
2760 3363 2987 3429 δυνατὰ,
3021 3366 3119 3417 καὶ
3143 3367 3258 3425 τοῖς
3286 3367 3485 3436 ἐκείνῳ
3506 3367 3593 3420 διά
3617 3367 3707 3434 τὴν
3733 3362 3888 3430 adelp-

2388 3471 2473 3508 ctv
2521 3457 2614 3509 καὶ
2669 3455 2945 3520 πολιτείας
2996 3455 3130 3525 ὕψος
3190 3457 3578 3529 ᾠκειωμένοις.
3628 3458 3708 3510 Ἐν
3745 3447 3811 3517 οἷς
3849 3467 3886 3502 τι

2388 3547 2615 3618 φέρεται
2657 3549 2753 3602 καὶ
2789 3547 3032 3601 τοιοῦτον
3093 3547 3123 3602 δ
3181 3551 3471 3621 ῥᾳστώνης
3504 3551 3658 3621 χάριν
3687 3544 3885 3616 διηγήςο·

2390 3657 2510 3710 μαι.
2551 3640 2672 3694 Τῶν
2700 3641 2851 3710 παρά
2886 3640 3259 3711 Διδυμοτείχῳ
3291 3642 3715 3712 πολιτευομένων
3743 3652 3810 3698 τις
3839 3632 3882 3686 οὐ

2385 3731 2497 3785 τῶν
2554 3733 2803 3800 ἀσήμων,
2858 3730 3148 3785 ὑπώπτευε
3192 3734 3345 3803 παρά
3376 3750 3472 3786 του
3527 3734 3615 3787 τὸν
3644 3731 3790 3801 γάμον
3809 3727 3883 3779 διε·

2388 3818 2652 3887 φθάρθαι,
2683 3818 2776 3870 καὶ
2801 3817 2899 3887 οὐχ
2914 3818 3201 3889 ἡμάρτανε
3226 3819 3334 3872 τῶν
3356 3820 3634 3890 λογισμῶν
3650 3836 3665 3851 ο
3684 3815 3883 3885 διέφθαρ-

2386 3928 2449 3963 το
2487 3911 2613 3981 γάρ.
2647 3910 2760 3978 Τὴν
2791 3909 3032 3979 ὑποψίαν
3066 3909 3124 3962 δέ
3152 3910 3227 3980 μὴ
3257 3910 3447 3980 φέρων
3484 3911 3587 3964 ὑπὸ
3619 3906 3882 3978 ζηλοτυπίας

2374 4004 2605 4068 τστέγειν
2643 4003 2800 4070 σιγῇ,
2860 4001 3075 4063 πίστεις
3109 4001 3228 4071 ⁴ᾔτει
3270 4002 3368 4071 τὴν
3432 4003 3678 4067 γυναῖκα,
3705 3993 3880 4059 oliui.-

2388 4109 2573 4147 σονται
2607 4091 2819 4144 πείθειν
2847 4090 2920 4154 ὡς
2957 4091 3031 4161 μὴ
3059 4091 3151 4160 εἴη
3185 4091 3328 4161 ἅπερ
3357 4091 3576 4147 ὑπενόει
3603 4089 3774 4159 ἀληθῆ,
3796 4082 3879 4154 im

2387 4184 2674 4237 δεινότατα
2714 4182 2929 4254 ἠπείλει
2972 4181 3252 4250 διαθήσειν
3280 4182 3457 4247 οὕτως
3489 4182 3797 4252 ἐξυϐρικυῖαν
3823 4174 3878 4234 εἰς

2388 4275 2517 4337 τοὺς
2554 4278 2787 4345 γάμους.
2836 4275 2901 4331 Δί
2955 4275 3171 4338 πίστεις
3220 4273 3276 4327 δέ
3327 4269 3490 4343 ἦσαν,
3524 4275 3721 4341 σίδηρον
3757 4266 3875 4332 αὖτῆν

2391 4367 2484 4418 ἐπὶ
2520 4365 2599 4418 τὼ
2641 4368 2793 4436 χεῖρε
2835 4367 3096 4433 δέξασθαι
3139 4365 3589 4434 ἐκφλογωθέντα⁶
3623 4365 3769 4417 ἄλλως
3803 4357 3874 4423 γὰρ

1460 4469 1583 4508 cum
1645 4456 1818 4524 prius
1882 4457 1951 4513 de
2014 4461 2285 4531 conjugali
2318 4461 2364 4515 D
2391 4457 2675 4511 πείθεσθαι
2711 4461 2785 4528 μὴ
2822 4456 3077 4512 δύνασθαι

2258 4462 2285 4515 li
2318 4461 2364 4515 D
2391 4457 2675 4511 πείθεσθαι
2711 4461 2785 4528 μὴ
2822 4456 3105 4513 δύνασθαι.
3130 4457 3215 4510 ’Ἠ
3267 4457 3405 4526 γυνὴ
3432 4457 3489 4510 δὲ
3532 4457 3590 4508 τό
3624 4471 3678 4508 τε
3716 4455 3772 4506 τὰ
3803 4449 3875 4513 εἰρ-

2395 4552 2648 4620 γασμένα
2681 4551 3027 4619 ἐξαγγέλλειν
3061 4549 3344 4619 συνορῶσα
3370 4549 3448 4612 ώς
3493 4547 3653 4602 δεινὸν
3688 4545 3871 4616 (θάνατος

2395 4642 2503 4715 γὰρ
2527 4636 2593 4717 ἦν
2610 4642 2645 4711 ἡ
2671 4641 2843 4709 ζημία
2868 4641 2964 4706 τῆς
2987 4640 3065 4702 εις
3097 4638 3189 4692 τὸν
3213 4638 3382 4707 ἄνδρα
3410 4639 3662 4706 ἀδικίας),
3685 4634 3736 4687 τό
3754 4625 3873 4684 τετοῦ

2400 4734 2623 4803 σιδήρου
2658 4731 2931 4785 ἅπτεσθαι
2956 4730 3179 4801 ἔλεγχον
3220 4731 3318 4799 τῆς
3343 4730 3571 4793 ἀτοπίας
3594 4726 3779 4795 οἰομένη
3805 4735 3873 4787 φι·

2397 4824 2574 4892 νερδν,
2609 4823 2705 4876 καὶ
2741 4820 3134 4891 ἀμφοτέρωθεν
3161 4823 3241 4882 είς
3267 4822 3504 4889 ἀπορίαν
3532 4819 3744 4889 ἐσχάτην
3769 4825 3874 4865 συνε-

2397 4914 2724 4985 λαυνομένη,
2754 4914 2850 4968 ἐπὶ
2892 4913 2985 4966 τὸν
3043 4913 3217 4983 μέγαν
3249 4914 3457 4967 ἐκεῖνον
3495 4912 3732 4982 ἀρχιερέα
3758 4918 3874 4957 κατα-

2399 5007 2624 5076 φεύγειν
2655 5006 2861 5075 ἐγνωκε
2891 5006 3023 5059 δεῖν.
3078 5003 3461 5076 Προσελθοῦσα
3512 5004 3569 5058 δέ
3624 5004 3706 5091 καὶ
3749 4995 3871 5091 nivi-1

2397 5093 2805 5161 ἀπαγγείλασα,
2840 5092 3012 5146 ἐδεῖτο
3067 5092 3371 5161 προστῆναι
3405 5093 3479 5159 oi,
3515 5092 3605 5143 καὶ
3635 5087 3700 5157 μὴ
3747 5087 3876 5174 περιξ-

2398 5183 2512 5238 δεῖν
2553 5184 2659 5237 ὑπὸ
2711 5183 3080 5246 κακοϐουλίας
3105 5183 3357 5253 ἐσχάτοις
3405 5185 3591 5243 κακοῖς
3617 5183 3873 5253 neptem?

2403 5293 2527 5336 σαν.
2562 5274 2697 5327 ἀλλὰ
2726 5275 2817 5326 τὸν
2851 5274 3024 5343 ἀνδρα
3057 5274 3268 5327 πείθειν
3319 5274 3419 5342 τῆς
3476 5257 3661 5338 πείρας
3707 5252 3877 5323 ἀποσχέε

698 5362 1029 5417 circumire
1073 5368 1250 5435 lubet.
1315 5360 1470 5430 Quod
1533 5375 1593 5419 ut
1645 5365 1810 5433 fecit,
1867 5345 2102 5435 tamque
2131 5368 2299 5423 illaesa

2257 5385 2299 5423 ia
2404 5366 2551 5430 σθαι,
2598 5366 2918 5419 διδάσκοντα
2966 5364 3107 5433 ὑπὲρ
3153 5364 3348 5431 αὐτῆς,
3403 5365 3478 5427 ώς
3515 5361 3656 5416 οὐδὲν
3700 5354 3769 5419 είη
3801 5345 3874 5398 τῶν

1990 5507 2204 5569 ,ἰδονὺί
2241 5503 2509 5568 Pontani
2546 5511 2737 5565 nota).

815 5652 926 5717 (80)
978 5652 1329 5722 Μνημονικὸν
1380 5653 1701 5723 ἁμάρτημα,
1735 5668 1860 5708 nam
1908 5668 2068 5722 snpra
2105 5653 2173 5707 de
2206 5651 2306 5706 ficu
2413 5667 2432 5707 ε

2259 5667 2306 5706 :u
2413 5652 2578 5707 etiam
2613 5651 2820 5722 magnis
2877 5661 2931 5706 ct
2978 5648 3275 5705 notissimis
3310 5645 3647 5718 scriptoribus
3688 5634 3876 5692 δοιριιι-

746 5718 1031 5776 immatura
1063 5718 1368 5792 parabolam
1400 5718 1601 5778 attulit.
1626 5724 1730 5779 Sed
1762 5724 1866 5780 boc
1896 5718 2064 5793 genus
2090 5723 2293 5794 peccati

2403 5723 2605 5777 cidere.
