4096 6300
181 331 276 408 δῦἔί
1275 338 1816 400 HISTORIARUM
1857 335 2087 407 LlBER
2129 335 2250 395 ιιι.

3311 331 3418 397 8ῦ6

183 453 634 520 ὑποπτευομένων
667 449 1182 522 είργασμένηυΐοῦ
1239 449 1317 514 δὲ,
1369 451 1416 501 εί
1482 448 1748 518 μετάνοιά

1854 448 2070 508 mansit,
2112 461 2276 516 quam
2312 444 2356 498 si
2402 445 2582 514 ignem
2611 444 2821 498 nullum
2866 443 3152 512 tetigisset,
3188 444 3418 498 naritus

182 565 262 610 τις
297 545 467 614 αὐτὴν
500 544 660 596 είσίοι
690 543 828 613 πρὸς
868 543 972 612 τὴν
1029 539 1350 602 ἀκολασίαν,
1403 541 1497 591 καὶ
1551 539 1600 588 εί
1641 555 1745 589 σω-

186 638 396 708 φρονεῖν
427 637 520 689 τδν
552 635 837 689 ἐπίλοιπον
891 635 1004 704 βίον
1056 631 1748 700 ἐπαγγέλλοιτοπυνθανο-

183 730 364 797 μένου,
389 727 465 789 ὡς
494 723 600 779 εἶδε
637 725 840 786 πολλὰς
861 723 1117 795 δακρύων
1145 722 1517 791 καταχέουσαν
1540 720 1746 786 πηγὰς,

181 821 272 873 καὶ
307 817 578 888 μηδέποτε
626 817 852 870 τοιαῦτα
880 817 1176 884 τολμήσειν
1207 813 1358 873 αὖθις
1397 810 1747 880 ἰσχυριζομέ-

1853 537 2098 590 veritatis
2131 538 2236 588 vim
2258 536 2582 598 admiratus,
2615 535 2822 604 alvjecta
2850 536 3182 602 su-pieioue,
3206 542 3414 587 tcrrum

1852 641 2019 694 super
2046 635 2298 696 suggestu
2329 625 2520 694 reponi
2553 625 2791 689 mandat;
2839 639 3000 692 quem
3032 624 3154 692 quia
3186 623 3417 675 nimium

1852 716 2163 778 candebat,
2228 715 2518 769 ustnlando
2580 724 2925 783 penetrant.
2992 722 3047 765 et
3101 714 3152 765 in
3212 722 3418 764 terram

1853 805 2085 859 decidit.
2136 807 2253 858 Tali
2304 805 2476 874 gratia
2527 805 2668 858 Deus
2724 805 2901 857 virum
2956 803 3107 856 illum
3163 803 3421 872 dignatus

3157 903 3216 948 ut
3280 892 3417 946 intra

181 925 294 979 νην,
317 909 455 962 ἀλλὰ
486 910 579 961 καὶ
602 909 710 961 τῶν
737 907 1142 977 ἡμαρτημένων
1163 904 1363 956 διδόναι
1385 902 1540 964 δίκας
1565 899 1749 964 ἀξιοῦ-

1854 895 2072 956 fuerat,
2140 903 2194 948 et
2254 896 2415 960 longe
2480 894 2817 947 mirabiliora
2871 894 3083 960 edidit,

182 1016 298 1061 σαν,
330 997 503 1050 πολλὰ
546 999 674 1069 περὶ
719 995 1078 1066 σωφροσύνης
1107 993 1376 1064 πρότερον
1415 987 1745 1060 διαλεχθεὶς,

1854 996 2156 1054 Opportune
2185 985 2629 1038 memorabimus.
2669 1030 2675 1036 .

180 1093 271 1146 καὶ
299 1091 396 1145 τοῦ
422 1093 496 1162 μὴ
527 1093 636 1146 δεῖν
684 1093 764 1154 είς
835 1091 929 1143 τὸν
979 1090 1149 1159 ἄνδρα
1211 1087 1570 1157 παρανομεῖν,
1604 1084 1798 1136 ἔπειτα
1840 1083 2091 1133 ἐκέλευεν
2147 1080 2418 1132 ἅπτεσθαι
2479 1081 2574 1132 τοῦ
2634 1081 2882 1149 σιδήρου,
2932 1078 3124 1149 ῶσπερ
3177 1080 3205 1131 6
3278 1081 3418 1150 ἀνὴρ

177 1184 326 1252 ἠξίου
357 1184 452 1236 καὶ
481 1184 575 1236 τοῦ
598 1185 769 1254 πυρὸς
799 1182 1170 1251 κατατολμᾷν.
1202 1180 1268 1232 Ἢ
1333 1179 1389 1231 δέ
1451 1175 1822 1230 ἐπανελθοῦσα
1862 1173 1998 1244 πρὸς
2051 1175 2141 1226 τὸν
2196 1173 2381 1241 ἄνδρα,
2439 1173 2612 1224 ἐδεῖτο
2659 1171 2759 1241 τὴν
2811 1172 3043 1240 βάσανον
3095 1171 3416 1240 προσάγειν.

188 1279 418 1342 Ἐκεῖνος
447 1280 521 1343 δὲ,
560 1282 653 1333 καὶ
681 1281 788 1347 γὰρ
814 1280 912 1331 οὐκ
942 1277 1191 1347 ἠνείχετο
1257 1274 1332 1344 μὴ
1401 1271 1466 1326 ἐκ
1504 1289 1650 1335 τινος
1707 1269 2080 1340 ἀναμφιϐόλου
2114 1270 2212 1342 τὴν
2247 1269 2371 1336 περὶ
2403 1267 2500 1338 τὴν
2550 1271 2786 1336 γυναῖκα
2846 1267 3084 1336 ὑποψίαν
3125 1266 3408 1334 ἀποτρίϐε-

175 1374 317 1433 σθαι,
355 1376 521 1442 μόνην
545 1372 691 1425 ἔνδον
730 1371 879 1442 ίεροῦ
907 1388 1052 1434 τινος
1077 1367 1435 1440 παραλαθὼν,
1459 1368 1552 1420 καὶ
1593 1367 1808 1434 σίδηρον
1827 1367 1900 1428 ὡς
1935 1365 2168 1435 μάλιστα
2226 1365 2348 1432 ἐνῆν
2380 1363 2850 1433 ἀπηνθρακῶσθαι
2884 1365 3019 1435 πυρὶ
3063 1361 3422 1432 παρασκευᾶ-

178 1481 294 1527 σας,
337 1463 527 1516 επειτα
554 1464 851 1533 λασόμενος
905 1463 994 1516 διὰ
1021 1464 1335 1531 πυράγρας,
1397 1459 1636 1529 ἐπέθηκε
1691 1463 1811 1520 ταῖς
1855 1457 2016 1526 χερσὶ
2068 1457 2168 1526 τῆς
2213 1457 2492 1524 γυναικὸς,
2540 1459 2636 1510 καὶ
2680 1459 2771 1509 τὸν
2817 1457 2962 1523 ἱερὸν
3001 1457 3220 1508 ἐκέλευε
3257 1456 3419 1522 σκίμο

173 1559 306 1611 ποδοι
361 1559 638 1628 περιϊέναι
684 1559 824 1630 τρίς.
871 1559 1022 1611 Ἐπεὶ
1074 1558 1130 1610 δὲ
1200 1555 1492 1625 περιῆλθεν
1542 1553 1770 1617 ἀπαθῶς
1845 1553 2188 1621 κατέχουσα,
2244 1551 2318 1614 ώς
2369 1551 2507 1619 μηδέ
2558 1551 2659 1620 τὴν
2737 1553 2920 1623 ἀρχὴν
2967 1550 3416 1623 προσομιλήσασα

172 1654 327 1721 πυρὶ,
361 1653 461 1723 τὴν
489 1654 723 1722 δύναμιν
761 1637 862 1722 τῆς
896 1653 1152 1724 ἀληθείας
1180 1651 1470 1721 θαυμάσας
1516 1651 1544 1702 6
1580 1649 1738 1720 ἀνὴρ,
1779 1650 1874 1702 καὶ
1903 1651 2004 1716 τὴν
2072 1649 2200 1715 περὶ
2239 1648 2338 1716 τὴν
2401 1650 2638 1712 γυναῖκα
2673 1648 2908 1716 ὑποψίαν
2958 1647 3415 1714 ἀποσκευασάμε-

171 1762 281 1807 νος,
308 1745 531 1798 ἐκέλευε
566 1748 656 1802 τὸν
685 1748 904 1818 σίδηρον
965 1747 1058 1798 ἐπὶ
1088 1746 1183 1799 τοῦ
1247 1745 1546 1816 σκίμποδος
1577 1745 1808 1798 τιθέναι.
1861 1742 2018 1796 Ἐπεὶ
2071 1742 2127 1794 δὲ
2178 1742 2377 1806 ἔκειτο,
2410 1743 2515 1794 ὐπὸ
2557 1742 2658 1810 τῆς
2707 1744 2849 1808 ἄγαν
2879 1743 3283 1813 πυρακτώσεως
3323 1742 3414 1791 τὸν

173 1839 458 1904 σκίμποδα
496 1840 814 1912 διατρήσας,
890 1842 1197 1896 κατέπεσεν
1248 1841 1341 1894 ἐπὶ
1388 1841 1490 1910 τὴν
1544 1840 1669 1910 γῆν.
1739 1837 2009 1905 Τοιαύτης
2054 1832 2122 1906 ἦν
2174 1826 2398 1906 χάριτος
2447 1837 2748 1906 ἠξιωμένος
2779 1838 2807 1888 ὁ
2861 1837 3035 1908 ἀνήρ’
3083 1837 3176 1889 καὶ
3212 1834 3416 1886 ςπολλὰ

169 1931 598 2008 θαυμασιώτερα
631 1935 1036 2007 κατεπράξατο,
1065 1935 1139 1999 ὡς
1182 1935 1413 2010 ὓστερον
1442 1932 1860 2004 ἐπιμνησόμεθα
1891 1932 2031 1984 κατὰ
2065 1931 2280 2002 καιρόν.

1557 2097 1780 2154 CAPUT
1822 2096 2062 2151 XXVIII.

169 2207 363 2280 Concio
387 2227 495 2280 qua
525 2227 581 2264 se
615 2227 775 2265 novus
814 2213 1102 2279 imperator
1126 2213 1313 2265 iterum
1338 2216 1402 2266 de
1425 2211 1721 2280 suspicione
1760 2209 2054 2279 tyrannidis
2068 2208 2402 2280 occuparndw
2427 2224 2700 2280 excusans,
2733 2209 2796 2262 de
2825 2209 3025 2277 injuria
3055 2211 3414 2277 conqueritur.

241 2277 550 2333 Missioncm
608 2281 699 2350 dat
738 2277 1045 2350 quibusdam
1103 2282 1374 2335 militibus.
1433 2277 1675 2350 Retentos
1717 2277 2011 2350 iit—agrum
2060 2277 2414 2347 Byzantinum
2446 2279 2738 2350 Δηιίειὶεηιιε
2781 2282 2955 2346 copias
3008 2280 3130 2330 inde
3181 2288 3415 2331 exituras

234 2361 498 2412 arceant;
539 2349 716 2401 urbem
750 2347 868 2417 ipse
903 2359 1016 2417 post
1046 2352 1292 2403 invadere
1328 2352 1544 2415 cogitat.
1583 2347 2183 2415 Adrianopolitanorum
2222 2347 2490 2400 contraria
2541 2348 2720 2400 studia
2760 2359 2808 2400 et
2845 2349 3067 2407 seditio;
3103 2350 3414 2414 optimatum

237 2419 450 2487 aerario
475 2429 522 2471 et
555 2420 799 2487 direptio.
826 2419 1057 2483 Quanta
1089 2421 1285 2473 invidia
1339 2419 1734 2473 Cantacuzcnus
1769 2418 1965 2486 passim
2010 2417 2280 2484 ﬂagrarit,
2321 2425 2369 2468 et
2407 2418 2591 2480 quibus
2641 2417 3033 2470 calamitatibus
3085 2418 3197 2480 eius
3253 2433 3415 2470 causa

238 2485 549 2540 laboratum
576 2489 666 2541 sit.

240 2598 516 2655 Βασιλεὺς
542 2599 596 2651 δέ
639 2599 668 2650 ὁ
696 2599 1147 2669 Καντακουζηνδς
1175 2602 1254 2664 είς
1300 2599 1400 2670 τὴν
1452 2599 1746 2667 ὑστεραίαν
1784 2603 1823 2660 Β

168 2690 311 2756 μετὰ
351 2690 458 2756 τὴν
507 2687 808 2758 ἀνάρρησιν
837 2689 1135 2760 ἐκκλησίαν
1176 2689 1535 2758 συναθροίσας
1587 2690 1650 2741 ἐκ
1682 2707 1739 2741 τε

169 2777 268 2845 τῆς
309 2780 581 2849 στρατιᾶς
613 2780 707 2833 καὶ
739 2780 847 2834 τῶν
906 2780 1290 2851 συγκλητικῶν
1321 2783 1434 2834 ὅσοι
1465 2782 1739 2848 παρῆσαν,

171 2868 432 2937 Ἀνδρες,
466 2865 612 2935 εἶπε,
633 2870 916 2939 Ῥωμαῖοι,
980 2873 1164 2925 καίτοι
1197 2871 1288 2924 καὶ
1321 2873 1584 2940 πρότερον
1610 2873 1742 2923 πο).-

167 2959 329 3022 λάκις
366 2962 475 3030 τὴν
506 2963 629 3031 περὶ
661 2961 906 3031 βασιλίδα
932 2968 1025 3015 καὶ
1061 2962 1288 3032 βασιλέα
1321 2962 1413 3014 τὸν
1450 2962 1564 3014 υίδν
1604 2961 1744 3030 ἐμὴν

166 3049 388 3103 εὔνοιαν
417 3051 513 3102 καὶ
543 3052 849 3122 προθυμίαν
883 3053 978 3105 καὶ
1000 3053 1236 3123 σπουδὴν
1258 3052 1394 3123 πρδς
1420 3053 1561 3121 ὑμᾶς
1592 3051 1742 3114 διεξ-

173 3139 373 3206 ελθὼν,
451 3141 660 3194 οὐδέπω
716 3143 878 3211 μέχρι
931 3142 1025 3194 νῦν
1071 3145 1276 3213 ἐσχηκα
1340 3143 1498 3212 κόριν
1538 3142 1630 3194 τοῦ
1669 3142 1744 3210 μὴ

171 3232 305 3295 περὶ
358 3232 478 3284 τῶν
531 3232 713 3286 αὐτῶν
775 3235 864 3286 ἀεὶ
915 3233 1192 3298 διεξιέναι.
1225 3234 1319 3286 Διὸ
1356 3235 1450 3285 καὶ
1505 3233 1620 3284 νυνὶ
1653 3235 1745 3284 τὸν

164 3323 351 3376 πάντα
380 3321 519 3391 πρὶν
551 3322 806 3390 γενέσθαι
840 3325 1025 3392 σαφῶς
1063 3324 1242 3377 εἰδότα
1276 3325 1386 3376 τῶν
1432 3324 1744 3390 λεγομένων

166 3415 441 3482 μάρτυρα
472 3413 753 3483 ποιοῦμαι,
792 3414 864 3476 ὡς
893 3415 1012 3467 οὐδὲ
1049 3417 1212 3484 μέχρι
1239 3416 1479 3476 διανοίας
1516 3413 1741 3483 ἐμαυτῷ

159 3521 214 3557 τι
247 3505 481 3558 σύνοιδα
506 3505 615 3557 τῶν
631 3505 804 3576 ὀρθῶν
835 3512 1252 3576 παρατραπέντι
1283 3507 1581 3575 λογισμῶν,
1613 3505 1747 3558 ἀλλὰ

165 3597 358 3647 πᾶσαν
403 3596 670 3665 πρόνοιαν
718 3598 1020 3666 ἐποιούμην
1056 3598 1151 3650 καὶ
1204 3597 1463 3665 σπουδὴν,
1488 3597 1551 3646 οὐ
1586 3596 1746 3664 μόνον

159 3686 232 3738 τὰ
270 3686 574 3753 Ῥωμαίων
607 3687 815 3753 αὔξειν,
840 3688 975 3741 ἀλλὰ
1003 3690 1097 3741 καὶ
1123 3681 1490 3757 βασιλίδιῗκαὶ
1519 3687 1618 3758 υἱῷ
1647 3689 1745 3753 τὴν

158 3776 344 3846 ἀρχὴν
375 3777 692 3842 διασώζειν,
725 3782 819 3831 καὶ
852 3779 1082 3850 μηδένα,
1123 3780 1186 3832 τό
1234 3797 1295 3848 γε
1345 3781 1424 3843 είς
1451 3779 1548 3849 ἐμὲ
1587 3773 1743 3850 ἧκον,

1925 2596 2225 2665 Imperator
2252 2598 2664 2653 Cantacuzenus
2694 2600 2960 2668 postrid‘e
2981 2600 3274 2653 creationis
3304 2614 3417 2653 sum

1853 2687 1918 2740 ad
1953 2678 2274 2743 concinnem
2305 2692 2584 2744 advocatis
2604 2690 2670 2744 de
2701 2691 3034 2758 primoribus
3097 2701 3151 2744 et
3173 2693 3414 2746 exercitu

1851 2781 1943 2848 qui
1976 2782 2224 2845 aderant,
2253 2781 2331 2834 sic
2372 2782 2587 2836 locutus
2616 2792 2699 2834 est
2729 2797 2744 2833 :
2781 2781 3100 2848 Quanquam
3149 2791 3207 2834 et
3258 2791 3416 2836 antea

1852 2872 2188 2940 frequenter,
2253 2872 2355 2926 viri
2415 2873 2670 2934 Romani,
2711 2888 2884 2926 meam
2937 2889 3064 2940 erga
3119 2876 3416 2942 Augustam

1852 2964 2080 3032 ejusque
2107 2963 2278 3017 tilium
2309 2965 2695 3033 imperatorem
2729 2964 3193 3026 benevolentiam,
3223 2965 3418 3018 alacri-

1855 3060 2020 3107 tatem
2090 3063 2254 3122 alque
2313 3055 2561 3108 studium
2633 3055 2774 3124 apud
2833 3071 2928 3109 vos
2993 3064 3224 3108 testatus
3288 3070 3416 3116 81111,

1854 3125 2030 3194 tamen
2091 3157 2265 3209 usque
2337 3143 2499 3195 hodie
2556 3143 2746 3195 eadem
2814 3157 3030 3210 semper
3086 3142 3413 3196 testiﬁcandi

1852 3239 2094 3291 nondum
2137 3253 2222 3290 me
2251 3237 2474 3291 satietas
2521 3239 2682 3305 cepit.
2720 3236 2896 3302 Quare
2944 3246 2995 3290 el
3033 3236 3083 3288 in
3127 3238 3414 3304 praesemia

1851 3344 2000 3388 eum,
2035 3327 2126 3396 qui
2189 3329 2442 3394 pernovit
2472 3327 2655 3379 omnia
2697 3327 3010 3394 priusquam
3037 3325 3185 3386 ﬁant,
3222 3336 3414 3379 testem

1853 3415 2067 3471 invoco.
2124 3415 2256 3467 mihi
2314 3425 2374 3468 ut
2425 3418 2530 3468 ulla
2587 3417 2637 3468 in
2688 3430 2746 3468 re
2777 3430 2805 3467 a
2867 3416 3141 3469 curriculo
3191 3420 3416 3472 rationis

1851 3507 2220 3568 dellecterem,
2244 3521 2310 3557 ne
2335 3506 2390 3558 in
2412 3514 2647 3559 mentem
2674 3505 2892 3573 quidem
2913 3522 3148 3574 unquam
3179 3508 3416 3574 venisse,

1852 3597 1946 3651 sed
1979 3597 2032 3650 in
2065 3597 2117 3650 id
2147 3612 2568 3651 omncmcuram
2623 3597 3072 3666 diligentiamque
3095 3599 3415 3662 contulisse,

1851 3703 1959 3741 non
1997 3688 2158 3742 modo
2191 3697 2245 3742 ut
2279 3703 2389 3742 rem
2428 3688 2725 3742 Romanam
2758 3687 3147 3757 ampliﬁcarem
3177 3729 3191 3752 ,
3226 3705 3414 3743 verum

1851 3779 2017 3834 etiam
2042 3788 2100 3832 ut
2125 3779 2410 3848 imperium
2435 3778 2764 3846 imperatriei
2817 3778 3043 3846 ejusque
3071 3777 3181 3830 lilio
3206 3789 3413 3832 sartum

157 3867 380 3921 ἀδικεῖν
407 3871 528 3939 ἐᾷν.
570 3872 635 3922 Ἀ
659 3871 827 3940 ἐχρῆν
865 3872 1124 3941 κάκείνην
1169 3871 1502 3942 συνορῶσαν,
1535 3872 1743 3941 τάληθῆ

1855 3879 2055 3925 tectura
2107 3884 2511 3929 conservarem,
2594 3885 2715 3930 nec,
2751 3880 3016 3937 quantum
3052 3869 3104 3921 in
3139 3885 3222 3922 me
3250 3879 3416 3931 esset,

163 3959 265 4010 καὶ
317 3959 518 4012 δίκαια
570 3939 884 4029 λογίζεσθαι
943 3939 1088 4031 περἰή
1119 3939 1428 4032 ἐμοῦξκαὶ
1469 3960 1546 4031 μὴ
1577 3939 1747 4022 οὕτως

1854 3963 1961 4016 ulla
1990 3977 2085 4016 eos
2120 3961 2260 4014 adici
2295 3961 2494 4030 injuria
2543 3959 2804 4015 sinerem.
2842 3958 2973 4024 Quae
3021 3975 3144 4012 cum
3181 3968 3235 4013 et
3271 3959 3415 4013 illam

157 4049 396 4119 ἐρήμην
429 4051 940 4120 καταψηφίζεσθαι,
969 4054 1280 4124 ἀνθρώποις
1311 4052 1626 4105 πεισθεῖσαν
1654 4069 1749 4103 συ-

1854 4073 1958 4110 nou
2002 4057 2270 4124 fugerent,
2328 4069 2454 4107 vera
2501 4062 2556 4104 et
2582 4053 2727 4120 jnsta
2764 4051 2831 4105 de
2883 4067 2970 4106 me
3031 4054 3262 4114 sentire,
3314 4069 3416 4108 nec

157 4141 509 4206 κοφάνταις.
554 4139 708 4193 Ἐπεὶ
752 4141 796 4194 δ’
826 4143 1007 4212 ἐκείνη
1033 4143 1272 4213 τάληθὲς
1310 4139 1750 4212 παραδραμούσα

1854 4145 1986 4198 adeo
2015 4143 2366 4212 sycophantis
2391 4141 2688 4203 credulam,
2721 4139 2926 4194 indicta
2953 4156 3116 4194 causa
3151 4143 3416 4196 condem-

156 4231 471 4300 προείλετο
526 4231 588 4283 τδ
648 4230 862 4300 ψεῦδος,
911 4235 1006 4284 καὶ
1052 4233 1218 4304 μηδὲν
1250 4232 1578 4302 ἠδικηκότα,
1611 4233 1750 4300 μήτε

1854 4249 1984 4288 nare
2014 4249 2100 4289 me
2131 4233 2438 4301 oportebat.
2490 4231 2625 4297 Quia
2663 4245 2792 4283 vero
2836 4231 3135 4299 postposita
3188 4234 3417 4289 veritate

154 4307 463 4391 πρόφασιν
522 4323 764 4394 πολέμου
824 4323 1247 4393 παρεσχημένον
1275 4323 1553 4391 οὐδεμίαν,
1592 4321 1750 4374 πολέ-

1854 4324 2197 4379 mendaeium
2237 4321 2488 4391 amplecti
2541 4321 2752 4384 maluit,
2807 4335 3001 4399 ntequc
3051 4321 3206 4390 culpa
3267 4322 3419 4379 omni

157 4430 293 4480 μιον
325 4413 648 4482 ἐψηφίσατο
696 4414 854 4483 αὐτῇ,
895 4415 989 4466 καὶ
1031 4413 1233 4475 πάσαις
1269 4412 1488 4464 πόλεσιν
1517 4411 1750 4482 ἐκήρυξε

1854 4426 2180 4478 vacantem,
2243 4426 2297 4469 et
2359 4414 2564 4468 nullam
2624 4413 2767 4475 bello
2819 4428 3008 4466 ansam
3061 4414 3415 4482 praebentem,

158 4505 241 4573 μὴ
269 4503 570 4576 δέχεσθαι,
624 4503 758 4557 ἀλλὰ
811 4505 977 4556 παντὶ
1031 4503 1206 4556 σθένει
1261 4502 1750 4572 πολεμεῖν,ἃύμίν

1855 4508 2066 4562 hostem
2123 4521 2282 4561 suum
2329 4504 2642 4568 declaravit,
2677 4513 2733 4558 et
2785 4504 3026 4558 edictum
3071 4521 3166 4573 per
3230 4521 3421 4561 omnes

153 4594 490 4648 λυσιτελεῖν
544 4596 682 4664 trp";
730 4595 798 4652 τὰ
847 4594 1091 4666 παρόντα
1145 4595 1237 4647 καὶ¹
1295 4597 1417 4664 ἐμοὶ
1480 4595 1750 4658 συνέδοξεν

1855 4602 2022 4654 urbes
2074 4599 2142 4653 dc
2199 4611 2286 4650 me
2311 4597 2651 4650 excludendo
2709 4605 2765 4649 et
2822 4609 2985 4662 quam
3011 4595 3279 4648 acerrime
3321 4610 3422 4664 0p-

151 4687 394 4756 ἁνάγκῃ
455 4686 896 4755 συνελαυνόμενοι
953 4686 1294 4756 ἐπράξαμεν.
1352 4687 1464 4753 Τῆς
1513 4685 1610 4754 μὲν
1661 4685 1750 4738 οὖν

1856 4689 2146 4759 pugnando
2202 4685 2582 4756 promulgavit,
2635 4683 2791 4754 44],
2835 4700 2952 4752 qua:
2995 4685 3150 4736 vobis
3204 4695 3258 4737 et
3289 4685 3422 4740 mihi

153 4775 682 4844 προθυμίαςένεκα
722 4776 816 4828 καὶ
855 4774 954 4843 τῆς
983 4777 1111 4844 περὶ
1138 4775 1237 4844 ἐμὲ
1267 4776 1501 4838 εὐνοίας,
1529 4777 1750 4846 χάριτας

1858 4780 1911 4834 in
1995 4793 2231 4849 pratsens
2303 4787 2520 4845 tempus
2581 4775 2945 4830 conducibilia
3024 4785 3421 4844 apparuerunt,

152 4867 298 4936 ὑμῖν
328 4864 548 4928 πολλὰς
580 4865 850 4934 ὁμολογῶ.
900 4866 1120 4918 Δίκαιον
1149 4865 1204 4918 δὲ
1237 4863 1478 4935 ἡγοῦμαι
1510 4868 1608 4935 τὴν
1633 4868 1750 4934 ίσην

1858 4869 2185 4924 necessitate
2228 4868 2491 4936 compulsi
2542 4867 2795 4921 fecimus.
2854 4867 3059 4921 Vestra».
3093 4867 3260 4934 igitur
3293 4882 3419 4938 ιτδίὶ

148 4958 253 5009 καὶ
288 4956 477 5009 αὐτὸν
513 4960 636 5025 περὶ
693 4956 835 5023 ὑμᾶς
871 4955 1313 5024 ἐπιδεικνύμενον
1342 4955 1688 5025 κηδεμονίαν,
1723 4954 1750 5008 a

1863 4974 1950 5012 me
2004 4967 2268 5028 prompta:
2315 4974 2379 5012 ac
2429 4959 2688 5012 studiosae
2724 4960 2986 5012 voluntati
3040 4959 3291 5026 ingentes
3320 4976 3423 5028 ago
3485 4977 3494 4986 ν’

149 5050 459 5102 συνοίσειν
510 5049 691 5118 οἴομαι
743 5048 870 5116 ὑμῖν
932 5047 1170 5116 ἐκάστῳ,
1219 5047 1310 5099 καὶ
1347 5050 1633 5117 παραινεῖν
1663 5049 1758 5101 καὶ

144 5141 509 5213 ἐπιτρέπειν
535 5151 550 5166 ⁹
579 5139 640 5190 οὐ
683 5140 790 5209 γὰρ
821 5139 886 5190 ἂν
922 5137 1009 5207 εἴη
1034 5137 1313 5206 φιλοῦντος
1344 5139 1393 5190 ει
1430 5139 1540 5191 τῶν
1584 5139 1685 5207 ἰδίᾳ
1707 5157 1750 5191 τι

1862 5157 1991 5196 cura
2026 5142 2346 5207 sollicitum,
2387 5157 2508 5209 qua:
2535 5157 2659 5195 cum
2706 5142 2888 5195 fructu
2923 5154 3106 5196 vestro
3132 5143 3422 5210 conjuncta

139 5236 278 5303 ἐμοὶ
333 5230 729 5297 διαφερόντων
777 5229 937 5282 ἕνεκα
989 5230 1089 5298 τῆς
1139 5231 1244 5282 τῶν
1274 5229 1447 5283 ἄλλων
1487 5233 1750 5299 σωτηρίας

1863 5244 2015 5302 puto,
2043 5249 2106 5288 ea
2135 5237 2333 5302 cuique
2365 5243 2420 5287 et
2461 5233 2714 5296 suadere,
2762 5243 2816 5286 et
2859 5234 3222 5286 committere.
3273 5233 3425 5286 llaud

139 5323 466 5393 ἀμελοίην.
512 5319 699 5382 Ὃσοις
725 5321 900 5374 τοίνυν
928 5321 1080 5391 ὑμῶν
1113 5324 1172 5373 ἐν
1194 5317 1281 5383 αἷς
1313 5324 1410 5390 οὐχ
1437 5322 1750 5374 ὑπόκεινται

1863 5326 2008 5378 enim
2063 5325 2224 5379 amici
2285 5325 2543 5393 fungerer
2608 5323 2808 5386 ollicio,
2875 5324 2918 5377 si
2979 5325 3263 5376 commoda
3309 5341 3425 5377 mea

140 5417 392 5470 πόλεσιν
429 5412 579 5480 ἡμῖν
606 5411 639 5480 ἧ
663 5412 902 5479 κώμαις,
935 5412 1102 5465 οἰκίαι
1127 5413 1186 5465 τέ
1218 5417 1325 5464 εἱσι
1355 5415 1447 5464 καὶ
1475 5415 1638 5466 τέκνα
1667 5415 1761 5465 καὶ

145 5508 468 5577 γυναῖκες,
504 5501 659 5569 καὶὴ
691 5503 824 5571 ἄλλη
852 5501 947 5554 τοῦ
1002 5502 1118 5573 βίου
1148 5503 1390 5572 ἀφορμὴ,
1427 5505 1487 5555 οὐ
1522 5506 1626 5573 χρὴ
1663 5507 1761 5572 τῇς

144 5605 231 5664 εἰς
275 5597 445 5666 ἡμᾶς
484 5593 702 5653 εὐνοίας
747 5595 909 5646 ἓνεκα
947 5595 1178 5647 ἐνταῦθα
1239 5595 1658 5664 καρτεροῦντας.
1693 5597 1761 5648 τὰ

141 5697 338 5753 οἰκεῖα
373 5685 678 5743 ἀπολύειν.
730 5689 963 5740 ’Δτοπον
1010 5689 1119 5757 γὰρ
1161 5690 1263 5758 τὴν
1313 5691 1390 5750 εἰς
1434 5690 1532 5758 ἐμὲ
1578 5690 1761 5757 φιλίαν

1863 5417 2072 5485 privata
2147 5415 2378 5468 aliorum
2438 5413 2600 5467 saluti
2673 5424 3092 5482 anteponercm.
3151 5413 3424 5484 Quotquot

1859 5523 1991 5574 ergo
2052 5506 2107 5560 in
2168 5506 2397 5558 urbibus
2456 5515 2549 5557 aut
2613 5505 2750 5556 vicis
2795 5503 2954 5557 nobis
3003 5520 3110 5557 non
3169 5507 3425 5573 subjectis

1861 5596 2197 5650 domicilium
2233 5594 2466 5656 habetis,
2495 5601 2550 5646 et
2593 5607 2794 5646 uxores
2819 5607 2944 5645 cum
2976 5594 3184 5659 liberis,
3211 5594 3426 5663 aliaque

1863 5688 1982 5741 vita:
1999 5685 2262 5748 suts'dia,
2280 5701 2385 5740 non
2403 5697 2621 5737 necesse
2638 5693 2721 5737 est
2743 5684 2828 5737 hi..-
2849 5683 2987 5753 apud
3007 5699 3088 5735 me
3112 5685 3426 5749 perdurare.

1862 5051 2088 5120 gratias,
2153 5059 2458 5118 etaaquum
2511 5049 2774 5114 arbitror,
2834 5066 2920 5104 me
2972 5052 3219 5119 paripro
3272 5052 3425 5106 vobis
3495 5110 3500 5114 _
