4096 6300
366 308 474 403 sm

1534 330 2095 423 ΠΙΞἹῸΙΜΜΠΙΜΔ
2117 330 2349 392 LIBER
2394 330 2513 393 Ill.

3511 335 3620 398 870

361 459 487 520 ταῖς
513 452 716 519 οίκίαις
746 452 854 509 τῶν
889 452 1211 508 ἑαλωκότων
1249 450 1593 516 ἐπελθόντες,
1627 450 1728 512 τὰς
1757 466 1817 501 τε
1845 449 1935 502 οὐ·

2053 450 2396 505 contabulata
2452 450 2828 513 destruentes,
2875 452 2971 506 sed
3029 465 3142 521 pra;
3201 453 3389 508 furore
3452 455 3618 510 etiam

365 548 490 610 σίας
517 546 843 618 διήρπαζον,
899 545 1094 599 ἔπειτα
1147 544 1242 598 καὶ
1287 544 1386 606 τὰς
1430 542 1608 605 οίκίας
1639 539 1935 611 καθῄρουν,

361 641 426 695 οὐ
460 639 620 709 μόνον
648 638 746 700 τὰς
780 636 1037 702 ξυλώσεις
1079 634 1518 707 περιαιροῦντες,
1559 630 1674 686 ἀλλ’
1705 633 1808 685 ὑπὸ
1838 648 1943 701 μαο

366 730 487 791 νίας
541 729 638 781 καὶ
673 728 883 797 τοίχους
938 728 1069 798 ἄχρι
1129 725 1394 795 θεμελίων
1450 723 1779 784 διαλύοντες.
1832 721 1943 775 Καί¹

364 817 518 876 οὐδὲν
546 815 614 890 ἦν
644 821 672 873 ὅ
710 837 762 872 τι
805 818 978 872 δεινὸν
1009 818 1082 889 μὴ
1117 817 1380 886 ἐτολμᾶτο
1408 815 1549 868 κατὰ
1568 813 1676 866 τῶν
1697 813 1765 865 τὰ
1795 813 1943 866 Καν-

364 909 703 979 τακουζηνοῦ
729 910 991 981 βασιλέως
1027 909 1344 980 ᾑρημένων.
1384 907 1571 959 Ηολλο“ο
1598 905 1655 959 δέ
1675 904 1769 957 καὶ
1797 901 1943 956 ίδῖων

365 1001 530 1054 ἕνεκα
550 1002 824 1070 διαφορῶν
850 999 1290 1071 παραπήλαυσαν
1313 998 1412 1067 τῆς
1434 996 1530 1049 τοῦ
1555 995 1728 1065 δήμου
1746 996 1940 1064 φορᾶς.

370 1091 567 1145 ’Ἄλλοι
591 1092 647 1143 δὲ
688 1092 801 1157 καὶ,
861 1090 1162 1161 χρημάτων
1195 1089 1378 1157 σφίσιν
1412 1082 1803 1155 ὀφειλομένων,
1838 1084 1945 1137 ὑπὸ

367 1184 479 1237 τῶν
508 1184 779 1236 λαϐόντων
816 1183 1121 1253 ὴτιάθησαν
1170 1177 1747 1249 Καντακουζηνισμόν.
1787 1177 1945 1230 Οὕτω

371 1275 582 1345 χαλεπὴ
614 1276 798 1337 στάσις
830 1275 1061 1344 ἐξαρχῆς
1093 1273 1251 1334 εὐθὺς
1278 1272 1511 1342 ἀνήφθη.
1546 1270 1730 1336 Ἔδοξε
1766 1268 1831 1339 δὴ
1853 1268 1946 1322 καὶ

373 1367 576 1437 μᾶλλον
606 1368 965 1436 χαλεπωτέρα
988 1368 1051 1418 ἐκ
1083 1365 1177 1417 τοῦ
1212 1362 1403 1435 πρώτη
1436 1361 1567 1433 παρ’
1618 1362 1799 1424 αὐτοῖς
1856 1378 1949 1428 γε-

372 1457 583 1518 νέσθαι,
633 1458 752 1509 ἐπεὶ
801 1455 1026 1525 ὕστερόν
1067 1472 1131 1523 γε
1165 1458 1259 1508 καὶ
1293 1456 1401 1508 πᾶν
1429 1455 1488 1506 τὸ
1530 1454 1839 1519 Ῥωμαϊκὸν
1867 1455 1948 1516 είς

372 1546 628 1615 ὠμότερα
659 1546 840 1615 πολλῷ
862 1547 955 1598 καὶ
986 1545 1344 1616 χαλεπώτερα
1374 1546 1670 1615 ἐξετράπη,
1704 1545 1811 1597 τῶν
1847 1546 1948 1615 μὲν

372 1638 681 1708 ἑκασταχοῦ
719 1640 927 1708 δήμων,
950 1639 1041 1691 τὸν
1073 1638 1299 1707 βασιλέα
1325 1638 1657 1706 Παλαιλόγον
1682 1639 1799 1690 δεῖν
1834 1640 1950 1691 olo-

377 1731 559 1799 μένων
584 1730 769 1792 αὐτοῖς
812 1730 1081 1799 δεσπότην
1124 1729 1526 1800 ἐπιφημίζειν
1565 1730 1674 1783 τῶν
1707 1729 1949 1799 ἀρίστων

375 1820 436 1874 δὲ
464 1821 501 1891 ἢ
527 1822 592 1891 τῇ
637 1820 887 1890 ἀληθείᾳ,
944 1819 1024 1889 τῷ
1058 1818 1493 1888 Καντακουζηνῷ
1535 1820 1949 1889 προσκειμένων

377 1911 609 1982 βασιλεῖ,
639 1912 671 1983 ᾗ
721 1910 828 1964 τῶν
856 1911 1077 1980 ἀπόρων
1121 1911 1215 1964 καὶ
1244 1909 1589 1977 νεωτερίζειν
1608 1909 1950 1981 βουλομένων

374 2003 480 2072 τὴν
532 2003 653 2072 ἴσην
682 2003 862 2056 αἰτίαν
904 2003 1220 2072 ἐπαγόντων
1278 2005 1378 2057 οὐκ
1421 2005 1483 2055 ἐκ
1529 2019 1674 2067 τινος
1703 2003 1947 2073 ἐλέγχου.

386 2096 690 2167 Ῥᾷσταιδὲ
724 2092 910 2159 αὐτοῖς
933 2097 1174 2164 ἐγίνοντο
1213 2096 1271 2150 αί
1325 2096 1635 2161 ἐπαγωγαὶ,
1678 2095 1953 2175 *χρήματά

376 2200 437 2235 τε
462 2183 673 2253 ἔχουσιν
705 2182 742 2237 ἀ
792 2182 900 2236 ἔδει
939 2183 1065 2246 τοὺς
1116 2182 1357 2253 ἀπόρους
1392 2181 1715 2252 διαρπάζειν
1750 2184 1839 2233 καὶ
1878 2180 1952 2251 μὴ

381 2271 726 2341 βουλομένοις
762 2274 874 2334 τοῖς
912 2271 1091 2334 ἀλλοις
1119 2274 1320 2340 ὁμοίως
1351 2273 1802 2341 συνασχημονεῖν.
1842 2273 1953 2324 Καὶ

377 2354 434 2414 ιτ
459 2379 514 2413 τε
550 2362 647 2430 δῆρ
664 2380 712 2414 οι
741 2364 1115 2432 καὶπρότερον
1145 2363 1280 2433 πρὸς
1321 2363 1445 2425 τοὺς
1476 2362 1732 2432 ἀρίστους
1766 2361 1832 2414 ἐκ
1854 2360 1951 2413 τοῦ

380 2454 513 2518 παρ’
544 2452 721 2504 αὐτῶν
772 2452 999 2520 ἄγεσθαι
1049 2452 1144 2505 καὶ
1178 2452 1438 2522 φέρεσθαι
1494 2454 1552 2505 ἐν
1587 2452 1685 2523 τῆς
1731 2454 1953 2524 εἰρήνης

381 2544 494 2604 τοῖς
548 2536 758 2611 καιροῖς
808 2541 1008 2614 πολλὴν
1063 2543 1278 2611 ἔχοντες
1331 2543 1645 2612 ἀπέχθειαν,
1682 2544 1855 2607 ἄλλως
1893 2561 1953 2597 τε

382 2635 483 2684 καὶ
512 2632 829 2703 διαρπάζειν
856 2634 953 2698 τάς
979 2636 1163 2698 οὐσίας
1187 2637 1367 2689 αὐτῶν
1397 2635 1705 2700 ἐλπίζοντες
1753 2619 1955 2696 πολλὰς

383 2723 570 2789 οὔσας,
603 2726 810 2795 ἕτοιμοι
842 2723 981 2797 ἦσαν
1033 2730 1171 2797 πρὸς
1214 2728 1315 2791 τὰς
1348 2728 1567 2791 στάσεις
1600 2730 1694 2781 καὶ
1745 2728 1803 2794 ἐξ
1834 2727 1958 2779 ἐλα-

384 2818 578 2885 χίστης
611 2819 934 2888 προφὰσεως
956 2821 1050 2873 καὶ
1093 2821 1159 2881 τὰ
1181 2821 1461 2874 δεινότατα
1496 2821 1756 2890 ἐτόλμων.
1800 2819 1873 2876 Οἵ
1896 2839 1954 2875 τε

386 2908 727 2971 στασιασταὶ,
769 2908 842 2969 ὡς
862 2911 1097 2963 ἐπιπολὺ
1122 2912 1232 2963 τῶν
1262 2912 1632 2981 ἀπορωτάτων
1656 2914 1750 2965 καὶ
1782 2915 1959 2967 λωπο-

380 2995 558 3050 δυτῶν
589 2998 680 3050 καὶ
698 3000 1054 3069 ,τοιχωρύχων
1088 3001 1263 3065 δντες,
1317 3002 1471 3055 αὐτοί
1499 3019 1558 3055 τε
1602 3003 1711 3055 ύπδ
1732 3002 1831 3072 τῆς
1855 3019 1954 3056 πε-

2042 557 2231 597 muros
2303 557 2476 611 usque
2524 542 2630 611 .ad
2693 541 3047 597 fundamenta
3121 551 3472 605 evertentes.
3518 560 3620 600 nec

2043 639 2163 686 erat
2216 631 2516 702 quidquam
2582 632 2722 688 adeo
2778 634 3045 690 horribile
3095 636 3242 706 quod
3296 638 3374 692 illi
3430 651 3619 693 contra

2042 721 2410 779 Cantacuzeni
2487 726 2728 794 partium
2817 728 3097 783 studiosos
3169 728 3619 784 refnrrnidarent.

2047 813 2374 883 Complures
2431 815 2561 871 item
2622 826 2850 888 propter
2909 821 3151 889 privatas
3218 822 3626 877 controversias

2048 902 2154 957 hoc
2207 904 2394 960 furore
2457 906 2715 976 populari
2778 908 2845 962 ad
2895 925 3050 964 suam
3114 910 3405 965 utilitatem
3466 911 3622 966 abusi

2046 978 2198 1050 sunt.
2237 992 2342 1049 Alii
2373 1007 2664 1066 praetcrea,
2689 1015 2813 1054 cum
2858 1000 2991 1070 ipsis
3022 1004 3253 1073 pecunia
3303 1003 3622 1070 deberetur,

2047 1101 2079 1140 a
2139 1085 2486 1142 debitoribus
2539 1087 3020 1146 Cantacuzeuismi
3081 1096 3500 1148 accusabantur.
3546 1094 3623 1148 Ita

2048 1177 2248 1232 seditio
2276 1193 2304 1231 a
2333 1178 2610 1246 principio
2664 1181 2847 1235 statim
2880 1182 3193 1251 perniciosa
3229 1183 3463 1237 exstitit.
3501 1180 3623 1237 Visa

2049 1275 2135 1322 est
2165 1278 2348 1321 autem
2380 1283 2447 1322 eo
2482 1270 2868 1339 perniciosiOr,
2902 1271 3046 1341 quod
3086 1271 3227 1340 apud
3254 1287 3351 1327 eos
3387 1272 3623 1339 primum

2048 1358 2193 1413 facta
2228 1367 2417 1425 esset;
2449 1377 2572 1415 nam
2632 1373 2818 1432 postea
2866 1380 3067 1417 nomen
3104 1373 3276 1418 totum
3318 1363 3623 1419 Ronnanum

2050 1453 2117 1504 ad
2158 1451 2427 1505 saevitiam
2486 1453 2661 1507 multo
2718 1453 3098 1508 iunnaninrem
3137 1469 3463 1508 conversum
3519 1465 3625 1516 est.

2051 1558 2178 1598 cum
2218 1542 2427 1612 ubique
2478 1544 2665 1613 populi
2702 1559 2894 1599 omnes
2928 1545 3291 1614 Palaeologum
3322 1545 3426 1598 sibi
3449 1544 3614 1599 domi-

2051 1649 2183 1688 num
2234 1634 2690 1704 promulganilum
2752 1645 3095 1701 censerent,
3147 1637 3505 1705 optimatibus
3543 1636 3628 1691 Vel

2050 1726 2273 1779 sincere
2302 1740 2334 1776 a
2369 1725 2754 1780 Cantacuzeno
2784 1726 3084 1790 stantibus,
3108 1727 3194 1780 vel
3220 1728 3624 1795 egeritibus,ret

2053 1830 2242 1869 rerum
2280 1831 2547 1870 novarum
2575 1816 2843 1871 studiosis
2874 1817 3021 1870 idem
3069 1818 3317 1871 criminis
3357 1819 3499 1882 loco,
3532 1817 3628 1872 sed

2053 1907 2204 1961 nulla
2262 1907 2587 1977 probatione
2650 1906 2763 1961 illis
2833 1909 3258 1975 objectantibus.
3348 1908 3628 1963 Facillime

2053 2010 2219 2064 porro
2271 1995 2696 2057 invadebantur,
2722 1996 2816 2065 qui
2858 1996 3131 2049 habebant
3175 1998 3461 2066 pecunias,
3494 2013 3629 2067 quas

2054 2086 2418 2156 pauperiores
2444 2084 2773 2154 diriperent,
2801 2094 2858 2139 et
2887 2086 3149 2141 nolebant
3196 2088 3431 2141 aliorum
3463 2091 3632 2142 instar

2053 2185 2111 2232 et
2172 2193 2299 2232 cum
2366 2178 2488 2232 aliis
2548 2178 2871 2232 indecenter
2919 2194 2983 2232 ac
3039 2179 3272 2250 turpiter
3308 2196 3367 2235 se
3412 2194 3630 2248 gerere.

2055 2270 2213 2325 Plebs
2238 2285 2456 2339 quoque
2482 2269 2646 2323 etiam
2680 2278 2806 2325 ante
2841 2271 3205 2341 optimatibus
3241 2273 3454 2326 infensa
3485 2283 3632 2338 erat,

2055 2375 2122 2415 eo
2179 2360 2323 2429 quod
2381 2369 2626 2429 tempore
2685 2362 2832 2430 pacis
2884 2362 3080 2431 praadaa
3138 2363 3272 2430 ipsis
3333 2378 3398 2416 ac
3459 2378 3632 2432 popu-

2054 2452 2247 2506 lationi
2275 2462 2440 2507 esset.
2465 2453 2531 2506 Et
2559 2469 2683 2507 Clllll
2713 2468 2838 2523 spes
2857 2453 3297 2521 diripiendnrum
3333 2455 3629 2516 bonorum,

2056 2558 2159 2597 nec
2184 2544 2506 2612 exiguarum
2548 2544 2852 2607 accederet,
2887 2560 2914 2597 a
2950 2545 3183 2599 tumultu
3245 2545 3632 2615 seditioneque

2056 2633 2205 2688 haud
2250 2632 2649 2698 abhorrebant,
2701 2643 2866 2703 atque
2922 2650 2986 2689 ex
3036 2635 3310 2690 levissima
3345 2635 3632 2690 occasione

2057 2728 2332 2780 audebant
2360 2724 2737 2791 atrocissima;
2760 2724 3207 2795 seditionumque
3237 2734 3494 2779 auctores
3514 2726 3633 2795 ple-

2056 2816 2214 2885 rique
2248 2824 2404 2870 erant
2426 2825 2668 2885 egestate
2703 2815 2928 2886 perditi,
2961 2817 3303 2885 perfossores
3338 2817 3634 2885 parietum,

2057 2915 2261 2963 etcum
2309 2908 2411 2976 ipsi
2442 2908 2796 2962 mendicitate
2844 2909 3041 2971 coacti,
3075 2909 3287 2961 nullum
3322 2909 3527 2961 malum
3554 2906 3629 2961 fa-

2060 3000 2222 3054 cinus
2253 2998 2650 3063 detrectarent,
2677 3003 2874 3070 vulgus
2915 2999 2979 3054 ad
3023 3001 3221 3055 similia
3275 3001 3633 3066 inducebant,

377 3089 507 3152 ’νίας
540 3090 993 3159 ἀναγκαζόμενοι,
1032 3093 1183 3145 οὐδὲν
1239 3095 1430 3146 εἴασαν
1483 3095 1810 3173 ἀτόλμητον,
1857 3097 1951 3148 καὶ

2056 3089 2218 3163 443
2291 3091 2497 3146 interea
2557 3106 2616 3146 se
2662 3091 2947 3160 Palasologi
3006 3090 3354 3160 imperatoris
3408 3092 3635 3159 cupidos

380 3180 513 3247 τοὺς
541 3183 745 3251 δήμους
792 3187 984 3256 ἐνῆγον
1018 3188 1157 3257 πρὸς
1179 3189 1246 3242 τὰ
1283 3189 1394 3255 ίσα,
1421 3190 1518 3261 τήν
1553 3194 1690 3261 πρὸς
1729 3189 1953 3261 βασιλέα

384 3277 478 3328 τὸν
546 3277 905 3344 Παλαιολόγσν
959 3278 1176 3332 εὔνοιαν
1226 3281 1678 3351 ὑποκρινόμενοι.
1728 3280 1809 3334 διὸ
1861 3280 1953 3334 καὶ

388 3371 743 3433 πιστοτάτους
770 3371 995 3432 ἑαυτοὺς
1035 3373 1566 3442 προσηγορεύκασιν.
1603 3373 1871 3444 ’Υστερον
1898 3372 1953 3426 δὲ

386 3456 579 3527 ὥσπερ
606 3479 658 3514 τι
712 3461 919 3531 νόσημα
962 3464 1230 3532 κακόηθες
1285 3467 1379 3518 καὶ
1428 3465 1599 3518 δεινὸν
1643 3465 1742 3536 τὴν
1773 3466 1953 3518 nam

388 3549 566 3619 ἀρχὴν
621 3552 1010 3622 ἐπινεμόμενον
1065 3554 1353 3623 Ῥωμαίων
1401 3558 1492 3608 καὶ
1539 3555 1648 3609 τῶν
1690 3556 1955 3626 πρότερον

388 3640 689 3693 δοκούντων
739 3645 974 3712 μετρίων
1013 3644 1108 3698 καὶ
1151 3646 1410 3699 ἐπιεικῶν
1450 3647 1585 3714 πρὸς
1623 3648 1722 3715 τὴν
1760 3647 1954 3716 ὁμοίαν

382 3726 549 3799 ὕϐριν
569 3731 1195 3803 ἐξεκαλέσατοιπολλούς.
1233 3736 1324 3790 Ἐν
1354 3737 1592 3808 μὲνγὰρ
1634 3740 1826 3810 είρήνῃ
1858 3740 1954 3793 καὶ

387 3819 640 3887 πολέμων
660 3821 914 3895 ἀπουσίᾳ,
954 3824 1016 3876 αϊ
1038 3842 1098 3878 τε
1133 3824 1317 3888 πόλεις
1341 3826 1436 3880 καὶ
1462 3828 1515 3880 oi
1548 3827 1757 3882 ἰδιῶται
1793 3828 1953 3896 ἀμεί-

381 3924 512 3971 νους
544 3908 727 3979 ἔχουσι
749 3911 847 3974 τὰς
871 3912 1116 3982 γνώμας,
1144 3914 1236 3968 καὶ
1275 3916 1411 3985 πρὸς
1437 3917 1668 3985 αἰσχρὰς
1691 3918 1782 3970 καὶ
1810 3916 1953 3985 φαύ-

384 4000 487 4064 λας
539 4002 771 4071 πράξεις
822 4003 1020 4074 ἣκιστα
1081 4007 1149 4060 ἂν
1207 4007 1508 4076 ἐξάγοιντο,
1547 4008 1637 4060 διὰ
1685 4008 1745 4061 τὸ
1786 4008 1864 4078 μὴ
1895 4009 1953 4073 ἐς

385 4088 678 4154 ἀκουσίους
704 4092 947 4161 ἀνάγκας
981 4097 1355 4167 περιπίπτειν.
1399 4095 1457 4151 '0
1490 4098 1546 4150 δέ
1580 4097 1816 4166 πόλεμος
1853 4098 1953 4166 τὴν

387 4182 710 4254 καθημέραν
741 4185 973 4255 ἀπορίαν
1004 4188 1420 4257 ὖφαιρούμενος,
1442 4188 1611 4257 βίαιος
1637 4187 1956 4254 διδάσκαλος

386 4276 483 4328 καὶ
522 4278 631 4328 τῶν
664 4279 928 4347 πρότερον
989 4280 1288 4336 δοκούντων
1344 4282 1666 4352 ἀτολμήτων
1714 4280 1951 4350 γίνεται.

399 4365 753 4430 Ἐσ-τασίαζον
782 4365 874 4422 οὖν
913 4370 969 4421 ai
1018 4371 1199 4433 πόλεις
1233 4373 1403 4425 πᾶσαι
1450 4374 1602 4443 κοινῇ
1641 4372 1777 4442 πρὸς
1822 4373 1952 4436 τοὺς

2057 3183 2399 3242 simulantes.
2433 3190 2488 3235 et
2517 3197 2575 3235 se
2605 3181 2725 3249 ejus
2766 3180 3058 3235 ﬁdissimos
3088 3183 3449 3250 appellantes.
3480 3182 3632 3235 Tan-

2055 3271 2177 3325 dem
2205 3274 2357 3341 quasi
2381 3272 2607 3324 morbus
2633 3270 2853 3341 quidam
2880 3254 3060 3341 gravis
3116 3286 3179 3327 ac
3203 3271 3432 3340 pestifer
3457 3280 3631 3324 totum

2056 3364 2359 3417 Romanum
2387 3363 2645 3431 depastus
2695 3363 3025 3432 imperimn,
3077 3363 3279 3419 multos
3319 3364 3484 3419 etiam
3537 3363 3635 3434 qui

2056 3456 2212 3526 prius
2245 3454 2507 3510 moderati
2561 3464 2617 3509 et
2656 3455 2876 3510 lenibus
2899 3455 3234 3511 videbantur
3263 3455 3526 3527 ingeniis,
3565 3450 3633 3511 ad

2055 3547 2287 3601 similem
2318 3546 2666 3600 insolentiam
2699 3547 3038 3617 provocavit.
3060 3546 3196 3602 Nam
3229 3548 3282 3602 in
3314 3564 3469 3618 pace,
3502 3547 3635 3603 dum

2054 3637 2262 3692 bellum
2313 3637 2490 3698 abest,
2557 3652 2680 3697 cum
2732 3638 2919 3704 urbes,
2976 3647 3090 3693 tum
3165 3640 3362 3710 privati
3407 3641 3635 3712 probam

2056 3737 2295 3784 mentem
2347 3728 2652 3798 possident,
2683 3740 2980 3800 turpesque
3028 3740 3082 3784 et
3108 3730 3335 3785 vitiosas
3387 3733 3632 3786 actiones

2057 3834 2399 3888 nequaquam
2449 3819 2822 3894 susciperent,
2853 3825 2980 3889 quia
3013 3820 3224 3875 scilicet
3248 3822 3448 3876 invitos
3477 3822 3545 3876 ad
3571 3821 3628 3877 id

2055 3914 2205 3971 nulla
2232 3914 2530 3969 necessitas
2556 3923 2731 3986 urget.
2752 3918 2822 3970 At
2848 3930 2980 3969 vero
3013 3915 3218 3971 bellum
3252 3917 3629 3987 quotidianam

2055 4008 2267 4076 copiam
2299 4007 2628 4061 subtrahens
2670 4018 2727 4062 ct
2775 3993 3132 4075 imminueris,
3193 4009 3468 4064 violentus
3515 4026 3630 4065 ma-

2056 4097 2227 4168 gister
2257 4097 2317 4152 fit
2346 4096 2511 4151 etiam
2539 4112 2730 4151 eorum
2765 4113 2889 4167 qua:
2919 4098 3076 4168 prius
3110 4100 3317 4154 nefaria
3359 4100 3634 4156 duceban-

2060 4199 2170 4242 tur.
2199 4187 2482 4243 Universae
2512 4188 2680 4255 igitur
2711 4191 2876 4245 urbes
2921 4191 3292 4245 communiter
3319 4201 3506 4246 contra
3536 4208 3635 4263 op-

2058 4281 2276 4334 timates
2299 4279 2687 4350 insurgebant;
2715 4289 2769 4334 et
2801 4281 2845 4336 si
2871 4296 2992 4352 qua:
3012 4280 3155 4337 forte
3183 4281 3238 4336 in
3273 4296 3338 4337 eo
3368 4284 3633 4340 tardiores

2058 4369 2311 4438 fuissent,
2349 4371 2630 4425 auditione
2677 4372 2807 4439 alibi
2835 4382 3136 4443 gestorum.
3165 4381 3355 4443 postea
3407 4374 3632 4428 modum

386 4450 800 4528 ἀρίστουςξΚαὶ
829 4460 876 4511 oi
908 4460 1280 4529 ὑστερίζοντες
1312 4480 1413 4515 που
1448 4465 1641 4516 πύστει
1670 4462 1779 4516 τῶν
1819 4481 1951 4534 προ-

2056 4477 2274 4515 omnem
2312 4462 2686 4524 excedebant,
2737 4472 2792 4518 et
2850 4442 3027 4533 usque
3073 4465 3139 4519 ad
3168 4442 3357 4518 sandes
3386 4479 3630 4533 quoque,

382 4548 794 4617 γεγενημένων,
829 4550 1028 4622 πολλὴν
1057 4552 1431 4607 ἐπεδείκνυντο
1477 4555 1803 4624 ύπερδολὴν,
1858 4556 1955 4608 καὶ

391 4640 554 4706 μέχρι
591 4640 766 4706 φόνων
790 4640 1095 4711 ἐχώρησαν,
1156 4644 1251 4695 καὶ
1297 4644 1500 4697 τούτων
1532 4643 1915 4715 ἀπανθρώπων
1936 4661 1952 4676 ο

389 4727 542 4797 καὶῆ
583 4744 641 4779 τε
691 4727 974 4795 ἀλόγιστος
1007 4729 1149 4805 ὁρμὴ
1199 4730 1391 4801 ἀνδρία
1437 4733 1720 4803 ἐνομίσθη,
1774 4734 1870 4786 καὶ
1920 4733 1955 4801 ἡ

387 4817 697 4889 ἀναλγησία
743 4820 878 4888 πρὸς
915 4821 976 4872 τὸ
1014 4824 1271 4890 συγγενὲς
1319 4826 1412 4878 καὶ
1450 4824 1829 4895 ἀσυμπάθεια,
1864 4825 1956 4895 βε-

388 4907 521 4959 ϐαία
553 4910 690 4979 πρὸς
715 4911 805 4964 τὸν
833 4909 1056 4982 βασιλέα
1108 4912 1311 4975 πίστις.
1347 4915 1453 4967 Καὶ
1485 4917 1514 4969 ό
1563 4916 1663 4983 μὲν
1693 4914 1829 4985 πρὸς
1859 4912 1958 4982 βα-

390 4998 549 5053 σιλέα
584 5001 676 5053 τὸν
736 5001 1196 5075 Καντακουζηνδν
1250 5004 1615 5074 χαλεπαίνων,
1674 5007 1768 5059 καὶ⁵
1821 5005 1955 5074 πρὸς

388 5087 578 5158 ὗΰρεις
634 5091 963 5160 ἐξαγόμενος
1011 5093 1244 5164 αἰσχρὰς
1298 5097 1390 5147 καὶ
1443 5096 1710 5165 χαλεπὰς,
1768 5095 1956 5157 πιστὸς

388 5178 587 5241 ἐδόκει,
634 5182 663 5234 ό
707 5183 998 5252 σωφρονῶν
1041 5184 1098 5237 δέ
1136 5185 1231 5238 καὶ
1276 5185 1524 5255 γλώσσης
1577 5185 1815 5257 κρατῶν,
1863 5186 1957 5238 καὶ

386 5267 453 5320 τὸ
508 5269 782 5339 προσῆκον
827 5267 958 5341 ἦθος
1011 5272 1310 5339 διασώζων,
1375 5275 1614 5340 ὕποπτος
1662 5273 1731 5346 ἦν
1769 5277 1955 5341 εὐθύς.

399 5355 637 5427 Ὀμοίως
657 5358 712 5412 δέ
743 5361 839 5414 καὶ
867 5361 929 5414 τὸ
972 5363 1376 5432 ἐπιϐουλεῦσαι,
1408 5370 1499 5421 καὶ
1530 5365 1700 5439 ψεύδη
1736 5369 1830 5420 καὶ
1865 5386 1958 5421 συ-

390 5448 688 5515 κοφαντίας
734 5449 1069 5516 πλάσασθαι,
1113 5455 1332 5527 δόκησιν
1377 5459 1646 5520 συνέσεως
1703 5461 1953 5529 παρεῖχε.

390 5537 502 5589 Καὶ
538 5539 573 5607 ἡ
624 5542 884 5610 προδοσία
921 5542 1030 5597 τῶν
1082 5546 1448 5608 οἰκειοτάτων,
1500 5547 1689 5618 ὥσπερ
1752 5565 1805 5602 τι
1848 5551 1957 5603 τῶν

388 5650 611 5702 αγαυων
670 5639 1022 5707 ἐπετηδεύετο
1088 5641 1228 5709 μετὰ
1293 5640 1558 5712 ὀνόματος
1621 5641 1952 5711 εὐπρεποῦς.

389 5723 551 5780 οὕτω
577 5726 728 5781 πᾶσα
761 5727 873 5781 ίδέα
902 5732 1267 5801 κακοτροπίας
1296 5731 1383 5787 δ.ὰ
1412 5732 1511 5794 τὰς
1560 5732 1783 5796 στάσεις
1830 5734 1952 5796 ταῖς

2057 4569 2258 4625 easque
2293 4556 2633 4610 truculentae
2659 4557 3050 4626 procedebant,
3081 4557 3429 4627 impetusque
3464 4557 3633 4611 ratio-

2060 4646 2145 4701 nis
2173 4662 2391 4716 expers,
2419 4647 2708 4712 fortitudo,
2744 4648 3044 4703 indolentia
3084 4664 3211 4720 erga
3253 4649 3479 4714 amicos,
3509 4658 3567 4702 et
3598 4664 3628 4702 α

2058 4741 2411 4794 miseratione
2458 4740 2671 4794 alienus
2717 4740 2960 4806 animus,
2988 4750 3247 4797 constans
3286 4756 3413 4811 erga
3454 4741 3630 4808 impc-

2055 4842 2292 4887 ratorem
2322 4831 2457 4888 ﬁdes
2514 4835 2939 4899 nominabatur;
2997 4834 3203 4904 quique
3246 4834 3541 4904 imperator
3571 4847 3629 4889 nl

2056 4927 2494 4981 Cantacuzmum
2546 4927 2774 4991 odisset.
2801 4938 2856 4984 et
2911 4929 2965 4983 in
3020 4944 3145 4983 eum
3174 4929 3318 4985 foeda
3344 4938 3403 4983 et
3432 4929 3655 4995 acerba,

2058 5012 2348 5067 maledicta
2374 5013 2625 5082 iactaret,
2660 5014 2835 5070 fidelis
2885 5015 3213 5070 habebatur.
3242 5014 3443 5070 Contra
3517 5027 3637 5066 mo-
3668 5000 3681 5004 ⁶

2056 5100 2264 5165 destus,
2306 5111 2362 5155 et
2391 5096 2590 5169 linguae
2628 5102 2957 5166 continens,
3011 5115 3065 5158 et
3112 5104 3375 5157 decorum
3431 5102 3484 5155 in
3542 5101 3632 5154 di-

2057 5191 2164 5245 etis
2191 5192 2459 5261 factisque
2510 5190 2835 5257 observans,
2893 5195 3079 5250 statim
3111 5202 3397 5264 suspectus
3446 5192 3630 5248 ﬁebat.

2055 5281 2264 5336 Eodem
2307 5284 2470 5335 modo
2534 5281 2762 5338 insidias
2796 5284 3063 5351 tendere,
3126 5287 3518 5353 memb-ciaque
3575 5295 3633 5339 et

2057 5371 2359 5428 calumnias
2399 5371 2775 5438 comminisci,
2803 5375 3117 5443 opinionem
3153 5375 3459 5445 prudentia:
3485 5389 3625 5428 con-

2054 5448 2298 5527 ciliabat,
2361 5460 3024 5534 familiarissimorumque
3078 5465 3401 5535 proditioni.
3476 5463 3627 5518 velut

2055 5553 2202 5609 bono
2236 5544 2400 5609 alicui
2437 5541 2734 5610 bonorilici
2764 5554 3002 5631 nonanis
3057 5555 3424 5611 consectando
3459 5569 3627 5622 opera

2059 5642 2313 5698 dabatur.
2346 5642 2437 5697 Sic
2469 5658 2632 5697 omne
2674 5660 2846 5712 genus
2890 5646 3259 5711 improbitatis
3291 5657 3344 5701 et
3374 5647 3629 5713 nequivite

2055 5741 2282 5800 propter
2307 5732 2605 5791 seditiones
2627 5745 2756 5793 tunc
2772 5753 2870 5809 per
2898 5739 3148 5795 civitates
3175 5748 3494 5810 usurpatum
3516 5744 3623 5808 est,
