4096 6300
367 358 476 421 ίλτ3

1530 358 2067 447 HISTORIARUM
2107 361 2337 421 LIBER
2383 357 2494 423 III.

3487 358 3594 424 875
3637 393 3644 401 -

345 470 538 540 ἔδρων,
578 475 626 523 οἱ
675 472 836 540 δῆμοι
866 473 922 525 δὲ
974 471 1077 524 ὑπὸ
1133 473 1239 524 τῶν
1289 473 1630 524 στασιαστῶν
1659 473 1919 540 ἀγόμενοι

2031 473 2266 527 nondum
2309 477 2544 528 transito
2599 481 2778 530 castra
2842 475 3066 540 locavit,
3123 469 3498 546 dt-lect'amque
3527 480 3596 534 de

343 564 579 620 καὶοτῶν
636 564 880 633 ἀπόρων,
939 566 1004 617 τὰ
1061 562 1335 632 βασιλίδος
1393 562 1623 634 ᾑροῦντο
1679 565 1910 632 μᾶλλον·

345 668 631 724 κρείττους
669 655 724 708 δὲ
746 658 794 707 οῖ
820 655 1004 707 πολλοὶ
1038 654 1311 726 πανταχοῦ
1347 657 1645 724 γινόμενοι,
1677 655 1913 723 διέφθει-

351 765 443 819 ρον
472 748 598 810 τοὺς
622 746 902 811 δυνατούς.
940 749 1050 800 Καὶ
1083 747 1344 817 σύγχυσις
1393 746 1542 817 δεινὴ
1583 747 1678 800 καὶ
1722 745 1919 811 ἀταξία

345 839 446 901 τὰς
477 839 661 901 πόλεις
686 841 961 908 κατεῖχεν.
1013 837 1362 908 Ἀλέξανδρος
1385 838 1441 889 δὲ
1465 839 1493 889 ὁ
1529 836 1732 890 Μυσῶν
1761 836 1916 906 βασι-

344 930 471 992 λεὺς
531 931 650 980 ἐπεὶ
684 928 783 992 τὴν
851 927 1129 998 ’Δδριανοῦ
1178 930 1476 998 κατασχεῖν
1503 929 1602 980 οὐκ
1652 927 1916 996 ἠδυνήθη,

348 1022 484 1090 πρὸς
534 1017 903 1089 Διδυμοτείχῳ
962 1020 1459 1090 ἐστρατοπέδευσεν
1518 1018 1710 1080 ἐλθὼν,
1751 1019 1919 1088 μήπω

360 1106 551 1167 διαϐάς
587 1108 678 1159 τὶν
713 1107 936 1177 Ἕϐρον.
991 1108 1256 1178 Στρατιάν
1311 1109 1367 1162 δὲ
1423 1108 1823 1177 ἀπολεξάμενος
1856 1111 1920 1160 ὲκ

345 1196 442 1267 τῆς
474 1197 609 1259 ἰδίας
639 1197 737 1248 οὐκ
759 1197 968 1267 ὀλίγην,
1011 1199 1144 1268 πρὸς
1177 1199 1272 1260 τάς
1303 1199 1446 1252 κατὰ
1475 1198 1696 1269 Θρᾴκην
1724 1197 1923 1262 ἐξαπέ-

349 1289 525 1340 στειλε
575 1286 757 1350 πόλεις
810 1289 1196 1358 ληῖσομένους.
1261 1290 1418 1344 Οὕτω
1467 1291 1524 1343 δὲ
1553 1290 1820 1359 συμϐἀνή
1855 1293 1920 1342 ὲκ

350 1375 642 1442 Βυζαντίου
706 1378 966 1446 ’Λγγὲλου
1016 1379 1112 1431 τοῦ
1169 1380 1442 1448 πιγκέρνη
1505 1379 1920 1449 ἀναστρέφουσα

349 1468 602 1538 στρατιὰ,
625 1468 723 1519 οὐκ
764 1467 967 1535 ὀλίγοις
1001 1468 1179 1521 αὐτῶν
1206 1469 1597 1538 περι-τυχοῦσα,
1629 1471 1719 1521 καὶ
1741 1469 1922 1537 κρείτ-

347 1576 457 1613 των
486 1562 776 1628 γενομένη,
813 1560 1105 1612 ἀπέκτεινε
1135 1563 1276 1612 κατὰ
1303 1560 1403 1629 τὴν
1440 1561 1642 1630 μάχην.
1689 1559 1922 1628 Ὁμοίως

347 1651 403 1702 ίὲ
437 1656 530 1703 καὶ
553 1650 682 1720 περ)⁵
703 1651 774 1702 τά
810 1650 1055 1720 παράλια
1087 1652 1187 1720 τῆς
1211 1650 1430 1720 Θρᾴκης
1483 1649 1660 1719 χωρία
1694 1649 1922 1718 στρατιά

2018 565 2268 618 exercitu
2294 579 2516 619 manum
2572 579 2679 619 non
2733 567 3000 621 modicam
3041 568 3107 620 ad
3132 568 3299 622 urbes
3352 566 3598 624 Thraciae

2032 654 2442 722 dcpopulandas
2493 655 2661 710 misit.
2693 655 2831 711 Tum
2885 657 2979 726 qui
3031 671 3096 710 ex
3136 673 3265 725 agro
3297 657 3599 727 Byzantina

2019 757 2144 796 cum
2195 743 2404 813 Angelo
2438 745 2701 814 pincerua
2750 748 3183 812 revertebantur,
3216 747 3468 817 plurimis
3505 763 3600 802 eo-

2020 848 2141 886 rum
2181 833 2355 899 obvii,
2387 837 2648 892 eonllictu
2685 853 2782 894 eos
2808 839 3090 894 occidunt.
3122 839 3388 894 Similiter
3449 842 3597 896 circa

2021 924 2296 980 maritima
2331 925 2584 982 Thracia:
2639 929 2759 982 loca
2791 930 2990 998 Persas,
3020 946 3145 986 cum
3171 939 3245 1012 ‘et
3288 932 3389 1001 ipsi
3422 948 3598 1002 popu-

2021 1015 2192 1068 latum
2241 1018 2697 1084 transmisissent,
2731 1019 2958 1090 reliquis
2997 1021 3181 1076 Moesis
3230 1037 3362 1078 casu
3407 1039 3600 1085 occur.

2022 1116 2238 1171 rentes,
2292 1108 2503 1177 aliquot
2561 1109 2897 1176 interiectis,
2947 1113 3261 1182 complures
3321 1115 3596 1183 capiunt:

2019 1184 2296 1249 cateri'ad
2329 1197 2632 1252 exercitum
2663 1214 2822 1254 suum
2856 1216 2965 1255 non
3019 1203 3180 1256 modo
3216 1203 3335 1258 sine
3387 1207 3594 1272 praeda,
3632 1248 3634 1250 τ

2023 1285 2115 1337 sed
2152 1296 2207 1338 et
2239 1286 2427 1341 multis
2453 1303 2674 1342 suorum
2701 1289 2920 1344 amissis
2952 1305 3011 1353 se
3042 1292 3341 1362 recipiunt.
3365 1293 3598 1348 Alexan-

2022 1375 2117 1427 der
2138 1390 2451 1445 quanquam
2499 1377 2654 1445 prius
2681 1377 3124 1434 Cantacuzenum
3175 1392 3595 1448 contemneret,

2023 1470 2167 1535 quod
2204 1469 2308 1522 sibi
2342 1485 2410 1522 ne,
2432 1471 2654 1538 paulum
2687 1471 2908 1540 quidem
2937 1474 3199 1528 resistere
3225 1490 3384 1543 posse
3409 1480 3600 1546 opina-

2023 1567 2197 1623 retur,
2217 1574 2339 1612 cum
2366 1570 2728 1630 praeterquam
2745 1565 2890 1632 quod
2914 1565 3174 1634 utrinque
3189 1577 3244 1621 et
3270 1583 3296 1619 a
3333 1567 3596 1622 Romanis

2024 1659 2130 1702 eta
2168 1650 2351 1703 Persis
2389 1649 2546 1705 lusus
2599 1645 2763 1718 esset,
2816 1653 3062 1708 audisset
3117 1654 3360 1725 insuper,
3417 1657 3594 1726 ipsum

350 1742 593 1812 Περσικὴ
618 1743 709 1794 ἐπὶ
738 1741 889 1794 λείαν
917 1742 1010 1794 καὶ
1038 1742 1179 1811 αὑτὴ
1217 1741 1613 1812 περαιωθεῖσαι,
1639 1742 1751 1803 τοῖς
1787 1740 1918 1793 ὑπο·

2031 1739 2388 1809 Didymotichi
2413 1741 2615 1796 habere
2640 1757 2896 1812 magnum
2930 1759 3216 1799 numerum
3246 1756 3594 1803 strenuorum

346 1831 554 1894 λοίποις
585 1831 693 1884 τῶν
743 1832 944 1885 Μυσῶν
1001 1833 1139 1885 κατά
1177 1833 1346 1902 τύχην
1382 1831 1738 1902 συντυχοῦσα,
1775 1833 1912 1884 ἀπέ-

2031 1828 2273 1894 militum,
2332 1830 2580 1899 reliquiis
2647 1809 2761 1886 suis
2813 1831 3037 1897 timuit,
3122 1848 3191 1887 ne
3239 1835 3377 1888 forte
3437 1849 3598 1908 secus

349 1922 531 1975 κτεινέ
558 1939 617 1974 τε
650 1923 746 1975 καὶ
801 1915 912 1974 εἷλε
968 1921 1178 1985 ζῶντας
1229 1921 1288 1987 ὲξ
1340 1923 1518 1976 αὐτῶν
1558 1922 1810 1986 πολλούς.
1860 1924 1923 1974 Οἱ

348 2011 407 2065 δὲ
431 2011 611 2064 λοιποὶ
664 2013 800 2080 πρὸς
839 2011 1204 2082 στρατόπεδον
1259 2011 1322 2064 τδ
1360 1998 1562 2064 οἰκεῖον
1595 2013 1920 2080 ἐπανῆλθον,

348 2103 412 2155 οὐ
460 2102 622 2170 μόνον
652 2101 866 2172 ἔχοντες
898 2102 1089 2172 μηδὲν,
1120 2101 1256 2154 ἀλλὰ
1279 2100 1374 2155 καί⁵
1403 2102 1509 2154 τῶν
1544 2102 1686 2154 ἰδίων
1699 2101 1925 2164 πολλοὺς

349 2196 739 2258 ἀποϐαλόντες.
787 2195 1137 2265 Ἀλέξανδρος
1158 2195 1212 2247 δὲ
1249 2193 1429 2248 καίτοι
1463 2194 1730 2265 πρότερον
1757 2209 1927 2246 κατα·

353 2287 696 2359 φρονητικῶς
729 2286 867 2357 πρὸς
927 2285 1385 2354 Καντακουξηνὸν
1415 2286 1505 2337 τὸν
1549 2285 1776 2355 βασιλέα
1804 2285 1927 2342 δια-

355 2381 631 2448 κείμενος,
689 2375 779 2432 οἷα
822 2378 888 2448 δὴ
917 2378 1162 2448 οἰόμενος
1218 2377 1351 2447 μηδὲ
1411 2375 1568 2443 ὀλίγα
1623 2375 1923 2445 δυνάμενον

351 2470 767 2525 ἀντιτάττεσθαι
799 2471 930 2538 πρὸς
959 2471 1140 2533 αὑτὸν,
1167 2467 1300 2536 πρὸς
1337 2467 1416 2536 τῷ
1449 2465 1722 2537 πληγῆναι
1747 2467 1927 2535 ἀμφο-

351 2563 590 2633 τέρωθεν
613 2561 717 2614 ὐπό
742 2579 801 2614 τε
841 2560 1130 2630 Ῥωμαίων
1165 2561 1258 2612 καὶ
1283 2559 1511 2627 Περσῶν
1532 2597 1548 2622 ,
1587 2558 1668 2610 έτι
1718 2557 1813 2611 καὶ
1837 2556 1928 2608 τὸν

356 2655 579 2724 βασιλέα
609 2653 912 2723 πυθόμενος
941 2655 998 2704 ὲν
1026 2651 1394 2720 Διδυμοτείχῳ
1425 2650 1688 2720 στρατιᾶς
1723 2648 1926 2717 πολλῆς

357 2750 452 2803 καὶ
483 2745 692 2814 ἀγαθῆς
728 2745 1006 2814 εὐπορεῖν,
1039 2743 1212 2794 ἔδεισε
1248 2744 1343 2793 καὶ
1376 2745 1505 2810 περὶ
1548 2742 1656 2794 τῶν
1705 2741 1927 2792 ὑπολοί-

358 2857 476 2892 πων
510 2839 583 2908 μὴ
611 2839 710 2888 οὐκ
742 2838 821 2897 εἰς
854 2834 1058 2900 ἀγαθὸν
1109 2831 1260 2900 αὐτῷ
1306 2832 1338 2896 ἡ
1373 2832 1543 2898 τόλμα
1575 2829 1758 2900 ἀποϐῇ
1783 2847 1796 2859 ·
1834 2830 1928 2882 καὶ

357 2932 581 2999 πέμψας
637 2924 956 2988 πρεσϐείαν,
986 2924 1257 2991 διελέγετο
1288 2922 1412 2992 περὶ
1441 2921 1682 2992 εἰρήνης,
1717 2921 1838 2974 Τῶν
1871 2922 1926 2974 δὲ

357 3021 569 3092 βασιλεῖ
597 3019 864 3073 συνόντων
891 3019 941 3069 οἱ
981 3018 1036 3068 ὲν
1083 3014 1290 3085 ἡλικίᾳ]
1314 3016 1408 3067 καὶ
1449 3013 1773 3085 θρασύτεροι
1829 3015 1928 3077 τὰς

356 3115 534 3184 ὁρμὰς
605 3111 680 3181 μὴ
728 3110 978 3179 δέχεσθαι
1029 3105 1306 3176 παρῄνουν
1355 3106 1455 3175 τὴν
1514 3107 1762 3205 εἰρήνην,
1803 3102 1925 3205 ἀλλ’
1955 3145 1998 3205 c

355 3204 620 3272 ἐξώρμων
671 3201 894 3270 βασιλέα
934 3198 1132 3270 μᾶλλον
1185 3197 1323 3268 πρὸς
1359 3197 1456 3264 τὴν
1503 3198 1705 3267 μάχην.
1747 3195 1808 3248 '0
1868 3195 1927 3248 δὲ

359 3299 462 3350 οὐκ
495 3295 762 3356 ἐπείθετο,
795 3291 930 3362 πρὸς
961 3290 1112 3344 οὐδὲν
1142 3290 1389 3359 οἰόμενος
1419 3289 1512 3342 τὸν
1543 3289 1777 3358 πόλεμον
1833 3288 1929 3341 αὐ-

358 3390 474 3456 τοῖς
508 3385 899 3456 λυσιτελήσειν.
934 3383 995 3435 El
1026 3383 1123 3452 μὲν
1155 3379 1264 3450 γὰρ
1294 3381 1433 3451 πρὸς
1468 3379 1928 3447 μόνους,ἔφασκε,

360 3480 580 3541 Μυσοὺς
615 3475 680 3548 ἦν
705 3478 732 3528 ὁ
757 3475 904 3544 ἀγὼν
939 3476 1092 3544 ἡμῖν,
1125 3467 1270 3542 εῖχεν
1312 3473 1376 3527 άν
1404 3488 1525 3525 τινα
1553 3473 1586 3541 ἠ
1615 3472 1791 3541 τόλμα
1839 3469 1927 3523 λό-

364 3587 494 3640 γον·
531 3573 650 3624 νυνὶ
685 3568 742 3621 δὲ
783 3569 842 3620 οὐ
881 3566 1083 3635 μᾶλλον
1112 3563 1335 3625 τούτους
1372 3563 1540 3632 ἡμᾶς,
1573 3560 1607 3628 ἢ
1642 3563 1788 3623 ὅπως
1819 3562 1926 3613 Βυ-

364 3665 613 3730 ζαντίους
643 3657 1000 3732 ἀμυνούμεθα
1025 3655 1129 3726 χρὴ
1156 3655 1398 3708 σκοπεῖν.
1437 3654 1534 3706 ’Δν
1556 3669 1616 3705 τε
1634 3653 1743 3722 γὰρ
1778 3654 1930 3723 νική-

367 3770 553 3823 σωμεν
578 3753 819 3817 Μυσοὺς,
849 3749 1003 3802 οὐδὲν
1041 3748 1193 3799 ἔσται
1238 3745 1423 3811 πλέον,
1461 3743 1494 3812 ἢ
1535 3745 1684 3805 ὅπως
1721 3745 1929 3797 ἐνθένδε

360 3845 728 3913 άπελάσωμεν
769 3858 784 3874 ο
816 3844 952 3910 ὅπερ
980 3840 1164 3900 αὐτοῖς
1196 3838 1407 3906 ἀνάγκη
1433 3836 1733 3910 πράττειν,
1777 3835 1842 3891 ἄν
1872 3853 1931 3890 τε

359 3935 692 4007 ἡττηθῶσιν,
733 3934 798 3988 άν
826 3947 895 4001 ,τε
960 3930 1060 3998 μή.
1134 3928 1260 3980 Ἐὰν
1308 3926 1366 3978 δὲ
1409 3924 1705 3994 ἡττώμεθα
1753 3925 1929 3987 αὐτοὶ,

358 4027 549 4095 ὥσπερ
574 4024 695 4078 καθ’
725 4025 882 4093 ἡμῶν
914 4021 1095 4073 αὐτῶν
1132 4015 1448 4085 ἐξεπίτηδες
1479 4015 1933 4083 στρατηγήσομεν

359 4125 472 4172 τοῖς
528 4115 828 4186 πολεμίοις.
891 4113 1055 4165 Ὥστε
1096 4110 1150 4162 τί
1190 4109 1258 4163 ἂν
1310 4107 1395 4178 εἴη
1445 4106 1646 4176 μᾶλλον
1705 4108 1934 4169 ἐκείνοις

363 4213 509 4282 ἣδιον
531 4211 620 4263 καὶ
641 4206 1099 4274 λυσιτελέστερον,
1124 4203 1155 4271 ἥ
1181 4203 1212 4271 ἡ
1221 4201 1327 4270 μᾶς
1347 4200 1544 4260 αὐτοὺς
1574 4197 1665 4251 ὑπ’
1681 4196 1932 4259 ἀϐουλίας

361 4303 400 4355 ἃ.
429 4301 656 4360 ἐκείνοις
686 4296 847 4366 εὐχῆς
869 4294 992 4360 ἄξια
1013 4292 1318 4362 νομίζεται,
1353 4291 1527 4342 ποιεῖν
1555 4305 1570 4354 ;
1608 4287 1818 4350 ’Ἄλλως
1846 4305 1928 4354 τε,

362 4394 486 4447 οὐδὲ
525 4391 881 4460 Ἀλεξάνδρου
915 4386 1193 4456 πρόφασιν
1243 4386 1380 4453 ἡμῖν
1407 4382 1623 4436 δικαίαν
1665 4382 1800 4450 πρὸς
1842 4381 1934 4436 τὸν

2026 1921 2274 1974 eveniret
2333 1922 2581 1986 audacia,
2632 1922 2925 1992 missisque
2985 1924 3298 1980 oratoribus
3347 1929 3414 1981 de
3466 1943 3598 1997 pace

2026 2008 2156 2078 egit.
2183 2008 2312 2074 Quae
2347 2009 2663 2080 imperatori
2698 2013 2966 2067 militabat
2987 2015 3271 2082 juventus,
3290 2017 3598 2072 mtzitisfer-

2027 2116 2156 2156 vore
2190 2103 2509 2166 animosior,
2565 2117 2756 2172 pacem
2815 2106 3152 2175 dissuadere,
3198 2109 3480 2178 magisque
3527 2116 3596 2163 ad

2026 2193 2274 2262 pradium
2335 2195 2635 2264 impellere.
2700 2196 2794 2251 Ille
2849 2197 3142 2265 repudiare
3191 2199 3501 2265 consilium,
3536 2215 3597 2256 ut

2027 2296 2219 2349 parum
2252 2283 2406 2338 utile.
2435 2283 2492 2339 Si
2539 2287 2708 2347 enim,
2740 2284 3049 2354 inquiebat.
3090 2302 3214 2341 cum
3249 2289 3380 2342 solis
3408 2289 3594 2346 Maesia

2027 2380 2304 2426 certamen
2337 2375 2496 2429 nobis
2547 2387 2712 2441 esset,
2747 2391 2854 2430 non
2883 2376 3002 2430 sine
3039 2377 3224 2446 aliqua
3253 2380 3464 2434 ratione
3499 2396 3596 2435 au-

2029 2461 2281 2516 deremus
2310 2481 2324 2517 :
2355 2479 2500 2518 nunc
2531 2481 2638 2519 non
2671 2466 2844 2535 magis
2869 2469 3144 2536 quomodo
3165 2468 3384 2535 horum,
3430 2486 3593 2540 quam

2027 2553 2301 2618 quomodo
2348 2554 2735 2626 Byzantiorum
2771 2573 2801 2610 a
2831 2557 2992 2612 nobis
3025 2560 3134 2612 vim
3181 2562 3593 2629 prohibeamus,

2027 2643 2482 2698 considerandum
2525 2656 2630 2700 est.
2671 2647 2796 2702 Sive
2845 2649 2991 2703 enim
3039 2649 3244 2705 Mtesos
3280 2653 3593 2716 vicerimus.

2029 2732 2166 2787 nihil
2197 2728 2602 2805 consequemur
2655 2738 2821 2804 aliud,
2874 2755 3040 2810 qnam
3076 2751 3138 2795 ut
3188 2742 3317 2798 hinc
3371 2746 3590 2804 abeant.

2029 2823 2174 2902 quod
2214 2825 2434 2894 quidem
2487 2830 2797 2884 necessario
2845 2832 2960 2900 jam
2993 2831 3174 2888 facere
3209 2834 3449 2900 debent;
3479 2841 3594 2896 sive

2027 2913 2312 2969 vincamur
2352 2917 2490 2988 ipsi,
2550 2921 2697 2974 velut
2745 2921 2811 2976 de
2849 2923 3112 2978 industria
3169 2924 3357 2981 hostes
3405 2937 3594 2992 contra

2028 3015 2261 3073 nosmet,
2299 3017 2553 3078 tanquam
2595 3012 2764 3068 duces
2794 3029 3004 3079 eorum,
3051 3017 3406 3072 adducemus.
3454 3019 3594 3086 Quid

2032 3095 2198 3167 igitur
2225 3100 2334 3153 illis
2357 3101 2655 3169 jucundius
2717 3109 2881 3173 atque
2907 3105 3268 3170 fructuosius,
3301 3124 3463 3176 quam
3496 3126 3596 3164 nos

2032 3189 2175 3258 ipsos
2216 3191 2447 3246 stultitia
2501 3195 2738 3262 quadam
2771 3198 3134 3262 committere,
3195 3201 3340 3267 quod
3393 3200 3495 3269 ipsi
3536 3213 3598 3255 ut

2031 3282 2251 3337 difficile
2293 3285 2437 3338 votis
2483 3285 2847 3354 expetendum
2902 3290 3165 3344 censent?
3192 3290 3272 3345 Ad
3307 3291 3423 3345 haec
3467 3307 3592 3346 cum
3675 3341 3682 3350 .

2030 3375 2339 3429 Alexander
2389 3376 2591 3444 justam
2645 3378 2803 3433 nobis
2831 3395 3024 3450 pugna:
3079 3381 3428 3438 occasionem
3481 3398 3593 3437 noo

2030 3468 2313 3531 obtulerit,
2347 3468 2531 3539 injusti
2561 3468 2754 3535 simus,
2779 3471 2884 3526 nisi
2909 3487 3095 3542 pacem
3120 3487 3246 3527 cum
3277 3488 3343 3528 eo
3363 3475 3595 3545 conjun-

2030 3575 2264 3630 gamus;
2307 3577 2415 3616 non
2447 3563 2592 3616 enim
2642 3578 2742 3618 nos
2774 3565 2988 3633 petivit,
3036 3567 3130 3620 sed
3191 3580 3317 3620 cum
3375 3567 3480 3620 alia
3529 3567 3596 3621 de

2031 3667 2194 3707 causa
2247 3652 2356 3707 huc
2405 3654 2671 3719 venisset,
2739 3657 2901 3712 nobis
2957 3657 3102 3712 haud
3147 3658 3339 3713 volens
3389 3659 3577 3713 nocuit

2031 3743 2210 3810 Quare
2235 3748 2363 3816 quia
2399 3761 2500 3802 nec
2531 3749 2818 3818 profutura
2855 3758 2940 3804 est
2963 3750 3120 3805 nobis
3148 3750 3452 3814 dimicatio,
3499 3767 3599 3804 nec

2033 3835 2227 3889 idonea
2257 3838 2375 3907 ejus
2417 3853 2581 3893 causa
2629 3837 2884 3902 oﬂertur,
2935 3855 3039 3909 pax
3070 3841 3452 3907 amplectenda
3489 3849 3595 3893 est.

2033 3926 2130 3979 His
2153 3927 2310 3982 dictis
2324 3929 2791 3997 legatosaccersit,
2809 3932 2875 3985 de
2892 3930 3098 3985 laedere
3121 3932 3434 4000 respondet,
3458 3941 3515 3986 et
3529 3940 3597 3984 ad

2034 4019 2049 4071 i
2074 4019 2086 4066 l
2125 4028 2406 4088 promptos
2436 4021 2592 4074 donis
2620 4021 2872 4085 honorat,
2900 4031 3067 4090 atque
3099 4023 3164 4075 ad
3194 4035 3324 4077 suos
3347 4023 3597 4085 remittit,

2036 4109 2263 4178 ipseque
2318 4125 2415 4179 per
2455 4125 2586 4164 suos
2635 4113 2701 4164 ad
2747 4112 3116 4166 Alexandrum
3168 4113 3374 4184 legatos
3421 4112 3600 4168 laedit;

2035 4201 2340 4254 Conﬁrmat.
2376 4201 2510 4254 Dum
2571 4210 2772 4255 autem
2799 4216 2956 4272 reges
2989 4204 3056 4257 ad
3106 4203 3596 4259 constabiliendam

2037 4291 2329 4344 amicitiam
2348 4298 2605 4360 pararent
2623 4293 2939 4357 convenire,
2959 4293 3158 4347 hiemis
3187 4294 3603 4350 intervenientis

2037 4381 2306 4449 asperitas
2347 4397 2463 4436 rem
2496 4383 2786 4436 distiuuit:
2824 4382 2991 4454 446
3020 4399 3127 4452 pra:
3155 4400 3261 4452 qua
3295 4400 3419 4438 cum
3447 4385 3599 4441 Moesi

363 4485 598 4552 πόλεμον
649 4479 1091 4551 παρεσχημένου,
1121 4475 1442 4544 ἀδικοίημεν
1484 4475 1551 4526 ἂν
1605 4474 1654 4524 ει
1710 4473 1786 4542 μὴ
1813 4473 1928 4524 δια-

2037 4473 2092 4525 in
2123 4472 2492 4527 tabernaculis
2521 4471 2820 4541 perdurare
2849 4473 3166 4542 nequirent,
3239 4473 3508 4531 militibus
3548 4490 3604 4530 et

361 4574 588 4626 λύεσθαι
624 4569 924 4638 ἐθέλοιμεν.
957 4567 1032 4619 Οὐ
1059 4565 1166 4634 γὰρ
1195 4565 1328 4634 ἡμῖν
1364 4579 1428 4631 γε
1469 4564 1924 4632 ἐπεστράτευσεν,

361 4667 481 4719 ἀλλ’
510 4663 594 4732 ἐφ’
644 4662 839 4732 ἑτέραν
901 4659 1176 4728 πρόφασιν
1240 4655 1428 4718 ἐλθὼν,
1488 4653 1636 4707 ἄκων
1697 4652 1928 4721 ἔϐλαψεν

358 4757 536 4826 ἡμᾶς,
581 4751 723 4807 ὥστε
750 4751 844 4826 καὶ
877 4751 940 4802 ἐκ
978 4746 1069 4800 τοῦ
1098 4746 1173 4816 μὴ
1202 4744 1502 4798 λυσιτελεῖν
1529 4745 1664 4813 ἡμῖν
1692 4742 1784 4793 τὸν
1829 4740 1929 4794 πό-

363 4848 555 4916 λεμον,
584 4844 679 4896 καὶ
724 4842 787 4893 ὲκ
822 4838 918 4891 τοῦ
971 4837 1046 4906 μὴ
1082 4839 1352 4906 πρόφασιν
1383 4834 1599 4887 δικαίαν
1628 4832 1929 4900 εἰληφέναι,

364 4940 465 5009 τὴν
494 4937 716 5006 εἰρήνην
756 4933 955 5002 μᾶλλον
983 4928 1248 4997 αἱρετέον.
1276 4925 1515 4980 Τοιαῦτα
1565 4925 1757 4989 εἰπὼν,
1804 4925 1932 4986 τοὺς

369 5031 623 5101 πρέσϐεις
650 5024 1067 5098 προσεκαλεῖτο,
1123 5021 1218 5075 καὶ
1246 5018 1583 5090 ἐχρημάτιζε
1617 5020 1743 5087 περὶ
1773 5034 1934 5070 σπον-

364 5127 495 5178 δών.
528 5123 636 5174 Καὶ
686 5118 809 5172 ἐπεὶ
862 5116 1104 5170 κάκεῖνοι
1149 5111 1466 5166 διαλύεσθαι
1524 5105 1661 5182 ἦσαν
1695 5109 1928 5177 ἕτοιμοι,

367 5217 551 5271 αὑτοῖ,
615 5211 711 5281 μὲν
754 5209 903 5279 δῶρα
949 5204 1252 5276 παρασχὼν
1283 5245 1298 5269 ,
1363 5203 1692 5271 ἀπέπεμπεν
1750 5203 1829 5262 εἰς
1875 5201 1936 5252 τὸ

368 5303 750 5376 στρατόπεδον.
802 5299 1106 5370 Πρεσϐείαν
1139 5297 1195 5350 δὲ
1251 5295 1473 5363 πέμψας
1510 5294 1644 5363 πρὸς
1683 5292 1933 5356 Ἀλέξαν-

367 5401 518 5471 δρον,
551 5398 642 5448 καὶ
671 5393 832 5453 αὐτὸς
881 5391 1132 5443 ἐϐεϐαίου
1158 5388 1255 5450 τὰς
1288 5386 1542 5448 σπονδάς.
1584 5385 1934 5454 Βουλομένων

328 5492 428 5544 ξ’ὃὲ
460 5489 568 5542 τῶν
606 5486 874 5554 βασιλέων
904 5485 994 5537 καὶ
1045 5482 1296 5552 ἀλλήλοις
1332 5480 1605 5532 συνελθεῖν
1635 5481 1722 5529 ἐπὶ
1757 5477 1938 5545 φιλίας

372 5583 574 5652 μᾶλλον
601 5577 908 5648 βεϐαιώσει,
941 5574 1267 5628 διεκώλυσεν
1305 5573 1333 5624 ὀ
1379 5571 1586 5640 χειμὼν
1614 5569 1936 5636 ἐπιγενόμε-

371 5692 461 5736 νος
495 5671 761 5741 σφοδρόςο
796 5669 884 5734 ὑφ’
938 5663 998 5721 οὗ
1054 5668 1127 5734 μὴ
1173 5666 1467 5733 δυνάμενον
1511 5661 1571 5713 τὸ
1625 5662 1939 5730 στράτευμα

371 5763 581 5821 Μυσῶν
633 5760 1015 5828 διακαρτερεῖν
1068 5757 1158 5808 ἐπὶ
1191 5755 1418 5824 σκηναῖς
1465 5751 1821 5822 ἀνεζεύγνυον
1860 5753 1940 5815 εἰς

599 5861 872 5915 ΡΑτιιοι..
905 5855 1023 5912 Gn.
1050 5849 1245 5911 CLIII.

2035 4566 2192 4633 equis
2211 4563 2418 4632 aliquot
2435 4565 2640 4618 enectis
2665 4562 2924 4633 frigorum
2953 4564 3322 4632 magnitudine
3383 4571 3600 4621 ιιοιιιυιιι
3706 4635 3711 4641 1

2036 4665 2397 4711 reverterunt.
2427 4657 2556 4710 Post
2583 4655 2697 4709 haec
2738 4657 3030 4725 imperator
3054 4654 3469 4712 Canlacuzenus
3493 4661 3604 4712 Au-

2038 4755 2249 4813 gustam
2277 4743 2344 4797 de
2369 4759 2498 4813 pace
2536 4744 2731 4798 iterum
2792 4745 3067 4814 appellat,
3113 4746 3360 4814 petitque
3403 4762 3472 4802 ne
3496 4762 3602 4817 qua

2039 4835 2190 4902 prius
2220 4834 2542 4896 temeritate,
2571 4836 2722 4904 paria
2754 4844 2851 4887 aut
2873 4835 3144 4890 deteriora
3171 4839 3337 4891 etiam
3389 4839 3444 4892 in
3501 4853 3602 4908 po-

2040 4937 2247 4982 sterum
2269 4928 2637 4996 aggrediatur.
2671 4927 2811 4994 Quin
2854 4929 3036 4998 potius
3064 4945 3190 4983 cum
3222 4945 3290 4984 ex
3342 4935 3606 4990 anteactis
3664 5000 3673 5008 ι

2037 5018 2146 5086 jam
2175 5019 2510 5085 cognoverit,
2551 5018 2754 5072 bellum
2793 5030 2934 5072 istuc
2965 5020 3272 5073 Romanum
3314 5022 3601 5088 imperium

2041 5105 2302 5160 funditus.
2315 5105 2657 5175 perditurum
2682 5145 2698 5170 ,
2730 5121 2929 5174 pacem.
2950 5109 3204 5160 admittat
3231 5122 3244 5160 :
3274 5123 3332 5160 se
3360 5123 3601 5177 quoque.

2043 5197 2170 5251 licet
2203 5211 2301 5265 par
2331 5197 2445 5262 pari
2483 5196 2690 5250 referre
2718 5199 2912 5271 possit,
2945 5197 3250 5251 communis
3279 5199 3399 5252 ιεοηί
3444 5214 3604 5254 causa

2044 5291 2111 5344 ab
2169 5288 2338 5342 armis
2386 5287 2751 5340 libentissime
2799 5288 3192 5341 discessurum.
3231 5287 3463 5356 Legatus
3489 5302 3607 5342 erat

2045 5381 2138 5451 qui
2168 5390 2225 5434 et
2248 5381 2403 5444 alias,
2431 5379 2742 5432 Demetrius
2768 5379 3126 5448 Sguropulus,
3149 5391 3204 5434 et
3234 5396 3342 5433 una
3369 5379 3607 5434 Joannes

2046 5472 2250 5526 I’othus
2272 5487 2338 5525 ex
2365 5470 2554 5539 Angeli
2588 5471 2866 5538 pincernae
2893 5470 3227 5524 domesticis.
3257 5471 3336 5523 Ad
3379 5472 3463 5540 leg
3483 5472 3606 5537 ιιὶοε
3657 5469 3661 5472 ’

2047 5581 2172 5618 nem
2204 5563 2295 5631 qui
2332 5557 2576 5631 Byzantii
2612 5576 2712 5629 pro
2768 5561 3119 5628 imperatrice
3142 5561 3451 5615 tractabant
3500 5561 3605 5615 im;

2047 5660 2255 5728 perium
2281 5637 2792 5722 Iniltil'rcspmnlent,
2824 5655 2916 5706 sed
2944 5651 3179 5720 legatum
3213 5653 3611 5732 alterum‘mul-Z

2051 5750 2120 5806 tis
2145 5731 2432 5820 aspersum
2475 5745 2733 5802 comitiis
2771 5747 2825 5802 in
2861 5747 3164 5801 custodiam
3211 5731 3609 5816 compingunt:

3179 5842 3259 5902 28
