4096 6300
584 291 694 355 879

1757 263 2087 353 .‘fOANNlS
2125 287 2652 352 CANTACUZENI

3729 297 3821 361 880

567 406 888 464 tradendam
912 423 1008 465 eos
1036 409 1280 465 allectat.
1307 409 1434 465 Dies
1469 425 1578 478 quo
1605 408 1781 464 veniat
1815 406 2131 478 prazlinitur.

2256 403 2523 468 Βασιλεὺς
2578 410 2636 458 δέ
2661 408 2688 458 ό
2720 402 3176 477 Καντακουξηνδς
3199 406 3464 460 διενοεῖτο
3501 406 3599 476 μέν
3626 407 3697 471 ὡς
3719 411 3816 478 ἅμα

565 501 664 555 llle
725 512 1015 574 assumpto
1069 503 1315 559 exercitu
1371 502 1437 556 ad
1503 503 1638 557 alias
1689 501 1936 556 Thracia:
1989 501 2153 555 urbes

564 595 773 650 iturum
841 595 1073 665 illasque
1126 596 1482 651 obsessurum
1527 595 1756 666 (ingens,
1795 610 1862 649 ne
1934 596 2028 664 qui
2084 593 2152 648 ab

564 689 814 756 Augusta
851 687 1092 751 stabant,
1124 688 1383 742 infestum
1417 690 1535 758 ejus
1567 702 1850 742 accessum
1881 685 2152 741 Adriano-

566 779 739 846 polim
771 777 1123 842 nuntiarent,
1155 793 1317 848 supra
1347 779 1612 842 Hebrum,
1643 787 1702 832 ut
1736 778 2002 846 postridie
2043 778 2148 830 mi-

562 868 717 920 leteut
748 865 1200 931 transducturus,
1221 876 1414 943 ‘castra
1453 868 1601 922 facit.
1637 867 1801 921 Mittit
1829 882 2050 937 quoque
2079 865 2147 920 ad

562 960 886 1016 Pineernam
912 959 1330 1023 consobrinum,
1369 961 1462 1030 qui
1488 975 1613 1016 cum
1642 960 1952 1014 millenario
1983 961 2146 1015 Pam-

560 1051 774 1121 pliilnm
812 1052 1091 1115 servabat,
1133 1060 1188 1108 et
1215 1068 1396 1107 arcem
1436 1068 1563 1108 cum
1594 1052 1719 1108 aliis
1741 1052 1922 1123 gravis
1963 1067 2144 1106 arma-

563 1155 700 1197 turae
725 1157 787 1196 ac
805 1143 1105 1213 sagittariis
1149 1154 1369 1200 centum
1391 1163 1404 1198 :
1429 1145 1673 1210 mandat,
1707 1153 1767 1200 ut
1791 1145 1977 1201 relicta
2002 1144 2147 1200 arcis

559 1235 829 1296 custodia,
860 1244 918 1288 et
957 1251 1024 1290 ex
1059 1237 1306 1306 equitatu
1363 1239 1643 1301 trecentis,
1673 1238 1766 1308 qui
1831 1236 2145 1292 inferiorem

559 1325 751 1380 urbem
780 1333 1094 1391 tuerentur,
1129 1343 1253 1382 cum
1278 1331 1718 1401 casterogagmine
1747 1329 1814 1384 ad
1837 1345 1895 1385 se
1921 1329 2142 1396 veniat;

557 1416 724 1488 449
747 1433 970 1472 causam
1009 1419 1233 1489 insuper
1257 1420 1446 1486 addit,
1490 1437 1591 1476 cur
1623 1436 1752 1476 eum
1790 1429 1974 1476 vocet.
2013 1421 2144 1475 Pin-

555 1523 726 1561 cema
767 1507 1027 1576 cpinatus
1061 1509 1236 1565 solum
1261 1511 1402 1565 arcis
1431 1511 1745 1580 praesidium
1776 1512 1898 1566 urbi
1925 1526 2144 1567 servan-

556 1604 640 1652 dae
666 1598 942 1666 sufﬁcere,
986 1615 1111 1654 eum
1150 1609 1267 1655 toto
1294 1602 1544 1670 equitatu
1576 1601 1754 1657 adeat.
1783 1600 1923 1656 Cum
1957 1611 2142 1656 autem

565 1705 664 1758 per
711 1699 927 1745 noctem
962 1691 1110 1744 illam
1161 1692 1363 1747 Boreas
1417 1693 1686 1762 spirasset
1728 1695 2139 1759 vehementius,

2254 491 2349 566 ἦρι
2381 495 2659 565 Βυζαντίῳ
2710 497 3182 568 ἐπιστρατεύσων,
3212 499 3309 551 καὶ
3351 500 3742 570 πειρασόμενος
3766 505 3808 555 εί

2254 588 2473 642 δύναιτο
2503 589 2684 658 ἐαυτῷ
2716 590 3002 643 ὑποποιεῖν
3028 605 3043 620 ⁸
3076 591 3229 660 ὅμως
3268 591 3362 644 τοῦ
3401 593 3674 662 χειμῶνος
3709 597 3806 659 τοῖς

2256 679 2315 731 ἐν
2376 678 2819 748 Ἀδριανουπόλει
2895 681 3128 750 ἄρχουσι
3193 683 3579 752 προσπέμπων
3649 685 3812 754 κρύφα

2255 769 2352 821 καὶ
2385 769 2792 838 διαλεγόμενος,
2821 769 3010 822 ἔπεισε
3035 771 3136 839 τὴν
3165 770 3320 824 πόλιν
3345 772 3692 843 ἐγχειρίζειν.
3718 777 3812 828 Καὶ

2253 861 2377 912 ἐπεὶ¹
2423 861 2734 913 συντέθειτο
2781 860 2964 930 ήμέρα
3009 861 3132 914 καθ’
3163 862 3230 933 ἢν
3281 861 3390 916 ἔδει
3434 864 3700 932 ἐπελθεῖν,
3727 867 3812 937 τὴν

2251 949 2418 1004 οὖσαν
2469 953 2732 1022 στρατιὰν
2784 953 3140 1023 παραλαόὼν,
3184 955 3278 1008 καὶ
3313 957 3812 1027 προσποιησάμενος

2251 1044 2335 1113 ἐφ’
2363 1044 2558 1114 ἐτέρας
2580 1045 2679 1113 τῆς
2704 1045 2929 1117 Θρᾴκης
2960 1045 3261 1115 βαδιεῖσθαι
3296 1047 3488 1111 πόλεις
3518 1048 3596 1111 ὡς
3621 1051 3814 1124 πολιορ-

2249 1130 2438 1210 κῆσων
2477 1137 2562 1190 ἵνα
2601 1137 2676 1208 μὴ
2711 1137 2816 1191 ὑπό
2845 1156 2941 1191 του
2968 1140 3077 1192 τῶν
3121 1139 3191 1193 τὰ
3242 1141 3519 1210 βασιλίδος
3545 1145 3812 1213 ᾑρημένων

2250 1227 2389 1296 πρὸς
2437 1226 2537 1298 τὴν
2595 1227 2878 1300 Ἀδριανοῦ
2929 1231 2962 1300 ἡ
3012 1229 3202 1299 ἔφοδος
3258 1233 3503 1303 μηνυθῇ,
3549 1234 3697 1302 παρά
3735 1235 3812 1286 τὸν

2250 1318 2455 1389 Ἕϐρον
2487 1320 2988 1390 ἐστρατοπέδευσεν
3017 1322 3093 1384 ὡς
3135 1323 3586 1394 περαιωσάμενος
3621 1328 3698 1389 είς
3726 1326 3810 1397 τὴν

2248 1411 2571 1482 ὑστεραίαν.
2619 1412 2852 1490 Πέμψας
2911 1413 2969 1468 δὲ
3018 1414 3116 1467 καὶ
3177 1415 3317 1486 πρὸς
3374 1417 3686 1488 Πιγκέρνην
3733 1419 3809 1470 τὸν

2245 1503 2490 1574 ἀνεψιὸν,
2547 1500 2608 1556 τὸ
2674 1504 2974 1575 Πάμφυλον
3037 1505 3155 1573 ἅμα
3217 1507 3415 1576 χιλίοις
3484 1508 3806 1579 φρουροῦντα

2247 1594 2633 1664 στρατιώταις,
2665 1597 2764 1666 τήν
2790 1613 2850 1649 τε
2882 1597 3181 1669 ἀκρόπολιν
3211 1599 3424 1669 ἑτέροις
3458 1600 3704 1661 ὁπλίταις
3727 1601 3809 1654 καὶ

2244 1684 2422 1754 ψιλοῖς
2450 1685 2692 1750 τοξόταις
2718 1688 2940 1752 έκατδν,
2973 1690 3195 1744 ἐκέλευε
3220 1693 3320 1762 τὴν
3354 1693 3414 1744 ἐν
3438 1695 3506 1762 τῇ
3539 1693 3808 1762 ἀκροπόλει

555 1780 800 1833 ιιιιυςυιυ
839 1780 1042 1834 [lumen
1069 1781 1412 1852 conglaciare
1461 1784 1750 1854 incipiens,
1787 1785 1928 1840 intra
1975 1785 2131 1842 breve

2246 1781 2491 1850 φρουρὰν
2539 1779 2936 1849 καταλιπόντα,
2965 1785 3061 1836 καὶ
3088 1785 3188 1854 τῆς
3228 1787 3501 1856 στρατιᾶς
3525 1786 3624 1852 τῆς
3667 1788 3804 1840 inm-

557 1884 778 1943 tempus
812 1882 984 1928 totum
1009 1875 1213 1945 frigore
1245 1876 1513 1932 constitit.
1539 1877 1730 1946 Neque
1754 1887 1940 1934 tamen
1988 1880 2132 1936 adeo

554 1966 709 2019 firma
758 1982 821 2022 ae
871 1967 1038 2020 densa
1093 1975 1211 2021 erat
1241 1967 1472 2036 glacies,
1532 1981 1593 2023 ut
1626 1977 1852 2039 portare
1894 1971 2138 2042 equitem

552 2072 758 2132 posset,
798 2078 896 2118 nec
927 2063 1208 2117 consuetis
1247 2063 1567 2118 actuariolis
1603 2066 1898 2119 transitum
1927 2068 2135 2135 praebe-

489 2177 508 2184 ·-
551 2156 666 2219 bat,
699 2155 794 2208 sed
817 2153 884 2207 ad
915 2155 1056 2210 istuc
1087 2155 1299 2222 durior,
1327 2157 1392 2208 ad
1419 2169 1598 2224 equos
1625 2170 1760 2210 vero
1790 2157 2139 2212 sustinendos

551 2245 797 2313 fragilior
846 2247 1191 2316 apparebat:
1237 2247 1361 2317 qua).
1413 2263 1502 2302 res
1555 2248 1784 2303 multam
1821 2250 2135 2306 transeundi

552 2336 958 2391 dubitationem
1014 2337 1275 2393 habebat.
1323 2335 1429 2392 Per
1469 2339 1588 2392 dies
1637 2339 1822 2408 itaque
1851 2340 2136 2396 duodenos

551 2425 851 2494 imperator
899 2425 970 2479 ibi
1008 2426 1056 2480 in
1101 2426 1313 2480 stativis
1355 2429 1576 2491 mansit,
1615 2437 1939 2496 exspectans
1963 2429 2135 2499 siquo

553 2520 716 2571 modo
748 2519 973 2571 daretur
1004 2517 1247 2574 Hebrum
1277 2521 1674 2573 transmittere.
1718 2518 1774 2573 In
1814 2519 1900 2574 bis
1937 2520 2136 2575 Adaia-

552 2609 791 2676 n0polim
825 2610 1085 2680 Byzantio
1133 2605 1591 2680 supervenientes
1622 2613 1865 2666 sexcenti
1909 2613 2132 2680 milites,

429 2744 448 2762 .
552 2717 668 2756 rem
704 2701 1108 2756 disturbarunt.
1143 2703 1211 2757 At
1233 2701 1530 2772 Pamphili,
1563 2703 1823 2772 quoniam
1866 2705 2131 2760 Pincerna

548 2807 676 2848 cum
694 2793 870 2863 copiis
887 2807 994 2847 ltOIt
1014 2794 1221 2859 aderat,
1236 2809 1347 2863 pra:
1361 2794 1564 2861 quibus
1576 2809 1644 2864 op
1655 2793 1837 2860 pidaui
1851 2795 2131 2864 quippiam

553 2887 679 2941 novi
714 2894 924 2962 tentare
954 2884 1298 2947 metuebant,
1335 2886 1491 2954 prius
1525 2885 1850 2953 quibusdam
1889 2900 1920 2939 e
1945 2886 2130 2954 praesi-

553 2982 644 3034 dio
675 2977 904 3048 pecunia
941 2984 1226 3030 numerata
1262 2975 1568 3044 corruptis,
1617 2983 1674 3030 et
1723 2989 1790 3030 eo
1829 2976 2126 3045 perpulsis,

551 3082 611 3125 ut
629 3085 756 3124 vasa
779 3069 918 3122 clam
937 3074 1291 3132 evacuarent,
1313 3067 1368 3119 in
1395 3055 1596 3134 quibus
1624 3080 1820 3135 aquam
1844 3073 1898 3119 et
1917 3066 2124 3129 vinum,

549 3163 671 3217 etsi
709 3161 838 3230 quid
890 3159 1035 3214 aliud
1093 3157 1349 3228 patibile,
1385 3160 1679 3214 serVabant
1708 3169 1839 3226 (non
1883 3156 2029 3211 enim
2059 3172 2125 3211 ex

553 3265 721 3326 puteo
749 3251 968 3306 haurire
997 3251 1216 3316 licebat,
1245 3260 1536 3320 postquam
1571 3249 1674 3303 sibi
1698 3247 1871 3304 factas
1897 3248 2124 3303 insidias

550 3346 890 3412 BUdlt'l'.|lll.),
931 3347 1188 3400 custodes
1252 3344 1397 3397 arcis
1454 3344 1617 3398 simul
1647 3351 1756 3398 tota
1785 3344 1915 3398 urbs
1949 3359 2125 3413 oppu-

549 3451 696 3511 gnat,
732 3447 1185 3506 expugnatosque
1225 3445 1280 3489 et
1309 3435 1650 3490 intoleranda
1684 3437 1776 3490 siti
1831 3450 2124 3505 oppressos

551 3530 616 3578 ad
638 3528 968 3580 tlelltOllcm
1004 3524 1191 3593 adigit,
1227 3538 1291 3576 ac
1325 3533 1436 3577 trt-s
1459 3539 1651 3577 eorum
1692 3526 1861 3580 duces
1887 3527 2118 3589 vinctos,

547 3631 676 3669 cum
703 3623 816 3667 toto
847 3613 1101 3683 praesidio
1132 3616 1202 3666 ad
1230 3619 1530 3680 Augustam
1559 3614 1886 3685 Byzantium
1919 3615 2120 3683 mittit;

545 3723 689 3778 quos
721 3705 966 3777 Byzantii
1006 3704 1406 3760 contumeliose
1452 3712 1712 3758 tractatos
1753 3713 1809 3759 et
1861 3705 2121 3760 omnibus

547 3801 798 3854 ἀέριοι-ἤιε
833 3797 1105 3851 laceratos
1135 3797 1186 3850 in
1213 3809 1490 3850 carcerem
1527 3795 1815 3850 dederunt.
1857 3795 1918 3851 In
1955 3797 2124 3865 impe-

547 3877 785 3944 ratorem
818 3903 1043 3959 quoque
1071 3885 1516 3942 Cantacuzenum
1559 3901 1618 3942 se
1643 3886 1894 3958 improbe
1918 3886 2118 3957 {gesse-

548 3994 698 4048 runt,
729 3998 759 4037 ιι
798 3981 945 4036 nulla
1001 3978 1295 4034 verborum
1344 3979 1650 4048 petulantia
1709 3987 2118 4050 temperantes,

545 4089 720 4142 eoque
766 4068 1080 4126 stoliditatis
1129 4069 1407 4145 progressi
1457 4077 1605 4132 sunt,
1667 4076 1730 4124 ut
1793 4070 1839 4124 si
1896 4070 2120 4139 quando

544 4161 782 4219 Joannes
817 4161 1121 4228 imperator
1178 4158 1500 4214 adolescens
1534 4173 1564 4213 e
1603 4160 1806 4228 palatio
1847 4161 1916 4216 ad
1949 4161 2118 4218 animi

550 4255 1014 4309 oblectamentum
1065 4229 1324 4322 quo'piam
1366 4251 1612 4319 prodiret
1652 4251 1744 4320 (ob
1777 4259 1994 4306 aetatem
2049 4253 2124 4307 si-

543 4345 1179 4414 quidem-immaturam,
1229 4342 1460 4411 publica:
1487 4341 1568 4395 rei
1617 4340 1754 4396 nihil
1796 4343 2116 4413 attingebat,

2245 1871 2348 1940 κῆς
2377 1872 2751 1940 τριακοσίους,
2787 1871 2932 1927 ὥστε
2979 1878 3243 1946 φρουρεῖν
3287 1877 3390 1945 τὴν
3444 1879 3602 1932 κάτω
3643 1878 3800 1942 πόλιν,

2239 1963 2368 2025 τοὺς
2402 1962 2628 2026 λοιποὺς
2666 1963 3032 2032 ἀναλαϐόντα,
3061 1967 3221 2037 ἦκειν
3249 1967 3390 2037 πρὸς
3417 1968 3604 2034 αὑτὸν,
3636 1969 3804 2038 ἐδήλου

2238 2051 2296 2106 δὲ
2328 2055 2424 2106 καὶ
2456 2052 2556 2124 τὴν
2593 2053 2773 2108 αἰτίαν
2819 2049 2886 2125 ἦς
2923 2055 3090 2110 ἕνεκα
3129 2056 3372 2111 καλοῖτο.
3420 2057 3481 2111 ’0
3522 2058 3569 2111 δ’
3610 2060 3802 2129 ήγησά·

2243 2160 2404 2211 μενος
2435 2144 2534 2212 τὴν
2564 2147 2624 2198 ἐν
2651 2148 2718 2216 τῇ
2761 2146 3060 2216 ἀκροπόλει
3088 2148 3260 2218 μόνην
3280 2153 3538 2219 φρουρὰν
3564 2151 3802 2218 ἀρκέσειν

2239 2234 2380 2304 πρὸς
2406 2235 2746 2306 κατάσχεσιν
2779 2238 2878 2308 τῆς
2914 2239 3146 2304 πόλεως,
3169 2241 3297 2304 τοὺς
3334 2243 3546 2306 ἱππέας
3577 2243 3803 2303 ἅπαντας

2239 2325 2600 2397 παραλαϐὼν,
2628 2324 2763 2399 ἧκεν
2789 2329 2867 2392 ὠς
2891 2328 3139 2398 βασιλέα.
3183 2331 3297 2402 Τῆς
3325 2334 3504 2404 αὐτῆς
3539 2335 3598 2388 δὲ
3623 2334 3799 2398 νυκτὸς

2236 2421 2332 2472 τοῦ
2375 2422 2551 2490 Βορέα
2582 2422 2920 2487 πνεύσαντος
2946 2423 3303 2496 δριμύτερον,
3331 2427 3432 2494 ἅμ’
3465 2429 3648 2500 ἡμέρα
3679 2445 3798 2500 κρυ-

2237 2510 2567 2564 σταλοῦσθαι
2611 2513 2812 2583 ἤρχετο
2855 2515 2884 2567 ὁ
2943 2515 3213 2584 ποταμὸς,
3262 2515 3356 2569 καὶ
3389 2516 3560 2587 ὀλίγῳ
3591 2517 3798 2587 ὕστερον

2235 2605 2382 2670 ἄπας
2428 2607 2734 2676 διεφαίνετο
2795 2608 3230 2678 κρυσταλωθείς.
3282 2609 3426 2663 Οῦτε
3469 2611 3528 2664 δὲ
3557 2610 3796 2664 τοσοῦτον

2235 2692 2347 2768 εἶχε
2401 2700 2764 2770 στερρότητος
2802 2701 2832 2752 ό
2875 2701 3075 2768 πάγος,
3105 2700 3248 2754 ὥστε
3284 2701 3508 2771 στέγειν
3546 2703 3668 2765 τοὺς
3713 2703 3793 2754 ἱπ·

2235 2789 2376 2850 πέας
2403 2788 2492 2842 ἐπ’
2524 2790 2689 2843 αὑτὸν
2732 2791 3192 2861 περαιουμένους,
3215 2791 3340 2845 οὔτε
3375 2796 3495 2856 τοῖς
3527 2792 3794 2863 συνήθεσιν

2232 2881 2480 2944 ἀκατίοις
2529 2882 2666 2952 πρὸς
2720 2883 2812 2936 τὸν
2869 2886 3041 2953 πόρον
3089 2884 3262 2937 δίοδον
3319 2888 3613 2956 παρεῖχεν,
3671 2884 3791 2938 ἀλλὰ

2232 2973 2325 3026 τοῦ
2358 2973 2479 3043 μὲν,
2514 2974 2875 3045 στερρότερος
2903 2973 3182 3043 ἐφαίνετο,
3228 2975 3320 3028 τοῦ
3355 2977 3578 3043 στέγειν
3602 2975 3655 3028 δὲ
3682 2975 3791 3035 τοὺς

2234 3064 2454 3131 ἵππους,
2513 3064 2932 3134 ἀδρανέστερος.
2997 3065 3089 3116 Διὸ
3150 3069 3242 3118 καὶ
3298 3067 3544 3135 ἀπορίαν
3602 3065 3786 3135 πολλὴν

2230 3157 2460 3226 παρεῖχε
2520 3156 2656 3226 πρὸς
2716 3155 2808 3208 τὸν
2865 3155 3054 3225 πόρον.
3126 3157 3471 3210 Δυοκαὶδεκα
3552 3159 3645 3226 μὲν
3707 3150 3788 3206 οὖν

2228 3247 2718 3318 ἐστρατοπεδεύετο
2746 3247 2909 3298 ἐκεῖό
2935 3247 3192 3316 βασιλεὺς
3221 3249 3462 3318 ἡμέρας,
3493 3248 3786 3319 περιμένων

2227 3334 2276 3387 εί
2323 3335 2511 3404 τρόπῳ
2539 3334 2605 3402 δή
2654 3351 2761 3386 τινι
2813 3336 3094 3402 ἐγγένοιτο
3138 3337 3232 3388 τὸν
3279 3337 3487 3406 Ἔόρον
3529 3337 3779 3406 διαϐῆναι.

2237 3426 2326 3478 Ἐν
2375 3427 2600 3489 ταύταις
2651 3428 2708 3480 δὲ
2742 3430 2806 3480 ἐκ
2839 3428 3142 3491 Βυζαντίου
3183 3421 3250 3500 τῇ
3289 3429 3582 3500 Ἀδριανοῦ
3614 3432 3779 3496 ἐπιγεο

2225 3519 2441 3588 νόμενοι
2510 3519 2843 3588 στρατιῶται
2927 3520 3201 3586 ἑξακόσιοι
3285 3521 3385 3590 τὴν
3459 3523 3781 3592 ἐπιχείρησιν

2223 3611 2529 3678 ἀφείλοντο.
2575 3612 2664 3663 Ἐν
2718 3613 2995 3681 Παμφίλῳ
3047 3613 3105 3664 δέ
3155 3615 3333 3666 ἐπεὶό
3379 3616 3685 3686 Πιγκέρνης
3725 3613 3777 3665 οὐ

2224 3701 2430 3772 παρῆν,
2466 3701 2609 3772 ἔχων
2652 3703 2754 3771 τὴν
2801 3705 3071 3773 στρατιὰν
3114 3705 3182 3777 ἢν
3215 3709 3418 3761 ἐκεῖνοι
3467 3708 3778 3760 ἐδεδοίκεσαν

2223 3797 2592 3865 νεωτερίζειν,
2622 3798 2890 3868 πρότερον
2920 3798 3029 3850 τῶν
3057 3799 3316 3869 φρουρῶν
3355 3816 3516 3862 τινας
3551 3799 3775 3870 χρήμασι

2221 3887 2681 3958 διαφθείραντες,
2739 3891 2834 3942 καὶ
2889 3889 3183 3953 πείσαντες
3238 3892 3308 3945 τὰ
3363 3894 3569 3961 ἀγγεῖα
3624 3889 3775 3956 λάθρα

2221 3978 2505 4042 ἐκκενοῦν,
2535 3980 2594 4032 ἐν
2633 3975 2717 4042 οἷς
2768 3979 2912 4050 ὕδωρ
2957 3981 3148 4046 αὐτοῖς
3189 3982 3284 4036 καὶ
3330 3977 3498 4047 οἶνος,
3534 3985 3625 4036 καὶ
3657 3980 3707 4034 εί
3730 3995 3774 4030 τι

2221 4069 2412 4138 ἕτερον
2458 4069 2626 4140 ὑγρὸν
2675 4069 2813 4138 πρὸς
2863 4070 3024 4123 πόσιν
3069 4071 3434 4140 ἐφυλάττετο,
3486 4074 3548 4126 οὐ
3594 4072 3692 4140 γὰρ
3721 4071 3775 4120 ἐκ

2222 4162 2408 4231 πηγῆς
2446 4159 2714 4231 ἀρύεσθαι
2763 4162 2912 4231 ἐνῆν,
2942 4161 3018 4226 ὡς
3054 4162 3324 4216 ἐπύθοντο
3354 4165 3664 4234 ὴνυσμένην
3691 4161 3772 4229 τὴν

2221 4252 2535 4322 ἐπιϐουλὴν,
2557 4251 2797 4321 πόλεμον
2832 4252 2970 4321 πρὸς
3016 4253 3143 4316 τοὺς
3188 4254 3245 4305 ἐν
3289 4255 3591 4326 ἀκροπόλει
3625 4269 3772 4323 φρον-

2224 4341 2351 4410 ροὺς
2387 4345 2542 4412 κοινῇ
2589 4343 2745 4396 πᾶσα
2781 4343 2815 4411 ἡ
2863 4343 3016 4406 πόλις
3063 4341 3448 4414 ἀναιροῦνται.
3493 4347 3599 4399 Καὶ
3627 4348 3770 4397 ἐκπο-

547 4434 768 4506 quando
829 4443 982 4501 patre
1035 4433 1305 4487 moriente
1361 4447 1469 4485 non
1512 4432 1640 4500 plus
1694 4447 1893 4488 novem
1946 4449 2120 4491 annos

2234 4434 2614 4502 λιορκήσαντες
2659 4433 2719 4484 ἐν
2767 4431 3000 4496 ταύταις
3048 4436 3171 4498 ταῖς
3217 4436 3480 4505 ἡμέραις,
3520 4434 3772 4504 παρεστή-

545 4539 710 4583 natus
742 4526 900 4596 erat),
928 4526 1200 4597 praemissi
1235 4525 1458 4594 quidam
1489 4525 1558 4580 ab
1580 4525 1645 4579 iis
1672 4526 1767 4595 qui
1798 4527 1863 4580 ad
1905 4527 2123 4582 clavum‘

545 4617 832 4681 sedebant,
867 4615 1098 4668 feminas
1123 4615 1278 4684 juxta
1317 4628 1381 4668 ac
1415 4615 1563 4669 viros
1610 4615 1928 4683 incitabant,
1972 4627 2032 4671 ut
2057 4632 2123 4672 eo

545 4717 867 4762 transeunte
896 4705 1179 4775 complura
1236 4704 1512 4774 longeque
1553 4708 1871 4776 turpissima
1902 4710 1955 4763 in
1981 4707 2124 4764 Can-

545 4809 877 4851 tncuzenum
923 4795 1212 4848 maledicta
1242 4805 1580 4850 evomerent.
1625 4797 1692 4852 Et
1718 4799 1820 4854 hoc
1860 4809 2119 4870 tanquam

537 4888 846 4956 jucundum
897 4900 1096 4938 munus
1148 4886 1464 4955 imperatori
1499 4903 1668 4956 puero
1712 4889 2030 4946 oder-ebant.
2059 4890 2122 4948 In

544 4982 700 5035 hisce
767 4993 933 5048 porro
1013 4979 1370 5032 contumeliis
1419 4979 1584 5032 etiam
1652 4979 1756 5034 hoc
1810 4981 1910 5035 sibi
1940 4982 2120 5049 prole-

543 5074 681 5128 bant
745 5075 854 5138 (ut
921 5069 1122 5139 populo
1174 5069 1433 5141 majorem
1512 5071 1763 5126 timorem
1816 5072 2119 5142 lingenera-

553 5165 720 5233 rent),
750 5165 1208 5227 Cantacuzenum,
1246 5165 1288 5216 si
1317 5162 1585 5226 vinceret,
1608 5163 1866 5218 atrociter
1891 5165 2120 5234 injurias
2176 5232 2183 5242 .

545 5263 995 5329 persecuturum,
1056 5253 1108 5307 id
1162 5252 1309 5323 quod
1361 5255 1470 5307 illis
1503 5270 1567 5308 ex
1608 5254 1878 5310 sententia
1917 5255 2117 5309 evenit.

545 5347 738 5404 Omnis
771 5359 1002 5412 namque
1032 5343 1282 5413 populus,
1319 5359 1430 5412 quo
1460 5345 1633 5411 magis
1669 5343 1990 5407 insaniebat,
2018 5343 2122 5395 hoc

549 5439 788 5508 amplius
821 5437 1114 5501 metuebat,
1152 5444 1357 5490 etcum
1392 5436 1493 5488 sibi
1536 5435 1858 5506 condignam
1910 5449 2120 5488 merce-

544 5532 668 5585 dem
704 5545 992 5599 repensum
1040 5531 1104 5582 iri
1141 5527 1479 5592 formidaret,
1512 5528 1776 5581 audacius
1795 5529 2028 5592 furebat,
2066 5533 2122 5582 et

543 5637 574 5672 a
611 5620 1056 5674 recoaciliationc
1105 5621 1276 5688 magis
1304 5619 1654 5673 abhorrebat.
1682 5617 1845 5688 450
1871 5617 1988 5671 Nisi
2031 5618 2120 5672 ille

545 5712 754 5762 viribus
782 5711 1006 5764 omnino
1027 5711 1325 5764 destitutus
1355 5725 1416 5764 ac
1464 5711 1711 5779 perditus
1740 5721 1899 5773 esset,
1933 5727 2038 5764 non
2062 5727 2118 5766 se

2225 4539 2389 4576 etme
2433 4523 2674 4592 μάλιστα
2713 4523 2842 4594 δίψῃ
2895 4525 3249 4592 πιεσθέντας.
3285 4529 3563 4597 Δήσαντες
3588 4526 3640 4579 δὲ
3663 4521 3770 4583 τούς

2222 4631 2282 4667 τε
2309 4616 2652 4686 ἡγουμένους
2683 4615 2884 4682 αὐτῶν,
2920 4617 2969 4670 οῖ
2999 4613 3144 4688 ἦσαν
3166 4621 3334 4688 τρεῖς,
3370 4619 3466 4674 καὶ
3502 4619 3600 4688 τὴν
3624 4632 3769 4686 φρου-

2227 4706 2346 4777 ρὰν,
2374 4705 2629 4777 ἔπεμψαν
2666 4707 2748 4770 είς
2788 4707 3060 4778 βασιλίδα.
3108 4709 3215 4764 Οὓς
3268 4712 3366 4764 καὶ
3415 4713 3768 4780 ἀτιμάσαντες

2221 4801 2270 4851 oi
2294 4800 2350 4851 ἐν
2372 4798 2651 4867 Βυζαντίῳ
2690 4800 2786 4851 καὶ
2815 4802 2927 4852 πᾶν
2963 4795 3103 4864 εἶδος
3133 4803 3536 4872 ἐπιδειξάμενοι
3567 4805 3766 4869 ἐρεσχε-

2223 4887 2364 4951 λίας,
2397 4887 2542 4956 εἰχον
2590 4890 2647 4940 ἐν
2686 4888 3076 4958 δεσμωτηρίῳ.
3115 4890 3351 4959 Ὁμοίως
3403 4892 3460 4943 δέ
3509 4889 3600 4943 καὶ
3649 4888 3766 4956 πρὸς

2225 4978 2449 5048 βασιλέα
2496 4980 2586 5031 τὸν
2641 4980 3096 5048 Καντακουζηνὸν
3149 4981 3352 5052 πολλὴν
3425 4969 3766 5035 ἐνεδείκνυντο

2223 5068 2644 5139 ἀγνωμοσύνην,
2679 5072 2938 5140 οὐδεμιᾶς
2965 5071 3177 5142 ὕϐρεως
3207 5075 3542 5143 φειδόμενοι.
3578 5073 3665 5132 Εἰς
3689 5084 3764 5120 το·

2225 5158 2416 5213 σοῦτον
2441 5159 2499 5212 δὲ
2528 5160 2798 5230 προῆλθον
2835 5163 3087 5226 ἀτοπίας,
3116 5163 3191 5226 ὠς
3225 5165 3279 5215 εί
3319 5181 3449 5216 ποτε
3496 5163 3589 5216 καὶ
3631 5161 3763 5230 βασι·-

2223 5253 2348 5313 λεὺς
2378 5253 2406 5304 ό
2442 5251 2561 5316 νέος
2602 5251 2854 5320 Ἰωάννης
2886 5253 3070 5322 προῗοι
3099 5254 3207 5306 τῶν
3241 5253 3533 5322 βασιλείων
3572 5249 3760 5323 ῥᾳστώ-

2224 5359 2322 5413 νης
2357 5343 2541 5396 εἵνεκα
2567 5359 2582 5374 ο
2618 5343 2680 5395 ού
2719 5343 2829 5412 γὰρ
2857 5343 2920 5413 δὴ
2960 5343 3111 5414 αὐτῷ
3143 5361 3196 5396 τι
3225 5344 3330 5398 τῶν
3359 5346 3552 5398 κοινῶν
3585 5343 3763 5414 inpat-

2221 5449 2345 5486 τετο
2377 5433 2464 5486 διὰ
2493 5434 2553 5486 τὸ
2597 5432 2696 5502 τῆς
2725 5433 2942 5503 ἡλικίας
2981 5435 3120 5488 πάνυ
3151 5435 3361 5502 ἀτελὲς,
3385 5436 3535 5489 ἐννέα
3575 5436 3672 5503 γὰρ
3702 5428 3761 5501 ἦν

2223 5524 2318 5595 ἐτη
2355 5524 2596 5593 γεγονὼς
2647 5525 3011 5590 τελευτῶντος
3060 5528 3156 5580 τοῦ
3191 5532 3395 5599 πατρός
3422 5545 3437 5560 ο
3457 5529 3560 5581 ὑπὸ
3585 5528 3684 5580 τῶν
3703 5524 3762 5575 sa

2225 5617 2526 5685 πράγματα
2559 5615 2795 5685 ἐχόντων
2821 5619 3278 5689 προπεμπόμενοί
3307 5638 3473 5686 τινες,
3499 5620 3583 5673 τὸν
3610 5618 3764 5686 δῆμον

2222 5706 2528 5776 διηρέθιζον
2559 5706 2655 5757 καὶ⁵
2683 5706 2884 5776 ἀνδρας
2913 5710 3008 5760 καὶ
3038 5713 3326 5778 γυναῖκας,
3360 5712 3497 5765 ὥστε
3532 5710 3755 5770 διῖόντος,
