4096 6300
316 433 416 498 881

1459 452 2004 516 HISTORIARUM
2045 455 2279 515 LIBER
2313 455 2429 517 III.

3454 455 3570 520 882
3617 408 3691 521 ἐξ

318 549 521 611 πολλὰς
590 553 1052 628 Καντακουζηνοῦ
1111 560 1204 614 τοῦ
1263 561 1533 632 βασιλέως
1593 565 1888 636 καταχέειν

1994 565 2066 621 ita
2089 581 2218 620 eum
2248 574 2682 637 contempturos.
2716 566 2784 620 Et
2818 580 2943 620 cum
2983 565 3155 620 nihilo
3179 563 3362 627 minus
3383 564 3471 620 his
3501 565 3570 619 de

314 639 585 711 λοιδορίας
632 638 732 696 καῖ
777 647 855 710 ὡς
909 649 1150 717 μάλιστα
1206 653 1503 721 άσέμνους.
1558 656 1672 710 Καὶ
1727 655 1889 710 τοῦτο

310 727 450 800 ἦσαν
477 734 552 796 ὥς
580 752 629 787 τι
677 735 851 806 δῶρον
895 739 1004 793 τῶν
1043 741 1219 813 ἡδέων
1258 747 1630 814 προσάγοντες
1673 745 1753 816 τῷ
1783 747 1887 814 νέῳ

313 823 545 894 βασιλεῖ.
611 829 825 892 Σκοπὸς
878 831 938 884 δὲ
983 828 1053 903 ἦν
1097 835 1281 899 αὐτοῖς
1331 837 1440 889 τῶν
1488 836 1699 908 ὕϐρεων
1734 838 1889 892 οὐδὲν

315 919 414 985 μὲν
443 911 607 990 ἦττον
637 919 779 974 ὥστε
826 923 926 976 καὶ
979 925 1070 977 τὸν
1114 925 1286 994 δῆμον
1317 929 1397 990 είς
1425 927 1652 981 πλείονα
1679 928 1887 998 ἐμϐάλ-

310 1009 423 1062 λειν
456 1010 641 1078 φόϐον,
672 1012 750 1076 ὡς
797 1015 847 1066 εί
901 1017 1246 1084 περιγένοιτο
1284 1021 1311 1071 ὁ
1363 1019 1621 1089 βασιλεὺς
1649 1020 1889 1090 ίπικρῶς

311 1102 690 1174 ἀμυνούμενος
740 1106 830 1160 διὰ
872 1108 972 1172 τὰς
1021 1109 1229 1180 ὕϐρεις.
1277 1113 1344 1165 Ὃ
1373 1113 1640 1167 καὶκατὰ
1685 1115 1888 1167 σκοπὸν

311 1192 584 1256 ἐξέϐαινεν
606 1197 813 1260 αὐτοῖς.
849 1201 1060 1264 Πάντες
1094 1202 1204 1270 γὰρ
1238 1204 1288 1256 oi
1319 1203 1486 1274 δῆμοι
1532 1205 1642 1275 ὅσῳ
1686 1205 1889 1275 μᾶλλον

312 1282 682 1351 ἐξεμαίνοντο,
703 1287 958 1340 τοσοῦτον
981 1278 1279 1345 ἐδεδίεσαν.
1297 1291 1391 1345 Ἐκ
1415 1292 1608 1347 τούτου
1627 1293 1685 1347 δέ
1708 1293 1811 1348 άσύ
1821 1311 1891 1362 μ-

312 1373 471 1426 ϐατοι
507 1370 651 1444 ἦσαν
695 1377 835 1445 πρὸς
885 1379 1116 1443 ἐκεῖνον,
1154 1381 1250 1434 καὶ
1292 1380 1498 1451 μᾶλλον
1535 1381 1890 1449 ἐξεμαίνοντο

311 1465 401 1518 διὰ
425 1465 526 1534 τὴν
552 1466 618 1518 ἐκ
647 1466 746 1536 τῆς
770 1468 1098 1532 ἀντιδόσεως
1128 1473 1379 1540 πονηρὰν
1415 1471 1628 1528 ἐλπίδα.
1677 1471 1890 1533 Ἀλλως

310 1553 358 1606 δ’
395 1557 544 1616 ὅπως
591 1558 686 1610 καὶ
731 1561 899 1611 πᾶσιν
952 1560 1215 1614 ὑπόνοιαν
1262 1563 1604 1634 παρέχωσιν,
1629 1562 1706 1626 ὡς
1735 1566 1784 1616 εί
1816 1565 1890 1634 μὴ

311 1645 609 1716 διέφθαρτο
635 1650 847 1713 ἐκεῖνος
875 1651 972 1703 καὶ
1016 1652 1353 1724 ἐξησθένηκε
1392 1658 1766 1719 παντάπασιν,
1790 1657 1893 1710 οὐκ

313 1739 382 1790 ἂν
426 1739 568 1792 οὕτω
619 1741 1014 1811 κατεφρόνουν.
1052 1744 1219 1798 Οὐδὲν
1262 1741 1546 1819 οὖντῆττον
1576 1749 1669 1801 καὶ
1707 1749 1796 1803 διὰ
1825 1749 1895 1803 τὰ

311 1830 540 1881 τοιαῦτα
582 1829 641 1882 τό
682 1830 927 1896 ὑϐρίζειν
961 1832 1146 1897 αὐτοῖς
1203 1835 1585 1904 ἐπετηδεύετο,
1653 1837 1894 1906 μάλιστα

312 1920 371 1974 δὲ
407 1921 474 1974 ἵν’
523 1921 728 1986 ἐκεῖνος
775 1922 1206 1992 πυνθανόμενος,
1241 1926 1564 1999 ἀπαγορεύῃ
1610 1928 1709 1998 τὴν
1738 1930 1894 1998 είρήι

2003 657 2187 713 eausis
2216 657 2506 714 studerent
2529 672 2657 713 eum
2708 659 2993 713 cumulare
3032 656 3271 728 injuriis,
3328 655 3570 710 maxime

1992 757 2172 803 tamen
2209 748 2260 803 id
2291 749 2568 804 faciebant
2593 757 2655 803 ut.
2693 750 2778 804 his
2825 751 3118 804 intellectis
3155 763 3345 818 pacem
3377 747 3567 816 despe-

1991 850 2158 904 raret,
2192 855 2254 896 ea
2283 841 2632 910 imperatrice
2651 842 2873 897 conscia
2917 852 2973 896 et
3001 841 3206 896 libente
3234 840 3351 893 ﬁeri
3373 838 3570 908 Opina-

1991 937 2099 983 tus.
2122 931 2337 986 Etenim
2361 930 2500 985 nihil
2525 931 2593 986 ad
2624 931 2823 986 bellum
2849 933 3178 1002 requisitum
3205 939 3314 983 tam
3340 929 3566 990 durum.

1989 1036 2156 1088 quam
2214 1035 2408 1091 pacem
2465 1022 2627 1076 istam
2709 1022 3079 1092 periculosam
3137 1021 3575 1077 constituebant.

1991 1111 2173 1179 Quare
2207 1112 2276 1168 ad
2307 1127 2428 1168 eam
2476 1113 2886 1184 impediendam
2945 1113 3328 1185 excogitabant
3366 1113 3577 1167 machi-
3614 1161 3621 1185 ί

1988 1203 2376 1276 nabanturque
2408 1207 2612 1261 omnia.
2663 1207 3056 1262 Verumtamen
3100 1220 3287 1261 coram
3339 1175 3619 1275 impera-l

1990 1296 2130 1350 trice
2159 1297 2528 1353 verecundius
2585 1298 3062 1364 conviciabantur,
3110 1298 3258 1368 quod
3316 1297 3402 1350 illa
3455 1311 3577 1352 ser-

1991 1387 2171 1443 monis
2217 1389 2551 1458 proterviam
2601 1388 2770 1443 ferret
2828 1389 3134 1459 aegerrime,
3204 1388 3300 1443 sed
3357 1397 3576 1442 tantum

1991 1481 2342 1535 severissime
2359 1481 2709 1547 accusabant,
2727 1481 3125 1553 singularisque
3144 1481 3294 1535 illum
3328 1480 3572 1550 stuporis

1991 1581 2046 1625 et
2093 1574 2471 1642 perversitatis
2517 1575 2977 1641 condemnabam,
3030 1575 3174 1644 quod
3230 1575 3461 1630 summis
3508 1576 3576 1627 ah

1994 1660 2329 1730 imperatore
2355 1662 2647 1716 demortuo
2696 1663 2981 1719 beneﬁciis
3011 1673 3267 1731 ornatus,
3302 1675 3358 1720 et
3397 1675 3580 1720 tanto-

1996 1766 2122 1820 pere
2153 1751 2407 1817 dilectus,
2434 1770 2499 1807 ex
2518 1753 2788 1810 diametro
2815 1756 3082 1825 ingratus,
3112 1765 3166 1809 et
3198 1771 3325 1826 ergo
3357 1757 3476 1826 ejus
3517 1758 3579 1811 li-

1996 1841 2155 1895 heros
2173 1843 2468 1896 malevolus
2490 1844 2810 1900 exstitisset.
2827 1846 3005 1916 Atque
3027 1847 3100 1901 illi
3124 1847 3348 1918 quidem
3368 1849 3580 1919 linguas

1998 1935 2073 1987 ita
2102 1933 2306 1988 liberas
2333 1934 2624 2000 habebant,
2673 1947 2729 1990 et
2752 1937 3064 2006 patriarcha
3095 1938 3275 2008 legum
3320 1940 3578 1995 ecclesia-

313 2023 436 2073 νην,
466 2008 706 2076 νομίζων
737 2009 879 2063 κατά
902 2011 1131 2082 γνώμην
1160 2013 1230 2066 τὰ
1272 2014 1500 2068 τοιαῦτα
1541 2017 1888 2086 πράττεσθαι

1995 2026 2258 2079 stiearum
2285 2041 2532 2091 securus,
2576 2028 2750 2096 ipsum
2779 2028 3215 2084 Cautacuzmum
3249 2033 3341 2101 qui
3378 2031 3577 2085 bellum

312 2100 381 2167 τῇ
415 2097 666 2165 βασιλίδι.
698 2099 866 2153 Οὐδὲν
895 2101 1005 2171 γὰρ
1032 2103 1218 2166 αὐτοῖς
1262 2104 1405 2158 οὕτω
1431 2106 1606 2159 δεινὸν
1632 2108 1888 2175 ἐφαίνετο

313 2189 422 2242 τῶν
450 2189 584 2258 πρὸς
605 2191 695 2242 τὸν
725 2191 984 2262 πόλεμον,
1010 2194 1135 2246 ὅσον
1169 2197 1326 2263 ἄγειν
1357 2197 1602 2251 κίνδυνον
1632 2201 1664 2268 ἡ
1695 2201 1888 2268 εἰρήνη

313 2284 615 2352 ἐνομίζετο.
643 2283 734 2335 Διὸ
760 2284 854 2336 καὶ
883 2287 1063 2340 πάντα
1095 2287 1353 2340 ἐπενόουν
1387 2291 1481 2343 καὶ
1509 2292 1888 2360 ἐμηχανῶντο,

312 2376 454 2428 ὥστε
505 2374 580 2445 μῆ
620 2375 893 2442 γενέσθαι.
939 2377 1060 2432 Ἐπὶ
1100 2379 1199 2446 τῆς
1236 2379 1507 2448 βασιλίδος
1553 2383 1734 2450 μέντοι
1789 2384 1891 2434 οὐκ

313 2463 566 2532 άσέμνως
603 2463 779 2527 οὓτως
809 2465 1174 2536 ἐλοιδοροῦντο
1205 2485 1216 2496 ·
1267 2469 1404 2540 ὀργῇ
1447 2470 1558 2540 γάρ
1596 2471 1731 2540 πρὸς
1762 2474 1890 2536 τοὺς

311 2553 486 2618 οὕτως
541 2555 962 2624 ἀσελγαίνοντας
1007 2559 1232 2628 ἐφέρετο
1257 2576 1268 2588 '
1311 2560 1426 2613 ἀλλ’
1462 2561 1674 2631 ἠρῶντο
1723 2563 1890 2631 μόνον

312 2649 382 2701 τὰ
405 2649 709 2712 δεινότατα,
742 2649 844 2703 καῖ
885 2651 1085 2722 πολλὴν
1126 2653 1563 2722 κατεψηφίζοντο
1594 2655 1891 2726 σκαιότητα
1919 2658 1922 2661 ’

314 2742 410 2795 καὶ
447 2741 712 2810 πονηρίαν
737 2743 976 2811 τρόπων,
1010 2745 1092 2796 ὅτι
1122 2743 1396 2798 τοσούτων
1430 2747 1583 2814 παρὰ
1625 2747 1890 2817 βασιλέως

313 2833 710 2895 ἀπολελαυκὼς
737 2835 832 2886 καί
865 2833 1008 2887 οὕτω
1037 2835 1309 2905 φιληθεὶς,
1343 2839 1639 2906 ἀχάριστος
1684 2843 1747 2892 ἐκ
1777 2841 1892 2894 δια-

317 2925 524 2992 μέτρου
559 2927 653 2978 καὶ
680 2927 850 2987 κακδς
881 2927 1015 3006 περὶ
1047 2930 1172 2990 τοὺς
1211 2931 1423 2983 ἐκείνου
1455 2931 1651 2994 παῖδας
1682 2926 1888 2987 ὦπται.

326 3015 558 3069 Ἐκεῖνοι
613 3016 713 3085 μὲν
771 3012 868 3070 οὖν
925 3017 1100 3092 οὕτως
1155 3019 1552 3088 ὴκολάσταινον
1604 3023 1735 3092 περὶ
1797 3025 1893 3092 τὴν

315 3108 584 3175 γλῶτταν.
615 3109 725 3162 Καὶ
773 3112 802 3163 ό
843 3095 1194 3182 πατριάρχης
1224 3112 1381 3180 ὀλίγα
1413 3113 1445 3183 ἢ
1487 3114 1640 3166 οὐδὲν
1677 3118 1896 3183 φροντί-

315 3199 427 3262 ζων
456 3200 566 3253 τῶν
599 3201 1074 3271 ἐκκλησιαστικῶν
1106 3202 1346 3273 θεσμῶν,
1373 3205 1536 3258 αὐτόν
1580 3222 1640 3258 τε
1670 3207 1894 3277 βασιλέα

1991 2117 2218 2172 minime
2271 2120 2556 2182 excitarat,
2622 2121 2715 2173 sed
2777 2122 3008 2175 multum
3077 2138 3140 2178 ac
3200 2138 3344 2193 saepe
3386 2137 3576 2192 pacem

1991 2209 2351 2277 expetiverat,
2379 2211 2719 2265 anathemati
2772 2227 2898 2266 cum
2943 2216 3268 2284 sequacibus
3319 2217 3571 2288 subjecit,

1991 2305 2144 2371 quasi
2171 2301 2225 2356 in
2253 2303 2657 2372 imperatricem
2691 2319 2748 2358 se
2785 2320 3020 2376 nequam
3043 2308 3419 2376 praestitisset:
3449 2325 3572 2364 cum

1993 2404 2307 2448 tamennon
2342 2393 2456 2462 ipse
2481 2394 2658 2448 solum
2696 2411 2924 2464 prorsus
2969 2399 3306 2452 contrarium
3339 2398 3572 2463 faceret,

1991 2482 2088 2537 sed
2125 2492 2180 2537 et
2207 2498 2338 2538 suos
2367 2483 2434 2538 ad
2486 2482 2630 2538 idem
2663 2485 3072 2539 cohortaretur.
3112 2485 3225 2541 Nec
3254 2501 3384 2540 vero
3423 2487 3569 2540 illam

1991 2573 2280 2639 duntaxat,
2341 2574 2384 2627 si
2441 2573 2665 2644 quando
2713 2574 2830 2644 ejus
2877 2585 2996 2629 erat
3047 2574 3295 2630 habenda
3343 2577 3570 2635 mentio,

1991 2664 2421 2736 perhonoriﬁce,
2452 2681 2640 2720 verum
2668 2665 2806 2720 alios
2839 2681 3062 2735 quoque
3087 2667 3258 2738 magis
3285 2683 3313 2720 a
3337 2666 3574 2736 dignita-

1994 2756 2142 2810 tibus
2172 2771 2310 2826 quas
2327 2756 2820 2824 gerebant,‘quam
2857 2755 3094 2824 propriis
3124 2770 3314 2810 eorum
3338 2755 3576 2809 nomini-

1995 2845 2098 2904 bus
2126 2846 2501 2916 appellitabat.
2530 2847 2697 2902 Multa
2727 2856 2905 2902 tamen
2932 2863 2997 2901 ex
3033 2847 3100 2901 iis
3133 2862 3254 2916 quae
3293 2846 3572 2900 Androni-

1994 2951 2096 2992 cus
2150 2939 2450 3007 imperator
2498 2939 2699 3008 cuique
2722 2953 2912 2992 eorum
2957 2937 3280 3004 donaverat,
3337 2946 3398 2992 ut
3451 2951 3574 2990 cum

1996 3027 2202 3096 injuria
2235 3036 2584 3095 posterorum
2609 3027 2811 3082 donata
2854 3042 2962 3081 non
3020 3027 3306 3096 probabat.
3350 3026 3416 3080 Et
3448 3041 3575 3081 cum

1997 3119 2218 3189 quidam
2248 3118 2315 3172 de
2347 3120 2461 3174 suis
2485 3134 2670 3173 coram
2723 3119 2862 3186 ipso,
2903 3119 3294 3186 Apocauchum
3338 3118 3577 3174 cubiculi

1998 3213 2142 3264 sacri
2195 3209 2514 3279 praelectum
2544 3251 2558 3273 ,
2624 3217 2680 3262 et
2705 3209 2868 3262 alium
2915 3209 3209 3278 quemdam
3257 3209 3574 3280 Byzantium

317 3294 589 3364 μηδεμίαν
624 3295 906 3364 πρόφασιν
952 3296 1090 3366 πρὸς
1135 3297 1226 3349 τὸν
1271 3299 1506 3367 πόλεμον
1541 3301 1892 3368 παρεσχημέ-

2003 3301 2145 3368 turpi
2173 3298 2414 3352 convitio
2463 3299 2798 3364 incessisset,
2839 3313 2965 3353 eum
3005 3300 3267 3369 praecepit
3292 3302 3573 3371 vapulare,

318 3402 433 3450 νον,
477 3386 613 3438 ἀλλά
661 3379 755 3440 καὶ
807 3387 978 3440 πολλὰ
1007 3388 1266 3452 πολλάκις
1336 3389 1596 3460 δεηθέντα
1655 3388 1892 3442 διαλύσε-

2003 3387 2253 3455 dixitque
2297 3385 2624 3439 mulieribus
2655 3386 3041 3441 meretricibus
3070 3386 3346 3440 levitatem
3387 3386 3547 3456 hujus

316 3476 466 3541 σθαι,
505 3478 796 3550 ἀφορισμῷ
825 3479 1090 3533 ὑπέϐαλεν
1138 3479 1212 3542 ὡς
1277 3481 1445 3533 κακὸν
1486 3481 1718 3548 ὀφθέντα
1769 3482 1894 3548 περὶ

2002 3477 2214 3533 cemodi
2251 3477 2570 3542 convenire,
2604 3475 2758 3531 viros
2785 3492 3025 3547 pugnum
3057 3478 3274 3533 decere.

319 3569 610 3638 βασιλίδα,
652 3573 743 3624 καὶ
773 3573 937 3633 εἴτις
978 3571 1126 3638 αύτῷ
1154 3573 1363 3642 συνείη.
1410 3571 1671 3635 Βασιλεὺς
1699 3571 1756 3626 δὲ
1782 3575 1808 3624 ὁ
1836 3567 2288 3638 Καντακουζηνδς
2322 3567 2386 3620 οὑ
2450 3567 2611 3638 μόνον
2659 3568 2824 3633 αὐτὸς
2863 3569 3272 3623 τάναντιώτατα
3321 3571 3576 3640 ἐφαίνετο

316 3663 506 3724 ποιῶν,
534 3664 670 3716 ἀλλὰ
703 3666 793 3716 καὶ
821 3667 947 3726 τοὺς
993 3666 1254 3728 συνόντας
1287 3665 1617 3718 ἀναπείθων.
1685 3666 1760 3719 Οὐ
1799 3665 1908 3738 γάρ
1951 3663 2114 3734 μόνον
2159 3661 2410 3732 βασιλίδι
2441 3662 2496 3714 εί
2525 3678 2656 3715 ποτε
2705 3663 2814 3716 ἔδει
2852 3663 3242 3734 μνημονεύειν,
3277 3663 3367 3716 διὰ
3393 3664 3577 3735 πάσης

314 3761 596 3830 εὐφημίας
649 3756 805 3832 ἦγεν,
855 3762 990 3816 ἀλλά
1045 3763 1142 3816 uati.
1197 3764 1326 3826 τοὺς
1383 3763 1575 3827 ἄλλους
1625 3762 1735 3815 ἀπὸ
1781 3762 1893 3815 τῶν
1931 3761 2263 3831 ἀξιωμάτων
2337 3759 2559 3828 μᾶλλον,
2624 3760 2656 3829 ἢ
2702 3760 2809 3812 τῶν
2853 3761 3137 3829 ὀνομάτων
3177 3762 3577 3831 προσηγόρευε,

313 3857 424 3908 τῶν
468 3859 525 3922 ἐξ
571 3858 904 3926 Ἀνδρονίκου
960 3858 1141 3926 μέντοι
1195 3857 1288 3911 τοῦ
1340 3857 1607 3928 βασιλέως
1657 3859 1876 3928 ἑκάστῳ
1940 3857 2356 3926 δεδωρημένων,
2429 3856 2551 3908 ἐπεὶ
2599 3856 2709 3908 τῶν
2764 3855 2993 3925 ὕστερον
3068 3856 3141 3918 ὡς
3221 3855 3372 3923 παρά
3419 3855 3579 3925 δίκην

314 3957 704 4023 γεγενημέων
749 3957 818 4009 τά
868 3955 1041 4008 πολλὰ
1085 3955 1416 4025 ἀπέστεργε.
1487 3955 1612 4009 Τῶν
1662 3956 1932 4008 συνόντων
1971 3953 2026 4006 δέ
2099 3953 2189 4004 ἐπ’
2233 3951 2398 4004 αὐτοῦ
2439 3968 2581 4012 τινος
2633 3950 2726 4003 τὸν
2773 3951 3274 4022 παρακοιμώμενον
3321 3952 3415 4004 καὶ
3461 3951 3580 4002 ἐτε-

318 4052 411 4116 ρόν
465 4067 586 4103 τινα
633 4055 744 4106 τῶν
794 4053 852 4105 ἐν
911 4052 1189 4139 Βυζαντίῳ
1264 4050 1591 4119 ὑϐρίσαντος
1651 4050 1922 4135 αἰσχρῶς,
1985 4047 2245 4102 ἐκέλευσε
2312 4045 2684 4115 τυπτηθῆναι,
2739 4047 2959 4113 γυναιξὶ
3018 4047 3261 4117 φάμενος
3317 4061 3582 4118 πορνευο-

318 4147 512 4216 μέναις
564 4145 867 4220 προσήκειν
909 4148 978 4202 τὰ
1031 4147 1280 4216 τοιαῦτα,
1309 4147 1542 4219 ἀνδράσι
1576 4147 1634 4200 δὲ
1684 4147 1746 4201 τὸ
1782 4145 2113 4217 μάχεσθαι.ι

1720 4259 1947 4317 CAPUT
1989 4259 2181 4316 XXXI.

319 4381 510 4436 Tribus
549 4384 804 4453 prtefectis
829 4399 884 4436 se
918 4391 1110 4453 purgat
1142 4381 1546 4437 Cantacuzenus
1583 4382 1647 4437 de
1681 4390 1890 4453 accepto
1917 4381 2137 4453 imperio
2172 4390 2221 4453 et
2262 4380 2631 4453 consilionon
2675 4381 3094 4453 communicato.
3154 4379 3345 4453 omnes
3369 4382 3574 4453 efferari.

387 4450 691 4523 societatem
747 4450 1035 4506 recusantf
1072 4451 1263 4523 Syrges
1290 4453 1574 4523 _iniquior,
1630 4451 1770 4523 apud
1818 4450 2018 4506 Pheras
2074 4452 2307 4523 ejusgem
2358 4450 2638 4523 facultates
2673 4451 2896 4523 invadit.
2941 4451 3074 4522 Ejus
3115 4451 3309 4523 amicos
3352 4450 3578 4523 fortuitis

389 4522 582 4588 spoliat
615 4532 662 4576 et
689 4525 996 4578 immaniter
1026 4520 1241 4576 tractat.
1283 4520 1849 4576 Protostrator'mutat
1880 4520 2143 4580 mentem:
2175 4520 2601 4574 Thessalonicam
2623 4535 2678 4573 δε
2701 4520 3025 4573 traditurum
3056 4522 3335 4588 promittit.
3361 4520 3575 4574 Chreles

435 4592 655 4647 riballus
691 4601 737 4646 et
771 4593 992 4656 amicus,
1029 4591 1457 4646 Cautacuzenum
1485 4593 1554 4646 ad
1577 4591 1904 4646 Occidentem
1936 4592 2144 4646 invitat.
2182 4591 2512 4646 Consultatio
2540 4607 2642 4660 quo
2675 4590 2924 4656 eundum,
2977 4599 3025 4643 et
3057 4589 3250 4659 duplex
3278 4592 3575 4654 sententia;

386 4665 661 4730 posteriori
689 4663 975 4718 assentitur
1002 4664 1315 4732 imperator.

393 4804 534 4874 Πρδς
567 4804 750 4874 μέντοι
781 4803 874 4858 τὸν
900 4802 1140 4875 ἔπαρχον
1178 4802 1270 4855 τὸν
1314 4803 1644 4873 Μονομάχον
1673 4805 1886 4876 ἐπιτρο-

2067 4805 2339 4862 Caeterum
2371 4805 2436 4860 ad
2471 4805 2767 4861 Thessalia:
2796 4813 3089 4876 prtetorem
3129 4805 3574 4866 Monomachutu,

315 4898 555 4952 πεύοντα
585 4897 914 4962 Θεσσαλίας,
941 4897 1038 4950 καὶ
1068 4897 1370 4966 Συναδηνὸν
1398 4897 1488 4950 τὸν
1529 4899 1893 4968 πρωτοστρά-

312 5010 454 5064 τορα
531 4991 937 5061 Θεσσαλονίκης
1007 4990 1132 5044 τότε
1209 4990 1471 5061 ἄρχοντα,
1529 4993 1622 5044 καὶ
1675 4989 1895 5061 Συργὴν

313 5084 708 5150 Ντελενουζίας
739 5083 828 5136 τὸν
860 5083 1124 5154 βασιλέως
1164 5083 1509 5153 Ἀνδρονίκου
1537 5081 1781 5153 ἀνεψιὸν,
1804 5082 1898 5136 τὸν

317 5175 548 5244 Κύπρου
580 5175 746 5243 ρηγδς
779 5175 918 5241 υἱὸν,
961 5173 1150 5244 Φερῶν
1191 5174 1286 5228 καὶ
1336 5174 1499 5227 αὑτὸν
1542 5175 1800 5245 ἄρχοντα,
1835 5169 1896 5226 οὗ

315 5266 417 5321 καὶ
460 5265 561 5334 τὴν
613 5265 893 5336 θυγατέρα
931 5265 1028 5319 τοῦ
1071 5265 1338 5335 βασιλέως
1389 5265 1737 5336 Ἀνδρονίκου
1796 5281 1898 5317 πε-

319 5357 532 5430 ριόντος
559 5344 660 5421 ἔτι,
692 5355 772 5426 τῷ
806 5355 907 5428 υἱῷ
935 5356 1197 5427 Μανουὴλ
1223 5359 1251 5409 ὁ
1279 5357 1402 5408 τότε
1441 5355 1618 5428 μέγας
1644 5356 1893 5423 δομέστιι-

316 5467 416 5514 κος
447 5449 826 5520 κατηγγύησε,
870 5448 1170 5520 πρεσϐείαν
1218 5447 1512 5517 πέπομφεν
1540 5449 1568 5498 ὁ
1612 5446 1890 5517 βασιλεὺς,

315 5539 500 5604 αἰτίας
546 5541 742 5594 ἐαυτὸν
793 5541 888 5593 ἐπὶ
934 5541 1047 5603 τοῖς
1095 5539 1487 5610 γεγενημένοις
1516 5537 1791 5604 ἀπολύων,
1822 5541 1897 5601 ὼς

315 5634 426 5688 οὐκ
488 5631 598 5685 ἀπὸ
653 5631 883 5701 γνώμης
936 5631 1227 5684 ἐπιϐούλου
1292 5633 1387 5684 καὶ
1451 5630 1734 5700 πονηρᾶς,
1787 5628 1898 5680 οὐδ’

318 5723 593 5793 ἐπιθυμίᾳ
620 5723 787 5792 τιμῆς
815 5723 1102 5793 βασιλικῆς
1135 5723 1206 5776 τὰ
1231 5723 1454 5777 τοιαῦτα
1481 5718 1893 5791 νεωτερισθείη,

318 5811 441 5865 ἀλλ’
492 5811 598 5864 ὑπὸ
659 5811 768 5863 τῶν
829 5813 888 5863 ἐν
943 5810 1225 5880 Βυζαντίῳ
1280 5810 1518 5874 πόλεμον
1582 5809 1897 5879 ἀκήρυκτον

322 5903 722 5974 ἐξενεγκάντων
796 5904 916 5956 κατ’
991 5901 1176 5970 αὐτοῦ,
1238 5903 1328 5957 καὶ
1383 5903 1530 5959 ἄκων
1581 5902 1660 5965 είς
1720 5900 1894 5956 ταζτα

2001 4907 2056 4952 et
2087 4907 2544 4969 protostratorem
2596 4898 2974 4970 Synadenum,
3007 4899 3414 4954 Thessalonica:
3460 4909 3574 4952 tum

1949 5003 1953 5008 '
2003 4990 2346 5062 praefectum,
2395 4999 2452 5046 et
2506 4989 2731 5060 Syrgem
2776 4990 3177 5052 Ntelenuziam,
3229 4991 3579 5058 imperatoris

2005 5076 2319 5136 Andronici
2353 5081 2772 5146 consobrinum,
2821 5083 3146 5153 Cypriorum
3199 5083 3343 5153 regis
3378 5083 3573 5144 tilium.

2002 5173 2305 5229 Pherarum
2339 5181 2394 5227 et
2422 5172 2602 5242 ipsum
2639 5172 2979 5242 praefectum,
3022 5173 3180 5244 cujus
3209 5173 3375 5227 etiam
3413 5174 3576 5227 tiliam

2002 5263 2160 5336 451
2205 5265 2497 5334 superstite
2552 5263 2740 5319 adhuc
2786 5265 3117 5332 imperatore
3166 5264 3402 5320 Manueli
3466 5265 3577 5320 lilio

2004 5370 2234 5426 magnus
2266 5363 2378 5409 tum
2419 5353 2756 5408 domesticus
2799 5355 3197 5424 desponderat,
3227 5356 3437 5427 legatos
3470 5356 3576 5411 im-

2005 5456 2225 5516 ρει-οισι·
2269 5445 2445 5506 misit.
2490 5445 2710 5514 culpam
2766 5445 3036 5500 factorum
3085 5462 3116 5502 a
3165 5463 3226 5503 se
3261 5463 3574 5513 removens,

2005 5536 2110 5588 ista
2143 5533 2354 5588 scilicet
2397 5547 2506 5587 non
2553 5535 2815 5590 insidiose
2865 5546 2920 5592 et
2966 5537 3199 5608 maligna
3238 5546 3440 5602 mente,
3474 5554 3578 5594 nec

2003 5623 2309 5695 cupiditate
2368 5623 2675 5694 majestatis
2716 5614 3089 5696 imperatoriae
3148 5627 3423 5696 molitum,
3477 5631 3575 5687 sed

2003 5726 2226 5787 propter
2257 5714 2610 5786 Byzantinos,
2645 5715 2848 5772 bellum
2885 5702 3154 5773 non-ante
3185 5719 3574 5777 denuntiatum

2004 5809 2106 5863 sibi
2140 5807 2460 5872 inferentes,
2508 5807 2619 5864 huc
2659 5823 2718 5863 se
2764 5809 3148 5879 compulsum:
3181 5821 3237 5866 et
3289 5812 3456 5868 rebus
3499 5815 3574 5870 ita

2005 5899 2438 5970 postulantibus,
2465 5910 2759 5971 antequam
2786 5914 2911 5957 cum
2944 5902 3076 5973 ipsis
3106 5913 3292 5974 posset
3319 5919 3574 5962 comnm-
