4096 6300
574 319 679 382 883

1741 324 2068 387 JOANNIS
2107 323 2632 386 CAN'I'ACUZENI
3383 387 3390 398 θ
3684 312 3774 379 884

572 437 769 494 nlcare
804 435 1120 503 consilium,
1178 452 1299 508 quae
1343 439 1459 494 visa
1502 447 1688 495 essent
1723 438 1827 494 sibi
1866 449 1923 496 et
1973 439 2139 496 sociis

2243 436 2696 509 ἐξενηνεγμένος⁸
2727 433 2851 488 ὅθεν
2899 434 2991 486 καὶ
3025 432 3134 484 τῶν
3182 427 3523 499 πραγμάτων
3555 425 3776 493 ἐπειγόν-

575 527 836 582 erunibus
869 529 1199 596 conducere,
1233 530 1483 586 confecta
1513 545 1635 586 esse
1672 548 1685 584 :
1718 532 2037 601 orabatque,
2070 545 2140 585 ne

575 616 784 674 idcirco
810 619 967 690 quasi
1013 619 1256 688 despecti
1303 620 1744 692 indignarentur,
1779 621 1878 678 sed
1923 623 1969 678 si
2003 621 2139 692 quid

575 709 807 774 factum,
835 711 983 775 quod
1016 710 1218 767 factum
1261 728 1370 767 non
1419 713 1776 782 oportuisset,
1807 729 1990 769 rerum
2037 728 2139 768 ne-

576 800 816 854 cessitati
845 801 1210 859 ascriberent.
1237 803 1448 859 Prester
1480 804 1650 874 igitur
1675 820 1776 861 nec
1805 805 2136 875 legationem

575 889 817 953 admisit,
851 905 953 944 nec
981 891 1048 945 ad
1080 891 1284 948 bellum
1330 896 1602 964 prorupit,
1653 895 1748 950 sed
1796 896 2141 950 communio—

574 995 699 1038 nem
733 981 1111 1036 tantummodo
1151 986 1446 1039 recusavit.
1493 986 1729 1042 Perinde
1772 995 2141 1056 protostrator

578 1071 962 1136 imperatorem
995 1081 1053 1128 ut
1084 1074 1387 1130 amicorum
1410 1076 1572 1131 valde
1595 1077 1971 1141 immemorem
2005 1077 2141 1132 insi-

569 1164 838 1238 mulabat,
872 1164 1020 1233 quod
1063 1164 1326 1221 nimirum
1368 1181 1448 1234 se,
1479 1167 1574 1236 qui
1620 1176 1728 1222 tam
1762 1168 1953 1222 multis
1980 1169 2141 1223 annis

575 1264 780 1314 tantam
821 1255 873 1309 ei
910 1255 1351 1314 benevolentiam
1393 1267 1668 1324 navasset,
1719 1267 1780 1314 ut
1823 1257 2138 1328 quempiam

576 1360 715 1412 pene
753 1347 1034 1415 vulgarem
1081 1363 1146 1402 ac
1191 1349 1467 1416 plebeium
1497 1352 1938 1420 contempsisset,
1974 1351 2140 1419 idque

572 1451 696 1488 cum
735 1452 846 1490 rem
898 1449 1005 1494 tam
1056 1439 1282 1493 arduam
1331 1439 1733 1496 meditaretur:
1771 1442 1908 1496 nihil
1957 1451 2139 1495 tamen

571 1527 756 1596 legato
814 1529 946 1584 fecit
998 1530 1146 1591 mali,
1203 1531 1307 1586 nisi
1359 1533 1504 1602 quod
1557 1547 1683 1587 mox
1731 1533 1797 1588 ad
1855 1534 2138 1588 dominum

573 1631 732 1672 suum
770 1619 974 1674 reverti
1001 1619 1184 1689 jussit.
1220 1622 1292 1674 At
1336 1621 1539 1692 Syrges
1578 1623 1693 1678 sive
1735 1639 1801 1678 ex
1832 1624 2140 1694 antiquiore

572 1709 808 1777 quadam
841 1725 1003 1764 causa
1035 1725 1387 1773 succensens.
1421 1713 1535 1768 sive
1569 1722 1682 1767 tum
1715 1715 1957 1783 primum
1992 1713 2138 1784 quod

574 1815 634 1854 se
659 1814 1033 1873 contemptum
1065 1807 1460 1877 suspicaretur,
1487 1811 1911 1876 excandescens,
1935 1818 1990 1864 et
2013 1825 2141 1864 ver-

575 1891 644 1950 ha
675 1894 990 1964 legatorum
1029 1905 1091 1952 ut
1125 1899 1263 1953 nihil
1315 1901 1594 1954 sincerum
1630 1901 1992 1966 continentia,
2042 1899 2137 1955 sed

574 1982 765 2040 dolose
794 1989 1026 2044 conficta
1059 1989 1268 2059 reiecit,
1294 1990 1522 2056 addens,
1553 1992 1658 2046 etsi
1688 2007 1718 2045 a
1749 1989 2134 2045 Cantacuzeno

576 2074 724 2130 inter
785 2075 1036 2132 homines
1087 2077 1306 2133 trioboli
1356 2087 1502 2134 esset
1550 2087 1893 2143 numeratus,
1958 2087 2140 2132 tamen

579 2168 756 2237 reipsa
789 2169 1212 2233 declaraturam,
1245 2186 1305 2227 se
1331 2187 1456 2226 cum
1492 2171 1684 2225 amicis
1714 2169 1996 2240 prodesse,
2027 2177 2140 2222 tum

579 2257 821 2326 inimicis
863 2258 1060 2318 obesse
1107 2274 1272 2328 posse
1305 2258 1795 2330 quamplurimum,
1833 2268 1890 2313 et
1932 2257 2143 2328 legatos

577 2347 632 2418 in
655 2363 936 2406 carcerem
963 2349 1188 2405 inclusit
1211 2367 1226 2405 :
1256 2341 1595 2406 Demetrium
1624 2364 1820 2419 nempe
1841 2348 2144 2405 Casandre-

579 2457 734 2505 nnnt,
768 2452 826 2496 et
855 2440 1138 2498 Lascarim
1169 2456 1426 2511 magnum
1452 2440 1868 2498 chartularium.
1892 2439 2143 2510 Cumque

575 2534 994 2591 Cantacusemts
1028 2535 1223 2590 Pheris
1256 2533 1484 2594 haberet
1515 2549 1626 2592 non
1673 2533 1848 2590 stium
1900 2534 2140 2603 pecoris,

576 2627 671 2680 sed
699 2636 757 2681 et
785 2625 956 2680 tritici
1012 2625 1356 2696 aliarumque
1397 2625 1617 2696 frugum
1646 2624 1924 2692 ingentem
1950 2639 2146 2679 nume-

577 2729 723 2779 rum,
761 2724 1046 2784 propterea
1089 2715 1233 2783 quod
1271 2713 1565 2783 ampliores
1621 2728 1685 2768 ac
1727 2712 1918 2782 plures
1965 2711 2019 2768 ei
2054 2711 2144 2767 hic

578 2822 743 2877 quam
779 2805 921 2876 apud
957 2808 1126 2860 urbes
1157 2805 1294 2862 alias
1324 2805 1702 2870 possessiones
1729 2812 1912 2869 erant,
1957 2804 2144 2859 omnia

575 2899 761 2954 statim
808 2897 877 2952 ad
924 2913 983 2954 se
1029 2898 1246 2951 avertit.
1297 2895 1418 2962 Quo
1470 2895 1684 2954 ﬁrmior
1735 2896 1978 2966 suspicio
2016 2894 2142 2962 fuit,

576 2990 747 3050 armis
778 2991 1168 3058 imperatorem
1216 2987 1610 3057 appetiturum,
1651 2987 1804 3058 quod
1848 2987 2016 3043 sciret
2060 2988 2144 3056 (ut

2243 548 2372 592 των,
2401 531 2498 584 καὶ
2550 527 2682 598 πρὶν
2726 526 2907 587 αὐτοῖς
2951 520 3324 602 κοινώσασθαι
3352 519 3454 587 τὴν
3485 518 3716 588 γνώμην,
3745 517 3792 573 ἃκ

2243 619 2396 690 αὐτῷ
2445 637 2504 672 τε
2557 620 2653 672 καὶ
2699 618 2833 671 πᾶσι
2881 617 2996 677 τοῖς
3043 613 3264 666 συνοῦσι
3293 610 3592 664 λυσιτελεῖν
3625 610 3777 662 ἐδόκει

2241 707 2724 778 καταπεπρᾶχθαι.
2767 705 2948 770 Ὴείου
2983 722 3041 758 τε
3096 704 3170 774 μὴ
3205 703 3290 756 διὰ
3309 703 3376 755 τὰ
3426 701 3646 754 τοιαῦτα
3671 700 3782 753 δυσ-

2242 803 2516 872 χεραίνειν
2545 799 2621 862 ὡς
2684 795 3080 867 περιοφθέντας
3111 811 3128 825 ο
3154 793 3274 847 ’ἀλλ’
3304 791 3357 844 εί
3382 809 3434 845 τι
3469 791 3561 845 καὶ
3587 789 3688 841 τῶν
3718 789 3781 858 μὴ

2239 892 2469 945 δεόντων
2519 891 2754 958 γένοιτο,
2785 889 3001 961 ἀνάγκῃ
3033 885 3142 938 τῶν
3191 882 3537 952 πραγμάτων
3579 879 3783 951 προσλο-

2242 981 2519 1052 γίζεσθαι.
2569 981 2856 1050 Ἔπαρχος
2911 980 3009 1048 μὲν
3054 972 3149 1030 οὖν
3191 973 3314 1028 οὒτε
3361 972 3466 1045 τὴν
3516 971 3783 1041 πρεσϐείαν

2241 1075 2626 1145 προσεδέξατο,
2673 1073 2790 1126 οὔτ’
2842 1071 3008 1133 εὐθὺς
3063 1069 3200 1139 προς
3256 1067 3497 1135 πόλεμον
3557 1063 3782 1132 ἐκινήθη,

2240 1166 2376 1220 ἀλλὰ
2414 1167 2512 1235 τὴν
2541 1166 2826 1220 κοινωνίαν
2878 1164 3039 1232 μόνον
3079 1161 3446 1230 ἀπηγόρευεν.
3491 1156 3710 1224 Ὁμοίως
3736 1155 3784 1207 δέ

2241 1257 2338 1310 καὶ
2382 1257 2824 1327 πρωτοστράτωρ
2867 1253 3068 1321 πολλὴν
3111 1250 3204 1302 τοῦ
3238 1248 3511 1318 βασιλέως
3559 1247 3784 1312 ἀμνημο-

2241 1347 2409 1417 σύνην
2458 1346 2568 1399 τῶν
2623 1347 2791 1415 φίλων
2823 1343 3140 1413 κατηγόρει,
3176 1332 3368 1407 ὁτιδὴ
3417 1337 3580 1390 αὐτὸν
3608 1335 3784 1402 πολλὴν

2241 1441 2340 1509 τῆς
2376 1441 2456 1500 είς
2478 1440 2705 1501 ἐκεῖνον,
2740 1437 2956 1498 εὐνοίας
2999 1435 3063 1486 ἐκ
3105 1431 3316 1484 πολλῶν
3347 1429 3487 1481 ἐτῶν
3532 1428 3784 1490 ἀπόδειξιν

2241 1529 2695 1595 ἐπιδεδειγμένον,
2735 1525 2810 1588 ὥς
2851 1542 2971 1578 τινα
3012 1523 3120 1576 τῶν
3158 1519 3371 1572 πολλῶν
3401 1519 3582 1586 ὀλίγον
3622 1516 3786 1584 διαφί-

2246 1641 2408 1695 ροντα
2459 1623 2696 1695 περιεῖδε
2733 1622 2828 1673 καὶ
2867 1619 3041 1672 ταῦτα
3073 1632 3338 1677 τοιουτοις
3390 1614 3599 1682 μέλλων
3629 1614 3786 1680 ἐγχειο

2247 1721 2382 1788 ρεῖν.
2417 1717 2580 1770 Οὐδὲν
2623 1716 2803 1784 μέντοι
2817 1711 3000 1766 δεινὸν
3031 1712 3288 1780 εἴργαστο
3319 1708 3412 1761 τον
3437 1703 3781 1777 πρεσϐευτήν,

2242 1811 2360 1866 ἀλλ’
2421 1809 2674 1863 ἐκέλευεν
2722 1803 2878 1868 αὖθις
2929 1803 3291 1871 ἀναστρέφειν
3347 1799 3488 1870 πρὸς
3533 1798 3624 1850 τὸν
3667 1795 3786 1863 πέμ-

2243 1904 2440 1974 ψαντα.
2491 1899 2708 1970 Συργῆς
2757 1899 2836 1962 δὲ,
2870 1897 2980 1950 είτε
3007 1895 3127 1947 ικαὶ
3171 1895 3234 1944 ἐκ
3293 1888 3618 1962 προφάσεὼς
3661 1901 3788 1948 τινος

2243 1997 2608 2066 ἀρχαιοτέρας
2642 1991 2872 2061 μηνίων,
2929 1989 3038 2042 είτε
3077 1987 3170 2040 καὶ
3217 1984 3340 2037 τότε
3375 1983 3592 2053 πρῶτον
3622 1981 3680 2032 ἐκ
3703 1975 3786 2030 τοῦ

2244 2085 2637 2156 παρεωρᾶσθαι
2681 2080 3096 2136 ὑπωπτευκέναι
3146 2078 3282 2148 πρὸς
3330 2074 3500 2144 ὀργὴν
3557 2071 3781 2142 ἐξήγετο,

2242 2179 2370 2240 τούς
2423 2195 2482 2231 τε
2526 2177 2722 2244 λόγους
2775 2173 2875 2244 τῆς
2925 2170 3222 2243 πρεσϐείας
3271 2167 3348 2231 ὡς
3397 2165 3618 2236 ἐχοντας
3652 2161 3786 2214 ούδέν

2244 2272 2416 2338 ὐγιές,
2450 2269 2566 2323 ἀλλ’
2596 2269 2782 2340 ἀπάτῃ
2829 2259 3388 2331 συνεσκευασμένους,
3419 2257 3781 2325 ἀπεπέμπετο,

2245 2365 2472 2433 φάσκων
2500 2363 2575 2426 ὡς
2616 2361 2666 2414 εί
2710 2360 2805 2413 καὶ
2855 2357 2985 2428 παρ’
3031 2355 3224 2422 ἐκείνῳ
3250 2352 3361 2404 τῶν
3391 2349 3612 2420 μηδενὸς
3640 2344 3784 2409 ἀξίων

2193 2479 2200 2486 ·
2243 2453 2526 2524 ἐνομίσθη,
2557 2451 2671 2506 ἀλλ’
2712 2449 2876 2510 αὐτὸς
2905 2448 3091 2510 αὐτοῖς
3124 2445 3308 2515 ἔργοις
3358 2443 3606 2512 ποιήσειν
3635 2454 3782 2492 κατα-

2245 2545 2433 2619 φανὲς,
2465 2543 2541 2608 ὡς
2583 2541 2709 2605 τούς
2741 2558 2800 2595 τε
2852 2541 3040 2609 φίλους
3071 2537 3326 2607 ὠφελεῖν,
3362 2535 3458 2588 καὶ
3493 2535 3614 2593 τοὺς
3642 2530 3782 2619 πολε-

2248 2618 2404 2710 μίους
2473 2636 2731 2706 βλάπτειν
2801 2632 3019 2685 δύναιτο
3073 2630 3142 2681 τά
3211 2626 3476 2698 μέγιστα,
3537 2624 3624 2677 καὶ
3674 2618 3782 2680 τοὺς

2245 2730 2503 2800 πρέσϐεις
2526 2731 2606 2792 είς
2631 2727 2691 2780 τὸ
2717 2724 3094 2793 δεσμωτήριον
3129 2719 3356 2787 εἰσῆγεν
3387 2733 3401 2749 ·
3425 2717 3476 2769 οἳ
3498 2710 3781 2782 Δημήτριός

2244 2840 2302 2878 τι
2349 2818 2489 2892 ἦσαν
2535 2823 2562 2873 ὁ
2610 2815 2996 2886 Κασανδρηνὸς
3023 2812 3116 2866 καὶ
3164 2809 3418 2880 Λάσκαρ,
3452 2807 3510 2870 ὃς
3539 2801 3603 2874 ἦν
3631 2803 3782 2892 μέγας

2245 2891 2633 2985 χαρτουλάριος
2683 2910 2783 2978 τὴν
2821 2905 3002 2972 ἀξίαν.
3041 2905 3236 2966 Ὄντος
3281 2901 3340 2955 δέ
3389 2901 3445 2953 ἐν
3493 2899 3678 2966 Φεραῖς
3725 2891 3779 2985 ού

2248 2984 2610 3077 βοσκημάτων
2689 3001 2852 3071 μόνον
2920 2997 3162 3068 πλήθους
3227 2986 3662 3060 Καντακουζηνῷ
3689 2984 3780 3077 λτῷ

574 3091 661 3138 est
689 3080 980 3150 credibile)
1009 3079 1245 3149 majores
1271 3095 1338 3136 ex
1373 3078 1606 3134 dissidio
1649 3093 1774 3134 cum
1811 3079 1928 3144 illo,
1976 3094 2139 3149 quam

2247 3075 2474 3168 βασιλέι,
2512 3095 2647 3149 ἀλλά
2689 3092 2782 3146 και
2826 3089 3054 3162 πυρρῶν
3098 3087 3193 3140 καὶ
3237 3083 3472 3155 καρπῶν
3498 3080 3603 3134 τῶν
3627 3075 3780 3191 ἀλλωέ

575 3191 642 3230 ex
673 3175 968 3230 concordia
1017 3173 1229 3227 fruetus
1250 3186 1372 3226 sese
1397 3181 1809 3240 percepturum,
1827 3183 2128 3242 quantum-

571 3269 657 3324 vis
700 3268 894 3337 primis
933 3267 1003 3322 ab
1059 3280 1130 3321 eo
1172 3263 1632 3333 amplissimisque
1689 3263 1998 3320 honoribus
2041 3280 2141 3320 au-

573 3371 815 3431 geretur.
845 3359 958 3412 Ncc
980 3357 1160 3412 solum
1185 3365 1294 3409 tam
1319 3356 1616 3425 opulentus
1638 3354 1825 3409 subito
1847 3354 2136 3421 evadebat,

573 3451 668 3504 sed
706 3450 934 3516 insuper
967 3447 1175 3500 amicos
1205 3447 1347 3515 ejus,
1380 3443 1474 3513 qui
1522 3445 1779 3512 permulti
1819 3443 2026 3498 Pheras
2056 3445 2142 3497 in-

575 3540 853 3604 colebant,
889 3537 1259 3600 scrutabatur,
1315 3536 1586 3604 bonisque
1614 3535 1869 3589 omnibus
1900 3535 2140 3590 nudatos

577 3630 895 3689 immaniter
929 3628 1208 3699 puniebat.
1250 3628 1318 3681 Et
1360 3641 1483 3680 cum
1534 3635 1696 3680 antea
1735 3624 1802 3678 ad
1848 3624 1955 3679 hoc
1995 3635 2140 3680 esset

574 3723 1061 3799 prepensissituns,
1093 3729 1207 3773 tum
1244 3716 1548 3788 presertim
1585 3716 1718 3770 nihil
1749 3716 1816 3770 ad
1845 3715 2141 3776 crudelitao

575 3830 683 3875 tem
741 3812 939 3882 reliqui
1007 3811 1189 3868 facere
1241 3808 1649 3875 contendebat,
1706 3819 1762 3863 et
1810 3807 2142 3878 Byzantinos

574 3911 735 3978 longo
778 3905 1072 3962 intervallo
1113 3902 1410 3972 superabat
1454 3903 1508 3956 in
1543 3901 1822 3966 omnibus,
1860 3900 1908 3958 si
1940 3901 2140 3958 verbe-

572 4017 701 4055 rum
739 3997 1108 4053 contumelias
1148 3995 1423 4062 excipias;
1476 3995 1528 4047 in
1581 3994 1746 4066 452
1784 3993 1888 4048 hoc
1934 3993 2139 4062 quippe

572 4105 685 4150 uno
715 4087 1016 4142 mmlestius
1038 4101 1096 4139 se
1122 4087 1364 4154 gerebat.
1397 4084 1744 4163 Connubiutn
1778 4093 1962 4138 autem
1990 4083 2142 4150 ﬁliae,

573 4181 720 4249 quod
769 4180 920 4248 prius
963 4179 1074 4236 lilio
1124 4176 1469 4246 imperatoris
1497 4175 1843 4245 promiserat,
1891 4175 2136 4230 rescidit.

573 4273 728 4327 Tunc
760 4271 926 4338 igitur
956 4269 1026 4322 ob
1073 4267 1479 4321 inclementiam
1530 4265 1748 4328 hiemis,
1775 4280 1896 4332 qua:
1935 4265 2140 4333 Byzan-

573 4368 650 4417 tio
677 4363 927 4416 exierant
989 4369 1042 4413 ct
1067 4375 1186 4428 qua:
1211 4357 1576 4427 liidymotichi
1605 4364 1764 4410 erant
1791 4355 1982 4424 copiae,
2009 4369 2140 4408 enn-

2241 3165 2331 3245 διά
2375 3189 2436 3242 τὸ
2489 3187 2728 3258 μεγάλας
2776 3183 2872 3238 καὶ
2923 3180 3186 3241 πλείστας
3235 3179 3466 3244 κτήσεις
3521 3165 3777 3242 μᾶλλον,ἢ

2239 3281 2386 3342 κατά
2423 3281 2521 3342 τὰς
2551 3278 2717 3339 ἄλλας
2763 3275 2948 3336 πόλεις
2980 3270 3233 3324 ἐνταυθοῖ
3260 3266 3587 3336 κεκτῆσθαι,
3623 3261 3780 3313 πάντα

2240 3373 2476 3428 ἐποιεῖτο
2525 3371 2633 3423 ἴδια
2691 3365 2874 3426 εὐθύς.
2913 3365 3000 3416 Δι’
3041 3361 3078 3416 ἃ
3111 3361 3206 3414 xa‘t
3241 3359 3449 3425 μᾶλλον
3479 3349 3777 3415 ὑπωπτεύθη

2242 3465 2338 3520 τὸν
2394 3463 2529 3534 πρὸς
2580 3462 2785 3514 ἐκεῖνον
2846 3455 3082 3524 πόλεμον
3131 3450 3397 3524 ᾑρῆσθαι,
3451 3445 3686 3508 συνιδὼν,
3714 3442 3778 3534 ᾡς

2239 3533 2455 3622 ἔοικεν,
2474 3554 2546 3616 ὡς
2575 3553 2638 3604 ἐκ
2670 3550 2771 3620 τῆς
2796 3547 3060 3615 διαφορᾶς
3093 3545 3192 3613 τῆς
3226 3543 3362 3612 πρὸς
3393 3542 3600 3592 ἐκεῖνον
3629 3533 3776 3604 μείζω

2237 3647 2458 3702 δύναιτο
2489 3641 2856 3711 καρποῦσθαι,
2893 3639 2925 3709 ἦ
2955 3637 3056 3706 τῆς
3085 3636 3361 3706 ὁμονοίας,
3395 3634 3447 3686 ετ
3473 3649 3534 3698 γε
3568 3630 3656 3683 καὶ
3680 3624 3774 3678 τῶν

2239 3739 2473 3808 πρώτων
2529 3737 2621 3788 καὶ
2660 3733 2931 3803 μεγίστων
2963 3726 3227 3781 ἀπολαύοι
3260 3725 3397 3796 παρ’
3429 3722 3574 3788 αὐτῷ
3597 3717 3772 3786 τιμῶν.

2349 3829 2506 3897 μόνον
2554 3828 2662 3894 γάρ
2715 3825 2940 3875 ἐκείνων
2983 3817 3254 3872 τοσούτων
3298 3816 3473 3869 ὄντων
3514 3812 3691 3878 κύριος
3719 3804 3775 3876 ἧν
3848 3815 3876 3877 ,³

2212 3921 2422 3982 ἐὐθὺς,
2458 3916 2592 3972 ἀλλὰ
2639 3917 2732 3968 καὶ
2775 3913 2901 3975 τοὺς
2947 3911 3134 3979 φίλους
3180 3906 3462 3978 διηρεύνα,
3492 3905 3539 3957 οἶ
3580 3899 3710 3971 ἦσαν
3727 3900 3774 3949 tv

2239 4013 2438 4082 Φεραῖς
2477 4006 2828 4060 πολλοίμιίαὶ
2883 4004 3102 4056 πάντων
3152 4002 3254 4061 τὰς
3300 3999 3496 4058 οὐσίας
3539 3991 3772 4082 ἀφαιρούο

2244 4079 2424 4173 μενος,
2480 4096 2741 4160 ἐκόλαζεν
2797 4091 3228 4159 ἀπανθρώπως*
3260 4085 3334 4158 ἦν’
3382 4089 3494 4156 γάρ
3552 4085 3618 4153 δὴ
3659 4079 3772 4173 πρὸς

2240 4171 2397 4246 τοῦτο
2445 4188 2712 4259 πρότερον
2765 4201 2822 4235 τε
2882 4185 3023 4252 ἔχων
3057 4179 3291 4249 μάλιστα
3341 4174 3666 4248 ἐπιρῥεπῶς,
3695 4171 3771 4220 καὶ

2240 4282 2362 4335 τότε
2439 4278 2673 4349 μάλιστα
2731 4273 3109 4344 ἐφιλονείκησε
3189 4269 3462 4338 μηδεμίαν
3523 4264 3770 4332 ὠμότητος

2242 4369 2552 4442 ὑπερϐολὴν
2580 4365 2885 4418 ἀπολιπεῖν.
2919 4361 3106 4430 Πολλῷ
3134 4361 3243 4430 γὰρ
3280 4358 3359 4428 τῷ
3388 4357 3566 4427 μέτρῳ
3593 4354 3704 4414 τοὺς
3725 4352 3770 4401 ἐν

573 4471 801 4511 currere
868 4453 1256 4522 nequiverunt.
1310 4450 1534 4504 Interim
1592 4456 1958 4517 protostrator
2003 4446 2134 4504 facti

2243 4460 2519 4529 Βυζαντίῳ
2555 4457 2875 4527 παρήλασεν
2907 4457 2965 4506 ἐν
2994 4456 3152 4513 πᾶσι,
3177 4451 3316 4518 πλὴν
3340 4451 3439 4518 τῆς
3465 4448 3694 4517 ὕϐρεωςο
3722 4442 3769 4491 ἐν

572 4549 872 4616 paenitens,
898 4545 1041 4613 quod
1069 4543 1392 4611 legationem
1419 4538 1728 4608 repulisset,
1756 4553 1853 4606 per
1881 4532 2136 4591 intimum

573 4638 866 4706 quemdam
913 4635 1127 4689 occulte
1179 4632 1368 4685 urbem
1416 4629 1861 4685 Thessalonicam
1912 4628 2142 4696 impera-

576 4731 678 4784 turi
711 4745 768 4783 se
803 4727 1133 4781 traditurum
1174 4723 1498 4794 pollicetur;
1529 4736 1648 4776 esse
1690 4722 1836 4776 enim
1874 4721 2006 4784 illic,
2043 4722 2137 4790 qui

573 4821 623 4875 ci
656 4820 923 4879 faverent,
955 4831 1116 4883 quam
1152 4815 1441 4883 plurimos;
1491 4821 1548 4866 et
1590 4815 1864 4878 monebat,
1898 4830 1965 4869 ne
1998 4829 2138 4868 cun-

573 4922 840 4974 ctaretur,
881 4911 974 4963 sed
1026 4905 1174 4961 veris
1227 4905 1384 4961 initio
1434 4905 1742 4970 accederet,
1793 4907 2026 4962 multum
2077 4922 2138 4962 sc

575 5007 699 5075 ejus
725 4999 1034 5058 rationibus
1060 4997 1556 5054 oommodaturum.
1590 4997 1854 5052 Similiter
1884 5008 1939 5052 et
1967 4999 2138 5054 Chre-

576 5101 675 5164 les,
729 5098 828 5169 qui
879 5093 1175 5166 aliquando
1223 5109 1290 5148 ex
1339 5092 1596 5148 Triballis
1647 5094 1712 5149 ad
1762 5095 2138 5152 Andronicum

574 5189 963 5259 transfugerat,
1005 5200 1130 5242 sese
1179 5197 1305 5238 cum
1353 5183 1500 5239 mille
1539 5183 1824 5250 militibus,
1858 5195 1914 5241 ct
1960 5185 2153 5240 tribus.

573 5282 792 5352 oppidis
816 5279 1106 5334 dediderat
1133 5295 1147 5330 :
1179 5289 1302 5345 qua;
1337 5275 1596 5334 Romanis
1627 5275 1892 5346 subjecta,
1925 5279 2139 5333 Andro.

571 5374 713 5435 nicis
745 5373 887 5426 inter
933 5385 991 5424 se
1033 5366 1503 5439 belligerantibus,
1541 5366 1761 5422 Triballi
1799 5367 1993 5426 incolis
2035 5372 2136 5426 de-

574 5466 841 5521 ditionem
874 5461 1210 5519 facientibus
1240 5469 1596 5530 occuparant.
1629 5458 1730 5522 Hic
1759 5461 1942 5531 itaque
1963 5461 2136 5518 ϐίη-θ-

571 5560 651 5612 les
695 5555 925 5625 pecunia
983 5554 1308 5617 instructus,
1365 5561 1422 5607 et
1446 5550 1749 5613 exercitum
1788 5552 1890 5607 sub
1935 5569 2000 5612 se.
2025 5571 2135 5610 non

572 5643 980 5718 aspernandum
1020 5644 1249 5710 habens,
1285 5650 1342 5698 et
1380 5652 1540 5697 antea
1572 5642 1886 5710 imperatori
1925 5644 2131 5702 Canta-

571 5749 776 5795 cnzcno
805 5733 1179 5794 amicissimus
1209 5733 1330 5804 (per
1359 5746 1522 5805 quem
1555 5739 1613 5789 ct
1643 5731 1946 5793 Andronici
1992 5735 2131 5803 anti-

2239 4552 2417 4618 τούτῳ,
2459 4548 2574 4618 γὰρ.
2620 4543 2772 4615 μόνῳ.
2811 4542 3194 4612 σωφρονοῦντα
3227 4540 3427 4593 ἐαυτὸν
3474 4535 3768 4605 napique.

2240 4643 2354 4711 Τήν
2382 4657 2440 4692 τε
2474 4637 2774 4708 μνηστείαν
2815 4635 2916 4703 τῆς
2963 4633 3232 4704 θυγατρὸς
3271 4633 3340 4702 ἢν
3381 4633 3633 4701 πρότερον
3659 4622 3772 4711 πρρς

2238 4709 2331 4788 τὸν
2365 4727 2629 4803 βασιλέως
2656 4730 2770 4784 υίὸν
2804 4727 3094 4798 πεποίητο,
3134 4726 3372 4780 διέλυσε.
3406 4724 3540 4777 Τότε
3575 4721 3664 4790 μὲν
3691 4709 3768 4769 οὖν

2239 4825 2508 4897 χειμῶνος
2537 4821 2772 4886 ἐξαισίου
2804 4818 3274 4888 ἐπιγενομέονου,ἦ
3307 4834 3366 4872 τε
3417 4819 3482 4870 ἐκ
3507 4807 3768 4875 Βυζαντίον

2239 4919 2340 4974 καὶ
2380 4919 2413 4987 ἡ
2453 4917 2524 4990 ἐκ
2567 4914 2951 4982 Διδυμοτείχου
2994 4913 3226 4981 στρατιὰ
3271 4910 3561 4982 ἡσύχαζον,
3595 4906 3666 4976 μὴ
3697 4901 3772 4952 δυ·

2241 5009 2463 5079 νάμενοι
2519 5005 2770 5076 ἀλλήλοις
2827 5001 3202 5066 άντεπεξιέναι
3250 5002 3342 5056 διὰ
3386 5003 3478 5058 τὸν
3527 4994 3762 5070 χειμῶνα.

2253 5099 2341 5152 Ἐν
2365 5098 2536 5168 τούτῳ
2559 5097 2616 5154 δέ
2642 5097 2736 5154 καὶ
2763 5100 2790 5151 ὁ
2819 5094 3259 5167 πρωτοστράτωρ
3285 5096 3350 5148 ἐκ
3373 5088 3766 5152 Θεσσαλονίκης,

2239 5190 2321 5245 ὅτι
2346 5191 2445 5261 τὴν
2475 5191 2739 5263 βασιλέως
2761 5189 3033 5244 ἀπείπατο
3057 5188 3352 5258 πρεσϐείαν
3376 5177 3762 5258 μεταμεληθεὶξο

2239 5284 2348 5337 τῶν
2377 5283 2726 5338 οίκειοτάτιω
2753 5282 2980 5356 πέμψας
3015 5285 3160 5342 τινὰ.
3195 5281 3392 5351 κρύφα,
3424 5278 3686 5342 διελέγετο.
3701 5269 3764 5328 ὡς

2239 5375 2650 5452 Θεσσαλονίκην
2697 5373 3072 5442 παραδώσων*
3124 5370 3264 5427 εῖναι
3313 5371 3418 5440 γὰρ
3475 5366 3624 5435 αὐτῷ
3657 5359 3766 5452 τοὺς

2241 5451 2695 5534 συμπράττοντας
2749 5467 2868 5518 ἐκεῖ
2917 5465 3168 5530 πολλούς.
3219 5458 3572 5518 Συνεϐούλευέ
3609 5469 3662 5507 τε
3699 5451 3764 5522 μὴ

2243 5557 2460 5627 μέλλειν
2480 5597 2497 5620 ,
2529 5557 2644 5610 ἀλλ’
2676 5557 2791 5626 ἅμα
2820 5552 2915 5630 ἦρι
2947 5557 3102 5625 ἥκειν
3131 5557 3268 5625 πρὸς
3296 5555 3475 5619 αὑτὸν,
3497 5553 3567 5614 ὡς
3590 5546 3764 5611 πολλῆς

2239 5649 2388 5718 αὐτῷ
2439 5648 2703 5717 ὠφελείας
2759 5649 3024 5717 ἐσομένης
3074 5648 3134 5713 ἐξ
3187 5647 3424 5701 ἐκείνου.’
3459 5639 3676 5711 Ὁμοίως
3714 5633 3761 5686 δέ

2241 5742 2333 5802 καὶ
2367 5741 2600 5814 Χρέ).ης,
2629 5742 2685 5804 ὃς
2726 5737 2795 5814 ἢν
2834 5742 3100 5812 πρότερον
3149 5741 3278 5813 πρὸς
3329 5735 3648 5809 Ἀνδρόνικον
3683 5727 3761 5780 τὺν
