4096 6300
495 287 600 356 887

1593 262 1600 269 ’
1656 289 1977 352 JOANNIS
2017 290 2542 353 CANTACUZENI

3632 285 3746 347 888

492 421 693 478 praeter
725 426 823 468 eos
855 415 948 482 qui
992 414 1156 484 paulo
1200 425 1325 484 post
1354 419 1814 484 supervenerant,
1848 410 2062 478 equites

2173 411 2395 478 ἐφόδους
2441 409 2729 479 ἐσομένας.
2781 407 2923 479 Πρδς
2967 405 3076 475 γὰρ
3125 405 3235 466 τοῖς
3302 402 3528 470 ὕστερον
3578 402 3744 472 ὀλίγῳ

495 505 670 571 mille,
733 521 970 573 quorum
1008 507 1180 561 duces
1225 506 1439 560 Manuel
1478 502 1865 588 Tarqhaniota,
1892 501 2064 557 Geor-

493 595 616 665 gius
649 596 974 661 Phracases,
1005 597 1246 652 Joannes
1275 596 1614 664 Palmologus
1639 594 1776 648 aulae
1808 592 2064 662 primice-

493 687 632 752 rius,
668 697 725 741 et
769 687 1038 757 Georgius
1083 688 1303 744 Glabas.
1343 687 1688 760 suburbanis
1743 686 1900 740 valde
1948 699 2062 738 am-

493 781 597 848 plis
625 780 914 849 praefectos
948 787 1093 843 octo,
1143 794 1374 849 quorum
1423 779 1656 849 quisque
1700 777 1849 832 mille
1897 775 2038 845 sagit

497 871 669 925 tarios
730 873 972 942 regebat,
1045 880 1101 927 et
1167 870 1490 941 primarium
1549 869 1796 924 omnium
1865 867 2059 921 ducem

497 961 804 1016 Manuelem
856 964 1115 1023 Asanem.
1155 963 1342 1018 uxoris
1391 961 1612 1017 fratrem
1663 959 1968 1014 constituit.
2001 959 2060 1012 In

495 1052 726 1106 Thracia
759 1051 924 1108 urbes
959 1053 1230 1108 universa:
1261 1053 1445 1117 simul,
1470 1066 1537 1105 eo
1566 1050 1832 1120 neglecto,
1857 1049 1921 1103 ad
1955 1049 2066 1104 Au-

495 1153 710 1212 gustam
768 1157 827 1198 se
880 1152 1286 1215 aggregarunt:
1341 1142 1626 1197 castellum
1683 1140 2063 1209 Empylhium,

495 1231 642 1300 quod
679 1233 794 1301 ipse
824 1231 1007 1286 adhuc
1051 1234 1177 1287 vivo
1227 1233 1560 1301 imperatore
1611 1246 1641 1284 a
1693 1230 2064 1285 fundamentis

494 1322 880 1385 exaadiﬁcarat,
921 1323 975 1377 in
1017 1323 1121 1378 fide
1161 1323 1439 1378 manebat.
1480 1323 1604 1392 Ipse
1634 1321 1942 1376 Matthzeum
2009 1331 2065 1376 et

496 1411 797 1466 Manuelem
848 1412 1014 1476 ﬁlios,
1071 1421 1128 1467 et
1184 1413 1372 1468 uxoris
1419 1427 1737 1482 germanum
1795 1412 2064 1468 Joannem

493 1502 753 1564 Asanem,
804 1519 908 1558 nec
958 1518 1069 1558 non
1107 1504 1371 1574 Angelum
1427 1504 1746 1572 pincernam
1783 1502 2066 1557 consobri-

498 1607 652 1657 num,
706 1593 1084 1663 nobiliumque
1141 1602 1198 1647 et
1279 1595 1807 1664 consanguineorum
1863 1593 2067 1648 multos

498 1697 686 1738 secum
735 1683 962 1748 habens,
1029 1700 1154 1739 cum
1203 1700 1498 1740 numeroso
1546 1693 1602 1738 et
1643 1685 1771 1738 forti
1821 1686 2067 1741 exercitu

2169 500 2601 569 ἐπιγενομένοις,
2645 497 2807 568 χίλιοι
2851 492 3018 567 ἦσαν,
3064 487 3163 562 ὧν⁵
3205 488 3372 565 ἦρχον
3425 493 3683 562 Μανουὴλ
3713 497 3742 545 ὀ

2168 592 2610 664 Ταρχανειώτης,
2637 591 2728 644 καὶ
2757 587 3054 658 Φακρασὴς
3093 585 3386 655 Γεώργιος,
3420 585 3518 638 καὶ
3559 585 3742 654 τρίτος

2167 686 2196 739 ό
2219 685 2318 753 τῆς
2344 684 2514 751 αὐλῆς
2545 680 2950 752 πριμμικήριος
2997 676 3364 744 Παλαιολόγος
3404 677 3432 728 ό
3463 675 3737 744 Ἰωάννης,

2170 777 2263 831 καὶ
2299 779 2327 829 ό
2353 774 2566 838 Γλαϐᾶς
2609 773 2886 843 Γεώργιος
2934 771 3033 822 σὺν
3075 768 3313 831 τούτοις.
3373 767 3500 820 Ἐπὶ
3555 767 3613 819 δέ
3642 767 3743 834 τῆς

2170 868 2276 933 ἔξω
2303 865 2688 937 Διδυμοτείχου
2725 862 3008 924 συνοικίας
3048 859 3219 930 οῠσης
3255 858 3479 928 πολλῆς,
3516 857 3741 925 ἐτέρους

2171 957 2474 1030 ἐπέστησεν
2508 958 2774 1026 ἄρχοντας
2800 953 2970 1017 ὀκτὼ,
2996 946 3071 1004 ὧν
3098 947 3269 1023 ἦρχεν
3299 951 3531 1010 ἕκαστος
3555 948 3740 1016 χιλίων

2170 1050 2424 1114 τοξοτῶν.
2483 1047 2799 1118 Στρατηγδν
2862 1045 2920 1099 δὲ
2995 1044 3089 1097 ἐπὶ
3152 1043 3287 1095 πᾶσι
3343 1041 3434 1093 τὸν
3485 1038 3741 1106 γυναικὸς

2167 1138 2399 1206 ἀδελφὸν
2429 1137 2649 1206 Ασόινην
2678 1134 2938 1188 κατέλιπε
2978 1132 3071 1184 τὸν
3112 1130 3392 1198 Μανουήλ.
3443 1128 3660 1181 Πόλεων
3684 1127 3740 1179 δὲ

2169 1230 2277 1282 τῶν
2303 1229 2447 1283 κατά
2466 1229 2564 1297 τὴν
2597 1227 2820 1297 Θρᾴκην
2853 1224 3080 1278 ἀπασῶν
3119 1223 3345 1290 οὐδεμία
3383 1221 3532 1289 αύτῷ
3567 1237 3741 1286 προσ-

2170 1323 2339 1388 εῖχεν,
2392 1319 2529 1374 ana
2580 1319 2751 1371 πᾶσαι
2803 1315 2940 1385 πρὸς
3002 1314 3247 1384 βασίλιδα
3305 1313 3738 1379 συναπέστησαν,

2173 1411 2312 1480 πλὴν
2339 1411 2432 1463 τοῦ
2476 1406 2781 1478 Ἑμπυθίου
2835 1405 3118 1474 φρουρίου.
3171 1405 3199 1457 ὃ
3241 1403 3391 1471 αύτῷ
3461 1402 3742 1470 περιόντος

2172 1502 2252 1556 ἔτι
2283 1500 2547 1573 βασιλέως
2579 1499 2896 1570 ᾠκοδεμητο
2943 1497 3136 1558 αὐταῖς
3161 1496 3454 1566 κρηπίσιν.
3481 1493 3653 1554 Αὐτὸς
3687 1491 3742 1542 δὲ

2170 1591 2296 1654 τούς
2352 1607 2410 1645 τε
2455 1591 2604 1651 υἱοὺς
2651 1588 2790 1657 ἔχων
2831 1587 3110 1641 Mareotin»)
3177 1585 3274 1656 καὶ
3341 1583 3618 1650 Μανουὴλ,
3650 1582 3742 1633 καὶ

2172 1683 2263 1736 τὸν
2289 1681 2546 1751 γυναικός
2578 1679 2810 1749 ἀδελφὸν
2869 1679 3101 1742 ’Λσόινην
3127 1677 3215 1729 τὸν
3262 1676 3538 1744 Ἰωᾶννην,
3576 1675 3656 1726 ἐτι
3684 1691 3740 1726 τε

503 1772 888 1842 Didymoticho
919 1789 1172 1846 egressus
1192 1785 1280 1831 est
1311 1776 1478 1830 tertio
1502 1776 1687 1830 Nonas
1717 1776 1902 1842 Maias,
1929 1776 2062 1831 indi-

2174 1773 2440 1842 Ἃγγελον
2467 1771 2768 1842 πιγκέρνην
2821 1769 2912 1823 τὸν
2939 1768 3179 1838 ἀνεψιὸν,
3222 1767 3317 1820 καὶ
3345 1767 3452 1818 τῶν
3507 1764 3742 1833 εὐγενῶν

499 1863 684 1916 ctione
725 1863 957 1927 decima,
1003 1866 1288 1935 praemisso
1327 1865 1691 1922 Constantino
1742 1866 2066 1936 Palaologo,

505 1951 789 2008 Michaelis
824 1954 982 2010 ducis
1015 1955 1257 2025 despotae
1291 1955 1426 2017 ﬁlio,
1459 1957 1616 2026 cujus
1646 1971 1834 2026 opera,
1865 1973 1985 2028 quae
2013 1958 2068 2013 in

497 2058 613 2098 rem
643 2055 844 2107 essent.
880 2057 1231 2117 praepararet.
1289 2048 1391 2115 Qui
1437 2064 1562 2104 mox
1597 2051 1792 2106 Pheris
1831 2052 1896 2106 ad
1940 2052 2069 2123 Syr-

397 2160 404 2165 -
497 2151 618 2204 gem
665 2136 888 2204 defecit,
934 2138 1048 2194 sive
1084 2141 1230 2209 quod
1255 2141 1443 2195 domui
1483 2157 1596 2197 suae
1637 2144 1855 2198 timeret
1929 2145 2066 2214 (illic

497 2223 642 2281 enim
689 2228 1016 2302 habitabat),
1061 2234 1180 2288 sive
1222 2233 1367 2303 quod
1402 2249 1470 2289 ex
1505 2235 1724 2290 urbium
1761 2236 2068 2292 defectione

502 2317 868 2373 (Iantacuzeni
918 2321 1195 2376 fortunam
1249 2324 1620 2378 alllictumiri
1674 2326 2064 2395 augurabatur.

499 2408 800 2478 imperator
829 2413 1050 2468 tametsi
1080 2427 1146 2468 ex
1179 2425 1434 2469 anteacto
1477 2425 1720 2486 tempore
1755 2433 1862 2470 non
1912 2417 2067 2472 bonae

497 2515 624 2569 spes
650 2501 996 2572 afl‘ulgerent,
1025 2505 1090 2560 ad
1127 2504 1314 2560 Beram
1352 2509 1616 2562 constitit.
1656 2507 1821 2579 454
1849 2511 1949 2576 Qui
1987 2511 2068 2564 lo-

499 2607 596 2645 cus
627 2608 750 2646 cum
783 2595 943 2663 equis
983 2597 1165 2651 laetum
1201 2598 1461 2666 pabulum
1502 2599 1707 2653 aﬂ‘atim
1752 2602 2068 2670 suppedita-

496 2692 602 2748 ret,
639 2699 746 2737 non
782 2688 930 2741 enim
969 2687 1022 2741 id
1075 2688 1278 2758 ubique
1336 2698 1421 2758 tut
1449 2705 1577 2744 vere
1618 2691 1798 2745 adhuc
1835 2693 2065 2761 recenti)

498 2775 841 2839 suppetebat,
876 2774 994 2829 dies
1025 2775 1228 2830 ibidem
1254 2792 1362 2831 non
1392 2779 1595 2834 multos
1619 2783 1979 2852 consumpsit,
2009 2783 2064 2838 in

501 2863 702 2932 quibus
733 2866 1017 2920 castellum
1048 2869 1296 2933 tentavit,
1335 2870 1378 2924 si
1415 2885 1512 2939 per
1539 2870 1877 2926 deditionem
1905 2889 2067 2927 oceu-

497 2970 627 3023 pare
667 2964 878 3023 posset;
915 2956 968 3010 vi
999 2957 1142 3010 enim
1185 2959 1440 3029 subigere
1501 2973 1724 3031 propter
1767 2965 2066 3018 monachos

2171 1865 2264 1919 καὶ
2296 1863 2416 1917 καθ’
2461 1861 2599 1932 αἷμα
2631 1863 3020 1934 προσηκόντων
3051 1860 3150 1913 οὐκ
3178 1858 3414 1925 ὀλίγους,
3448 1856 3546 1928 τὴν
3574 1873 3740 1926 στρα-

2169 1959 2292 2010 τιὰν
2320 1956 2519 2022 πολλὴν
2551 1957 2645 2008 καὶ
2677 1953 2891 2023 ἀγαθὴν
2944 1949 3111 2017 οὖσαν
3158 1949 3516 2020 παραλαϐὼν,
3544 1947 3736 2018 ἐξῆλθε

2169 2049 2553 2119 Διδυμοτείχου
2593 2049 2821 2116 πέμπτῃ
2864 2045 3112 2115 Μαρτίου
3166 2045 3460 2112 ἱσταμένου
3512 2041 3611 2109 τῆς
3657 2040 3740 2093 δε-

2170 2142 2340 2210 κάτης
2371 2139 2720 2200 ἰνδικτιῶνος.
2755 2135 3096 2206 Προῠπεμπέ
3127 2150 3187 2186 τε
3223 2131 3416 2186 ἑαυτοῦ
3446 2133 3739 2183 Κωνσταν-

2168 2237 2312 2286 τῖνον
2344 2233 2436 2285 τὸν
2482 2230 2870 2298 Παλαιολόγον,
2921 2230 3011 2280 τδν
3045 2228 3310 2281 δεσπότου
3371 2217 3594 2306 Μιχαὴλ
3641 2223 3734 2274 τοῦ

2171 2326 2374 2388 δουκδς,
2405 2326 2543 2387 υἱὸν,
2580 2323 2653 2387 ὡς
2685 2323 2752 2375 δι’
2784 2321 2950 2375 αὑτοῦ
2981 2321 3088 2374 τῶν
3115 2317 3414 2372 δοκούντων
3441 2316 3736 2368 λυσιτελεῖν

2167 2437 2288 2473 τινα
2341 2415 3024 2488 προπαρασκευασόμενος.
3098 2413 3162 2462 't)
3221 2410 3292 2463 δ’-
3328 2409 3530 2464 αὐτίκα
3603 2409 3737 2476 πρὸς

2169 2511 2384 2580 Συργὴν
2445 2509 2710 2578 ἀφίστατο
2773 2507 2829 2558 ἐν
2875 2505 3098 2570 Φεραῖς,
3149 2503 3261 2556 εἴτε
3292 2501 3422 2571 περὶ⁹
3443 2501 3541 2568 τῆς
3562 2499 3737 2559 οίκίας

2168 2603 2370 2664 δείσας,
2402 2599 2651 2670 Φεραίοις
2681 2597 2791 2667 γάρ
2839 2594 3111 2665 συνῴκει,
3152 2594 3264 2647 εττε
3303 2594 3396 2645 καὶ
3420 2589 3736 2659 οίωνισάμε-

2167 2712 2254 2756 νος
2283 2697 2349 2746 ἐκ
2378 2691 2478 2761 τῆς
2540 2691 2648 2744 τῶν
2695 2690 2906 2743 πόλεων
2959 2679 3326 2749 ἀποστασίας,
3382 2684 3456 2745 ὡς
3498 2685 3560 2736 οὐ
3591 2682 3731 2734 κατά

2172 2785 2298 2855 ροῦν
2331 2781 2596 2852 βασιλέως
2628 2777 3092 2848 Καντακουζηνοῦ
3118 2775 3187 2829 τά
3214 2775 3523 2846 πράγματα
3554 2773 3734 2842 χωρή-

2171 2893 2271 2929 σει.
2304 2876 2569 2936 Βασιλεὺς
2613 2873 2692 2938 δέ,
2723 2873 2899 2924 καίτοι
2928 2870 3040 2923 τῶν
3063 2867 3457 2940 πραττομένων
3489 2866 3552 2918 οὐ
3595 2863 3730 2915 πάνυ

2167 2967 2410 3039 χρηστὰς
2462 2965 2683 3026 ἐλπίδας
2717 2961 3095 3032 παρεχόντων,
3126 2959 3228 3027 τὴν
3263 2957 3531 3027 στρατιὰν
3575 2955 3731 3026 ἔχων,

496 3047 702 3101 incolas
729 3047 970 3102 nolebat.
1009 3049 1238 3103 Videbat
1266 3050 1414 3104 enim
1447 3052 1492 3106 si
1523 3052 1572 3105 vi
1605 3061 1915 3122 caperetur,
1947 3055 2062 3124 lege

2170 3058 2661 3131 ἐστρατοπέδευσεν
2718 3058 2776 3108 ἐν
2812 3053 2988 3125 Βήρα.
3033 3051 3326 3121 ’Δφθονίαν
3359 3051 3418 3103 δέ
3457 3052 3578 3103 ἐκεῖ
3624 3050 3734 3138 τοῖς

499 3137 721 3192 militari
786 3142 1183 3194 monasterium
1263 3156 1482 3211 quoque
1543 3143 1873 3200 diruendum
1926 3147 2060 3216 (85).

496 3229 670 3294 Quam
705 3229 775 3285 ob
809 3246 1026 3286 causam
1056 3248 1159 3288 nec
1192 3233 1414 3289 assidue
1448 3235 1752 3292 obsidendo
1785 3254 2064 3308 oppugna-

493 3320 606 3386 bat,
639 3320 734 3376 sed
766 3323 1332 3391 opinionemtantum
1365 3327 1662 3396 prtehebat,
1697 3330 1853 3400 quasi
1897 3346 1958 3386 se
1995 3331 2062 3385 ad

497 3428 688 3468 muros
715 3415 1048 3472 adoriundos
1076 3428 1439 3487 compararet.
1493 3421 1744 3476 Monacbi
1791 3439 1924 3478 vero
1967 3423 2062 3493 qui

495 3505 647 3576 intus
676 3515 855 3568 erant,
882 3516 938 3560 et
961 3508 1067 3562 alia
1095 3509 1251 3563 turba
1281 3525 1346 3563 ex
1375 3513 1687 3581 agrestibus
1713 3513 1965 3583 collecta,
1993 3531 2060 3570 an

497 3603 724 3665 propter
758 3595 1121 3651 defectionem
1155 3599 1356 3674 trepidi
1404 3602 1580 3670 (prius
1617 3619 1853 3673 namque
1896 3606 2065 3676 impe-

499 3687 699 3744 ratoris
727 3686 1068 3755 prmsidium,
1099 3697 1153 3743 et
1185 3689 1500 3758 prazfectum
1533 3692 1666 3761 ipsis
1700 3693 1888 3748 datum
1916 3694 2063 3750 frau-

498 3782 566 3833 de
599 3779 1030 3846 circumientos,
1061 3780 1405 3852 vinculisque
1453 3783 1751 3854 implicitos
1781 3787 1850 3841 ad
1897 3789 2064 3858 impe-

496 3873 750 3930 ratriccm
785 3873 1090 3944 miserant),
1115 3889 1184 3928 an
1205 3875 1371 3930 etiam
1397 3875 1502 3931 alia
1517 3878 1752 3947 quadam
1783 3879 1852 3936 de
1876 3895 2061 3949 causa,

495 3982 525 4025 β
558 3965 730 4022 muris
756 3972 1035 4023 structura
1065 3965 1418 4022 validissimis
1445 3968 1852 4030 animosissime
1881 3985 1939 4026 se
1964 3974 2062 4026 de-

497 4053 813 4119 fendebant,
873 4069 974 4108 nec
1025 4055 1093 4109 de
1145 4057 1544 4127 compositione
1588 4061 1816 4115 verbum
1870 4061 2062 4117 audire

491 4143 858 4203 sustinebant.
927 4144 1136 4199 Interea
1203 4145 1445 4202 Joannes
1501 4147 1755 4204 Batatzes
1803 4150 2062 4222 Byzantio

492 4246 658 4293 llOt'lU
691 4235 832 4291 (iam
862 4237 1109 4309 (propter
1144 4253 1364 4292 causam
1426 4239 1571 4294 enim
1597 4241 1709 4312 jam
1746 4256 2058 4312 expressam

489 4329 774 4382 castellum
806 4339 957 4384 certo
985 4339 1415 4400 constanterque
1445 4347 1554 4387 non
1588 4335 2056 4405 oppugnabatur),

2169 3151 2352 3213 ἵπποις
2394 3149 2488 3202 τοῦ
2526 3149 2690 3202 τόπου
2727 3147 3052 3216 παρέχοντος
3075 3143 3307 3214 τροφῆς,
3355 3139 3511 3194 οὖπω
3536 3139 3642 3208 γὰρ
3667 3135 3734 3206 ἦν

2168 3243 2465 3298 ἀπολαύειν
2479 3239 2716 3309 ἀφθόνου
2738 3234 3119 3307 πανταχοῦ,δώ
3141 3233 3239 3304 τὴν
3256 3233 3405 3302 ὥραν
3429 3232 3554 3301 ἄρτι
3575 3229 3732 3298 ἀρχε-

2172 3336 2334 3406 μένου
2376 3333 2560 3403 ἔαρος,
2586 3329 2918 3400 παρέμεινεν
2935 3325 3150 3398 ἡμέρας
3183 3325 3246 3378 ού
3265 3323 3486 3386 πολλάς.
3505 3321 3593 3374 Ἑν
3611 3316 3732 3371 ταὺ-

2164 3445 2282 3490 ταις
2308 3414 2364 3481 δὲ
2386 3424 2477 3479 τοῦ
2505 3421 2770 3494 φρουρίου
2791 3419 3091 3488 ἀπεπείρα,
3119 3418 3167 3469 εί
3185 3415 3403 3468 δύναιτο
3443 3409 3731 3477 κατασχεῖν

2165 3517 2445 3590 ὁμολογίᾳ.
2492 3517 2595 3586 Βὶᾳ
2641 3513 2748 3583 γὰρ
2781 3508 3242 3581 παραστήσεσθαι
3295 3505 3400 3558 οὐκ
3438 3503 3600 3574 ἡθελε
3642 3499 3732 3552 διὰ

2166 3612 2228 3666 τὸ
2292 3608 2559 3680 μοναχοὺς
2599 3606 2659 3658 τὸ
2689 3603 2954 3674 φρούριον
3005 3601 3321 3654 κατοικεῖν’
3367 3593 3610 3664 συνορῶν
3641 3592 3732 3669 ¹ὡς

2166 3704 2215 3757 εί
2247 3703 2340 3773 βίᾳ
2364 3698 2715 3771 εκρατηθείη,
2746 3695 2900 3749 οὐδὲν
2938 3694 3096 3747 ἔσται
3123 3691 3330 3751 λοιπὸν,
3365 3689 3399 3758 ἢ
3431 3687 3730 3742 ἀνάστατον

2164 3792 2411 3863 γίνεσθαι
2455 3790 2553 3861 τὴν
2594 3788 2762 3859 μονὴν
2822 3787 3067 3857 πολέμου
3117 3783 3269 3853 νόμῳ
3322 3777 3730 3850 πορθουμένην.

2165 3879 2240 3942 Ob
2284 3886 2348 3958 δὴ
2385 3885 2546 3938 ἕνεκα
2593 3882 2714 3935 οὐδὲ
2779 3881 3046 3942 συντόνως
3092 3875 3424 3942 ἐπολιόρκει,
3476 3871 3610 3924 ἀλλά
3647 3868 3731 3921 δό-

2165 3995 2331 4048 κησιν
2365 3975 2596 4044 παρεῖχε
2639 3973 2821 4041 μόνον,
2867 3970 2942 4032 ὡς
2988 3967 3124 4037 πρὸς
3162 3963 3522 4034 τειχομαχίαν
3555 3977 3728 4026 παραφ

2166 4069 2588 4136 σκευαζόμενος.
2653 4062 2896 4134 Μοναχοὶ
2962 4061 3019 4114 δὲ
3068 4059 3119 4111 οἱ
3161 4057 3311 4110 ἐνδον
3353 4055 3528 4116 ὅντες,
3587 4053 3732 4104 καὶὸ

2163 4162 2320 4224 ἄλλος
2364 4158 2550 4229 ὅμιλος
2605 4157 2662 4223 ἐξ
2697 4153 2948 4224 ἀγροτῶν
3002 4148 3432 4219 συνειλεγμένοι,
3479 4147 3588 4199 εἴτε
3645 4142 3729 4198 διὰ

2164 4251 2261 4322 τὴν
2313 4246 2656 4302 ἀποστασίαν
2699 4242 3016 4304 ’δεδοικότες
3054 4255 3072 4273 ο
3141 4241 3241 4306 τὴν
3305 4237 3416 4303 γὰρ
3470 4231 3729 4304 βασιλέως

2167 4345 2435 4411 πρότερον
2496 4337 2769 4407 φρουρὰν,
2822 4333 3036 4388 καὶτὸν
3069 4331 3308 4402 ἄρχοντα
3356 4328 3413 4380 δν
3437 4327 3730 4393 ἐπέστησεν

489 4439 616 4494 cum
651 4440 816 4492 parva
847 4439 1010 4482 manu
1043 4424 1348 4493 ingressus,
1379 4423 1432 4480 id
1467 4423 1570 4479 sub
1599 4426 1857 4496 Augustae
1888 4426 2062 4500 impe—

2168 4404 2374 4495 αύτοῖς,
2414 4404 2602 4496 ἀπάτῃ
2646 4404 3023 4496 κατασχόντες
3052 4419 3321 4488 δεσμότας
3377 4416 3630 4485 ἔπεμψαν
3655 4413 3730 4472 εἰς

492 4513 632 4566 rium
671 4513 905 4582 redegit,
934 4521 991 4566 et
1019 4513 1404 4567 Cantacuzeno
1432 4514 1554 4582 ejus
1583 4514 1867 4570 obtinendi
1905 4531 2059 4586 spem

488 4604 741 4671 abstulit.
767 4603 911 4657 Muto
940 4603 1107 4673 igitur
1135 4602 1262 4658 inde
1293 4605 1560 4671 exercitu,
1598 4604 2058 4676 Anastasiopolim

490 4695 861 4762 (Andronicus
919 4694 1325 4756 Pcritheorium
1380 4694 1696 4765 appellavit)
1763 4697 2056 4766 processit,

487 4801 651 4864 quam
706 4799 804 4857 per
839 4783 956 4836 dies
1010 4793 1248 4852 quatuor
1297 4793 1355 4838 et
1409 4785 1602 4854 viginti
1658 4787 2059 4846 circumsident:

489 4874 844 4946 oppugnavit.
879 4873 1056 4936 Etiam
1091 4874 1159 4928 ad
1201 4874 1458 4932 Chrelem
1514 4885 1570 4930 et
1602 4888 2056 4947 protostratorem

489 4967 936 5033 Thessalonicam
970 4966 1038 5031 de
1085 4965 1323 5023 adventu
1371 4983 1472 5023 suo
1516 4971 1759 5035 miserat,
1793 4981 1849 5026 et
1894 4988 2058 5030 nosse
2095 5031 2103 5044 _

489 5060 709 5126 avebat,
757 5076 889 5114 num
940 5059 1086 5114 idem
1135 5067 1283 5115 esset
1312 5074 1503 5115 eorum
1536 5076 1662 5131 erga
1711 5077 1769 5118 se
1819 5063 2058 5132 animus,

492 5152 588 5226 qui
624 5153 914 5216 hactenus.
947 5152 1198 5209 Batatzes
1232 5151 1422 5222 (porro
1465 5153 1552 5207 cui
1605 5154 1672 5212 ab
1715 5148 2061 5223 imperatrice

492 5259 791 5313 rerumque
841 5243 1150 5304 rectoribus
1202 5241 1331 5309 belli
1377 5253 1570 5298 contra
1619 5245 2058 5301 Cantacuzenum

492 5333 896 5395 administratio
925 5333 1219 5389 connnissa
1260 5335 1400 5400 erat)
1451 5349 1577 5387 cum
1625 5334 1891 5390 militibus
1923 5351 2061 5406 quos

487 5424 747 5496 Byzantio
791 5423 1120 5488 adducebat,
1168 5432 1224 5478 et
1267 5439 1333 5486 ex
1377 5423 1622 5480 Thraciae
1655 5439 1718 5492 ac
1767 5411 2060 5495 Rhodopes

2172 4516 2424 4587 βασιλίδα
2455 4533 2470 4549 ο
2501 4512 2615 4568 εἴτε
2668 4513 2765 4567 καὶ
2792 4513 2982 4582 τρόπῳ
3011 4509 3074 4580 δή
3106 4525 3211 4562 τινι
3245 4508 3439 4577 ἑτέρῳ,
3469 4501 3730 4575 ἠμύνοντό

2167 4607 2559 4681 καρτερώτατα
2611 4605 2720 4661 ἀπὸ
2764 4604 2873 4656 τῶν
2913 4601 3110 4672 τειχῶν
3167 4599 3532 4670 ὀχυρωτάτων
3569 4597 3727 4649 ὄντων

2166 4705 2231 4756 ἐκ
2266 4699 2633 4769 κατασκευῆς,
2667 4700 2758 4751 καὶ
2790 4695 2900 4754 οὐδ’
2937 4697 3132 4765 ἄκροις
3159 4694 3264 4747 ὠσὶ
3292 4691 3582 4763 προσίεντο
3607 4688 3726 4747 τοὺς

2170 4813 2234 4848 πε
2247 4795 2299 4865 pi.
2330 4791 2658 4861 συμϐάσεως
2689 4790 2905 4856 λόγους.
2942 4786 3033 4840 Ἐν
3064 4785 3238 4854 τούτῳ
3265 4783 3324 4840 δὲ
3355 4784 3450 4837 καὶ
3470 4784 3498 4836 ό
3529 4780 3725 4838 Βατάτ-

2169 4885 2269 4955 ζης
2285 4884 2538 4953 Ἰωάννης
2571 4884 2635 4934 ἐκ
2671 4881 2965 4945 Βυζαντίου
2992 4878 3184 4941 νυκτὸς
3208 4875 3499 4940 διαλαθὼν,
3538 4874 3596 4926 οὐ
3623 4872 3722 4938 γὰρ

2170 4976 2435 5046 ἀσφαλῶς
2459 4979 2519 5028 τὸ
2550 4973 2812 5044 φρούριον
2843 4973 3220 5044 ἐπολιορκεῖτο
3245 4970 3334 5024 διὰ
3372 4970 3473 5039 τὴν
3503 4966 3721 5037 εἰρημέ-

2169 5086 2267 5138 νην
2297 5067 2498 5130 αἱτίαν,
2535 5065 2649 5134 ἅμα
2678 5065 2877 5133 ὀλίγοις
2932 5062 3292 5134 στρατιώταις
3325 5059 3606 5121 εἰσελθὼν,
3635 5073 3724 5109 πε-

2173 5158 2458 5229 ριεποίησέ
2487 5174 2546 5210 τε
2576 5157 2636 5210 τὸ
2670 5156 2933 5228 φρούριον
2988 5155 3240 5225 βασιλίδι,
3280 5156 3376 5206 καὶ
3405 5153 3615 5224 βασιλεῖ
3649 5146 3721 5218 τῷ

2167 5247 2611 5316 Καντακουζηνῷ
2654 5246 2751 5316 τὴν
2781 5248 3123 5316 ἐπιχείρησιν
3157 5244 3481 5298 ἀνέλπιστον
3530 5241 3720 5295 ἐποίει.

2180 5343 2517 5410 ’Λναστήσας
2555 5341 2734 5392 τοίνυν
2771 5338 2982 5390 ἐκεῖθεν
3033 5338 3132 5406 τὴν
3182 5338 3466 5408 στρατιὰν,
3499 5338 3578 5398 είς
3628 5333 3723 5402 τὴν

2185 5427 2540 5480 Ἀ’ναστασίου
2572 5428 2750 5490 πόλιν,
2807 5426 2841 5496 ἦ
2893 5424 3259 5496 Περιθεὼριον
3315 5424 3421 5476 ὑπὸ
3468 5423 3724 5494 βασιλέως

1751 5544 1964 5605 Jacobi
2003 5544 2263 5606 Pontani
2304 5553 2487 5605 notae.

557 5644 666 5710 (84)
695 5643 897 5699 Grecis
952 5645 1087 5711 μονὴ
1136 5653 1220 5697 est
1270 5644 1675 5704 monasterium,
1713 5645 1865 5709 quasi
1905 5644 2055 5699 dicas

491 5717 827 5774 ntansioaem
880 5721 1058 5772 ttuare
1089 5715 1247 5769 etiam
1277 5714 1635 5783 scriptoribus
1671 5713 2053 5771 ecclesiasticis

2163 5646 2371 5699 Latinis
2416 5643 2837 5710 mansionarius,
2875 5642 3175 5698 mansionis
3207 5641 3404 5705 incola,
3439 5636 3718 5703 habitator,

2161 5717 2214 5782 id
2251 5723 2351 5780 est,
2384 5715 2719 5773 monasterii.
3391 5735 3396 5740 ι
