4096 6300
323 379 335 390 ·
377 355 487 418 839

1519 351 2070 414 IllSTOBIARUM
2116 352 2346 412 LIBER
2391 352 2446 411 ll
2465 353 2506 412 [.

3522 328 3628 408 890

390 470 1188 543 ’Δνδρονίκουπροσηγόρευτο,
1215 471 1455 542 ἐγένετο,
1477 474 1571 526 καὶ
1596 472 1941 543 περιεκάθητ‹

2067 472 2298 526 urbibus
2326 487 2435 526 non
2463 470 2676 525 modica
2706 469 2963 539 adjuncta
2988 461 3179 531 'manu,
3209 465 3335 536 quia
3366 479 3423 518 se
3454 465 3631 533 impc-

373 565 686 632 ’πολιορκῶν
744 567 802 618 ἐν
836 565 1101 636 τέσσαρσι
1147 566 1239 619 καὶ
1281 565 1489 618 εἴκοσιν
1539 565 1798 636 ἡμέραις.
1847 559 1955 615 Ἷίν

375 660 484 728 γὰρ
513 659 578 725 δὴ
630 657 893 726 καὶπρὸς
945 658 1162 724 Χρέλην
1221 659 1319 711 καὶ
1370 659 1836 728 πρωτοσρτὰτορα
1862 655 1954 707 τὸν

377 745 682 815 Συναδηνδν
731 746 788 797 ὲν
845 745 1218 818 Θεσσαλονίκῃ
1274 747 1400 809 τοὺς
1457 745 1804 816 μηνύσοντας
1857 743 1955 811 τὴν

374 837 584 889 ἐκείνου
622 836 810 903 ἄφιξιν
857 837 1194 906 πεπομφὼς,
1224 839 1322 890 καὶ
1383 835 1680 906 περιέμενε
1735 835 1952 905 μαθεῖν,

373 928 422 979 εἰ
458 928 526 980 τὰ
557 927 646 978 ῖσα
677 924 867 996 ὥσπερ
899 927 994 978 καὶ
1025 927 1292 997 πρότερον
1325 927 1453 994 περὶ
1481 923 1646 978 αὑτοῦ
1671 925 1954 977 διανόἧν-

372 1036 485 1070 ται.
537 1016 823 1087 Βατάτζης
885 1017 943 1070 δὲ
988 1017 1114 1079 τούς
1148 1033 1208 1069 τε
1239 1015 1582 1086 στρατιώτας
1629 1015 1722 1079 οὓς
1743 1017 1806 1068 ἐκ
1847 1017 1951 1066 Βυ-

366 1107 597 1170 ζαντίου
626 1102 763 1178 ἦκεν
799 1106 946 1175 Ξχων
1006 1107 1376 1175 ἑπαγόμενος,
1411 1107 1508 1160 καὶ
1568 1108 1632 1159 ἐκ
1669 1106 1779 1158 τῶν
1808 1106 1952 1159 κατὰ

371 1200 470 1270 τὴν
503 1200 726 1271 Θρᾴκην
764 1201 860 1252 καὶ
903 1199 1168 1268 Ῥοδόπην
1196 1199 1406 1252 πόλεων
1439 1199 1540 1251 οὐκ
1568 1197 1757 1265 ὀλίγην
1790 1213 1953 1266 στρα-

371 1294 494 1344 τιὰν
539 1289 886 1360 συνειλοχὼς,
915 1291 1016 1343 οὐκ
1057 1287 1360 1358 ἀξιόμαχον
1393 1288 1452 1340 δὲ
1487 1290 1639 1358 ὅμως
1675 1287 1814 1356 προς
1842 1289 1943 1356 τὴν

375 1384 666 1451 βασιλέως,
717 1378 785 1452 ἦν
823 1383 930 1450 γὰρ
978 1380 1041 1450 δὴ
1076 1382 1139 1432 ὲκ
1174 1378 1446 1449 βασιλίδος
1494 1380 1587 1430 καὶ
1633 1376 1743 1428 τῶν
1772 1375 1950 1452 ἄλλων

368 1475 479 1527 τῶν
510 1475 575 1526 τὰ
608 1451 919 1543 πράγματα
975 1471 1219 1538 ἀγόντων
1252 1473 1346 1522 τὸν
1383 1469 1522 1538 πρὸς
1572 1470 1780 1521 ἐκεῖνον
1825 1451 1950 1520 ε’πι-

367 1565 746 1632 τετραμμένος
777 1563 1038 1631 πόλεμον,
1082 1562 1340 1628 ἐφείπετο
1367 1559 1467 1611 οὑκ
1518 1557 1773 1626 ἐγγύθεν,
1813 1556 1949 1609 ἀλλὰ

373 1659 502 1726 μιᾶς
554 1655 768 1724 ἠέέρας
816 1653 934 1706 ὁδὸν
987 1651 1200 1721 διέχων,
1241 1651 1335 1704 διὰ
1370 1648 1949 1718 πολλῆς,πσιούμενος

372 1749 608 1826 σπουδῆς
632 1748 693 1799 τὸ
727 1746 802 1816 μὴ
861 1748 926 1815 τῇ
976 1744 1245 1814 βασιλέως
1291 1743 1524 1812 στρατιᾷ
1591 1741 1944 1809 περιτυχεῖνο

2059 563 2224 617 ratori
2253 563 2519 631 imparem
2548 560 2828 626 cernebat,
2861 575 2969 613 non
3003 573 3194 627 prope,
3219 556 3312 611 sed
3341 557 3630 610 intervallo

2057 657 2225 709 unius
2256 654 2366 709 diei
2395 653 2812 722 insequebatur,
2845 664 3105 730 perquam
3140 648 3372 702 sollicite
3404 663 3626 719 cavens,

2057 763 2125 801 ne
2182 747 2236 799 in
2287 747 2410 815 ejus
2460 745 2648 813 copias
2699 743 3004 805 incideret;
3055 739 3256 793 Sciebat
3311 740 3458 793 enim
3510 739 3629 792 sine

2055 837 2207 892 clade
2235 854 2293 892 se
2339 852 2446 890 non
2491 849 2810 890 evasurum.
2841 833 3188 887 Peritltcorio
3219 838 3403 884 autem
3427 829 3496 883 ab
3529 829 3631 882 im-

2057 939 2310 998 peratore
2355 937 2507 981 arcte
2553 926 2800 989 obsesso,
2838 939 3055 979 omnem
3102 921 3389 976 rudentem
3441 935 3628 974 move-

2055 1023 2169 1086 bat,
2197 1028 2257 1073 ut
2284 1034 2410 1072 cum
2441 1018 2628 1088 paucis
2659 1015 2988 1086 quibusdam
3023 1015 3172 1084 (quia
3209 1029 3332 1067 cum
3377 1014 3628 1083 pluribus

2053 1125 2162 1164 non
2198 1107 2421 1178 licebat)
2466 1106 2806 1160 clandestine
2861 1105 2916 1159 in
2970 1107 3160 1160 urbem
3208 1106 3327 1175 ejus
3384 1105 3626 1158 tutandae

2052 1218 2211 1255 causa
2236 1200 2586 1269 irrumperet.
2625 1199 2732 1254 Sed
2755 1199 2971 1252 frustra.
2997 1198 3130 1251 Nam
3170 1199 3469 1267 imperator
3486 1197 3626 1250 assi—

2053 1294 2158 1349 dua
2183 1293 2470 1348 obsidione
2496 1294 2753 1358 instabat,
2775 1301 2830 1347 ct
2849 1307 3042 1348 omnes
3063 1292 3243 1344 aditus
3274 1289 3516 1343 custodia
3534 1303 3625 1342 sc-

2051 1385 2255 1455 piebat,
2281 1385 2689 1456 'macltinasque
2723 1387 3042 1453 omnigcnas
3092 1393 3146 1436 et
3177 1381 3352 1436 scalas
3387 1381 3451 1432 ad
3489 1393 3625 1433 moe-

2051 1477 2142 1531 nia
2171 1477 2590 1531 conscendenda
2622 1477 2995 1544 comparabat.
3025 1474 3188 1546 455
3219 1473 3467 1526 Batalzcs
3499 1486 3624 1524 cum

2055 1571 2298 1624 obsessis
2329 1571 2476 1624 nulla
2508 1571 2594 1624 via
2622 1577 2807 1639 posset
2839 1582 3182 1629 succurrere,
3219 1565 3285 1619 ad
3327 1565 3625 1633 imperato.

2054 1677 2169 1715 rem
2205 1662 2452 1723 mittens,
2502 1671 2557 1714 et
2602 1661 2891 1729 pristinam
2922 1657 3360 1713 benevolentiam
3402 1655 3626 1725 proﬁte-

2055 1760 2164 1812 tur,
2195 1761 2250 1805 et
2292 1766 2449 1819 aequm
2491 1761 2549 1804 ut
2601 1752 2756 1817 prius
2801 1748 3268 1804 studiosissimum
3315 1746 3466 1800 illius
3506 1746 3624 1799 fore

369 1823 488 1912 ᾔδει
514 1843 621 1908 γὰρ
651 1841 712 1892 οὐ
747 1840 916 1907 χωρὶς
951 1835 1154 1906 ζημίας
1193 1834 1538 1900 ἀπαλλάξων.
1574 1832 1941 1902 Περιθεωρξου

2053 1839 2361 1905 promittit;
2413 1839 2480 1893 ad
2539 1838 2818 1892 vitandam
2867 1852 3000 1892 vero
3050 1838 3420 1906 suspicionem
3475 1834 3623 1905 apud

367 1935 413 1984 6'
457 1933 558 1985 ὑπὸ
592 1930 858 1999 βασιλέως
931 1925 1395 1997 πολιορκουμένου
1438 1925 1702 1996 ἀκριϐῶς,
1758 1926 1944 1977 πᾶσαν

371 2026 475 2094 μὲν
538 2023 708 2075 ἐκίνει
758 2022 1033 2092 μηχανὴν,
1069 2021 1143 2082 ὼς
1176 2020 1294 2090 ἅμα
1343 2020 1488 2071 τισὶν
1540 2017 1744 2085 ὀλίγοις
1769 2017 1816 2068 εἰ
1855 2016 1946 2068 δύ-

367 2133 541 2179 ναιτο,
574 2115 790 2167 πλείοσι
821 2115 930 2183 γὰρ
959 2113 1060 2166 οὐκ
1089 2112 1218 2180 ὲνήν
1247 2111 1546 2174 διαλαθεῖν,
1607 2108 1944 2180 παρελευσό-

373 2225 534 2276 μενος
569 2209 650 2268 εἰς
680 2207 778 2276 τὴν
805 2205 966 2258 πόλιν
1001 2205 1096 2257 καὶ
1135 2203 1412 2272 φυλάξων.
1466 2203 1639 2254 Ἥνυε
1679 2201 1736 2253 δὲ
1765 2201 1938 2263 οὐδὲν,

371 2298 638 2369 βασιλέως
678 2301 773 2365 τῆς
825 2296 1145 2366 πολιορκίας
1205 2295 1476 2356 συντόνως
1527 2295 1812 2363 ἐχομένου.
1851 2292 1944 2344 καὶ

367 2391 458 2443 διὰ
488 2389 669 2457 πάσης
728 2389 1058 2456 ποιουμένου
1111 2387 1360 2456 φυλακῆς
1401 2403 1417 2419 ο
1453 2386 1831 2454 μηχανήματά
1883 2401 1943 2436 τε

367 2479 478 2548 γὰρ
512 2477 831 2530 παντοδαπὰ
879 2477 974 2530 καὶ
1031 2477 1312 2544 κλίμακας
1351 2476 1512 2545 πρὸς·
1556 2476 1657 2544 τὴν
1687 2492 1945 2543 τειχομα-

368 2571 494 2642 χίαν
528 2568 938 2639 παρεσκεύαζε.
981 2567 1266 2637 Βατάτζης
1315 2567 1373 2619 δὲ
1409 2567 1587 2618 οὐδενὶ
1609 2565 1797 2636 τρόπῳ
1829 2567 1942 2627 τοῖς

368 2658 849 2729 πολιορκουμένοις
894 2656 1118 2726 βοηθεῖν
1161 2655 1476 2724 δυνάμενος,
1538 2655 1675 2722 πρὸς
1710 2653 1942 2724 βασιλέα

364 2749 618 2818 πέμψας,
662 2751 760 2818 τήν
793 2763 852 2800 τε
910 2746 1131 2800 εὔνοιαν
1171 2747 1443 2816 ὡμολόγει
1505 2746 1603 2816 τὴν
1643 2747 1938 2816 προτέραν,

365 2838 464 2891 καὶ
503 2837 577 2899 ὡς
609 2835 763 2888 οὐδὲν
794 2830 1014 2907 ἦττονῆ
1051 2835 1347 2904 πρότερον,
1392 2834 1487 2885 καὶ
1529 2833 1624 2885 νῦν
1656 2832 1844 2894 εὔνους
1879 2834 1940 2886 τέ

365 2933 515 2982 ἐστιν
545 2929 696 2997 αὐτῷ
752 2927 989 2979 καὶτῶν
1023 2928 1261 2995 μάλιστα
1321 2925 1651 2994 φιλούντων.
1698 2925 1938 2994 Ἀνάγκη

362 3024 420 3075 δὲ
453 3023 545 3074 τὸν
587 3023 830 3089 πόλεμον
857 3019 1117 3072 ὑπελθεῖν
1140 3019 1233 3071 τοῦ
1271 3018 1348 3088 μὴ
1376 3019 1528 3088 παρά
1556 3023 1669 3081 τοῖς
1710 3019 1940 3089 ἄρχουσι

380 3113 672 3184 Ῥωμαίων
718 3111 1124 3165 ὑποπτεύεσθαι
1181 3111 1256 3164 Οὒ
1287 3111 1351 3180 δὴ
1396 3110 1559 3163 ἕνεκα
1611 3112 1708 3164 καί
1747 3112 1842 3164 νῦν
1872 3111 1938 3163 τὰ

361 3206 627 3259 δοκοῦντα
671 3203 1044 3273 λυσιτελήσειν
1083 3202 1495 3272 συμϐουλεύειν.
1531 3202 1804 3272 Κήδεσθαι
1836 3203 1940 3273 γὰρ

360 3297 427 3352 οὐ
471 3297 757 3367 Ῥωμαίων
799 3297 963 3366 μόνον
997 3295 1068 3348 τὰ
1093 3297 1298 3366 ἔσχατα
1319 3290 1395 3348 ’ὲκ
1424 3295 1521 3348 τοῦ
1556 3296 1794 3364 πολέμου
1821 3312 1942 3348 πει-

365 3390 639 3461 σομένων,
668 3388 804 3443 ἀλλὰ
864 3391 959 3442 καὶ
1009 3389 1104 3440 σοῦ
1135 3389 1222 3441 διὰ
1263 3388 1364 3459 τὴν
1396 3388 1606 3456 φιλίαν.
1668 3388 1856 3442 Ταῦτα
1883 3387 1941 3440 δέ

359 3481 504 3542 ἐστι,
531 3479 623 3531 τὸν
654 3479 890 3547 πόλεμον
920 3478 1318 3546 καταθέμενον,
1345 3479 1579 3541 σπονδὰς
1603 3479 1939 3556 ποιήσασθαι

361 3569 504 3639 πρὸς
545 3567 792 3636 βασιλίδα
839 3567 970 3638 περὶ
1019 3568 1119 3636 τῆς
1163 3568 1412 3637 εἰρήνης.
1475 3569 1587 3620 Καὶ
1639 3571 1755 3635 εῐγε
1796 3569 1939 3620 κατὰ

359 3661 589 3731 γνώμην
634 3660 786 3729 αὐτῷ
821 3660 930 3728 εῖη,
985 3660 1147 3713 αὐτὸν
1189 3661 1325 3730 πρὸς
1364 3654 1672 3733 βασιλίδαῇ
1706 3660 1938 3730 τάχιστα

358 3754 582 3807 δύναιτο
634 3753 934 3805 ἀπελθόντα
986 3751 1328 3816 διαλέξεσθαι
1359 3755 1488 3822 περὶ
1521 3753 1743 3822 εἰρήνης
1788 3769 1801 3783 ·
1831 3752 1940 3804 οῖε-

359 3849 486 3902 σθαι
516 3846 574 3900 δὲ
607 3851 702 3898 καὶ⁵
764 3845 975 3897 πείσειν
1012 3847 1206 3914 ῥᾷστα,
1263 3845 1361 3914 τὴν
1399 3844 1652 3914 δύναμιν,
1691 3847 1758 3916 ῆν
1791 3845 1938 3914 ἔχεις

359 3937 604 4006 φανερὰν
654 3935 983 4004 ποιήσαντα.
1034 3933 1309 3994 Ἐκείνους
1365 3932 1476 4002 γὰρ
1513 3932 1623 3984 τῶν
1658 3933 1778 3985 λίαν
1827 3935 1937 3986 οἰο-

361 4031 560 4098 μένους
615 4025 1032 4079 ἀσθενεστάτων
1094 4022 1394 4094 προθύμως
1453 4024 1753 4093 ὡρμῆσθαι
1799 4025 1936 4092 πρὸς

357 4121 451 4172 τὸν
510 4118 771 4187 πόλεμον.
839 4115 898 4169 Ὀ
935 4117 1034 4186 μὲν
1066 4112 1160 4167 οὖν
1189 4114 1471 4181 Βατὰτζης
1515 4113 1742 4166 τοιαῦτα
1773 4117 1939 4182 ἐπίε·

363 4211 611 4263 σϐεύετο.
646 4209 913 4270 Βασιλεὺς
967 4208 1022 4260 δὲ
1060 4207 1319 4273 ἀσμένως
1345 4221 1404 4257 τε
1438 4204 1658 4268 ἐδέξατο
1688 4207 1809 4267 τοὺς
1842 4205 1934 4257 λό-

357 4315 512 4367 γους,
546 4299 640 4350 καὶ
671 4296 804 4366 πρός
831 4312 954 4347 τινα
993 4293 1208 4347 ἐκέλευε
1241 4293 1405 4346 τόπον
1449 4292 1726 4345 συν;λθεῖν
1761 4293 1932 4363 αὐτῷ,

355 4394 415 4442 ὲν
444 4382 489 4456 ᾧ
519 4390 648 4458 περὶ
699 4388 792 4440 τοῦ
900 4387 1004 4457 χρὴ
1052 4385 1302 4454 γενέσθαι
1348 4386 1448 4456 τὴν
1509 4387 1734 4456 εἰρήνην
1763 4387 1937 4440 διαλέ-

2051 1928 2421 1983 Romanorum
2474 1931 2763 1984 art-hontas
2824 1945 2882 1984 se
2931 1929 3061 1983 huic
3106 1928 3249 1982 bello
3301 1927 3626 1982 submittere

2049 2025 2331 2080 debuisse.
2377 2021 2747 2088 Quamobrem
2795 2029 2851 2076 ct
2897 2036 3065 2081 nunc,
3113 2035 3233 2090 qua:
3285 2019 3624 2075 conductura

2041 2117 2273 2188 jurlicet,
2305 2129 2621 2168 suasurum.
2665 2114 2797 2167 Nam
2841 2120 2900 2166 ut
2941 2106 3202 2171 amicum,
3256 2125 3380 2164 esse
3421 2109 3626 2163 sollici-

2049 2218 2186 2271 tum,
2228 2206 2376 2275 quod
2424 2205 2626 2260 bellum
2669 2205 2773 2258 hoc
2819 2220 2930 2257 non
2973 2204 3249 2257 Romanos
3295 2201 3478 2263 modo,
3528 2200 3621 2255 srd

2047 2300 2228 2368 ipsum
2271 2314 2494 2368 quoque
2541 2297 2984 2352 Cantacuzcnum
3030 2279 3354 2364 gravissime
3391 2293 3624 2347 amictu-

2049 2409 2166 2447 rum
2201 2393 2273 2446 sit
2332 2393 2465 2447 Esse
2499 2401 2682 2445 autem
2719 2391 2834 2443 haec
2870 2404 2994 2457 quae
3030 2388 3276 2449 suadeat,
3320 2394 3380 2441 ut
3426 2385 3622 2454 positis

2046 2483 2215 2536 armis
2259 2482 2435 2538 fmdus
2481 2481 2629 2551 pacis
2664 2496 2787 2534 cum
2838 2480 3188 2550 imperatrice
3237 2477 3399 2531 feriat
3446 2485 3520 2540 et,
3575 2476 3621 2528 si

2047 2575 2278 2644 placeat,
2317 2573 2432 2641 ipse
2468 2587 2632 2641 quam
2660 2572 2898 2640 primum
2945 2571 3011 2624 ad
3057 2585 3178 2624 eam
3213 2569 3620 2638 proﬁciscatur,

2045 2665 2112 2720 de
2143 2681 2274 2734 pace
2314 2679 2438 2719 cum
2471 2663 2662 2717 eadem
2692 2673 2917 2717 acturus
2949 2681 2962 2716 :
3012 2678 3174 2732 quam
3226 2661 3416 2730 utique
3453 2660 3623 2714 ﬂexu-

2045 2774 2142 2814 rus
2200 2758 2290 2820 sit,
2342 2756 2387 2810 si
2439 2771 2593 2810 suam
2643 2755 2722 2808 illi
2769 2754 3069 2824 potentiam
3124 2753 3455 2810 declararit:
3494 2767 3620 2805 nam

2044 2850 2192 2927 quod
2251 2850 2692 2903 infirmissimum
2746 2853 3024 2916 putarent,
3091 2843 3216 2898 ideo
3274 2844 3621 2898 adversarios

2043 2943 2164 3012 ejus
2197 2940 2261 2994 ad
2301 2955 2453 2993 arma
2489 2937 2831 3006 provolasse.
2866 2934 3018 2989 Talia
3046 2933 3299 2988 Batatzcs
3326 2950 3422 3004 per
3448 2935 3618 2987 inter-

2045 3027 2520 3098 nuntium.Cujus
2563 3026 2859 3080 consilium
2907 3024 3209 3092 imperator
3238 3023 3480 3078 libenter
3523 3038 3624 3075 au-

2043 3120 2204 3185 divit,
2265 3134 2436 3189 seque
2482 3125 2633 3171 ccrto
2681 3117 2804 3170 loco
2852 3114 3137 3168 conveniri
3182 3113 3366 3184 jussit,
3415 3112 3505 3166 ubi
3552 3115 3621 3165 de

1969 3189 2012 3248 ο
2045 3213 2195 3284 pacis
2245 3208 2658 3266 conditionibus
2731 3205 2876 3258 inter
2923 3219 2982 3258 se
3041 3191 3509 3271 colloquerentur.
3552 3202 3620 3256 Et

2045 3308 2162 3375 ipse
2194 3305 2312 3358 sine
2349 3317 2501 3356 mora
2537 3301 2604 3353 ad
2648 3307 2867 3368 pactum
2915 3297 3095 3351 locum
3141 3296 3313 3361 venit,
3363 3295 3620 3350 Batatzcn

2043 3404 2399 3465 exspectans.
2451 3392 2556 3457 Qui
2608 3391 2724 3444 sive
2772 3397 2968 3457 suopte
3016 3397 3178 3452 nutu,
3227 3388 3340 3442 sive
3392 3387 3622 3441 alterius

2044 3487 2308 3558 impulsu,
2341 3485 2636 3539 adventum
2670 3497 2832 3536 suum
2873 3481 2926 3535 in
2959 3481 3104 3535 diem
3137 3489 3418 3550 posterum
3445 3478 3622 3532 distu-

2039 3576 2125 3639 lit,
2163 3575 2442 3629 allirmans
2473 3573 2613 3627 velle
2645 3586 2704 3625 se
2743 3571 2964 3640 quidem
3003 3569 3154 3640 pacis
3204 3569 3343 3623 inter
3393 3569 3622 3634 impera-

2043 3681 2190 3724 tores
2233 3665 2589 3722 couciliandze
2637 3678 2890 3733 promum
2934 3662 3172 3716 condum
3213 3676 3369 3725 esse;
3425 3661 3621 3715 timere

2042 3771 2251 3824 tamen,
2279 3774 2348 3814 ne
2387 3772 2511 3812 cum
2547 3755 2726 3810 neutri
2774 3754 2916 3824 parti
2969 3752 3353 3813 commodarit,
3398 3752 3622 3805 sibimet

2040 3850 2402 3903 maximarum
2465 3845 2842 3900 calamitatum
2904 3845 3178 3898 maximus
3244 3851 3438 3896 auctor
3481 3841 3616 3895 ﬁat.

2041 3943 2255 3996 Idcirco
2294 3941 2358 3994 ad
2413 3942 2590 4007 ipsum
2641 3939 2696 3991 in
2756 3953 2997 4006 praesens
3050 3937 3283 3989 veritum
3331 3935 3616 3990 aet-edere.

2038 4031 2173 4084 Nam
2197 4030 2288 4098 qui
2314 4028 2558 4098 Byzantii
2588 4042 2816 4080 summa:
2842 4041 3028 4079 rerum
3053 4025 3404 4095 prwsidcant,
3428 4041 3621 4094 quam-

2039 4123 2122 4178 vis
2150 4122 2355 4174 nullam
2390 4119 2726 4188 suspicionis
2763 4117 3112 4172 occasionem
3144 4117 3321 4182 danti,
3356 4117 3465 4170 imo
3491 4134 3620 4171 vero

2039 4228 2159 4283 qua:
2197 4213 2331 4279 ipsis
2357 4213 2660 4280 placerent,
2698 4208 3052 4280 perstudiose
3093 4210 3396 4278 praestanti,
3446 4222 3502 4266 et
3550 4210 3620 4263 ab

2038 4323 2103 4360 eo
2133 4305 2410 4359 deﬁcienti
2442 4302 2611 4373 (quod
2644 4302 3018 4366 fortunarum,
3051 4302 3621 4372 cltarissimorumquc

2037 4395 2362 4454 liberorum.
2395 4407 2450 4448 et
2496 4393 2682 4448 uxoris
2727 4391 3082 4447 amissionem
3116 4392 3259 4447 ferre
3288 4393 3619 4463 nonposset)

358 4483 542 4547 ξονται
565 4499 578 4512 ·
621 4480 789 4551 μηδέν
818 4497 876 4532 τε
907 4479 1204 4549 μελλήσας,
1239 4477 1373 4548 πρὸς
1403 4479 1493 4530 τὸν
1523 4479 1934 4548 συντεθειμένον

2044 4496 2228 4543 tamen
2267 4487 2515 4542 nondum
2568 4487 2728 4543 ﬁdem
2777 4486 3007 4551 habere,
3055 4485 3149 4541 sed
3201 4485 3377 4556 ipsius
3429 4486 3621 4540 interi-

353 4573 489 4646 ἦλθε
524 4574 711 4638 τόπον,
740 4573 830 4624 τὸν
863 4570 1146 4640 Βατάτζην
1177 4571 1511 4639 περιμένων.
1557 4571 1614 4623 '0
1649 4570 1815 4640 δ’,εἵτδ
1839 4571 1932 4623 αὑ·

353 4671 443 4730 τὸς
470 4667 561 4736 ὑφ’
583 4666 802 4728 ἑαυτοῦ,
835 4665 936 4719 εἶθ’
968 4666 1158 4732 ἐτέρου
1184 4663 1644 4732 συμῦουλεὺοντος
1668 4663 1933 4729 πεισθεὶς,

355 4764 438 4824 εἰς
469 4761 568 4832 τὴν
629 4761 924 4829 ὑστεραίαν
980 4757 1328 4820 ἀνεϐάλλετο,
1389 4757 1488 4826 τῆς
1554 4758 1652 4826 μὲν
1700 4757 1924 4827 εἰρήνης

359 4855 516 4923 ὑμῶν
565 4853 672 4906 τῶν
735 4852 1002 4922 β.σ.λέων
1063 4851 1300 4919 μάλιστα
1337 4847 1627 4919 βούλεσθαι
1658 4849 1829 4901 εἰπὼν
1854 4850 1934 4902 αἰ-

356 4947 630 5007 τιώτατος
659 4944 941 5013 γενέσθαι,
983 4941 1288 4995 δεδοικέναι
1315 4941 1372 4993 δὲ
1404 4940 1481 5011 μὴ
1517 4941 1776 5010 οὐδεμίαν
1808 4942 1934 5012 θνη-

357 5056 447 5092 σιν
479 5037 762 5106 ἑκατέροις
818 5036 1242 5106 παρασχόμενος
1273 5034 1453 5104 ἑαυτῷ
1513 5036 1622 5086 τῶν
1655 5036 1932 5104 μεγίστων

355 5131 657 5201 συμφορῶν
708 5127 1030 5190 αἰτιώτατος
1084 5127 1417 5195 κατασταίη.
1461 5127 1554 5179 Διὸ
1609 5129 1732 5180 οὐδὲ
1793 5129 1932 5199 πρὸς

355 5223 524 5278 αὑτὸν
546 5221 944 5290 τετολμηκέναι
973 5220 1068 5272 νῦν
1099 5219 1295 5272 ἐλθεῖν.
1324 5219 1462 5277 Τοὺς
1493 5220 1602 5288 γὰρ
1633 5223 1690 5273 ὲν
1719 5222 1929 5286 Βυζαν.

2043 4581 2228 4635 mendi
2277 4589 2600 4649 pnetextum
2643 4595 2912 4648 quaerere.
2947 4577 3215 4644 Quocirca
3250 4592 3354 4631 nec
3397 4593 3496 4646 pro
3527 4593 3620 4632 se-

2042 4682 2267 4742 questre
2319 4672 2492 4740 Pacis,
2550 4682 2611 4726 ut
2657 4672 2877 4734 dixerit,
2933 4671 3254 4741 Byzantium
3304 4671 3382 4723 irc
3433 4685 3616 4739 posse.

2039 4767 2348 4836 Imperator
2377 4764 2529 4834 pacis
2558 4779 2666 4817 non
2701 4774 2808 4818 tam
2842 4779 2978 4826 suae,
3006 4778 3167 4833 quam
3197 4762 3387 4816 alienzc
3412 4762 3620 4815 utilita—

2039 4859 2112 4913 tis
2152 4858 2329 4928 gratia
2360 4872 2418 4911 se
2451 4856 2871 4926 cupidissimum
2906 4872 3028 4910 esse
3073 4853 3394 4924 respondit;
3445 4854 3620 4908 nihilo

2038 4952 2228 5006 minus
2279 4949 2427 5004 haud
2480 4964 2815 5020 quemquam
2874 4949 2928 5002 in
2980 4947 3278 5002 discrimen
3327 4960 3618 5017 praevisum

2038 5043 2385 5106 adacturum,
2417 5055 2652 5110 seseque
2694 5043 2997 5105 neminem,
3029 5039 3176 5109 quod
3210 5038 3276 5092 ad
3323 5040 3500 5110 ipsum
3532 5046 3617 5090 at-

2038 5138 2232 5202 tineat,
2265 5134 2581 5200 laedentem,
2621 5134 2731 5188 Deo
2770 5132 2956 5188 omnia
2993 5131 3326 5203 inspectanti
3365 5130 3619 5188 fortunas

2034 5245 2166 5285 suas
2192 5227 2642 5283 commissurum.

356 5323 460 5390 τῗῳ
521 5319 629 5372 τῶν
707 5321 1052 5389 πραγμάτων
1126 5317 1419 5386 ἄρχοντας,
1497 5320 1680 5374 καίτοι
1728 5324 2005 5395 μηδεμίαν
2044 5326 2280 5398 ὑποψίας
2334 5325 2615 5395 πρότασιν
2695 5323 3123 5394 παρασχομένῳ,
3186 5323 3323 5376 ἀλλὰ
3398 5323 3493 5376 καὶ
3549 5320 3619 5375 τὰ

359 5414 591 5475 ἐκείνοις
653 5410 913 5465 δοκοῦντα
973 5411 1123 5482 πάσῃ
1192 5412 1488 5482 πράττοντι
1548 5419 1778 5489 σπουδῇ,
1847 5423 1940 5474 καὶ
1975 5423 2142 5477 αὑτοῦ
2207 5419 2542 5489 ἀφεστηκότι
2609 5418 2698 5472 διὰ
2730 5420 2790 5471 τὸ
2820 5420 2894 5489 μὴ
2915 5418 3139 5490 τὴντῶν
3163 5419 3332 5471 ὄντων
3363 5419 3618 5489 στέρησιν

359 5508 456 5562 καὶ
487 5507 759 5578 φιλτάτων
805 5508 898 5560 καὶ
963 5509 1227 5574 γυναικῦς
1275 5508 1464 5578 φέρειν
1527 5509 1806 5574 δύνασθαι,
1840 5515 1991 5584 ὅμως
2029 5516 2187 5569 οὐδὲν
2250 5512 2577 5566 πεπεικέναι
2637 5512 2714 5574 ὠς
2763 5512 2941 5582 πιστῷ
3003 5513 3132 5583 περὶ
3181 5512 3379 5572 αὐτοὺς
3421 5512 3618 5580 προσέο

356 5617 498 5670 χειν,
541 5597 682 5654 ἀλλὰ
745 5596 1016 5665 πρόφασίν
1082 5614 1203 5650 τινα
1255 5597 1440 5668 ζητεῖν
1507 5597 1668 5675 ὲξ-ἧς
1737 5603 2146 5676 διαφθεροῦσιν.
2209 5598 2308 5657 Ὧν
2369 5604 2533 5657 ἕνεκα
2601 5603 2710 5656 οὐδ’
2781 5602 2926 5673 ὑπὲρ
2997 5604 3094 5671 τῆς
3144 5605 3370 5674 εἰρήνης
3426 5602 3617 5677 ὥσπερ

356 5688 515 5746 εἶπεν
551 5693 632 5754 εἰς
679 5689 972 5756 Βυζάντιον
1009 5692 1274 5748 δύνασθαι
1332 5696 1531 5750 ἐλθεῖν.
1607 5699 1869 5763 Βασιλεὺς
1941 5702 2000 5755 δὲ
2042 5705 2266 5772 εἰρήνης
2326 5703 2424 5773 μὲν
2472 5700 2680 5766 ἔφασκε
2743 5700 2834 5754 καὶ
2891 5699 3126 5769 μάλιστα
3189 5703 3259 5753 ἐπ
3286 5700 3480 5770 θυμείν
3515 5702 3617 5775 οὐχ

358 5783 559 5846 ἑαυτοῦ
629 5783 850 5855 μᾶλλον,
914 5785 945 5856 ἢ
982 5787 1087 5841 τῶν
1123 5787 1298 5844 ἄλλων
1343 5791 1606 5860 ιὺέελείας
1659 5793 1837 5848 ἕνεκα.
1884 5795 1974 5860 Εἰς
2017 5795 2288 5866 πβῦπτιν
2319 5796 2369 5849 δὲ
2407 5795 2650 5850 κίνδυνον
2673 5795 2966 5866 ὲμῆάλλειν
2997 5795 3189 5851 ἑαυτὸν
3218 5797 3407 5853 οὐδένα
3439 5799 3609 5871 ἀναγ-
