4096 6300
548 271 650 336 891

1718 281 2044 348 JOANNIS
2081 244 2614 356 CANTACUZENI

3664 302 3766 367 892

550 387 761 448 κάσειν,
807 385 1110 457 βλάπτοντα
1167 389 1226 446 δέ
1270 392 1498 456 ατιδένα.
1536 395 1597 450 τό
1619 397 1811 468 γεηείς
1837 399 2004 457 αὐτὸν
2049 394 2188 475 ἧκον
2223 404 2348 478 Θεῷ
2422 407 2503 478 τῷ
2588 377 2769 465 πάντα
2813 409 3085 482 ἐφορῶντι
3154 411 3472 487 ἐπιτρέψειν
3538 415 3605 472 τὰ
3650 417 3758 474 κατ’

552 478 737 533 αὐτόν.

1788 603 1982 693 μεθ
2017 605 2249 662 CAPUT
2282 608 2531 668 XXXIII.
2552 650 2556 653 -

552 686 694 742 Cant
719 693 1163 785 ‘cusenum‘pafis
1187 695 1589 785 cupidissimum
1617 686 1964 785 fuisseletium
1999 708 2182 782 auten,
2215 717 2281 756 es
2329 707 2443 775 ejus
2494 708 2589 785 ad__
2612 710 2975 785 patriarchae:
3025 694 3268 785 epistola,
3300 715 3459 785 plena
3486 717 3772 779 Christianis

621 761 1987 855 ἱεηιειιίίίε.οειεηάὲιιιγ.⁷ξἀῑηὶατείιαίςαόξίίαζὶυηι
2034 771 2091 852 ξιξ
2128 761 2391 855 carcereis
2447 761 3268 855 trudit:

624 828 770 923 171161:
783 828 1020 923 femin
1045 831 1358 923 honerariis
1397 837 1709 923 innocentia:
1729 838 2084 923 Cantncuseni
2128 828 2514 923 testimonium;
2855 828 3247 923 desperatis“;
3270 828 3777 917 JHEETQJEJBZ

612 898 820 967 juratis
848 897 1238 967 calefaciendis.
1280 902 1479 958 Eorum
1515 908 1579 959 de
1613 910 1952 978 imperatrice
1973 909 2286 978 iuramento
2323 897 2613 986 υιιίρἇηᾶἇ

622 1016 809 1085 Neque
832 996 965 1073 vero
992 1030 1123 1075 tunc
1150 1023 1529 1078 tantummodo
1554 1008 1969 1082 Cantacuzenus
2005 1027 2114 1081 im-

2290 1031 2368 1085 Οὐ
2423 1032 2549 1087 τότε
2584 999 2668 1089 ’δέ
2709 996 2876 1108 μόνον
2922 1042 3059 1110 περὶ
3109 1039 3207 1113 τὴν
3265 1041 3516 1098 διάλυσιν
3568 1047 3776 1120 εὐχερὴς

553 1121 770 1178 peralor
790 1108 856 1163 ad
885 1111 1315 1180 paciﬁcationem
1358 1127 1666 1184 propensus
1701 1134 1767 1174 ac
1802 1118 1978 1175 facilis
2006 1133 2126 1174 cer-

553 1201 807 1260 nebatur.
839 1202 933 1257 sed
971 1203 1136 1257 etiam
1170 1204 1549 1276 Didymoticho
1574 1224 1636 1263 ea
1667 1225 1763 1279 per
1785 1219 2031 1266 oratores
2054 1210 2123 1266 ab

552 1291 904 1357 imperatrice
946 1293 1114 1347 semel
1150 1294 1459 1365 iterumque
1486 1297 1676 1366 petita,
1704 1309 1991 1369 postquam
2014 1301 2126 1358 illis

552 1382 691 1436 nihil
720 1398 821 1452 pro
845 1398 1002 1454 aequo
1034 1394 1088 1439 et
1120 1386 1265 1440 bono
1298 1386 1498 1442 factum
1528 1389 1757 1457 audivit,
1794 1391 1860 1445 ad
1893 1392 2126 1461 patriar-

551 1470 711 1524 cham
755 1480 971 1527 secreto
1004 1474 1215 1530 litteras
1250 1477 1496 1547 scripsit,
1540 1496 1778 1551 eumque
1821 1482 2123 1552 juramenti

553 1562 700 1617 inter
721 1579 779 1617 se
801 1574 857 1618 et
887 1565 1290 1636 imperatricem
1337 1584 1521 1624 coram
1550 1587 1616 1627 eo
1646 1574 1902 1643 concepti
1934 1574 2126 1629 admo-

552 1655 695 1717 nuit,
715 1656 860 1724 quod
896 1657 1010 1727 ipse
1042 1658 1294 1729 religiose
1321 1677 1565 1725 servans,
1590 1663 1659 1718 ab
1684 1664 1773 1719 illa
1817 1664 2122 1738 ftedil'raga,

553 1750 908 1819 sycophantis
934 1759 993 1804 et
1019 1753 1407 1819 pestilentibus
1436 1756 1764 1824 quibusdam
1800 1758 2125 1814 hominibus

556 1838 720 1893 ﬁdem
786 1839 1045 1904 habente,
1099 1841 1271 1897 armis
1325 1842 1710 1901 lacesseretur.
1779 1848 2014 1918 Insuper
2066 1850 2122 1905 in

557 1929 882 1983 memoriam
948 1930 1253 2000 redigebat,
1313 1949 1435 2002 qua:
1486 1935 1604 2005 ipse
1657 1939 1965 2003 patriarcha
2018 1940 2124 1997 sibi

556 2033 683 2073 cum
717 2029 1061 2074 sacramento
1087 2021 1448 2090 promisisset,
1472 2040 1577 2079 non
1604 2041 1896 2094 passurum
1921 2029 2128 2085 calum-

553 2109 663 2164 niis
693 2111 950 2180 opprimi,
1003 2111 1098 2166 sed
1136 2129 1234 2183 pro
1278 2113 1420 2184 ipso,
1452 2125 1567 2181 aut,
1599 2128 1659 2171 ut
1701 2120 1885 2175 verius
1923 2120 2123 2189 dicam,

552 2215 655 2270 pro
701 2201 911 2272 jusﬁtia
990 2205 1193 2259 nullam
1258 2207 1668 2261 contentionem
1730 2207 2124 2279 defugiturum,

553 2292 685 2357 Quae
712 2292 765 2347 in
819 2296 1156 2350 contrarium
1191 2311 1459 2352 conversa
1483 2314 1630 2361 esse.
1668 2314 1791 2354 cum
1826 2301 2028 2357 bellum
2054 2303 2122 2358 ab

2224 1122 2670 1196 Καντοκουζηνδς
2719 1130 2747 1183 6
2774 1130 3032 1199 βασιλεὺς
3063 1132 3272 1203 ὡρᾶτο,
3320 1136 3461 1192 ἀλλὰ
3522 1141 3611 1194 καὶ
3642 1141 3776 1194 Διδυ-

2227 1214 2462 1286 μοτείχῳ
2504 1217 2858 1290 ἐνδιατρίϐων
2914 1222 3042 1291 έτι“,
3093 1226 3236 1294 μετὰ
3284 1230 3347 1282 τδ
3390 1229 3540 1294 ἅπαξ
3590 1231 3678 1285 καὶ
3707 1232 3776 1297 6's;

2224 1306 2363 1374 πρὸς
2406 1300 2659 1378 βασιλίδα
2703 1314 3159 1386 πρεσϐεύσασθαι
3192 1319 3324 1390 περὶ
3378 1322 3624 1393 είρήνης,
3668 1325 3774 1378 ἐπεὶ

2223 1398 2376 1452 οὐδὲν
2406 1402 2648 1468 ἐπιεικὲς
2677 1406 2807 1475 περὶ
2828 1406 2957 1469 τοὺς
2984 1409 3247 1478 πρέσϐεις
3278 1413 3583 1481 ἠγγέλλετο
3610 1394 3772 1485 είργαο

2225 1492 2445 1561 σμένον,
2506 1497 2645 1565 πρὸς
2692 1496 2783 1552 τὸν
2831 1502 3187 1572 πατριάρχην
3236 1503 3426 1573 κρύφα
3489 1508 3771 1577 γράμματα

2223 1583 2558 1655 διεπέμπετο
2585 1589 2714 1658 περὶ
2732 1590 2981 1665 είρήνης,
3000 1594 3057 1645 ἐν
3076 1587 3157 1657 οἷς
3169 1595 3279 1648 τῶν
3301 1613 3361 1649 τε
3391 1598 3478 1650 ἐπ’
3508 1598 3664 1652 αὐτοῦ
3699 1616 3775 1666 γε·

2223 1677 2541 1746 γενημένων
2588 1678 2769 1748 ὅρκων
2815 1682 3193 1754 ἀνεμίμνησκε
3254 1686 3463 1755 μεταξὺ
3531 1687 3773 1758 βασιλίδος

2224 1767 2321 1825 καὶ
2382 1767 2573 1823 αὐτοῦ.
2606 1769 3007 1841 Οὓςὶιφασκεν
3059 1775 3307 1847 ἀκριϐῶς
3363 1778 3533 1842 αὐτὸς
3591 1782 3771 1851 τηρῶν,

2223 1858 2330 1914 ὑπὸ
2378 1858 2652 1930 βασιλίδος
2722 1866 3214 1937 παρασπονδούσης
3269 1869 3640 1947 πολεμεῖσθαι,
3694 1890 3770 1926 συ-

2225 1951 2521 2020 κοφάνταις
2589 1954 2900 2027 ἀνθρώποις
2946 1959 3043 2014 καὶ
3109 1959 3423 2031 διεφθορόσι
3497 1966 3772 2035 πεπεισμέ-

2224 2059 2343 2114 νης.
2412 2045 2535 2100 Ἔτι
2575 2047 2635 2100 δέ
2689 2049 2788 2108 καὶ
2818 2049 2931 2103 τῶν
2975 2051 3126 2121 αὐτῷ
3177 2057 3570 2126 γεγενημένων
3614 2058 3772 2126 ὅρκων

2225 2130 2366 2201 πρὸς
2421 2131 2614 2198 αὐτὸν,
2669 2133 2746 2197 ὡς
2790 2135 2851 2189 οὐ
2887 2136 3213 2207 περιόψεται
3287 2140 3395 2195 ὑπὸ
3444 2147 3773 2213 συκοφαντῶν

2224 2217 2390 2271 αὐτὸν
2429 2218 2874 2290 διαϐαλλόμενον,
2908 2225 3047 2282 ἀλλὰ
3081 2228 3265 2282 πᾶσαν
3297 2231 3593 2296 ἐνδείξεται
3625 2251 3770 2290 σπου-

2226 2306 2325 2378 δὴν
2375 2308 2516 2380 ὑπὲρ
2548 2311 2740 2378 αὐτοῦ,
2792 2313 2831 2383 ἢ
2860 2314 3263 2387 τάληθέστερον
3303 2321 3509 2388 εἰπεῖν,
3537 2323 3670 2394 ὑπὲρ
3694 2327 3773 2379 αὐ·

550 2396 620 2438 eo
677 2385 964 2439 exordium
1017 2387 1247 2456 ceperit,
1302 2404 1335 2442 a
1380 2404 1489 2459 quo
1544 2390 1594 2444 id
1636 2392 1858 2458 reprimi
1911 2395 2124 2463 sequius

2226 2372 2325 2458 ,τοῦ
2355 2372 2592 2457 δικαίου.
2631 2404 2701 2459 ’Δ
2727 2372 2921 2474 ⁷δὴνείς
2974 2372 3291 2463 τούναντίον

551 2472 766 2528 fuisset.
800 2474 1135 2532 Obsecrabat
1180 2478 1313 2534 item
1365 2494 1433 2534 ne
1469 2481 1586 2536 hazc
1634 2484 1998 2551 permitteret,
2029 2486 2124 2541 sed

552 2562 929 2618 misericordia
960 2577 1160 2635 praeter
1185 2568 1275 2639 jus
1296 2567 1496 2637 ‘l'asque
1531 2572 1879 2636 pereuntium
1911 2584 2124 2643 captus,

552 2652 850 2708 calamitati
877 2667 1218 2718 occurreret,
1239 2667 1292 2711 et
1309 2675 1429 2727 qua:
1453 2661 1624 2716 multo
1645 2662 1828 2717 adhuc
1853 2665 2125 2720 atrociora

554 2743 963 2813 impenderent,
999 2746 1142 2802 bello
1177 2749 1498 2819 dissipando
1518 2762 1833 2809 averteret:
1866 2757 2125 2826 quodque

552 2833 657 2898 illi,
698 2845 757 2889 ut
802 2839 1079 2892 communi
1131 2840 1341 2908 parenti
1397 2856 1461 2894 ac
1521 2842 1779 2912 magistro
1819 2845 2044 2916 justitiae
2093 2863 2127 2904 a

553 2926 667 2980 Deo
695 2929 868 2983 electo
902 2929 1339 2999 pulcherrimum
1383 2940 1549 2994 esset,
1590 2931 1735 2986 inter
1767 2948 1825 2989 se
1871 2943 1927 2989 et
1955 2934 2131 3005 impe-

554 3021 811 3076 ratricem
853 3024 1204 3080 concordiam
1246 3025 1597 3080 instauraret.
1654 3026 1889 3085 Omnino
1943 3039 2127 3086 autem

553 3112 688 3167 nihil
723 3113 840 3169 fore
872 3115 1099 3185 negotii,
1148 3130 1326 3185 neque
1370 3117 1542 3171 multa
1586 3117 1663 3172 illi
1701 3120 1871 3175 verba
1907 3121 1973 3176 ad
2004 3138 2127 3180 eam
2186 3128 2192 3136 '

553 3202 823 3271 facienda,
858 3209 953 3261 sed
984 3207 1103 3261 solo
1134 3214 1358 3276 aspectu
1395 3222 1548 3262 arma
1590 3210 1773 3265 statim
1808 3222 2131 3269 revocatum

552 3295 643 3350 iri.
686 3296 779 3351 Sin
822 3299 1020 3351 horum
1058 3297 1208 3351 nihil
1259 3297 1311 3352 ei
1359 3313 1507 3354 curae
1534 3299 1728 3369 fuerit,
1765 3319 1867 3358 nec
1919 3304 2124 3372 studio,

551 3404 662 3457 quo
693 3388 870 3457 decet,
904 3406 1090 3459 pacem
1131 3392 1426 3458 curaverit,
1463 3394 1638 3463 ipsum
1669 3395 1893 3465 quidem
1947 3400 2126 3454 vereri
2168 3428 2173 3431 -

553 3482 756 3543 dicere,
794 3482 939 3550 quod
974 3493 1151 3536 tamen
1197 3485 1282 3538 vel
1319 3495 1533 3540 tacente
1572 3501 1633 3540 se
1678 3498 1868 3542 notum
1910 3489 1982 3545 sit
2012 3505 2130 3544 om-

557 3571 746 3635 nibus,
782 3572 1016 3627 ellnsum
1052 3576 1369 3642 sanguinem
1417 3577 1485 3631 de
1530 3593 1693 3631 manu
1738 3580 1857 3650 ejus
1904 3596 1935 3635 a
1977 3580 2126 3651 justo

551 3662 737 3735 judive
766 3663 875 3718 Deo
908 3666 1324 3734 requirendum.
1351 3653 1595 3738 Rogabat
1617 3670 1806 3736 etiam,
1832 3686 1902 3727 ne
1926 3671 2125 3727 timore

551 3755 740 3826 aliquo
778 3755 892 3811 haec
919 3756 1032 3826 peti
1077 3757 1439 3824 existimaret,
1465 3760 1686 3830 quando
1713 3776 1905 3817 eorum
1940 3763 2124 3833 copias

556 3845 673 3915 ipse
698 3848 885 3901 multis
909 3849 1155 3917 partibus
1172 3860 1459 3919 superaret
1493 3870 1504 3906 :
1541 3853 1636 3909 sed
1672 3853 1819 3920 ideo,
1843 3856 1975 3926 quia
2000 3871 2124 3910 cum

554 3932 758 3988 bellum
793 3934 896 3990 hoc
947 3937 1207 3991 Rblnanis
1248 3938 1433 3993 clades
1482 3939 1731 4010 ingentes
1780 3942 2126 3998 invecturum

550 4026 849 4096 prospiciat
912 4036 969 4082 et
999 4038 1228 4097 metuat,
1262 4045 1425 4102 quam
1459 4031 1511 4086 in
1548 4033 1736 4090 futuro
1785 4036 1986 4090 saeculo
2015 4037 2116 4091 ho—

552 4118 801 4173 minibus
846 4120 1124 4176 actionum
1178 4137 1401 4178 suarum
1463 4125 1734 4180 rationem
1790 4127 2123 4182 reddendam

550 4209 713 4274 sciat,
746 4208 1013 4264 malorum
1047 4210 1419 4282 ingruentium
1467 4229 1656 4271 ansam
1692 4215 1923 4281 nullam,
1948 4228 2127 4286 quan-

440 4372 443 4377 ,
551 4309 670 4355 tum
699 4299 934 4354 maxime
968 4301 1085 4355 fieri
1113 4304 1306 4371 possit,
1351 4305 1636 4375 porrigere
1673 4314 1928 4361 conetur.
1967 4308 2124 4372 Quod

550 4402 736 4446 autem
783 4408 840 4447 se
894 4402 950 4448 et
998 4409 1127 4449 suos
1182 4394 1530 4451 anathemate
1580 4396 1772 4451 inferis
1820 4398 2123 4464 devoverit,

550 4483 657 4543 sibi
688 4485 911 4554 quidem
945 4486 1207 4541 horribile
1250 4486 1446 4551 videri,
1489 4496 1546 4542 et
1589 4488 1821 4554 merito;
1850 4500 2129 4547 verumta-

552 4592 679 4632 men
716 4578 852 4632 nihil
880 4579 947 4633 ad
975 4594 1035 4633 se
1078 4579 1377 4648 pertinere.
1417 4578 1578 4651 457
1624 4579 1682 4634 Si
1716 4580 1863 4634 enim
1889 4582 2127 4651 impera-

553 4667 694 4721 toris
725 4667 971 4723 defuncti
1013 4667 1205 4724 liberis
1249 4670 1607 4740 jurejurando
1654 4670 1855 4727 violato
1895 4671 2126 4728 insidias

482 4752 485 4757 ’
553 4762 779 4826 molitus
812 4762 903 4825 sit,
945 4771 1004 4814 ut
1031 4761 1135 4831 ipsi
1170 4760 1448 4825 dictitant,
1483 4761 1889 4816 accusationem
1917 4762 2125 4834 aliquid

552 4836 737 4912 statere
779 4854 1056 4932 potuisse.
1093 4852 1151 4908 Si
1195 4861 1379 4907 autem
1429 4853 1698 4924 ejusmodi
1754 4854 1895 4909 nihil
1945 4870 2125 4927 neque

550 4943 768 5006 fecerit,
823 4958 1005 5013 neque
1045 4943 1321 5012 cogitarit,
1380 4953 1437 4999 et
1490 4944 1560 5000 ab
1610 4945 1766 5000 Initio
1826 4946 2125 5002 constituta

2226 2491 2256 2544 6
2281 2491 2515 2562 πόλεμος
2541 2493 2602 2559 ἐξ
2631 2495 2844 2549 ἐκείνου
2906 2497 3036 2567 ἔσχε
3061 2497 3162 2569 τὴν
3183 2500 3361 2570 ἀρχὴν
3393 2503 3482 2572 ὑφ’
3507 2498 3566 2559 οὗ
3595 2505 3773 2558 κωλύε-

2231 2582 2355 2636 σθαι
2387 2582 2723 2656 δικαιότερος
2754 2587 2959 2657 μᾶλλον
2989 2584 3080 2661 ἦν.
3137 2592 3339 2647 Ἐδεϊτό
3361 2611 3425 2648 τε
3464 2596 3540 2666 μή
3570 2596 3771 2651 τοιαῦτα

2229 2671 2492 2741 γινόμενα
2522 2677 2808 2746 περιορᾷν,
2852 2677 2969 2732 ἀλλ’
3002 2678 3152 2736 ῐλεον
3204 2682 3447 2739 λαϐόντα
3488 2686 3593 2739 τῶν
3623 2686 3768 2742 ἀπολ-

2231 2761 2482 2832 λυμένων
2521 2765 2826 2838 ἀνθρώπων
2854 2770 3005 2839 παρὰ
3050 2772 3233 2828 πάντα
3258 2773 3356 2828 τοῦ
3391 2776 3598 2831 δικαίου
3636 2777 3771 2846 λόγον

2232 2855 2421 2924 στῆναι
2463 2856 2600 2924 πρὸς
2628 2860 2725 2927 τὴν
2763 2861 3067 2931 συμφορὰν,
3133 2866 3229 2919 καὶ
3289 2866 3359 2920 τὰ
3414 2867 3586 2938 πολλῷ
3630 2869 3772 2924 δεινό-

2227 2960 2364 3014 τερα
2381 2945 2617 3010 ἐσόμενα
2633 2945 2875 3002 κωλῦσαι
2900 2951 3280 3008 καταλύσαντα
3301 2956 3397 3010 τὸν
3426 2957 3667 3028 πόλεμον,
3690 2960 3771 3012 καὶ

2231 3032 2566 3106 διαλλακτὴν
2630 3037 2997 3106 γεγενημένον
3090 3040 3363 3110 βασιλίδος
3428 3046 3525 3100 καὶ
3590 3044 3766 3109 αὐτοῦ,

2227 3123 2367 3196 ὅπερ
2417 3124 2658 3195 μάλιστα
2684 3127 2835 3199 αὐτῷ
2887 3130 3210 3200 προσήκειν,
3263 3133 3442 3204 πατρὶ
3505 3135 3663 3204 κοινῷ
3688 3135 3768 3188 καὶ

2226 3215 2530 3288 διδασκάλῳ
2556 3217 2903 3290 δικαιοσύνης
2960 3222 3068 3275 ὑπὸ
3112 3223 3207 3276 τοῦ
3239 3223 3385 3278 Θεοῦ
3426 3243 3768 3298 κεχειροτονη·

2236 3305 2405 3375 μένῳ.
2444 3304 2674 3370 Πάντως
2718 3309 2779 3362 δέ
2811 3307 2966 3362 οὐδὲν
2996 3308 3163 3379 ἔργον
3210 3310 3397 3376 ἔσται,
3434 3314 3556 3369 οὐδέ
3584 3313 3770 3369 πολλῶν

2227 3396 2480 3467 δεήσεται
2555 3397 2729 3467 λόγων
2779 3398 2917 3470 πρὸς
2982 3400 3166 3467 αὐτὸν,
3233 3402 3348 3457 ἀλλ’
3416 3407 3574 3476 ἀρκεῖ
3631 3406 3768 3475 μόνον

2227 3485 2480 3557 ὀφθῆναι,
2523 3488 2618 3543 καὶ
2646 3489 2797 3542 πᾶσα
2838 3488 3111 3559 πρόφασις
3155 3491 3396 3562 πολέμου
3446 3494 3769 3564 περιαιρεθῇ·

2230 3593 2400 3631 σεται.
2437 3577 2499 3630 Ei
2531 3576 2578 3630 δ’
2606 3579 2714 3647 ἄρα
2741 3576 2946 3631 τούτων
2984 3579 3215 3648 μηδενὸς
3241 3582 3491 3652 μελήσει,
3525 3582 3651 3655 μηδέ
3685 3580 3769 3650 τὴν

2230 3666 2620 3736 προσήκουσαν
2649 3665 2779 3736 περὶ
2813 3665 2912 3732 τὴν
2947 3667 3178 3739 εἰρήνην
3204 3669 3509 3734 ἐνδείξεται
3540 3669 3765 3738 σπουδήν,

2228 3754 2393 3808 αὑτὸν
2428 3754 2530 3826 μέν
2576 3755 2755 3808 ὀκνεῖν
2816 3757 3015 3820 είπεῑν,
3055 3758 3192 3810 πᾶσι
3234 3758 3291 3822 δέ
3323 3755 3469 3813 εῖναι
3500 3762 3591 3814 καὶ
3632 3761 3767 3827 σιγή⁹

2230 3862 2425 3911 σαντος
2454 3846 2792 3915 καταφανὲς,
2821 3847 2895 3911 ὡς
2923 3850 2987 3902 ἐκ
3012 3846 3124 3903 τῶν
3152 3848 3321 3904 αὑτοῦ
3372 3851 3570 3921 χειρῶν
3597 3852 3661 3904 τὰ
3686 3852 3767 3903 ἐκ·

2226 3938 2573 4013 χυθησόμενα
2598 3937 2706 3992 τῶν
2756 3938 3061 4009 ἀνθρώπων
3125 3938 3337 4013 αἵματα
3377 3943 3512 4008 Θεὸς
3540 3946 3568 3998 6
3591 3944 3767 4005 δίκαιος

2225 4030 2520 4102 ἐκζητήσει
2550 4031 2765 4101 κριτής.
2810 4031 2995 4097 Ἦξίου
3026 4049 3087 4085 τε
3136 4033 3211 4105 μὴ
3242 4034 3332 4088 διὰ
3356 4035 3557 4114 δειλίαν
3590 4035 3655 4089 τὰ
3674 4051 3766 4086 τιι-
3806 4053 3816 4065 ·

2225 4120 2368 4175 αὔτα
2418 4122 2661 4192 νομίζειν
2694 4122 2907 4177 δεῖσθαι
2940 4139 2955 4154 ·
2987 4123 3088 4195 τήν
3118 4128 3229 4197 γὰρ
3274 4128 3489 4183 ἐκείνου
3535 4125 3764 4197 στρατιὰν

2232 4212 2416 4284 πολλῷ
2438 4213 2514 4284 τῷ
2536 4215 2723 4286 μέτρῳ
2743 4215 2842 4283 τῆς
2865 4215 3096 4272 ἐκείνων
3113 4217 3431 4290 ὑπερέχειν
3457 4221 3569 4275 ἀλλ’
3584 4219 3764 4291 δρῶντα

2224 4306 2317 4360 τὸν
2366 4306 2603 4376 πόλεμον
2648 4306 2727 4370 ὡς
2784 4307 3040 4378 μεγάλων
3069 4308 3226 4364 ἐσται
3268 4313 3567 4383 συμφορῶν
3614 4311 3762 4371 αἴτιος

2234 4396 2550 4468 Ῥωμαίοις,
2611 4397 2707 4451 καὶ
2761 4395 3037 4451 δεδοικότα
3100 4398 3200 4470 τὴν
3247 4400 3463 4456 ἐκεῖθεν
3530 4397 3762 4472 βεϐιωμέ-

2224 4503 2334 4542 νων
2409 4486 2645 4558 βάσανον
2694 4486 3009 4558 ἀνθρώποις
3085 4489 3383 4561 μηδεμίαν,
3437 4492 3512 4556 ὠς
3558 4487 3661 4544 οἷόν
3713 4500 3762 4541 τε

2229 4579 2473 4650 μάλιστα
2533 4580 2591 4634 ἐν
2650 4579 2767 4644 τοῖς
2826 4579 3310 4652 προσδοκωμένοις
3369 4587 3559 4647 κακοῖς
3610 4578 3762 4637 αἰτίαν

2224 4671 2562 4742 παρέχεσθαι
2610 4669 2932 4741 πειρᾶσθαι.
2996 4672 3096 4725 Ὃν
3149 4672 3207 4726 δέ
3247 4673 3374 4727 κατ’
3430 4671 3595 4728 αὐτοῦ
3647 4669 3762 4736 ἐξεῖ-

2225 4779 2296 4816 πε
2354 4762 2452 4816 καὶ
2499 4759 2607 4814 τῶν
2657 4761 2923 4815 συνόντων
2971 4762 3319 4836 ἁφορισμδν,
3373 4763 3626 4835 ήγεῖσθαι
3678 4759 3762 4828 μὲν

2224 4854 2425 4919 δεινὸν,
2449 4852 2570 4917 πῶς
2602 4853 2712 4924 γὰρ
2748 4851 2809 4906 οὗ
2841 4870 2857 4920 ;
2889 4853 3045 4921 οὐδὲν
3096 4855 3157 4909 δέ
3187 4851 3329 4910 εἶναι
3390 4855 3529 4928 πρὸς
3577 4852 3722 4909 αὐτόν
3745 4864 3757 4879 ·

2226 4948 2275 5001 ει
2303 4948 2417 5017 γὰρ
2460 4945 2750 5017 βασιλέως,
2785 4944 2977 5017 ὥσπερ
3014 4946 3172 5001 αὐτοί
3203 4965 3391 5018 φασιν,
3430 4944 3759 5003 ἐπεϐούλευσε

550 5037 877 5103 servaverit,
912 5045 1339 5107 constanterque
1386 5052 1451 5092 ex
1497 5038 1814 5108 iuramento
1852 5054 1912 5094 se
1942 5054 2125 5109 gesse-

2226 5041 2338 5103 τοῖς
2367 5038 2559 5092 παισὶν
2603 5037 2967 5108 ἐπιορκήσας,
3006 5032 3259 5110 εἶχενᾶν
3295 5058 3421 5095 τινα
3472 5039 3602 5112 πρὸς
3639 5034 3760 5090 ἐκεῖ·

556 5127 648 5187 rit.
708 5142 833 5182 cum
884 5127 1010 5198 ipsi,
1067 5128 1272 5183 invidia
1328 5138 1383 5185 et
1423 5130 1854 5184 obtrectatorum
1910 5131 2123 5187 voeulis

2229 5150 2319 5187 vov
2357 5130 2590 5200 δύναμιν
2618 5132 2688 5184 τὰ
2736 5130 2999 5200 εἰρημένα
3050 5147 3064 5163 ·
3100 5131 3152 5185 εί
3181 5132 3238 5186 δὲ
3269 5132 3471 5187 τούτων
3505 5132 3600 5203 μὲν
3633 5125 3759 5182 οὐδὲν

553 5220 840 5283 ροιιιηιυιί,
890 5220 1209 5274 universum
1234 5220 1537 5276 Romanum
1569 5221 1860 5292 imperium
1893 5231 1950 5276 et
1977 5238 2124 5279 nunc

2229 5222 2354 5278 οὔτε
2398 5221 2660 5294 εἴργαστο
2684 5260 2698 5285 ,
2763 5219 2890 5275 οὔτε
2961 5221 3290 5294 ἐνεθυμήθη,
3354 5224 3663 5295 ἐμμένοντος
3711 5213 3759 5270 δέ

552 5311 943 5380 depascentem
975 5309 1246 5366 ﬂammam
1292 5322 1349 5368 et
1393 5312 1518 5383 (nisi
1547 5313 1693 5369 Dens
1715 5314 1784 5370 de
1818 5315 1957 5370 cmlo
2000 5330 2127 5385 pro-

2230 5314 2394 5369 αὺτοῦ
2455 5317 2566 5377 τοῖς
2624 5312 2683 5378 ἐξ
2732 5313 2927 5384 ἀρχῆς,
2982 5315 3077 5366 καὶ
3103 5308 3237 5378 τοὺς
3277 5315 3472 5386 ὅρκους
3499 5308 3758 5381 τηροῦντος

557 5406 725 5474 pilius
753 5405 1057 5475 respiciens
1085 5419 1208 5460 eam
1258 5406 1599 5479 restinxerit)
1651 5406 1825 5478 magis
1866 5406 2125 5476 depastu-

2233 5405 2483 5478 βεϐαίως,
2518 5404 2623 5458 ὑπὸ
2650 5403 2842 5472 φθόνου
2867 5404 2962 5456 καὶ
2993 5404 3362 5474 συκοφαντίας
3388 5403 3539 5457 αὐτοὶ
3568 5412 3757 5466 κεκινη-

558 5513 671 5550 ram
731 5498 1134 5564 exciuiverint,
1177 5497 1476 5554 videndum
1525 5497 1727 5568 ecquid
1784 5514 1894 5552 non
1952 5498 2124 5569 magis

557 5590 726 5659 ipsos,
758 5599 947 5661 utpote
989 5591 1260 5647 malorum
1295 5607 1487 5647 causas
1536 5598 1592 5644 et
1637 5590 1929 5661 originem.
1961 5605 2125 5658 quam

559 5693 670 5741 sca
697 5682 808 5737 Deo
831 5682 1039 5740 secludi
1069 5698 1286 5752 aequum
1325 5683 1414 5738 sit.
1463 5681 1594 5737 Nam
1633 5683 1879 5737 divinum
1926 5696 2123 5736 numen

2235 5498 2409 5569 μένοι,
2439 5497 2538 5567 τὴν
2573 5498 2752 5549 πᾶσαν
2789 5493 3076 5564 Ῥωμαίων
3112 5496 3413 5567 ἠγεμονίαν
3457 5493 3549 5548 νῦν
3587 5505 3641 5543 τε
3670 5484 3755 5558 ἤδη

2233 5587 2561 5658 νεμομένην,
2621 5588 2717 5639 καὶ
2762 5585 2842 5638 ἐτι
2889 5586 3090 5655 μᾶλλον
3120 5586 3533 5658 δαπανήσοιισαν
3561 5581 3759 5650 magna“

2235 5680 2429 5750 φλόγα.
2460 5680 2527 5750 ἣν
2557 5679 2633 5750 μὴ
2662 5677 2794 5740 Θεὸς
2830 5678 2864 5732 ἄ
2898 5677 3037 5733 mea
3082 5676 3380 5747 ἐπιϐλέψας
3417 5674 3569 5730 nam
3614 5677 3759 5722 κατα-
