4096 6300
481 287 588 348 ἑ95

1672 257 2006 351 JOANNIS
2040 276 2578 355 CANTACUZENI

3635 252 3733 360 865

484 396 755 450 minarum
817 409 941 463 pars
968 393 1085 451 haec
1128 407 1186 451 ut
1244 407 1390 452 recte
1446 380 1767 467 utiliterque
1820 401 2057 471 cogitata

2181 403 2220 457 ἱὲ
2250 403 2415 458 ἕνεκα
2441 406 2541 476 τῆς
2572 404 2710 476 πρὸς
2760 406 2885 477 ἐμὲ,
2920 403 3015 460 καὶ
3066 405 3295 477 βασιλέα
3330 406 3424 460 τὸν
3466 406 3605 475 sitv,
3644 410 3737 463 καὶ

486 488 813 554 approbare,
847 503 974 556 pars
1001 488 1103 541 alia
1140 489 1323 543 omnia
1349 490 1578 544 sentire.
1617 489 1890 547 Postridie
1913 493 2059 549 dilu-

484 577 611 630 culo
636 577 754 632 haec
780 578 1108 647 Apocaucho
1154 580 1396 634 cubiculi
1430 582 1574 637 sacri
1605 587 1869 652 praefecto
1914 600 2060 640 nun-

488 670 717 735 tiantur,
779 671 873 740 qui
922 679 1232 726 extremum
1276 672 1404 727 inde
1446 673 1551 727 sibi
1598 674 1876 746 sociisque
1915 676 2063 746 peri-

487 764 670 816 culum
716 763 1133 832 pertimescens,
1170 765 1496 833 patriarcha:
1538 767 1887 839 aliorumque
1931 784 2063 824 con-

482 856 789 925 iuratorum
838 855 986 911 aedes
1035 871 1401 924 concursans,
1466 860 1665 914 Actum
1700 872 1808 929 est,
1853 864 2058 934 inquit,

489 956 785 1014 nostraque
819 946 908 1000 illa
956 962 1151 1018 magna
1204 947 1441 1004 felicitas
1480 951 1548 1006 ad
1583 953 1834 1007 ultimam
1898 955 2065 1010 mise-

488 1038 623 1090 riam
677 1037 842 1090 simul
903 1045 1017 1093 tota
1077 1039 1294 1095 recidit.
1346 1041 1590 1111 Augusta
1646 1043 1820 1107 enim,
1873 1047 2064 1101 nescio

489 1127 636 1182 unde
673 1128 872 1195 excita,
911 1144 1103 1201 pacem
1161 1147 1287 1186 cum
1331 1132 1721 1190 Cantacuzeno
1771 1136 1953 1192 facere
2009 1138 2064 1193 in

491 1218 678 1274 animo
706 1220 893 1289 habet,
930 1225 1060 1294 quia
1095 1236 1152 1279 et
1181 1223 1359 1295 ipsum
1392 1227 1779 1300 imperatorem
1807 1244 1927 1285 esse
1954 1229 2067 1300 pati

492 1318 697 1377 potest,
727 1320 782 1365 et
815 1312 945 1381 quia
979 1294 1242 1369 Helenam
1267 1315 1387 1384 ejus
1416 1294 1579 1369 ﬁliam
1608 1294 1925 1386 imperatori
1954 1294 2069 1370 ﬁlio

2168 497 2342 568 μήπω
2369 496 2466 551 τοῦ
2498 497 2738 569 πολέμου
2774 499 3138 571 κεκινημένου
3167 497 3267 569 τὴν
3296 497 3575 569 θυγατέρα
3597 498 3740 552 Ἐλέ.

2164 606 2262 658 νην
2306 588 2517 661 βασιλεῖ
2552 589 2647 660 τῷη
2674 590 2793 661 ἐμῷ
2843 592 2947 660 υἱῷ
2996 589 3339 661 συνεθέμεθα
3380 590 3522 661 πρὸς
3567 591 3742 661 γάμον
3848 592 3857 599 ’

2164 682 2419 749 ἀγαγεῖν.
2451 672 2525 738 ὒῦ
2556 682 2621 753 δὴ
2653 683 3028 754 γεγενημένου
3060 680 3178 747 νῦν,
3207 685 3235 737 ὅ
3267 699 3326 736 τε
3364 682 3607 751 πόλεμος
3640 699 3742 734 xa-

2164 771 2529 843 ταλυθήσεται
2565 773 2792 844 ῥαδίως,
2825 775 2922 827 καὶ
2963 774 3033 829 τὰ
3062 775 3370 845 πράγματα
3403 773 3497 828 ὑπ’
3528 773 3740 844 ἐκείνῳ.

2068 917 2081 931 ,
2165 864 2356 937 ὥσπερ
2404 869 2499 920 καὶ
2542 868 2831 939 πρότερον,
2872 867 3302 939 διοικηθήσεται.
3355 868 3420 922 Ei
3464 867 3545 932 δέ,
3592 868 3742 921 οὐδὲν

2165 955 2322 1009 ἔσται
2367 956 2430 1010 τὸ
2473 956 2718 1012 κωλῦσον
2763 960 2863 1029 τὴν
2904 959 3202 1028 Ῥωμαίων
3244 959 3549 1030 ⁴ἠγεμονίαν
3576 959 3744 1030 αὐτὴν

2167 1046 2260 1114 ὑφ’
2290 1046 2491 1117 ἑαυτῆς
2522 1046 2915 1119 διαφθαρῆναι.
2946 1049 3013 1101 Ai
3045 1048 3146 1117 μὲν
3184 1043 3278 1102 οὖν
3307 1049 3421 1103 τῶν
3464 1049 3744 1118 γυναικῶν

2167 1137 2581 1209 ἐπεψηφίσαντο
2604 1139 2676 1193 τά
2706 1140 2978 1210 εἰρημένα
3013 1140 3089 1203 ὡς
3115 1138 3291 1211 ὀρθῶς
3320 1140 3418 1194 καὶ
3450 1140 3746 1205 λυσιτελῶς

2172 1230 2571 1302 βεϐουλευμένα
2593 1245 2608 1262 ⁸
2646 1233 2768 1295 ταῖς
2796 1231 2855 1285 δὲ
2915 1232 3096 1286 ἐδόκει
3147 1233 3224 1303 μὴ
3267 1232 3602 1286 λυσιτελεῖνο
3633 1232 3747 1303 ἅμα

2170 1323 2228 1378 δέ
2264 1323 2449 1394 ἡμέρᾳ
2484 1324 2566 1387 είς
2605 1323 2707 1395 τὴν
2749 1323 3051 1395 ὑστεραίαν
3097 1324 3428 1394 Ἀποκαύχῳ
3480 1324 3751 1394 ἐμηνύετο

493 1402 706 1469 nuptiis
760 1402 1001 1460 destinat
1051 1407 1406 1477 conjungere.
1438 1407 1570 1475 Qua:
1624 1409 1669 1463 si
1730 1408 1882 1470 ﬁant,
1927 1408 2070 1464 nihil

2170 1411 2251 1482 τῷ
2284 1414 2776 1485 παρακοιμωμένῳ
2821 1413 2892 1469 τά
2920 1415 3213 1485 εἰρημένα.
3244 1415 3485 1477 Ἐκεῖνος
3514 1414 3571 1467 δέ
3601 1414 3752 1481 νομί-

495 1494 612 1562 spci
674 1505 961 1564 superest,
1013 1500 1145 1567 quin
1197 1516 1264 1554 ex
1315 1500 1633 1557 hominibus
1677 1501 2068 1567 exterminati,

2178 1521 2277 1570 σας
2302 1505 2434 1576 περλ⁵
2460 1505 2570 1560 τῶν
2601 1505 2850 1576 ἐσχάτων
2880 1506 3070 1569 αὐτοῖς
3102 1506 3194 1559 τδν
3224 1505 3477 1560 κίνδυνον
3503 1506 3572 1558 τά
3602 1506 3751 1574 sipu-

497 1585 750 1641 inaudito
796 1589 1035 1658 quodam
1069 1591 1234 1645 modo
1283 1606 1408 1646 cum
1449 1601 1560 1646 tota
1612 1595 1784 1662 stirpe
1831 1593 2073 1663 ijiterea-

2181 1597 2317 1669 μένα
2351 1597 2528 1667 ἄγειν,
2585 1598 2724 1670 πρὸς
2754 1598 3103 1669 πατριάρχην
3136 1598 3232 1650 καὶ
3264 1600 3389 1661 τοὺς
3450 1597 3554 1668 τῆς
3610 1597 3753 1650 κατά

496 1693 640 1731 mus.
686 1679 1079 1736 Recordamini
1119 1682 1265 1736 enim
1299 1683 1608 1743 vobiscum.
1657 1699 1819 1753 quam
1874 1683 2073 1738 multo-

2181 1688 2444 1759 βασιλέως
2492 1691 2977 1761 συμμετασχόντας
3023 1689 3317 1761 ἐπιϐουλῆς
3362 1688 3556 1751 ἐλθὼν,
3594 1689 3754 1742 Ἀπο-

496 1782 622 1821 rum
642 1770 937 1823 criminum
967 1786 1122 1825 reum
1148 1772 1540 1842 peri-gerimus.
1566 1773 1689 1827 Haec
1716 1773 1902 1827 omnia
1927 1771 2072 1844 apud

2181 1781 2453 1851 λὼλαμεν,
2486 1777 2633 1845 εἷπε,
2663 1784 2760 1836 καλ⁵
2794 1783 2874 1846 εἰς
2908 1781 3142 1853 ἔσχατον
3170 1781 3422 1835 κινδύνου
3456 1782 3523 1834 ἐκ
3549 1780 3754 1849 πολλῆς

498 1873 599 1912 vos
630 1870 970 1929 reputantes,
1016 1862 1303 1919 intendere
1332 1880 1532 1919 nervos
1578 1873 1818 1935 oportet,
1858 1873 1918 1919 ut
1962 1880 2074 1918 non

2181 1869 2436 1940 εὐτυχίας
2466 1869 2532 1924 τὰ
2584 1871 2885 1942 πράγματα
2924 1872 3077 1943 ’ἡμῖν
3109 1871 3307 1940 ἀθρόον
3354 1872 3644 1943 περιέστη.
3690 1869 3757 1922 Ἦ

499 1957 721 2004 tantum
747 1951 926 2007 fmdus
957 1953 1345 2023 impediamus.
1400 1956 1495 2012 sed
1528 1969 1586 2011 ut
1623 1953 1768 2011 bello
1798 1965 2074 2026 quantum

2182 1958 2394 2029 βασιλὶς
2423 1961 2554 2030 γάρ,
2606 1961 2706 2012 οὐκ
2737 1954 2834 2013 οἷδ’
2886 1958 3012 2013 ὅθεν
3054 1958 3385 2030 ὁρμηθεῖσα,
3438 1954 3756 2011 διαλύεσθαι

500 2043 806 2111 poterimus
859 2043 1006 2100 faces
1046 2047 1422 2114 sulijiciamus,
1453 2064 1562 2118 quo
1599 2048 1734 2102 nihil
1768 2048 1927 2103 nobis
1969 2047 2079 2103 uti-

2182 2053 2320 2123 πρὲς
2353 2052 2811 2122 Καντακουζηνδν
2844 2050 3095 2119 διενοήθη
3157 2051 3252 2104 ἐπὶ
3300 2048 3377 2119 τῷ
3428 2048 3660 2121 βασιλέα
3697 2063 3755 2100 τε

498 2133 627 2188 lius.
691 2136 1017 2192 iudicarunt
1075 2139 1240 2209 igitur
1297 2149 1352 2195 et
1401 2142 1607 2207 caeteri,
1662 2142 2069 2212 impcratricem

2181 2144 2341 2199 αὐτὸν
2375 2138 2649 2218 στέργειν,
2693 2144 2792 2199 καὶ⁵
2832 2143 3057 2215 Ἑλένην
3092 2142 3191 2215 τὴν
3229 2141 3517 2211 θυγατέρα
3548 2140 3761 2208 βασιλεῖ

500 2226 683 2280 moliri
712 2227 1045 2286 tristissima.
1072 2230 1454 2294 Quaerentibus
1487 2244 1693 2299 autem,
1726 2248 1833 2303 qua
1857 2234 2071 2287 ratione

2181 2234 2317 2311 πρὸς
2352 2237 2529 2305 γάμον
2557 2236 2822 2306 ἁρμόζειν
2853 2234 2930 2305 τῷ
2995 2234 3118 2304 υἱῷ.
3157 2235 3224 2288 'A
3260 2235 3310 2286 εἰ
3339 2233 3570 2303 γένοιτο,
3606 2231 3760 2284 οὐδε·

500 2318 818 2387 periculosc
840 2320 1168 2385 eximerent,
1201 2323 1406 2392 placuit
1436 2324 1840 2394 imperatricem
1868 2324 2079 2379 adeun-

501 2409 650 2474 dam,
684 2419 855 2466 ctaut
878 2412 1110 2479 tethnis,
1139 2422 1234 2468 aut
1261 2417 1531 2470 minarum
1560 2425 1768 2471 terrore
1802 2416 2076 2480 adhibito,

502 2515 624 2555 eam
651 2505 978 2572 perpellere,
1010 2513 1083 2567 ut,
1102 2510 1283 2578 jurata
1329 2510 1633 2579 promittat,
1675 2508 1742 2562 de
1779 2523 1912 2577 pace
1949 2522 2076 2562 cum

502 2589 887 2653 Cantacuzeno
920 2616 1022 2656 nec
1069 2613 1314 2657 acturam
1352 2602 1674 2672 quidquam,
1719 2616 1822 2656 nec
1867 2602 2077 2669 cogita-

504 2690 706 2748 turam,
741 2692 845 2746 nisi
875 2708 1067 2748 eormn
1096 2710 1316 2764 quoque
1348 2694 1652 2749 auctoritas
1675 2694 1991 2749 accesserit.

2184 2327 2283 2399 μία
2318 2345 2399 2390 τις
2435 2327 2827 2380 ὑπολέλειπται
2856 2328 2991 2397 ἡμῖν
3020 2326 3175 2389 ἐλπὶς
3209 2325 3302 2379 τοῦ
3353 2324 3428 2395 μὴ
3457 2322 3515 2389 ἐξ
3545 2321 3756 2392 ἀνθρὼ-

2182 2438 2300 2474 πων
2355 2419 2756 2490 ἀφανισθέντας
2806 2416 2983 2487 καινῷ
3041 2434 3148 2470 τινι
3182 2416 3373 2488 τρόπῳ
3428 2411 3759 2479 πανοικεσίᾳ

2182 2511 2501 2566 ἀπολέσθαι.
2534 2508 2677 2563 Ἴστε
2710 2510 2818 2581 γάρ
2876 2509 3032 2563 αὐτοὶ
3069 2510 3171 2561 ὅσα
3222 2509 3356 2578 ἡμῖν
3391 2506 3515 2558 κατ’
3549 2502 3759 2557 ἐκείνου

2183 2602 2619 2674 κατηγόρηνται,
2654 2600 2689 2655 ἀ
2731 2602 2910 2655 πάντα
2945 2600 3053 2671 χρὴ
3098 2597 3539 2669 ἐνθυμουμένους
3578 2594 3762 2646 πᾶσαν

2184 2693 2551 2761 ἐπιδείξεσθαι
2616 2692 2878 2763 σπουδὴν,
2934 2692 3078 2746 ὥστε
3148 2691 3221 2760 μὴ
3288 2690 3450 2758 μόνον
3510 2684 3762 2756 γίνεσθαι

507 2777 742 2843 σπονδὰς
797 2785 913 2854 ὲᾷν,
948 2785 1083 2839 ἀλλὰ
1116 2788 1209 2839 καὶ
1255 2786 1346 2840 τὸν
1392 2786 1652 2855 πόλεμον,
1701 2787 1776 2849 ὡς
1826 2779 1965 2857 οἷόνο
1990 2805 2072 2850 τε,
2112 2788 2402 2842 ἀνάπτειν.
2439 2785 2606 2840 Οὐδὲν
2657 2784 2764 2856 γάρ
2801 2785 2835 2854 ἢ
2877 2783 3036 2841 τοῦτο
3102 2783 3548 2851 λυσιτελέστερον
3608 2778 3759 2848 ἡμῖν.

519 2874 726 2929 Ἐδόκει
784 2876 883 2945 μὲν
930 2877 1022 2932 οὖν
1067 2881 1344 2942 κάκεῖνοις
1397 2880 1679 2933 δεινότατα
1726 2878 1793 2933 τὰ
1844 2880 2077 2950 βασιλίδι
2120 2879 2549 2951 βεόουλευμένα,
2600 2876 3092 2953 σκεπτομένοις.δέ
3251 2875 3360 2947 χρὴ
3394 2873 3489 2928 τὸν
3519 2872 3764 2927 κίνδυνον

504 2966 817 3038 διαφυγεῖν,
850 2970 1023 3025 ἐδόκει
1083 2971 1195 3024 δεῖν
1231 2972 1366 3042 πρὸς
1419 2972 1669 3042 βασιλίδα
1719 2970 2078 3037 ἀπελθόντας,
2121 2972 2543 3044 καὶῆἀπάταις
2604 2971 3066 3044 χρησαμένους,ἢ
3121 2969 3465 3040 φοϐήσαντας
3486 2966 3757 3031 ἀπειλαῖς,

506 3063 719 3118 πείθειν
749 3065 919 3135 αὐτὴν
951 3065 1018 3119 δι’
1040 3067 1221 3138 ὅρκων
1253 3068 1547 3137 ἐμπεδοῦν,
1619 3069 1696 3131 ὡς
1738 3070 1788 3122 εί
1846 3069 1922 3138 μὴ
1985 3069 2249 3140 πρότερον
2309 3067 2834 3140 συνεπιψηφίζοιντο
2892 3067 2988 3121 καὶ
3057 3066 3233 3133 αὐτοὶ,
3290 3066 3430 3137 μήτε
3475 3064 3760 3136 πράττειν,

509 3161 649 3232 μήτε
679 3159 1032 3232 βουλεύεσθαί
1065 3178 1118 3215 τι
1150 3159 1282 3232 περὶ
1309 3163 1409 3232 τῆς
1439 3162 1574 3235 πρὸς
1619 3165 2075 3234 Καντακουζηνδν
2115 3166 2364 3235 εἰρήνης.
2636 3151 2649 3155 ’
3070 3148 3075 3153 ’

1770 3278 1935 3351 459
1988 3278 2215 3335 CAPUT
2266 3277 2508 3334 XXXIV.
2612 3332 2617 3333 ,

509 3372 926 3446 Conjuratorum
967 3374 1217 3429 insidiosa
1243 3387 1432 3429 contra
1459 3375 1892 3430 Cautacuzenum
1942 3379 2134 3438 oratio,
2181 3391 2287 3446 qua
2327 3373 2644 3437 imperalria:
2673 3390 2733 3446 a_
2760 3387 2889 3446 pace
2932 3368 3441 3446 deterretur.__Quod
3466 3368 3679 3446 liberius
3701 3385 3765 3446 ac

576 3439 927 3499 vinementius
970 3449 1275 3516 patriarcha
1310 3446 1524 3516 reliquis
1549 3448 1903 3499 see-edentibus
1943 3446 2088 3514 facit.
2131 3439 2809 3516 ltitperatria:ignara__doii
2847 3442 3023 3510 jurat.
3061 3439 3427 3516 custodituri:
3472 3440 3764 3516 conjuratis

532 3513 672 3585 ὀρει-
697 3517 832 3587 vices
865 3516 1119 3587 interdiu,
1175 3532 1207 3568 a
1236 3514 1756 3587 famulabusnoctu;
1807 3525 1853 3568 et
1891 3511 2051 3587 verba
2089 3511 2609 3587 ejus'obserrantur.
2664 3511 2937 3587 vocantur
2962 3526 3030 3587 ea:
3064 3512 3214 3587 _At{to_
3261 3516 3435 3587 monte
3479 3512 3764 3587 sanctiores

580 3579 844 3646 monachi,
890 3585 979 3655 qui
1016 3584 1062 3636 ei
1095 3579 1279 3653 pacein
1327 3585 1710 3655 persuadeant;
1761 3585 1899 3654 quod
1947 3579 2225 3655 diligenter
2273 3593 2532 3638 conantur
2580 3590 2630 3636 et
2671 3583 2771 3637 nisi
2820 3579 3007 3650 religio
3046 3579 3412 3650 jurisjurandi
3458 3579 3761 3643 obstitisset,

578 3663 772 3709 conata
812 3654 1168 3725 perfecissent.

582 3769 664 3824 Re
692 3767 773 3824 sic
817 3767 1140 3838 composita,
1173 3766 1239 3821 ad
1293 3766 1696 3836 imperatricem
1733 3768 2081 3839 gradiuntur,

2258 3770 2415 3825 Οὕτω
2443 3769 2500 3823 δὲ
2549 3767 2888 3838 συνθέμενοι,
2931 3765 3069 3835 πρὸς
3106 3764 3358 3836 βασιλίδα
3388 3760 3524 3837 ἧκον
3547 3780 3563 3795 ’
3596 3782 3761 3836 προσ·

515 3876 692 3932 eaque
721 3861 1085 3925 consalutata,
1138 3859 1271 3928 Nos,
1316 3862 1592 3932 inquiunt,
1612 3879 1825 3927 omnes,
1845 3865 2086 3934 ctpotis-
2130 3856 2139 3863 ’

514 3954 715 4010 simum
767 3953 1103 4023 patriarcha,
1153 3953 1298 4008 inter
1334 3953 1700 4011 Cantacuzeni
1734 3959 1941 4012 arnicas
1974 3957 2087 4026 pri-

516 4061 666 4100 mum
718 4045 901 4101 locum
955 4046 1302 4113 tenebamus,
1355 4047 1443 4102 cui
1492 4046 1759 4102 beneﬁcia
1791 4047 1982 4132 'multa
2032 4054 2086 4101 et

486 4140 839 4209 excellentia
876 4141 931 4196 in
976 4141 1216 4211 acceptis
1256 4141 1507 4196 ferimus.
1547 4142 1800 4209 Quandiu
1838 4144 2004 4215 igitur
2031 4155 2089 4202 et

515 4237 634 4307 ipse
664 4238 822 4292 vobis
850 4237 1274 4307 imperatoribus
1311 4240 1544 4306 studuit,
1576 4255 1910 4309 sensumque
1940 4247 2088 4294 recte

515 4326 750 4384 faciendi
778 4329 990 4394 habuit,
1039 4347 1201 4387 nemo
1231 4341 1480 4387 nostrum
1510 4348 1621 4386 non
1665 4332 1845 4388 dicam
1879 4332 2086 4386 ferrum
2118 4392 2143 4415 κ

517 4418 573 4475 in
605 4419 760 4475 illum
815 4423 1123 4491 corripere,
1175 4424 1272 4479 sed
1328 4438 1430 4478 nec
1458 4423 1627 4478 verbo
1675 4425 1726 4479 ei
1781 4438 2088 4494 repugnare

517 4515 803 4571 sustinuit.
837 4515 915 4570 Ex
949 4531 1056 4585 quo
1085 4525 1265 4571 autem
1300 4523 1536 4570 mentem
1566 4516 1824 4586 injustam
1878 4525 1933 4571 et
1959 4514 2093 4583 legi-

518 4606 624 4662 bus
659 4606 1043 4661 adversantem
1094 4607 1292 4671 induit,
1323 4616 1379 4662 et
1416 4606 1504 4661 cui
1562 4606 1920 4661 charissimus
1943 4606 2088 4672 .t‘uit,

517 4701 637 4772 ejus
656 4700 858 4756 liberos
890 4700 1166 4755 trucidare
1185 4698 1213 4766 ,’
1234 4700 1652 4770 ῐίοιυειιυιηιιυο
1672 4700 1962 4770 imperium
1985 4699 2089 4754 sibi

520 4807 767 4849 asserere
794 4792 1058 4857 decrevit,
1085 4808 1186 4846 nos
1213 4794 1355 4847 hanc
1393 4792 1513 4862 ejus
1550 4792 1888 4847 voluntatem
1930 4791 2095 4848 inhu-

519 4899 737 4940 manam
792 4884 1226 4953 sceleratamque
1282 4894 1610 4948 censentes,
1661 4894 1717 4939 et
1773 4883 1979 4939 bellum
2040 4882 2090 4937 ρὶ

519 4985 703 5032 vestra
748 4991 911 5031 causa
960 4975 1267 5041 intulimus,
1297 4985 1353 5030 et
1383 4990 1507 5030 cum
1544 4976 1756 5046 ipsum,‘
1776 4985 1891 5031 tum
1921 4990 2094 5045 genus

521 5067 645 5137 ejus
691 5082 756 5122 ac
794 5063 1092 5121 familiares
1121 5063 1351 5121 summis
1380 5064 1743 5120 incommodis
1782 5065 2091 5120 effecimus.

2187 3861 2588 3933 αγορεύσαντες
2629 3859 2707 3928 δὲ,
2757 3859 2969 3930 Ἡμεῖς.
3020 3855 3201 3919 εἷπον,
3247 3858 3470 3920 πάντες,
3520 3860 3615 3912 καὶ
3656 3860 3758 3928 μά-

2187 3955 2346 4008 λιστα
2379 3951 2753 4024 πατριάρχης,
2792 3953 2851 4005 ἐν
2884 3952 2997 4013 τοῖς
3035 3950 3276 4018 πρώτοις
3305 3944 3451 4020 ἦμεν
3476 3951 3585 4003 τῶν
3622 3952 3761 4003 Κανο

2187 4043 2521 4114 τακουζηνοῦ
2556 4043 2890 4113 τεταγμένοι
2944 4040 3137 4109 φίλων,
3184 4040 3280 4095 καὶ
3312 4041 3526 4096 πολλῶν
3551 4043 3757 4096 ἐκείνου

2189 4138 2284 4191 καὶ
2320 4136 2575 4207 μεγάλων
2601 4133 2996 4204 ἀπελαύσαμεν
3041 4134 3152 4187 τῶν
3198 4134 3553 4205 εὐεργεσιῶν.
3586 4135 3758 4206 Μέχρι

2192 4224 2294 4294 μὲν
2316 4222 2409 4279 οὖν
2435 4224 2692 4286 κάκεῖνος
2723 4221 2915 4285 εὔνους
2939 4239 3001 4275 τε
3030 4222 3162 4291 ὑμῖν
3191 4223 3305 4285 τοῖς
3338 4222 3656 4292 βασιλεῦσιν
3674 4219 3756 4293 ἦν,

2194 4317 2289 4369 καὶ
2322 4314 2393 4368 τὰ
2421 4315 2606 4367 δίκαια
2634 4312 2895 4367 διενοεῖτο
2939 4313 3226 4396 πράττειν,
3265 4311 3376 4365 οὐδ’
3403 4312 3563 4382 ἡμῶν
3594 4313 3759 4375 οὐδεὶς

2193 4407 2291 4477 οὐχ
2322 4407 2407 4460 ὅτι
2436 4406 2719 4475 πολεμεῖν,
2752 4403 2873 4459 ἀλλ’
2895 4403 3010 4457 οὐδ’
3044 4403 3509 4473 ἀντιφθέγγεσθαι
3541 4404 3758 4475 ἐτόλμα.

2193 4496 2301 4561 Ἐξ
2326 4498 2453 4550 ὅτου
2488 4495 2545 4549 δὲ
2573 4494 2737 4550 ἄδικα
2772 4493 2868 4548 καὶ
2893 4495 3195 4564 παράνομα
3229 4492 3506 4564 διενοήθη,
3541 4495 3634 4548 καὶ
3671 4492 3759 4545 τοῦ

2193 4590 2362 4645 πολλά
2391 4588 2760 4660 πεφιληκότος
2787 4586 3052 4659 βασιλέως
3099 4585 3333 4639 κτείνειν
3373 4585 3605 4657 ὥρμητο
3638 4574 3758 4646 τοὺς

2195 4682 2411 4747 παῖδας,
2458 4680 2553 4736 καὶ
2593 4679 2692 4752 τὴν
2725 4677 3019 4749 Ῥωμαίων
3069 4677 3355 4748 βασιλείαν
3384 4677 3564 4748 ἐαυτῷ
3613 4695 3760 4746 περι-

2194 4777 2396 4841 ποιεῖν,
2452 4774 2787 4845 μισήσαντες
2831 4773 2929 4843 τὴν
2979 4769 3209 4842 γνώμην
3266 4771 3365 4833 ὡς’
3397 4770 3760 4841 ἀπάνθρωπον

2194 4867 2288 4921 καὶ
2353 4867 2617 4937 πονηράν,
2677 4864 2916 4934 πόλεμόν
2970 4879 3030 4917 τε
3083 4864 3222 4933 πρὸς
3266 4863 3477 4916 ἐκεῖνον
3511 4862 3758 4932 ⁴ἠράμεθα

2195 4956 2461 5031 φανερῶς⁷
2493 4954 2636 5027 ὑπὲρ
2671 4953 2847 5024 ὑμῶν,
2892 4951 2991 5007 καὶ
3042 4952 3110 5006 τὰ
3164 4950 3402 5021 μέγιστα
3453 4952 3620 5006 αὐτὸν
3671 4950 3760 5004 καὶ

2196 5048 2357 5117 γένος
2410 5048 2504 5102 καὶ
2546 5044 2783 5109 οἰκείους
2841 5042 3233 5114 ἐκακώσαμεν.
3282 5043 3393 5097 Καὶ
3425 5042 3525 5096 νῦν
3557 5047 3635 5108 είς
3684 5061 3762 5097 το-

526 5136 595 5214 Ει
620 5172 768 5214 nunc
791 5165 940 5214 tanta
968 5165 1053 5211 est
1102 5158 1406 5211 animorum
1455 5167 1770 5212 nostrorum
1816 5157 2084 5226 conspira-

2206 5141 2396 5196 σοῠτον
2453 5140 2713 5211 ὁμονοίας
2767 5139 3001 5209 ἥκομεν,
3039 5136 3118 5199 ὡς
3175 5136 3236 5189 οὐ
3272 5137 3535 5208 χρήματα
3590 5137 3757 5207 μόνον,

525 5253 622 5318 tio,
671 5258 732 5305 ut
787 5265 896 5304 non
956 5250 1218 5319 pecunias
1271 5250 1454 5314 modo,
1490 5250 1586 5305 sed
1646 5249 1812 5303 vitam
1870 5263 2093 5319 quoque

525 5344 698 5414 ipsam
728 5357 827 5413 pro
856 5327 1015 5396 volﬁs
1056 5340 1110 5396 in
1151 5340 1303 5396 illum
1350 5340 1605 5396 bellando
1637 5341 1923 5410 cupiamus
1965 5355 2092 5408 pro-

526 5435 731 5504 digere.
768 5433 955 5503 Itaque
976 5448 1101 5488 cum
1135 5448 1308 5504 usque
1359 5433 1496 5488 adeo
1539 5441 1820 5502 promptos
1862 5446 2126 5501 propen-A

529 5538 732 5594 sosque
778 5525 833 5580 in
863 5534 1043 5581 vestra
1078 5539 1244 5580 causa
1270 5540 1372 5580 nos
1400 5524 1782 5584 exhibeamus.
1816 5522 2097 5592 iniquissi-

535 5630 683 5669 mum
712 5615 899 5682 fuerit,
952 5618 997 5671 si
1036 5627 1092 5671 tu
1125 5617 1285 5672 nobis
1307 5616 1562 5680 desertis,
1587 5624 1642 5669 et
1690 5614 1867 5668 salute
1908 5623 2095 5668 nostra

533 5703 811 5773 despecta,
859 5705 1127 5774 privatum
1168 5716 1377 5763 sectere
1408 5702 1810 5775 compendium.
1860 5714 1913 5757 et
1971 5717 2093 5755 rum

2200 5233 2339 5288 ἀλλά
2392 5235 2488 5287 καὶ
2527 5231 2707 5302 ψυχὰς
2753 5231 2925 5293 αὐτὰς
2973 5230 3144 5300 ἡδέως
3196 5231 3570 5301 προησόμενοι
3612 5230 3761 5283 πολε-

2207 5324 2438 5397 μοῦντες
2467 5325 2617 5396 αὐτῷ
2641 5324 2783 5394 ὑπὲρ
2808 5324 2985 5394 ὑμῶν.
3017 5325 3149 5377 Ὀτε
3178 5322 3270 5376 οὖν
3301 5324 3467 5394 ἡμεῖς
3497 5323 3759 5392 τοσαύτην

2203 5419 2422 5472 εὔνοιαν
2475 5419 2571 5472 καὶ
2625 5417 2941 5488 προθυμίαν
3002 5415 3140 5485 πρὸς
3186 5414 3333 5484 ὑμᾶς
3382 5414 3760 5485 ἐνεδειξάμεθα

2196 5514 2325 5575 τοὺς
2359 5510 2632 5581 βασιλέας,
2669 5510 2777 5564 τῶν
2819 5509 3172 5562 ἀδικωτάτων
3215 5505 3283 5560 ἀν
3315 5505 3403 5575 εἴη
3451 5504 3763 5560 καταλιποῦ-

2204 5622 2306 5658 σαν
2337 5601 2506 5674 αὑτὴν
2539 5605 2711 5673 ἡμᾶς,
2747 5600 2844 5656 καὶ
2892 5601 3023 5671 παρ’
3052 5599 3205 5654 οὐδὲν
3244 5599 3347 5668 τὴν
3378 5600 3657 5670 ἡμετέραν
3680 5597 3762 5649 λοι

2200 5697 2514 5768 γισαμένην
2546 5696 2846 5766 σωτηρίαν,
2894 5693 3218 5749 σπένδεσθαι
3262 5692 3344 5757 τῷ
3376 5691 3757 5756 πολεμιωτάτῳ
