4096 6300
302 349 410 414 897

1439 351 1980 412 HISTORIARUM
2028 327 2265 413 LIB-ER
2306 349 2424 412 In.

3445 363 3550 426 898

297 465 398 534 τῆς
446 465 583 529 ἰδίας
643 464 910 534 ὡφελείας
966 484 1153 532 ενεκα,
1209 468 1325 534 εῖγε
1374 469 1468 520 καὶ
1502 467 1742 536 ὠφέλειά
1795 483 1876 528 τις

1986 463 2137 519 hoste
2165 463 2384 534 capitali
2426 463 2605 520 fcedus
2633 467 2910 536 percutias
2951 485 2966 522 :
3000 469 3046 524 si
3084 477 3265 525 tamen
3295 486 3552 543 compen-

297 558 495 628 ξψεται
542 559 609 611 ὲκ
643 559 742 628 τῆς
794 560 1045 629 εἰρήνης,
1077 557 1216 612 ἀλλὰ
1253 557 1328 628 μὴ
1375 558 1550 628 βλάϐη
1593 557 1874 627 δεινοτέρα

301 653 368 704 ὲκ
397 651 506 704 τῶν
537 651 634 704 τοῦ
677 651 918 719 πολέμου
949 650 1335 720 γενησομένων
1382 650 1634 704 ἁπασῶν.
1671 651 1736 702 Ἀ
1771 648 1879 718 γὰρ

299 745 445 815 αὑτὴ
477 743 738 813 περὶτῆς
769 743 907 814 πρὸς
945 745 1153 796 ἐκεῖνον
1185 743 1412 812 εἰρήνης
1442 741 1541 810 τῆς
1577 739 1881 810 παρελθού-

304 853 404 908 σης
433 835 741 906 διειλέχθης
771 835 986 899 νυκτὸς,
1013 836 1124 888 οὐδ’
1164 836 1313 904 ἡμᾶς
1345 833 1594 887 διέλαθεν
1623 832 1716 884 ἐπὶ
1749 831 1877 884 πολι

301 926 412 980 λῶν
441 927 712 998 εἰρημένα
771 926 985 990 ἀκοαῖς.
1030 927 1274 979 Ἐκεῖνον
1333 926 1432 995 μὲν
1465 924 1558 978 οὖν
1589 925 1770 994 ἡμεῖς,
1802 923 1878 985 ti);

302 1019 448 1072 κατὰ
482 1017 577 1070 σοῦ
619 1018 855 1072 καὶτῶν
893 1017 1098 1071 παίδων
1126 1019 1194 1071 τὰ
1238 1018 1520 1071 δεινότατα
1567 1017 1662 1069 καὶ
1702 1015 1876 1068 διανο·

299 1107 537 1174 σύμενον
567 1106 662 1159 καὶ
690 1105 791 1176 ἤδη
824 1106 1157 1176 πράττοντα,
1193 1102 1382 1170 ὥσπερ
1413 1104 1520 1156 ἀπὸ
1554 1103 1683 1172 μιᾶς
1732 1100 1879 1169 γνώ-

305 1215 418 1268 μης
446 1198 709 1268 πολέμιόν
755 1214 813 1250 τε
844 1197 1195 1268 ἡγησάμεθα,
1217 1197 1312 1249 καὶ
1342 1195 1579 1259 οὐδενὸς,
1615 1195 1674 1248 τό
1703 1211 1766 1262 γε
1797 1196 1878 1258 εἰς

302 1291 455 1359 ἡμᾶς
482 1284 642 1362 ἧκον,
674 1289 1036 1360 ἡμελήσαμεν
1081 1287 1193 1340 τῶν
1246 1287 1506 1356 βλάπτειν
1537 1287 1875 1356 δυναμένων.

306 1382 371 1434 Εἰ
398 1383 444 1434 δ’
480 1382 544 1435 Ex
562 1399 727 1434 τινων
763 1380 958 1436 αἰτιῶν
989 1383 1022 1451 ἡ
1051 1382 1243 1451 εἰρήνη
1283 1380 1490 1449 μᾶλλον
1521 1379 1878 1449 συμφέρουσα

303 1473 590 1542 νομίζεται
615 1474 756 1539 νυνὶ,
790 1472 899 1525 οὐδ’
946 1473 1106 1542 ἡμεῖς
1153 1470 1591 1540 ἐναντιωσόμεθα
1643 1471 1781 1540 πρὸς
1808 1468 1879 1522 τὰ

307 1563 614 1631 φαινόμενα
645 1563 968 1624 λυσιτελεῖν,
1000 1563 1160 1632 μόνον
1187 1564 1235 1614 εἰ
1261 1561 1453 1632 γνώμῃ
1483 1563 1635 1631 κοινῇ
1660 1557 1877 1615 πάντων

303 1650 466 1718 ἡμῶν
564 1649 757 1719 εἰρήνη
806 1646 1230 1719 ὲπιψηφισθείη.
1265 1649 1344 1700 Τὰ
1391 1647 1499 1717 γὰρ
1536 1646 1638 1699 ὑπὸ
1668 1645 1877 1701 πολλῶν

301 1740 740 1810 δοκιμαζόμενα,
776 1742 980 1809 ἥκιστα
1012 1739 1078 1794 ἂν
1123 1739 1496 1810 ἁμαρτηθείη.
1535 1737 1599 1792 Εἰ
1647 1737 1747 1806 μὲν
1784 1732 1877 1790 οὖν

1981 553 2157 618 dium,
2191 563 2248 608 et
2273 569 2385 608 non
2419 555 2698 623 omnibus,
2727 573 2851 627 quae
2880 573 2911 613 e
2940 559 3085 614 bello
3109 561 3394 622 exsistent.
3428 579 3552 634 gra-

1983 644 2106 699 vius
2158 644 2505 714 dispendium
2559 661 2750 715 pacem
2795 649 2954 703 istam
3000 650 3375 706 comitabitur.
3421 654 3554 718 Quae

1978 736 2126 789 enim
2156 735 2224 789 de
2253 751 2386 804 pace
2415 750 2539 789 cum
2571 737 2689 806 ipso
2712 740 2954 795 ineunda
2981 742 3167 797 multis
3199 744 3554 798 audientibus

1979 825 2309 891 disseruisti,
2343 842 2445 882 nec
2472 843 2574 882 nos
2599 830 2792 885 latent.
2823 832 3002 898 Quare
3031 849 3132 888 nos
3165 851 3290 889 eum
3328 845 3386 890 ut
3420 837 3470 890 in
3500 845 3554 891 te

1978 934 2043 973 ac
2079 919 2219 974 ﬁlios
2247 928 2370 975 tuos
2405 925 2690 978 teterrima
2732 925 3153 993 parturientem,
3190 935 3244 981 et
3268 928 3379 996 jam
3412 929 3555 983 desi-

1978 1019 2260 1079 gnantem,
2290 1013 2536 1068 unanimi
2553 1029 2824 1069 consensu
2858 1028 2916 1069 et
2939 1015 3151 1072 hostem
3181 1019 3553 1084 decernimus,

1978 1108 2034 1154 et
2062 1109 2328 1170 quantum
2360 1103 2413 1156 in
2452 1104 2612 1159 nobis
2633 1115 2738 1171 est,
2781 1106 2921 1161 nihil
2951 1108 3098 1177 quod
3127 1109 3326 1163 laadere
3356 1111 3553 1178 possit,

1979 1191 2049 1245 ab
2076 1207 2141 1246 eo
2169 1193 2585 1250 abstinebimus.
2623 1196 2780 1262 Quod
2812 1198 2857 1252 si
2879 1201 3230 1268 'quibusdam
3261 1217 3554 1271 argumen-

1982 1281 2050 1336 tis
2075 1298 2178 1352 pax
2204 1283 2258 1338 in
2309 1300 2550 1354 praesens
2599 1288 2817 1341 videtur
2861 1292 3171 1343 conducere
3218 1293 3409 1359 magis,
3452 1281 3553 1347 nec

1980 1389 2080 1429 nos
2133 1374 2573 1442 'adversabimur,
2627 1377 2672 1432 si
2735 1389 2944 1434 tantum
2971 1381 3249 1435 communi
3305 1383 3550 1436 omnium
3634 1361 3641 1366 ’

1983 1475 2228 1520 nostrum
2256 1466 2460 1536 iudicio
2493 1480 2550 1526 et
2576 1472 2851 1526 sententia
2874 1470 3271 1525 conﬁrmetur:
3299 1486 3328 1524 a
3363 1474 3554 1528 multis

1979 1557 2130 1612 enim
2177 1560 2479 1628 approbata
2531 1562 2758 1616 minime
2796 1563 3100 1632 decipiunt.
3145 1563 3284 1632 Ergo
3319 1565 3362 1618 si
3403 1565 3552 1633 quod

1982 1662 2082 1702 nos
2135 1649 2423 1716 sentimus,
2491 1661 2547 1704 tu
2603 1667 2823 1721 quoque
2875 1653 3136 1719 senseris,
3193 1655 3554 1724 petitioniqne

1984 1749 2206 1804 nostrae,
2245 1751 2301 1796 ut
2345 1743 2526 1812 jnstaa,
2569 1744 2750 1798 locum
2791 1745 3101 1814 reliqueris,
3141 1746 3556 1802 ﬂorebuntoin-

301 1833 498 1904 ὥσπερ
527 1823 853 1902 ἐγνώκαμεν
888 1833 1026 1902 αὐτή
1065 1849 1123 1885 τε
1175 1831 1361 1900 πείθῃ,
1399 1831 1492 1884 καὶ
1521 1829 1622 1899 τὴν
1655 1828 1883 1892 ἀξίωσιν

1987 1835 2107 1888 nia:
2140 1835 2225 1889 sin
2255 1833 2397 1889 forte
2419 1836 2567 1890 aliud
2601 1837 2822 1901 statuis,
2863 1836 3022 1892 nobis
3053 1847 3240 1906 aperte
3264 1839 3465 1905 indica,
3497 1847 3557 1892 ut

302 1928 468 1996 ἡμῶν
498 1927 572 1989 ὠς
595 1925 814 1980 δικαίαν
851 1927 1159 1996 παραδὲχῃ,
1197 1925 1356 1977 πάντ’
1390 1922 1456 1975 ἂν
1486 1923 1598 1992 ἔχοι
1655 1923 1876 1992 ἄριστα.

305 2019 371 2071 Εἰ
400 2018 448 2070 δ’
482 2018 591 2087 ἄρα
625 2018 828 2088 ἑτέρως
860 2015 1108 2084 ἔγνωκας
1149 2016 1307 2087 αὑτὴ,
1339 2014 1454 2068 ἀλλ’
1485 2017 1616 2084 ἡμῖν
1643 2032 1706 2080 γε
1737 2013 1880 2084 φρά-

304 2128 400 2165 σον
426 2111 698 2180 φανερῶς,
730 2109 800 2164 ῖν⁹
834 2111 1067 2170 ἕκαστος
1100 2109 1175 2171 ὼς
1217 2108 1281 2162 ἂν
1313 2108 1552 2177 μάλιστα
1592 2100 1702 2169 οἷός
1729 2123 1787 2158 τε
1925 2125 1930 2131 ’

304 2202 408 2272 τὴν
436 2201 713 2272 σωτηρίαν
747 2200 1016 2272 ἐκπορίζῃ
1050 2199 1253 2269 ἐαυτῷ.
1285 2201 1489 2261 Ιιάντες
1514 2199 1571 2251 δὲ
1599 2192 1686 2251 οἷα
1713 2198 1882 2267 πατρὶ⁵

303 2292 671 2363 πνευματικῷ
702 2291 782 2364 τῷ
819 2294 1133 2363 πατριάρχῃ
1171 2293 1236 2362 ἢν
1263 2291 1376 2360 ἔχει
1403 2290 1629 2360 γνώμην
1653 2290 1881 2352 ἕκαστος

306 2384 538 2455 περὶτὰ
599 2385 846 2455 παρόντα
885 2383 1218 2454 ἁνεθέμεθα,
1254 2383 1313 2447 ἐξ
1343 2377 1405 2437 οὗ
1451 2381 1656 2451 δυνήσῃ
1689 2379 1882 2448 μαθεῖν

305 2474 648 2545 σαφέστερον
673 2474 744 2528 τὰ
769 2471 892 2528 καθ’
915 2473 1090 2542 ἡμᾶς.
1113 2471 1298 2532 Οὕτως
1329 2469 1603 2534 εἰπόντας,
1633 2469 1883 2522 ἐκέλευεν

305 2561 475 2627 εὐθὺς
501 2564 529 2615 ὁ
560 2561 910 2631 πατριάρχης
943 2562 1250 2630 ὑποχωρεῖν
1271 2573 1286 2589 ·
1323 2557 1483 2626 μόνος
1511 2557 1566 2609 δὲ
1607 2556 1744 2625 πρὸς
1779 2554 1882 2625 μό-

305 2668 408 2721 νην
441 2649 541 2718 τὴν
573 2648 821 2719 βασιλίδα
858 2647 1228 2717 ὑπολειφθεὶς,
1261 2647 1378 2710 Τίς,
1410 2646 1635 2714 ἔφασκε,
1674 2643 1883 2709 βασκα-

309 2760 400 2806 νος
434 2743 647 2812 δαίμων
685 2740 919 2794 τοιαῦτα
967 2741 1202 2792 πέπεικε
1237 2736 1574 2804 λογίζεσθαι,
1609 2734 1709 2787 οὑκ
1751 2734 1883 2787 ἀλυ-

309 2836 496 2905 σιτελῆ
536 2835 720 2902 μόνον,
767 2834 904 2888 ἀλλὰ
961 2832 1056 2886 καὶ
1088 2829 1324 2884 ἀδύνατα
1382 2827 1601 2897 σχεδόν;
1659 2826 1782 2878 Τίσι
1829 2825 1914 2877 δὲ-

311 2929 573 2998 χρωμένη
603 2928 909 2995 λογισμοῖς,
941 2920 1398 2990 Καντακουζηνὸν
1427 2919 1612 2990 ᾠήθης
1647 2919 1778 2985 φύλα
1804 2917 1886 2969 σοί

310 3037 371 3082 τε
398 3021 492 3071 καὶ
512 3020 671 3071 παισὶ
699 3017 960 3070 δύνασθαί
986 3032 1112 3068 ποτε
1145 3014 1440 3084 φρονήσειν
1460 3012 1583 3076 ;Ὅς
1617 3009 1727 3079 γὰρ
1757 3007 1885 3079 μήθ’

313 3112 418 3164 ὑπὸ
447 3111 735 3181 βασιλέως,
778 3112 913 3180 μήτε
951 3107 1048 3161 σοῦ
1078 3108 1342 3177 πρότερον
1377 3103 1546 3174 μηδὲν
1580 3103 1882 3170 ἀδικηθεὶς,

312 3206 454 3260 ἀλλὰ
494 3205 702 3258 πολλῶν
743 3203 838 3256 ἐπὶ
871 3203 1123 3255 πλεῖστον
1159 3201 1351 3270 χρόνον
1383 3195 1700 3259 ἀπολαύσας
1750 3197 1886 3263 ἁγα-

270 3299 282 3310 ’
312 3300 425 3357 θῶν
456 3299 676 3351 πάντων
716 3295 1143 3366 ἐπιλελησμένος
1189 3294 1249 3346 ἐν
1285 3291 1498 3362 βραχεῖ,
1534 3291 1594 3340 οὑ
1627 3286 1884 3357 περὶτῆς

311 3387 494 3458 ἀρχῆς
517 3387 705 3455 μόνον,
745 3384 882 3438 ἀλλὰ
910 3383 1006 3435 καὶ
1030 3382 1160 3452 περί
1194 3382 1464 3451 σωτηρίας
1496 3376 1882 3437 ἐπεϐούλευσε,

312 3482 434 3547 πῶς
475 3480 538 3532 ἂν
588 3480 677 3548 εἰη
709 3478 918 3538 δίκαιος
952 3473 1308 3528 πιστεύεσθαι
1358 3474 1484 3541 περὶ
1525 3472 1632 3524 τῶν
1661 3467 1885 3536 μελλόν-

310 3590 444 3636 των,
475 3575 570 3625 καὶ
598 3570 775 3624 ταῦτα
809 3569 909 3622 οὐκ
942 3567 1144 3636 ὀλίγων
1174 3564 1327 3635 παρὰ
1365 3565 1457 3617 τὸν
1497 3562 1590 3616 τοῦ
1644 3559 1808 3628 πολές.
1823 3574 1884 3611 ου

311 3664 512 3736 χρόνον
539 3663 649 3716 τῶν
690 3661 994 3715 δοκούντων
1025 3656 1375 3728 ὲφυὸρισῑῶν
1416 3655 1548 3724 πρὸς
1582 3653 1745 3706 αὑτὸν
1794 3667 1886 3719 γε·

310 3760 634 3830 γενημένων
669 3753 884 3824 ;Οῐσθα
937 3753 982 3807 δ’
1027 3750 1103 3816 ὡς
1158 3752 1275 3813 τοῖς
1321 3749 1650 3817 εἰθισμένοις
1699 3746 1888 3816 ἄρχειν

313 3855 412 3906 καὶ
438 3848 704 3922 τιμᾶσθαι
736 3845 890 3918 παρὰ
912 3847 1130 3900 πάντων
1181 3843 1251 3895 τὰ
1275 3838 1501 3894 τοιαῦτα
1529 3837 1765 3909 μάλιστα
1786 3836 1887 3889 οὑκ

311 3943 545 3998 ἀνεκτά.
583 3943 645 3996 Εἰ
683 3940 730 3994 δ’
760 3940 870 4012 ἄρα
906 3937 1003 3992 τοῦ
1039 3936 1236 4008 χρόνου
1287 3927 1635 4005 τριϐομένου,
1672 3932 1705 3998 ἡ
1747 3946 1822 3998 πρ
1857 3944 1885 3990 ς

313 4039 526 4090 ἐκεῖνον
557 4033 804 4104 φαίνοιτο
836 4031 1031 4102 εἰρήνη
1079 4026 1376 4096 ἀναγκαία,
1420 4025 1630 4094 βέλτιον
1661 4023 1782 4082 ταῖς
1819 4021 1884 4073 ἁ-

310 4128 538 4182 πάντων
568 4126 860 4197 χρωμένην
892 4121 1145 4191 γνώμαις
1179 4118 1471 4188 πράττειν,
1495 4114 1532 4168 ἃ
1563 4118 1715 4182 κοινῇ
1741 4111 1889 4163 δοκεῖ

309 4216 636 4280 λυσιτελεῖν,
689 4213 722 4284 ἢ
783 4213 892 4266 τῶν
925 4210 1104 4265 ἄλλων
1156 4204 1540 4276 ἀμελήσασαν,
1588 4197 1888 4270 ἀπερισκέ-

312 4326 468 4372 πτως
497 4307 566 4360 τὰ
597 4303 988 4377 παριστάμενα
1017 4301 1214 4354 ποιεῖν.
1252 4296 1313 4349 Εἰ
1350 4295 1450 4364 μὲν
1482 4289 1578 4347 οὑν
1618 4292 1754 4362 πρὸς
1790 4292 1888 4358 τὴν

312 4403 544 4468 ἀξίωσιν
575 4398 759 4452 αὐτῶν
793 4394 1140 4455 ὲπινεύσειας
1195 4389 1294 4446 καὶ
1334 4387 1493 4457 αὑτὴ,
1537 4385 1631 4438 καὶ
1665 4383 1801 4452 πρὸς
1827 4381 1890 4434 τὸ

1981 1921 2212 1991 quisque
2238 1939 2400 1993 quam
2441 1927 2648 1996 Optime
2694 1926 2906 1992 licebit,
2943 1927 3104 1981 saluti
3172 1943 3286 1982 sme
3334 1943 3558 1998 prospe-

1980 2023 2129 2068 ctum
2182 2029 2290 2071 eat.
2319 2016 2484 2089 460
2533 2016 2735 2073 Omnes
2768 2027 2950 2072 autem
2997 2033 3193 2073 sensus
3230 2029 3448 2075 nostros
3487 2020 3556 2073 de

1980 2115 2233 2177 praesenti
2286 2103 2470 2163 rerum
2515 2118 2664 2164 statu
2706 2110 3056 2180 patriarcha),
3097 2118 3355 2178 tanquam
3410 2111 3555 2181 patri

1979 2197 2254 2266 spirituali
2309 2201 2710 2264 commisimus,
2747 2217 2814 2256 ex
2843 2217 2967 2270 quo.
2997 2201 3222 2261 clarius.
3249 2203 3379 2271 quid
3422 2204 3557 2258 veli-

1983 2305 2127 2355 mus,
2160 2291 2442 2360 percipere
2468 2292 2694 2359 poteris.
2729 2292 2856 2346 H330
2873 2292 2962 2346 ubi
2993 2292 3276 2358 dixerunt,
3321 2295 3556 2363 patriar—

1981 2383 2083 2438 cha
2109 2383 2364 2460 protinus
2408 2382 2547 2436 alios
2595 2383 2749 2437 abire
2781 2382 2962 2453 jussit,
2993 2383 3254 2453 solusque
3292 2386 3434 2454 apud
3469 2401 3557 2440 so-

1981 2475 2091 2529 lam
2153 2473 2554 2544 imperatricem
2625 2489 2948 2537 remanens,
3001 2472 3135 2539 Quis
3179 2484 3286 2528 tam
3341 2477 3558 2532 invidus

1983 2565 2220 2628 daemon,
2259 2564 2459 2633 inquit,
2494 2563 2560 2618 ad
2591 2563 2709 2618 haec
2733 2579 2841 2618 non
2880 2564 3042 2618 modo
3072 2564 3434 2631 infructuosa,
3458 2567 3556 2620 sed

1983 2655 2133 2711 factu
2168 2654 2335 2709 etiam
2364 2655 2760 2724 propemodum
2800 2655 3163 2725 impossibilia
3207 2656 3474 2710 volvenda
3505 2665 3558 2712 te

1987 2745 2516 2812 induxit?Quaanam
2550 2749 2790 2802 rationes
2817 2761 2870 2801 te
2897 2757 3142 2812 movent,
3188 2757 3247 2802 ut
3289 2747 3560 2804 Cantacu-

1987 2852 2182 2892 aenum
2232 2837 2332 2892 tibi
2379 2851 2445 2891 ac
2483 2837 2671 2892 liberis
2725 2840 2834 2892 tuis
2869 2855 3111 2908 unquam
3153 2840 3392 2894 amicum
3435 2854 3559 2895 esse
3594 2881 3597 2883 -

1986 2943 2145 2999 posse
2175 2928 2506 2984 existimes?
2543 2928 2645 2998 Qui
2692 2930 2838 2984 enim
2882 2946 3063 2999 neque
3087 2931 3157 2984 ab
3201 2931 3557 3001 imperatore,

1953 3036 2168 3095 _neque
2199 3021 2296 3075 abs
2323 3029 2376 3076 te
2416 3022 2570 3089 prius
2601 3023 2707 3076 ulla
2736 3022 2789 3076 in
2825 3018 2884 3076 re
2913 3023 3179 3087 oll'ensus,
3216 3025 3311 3077 sed
3348 3023 3556 3078 diutis-

1989 3113 2128 3167 sime
2147 3113 2332 3188 multis
2354 3113 2516 3168 bonis
2535 3114 2866 3178 cumulatus,
2892 3115 3041 3167 brevi
3063 3115 3308 3168 omnium
3332 3115 3557 3180 oblitus,

1990 3221 2098 3259 non
2145 3204 2380 3274 imperio
2421 3205 2619 3270 solum,
2649 3205 2744 3258 sed
2788 3205 2948 3259 saluti
2979 3205 3144 3259 etiam
3185 3216 3384 3260 vestrae
3425 3206 3563 3259 insi-

1987 3296 2170 3350 diatus
2221 3304 2326 3356 est,
2386 3311 2496 3364 quo
2527 3306 2686 3364 pacto
2725 3296 2800 3349 illi
2840 3296 2972 3350 lides
3021 3297 3075 3351 in
3134 3297 3381 3350 futurum
3432 3296 3566 3366 jure,

1986 3386 2322 3442 habebitur?
2369 3388 2533 3454 idque
2561 3401 2686 3440 cum
2718 3403 2824 3440 non
2858 3388 3010 3456 pauci
3038 3403 3138 3458 per
3190 3396 3404 3457 tempus
3430 3386 3561 3443 belli

1987 3481 2043 3533 in
2063 3492 2190 3532 eum
2222 3476 2606 3535 contumeliosi
2652 3477 2822 3533 fuisse
2866 3477 3178 3533 videantur.
3213 3479 3333 3534 Non
3365 3488 3416 3535 te
3467 3495 3563 3535 au-

1986 3577 2096 3624 tem
2126 3567 2287 3639 fugit,
2322 3582 2484 3637 quam
2511 3567 2579 3621 iis
2606 3568 2700 3636 qui
2732 3568 2855 3623 aliis
2881 3567 3202 3638 imperitare
3255 3579 3312 3624 et
3345 3569 3562 3640 publice

1987 3660 2092 3716 coli
2124 3676 2187 3714 ac
2217 3658 2478 3714 honorari
2523 3669 2950 3727 consueverunt,
2974 3660 3289 3732 bujusmodi
3347 3663 3564 3731 injuria:

1989 3749 2362 3806 intolerabiles
2383 3749 2514 3803 sint.
2547 3748 2604 3804 Si
2643 3758 2888 3821 tempore
2918 3753 3254 3820 procedente
3302 3767 3406 3822 pax
3431 3767 3558 3807 cum

1989 3844 2083 3898 illo
2113 3843 2421 3897 necessaria
2469 3841 2826 3911 judicabitur,
2880 3845 3163 3912 praastabit
3215 3841 3284 3902 de
3313 3845 3562 3898 omnium

1989 3941 2238 3987 nostrum
2268 3933 2542 3986 sententia
2588 3932 2792 3997 facere,
2824 3948 2946 4002 quae
2978 3934 3124 3988 bono
3148 3933 3260 3988 sint
3283 3935 3560 3998 omnibus,

1989 4039 2151 4094 quam
2183 4023 2307 4077 aliis
2332 4038 2440 4076 non
2460 4022 2770 4090 appellatis,
2800 4023 3119 4079 inconsulto
3149 4023 3296 4092 quod
3321 4023 3376 4076 in
3410 4038 3565 4076 men-

1991 4114 2100 4172 tem
2123 4114 2276 4168 venit
2317 4113 2565 4182 exsequi.
2595 4112 2938 4183 Quapropter
2983 4114 3028 4168 si
3054 4129 3246 4168 eorum
3268 4115 3562 4184 postulatis

1988 4219 2260 4267 annuens,
2289 4211 2478 4258 contra
2509 4203 2773 4272 promissa
2818 4202 2957 4256 nihil
3001 4218 3254 4273 unquam
3283 4214 3336 4258 te
3384 4203 3562 4257 factu-

1990 4311 2108 4351 ram
2166 4295 2326 4350 ﬁdem
2379 4294 2618 4359 dederis,
2679 4293 2782 4364 ipsi
2833 4293 3075 4349 vicissim
3137 4310 3238 4364 pro
3275 4295 3562 4366 dignitate,

1993 4388 2408 4456 commodisque
2441 4385 2550 4440 tuis
2568 4395 2623 4439 et
2654 4385 2939 4454 pecunias,
2973 4397 3030 4438 et
3055 4384 3338 4454 oppositus
3370 4399 3564 4453 corpo-

317 4495 515 4566 μέλλον
560 4493 750 4545 πίστιν
779 4489 905 4542 τινὰ
954 4484 1284 4556 παράσχοιο,
1327 4480 1400 4540 ὼς
1433 4479 1588 4532 οὐδὲν
1631 4474 1886 4566 οὐδέποτε

1995 4495 2114 4534 rum
2150 4494 2399 4538 suorum,
2431 4489 2508 4540 et,
2535 4477 2584 4530 si
2630 4491 2853 4550 necesse
2881 4475 3010 4540 erit,
3051 4490 3159 4545 qua
3203 4475 3279 4528 nil
3318 4476 3559 4540 charins,

310 4562 472 4656 ’παρὰ
503 4586 572 4639 τὰ
611 4583 969 4652 ὑπεσχημένα
1017 4577 1260 4647 δράσεις,
1296 4571 1391 4625 καὶ
1439 4569 1596 4623 αὑτοί
1636 4583 1720 4619 σοι
1751 4562 1888 4634 πρὸς

313 4681 498 4733 πάντα
532 4676 630 4730 καὶ
667 4675 913 4746 χρήμασι
983 4670 1078 4723 καὶ
1127 4667 1348 4736 σώμασι
1403 4660 1680 4730 πρόθυμοι
1721 4673 1889 4709 awa-

315 4768 671 4840 γωνιοῦνται,
699 4768 794 4820 καὶ
819 4764 928 4818 οὐδ’
959 4760 1152 4831 αὐτῆς,
1201 4758 1250 4810 εἰ
1280 4756 1412 4819 δέοι,
1443 4755 1544 4822 τῆς
1581 4752 1741 4822 φίλης
1770 4749 1891 4817 φεί-

319 4879 510 4918 σονται
542 4860 708 4929 ζωῆς,
749 4857 888 4910 ὥστε
919 4853 1209 4924 προΐεσθαι
1241 4848 1384 4916 ὑπὲρ
1420 4845 1531 4897 τῶν
1560 4859 1644 4897 σοι
1681 4842 1894 4894 λυσιτε-

315 4956 581 5010 λούντων.
613 4953 710 5004 Ἂν
765 4948 810 5001 δ’
868 4946 1070 5013 ἑτέρως
1123 4941 1420 4994 αἴσθωνται
1453 4935 1891 5008 βουλευομένην,

315 5047 468 5104 ὀκνῶ
495 5047 595 5116 μὲν
619 5045 816 5109 εἰπεῖν,
840 5037 1220 5108 ἀποκρύπτειν
1254 5033 1310 5085 δὲ
1341 5031 1402 5083 οὑ
1424 5030 1654 5092 δίκαιον,
1686 5027 1762 5089 ὡς
1795 5024 1894 5094 μία

318 5142 461 5194 πᾶσι
486 5139 733 5208 παρέστη
761 5132 977 5202 γνώμη,
1006 5128 1102 5182 καὶ
1119 5129 1302 5196 ὅρκοις
1329 5124 1428 5193 τὴν
1448 5123 1701 5191 ὁμόνοιαν
1721 5121 1896 5186 ἠσφα-

322 5235 570 5293 λίσαντο,
605 5231 666 5283 σὲ
702 5229 800 5300 μὲν
829 5227 921 5279 καὶ
947 5217 1150 5283 ’παῖδας
1175 5217 1525 5272 ἀποκτείνειν
1553 5235 1564 5246 ·
1603 5211 1798 5272 αὑτοὺς
1837 5209 1895 5260 δὲ

320 5327 622 5391 Βυζάντιον
649 5320 1004 5388 κατέχοντας,
1032 5313 1173 5366 ὅπλα
1215 5301 1667 5372 ,Καντακουζηνῷ
1707 5300 1895 5354 ἀνταί-

328 5436 448 5490 ρειν
503 5415 665 5485 μέχρι
725 5413 930 5470 παντὸς
979 5407 1075 5458 τοῦ
1106 5399 1356 5456 δυνατοῦ.
1389 5400 1484 5450 Ἂν
1519 5395 1563 5448 δ’
1617 5392 1896 5490 ἀδυνατως

322 5481 662 5580 έχωσι-πρ-δς
685 5504 746 5556 τὸ
795 5495 1124 5571 ἀμύνεσθαι,
1169 5493 1369 5564 μᾶλλον
1417 5486 1701 5580 αἱροῦνται
1743 5481 1897 5534 Ἀλε-

323 5575 537 5670 ξανδρῳ
576 5575 662 5666 τῷ
694 5595 894 5650 Μυσῶν
925 5589 1138 5662 βασιλεῖ
1165 5582 1435 5639 δουλεύειν
1461 5579 1558 5646 τὴν
1606 5575 1758 5670 πόλιν
1791 5592 1898 5627 πα-

326 5668 612 5766 ραδόντας,
639 5689 671 5757 ἦ
707 5689 817 5749 τοῖς
850 5688 912 5737 ἐκ
943 5680 1219 5742 Βενετίας,
1259 5677 1292 5745 ἢ
1326 5672 1589 5734 Γεννούας
1622 5668 1897 5766 Λ-ατίνοις,

322 5760 360 5860 ἦ
405 5779 845 5850 Καντακουξηνῷ
891 5775 1129 5844 δεσπότῃ
1162 5767 1422 5842 χρῆσθαι.
1450 5766 1579 5822 Ὅτε
1624 5760 1718 5815 οὑν
1755 5761 1790 5831 ἥ
1836 5777 1896 5813 τε

1994 4570 2232 4624 animam
2292 4569 2724 4638 sanguinemque
2751 4581 2912 4621 suum
2944 4565 3294 4635 pollicentur.
3329 4564 3385 4618 Si
3413 4565 3562 4618 aliud

1995 4669 2048 4715 te
2079 4659 2219 4714 velle
2246 4658 2558 4728 cognorint,
2589 4657 2788 4711 horreo
2832 4655 3036 4721 dicere,
3067 4656 3212 4725 quod
3246 4669 3425 4709 tamen
3473 4670 3566 4708 oc-

1999 4752 2210 4806 cultum
2243 4750 2434 4804 haberi
2463 4765 2572 4803 non
2609 4749 2795 4813 debet,
2855 4763 3010 4802 mens
3035 4747 3295 4801 omnibus
3328 4761 3436 4799 una
3455 4752 3562 4808 est,

1995 4851 2050 4897 ct
2082 4853 2488 4896 sacramentum
2531 4840 2674 4893 inter
2697 4855 2758 4893 se
2780 4839 3060 4902 dixerunt,
3097 4844 3156 4889 ut
3187 4846 3239 4891 te
3271 4833 3394 4890 c'um
3429 4835 3567 4889 libe-

1997 4934 2072 4988 ris
2097 4933 2498 4997 contrucidata,
2528 4931 2845 5002 Byzantium
2884 4936 3174 4999 occupent,
3201 4938 3257 4982 et
3293 4927 3564 4981 Cantacu-

1998 5040 2155 5092 zeno,
2190 5042 2298 5093 qua
2331 5025 2606 5078 valuerint
2636 5024 2839 5077 virtute
2891 5021 3170 5075 resistant.
3209 5019 3265 5072 Si
3307 5019 3358 5071 id
3387 5018 3566 5071 minus

1997 5127 2275 5188 poterunt,
2305 5115 2614 5171 Alexandro
2657 5113 2950 5168 Mcesorum
2989 5111 3100 5180 regi
3137 5112 3269 5164 urbe
3301 5107 3565 5161 transdita

1997 5211 2205 5265 servire
2235 5209 2468 5270 malunt,
2505 5221 2666 5275 quam
2698 5213 2794 5258 aut
2833 5203 3092 5264 Venetos.
3123 5207 3216 5254 aut
3245 5199 3565 5254 Genuenses

1997 5303 2242 5365 Latinos,
2278 5308 2376 5353 aut
2407 5297 2848 5352 Cantacuzcnum
2875 5294 3129 5348 dominos
3167 5290 3396 5361 perpeti.
3420 5289 3561 5354 Quia

1999 5392 2398 5464 igiturjustum
2441 5395 2655 5458 petunt,
2690 5401 2993 5454 eorumque
3024 5383 3347 5455 petitionem
3383 5380 3567 5450 despi-

2000 5502 2146 5549 cere,
2185 5498 2296 5537 non
2349 5481 2447 5535 tibi
2472 5479 2656 5554 solum
2692 5494 2756 5533 ac
2821 5478 3011 5532 liberis
3053 5475 3162 5529 tuis
3197 5473 3565 5542 periculosum

1999 5589 2103 5642 est,
2158 5575 2257 5630 sed
2300 5584 2355 5627 et
2394 5574 2494 5626 toti
2551 5572 2923 5625 Romanorum
2982 5568 3210 5635 imperio
3263 5564 3569 5618 vastitatem

2000 5684 2065 5724 ac
2091 5664 2388 5737 perniciem
2418 5671 2717 5718 extremam
2739 5659 3044 5723 minitatur,
3092 5655 3314 5726 quinam
3336 5657 3568 5726 justum,

1997 5770 2098 5816 aut
2126 5757 2280 5823 utile,
2311 5769 2520 5826 quaso,
2557 5760 2782 5824 propter
2800 5759 3115 5821 exspectata
3143 5764 3208 5804 ex
3237 5763 3372 5818 pace
3405 5748 3567 5813 bona,
