4096 6300
628 299 738 364 899
1538 299 1549 310 “
1797 295 2121 359 JOANNIS
2158 295 2692 357 CANTACUZENI
3753 300 3845 364 909

626 415 919 488 praesentia
974 425 1031 472 et
1071 415 1125 470 in
1155 425 1452 486 conspectu
1479 413 1658 485 positu
1697 413 1836 467 mala
1880 413 1947 484 (si
1983 413 2113 472 erit.
2141 417 2200 465 ut

2303 411 2526 476 ἀξίωσις
2578 410 2757 465 αὐτῶν
2791 411 2998 469 διριαία.
3055 411 3149 464 καὶ
3203 411 3263 463 τὸ
3299 410 3541 477 παριδεῖν
3594 413 3748 484 αὐτὴν
3792 419 3842 470 οὐ

628 508 960 578 ciuinumur)
992 524 1102 561 non
1134 507 1423 577 refugere?
1463 505 1568 561 Sed
1603 505 1797 574 siquid
1831 505 1964 558 mihi
1997 521 2025 556 a
2048 505 2200 574 prin-

2309 504 2553 559 κίνδυνον
2580 505 2664 556 σοί
2693 519 2750 556 τε
2783 503 2944 573 μόνον
2963 504 3058 556 καὶ
3087 503 3300 566 παισὶν,
3335 502 3476 556 άλλά
3511 505 3605 557 καὶ
3632 505 3762 578 πάσῃ
3788 511 3841 579 τι

628 599 775 668 cipio
813 607 1028 651 tuorum
1062 598 1480 650 εοιιιιιιοιιοτυιη
1519 594 1794 672 studioso.
1820 601 1877 647 et
1927 609 2074 647 tzttnc
2121 593 2200 646 uio

2319 594 2608 664 Ῥωμαίων
2664 597 2952 663 ἡγεμονία,
3007 595 3308 648 ἀνάστασιν
3366 595 3462 646 καὶ
3521 595 3714 665 φθορὰν
3761 599 3842 668 τὴν

629 690 744 745 hilo
784 691 964 744 minus
994 690 1131 743 bene
1173 688 1482 742 consulenti
1518 686 1721 744 credis.
1755 685 1878 739 istis
1909 684 2096 745 crede.
2145 693 2200 736 et

2305 688 2544 755 ἐσχάτην
2570 685 2805 750 ἀπειλεῖ,
2842 685 2944 736 ποῦ
2963 685 3174 737 δίκαιον
3207 684 3239 754 ἢ
3270 685 3546 748 λυσιτελὲς
3574 689 3842 758 προσδοχωο

628 782 830 849 quith
893 780 1233 834 circumdata
1294 794 1354 833 es
1417 779 1622 838 malis.
1675 788 1728 832 te
1791 777 1985 830 libera.
2038 774 2198 845 461

2309 780 2486 848 μένων
2534 779 2694 848 χάριν
2748 776 2995 844 ἀγαθῶν,
3027 779 3082 829 εἴ
3127 794 3192 847 γε
3218 779 3314 832 καὶ
3341 778 3496 831 ἔσται
3527 779 3704 848 ὥσπερ
3730 782 3842 835 ὑπο.

629 871 767 926 Tum
791 871 1032 940 Augusta
1061 880 1204 926 metu
1235 870 1418 933 auxia,
1462 879 1517 924 et
1563 869 1831 924 fallaciam
1861 883 1968 920 non
2012 866 2200 920 adver-

2306 868 2599 938 πτεύομεν,
2623 871 2684 920 ὲκ
2711 869 2809 935 τῆς
2851 867 3070 938 εξρήνης
3093 869 3161 921 τὰ
3190 869 3434 933 παρόντα
3459 872 3551 920 καὶ
3581 872 3842 937 φαινόμενα

630 973 771 1026 tcns,
804 965 896 1018 sed
933 949 1220 1027 arbitrata,
1253 964 1298 1017 si
1334 978 1438 1032 pax
1465 962 1606 1016 bello
1627 962 1824 1016 melior
1855 969 2020 1023 esset,
2055 960 2200 1029 ipsos

2307 961 2682 1030 άνϐαιρείσοαι
2706 960 2948 1031 δυσχερῆ
2976 977 2990 1024 ;
3033 961 3172 1013 Ἀλλ’
3206 961 3259 1014 ετ
3281 979 3334 1014 τι
3367 962 3626 1024 πέποιθας
3659 964 3760 1031 ὲμοδ
3789 965 3842 1016 τὰ

629 1055 821 1122 utique
853 1053 959 1107 sibi
1008 1069 1129 1108 eam
1164 1069 1425 1108 suasuros
1474 1053 1668 1118 fuisse,
1711 1051 1878 1106 dictis
1909 1051 2200 1121 δυσνομίη

2309 1056 2393 1107 σοὶ
2427 1053 2811 1106 λυσιτελοῦντα
2847 1053 3084 1123 ὲξαρχῆς
3116 1070 3178 1106 τε
3215 1053 3503 1124 ᾑρημένῳ,
3539 1055 3628 1106 καὶ
3665 1054 3747 1105 νῦν
3769 1054 3842 1106 otio

627 1158 732 1200 cst.
765 1146 914 1199 Illico
941 1161 1061 1198 eam
1091 1146 1280 1215 jurare
1327 1145 1640 1210 hortantur,
1701 1153 1900 1214 praeter
1933 1143 2200 1211 promissa

2305 1147 2398 1200 δὲν
2443 1131 2606 1216 ἦττον
2656 1145 3104 1213 συμϐουλεύοντι,
3145 1130 3355 1208 τούτοις
3413 1146 3720 1216 πειθομένη,
3751 1149 3841 1202 τῶν

628 1237 766 1292 nihil
822 1253 1062 1306 unquam
1111 1237 1402 1292 facturam.
1450 1237 1770 1306 lmposturae
1805 1235 1987 1304 ignara
2036 1234 2200 1303 jurat,

2307 1240 2412 1310 ἤδη
2473 1239 2917 1308 περιεστηκότων
2975 1237 3319 1290 ἀπαλλάττου
3383 1237 3670 1306 δυσχερῶν.
3726 1239 3841 1308 Πρὸς

539 1321 544 1325 ’
628 1333 921 1400 statimque
949 1330 1262 1399 patriarcha
1305 1329 1597 1384 anathema
1625 1327 1911 1385 acclamat.
1941 1325 1984 1380 si
2006 1336 2198 1378 contra

2307 1330 2478 1383 ταῦτα
2500 1330 2866 1399 ὑποπτήξασα
2895 1331 2927 1397 ἡ
2955 1330 3186 1399 βασιλὶς,
3215 1331 3308 1381 καὶ
3339 1329 3438 1398 τῆς
3455 1331 3663 1397 ἀπάτης
3683 1329 3838 1400 ὥσπερ

533 2240 536 2243 ’
628 2242 1076 2310 Oportebatzqui
1130 2256 1324 2295 rursus
1364 2240 1510 2294 dicta
1546 2241 1732 2292 omnia
1766 2239 1834 2291 ad
1881 2237 2197 2292 sodalitium

629 1432 772 1492 agat,
803 1439 966 1491 quam
1004 1422 1296 1491 juraverit.
1332 1423 1462 1476 Post
1507 1421 1560 1474 id
1595 1433 1878 1488 nunquam
1913 1419 2088 1472 solam
2119 1431 2200 1470 re-

2306 1423 2408 1474 ούκ
2443 1421 2764 1490 αἰσθομένη,
2818 1420 2932 1474 ἀλλ’
2960 1420 3232 1488 οίηϋεῖσα,
3266 1423 3314 1472 εί
3341 1419 3568 1489 βελτίων
3592 1419 3681 1473 τοῦ
3708 1421 3838 1472 πολέα

627 1511 932 1581 liquerunt,
989 1523 1048 1566 ut
1105 1528 1204 1582 per
1247 1514 1422 1566 otium
1475 1510 1607 1580 quid
1660 1509 1964 1580 expediret.
2015 1521 2200 1562 secum

2309 1533 2414 1584 μου
2461 1517 2493 1584 ή
2543 1515 2736 1584 εἰρήνη
2790 1514 3051 1582 φ..ίνοιτο,
3098 1513 3496 1584 πεισθήσεσθαι
3524 1516 3611 1566 καὶ
3655 1514 3834 1577 αὐτοὺς,

628 1603 990 1673 disquireret;
1026 1606 1118 1659 sed
1164 1605 1310 1658 diem
1345 1614 1519 1658 totum
1549 1605 1688 1658 inter
1718 1617 1778 1657 se
1810 1602 2020 1671 partiti,
2061 1599 2200 1654 alius

2305 1608 2520 1678 δέχεται
2632 1609 2698 1660 τὰ
2803 1608 3089 1678 εἰρημένα.
3185 1607 3398 1659 Αὐτίκα
3479 1623 3538 1660 τε
3626 1607 3836 1659 ἐκέλευον

628 1698 800 1751 alium
829 1697 1155 1766 excipiendo
1210 1712 1338 1752 cum
1376 1711 1442 1750 ea
1474 1697 1861 1750 versabantur.
1891 1695 2066 1749 Noctu
2107 1709 2200 1746 au-

2306 1701 2550 1769 ὀμνύειν,
2610 1700 2686 1762 ὠς
2711 1701 2864 1753 οὐδὲν
2917 1701 3174 1752 οὐδέποτε
3217 1699 3372 1767 παρὰ
3417 1700 3485 1752 τά
3527 1700 3835 1768 ὑπεσχημένα

631 1798 738 1843 tem
775 1789 841 1843 de
866 1789 1177 1842 famulabus
1218 1789 1464 1858 ejusdem
1495 1789 1563 1842 ad
1602 1789 1705 1842 hoc
1731 1787 1911 1856 ipsqu
1940 1797 2096 1841 erant
2120 1801 2200 1841 se-

2310 1792 2536 1862 πρᾶξαι.
2577 1792 2638 1844 'll
2672 1793 2717 1844 δ’
2768 1795 3086 1862 ἀγνοήσασα
3119 1791 3218 1860 τὴν
3275 1791 3521 1860 ἐνέδραν,
3551 1791 3641 1843 καὶ
3676 1792 3835 1860 ὅρκους

627 1877 804 1940 lecue,
840 1877 1040 1945 quibus
1072 1892 1180 1930 non
1211 1877 1678 1931 contemnendum
1710 1876 2042 1945 proditionis
2069 1890 2200 1944 pre-

2309 1885 2620 1956 προσετίοει
2651 1887 2766 1947 τοῖς
2817 1886 3154 1954 εἰρημένοις,
3197 1885 3290 1937 καὶ
3337 1887 3365 1936 ὁ
3414 1884 3736 1954 πατριάρχης
3761 1885 3834 1935 ea.

630 1970 766 2021 tium
787 1967 1020 2021 dabatur
1055 1983 1084 2022 a
1108 1967 1429 2038 conjuratis,
1466 1982 1724 2021 nummus
1747 1979 1948 2020 aureus
1974 1965 2200 2036 singulis

2305 1979 2404 2044 θὺς
2437 1981 2746 2049 ἀφορισμὸν
2777 1978 3050 2047 ἐπεφώνει
3081 1980 3130 2032 εί
3174 1977 3531 2048 παραδαθείη
3567 1981 3627 2030 τὰ
3649 1977 3834 2045 ὀμωμο-

629 2058 904 2113 videlicet.
959 2059 1067 2112 Eas
1115 2073 1237 2111 cum
1291 2058 1638 2127 imperatrice
1685 2055 2122 2118 confabulantes,
2155 2056 2200 2108 si

2307 2074 2503 2140 σμένα.
2552 2072 2640 2136 Ἐξ
2675 2073 2886 2124 ἐκείνου
2922 2071 2979 2125 δὲ
3017 2071 3278 2124 οὐδέποτε
3341 2071 3625 2123 κατέλιποι
3650 2069 3736 2137 τὴν
3757 2067 3832 2137 βαι

555 2193 562 2196 .
627 2149 762 2219 quid
825 2165 984 2204 secus
1046 2149 1387 2218 loqueretur.
1425 2149 1493 2202 ad
1529 2147 1897 2216 patriarcham
1944 2147 2200 2200 numiare

2304 2165 2479 2216 σιλὶδα
2513 2163 2702 2234 μόνην,
2731 2163 2873 2216 ὥστε
2906 2163 3105 2232 σχολὴν
3129 2162 3408 2249 ἄγουσαν,
3433 2163 3538 2213 τῶν
3565 2161 3769 2212 δεόντων
3794 2173 3832 2208 τι

2305 2256 2699 2326 βουλεύσασθαι
2728 2257 2859 2324 πρδ;
2892 2255 3095 2324 έαυτήν
3119 2269 3146 2284 ⁸-
3177 2253 3293 2305 ἀλλ’
3325 2255 3536 2324 ἡμέρας
3576 2253 3666 2320 μὲν
3711 2251 3832 2302 αὐτοὶ

2306 2347 2547 2416 συνῆσαν
2577 2349 2640 2399 ὲκ
2683 2346 2938 2417 διαδοχῆς
2965 2347 3128 2400 ἄλλον
3167 2347 3330 2407 ἀλλος
3359 2345 3731 2414 διαδεχόμενοι,
3758 2341 3828 2394 καὶ

2303 2437 2776 2508 συμμεριζὸμενοι
2821 2438 2915 2491 τὸν
2951 2438 3145 2506 χρόνον
3171 2437 3268 2504 τῆς
3303 2438 3558 2507 ἡμέρσςι
3599 2430 3829 2495 νυκτδςὸὲ
3886 2495 3901 2508 _

2300 2529 2411 2581 τῶν
2449 2528 2550 2596 τῆς
2585 2527 2856 2598 βασιλίδος
2886 2527 3166 2579 οἱκετίδων
3191 2523 3337 2598 ἦσαν
3370 2527 3505 2597 πρὸς
3531 2525 3677 2577 τοῦτο
3705 2539 3823 2574 τετα-

2299 2618 2524 2688 γμέναι,
2554 2617 2612 2670 αἳ
2648 2617 2840 2686 μισθὸν
2893 2617 2955 2669 οὐ
3003 2599 3207 2684 φαῦλον
3235 2618 3338 2684 τῆς
3393 2615 3669 2686 προδοσίας
3711 2608 3826 2679 εἶχον

2300 2712 2523 2779 χρυσίον
2556 2710 2710 2779 παρὰ
2761 2708 2868 2761 τῶν
2901 2712 3236 2778 συνομοτιὶη,
3277 2709 3348 2771 ἀς
3394 2709 3501 2761 εδει
3546 2703 3846 2776 τῇϐασιλίῦι.

2301 2802 2585 2864 συνούσας,
2615 2799 2668 2853 εἴ
2689 2819 2744 2854 τι
2769 2800 3088 2870 φθέγξαιτο,
3115 2801 3349 2871 μηνύειν
3378 2795 3824 2871 πατριάρχῃ,ὥοτε

2298 2894 2368 2948 δι’
2395 2879 2609 2949 ἐκείνου
2655 2894 2892 2957 καὶτοῖς
2926 2894 3106 2958 ἄλλοις
3157 2895 3338 2948 πάντα
3370 2895 3504 2962 δῆλα
3535 2891 3752 2961 γίνεσθαι
3770 2887 3824 2940 τὰ

2301 2989 2590 3058 είρτκμένα.
2623 2986 2684 3040 '0
2718 2989 3068 3056 πατριάρχης
3096 2987 3205 3056 γὰρ
3231 2986 3335 3056 τὴν
3376 2987 3518 3039 οἶκοι
3557 2983 3819 3036 παντάπασι

631 2331 886 2386 referret.
921 2331 987 2384 Et
1014 2334 1059 2385 is
1086 2331 1420 2400 patriarchio
1452 2331 1614 2400 plane
1635 2333 1880 2390 deserto,
1911 2329 1964 2382 in
1998 2329 2199 2398 palatio

628 2421 914 2478 habitabat
940 2459 956 2485 ,
991 2423 1149 2492 quasi
1173 2422 1456 2476 audaciam
1487 2421 1860 2484 cohibiturus,
1890 2420 1934 2474 si
1967 2421 2092 2489 quis
2117 2418 2201 2473 in-

631 2512 862 2568 sidiator
895 2509 1034 2568 'novi
1070 2513 1276 2584 aliquid
1309 2514 1621 2576 moliretur,
1659 2513 1754 2566 sed
1791 2528 1849 2566 re
1883 2511 1999 2580 ipsa
2028 2511 2200 2580 impe-

629 2604 818 2658 ratrici
848 2616 1035 2658 custos
1067 2620 1096 2658 a
1126 2605 1429 2675 conjuratis
1465 2604 1786 2672 impositus,
1812 2618 1881 2656 ne
1909 2601 2038 2671 quid
2065 2600 2198 2668 ipsis

627 2695 1002 2749 nescientibus
1031 2696 1253 2762 faceret,
1281 2696 1428 2766 quod
1463 2711 1655 2751 eorum
1689 2696 1906 2750 libidini
1941 2695 2199 2748 adversa-

629 2792 804 2836 retur.
861 2785 927 2837 Et
973 2785 1087 2838 haec
1129 2786 1350 2854 quidem
1397 2787 1780 2840 Cantacuzeno
1827 2782 2195 2855 Didymotichi

632 2882 878 2926 morante
925 2874 1248 2942 agebantur.
1282 2874 1393 2929 Sub
1436 2885 1650 2945 tempus
1677 2891 1832 2938 vero,
1883 2890 1994 2942 quo
2049 2872 2200 2928 Peri-

630 2961 904 3015 theorium
940 2963 1250 3028 obsidebat,
1281 2964 1350 3018 ad
1397 2965 1694 3020 monachos
1722 2965 1778 3018 in
1809 2964 2195 3029 Atho'monte,

630 3057 844 3108 caeteris
871 3056 1231 3109 sanctimonia
1251 3064 1576 3126 pnestantes
1593 3057 1834 3126 scripsit,
1865 3071 1961 3111 eos
1978 3071 2198 3126 quoque

2304 3056 2589 3149 διατριϐὴν
2616 3077 2952 3141 καταλιπὼν,
2994 3072 3285 3148 βασιλείοις
3315 3078 3610 3151 ενδιῃτᾶτο,
3650 3074 3821 3144 πρόφαο

628 3161 850 3218 rogans,
877 3161 945 3200 ne
981 3145 1358 3201 Christianum
1403 3151 1727 3216 sanguinem
1753 3148 2003 3216 quotidie
2046 3147 2200 3202 fundi

2309 3185 2393 3220 σιν
2425 3145 2524 3236 μὲν
2548 3145 2635 3232 -ὡς
2679 3168 2790 3220 τῶν
2822 3145 3128 3222 ἐπιϐούλων
3179 3145 3561 3234 καθέξων-’τὰς
3589 3167 3756 3236 ὁρμῖς.
3782 3161 3823 3214 εἴ

627 3243 896 3303 sinerent.
926 3241 1021 3296 sed
1059 3241 1310 3296 veritatis
1347 3241 1526 3296 zelum
1581 3251 1952 3311 capeSsentes,
1992 3241 2200 3311 Byzan-

629 3334 766 3388 tium
801 3348 861 3388 se
884 3332 1225 3398 conterrent,
1257 3341 1314 3388 et
1353 3333 1756 3403 imperatricem
1793 3348 1957 3403 quam
1981 3333 2202 3403 indigna

627 3425 1049 3488 factitarentur.
1101 3425 1401 3480 educerent
1429 3442 1444 3478 :
1477 3426 1521 3480 si
1557 3426 1788 3480 fortasse
1843 3426 1914 3480 ab
1961 3425 2076 3504 illis
2097 3425 2205 3480 sal-

627 3523 740 3573 tem
780 3518 848 3572 ad
880 3517 1154 3573 ﬂammam
1184 3517 1476 3588 imperium
1506 3518 1814 3572 Romanum
1843 3517 2201 3572 devorantem

626 3609 1109 3680 restinguendam'
1146 3610 1550 3674 adduceretur.
1609 3625 1772 3679 quam
1813 3613 1944 3681 {non
2017 3610 2202 3679 aliqua

559 3755 564 3758 .
627 3715 792 3758 causa
821 3701 1201 3772 legitima,sed
1230 3717 1396 3758 meras
1427 3702 1800 3773 sycophantiae
1827 3710 1884 3756 et
1931 3700 2204 3756 obtrecta-

629 3788 809 3845 tiones
854 3791 1262 3846 suscitassent:
1301 3790 1452 3862 quod
1504 3792 1624 3863 ipse
1671 3791 1988 3862 frequenter
2043 3791 2201 3846 irrito

627 3891 828 3938 conatu
857 3883 1175 3950 tentaverit,
1205 3898 1354 3950 cum,
1402 3883 1496 3953 qui
1537 3898 1685 3938 nunc
1715 3883 2084 3954 gubernacula
2127 3891 2204 3938 tc-

621 3982 818 4038 neant,
842 3973 1035 4043 legatis
1073 3973 1211 4028 nihil
1247 3975 1665 4044 respondentes,
1705 3973 2085 4029 crudelissime
2105 3988 2203 4028 eos

625 4063 923 4133 pulsarint,
970 4072 1027 4120 et
1054 4065 1203 4121 omni
1251 4067 1556 4136 petulantia
1609 4067 1664 4120 in
1710 4045 2200 4123 illos‘debacchati

626 4153 758 4217 sint,
807 4170 872 4210 ac
906 4166 1186 4225 postremo
1226 4157 1462 4213 vinculis
1505 4167 1562 4214 et
1601 4158 1809 4212 carceri
1853 4156 2199 4215 tradiderint.

628 4242 754 4300 Haec
780 4245 874 4300 ubi
913 4247 1170 4302 monachi
1203 4249 1349 4316 apud
1398 4250 1544 4304 Atho
1586 4250 1862 4319 legerunt,
1884 4249 1939 4304 in
1976 4249 2199 4315 talibus.

629 4343 691 4390 ut
720 4351 822 4406 pro
849 4339 1128 4393 communi
1157 4339 1356 4406 salute,
1387 4341 1593 4395 nullam
1623 4342 1729 4395 sibi
1767 4341 2076 4395 molestiam
2109 4356 2194 4396 re-

2303 3280 2387 3325 τις
2416 3263 2660 3334 βούλοιτο
2707 3262 3074 3334 νεωτερίζειν,
3115 3263 3182 3332 τῇ
3222 3261 3279 3315 δὲ
3329 3261 3569 3333 ἀληθείᾳ,
3599 3255 3818 3328 βασιλίδος

2305 3353 2485 3423 φύλαξ
2513 3353 2620 3406 ὑπὸ
2647 3356 2744 3421 τῆς
2778 3355 3106 3421 συνομοσίας
3135 3355 3494 3422 τεταγμένος,
3525 3353 3604 3406 ἵνα
3646 3349 3712 3420 μὴ
3743 3348 3819 3399 λα-

2305 3447 2473 3501 θοῦσα
2509 3447 2696 3518 πράξῃ
2725 3447 2833 3500 τῶν
2865 3445 2940 3518 μὴ
2969 3448 3113 3500 κατά
3135 3447 3368 3517 γνώμην
3394 3448 3556 3501 ὄντων
3575 3462 3622 3498 τι
3650 3444 3816 3503 αὐτοῖς.

2306 3539 2492 3592 Ταῦτα
2531 3539 2630 3608 μὲν
2656 3538 2748 3591 οὖν
2799 3536 3261 3609 Καντακουζηνοῦ
3287 3537 3386 3592 τοῦ
3429 3535 3676 3608 βασιλέως
3695 3532 3818 3586 Διδυ-

2309 3631 2544 3702 μοτι-,ίχῳ
2576 3631 3011 3702 ἐνδιατρίδοντος
3034 3630 3362 3699 ἐπράττετο.
3407 3629 3524 3700 Ὑφ’
3562 3629 3618 3682 ὃν
3651 3627 3698 3680 δι
3722 3622 3818 3696 χρό-

2304 3735 2394 3771 νον
2423 3718 2788 3788 Περιθεώριον
2837 3717 3172 3788 έπολιὲρκει,
3205 3720 3343 3790 πρὸς
3385 3720 3507 3782 τοὺς
3535 3721 3589 3771 ἐν
3613 3715 3739 3783 ’Ἄθῳ
3759 3710 3817 3779 τῷ

2303 3807 2422 3878 δρει
2447 3809 2554 3861 τῶν
2590 3808 2766 3862 ἀλλων
2789 3810 2958 3878 ἀρετῇ
3001 3809 3333 3879 προέχοντας
3369 3809 3578 3881 γράψας
3608 3805 3815 3877 privativ-

2305 3913 2434 3961 των,
2463 3897 2636 3950 ἐδεῖτο
2663 3899 2756 3949 καὶ
2782 3897 2986 3964 αὐτῶν,
3020 3899 3096 3968 μὴ
3123 3901 3393 3971 περιορᾲν
3422 3899 3482 3953 τδ
3499 3897 3601 3952 τῶν
3626 3910 3813 3968 χριστω·

2305 3987 2493 4055 νύμων
2525 3982 2664 4057 αἷμα
2716 3990 2978 4058 χεόμενον
3025 3990 3323 4060 ὁσημέραι,
3360 3989 3494 4046 ἀλλὰ
3534 3990 3678 4059 ζῆλον
3708 3985 3810 4053 ἀλη-

2305 4076 2455 4141 θείας
2495 4078 2962 4146 ύποδυσαμένους,
3015 4080 3152 4150 πρὸς
3213 4081 3507 4145 Βυζάντιον
3547 4077 3808 4150 ἀφικέσθαι.

2303 4171 2400 4222 καὶ
2426 4168 2668 4238 βασιλίδα
2695 4170 2903 4235 διδάξαι
2933 4169 3030 4240 τὴν
3053 4171 3162 4224 τῶν
3194 4173 3582 4244 πραττομένων
3604 4168 3806 4230 ἀτοπίονι

2304 4259 2359 4310 εἴ
2394 4276 2511 4321 πως
2563 4262 2862 4330 πειθομένη
2897 4262 3031 4330 γοῦν
3062 4263 3246 4326 αὐτοῖς
3284 4266 3385 4335 τὴν
3435 4263 3708 4334 νεμομένην
3734 4257 3806 4325 τὴν

2319 4348 2613 4420 Ῥωμαίων
2646 4353 2942 4421 ἠγεμονίαν
2969 4351 3144 4420 φλόγα
3167 4356 3504 4430 κατασϐέσῃ,
3534 4355 3586 4421 te
3608 4347 3806 4418 ὠδεμιᾶς

626 4426 926 4482 cusaudam
977 4439 1318 4485 censuerunt
1353 4449 1367 4484 :
1397 4441 1452 4486 ct
1491 4441 1682 4486 mutuo
1737 4449 1796 4487 se
1837 4445 2198 4499 exacuerunl,

2306 4442 2635 4506 προφάσεως
2671 4441 2928 4510 ἀληθοῦς,
2962 4442 3079 4495 ἀλλ’
3111 4443 3218 4495 ὑπὸ
3249 4426 3599 4515 συκοφαντίας
3620 4447 3698 4496 και
3721 4439 3805 4491 δια·

517 4549 526 4553 -
626 4519 900 4589 electique
933 4536 1002 4576 ex
1031 4523 1312 4586 omnibus,
1346 4524 1606 4594 princeps
1643 4524 1904 4584 lsaacius.
1931 4528 2018 4582 vir
2039 4543 2202 4583 vene-

630 4608 838 4676 rabilis,
873 4626 1194 4681 summaque
1223 4615 1517 4667 sanctitate
1570 4615 1855 4682 praeditus,
1900 4625 1955 4670 et
2004 4615 2200 4672 Lauras

629 4687 1249 4770 prafectus'Macarius,
1301 4714 1357 4760 et
1404 4703 1496 4759 alii
1531 4706 1792 4776 deinceps
1839 4711 2203 4765 manasterio-

631 4806 753 4844 rum
792 4791 860 4845 ad
907 4802 1146 4848 montem
1192 4795 1346 4850 illum
1394 4798 1670 4867 praepositi
1706 4815 1816 4854 non
1847 4801 2038 4870 pauci;
2072 4817 2201 4856 cum

633 4883 720 4937 hls
739 4882 906 4938 etiam
930 4884 1214 4952 Callistus,
1244 4889 1340 4957 qui
1366 4903 1554 4959 postea
1583 4891 2202 4963 Constantinopolitante

629 4974 890 5031 Ecclesia
923 4979 1349 5044 patriarchatum
1381 4982 1574 5052 gessit,
1596 4991 1654 5038 et
1695 4993 1808 5038 tum
1833 4986 2011 5041 adhuc
2041 4987 2097 5040 in
2117 5002 2203 5041 sa-

626 5067 944 5122 cerdotibus
982 5070 1408 5138 numerabatur;
1467 5071 1631 5145 462
1659 5083 1715 5128 et
1755 5074 1947 5140 Sabas,
2001 5077 2096 5146 qui
2144 5077 2202 5131 in

627 5154 924 5226 Batopedio
957 5165 1296 5216 monasterio
1350 5150 1620 5232 religiosa;
1659 5167 1784 5220 vitae
1831 5167 2070 5221 stadium
2108 5167 2204 5221 de-

627 5252 908 5313 currebat.
927 5251 1207 5322 multaque
1227 5263 1284 5308 et
1310 5256 1525 5325 egregia
1552 5271 1652 5326 pro
1675 5258 1880 5310 virtute
1902 5257 2202 5312 certamina

627 5345 984 5415 suscipiebat:
1008 5346 1566 5418 hi,inquam,delecti,
1582 5351 1897 5423 Byzantium
1912 5360 2200 5416 venerunt,

575 5463 579 5468 -
627 5449 866 5504 cumque
895 5435 1266 5506 imperatrice,
1307 5450 1363 5495 et
1392 5443 1724 5511 patriarcha,
1744 5443 2046 5511 conjuratis
2073 5443 2200 5496 item

625 5529 989 5596 praesentibus
1012 5532 1312 5601 congressi,
1332 5533 1399 5586 ita
1418 5535 1584 5588 locuti
1611 5545 1742 5587 sunt
1760 5551 1774 5587 :
1793 5534 1926 5588 Cum
1952 5549 2206 5588 cernere.

626 5634 768 5682 mus,
788 5622 1171 5686 calamitatem.
1197 5639 1317 5695 qua:
1333 5626 1609 5680 Romanos
1623 5627 1918 5694 oppressit.
1935 5623 2038 5678 ‘ctsi
2057 5625 2202 5694 quod

627 5709 890 5777 agebatur
906 5713 1182 5770 infandum
1206 5727 1263 5771 ct
1272 5718 1560 5786 plusquam
1581 5717 1868 5771 infandum
1887 5721 2200 5787 apparebat,

2303 4529 2466 4598 δολῆς
2506 4534 2900 4601 κεκινημένην.
2931 4535 3108 4588 Αὑτὸν
3146 4537 3257 4607 γὰρ
3288 4537 3692 4608 ἐπιχειρήσαντα
3712 4527 3804 4582 πολι

2301 4617 2458 4681 λάκις
2519 4621 2778 4690 ὴνυκέναι
2837 4623 2999 4679 πλέον
3051 4625 3229 4691 οὐδὲν,
3285 4628 3397 4681 τῶν
3445 4626 3542 4698 τὴν
3574 4618 3804 4692 Ῥωμαίων

2299 4713 2598 4781 ἠγεμονίαν
2642 4715 2769 4786 ἄρτι
2811 4717 3165 4773 διοικούντων
3223 4721 3362 4792 πρὸς
3415 4721 3513 4790 μὲν
3555 4720 3642 4789 τὴν
3678 4726 3802 4784 πρεσ-

2301 4801 2456 4854 ϐείαν
2489 4803 2660 4872 μηδὲν
2681 4806 3158 4878 ἀποκρινομένων,
3187 4812 3315 4874 τοὺς
3343 4811 3590 4882 πρέσδεις
3610 4808 3659 4862 δὲ
3680 4806 3799 4873 μόνον

2300 4891 2561 4962 ὼμότατα
2595 4896 2988 4966 αίκιζομένων,
3018 4901 3116 4954 καὶ
3151 4905 3335 4958 πᾶσαν
3365 4902 3636 4974 παροινίαν
3674 4894 3798 4950 Mer

2302 4999 2400 5035 κνυ
2410 4984 2588 5052 μένων
2618 4987 2755 5055 πρὸς
2784 4988 3008 5054 αὐτοὺς,
3034 4993 3130 5045 καὶ
3152 4992 3463 5047 τελευταῖον
3491 4993 3545 5045 ιν
3571 4991 3797 5056 δεσμωτφ

2305 5077 2443 5146 ρίοις
2491 5079 2834 5148 κατεχόντων
2875 5080 2983 5134 ὑπὸ
3009 5081 3230 5147 κλοιοῖς.
3269 5085 3336 5137 Ἀ
3373 5085 3423 5137 οί
3455 5085 3510 5136 έν
3541 5078 3672 5145 Ἄθῳ
3702 5077 3798 5127 ἀναν
3897 5065 3906 5080 ’

2301 5171 2542 5239 γνόντες,
2587 5176 2682 5225 καὶ
2737 5176 3130 5244 προσήκουσαν
3181 5178 3364 5242 αὐτοῖς
3415 5177 3510 5247 τὴν
3549 5173 3671 5237 ὑπὲρ
3717 5165 3797 5216 τῶν

2301 5261 2561 5315 τοιούτων
2591 5264 2831 5335 σπουδὴν
2861 5267 2958 5319 καὶ
2990 5267 3305 5339 προθυμίαν
3347 5267 3629 5338 οἰηθέντες.
3659 5251 3730 5312 οἷα
3749 5251 3795 5318 δὴ

2304 5353 2446 5421 ὑπὲρ
2478 5353 2572 5421 τῆς
2608 5355 2789 5424 κοινῆς
2837 5353 3104 5424 ὠφελείας
3154 5359 3440 5430 ἐσομένην,
3470 5357 3556 5410 καὶ
3599 5345 3796 5416 παραθή·

2303 5441 2494 5506 ξαντες
2525 5443 2810 5513 ἀλλήλους,
2844 5446 2909 5499 tu
2936 5446 3154 5501 πάντων
3180 5448 3209 5500 δ
3247 5462 3307 5501 τε
3347 5445 3548 5516 πρῶτος
3599 5431 3794 5497 ἐκλεῖέν⁴

2303 5550 2394 5596 τες
2436 5533 2624 5588 Ἰσαὰκ
2667 5537 2806 5607 ἀνὴρ
2836 5537 3018 5605 τίμιος
3063 5539 3159 5592 καὶ
3188 5539 3386 5610 ἀρετῆς
3427 5537 3502 5596 εις
3529 5532 3675 5597 ἀκρον
3698 5521 3791 5610 ml"

2303 5625 2509 5690 λακὼς,
2537 5629 2632 5680 καὶ
2654 5628 2682 5681 ὁ
2708 5629 2809 5698 τῆς
2842 5629 3068 5703 Δαύρσς
3093 5607 3388 5704 ἡγούμενος
3429 5628 3696 5693 Μακάριος,
3723 5607 3791 5664 καὶ

2307 5717 2480 5788 ἕτεροι
2511 5719 2616 5772 τῶν
2646 5724 2790 5775 κατά
2819 5723 2880 5776 τὸ
2909 5721 3034 5794 ὅρος
3086 5719 3506 5794 φροντιστηριων
3533 5706 3788 5787 ἡγουμέ.,ων
