4096 6300
325 327 430 393 901

1467 330 2014 391 HISTORIARUM
2056 331 2293 392 LIBER
2336 331 2453 394 Ill.

3480 319 3590 405 ma

323 440 428 492 οὐκ
456 438 632 508 ὁλίγοι
656 453 671 470 ·
701 435 798 494 σὺν
828 438 1038 503 τούτοις
1065 440 1124 494 δέ
1159 441 1254 494 καὶ
1279 441 1308 494 ὁ
1337 443 1514 513 χρόνῳ
1548 443 1776 513 ὕστερον
1806 443 1908 513 τῆς

2018 454 2202 498 tamen
2230 444 2358 514 quia
2386 447 2453 500 ad
2483 454 2687 501 tantam
2727 448 2838 502 vim
2887 451 3012 507 mali
3044 451 3420 523 depellendam
3454 459 3592 521 nihil

324 534 384 585 ἐν
412 534 989 588 Κωνσταντινουπόλει
1028 535 1356 604 Ἐκκλησίας
1385 537 1730 607 πατριάρχης
1755 551 1911 604 γεγο-

325 622 459 689 νὼς,
501 624 586 687 είς
629 625 719 676 τὸν
755 625 949 696 ίερέων
991 627 1073 680 ἐτι
1126 631 1252 681 τότε
1301 628 1458 697 χορὸν
1492 627 1664 681 τελῶν
1708 629 1912 682 Κάλλι-

329 730 479 778 στος,
511 715 608 768 καὶ
640 714 840 778 Σαϐάς,
877 715 933 780 ὃς
974 718 1116 788 πρὸς
1142 720 1209 787 τῇ
1242 718 1579 772 Βατοπεδίου
1635 722 1769 788 μονῇ
1815 717 1910 770 τὸν

328 808 634 876 ἀσκητικδν
671 807 803 878 ἤνυε
848 808 1072 878 δρόμον,
1119 811 1216 863 καὶ
1255 812 1484 874 πολλοὺς
1532 812 1676 879 ὑπὲρ
1707 813 1911 883 ἀρετῆς

331 900 432 950 καί
457 897 796 965 θαυμασίους
839 899 1155 968 ἐπεδείξατο
1197 902 1440 968 ἀγῶνας,
1485 904 1564 964 είς
1599 903 1910 966 ’Βυζάντιον

334 989 617 1058 ἀφίκοντο.
651 989 898 1044 Βασιλίδι
930 1008 990 1044 τε
1044 994 1457 1064 συγγενόμενοι,
1495 995 1589 1046 καὶ
1637 996 1908 1065 πατριάρ⁸

331 1099 435 1152 χου
488 1082 584 1134 καὶ
635 1082 744 1134 τῶν
816 1083 948 1152 περὶ
1004 1086 1170 1138 αὐτὸν
1226 1086 1540 1154 συνομοτῶν
1601 1086 1907 1156 παρόντων,

343 1173 558 1243 Ἡμεῖς,
581 1173 811 1242 ἔφασαν,
831 1174 931 1245 τὴν
953 1175 1653 1246 κατασχοῦσανῬωμαίους
1675 1176 1909 1246 ὁρῶντες

331 1267 646 1337 συμφορὰν,
679 1267 828 1321 δεινὰ
865 1268 960 1337 μὲν
1011 1268 1236 1339 ᾠόμεθα
1293 1271 1360 1323 τὰ
1403 1270 1776 1339 πραττόμενα,
1814 1269 1910 1321 καλ¹

329 1360 480 1430 πέρα
506 1359 719 1414 δεινῶν.
771 1360 938 1413 Οὐδὲν
973 1359 1029 1412 δὲ
1062 1361 1232 1413 πλέον
1277 1360 1415 1430 πρὸς
1445 1359 1769 1429 ἐπικουρίαν
1815 1359 1910 1412 καὶ

330 1449 657 1518 ἀποτροπὴν
683 1448 792 1502 τῶν
816 1449 1006 1502 δεινῶν
1028 1449 1317 1519 δυνάμενοι
1343 1449 1771 1519 συμϐάλλεσθαι,
1796 1449 1910 1501 τῶν

329 1539 510 1594 ἄλλων
544 1540 942 1610 ἀμελήσαντες,
976 1541 1116 1611 ὑπὲρ
1164 1539 1275 1594 τῶν
1326 1545 1481 1611 κοινῇ
1516 1541 1910 1612 συμφερόντων

329 1632 594 1702 ἐδεόμεθα
639 1632 797 1697 Θεοῦ,
854 1631 950 1686 τοῦ
1005 1632 1168 1698 μόνου
1208 1631 1405 1702 στῆσαι
1451 1632 1752 1702 δυναμένου
1809 1632 1910 1699 τᾲς

329 1725 796 1796 προσδοκωμένας
829 1726 1139 1796 συμφοράς.
1165 1726 1306 1781 Νυνὶ
1329 1727 1385 1779 δὲ
1413 1727 1474 1778 τὺ
1495 1725 1782 1796 διεστηκὸς
1797 1725 1909 1780 τῶν

333 1906 586 1976 εἰρήνην,
639 1908 733 1960 καὶ
765 1909 1007 1978 μάλιστα
1057 1909 1196 1979 ὅπερ
1251 1908 1478 1977 δόκησιν
1539 1912 1774 1980 παρεῖχε
1812 1910 1912 1982 τὴν

331 1997 520 2050 αἰτίαν
555 1998 928 2068 παρασχέσθαι
961 2000 1064 2069 τῆς
1107 2000 1395 2071 διαφορᾶς,
1425 2000 1523 2054 καὶ
1547 1996 1769 2072 Θεῷτῷ
1814 2002 1913 2072 τῆς

333 2087 563 2157 εἰρήνης
587 2087 808 2158 χορηγῷ
844 2087 1048 2152 πολλὰς
1073 2091 1309 2159 χάριτας
1335 2090 1789 2160 ὁμολογήσαντες,
1814 2090 1914 2144 καὶ

333 2177 516 2247 γῆρας
541 2179 636 2231 καὶ
670 2179 989 2250 σωματικὴν
1021 2179 1310 2234 ἀσθένειαν
1367 2180 1464 2234 καὶ
1495 2179 1621 2242 τοὺς
1649 2181 1784 2249 πρὸς
1812 2180 1912 2251 τὴν

331 2268 649 2339 ὁδοιπορίαν
693 2270 888 2334 πόνους
937 2271 1278 2341 παριδόντες,
1327 2271 1538 2341 ἥκομεν
1592 2271 1912 2340 δεησόμενοι

337 2362 436 2416 καὶ
465 2363 637 2432 ὑμῶν,
663 2363 916 2432 δέχεσθαι
961 2363 1060 2435 τὴν
1097 2365 1345 2435 εἰρήνην,
1394 2365 1489 2416 καὶ
1523 2366 1598 2434 μὴ
1638 2364 1728 2418 διὰ
1755 2364 1910 2434 φιλο-

335 2455 550 2509 νεικίαν
581 2456 680 2526 τὴν
723 2456 1017 2527 Ῥωμαίων
1046 2456 1352 2526 ἡγεμονίαν
1387 2455 1484 2510 νῦν
1513 2473 1571 2509 τε
1606 2456 1914 2527 διαφθειρο-

341 2545 515 2618 μένην
552 2549 832 2620 περιορᾷν,
881 2549 974 2602 καὶ
1029 2548 1110 2602 ἔτι
1143 2549 1420 2619 δεινότερα
1449 2547 1914 2620 προσδοκωμένην

338 2641 596 2710 πάσχειν,
629 2640 696 2694 ἂν
726 2641 803 2710 μὴ
837 2639 1046 2710 ταχέως
1074 2641 1103 2692 ὁ
1131 2641 1370 2710 πόλεμος
1401 2639 1910 2710 καταλυθῇ.”Ελεον

335 2729 433 2788 οὖν
458 2736 550 2787 καὶ
575 2733 730 2787 αὐτοὶ
762 2733 1018 2804 λαϐόντες
1053 2732 1162 2786 τῶν
1193 2732 1473 2803 ὁσημέραι
1523 2731 1802 2803 χεομένων
1827 2735 1914 2788 αἱ-

340 2826 547 2896 μάτων,
597 2826 692 2878 καὶ
747 2825 855 2878 τῶν
887 2824 1288 2895 δεσμωτηρίοις
1342 2827 1757 2895 κατεχομένων,
1804 2825 1911 2890 ,καὶ

335 2917 448 2970 τῶν
477 2916 874 2987 ἐλαυνομένων,
909 2917 1006 2972 καὶ
1037 2917 1320 2987 ἀνήκεστα
1354 2916 1680 2988 πασχόντων
1703 2916 1914 2989 ἀνθρώ-

337 3026 480 3074 πων,
515 3011 802 3080 κυρώσατε
834 3011 933 3081 τὴν
973 3011 1219 3082 εἰρήνην,
1264 3010 1361 3064 καὶ
1412 3010 1526 3064 τῶν
1571 3009 1783 3064 πολλῶν
1814 3009 1912 3064 καὶ

2013 535 2228 588 auxilii
2263 535 2464 590 offerre
2523 547 2870 604 poteramus,
2930 543 3162 613 reliquis
3228 547 3593 615 posthabitis,

2012 625 2148 688 Deo,
2185 625 2280 695 qui
2307 627 2462 680 solus
2495 621 3187 696 impendentes'aarumnas
3248 645 3412 704 atque
3435 637 3507 692 mi
3540 655 3598 693 e-

2013 721 2126 770 rlas
2171 733 2537 773 averruncare
2582 731 2785 789 potest,
2819 739 3165 782 communem
3215 732 3446 784 salutem
3514 733 3598 785 in-

2012 810 2503 881 columitatemque
2530 814 2807 881 supplices
2849 801 3392 877 commendabamus.
3437 824 3597 878 Nunc
3685 887 3688 892 _

2012 895 2140 964 quia
2193 896 2591 964 cognovimus,
2656 911 2996 971 segregatam
3045 906 3419 962 Romanorum
3472 927 3598 980 par-

2015 995 2148 1048 tem,
2169 1001 2292 1056 quae
2321 989 2640 1057 opinionem
2675 992 2954 1058 praebebat
2984 998 3220 1053 maxime
3250 999 3454 1071 incepti
3493 1005 3597 1056 lm-

2010 1079 2100 1148 ius
2130 1078 2367 1144 dissidii,
2407 1081 2558 1149 pacis
2603 1097 2722 1137 esse
2753 1085 3030 1154 cupidam,
3072 1089 3180 1143 Deo
3225 1093 3377 1158 pacis
3428 1095 3596 1160 largi-

2013 1176 2116 1230 tori
2137 1177 2477 1232 immortales
2496 1181 2696 1250 gratias
2719 1182 2932 1252 egimus
2957 1203 2969 1238 :
2993 1187 3249 1258 nullaque
3290 1195 3596 1247 senectutis

2013 1278 2068 1323 et
2099 1268 2529 1335 imbecillitatis,
2551 1288 2613 1326 ac
2644 1273 2894 1326 laborum
2931 1277 3146 1332 itinexis
3171 1283 3378 1335 ratione
3407 1284 3595 1350 ducta,

2007 1363 2068 1410 et
2093 1371 2190 1411 vos
2229 1358 2474 1427 rogaturi
2527 1357 2868 1424 advenimus,
2920 1371 2978 1414 ut
3030 1379 3218 1433 pacem
3266 1369 3599 1438 complecta-

2011 1449 2172 1514 ntini,
2225 1464 2294 1504 ne
2330 1452 2399 1504 ob
2444 1450 2763 1505 discordias
2788 1462 2998 1508 vestras
3027 1466 3084 1509 et
3128 1471 3278 1513 nunc
3326 1461 3598 1516 laceretur

2013 1539 2660 1610 Romanumimperium,
2719 1553 2774 1597 et
2825 1544 2927 1598 nisi
2963 1546 3138 1614 primo
3190 1565 3407 1619 quoque
3455 1563 3564 1608 tem

2008 1645 2146 1700 pore
2180 1630 2386 1685 bellum
2422 1631 2756 1696 inhibeatur,
2789 1637 3058 1692 atrociora
3084 1639 3365 1696 formide'.
3397 1645 3600 1708 Quam-

2011 1721 2202 1777 obrem
2239 1732 2295 1776 et
2343 1738 2440 1777 vos
2472 1724 2565 1794 qui
2621 1725 2676 1778 in
2705 1727 2824 1780 dies
2876 1726 3128 1783 funditur
3165 1737 3512 1803 sanguinem,
3539 1747 3595 1790 et

233 1814 244 1818 ’
345 1815 633 1886 Ῥωμαίων
667 1817 866 1882 ίδόντες
905 1817 1074 1888 μέρος
1105 1818 1357 1886 ἀσμένως
1400 1817 1612 1890 χωροῦν
1642 1820 1780 1890 πρὸς
1811 1817 1910 1890 τὴν

2016 1811 2069 1866 in
2101 1827 2377 1868 carcerem
2407 1824 2743 1884 compactos,
2779 1827 2944 1888 atque
2987 1820 3040 1873 in
3110 1824 3365 1877 exsilium
3418 1827 3602 1896 proje-

2014 1912 2158 1969 ctos,
2185 1905 2560 1961 etsaavissime
2587 1907 2875 1964 amictatos
2901 1911 3175 1978 miserati,
3203 1931 3393 1985 pacem
3427 1928 3596 1972 ratam

2013 1994 2290 2063 conlicite,
2323 1998 2711 2069 Romanosque
2750 2001 2941 2056 multis
2967 2018 3030 2056 ac
3067 2005 3321 2062 nefandis
3348 2009 3599 2068 cladibus

2014 2087 2264 2150 eximite,
2295 2097 2356 2142 ut
2411 2097 2466 2143 et
2525 2089 2669 2145 Deus
2697 2092 2854 2160 pacis
2892 2093 3126 2149 donator
3156 2098 3483 2165 celebretur,
3543 2111 3600 2157 et

2015 2179 2360 2249 impcratrix,
2401 2195 2465 2236 ac
2508 2183 2843 2252 patriarcha,
2895 2195 2950 2240 et
3000 2202 3096 2243 vos
3141 2200 3386 2252 senatus,
3417 2208 3529 2246 non
3564 2207 3595 2248 a

2015 2270 2281 2325 Romanis
2305 2272 2467 2327 modo
2502 2275 2730 2343 passim,
2769 2275 2864 2330 sed
2909 2279 3075 2350 etiam
3115 2295 3144 2333 a
3177 2281 3337 2335 nobis
3371 2282 3598 2340 humili-

2015 2357 2137 2425 bus,
2190 2370 2418 2430 propter
2454 2361 2776 2418 facilitatem
2808 2364 2864 2418 in
2906 2367 3070 2422 rebus
3102 2369 3367 2433 honestis,
3403 2379 3459 2424 et
3489 2373 3598 2426 sol-

2014 2455 2358 2511 licitudinem
2390 2457 2674 2514 hominum
2728 2461 3032 2517 insontium
3077 2463 3183 2518 hoc
3214 2463 3362 2518 bello
3391 2463 3595 2532 ubique

2015 2547 2393 2616 pereuntium,
2421 2549 2603 2620 dignis
2637 2551 2942 2621 gratiarum
2969 2555 3284 2610 actionibus
3307 2554 3594 2608 collaude—

2015 2639 2179 2694 mini.
2217 2639 2343 2695 Rrec
2365 2642 2544 2696 oratio
2581 2645 2838 2714 Augusta:
2877 2659 2985 2700 non
3029 2646 3280 2713 molesta,
3312 2645 3407 2700 sed
3443 2655 3595 2714 grata

2014 2731 2223 2799 potius,
2266 2739 2322 2783 et
2355 2729 2423 2784 ab
2451 2731 2572 2800 ejus
2616 2743 2798 2788 mente
2824 2733 2968 2788 haud
3003 2736 3179 2790 aliena
3208 2735 3428 2790 accidit.
3456 2735 3594 2789 Nam

2015 2834 2140 2874 cum
2169 2819 2560 2890 patriarcham,
2603 2832 2947 2897 czeterosque
2977 2829 3144 2882 sciret
3191 2843 3314 2883 esse
3368 2827 3599 2882 vaferri-

2015 2926 2138 2966 mos
2189 2927 2255 2967 ac
2283 2912 2848 2982 fraudulentissimos,
2889 2917 3167 2985 studebat,
3198 2917 3244 2974 si
3293 2934 3403 2989 quo
3433 2918 3598 2973 modo

2017 3010 2223 3072 posset,
2259 3003 2406 3060 bello
2455 3005 2745 3072 dissoluto,
2797 3022 2921 3062 cum
2973 3011 3358 3065 Cantacuzeno
3407 3023 3596 3080 pacem

333 3101 592 3172 χαλεπῶν
641 3101 902 3157 κινδύνων
945 3102 1290 3168 ἀπαλλάξαιτε
1330 3100 1637 3170 Ῥωμαίους
1662 3115 1679 3132 ·
1721 3100 1795 3164 ὡς
1845 3100 1912 3155 ἂν

2017 3101 2074 3146 et
2101 3093 2282 3149 {cadus
2325 3095 2684 3150 constituere.
2740 3098 3024 3168 Beligione
3077 3110 3260 3153 autem
3289 3097 3596 3170 juramcnti

334 3193 471 3257 Θεός
504 3211 562 3247 τε
593 3198 620 3246 ὁ
655 3197 759 3266 τῆς
808 3195 1034 3266 εἰρήνης
1065 3193 1302 3266 χορηγὸς
1342 3193 1598 3264 δοξασθῇ,
1633 3193 1727 3247 καὶ
1758 3191 1914 3263 βασι-

2021 3186 2308 3256 impedita,
2363 3201 2471 3256 qua
2504 3201 2606 3256 per
2633 3187 2821 3242 dolum
2866 3189 2934 3242 ab
2963 3189 3076 3244 illis
3102 3190 3340 3260 obligata
3389 3191 3590 3254 fuerat,

331 3283 423 3347 λίς
465 3301 527 3336 τε
571 3285 664 3338 καὶ
704 3286 1074 3356 πατριάρχης,
1105 3285 1203 3338 καὶ
1251 3283 1414 3355 ὑμεῖς
1451 3284 1487 3354 ή
1520 3282 1822 3354 σύγκλητος
1847 3283 1911 3336 οὐ

2020 3287 2086 3333 ut
2105 3291 2326 3347 nempe,
2363 3278 2474 3332 nisi
2511 3277 2772 3333 omnibus
2819 3280 3128 3350 expetenda
3150 3295 3256 3350 pax
3289 3279 3596 3347 videretur,

338 3377 494 3448 παρὰ
521 3378 741 3431 πάντων
775 3377 938 3448 μόνον
978 3375 1290 3447 Ῥωμαίων,
1322 3374 1459 3430 ἀλλὰ
1493 3375 1586 3429 καὶ
1616 3375 1775 3446 ήμῶν
1802 3373 1914 3427 τῶν

2022 3387 2128 3428 nec
2159 3373 2280 3442 ipsa
2318 3386 2437 3426 eam
2471 3373 2733 3440 sanciret,
2761 3373 2984 3429 concilii
3029 3374 3360 3430 sententiam
3405 3387 3599 3428 neces-

334 3468 610 3521 ταπεινῶν
639 3467 796 3532 ἀξίας
861 3466 1165 3538 κομίζησθε
1219 3465 1572 3536 εὐχαριστίας
1611 3464 1713 3534 τῆς
1778 3479 1914 3535 προ-

2024 3463 2176 3520 sario
2201 3463 2579 3535 exspectabat.

337 3567 543 3636 θυμίας
606 3565 709 3636 τῆς
794 3567 924 3636 περὶ
975 3566 1044 3618 τὰ
1099 3565 1265 3630 καλά,
1306 3561 1532 3633 καὶτῆς
1577 3561 1906 3633 κηδεμονίας
1954 3561 2065 3615 τῶν
2099 3561 2189 3617 διὰ
2248 3562 2341 3616 τὸν
2429 3561 2671 3633 πόλεμον
2745 3562 3059 3633 ἅπανταχοῦ
3120 3558 3604 3633 διαφθειρομένων“

335 3659 643 3724 ἀνθρώπων
693 3656 973 3712 ἀναιτίων.
1022 3657 1165 3729 Πρὸς
1189 3654 1363 3710 ταῦτα
1397 3654 1610 3727 βασιλὶς
1657 3656 1756 3726 μὲν
1801 3653 1953 3709 οὐδὲν
1983 3655 2193 3725 ἔπασχε
2220 3654 2420 3724 δεινὸν,
2450 3653 2590 3710 ἀλλὰ
2615 3654 2712 3710 καὶ
2740 3655 2883 3710 κατὰ
2906 3654 3130 3724 γνώμην
3152 3653 3289 3726 ᾢετο
3340 3654 3598 3724 εἰρῆσθαι

336 3757 478 3826 αὐτῇ
511 3756 638 3819 τοὺς
670 3756 887 3825 λόγους.
951 3751 1160 3823 Πολλὴν
1189 3753 1300 3822 γὰρ
1345 3750 1690 3821 πατριάρχου
1737 3747 1967 3804 καὶτῶν
1996 3747 2174 3804 ἄλλων
2220 3748 2561 3819 πανουργίαν
2592 3750 2688 3801 καὶ
2723 3749 2943 3818 ἀπάτην
2979 3749 3345 3816 καταγνοῦσα,
3389 3746 3590 3800 ἔσπευ-

335 3857 449 3923 δεν,
481 3859 532 3911 εί
577 3855 797 3910 δύναιτο
855 3853 1043 3926 τρόπῳ
1103 3851 1166 3922 δή
1232 3867 1340 3904 τινι
1372 3851 1468 3905 τὸν
1529 3850 1770 3921 πόλεμον
1817 3848 2201 3914 καταλύσασα,
2259 3849 2493 3910 σπονδὰς
2557 3848 2697 3917 πρὸς
2741 3845 2967 3916 βασιλέα
3013 3845 3106 3897 τὸν
3149 3841 3599 3910 Καντακουζηνὸν

341 3952 532 4007 θέσθαι
601 3951 727 4022 περὶ
790 3948 1038 4018 εἰρήνης.
1100 3943 1414 4016 Είργομένη
1480 3942 1536 3995 δέ
1589 3942 1695 3994 ὑπὸ
1755 3941 1866 3994 τῶν
1901 3941 2086 4011 δρκων
2123 3935 2207 4004 οἷς
2245 3940 2533 4008 ὑπήγαγον
2592 3937 3061 4006 ἐξαπατήσαντες.
3091 3933 3165 3996 ὠς
3201 3933 3250 3984 εί
3311 3932 3386 4002 μὴ
3429 3935 3597 3988 πᾶσιν

339 4045 562 4116 αἱρετέα
600 4043 689 4112 εἴη
719 4044 755 4114 ή
801 4041 1017 4113 εἰρήνη,
1052 4038 1178 4112 μηδ’
1226 4035 1397 4106 αὐτὴν
1448 4032 1898 4104 ἐπιψηφίζεσθαι,
1948 4033 2048 4104 τὴν
2089 4035 2153 4087 ἐκ
2189 4032 2291 4102 τῆς
2341 4029 2537 4100 βουλῆς
2565 4027 2744 4098 ψῆφον
2771 4026 3090 4096 ἀναγκαίως
3128 4024 3442 4096 περιέμενε.

1632 4200 1794 4274 533
1835 4197 2064 4256 CAPUT
2100 4197 2320 4256 xxxv.

342 4367 666 4426 Patriarcha
697 4371 747 4420 et
776 4363 904 4418 socii
937 4360 1212 4416 monachis
1242 4359 1578 4429 irascuntur.
1607 4353 1879 4429 Quomodo
1909 4371 1995 4429 eos
2020 4353 2090 4408 ad
2121 4349 2442 4429 discordiam
2473 4345 2710 4429 redigam
2737 4344 3035 4429 laborarint
3065 4352 3114 4398 et
3141 4359 3274 4429 agas
3300 4344 3361 4396 ob
3377 4359 3597 4429 faueas.

413 4413 1381 4506 13533436353;ni"’earcergm
1431 4413 1948 4506 conclusiszull‘luntit:
1991 4441 2022 4477 a
2073 4413 3601 4506 protostratore‘remensi:impacatozem”Thessalonicam

415 4485 981 4562 ῖοῖἆνιέωίῗένιίίιίίεοτίί
1015 4500 1341 4572 Oppugnatio
1386 4507 1434 4572 et
1467 4498 1664 4572 quibus
1695 4497 1884 4572 ibidem
1902 4493 1978 4572 _de
1999 4485 2158 4572 mare
2207 4490 2412 4572 probris
2461 4488 2734 4572 lacessitus
2787 4486 2965 4572 fuerit:
3007 4486 3276 4572 Quomodo
3314 4485 3598 4572 tutantes

413 4555 1253 4632 conciliatoribusremuneratus
1276 4569 1364 4621 sit.
1396 4555 1664 4634 Oppidani
1708 4580 1764 4616 se
1811 4563 2032 4634 degunt,
2073 4555 2414 4634 _et_éonsilio_
2468 4556 2714 4612 malevoli
2771 4555 3052 4626 cujusdam
3102 4571 3166 4608 ex
3217 4556 3596 4625 imperatoriis,

413 4629 730 4702 deditionem
763 4652 884 4698 astu
911 4641 1143 4712 quodam
1174 4629 1492 4692 retractant.
1527 4633 1831 4703 Imperator
1869 4629 2296 4685 Thessalonicam
2329 4630 2464 4682 abit.

416 4830 768 4902 Πατριάρχης
795 4828 852 4882 δέ
880 4826 977 4880 καί⁷
1005 4826 1040 4894 ή
1068 4822 1367 4894 συνομοσία
1421 4822 1480 4874 ἐν
1504 4820 1664 4890 δεινῷ
1689 4819 1914 4889 μάλιστα

2099 4819 2170 4875 At
2199 4817 2513 4889 patriarcha
2565 4826 2620 4873 et
2648 4815 2918 4889 coniurati
2972 4817 3372 4874 monachorum
3413 4818 3600 4887 dictis,

341 4927 586 4982 ἐτιθεντο
620 4926 690 4976 τὰ
723 4919 1016 4990 εἰρημένα,
1067 4916 1165 4968 καὶ
1212 4915 1304 4968 τὸν
1339 4913 1570 4983 ἔσχατον
1614 4911 1787 4983 ᾤοντο
1809 4909 1930 4964 κίν-

344 5019 510 5074 δυνον
539 5013 726 5076 αὐτοῖς
755 5010 1011 5078 ἐπάγειν.
1043 5004 1350 5077 Προφανῶς
1383 5004 1484 5076 μὲν
1533 4999 1630 5057 οὖν
1658 5001 1795 5073 πρὸς
1827 4999 1926 5071 τήν

345 5111 574 5181 εἰρήνην
620 5103 931 5171 ἀντιλέγειν
978 5099 1082 5153 οὐκ
1132 5097 1330 5168 ἰταμὸν
1375 5097 1560 5167 μόνον,
1629 5093 1768 5148 ἀλλὰ
1819 5093 1916 5147 καὶ

343 5199 756 5270 φιλομόχθηρον
809 5193 1010 5250 ἐδόκει.
1082 5189 1419 5258 Ἐσκέψαντο
1476 5187 1533 5241 δὲ
1586 5187 1637 5240 εί
1667 5185 1923 5239 δύναιτνο

339 5295 534 5367 τρόπῳ
585 5292 651 5364 δή
681 5308 791 5346 τινι
817 5289 998 5359 ἐτέριρ
1042 5286 1155 5340 τῶν
1208 5282 1462 5354 μοναχῶν
1515 5281 1616 5352 τὴν
1663 5279 1922 5350 ὁμόνοιαν

341 5384 648 5454 πειρᾶσθαι
681 5381 948 5436 διαλύειν.
978 5379 1092 5433 Καὶ
1118 5377 1241 5431 τότε
1272 5374 1372 5444 μὶν
1407 5373 1795 5433 ἐπαινέσαντες
1823 5367 1924 5439 τὴν

343 5476 492 5547 ὑπὲρ
519 5473 616 5529 τοῦ
646 5473 828 5528 κοινοῦ
861 5470 1129 5542 σπουδήν,
1157 5467 1416 5522 ἐκέλευον
1439 5462 1763 5531 ἁναπαύλης
1780 5461 1926 5526 τινὸς

341 5567 662 5638 τυγχάνειν,
696 5566 791 5618 τὸν
825 5566 889 5617 ἐκ
914 5563 1014 5634 τῆς
1041 5559 1360 5630 ὁδοιπορίας
1401 5556 1566 5611 πόνον
1597 5551 1925 5620 ἀποτιθεμέ-

339 5677 491 5725 νους.
529 5659 801 5727 ’Ὕστερον
831 5656 890 5710 δέ
925 5653 1326 5726 ἐπηγγέλλοντο
1366 5647 1747 5718 σκεψαμένους
1796 5645 1928 5715 περὶ

343 5747 422 5811 ὧν
442 5754 644 5826 ήκουσι
679 5750 782 5822 τήν
813 5748 1116 5818 ἀπολογίαν
1147 5743 1482 5816 παρασχεῖν,
1531 5735 1836 5806 ξενίζεσθαι
1865 5735 1922 5791 δέ

2027 4911 2230 4982 quibus
2277 4911 2384 4967 sibi
2414 4910 2643 4967 exitium
2680 4909 2865 4981 parari
2921 4909 3222 4975 ducebant,
3273 4909 3599 4980 gravissime

2025 5001 2243 5068 ofensi,
2273 5017 2461 5073 pacem
2525 5002 2818 5058 manifeste
2846 5002 3141 5071 repudiare
3165 5016 3275 5056 non
3303 5000 3598 5069 audebant,

2024 5108 2098 5149 ne
2124 5108 2238 5148 non
2269 5093 2620 5164 impudentes
2653 5093 2842 5158 modo,
2877 5091 2973 5146 sed
3003 5092 3169 5146 etiam
3204 5091 3272 5146 de
3323 5090 3599 5148 industria

2027 5184 2264 5256 improbi
2299 5185 2642 5240 viderentur.
2701 5183 3236 5253 Circumspiciebam
3288 5191 3495 5248 autem,
3550 5185 3598 5240 si

2029 5294 2138 5351 qua
2172 5279 2260 5333 via
2291 5277 2614 5333 eorumdem
2669 5276 3018 5331 concordiam
3054 5275 3318 5330 dirimere
3348 5284 3597 5345 possent.

2026 5372 2106 5427 Ac
2137 5380 2270 5426 tunc
2299 5369 2520 5439 quidem
2572 5367 2793 5422 laudato
2837 5382 3029 5422 eorum
3086 5366 3270 5421 ofﬁcio
3302 5380 3402 5436 pro
3432 5381 3600 5436 repu-

2026 5462 2194 5526 blica,
2223 5470 2280 5516 ut
2310 5459 2486 5516 fessos
2517 5458 2586 5512 de
2618 5459 2840 5527 itinere,
2867 5457 3208 5527 aliquantum
3243 5460 3600 5527 requiescere

2017 5554 2330 5625 jusserunt,
2392 5550 2800 5620 promittentes,
2833 5558 3022 5617 postea
3070 5562 3130 5601 se
3159 5547 3376 5600 visuros
3400 5584 3416 5608 ,
3465 5545 3600 5616 quid

2022 5644 2106 5697 eis
2131 5641 2386 5712 responsi
2415 5640 2630 5696 darent.
2663 5639 2946 5694 Divertere
2988 5651 3155 5707 porro
3187 5651 3378 5692 omnes
3403 5637 3598 5693 eodem

2027 5751 2136 5792 non
2171 5735 2440 5801 sinentes,
2499 5733 2664 5788 alium
2698 5730 2828 5788 alibi
2869 5728 3235 5799 collocabant,
3304 5741 3361 5785 ut
3408 5743 3604 5802 quem-
