4096 6300
585 3624 697 3694 jam
731 3631 900 3688 esset,
931 3625 1143 3678 nullum
1172 3638 1292 3682 erat
1332 3629 1406 3682 ibi
1459 3640 1566 3684 tam
1602 3632 1784 3686 nobile
1836 3636 2166 3690 crudelitate

601 322 710 388 933
1787 320 2117 382 JOANNIS
2151 322 2680 383 CAN'l‘ACUZE-NI
3740 339 3828 398 9,,

602 437 899 492 atmodum
929 435 1276 507 corporibus,
1307 435 1386 490 sic
1421 434 1623 489 animis
1637 449 1856 503 quoque
1876 435 2160 503 promissis

2291 436 2388 488 οὐκ
2419 439 2610 490 εἴασαν
2643 439 2733 490 ἐπὶ
2776 441 2998 508 ταυτὸν,
3031 441 3146 495 ἀλλ’
3183 442 3337 495 ἄλλον
3375 444 3567 498 ἄλλοσε
3619 447 3830 505 διέσπει-

600 539 656 583 et
727 529 1007 582 blanditiis
1090 542 1335 581 seorsum
1418 527 1802 594 unusquisque
1892 534 2161 596 corruptu:

2289 546 2392 598 ραν
2421 548 2432 558 ·
2470 530 2543 592 ὡς
2597 531 2662 582 ἂν
2692 535 2756 601 τῇ
2790 533 3076 587 διαστάσει
3122 536 3231 588 τῶν
3273 537 3548 604 σωμάτων
3607 541 3694 592 καὶ
3734 547 3832 599 ταῖς

602 631 1013 690 separarentur.
1055 619 1283 674 Fluebat
1339 619 1510 689 igitur
1564 626 1804 686 tempus,
1842 625 1899 671 et
1931 617 2077 671 dicta
2125 617 2161 670 it

2287 619 2536 689 γνώμαις
2564 622 2888 686 διαστῶσιν,
2927 626 3258 692 ὑποσχέσεσι
3284 629 3379 680 καὶ
3408 629 3586 695 λόγοις
3622 631 3832 701 ἰδίᾳὲκαο

603 726 797 766 ventus
851 719 1213 775 recesserant,
1274 724 1460 777 neque
1516 711 1956 764 monachicum:
2001 720 2159 764 erant

2287 729 2414 773 στος
2441 713 2862 784 διαφθαρέντες.
2895 717 3177 787 Ἑτρίΰετο
3212 723 3311 788 μὲν
3341 717 3437 773 οὖν
3464 722 3491 772 ὁ
3531 722 3727 790 χρόνος,
3756 726 3833 777 καὶ

601 803 702 868 Qui
725 810 1036 865 cernentes,
1054 817 1150 856 eos
1180 802 1324 856 bello
1376 817 1540 871 quam
1571 816 1704 870 pace
1729 802 1966 870 gaudere
1986 803 2158 870 magis

2283 803 2510 874 οὐδεμία
2543 805 2652 857 τῶν
2683 808 2996 875 εἰρημένων
3034 805 3098 878 ἦν
3131 813 3354 880 φροντὶς
3382 854 3396 875 ,
3432 814 3558 866 οὐδὲ
3585 833 3662 876 τις
3700 815 3830 883 λόγος

601 909 728 948 enm
755 894 916 947 toties
951 908 1118 962 super
1150 907 1214 946 ea
1252 893 1449 964 rogati,
1483 892 1550 946 ad
1585 894 1846 948 obtentus
1911 897 2161 962 quosdan

2285 893 2498 960 ἐγίνετο
2539 895 2649 946 τῶν
2681 898 2952 966 μονσχιῖιν.
3001 899 3234 952 Ἐκεῖνοι
3265 901 3320 953 δὲ
3351 901 3592 968 ὁρῶντες
3621 902 3691 966 ὡς
3720 907 3830 972 μᾶλ-

605 993 660 1036 et
714 998 912 1037 causas
963 982 1379 1037 commentitias
1430 981 1828 1051 confugerent,
1868 981 2155 1035 revertend

2287 985 2378 1038 λον
2411 986 2596 1049 αὐτοῖς
2631 989 2878 1056 αἱρετέος
2933 992 3082 1043 ἐστὶν
3123 996 3150 1044 ὁ
3205 994 3472 1062 πόλεμος,
3526 996 3558 1065 ἢ
3589 999 3618 1066 ἡ
3645 1001 3827 1068 εἰρήνη,

603 1083 926 1142 ροιεειιιιειι)
953 1073 1289 1142 petiverunt.
1323 1073 1393 1128 At
1423 1075 1546 1128 istis
1584 1089 1685 1128 nec
1730 1075 1832 1128 hoc
1867 1074 2161 1128 conducert

2286 1077 2428 1145 μετὰ
2471 1079 2531 1128 τὸ
2579 1079 2750 1131 πολλὰ
2797 1080 3058 1148 δεηθῆναι
3112 1085 3242 1154 περὶ
3288 1088 3482 1155 αὑτῆς.
3544 1089 3664 1139 ἐπεὶ
3715 1090 3829 1160 πρὸς

601 1168 778 1218 visum
819 1174 925 1229 est,
956 1176 1016 1218 ut
1046 1164 1276 1235 digressi
1319 1166 1576 1219 monachi
1604 1167 1754 1235 ipsos
1801 1164 1950 1228 belli,
1983 1163 2161 1220 Canta

2286 1168 2523 1236 σκήψεις
2591 1172 2687 1222 καὶ
2730 1173 3055 1240 προφάσεις,
3102 1179 3195 1227 καὶ
3255 1176 3414 1227 οὐδὲν
3471 1178 3622 1246 ὑγιὲς
3670 1182 3830 1251 ἐώρων

597 1270 867 1309 cuzenum
920 1257 1072 1325 pacis
1165 1266 1446 1310 auctorem
1504 1258 1890 1326 przedicarenl,
1937 1256 2161 1310 testimo-

2283 1261 2760 1327 καταφεύγοντας,
2819 1265 2918 1334 τὴν
2978 1267 3240 1320 ἐπάνοδον
3289 1270 3564 1338 ,ᾑτοῦντω
3625 1274 3737 1336 Τοῖς
3783 1275 3828 1326 δὲ

598 1350 860 1419 ninmque
890 1349 1122 1414 ferrent,
1182 1350 1336 1402 illum
1395 1350 1624 1418 justitiae
1699 1359 2068 1404 consentanea
2125 1364 2154 1402 e

2281 1351 2400 1402 οὐδὲ
2432 1353 2590 1405 τοῦτο
2627 1352 3156 1421 λυσιτε).εῖν.ἐδόκει,
3189 1360 3331 1412 ὥστε
3366 1363 3703 1427 ἀπελθόντας
3725 1367 3827 1429 τοὺς

597 1441 943 1497 universitati
973 1441 1250 1497 fructuosa
1285 1441 1586 1510 postulare.
1622 1441 1743 1496 Non
1776 1444 1921 1496 enim
1951 1442 2161 1510 quibus

2284 1445 2572 1511 μοναχοὺς,
2599 1446 2789 1509 αὐτοῖς
2825 1449 2921 1515 μὲν
2943 1450 3257 1504 ἀνατιθέναι
3289 1455 3390 1522 τὴν
3421 1457 3606 1508 αἰτίαν
3635 1455 3719 1508 τοῦ
3747 1473 3826 1508 πο-

594 1539 722 1592 dam
806 1538 1024 1592 levibus
1096 1537 1424 1592 ratiunculis
1492 1552 1690 1592 usuros
1763 1537 2161 1591 arbitrabantur

2283 1533 2475 1602 λέμου,
2521 1537 2973 1610 Καντακουζηνῷ
3029 1542 3084 1594 δὲ
3138 1542 3214 1612 τῷ
3275 1545 3499 1613 βασιλεῖ
3562 1547 3620 1599 τὸ
3652 1547 3824 1616 μᾶλλον

594 1629 797 1698 quibus
862 1629 1102 1698 populos
1158 1629 1551 1697 perturbarent
1587 1671 1603 1695 ,
1665 1640 1832 1698 atque
1891 1629 1958 1682 ad
2027 1642 2161 1683 arm:

2280 1626 2558 1696 αἱρεῖσθαι
2619 1630 2718 1698 τὴν
2783 1631 3031 1702 εἰρήνην,
3097 1638 3190 1686 κ;.“ι
3247 1636 3442 1691 δίκαια
3498 1638 3590 1691 καὶ
3651 1641 3827 1709 συμφέ-

594 1719 1002 1784 incenderent,
1062 1735 1189 1774 cum
1259 1721 1362 1789 ipsi
1409 1736 1478 1774 ex
1547 1721 1801 1775 instituto
1861 1720 2161 1774 blateronet

2285 1735 2444 1786 povu
2483 1721 2597 1782 τοῖς
2631 1726 2795 1774 πᾶσιν
2821 1724 3008 1787 ἀξιοῦν
3064 1731 3513 1798 συμμαρτυρεῖν.
3565 1729 3690 1782 Οὐδὲ
3737 1729 3824 1801 γὰρ

594 1805 861 1880 Quosdam
917 1812 1254 1866 subornatos
1286 1827 1386 1881 per
1429 1813 1631 1883 oppida
1684 1812 2041 1894 dimisissent,
2080 1815 2161 1882 qu

2288 1811 2486 1881 μέτριά
2539 1830 2660 1868 τινα
2713 1817 3126 1888 προστήσεσθαι
3185 1821 3374 1882 αὐτοῖς
3439 1819 3683 1890 ἐνόμιζον
3712 1824 3828 1890 πρὸς

592 1902 1027 1970 proclamarent,
1059 1900 1509 1956 Cantaeuzenum
1569 1904 1638 1957 ab
1690 1903 1978 1957 auditione
2028 1904 2161 1972 paci:

2282 1902 2341 1953 τὸ
2371 1903 2495 1965 τοὺς
2524 1904 2732 1974 δήμους
2764 1910 3150 1978 ἐκταράττειν,
3209 1915 3300 1963 καὶ
3331 1913 3426 1966 τδν
3475 1913 3701 1982 πόλεμον
3752 1932 3817 1968 κιο

595 1990 918 2055 abhorrere,
949 2000 1004 2045 et
1033 1990 1240 2044 minari
1273 2005 1331 2045 se
1363 1993 1533 2045 relata
1573 1990 1806 2045 victoria
1835 1991 2180 2060 imperatoris

593 2081 806 2135 liberos
846 2082 1124 2136 facturum
1168 2083 1431 2137 mortales
1458 2081 1821 2149 miserrimos,
1842 2098 1906 2137 ac
1923 2098 2180 2153 peraeque

597 2175 761 2240 alios,
785 2184 1058 2244 quotquot
1091 2189 1281 2229 amore
1311 2175 1537 2245 iustitiae
1570 2190 1671 2245 pro
1726 2175 1858 2244 ipsis
1889 2185 2079 2230 contra
2122 2191 2181 2230 se

592 2267 981 2338 pugnaverint.
1014 2266 1326 2321 Incitabant
1351 2265 1518 2335 igitur
1546 2265 1802 2335 populos,
1843 2274 1905 2318 ut
1940 2265 2176 2320 liliorum

592 2357 944 2427 imperatoris
981 2358 1093 2428 jam
1144 2358 1520 2427 orphanorum
1573 2359 1746 2412 vicem
1799 2357 2070 2423 dolentes,
2107 2358 2177 2413 ab

590 2464 785 2504 eorum
814 2449 1089 2518 capitibus
1115 2449 1354 2504 hominis
1377 2445 1611 2518 injurias
1651 2449 2060 2518 propulsarent.
2093 2448 2178 2507 Ob

595 2543 701 2597 hoc
763 2542 954 2611 itaque
1039 2542 1608 2605 commentabantur,
1683 2541 1962 2610 quomodo
2028 2541 2176 2596 inter

590 2631 889 2685 monachus
968 2631 1118 2686 litem
1196 2639 1254 2685 et
1307 2631 1704 2685 dissensionem
1770 2625 2040 2685 Sererent.
2094 2632 2175 2686 Ac

589 2720 890 2776 Maearium
934 2722 1156 2790 quidem
1194 2721 1402 2776 Laurus
1453 2721 1806 2791 praefectum,
1863 2723 2175 2793 metropoli-

537 2879 543 2884 γ
591 2821 700 2867 tam
735 2813 1280 2868 Thessalonicensem
1300 2814 1675 2883 designantes,
1703 2830 1771 2869 eo
1797 2816 2174 2884 perduxerunt

590 2912 651 2956 ut
674 2918 784 2956 non
827 2912 1040 2958 tantum
1083 2905 1151 2958 ab
1179 2905 1304 2958 aliis
1350 2905 1637 2959 monachis
1666 2905 1982 2971 dissideret,
2009 2905 2161 2978 m

2277 2905 2376 2956 Καὲ
2416 2906 2708 2976 Μακάριόν
2742 2909 2841 2977 μὲν
2873 2910 2964 2963 τὸν
3004 2912 3224 2982 Λαύρας
3259 2915 3588 2984 ἡγούμενον,
3640 2916 3813 2968 Θεσσα-

588 3007 795 3062 eosque
831 2993 1305 3049 Cautacuzenismi
1376 3006 1630 3066 argueret
1690 2997 1843 3068 (quia
1901 2999 2161 3052 nimirum

2275 2996 2495 3067 λονίκης
2547 3002 2964 3072 μητροπολίτην
3032 3005 3441 3071 ἀποδείξαντες,
3507 3008 3715 3060 ἔπεισαν
3758 3006 3809 3058 οὐ

588 3085 824 3138 amicum
847 3085 917 3140 ob
950 3086 1432 3153 armalcommunia
1464 3087 1712 3156 periculo
1733 3088 2161 3156 ,conﬂictantem

2275 3090 2404 3160 πρὸς
2432 3094 2556 3154 τοῦς
2599 3092 2794 3158 ἄλλους
2843 3098 3004 3166 μόνον
3045 3098 3388 3169 διενεχθῆναι
3416 3103 3688 3171 μοναχοὺς,
3732 3099 3810 3152 καὶ

588 3170 906 3236 intuentes,
961 3183 1018 3228 et
1070 3175 1246 3228 zelum
1309 3176 1616 3246 meliusque
1647 3178 1936 3232 consilium
1977 3179 2161 3247 praefe-

2275 3183 2839 3256 Καντακουζηνισμὺν
2885 3188 3066 3242 αὐτῶν
3103 3170 3462 3262 κατηγορεῖν,
3516 3170 3686 3261 ὁτιδὴ
3732 3190 3808 3243 τὸν

587 3275 776 3317 rentes
799 3264 848 3317 ei
883 3264 963 3319 sic
992 3265 1319 3335 cpitulatum
1353 3269 1654 3339 venirent),
1687 3285 1880 3324 verum
1908 3271 2072 3324 etiam
2108 3279 2161 3327 ut

2275 3276 2424 3345 φίλον
2448 3276 2684 3345 ὁρῶντες
2712 3280 3038 3333 ἀπολεῖσθαι
3081 3282 3185 3334 ὑπὸ
3219 3283 3312 3334 τοῦ
3375 3283 3556 3337 κοινοῦ
3599 3282 3805 3351 πολέμου

585 3352 806 3419 probris
837 3353 1022 3408 multis
1063 3355 1454 3423 imperatorem
1495 3348 1942 3418 Cantaeuzenum
1976 3361 2161 3415 inces-

2275 3369 2676 3435 κινδυνεύοντα,
2713 3373 2768 3424 ὲν
2791 3373 2958 3442 ζήλου
2999 3375 3170 3445 μοίρᾳ
3206 3377 3300 3428 καὶ
3331 3379 3435 3447 τῆς
3466 3379 3597 3448 πρὸς
3621 3378 3684 3430 τά
3706 3348 3804 3446 βελ-

586 3449 757 3505 seret,
817 3456 919 3494 nec
959 3457 1017 3495 se
1050 3444 1120 3497 ab
1173 3445 1308 3513 ipsis
1351 3448 1682 3516 conspiratis
1719 3449 2077 3504 amarulentia
2112 3451 2161 3503 in

2275 3461 2370 3514 τίω
2394 3463 2718 3535 συμϐουλῆς
2772 3466 3000 3536 ἥκουσιν
3046 3444 3242 3539 ἐκείνῳ
3280 3444 3657 3542 βοηθήσοντες,
3690 3444 3804 3522 ἀλλὰ

593 3531 748 3584 illum
779 3532 926 3585 vinci
967 3543 1270 3601 pateretur.
1328 3536 1483 3592 Unde
1513 3548 1570 3592 et
1608 3541 2012 3596 Thessalonica:
2039 3557 2161 3613 cum

2275 3554 2366 3606 καὶ
2393 3554 2660 3624 βασιλέως
2694 3557 2895 3622 πολλὰς
2916 3563 3208 3632 καταχέειν
3241 3562 3534 3634 λοιδορίας,
3565 3563 3652 3615 καὶ
3677 3561 3804 3614 οὐδὲν

2267 3645 2498 3699 ἐκείνων
2527 3647 2923 3703 ἀπολείπεσθαι
2956 3651 3053 3721 τὴν
3087 3655 3168 3715 είς
3205 3654 3372 3706 αὑτὸν
3403 3655 3637 3726 πικρίαν.
3671 3653 3805 3706 Ὅθεν

2269 3735 2364 3788 καὶ
2398 3737 2694 3807 γενόμενος
2725 3741 2782 3792 ὲν
2837 3741 3210 3814 Θεσσαλονίκῃ
3266 3744 3484 3808 οὐδενὸς
3508 3746 3611 3797 τῶν
3649 3745 3800 3798 ἐκεῖσε

2265 3828 2649 3900 τολμηθέντων
2675 3833 2769 3885 ἐπὶ
2795 3833 3038 3904 ὠμότητι
3069 3837 3164 3888 καὶ⁵
3199 3837 3441 3908 πονηρία
3488 3836 3802 3908 βεϐοημένων

2283 3923 2640 3977 ἀπελείπετο.
2675 3925 2899 3996 Πρῶτον
2929 3927 3007 3993 δὲ,
3039 3928 3099 3981 ὲν
3136 3931 3201 3998 τῇ
3262 3933 3403 4000 μονῇ
3462 3933 3526 4001 τῇ
3565 3944 3802 3999 προσαγοο

2266 4015 2542 4089 ρευομόνῃ
2570 4018 2752 4089 Πέτρᾳ
2780 4019 3043 4090 ἁπρόῖτον
3073 4021 3260 4090 μένειν
3289 4023 3666 4089 κατεδίκασαν,
3692 4038 3800 4092 πρα-

2263 4107 2412 4171 νοίας
2442 4109 2540 4178 τῆς
2573 4109 2654 4172 είς
2682 4111 2742 4162 τὸ
2776 4109 2936 4179 σῶμα
2971 4113 3364 4184 προσηκούσης
3399 4115 3650 4185 οὐδεμιᾶς
3685 4116 3797 4167 ἀπο-

2267 4197 2660 4268 στερήσαντες.
2723 4200 2906 4255 Σαδάν
2958 4201 3013 4254 δὲ
3076 4201 3163 4255 διὰ
3202 4206 3264 4256 τὸ
3287 4206 3459 4276 ἀρετῇ
3495 4206 3599 4260 τῶν
3652 4203 3797 4260 ἄλλων

2206 1778 2252 1836 Β

2281 1995 2412 2046 νεῖν.
2479 1995 2827 2065 Ἐξεπίτηδες
2876 2001 2984 2069 γὰρ
3041 2000 3195 2053 αὐτοὶ
3237 2002 3439 2066 λάλους
3471 2006 3620 2066 τινάς
3666 2005 3823 2057 καθίε-

2283 2102 2384 2137 σαν
2420 2087 2502 2149 είς
2531 2088 2631 2150 τὰς
2688 2089 2869 2152 πόλεις
2909 2092 3306 2162 κηρύττοντας,
3347 2093 3428 2158 ὡς
3470 2097 3822 2164 Καντακουζηο

2279 2176 2370 2237 νὸς
2400 2178 2511 2230 οὐδ’
2546 2178 2739 2249 ἄκροις
2779 2180 2888 2234 ὠσὶ
2918 2183 3019 2249 τὴν
3049 2185 3273 2254 εἰρήνην
3300 2187 3678 2258 παραδέχοιτο,
3711 2188 3823 2242 ἀλλὰ

2278 2264 2346 2317 τὰ
2385 2265 2670 2320 δεινότατα
2700 2270 2828 2330 τοὺς
2858 2267 3124 2338 βασιλέως
3156 2272 3358 2336 παῖδας
3389 2274 3660 2345 διαθήσειν
3688 2269 3821 2328 ἀπει-

2277 2350 2380 2415 λεῖ,
2410 2354 2457 2404 εί
2490 2353 2834 2421 περιγένοιτο
2869 2359 2926 2407 ἐν
2955 2355 3032 2424 τῷ
3062 2358 3310 2430 πολέμῳ,
3353 2362 3452 2414 καὶ
3481 2363 3605 2424 τοὺς
3631 2363 3816 2424 ἄλλους,

2278 2444 2393 2496 ὅσοι
2422 2444 2610 2498 δίκαια
2657 2447 2937 2510 ποιοῦντες
2993 2452 3188 2521 ἐκείνῳ
3227 2455 3676 2524 πεπολεμήκασιν
3705 2454 3818 2524 ὑπὲρ

2277 2538 2481 2592 αὐτῶν.
2535 2540 2897 2610 Παρεκάλουν
2933 2560 2990 2595 τε
3031 2544 3154 2607 τοὺς
3187 2546 3399 2614 δήμους
3435 2549 3571 2618 ὑπὲρ
3600 2549 3700 2599 τῶν
3738 2548 3817 2616 βαο

2284 2629 2480 2690 σιλέως
2517 2631 2723 2684 παίδων
2757 2633 3011 2702 ὀρφανῶν
3039 2634 3209 2686 ὄντων
3245 2638 3458 2705 πατρὸς
3499 2640 3814 2702 ἀγανακτεῖν,

2277 2723 2372 2772 καὶ
2401 2722 2716 2790 ἀμύνεσθαι
2779 2725 2868 2777 τὸν
2906 2726 3218 2799 ἀδικοῦντα.
3255 2723 3330 2780 Οὗ
3387 2729 3452 2799 δὴ
3501 2729 3659 2784 ἕνεκα
3687 2731 3816 2783 ὲσκέσ

2272 2811 2443 2880 ψαντο
2504 2815 2844 2885 συγκρούειν
2899 2817 3037 2886 πρὸς
3101 2798 3333 2883 ἑαυτοὺς
3386 2798 3513 2884 τοὺς
3563 2820 3810 2892 μοναχούς.

585 3721 645 3768 et
675 3713 920 3782 nequitia
961 3715 1143 3768 scelus
1182 3725 1309 3771 ante
1342 3731 1737 3789 perpetratum,
1767 3725 1856 3780 cui
1885 3727 1998 3796 ipse
2054 3743 2162 3782 non

585 3808 685 3875 p'ar
708 3805 932 3860 faceret.
966 3805 1230 3861 lsaacium
1257 3823 1410 3873 vero,
1451 3812 1546 3879 qui
1586 3813 1838 3869 ordinem
1896 3817 2156 3888 ducebat,

585 3893 654 3948 ad
694 3895 1087 3949 monasterium
1122 3897 1283 3951 Petra
1335 3897 1544 3954 dictum
1600 3905 1975 3960 condemnant
2014 3925 2028 3961 :
2063 3908 2160 3976 ita,

586 3995 648 4038 ut
702 4001 733 4040 a
787 3986 1009 4041 nemine
1058 3989 1477 4056 conveniretur,
1525 3993 1674 4046 nulla
1731 4003 1912 4051 tamen
1976 4014 2036 4053 re
2093 3999 2162 4054 ad

586 4077 890 4131 curandum
917 4092 1120 4148 corpus
1145 4082 1454 4134 necessaria
1494 4092 1705 4151 egeret.
1735 4083 1958 4155 Sabam,
2013 4090 2162 4159 quod

583 4168 790 4222 virtute
841 4169 1058 4222 caeteris
1108 4179 1433 4237 antestaret,
1503 4182 1762 4243 essetque
1815 4177 2162 4248 imperatoris

585 4256 830 4309 amicitia
887 4259 1232 4324 notissimus,
1272 4269 1331 4314 et
1376 4261 1446 4316 ab
1485 4263 1622 4332 ipsis
1665 4264 1847 4320 facere
1880 4271 2070 4336 nollet,
2104 4272 2161 4326 in

2275 4256 2577 4358 ὅπερόχειν.
2618 4256 2722 4343 Ἰκαι
2756 4292 3186 4362 γνωριμώτατον
3655 4256 3795 4365 φίλων

585 4347 694 4400 alio
751 4351 1108 4416 monasterio,
1165 4351 1347 4407 Chora
1404 4355 1684 4423 appellato
1750 4372 1993 4423 manere,
2055 4378 2160 4418 nec

2275 4347 2428 4441 εἶναί,
2455 4379 2577 4432 ἐπεὶ
2617 4381 2689 4449 μὴ
2720 4347 3051 4451 συμφρονεῖν
3086 4383 3271 4446 αὺτοῖς
3307 4347 3583 4449 ἐὸδύλετο,
3615 4347 3677 4438 Et;
3707 4381 3795 4435 ἑέέ·

585 4451 711 4490 eum
767 4453 796 4491 a
844 4456 1120 4510 quoquam
1175 4443 1317 4497 adiri
1385 4443 1771 4500 decreverunt.
1810 4449 1983 4513 Quem
2029 4465 2154 4506 cum

2275 4481 2338 4535 pq.
2379 4459 2536 4536 ’μονῇ
2579 4440 2643 4536 cf;
2926 4440 3451 4544 προσαγορευομένῃ
3509 4440 3678 4539 μένειν
3717 4467 3792 4520 καὶ

586 4531 778 4584 scdulo
814 4546 1007 4587 curare
1039 4533 1301 4597 -vellent,
1367 4549 1478 4588 non
1513 4535 1638 4590 tulit
1671 4553 1687 4589 :
1722 4537 1869 4606 quod
1924 4539 2155 4609 diceret,

586 4619 834 4689 iniquum
872 4637 992 4677 esse
1047 4625 1116 4677 ab
1173 4625 1240 4678 iis
1300 4625 1391 4695 qui
1449 4627 1504 4680 in
1555 4636 1706 4682 caede
1755 4638 1813 4684 et
1889 4634 2157 4703 sanguine

584 4712 919 4780 voluptatem
991 4714 1303 4780 haberent,
1361 4716 1663 4786 quidquam
1698 4720 1975 4790 accipere.
2037 4723 2154 4779 Hoc

581 4812 762 4857 autem
795 4805 911 4857 solo
934 4805 1104 4872 dicto,
1147 4822 1308 4875 quem
1359 4808 1504 4863 Deus
1555 4818 1826 4877 tueretur,
1852 4815 2002 4868 nulla
2026 4830 2154 4871 eum

583 4893 840 4946 machina
868 4893 936 4946 ab
978 4895 1087 4949 ullo
1121 4897 1436 4952 mortalium
1469 4913 1630 4968 posse
1679 4901 1946 4968 interimi,
1998 4905 2156 4960 dein-

580 5001 710 5056 ceps
747 4988 936 5042 tacuit.
983 4988 1210 5044 (laeteris
1261 5006 1428 5060 porro
1465 4994 1744 5061 omnibus,
1777 5003 1838 5050 ut
1863 5011 1977 5051 non
2009 4997 2148 5052 tanti

579 5078 936 5144 aestimandis,
977 5081 1044 5134 ad
1094 5083 1429 5137 monasteria
1479 5100 1577 5138 sua
1610 5087 1983 5142 reversionem
2016 5103 2148 5144 con-

578 5179 884 5224 cesserunt.
911 5170 1266 5242 Legationem
1297 5176 1594 5230 monachor
1613 5193 1703 5230 um
1735 5180 2045 5249 patriarcha
2095 5191 2152 5236 et

579 5259 854 5326 conjurati
907 5262 975 5313 ad
1027 5263 1172 5316 hunc
1203 5263 1424 5318 modum
1462 5279 1826 5336 exceperunt.
1879 5268 2153 5324 Cantacu-

577 5360 765 5410 zenus,
797 5359 1083 5420 postquam
1117 5351 1368 5409 Batatzes
1398 5357 1669 5427 legatione
1700 5359 1767 5413 de
1806 5374 1962 5428 pace,
1998 5371 2148 5414 metu

575 5450 770 5489 eorum
796 5439 888 5508 qui
914 5441 1236 5510 regnabant,
1254 5443 1402 5515 fungi
1429 5447 1733 5516 pertimuit,
1754 5451 1821 5502 ad
1842 5451 2146 5506 exercitum

577 5528 768 5593 rediit;
802 5531 892 5584 ubi
920 5535 1150 5588 reduces
1178 5535 1407 5604 invenit,
1455 5555 1594 5608 quos
1644 5555 1820 5609 nuper
1865 5543 1928 5596 ad
1959 5551 2148 5612 proto-

576 5627 865 5672 stratorem
927 5624 1176 5692 miserat,
1256 5629 1619 5695 nuntiantes,
1679 5631 1891 5686 veniret
1978 5650 2144 5703 quam

574 5709 940 5778 maturrime,
1001 5719 1184 5770 omnia
1251 5734 1280 5771 a
1341 5719 1736 5788 protestratore
1805 5722 1917 5777 illic
2001 5726 2143 5785 bene

2265 4555 2428 4608 αὐτὸν
2453 4558 2791 4625 ἐψηφίσαντο
2816 4559 3098 4628 ἀπρόῐτον.
3120 4560 3475 4631 Βουλομένων
3503 4564 3556 4633 δὲ
3584 4563 3668 4616 καὶ
3687 4575 3793 4630 προ-

2265 4644 2411 4706 νοίας
2441 4646 2662 4708 ’ἀξιοῦν
2716 4648 2940 4717 πολλῆς,
3003 4649 3065 4700 οὐ
3119 4651 3490 4718 κατεδέξατοο
3528 4655 3599 4724 μὴ
3618 4652 3788 4704 δίκαιον

2265 4731 2409 4788 εῖναι
2445 4738 2674 4802 φάσκων
2703 4740 2768 4791 ὲκ
2797 4739 2905 4792 τῶν
2934 4741 3130 4810 αἵμασι
3168 4745 3262 4796 καὶ
3292 4746 3476 4811 φόνοις
3524 4742 3788 4816 χαιρόντων

2262 4845 2315 4880 τι
2349 4829 2556 4883 λαϐεῖν.
2589 4831 2762 4885 Τοῦτο
2781 4832 2838 4885 δὲ
2873 4833 3037 4901 μόνον
3075 4836 3269 4901 εἰπὼν,
3296 4837 3372 4898 ὡς
3400 4841 3490 4892 τὸν
3536 4839 3634 4892 ὑπὸ
3677 4833 3786 4889 Θεοῦ

2263 4918 2672 4986 φρουρούμενον
2725 4920 2954 4991 οὐδεμιᾷ
2985 4938 3093 4975 τινι
3145 4931 3366 4997 μηχανῇ
3425 4928 3641 4981 δυνατὸν
3697 4924 3780 4976 ὑπὸ

2263 5006 2480 5076 οὐδενὸς
2525 5007 2912 5078 διαφθαρῆναι,
2948 5013 3184 5082 ἡσυχίαν
3240 5015 3362 5085 ἦγε.
3416 5019 3536 5080 Τοῖς
3570 5019 3614 5072 δ’
3635 5017 3782 5072 ἄλλοις

2260 5095 2466 5150 ἅπασιν
2501 5098 2562 5150 οὐ
2616 5099 2853 5166 μάλιστα
2907 5102 3213 5172 ἀξιολόγοις
3268 5107 3410 5173 οὖσι,
3475 5110 3567 5179 τὴν
3594 5111 3665 5168 είς
3703 5102 3781 5162 τὰς

2263 5186 2397 5248 ἰδίας
2428 5190 2599 5255 μονὰς
2631 5191 2940 5260 ἐπέτρεπον
2972 5195 3257 5250 ἐπάνοδον.
3293 5199 3427 5270 Περὶ
3462 5192 3558 5270 μ’ὲν
3599 5195 3680 5250 οὗν
3702 5196 3780 5263 τὴν

2257 5276 2367 5328 τῶν
2420 5279 2672 5347 μοναχῶν
2723 5282 3050 5349 πρεσὸεέαν,
3093 5287 3309 5341 τοιοῦτα
3367 5291 3665 5359 πατριάρχῃ
3704 5285 3779 5337 καὶ

2256 5369 2369 5427 τοῖς
2396 5369 2733 5437 συνομόταις
2768 5372 3024 5428 ἐτελεῖτο.
3057 5377 3323 5443 Βασιλεὺς
3376 5380 3430 5432 δὲ
3458 5383 3485 5434 ό
3509 5382 3779 5433 Καντακου·

2257 5459 2440 5527 ζηνδς,
2471 5460 2545 5523 ὡς
2573 5461 2671 5530 τήν
2710 5461 2845 5533 ὑπὲρ
2877 5465 2975 5534 τῆς
2999 5469 3534 5542 εἰρήνηςιπρεσσείαν
3561 5474 3586 5524 ό
3607 5466 3778 5521 Βατάτ-

2257 5551 2348 5620 ζη,
2389 5552 2497 5603 δέει
2529 5553 2636 5603 τῶν
2690 5555 2758 5606 τὰ
2799 5557 3101 5627 πράγματα
3144 5564 3420 5632 ἀρχόντων
3452 5562 3774 5632 ἀπηγόρευεν,

2254 5645 2330 5703 εὶς
2371 5643 2428 5693 τὸ
2461 5645 2821 5711 στρατόπεδον
2861 5650 3139 5719 ἐπανῆκεν
3162 5669 3178 5685 ·
3215 5648 3339 5723 εὗρε
3369 5653 3423 5706 δὲ
3455 5654 3516 5705 ὲκ
3545 5650 3775 5704 Θεσσαλο-

2259 5731 2412 5799 vim";
2443 5734 2785 5800 ἀφιγμένους
2824 5736 2917 5802 οὓς
2975 5743 3138 5808 αὐτὸς
3168 5745 3337 5818 ὀλίγῳ
3381 5748 3633 5819 πρότερον
3660 5742 3769 5812 πρὸς
