4096 6300
1808 179 1836 206 κ

317 349 426 414 905

1463 349 2002 442 ΗΙΞΤΟΒΙᾼΗΗΜ
2042 349 2273 408 LIBER
2311 310 2430 406 tu.

3463 350 3567 413 906

321 459 791 531 πρωτοστράτορα
847 458 1072 530 πέμψας
1123 453 1220 530 ἦν,
1282 459 1441 529 ἥκειν
1473 461 1572 528 τὴν
1630 461 1893 530 ταχίστην

2004 458 2400 513 administrari.
2441 457 2517 511 Ne
2569 456 2866 523 imperator
2909 458 3126 527 quidem
3170 461 3573 527 cunctandum,

316 553 792 621 ἀπαγγέλλοντας,
829 552 904 616 ὡς
929 553 1038 606 τῶν
1075 553 1254 606 ἐκεῖσε
1289 551 1508 607 πάντων
1538 554 1644 606 ύπδ
1671 570 1890 621 πρώτοι-

317 644 627 714 στράτορος
660 643 842 706 καλῶς
874 643 1254 714 διῳκημένων.
1299 645 1508 699 Ἐδόκει
1543 646 1642 712 μὲν
1673 641 1766 700 οὖν
1797 649 1890 700 καὶ

317 734 531 804 βασιλεῖ
584 735 658 806 μὴ
696 734 916 804 μέλλειν
954 737 1087 798 δεῖν,
1138 735 1274 789 ἀλλὰ
1308 738 1445 806 πρὸς
1485 737 1891 806 Θεσσαλονίκην

315 826 636 894 ἐπείγεσθαι
668 827 834 881 οὖσαν
870 827 1178 895 ἀναγκαίαν
1201 846 1217 861 ·
1251 830 1362 881 τῶν
1397 830 1532 899 πρὸς
1575 831 1674 899 τὴν
1721 847 1895 899 τειχο-

321 917 525 986 μαχίαν
546 918 601 971 δὲ
630 918 851 971 πάντων
895 919 998 989 ήδη
1036 921 1602 990 παρεσκευασμένων,
1633 920 1890 973 ἐκέλευεν

314 1009 400 1072 είς
433 1009 528 1080 τὴν
565 1011 862 1081 ὑστεραίαν
897 1011 1013 1081 ἄμα
1043 1012 1187 1082 πρωῒ
1219 1013 1327 1065 τῶν
1350 1011 1547 1082 τειχῶν
1581 1013 1893 1082 ἀποπειρα-

319 1101 616 1168 σαμένους,
652 1103 703 1153 εί
741 1103 816 1172 μὴ
847 1102 1098 1157 δύναιντο
1132 1103 1614 1174 παραστήσασθαι,
1670 1107 1733 1174 τῇ
1772 1103 1891 1173 μετ’

247 1253 262 1263 κ
316 1191 513 1263 αὐτὴν,
563 1193 663 1262 τῆς
718 1196 797 1254 είς
850 1195 1252 1264 Θεσσαλονίκης
1301 1196 1521 1266 ἔχεσθαι
1592 1197 1887 1267 φερούσης.

318 1284 480 1338 Οὕτω
518 1285 617 1353 μὲν
645 1281 1034 1367 οὖνὲδέδοκτο,
1061 1288 1172 1341 Καὶ
1209 1289 1323 1357 ἅμα
1357 1289 1504 1359 πρωῒ
1526 1292 1581 1353 ἐς
1617 1292 1716 1360 τὴν
1738 1291 1897 1343 ὑστε-

220 1444 224 1447 .
323 1375 488 1444 ραίαν
518 1376 897 1445 ὁπλισάμενοι,
934 1379 1274 1447 προσέϐα).ον
1311 1382 1424 1436 τοῖς
1449 1379 1653 1449 τείχεσι
1686 1382 1896 1451 προσά-

318 1483 512 1534 γοντες
537 1469 634 1531 τὰς
667 1470 944 1546 μηχανάς.
978 1473 1076 1525 Διὰ
1103 1472 1288 1542 πάσης
1318 1473 1373 1524 δὲ
1411 1473 1628 1543 ἡμέρας
1654 1474 1754 1542 τῆς
1780 1491 1890 1526 τει⁹

319 1561 598 1629 χομαχίας
623 1564 1056 1632 καρτερωτάτης
1089 1565 1494 1634 γεγενημένης.
1545 1565 1747 1634 μικροῦ
1798 1567 1895 1633 μὲν

320 1652 544 1720 ἐδέησεν
573 1653 800 1718 ἁλῶναι,
831 1654 940 1707 τῶν
969 1672 1028 1706 τε
1071 1648 1362 1724 κλιμάκων
1390 1656 1895 1726 προσερεισθεισῶν

2003 548 2100 603 sed
2126 546 2598 610 Thessalonicam,
2633 557 2694 601 ut
2727 548 2794 601 ad
2827 549 3018 603 urbem
3055 550 3276 605 maximi
3311 555 3577 610 momenti

2006 639 2378 694 festinandum
2432 640 2707 705 duxit;et
2773 641 3032 698 omnibus
3081 643 3196 710 jam
3249 643 3315 697 ad
3373 646 3579 700 mmnia

2004 731 2333 786 Peritheorii
2385 732 2754 802 Oppugnanda
2813 732 3124 795 confectis,
3186 735 3452 804 praecepit
3513 738 3584 790 iis

2003 820 2272 888 postridie
2301 819 2390 872 die
2437 819 2790 873 illucescente
2826 822 3076 885 tentatis,
3122 821 3169 875 si
3205 835 3438 878 conatus
3470 840 3581 878 non

2007 912 2392 981 responderet,
2421 911 2510 965 die
2543 912 2707 965 tertio
2741 912 2885 966 viam
2915 928 3108 968 versus
3133 913 3580 971 Thessalonicam

2012 1006 2302 1073 arriperet.
2335 1004 2428 1058 Sic
2454 1005 2692 1058 censuit.
2728 1004 2826 1058 Die
2854 1013 3066 1072 exorto,
3094 1021 3305 1070 muros,
3342 1007 3581 1062 admotis
3669 1075 3682 1083 .

2006 1095 2174 1150 etiam
2214 1093 2740 1158 machinationibus,
2791 1094 3059 1149 invadunt
3093 1115 3105 1149 :
3134 1111 3276 1164 quos
3307 1114 3432 1153 cum
3465 1108 3582 1152 toto

2008 1186 2098 1240 die
2151 1194 2564 1254 oppugnassent
2626 1189 2932 1252 acerrime,
2987 1204 3178 1257 parum
3223 1189 3398 1244 abfuit
3448 1192 3620 1260 quin_

2005 1291 2102 1332 eos
2142 1286 2260 1331 acta
2315 1277 2426 1347 jam
2482 1277 2776 1338 testuline,
2821 1289 2876 1332 et
2923 1281 3086 1334 scalis
3138 1282 3412 1351 applicitis
3444 1299 3580 1338 con-

2010 1367 2360 1427 scenderent,
2391 1367 2484 1420 sed
2511 1370 2689 1420 noctis
2727 1369 3072 1424 interventus
3113 1386 3228 1425 rem
3270 1372 3578 1442 impedivit.

2014 1457 2233 1511 Obsessi
2264 1466 2593 1520 metuentes,
2636 1473 2704 1510 ne
2729 1458 2818 1512 die
2866 1460 3116 1528 sequenti
3145 1476 3326 1531 pugna
3364 1464 3581 1518 instau-

2013 1563 2131 1604 rata
2157 1559 2508 1618 caperentur,
2546 1560 2711 1604 noctu
2739 1549 3069 1616 decernunt,
3104 1553 3208 1608 [ide
3240 1555 3306 1612 ab
3338 1554 3579 1625 impera—

2013 1651 2132 1695 tore
2176 1649 2421 1710 accepta,
2457 1641 2658 1694 urbem
2685 1643 2906 1697 dedere.
2970 1645 3125 1699 Marte
3183 1647 3250 1700 de
3303 1648 3579 1704 moenibus

317 1745 433 1806 τοῖς
467 1747 690 1814 τείχεσι,
723 1749 814 1800 καὶ
841 1748 1237 1818 μηχανήματός
1267 1749 1410 1812 τινὸς
1441 1751 1532 1804 ἐπὶ
1561 1749 1773 1820 τροχῶν
1809 1763 1899 1819 χει

2013 1734 2306 1788 clamorem
2338 1735 2392 1786 in
2425 1746 2601 1788 castra
2638 1737 2852 1801 dantes,
2899 1737 3219 1806 imperatori
3269 1743 3577 1796 renuntiari

320 1837 501 1906 λώνης
544 1841 1116 1909 προσαγορευομένου.
1183 1841 1246 1894 Ἦ
1300 1841 1397 1907 νὺξ
1429 1842 1486 1895 δὲ
1537 1843 1735 1896 αὐτίκα
1782 1843 1899 1894 ὲπι-

2004 1825 2223 1894 jubent,
2261 1819 2425 1895 465
2449 1825 2494 1880 si
2525 1827 2677 1890 velit,
2709 1842 2774 1880 ex
2807 1837 2966 1896 pacto
3002 1839 3275 1885 convento
3299 1833 3577 1888 civitatem

320 1932 598 1998 γενομένη
633 1929 929 1983 διεκώλυσε
964 1933 1063 2002 τὴν
1098 1933 1324 1987 ἂλωσιν.
1353 1933 1417 1987 Oi
1447 1933 1898 2005 πολιορκούμενοι

323 2015 384 2068 δὲ
416 2016 719 2082 δείσαντες,
781 2022 858 2089 μὴ
893 2022 975 2083 είς
1012 2022 1112 2089 τὴν
1149 2023 1449 2093 ὑστεραίαν
1510 2020 1666 2089 αὖθις
1722 2026 1900 2096 μάχης

319 2105 500 2159 ἁλῶσι
559 2110 864 2180 γενομένης
901 2113 1292 2167 ἐϐουλεύσαντο
1329 2117 1523 2178 νυκτὸς
1567 2117 1777 2180 πίστεις
1811 2118 1902 2173 λα-

325 2200 520 2265 ϐόντες
557 2203 710 2268 παρά
737 2203 1027 2272 βασιλέως,
1063 2207 1326 2278 ὁμολογίᾳ
1381 2209 1480 2278 τὴν
1513 2209 1667 2263 πόλιν
1715 2227 1898 2281 παρα-

321 2292 532 2346 δοῦναι.
576 2294 686 2347 Καὶ
717 2295 834 2364 ἆμα
876 2297 1020 2367 πρωῒ
1082 2301 1145 2349 ὲκ
1193 2299 1304 2351 τῶν
1343 2302 1540 2370 τειχῶν
1570 2305 1682 2365 τοῖς
1712 2304 1790 2364 είς
1839 2304 1900 2356 τὸ

328 2381 698 2450 στρατόπεδον
737 2383 992 2436 ἐκέλευον
1027 2385 1258 2456 μηνύειν
1294 2387 1524 2456 βασιλεῖ,
1577 2390 1624 2441 εί
1659 2389 1902 2460 βούλοιτο

327 2473 424 2526 ἐπὶ
453 2475 726 2543 συμϐάσει
756 2475 854 2546 τὴν
888 2476 1044 2530 πόλιν
1080 2477 1556 2548 παραλαμϐάνειν.
1616 2482 1818 2546 Ἡδέως
1845 2482 1900 2536 δὲ

331 2561 603 2631 βασιλέως
633 2563 726 2614 τὸν
754 2563 913 2630 λόγον
941 2564 1256 2634 δεξαμένου,
1285 2567 1378 2618 καὶ
1411 2567 1722 2631 κελεύοντος
1745 2569 1901 2638 ἥκειν

329 2656 470 2723 πρὸς
507 2654 672 2707 αὐτὸν
719 2654 794 2716 ὡς
828 2655 1007 2709 πάντα
1042 2655 1342 2727 πράξοντος
1399 2658 1584 2721 αὐτοῖς
1634 2659 1702 2712 τὰ
1760 2657 1901 2713 κατὰ

332 2745 584 2816 γνώμην,
618 2743 754 2809 ἧκον
797 2748 891 2800 τοῦ
921 2765 979 2800 τε
1013 2749 1212 2818 δήμου,
1273 2753 1370 2804 καὶ
1405 2749 1514 2803 τῶν
1558 2749 1692 2819 παρ’
1719 2750 1900 2813 αὐτοῖς

326 2839 573 2893 δυνατῶν
603 2837 795 2907 ὀλίγοι,
833 2841 927 2892 καὶ
961 2839 1069 2895 τῶν
1091 2841 1172 2911 τῷ
1201 2840 1390 2911 κλήρῳ
1419 2842 1518 2912 τῆς
1543 2842 1674 2911 παρ’
1716 2844 1902 2906 αὐτοῖς

330 2929 631 2997 ἐκκλησίας
685 2930 1127 2999 κατειλεγμένων
1155 2946 1170 2962 ⁸
1223 2931 1493 3006 αίτίαςδὲ
1530 2931 1722 3001 ῶσπερ
1769 2934 1902 2985 dmo-

328 3021 550 3082 λύοντες
606 3022 836 3084 ἑαυτοὺς
895 3023 988 3076 ἐπὶ
1045 3021 1123 3093 τῷ
1171 3023 1316 3077 ὅπλα
1351 3023 1707 3093 κεκινηκέναι
1764 3025 1900 3094 πρὸς

333 3111 520 3174 αὐτὸν,
561 3111 622 3162 τ’.
675 3110 793 3162 δέον
842 3109 1053 3178 ἔφασαν
1107 3110 1496 3179 πεποιηκέναι,
1551 3111 1899 3182 ὀμωμοκέναι

329 3199 440 3264 γὰρ
491 3196 658 3267 ὀλίγῳ
691 3175 960 3266 πρότερον
1014 3175 1434 3269 ἀντιστήσενσθαι
1495 3175 1608 3262 τοῖς
1667 3175 1899 3268 βασιλίδι
1929 3175 1974 3226 c

1973 3286 2228 3354 ,probris
2283 3294 2494 3339 stantes
2535 3285 2592 3338 in
2667 3285 2842 3338 muris
2901 3288 3197 3357 parcebant

328 3289 632 3359 πολεμοῦσι
667 3289 849 3360 μέχριι
890 3290 980 3342 καὶ
1009 3285 1120 3343 τοῦ*
1153 3289 1406 3345 δυνατοῦ.
1439 3290 1578 3353 Teii;
1609 3307 1670 3342 τε
1700 3292 1900 3361 ὅρκους

328 3379 627 3448 τοιγαροῦν
657 3381 1024 3450 τετηρηκέναι
1071 3380 1356 3449 ἀσφαλῶς,
1406 3381 1502 3434 καὶ
1535 3381 1598 3433 τὸ
1633 3381 1725 3434 νῦν
1753 3382 1904 3435 λυσι-

327 3475 507 3528 τελεῖν
534 3473 865 3542 φαινόμενον
887 3475 950 3525 ὲκ
980 3473 1090 3525 τῶν
1121 3474 1465 3540 πραγμάτων
1494 3472 1757 3542 πράττειν
1787 3471 1902 3540 μετ’

331 3560 785 3630 εὐγνωμοσύνης.
849 3560 1010 3612 Ὅθεν
1071 3559 1214 3624 ἄξιοι
1271 3558 1606 3630 συγγνώμης
1661 3561 1902 3628 νομίζειν

333 3647 480 3706 εἶναι
507 3649 636 3721 παρ’
669 3649 842 3721 αὐτῷ.
879 3650 1099 3704 Δεῖσθαι
1133 3651 1318 3720 μέντοι
1352 3651 1572 3720 καὶτῆς
1611 3649 1680 3702 δι’
1723 3651 1903 3717 ὅρκων

333 3745 664 3814 ἀσφαλείας,
691 3743 764 3804 ὡς
794 3742 947 3797 οὐδὲν
991 3743 1270 3797 πείσονται
1301 3742 1410 3795 τῶν
1445 3744 1587 3796 κατὰ
1615 3743 1706 3797 τὸν
1734 3745 1902 3797 πόλε-

331 3856 434 3908 μον
467 3839 657 3900 αὐτοῖς
682 3838 1058 3908 εἰργασμένων
1088 3836 1274 3902 ἓνεκα,
1316 3838 1412 3889 καὶ
1438 3836 1544 3890 τῶν
1585 3835 1815 3906 ὕϐρεων,
1844 3837 1900 3890 αἳ

327 3932 484 4000 παρά
540 3931 762 3998 φαύλων
796 3931 890 3982 καὶ
946 3928 1039 3982 τοῦ
1075 3929 1309 3998 μηδενὸς
1357 3928 1526 3993 ἀξίων
1593 3929 1902 3999 ἀνθρώπων

325 4024 582 4096 εἴρηνται
613 4023 748 4094 πρὸς
779 4022 940 4075 αὐτὸν
973 4023 1081 4075 τῶν
1118 4011 1177 4076 ἒν
1226 4021 1370 4090 λόγῳ
1395 4021 1612 4074 πάντων
1665 4021 1902 4087 μάλιστα

328 4116 680 4185 ἀνιωμένων,
718 4118 814 4168 καὶ
841 4115 939 4182 τὴν
977 4113 1279 4166 ἀκολασίαν
1325 4113 1423 4182 τῆς
1471 4111 1719 4181 γλώττης
1755 4111 1901 4163 τιθε-

335 4209 516 4279 μένων
568 4209 626 4259 ἐν
675 4206 858 4276 δεινῷ.
911 4204 1191 4274 Οὐδεμιᾶς
1237 4203 1345 4274 γὰρ
1378 4203 1590 4272 ὕϐρεως
1625 4202 1903 4271 ἐφείδοντο

327 4300 570 4362 ἑστῶτες
607 4298 700 4351 ἐπὶ
733 4298 841 4350 τῶν
863 4296 1086 4366 τειχῶν.
1131 4295 1296 4349 Ὅθεν
1347 4295 1437 4348 καί
1473 4311 1600 4347 ποτε
1635 4293 1900 4363 βασιλέως

329 4396 389 4446 ὲν
445 4391 632 4453 ὅπλοις
661 4390 950 4460 παριόντος
986 4389 1081 4441 καὶ
1132 4388 1200 4440 τὰ
1254 4387 1411 4456 τείχη
1447 4386 1902 4456 κατασκεπτομέ-

2003 1916 2259 1985 accipiat.
2289 1916 2382 1972 Ille
2414 1917 2517 1972 hoc
2543 1919 2734 1973 nuntio
2760 1919 3000 1990 gavisus,
3031 1934 3128 1976 eos
3146 1932 3363 1988 evocat,
3402 1923 3582 1979 factu-

2004 2026 2125 2065 rum
2155 2027 2213 2066 se
2259 2027 2381 2080 quae
2431 2021 2644 2081 optent,
2673 2013 2877 2067 omnia.
2912 2011 3151 2068 Veniunt
3192 2015 3260 2070 de
3315 2017 3495 2085 plebe,
3527 2027 3586 2072 et

2006 2103 2368 2172 optimatibus
2398 2105 2577 2172 pauci,
2633 2105 2697 2158 de
2739 2105 2886 2158 clero
2917 2107 3045 2159 item
3079 2108 3353 2162 nonnulli.
3403 2106 3602 2179 Atque

2006 2201 2068 2248 ut
2122 2208 2182 2248 se
2238 2203 2541 2264 purgarent
2601 2194 3035 2263 quodammodo,
3077 2198 3237 2252 aliter
3276 2214 3335 2254 se
3400 2198 3582 2254 facere

2006 2286 2290 2356 nequiisse
2341 2287 2618 2350 dixerunt,
2703 2296 2995 2356 propterea
3061 2289 3208 2358 quod
3262 2293 3581 2360 nuperrime

2005 2387 2346 2431 sacramento
2376 2385 2645 2446 concepto
2674 2379 3094 2446 spoponderim,
3123 2396 3179 2434 se
3208 2381 3574 2450 imperatricis

2006 2468 2258 2522 hostibus
2287 2477 2550 2536 quantum
2587 2467 2838 2523 vaierent
2874 2471 3183 2526 restituros.
3208 2471 3360 2534 Quod
3387 2474 3568 2543 juras—

2007 2564 2149 2621 sent,
2179 2557 2502 2626 praestitisse
2529 2557 2797 2613 hactenus
2848 2560 3081 2614 ﬁdeliter
3116 2579 3129 2614 :
3159 2571 3212 2616 et
3235 2565 3379 2632 quod
3417 2580 3568 2622 nunc

2007 2663 2096 2703 res
2143 2648 2260 2718 ipsa
2318 2649 2450 2704 utile
2506 2649 2754 2702 futurum
2790 2652 3007 2717 doceat,
3060 2651 3111 2706 id
3173 2669 3332 2724 aequo
3386 2657 3574 2712 animo

2006 2738 2271 2792 (araturos.
2304 2739 2504 2794 Putare
2545 2741 2730 2809 igitur,
2779 2756 2840 2796 se
2867 2741 3060 2811 dignos
3091 2759 3214 2799 esse
3257 2748 3441 2802 venia.
3472 2747 3580 2804 Cu-

2005 2846 2137 2900 pere
2196 2839 2374 2884 tamen
2431 2833 2792 2902 jurejurando
2846 2835 2951 2888 sibi
3010 2837 3215 2902 caveri,
3273 2839 3351 2892 nil
3412 2855 3579 2910 grave
3629 2909 3635 2916 .

2004 2936 2265 2992 passuros
2280 2922 2352 2977 ob
2373 2937 2435 2978 ea
2457 2938 2577 2992 qum
2591 2925 2922 2980 durantibus
2953 2929 3122 2981 armis
3146 2931 3578 2992 commisissent.

2003 3015 2074 3068 ob
2102 3015 2351 3068 convicia
2387 3015 2618 3082 scilicet,
2669 3032 2790 3086 qua-
2821 3033 2928 3071 non
2977 3020 3098 3074 sine
3129 3035 3344 3076 summo
3389 3025 3578 3080 dolore

2005 3105 2246 3160 virorum
2318 3107 2567 3176 gravium
2603 3149 2618 3174 ,
2681 3109 2926 3178 abjecti,
2985 3121 3043 3166 et
3103 3115 3264 3167 nauci
3325 3115 3578 3172 homines

2007 3196 2224 3264 procaci
2243 3196 2428 3266 lingua
2457 3197 2512 3252 in
2529 3211 2656 3252 eum
2684 3189 3074 3260 cont'orserint.
3103 3202 3278 3258 Nullis
3301 3205 3576 3275 siquidem

3244 3308 3256 3341 :
3303 3301 3359 3344 ut
3407 3293 3576 3348 etiam

2005 3377 2301 3445 aliquando
2321 3384 2534 3430 armato
2567 3376 2900 3445 imperatore
2939 3377 3260 3444 accedente,
3285 3389 3338 3434 et
3372 3383 3576 3437 muenia

2005 3475 2232 3536 propter
2259 3467 2719 3536 oppugnationem
2749 3471 3176 3538 contemplante,
3221 3483 3334 3526 tres
3353 3473 3576 3542 quidam

2006 3575 2071 3614 eo
2095 3560 2314 3631 cognito
2337 3560 2566 3614 etrusius
2597 3561 3004 3615 maledicerent.
3035 3561 3138 3627 Qui
3165 3565 3392 3633 propius
3417 3582 3578 3621 acce-
3652 3636 3656 3640 ι

1947 3709 1957 3718 ,
2014 3652 2154 3706 dens
2210 3653 2464 3722 qumsivit
2499 3694 2514 3716 ,
2574 3669 2706 3707 num
2756 3654 2993 3710 scientes
3036 3655 3162 3725 quis
3214 3667 3378 3720 esset,
3441 3661 3579 3716 adeo

2005 3745 2309 3800 liberaliter
2343 3745 2707 3802 contumelias
2761 3746 3032 3800 dicerent.
3088 3747 3292 3802 Eorum
3332 3766 3442 3803 uno
3491 3768 3580 3807 re-

2005 3839 2332 3907 spondente,
2399 3841 2635 3894 marime
2675 3847 2730 3892 et
2790 3839 2997 3893 idcirco
3052 3841 3250 3908 probra
3315 3841 3571 3906 fundere,

2006 3931 2210 3998 quibus
2236 3931 2582 3999 ipseemultis
2615 3931 2808 4000 dignus
2857 3941 3022 3996 esset,
3067 3933 3214 4000 quod
3243 3932 3413 3987 fracta
3446 3934 3572 4000 (ide,

2007 4021 2356 4090 imperatoris
2413 4020 2604 4076 liberis
2656 4021 3054 4084 insidiaretur,
3107 4038 3407 4090 omnesque
3455 4029 3575 4080 vias

2007 4113 2311 4182 indagaret,
2336 4128 2446 4182 quo
2481 4112 2603 4166 illos
2632 4111 2911 4166 meditatae
2942 4113 3010 4166 ab
3039 4128 3096 4166 se
3130 4116 3295 4168 morti
3323 4117 3571 4182 oﬂ‘erret,

2006 4217 2034 4255 a
2112 4202 2312 4270 quibus
2377 4203 2582 4255 nullam
2641 4217 2882 4272 unquam
2951 4205 3216 4259 sensisset
3281 4206 3569 4278 injuriam,
3656 4245 3666 4256 ι

2004 4293 2236 4360 Quando
2259 4301 2464 4358 autem,
2499 4294 2709 4364 excepit
2734 4293 3173 4359 Cantacuzenus,
3220 4298 3272 4351 in
3301 4299 3573 4367 judicium

2005 4401 2092 4440 me
2133 4387 2558 4456 vocatum,quia
2605 4386 2905 4441 dissolvere
2950 4389 3180 4442 crimina
3234 4407 3342 4446 non
3392 4397 3571 4462 potui.

331 4505 428 4540 νου
471 4485 559 4554 sta;
607 4485 704 4555 τὴν
751 4479 1134 4553 τειχομαχίαν,
1180 4483 1328 4552 τρεῖ,
1354 4479 1501 4541 τινὲς
1542 4478 1774 4540 ἑστῶτες
1809 4479 1899 4531 ἐπὶ

2005 4487 2062 4531 et
2113 4477 2346 4546 injuriae,
2398 4489 2455 4534 et
2519 4479 2787 4549 perjurii,
2855 4488 2910 4533 et
2960 4480 3121 4550 hujus
3144 4483 3369 4538 sceleris
3426 4489 3573 4554 quod

325 4577 438 4630 τῶν
468 4573 684 4645 τειχῶν,
723 4571 925 4644 μᾶλλον
969 4570 1078 4624 τῶν
1135 4566 1350 4637 ὕϐρεων
1402 4568 1660 4636 ἠφείδουν
1701 4566 1900 4636 γνωρί-

330 4687 436 4738 μου
492 4667 803 4741 γινομένου.
847 4665 908 4720 Ὀ
939 4667 996 4718 δὲ
1050 4666 1218 4732 ἐγγὺς
1263 4663 1583 4731 γενόμενος,
1625 4659 1818 4731 ⁴ίιρώτα
1849 4659 1898 4710 εί

277 4753 282 4756 ’
329 4760 528 4820 εἰδότες
559 4761 614 4821 ὃς
647 4773 733 4821 τις
763 4757 848 4825 εἴη
883 4756 1204 4825 ὑϐρίζουσιν
1245 4756 1418 4816 οὕτως
1442 4752 1699 4821 ἀφειδῶς.
1748 4749 1899 4812 Ἐνὸς

325 4853 385 4905 δὲ
440 4849 885 4921 ἀποκριναμένου
911 4863 926 4900 °.
983 4849 1061 4910 ὼς
1087 4901 1094 4907 _
1119 4847 1393 4917 μάλιστα⁸
1425 4846 1642 4907 εἰδεῖεν,
1688 4843 1784 4896 καὶ
1811 4844 1900 4896 διὰ

326 4941 490 4996 τοῦτο
519 4945 612 4996 καλ⁸
631 4941 874 5012 ὑϐρίζειν
894 4939 1109 4994 πολλῶν
1137 4937 1265 4992 ὄντα
1297 4938 1450 5002 ἀξιον
1495 4936 1794 5006 λοιδοριῶν,
1819 4935 1901 4987 ὅτι

327 5034 654 5104 ἀποστάτης
731 5031 975 5102 γεγονὼς
1031 5034 1143 5094 τοῖς
1199 5030 1467 5100 βασιλέως
1530 5026 1898 5082 ἐπεϐούλευσε

324 5126 506 5186 παισὶ,
558 5127 653 5177 καὶ
710 5124 971 5192 οὐδεμιᾶς
1030 5125 1306 5192 ἀπέσχετο
1355 5122 1554 5192 πείρας
1581 5121 1898 5174 ἀποκτεῖναι

323 5217 450 5278 τοὺς
473 5216 626 5269 οὐδὲν
645 5216 972 5286 ἠδικηκότας
993 5216 1408 5285 μηχανώμενος,
1427 5214 1562 5268 Πότε
1583 5211 1660 5276 δὲ,
1679 5211 1902 5280 εἴρηκεν

325 5311 354 5361 ὀ
391 5307 672 5377 βασιλεὺς,
700 5310 792 5361 ἐπὶ
839 5308 996 5376 δίκην
1054 5306 1430 5369 καταστάντα,
1457 5306 1542 5358 ὅτι
1597 5305 1671 5374 μὴ
1711 5305 1780 5357 τὰ
1809 5307 1902 5370 ὲγ-

324 5401 586 5470 κλήματα
647 5399 920 5470 ἠδυνήθην
991 5398 1408 5460 ἀπολύσασθαι,
1453 5395 1901 5467 κατεψηφίσασθε

320 5493 536 5546 ἀδικεῖν
569 5492 724 5544 αὐτοὶ
753 5493 846 5543 καὶ
873 5494 1176 5561 ἐπιορκεῖν,
1208 5491 1306 5543 καὶ
1339 5489 1567 5544 τοιαῦτα
1593 5483 1682 5542 οία
1709 5487 1895 5554 λέγετε

323 5561 556 5655 τολμᾷν..
609 5584 732 5636 Τῶν
776 5583 832 5636 δὲ
880 5583 1109 5652 ἔναγχος
1158 5584 1220 5635 ὲκ
1269 5582 1570 5646 Βυζαντίου
1633 5580 1900 5634 είπύντων

323 5679 486 5747 ἣκειν
512 5678 570 5728 ὲν
598 5667 642 5742 ᾧ
665 5674 735 5727 τὰ
761 5677 904 5727 κατά
931 5675 1200 5744 βασιλέως
1248 5664 1340 5728 ὁπ’
1369 5674 1537 5728 αὐτοῦ
1593 5674 1901 5741 ἐσκαιωρη-

323 5767 471 5838 μένα
525 5769 795 5836 ἐκμαθεῖν
829 5783 842 5795 ·
873 5764 938 5820 δι’
991 5773 1026 5821 ἀ
1052 5769 1149 5820 atat
1181 5767 1308 5828 τοὺς
1359 5765 1476 5818 ἐκεῖ
1531 5764 1600 5817 τὰ
1636 5760 1900 5832 βασιλέως

565 5860 838 5921 Parnm"
872 5861 989 5921 Gn.
1028 5863 1232 5924 CLlll.

2006 4569 2270 4637 objicitis,
2306 4585 2392 4624 me
2438 4569 2885 4624 condemnastis?
2927 4571 3573 4654 ReSpondentibusjllis,

2005 4663 2168 4729 paulo
2199 4670 2324 4715 ante
2381 4661 2639 4730 Byzantio
2684 4661 2926 4725 venisse,
2975 4677 3004 4714 a
3045 4677 3156 4731 quo
3187 4679 3309 4733 qua:
3363 4653 3572 4736 ipsein

2006 4753 2392 4821 imperatorem
2438 4752 2839 4806 adolescentem
2899 4767 3155 4821 perverse
3224 4757 3571 4813 machinatus

2004 4854 2168 4911 esset,
2206 4845 2532 4902 didicissent
2567 4853 2665 4899 :et
2696 4843 2905 4899 idcirco
2934 4845 3026 4913 qui
3052 4845 3165 4900 illic
3188 4847 3574 4917 imperatorem

1963 4989 1972 4997 .
2009 4949 2318 5004 tuerentur,
2366 4939 2542 5008 ipsum
2573 4937 2872 5008 eXpulisse,
2915 4940 3270 5008 quibuscum
3317 4943 3576 5022 resistere

2005 5039 2244 5100 nequeat
2302 5031 2408 5084 huc
2469 5031 2678 5094 venire,
2740 5031 2930 5095 Recte,
2989 5032 3060 5085 mi
3111 5032 3298 5096 homo,
3333 5035 3577 5090 occurrit

2003 5121 2439 5185 Cantacuzenus,
2476 5123 2592 5176 haec
2615 5137 2712 5177 vos
2737 5121 3000 5193 Byzantio
3032 5123 3293 5178 didicisse
3319 5125 3420 5178 ais.
3459 5127 3572 5196 Ego

2007 5229 2138 5270 vero
2167 5215 2272 5269 huc
2291 5215 2474 5280 venio,
2503 5221 2563 5267 ut
2594 5229 2718 5268 cum
2745 5221 2796 5268 te
2821 5215 2889 5267 ob
2918 5213 3237 5268 maledicam
3271 5215 3573 5285 loquacita-

2010 5315 2118 5360 tem
2152 5285 2445 5376 punivcro,
2503 5316 2595 5360 tuo
2624 5307 2878 5374 exemplo
2934 5304 3035 5375 ipsi
3089 5308 3392 5376 proteri-ire
3427 5311 3575 5364 desi-

2005 5409 2155 5452 nant.
2196 5397 2290 5452 llis
2323 5413 2420 5467 per
2446 5397 2634 5450 ludum
2661 5397 2843 5463 dictis,
2873 5398 3155 5466 praiteriit.
3185 5397 3384 5453 Eadem
3411 5412 3576 5456 nocte

2007 5483 2388 5558 milites‘jussu
2421 5487 2771 5556 imperatoris
2795 5489 3025 5544 insidias
3040 5489 3104 5542 ad
3135 5499 3320 5557 portas
3348 5491 3578 5545 tenden-

2007 5590 2112 5644 tes,
2148 5588 2205 5633 ut
2228 5577 2565 5648 oppidanum
2595 5578 2836 5646 aliquem
2868 5589 3148 5648 caperent,
3181 5593 3246 5632 ex
3291 5594 3402 5649 quo
3445 5582 3575 5649 quid

2005 5671 2154 5723 intus
2209 5677 2532 5738 gereretur,
2567 5669 2977 5740 exprimerent,
3042 5687 3170 5726 casu
3229 5671 3570 5742 ipsissimum

2006 5762 2433 5856 conviciatorem
2468 5762 2640 5818 multo
2673 5777 2854 5832 mane,
2886 5765 3073 5820 nescio
3109 5765 3264 5835 cujus
3293 5765 3370 5820 rei
3405 5781 3566 5824 causa

3177 5857 3250 5918 29
