4096 6300
536 314 651 377 ’611

1741 313 2060 374 JOANNIS
2100 310 2628 373 CANTACUZENI
3675 315 3762 376 912

551 428 828 484 conditam
860 429 928 482 de
962 428 1232 484 industria
1264 443 1463 483 vexare
1499 425 1760 488 instabat,
1790 443 1890 481 nec
1943 427 2113 480 ullum

2223 444 2404 496 μενος.
2462 428 2534 481 Τὸ
2584 429 2765 482 δοκεῖν
2804 427 2941 497 μὲν,
2989 429 3070 482 ὅτι
3111 426 3275 496 ψήφῳ
3336 427 3433 496 τῆς
3487 430 3758 501 συγκλήτου

549 537 725 590 genus
759 521 1025 575 molestiae
1043 521 1093 575 ei
1127 536 1236 576 non
1272 520 1589 575 adhibebat.
1622 520 1757 574 Nam
1779 530 1834 576 et
1865 519 2130 573 custodes-

558 611 640 666 illi
705 611 908 676 dedit,
975 612 1230 666 homines
1293 611 1684 680 impudentes,
1763 612 2121 680 moribusque

549 701 854 765 barbdros,
916 704 1117 772 quibus
1208 703 1518 772 praecepit,
1572 718 1791 758 omnem
1851 705 1905 757 in
1973 704 2119 757 illam

550 795 832 850 diritatem
908 809 1280 863 expromere,
1343 803 1398 846 ct
1466 809 1630 862 quam
1698 795 2118 864 indignissime,

540 885 1137 955 contemptissimeque
1196 897 1451 940 tractare.
1501 887 1638 940 Hinc
1668 887 1918 956 quamvis
1960 895 2122 943 antea

549 993 769 1046 quoque
806 978 986 1032 victus
1035 979 1086 1031 ei
1144 977 1382 1047 maligne
1430 979 1790 1046 praeberetur,
1845 989 2024 1032 tamen
2046 978 2122 1048 :hi

553 1072 858 1124 tenuiorem
886 1071 1069 1124 adhuc
1099 1071 1546 1140 suppeditabant.
1581 1069 1734 1136 Quod
1795 1071 1839 1126 si
1875 1073 2118 1141 quando,

549 1162 728 1216 cilicio
789 1162 1149 1216 humanitatis
1216 1163 1487 1225 videlicet,
1542 1164 1632 1232 jus
1729 1165 2120 1238 porrigendum

547 1261 713 1317 esset,
748 1268 873 1306 cum
923 1253 1070 1307 laute
1123 1269 1188 1306 ac
1223 1253 1454 1308 delicate
1503 1253 1825 1316 educatam,
1876 1256 2122 1325 nihilque

551 1357 714 1408 posse
743 1343 1114 1404 immundum,
1153 1359 1219 1399 ac
1266 1343 1555 1399 sordidum
1589 1355 1812 1415 tangere
1867 1361 1974 1401 non
2025 1363 2122 1403 ne-

550 1434 781 1494 scirent,
816 1450 1014 1490 manus
1048 1435 1227 1508 illotas
1253 1437 1617 1496 immittentes
1655 1438 2119 1508 pervestigabant,

549 1527 746 1593 eetlnid
775 1527 922 1581 intus
954 1529 1187 1585 laterent
1233 1545 1260 1582 a
1303 1529 1414 1583 lilio
1449 1531 1668 1590 litterae.
1703 1531 1918 1585 tametsi
1976 1531 2122 1600 quod

519 1644 528 1653 -ν
548 1616 884 1683 offerebant,
914 1620 1140 1688 ipsimet
1174 1630 1460 1676 coxerant.
1490 1622 1643 1687 Quod
1674 1637 1797 1676 cum
1837 1623 1923 1677 illa
1974 1625 2124 1678 vide-

549 1720 655 1774 rct,
691 1713 884 1766 misera
918 1711 1062 1766 fame
1093 1713 1286 1777 emori,
1322 1729 1484 1782 quam
1529 1715 1842 1782 spurcitiem
1871 1715 2124 1784 hujusce-

2228 518 2424 589 βουλῆς
2455 523 2551 575 καὶ
2581 519 2881 590 βασιλίδος,
2919 519 3015 574 καὶ
3058 519 3292 588 μάλιστα
3319 520 3645 590 πατριάρχου
3676 523 3760 586 τὰς

2225 612 2501 682 τιμωρίας
2541 608 2624 675 οἷς
2653 611 2720 665 ἂν
2748 611 3058 681 ἐθελήσειεν
3093 611 3332 678 ἐπάγων.
3364 611 3442 682 Τῇ
3469 611 3512 664 δ’
3543 613 3761 684 ἀληθείᾳ,

2225 703 2294 756 τὰ
2325 704 2588 758 δοκοῦντα
2615 705 2796 774 ἐαυτῷ
2822 704 3016 759 ποιῶν.
3046 703 3158 776 Τήν
3185 705 3240 758 δέ
3286 705 3548 775 βασιλέως
3580 708 3763 778 μητέρα

2226 797 2686 868 Καντακουξηνοῦ
2723 839 2737 863 ,
2797 801 2894 852 καὶ
2963 800 3235 869 πρότερον
3305 800 3362 850 ἐν
3427 799 3762 870 δεσμωτηρίῳ

2226 889 2814 959 κατακεκλεισμένην,
2875 889 3076 958 μᾶλλον
3149 890 3387 943 ἐκάκουν
3441 889 3761 960 ἐξεπίτηδες,

2224 981 2321 1032 καὶ
2389 978 2544 1033 οὐδὲν
2595 973 2740 1042 εἶδος
2804 980 2988 1050 λύπης
3040 979 3310 1032 ἀπέλιπον
3369 979 3764 1050 ἐπιδεδειγμένοι

2225 1071 2362 1142 πρὸς
2413 1071 2654 1140 ἐκείνην.
2684 1070 2941 1135 Φύλακάς
2979 1089 3038 1124 τε
3091 1071 3200 1141 γὰρ
3241 1072 3549 1138 ἐπέστησαν
3576 1073 3764 1142 ἀνθρὼ-

2225 1177 2361 1222 πους
2392 1161 2632 1225 ἀναιδεῖς
2656 1166 2753 1218 καὶ
2776 1163 2868 1216 τδν
2894 1163 3096 1233 τρόπιν
3124 1161 3462 1232 βαρϐάρους,
3493 1166 3584 1218 καὶ
3609 1166 3764 1217 πᾶσαν

2223 1252 2634 1306 ἐπιδείκνυσθαι
2686 1254 3064 1323 προσέταττον
3123 1255 3351 1321 πικρίαν
3407 1253 3542 1322 πρὸς
3596 1254 3764 1321 αὑτήν.

2224 1344 2336 1396 Καὶ
2376 1345 2554 1415 πάντα
2599 1327 2780 1398 ποιεῖν
2826 1343 3213 1412 ἐφ’ὖόρεικαὶ
3235 1345 3657 1415 καταφρονήσει.
3698 1346 3765 1398 Τά

2222 1447 2282 1482 τε
2328 1411 2604 1499 ἀναγκαῖα
2658 1433 2797 1503 πρὸς
2852 1411 3077 1504 τροφὴν,
3132 1433 3228 1487 καί
3273 1451 3360 1486 τοι
3411 1411 3763 1505 καὶπρότερον

2226 1521 2420 1582 ἐνδεῶς
2451 1523 2814 1593 παρέχοντες,
2838 1525 2918 1576 ἔτι
2943 1525 3144 1594 μᾶλλον
3173 1523 3447 1593 γλίσχρως
3475 1524 3759 1595 ἐχορήγουν.

2225 1614 2289 1666 Εἰ
2318 1613 2374 1666 δέ
2409 1631 2540 1667 ποτε
2598 1615 2702 1667 ἔδει
2742 1618 2838 1670 καί
2885 1614 3065 1684 ζωμόν
3113 1632 3234 1668 τινα
3285 1615 3567 1685 παρέχειν,
3595 1615 3760 1683 φιλαν-

2226 1697 2727 1775 θρωπευσαμένοιῖς
2805 1707 3010 1776 δῆθεν,
3069 1707 3271 1772 εἰδότες
3342 1709 3420 1770 ὡς
3479 1708 3762 1779 πολυτελείᾳ

537 1800 698 1854 ιιιιοὰί
735 1810 956 1870 gustare
997 1801 1214 1854 maluit.
1284 1801 1473 1855 llieme
1521 1811 1703 1856 autem
1744 1805 2006 1858 acerrima
2057 1818 2121 1859 ac

2227 1765 2645 1866 ἐντραφείηααὶ
2679 1765 2888 1869 τρυφή,
2923 1765 3016 1852 καί
3047 1765 3267 1862 οὐδενὸς
3288 1800 3356 1852 ἂν
3397 1765 3590 1867 ἀψαιτο
3620 1766 3763 1869 μεμοί

548 1890 846 1962 perfrigida
880 1905 981 1947 nec
1011 1907 1075 1946 ex
1112 1900 1262 1948 veste
1308 1894 1548 1962 stragula
1581 1895 1647 1948 ad
1696 1909 1896 1964 corpus
1925 1912 2123 1966 coope-

549 1983 826 2048 riemlum,
861 1999 959 2039 nec
989 1999 1053 2039 ex
1101 1999 1334 2040 accenso
1386 1986 1507 2038 foco
1556 1986 1727 2040 ullum
1765 1988 1813 2042 ei
1859 1988 2117 2042 solatium

547 2076 953 2144 impertiebant,
997 2077 1250 2145 quamvis
1294 2077 1534 2146 Augusta
1571 2077 1919 2145 mandasset,
1954 2090 2016 2134 ut
2053 2082 2120 2138 in

545 2181 609 2219 ea
634 2165 1047 2221 curandaanihil
1068 2167 1615 2237 praetermitteretur.
1643 2168 1786 2235 Quin
1815 2171 1980 2226 etiam
2006 2179 2122 2227 toto

545 2258 633 2312 die
659 2257 939 2317 custodes.
976 2259 1091 2328 ipsa
1149 2258 1434 2321 audiente,
1493 2259 1550 2312 in
1606 2259 1776 2314 ﬁlium
1829 2262 2120 2318 maledicta

544 2351 662 2403 sine
695 2348 876 2404 fronte
914 2350 1123 2420 jactare
1171 2365 1280 2403 non
1327 2349 1642 2416 cessabant,
1691 2359 1745 2406 et
1778 2361 2034 2421 tanquam
2074 2355 2120 2410 si

541 2443 772 2498 nuntios
822 2443 1190 2513 accepissent,
1225 2443 1301 2497 illi
1338 2444 1676 2499 narrabant:
1713 2446 1851 2501 alias
1873 2447 2117 2516 quidem,

541 2541 766 2603 captum
826 2548 971 2595 esse,
1033 2541 1089 2587 et
1135 2533 1347 2587 catenis
1404 2533 1625 2604 injectis
1685 2532 1829 2588 {inde
1881 2536 2120 2605 raptari;

546 2625 703 2686 alias,
757 2623 1056 2678 commisso
1110 2623 1300 2692 praalio
1359 2622 1624 2688 occisum,
1679 2623 1901 2693 jamque
1957 2633 2121 2694 caput

548 2711 731 2767 aﬂerri
773 2711 916 2780 quod
941 2710 1339 2766 consolationis
1367 2725 1531 2766 causa
1561 2711 1628 2765 ad
1658 2727 1777 2766 eam
1817 2728 2035 2781 quoque
2061 2729 2121 2768 se

522 2799 813 2858 allaturos
843 2801 1279 2870 pollicebantur;
1316 2801 1529 2870 aliaque
1551 2800 1771 2855 demum
1786 2803 2119 2866 crudeliora,

548 2903 603 2947 et
631 2892 958 2946 immaniora
1004 2892 1199 2945 multo.
1251 2891 1410 2947 Unde
1464 2907 1629 2961 supra
1684 2893 1904 2948 modum
1955 2896 2120 2950 corde

549 2984 886 3039 inﬂammata
921 3022 937 3047 ,
998 2990 1055 3038 et
1112 2982 1491 3038 contabefacta
1524 3025 1539 3048 ,
1592 2984 1662 3052 {in
1715 2985 2118 3054 rapidissimam

550 3076 750 3131 febrim
776 3074 988 3132 incidit.
1011 3074 1251 3130 Femina:
1271 3074 1432 3129 socia:
1452 3074 1746 3129 archontas
1769 3077 2116 3145 saevissimos,
2149 3110 2191 3166 ε

549 3171 627 3225 uti
688 3170 960 3225 medicum
1016 3170 1162 3224 illam
1201 3169 1424 3223 visitare
1463 3177 1807 3237 paterentur,
1865 3173 2118 3240 quamvis

547 3263 906 3327 obtestantes,
942 3263 1220 3318 inﬂectere
1277 3277 1384 3316 non
1437 3269 1710 3331 poterant,
1750 3278 1922 3332 usque
1983 3265 2119 3338 adeo

541 3352 937 3422 improborum
1012 3350 1273 3414 illorum,
1329 3358 1385 3402 et
1428 3357 1816 3404 consuetorum
1871 3352 2119 3420 quotidie

544 3443 786 3495 humana
859 3440 1130 3494 devorare
1192 3441 1402 3495 viscera
1478 3439 1688 3510 (89),
1763 3439 1830 3494 ad
1895 3443 2122 3496 misera-

546 3533 752 3597 tionem
809 3535 1022 3588 viscera
1081 3532 1491 3586 obduruerant.
1523 3531 1757 3588 Omnem
1791 3533 1841 3588 ei
1877 3537 2120 3591 curatio-

545 3639 670 3678 nem
706 3632 992 3694 negarunt.
1017 3624 1172 3691 quasi
1207 3623 1461 3678 manibus
1487 3624 1604 3678 suis
1629 3638 1750 3679 eam
1776 3626 2118 3697 jugulantes.

545 3716 712 3788 469
751 3715 1072 3784 lmperatrix
1109 3714 1199 3768 ubi
1232 3729 1328 3784 per
1355 3715 1540 3769 nescio
1569 3731 1733 3785 quem
1762 3717 1909 3771 illam
1942 3734 2122 3788 aegro-

545 3819 685 3868 tare.
718 3822 822 3860 nec
861 3806 930 3859 ab
967 3805 1358 3871 archontihus,
1394 3813 1451 3860 et
1477 3821 1507 3859 a
1543 3807 1805 3876 magistro
1830 3809 2003 3875 orbis,
2035 3821 2119 3865 at-

546 3916 653 3970 que
692 3898 970 3969 discipulo
1015 3898 1163 3952 mitis
1194 3896 1341 3952 illius
1379 3912 1444 3952 ac
1511 3897 1731 3968 benigni
1765 3902 2122 3970 praeceptoris

551 3991 824 4045 medicum
873 3989 938 4042 ad
959 3989 1208 4043 eamdem
1247 3989 1578 4057 permissum
1607 3989 1814 4059 ingredi
1869 3992 2118 4059 rescivit,

552 4089 757 4136 tantam
805 4080 1074 4133 feritatem
1103 4122 1116 4144 ,
1154 4087 1372 4147 tamque
1403 4078 1615 4132 alienos
1643 4078 1711 4133 ab
1745 4079 1894 4133 omni
1926 4081 2122 4135 huma-

551 4172 724 4226 nitate
773 4171 1007 4234 animos,
1050 4169 1235 4224 verbis
1257 4169 1632 4237 asperioribus
1662 4170 1794 4239 ipsis
1819 4172 2120 4240 exprobra-

546 4263 648 4323 vit,
674 4271 726 4316 et
758 4261 1032 4314 medicum
1066 4273 1226 4314 suum
1259 4258 1427 4319 misit,
1451 4259 1543 4326 qui
1573 4273 1673 4326 pro
1701 4259 1896 4312 morbo
1923 4260 1973 4313 ei
2008 4275 2140 4314 me-.

444 4389 454 4396 -
545 4355 785 4409 dicinam
852 4355 1072 4407 faceret.
1129 4352 1197 4404 At
1241 4349 1578 4419 patriarcha,
1627 4358 1681 4402 et
1724 4349 1983 4419 reliquus
2029 4351 2120 4408 ille

2223 1889 2510 1958 λυσμένου
2557 1890 2656 1952 τὰς
2683 1892 2875 1960 χεῖρας
2917 1892 3178 1955 ἀνίπτους
3229 1893 3528 1957 καθιέντες,
3577 1893 3764 1965 διηρεύ-

2223 1999 2331 2034 νων
2359 1983 2520 2052 δῆθεν
2558 1983 2648 2036 τὸν
2684 1983 2870 2053 ζωμὸν
2897 2024 2912 2052 ,
2949 1985 2997 2036 εἰ
3053 1985 3127 2054 μή
3183 2002 3264 2038 τοι
3314 1986 3464 2039 ἔνδον
3501 1987 3763 2054 κρύπτοιτο

2223 2075 2528 2144 γράμματα
2561 2075 2711 2152 παρῤ
2741 2075 2836 2129 τοῦ
2887 2076 3007 2130 υἱοῦ
3059 2077 3472 2145 ἀπεσταλμένα,
3505 2079 3591 2131 καί
3616 2078 3688 2130 τοί
3710 2095 3762 2146 γε

2224 2167 2379 2219 αὐτοὶ
2407 2168 2516 2220 τῶν
2541 2167 2977 2238 προσαγομένων
3006 2170 3165 2232 ὄντες
3192 2169 3470 2240 μάγειροι.
3504 2173 3566 2224 "A
3588 2171 3761 2239 ὁρῶσα,

2227 2257 2426 2327 μᾶλλον
2457 2261 2641 2330 ᾑρεῖτο
2663 2259 2808 2329 λιμῷ
2835 2260 3024 2329 βιαίως
3056 2261 3448 2330 ἀποθνήσκειν,
3481 2261 3512 2332 ἢ
3535 2261 3761 2314 τοιούτων

2223 2351 2498 2415 γενέσθαι.
2543 2351 2632 2402 Ἐν
2657 2350 2886 2420 χειμῶνί
2917 2368 2975 2402 τε
3013 2351 3367 2422 σφοδροτάτῳ
3396 2353 3491 2406 καὶ
3517 2352 3760 2421 κρυμώδει

2221 2441 2499 2510 οὐδεμίαν.
2533 2441 2647 2494 οὔτ’
2696 2444 2760 2496 ἐκ
2797 2442 2918 2495 τῶν
2982 2443 3158 2497 ἄλλων
3187 2445 3534 2513 ἐπιτηδείων,
3563 2445 3676 2496 οὕτε
3702 2446 3755 2495 ἐκ

2225 2531 2396 2598 πυρὸς
2453 2533 2780 2602 παρείχοντο
2824 2535 3201 2606 παραμυθίαν.
3259 2535 3372 2588 Καί
3404 2552 3484 2588 τοι
3517 2534 3757 2604 βασιλίδος

2227 2623 2496 2692 μηδεμιᾶς
2557 2625 2696 2680 κατά
2747 2626 2806 2680 τὸ
2864 2628 3026 2696 σῶμα
3089 2626 3400 2695 θεραπείας
3463 2627 3760 2695 κελευούσης

2223 2712 2566 2782 ἀποστερεῖν.
2609 2715 2767 2785 Παρὰ
2831 2715 3015 2769 πᾶσάν
3052 2732 3111 2768 τε
3163 2716 3388 2785 ἡμέραν
3421 2719 3518 2770 οὐκ
3546 2716 3758 2769 ἐνέλιπον

2222 2805 2270 2856 οἰ
2309 2804 2546 2872 φύλακες
2587 2807 2678 2858 τὸν
2730 2807 2845 2860 υἱὸν
2877 2807 3134 2876 ἀσέμνως
3189 2807 3439 2877 ὑϐρίζειν
3472 2809 3556 2860 ἐπ’
3587 2808 3758 2874 αὐτῆςσ

2223 2896 2318 2946 καὶ
2379 2895 2454 2954 ὡς
2507 2896 2771 2963 ἀγγελίας
2822 2896 2983 2967 δῆθεν
3014 2902 3364 2968 πεπυσμένοι
3413 2901 3754 2970 ἀπήγγελλον,

2223 2984 2356 3036 ποτέ
2392 2987 2492 3055 μὲν
2519 2987 2594 3048 ὡς
2627 2987 2963 3058 συλληφθείη
2997 2990 3024 3042 ὁ
3057 2990 3192 3052 υίὸς,
3227 2994 3324 3045 καὶ
3363 2991 3570 3060 ἀτίμως
3599 2992 3756 3058 ἄγοιτο

2225 3081 2616 3148 περικείμενος
2647 3080 2832 3133 κλοιά’
2863 3081 3054 3134 ἄλλοτε
3086 3083 3143 3136 δέ
3169 3084 3245 3146 ὡς
3272 3085 3449 3155 μάχης
3472 3085 3756 3153 γενομένης,

2223 3168 2314 3220 ἐπ’
2353 3169 2522 3240 αὐτῆς
2574 3171 2969 3241 ἀποκτανθείη,
3001 3173 3099 3225 καὶ
3153 3173 3343 3242 ἄγοιτο
3391 3179 3423 3247 ή
3463 3175 3674 3245 κεφαλὴ,
3704 3177 3758 3245 ἦν

2222 3260 2579 3329 παραμυθίας
2619 3261 2781 3315 ἕνεκα
2843 3266 2938 3317 καὶ
2989 3264 3125 3334 πρὸς
3181 3267 3356 3336 αὐτὴν
3409 3269 3558 3336 ἄγειν
3589 3269 3753 3334 ὑπερι-

2224 3352 2499 3422 σχνοῦντο.
2543 3353 2651 3406 Καὶ
2697 3354 2860 3426 ἔτερα
2889 3356 3148 3426 ὠμότερα
3183 3359 3281 3410 καὶ
3317 3359 3755 3427 ἀπανθρωπᾶτερα

2222 3445 2422 3516 πολλῷ,
2462 3446 2522 3510 ἐξ
2564 3440 2639 3500 ὧν
2690 3447 2874 3518 ἐκείνη
2909 3451 3009 3518 τὴν
3053 3451 3278 3521 καρδίαν
3310 3452 3648 3522 ὕπερζέσασα
3677 3451 3757 3502 καὶ

2223 3541 2616 3602 κατατακεῖσα,
2648 3541 2904 3610 πυρετοῖς
2941 3540 3151 3612 ἐλήφθη
3197 3543 3597 3612 σφοδροτάτας.
3625 3543 3684 3594 Δί
3712 3540 3758 3593 δὲ

2183 3637 2192 3651 ‘
2223 3631 2352 3700 περὶ
2383 3629 2556 3700 αὐτὴν
2588 3634 2873 3700 γυναῖκες,
2906 3632 3072 3686 πολλά
3098 3633 3205 3686 τῶν
3235 3633 3535 3703 ὠμοτάτων
3561 3636 3758 3710 ἐκείντων

2223 3721 2499 3790 ἀρχόντων
2524 3721 2827 3790 δεηθεῖσαι,
2855 3720 2984 3775 ὥστ’
3013 3722 3308 3793 ἐπιτρέψαι
3338 3724 3517 3794 ἰατρὸν
3543 3724 3665 3793 πρὸς
3683 3723 3755 3774 αὖε

2222 3813 2323 3882 τήν
2342 3813 2584 3881 εἰσάγειν
2613 3814 2709 3867 καὶ
2741 3814 2994 3884 προνοίας
3023 3815 3257 3880 ἀξιῶσαι
3285 3818 3489 3888 μικρᾶς
3508 3815 3659 3875 τινὸς,
3679 3815 3760 3866 οἰκ

2221 3903 2571 3974 ἠδυνήθησαν
2621 3904 2760 3974 πρὸς
2793 3904 2942 3958 ἔλεον
2975 3906 3380 3961 ἐκκαλέσασθαι
3413 3907 3479 3961 τὰ
3515 3906 3760 3972 σπλάγχνα

2223 3995 2332 4046 τῶν
2395 3994 2732 4064 ἀγνωμόνων
2793 3995 3049 4063 ἐκείνων,
3088 4000 3182 4052 καὶ
3239 3999 3521 4070 σπλάγχνα
3589 3995 3760 4052 ἐσθίειν

2222 4083 2530 4152 ἀνθρώπων
2583 4085 2909 4154 εἰθισμένων
2985 4088 3282 4158 ὁσημέραι.
3360 4089 3499 4142 Ἀλλ’
3556 4088 3758 4142 ἀπεῖπον

2223 4174 2361 4243 αὐτῇ
2421 4175 2602 4226 πᾶσαν
2641 4173 2959 4240 θεραπείαν,
3013 4173 3202 4245 ὥσπερ
3256 4175 3568 4246 αὐτοχειρίᾳ
3618 4189 3760 4226 κατα·

2227 4265 2582 4333 σφάττοντες.
2625 4265 2689 4316 Ἡ
2729 4263 2944 4332 βασιλὶς
2977 4269 3070 4320 καὶ
3120 4267 3227 4319 ὑπό
3260 4284 3357 4320 του
3401 4267 3662 4337 πυθομένη
3691 4267 3757 4317 ὅτι

2225 4357 2405 4424 νοσοίη
2443 4359 2475 4426 ή
2509 4357 2604 4409 τοῦ
2648 4357 2915 4426 βασιλέως
2953 4361 3159 4429 μήτηρ,
3192 4359 3286 4412 καὶ
3320 4359 3396 4422 ὡς
3433 4362 3530 4417 οὐκ
3558 4361 3758 4427 ἐπιτρα·

548 4452 821 4506 bonorum
851 4447 1093 4500 virorum
1123 4453 1300 4498 coetus
1327 4451 1674 4498 sacramento
1699 4441 1978 4497 hominem
2004 4445 2121 4499 adi-

2229 4450 2354 4521 πείη
2386 4450 2542 4520 παρά
2593 4449 2705 4502 τῶν
2758 4451 3036 4521 ἀρχόντων
3087 4450 3182 4503 καὶ
3221 4450 3316 4503 τοῦ
3352 4447 3759 4509 διδασκάλουρτῆς

548 4556 701 4612 gere,
737 4541 1041 4610 ingressum
1071 4534 1208 4589 nihil
1238 4534 1303 4588 ad
1338 4531 1718 4602 depellendam
1739 4524 2118 4602 aegritudinem

549 4632 1024 4703 praescripturum.
1090 4627 1266 4693 Quem
1315 4638 1598 4678 accessum
1645 4636 2025 4693 recusantem,
2074 4629 2119 4682 si

540 4724 746 4796 iacenti
785 4737 852 4776 ac
886 4719 1157 4775 laboranti
1203 4734 1265 4771 ex
1322 4727 1446 4770 arte
1479 4729 1600 4776 sua,
1634 4715 1769 4769 nihil
1798 4717 2120 4786 profuturus

543 4826 722 4879 esset,
757 4819 1058 4881 coegerunt
1112 4806 1444 4877 imperatrici
1484 4804 1732 4871 obedire,
1769 4815 1832 4861 ut
1885 4816 1942 4863 et
1996 4824 2122 4863 cru-

545 4908 829 4963 delitatem
868 4917 1022 4958 suam
1078 4913 1251 4969 usque
1284 4899 1354 4952 ab
1388 4895 1547 4950 initio
1588 4907 1895 4961 servarent,
1937 4909 1992 4955 et
2027 4917 2124 4955 au-

550 5001 865 5058 ctoritatem
911 4998 1169 5064 Augusta:
1223 4990 1622 5058 contempsisse
1660 5003 1737 5045 'ne
1781 4991 2122 5058 viderentur,

549 5095 596 5149 si
627 5105 850 5147 accessu
894 5087 1046 5141 illum
1074 5084 1140 5138 ad
1173 5094 1428 5153 mgrotam
1454 5081 1885 5151 prohibuissent.
1911 5083 1967 5138 Si
1996 5100 2122 5153 per-

551 5187 845 5246 tenderet;
886 5194 943 5238 et
989 5179 1270 5251 quidpiam
1303 5177 1368 5231 ad
1403 5178 1632 5231 salutem
1670 5177 1811 5231 male
1867 5177 2123 5235 habentis

549 5283 782 5338 diceret,
838 5293 911 5330 ne
953 5275 1102 5340 ipsos
1137 5282 1323 5341 postea
1358 5279 1667 5345 accusaret,
1691 5285 1824 5324 cum
1861 5281 2028 5324 semet
2065 5273 2122 5324 in

543 5372 912 5428 calamitatem
959 5363 1395 5435 prtecipitasset;
1449 5363 1926 5416 Cantacuzenismi
1971 5367 2120 5420 enim

2227 4543 2675 4610 οἰκουμένηςξκαὶ
2706 4540 2950 4611 μαθητοῦ
2977 4541 3070 4594 τοῦ
3087 4543 3266 4612 πρᾴου
3295 4546 3391 4597 καὶ
3412 4539 3758 4613 φιλανθρώπου

2233 4633 2413 4703 ἰατρὸς
2441 4634 2578 4702 πρὸς
2626 4633 2796 4702 αὐτὴν
2838 4633 3127 4700 εἰσελθεῖν,
3179 4633 3426 4687 ὠνείδισε
3461 4635 3556 4703 μὲν
3608 4630 3760 4688 αὐτοῖς

2230 4723 2444 4790 πικρῶς
2465 4723 2564 4792 τὴν
2594 4722 2853 4792 ὠμότητα
2908 4724 3007 4775 καὶ
3055 4723 3156 4791 τὴν
3210 4724 3544 4793 ἀναλγησίαν
3571 4740 3583 4753 ·
3613 4722 3690 4773 τὸν
3713 4716 3759 4768 δὲ

2235 4815 2414 4885 ἰατρὸν
2436 4814 2686 4868 ἐκέλευεν
2703 4813 2762 4876 ὃς
2788 4814 2927 4882 αὐτῇ
2953 4813 3089 4882 πρὸς
3116 4814 3213 4876 τὰς
3232 4815 3421 4884 νόσους
3449 4812 3667 4881 συνήθης
3684 4805 3756 4877 ἦν,

2231 4910 2368 4978 πρὸς
2399 4907 2615 4976 ἐκείνην
2673 4922 2731 4958 τε
2785 4907 2982 4972 ἐλθεῖν,
3029 4907 3122 4960 καὶ
3159 4909 3414 4977 προνοίας
3441 4904 3654 4969 ἀξιῶσαι
3678 4900 3757 4967 τῆς

2234 5000 2482 5068 δεούσης.
2524 4997 2879 5068 Πατριάρχης
2907 4998 2963 5050 δὲ
3014 5001 3107 5051 καὶ
3137 5001 3170 5067 ή
3215 5000 3376 5068 λοιπὴ
3421 4998 3526 5051 τῶν
3568 4990 3756 5061 ἀγαθῶν

2230 5094 2452 5147 ἐκείνων
2483 5091 2692 5161 ἀνδρῶν
2739 5091 2944 5160 φατρία
2992 5091 3085 5142 τὸν
3133 5090 3317 5160 ἰατρὸν
3370 5087 3754 5158 παραλαὸόντες,

2229 5161 2425 5250 ὅρκους
2455 5179 2720 5250 ἀπῄτουν,
2755 5178 2896 5230 ὥστε
2937 5179 3158 5232 ἐλθόντα
3186 5181 3320 5250 πρὸς
3352 5180 3580 5248 ἐκείνην,
3615 5171 3754 5242 μηδὲν

2233 5275 2363 5343 περὶ
2400 5276 2497 5343 τῆς
2533 5273 2690 5324 νόσου
2737 5270 3117 5335 διατάξασθαι.
3168 5272 3274 5325 Τοῦ
3324 5271 3380 5322 δὲ
3411 5273 3501 5323 καὶ
3534 5267 3625 5335 τὴν
3652 5263 3754 5314 ἐπι·

2232 5365 2432 5434 δημίαν
2494 5362 2956 5434 ἀπαγορεύοντος,
3015 5363 3063 5414 εἰ
3122 5363 3304 5432 μέλλοι
3360 5360 3522 5431 μηδὲν
3578 5358 3634 5408 ἐκ
3674 5349 3754 5417 τῆς

1824 5478 2041 5538 Jacobi
2079 5481 2340 5542 Pontani
2378 5488 2563 5540 notae.

619 5589 730 5657 (89)
761 5587 1006 5658 Pulchra.
1027 5563 1379 5650 amplificatio
1403 5578 1494 5658 ﬁlii
1531 5579 1586 5631 in
1621 5595 1783 5658 causa
1817 5582 2026 5658 matris.
2054 5583 2118 5636 Et

549 5649 776 5711 miratur
831 5656 964 5709 satis
1014 5649 1225 5720 argute,
1258 5649 1548 5717 quomodo,
1582 5649 1672 5720 qui
1726 5650 1968 5717 quotidie
2012 5652 2115 5704 hu-

540 5741 709 5780 mana
765 5725 979 5780 viscera
1039 5717 1412 5780 comedet-ent,
1467 5725 1578 5770 tam
1636 5717 1784 5771 duris
1828 5725 2114 5785 potuerint

2218 5598 2340 5635 esse
2370 5582 2672 5636 visceribus
2703 5598 2716 5634 :
2759 5581 3026 5651 siquidem
3063 5581 3210 5634 omni
3255 5597 3412 5636 sensu
3441 5570 3753 5651 humanitatis

2215 5661 2489 5709 carerent,
2523 5662 2578 5703 et
2619 5653 2672 5704 in
2705 5644 2874 5722 ﬁgura
2917 5652 3154 5704 humana
3197 5652 3490 5706 bclluarum
3525 5644 3750 5701 szevitlem

2184 5793 2190 5800 .
2218 5723 2580 5775 imitarentur.
