4096 6300
538 370 652 468 .915
1714 372 2044 434 JOANNIS
2082 375 2575 438 CANTACUZEN
2585 377 2608 436 Ι
3660 384 3749 450 916

549 483 858 538 consultum
919 482 1059 538 velle
1111 483 1578 547 existimarentur,
1620 488 1998 556 exploratores
2047 485 2114 541 ad

2226 487 2362 542 ὥστε
2404 488 2501 542 καί
2529 504 2612 541 τοι
2659 489 2869 543 πολλῶν
2911 489 3050 544 αὐτὰ
3081 490 3350 563 πρότερον
3378 493 3750 563 συμμεριζομέ-

546 571 990 628 Cantacuzenum
1021 581 1267 634 mittunt.
1295 589 1502 644 eosque
1534 590 1784 630 reversos
1811 577 2115 646 excipiunt,

2226 595 2351 645 νων,
2385 581 2481 634 καὶ
2529 578 2599 632 τὰ
2643 581 2743 649 μὲν
2787 581 3131 653 ’Δποκαύχου
3173 582 3270 635 τοῦ
3321 582 3551 652 μεγάλου
3590 584 3752 650 δουκδς

547 664 616 719 ad
660 665 962 734 Augustam
1009 664 1386 731 introducunt,
1418 681 1541 721 cum
1571 667 1676 722 alia
1705 667 1878 724 multa
1908 667 1963 722 in
1992 682 2117 723 eum

2227 670 2732 741 παρακατέχοντος,
2763 674 3033 742 ἕτεραδὲ
3087 674 3307 728 Γαδαλᾶ
3357 674 3451 728 τοῦ
3508 692 3753 744 πρωτοσεο

549 755 900 818 mentientes,
942 764 1054 808 tum
1100 755 1245 824 quod
1284 757 1625 826 palaminter
1652 773 1783 814 suos
1814 774 1880 814 ac
1911 759 2120 830 magni-

2226 760 2456 826 ϐαστοῦ,
2495 764 2750 826 κάκεῖνος
2798 766 2908 834 γὰρ
2942 767 3232 837 συνάρχων
3259 765 3336 836 τῷ
3387 767 3598 836 μεγάλῳ
3628 767 3755 820 δουκὶ

524 845 649 900 Τοο
670 847 930 917 jurassct,
957 845 1002 903 si
1035 844 1275 912 vicisset,
1303 849 1451 902 illam
1487 864 1611 904 cum
1642 850 1754 905 ﬁlio
1787 851 2119 920 imperatore

2226 853 2292 904 τὰ
2323 853 2481 906 κοινὰ
2537 852 2747 923 διῴκει,
2804 855 2902 908 καὶ
2963 855 3218 925 μεσάζων
3265 857 3497 926 βασιλίδι
3551 853 3631 927 ἦν,
3679 858 3756 911 καί

547 942 700 988 extra
729 950 893 990 omne
923 935 1164 992 dedecus
1185 937 1331 992 aliud
1357 938 1670 994 occisurum
1694 943 2076 997 tantummodo
2103 960 2116 998 :

2226 939 2506 1009 Κιννάμου
2558 940 2654 994 τοῦ
2705 942 2971 1012 μυστικοῦ
3019 945 3130 998 τῶν
3161 943 3458 1015 βασιλικῶν
3493 945 3756 1015 χρημάτων

543 1027 920 1096 τραιτίειιιοίιοῐη
990 1044 1115 1084 cum
1169 1032 1556 1099 consortibus,
1603 1034 1698 1102 qui
1756 1033 1863 1089 boc
1913 1034 2117 1089 bellum

2226 1031 2346 1110 τότε
2392 1031 2592 1102 ταμίου
2643 1032 2833 1099 δντος,
2887 1034 2984 1088 καὶ
3022 1035 3234 1089 πολλῶν
3265 1036 3468 1106 ἐτέρων
3498 1035 3757 1105 εὐνούχων,

545 1126 736 1174 contra
786 1135 846 1175 se
895 1121 1255 1188 conﬂassent,
1310 1121 1547 1178 fustibus
1575 1119 1726 1195 prius
1760 1124 2122 1196 ignominiose

2226 1124 2274 1178 οῖ
2309 1124 2821 1193 παρεδυνάστευον,
2870 1125 3021 1197 ὅμως
3071 1129 3136 1180 ἐκ
3187 1126 3295 1180 τῶν
3349 1126 3756 1195 ὑπολειπομένων

545 1219 858 1279 coopertos,
931 1213 1328 1268 contumeliosa
1366 1225 1422 1270 et
1455 1216 1795 1271 atrocissima
1829 1228 2004 1272 morte
2040 1217 2122 1271 in-

2226 1214 2640 1278 άναλίσκοντες,
2675 1215 2768 1268 τὸν
2805 1216 2943 1285 πρὸς
2991 1217 3216 1286 βασιλέα
3255 1218 3492 1286 πόλεμον
3525 1215 3756 1285 συνεκρό-

547 1310 971 1370 terempturum.
1017 1303 1122 1371 Qui
1169 1307 1471 1361 narrationi
1520 1297 1650 1363 huic
1700 1325 1767 1364 ex
1815 1311 2122 1380 composito

2226 1323 2370 1358 τονν·
2415 1303 2589 1366 οὕτως
2620 1301 2762 1375 ἦσαν
2786 1306 2991 1376 ἄπειρα
3035 1308 3112 1378 τῷ
3143 1309 3363 1378 πλήθει.
3398 1308 3461 1360 Ἢ
3492 1306 3683 1377 βασιλὶς
3709 1306 3754 1359 δὲ

547 1393 732 1446 statim
781 1405 1101 1463 praesentes.
1136 1395 1262 1451 inde
1292 1399 1541 1454 velamen
1573 1401 1868 1456 maximum
1892 1403 2123 1472 arripie-

2227 1396 2401 1451 πολλά
2437 1397 2701 1460 πολλάκις
2731 1398 2859 1468 περὶ
2900 1400 3124 1470 εἰρήνης
3157 1400 3292 1470 πρὸς
3323 1404 3656 1467 πατριάρχην
3682 1399 3758 1450 καὶ

546 1481 700 1546 bant,
735 1499 836 1538 cur
872 1500 981 1539 non
1012 1499 1241 1556 possent
1275 1490 1327 1542 in
1375 1497 1527 1544 tanto
1557 1489 1876 1546 discrimine
1928 1500 2123 1560 sponte

547 1569 600 1622 in
655 1571 804 1640 ipsos
848 1573 983 1628 adeo
1009 1574 1305 1630 insanienti
1337 1592 1396 1630 se
1430 1575 1690 1644 subdere,
1718 1586 1775 1633 et
1804 1594 1904 1649 per
1930 1595 2121 1649 pacem

547 1660 787 1717 tradere.
834 1662 1028 1744 Statim
1062 1667 1224 1735 [omni
1287 1679 1487 1724 conatu
1553 1685 1618 1724 ac.
1666 1669 1892 1725 libentia
1930 1671 2008 1726 illi
2037 1686 2124 1726 ar-

546 1754 651 1806 mis
677 1758 1105 1824 occurrendum,
1134 1768 1188 1813 et
1209 1760 1254 1814 si
1277 1762 1400 1829 quis
1420 1761 1488 1816 de
1508 1777 1644 1831 pace
1671 1762 1896 1817 verbum
1914 1763 2145 1829 ederet,‘

2224 1491 2352 1552 τοϋς
2387 1487 2585 1551 ἄλλους
2607 1488 2719 1542 τῶν
2749 1493 3094 1559 πραγμάτων
3128 1491 3396 1561 ἄρχοντας
3431 1489 3757 1560 διαλεχθεῖσα,

2224 1582 2379 1635 οὐδὲν
2429 1580 2628 1635 άνῦσαι
2687 1580 2792 1633 τῶν
2837 1581 3069 1635 δεόντων
3119 1572 3648 1652 ήδυνήθη,ἐκείνων
3673 1580 3756 1650 ήδη

2226 1669 2370 1724 κατά
2417 1670 2620 1739 κράτος
2682 1670 2904 1722 πάντων
2949 1669 3265 1739 ἐσχηκότων
3314 1666 3414 1739 τὴν
3467 1666 3650 1738 ἀρχὴν,
3681 1665 3760 1718 καὶ

2225 1761 2337 1816 οὐδ’
2369 1761 2565 1832 ἄκροις
2615 1760 2720 1814 ὠσὶ
2764 1761 2864 1833 τὴν
2909 1762 3132 1831 εἰρήνην
3176 1745 3760 1831 παραδεχομένων.⁴ί“ού

545 1843 800 1899 similiter
839 1846 894 1900 in
944 1847 1121 1903 bosus
1162 1849 1284 1904 loco
1318 1850 1631 1906 habendum
1671 1852 1982 1909 edixerunt.
2012 1854 2119 1910 Sed

2226 1855 2400 1907 δοκεῖν
2437 1831 2495 1906 δὲ
2524 1852 2712 1907 δίκαιά
2763 1831 2829 1904 τε
2881 1851 3018 1920 ὁμοῦ
3077 1853 3173 1906 καὶ
3218 1851 3454 1922 βασιλίδι
3484 1852 3576 1906 καὶ
3605 1850 3761 1920 σφίσιν

543 1931 930 2002 Cantacuzeno
959 1953 1083 1993 cum
1115 1940 1363 1996 exercitu
1387 1942 1443 1996 in
1473 1941 1828 1998 Occidentem
1853 1944 2119 2014 profecto,

545 2026 914 2094 Apocauchus
966 2044 1196 2098 magnus
1227 2030 1335 2084 dux
1363 2033 1534 2088 totius
1570 2033 1788 2103 imperii
1820 2036 2024 2100 reetor,
2054 2049 2120 2088 ex

544 2116 854 2171 continenti
891 2133 948 2173 se
976 2134 1138 2188 posse
1172 2122 1432 2178 resistere
1457 2123 1790 2194 desperabat
1822 2141 1836 2180 :
1875 2125 2023 2196 quod
2066 2134 2126 2180 ut

547 2205 641 2260 tali
690 2206 1006 2263 adversario
1045 2221 1104 2264 se
1135 2212 1362 2267 minime
1396 2228 1606 2283 parem,
1639 2214 1714 2269 ita
1741 2215 1952 2270 nullum
1984 2232 2125 2285 quo-

544 2314 651 2365 que
701 2314 883 2368 operae
922 2302 1161 2371 pretium
1193 2303 1468 2359 facturum
1499 2306 1685 2361 sciret.
1719 2305 1904 2375 COpiis
1940 2317 2123 2361 autem

543 2388 860 2457 Byzantinis
927 2399 978 2446 et
1064 2391 1337 2464 Threiciis
1389 2408 1501 2448 non
1547 2392 1917 2448 mediocribus
1962 2392 2121 2464 471

2224 1947 2411 2008 αὐτοῖς
2469 1945 2822 2016 συμφέροντα
2871 1944 3170 2014 αἰρεῖσθαι,
3218 1944 3602 2007 κατασκόπους
3629 1943 3763 2012 δῆθεν

2225 2037 2650 2108 προπέμποντες
2701 2035 2839 2105 πρὸς
2897 2034 3362 2106 Καντακουζηνδν
3416 2033 3760 2104 τὸνβασιλέα,

2224 2129 2416 2183 ἔπειτα
2470 2127 2857 2197 ὑποδεχόμενοι
2920 2128 3246 2190 ἐπανιόντας
3279 2167 3295 2192 ,
3376 2127 3589 2198 εἰσῆγον
3649 2127 3764 2197 πρὸς

2227 2221 2495 2292 βασιλίδα⁶
2523 2220 2660 2274 ἀλλα
2692 2236 2754 2275 τε
2792 2219 2964 2274 πολλά
3014 2220 3228 2274 ἐκείνου
3259 2219 3762 2289 καταψευδομένους,

2226 2315 2319 2368 καὶ
2365 2313 2439 2375 ὡς
2498 2311 2805 2380 ἀναφανδὸν
2855 2311 2992 2381 πρὸς
3034 2311 3160 2374 τοὺς
3195 2311 3456 2372 συνόντας
3493 2309 3765 2380 μεγαληγο-

2229 2405 2374 2475 ροίη,
2427 2403 2504 2466 ὡς
2553 2404 2602 2455 εἰ
2654 2401 3002 2473 περιγένοιτο
3051 2402 3110 2454 ἐν
3146 2400 3225 2471 τῷ
3258 2401 3506 2472 πολέμῳ,
3556 2398 3765 2470 βασιλίδα

449 3588 470 3604 ⁸
553 3582 872 3651 conjectura
918 3581 1244 3648 putavisset,
1291 3579 1512 3644 evenit;
1540 3580 1836 3648 plurimum
1866 3579 2012 3634 enim
2045 3577 2125 3634 rei

544 2496 670 2536 cum
723 2481 1097 2538 Andronicum
1145 2463 1511 2556 Piilwologum
1563 2497 1850 2555 generum,
1899 2496 1956 2540 et
1981 2463 2124 2540 ’l‘lio-

548 2590 690 2628 mam
740 2575 1106 2644 Palasologum
1157 2577 1329 2632 duces
1390 2577 1670 2645 dedisset,
1721 2577 1998 2632 mandavit
2065 2587 2126 2632 ut

547 2664 702 2720 illum
772 2667 1124 2737 insequentes
1180 2669 1674 2733 ineommodareut,
1699 2670 1742 2724 si
1807 2668 1941 2738 quid
1994 2683 2119 2738 pos-

555 2765 703 2820 sent,
773 2767 1032 2813 caventes
1063 2760 1254 2828 magis,
1289 2775 1356 2814 ne
1388 2761 1521 2828 quid
1552 2761 1651 2828 ipsi
1680 2761 1997 2815 detrimenti
2029 2775 2122 2814 ac-

559 2851 832 2920 ciperent.
862 2850 982 2918 ipse
1025 2864 1153 2904 vero
1207 2866 1277 2904 ne
1319 2851 1512 2906 sedere
1561 2852 1840 2906 videretur
1879 2866 2128 2906 summus

549 2957 734 2995 rerum
792 2941 1082 3009 princeps,
1111 2941 1395 3010 sexaginta
1440 2941 1660 2995 navium
1694 2941 1944 3003 classem,
1984 2942 2125 2996 velut

2227 2959 2342 3005 τες,
2381 2941 2652 3011 μεγίστην
2706 2932 2983 3010 πρόφασιν
3021 2940 3311 2993 ἐποιοῦντο
3345 2939 3406 2993 τὸ
3437 2934 3763 3007 μὴδύνασθαι

546 3050 578 3087 e
627 3033 761 3088 mari
811 3041 1161 3103 pugnaturus
1195 3033 1508 3098 adornavit|
1545 3033 1601 3088 in
1639 3047 1777 3102 quas
1799 3033 1866 3087 de
1894 3032 2125 3103 pecunia

2233 3031 2370 3102 πρὸς
2403 3031 2651 3084 κίνδυνον
2674 3030 2929 3084 τοσοῦτον
2956 3031 3098 3099 σφᾶς
3123 3031 3328 3094 αὐτοὺς
3357 3030 3586 3098 ὑπάγειν
3613 3023 3763 3080 ἐκοντί

548 3124 918 3179 Cantacuzeni
971 3125 1220 3196 Byzantii
1270 3125 1546 3179 occultata
1591 3132 1870 3194 sumptum
1920 3123 2053 3178 fecit
2110 3141 2124 3176 :

2229 3123 2307 3194 τῷ
2339 3125 2461 3175 κατ’
2485 3122 2712 3199 ἐκείνων
2739 3121 2882 3175 οὕτω
2913 3122 3233 3192 μαινομένῳ
3283 3124 3372 3177 διά
3409 3125 3507 3191 τῆς
3535 3119 3764 3186 δοκούσης

551 3216 767 3270 tametsi
810 3215 962 3271 illum
998 3230 1211 3279 omnes,
1251 3224 1310 3269 ut
1339 3214 1498 3270 valde
1527 3229 1790 3270 vesanum
1822 3213 2125 3284 reprehen-

2231 3215 2454 3284 εἰρήνης
2507 3212 2947 3283 ἐγχειρίζοντες,
3003 3212 3204 3266 αὐτίκα
3257 3228 3330 3276 τε
3370 3209 3677 3281 ἐψηφίζοντο
3713 3207 3765 3256 τὺ

550 3307 765 3372 derent,
813 3306 908 3376 qui
959 3305 1206 3361 terrestri
1245 3305 1513 3362 exercitui
1559 3305 1805 3360 navalem
1843 3319 2123 3375 opponere

2230 3305 2340 3359 δεῖν
2377 3304 2570 3374 ἐκείνῳ
2611 3303 2760 3372 πάσῃ
2793 3304 2999 3377 σπουδῇ
3029 3305 3124 3356 καὶ
3177 3303 3462 3372 προθυμίᾳ
3519 3297 3762 3363 πολεμεῖν.

552 3398 871 3454 institueret
892 3436 907 3460 .
954 3406 1271 3467 tantamque
1305 3397 1596 3467 pecuniam
1637 3398 1789 3452 nullo
1821 3397 2005 3452 fructu
2037 3395 2122 3450 iu-

2231 3396 2338 3449 Καὶ
2365 3396 2418 3447 εἰ
2442 3411 2525 3457 τις
2571 3393 2627 3446 τὶ
2658 3394 2791 3460 περὶ
2819 3394 2923 3460 τῆς
2957 3393 3096 3462 πρὸς
3119 3394 3333 3445 ἐκεῖνον
3365 3393 3583 3461 εἰρήνης
3612 3386 3763 3456 φθέγ-

551 3499 814 3545 sumeret.
856 3489 1028 3544 Aliter
1081 3505 1266 3558 porro,
1306 3504 1470 3559 quam
1512 3489 1636 3559 quis
1665 3489 1831 3544 ducta
1852 3505 1919 3543 ex
1959 3487 2122 3542 rebus

2231 3487 2385 3552 ξαιτο
2414 3525 2430 3549 ,
2491 3484 2752 3553 πολέμιον
2827 3485 3080 3553 ἡγεῖσθαι
3142 3484 3239 3539 καὶ
3296 3485 3480 3539 αὐτόν.
3534 3480 3675 3536 Ἐπεὶ
3719 3478 3765 3531 δέ

2237 3578 2494 3650 βασιλεύς
2552 3594 2612 3630 τε
2665 3579 2694 3630 ό
2737 3575 3193 3646 Καντακουζηνὸς
3234 3577 3623 3646 ἐξεστράτευσε
3651 3569 3767 3639 πρὸς

2229 2496 2327 2564 μὲν
2381 2494 2728 2564 καὶηβασιλέα
2759 2495 2849 2546 τὸν
2887 2495 3003 2546 υἰὸν
3043 2495 3343 2547 ἀποκτενεῖ
3403 2493 3560 2562 μόνον
3595 2489 3766 2559 ἀτιμά-

2227 2600 2325 2644 σας
2373 2582 2538 2652 μηδέν
2564 2598 2580 2614 ·
2618 2581 2950 2653 πατριάρχῃ
3004 2580 3062 2634 δὲ
3113 2581 3210 2634 καὶ
3263 2583 3381 2644 τοῖς
3423 2579 3596 2641 ἀλλοις
3621 2577 3764 2631 οῖτδν

2226 2673 2478 2744 παρόντα
2539 2673 2780 2742 πόλεμον
2841 2672 3076 2743 ἤγειραν
3123 2664 3346 2742 ἀύτῷ,
3403 2669 3541 2741 μετὰ
3593 2666 3764 2726 πολλὰς

2227 2760 2432 2824 αἰκίας,
2463 2759 2793 2830 ἐφύδριστον
2817 2760 2940 2813 ’καὶ
2983 2759 3298 2829 βιαιότατον
3327 2758 3556 2812 θάνατον
3580 2751 3762 2816 ἐπάξει.

2229 2853 2292 2904 Οἳ
2321 2853 2416 2904 καὶ
2446 2853 2558 2914 τοῖς
2579 2851 2894 2920 λεγομένοις
2930 2853 2994 2904 ἐκ
3026 2851 3376 2922 συνθήματος
3407 2849 3565 2912 εὐθὺς
3596 2843 3766 2916 παρόνο

551 3672 1005 3728 Cantaduzenica:
1043 3672 1245 3735 obl‘uit,
1301 3671 1749 3727 Thessalonicam
1802 3686 1914 3725 non
1940 3669 2125 3724 dedita

2233 3671 2333 3737 τὴν
2383 3667 2664 3738 ἑσπέραν,
2723 3669 2818 3721 καὶ
2858 3669 3198 3737 ’Δπόκαυχος
3253 3669 3282 3720 δ
3324 3670 3497 3739 μέγας
3538 3663 3655 3728 δοὺξ
3685 3660 3768 3727 τήν

555 3765 624 3819 ab
663 3778 724 3818 se
770 3777 960 3833 opera,
1012 3761 1109 3817 sed
1160 3769 1310 3818 sorte
1358 3761 1594 3833 quadam
1637 3762 1886 3826 delatus,
1921 3761 1987 3815 de
2017 3772 2125 3829 quo

2237 3761 2417 3814 πᾶσαν
2471 3753 2576 3828 ἦγε
2643 3756 2932 3826 Ῥωμαίων
2991 3759 3314 3828 ἠγεμονίαν,
3364 3759 3427 3811 τδ
3471 3758 3564 3827 μὲν
3601 3757 3661 3807 ἐκ
3682 3751 3766 3819 τῆς

554 3864 743 3927 postea
771 3854 1093 3910 disseretur.

2239 3849 2470 3919 ἠπείρου
2499 3847 2596 3900 καὶ
2625 3848 2792 3908 αὐτὸς
2821 3849 3350 3919 άντιστρατεύεσθαι
3379 3851 3570 3917 ἐκείνῳ
3599 3843 3768 3910 ἀπεγίο

553 3962 802 4002 νωσκινο
869 3947 986 4018 ᾔδει
1027 3947 1138 4018 γὰρ
1196 3946 1360 4014 λόγου
1413 3943 1563 4011 ἀξιον
1610 3944 2045 4017 διαπραξόμενος
2105 3941 2261 3996 οὐδὲν
2289 3982 2304 4008 ,
2356 3939 2479 3994 οὐδὲ
2525 3939 2674 4010 ’πρὸς
2729 3940 2972 3994 τοιοῦτον
3036 3941 3450 4012 ἀνταγωνιστήν
3507 3939 3769 4007 ἀξιόχρεως

553 4041 813 4111 ἐσόμενος
862 4040 1047 4103 αὑτός.
1086 4040 1167 4110 Τῇ
1213 4039 1272 4092 δὲ
1318 4041 1385 4093 ἐκ
1444 4036 1880 4104 Βυζαντίουκκαὶ
1940 4037 2163 4108 Θρᾴκης
2187 4035 2434 4105 ,στρατιᾷ
2477 4033 2582 4086 οὐκ
2620 4032 2778 4104 ὀλίγῃ
2819 4032 2956 4105 οὔσῃ
2999 4033 3341 4102 Ἀνδρόνικόν
3381 4050 3442 4086 τε
3503 4026 3767 4086 Παλαιολό-

557 4132 800 4202 γονοτδν
852 4132 1144 4203 γαμϐρὸν,
1193 4134 1290 4186 καὶ
1344 4131 1549 4202 Θωμᾶν
1607 4132 1698 4184 τὸν
1746 4128 2120 4195 Παλαιολόγον
2189 4127 2490 4194 ἐπιστήσας
2550 4127 2916 4197 στρατηγοὺς,
2974 4125 3228 4180 ἐκέλευεν
3263 4125 3461 4195 ἐκείνῳ
3503 4122 3765 4192 ἑπομένους

560 4226 843 4295 βλάπτειν,
869 4224 923 4277 εἰ
950 4242 1030 4278 τι
1066 4223 1340 4290 δύναιντο,
1371 4223 1813 4294 φυλαττομένους
1882 4220 2084 4291 μᾶλλον
2131 4219 2208 4290 μὴ
2247 4219 2434 4280 κακῶς
2465 4216 2618 4271 αὐτοὶ
2647 4217 2859 4270 παθεῖν.
2890 4217 3064 4282 Αύτδς
3093 4218 3150 4271 δὲ
3181 4217 3278 4272 τοῦ
3329 4218 3407 4290 μὴ
3431 4218 3603 4271 δοκεῖν
3628 4211 3769 4282 ἀργὸς

559 4309 981 4391 καθῆσθαίτῶν
1029 4320 1169 4375 ὅλων
1222 4320 1363 4392 ἔχων
1390 4320 1492 4392 τὴν
1525 4320 1720 4391 ἀρχὴν,
1748 4317 2123 4388 ἐϐδομήκοντα
2162 4314 2298 4368 νεῶν
2333 4313 2523 4367 στόλον
2551 4312 2845 4384 ἐξηρτύετο
2906 4312 2982 4378 ὡς
3045 4316 3110 4366 ἐκ
3141 4313 3416 4386 θαλάσσης
3451 4311 3764 4380 πολεμήσων.

493 4484 502 4489 η
557 4414 786 4485 Δαπάνη
829 4413 887 4469 δὲ
915 4409 984 4486 ἦν
1012 4413 1162 4484 αύτῷ
1193 4413 1331 4485 πρὸς
1368 4414 1468 4476 τὰς
1491 4413 1743 4484 τριήρεις
1793 4411 1862 4464 τὰ
1923 4408 2191 4478 βασιλέως
2235 4409 2513 4478 χρήματα,
2560 4407 2596 4459 ἀ
2633 4405 2940 4474 ἐκρύπτετο
3015 4407 3072 4458 ἐν
3115 4405 3400 4477 Βυζαντίῳ
3426 4421 3440 4437 ·
3483 4403 3577 4458 καί
3619 4398 3692 4454 τοί
3717 4412 3767 4464 γε

561 4506 727 4562 αὐτοῦ
769 4508 969 4572 πάντες
1021 4506 1224 4576 πολλὴν
1263 4505 1674 4574 κατεγίνωσκον
1716 4501 2046 4574 ἀσελτηρίαν
2082 4503 2130 4554 εἰ
2170 4501 2307 4571 πρὸς
2337 4497 2640 4569 ἠπειρῶτιν
2685 4495 2945 4567 στρατιὰν
2993 4498 3058 4551 ἐκ
3126 4497 3402 4569 θαλάττης
3465 4496 3619 4557 αύτδς
3644 4493 3767 4544 ἀντι·

559 4597 854 4651 τάττεσθαι
898 4595 1514 4668 παρασκευάζοιτο,καὶ
1551 4595 1812 4667 χρήματα
1867 4593 2111 4648 τοσαῦτα
2148 4594 2249 4646 ούκ
2300 4593 2381 4655 εἰς
2422 4591 2542 4644 δέον
2575 4589 2885 4646 ἀναλίσκοι.
2956 4589 3030 4642 Τὸ
3089 4590 3136 4643 δ’
3169 4591 3475 4643 ἀπέϐαινεν
3519 4582 3761 4643 ἐναντίως,

559 4690 592 4758 ἦ
632 4689 700 4742 ἄν
732 4706 817 4751 τις
867 4691 931 4742 ἐκ
979 4689 1090 4742 τῶν
1134 4688 1478 4759 πραγμάτων
1521 4687 1919 4759 στοχαζόμενος
1982 4686 2158 4758 ᾠήθη.
2201 4685 2436 4738 Πλεῖστα
2479 4683 2589 4754 γὰρ
2626 4682 2829 4751 ἔϐλαψε
2901 4682 2972 4736 τά
3024 4680 3486 4752 Καντακουζηνοῦ
3519 4677 3609 4732 τοῦ
3638 4675 3764 4744 βασι-

559 4783 698 4844 λέως
726 4783 1052 4852 πράγματα,
1083 4782 1162 4846 εἰς
1205 4781 1608 4851 Θεσσαλονίκην
1634 4780 1736 4834 οὐκ
1769 4780 1834 4835 ἐκ
1867 4779 2127 4850 προνοίας
2165 4778 2322 4844 ἰδίας,
2361 4775 2498 4831 ἀλλά
2548 4776 2689 4832 κατά
2717 4775 2886 4848 τύχην
2949 4775 3277 4847 ἀφιγμένος.
3340 4773 3530 4828 Ταῦτα
3572 4769 3663 4842 μὲν
3689 4759 3765 4845 οὖν

561 4875 687 4928 ὕστε
695 4891 787 4944 ρον
815 4874 1116 4945 εἰρήσεται.
2141 4891 2144 4895 ’

1913 4985 2140 5043 CAPUT
2182 4984 2445 5041 XXXVII.
2549 5041 2553 5045 .

560 5155 764 5211 Contra
795 5151 999 5222 Syrgen
1038 5155 1149 5206 vias
1209 5151 1526 5207 obsidentem
1564 5149 1855 5222 excogitato
1906 5148 2073 5222 fraus.
2126 5145 2426 5222 Polystylos
2459 5139 2946 5222 λιιιιπξςιιτηδιὶεεί
2972 5143 3066 5222 _od
3107 5151 3558 5222 protostratorcm,
3592 5139 3762 5222 ιῑιξενςξ

631 5208 1266 5293 τεῙενιιιιῖ,”ρνοίιίὺειιιεε
1318 5237 1458 5273 nunc
1499 5208 1711 5293 venire:
1747 5220 1852 5293 nisi
1887 5208 2072 5293 Curate
2124 5208 2394 5293 adjuncto.
2449 5213 2586 5279 Quid
2611 5213 2824 5293 Chrel'ea
2856 5208 3128 5293 Iinvitat‘us
3172 5215 3529 5293 responderit;
3560 5208 3763 5293 and:

636 5278 908 5362 angustias
937 5278 1216 5363 conjicitur
1250 5278 1786 5363 imperator,__l’heris
1813 5278 2522 5363 exploratorestmittu‘ntur,
2550 5284 2804 5363 _captique
2847 5284 3160 5363 humaniter!
3195 5278 3550 5363 dimittuntur.
3585 5278 3763 5363 Litteris:

634 5381 690 5418 se
709 5351 905 5431 "purgat
932 5351 1355 5431 (Iaritacuzenus'.
1381 5359 1704 5413 Rescribitur
1736 5376 1769 5412 a
1804 5351 1988 5431 Syrge,
2015 5365 2066 5410 et
2093 5358 2276 5422 sociis;
2302 5356 2430 5431 ﬁdes
2454 5355 2500 5406 ei
2527 5351 2836 5422 denegatur.
2869 5351 3248 5422 Respondetur,
3267 5360 3316 5405 et
3346 5353 3410 5406 de
3438 5352 3486 5406 vi
3500 5351 3763 5420 juroumut

631 5425 727 5504 per
743 5425 985 5500 exompla
1001 5431 1292 5494 disseritur,
1317 5431 1606 5499 iterumque
1628 5425 1925 5486 innocentia
1951 5429 2260 5500 jurmuento
2289 5425 2657 5494 conﬁrmatur.

633 5526 1051 5624 Cantaeuzenus
1072 5566 1388 5638 imperator,
1421 5566 1512 5621 ubi
1535 5565 1940 5624 Peritheorium
1955 5565 2125 5620 addu-

2307 5560 2573 5623 Βασιλεὺς
2602 5558 2659 5612 δέ
2708 5557 2737 5611 δ
2788 5557 3243 5630 Καντακουζηνδς
3273 5556 3399 5609 ἐπεὶ
3432 5551 3763 5625 Περιθεώριον

565 5673 690 5710 cere
721 5656 773 5709 in
801 5665 1128 5724 potestatem
1186 5651 1454 5726 nequivit,
1477 5664 1533 5710 et
1554 5648 2125 5735 Thessalonicam'sibi

2239 5653 2381 5708 ἑλεῖν
2407 5652 2507 5705 οὐκ
2557 5648 2821 5720 ἠδυνήθη,
2851 5649 3148 5718 ἀναγκαῖον
3179 5649 3244 5719 δὴ
3279 5647 3465 5718 ήγεῖτο
3501 5645 3628 5735 πρὸς
3651 5641 3765 5735 Θεσ-

573 5745 878 5801 necessario
905 5745 1272 5802 festinandum
1297 5746 1528 5810 censuit,
1553 5745 1618 5800 de
1638 5742 1874 5800 adventu
1893 5757 1993 5800 suo
2011 5726 2125 5812 pro-

2247 5739 2544 5811 σαλονίκην
2568 5739 2669 5810 τὴν
2701 5737 2966 5807 ταχίστην
2996 5736 3313 5807 ἀφικέσθαι,
3349 5736 3462 5790 δεῖν
3487 5733 3623 5802 ἔγνω
3650 5726 3763 5797 1:96-
