4096 6300
343 342 452 408 917
1474 347 1898 411 HISTORIAR

2000 351 2019 409 Ι
2063 341 2294 414 LIBER
2333 355 2447 414 ΙΙΙ.
3485 363 3590 425 918

322 466 485 519 τερον
506 451 920 525 πρωτοστάτορι
953 454 1186 524 μηνύειν
1245 456 1346 527 τὴν
1377 457 1696 528 ἐπιδημίαν.
1732 458 1898 522 Εἰδὼς

2008 469 2358 529 tostratorem
2411 465 2561 534 prius
2621 480 2958 523 monenoum
3002 468 3183 524 duxit.
3235 469 3372 526 Cum
3403 482 3586 527 autem

323 543 384 595 δὲ
443 543 520 605 ὡς
569 543 792 614 Συργὴς
834 546 1184 616 στρατιώτας
1234 549 1455 620 πέμψας
1488 551 1753 616 φυλάττει
1805 551 1898 615 τὰς

2009 556 2390 624 comperisset,
2421 557 2629 628 Syrgen
2660 559 2842 614 missis
2872 560 3143 617 militibus
3168 560 3286 617 vias
3308 562 3587 629 obsidere,

321 636 479 699 ὁδοὺς
508 635 605 689 τοῦ
634 636 711 707 μὴ
745 636 979 694 λαθόντα
1009 639 1150 704 τινὰ,
1177 641 1439 709 ἀγγελίας
1465 642 1530 696 ἐκ
1557 660 1723 698 τινων
1755 643 1898 714 αὐτῷ

2009 661 2076 702 ne
2119 649 2245 716 quis
2287 647 2354 702 ad
2399 664 2525 703 eum
2573 649 2769 706 fallens
2808 652 3036 705 nuntios
3071 652 3361 722 perferret,
3393 664 3585 710 contra

321 729 569 806 κομίζει,
585 729 830 785 τοιοῦτόν
856 749 909 786 τι
930 733 1068 802 πρὸς
1087 732 1189 802 τὴν
1212 735 1427 788 ἐκείνου
1456 734 1729 806 πονηρίαν
1754 737 1906 792 ἀντισ

320 795 588 891 τεχνὲται
627 821 741 877 τῶν
768 795 1322 893 στρατιιυτῶν-δυσὶ,
1353 825 1446 879 τὸν
1477 795 1614 895 μὲν,
1653 826 1908 881 ἐκέλευεν

319 913 666 976 ἀποδυθέντα
719 914 818 969 καὶ
858 916 1376 986 περιαγκωνίσαντα
1413 918 1624 984 ἑαυτὸν,
1674 919 1906 987 ἄγεσθαι

321 1008 620 1079 δεσμώτην
638 1023 653 1039 ·
678 1008 772 1062 τὸν
805 1008 998 1080 ἕτερον
1022 1009 1088 1063 δὲ
1115 1009 1294 1078 ἄγειν.
1344 1010 1410 1064 El
1441 1009 1500 1064 δὲ
1547 1012 1598 1064 oi
1626 1012 1726 1075 τάς
1751 1012 1906 1076 ὁδοὺς

321 1097 629 1170 τηροῦντες
662 1099 1036 1170 περιτύχοιεν,
1075 1101 1170 1154 τὸν
1197 1101 1401 1171 ἄγοντα
1427 1103 1662 1171 φάσκειν
1688 1103 1765 1166 ὡς
1812 1103 1906 1158 τὸν

326 1189 502 1244 ἵππον
530 1189 922 1258 ἀπολωλεκὼς,
957 1192 1051 1247 τὸν
1081 1193 1204 1264 μὲν,
1239 1191 1534 1269 οὺχ-εὖροι
1562 1209 1578 1224 ⁶
1609 1195 1702 1248 τὸν
1749 1195 1905 1269 χαλε-

319 1281 414 1335 νὸν
435 1281 516 1341 δέ.
573 1282 726 1347 παρά
759 1282 954 1354 τάνδρὶ
975 1258 1176 1338 τουτωί
1203 1299 1216 1314 ·
1245 1258 1587 1339 ἀπαῗτοῖιντα
1609 1284 1668 1338 δέ
1697 1258 1790 1339 καί
1813 1258 1906 1338 τίν

322 1371 496 1426 ἱππον
524 1372 601 1443 μὴ
629 1373 944 1427 ἀποδιδόναι
968 1390 986 1404 ι
1019 1374 1158 1428 ἀλλὰ
1183 1375 1276 1428 τὸν
1294 1375 1516 1446 χαλινὸν
1545 1376 1708 1446 μόνον
1741 1377 1906 1446 εὑρη-

319 1464 482 1518 κέναι
516 1465 671 1532 παρά
700 1464 800 1535 τὴν
831 1465 951 1519 ὁδὸν
990 1465 1450 1537 διῖσχυρίζεσθαι.
1516 1460 1594 1522 Ob
1648 1468 1714 1537 δὴ
1743 1467 1906 1538 χάριν

319 1553 588 1623 δήσαντα,
617 1554 774 1624 ἀγειν
805 1555 943 1625 πρὸς
972 1555 1064 1608 τὸν
1087 1554 1353 1625 βασιλέως
1388 1556 1552 1623 θεῖον,
1592 1557 1745 1618 ὅπως
1770 1559 1904 1629 παρ’

320 1642 540 1697 ἐκείνου
603 1642 1038 1714 βασανιζόμενος
1112 1646 1341 1718 ἀποδοίη
1402 1647 1498 1699 καὶ
1560 1646 1656 1700 τὸν
1715 1647 1903 1704 ἵππον.

335 1733 588 1788 Ἐκέλευε
636 1733 695 1788 δὲ
752 1736 850 1790 κα)⁸
899 1735 994 1789 τὸν
1047 1736 1338 1807 δεσμώτην
1367 1737 1446 1806 τῷ
1476 1739 1664 1810 ἄγοντι
1709 1739 1778 1793 τά
1811 1740 1902 1794 ῐσα

2006 735 2308 803 nequitiam
2347 737 2506 800 illius
2551 738 2846 793 artificium
2886 739 3266 809 hujuscemodi
3303 743 3586 813 excogita-

2007 826 2108 880 vit.
2153 827 2376 883 Duobus
2423 829 2693 884 militibus
2738 830 3052 898 imperavit,
3101 832 3195 886 uni
3233 833 3480 902 quidem,
3527 843 3588 888 ut

2005 919 2256 974 vestibus
2325 929 2524 978 exutus
2567 931 2624 977 et
2658 923 2917 978 manibus
2970 932 3275 996 post-terga
3311 925 3592 982 revinctus

2007 1012 2328 1078 doceretur,
2357 1015 2517 1070 alteri
2544 1031 2678 1071 vero
2707 1027 2766 1072 ut
2795 1016 3043 1073 duceret.
3073 1016 3132 1072 Si
3158 1019 3253 1087 qui
3315 1018 3432 1074 vias
3454 1017 3588 1074 insi-

2007 1106 2213 1162 debant
2262 1117 2640 1175 occurrerent,
2691 1095 2964 1166 afﬁrmare
3008 1111 3326 1174 ducentem,
3359 1126 3418 1167 se
3442 1125 3620 1180 equo.

2007 1195 2224 1265 perdito
2255 1195 2407 1250 illum
2435 1197 2659 1266 quidem
2693 1213 2802 1252 non
2841 1198 3114 1262 invenire,
3146 1197 3367 1252 frenum
3390 1207 3617 1252 autem«

2007 1286 2152 1358 apud
2199 1288 2350 1343 hunc
2393 1290 2577 1344 virum
2617 1289 2909 1360 reperisse,
2963 1291 3057 1359 qui
3083 1305 3302 1360 equum
3355 1289 3461 1345 sibi
3507 1304 3590 1344 re-

2005 1379 2255 1448 poscenti
2303 1395 2412 1434 non
2453 1381 2670 1447 reddat,
2714 1382 2810 1436 sed
2852 1381 3068 1437 frenum
3109 1383 3374 1437 duntaxat
3408 1380 3462 1436 in
3500 1382 3616 1436 via—

2006 1470 2110 1524 sibi
2160 1480 2436 1537 repertum
2472 1470 2725 1527 afﬁrmet.
2748 1471 2922 1538 Quam
2963 1473 3034 1526 ob
3068 1483 3290 1528 causam
3337 1487 3395 1526 se
3429 1472 3614 1526 illum.

2005 1561 2252 1617 vinctum
2304 1562 2373 1617 ad
2426 1564 2778 1632 imperatoris
2827 1563 3042 1620 amnem
3100 1562 3212 1634 (9t)
3259 1563 3483 1628 dueere,
3526 1569 3610 1617 ut.

2007 1655 2074 1710 ab
2127 1654 2247 1724 ipso
2290 1654 2579 1724 quaestioni
2627 1655 2928 1724 subjectus,
2981 1653 3148 1707 etiam
3187 1667 3392 1722 equum
3419 1651 3587 1708 resti-

2007 1755 2124 1800 tuat
2158 1759 2172 1797 :
2212 1748 2365 1817 quod
2407 1756 2464 1802 et
2507 1747 2749 1802 vinctum
2789 1759 2913 1799 cum
2940 1745 3170 1798 ductore
3199 1741 3470 1798 affirmare
3495 1741 3580 1813 ju-

323 1825 717 1894 συνομολογεῖν
741 1843 754 1858 ·
815 1813 1008 1881 τοῦτον
1063 1828 1122 1882 δὲ
1149 1831 1242 1882 τὸν
1267 1830 1474 1900 τρόπον
1522 1808 1893 1902 παρελθόντας

2006 1839 2192 1893 bcbat.
2215 1808 2329 1894 lloc
2349 1847 2532 1894 autem
2559 1838 2724 1892 modo
2745 1835 3038 1907 praeteritis
3059 1833 3348 1898 custodiis,
3367 1808 3585 1887 utrum-

315 1916 452 1981 τοὺς
479 1917 876 1987 φυλάσσοντας,
904 1919 1102 1975 ἔπειτα
1128 1921 1362 1992 ἕκαστον
1388 1917 1443 1977 οἳ
1488 1925 1898 1994 προσετέτακτο

318 2012 660 2082 ἀποχωρεῖν.
719 2014 785 2066 οι
839 2013 942 2084 μὲν
985 2013 1080 2068 οὖν
1111 2016 1335 2069 ἐποίουν
1362 2015 1507 2070 κατά
1535 2017 1605 2071 τά
1636 2017 1894 2070 κεκελευ-

318 2102 520 2170 σμένα,
549 2103 643 2156 καὶ
671 2103 1020 2166 διαλαθόντες
1047 2106 1176 2169 τοὺς
1201 2107 1297 2160 ἐπὶ
1326 2107 1429 2178 τὴν
1450 2106 1706 2177 φυλακὴν
1735 2125 1898 2162 τετα-

313 2192 558 2262 γμένους
586 2193 695 2246 τῶν
740 2195 895 2260 όδὼν,
956 2189 1094 2266 ἧκον
1145 2197 1284 2267 πρὸς
1340 2199 1804 2270 πρωτοπράτορα
1838 2201 1896 2254 ἐν

315 2285 716 2359 Θεσσαλονίκῃ.
745 2285 1002 2356 βασιλεὺς
1033 2288 1090 2341 δέ
1123 2288 1199 2352 ὼς
1253 2289 1493 2360 μάλιστα
1525 2292 1675 2362 ἐνῆν,
1703 2293 1765 2345 τὸ
1798 2292 1896 2346 νῦν

319 2375 426 2446 μὲν
487 2377 850 2444 ῐΙολύστυλον,
902 2380 962 2433 ἐν
1015 2381 1130 2442 τοῖς
1171 2379 1510 2451 Ἑλληνικοῖς
1565 2382 1624 2436 δέ
1680 2384 1896 2453 χρόνοις

319 2469 602 2538 Ἀδδηραν
625 2469 1017 2554 ὠνομασμένον
1072 2469 1348 2542 πολίχνιον
1376 2472 1644 2543 παράλιον
1671 2472 1754 2537 δν,
1800 2474 1894 2528 ὑπ’

313 2559 482 2613 αὐτοῦ
519 2577 580 2615 τε
611 2549 1040 2633 ᾠκοδομημένον
1069 2565 1362 2636 πρότερον,
1396 2565 1495 2618 καὶ
1527 2565 1651 2620 τότε
1677 2565 1766 2621 διὰ
1794 2568 1894 2638 τὴν

314 2652 556 2721 ἀρχαίαν
609 2649 980 2707 εὔνοιανούκ
1041 2654 1314 2720 ἀποστὰν,
1373 2656 1576 2727 πολλῆς
1633 2659 1895 2728 προνοίας

315 2742 580 2807 ἀξιώσας,
608 2743 758 2798 σίτον
789 2760 849 2798 τε
886 2744 1072 2809 αὐτοῖς
1123 2746 1562 2819 ἐπιχορηγήσας,
1596 2751 1690 2804 καὶ
1722 2767 1890 2820 στρα-

315 2831 525 2896 τιώτας
559 2835 699 2902 πρὸς
753 2834 1102 2904 ἐπικουρίαν,
1158 2834 1326 2898 αὐτὸς
1378 2835 1478 2907 τὴν
1528 2836 1696 2907 ἀλλην
1752 2836 1892 2907 ἔχων

315 2924 603 2993 στρατιὰν,
637 2926 699 2978 τὸ
733 2926 884 2996 παρά
909 2927 1010 2996 τὴν
1039 2924 1440 2996 Χριστούπολιν
1469 2927 1726 2998 τείχισμα
1749 2929 1892 2983 διελ..

315 3017 451 3077 θὼν,
504 3017 1004 3086 ἐστρατοπέδευσεν
1051 3019 1110 3070 ἐν
1159 3019 1471 3082 Φιλίπποις.
1526 3021 1763 3076 Ἔπειτα
1815 3021 1893 3084 ὡς

1999 1942 2107 1996 que
2135 1942 2246 1998 quo
2275 1927 2593 1983 mandatum
2631 1935 2752 1981 erat
2798 1927 2970 1981 abire.
3003 1923 3085 1978 llli
3123 1922 3394 1977 mandatis
3418 1921 3584 1976 mori-

1998 2014 2134 2084 geri.
2161 2013 2406 2084 deceptis
2433 2014 2648 2068 itineris
2673 2011 3001 2068 custodibus
3029 2011 3096 2065 ad
3128 2016 3583 2080 protostratorem

1999 2103 2440 2158 Thessalonicam
2487 2104 2740 2159 veniunt.
2790 2099 2955 2174 472
3008 2103 3316 2171 Imperator
3360 2108 3583 2165 autem,

1997 2210 2162 2267 quam
2177 2195 2412 2251 maxime
2430 2202 2664 2271 poterat,
2684 2196 2846 2251 hodie
2858 2196 3080 2266 quidem
3096 2193 3428 2264 Polystylon.
3449 2201 3588 2244 tem-

1997 2289 2223 2358 poribus
2245 2289 2560 2344 Grmcomm
2583 2287 2854 2344 Abderam
2879 2288 3236 2347 nominatam.
3257 2282 3582 2354 oppidulum

1998 2380 2384 2434 maritimuma
2412 2380 2649 2450 seprius
2696 2380 3064 2434 instauratum
3102 2377 3269 2446 (quod
3318 2387 3449 2430 tunc
3487 2389 3586 2443 pro
3672 2390 3688 2412 θ

1995 2471 2170 2526 veteri
2201 2471 2254 2525 in
2293 2485 2456 2526 suum
2495 2471 2930 2526 instauratorem
2980 2465 3362 2523 benevolentia
3396 2465 3451 2519 in
3479 2465 3585 2518 tlde

1997 2559 2294 2630 manserat)
2311 2559 2480 2613 multa
2509 2573 2638 2613 cura
2660 2558 3124 2629 dignatus.eique
3167 2569 3384 2610 annona
3405 2554 3470 2610 ad
3499 2555 3584 2608 vi-

1997 2651 2518 2710 ctnm.etmilitibus
2559 2649 2626 2715 ad
2673 2648 2996 2720 pransidium
3034 2647 3423 2719 suppeditatis,
3467 2647 3586 2715 ipse

1995 2734 2120 2798 cum
2141 2743 2351 2813 reliquo
2363 2743 2630 2809 exercitu,
2647 2740 3012 2816 munitionem
3032 2737 3587 2809 apudChristopolim

1999 2835 2443 2903 transiens,apud
2467 2815 2948 2904 Philippos‘castra
2962 2832 3166 2903 posuit.
3183 2830 3316 2886 inde
3333 2845 3586 2895 movens,

1997 2933 2053 2982 in
2075 2943 2172 2982 eos
2187 2927 2402 2992 incidit,
2421 2941 2562 2996 quos
2577 2928 2730 2996 prius
2755 2925 2823 2981 ad
2858 2933 3320 2996 protostratorem
3339 2922 3585 2989 miserat,

1994 3028 2052 3072 et
2095 3019 2265 3072 alium
2289 3015 2582 3087 quemdam
2603 3019 2724 3087 ejus
2747 3017 3039 3079 famulum,
3064 3016 3279 3070 litteras
3300 3013 3369 3068 ab
3388 3012 3584 3068 eodem

315 3104 528 3157 ἐκεῖθεν
575 3105 815 3168 ἀναστὰς
863 3107 1044 3176 εἴχετο
1097 3107 1244 3170 ὁδοῦ,
1295 3109 1664 3178 συντυγχάνει
1721 3110 1800 3182 τῷ
1830 3129 1891 3164 τε

2000 3110 2315 3174 merentes,
2364 3111 2417 3164 in
2459 3109 2664 3180 quibus
2699 3120 2841 3175 erat,
2891 3124 2962 3163 ne
2997 3123 3145 3163 nunc
3173 3108 3405 3165 veniret.
3435 3103 3590 3164 quod

317 3194 454 3265 παρ’
500 3195 703 3267 αὐτοῦ,
740 3197 878 3268 πρὸς
955 3199 1421 3269 πωτοπράτορα
1496 3201 1893 3274 ἀπεσταλμένη)

313 3286 607 3358 πρότερον,
630 3290 725 3344 καὶ
750 3289 922 3360 ἑτέρῳ
967 3289 1075 3344 τῶν
1105 3292 1316 3346 ἐκείνου
1342 3294 1594 3362 οἰκετῶν,
1633 3297 1686 3349 οἳ
1712 3300 1896 3368 γράμ-

320 3393 471 3447 ματα
500 3379 565 3431 ἐκ
619 3379 1112 3449 πρωτοστράτορος
1172 3382 1458 3452 παρεῖχον,
1508 3383 1547 3437 δ.
1577 3383 1785 3454 ἐμήνυε
1818 3385 1895 3454 μὴ

316 3471 415 3526 νῦν
442 3471 600 3541 ἥκειν
626 3472 758 3540 παρ’
800 3473 964 3526 αὑτὸν
1013 3472 1090 3535 ὡς
1122 3473 1534 3543 Θεσσαλονίκην
1561 3476 1625 3530 οὺ
1659 3474 1896 3546 δυνάμι-ο

317 3579 414 3616 νον
461 3563 856 3633 παραδιδόναι’
888 3564 1030 3618 ἀλλά
1086 3565 1308 3636 Κρέλην
1335 3568 1608 3640 πρότερον
1642 3571 1741 3624 καὶ
1791 3571 1896 3641 τὴν

321 3653 532 3708 ἐκείνου
585 3654 819 3724 δύναμιν
892 3657 1436 3727 προσεταιρίζεσθαι·
1489 3659 1682 3715 ἔπειτα
1738 3662 1896 3733 ἥκειν

320 3749 459 3818 πρὸς
489 3749 671 3802 αὐτόν.
704 3743 928 3803 Βασιλεῖ
957 3749 1014 3802 δὲ
1040 3750 1203 3812 εὐθὺς
1231 3752 1332 3822 μὲν
1361 3753 1439 3816 ὡς
1485 3754 1547 3806 οὐ
1581 3755 1726 3809 κατά
1753 3754 1894 3824 γνώ-

322 3857 434 3910 μην
457 3840 525 3895 τά
559 3841 866 3912 πράγματα
885 3843 1123 3914 ἀπήντα,
1155 3843 1307 3897 δεινὰ
1335 3845 1512 3916 εἰσῄει
1538 3846 1894 3913 ὑποπτεύειν,

318 3931 470 4000 ὅμως
513 3931 571 3985 δὲ
619 3933 941 4000 ἀναγκαίως
989 3949 1181 4002 προσω
1212 3937 1408 4003 χωρεῖν
1440 3936 1624 4007 ἔκρινε
1685 3939 1890 4007 μᾶλλον

317 4021 453 4078 δεῖν.
487 4023 760 4093 Καὶιπερὶ
786 4025 886 4093 τὴν
923 4025 1153 4095 Δράμαν
1183 4024 1379 4089 ἐλθὼν,
1428 4018 1895 4096 ἐστρατοπέδευσε

321 4113 461 4182 πρός
489 4130 612 4166 τινα
642 4113 838 4184 κώμην
884 4115 1250 4184 Κωδωνιανὴν
1310 4119 1894 4188 προσαγορευομένην.

321 4205 776 4275 Πρωτοστράτωρ
824 4205 882 4259 δὲ
937 4207 1031 4259 καὶ
1083 4207 1261 4270 ἄλλως
1301 4209 1400 4276 μὲν
1464 4207 1604 4277 πρὸς
1661 4209 1790 4272 τοὺς
1836 4211 1899 4263 ἐν

1997 3202 2445 3258 Thessalonicam
2497 3199 2789 3255 transdere
2837 3214 2945 3253 non
2998 3207 3184 3268 posset
3225 3213 3241 3254 :
3295 3197 3388 3251 sed
3425 3198 3590 3266 prius

1995 3288 2249 3343 Chrelem
2299 3303 2424 3344 cum
2468 3289 2590 3359 ejus
2635 3287 2810 3356 c0piis
2857 3285 2963 3341 sibi
3013 3277 3377 3356 adiungeret,
3419 3294 3583 3355 atque

1998 3381 2073 3435 ita
2124 3380 2344 3435 demum
2382 3379 2691 3434 adveniret.
2735 3377 3041 3448 Imperator
3068 3374 3332 3446 quoniam
3365 3391 3453 3431 res
3483 3376 3584 3432 ad-

1998 3486 2195 3526 versus
2228 3470 2568 3525 voluntatem
2600 3471 2734 3534 ibat,
2763 3471 2950 3551 statim
2976 3469 3220 3541 graviter
3245 3468 3582 3540 suspicatus,

1997 3565 2364 3620 nihilominus
2421 3563 2652 3619 omnino
2679 3559 3396 3635 procedendumjudicavit.
3418 3557 3587 3614 Cum-

1997 3674 2106 3729 que
2159 3672 2333 3728 prope
2377 3659 2636 3715 Dramam
2693 3662 2866 3718 esset,
2918 3653 3064 3725 apud
3094 3654 3275 3732 vicum
3309 3651 3583 3708 Codonia-

1997 3765 2124 3806 nam
2170 3750 2504 3820 appellatum
2552 3760 2734 3806 castra
2779 3756 3019 3802 metatus
3065 3753 3173 3801 est.
3205 3745 3585 3799 Protostrator

1998 3850 2054 3897 et
2101 3841 2304 3910 alioqui
2362 3849 2589 3910 propter
2633 3840 2889 3901 Zelotas,
2939 3836 3034 3906 qui
3081 3840 3243 3890 erant
3289 3832 3584 3888 Thessalo-

1998 3932 2139 3986 nica
2192 3931 2340 4000 (92),
2392 3929 2650 3984 nonnihil
2682 3928 2984 3991 horrebat,
3021 3925 3380 3992 incertusque
3410 3921 3582 3978 animi

1999 4022 2194 4092 agebat
2241 4020 2558 4089 latiguidius
2596 4035 2612 4072 :
2664 4033 2768 4073 nec
2805 4016 3160 4085 simpliciter,
3197 4022 3258 4070 ut
3281 4027 3596 4084 generosus.

2003 4115 2206 4169 athleta
2255 4113 2309 4167 in
2338 4111 2554 4166 theatro
2577 4119 2798 4182 ‘vestem
2831 4107 2900 4162 ad
2930 4108 3210 4162 luctamen
3237 4118 3440 4158 exuere
3466 4102 3580 4173 (95)

1999 4205 2236 4261 audebat
2280 4220 2296 4257 :
2351 4211 2410 4257 et
2439 4211 2569 4256 tunc
2605 4197 2852 4266 acceptis
2886 4196 2957 4252 ab
2983 4207 3157 4250 uxore
3200 4193 3462 4266 Byzantio
3491 4193 3582 4249 lit-

319 4295 700 4367 Θεσσαλονίκῃ
729 4295 986 4364 Ζηλωτάς
1009 4297 1336 4368 ὑπόφριττε,
1374 4298 1471 4351 καὶ
1505 4297 1898 4370 μαλακώτερον

2003 4298 2155 4363 teris,
2187 4295 2514 4351 turbabatur
2539 4290 2802 4356 maxime,
2833 4289 2889 4344 in
2916 4287 3120 4359 quibus
3140 4296 3265 4344 erat
3285 4285 3579 4357 scriptum,

319 4387 530 4457 ἥπτετο
582 4388 693 4442 τῶν
745 4389 1094 4460 πραγμάτιον
1149 4388 1452 4460 ἀμφίϐολος
1483 4389 1593 4446 ὤν’
1653 4393 1750 4447 καὶ
1797 4393 1898 4447 οὐκ

2004 4389 2278 4460 principes
2318 4384 2548 4449 ibidem,
2588 4379 2737 4452 quod
2771 4381 3059 4438 audissent
3090 4393 3220 4434 eum
3266 4393 3395 4434 cum
3433 4376 3581 4434 Can-

243 4469 258 4483 ’
319 4480 528 4550 ἐτόλμα
579 4480 839 4551 καθαρῶς
891 4481 1028 4552 πρὸς
1080 4485 1208 4546 τοὺς
1241 4483 1462 4552 ἀγῶνας
1521 4484 1896 4539 ἀποδύεσθαι·

2008 4491 2274 4536 tacuzeno
2325 4490 2506 4547 agere,
2537 4473 2645 4530 sibi
2696 4471 2891 4528 liberis
2931 4485 2996 4528 ac
3027 4469 3352 4527 domesticis
3382 4470 3584 4525 imma-

317 4571 441 4649 τότε
471 4569 529 4626 δὲ
557 4572 792 4639 μάλιστα
825 4573 890 4624 ἐκ
929 4570 1222 4635 Βυζαντίου
1253 4572 1547 4641 πέμπουσα
1588 4572 1898 4646 ἐθορυϐήθη

2007 4575 2099 4628 nia
2151 4571 2528 4634 denuntiasse,
2560 4566 2670 4633 nisi
2700 4565 2819 4636 ipse
2847 4580 2879 4620 a
2913 4563 3060 4619 malo
3091 4561 3336 4618 facinore
3365 4569 3581 4630 tempe-

319 4665 354 4732 ἡ
402 4662 580 4731 γυνὴ,
609 4663 916 4732 φάσκουσα,
967 4663 1044 4726 ὡς
1095 4665 1208 4726 τοῖς
1239 4663 1474 4719 ἐνταῦθα
1507 4662 1769 4734 ἄρχουσιν
1821 4666 1898 4719 ὅτι

2010 4663 2166 4718 rarit.
2209 4663 2392 4729 Quare
2433 4658 2630 4715 orabat
2659 4655 2878 4721 mulier,
2911 4660 3139 4711 caveret
3165 4667 3238 4711 ne
3266 4652 3388 4724 ejus
3414 4665 3588 4708 causa

321 4753 771 4824 Καντακουζηνῷ
804 4753 1107 4823 διαλέγοιτο
1159 4754 1560 4826 πεπυσμένοις,
1615 4755 1898 4811 δεινότατα

2003 4753 2161 4809 malis
2193 4751 2606 4822 impiicarentur
2629 4747 2990 4822 gravissimis.
3013 4743 3144 4802 ideo
3179 4758 3239 4799 se
3270 4756 3494 4813 quoque
3526 4742 3581 4797 ei
3608 4790 3620 4802 .

320 4843 462 4915 αὐτῇ
497 4861 556 4897 τε
602 4816 698 4900 καί⁸
732 4816 892 4900 παισὶ
919 4816 1016 4902 καὶ
1048 4846 1276 4910 οίκείοις
1323 4816 1670 4933 ἀπειληδείη,
1718 4847 1769 4900 εί
1819 4849 1896 4917 μὴ

2000 4844 2216 4902 obviam
2269 4816 2382 4898 non
2437 4816 2687 4904 venisse.
2729 4820 2798 4896 et
2830 4836 3050 4896 Chrelis
3077 4836 3399 4894 societatem
3435 4847 3580 4905 prte-
3659 4903 3662 4905 ς
3753 4816 3756 4819 ’

1583 4957 1797 5021 Jacobi
1825 4959 2091 5022 Pontani
2121 4964 2309 5018 notae.

399 5060 1085 5150 (ωλὲεὲρξ,ἔπηρθῖειεξτῖξ
1123 5047 1494 5150 ριἰῑιοειῑθιοέ
1520 5067 1894 5150 pruriam"
2003 5067 2103 5150 lib-
2135 5081 2227 5150 "3:
2273 5065 2522 5150 Αυεξιειεν
2544 5047 2720 5150 se"!
2738 5064 2834 5150 ιη’·
2858 5061 3301 5150 flxae-.135
3327 5067 3578 5150 Pﬁi'ffj

323 5132 455 5211 ﬁlii:
482 5129 660 5211 Quare
684 5129 828 5211 i8_tu_c'
855 5129 1178 5211 Vocabulum
1214 5138 1317 5211 hoc
1345 5139 1464 5211 loco
1489 5129 1671 5211 potius
1694 5137 1898 5211 aﬂuent
2008 5129 2434 5211 Lacedaemoniis
2483 5129 2792 5211 institutum
2844 5143 2948 5194 est,
2979 5142 3037 5186 ut
3077 5129 3300 5211 nudatis
3348 5129 3581 5211 oleoque

323 5201 663 5280 reddendum
717 5203 1300 5280 fuitkProtostratoris
1354 5201 1505 5263 enim
1561 5209 1682 5280 ejus
1728 5201 1896 5280 ﬁliam
2007 5207 2277 5280 perfusis_
2311 5205 2635 5280 corporibus
2710 5205 3098 5280 decertarent,
3137 5201 3580 5280 _nomi_naturque

323 5271 542 5325 Manuel
589 5275 799 5329 Asanes
824 5269 1000 5331 frater
1028 5277 1214 5334 uxoris
1244 5269 1614 5334 Cantacuzeni
1663 5277 1902 5332 habebat
1943 5305 1960 5322 ι
2007 5269 2215 5346 primus
2261 5269 2451 5347 hujus
2481 5274 2561 5329 rei
2594 5284 2806 5347 auctor,
2835 5272 3112 5347 Hacantus
3135 5269 3584 5347 Lacedaemonius

2007 5341 2075 5400 ab
2107 5347 2227 5399 aliis
2260 5341 2567 5399 Neanthus.
2597 5342 2733 5398 Hinc
2760 5345 2872 5413 ipsa
2904 5343 3022 5396 lora
3060 5341 3320 5413 ludorum-
3351 5352 3570 5413 gymna-

2001 5417 2196 5491 s_ia,Aet
2226 5414 2324 5491 ipsi
2358 5415 2468 5469 ludi
2515 5407 2795 5491 appellati'
2818 5423 2947 5466 sunt
2967 5410 3225 5491 gymnici:
3257 5407 3581 5491 Etjerhum

2000 5476 2354 5548 ἀποδύεσθαι,
2399 5476 2564 5553 ηυοά
2589 5476 2678 5538 est
2721 5493 2890 5538 vestes
2927 5476 3137 5543 cinere,
3160 5481 3228 5553 ad
3262 5476 3573 5553 huiusmodi

1999 5553 2360 5629 certaminum
2417 5549 2896 5629 praeparationem
2924 5590 2941 5615 ,
3016 5549 3580 5629 exercitationemque

1998 5621 2465 5679 accommodatur}
2484 5624 2621 5678 Ante
2647 5623 2698 5678 id
2731 5631 2946 5691 tempus
2967 5621 3306 5676 verecundia
3326 5631 3488 5691 causa
3510 5631 3575 5691 _s_e

2001 5695 2211 5748 nudare
2269 5707 2374 5747 non
2415 5693 2709 5748 audebant.
2762 5685 3034 5762 Homerus
3080 5705 3298 5762 quoque
3347 5690 3403 5742 in
3433 5685 3580 5743 ludis

1998 5778 2217 5834 semper
2251 5765 2560 5821 succinctos
2600 5765 2794 5820 heroas
2815 5761 3047 5818 inducit.

322 5355 576 5395 usorem.

398 5411 510 5494 (ἷξε)
555 5411 620 5494 Hi
667 5414 812 5494 quod
864 5415 1166 5494 Palaeol0go
1216 5425 1407 5494 contra
1461 5416 1898 5494 Qantacuzenum

322 5480 632 5546 studerent,
683 5480 761 5539 ita
785 5480 1172 5550 nominantur.
1222 5487 1427 5542 Eorum
1470 5487 1711 5542 facinora
1759 5486 1897 5542 mala

323 5551 595 5624 deinceps
637 5563 998 5624 exponentur.
1030 5557 1214 5614 Genus
1250 5558 1528 5613 hominum
1573 5559 1691 5613 sine
1730 5571 1812 5623 re,
1844 5567 1901 5612 et

322 5620 774 5696 audacissimum.
807 5625 1309 5696 seditiosissimum,
1339 5626 1792 5696 perditissimum.

401 5690 517 5768 (εδδ)
565 5692 624 5745 In
680 5696 1069 5768 certaminibus
1111 5690 1409 5768 Olympicis
1470 5697 1690 5768 athletae
1745 5695 1900 5768 prius

325 5758 576 5817 ferebant
615 5762 983 5834 subligacula,
1023 5758 1197 5836 quod'
1235 5758 1502 5825 testantur
1549 5758 1898 5837 Thucydides
