4096 6300
285 368 389 434 921
1142 328 1165 341 ’
1417 370 1964 432 HlS’l‘ORIARUM
2002 369 2235 431 LIBER
2278 371 2386 463 ut.
3244 409 3255 423 .
3443 375 3554 439 922

286 487 479 543 λεῦσιν
511 489 788 558 ἀγνώμων
820 488 1111 557 φαίνεσθαι
1148 485 1363 554 ἀδοξίαν
1397 489 1736 559 κατηνέχθη,
1773 490 1903 547 καὶ,

1993 488 2104 554 ·ἰηι,
2147 488 2241 544 sed
2271 488 2340 544 de
2365 487 2695 559 iuramentis
2727 489 2994 547 duntaxat
3021 492 3229 563 aliquid
3256 496 3549 551 verborum
3602 486 3610 493 “

285 584 406 645 τοῖς
429 581 613 645 αὐτοῖς
642 582 1020 645 κατασκόποις
1054 583 1488 651 παρασχόμενοι,
1523 582 1679 649 ἄγειν
1708 578 1869 645 αὖθις

1971 579 2153 634 facere
2178 580 2377 634 melius
2402 580 2798 644 existimarint.
2839 600 2897 638 se
2924 599 3149 654 quoque
3174 589 3389 642 caeteris
3416 605 3554 657 pre-

288 674 431 744 πρδς
464 674 628 726 αὑτὸν
662 675 936 729 ἐκέλευον.
969 674 1110 743 Πρὸς
1140 673 1195 738 ἃ,
1231 673 1536 743 θαυμάζειν
1563 674 1744 728 αὐτῶν
1776 676 1871 727 ἀν-

1976 672 2264 736 termissis,
2294 674 2363 729 de
2387 674 2521 743 ipsis
2542 689 2965 745 responsurum.
2990 679 3103 747 Ego
3128 679 3314 748 igitur,
3341 681 3545 750 inquit,

284 769 566 838 τὲγραφεν
598 769 628 819 6
663 767 938 836 βασιλεὺς,
967 768 1016 820 εί
1045 765 1166 819 δέον
1191 768 1457 837 πρότερον
1480 766 1550 820 τὰ
1577 768 1868 836 εἰρημένα,

1966 763 2277 835 iuramenta
2323 767 2537 837 concipi
2596 767 2859 831 arbitror,
2906 777 3003 823 aut
3035 772 3165 839 quia
3200 773 3292 840 qui
3329 772 3549 840 jurant.

286 861 341 913 εί
390 860 492 913 οὐκ
532 860 716 929 ἀληθῆ
768 859 1177 925 ἀποδεικνύναι,
1214 859 1405 912 ἔπειτα
1453 860 1712 929 καὶπερὶ
1761 859 1871 911 τῶν

1941 855 2190 926 alioqui,
2226 857 2389 911 ﬁdem
2443 873 2551 912 non
2600 868 2906 921 merentur,
2951 870 3047 914 aut
3081 861 3209 930 quia
3240 864 3443 931 quibus
3464 865 3558 935 ju-

284 953 471 1023 ὅρκων
517 952 883 1019 διαλέγεσθαι’
918 953 970 1004 oi
1010 952 1056 1004 δ’
1104 954 1330 1005 ἐκείνων
1374 952 1741 1021 ἁποσχόμενοι
1773 950 1871 1006 καὶ

2009 958 2129 1001 atur
2166 949 2248 1003 vel
2299 949 2533 1018 improbi
2569 960 2720 1015 sunt,
2769 949 2937 1023 474
2971 950 3055 1005 vel
3082 962 3309 1022 prepter
3336 958 3556 1024 magni-
3610 950 3626 973 ί

286 1041 640 1105 ἀντειπόντες
671 1041 808 1110 πρὸς
848 1042 1036 1111 μηδὲν,
1069 1042 1162 1093 ἐπὶ
1187 1042 1313 1104 τοὺς
1345 1041 1542 1110 ὅρκους
1593 1042 1871 1111 καταφεύο

1975 1038 2223 1094 tudinem
2254 1041 2673 1110 promissorum,
2701 1044 2805 1098 nisi
2829 1042 3206 1113 juramentum
3233 1048 3553 1112 accesserit,

285 1146 502 1197 γουσιν,
550 1129 745 1198 ὥσπερ
776 1147 828 1182 τι
876 1127 1158 1199 προύργου
1198 1128 1515 1198 νομίζοντες
1549 1131 1744 1183 ποιεῖν’
1790 1130 1872 1184 ὅτι

1975 1128 2199 1184 credere
2244 1148 2352 1185 non
2396 1141 2649 1202 possunt.
2681 1132 2818 1187 Cum
2853 1134 3038 1203 itaque
3083 1150 3170 1189 me
3205 1136 3554 1205 citrajusju-

285 1222 336 1274 δ’
362 1223 549 1284 αὐτοῖς
583 1222 715 1292 περὶ
748 1222 856 1275 τῶν
888 1221 1067 1276 ἀλλων
1094 1221 1440 1289 διαλέγεσθαι
1476 1222 1870 1288 καταλιποῦσι,

1976 1224 2205 1276 randum
2238 1223 2343 1278 fide
2384 1224 2604 1293 dignum
2643 1239 2788 1286 esse.
2821 1240 2931 1279 non
2962 1224 3140 1280 solum
3178 1228 3540 1299 praeteritum,

287 1314 391 1369 καὶ
418 1314 452 1385 ἢ
483 1314 769 1368 πείθεσθαι
798 1314 874 1377 ὡς
901 1314 1180 1384 ἀληθέσιν,
1213 1315 1246 1387 ἢ
1286 1315 1361 1377 ὠς
1391 1314 1606 1369 ἐναντία
1629 1314 1870 1382 ἔχουσιν,

1975 1326 2194 1384 tempus
2240 1323 2346 1369 tam
2399 1318 2641 1384 longum,
2684 1330 2795 1386 quo
2834 1316 3003 1372 rebus
3034 1317 3300 1373 Romanis
3336 1320 3550 1389 praefui,

287 1406 559 1477 ἐλέγχειν,
591 1408 722 1478 περὶ
748 1407 859 1459 τῶν
892 1408 1072 1477 ὅρκων
1115 1406 1295 1476 μόνων
1339 1408 1516 1460 εἰπεῖν
1562 1425 1615 1461 τι
1662 1407 1872 1478 βέλτιον

1977 1416 2231 1472 testetur,
2276 1407 2370 1462 sed
2408 1410 2575 1461 etiam
2600 1424 2698 1463 vos
2732 1408 2856 1478 ipsi,
2890 1410 2985 1480 qui
3019 1411 3073 1464 in
3111 1411 3304 1480 primis
3342 1413 3552 1466 ealumv

286 1496 573 1568 ἐνομίσθη,
598 1516 663 1551 πε
675 1499 727 1568 ρ).
747 1498 926 1552 αὐτῶν
948 1498 1382 1568 ἀποκρινεῖσθαι,
1406 1498 1499 1551 καὶ
1521 1498 1683 1552 αὑτὸν
1705 1499 1873 1553 τᾶλλα

1976 1498 2116 1553 niari
2146 1514 2230 1552 me
2252 1499 2552 1563 conamini,
2585 1499 2762 1553 celare
2785 1499 2861 1561 id,
2886 1501 3015 1570 quia
3039 1502 3552 1558 manifestissimum

288 1592 627 1661 ὕπερδάντα.
645 1591 785 1660 Ἐγὼ
805 1591 1005 1656 τοίνυν,
1020 1590 1254 1660 ἔγραφε,
1274 1591 1483 1661 νομίζω
1509 1593 1636 1653 τοὺς
1652 1594 1871 1662 ὅρκους,

1974 1605 2085 1643 non
2134 1590 2373 1656 possitis,
2408 1590 2746 1659 relinquitur
2775 1592 2929 1645 aliud
2967 1591 3130 1657 nihil,
3163 1608 3326 1661 quam
3360 1596 3555 1662 meju-

285 1683 324 1752 ἦ
360 1683 449 1736 διὰ
486 1682 546 1736 τὸ
584 1683 659 1755 μὴ
687 1685 813 1745 τοὺς
842 1683 1146 1752 ὀμνύοντας
1176 1683 1479 1754 ἀξιόχρεως
1515 1683 1655 1753 πρὸς
1683 1686 1871 1739 πίστιν

1978 1697 2127 1734 rasse
2163 1690 2391 1749 propter
2412 1697 2510 1735 vos
2540 1684 2633 1751 qui
2656 1683 3032 1752 sycophantiis
3057 1685 3311 1753 gaudetis
3345 1703 3359 1740 :
3396 1686 3552 1740 ideo.

290 1771 437 1827 εἶναι
465 1776 739 1841 γίνεσθαι,
771 1775 805 1847 ἢ
834 1775 922 1828 διά
953 1776 1016 1828 τὸ
1048 1777 1174 1837 τοὺς
1206 1775 1532 1845 δεχομένους
1565 1776 1594 1844 ἢ
1632 1776 1870 1844 φαύλους
1905 1834 1907 1848 Ι

2028 1789 2084 1826 ue
2133 1788 2235 1825 nec
2265 1773 2332 1827 iis
2382 1770 2543 1827 ﬁdem
2573 1774 2923 1827 commodare
2953 1774 3207 1843 potestis,
3241 1792 3380 1845 quos
3409 1777 3554 1848 ipse-
3639 1764 3645 1769 ’

288 1867 422 1929 τοὺς
465 1867 695 1938 τρόπους
729 1861 892 1932 εἶναι,
938 1865 972 1937 ἢ
1004 1867 1093 1920 διά
1131 1867 1363 1936 μέγεθος
1392 1865 1503 1918 τῶν
1537 1866 1869 1935 ἑπαγγελλο-
1901 1875 1905 1885 ‘

1938 1861 2085 1920 'met
2146 1882 2425 1935 nunquam
2488 1880 2609 1920 esse
2668 1867 2930 1924 mentitos
2992 1869 3388 1926 testiﬁcantiui.
3463 1873 3555 1929 Sic

295 1959 480 2027 μένων
537 1958 813 2019 ἀδυνάτως
871 1957 1017 2028 ἔχειν
1079 1957 1366 2011 πείθεσθαι
1424 1958 1607 2028 ὅρκων
1658 1958 1870 2027 χωρίς.

1973 1968 2156 2011 autem
2194 1973 2252 2012 se
2299 1957 2501 2013 habere
2531 1972 2655 2028 qua
2695 1958 2762 2013 de
2785 1960 3118 2030 juramentis
3139 1960 3399 2027 diximus,
3426 1977 3554 2018 cum
3584 1974 3590 1979 '

291 2052 429 2105 Ὅτε
450 2050 642 2104 ’τοίνυν
678 2052 802 2121 ἐμοὶ
829 2050 929 2121 τὴν
959 2051 1302 2117 ἀξιοπιστίαν
1324 2050 1384 2103 οὐ
1418 2050 1580 2120 μόνον
1608 2051 1636 2103 6
1668 2051 1871 2120 παρελ-

1972 2060 2028 2105 et
2078 2051 2205 2103 hinc
2251 2050 2488 2118 liqueat,
2541 2050 2686 2104 nitar
2732 2060 2915 2105 tamen
2959 2052 3212 2121 exemplo
3259 2055 3551 2111 verissimo

291 2145 406 2196 θὼν
428 2145 619 2215 χρόνος
637 2145 891 2207 τοσοῦτος
913 2146 979 2198 ἂν
1007 2146 1063 2197 ἐν
1156 2130 1222 2198 τά
1253 2142 1544 2215 Ῥωμαίων
1567 2146 1873 2216 πράγματα

1975 2141 2206 2195 reddere
2257 2141 2541 2209 liquidius.
2568 2141 2626 2194 Si
2672 2140 2824 2195 enim
2878 2141 3026 2197 Deus
3063 2153 3253 2198 noster
3299 2156 3388 2200 est
3412 2147 3556 2200 Deus

290 2235 550 2308 διῴκουν·
602 2237 721 2291 οὐδὲ
763 2237 875 2308 γὰρ
909 2238 1030 2313 οὐδὲ
1074 2237 1163 2291 διά
1206 2238 1412 2317 ταύτην
1447 2238 1629 2307 ὅρκων
1677 2236 1873 2307 ἐδεήθη

1973 2247 2160 2296 verax,
2199 2240 2252 2285 et
2299 2232 2415 2301 ipsa
2481 2233 2685 2287 veritas
2718 2241 2945 2289 vocatur
2979 2242 3172 2300 etest,
3201 2244 3554 2307 mereturque

291 2328 430 2380 ποτὲ
461 2330 896 2397 συμμαρτυρεῖν
926 2309 1060 2381 ἀλλά
1091 2329 1184 2381 καὶ
1215 2309 1371 2383 adeo!
1402 2328 1452 2382 οί
1494 2329 1729 2399 μάλιστα
1760 2347 1877 2382 πει-

1976 2322 2136 2376 lidem
2176 2324 2344 2377 etiam
2393 2324 2689 2394 injuratus,
2726 2335 2778 2378 et
2810 2333 2994 2379 tamen
3026 2340 3137 2379 non
3166 2326 3343 2379 solum
3374 2325 3555 2381 Abra-

296 2416 538 2490 ρώμενοι
568 2419 902 2485 ἅαδάλλειν,
934 2419 997 2473 οὐ
1032 2420 1266 2474 δύνασθε
1302 2421 1670 2489 συγκρύπτειν
1699 2419 1875 2485 οὕτως

1973 2415 2137 2471 hamo
2190 2430 2290 2485 per
2342 2416 2702 2484 semetipsum
2748 2416 2997 2485 juravit.
3052 2416 3551 2486 multiplicaturum

294 2508 467 2566 οὖσαν
514 2510 830 2582 καταφανῆ,
874 2512 1027 2565 οὐδὲν
1074 2509 1205 2567 ἀλλο
1247 2510 1583 2583 λείπεται,ῆ
1629 2511 1697 2566 δι’
1728 2513 1874 2582 ὑμᾶς

1972 2512 2091 2577 ejus
2144 2521 2331 2562 semen
2374 2507 2507 2562 :sed
2556 2506 2745 2561 Davidi
2771 2522 2991 2577 quoque
3039 2517 3249 2593 postea,
3291 2526 3309 2559 ι
3341 2507 3555 2565 Juravit

291 2604 424 2665 τοὺς
463 2603 751 2673 χαίροντας
785 2604 844 2656 ιν
891 2604 1013 2681 ταῖς
1047 2602 1435 2670 συκοφαντίαις
1475 2603 1746 2669 γίνεσθαι,
1778 2604 1874 2655 καὶ

1972 2595 2142 2661 enim,
2195 2594 2394 2663 inquit,
2447 2594 2710 2648 Dominu~
2759 2594 2930 2649 David
2973 2595 3281 2658 veritatem,
3334 2605 3391 2651 et
3442 2612 3553 2651 non

291 2693 384 2747 διὰ
428 2694 587 2747 τοῦτο
637 2692 761 2764 μηδ’
809 2696 993 2756 αὐτοῖς
1045 2693 1323 2748 πιστεύειν
1388 2693 1755 2764 δυναμένους.
1791 2687 1874 2756 οἷς

2011 2685 2328 2739 'ustrabitur
2349 2701 2469 2740 eam
2503 2705 2516 2741 :
2553 2706 2571 2739 ι
2606 2696 2775 2756 patet,
2807 2702 2919 2741 non
2954 2699 3179 2767 propter
3209 2687 3398 2753 se,sed
3432 2704 3558 2758 pro-
3625 2689 3628 2693 ’

233 2798 239 2813 ί
292 2785 455 2861 αὐτοὶ
508 2789 956 2857 συμμαρτυρεῖτε
985 2787 1044 2838 τὸ
1083 2787 1220 2856 μηδέ
1259 2802 1389 2839 ποτε
1437 2784 1718 2855 ἐψεῦσθαι.
1749 2785 1850 2838 ’οτ

1972 2785 2096 2846 pter
2146 2777 2576 2833 imbecillitatem
2658 2771 3044 2844 audientium,
3098 2794 3402 2847 eorumque
3453 2795 3556 2833 nu-

292 2876 344 2928 δ’
376 2877 404 2927 6
442 2877 572 2947 περὶ
605 2876 715 2929 τῶν
740 2877 920 2944 ὅρκων
956 2877 1114 2945 λόγος
1146 2877 1337 2931 τοῦτον
1367 2867 1492 2948 ἐκεῖ
1526 2877 1617 2928 τὸν
1644 2877 1870 2944 τρόπον,

1984 2878 2188 2924 tantem
2227 2870 2372 2923 circa
2416 2869 2682 2938 promissa
2714 2868 2900 2932 iidem,
2929 2869 3226 2940 juravisse.
3252 2868 3321 2923 Et
3350 2870 3555 2924 Paulus

295 2967 490 3037 ὥσπερ
521 2968 762 3039 εῖρηται,
798 2971 890 3022 καὶ
921 2969 1145 3023 αὐτόθεν
1173 2970 1270 3035 μὲν
1304 2970 1644 3036 καταφανές·
1678 2968 1874 3038 πειρὰ-

1966 2961 2323 3041 postmodum
2377 2962 2659 3030 apostolus
2719 2971 2775 3015 et
2821 2976 3000 3031 praeco
3036 2961 3327 3024 veritatis,
3379 2964 3447 3016 de
3488 2961 3555 3017 iis

296 3076 468 3129 σομαι
497 3060 552 3112 δὲ
580 3059 676 3113 καὶ
714 3062 779 3113 ὲκ
812 3061 1257 3129 παραδείγματος
1292 3060 1524 3128 μάλιστα
1570 3061 1872 3131 ἀληθεστά-

1975 3069 2096 3124 qua:
2141 3054 2195 3106 in
2244 3053 2465 3137 tertium
2509 3051 2708 3115 coelum
2751 3064 2943 3121 raptus
2995 3052 3155 3117 vidit,
3196 3061 3552 3117 narraturus,

291 3165 392 3204 του
442 3151 923 3222 καταφανέστερον
969 3156 1162 3206 ποιεῖν.
1214 3151 1277 3206 El
1326 3152 1433 3221 γὰρ
1468 3152 1496 3204 ὁ
1529 3153 1658 3214 Θεὸς
1690 3154 1869 3222 ἡμῶν,
1901 3188 1908 3229 ε

1937 3180 1947 3236 .l
1979 3147 2192 3201 tametsi
2235 3146 2651 3201 veracissimum
2679 3161 2737 3199 se
2764 3160 2885 3199 esse
2912 3155 3119 3209 nosset,
3183 3143 3554 3199 nihilominus

294 3240 433 3305 Θεός
461 3243 610 3295 ἐστιν
628 3242 912 3311 ἀληθινὸς,
946 3245 1037 3296 καὶ
1069 3242 1432 3308 αύτοαλήθεια
1470 3246 1563 3298 καὶ
1605 3246 1869 3309 καλεῖται,

1939 3235 1943 3236 ί
1977 3249 2206 3309 propter
2236 3239 2577 3292 audientium
2632 3237 2947 3298 utilitatem,
2981 3253 2999 3286 ι
3038 3235 3205 3303 Deus,
3232 3235 3434 3306 inquit,
3460 3236 3556 3305 qui

296 3330 399 3382 καὶ
436 3330 572 3394 ἐστὶ,
626 3330 724 3383 καὶ
756 3329 966 3393 δίκαιός
998 3334 1114 3383 ὲστι
1146 3332 1506 3385 πιστεύεσθαι
1556 3335 1648 3385 καὶ
1696 3331 1876 3400 ὅρκων

1975 3342 2060 3387 est
2089 3319 2413 3385 benedictus
2436 3332 2487 3383 in
2514 3329 2733 3394 szecnla,
2764 3329 2888 3392 scit,
2917 3329 3046 3398 quia
3080 3343 3188 3382 non
3219 3327 3489 3394 mentior,
3528 3345 3548 3380 ι

295 3420 491 3492 χωρίς·
526 3424 555 3475 6
582 3421 661 3485 δὲ,
696 3419 854 3492 οὐτῷ
894 3422 1148 3493 Ἀϐραὰμ
1183 3404 1344 3492 μόνον
1373 3422 1555 3492 ὤμοσε
1585 3423 1708 3476 καθ’
1744 3424 1873 3476 ἑαυ-

1977 3424 2130 3478 velut
2162 3420 2272 3474 Deo
2299 3430 2434 3474 teste
2461 3419 2792 3475 confirmans
2825 3432 2884 3473 se
2906 3419 3116 3483 dicere,
3139 3434 3261 3489 qua:
3287 3416 3511 3473 dicebat
3536 3459 3551 3483 ,

182 3559 187 3563 _
293 3510 394 3564 τοῦ
423 3506 573 3581 ἤμην
608 3512 908 3584 πληθυνεῖν
938 3512 1105 3566 αὑτοῦ
1139 3514 1196 3566 τὸ
1226 3514 1468 3584 σπέρμαο
1503 3514 1638 3568 ἀλλά
1676 3516 1799 3566 καὶι

1975 3523 2033 3570 et
2078 3513 2203 3568 ideo
2247 3527 2464 3582 aequum
2498 3526 2750 3572 censens,
2788 3510 3101 3566 sibicredi.
3137 3509 3366 3591 semper
3399 3509 3553 3565 enim

301 3601 468 3655 Δαυὶδ
497 3601 747 3672 ὕστερον,
771 3621 789 3654 ι
819 3604 1020 3673 Ὠμοσε
1046 3603 1174 3672 γὰρ,
1193 3603 1347 3673 φησὶ,
1373 3602 1575 3672 Κύριος
1598 3591 1681 3673 ἶςῷ
1714 3604 1876 3657 Δαυὶδ

1976 3605 2353 3662 incredulitati
2396 3619 2601 3674 magna:
2664 3618 2751 3659 res
2775 3604 2994 3658 elevare
3017 3610 3073 3658 et
3098 3612 3402 3659 extenuare
3438 3617 3559 3657 mos

294 3691 581 3762 ἀλήθειαν,
610 3693 705 3745 καὶ
728 3692 789 3745 οὐ
824 3693 898 3762 μὴ
923 3692 1087 3762 ἀθετή
1100 3709 1164 3763 σῃ
1193 3690 1382 3761 αὐτὴν,
1411 3708 1433 3744 ι
1467 3690 1625 3762 δῆλον
1654 3690 1731 3755 ὡς
1775 3694 1873 3763 οὐχ

1977 3706 2083 3753 est.
2117 3697 2259 3768 Ergo
2287 3696 2459 3766 magis
2487 3711 2587 3749 vos
2638 3695 2812 3764 ipsos,
2846 3708 3008 3763 quam
3041 3709 3128 3748 me
3162 3693 3559 3764 propterjura-

296 3779 521 3844 ἑαυτοῦ,
555 3781 656 3846 τῆς
691 3780 1061 3851 μικροψυχίας
1102 3780 1158 3832 δὲ
1184 3779 1291 3833 τῶν
1326 3780 1638 3833 ἀκουόντων
1685 3779 1875 3846 ἕνεκα,

1977 3797 2225 3845 mentum
2281 3786 2770 3859 reprehendendos
2812 3784 2982 3840 fuisse
3008 3786 3359 3855 perSpiciatis
3393 3783 3553 3840 licet.

297 3873 395 3927 xui
453 3872 554 3943 τῆς
604 3873 733 3943 περὶ
757 3873 826 3926 τά
874 3870 1322 3940 ἐπαγγελλόμενα
1370 3871 1703 3940 ἀμφιὸολίας
1748 3873 1875 3935 τοὺς

1980 3880 2090 3934 Vos
2134 3893 2285 3945 vero,
2336 3877 2611 3947 quomodo
2649 3876 2707 3930 in
2740 3875 2885 3940 aliis,
2918 3874 3135 3945 justitia
3178 3874 3435 3927 damnata
3500 3883 3558 3926 et

296 3965 501 4035 ὅρκους
536 3965 795 4017 ἐποιεῖτο.
822 3963 933 4015 Καὶ
968 3962 1180 4023 Παῦλος
1204 3961 1259 4014 δὲ
1293 3962 1521 4030 ὓστερον
1550 3965 1577 4014 6
1608 3964 1707 4032 τῆς
1738 3963 1875 4033 ἀληο

1978 3982 2044 4022 ex
2098 3966 2332 4033 imperio
2380 3965 2631 4019 Romano
2687 3965 2881 4034 ejecta,
2936 3973 3206 4018 consueto
3257 3971 3314 4018 et
3381 3962 3559 4015 amico

297 4052 452 4115 θείας
478 4053 725 4125 μαθητὴς
756 4056 852 4106 καὶ
884 4051 1063 4122 κῆρυξ
1092 4053 1222 4121 περὶ
1266 4045 1342 4105 ὧν
1381 4053 1463 4115 είς
1491 4052 1676 4123 τρίτον
1707 4054 1875 4121 οὐρα·

1979 4056 2267 4109 mendacio
2299 4070 2363 4107 ac
2397 4052 2775 4123 sycophantiis
2806 4050 3124 4115 adhaeretis,
3182 4064 3283 4104 nec
3314 4049 3418 4104 hoc
3450 4049 3561 4103 sal-

297 4145 393 4197 νδν
446 4146 718 4214 ἀρπαγεὶς
760 4139 894 4209 εἶδε,
939 4144 1150 4213 μέλλων
1173 4145 1499 4212 διηγεῖσθαι,
1548 4144 1642 4196 καί
1696 4144 1780 4196 τοί
1810 4160 1874 4210 γε

1980 4156 2090 4202 tem
2130 4144 2517 4209 recordamini,
2549 4159 2674 4214 quae
2715 4142 2769 4196 in
2803 4141 2907 4195 hac
2931 4141 3042 4195 vita
3074 4141 3426 4211 gesserimus,
3458 4155 3558 4195 eo-

298 4235 483 4304 ὲαυτῷ
503 4236 707 4306 πολλὴν
733 4235 990 4298 συνειδὼς
1018 4237 1298 4307 ἀλήθειαν,
1322 4236 1469 4303 ὅμως
1482 4236 1579 4305 τῆς
1604 4236 1877 4304 ὠφελείας

1980 4253 2103 4292 rum
2161 4252 2260 4291 nos
2282 4224 2529 4291 omnium
2566 4244 2690 4305 post
2725 4233 2891 4288 linem
2922 4231 3087 4303 hujus
3114 4231 3253 4287 lucis
3268 4221 3557 4285 lationem

299 4325 467 4379 ἕνεκα
514 4325 620 4378 τῶν
674 4325 983 4378 ἀκουόντων
1017 4340 1032 4355 ο
1063 4342 1082 4376 ι
1124 4325 1446 4395 Εὐλογητδς,
1476 4320 1651 4392 εἶπεν,
1683 4328 1711 4380 6
1744 4326 1877 4391 θεδς

1982 4328 2417 4384 reddituros.Ast
2432 4336 2619 4396 ego.ut
2637 4333 2817 4389 antea,
2835 4324 2917 4379 sic
2934 4323 3099 4378 hodie
3114 4322 3283 4377 Deum
3305 4331 3556 4387 testatus,

296 4419 384 4472 ὃτι
415 4418 476 4469 ού
503 4415 828 4486 ψεύδομαι.»
849 4417 926 4475 ὡς
957 4416 1024 4470 ἂν
1059 4417 1164 4469 ὑπὸ
1198 4418 1439 4487 μάρτυρι
1461 4417 1579 4487 Θεῷ
1604 4419 1877 4489 ίσχυριζό-

1938 4424 2068 4489 ,aio
2108 4437 2192 4475 ine
2249 4420 2383 4475 nihil
2430 4420 2573 4473 aliud
2621 4417 2807 4473 statim
2859 4416 2929 4471 ab
2976 4413 3134 4470 initio
3174 4425 3296 4485 post
3346 4416 3555 4470 obitum

300 4524 469 4579 μενος
495 4482 742 4575 λέγεινά
774 4509 910 4577 ἐρεῖ,
947 4507 1041 4560 καὶ
1079 4506 1166 4561 διὰ
1200 4482 1363 4560 τοῦτο
1385 4482 1578 4571 ἀξιῶν
1624 4482 1878 4562 πιστεύε-
1909 4484 1917 4536 J

1937 4487 1955 4534 ³
1985 4513 2355 4584 imperatoris,
2386 4527 2551 4580 quam
2578 4525 2700 4581 qua;
2720 4506 3058 4580 imperatrici
3087 4520 3145 4561 et
3190 4505 3382 4560 liberis
3410 4507 3554 4576 ejus,

300 4602 452 4655 σθαι.
485 4600 646 4663 Ἐθος
673 4601 782 4669 γὰρ
822 4600 908 4652 ἀεὶ
939 4602 1006 4670 τῇ
1056 4600 1288 4670 ἀπιστία
1324 4600 1539 4667 μεγάλα
1574 4602 1703 4663 τοῖς
1737 4602 1877 4672 πρά-

1983 4612 2040 4659 et
2077 4603 2359 4659 communi
2411 4603 2788 4657 Romanorum
2817 4600 3196 4656 conducerent
3220 4637 3236 4664 ,
3261 4597 3555 4666 rogitasse,

297 4709 478 4763 γμασι
520 4691 906 4762 λυμαίνεσθαι.
944 4689 1199 4756 Ἔξεστιν
1233 4688 1330 4744 οὖν
1376 4691 1507 4762 ύμῖν
1542 4694 1767 4747 σκοπεῖν
1801 4695 1878 4759 ὡς

1979 4695 2274 4777 facereque
2314 4692 2693 4751 contendisse.
2724 4694 2926 4749 Verum
2966 4692 3057 4748 ubi
3083 4691 3162 4747 illi
3210 4689 3360 4746 nulla
3393 4703 3556 4743 causa

303 4789 493 4855 σφίσιν
542 4787 729 4850 αὐτοῖς
783 4785 1005 4856 μᾶλλον,
1058 4784 1092 4856 ἢ
1138 4786 1264 4853 ἐμοὶ
1314 4784 1426 4837 τῶν
1480 4784 1663 4855 δρκων
1716 4785 1881 4863 ἕνεκα

1976 4788 2247 4860 legitima,
2275 4788 2370 4843 sed
2401 4787 2696 4843 calumniis
2721 4796 2931 4842 tantum
2958 4800 3024 4840 eo
3053 4785 3274 4855 impulsi
3294 4790 3442 4848 sunt,
3497 4792 3557 4837 ut

304 4879 625 4952 μέμφεσθαι
665 4878 965 4949 προσῆκεν.
1005 4876 1198 4946 Ὑμεῖς
1241 4875 1432 4948 ὥσπερ
1463 4879 1523 4931 ὲν
1552 4881 1667 4942 τοῖς
1699 4879 1882 4943 ἀλλοις

1982 4895 2073 4935 me
2123 4878 2287 4933 armis
2312 4887 2805 4949 persequerentur,
2831 4877 3148 4934 necessario
3176 4884 3233 4931 et
3283 4874 3400 4945 ipse
3432 4889 3553 4943 agn,

288 4969 568 5040 ’ἀειφυγίᾳ
599 4969 661 5021 τὸ
701 4969 912 5021 δίκαιον
959 4965 1575 5031 καταδικάσαντες,“καὶ
1606 4968 1706 5037 τῆς
1748 4966 1883 5022 Ῥω-

1990 4968 2135 5023 unde
2163 4966 2303 5022 mihi
2360 4978 2417 5024 et
2444 4968 2917 5024 commilitonibus
2948 4967 3089 5021 meis
3116 4966 3264 5020 salus
3294 4966 3558 5034 pariatur.

303 5064 485 5136 μαίων
548 5062 922 5124 ἀπελάσαντες
959 5059 1135 5130 ἀρχῆς
1173 5059 1255 5128 τῷ
1299 5059 1438 5130 φίλῳ
1473 5059 1658 5129 ψεύδει
1699 5059 1975 5130 κέχρησθε
2038 5061 2149 5126 ἀεὶ,
2218 5063 2314 5116 καὶ
2378 5063 2501 5125 ταῖς
2552 5061 2964 5131 συκοφαντίαις·
2996 5059 3117 5113 οὐδὲ
3150 5057 3307 5110 τοῦτο
3349 5073 3563 5126 μεμνη-

302 5159 459 5230 μένοι
513 5154 644 5223 γοῦν
700 5155 781 5208 ὅτι
853 5153 964 5207 τῶν
1036 5153 1167 5223 τῇδε
1231 5151 1583 5222 βεϐιωμένων
1638 5151 1878 5216 ἅπαντας
1956 5153 2230 5224 ύφέξομεν
2288 5154 2520 5219 εὐθύνας
2580 5154 2720 5226 μετά
2800 5153 2900 5224 τὴν
2950 5151 3160 5205 ἐνθένδε
3212 5149 3558 5219 ἀπαλλαγήν.

311 5248 459 5319 Ἐγὼ
483 5247 529 5302 δ’
591 5245 783 5319 ὥσπερ
825 5246 919 5300 καὶ
989 5244 1279 5316 πρότερον,
1326 5243 1469 5297 οὕτω
1518 5246 1613 5298 καὶ
1658 5244 1777 5309 νῦν,
1833 5246 1940 5299 ὑπὸ
1980 5247 2221 5319 μάρτυρι
2255 5246 2333 5318 τῷ
2361 5244 2479 5318 Θεῷ
2511 5246 2677 5314 λέγω,
2709 5246 2785 5310 ὡς
2818 5246 2971 5300 οὐδὲν
3000 5244 3188 5314 ἕτερον
3211 5242 3369 5303 εὐθὺς
3401 5241 3562 5311 ἐξαρ-

295 5348 406 5422 χῆς
443 5346 579 5417 μετά
621 5344 721 5415 τὴν
767 5341 1034 5415 βασιλέως
1076 5336 1354 5411 τελευτήν,
1403 5341 1435 5412 ἢ
1470 5341 1572 5395 ὅσα
1605 5341 1863 5412 βασιλίδι,
1905 5343 2002 5397 καὶ⁵
2033 5344 2196 5397 παισὶ
2233 5344 2528 5415 συμφέρει,
2595 5347 2690 5399 καὶ
2736 5346 2871 5397 πᾶσι
2911 5345 3063 5412 κοινῇ
3124 5339 3421 5410 Ῥωμαίοις
3451 5337 3559 5389 διεσ-

295 5440 546 5509 νοούμην
575 5455 633 5491 τε
674 5440 769 5490 καὶ
798 5438 1062 5507 πράττειν
1094 5433 1241 5505 εἶχον
1269 5434 1359 5487 διὰ
1397 5434 1651 5506 σπουδῆς.
1699 5437 1956 5490 Ἐκείνων
2011 5438 2069 5491 δὲ
2129 5437 2191 5502 ἐξ
2254 5437 2514 5507 οὐδεμιᾶς
2579 5437 2757 5500 αίτίας
2796 5435 3053 5505 ἀληθοῦς,
3094 5434 3210 5488 ἀλλ’
3244 5433 3349 5487 ὑπὸ
3398 5446 3560 5483 συκου

300 5534 539 5604 φαντίας
575 5529 711 5599 πρὸς
753 5530 845 5582 τὶν
874 5526 997 5581 κατ’
1023 5525 1158 5598 ἐμοῦ
1200 5528 1580 5599 κεκινημένων
1646 5527 1908 5598 πόλεμον,
1948 5529 2270 5601 ¹ἀναγκαίως
2298 5531 2395 5584 καλ⁸
2428 5529 2593 5594 αὐτὸς
2636 5530 2695 5597 ἐξ
2730 5523 2805 5583 ὧν
2846 5528 3056 5599 νομίζω
3116 5525 3338 5599 ἐμαυτῷ
3367 5541 3427 5579 τε
3461 5526 3558 5580 καί

292 5631 418 5692 τοῖς
450 5623 668 5683 συνοῦσι
712 5621 811 5696 τὴν
844 5623 1120 5695 σωτηρίαν
1151 5624 1466 5694 ἐκπορίζειν
1502 5625 1746 5696 πράττω.

1881 5776 1961 5791 ..-
2004 5788 2005 5791 η

1897 5888 1934 5912 Ν
