4096 6300
630 351 740 411 923

1689 339 1694 348 '
1783 353 2104 416 JOANNlS
2139 353 2670 414 CANTACUZENI

3751 357 3842 423 θα

1868 482 2030 556 475
2071 482 2297 539 CAPUT
2337 482 2640 538 XXXVIII:

632 603 915 660 Melcnicus
950 611 1236 673 octnpatur
1274 621 1305 657 a
1346 604 1732 658 Cantacuzeno.
1766 601 1980 658 Chreles
2015 611 2316 673 cunctatur,
2353 602 2645 673 periculum
2694 601 2916 673 fugiens.
2960 600 3092 670 Ejus
3117 600 3346 673 adventu
3396 601 3452 654 in
3484 612 3675 663 castra.
3716 607 3837 661 miles

709 673 978 727 Romanus
1011 671 1246 728 lwtatur.
1298 673 1606 726 Fluctuatio
1655 678 2050 740 protostratoris
2085 672 2482 727 Thessalonicae.
2536 671 3117 734 Seditio'zelotarum;
3161 671 3407 740 expulsio
3463 673 3645 740 civium
3667 683 3711 725 et
3749 675 3837 729 alia

707 752 842 795 tetra
881 744 1136 805 facinora.
1187 741 1548 796 Protostrator
1576 739 1692 810 cum
1723 746 2062 808 optimatibus
2092 741 2290 807 pulsus.
2325 741 2838 794 Thessalonicensem
2867 755 3054 809 agrum
3085 739 3447 810 deprtrdatur.
3480 739 3838 798 Cantacuzcnus

703 812 944 881 aﬂiictus,
975 817 1028 884 in
1057 813 1162 866 Deo
1192 830 1336 884 spem
1367 812 1527 866 locat.
1565 809 1854 884 Byzantini
1896 813 2016 868 cum
2049 813 2203 868 sociis
2249 810 2674 864 Thessalonicam
2715 811 3114 882 ingrediuntur.
3154 809 3484 872 'Delibcratio
3523 810 3838 866 Cantacuuni

701 897 820 934 cum
863 882 1146 937 exsulibus.

705 995 840 1049 Cum
870 994 951 1049 sic
982 995 1413 1053 demonstrasset
1435 997 1593 1062 ,iIlos
1617 1014 1810 1069 parum
1846 999 2020 1069 probe
2055 998 2121 1050 de
2145 1009 2207 1052 se
2236 998 2280 1054 Δ

629 1083 936 1154 iudicasse.
969 1086 1268 1142 amicorum
1317 1088 1411 1158 qui
1441 1087 1694 1143 Melenici
1724 1097 1883 1142 erant
1905 1087 2220 1164 accersitu,

635 1190 860 1228 manum
893 1175 1042 1232 misit
1070 1219 1084 1240 ,
1123 1179 1428 1249 urbemque
1481 1178 1806 1249 occupavit,
1839 1189 1895 1233 et
1939 1177 2202 1233 Joannem

634 1253 871 1320 Asanem
909 1269 1098 1323 uxoris
1127 1268 1348 1324 fratrem
1379 1268 1692 1340 praefectum
1729 1268 2048 1324 declaravit.
2074 1266 2204 1333 Quae

646 1373 735 1412 res
771 1359 858 1413 vix
892 1361 1099 1429 sperari
1136 1371 1350 1430 poterat
1377 1371 1670 1430 antequam
1705 1359 1861 1414 fieret
1885 1399 1900 1426 ,
1931 1361 2074 1414 facta
2105 1375 2206 1413 au-

639 1459 750 1502 tem
804 1465 913 1502 non
980 1449 1260 1505 mediocre
1313 1451 1478 1506 dabat
1526 1451 1814 1531 solatium;
1879 1466 2003 1504 mox
2055 1449 2203 1504 enim

634 1540 895 1594 Chrelcm
925 1550 1116 1609 utpote
1145 1542 1390 1612 perfecto
1417 1582 1432 1608 ,
1461 1541 1608 1610 quod
1639 1541 2077 1603 desiderabatur.
2111 1541 2208 1595 ad-

631 1617 819 1692 vocat.
853 1631 956 1698 Qui
989 1631 1316 1687 Melenicum
1340 1631 1408 1687 ab
1431 1632 1761 1701 imperatore
1788 1631 2026 1686 obtineri
2049 1631 2208 1687 laetus

633 1723 944 1786 videbatur,
962 1723 1176 1793 sibique
1198 1737 1416 1778 omnem
1440 1725 1846 1780 excusationem
1870 1731 2204 1794 amputatam

633 1813 968 1871 affirmabat.
1022 1815 1408 1870 Verumtamen
1458 1815 1677 1882 adhuc,
1710 1814 1864 1884 quasi
1917 1830 2008 1870 res
2057 1830 2204 1880 suas,

628 1913 929 1974 antequam
961 1905 1107 1960 bello
1139 1921 1198 1960 se
1231 1906 1485 1962 crederet
1512 1946 1528 1972 ,
1583 1901 1993 1976 compositurus
2017 1904 2206 1974 ldiﬂ‘e-

634 1996 795 2052 rebat
820 2015 834 2051 :
876 1997 970 2052 sed
1001 2012 1188 2052 revera
1220 1998 1468 2053 laborem
1496 1999 1807 2053 detrectans
1834 2041 1850 2064 ,
1897 1998 2049 2052 nullo
2079 2013 2205 2052 cum

639 2086 886 2155 periculo
923 2103 1024 2143 suo
1074 2088 1379 2158 imperator
1407 2089 1652 2160 amicitia
1681 2089 1890 2159 perfrui
1921 2089 2206 2160 cupiebat.

628 2177 687 2232 is
723 2187 782 2231 ut
816 2177 1094 2234 hominem
1124 2190 1339 2251 tempus
1369 2180 1572 2236 ducere
1603 2180 1775 2246 vidit,
1810 2191 2048 2237 mentem
2089 2183 2209 2254 ejus

626 2285 703 2322 ex
736 2268 898 2326 dictis
937 2281 1258 2342 auguratus,
1290 2271 1539 2327 Melenici
1579 2273 1902 2343 praefectum
1935 2273 2204 2330 Joannem

634 2360 870 2415 Asanem
898 2339 1033 2416 cum'
1053 2374 1208 2431 parte
1244 2363 1526 2432 copiarum
1553 2339 1816 2433 (quanta
1851 2367 1982 2420 urbs
2011 2366 2206 2421 defen-
2233 2339 2281 2400 Β

630 2453 808 2507 sanda
840 2452 1139 2522 indigeret,
1159 2453 1446 2523 relinquit,
1467 2464 1523 2509 et
1547 2455 1717 2509 altera
1749 2467 1906 2524 parte
1935 2457 1988 2510 in
2014 2457 2208 2511 castris

639 2560 859 2598 manere
883 2545 1035 2615 juSsa
1059 2582 1076 2610 ,
1106 2543 1360 2599 Matthan
1398 2554 1456 2600 et
1502 2543 1752 2600 Manuele
1785 2545 1914 2600 ﬁliis
1936 2587 1950 2612 ,
1988 2556 2208 2600 trecen-

639 2635 818 2704 lisque
865 2636 1248 2692 tantummodo
1300 2638 1627 2702 comitatus,
1672 2639 1882 2708 magnis
1916 2639 2210 2695 itineribus

638 2727 906 2798 postridie
937 2727 1005 2782 ad
1041 2729 1223 2783 locum
1255 2729 1430 2792 venit,
1481 2729 1574 2783 ubi
1613 2729 1844 2784 Chreles
1873 2731 2208 2786 morabatur.

637 2820 684 2872 A
737 2834 850 2888 quo
878 2819 1196 2873 humaniter
1233 2829 1512 2890 acceptus,
1547 2821 1692 2874 diem
1724 2830 1780 2875 et
1829 2830 2050 2876 noctem
2082 2836 2208 2876 cum

637 2923 704 2964 eo
737 2911 1023 2979 transegit,
1087 2909 1465 2979 postridieque
1513 2910 1570 2964 in
1625 2918 1804 2965 castra
1843 2924 2030 2965 secum
2083 2925 2210 2980 per-

638 3001 831 3064 duxit,
893 3002 1126 3069 ejusque
1183 3011 1482 3070 conspectu
1529 3002 1834 3056 exercitum
1887 3001 2213 3057 mirabiliter

639 3090 934 3144 recreavit.
967 3089 1179 3160 Quippe
1211 3105 1320 3144 non
1350 3091 1518 3146 armis
1564 3092 1741 3145 solum
1765 3131 1780 3156 ,
1817 3091 1977 3161 equis
2026 3098 2084 3147 et
2122 3106 2216 3162 pe-

641 3182 802 3234 cunia
839 3181 1060 3235 valebat
1083 3222 1098 3243 ,
1150 3181 1246 3235 sed
1277 3190 1397 3235 erat
1429 3192 1692 3252 praeterea
1727 3183 1942 3238 artibus
1972 3185 2215 3254 impera-

640 3272 798 3326 toriis
847 3271 1358 3328 exercitatissimus
1388 3313 1403 3340 ,
1467 3281 1802 3344 noveratque
1837 3289 1961 3329 cum
2021 3275 2215 3329 amicis

639 3362 1010 3430 commodare,
1039 3373 1153 3417 tum
1180 3363 1421 3418 inimicis
1457 3364 1867 3418 incommodare
1892 3364 2211 3434 plurimum.

641 3453 915 3520 Quocirca
963 3455 1130 3508 etiam
1186 3455 1424 3508 societas
1475 3456 1599 3526 ejus
1637 3455 2011 3525 maximopere
2047 3469 2216 3524 expe-

639 3545 808 3599 tenda
843 3547 1194 3599 censebatur.
1228 3545 1636 3601 Thessalonicae
1684 3556 1870 3601 autem
1917 3554 2219 3614 protostra-

641 3645 752 3700 tor,
787 3648 850 3689 ut
885 3639 1176 3692 docuimus
1205 3680 1220 3704 ,
1263 3641 1507 3694 animum
1559 3641 1670 3695 huc
1698 3642 1832 3696 illuc
1859 3655 2088 3696 versans
2114 3680 2130 3703 .
2159 3646 2217 3695 et

647 3728 718 3802 ab
770 3735 895 3781 ntro
956 3729 1356 3799 imperatorum
1409 3731 1586 3801 palam
1637 3741 1810 3786 staret
1865 3732 2216 3799 deliberans,

640 3818 929 3873 remissius
993 3833 1058 3874 ac
1109 3821 1396 3876 socordius
1476 3821 1714 3892 agebat,
1768 3811 2078 3894 zelotasque
2122 3822 2217 3892 qui

640 3925 741 3979 pro
792 3911 1127 3981 imperatore
1167 3911 1457 3984 Palazologi
1507 3913 1620 3968 tilio
1669 3914 1726 3969 in
1777 3913 2218 3970 Cantacuzeuum

641 4016 702 4057 se
733 4003 1045 4067 armabant,
1076 4005 1281 4061 sensim
1312 4021 1610 4076 augescere
1641 4008 1991 4078 patiebatur:
2020 4007 2218 4077 partim

639 4104 931 4157 metuens,
996 4111 1061 4150 ne
1117 4097 1239 4168 ejus
1283 4098 1564 4154 studiosus
1625 4099 1848 4169 publice
1900 4099 2218 4164 haberetur,

639 4201 763 4238 cum
802 4185 912 4242 ﬁlia
969 4194 1026 4240 et
1082 4188 1281 4259 conjux
1308 4187 1552 4259 Byzantii
1589 4189 1920 4254 habitantes,
1943 4197 1999 4244 et
2028 4189 2222 4258 amplae

641 4273 851 4327 ibidem
907 4273 1197 4330 facultates
1255 4277 1310 4330 id
1366 4291 1476 4330 non
1533 4278 1956 4348 permitterent,
2017 4277 2223 4332 sollici-

640 4377 866 4430 tumque
908 4375 964 4421 et
1021 4369 1242 4423 anxium
1279 4367 1560 4435 facerent,
1597 4384 1664 4423 ne
1711 4384 1808 4424 sua
1855 4367 2021 4442 476
2054 4384 2219 4424 causa

640 4455 828 4510 multis
877 4458 1142 4512 a-rumuis
1171 4457 1583 4527 objicerentur,
1616 4457 1812 4526 partim
1845 4457 2014 4512 fretus
2043 4458 2220 4514 Thes-

637 4547 978 4602 saloniceusi
1011 4564 1120 4601 non
1171 4564 1339 4617 parvo
1375 4549 1655 4618 praesidio,
1686 4563 1750 4602 ac
1786 4538 2002 4603 civibus
2033 4551 2222 4620 copio-

632 4638 911 4700 sioribus,
941 4639 1143 4706 quibus
1176 4639 1396 4705 quando
1426 4639 1591 4692 vellet
1630 4636 1839 4692 zelotas
1897 4651 1958 4692 se
1994 4654 2224 4709 oppres-

638 4745 828 4782 surum
877 4728 1213 4784 contidebat.
1264 4729 1333 4784 At
1364 4737 1652 4799 postquam
1698 4727 1777 4784 illi
1803 4729 1925 4800 ejus
1957 4728 2221 4786 dilatione

642 4819 1034 4881 corroborati,
1091 4819 1306 4888 plebem
1367 4821 1420 4874 in
1481 4820 1754 4890 primores
1823 4819 2218 4887 concitarunt,

641 4921 1038 4980 protostratore
1050 4913 1162 4982 jam
1182 4912 1235 4965 in
1249 4911 2027 4980 Cantacuzenicisnumerato,
2046 4915 2219 4986 agmi-

2407 993 2682 1056 Ἐκείνους
2715 993 2813 1064 μὶν
2839 994 2932 1048 οὖν
2959 994 3132 1057 οὕτως
3165 994 3497 1048 ἀπεδείκνυε
3537 995 3693 1065 μηδὲν
3720 997 3840 1064 ὑγιὲς

2309 1086 2478 1142 αὐτοῦ
2513 1087 2952 1158 κατεγνωκότας.
2984 1087 3159 1151 Αὐτὸς
3191 1087 3247 1140 δὲ
3283 1086 3415 1140 ιπεὶ
3444 1088 3493 1140 oi
3519 1088 3576 1140 έν
3599 1088 3840 1160 Meitvati

2310 1177 2456 1248 φίλοι
2485 1179 2714 1233 ἐκάλουν
2738 1178 2816 1240 ὡς
2836 1177 3298 1249 παραληψόμενον
3327 1177 3432 1248 τὴν
3456 1177 3634 1242 πόλιν,
3656 1179 3840 1249 πέμψας

2311 1271 2576 1335 στρατιάν
2616 1268 2906 1337 κατέσχεν.
2938 1270 3174 1324 Ἔπειτα
3207 1269 3305 1323 καὶ
3335 1269 3432 1322 τὸν
3459 1268 3707 1340 γυναικὸς
3723 1269 3840 1323 ἀδελ-

2313 1363 2411 1431 φὸν
2440 1360 2696 1434 Ἰωάννην
2723 1361 2817 1418 τὸν
2855 1363 3089 1431 ’Δσάνην
3133 1363 3378 1433 ἄρχοντα
3402 1363 3508 1433 τῆς
3541 1361 3732 1424 πόλεως
3759 1379 3838 1414 κα-

2312 1455 2493 1525 θίστη.
2539 1456 2776 1527 πρᾶγμα
2821 1454 3180 1511 δυσέλπιστον
3229 1453 3370 1524 πρὶν
3407 1453 3655 1522 γενέσθαι
3678 1467 3692 1484 ·
3719 1452 3840 1520 γενό-

2315 1561 2476 1612 μενον
2531 1544 2590 1598 δὲ
2627 1543 2780 1613 ὅμως
2812 1543 2874 1596 οὐ
2938 1543 3168 1614 μετρίαν
3224 1542 3475 1614 παρέσχε
3531 1542 3838 1613 παραψυχήν.

2311 1633 2520 1688 Αὐτίκα
2547 1635 2658 1704 γάρ
2683 1633 2821 1704 πρὸς
2866 1633 3083 1704 Χρέλην
3143 1633 3390 1704 πέμψας,
3433 1633 3678 1687 ἐκέλευεν
3717 1634 3841 1703 ήκειν

2314 1725 2452 1796 πρὸς
2480 1725 2667 1793 αὐτὸν,
2702 1726 2779 1789 ὡς
2804 1725 2905 1796 ἤδη
2939 1725 3035 1779 τοῦ
3078 1723 3422 1795 ζητουμένου
3455 1725 3760 1794 ἠνυσμένου.
3793 1724 3838 1777 Ὁ

2312 1817 2356 1872 δ’
2383 1817 2561 1872 ἐδόκει
2595 1815 2697 1886 μὲν
2720 1817 2948 1888 ἥδεσθαι
2984 1815 3081 1871 τοῦ
3126 1817 3357 1888 βασιλέα
3389 1817 3678 1872 Μελενίκον
3705 1815 3840 1885 ἔχειν,

2313 1909 2410 1963 καὶ
2436 1909 2622 1988 πᾷσαν
2654 1907 2810 1974 ελεγε
2840 1907 3116 1978 πρόφασιν
3145 1907 3298 1980 αὑτῷ
3319 1907 3714 1982 περιῃρῆσθαι.
3745 1906 3841 1960 Ἔτι

2313 1999 2360 2053 δ’
2393 2000 2544 2070 ὅμως
2583 1999 2914 2054 ἀνεϐάλλετο
2940 1999 3002 2053 τὸ
3045 2000 3226 2054 δοκεῖν
3266 2000 3369 2070 μὲν
3393 2000 3472 2064 ὡς
3503 1999 3574 2054 τὰ
3599 1999 3720 2053 ὅντα
3749 1997 3844 2050 διαο

2315 2092 2622 2164 θησόμενος
2662 2091 2861 2160 μέλλον
2893 2092 2996 2162 ἤδη
3027 2091 3299 2146 ἀπτέσθαι
3331 2091 3571 2162 πολέμου
3597 2093 3682 2146 καὶ
3709 2107 3841 2162 στρα-

2312 2185 2465 2246 τείας
2491 2199 2506 2214 ο
2535 2185 2604 2251 τῇ
2630 2181 2676 2236 δ’
2698 2181 2952 2254 ἀληθείᾳ,
2983 2182 3088 2236 οὐκ
3117 2181 3322 2237 ὶθέλων
3353 2185 3435 2247 είς
3457 2183 3583 2245 τοὺς
3609 2181 3844 2259 κινδύνους

2317 2273 2605 2344 ἐμϐάλλειν
2637 2274 2855 2339 ἑαυτὸν,
2908 2273 3026 2328 ἀλλ’
3057 2275 3186 2330 ἄνευ
3221 2274 3406 2330 πόνων
3456 2274 3552 2345 τὴν
3618 2273 3842 2343 βασιλέως

2310 2365 2529 2422 εὔνοιαν
2556 2365 2926 2434 καρποῦσθαι.
2960 2366 3315 2442 Βασιλεὺςδὲ
3353 2366 3430 2429 ὡς
3460 2362 3568 2420 εἶδε
3607 2362 3844 2435 χωροῦντα

2309 2459 2448 2528 πρὸς
2479 2457 2772 2521 ἀναϐολὰς,
2797 2458 2898 2527 τῆς
2921 2456 3166 2521 διανοίας
3199 2458 3265 2511 ἑκ
3292 2455 3409 2510 τῶν
3432 2457 3719 2529 εἰρημένων
3748 2471 3842 2508 στο-

2309 2548 2642 2620 χασάμενος,
2689 2547 2995 2602 Μελενίκου
3041 2548 3140 2618 μὲν
3194 2547 3443 2619 ἄρχοντα
3490 2549 3580 2604 τὸν
3629 2543 3842 2616 γυναικὸς

2311 2637 2606 2694 κατέλιπεν
2637 2637 3116 2710 ἀδελφὸνἈσάνην
3143 2638 3235 2694 τὸν
3273 2639 3535 2712 Ἰωάννην
3561 2637 3690 2710 μετά
3707 2653 3840 2706 aspa-

2310 2733 2434 2794 τιᾶς
2459 2731 2592 2800 ὅσης
2622 2728 2762 2801 ᾤετο
2821 2729 3086 2801 ἀρκέσειν
3139 2722 3221 2794 είς
3274 2731 3528 2803 φρουρὰν
3576 2733 3640 2801 τῇ
3692 2728 3839 2782 πόλειε

2310 2825 2477 2888 αὐτὸς
2543 2823 2602 2876 δὲ
2651 2825 2750 2889 τὴν
2823 2822 2995 2892 ἄλλην
3043 2822 3312 2893 στρατιάν
3382 2825 3441 2878 ὲν
3511 2821 3588 2893 τῷ
3654 2835 3838 2891 στρατο·

2312 2912 2460 2980 πέδῳ
2491 2908 2757 2974 κελεύσας
2790 2910 3001 2981 μένειν,
3036 2910 3152 2980 ἅμα
3181 2913 3292 2974 τοῖς
3315 2912 3464 2964 υἱέσι
3497 2910 3736 2978 Ματθαίῳ
3763 2905 3837 2960 καὶ

2312 2998 2574 3068 Μανουὴλ
2616 2999 2968 3069 τριακοσίους
3017 2999 3177 3068 μόνον
3226 2999 3586 3071 παραλαϐὼν,
3615 2998 3837 3058 συντόνως

2311 3106 2373 3144 τε
2399 3088 2647 3154 ὁδεύσας,
2674 3091 2755 3152 εἰς
2782 3089 2885 3161 τὴν
2923 3081 3245 3160 ὑστεραίαν,
3288 3091 3429 3148 ἔνθα
3459 3095 3487 3147 ὁ
3516 3093 3714 3164 Χρέλης
3745 3090 3837 3143 διαο

2312 3177 2613 3254 τρίϐωννῆν
2645 3181 2898 3251 ἀφίκετο.
2944 3183 3188 3238 Ἐκείνου
3220 3185 3279 3249 δὲ
3331 3186 3580 3256 ἀσμένως
3625 3181 3837 3247 ὑποδεξα-

2319 3275 2482 3346 μένου
2513 3274 2986 3346 συνδιημερεύσας
3011 3275 3160 3347 αὑτῷ
3185 3277 3282 3332 καὶ
3307 3274 3836 3342 συνδιανυκτερεύσας,

2315 3369 2380 3437 τῇ
2415 3366 2534 3438 μετ’
2581 3365 2755 3437 αὐτὴν
2785 3365 2925 3438 ἔχων
2958 3369 3052 3420 καὶ
3085 3367 3204 3421 αὑτι
3228 3385 3249 3422 δ
3293 3370 3436 3438 μστά
3478 3368 3574 3437 τῆς
3601 3363 3834 3436 στρατιᾶς,

2317 3452 2472 3520 αὖθις
2508 3457 2591 3521 εις
2616 3458 2679 3511 τὸ
2706 3457 3074 3528 στρατόπεδον
3103 3459 3376 3529 ἐπανῆκε,
3409 3461 3505 3514 καὶ
3539 3458 3722 3526 πολλῆς
3747 3453 3837 3508 ἐνέ-

2319 3545 2498 3616 πλησε
2525 3545 2626 3617 τὴν
2659 3546 2925 3616 στρατιὰν
2954 3546 3148 3618 ἡδονῆς
3180 3548 3323 3616 μετά
3354 3550 3397 3602 Χ
3406 3548 3534 3619 ρέλη
3557 3545 3832 3616 ἀφιγμένος·

2319 3633 2430 3693 Ἦν
2451 3638 2556 3707 γάρ
2588 3639 2648 3691 οὐ
2682 3638 2910 3703 δυνατὸς
2934 3639 3098 3710 μόνον
3127 3642 3222 3692 καὶ
3249 3640 3441 3704 ὅπλοις
3472 3640 3562 3693 καὶ
3589 3639 3750 3696 ἵπποις
3767 3632 3836 3686 καὶ

2321 3729 2624 3800 χρήμασιν,
2654 3729 2794 3784 ἀλλὰ
2817 3731 2912 3783 καὶ
2944 3731 3075 3799 περὶ
3104 3731 3441 3802 στρατηγίας
3479 3729 3719 3784 κάλλιστα
3738 3722 3838 3790 the

2321 3821 2621 3892 σκημένος,
2651 3822 2744 3875 καὶ⁵
2783 3817 2894 3884 οἷος
2921 3821 3050 3885 τούς
3078 3838 3139 3874 τε
3166 3820 3356 3891 φίλους
3385 3821 3610 3892 ὠφελεῖν
3635 3815 3836 3874 καὶτοὺς

2319 3912 2617 3983 πολεμίους
2646 3912 2907 3983 βλάπτειν
2938 3913 3176 3984 μάλιστα
3207 3914 3433 3970 ειδέναι.
3473 3913 3549 3966 Δι’
3576 3909 3611 3966 ἀ
3658 3908 3740 3962 καὶ
3761 3919 3836 3956 πε·

2325 4005 2628 4077 ριμάχητος
2676 4005 2864 4070 αὐτοῖς
2896 4003 3079 4059 ὶδόκει
3131 4007 3164 4076 ἡ
3209 4006 3424 4060 ἐκείνου
3455 4000 3736 4075 συμμαχία.
3768 3994 3837 4048 Ἐν

2321 4095 2694 4168 Θεσσαλονίκη
2711 4096 2771 4148 δὲ
2787 4097 2816 4148 ὁ
2842 4095 3289 4167 πρωτοστράτωρ
3315 4096 3502 4168 ὥσπερ
3529 4095 3737 4164 ἔφημεν.
3757 4086 3837 4154 ἀμ’

2323 4187 2544 4258 φίθολος
2574 4185 2672 4253 ὢν,
2701 4188 2798 4240 καὶ
2849 4186 2982 4256 περὶ
3009 4185 3118 4240 τῶν
3150 4185 3418 4256 βασιλέων
3445 4185 3550 4256 ὅτῳ
3579 4177 3836 4253 πρόσθηται

2322 4279 2575 4350 φανερῶς
2627 4277 3094 4348 διασκεπτόμενος
3119 4317 3136 4343 ,
3195 4276 3580 4348 μαλακώτερόν
3641 4287 3695 4325 τε
3751 4263 3834 4316 τῶν

2280 4389 2290 4394 ·
2324 4371 2668 4441 πραγμάτων
2698 4369 2925 4439 ἥπτετο,
2955 4369 3052 4423 καὶ
3083 4370 3212 4432 τοὺς
3249 4367 3575 4438 λεγομένους
3602 4355 3832 4431 Ζηλωτάϐι

2320 4462 2370 4515 οἶ
2409 4460 2551 4529 ὑπὲρ
2578 4458 2847 4530 βασιλέως
2879 4459 2976 4512 τοῦ
3011 4459 3382 4530 Παλαιολόγου
3411 4456 3616 4528 βασιλεῖ
3634 4450 3703 4521 τῷ
3723 4449 3833 4530 Kar-

2319 4527 2640 4618 τακουζηνῷ
2669 4545 2903 4617 ᾑροῦντο
2949 4548 3233 4616 πολεμεῖν,
3288 4527 3678 4614 αὐξανομένους
3722 4527 3830 4587 κατά

2325 4639 2522 4712 μικρὸν
2567 4638 2882 4711 περιεώραο
2913 4639 3076 4694 τοῦτο
3113 4639 3236 4709 μὲν,
3285 4641 3362 4711 μὴ
3398 4637 3622 4710 φανερὸς
3663 4630 3831 4701 γένοιτο

2322 4729 2777 4802 Καντακουζηνοῦ
2799 4733 2871 4786 τά
2891 4730 2986 4784 τοῦ
3015 4732 3278 4800 βασιλέως
3308 4731 3577 4804 ᾑρημένος
3598 4719 3829 4780 δεδοικώς·

2321 4823 2482 4895 ήγάρ
2507 4822 2755 4892 Θυγάτηρ
2780 4823 2930 4892 αὐτῷ
2955 4825 3096 4894 καὶὴ
3120 4825 3258 4895 γυνὴ
3275 4820 3482 4894 αἳῆσαν
3506 4821 3561 4873 ὲν
3587 4810 3829 4879 Βυζαντίῳ.

2322 4916 2418 4970 καὶ
2448 4917 2482 4987 ή
2513 4913 2649 4985 άλλη
2685 4913 2979 4986 περιουσία
3007 4915 3108 4968 οὐκ
3139 4916 3269 4970 είων
3305 4915 3563 4983 πράττειν
3595 4909 3628 4962 ἃ
3666 4901 3828 4987 ᾑρεῖτξδι

641 5019 710 5058 ne
735 5003 874 5078 facto
900 5003 1241 5068 invadentes,
1259 5004 1480 5059 civitate
1496 5005 1717 5060 circiter
1748 5005 2000 5061 millenos
2028 4985 2216 5076 expel-

2327 4985 2699 5079 Epﬁdlthwat
2736 4985 2818 5070 είς
2875 5005 3140 5074 ἀγωνίαν,
3201 5005 3278 5077 μὴ
3341 5006 3408 5058 δι’
3459 5000 3612 5057 αὐτὸν
3659 4985 3826 5047 πολλοῖς

640 5096 762 5152 lunt
789 5135 803 5158 ,
835 5095 1052 5165 levique
1083 5096 1406 5166 sagittarum
1453 5098 1754 5152 certamine
1787 5097 2074 5168 congressi
2102 5139 2118 5163 ,
2150 5097 2219 5152 de

643 5185 864 5240 famulis
897 5187 1314 5256 protostraloris
1359 5188 1570 5258 aliquot
1615 5189 2054 5253 convulnerant,
2105 5187 2221 5258 pri-

645 5295 864 5334 morum
900 5280 1202 5333 nonnullos
1259 5282 1488 5350 capiunt
1517 5321 1530 5343 ,
1564 5281 1659 5350 qui
1698 5296 1823 5335 cum
1872 5280 1996 5334 aliis
2043 5280 2220 5348 primo

644 5371 852 5440 impetu
899 5371 1099 5441 ejicere
1155 5387 1277 5425 sese
1325 5389 1432 5425 non
1486 5381 1797 5440 potuerant.
1830 5371 2031 5425 Zelotaa
2081 5370 2218 5425 urbe

643 5481 748 5520 suo
778 5480 836 5518 se
869 5464 1086 5518 redacta
1116 5504 1130 5529 ,
1187 5465 1252 5516 ad
1305 5465 1448 5518 aedes
1491 5464 1742 5518 exsulum
1777 5463 2024 5516 conversi
2053 5505 2068 5527 ,
2126 5476 2219 5516 eas

646 5558 859 5626 direpta
924 5557 1251 5628 supellectili
1306 5567 1592 5619 evertunt;
1645 5555 1750 5610 alia
1796 5557 1926 5610 item
1961 5570 2086 5608 cum
2140 5553 2222 5607 in-

649 5650 786 5716 |ttria
856 5659 912 5704 et
972 5651 1304 5706 contumelia
1390 5639 1747 5719 perpetraui,
1804 5663 1925 5717 qua:
1971 5645 2224 5700 homines

648 5749 893 5826 egestate
947 5751 1209 5808 coactos,
1260 5751 1311 5798 et
1357 5742 1692 5798 abundantia
1739 5740 2060 5796 facultatum
2083 5739 2224 5825 alie-

2329 5096 2784 5168 προσομιλήσωσι
2813 5098 3005 5158 κακοῖς
3032 5111 3046 5126 ⁸
3078 5095 3239 5148 τοῦτο
3266 5095 3312 5148 δ’
3343 5095 3426 5148 ὅτι
3450 5093 3540 5146 καὶ
3561 5080 3827 5168 Graecini:

2325 5156 2490 5250 κέων,
2508 5156 2588 5238 ὀὐ
2623 5156 2785 5255 μόνον
2816 5185 2851 5254 ὴ
2879 5156 3130 5255 στρατιὰ,
3157 5185 3208 5238 οἶ
3238 5179 3380 5255 ἦσαν
3407 5181 3506 5234 οὐκ
3531 5175 3702 5241 ὀλίγοι,
3722 5156 3828 5218 ἀλλά

2328 5278 2423 5330 καὶ
2453 5275 2564 5330 τῶν
2608 5273 2843 5328 πολιτῶν
2869 5276 2920 5328 οἱ
2967 5273 3182 5328 δυνατοὶ
3220 5274 3288 5327 τά
3321 5268 3575 5345 βασιλέως
3599 5258 3681 5316 τοῦ

2326 5363 2660 5434 τακουζηνοῦ
2684 5365 2952 5436 ᾑρημένοι
2981 5366 3116 5436 πρὶς
3132 5338 3392 5435 ἀμέλειαν
3418 5360 3598 5429 ἐνῆγον
3615 5347 3685 5412 οἷς

2327 5462 2410 5530 ρει
2436 5460 2523 5513 ὅτε
2554 5433 2811 5527 βούλοιτο
2859 5433 3221 5528 περιέσεσθαι
3267 5455 3374 5509 τῶν
3404 5444 3668 5543 ζηλωτιῖξν.
3703 5433 3826 5543 '55:“

2326 5553 2383 5606 δὲ
2409 5547 2722 5606 ἐκεῖνοι’διά
2757 5554 2856 5622 τὴν
2890 5550 3150 5620 μέλλησιν
3181 5548 3389 5602 ἐκείνου
3418 5541 3553 5616 ἦσαν
3579 5534 3823 5622 οὑκ-εὐκέ-

2329 5646 2686 5715 ταφρόνητοι,
2733 5620 2829 5698 καί.
2866 5643 2957 5696 τὸν
3005 5641 3177 5712 δῆμον
3219 5638 3538 5711 ἀνηρέθισαν
3578 5620 3699 5715 κατὰ
3741 5620 3827 5715 τῶν

2332 5697 2598 5801 δυνατῶν,
2627 5697 2720 5790 τοῦ
2753 5697 3244 5807 πρωτοστρὲτορος
3443 5713 3747 5792 ἐγνωσμένου
3772 5697 3824 5754 τὰ
3882 5778 3888 5785 κ
