4096 6300
189 354 294 416 929

1333 344 1886 409 HISTORIARUM
1930 343 2164 403 LIBER
2200 341 2317 401 III.

3342 291 3488 404 930‘

192 467 336 522 κέων
380 463 431 515 oi
472 462 542 515 τά
586 458 832 530 ἡμέτερα
879 459 1168 529 ᾑρημένοι,
1219 457 1312 543 οὓς
1362 457 1592 528 ἐδειτὴν
1622 455 1778 509 πόλιν

1897 462 2012 512 Lor,
2069 449 2125 502 et
2174 447 2269 516 qui
2323 444 2607 499 nobiscum
2661 443 2872 500 faciunt
2912 445 3455 512 Thessalonicenses,

192 558 415 628 ἔχοντας
451 555 652 625 εὑρεῖν,
683 553 778 606 καὶ
801 551 871 605 τὰ
917 553 1146 622 μέγιστα
1185 550 1513 620 ὠφελεῖσθαι
1561 549 1654 602 ὑπ’
1684 548 1782 601 αὐ-

190 649 324 712 τῶν,
367 646 610 717 δυσκόλῳ
650 645 789 719 τύχῃ
821 643 1178 714 χρησάμενοι,
1209 643 1560 713 ἐξελήλανται
1582 658 1597 673 ο
1630 641 1658 694 ὃ
1718 657 1779 693 τε

191 739 384 809 δῆμος,
403 739 496 792 καὶ
519 738 566 790 οί
603 736 1107 804 ὲναπολειφθέντες,
1137 735 1229 798 οὓς
1259 735 1564 806 ἠλπίζομεν
1595 735 1628 805 ἢ
1659 749 1780 786 πει-

195 834 280 886 θοῖ
301 829 694 902 προσάξεσθαι,
722 829 754 900 ἢ
785 829 1072 898 βιάσεσθαι
1099 831 1212 892 τοῖς
1245 829 1451 891 ὅπλοις,
1483 828 1571 880 διά
1593 844 1653 879 τε
1681 828 1781 888 τὰς

194 923 451 994 ἁρπαγάς
471 924 604 994 ἡμῖν
629 923 693 974 ὲκ
729 920 1181 990 πεπολεμωμένοι
1228 921 1322 974 καὶ
1356 919 1686 991 θαρροῦντες
1713 920 1778 989 τῇ

194 1018 262 1068 ἐκ
297 1013 594 1079 Βυζαντίου
626 1014 876 1084 στρατιᾷ,
909 1012 969 1065 οὐ
1000 1011 1494 1082 προσχωρήσουσιν
1518 1013 1680 1080 ἡμῖν,
1715 1009 1778 1064 Ei

196 1107 308 1179 γὰρ
336 1107 586 1176 ἔμελλον,
639 1107 740 1157 οὐκ
799 1105 866 1158 ἂν
909 1103 1001 1156 ἐπὶ
1050 1107 1149 1175 τῆς
1180 1103 1357 1174 πύλης
1382 1093 1561 1158 αὐτῶν
1595 1101 1781 1172 σχεδὸν

193 1195 770 1266 ὲστρατοπεδευμένου
831 1194 1104 1265 ἡσύχαζον
1162 1194 1349 1248 αὐτοίο
1413 1194 1594 1264 ἀλλ’ἢ
1642 1211 1782 1264 πρε-

199 1288 388 1341 σϐείαν
419 1286 738 1355 ποιούμενοι
773 1289 950 1355 κοινῇ,
983 1286 1016 1356 ἢ
1057 1286 1165 1356 ἰδίᾳ
1195 1285 1381 1356 κρύφα
1424 1285 1567 1348 τινὲς
1601 1285 1781 1338 αὐτῶν

194 1379 588 1446 διαλεγόμενοι,
634 1376 893 1448 παρῆσαν
934 1377 1022 1431 ἀν.
1077 1377 1150 1430 Τδ
1185 1378 1241 1431 δὲ
1273 1377 1481 1449 μηδένα
1518 1377 1778 1444 ἐξελθεῖν,

196 1467 502 1537 τεκμήριον
539 1467 634 1519 τοῦ
679 1483 738 1519 τε
767 1467 896 1530 τοὺς
931 1466 1162 1530 πολλοὺς
1190 1469 1491 1536 ἐγνωκέναι
1523 1468 1782 1537 πολεμεῖν

196 1561 359 1630 ἡμῖν,
398 1559 494 1612 καὶ
526 1559 619 1611 τοῦ
649 1560 702 1612 εί
731 1576 875 1619 τινες
903 1560 997 1612 καὶ
1030 1557 1139 1614 εἶεν
1169 1547 1435 1632 ᾑρημένόι
1481 1560 1550 1614 τὰ
1577 1561 1783 1632 ήμέτε-
1837 1623 1840 1626 ι

198 1667 294 1720 ρα,
334 1649 442 1702 δέει
470 1647 565 1701 τοῦ
626 1648 700 1718 μὴ
754 1649 940 1711 κακῶς
992 1648 1186 1702 παθεῖν
1239 1650 1621 1720 συμφέρεσθαι
1666 1651 1782 1713 τοῖς

195 1739 405 1802 ἄλλοις.
449 1737 612 1790 Ὅθεν
635 1737 761 1792 οὐδὲ
781 1739 1010 1791 ἐλπίδων
1041 1740 1320 1812 ἀνονήτων
1354 1742 1516 1794 ἕνεκα
1546 1740 1784 1795 ἐνταῦθα

194 1829 384 1899 οἴομαι
417 1829 756 1897 παραμένειν
801 1829 932 1882 δεῖν.
967 1831 1041 1883 Ού
1091 1831 1198 1900 μὴν
1227 1832 1318 1885 διὰ
1339 1834 1397 1886 τὸ
1441 1833 1544 1901 τῆς
1575 1833 1784 1896 πόλεως

195 1917 696 1985 άποτετυχηκέναι,
726 1914 822 1968 καὶ
854 1916 993 1986 πρὸς
1018 1917 1086 1970 τά
1133 1918 1390 1972 λείποντα
1427 1920 1636 1974 δίκαιον
1686 1921 1783 1974 τοῦ

195 2006 447 2073 πολέμου
489 2006 899 2076 μαλακίζεσθαι.
937 2007 1072 2062 Οὐδὲ
1108 2009 1214 2080 γὰρ
1267 2011 1386 2065 οὐδὲ
1440 2011 1576 2082 πρὸς
1606 2013 1784 2065 πάντα

195 2100 580 2169 εὐτυχήσομεν
607 2100 711 2153 ἀεί.
751 2100 1054 2172 Σωφρόνων
1083 2103 1138 2155 δέ
1183 2105 1329 2156 ἐστιν
1360 2103 1666 2175 ἀνθρώπων
1691 2106 1787 2158 καὶ

196 2191 472 2259 γενναίοις
503 2192 802 2261 χρωμένων
848 2192 1152 2262 λογισμοῖς,
1195 2195 1334 2263 μήτε
1371 2194 1428 2244 ἐν
1458 2196 1578 2256 ταῖς
1626 2195 1785 2247 εὐτυ-

197 2284 349 2355 χίαις
379 2282 471 2335 τοῦ
509 2285 734 2352 μετρίου
783 2283 1072 2352 φαίνεσθαι
1133 2286 1524 2350 ἐκπίπτοντας,
1568 2286 1694 2355 μήτ’
1729 2287 1788 2339 ὲν

196 2376 323 2436 ταῖς
381 2373 742 2443 δυσπραγίαις
801 2375 1174 2428 καταπίπτειν
1240 2375 1688 2446 ἀπαγορεύοντας
1725 2377 1787 2429 τὸ

197 2465 561 2533 ἀνορθοῦσθαι
587 2464 742 2528 αὖθις
765 2480 778 2492 ·
812 2464 950 2518 ἀλλά
977 2465 1097 2542 δέον
1124 2465 1191 2518 τά
1222 2466 1454 2520 ἐνταῦθα
1479 2466 1554 2530 ώς
1583 2467 1788 2542 προσῆ-

199 2576 294 2611 κον
318 2557 792 2628 διοικησαμένους,
828 2561 1029 2629 χωρεῖν
1083 2559 1176 2611 ἐπὶ
1217 2561 1285 2611 τά
1316 2560 1503 2628 πρόσω
1553 2576 1788 2630 χρηστο-

198 2653 370 2720 τέρας
396 2651 548 2720 ήμῖν,
579 2651 669 2703 καὶ
700 2649 774 2712 ώς
813 2651 1050 2720 μάλιστα
1102 2650 1368 2716 ἀσφαλεῖς
1421 2651 1787 2719 ὑποφαίνοντα

200 2743 449 2806 ἐλπίδας.
478 2743 607 2796 Δέον
627 2741 719 2796 οὖν
759 2742 870 2808 ἐγὼ
894 2744 1102 2812 νομίζω
1131 2746 1196 2814 τῇ
1243 2744 1322 2807 είς
1376 2744 1474 2813 τὴν
1508 2742 1786 2798 Ῥεντίναν

201 2834 672 2905 καταλελειγμένῃ
695 2835 912 2905 φρουρᾷ
931 2834 1159 2903 δύναμιν
1178 2834 1516 2903 προσθέντας
1536 2835 1786 2905 μείζονα,

202 2931 276 2991 ὡς
304 2928 664 2998 κατατρέχειν
713 2927 1115 2995 Θεσσαλονίκης
1170 2927 1442 2981 δύναιντο.
1485 2927 1547 2980 Ἦ
1584 2927 1694 3002 γὰρ
1723 2930 1787 2980 ἐκ

1883 556 2022 609 quos
2055 540 2345 608 oportebat
2392 554 2493 592 nos
2522 539 2711 592 urbem
2747 549 2994 594 tenentes
3043 541 3328 606 invenire,
3369 557 3464 595 eo-

1883 646 2118 701 rumque
2160 631 2362 700 opibus
2414 629 2467 683 in
2520 631 2713 698 primis
2747 631 2992 701 adjuvari
3023 672 3038 692 ,
3079 631 3275 685 infesta
3332 649 3464 701 qua-
3537 681 3550 695 ,

1884 723 2010 777 dam
2095 721 2320 776 fortuna
2393 721 2604 790 expulsi
2665 733 2833 787 sunt;
2893 732 2948 776 et
3000 723 3234 792 populus
3300 734 3465 794 atque

1883 813 2034 868 intus
2067 813 2243 866 relicti
2272 855 2286 876 ,
2319 828 2459 881 quos
2505 823 2600 866 aut
2629 812 2816 867 verbis
2851 811 3078 867 innexos
3104 853 3119 878 ,
3168 823 3262 867 aut
3293 815 3462 868 armis

1883 907 2199 976 compulsos
2227 906 2294 960 ad
2326 921 2426 959 nos
2457 920 2781 960 accessuros
2819 920 2944 974 spes
2989 915 3131 970 erat,
3177 921 3301 960 cum
3335 923 3464 976 pro-

1883 1006 2008 1067 pter
2038 998 2382 1068 direptiones
2420 1004 2610 1052 nostra
2637 1013 2803 1053 causa
2853 998 3114 1052 toleratas
3159 998 3322 1059 nobis
3351 998 3462 1052 ini-

1882 1094 2170 1149 micissimi
2232 1103 2411 1160 sunt,
2486 1105 2598 1149 tum
2656 1094 2911 1164 praesidio
2973 1096 3272 1166 Byzantina
3331 1110 3464 1149 con-
3563 1115 3580 1119 -

1886 1186 1992 1244 (isi.
2024 1201 2083 1241 se
2117 1201 2468 1256 nequaquam
2501 1187 2724 1241 dedent.
2758 1186 2913 1253 Quod
2941 1187 2986 1242 si
3021 1187 3204 1242 facere
3233 1187 3460 1251 vellent,

1890 1291 1978 1331 me
2019 1287 2148 1332 ante
2182 1287 2373 1348 portas
2423 1279 2824 1348 propemodum
2877 1287 3322 1338 castrametante.
3361 1277 3462 1345 ipsi

1884 1383 1993 1422 non
2023 1370 2416 1438 quiescerent,
2496 1369 2592 1424 sed
2645 1379 2742 1423 aut
2771 1368 2955 1423 missis
2991 1368 3188 1439 legatis
3218 1383 3463 1423 commu-

1885 1458 2030 1512 niter
2095 1469 2193 1513 aut
2255 1459 2512 1529 privatim
2549 1460 2768 1514 occulte
2813 1459 3035 1529 quidam
3075 1473 3286 1511 mecum
3321 1473 3462 1526 prae-

1894 1559 2082 1625 sentes
2132 1561 2381 1622 agerent.
2417 1553 2556 1618 Quia
2587 1567 2718 1606 vero
2758 1553 2944 1606 nullus
2975 1551 3278 1621 egreditur,
3318 1550 3466 1604 indi-

1888 1643 2038 1698 cium
2093 1655 2219 1708 est,
2254 1645 2451 1715 vulgus
2503 1646 2790 1700 decertare
2842 1645 3127 1700 nobiscum
3157 1645 3460 1699 statuisse:

1887 1747 1980 1802 et,
2033 1737 2083 1792 si
2127 1738 2352 1807 quidam
2387 1737 2554 1792 etiam
2608 1737 2760 1801 sint,
2809 1739 3013 1806 quibus
3049 1747 3246 1792 nostra:
3284 1747 3466 1808 partes

1888 1833 2227 1902 probentur,
2279 1849 2377 1889 eos
2427 1842 2575 1889 metu
2631 1834 2935 1889 subeundae
2967 1835 3298 1891 calamitatis
3356 1852 3466 1890 uno

1887 1925 2062 1979 veluti
2098 1924 2265 1980 ﬂuctu
2316 1941 2441 1986 cum
2490 1927 2613 1980 aliis
2661 1926 2843 1996 abripi
2897 1935 2953 1980 et
3021 1927 3249 1981 involvi.
3283 1926 3466 1994 Quare

1890 2031 2016 2070 cum
2051 2033 2189 2071 vana
2222 2033 2318 2087 spe
2337 2017 2434 2072 hic
2461 2017 2796 2072 manendum
2825 2033 2934 2073 non
2963 2028 3118 2088 puto.
3149 2019 3260 2074 Nec
3285 2028 3464 2073 tamen

1897 2110 2162 2178 quoniam
2200 2125 2310 2164 una
2358 2098 2583 2165 civitate
2633 2110 2983 2174 frustramur,
3023 2126 3242 2180 aequum
3283 2120 3366 2166 est
3398 2112 3466 2165 ad

1888 2201 2092 2256 bellum
2125 2202 2191 2256 de
2219 2214 2421 2257 caetero
2461 2202 2715 2257 enervari
2735 2210 2898 2272 atque
2929 2204 3247 2258 mollescere
3277 2219 3291 2267 ;
3327 2219 3470 2257 nun-

1889 2308 2052 2362 quam
2101 2292 2268 2364 479
2295 2294 2444 2347 enim
2492 2293 2738 2363 profecto
2782 2310 2879 2364 per
2920 2295 3102 2350 omnia
3166 2296 3366 2350 lelices-
3403 2311 3468 2349 ac

1889 2383 2426 2440 fortunatierimus.
2467 2385 2830 2441 Prudentium
2878 2403 3044 2458 porro
3094 2399 3152 2443 et
3192 2389 3470 2444 animoso-

1893 2491 2017 2530 rum
2065 2485 2150 2546 est
2178 2517 2192 2541 ,
2242 2492 2345 2530 nec
2379 2479 2433 2530 in
2486 2477 2768 2546 prosperis
2819 2480 3142 2534 modestiam
3184 2481 3465 2546 deserere,

1895 2582 1996 2621 nec
2030 2567 2085 2620 in
2122 2566 2364 2622 turbidis
2396 2575 2451 2622 et
2481 2567 2732 2623 adversis
2759 2569 2834 2623 ita
2869 2569 3069 2625 cadere
3099 2580 3158 2624 ut
3187 2586 3245 2625 se
3278 2586 3467 2625 resur-

1892 2669 2141 2714 recturos
2176 2659 2495 2728 desperent.
2545 2659 2650 2715 Sed
2683 2660 2776 2714 ubi
2803 2660 2870 2715 de
2905 2662 2990 2715 his
3016 2663 3469 2719 constituerimus

1891 2753 2042 2823 quod
2071 2768 2213 2822 opus
2241 2762 2358 2818 est,
2394 2753 2666 2815 ulterius,
2714 2753 2804 2808 ubi
2836 2754 3031 2808 melior
3061 2770 3124 2809 ac
3163 2756 3468 2810 certissima

1894 2861 2018 2915 spes
2041 2844 2288 2915 aﬂ‘ulget,
2309 2829 2676 2917 procedamus
2698 2856 2936 2914 oportet.
2956 2845 3136 2912 Quare
3158 2847 3470 2917 augendum
3526 2858 3540 2872 '

1895 2936 2189 3006 llbentipae
2238 2935 2557 3006 praesidium
2608 2936 2824 3006 Opinor,
2862 2952 2970 3005 quo
3005 2953 3192 3008 agrum
3240 2938 3474 2992 Thessa-

205 3021 508 3085 Βυζαντίου
538 3020 789 3088 στρατιὰ,
847 3021 907 3070 οὐ
943 3018 1121 3089 πολλῷ
1151 3018 1377 3089 ὕστερον
1411 3020 1783 3091 ἀποχωρήσει,

1897 3025 2228 3080 loniccnsem
2295 3025 2583 3080 incursare
2634 3034 2800 3094 queat
2853 3027 3037 3096 (miles
3085 3028 3230 3080 enim
3273 3027 3477 3098 Byzan-

205 3113 302 3167 καὶ
333 3114 392 3164 ἐν
422 3113 876 3182 Γυναικοκάστρῳ
905 3113 1136 3182 δύναμιν
1162 3113 1354 3183 ὁμοίαν
1387 3113 1787 3176 καταλιπόντας

1897 3119 2042 3176 tinus
2091 3134 2199 3173 non
2225 3118 2400 3172 multo
2454 3129 2575 3186 post
2606 3117 2902 3184 discedet),
2959 3127 3014 3172 et
3067 3117 3467 3190 Gynaecocastri

204 3207 309 3275 τῆς
339 3205 506 3274 αὐτῆς
531 3206 716 3269 αἰτίας
745 3206 909 3258 ἕνεκα
947 3208 1012 3276 τῇ
1046 3205 1181 3278 ἄλλῃ
1233 3208 1466 3277 στρατιᾷ
1495 3206 1789 3268 διαϐάντας

1897 3213 2084 3266 eadem
2117 3212 2186 3265 de
2223 3225 2394 3266 causa
2437 3210 2601 3265 simili
2657 3211 2850 3264 relicto
2879 3225 3133 3274 numero,
3185 3227 3311 3264 cutn
3346 3213 3475 3266 reli-

205 3301 274 3354 αὖ
288 3299 409 3362 τοὺς
438 3301 532 3352 τὸν
572 3299 768 3365 ’Δξιὸν,
797 3299 876 3361 είς
905 3299 1165 3370 Βέρῤοιαν
1205 3299 1456 3365 γενέσθαι
1483 3301 1579 3353 καὶ
1607 3299 1792 3352 Ἐῒεσ-

1897 3315 1999 3368 quo
2055 3299 2271 3368 agmine
2305 3298 2439 3352 Axio
2489 3300 2717 3368 trajectu
2773 3313 2966 3352 versus
3023 3298 3340 3354 Berrhoeam
3413 3313 3470 3356 et

208 3408 312 3445 σαν
345 3380 418 3442 ’τά
455 3390 698 3460 ἡμέτερα
733 3391 1014 3461 ᾑρημένοις
1057 3390 1240 3453 πόλεις
1263 3406 1275 3420 ·
1312 3391 1535 3442 ἐκείνων
1563 3389 1620 3443 δὲ
1652 3407 1788 3459 κρα-

1901 3392 2165 3446 Edessam
2224 3393 2393 3446 urbes
2445 3391 2652 3444 amicas
2701 3389 3166 3460 progrediendum
3208 3409 3222 3446 :
3270 3393 3472 3459 quibus

206 3483 466 3552 τήσασιν,
500 3482 608 3536 οἵτε
637 3482 900 3535 Θεσσαλοὶ
943 3483 1426 3553 προσχωρήσουσιν
1459 3481 1659 3536 αὐτίκα
1697 3483 1791 3533 καὶ

1897 3483 2155 3553 acceptis,
2186 3492 2431 3538 actutum
2466 3481 2733 3546 Thessali,
2763 3481 3076 3536 Acarnanes
3139 3494 3196 3536 et
3272 3495 3470 3540 caetera

223 3575 583 3644 Ἀκαρνανία,
632 3575 726 3628 καὶ
758 3575 818 3627 τὸ
875 3575 1004 3628 ἄλλο
1035 3575 1404 3644 ἡπειρωτικὸν
1424 3615 1439 3639 ,
1497 3573 1666 3629 πάλαι
1693 3575 1791 3645 τὴν

1909 3575 2239 3638 continens,
2275 3589 2302 3628 a
2345 3589 2451 3643 qua
2508 3572 2720 3642 pridem
2773 3582 3098 3642 exspector,
3152 3573 3218 3628 ad
3265 3589 3365 3629 nos
3413 3591 3471 3631 se

194 3667 360 3738 -ὲμὴν
399 3666 582 3735 ἄφιξιν
638 3667 1093 3737 προσδεχόμενον.
1143 3667 1412 3738 Τοιαύτην
1465 3663 1522 3721 δὲ
1552 3669 1785 3738 προσλα-

212 3759 374 3812 ϐοῦσι
401 3756 649 3827 δύναμιν,
674 3757 848 3820 οὐδεὶς
875 3756 1232 3812 ἀνθίστασθαι
1277 3760 1358 3811 ἔτι
1403 3759 1648 3825 ἀξιώσει,
1678 3758 1792 3812 ἀλλ’

213 3851 245 3921 ἢ
273 3851 499 3912 ἑκόντες
529 3847 630 3918 τῆς
661 3849 838 3918 ἀρχῆς
873 3849 1073 3912 πάντες
1113 3850 1607 3920 παραχωρήσουσιν
1634 3851 1791 3919 ἡμῖν,

210 3943 245 4012 ἢ
279 3943 398 4003 τοῖς
446 3940 632 3996 ὅπλοις
681 3939 1012 4010 βιασθέντες.
1082 3938 1320 3994 Τοιαῦτα
1364 3943 1608 4002 εἰπόντος
1645 3940 1797 4009 βασι-

211 4035 379 4099 λέως,
418 4032 858 4103 πρωτοστράτωρ
907 4050 965 4086 τε
1007 4035 1125 4104 ἅμα
1161 4034 1272 4096 τοῖς
1315 4032 1578 4096 συνοῦσι,
1622 4033 1714 4083 καὶ
1747 4031 1794 4082 οἱ

213 4129 325 4182 ἀπὸ
360 4111 654 4191 Βυζαντίου
697 4125 933 4196 μάλιστα
981 4125 1240 4194 φυγάδες,
1289 4126 1347 4178 ὲν
1381 4122 1540 4190 δεινῷ
1566 4123 1691 4185 τοὺς
1711 4121 1798 4173 λό-

212 4238 350 4289 γους
379 4219 676 4285 ὲποιοῦντο,
701 4219 796 4271 καὶ
821 4219 988 4286 φόϐου
1025 4214 1164 4287 ἦσαν
1196 4218 1382 4286 μεστοὶ
1414 4218 1508 4269 καὶ⁵
1533 4215 1794 4283 ἀγωνίας,

214 4314 307 4367 τὸν
339 4311 537 4365 πλάνον
568 4309 644 4373 ὡς
674 4310 976 4379 ἀπέραντον
994 4307 1425 4377 λογιζόμενοι,εί
1453 4307 1561 4360 δέοι
1595 4307 1794 4376 Ἀκαρ-

216 4406 410 4460 νανίαν
443 4403 538 4456 καὶ
591 4403 859 4470 Ἤπειρον
920 4402 1217 4470 περιϊέναι,
1256 4403 1368 4462 τοῖς
1401 4402 1464 4452 ὲκ
1495 4399 1593 4466 τῆς
1635 4414 1799 4465 στρα-

184 4496 373 4557 -τιίας
425 4495 618 4554 κακοῖς
680 4490 1194 4561 ταλαιπωροῦντας,
1229 4490 1337 4542 τῶν
1367 4489 1509 4542 οῖκοι
1558 4486 1792 4558 μάλιστα

1911 4485 2060 4540 sticis
2098 4485 2265 4538 rebus
2317 4493 2605 4557 tantopere
2639 4483 2874 4547 aﬂlictis,
2917 4497 2972 4539 et
3007 4487 3186 4542 celere
3212 4492 3474 4546 auxilium
3559 4555 3568 4563 ε

218 4587 413 4649 κακῶς
470 4585 845 4651 διακειμένων,
909 4584 1005 4636 καὶ
1058 4583 1283 4652 ταχείας
1318 4581 1416 4652 τῆς
1475 4580 1793 4652 ἐπικουρίας

217 4678 516 4747 δεομένων.
551 4676 804 4745 Φανερῶς
843 4675 944 4744 μὲν
986 4669 1080 4728 οὖν
1112 4675 1407 4738 ἀντειπεῖν,
1459 4672 1556 4726 καὶ
1603 4673 1700 4741 τὴν
1725 4673 1802 4724 οί-

221 4768 385 4822 κείαν
415 4767 491 4829 ὡς
523 4767 706 4836 ἔχουσι
737 4769 866 4836 περὶ
894 4767 963 4820 τὰ
1011 4767 1276 4835 εἰρημένα
1310 4765 1536 4834 γνώμην
1569 4763 1803 4816 ἐκκαλύ-

218 4862 348 4931 ψαι,
398 4859 667 4912 ἐδεδίεσαν
692 4874 704 4888 ·
753 4863 814 4912 τό
836 4875 892 4910 τε
928 4859 1055 4927 περὶ
1089 4855 1312 4927 βασιλέα
1341 4856 1602 4916 δυσνοεῖν,
1629 4853 1720 4906 καὶ
1743 4851 1803 4906 τὸ

223 4953 503 5023 ἡσσῆσθαι
537 4951 822 5022 κατάκρας
849 4953 905 5004 ὲν
931 4952 1043 5011 τοῖς
1082 4949 1276 5011 δεινοῖς
1313 4947 1388 5011 ὡς
1442 4945 1646 5014 φαῦλον
1677 4947 1805 4998 ἑαυο

218 5047 340 5105 τοῖς
371 5041 721 5113 προστρίϐειν
767 5042 868 5095 οὐκ
892 5039 1168 5102 ἐθέλοντες
1189 5053 1203 5068 ο
1237 5037 1539 5109 προφάσεις
1569 5035 1625 5089 δέ
1653 5051 1804 5097 τινας

224 5136 573 5204 συνείροντες
599 5135 698 5186 οὐκ
745 5131 1069 5200 ἀναγκαίας,
1104 5129 1395 5184 διεκώλυον
1423 5128 1520 5199 τὴν
1579 5127 1801 5198 πρᾶξιν.

238 5230 331 5290 Ὦς
362 5227 418 5279 δὲ
453 5229 480 5278 ὁ
513 5225 760 5296 βασιλεὺς
813 5225 1066 5278 ἐπέκειτο
1089 5222 1296 5288 ταύτην
1331 5219 1470 5274 εῖναι
1507 5219 1666 5289 μόνον
1710 5219 1806 5287 φάο

225 5337 401 5381 σκων,
431 5317 506 5379 ὡς
535 5319 592 5369 ὲν
618 5317 728 5379 τοῖς
783 5314 1022 5385 παροῦσι
1045 5313 1494 5380 λυσιτελεστάτην
1541 5311 1768 5381 γνώμην
1789 5328 1803 5342 ο

227 5408 382 5464 Ἀλλ’
411 5409 459 5460 εί
518 5408 614 5477 μὲν
652 5407 811 5460 τοῦτό
839 5423 898 5460 σε
927 5406 1173 5475 λέληθεν,
1211 5402 1388 5470 εἶπεν,
1418 5397 1464 5457 ὦ
1506 5403 1750 5474 βασιλεῦ,
1780 5405 1808 5457 ὁ

226 5501 702 5573 πρωτοστράτωρ,
754 5500 830 5562 ὡς
882 5502 1113 5570 στρατιά
1146 5499 1451 5570 Τριὸαλῶν,
1507 5498 1673 5551 πολὺν
1708 5498 1808 5568 ήδη

226 5592 428 5665 χρόνον
478 5593 743 5644 Ἔδεσσαν
794 5592 1161 5661 περικάθηται
1224 5581 1671 5660 πολιορκοῦσα,ᾖ
1729 5588 1810 5640 δεῖ

231 5684 595 5755 χωρήσαντας
634 5683 722 5736 διὰ
755 5685 931 5753 μάχης
967 5682 1337 5754 παρέρχεσθαι
1371 5684 1451 5745 είς
1497 5678 1596 5752 τὴν
1633 5681 1806 5744 πόλιν,

232 5773 400 5838 ἄλλος
428 5776 494 5830 ἂν
526 5775 613 5845 εἴη
645 5773 822 5841 λόγος.
855 5775 917 5828 El
943 5776 990 5829 δ’
1014 5776 1111 5828 οὐκ
1139 5777 1372 5842 ἀγνοεῖς,
1411 5774 1646 5845 μάλιστα
1679 5773 1810 5827 θαυ-

1907 3665 2268 3720 transferent.
2305 3664 2423 3719 Tali
2472 3665 2714 3734 potentia
2755 3665 3090 3719 conﬁrmatis
3116 3704 3129 3728 ,
3163 3682 3323 3720 nemo
3354 3683 3472 3721 am-

1900 3758 2048 3828 plius
2096 3757 2358 3811 resi3tere
2411 3756 2712 3825 postulabit
2754 3771 2770 3810 :
2829 3755 2924 3810 sed
2978 3756 3062 3810 vel
3104 3766 3337 3826 Sponte,
3387 3761 3472 3813 vel

1901 3849 2072 3902 armis
2125 3847 2306 3902 adacti
2336 3886 2351 3907 ,
2401 3863 2594 3923 omnes
2627 3847 2863 3912 imperio
2898 3847 3056 3901 nobis
3100 3849 3316 3904 cedent.
3349 3851 3476 3906 Haec

1913 3939 2007 3993 ubi
2057 3939 2362 4008 imperator
2409 3937 2711 4004 disseruit,
2759 3948 3121 4006 protostrator
3167 3955 3291 3993 cum
3334 3942 3473 4008 suis,

1908 4030 2295 4101 praecipueque
2344 4028 2606 4098 Byzantio
2672 4029 2882 4097 profugi
2929 4030 2982 4082 in
3045 4029 3474 4100 indignationem

1903 4122 2063 4185 verti,
2098 4121 2405 4188 titnoreqne
2439 4127 2493 4172 et
2522 4133 2727 4187 angore
2753 4120 3054 4186 compleri,
3088 4121 3159 4174 ob
3196 4121 3472 4176 inﬁnitam

1904 4207 2240 4261 errationem
2270 4205 2500 4271 scilicet,
2535 4206 2578 4259 si
2618 4205 2980 4262 Acarnaniam
3013 4216 3066 4261 et
3097 4217 3473 4267 continentem

1901 4301 2242 4366 circumire,
2303 4307 2357 4354 et
2421 4299 2787 4370 expeditionis
2839 4311 2946 4356 tam
2999 4301 3173 4374 longa:
3225 4308 3476 4363 miserias

1905 4403 2070 4462 atque
2101 4407 2376 4469 aerumnas
2402 4392 2616 4462 perpeti
2665 4408 2890 4448 necesse
2937 4395 3238 4463 haberent,
3291 4398 3479 4455 dome-

1911 4576 2308 4646 ilagitantibus.
2365 4575 2562 4630 Libere
2595 4575 2768 4644 igitur
2817 4577 3198 4634 contradicere
3223 4620 3238 4642 ,
3285 4592 3338 4636 et
3367 4584 3481 4638 ani-

1910 4683 2059 4722 mum
2111 4683 2271 4721 suum
2310 4667 2586 4737 explicare
2634 4667 2967 4721 verebantur
3007 4685 3022 4722 :
3075 4670 3326 4727 nolentes
3371 4673 3476 4729 sibi

1908 4760 2053 4814 hanc
2112 4759 2384 4814 maculam
2439 4759 2700 4824 inurere,
2752 4759 2904 4828 quasi
2958 4755 3275 4829 imperatori
3340 4747 3481 4821 male

1907 4861 2195 4922 cuperent,
2239 4852 2505 4920 duraeque
2531 4859 2587 4904 et
2615 4849 2860 4905 adversae
2905 4852 3040 4905 sorti
3067 4854 3287 4921 penitus
3321 4857 3483 4911 cede-

1915 4955 2036 4998 rent
2079 4961 2092 4997 :
2149 4943 2244 4998 sed
2296 4953 2590 5012 praetextas
2623 4943 2888 5013 quosdam
2946 4945 3090 4999 haud
3141 4951 3483 5006 necessarios

1913 5046 2352 5101 coacervantes,
2406 5036 2688 5105 negotium
2746 5031 3140 5104 impediebant.
3195 5038 3484 5096 Perstante

1915 5136 2097 5180 autem
2154 5127 2208 5180 in
2265 5129 2538 5181 sententia
2587 5127 2916 5195 imperatore
2970 5127 3336 5197 dicenteque,
3376 5131 3481 5185 hoc

1910 5219 2083 5274 solum
2135 5233 2255 5274 esse
2308 5218 2363 5271 in
2431 5216 2719 5287 praesentia
2771 5217 3061 5271 consilium
3100 5218 3478 5284 utilissimum,

1908 5310 2072 5380 Atqui
2103 5352 2116 5375 ,
2146 5311 2188 5364 si
2232 5319 2283 5364 te
2335 5308 2442 5362 hoc
2493 5307 2667 5365 latet.
2709 5307 2888 5377 inquit
2937 5319 3326 5378 protostrator.
3358 5311 3484 5366 Tri-

1911 5403 2089 5458 ballos
2135 5400 2462 5471 jampridem
2521 5399 2586 5452 ad
2630 5399 2889 5454 Edessam
2933 5401 3124 5455 sedere
3150 5441 3164 5465 ,
3208 5419 3305 5472 per
3339 5419 3479 5472 quos

1911 5503 2167 5551 conserta
2217 5507 2380 5545 manu
2435 5491 2488 5546 in
2538 5491 2802 5562 oppidmn
2870 5492 3028 5547 nobis
3077 5495 3476 5562 penetrandum

1910 5595 2016 5649 est,
2061 5583 2198 5638 nihil
2237 5583 2377 5636 dico.
2441 5582 2536 5635 Sin
2565 5591 2748 5636 autem
2783 5598 2892 5635 non
2924 5581 3076 5648 latet,
3106 5584 3278 5638 miror
3315 5587 3484 5641 vehe-

1914 5685 2126 5731 menter
2157 5685 2207 5729 te
2238 5672 2397 5727 talem
2429 5673 2607 5727 virum
2632 5713 2646 5737 ,
2669 5682 2723 5727 et
2757 5682 2966 5726 tantum
3001 5689 3158 5728 usum
3191 5674 3483 5732 ductandis

1914 5766 2250 5824 exercitibus
2294 5764 2591 5836 adeptum,
2646 5764 2750 5820 hoc
2801 5764 2949 5820 civili
3001 5765 3145 5822 bello
3207 5783 3315 5822 non
3361 5784 3482 5824 esse
