4096 6300
228 314 238 324 ’
276 308 384 371 933
1411 305 1956 368 HISTORIARUM
2001 304 2238 367 LIBER
2281 306 2396 368 IlI.
3425 311 3532 376 93i

275 419 509 473 κωλύειν
569 415 659 472 διά
730 415 951 470 πάντων
1027 416 1348 487 ἐπεχείρουν
1417 416 1645 486 βασιλέα
1724 417 1837 488 πρδη

1966 417 2032 475 ad
2076 416 2225 472 aliud
2246 415 2506 486 quiddam
2552 415 2888 474 fructuosius
2919 433 3250 475 conversum
3282 421 3370 476 iri.
3433 423 3542 478 lm-

285 509 621 580 ὑπερορίους
681 507 922 580 ἐξορμᾷν
951 509 1242 579 στρατείας
1262 523 1276 537 ⁸
1328 507 1569 578 οἰόμενοι
1597 508 1664 562 ἂν
1694 509 1837 562 κωλύ

1969 514 2192 574 perator
2241 505 2460 560 consilii
2507 507 2676 561 semel
2725 508 2911 578 capti,
2965 517 3024 564 ut
3068 509 3302 578 Optimi,
3357 520 3538 579 tenax,

269 611 450 664 σωσι,
515 598 648 677 πρὸς
697 597 888 670 ἕτερόν
933 615 989 652 τι
1039 597 1340 668 τρέψεσθαι
1385 598 1837 670 λυσιτελέστερον

1970 597 2139 664 motis
2173 597 2372 652 castris
2399 595 2466 650 ad
2498 595 2733 668 Axium,
2767 600 2954 669 copias
3003 601 3422 658 transducturus
3449 617 3542 658 ve-

270 690 540 752 Βασιλεὺς
575 690 634 743 δέ
656 691 766 750 τοῖς
791 689 888 742 ἀπ’
923 689 1103 760 ἀρχῆς
1141 689 1402 759 ἐμμένων
1443 689 1520 752 ὡς
1554 689 1738 753 καλῶς
1770 689 1837 760 βει

1969 688 2070 740 nit.
2105 687 2239 742 Pars
2274 687 2504 756 volens,
2547 703 2672 758 pars
2701 689 2872 742 invita
2922 691 3318 760 sequebantur.
3377 689 3563 749 Forte’

268 780 678 851 ϐουλευμένοις,
729 780 870 850 ἄρας
899 782 964 834 ἐκ
992 779 1089 834 τοῦ
1133 781 1526 852 στρατοπέδου,
1579 775 1684 854 ἧκε
1720 781 1837 853 πρὸ.

1966 778 2019 831 in
2058 777 2335 832 montanis
2379 778 2584 833 imbres
2630 778 2879 850 abruptis
2947 781 3186 836 nubibus
3236 783 3543 853 ingemina-

281 870 459 937 ’Δξιὺν
493 871 571 934 ὡς
599 871 1014 941 διαϐησόμενος,
1051 872 1372 925 συνείποντο
1395 873 1451 925 δὲ
1480 872 1574 925 καὶ
1602 874 1652 924 οἱ
1683 871 1834 926 ἄλλοι

1964 878 2206 932 Verani.
2266 878 2322 923 et
2372 869 2572 924 ﬂuvius
2622 885 2788 941 super
2835 871 2981 940 ripas
3032 874 3239 944 stagnis
3287 875 3538 944 eilusus,

267 962 317 1014 οί
357 961 455 1030 μὲν
501 959 742 1024 ἑκόντες,
771 959 823 1014 οἶ
850 961 896 1014 δ’
939 960 1178 1034 ἀνάγκη.
1209 961 1431 1031 Συμϐἀν
1459 962 1516 1014 δέ
1557 961 1704 1016 οὕτω
1730 979 1836 1032 περ

1966 959 2266 1012 transmitti
2305 974 2416 1014 non
2447 969 2687 1029 poterat.
2737 961 2814 1016 lbi
2870 963 3034 1031 igitur
3089 965 3286 1020 castris
3319 966 3539 1033 positis,

268 1049 340 1107 τὰ
399 1049 592 1122 ὀρεινὰ
618 1049 844 1120 ὄμϐρων
890 1050 1166 1121 ραγδαίων
1205 1051 1684 1124 καταρραγέντων,
1716 1051 1837 1106 duo

1961 1047 2095 1101 dum
2133 1064 2289 1118 aqua:
2338 1050 2688 1105 subsiderent
2737 1053 3153 1122 exspectabant.
3204 1054 3414 1120 Quibus
3457 1054 3542 1109 ni-

270 1159 368 1212 ρος
393 1141 645 1209 ἐφαίνετο
669 1142 698 1194 6
734 1141 978 1212 ποταμὸς
1007 1142 1112 1196 ὑπὸ
1142 1141 1505 1213 πλημμύρας.
1539 1143 1837 1214 Στρατοτιε¹

1962 1137 2074 1192 hilo
2114 1141 2301 1196 minus
2333 1140 2793 1222 increscentibus
2817 1182 2834 1206 ,
2883 1144 3122 1220 suspicio
3171 1155 3292 1200 erat
3324 1145 3539 1216 longius

268 1232 595 1301 δευσάμενοι
634 1232 692 1284 δέ
737 1233 895 1298 ἐκεῖ,
945 1232 1276 1304 περιέμενον
1339 1233 1415 1296 ὡς
1476 1233 1837 1304 λωφησάντωι

1965 1232 2274 1284 extractum
2308 1231 2372 1284 iri
2403 1232 2690 1285 transitum
2719 1248 2734 1286 :
2770 1242 2826 1286 et
2864 1233 2976 1303 jam
3011 1246 3353 1290 commeatus
3379 1252 3539 1290 exer-

269 1321 707 1393 περαιωσόμενοι
755 1322 865 1376 τῶν
929 1323 1173 1378 ὑδάτων·
1224 1325 1292 1378 τὰ
1354 1324 1432 1386 δὲ,
1490 1324 1646 1377 οὐδὲν
1680 1319 1837 1395 ἦττοι

1950 1321 2133 1396 Δοἱιιιιη
2162 1321 2461 1377 defecerat.
2504 1323 2634 1390 Qum
2668 1322 2778 1378 duo
2805 1339 2928 1379 cum
2958 1335 3210 1380 cerneret
3238 1328 3539 1396 imperator

266 1391 632 1482 ἐπληθύνετο·
664 1413 758 1468 καὶ
792 1413 1027 1483 ὑποψίαν
1055 1417 1321 1486 παρεῖχεν
1370 1416 1446 1478 ὡς
1475 1417 1576 1470 οὐκ
1606 1417 1663 1470 ἐν
1683 1391 1837 1487 dum

1942 1391 2274 1484 'qnanquam
2304 1413 2520 1479 nolens,
2558 1423 2614 1468 et
2641 1429 2835 1484 magna
2862 1430 2987 1468 cum
3023 1417 3275 1471 molestia
3299 1459 3313 1483 ,
3353 1435 3540 1473 recor-

266 1504 442 1558 δίοδον
487 1505 815 1575 παρέξοντα.
871 1505 1236 1559 Ἐπιλελοίπει
1275 1523 1332 1559 τε
1372 1506 1473 1578 ῆδη
1504 1509 1599 1560 καὶ
1625 1509 1654 1561 6
1702 1507 1837 1570 σίτος

1960 1499 2124 1553 datus
2151 1501 2430 1569 quomodo
2456 1502 2592 1555 alias
2623 1500 2866 1556 Hebrum
2891 1518 3112 1574 quoque
3143 1508 3378 1562 transire
3405 1505 3538 1563 fuis-

268 1596 372 1666 τῆν
404 1598 684 1666 στρατιάν.
720 1595 892 1667 Ὀρῶν
916 1597 972 1651 δὲ
994 1599 1022 1651 6
1049 1597 1304 1668 βασιλεὺς
1331 1599 1408 1663 ὡς
1435 1600 1468 1673 ὃ.
1514 1616 1574 1652 τε
1603 1599 1765 1669 πόρος
1789 1599 1837 1674 ος

1955 1603 2042 1648 set
2083 1592 2402 1662 prohibitus
2447 1611 2462 1648 :
2514 1603 2571 1648 et
2605 1595 2953 1662 formidans,
3011 1613 3081 1652 ne
3131 1599 3261 1654 hinc
3313 1617 3533 1655 rnrsnm

270 1687 456 1757 ῥᾴδιος
476 1688 684 1750 αὐτοῖς,
718 1689 814 1742 καὶ
841 1688 950 1742 τῶν
976 1689 1298 1760 ἐπιτηδείων
1327 1690 1500 1744 δίοιτο
1523 1692 1556 1762 η
1589 1690 1837 1760 στρατιὰ,

1955 1684 2154 1755 ingens
2184 1685 2390 1738 malum
2437 1685 2707 1750 oriretur,
2739 1701 2909 1756 seque
2936 1688 3114 1757 ipsum
3145 1691 3310 1746 tacite
3345 1693 3536 1746 admo-

266 1779 422 1834 ἄκων
454 1779 553 1848 μὲν
582 1781 676 1833 καὶ
706 1780 1080 1850 δυσχεραίνων
1102 1780 1163 1834 οὐ
1196 1782 1459 1852 μετρίως,
1511 1781 1610 1836 καὶ
1632 1781 1732 1852 τὴν
1758 1797 1837 1850 γε·

1953 1792 2136 1841 nens,
2196 1777 2402 1846 quibus
2456 1775 2604 1831 Deus
2659 1777 2799 1831 bene
2829 1779 3000 1846 velit,
3056 1781 3122 1836 iis
3173 1798 3260 1836 res
3319 1793 3534 1840 creatas

265 1872 580 1942 γενημένην
605 1872 873 1943 πρότερον
925 1874 1018 1926 ἐπὶ
1044 1873 1138 1926 τὸν
1169 1872 1374 1941 Ἕϐρον
1401 1874 1666 1944 κωλύμην
1690 1873 1837 1943 στρέ-

1947 1883 2146 1924 omnes
2205 1870 2506 1933 inservire,
2543 1869 2750 1938 quibus
2797 1879 2982 1926 autem
3017 1873 3360 1939 adversetur,
3405 1876 3533 1930 huic

266 1982 390 2034 φων
420 1964 514 2016 ἐπὶ
567 1962 692 2016 νοῦν
711 1979 726 1995 ·
760 1963 856 2018 καὶ
896 1963 1156 2026 δεδοικὼς
1173 1964 1258 2035 μὴ
1289 1964 1386 2018 καὶ
1407 1963 1568 2028 αὖθις
1609 1967 1680 2019 τὰ
1711 1983 1837 2038 παρ-

1947 1960 2209 2014 similiter
2237 1971 2550 2016 creaturam
2583 1973 2642 2018 se
2671 1963 2920 2032 praebere
2955 1964 3257 2030 dillicilem,
3279 1972 3534 2023 reversus

263 2055 397 2108 όντα
428 2054 619 2108 κακῶν
673 2053 826 2107 αἴτια
876 2055 1136 2124 μεγάλων
1188 2058 1455 2128 καταστῇ,
1514 2056 1742 2126 ἐπέλεγέ
1785 2073 1837 2111 τε

1945 2061 2031 2107 est
2066 2060 2245 2106 tamen
2297 2053 2352 2108 in
2383 2053 2863 2125 Gynaecocastrum
2891 2097 2906 2122 ,
2958 2072 3022 2111 ea
3057 2066 3240 2112 mente
3264 2099 3279 2122 ,
3309 2067 3375 2112 ut
3404 2074 3535 2113 con-

267 2145 470 2215 ἐαυτῷ,
501 2145 577 2210 ὠς
609 2145 667 2198 ἐν
691 2141 776 2210 οἷς
813 2147 918 2216 μὲν
955 2149 984 2200 6
1011 2147 1144 2213 Θεδς
1193 2148 1426 2214 εὐδοκεῖ,
1460 2149 1556 2204 καὶ
1585 2151 1617 2217 ἡ
1668 2151 1837 2212 κτίσις

1949 2144 2152 2213 quisita
2211 2144 2480 2198 exercitui
2518 2161 2735 2200 annona
2770 2147 3014 2212 rediret;
3072 2147 3328 2202 alebatur
3373 2149 3524 2203 enim

266 2234 459 2287 ἅπασα
503 2233 795 2305 ὑπηρετεῖ*
830 2230 911 2300 οἷς
943 2235 1000 2290 δὲ
1035 2236 1441 2303 ἀντιτάττεται,
1469 2241 1565 2291 καὶ
1599 2240 1632 2307 ἡ
1673 2237 1849 2301 κτίσις

262 2323 524 2378 δύσκολον
550 2325 753 2396 ὁμοίως
809 2326 1013 2396 ἐαυτὴν
1060 2327 1390 2399 παρέχεται.
1438 2328 1768 2397 ’Δνέστρεφε
1800 2327 1846 2383 δ’

263 2414 360 2470 οὖν
385 2417 534 2486 ὅμως
561 2419 643 2480 είς
689 2419 1185 2490 Γυναικόκαστρον,
1238 2419 1465 2488 γνώμην
1491 2420 1635 2490 ἔχων
1675 2420 1751 2483 ὡς
1779 2421 1849 2490 τῇ

1953 2250 2053 2304 spe
2078 2273 2094 2297 ,
2140 2231 2344 2288 ﬂutnen
2375 2233 2586 2289 interea
2613 2236 2774 2290 undis
2823 2234 3130 2291 imminutis
3180 2237 3412 2292 meabile
3447 2237 3531 2292 fu-

1951 2336 2160 2380 turum.
2214 2325 2584 2406 Protostrator
2633 2326 2924 2397 ceterique
2988 2343 3055 2383 eo
3134 2329 3526 2398 impedimento

1955 2418 2092 2479 laeti,
2121 2415 2358 2470 nimium
2391 2425 2664 2486 quantum
2695 2419 2935 2474 libentes
2964 2419 3238 2475 redibant.

263 2512 501 2584 στρατιᾷ
515 2513 664 2566 σίτου
695 2513 1066 2584 πορισθέντος,
1096 2511 1250 2578 αὖθις
1273 2514 1579 2569 ἐπανέλθοι.
1605 2513 1838 2579 Ἦλπιζε
1879 2512 1986 2582 γὰρ
2020 2512 2150 2582 ἄχρι
2215 2511 2276 2564 τό
2310 2527 2390 2574 τε,
2426 2512 2636 2566 καὶτὸν
2671 2513 2912 2584 ποταμὸν
2971 2515 3226 2570 ἐνδώσειν
3269 2517 3405 2588 πρὸς
3439 2515 3536 2572 τὸν

261 2607 455 2676 πόρον.
487 2608 938 2682 Πρωτοστρατωρ
964 2607 1021 2662 δὲ
1050 2610 1144 2664 καὶ
1170 2610 1219 2663 οί
1251 2608 1450 2677 λοιποὶ,
1477 2610 1667 2682 ἥδοντο
1712 2607 1848 2679 πρὸς
1879 2609 1980 2680 τὴν
2003 2606 2328 2676 ἀποτυχίαν,
2371 2605 2465 2658 καὶ
2493 2605 2775 2678 χαίροντες
2803 2609 3140 2681 ἐπανῄεσαν.

1707 2742 1940 2800 CAPUT
1979 2740 2099 2796 XL.

261 2831 614 2908 Apocauchus
647 2833 1421 2908 Thessalonicamappellitur,
1455 2845 1512 2889 ut
1543 2835 1990 2908 quemadmodum
2018 2830 2317 2908 induentis,
2355 2833 2645 2908 potentiam
2675 2849 2828 2887 suam
2869 2843 3112 2908 ostentet.
3161 2836 3531 2895 Protostrator

339 2904 414 2979 ad
439 2905 813 2979 Apocauchunt
840 2904 1208 2979 deﬁciuinde
1234 2907 1513 2979 tumultus.
1546 2904 1854 2979 Imperator
1892 2905 1948 2979 in
1998 2904 2343 2979 defectionem
2388 2905 2722 2979 meditantes,
2761 2914 2824 2979 με
2869 2905 3082 2979 ignauos
3133 2924 3196 2979 ac
3245 2913 3529 2979 degeneres

337 2973 606 3048 inuehitur
631 2989 651 3029 :
681 2975 956 3048 quales"
981 2977 1192 3046 ipsimet
1216 2975 1538 3045 conﬁtentur
1564 2985 1615 3031 et
1632 2972 1818 3032 nihilo
1837 2975 2018 3028 minus
2059 2973 2272 3027 abeunt.
2298 2972 2363 3028 In
2391 2973 2728 3043 Apelmenem
2754 2973 3025 3044 beneﬁcia,
3054 2986 3104 3032 et
3131 2978 3246 3048 ejus
3283 2972 3532 3048 ingratus

341 3045 553 3096 animus
584 3059 647 3097 ac
675 3045 945 3116 superbia.
1006 3045 1011 3046 ⁷
1243 3088 1274 3119 ,

341 3159 454 3228 Τῆς
510 3159 680 3229 αὐτῆς
709 3158 767 3213 δὲ
796 3159 1008 3230 ἡμέρας
1058 3162 1156 3214 καὶ
1211 3159 1553 3231 Ἀπόκαυχος
1591 3161 1620 3214 6
1664 3159 1837 3230 μέγας

2015 3157 2217 3214 Eodem
2246 3157 2342 3232 die,
2367 3158 2534 3214 etiam
2566 3159 2930 3228 Apoeauchus
2965 3176 3194 3230 magnus
3230 3164 3343 3219 dux
3379 3183 3517 3224 eum

260 3251 396 3315 δοὺξ
437 3250 812 3320 ἐϐδομήκοντα
835 3254 993 3304 ναυσὶ
1020 3251 1158 3322 πρὸς
1186 3251 1590 3321 Θεσσαλονίκην
1614 3247 1752 3321 ἧκεν
1781 3251 1841 3317 ἐξ

261 3342 522 3404 Εὐϐοίας.
557 3341 701 3410 Πρὸς
725 3341 834 3410 γὰρ
864 3342 955 3395 τὸν
982 3341 1248 3411 βασιλέως
1297 3341 1538 3411 πελεμον
1558 3341 1710 3394 οὐδὲν
1731 3343 1842 3394 oio-

261 3447 428 3503 μενος
453 3429 830 3500 λυσιτελήσειν
862 3425 954 3484 οἷα
1003 3430 1067 3500 δὴ
1097 3430 1362 3501 ναυτικῆς
1393 3430 1562 3500 οὔσης
1592 3432 1691 3501 τῆς
1715 3431 1842 3485 δυν-

261 3525 452 3593 άμεως
506 3521 680 3592 αὐτῷ.
726 3522 1186 3594 Καντακουζηνοῢ
1223 3521 1281 3576 δὲ
1324 3523 1423 3578 τοῦ
1481 3523 1747 3592 βασιλέως
1781 3522 1842 3588 ἐξ

261 3614 492 3684 ἠπείρου
534 3613 990 3682 στρατευομένου,
1027 3613 1128 3676 τάς
1188 3614 1388 3684 νήσους
1430 3613 1682 3684 περιϊὼν,
1714 3615 1843 3667 ἐπε-

255 3705 506 3760 δείκνυτο
560 3705 661 3776 τὴν
716 3705 970 3775 δύναμιν,
1000 3707 1098 3759 καὶ
1124 3705 1398 3775 προῆλθεν
1427 3705 1558 3775 ἄχρι
1610 3705 1708 3773 τῆς
1739 3705 1842 3759 Εὑ-

260 3798 443 3859 ϐοίας.
487 3795 728 3850 Ἐκεῖθεν
785 3794 844 3848 δέ
906 3795 1034 3850 ἐπεὶ
1089 3797 1454 3868 ἀναστρέφειν
1500 3793 1570 3868 ἦν
1623 3796 1835 3866 καιρὸς,

259 3890 441 3944 ἐδόκει
459 3889 570 3942 δεῖν
593 3889 686 3942 καὶ
720 3888 860 3958 πρὸς
885 3889 1292 3960 Θεσσαλονίκην
1325 3890 1522 3956 ἐλθεῖν,
1569 3890 1840 3958 ἐπιδειξό-

261 3999 429 4054 μενος
454 3983 613 4034 κάκεῖ
645 3980 746 4052 τὴν
776 3980 1033 4051 δύναμιν.
1071 3981 1310 4036 Ἐλθόντι
1353 3985 1409 4036 δὲ
1439 3984 1600 4047 εὐθὺς
1632 3984 1664 4054 ή
1708 3983 1841 4053 περὶ

263 4076 370 4143 τὴν
404 4071 669 4142 βασιλέως
725 4074 987 4143 στρατιὰν
1029 4075 1304 4145 ἐμηνύετο
1331 4074 1693 4144 διχοστασίαν
1731 4075 1760 4127 6
1793 4074 1838 4126 δ’

258 4163 462 4218 αὐτίκα
490 4163 940 4234 πρωτοστράτορί
963 4182 1024 4219 τε
1076 4165 1173 4219 καὶ
1217 4169 1330 4230 τοῖς
1362 4166 1548 4228 ἄλλοις
1583 4166 1686 4234 τὴν
1713 4167 1841 4234 ἄψις

263 4256 352 4320 ξιν
379 4254 546 4308 αὑτοῦ
582 4255 770 4342 ἐδφιου
790 4272 804 4288 °
832 4258 928 4310 καὶ
975 4258 1346 4330 ἐπηγγέλλετο
1383 4258 1556 4312 πολλά
1587 4259 1635 4312 εί
1678 4259 1840 4328 βασι-

256 4347 402 4408 λέως
444 4348 741 4403 ἀποσταῖεν
792 4349 930 4419 πρὸς
957 4349 1157 4404 αὐτόν’
1209 4349 1243 4419 ἢ
1289 4348 1358 4403 τὰ
1385 4347 1589 4418 ἔσχατα
1623 4349 1838 4418 ἠπείλει

256 4436 540 4506 διαθήσειν
593 4439 720 4500 τοὺς
767 4439 1024 4503 οίκείους,
1083 4439 1178 4493 καὶ
1238 4435 1835 4502 πᾶσανέπιδείξεσθαι

1944 3251 2227 3321 sexaginta
2266 3251 2500 3305 navibus
2525 3265 2590 3305 ex
2639 3250 2848 3305 Euboea
2891 3252 3340 3310 Thessalonicam
3369 3257 3534 3313 dela--

1946 3349 2034 3397 lus
2064 3350 2168 3396 est.
2206 3341 2341 3396 Nam
2385 3356 2509 3396 cum
2541 3339 2858 3394 addiellum
2895 3352 3086 3398 contra
3125 3343 3528 3415 imperatorem

1944 3431 2087 3486 nihil
2121 3447 2180 3485 se
2211 3431 2539 3486 collaturum
2571 3438 2809 3498 putaret,
2843 3431 2990 3500 quod
3031 3432 3147 3502 ipse
3198 3437 3373 3491 navali
3415 3453 3528 3507 po-

1947 3523 2112 3577 tentia
2140 3523 2367 3584 valeret,
2403 3519 2823 3577 Cantacuzeuus
2849 3532 3033 3579 autem
3077 3524 3132 3578 in
3169 3535 3312 3580 terra
3353 3527 3522 3584 babe-

1944 3621 2027 3667 ret
2060 3612 2388 3676 exercitum,
2430 3612 2640 3667 insulas
2686 3614 3038 3679 circumiens,
3083 3624 3140 3672 et
3205 3616 3350 3672 vires
3389 3633 3520 3675 suas

1947 3713 2260 3767 ostentans,
2287 3703 2551 3759 Eubwam
2608 3705 2886 3774 pervenit.
2923 3705 3053 3762 Inde
3099 3708 3226 3779 quia
3279 3709 3518 3767 abeundi

1945 3803 2162 3865 tempus
2197 3793 2551 3857 erat,.visum
2603 3793 3046 3858 ThessaloniCam
3092 3813 3313 3868 quoque
3359 3802 3517 3854 navi-

1941 3887 2213 3953 gandum,
2243 3893 2298 3938 et
2324 3884 2399 3938 ibi
2438 3883 2695 3940 similiter
2745 3884 2893 3938 vires
2933 3887 3312 3942 ostentandas.
3345 3888 3424 3942 Eo
3457 3897 3518 3942 ut

1944 3977 2115 4040 venit,
2169 3974 2423 4043 protinus
2469 3975 2746 4029 dissensio
2792 3975 3070 4031 exercitus
3115 3977 3164 4030 ei
3217 3977 3514 4045 indicatur,

1941 4067 2168 4137 ipseque
2194 4065 2483 4120 confestim
2525 4065 2911 4134 protostratori
2966 4077 3022 4120 et
3055 4067 3179 4121 aliis
3215 4068 3512 4125 adventum

1942 4173 2106 4213 suum
2135 4154 2433 4226 signiﬁcat,
2463 4164 2518 4210 et
2546 4155 2832 4224 promissis
2861 4170 2956 4210 eos
2992 4169 3202 4223 onerat,
3238 4159 3280 4212 si
3316 4158 3385 4214 ab
3414 4160 3520 4213 im-

1939 4257 2198 4319 peratore
2227 4246 2294 4301 ad
2323 4262 2381 4302 se
2415 4257 2738 4312 transeant;
2783 4248 2838 4304 ni
2875 4247 3069 4312 faxint,
3101 4264 3293 4304 eorum
3321 4266 3520 4321 cogna-

1943 4349 2030 4396 tos
2053 4340 2347 4396 horrendis
2371 4339 2712 4395 cruciatibus
2740 4339 3126 4396 crudelissime
3148 4343 3515 4412 perditurum.

1941 4431 2335 4498 Protostrator,
2377 4430 2472 4500 qui
2533 4439 2590 4486 et
2645 4432 2849 4502 alioqui
2905 4433 3144 4488 militare
3195 4434 3516 4504 imperatori

257 4528 544 4599 ὠμότητα.
584 4528 1036 4600 Πρωτοστράτωρ
1057 4528 1112 4582 δέ
1138 4531 1232 4583 καὶ
1261 4530 1528 4600 πρότερον
1572 4530 1671 4600 τὴν
1699 4529 1837 4599 μετά

1943 4523 2376 4594 propinquorum
2436 4511 2604 4580 causa
2661 4523 2958 4594 refugeret,
2989 4535 3047 4578 ut
3112 4524 3516 4580 demonstravi-

258 4620 532 4689 βασιλέως
581 4620 839 4691 ὀρρωδῶν
899 4620 1188 4690 στρατείαν
1247 4620 1336 4675 διὰ
1397 4623 1525 4686 τοὺς
1579 4623 1835 4686 οἰκείους,

256 4709 454 4780 ὥσπερ
489 4710 725 4780 ἔφημεν,
751 4711 845 4764 καὶ
871 4710 932 4764 τὸ
959 4710 1036 4781 μὴ
1068 4710 1356 4781 βούλεσθαι
1391 4711 1715 4782 ὑπερορίαις
1742 4711 1836 4766 καὶ⁵

259 4801 448 4860 πόνοις
480 4799 572 4852 διὰ
593 4799 692 4870 τὴν
718 4799 932 4855 ἐκείνου
969 4799 1131 4870 χάριν
1184 4802 1560 4873 προσομιλεῖν,
1599 4802 1837 4872 ἄσμενός

255 4908 320 4944 τε
347 4891 511 4954 εὐθὺς
563 4889 778 4961 ἐδέχετο
833 4892 927 4944 τὸν
961 4890 1139 4960 λόγον,
1184 4892 1280 4946 καὶ
1307 4892 1504 4962 ὅρκους
1533 4891 1655 4963 ᾔτει
1681 4894 1833 4964 παρὰ

259 4981 508 5053 μεγάλου
532 4983 725 5046 δουκὸς
751 4983 847 5034 ἐπὶ
878 4984 991 5046 τοῖς
1015 4983 1399 5055 εἰργασμένοις
1437 4983 1728 5054 πρότερον.
1776 4985 1835 5037 '0

254 5075 341 5138 δὲ,
399 5075 631 5145 παρεῖχε
659 5075 782 5128 τότε
813 5073 1044 5146 χαίρων,
1095 5075 1191 5128 καὶ
1237 5073 1416 5128 πάντα
1463 5073 1836 5145 ἐπηγγέλλετο

256 5163 580 5237 προθύμως.
603 5163 709 5219 Τοῦ
733 5166 1124 5236 πεπραγμένου
1157 5165 1214 5219 δέ
1239 5165 1400 5230 εὐθὺς
1427 5168 1522 5220 καὶ
1553 5165 1692 5237 πρὸς
1708 5165 1834 5229 τοὺς

252 5257 454 5320 ἄλλους
481 5244 836 5322 διαδοθέντος,
864 5257 980 5309 ὅσοι
1016 5255 1085 5310 τά
1133 5256 1276 5309 αὑτά
1326 5257 1558 5328 ᾑρουντο
1619 5274 1833 5328 πρωτο-

255 5346 542 5414 στράτορι,
569 5344 808 5415 τάραχος
830 5361 894 5398 τε
923 5341 992 5416 ῆν
1029 5345 1191 5408 εὐθὺς
1227 5345 1290 5398 οὐ
1321 5345 1520 5416 μικρὸς
1557 5348 1704 5400 κατὰ
1732 5346 1831 5419 τὴν

255 5435 548 5507 στρατιὰν,
579 5435 675 5498 καὶ
699 5435 962 5506 σύγχυσις
994 5435 1140 5506 δεινὴ
1172 5436 1266 5489 καὶ
1295 5435 1492 5502 ἀταξία
1514 5453 1528 5468 ·
1570 5437 1682 5490 τῶν
1707 5437 1828 5508 μέν,

253 5530 361 5601 ἥδη
385 5526 521 5597 πρὸς
544 5525 883 5579 ἀποστασίαν
919 5528 1114 5597 χωρεῖν
1145 5526 1607 5597 βεϐουλευμένων,
1636 5529 1748 5582 τῶν
1784 5527 1830 5583 δ’

253 5619 456 5684 ἄλλων,
483 5616 673 5687 ὥσπερ
697 5613 765 5689 ἦν
793 5617 1068 5682 εἱκδ;,διά
1100 5618 1199 5688 τὴν
1229 5619 1453 5673 ἐκείνων
1478 5618 1831 5691 ἀποχώρησιν

257 5711 663 5781 κλονουμένων,
695 5710 790 5764 καὶ
819 5711 1066 5782 πονηρὰς
1095 5713 1226 5778 περὶ
1252 5709 1348 5764 τοῦ
1394 5711 1682 5780 μέλλοντος
1733 5713 1831 5776 τὰς

1939 4631 2084 4680 mus,
2112 4625 2166 4669 et
2213 4615 2519 4686 nollet.per
2564 4615 2685 4670 loca
2722 4616 3020 4686 longinqua
3055 4617 3178 4684 ejus
3224 4615 3396 4685 gratia
3431 4615 3522 4669 la.-

1940 4708 2130 4762 borem
2178 4723 2490 4777 capessere,
2519 4707 2684 4779 ‘82
2735 4708 3112 4763 conditionem
3167 4707 3351 4762 statim
3397 4721 3525 4760 am-

1938 4799 2152 4870 plexus,
2213 4799 2512 4870 jnramenti
2565 4799 2876 4854 cautionem
2928 4813 3030 4868 pro
3087 4798 3382 4868 praeteritis
3403 4813 3513 4870 pe-

1938 4892 2038 4957 tit;
2085 4904 2198 4960 quo
2239 4889 2604 4960 Apocaucbus
2643 4889 2889 4960 gaudens
2935 4904 2996 4944 se
3047 4888 3364 4959 obstringit,
3413 4904 3520 4944 cu-

1941 4983 2179 5053 pidcque
2229 4981 2465 5052 spondet
2492 4983 2699 5038 omnia.
2727 4981 2803 5037 Eo
2834 4981 2976 5038 facto
3023 4997 3122 5052 per
3150 4981 3521 5047 alios'didito,

1941 5080 2216 5142 quotquot
2256 5071 2402 5128 idem
2451 5071 2836 5142 protostratori
2882 5072 3215 5136 sentiebant,
3241 5088 3338 5126 eos
3382 5087 3517 5141 per-

1942 5164 2185 5220 turbatio
2216 5163 2501 5234 repentina
2550 5177 2655 5218 nec
2677 5163 2972 5218 mediocris
3004 5163 3172 5233 cepit,
3205 5178 3513 5234 magnaque

1940 5271 2126 5311 rerum
2177 5267 2235 5310 et
2273 5256 2530 5310 ordinum
2579 5254 2835 5310 confusio
2883 5255 3189 5309 exercitum
3241 5255 3514 5326 pervasit,

1936 5347 2061 5402 aliis
2096 5347 2405 5403 desciscere
2429 5347 2540 5418 jam
2568 5346 2930 5402 deliberatum
2954 5347 3304 5408 habentibus.
3359 5347 3518 5408 aliis,

1940 5449 2001 5494 ut
2041 5448 2160 5494 erat
2205 5451 2574 5507 consequens,
2609 5437 2682 5492 ob
2736 5436 2957 5493 illorum
2997 5440 3364 5494 secessionem
3425 5445 3520 5492 tu-

1939 5529 2364 5594 multuantibus,
2403 5543 2652 5598 maleque
2701 5528 2756 5586 in
2790 5538 3072 5599 posterum
3110 5529 3512 5584 ominanlibus.

1938 5623 2244 5691 Imperator
2296 5631 2355 5675 ut
2399 5619 2708 5674 exercitum
2754 5618 3043 5674 confusum
3096 5619 3518 5683 animadvertit.

1942 5713 2262 5768 auctoribus
2347 5712 2671 5768 defectionis
2763 5711 3108 5783 potissimum
3178 5711 3511 5770 advocatis:
