4096 6300
618 329 722 388 ιτδὸ

1780 311 2102 375 JIMNNIS
2137 261 2672 369 CANTACUZENI

3729 290 3819 355 936
3880 294 3883 301 ’

617 436 821 500 Amici,
855 435 1059 504 inquit,
1096 431 1232 487 nihil
1274 432 1373 493 ita,
1398 439 1459 483 ut
1487 424 1781 483 immodica
1821 422 2042 479 vivendi
2088 435 2187 475 cu-
2217 463 2225 476 .

2301 416 2513 479 ἐλπίδας
2541 409 2947 482 λαμϐανόντων.
2976 404 3242 465 Βασιλεὺς
3267 400 3321 455 δὲ
3342 398 3419 462 ὡς
3452 396 3513 451 τδ
3536 397 3821 467 στράτευμα

525 608 528 612 4
622 530 773 601 pido.
794 529 924 583 etin
951 527 1245 581 amissione
1276 524 1550 578 bonorum
1588 518 1849 574 mollities
1911 515 2188 585 trepidum

624 632 1027 693 angustumque
1048 619 1233 675 reddit
1261 618 1527 672 animum.
1550 610 1713 667 Certe
1740 611 1984 680 majores
2014 608 2191 662 nostri

626 716 857 771 Romani
886 713 1044 768 aliter
1077 708 1281 774 aﬂ‘ecti,
1316 707 1507 763 orbem
1537 702 1935 775 propemodum
1975 702 2196 755 univer-

629 822 750 860 sum
797 806 1178 874 subegerunt:
1219 799 1313 870 qui
1362 797 1527 852 illecti
1562 794 1857 850 dulcedine
1902 792 2120 861 gloriae,
2141 801 2198 844 et

629 913 698 952 ne
742 896 996 950 hostibus
1037 892 1329 948 inferiores
1365 888 1710 950 viderentur,
1747 882 2005 954 quemvis
2048 880 2200 935 labo-

630 1001 746 1042 rem
794 985 1160 1054 perferebant.
1211 981 1323 1037 Nec
1383 982 1562 1036 solum
1600 977 1855 1033 fortuitos
1892 987 2057 1044 atque
2097 973 2198 1027 im—

634 1077 884 1147 provisos
916 1076 1134 1130 labores
1166 1089 1277 1129 non
1318 1070 1719 1134 detrectabant,
1752 1067 1843 1122 sed
1875 1076 1928 1121 et
1967 1065 2199 1132 insigni-

634 1170 740 1223 bus
778 1166 1140 1222 circumventi
1172 1163 1593 1224 calamitatibus,
1625 1171 1676 1215 et
1723 1158 1943 1213 amissis
1973 1156 2025 1209 iu
2057 1154 2201 1209 bello

639 1261 895 1323 ducibus,
937 1260 1178 1327 totisque
1214 1255 1507 1325 aliquando
1547 1252 1703 1308 cmsis
1735 1249 2091 1311 exercitibus,
2122 1246 2208 1300 ni-

639 1353 718 1407 hil
748 1352 815 1405 de
842 1349 1165 1406 fortitudine
1191 1344 1248 1403 et
1277 1348 1594 1401 excelsitate
1624 1342 1794 1398 animi
1830 1339 2205 1405 remittebant,

642 1443 829 1496 omnia
866 1441 1042 1511 prius,
1075 1454 1238 1507 quam
1285 1438 1609 1492 servitutem
1650 1434 1752 1489 sibi
1783 1430 2035 1502 patienda
2066 1429 2213 1483 arbi-

645 1541 857 1585 trantes
884 1531 1018 1602 (95).
1048 1530 1216 1585 Vobis
1260 1528 1449 1583 nescio
1477 1526 1607 1595 quid
1638 1523 1937 1587 acciderit,
1969 1530 2060 1575 aut
2091 1536 2212 1590 quae

644 1623 861 1677 fortuna
908 1631 1015 1676 tam
1044 1621 1270 1675 sinistra
1304 1634 1399 1673 vos
1423 1617 1718 1687 aspexerit,
1755 1615 1846 1684 qui
1882 1629 2009 1669 cum
2050 1623 2210 1667 antea

646 1713 899 1767 hostibus
938 1713 1212 1766 terribiles
1254 1710 1517 1776 fuissetis,
1552 1717 1605 1762 et
1631 1709 1783 1774 virga
1819 1705 1997 1760 ferrea
2024 1703 2092 1758 ab
2124 1702 2210 1772 ip-

2292 508 2438 580 ἐώρα
2466 505 2758 576 συγχυθὲν,
2794 503 2920 564 τοὺς
2956 498 3192 570 μάλιστα
3223 494 3427 554 uitiae;
3463 491 3561 560 τῆς
3612 490 3825 543 ἀποστα-

2295 602 2415 665 σίας
2468 586 2969 668 περιστησάμενος,
3006 591 3255 660 Ἀνῖρες,
3302 581 3447 643 εἷπε,
3504 582 3663 653 φίλοι,
3698 583 3828 635 οὐδὲν

2293 693 2438 747 οὕτω
2465 691 2608 762 πρὸς
2660 686 2953 756 ἀνανδρίαν
3007 676 3509 750 καὶμικροψυχίαν
3551 674 3825 742 ὲπαγωγδν,

2294 786 2371 849 ὥς
2397 785 2458 838 τὸ
2484 782 2796 852 φιλοψυχεῖν
2831 780 2922 832 καὶ
2949 776 3085 848 πρὸς
3117 774 3216 840 τὴν
3254 767 3532 836 ἀποϐολὴν
3556 767 3659 819 τῶν
3684 766 3827 819 ὄντων

2301 875 2721 947 μαλακίζεσθαι.
2763 871 3021 940 Ῥωμαῖοι
3077 868 3133 920 δὲ
3166 864 3354 935 οί-πρδ
3397 861 3556 933 ἡμῶν
3601 860 3693 928 οὐχ
3717 856 3863 930 οὕτω,

2300 969 2653 1038 διακείμενοι,
2716 964 2815 1036 τὴν
2866 961 3199 1030 οἰκουμένην
3258 956 3464 1027 μικροῦ
3530 952 3637 1004 ζεῖν
3680 953 3830 1003 πᾶσαν

2303 1061 2714 1131 παρεστήσαντο
2733 1075 2745 1088 ·
2775 1054 2911 1108 ἀλλά
2943 1052 3117 1104 πάντα
3145 1049 3302 1102 πόνον
3330 1043 3688 1114 ὑπομένοντες
3720 1039 3832 1109 ὑπὲρ

2305 1152 2615 1224 φιλοτιμίας
2641 1150 2735 1202 καὶ
2762 1147 2856 1200 τοῦ
2896 1144 2971 1215 μὴ
2996 1143 3174 1196 δοκεῖν
3201 1141 3407 1211 ἥσσους
3440 1132 3719 1204 φαίνεσθαι
3745 1130 3831 1184 τῶν

2307 1243 2606 1314 πολεμίων.
2643 1241 2810 1294 Ὅθεν
2849 1238 2910 1292 οὐ
2946 1235 3106 1307 μόνον
3140 1235 3205 1285 ὲκ
3235 1234 3329 1284 τοῦ
3358 1227 3705 1295 συντυχόντος
3728 1225 3839 1278 ἀπε-.

2306 1337 2591 1406 δίδρασκον
2617 1330 2743 1393 τοὺς
2777 1329 2999 1393 πόνους,
3025 1325 3158 1380 ἀλλά
3204 1323 3297 1375 καὶ
3325 1318 3685 1388 δυσπραγίαις
3719 1314 3835 1385 χρώ-

2312 1442 2462 1497 μενοι
2496 1423 2783 1494 μεγάλαις,
2818 1418 2913 1472 καὶ
2952 1415 3295 1496 στρατηγοὺς
3329 1410 3738 1472 ἀποϐάλλοντες,
3764 1407 3836 1459 καὶ

2313 1496 2648 1584 στρατόπεδα
2675 1508 2944 1576 ὁλόκληρα
2991 1508 3048 1558 ὲν
3075 1507 3191 1568 τοῖς
3234 1502 3519 1570 πολέμοις,
3551 1498 3692 1551 οὐδὲν
3715 1496 3838 1564 {leis-

2313 1620 2408 1656 σαν
2438 1602 2538 1670 τῆς
2570 1600 2802 1669 τόλμης,
2828 1596 2949 1650 οὐδὲ
2983 1594 3076 1648 τοῦ
3112 1594 3469 1663 φρονήματος
3489 1605 3505 1620 ·
3543 1587 3672 1640 ἀλλά
3696 1585 3838 1637 πάντα

2318 1694 2516 1765 μᾶλλον
2544 1690 2713 1763 ᾤοντο
2741 1692 2853 1744 δεῖν
2897 1688 3180 1765 πρότερονΔ
3213 1683 3539 1752 ὑπομένειν,
3577 1680 3608 1749 ἢ
3655 1672 3838 1730 δουλοῦν

648 1756 899 1767 ..υνηυηυ
938 1756 1211 1766 mu-..“
1254 1756 1517 1776 ._.--,--_,
1558 1756 1605 1762 --
1644 1756 1783 1774 .--σ-
2146 1756 2164 1772 ι

648 1805 724 1859 sis
748 1801 1170 1857 nominaremini
1198 1799 1332 1870 (96).
1365 1813 1513 1852 nunc
1541 1795 1742 1856 timidi,
1768 1793 2066 1862 degeneres
2119 1805 2214 1859 pa-

2313 1756 2424 1848 τοῖς
2460 1756 2740 1852 πολεμίοις
2770 1756 3019 1840 ἐαυτοθς.
3061 1760 3252 1846 Ὑμεῖς
3295 1774 3355 1828 δὲ
3384 1774 3487 1825 οὐκ
3515 1766 3607 1825 οἷδ’
3631 1770 3657 1821 ὅ
3695 1785 3742 1820 τι
3763 1783 3842 1819 πα·

646 1909 883 1969 rumqu‘e
912 1894 1170 1948 liberales
1211 1891 1373 1945 simul
1421 1904 1612 1944 omnes
1649 1885 1924 1951 evasistis,
1954 1892 2010 1939 et
2042 1881 2216 1937 hosti-

649 1984 754 2038 bus
783 1985 994 2039 uullnm
1025 1984 1089 2037 ad
1118 1997 1218 2036 vos
1247 1978 1618 2035 devincendos
1667 1985 1922 2031 conatum
1950 1972 2217 2027 adhiben-

653 2076 797 2130 tibus
823 2064 967 2129 ultro
1003 2072 1327 2128 tradidistis.
1358 2071 1471 2126 Nec
1499 2069 1646 2124 enim
1678 2065 1938 2122 conﬂictu
1979 2063 2089 2118 ullo
2115 2078 2219 2117 nos

649 2173 1007 2235 superarunt,
1067 2177 1169 2217 nec
1198 2177 1265 2217 eo
1294 2159 1694 2231 desperationis
1723 2173 1812 2212 res
1841 2164 2041 2211 nostra;
2072 2152 2220 2209 ceci-

653 2256 874 2317 derunt,
912 2262 970 2307 ut
1000 2254 1340 2315 dubitemus,
1374 2266 1613 2321 quonam
1643 2248 1860 2303 tandem
1891 2245 2054 2300 modo
2082 2242 2219 2298 salvi

655 2347 850 2411 simus,
887 2344 991 2399 nisi
1027 2359 1128 2398 nos
1149 2343 1295 2397 hosti
1329 2339 1765 2412 permiserimus.
1799 2336 1959 2406 Atqui
2005 2349 2105 2404 ego
2140 2332 2221 2387 sic

656 2435 724 2490 ab
753 2436 909 2489 initio
940 2450 1115 2504 usque
1144 2448 1292 2488 nunc
1318 2449 1406 2488 me
1436 2431 1672 2496 institui,
1705 2440 1765 2484 ut
1798 2430 1965 2484 nolim
1996 2443 2095 2482 vos
2122 2442 2225 2480 un-

658 2544 822 2597 quam
869 2529 1164 2582 deserere:
1207 2529 1300 2581 sed
1338 2525 1618 2579 vobiscum
1670 2529 1766 2575 aut
1815 2535 1878 2573 ex
1929 2516 2223 2573 hoste‘de-

659 2623 805 2676 victo
843 2629 1054 2691 partam
1093 2618 1310 2673 laudem
1387 2617 1790 2682 utilitatemque
1830 2611 2095 2673 dividere,
2129 2617 2224 2664 aut

660 2714 705 2766 si
738 2714 881 2766 vinci
915 2710 1229 2780 contigerit,
1265 2708 1409 2778 quod
1431 2704 1685 2777 ingenuis
1712 2714 1768 2758 et
1795 2702 2076 2773 generosis
2105 2700 2226 2771 pul-

662 2803 856 2856 chrum
884 2810 988 2864 est,
1018 2801 1070 2853 in
1104 2801 1223 2854 acie
1262 2807 1492 2852 mortem
1518 2795 1862 2849 occumbere.
1891 2791 1947 2847 Si
1977 2806 2105 2859 ergo
2134 2806 2227 2844 ve-

664 2893 797 2947 teris
827 2892 1012 2962 glorize
1052 2904 1321 2943 memores
1352 2886 1512 2940 malis
1556 2899 1663 2938 non
1711 2882 1930 2943 cedere,
1960 2879 2056 2935 sed
2096 2895 2226 2934 con-

666 2995 746 3039 tra
774 2983 1069 3039 audentius
1100 2983 1201 3046 ire,
1237 2995 1338 3035 nec
1369 2988 1628 3047 tauquam
1659 2973 1929 3044 mancipia
1966 2971 2226 3042 perculsi,

2316 1878 2522 1939 θ’ντες,
2562 1876 2594 1944 ἢ
2623 1875 2732 1926 τίσι
2757 1871 3092 1943 χρησάμενοι
3127 1871 3250 1929 ταῖς
3278 1865 3494 1935 τύχαις,
3531 1859 3734 1931 φοϐεροὶ
3751 1860 3842 1917 τοῖς

2318 1967 2601 2037 πολεμίοις
2628 1967 2801 2029 ὄντες,
2829 1966 2922 2015 καὶ
2955 1960 3148 2032 ῥάϐδος
3175 1960 3267 2011 ὑπ’
3299 1959 3528 2015 ἐκείνων
3559 1949 3839 2019 κεκλημένοι

2321 2058 2540 2128 σιδηρᾶ,
2585 2053 2759 2110 ’δειλοὶ
2805 2054 2903 2108 καὶ
2932 2053 3178 2120 ἀγεννεῖς
3231 2048 3325 2103 καὶ
3366 2044 3701 2115 ἀνελεύθεροι
3745 2040 3841 2093 ἀντὶ

2319 2150 2429 2203 τῶν
2461 2148 2745 2218 προτέρων
2775 2145 2996 2214 ὤφθητε
3046 2139 3267 2211 ἀθρόον,
3319 2141 3419 2192 καὶ
3463 2139 3574 2200 τοῖς
3605 2134 3842 2202 πολεμίοις

2322 2243 2538 2302 ἑκόντες
2569 2239 2719 2301 ὄντες
2750 2232 3095 2305 ἐγχειρίζετε⁴
3121 2233 3261 2299 σφᾶς
3292 2229 3519 2294 αὑτοῦς,
3557 2226 3742 2296 μηδένα
3764 2221 3842 2276 πό-

2312 2349 2411 2387 »νον
2438 2331 2566 2402 περὶ
2621 2330 2682 2382 τὸ
2713 2323 3085 2398 χειρώσασθαι
3115 2324 3260 2393 ὑμᾶς
3294 2319 3710 2388 είσενεγκοῦσιν.
3732 2312 3841 2368 Οὔτε

2323 2425 2429 2494 γὰρ
2484 2424 2542 2475 ὲν
2582 2422 2730 2492 μάχῃ
2794 2416 3081 2489 ἡττήμεθα
3137 2414 3369 2484 οὐδεμιᾷ
3423 2412 3618 2474 αὐτῶν,
3661 2406 3757 2461 οὔτ’
3781 2404 3846 2467 είς

2322 2511 2578 2566 τοσοῦτον
2602 2512 2732 2581 ἡμῖν
2767 2505 2870 2581 ἧκε
2901 2507 2970 2559 τὰ
3015 2506 3315 2575 πράγματα
3348 2500 3706 2570 ἀνελπιστίας,
3733 2495 3843 2548 ὥστε

2324 2606 2553 2675 ἀπορεῖν
2581 2605 2691 2673 ὅπη
2719 2598 3100 2669 σωθησόμεθα,
3132 2599 3181 2649 εί
3211 2594 3466 2666 μὴκσφᾱς
3498 2592 3683 2652 αὐτοὺς
3703 2593 3846 2656 ἐγχει-

2329 2697 2552 2768 ρίσομεν
2581 2697 2692 2754 sui:
2732 2691 3033 2761 πολεμίοις.
3077 2688 3218 2755 Ἐγὼ
3250 2688 3307 2742 δὲ
3335 2686 3514 2749 οὕτως
3542 2680 3753 2752 ὲξαρχῆς
3772 2678 3845 2731 καὶ

2330 2785 2428 2840 νῦν
2482 2784 2637 2838 οὐδὲν
2688 2778 2850 2855 ἦττον
2904 2782 3144 2833 πέπεικα
3199 2779 3465 2848 ἐμαυτὸν,
3512 2774 3584 2837 ὡς
3636 2772 3846 2826 οὐδέποτε

2330 2877 2714 2946 προησόμενος
2741 2875 2910 2943 ὑμᾶς,
2933 2872 3047 2927 ἀλλ’
3070 2870 3104 2941 ἢ
3136 2871 3233 2924 σὺν
3254 2870 3392 2938 ὑμῖν
3414 2864 3842 2937 παραστησάμενος

2329 2966 2456 3030 τοὺς
2490 2965 2783 3036 πολεμίους
2817 2960 3258 3032 συμμερίσασθαι
3277 2961 3381 3013 καὶ
3399 2958 3498 3028 τὴν
3514 2947 3661 3020 δόξαν
3680 2952 3761 3007 καὶ
3774 2950 3843 3021 τὴν

667 3074 1008 3127 incruentam
1038 3069 1291 3125 hostibus
1319 3067 1606 3121 victoriam
1639 3065 1771 3119 dare
1803 3060 2107 3125 volueritis,
2139 3075 2225 3114 ve-

2331 3059 2597 3127 ὠςέλειαν
2617 3057 2714 3129 τὴν
2732 3059 2794 3117 ὲκ
2814 3057 2912 3126 τῆς
2933 3055 3111 3124 νίκης,
3137 3055 3171 3124 ἢ
3193 3053 3505 3123 μαχόμενος
3531 3048 3779 3103 πεσεῖσθαι
3792 3042 3841 3097 ἂν

664 3172 793 3219 stra:
821 3161 1072 3233 dignitati
1107 3169 1165 3212 ut
1186 3171 1400 3227 aequum
1432 3163 1515 3211 est
1540 3152 1867 3209 cousuletis.
1899 3149 1995 3206 Sin
2023 3163 2227 3220 cogna-

668 3253 834 3309 tionis
864 3262 1057 3307 vestra:
1098 3249 1380 3305 miseratio
1421 3257 1709 3315 tantopere
1759 3242 1970 3297 animos
1995 3255 2230 3310 occupa-

668 3349 766 3412 vit,
798 3357 860 3402 ut
889 3361 989 3416 pro
1031 3346 1100 3401 iis
1132 3346 1217 3399 vel
1261 3343 1561 3400 foedissima
1613 3350 1669 3395 et
1718 3339 2088 3410 abjectissima
2119 3338 2227 3406 pati

667 3437 939 3507 cogitetis,
978 3434 1117 3489 nihil
1145 3433 1345 3488 attinet
1371 3432 1446 3486 ita
1487 3445 1545 3485 se
1580 3428 1780 3482 dubios
1805 3441 2014 3497 gerere,
2040 3422 2232 3492 'aﬂligi-

670 3543 779 3597 que
808 3541 870 3581 ac
903 3525 1251 3588 tumultuari,
1283 3521 1378 3576 sed
1407 3521 1555 3575 dicto
1582 3519 1727 3582 vale,
1766 3529 1954 3586 aperte
1985 3530 2095 3586 quo
2132 3529 2232 3587 vo-

674 3622 871 3673 luntas'
904 3617 1009 3672 fert
1049 3616 1224 3670 abire.
1273 3614 1407 3668 Nam
1450 3621 1509 3665 ut
1557 3616 1925 3679 repugnantes
1956 3606 2024 3661 ad
2076 3606 2234 3660 nobis

673 3708 1023 3764 serviendum
1073 3704 1238 3777 583
1293 3719 1401 3758 non
1452 3702 1765 3756 traximus:
1817 3699 1897 3753 sic
1956 3697 2139 3757 modo.
2188 3696 2234 3750 si

673 3809 867 3871 sponte
917 3813 1137 3853 manere
1190 3813 1297 3851 non
1342 3794 1530 3859 vultis,
1582 3807 1692 3846 non
1760 3804 2041 3860 cogemus.
2093 3789 2236 3854 Quin

672 3894 839 3947 etiam
880 3891 924 3946 si
950 3887 1338 3949 discesseritis,
1370 3902 1477 3939 non
1509 3885 1722 3939 minore
1758 3897 1855 3937 vos
1882 3882 2021 3936 bene
2055 3882 2239 3936 volen-

675 3985 750 4037 tia
803 3996 1215 4053 prosequemur,
1270 3977 1739 4048 qnandoquidem,
1788 3984 1849 4031 ut
1899 3975 2078 4039 video,
2132 3991 2238 4029 nou

676 4078 812 4131 vitio
865 4076 1052 4144 aliquo
1086 4072 1439 4128 transversim
1492 4071 1624 4134 acti,
1658 4071 1755 4125 sed
1802 4070 2271 4125 necessariorum'

679 4167 942 4220 memoria
1002 4164 1349 4234 langnefacti.
1382 4163 1547 4217 etiam
1586 4176 1706 4230 qua:
1768 4160 2076 4216 conducere
2132 4176 2241 4214 non

679 4255 940 4317 censetis,
997 4253 1173 4307 facere
1213 4249 1626 4320 compellimini.
1656 4248 1802 4312 ch,
1829 4258 1888 4302 ut
1937 4250 2029 4303 ille
2083 4249 2242 4315 dixit,

679 4346 782 4415 ipsi
817 4358 1035 4414 quoque
1064 4342 1279 4413 publice
1307 4341 1548 4412 graviter
1579 4347 1754 4395 semet
1788 4339 2131 4403 incusarunt,
2149 4339 2243 4407 qui

682 4540 771 4580 res
797 4540 876 4587 se,
908 4524 1193 4593 dignitatis
1223 4537 1335 4575 sua:
1373 4520 1556 4582 obliti,
1586 4511 1992 4589 pliestitissent.
2038 4519 2243 4575 Deinde

681 4618 913 4671 salutem
941 4613 1243 4684 apprecali,
1274 4621 1603 4681 orantesque
1641 4626 1710 4665 ne
1740 4610 1988 4666 diﬂ'erret
2011 4611 2241 4678 diutius,

683 4707 777 4760 sed
810 4707 910 4760 sibi
948 4705 1279 4775 provideret.
1338 4715 1674 4772 quocunque
1718 4701 1863 4755 Deus
1890 4700 2042 4754 illum
2085 4701 2247 4755 duce-

689 4807 792 4856 ret.
825 4796 1218 4859 valetticentes,
1252 4804 1308 4849 et
1341 4793 1688 4863 imperatm-is
1707 4792 1899 4862 pedem
1935 4793 2247 4862 osculantes

689 4886 1023 4940 recedebant
1060 4901 1074 4937 :
1109 4885 1203 4953 qui
1239 4886 1510 4938 abeuntes
1537 4898 1660 4938 cum
1701 4884 2111 4938 remanentibus
2148 4885 2251 4938 mi-

689 4976 826 5030 sceri
864 4976 1060 5039 vetuit,
1091 4990 1160 5028 ne
1197 4972 1360 5028 turba
1408 4983 1465 5027 et
1500 4973 1751 5028 confusio
1781 4974 2092 5032 exsisteret,
2121 4973 2252 5026 dum

690 5071 781 5136 qui
811 5078 1095 5123 manerent
1121 5067 1427 5121 nesciretur
1471 5084 1485 5118 :
1520 5065 1615 5120 sed
1647 5064 1737 5118 ad.
1760 5065 2045 5118 cohortem
2081 5066 2254 5134 ipsius

2327 3152 2593 3224 ἡττᾶσθαι
2619 3149 2915 3221 συμϐαίνῃ.
2933 3147 3238 3217 ἐλευθέροις
3266 3146 3361 3198 καὶ
3388 3144 3643 3213 γενναίοις
3660 3139 3841 3210 ἀνδράσι

2329 3241 2737 3313 προσηκόντως.
2791 3238 2853 3292 El
2887 3238 2987 3308 μὲν
3014 3235 3107 3291 οὖν
3158 3235 3259 3306 τὴν
3314 3235 3588 3306 προτέραν
3634 3229 3841 3284 εὔκλειαν

2329 3329 2731 3402 ἐνθυμηθέντες
2754 3328 3078 3396 ἀντιστῆναι
3111 3325 3435 3396 ἔθελήσεται
3467 3324 3596 3394 πρὸς
3621 3322 3681 3376 τά
3701 3319 3839 3382 δεινὰ,

2332 3423 2530 3494 καὶμὴ
2575 3425 2632 3475 ὲν
2681 3420 3032 3490 ἀνδραπόδων
3093 3420 3256 3489 μοίρᾳ
3290 3417 3715 3484 καταπλαγέντες
3758 3412 3837 3479 τὴν

2332 3515 2489 3585 νίκην
2545 3514 2808 3584 παρέχειν
2855 3512 3129 3580 ἀναιμωτὶ
3186 3511 3319 3572 τοῖς
3356 3509 3644 3579 πολεμίοις,
3680 3505 3839 3574 ἄριστα

2336 3605 2688 3677 βουλεύσεσθε
2721 3605 2813 3658 καὶ
2841 3603 3191 3674 προσήκοντα
3224 3601 3356 3669 ὑμῖν
3388 3600 3586 3661 αὐτοῖς.
3618 3598 3674 3650 El
3699 3595 3736 3649 δ’
3759 3594 3841 3662 ἀρα

2333 3697 2587 3750 τοσοῦτον
2626 3695 2863 3766 ἥττησθε
2913 3693 3050 3763 πρὸς
3101 3693 3210 3745 τῶν
3256 3694 3477 3746 οἰκείων
3526 3690 3618 3760 τὴν
3666 3684 3843 3755 συμπά-

2338 3789 2511 3851 θειαν,
2543 3786 2671 3840 ὥσθ’
2724 3785 2862 3855 ὑπὲρ
2919 3785 3145 3838 ἐκείνων
3178 3784 3270 3837 καὶ
3304 3785 3375 3838 τά
3426 3782 3734 3852 αἰσχρότατα
3771 3775 3842 3827 καὶ

2337 3880 2709 3947 ἀγεννέστατα
2745 3875 3095 3945 ὑφίστασθαι,
3130 3877 3191 3929 οὐ
3221 3876 3340 3929 δέον
3372 3876 3541 3950 ορτως
3569 3869 3843 3940 ἀμφιϐόλους

2341 3972 2623 4042 φέρεσθαι,
2678 3972 2771 4024 καὶ
2825 3970 2977 4024 δεινά
3024 3970 3255 4039 πάσχειν
3312 3970 3703 4037 κλονουμένους,
3739 3957 3842 4014 ἀλλὰ

2344 4063 2777 4133 συνταξαμένους
2824 4063 3094 4132 φανερῶς,
3129 4061 3213 4130 ἐφ’
3241 4060 3276 4114 ἀ
3307 4058 3616 4131 προείλεσθε
3664 4052 3838 4125 χωρεῖν·

2343 4154 2479 4207 Οὔτε
2520 4152 2629 4225 γὰρ
2655 4153 2886 4214 ἀκοντας
2932 4150 3267 4219 εἱλκύσαμεν
3299 4152 3434 4219 ἡμῖν
3461 4149 3731 4207 δουλεύειν,
3748 4140 3840 4195 οὔτε

2346 4246 2438 4298 νῦν
2463 4244 2802 4312 κωλύσομεν,
2859 4245 2907 4296 εί
2945 4242 3019 4313 μὴ
3070 4242 3290 4305 ἑκόντες
3332 4242 3479 4304 ὄντες
3533 4237 3748 4309 αἱρεῖσθε
3768 4233 3841 4299 τὴν

2351 4333 2471 4405 μεθ’
2503 4332 2661 4403 ἡμῶν
2697 4332 2999 4401 διατριϐήν.
3040 4332 3201 4384 Ἀλλά
3236 4331 3331 4385 καὶ
3363 4331 3497 4402 πρὸς
3522 4329 3750 4390 ἀπόντας,
3772 4321 3843 4390 τὴν

542 4435 576 4457 ⁵
681 4449 795 4506 pne
827 4436 1174 4490 miseratione
1208 4433 1606 4503 proximorum,
1641 4428 1882 4495 timidos,
1913 4444 1977 4484 ac
2005 4429 2225 4498 degene-

2301 4424 2472 4494 )ί¹σην
2526 4425 2619 4476 καὶ
2667 4423 2862 4493 ὁμοίαν
2924 4425 3068 4494 ὑμᾶς
3096 4423 3501 4493 διατηρήσομεν
3544 4409 3844 4489 φιλίανοόρῶ

2350 4520 2460 4588 γὰρ
2491 4519 2566 4580 ὼς
2602 4517 2663 4569 οὗ
2698 4516 2785 4570 διὰ
2821 4515 3046 4580 κακίαν,
3081 4515 3196 4569 ἀλλ’
3229 4516 3334 4568 ὑπὸ
3380 4514 3481 4582 τῆς
3527 4512 3631 4564 τῶν
3675 4503 3843 4560 οῑκείων

2355 4608 2784 4676 μαλακισθέντες
2825 4608 3070 4677 μνήμης.
3101 4609 3195 4659 καὶ
3221 4605 3259 4660 ἀ
3287 4606 3363 4676 μὴ
3406 4603 3581 4659 οἴεσθε
3604 4595 3843 4653 λυσιτελεῖν

2353 4701 2616 4766 πράττειν
2644 4697 3040 4767 ἀναγκάζεσθε.
3075 4684 3311 4750 Τοιαῦτα
3348 4697 3587 4757 εἰπόντος
3613 4687 3841 4763 βασιλέως.

2351 4793 2446 4846 καὶ
2467 4791 2621 4844 αὐτοὶ
2652 4787 2820 4842 πολλὰ
2850 4789 3064 4851 ἑαυτιῖς
3109 4786 3602 4856 καταμεμψάμενοι
3646 4772 3840 4849 φανερὰ

2349 4883 2425 4945 ὡς
2484 4881 2571 4933 διὰ
2626 4880 2733 4932 τῶν
2789 4879 3006 4932 οἰκείων
3066 4878 3164 4948 τὴν
3217 4878 3555 4945 συμπάθειαν
3588 4859 3839 4927 δειλοῖςκαὶ

2350 4975 2600 5041 ἀγεννέσι
2621 4972 2751 5042 παρ’
2786 4972 2943 5036 ἀξίαν
2972 4973 3337 5040 ςαινομένοις.
3366 4970 3590 5023 Ἔπειτα
3611 4963 3695 5017 καὶ
3717 4970 3846 5019 σωτη-

2357 5066 2479 5137 ρίαν
2533 5065 2925 5135 ἐπευξάμενοι,
2958 5066 3054 5119 καὶ
3085 5064 3366 5133 δεηθέντες
3421 5061 3607 5132 μηκέτι
3662 5048 3843 5137 μέλλιξνι

691 5134 957 5229 integram
1014 5159 1222 5228 (nullus
1270 5158 1472 5227 quippe
1530 5156 1780 5210 ordinem
1843 5155 2163 5225 reliquerat)
2201 5171 2225 5211 ε

2355 5134 2492 5212 ἀλλά
2538 5158 2798 5229 πρόνοιάν
2850 5174 2971 5211 τινα
3022 5155 3293 5209 ποιεῖσθαι
3352 5151 3563 5221 ἑαυτοῦ,
3606 5149 3714 5202 ὅποι
3745 5134 3843 5195 Θεὸς

1948 5316 2168 5378 Jacobi
2201 5318 2465 5380 Pontani
2499 5327 2683 5381 noue.

764 5482 875 5552 (95)
924 5478 1197 5552 Nusquam
1244 5481 1347 5535 hoc
1393 5480 1719 5552 luculentins
1746 5481 1904 5552 docet
1928 5480 1996 5534 Μ.
2028 5479 2253 5549 Tullius,

692 5550 864 5622 quam
901 5551 954 5604 in
1002 5550 1300 5622 Philippicis
1320 5592 1334 5615 ,
1358 5566 1520 5617 quam
1567 5550 1780 5604 scilicet
1808 5551 2044 5622 alienum
2075 5561 2130 5606 et
2161 5554 2251 5622 sit,

695 5612 752 5677 et
771 5636 898 5703 esse
930 5612 1188 5701 debeata
1221 5612 2090 5703 Romauonnomine,servitutem
2118 5612 2251 5691 pati,

624 5716 629 5719 ν
701 5692 788 5746 cui
820 5692 980 5744 etiun
1014 5690 1129 5758 ipsa
1164 5705 1312 5743 mors
1337 5690 1687 5745 anteferenda
1721 5690 1814 5743 sit.

2436 5482 2565 5565 .(96‘)
2600 5434 3020 5565 Aj‘l‘aruberlanes
3076 5487 3387 5565 Scytharum
3439 5477 3843 5565 imperatoria?

2356 5553 2477 5628 Dei,
2521 5554 2686 5628 Attila
2718 5553 3046 5628 Hunnorum
3074 5553 3167 5610 rei
3214 5557 3473 5628 ﬂagellum
3519 5554 3601 5607 Dei
3631 5565 3682 5606 se
3713 5554 3847 5628 Myl"

2354 5612 2539 5699 nabat,
2586 5623 2668 5699 _De
2702 5638 2844 5694 .regc
2868 5624 3206 5699 Assyriorum
3240 5612 3631 5699 Delusgipseper
3654 5612 3843 5699 prophe-

2228 5722 2249 5737 ι
2359 5704 2465 5748 tam
2500 5693 2714 5757 Isaiam,
2739 5693 2860 5761 «κιρ.
2899 5710 2932 5747 ιι
2959 5693 2984 5747 :‘
3013 5695 3174 5750 Assur
3200 5698 3344 5756 circa
3377 5693 3556 5749 furori:
3577 5693 3679 5743 mi.
