  <div class='ocr_page' id='page_1' title='image "/cluster/home/n/w/nwhite01/storage/ocr_20150623/153/mdp.39015078384727/486.png"; bbox 0 0 4096 6300; ppageno 0'>
   <div class='ocr_carea' id='block_1_1' title="bbox 301 370 402 434">
    <p class='ocr_par' dir='ltr' id='par_1_1' title="bbox 301 370 402 434">
     <span class='ocr_line' id='line_1_1' title="bbox 301 370 402 434; baseline -0.02 -1"><span class='ocrx_word' id='word_1_1' title='bbox 301 370 402 434; x_wconf 61' lang='lat'><strong>937</strong></span> 
     </span>
    </p>
   </div>
   <div class='ocr_carea' id='block_1_2' title="bbox 1432 362 2418 426">
    <p class='ocr_par' dir='ltr' id='par_1_2' title="bbox 1432 362 2418 426">
     <span class='ocr_line' id='line_1_2' title="bbox 1432 362 2418 426; baseline 0 0"><span class='ocrx_word' id='word_1_2' title='bbox 1432 364 1986 426; x_wconf 82' lang='lat' dir='ltr'><strong>HISTORIARUM</strong></span> <span class='ocrx_word' id='word_1_3' title='bbox 2027 362 2261 423; x_wconf 85' lang='lat' dir='ltr'><strong>LIBER</strong></span> <span class='ocrx_word' id='word_1_4' title='bbox 2302 362 2418 426; x_wconf 85' lang='grc' dir='ltr'>Ιῐῐ.</span> 
     </span>
    </p>
   </div>
   <div class='ocr_carea' id='block_1_3' title="bbox 3448 361 3552 423">
    <p class='ocr_par' dir='ltr' id='par_1_3' title="bbox 3448 361 3552 423">
     <span class='ocr_line' id='line_1_3' title="bbox 3448 361 3552 423; baseline -0.01 0"><span class='ocrx_word' id='word_1_5' title='bbox 3448 361 3552 423; x_wconf 86' lang='lat'><strong>938</strong></span> 
     </span>
    </p>
   </div>
   <div class='ocr_carea' id='block_1_4' title="bbox 303 470 1893 550">
    <p class='ocr_par' dir='ltr' id='par_1_4' title="bbox 303 475 1874 550">
     <span class='ocr_line' id='line_1_4' title="bbox 303 475 1874 550; baseline -0.003 -20"><span class='ocrx_word' id='word_1_6' title='bbox 303 480 510 548; x_wconf 77' lang='grc' dir='ltr'>ἡγοῖτο,</span> <span class='ocrx_word' id='word_1_7' title='bbox 536 477 850 548; x_wconf 79' lang='grc' dir='ltr'><strong>ἀνεχώρουν</strong></span> <span class='ocrx_word' id='word_1_8' title='bbox 871 519 887 545; x_wconf 94' lang='grc'><strong>,</strong></span> <span class='ocrx_word' id='word_1_9' title='bbox 925 475 1452 550; x_wconf 77' lang='grc' dir='ltr'><strong>προσαγορεύοντες,</strong></span> <span class='ocrx_word' id='word_1_10' title='bbox 1495 477 1592 530; x_wconf 72' lang='grc' dir='ltr'>καὶ</span> <span class='ocrx_word' id='word_1_11' title='bbox 1626 475 1874 540; x_wconf 79' lang='grc' dir='ltr'>ἀσπαζό-</span> 
     </span>
    </p>
   </div>
   <div class='ocr_carea' id='block_1_5' title="bbox 1993 470 3553 550">
    <p class='ocr_par' dir='ltr' id='par_1_5' title="bbox 1993 470 3553 544">
     <span class='ocr_line' id='line_1_5' title="bbox 1993 470 3553 544; baseline -0.002 -16"><span class='ocrx_word' id='word_1_12' title='bbox 1993 475 2172 544; x_wconf 70' lang='lat' dir='ltr'><strong>proeul</strong></span> <span class='ocrx_word' id='word_1_13' title='bbox 2215 484 2450 529; x_wconf 89' lang='lat' dir='ltr'><strong>stantem</strong></span> <span class='ocrx_word' id='word_1_14' title='bbox 2493 472 2738 528; x_wconf 83' lang='lat' dir='ltr'><strong>mansuri</strong></span> <span class='ocrx_word' id='word_1_15' title='bbox 2789 471 3179 528; x_wconf 79' lang='lat' dir='ltr'><strong>concederent.</strong></span> <span class='ocrx_word' id='word_1_16' title='bbox 3234 470 3429 526; x_wconf 83' lang='lat' dir='ltr'><strong>Subito</strong></span> <span class='ocrx_word' id='word_1_17' title='bbox 3461 472 3553 525; x_wconf 83' lang='lat' dir='ltr'><strong>alii</strong></span> 
     </span>
    </p>
   </div>
   <div class='ocr_carea' id='block_1_6' title="bbox 304 568 1877 640">
    <p class='ocr_par' dir='ltr' id='par_1_6' title="bbox 304 568 1877 640">
     <span class='ocr_line' id='line_1_6' title="bbox 304 568 1877 640; baseline -0.001 -18"><span class='ocrx_word' id='word_1_18' title='bbox 304 585 460 640; x_wconf 82' lang='grc' dir='ltr'>μενοι</span> <span class='ocrx_word' id='word_1_19' title='bbox 482 569 576 623; x_wconf 72' lang='grc' dir='ltr'>τὸν</span> <span class='ocrx_word' id='word_1_20' title='bbox 623 568 892 638; x_wconf 85' lang='grc' dir='ltr'>βασιλέως</span> <span class='ocrx_word' id='word_1_21' title='bbox 937 570 1110 622; x_wconf 83' lang='grc' dir='ltr'>πόδα⁸</span> <span class='ocrx_word' id='word_1_22' title='bbox 1163 570 1370 631; x_wconf 85' lang='grc' dir='ltr'>ἐκεῖνος</span> <span class='ocrx_word' id='word_1_23' title='bbox 1405 568 1462 621; x_wconf 85' lang='grc' dir='ltr'>δὲ</span> <span class='ocrx_word' id='word_1_24' title='bbox 1497 568 1698 638; x_wconf 79' lang='grc' dir='ltr'><strong>μηκέτι</strong></span> <span class='ocrx_word' id='word_1_25' title='bbox 1740 570 1877 621; x_wconf 86' lang='grc' dir='ltr'>ἀνα·</span> 
     </span>
    </p>
   </div>
   <div class='ocr_carea' id='block_1_7' title="bbox 306 657 1876 732">
    <p class='ocr_par' dir='ltr' id='par_1_7' title="bbox 306 657 1876 732">
     <span class='ocr_line' id='line_1_7' title="bbox 306 657 1876 732; baseline -0.001 -20"><span class='ocrx_word' id='word_1_26' title='bbox 306 658 599 728; x_wconf 71' lang='grc' dir='ltr'><strong>μίγνυσθαι</strong></span> <span class='ocrx_word' id='word_1_27' title='bbox 635 657 852 732; x_wconf 67' lang='grc' dir='ltr'>ἐκέλευε</span> <span class='ocrx_word' id='word_1_28' title='bbox 889 660 1016 720; x_wconf 80' lang='grc' dir='ltr'>τοὺς</span> <span class='ocrx_word' id='word_1_29' title='bbox 1051 659 1318 721; x_wconf 82' lang='grc' dir='ltr'>ἀπιόντας</span> <span class='ocrx_word' id='word_1_30' title='bbox 1349 659 1464 718; x_wconf 79' lang='grc' dir='ltr'>τοῖς</span> <span class='ocrx_word' id='word_1_31' title='bbox 1503 657 1876 726; x_wconf 72' lang='grc' dir='ltr'>ὑπολειπομέ·</span> 
     </span>
    </p>
   </div>
   <div class='ocr_carea' id='block_1_8' title="bbox 301 745 1880 823">
    <p class='ocr_par' dir='ltr' id='par_1_8' title="bbox 301 745 1880 823">
     <span class='ocr_line' id='line_1_8' title="bbox 301 745 1880 823; baseline -0.004 -17"><span class='ocrx_word' id='word_1_32' title='bbox 301 770 433 816; x_wconf 87' lang='grc' dir='ltr'>νοις,</span> <span class='ocrx_word' id='word_1_33' title='bbox 477 753 564 806; x_wconf 75' lang='grc' dir='ltr'><strong>ἵνα</strong></span> <span class='ocrx_word' id='word_1_34' title='bbox 611 753 686 823; x_wconf 84' lang='grc' dir='ltr'>μὴ</span> <span class='ocrx_word' id='word_1_35' title='bbox 722 751 952 822; x_wconf 70' lang='grc' dir='ltr'>ταραχὴι</span> <span class='ocrx_word' id='word_1_36' title='bbox 977 752 1071 805; x_wconf 69' lang='grc' dir='ltr'>καὶ</span> <span class='ocrx_word' id='word_1_37' title='bbox 1117 751 1376 819; x_wconf 87' lang='grc' dir='ltr'>σύγχυσις</span> <span class='ocrx_word' id='word_1_38' title='bbox 1416 745 1472 823; x_wconf 81' lang='grc' dir='ltr'>ᾗ,</span> <span class='ocrx_word' id='word_1_39' title='bbox 1504 750 1880 820; x_wconf 83' lang='grc' dir='ltr'><strong>ἀγνοουμένων</strong></span> 
     </span>
    </p>
   </div>
   <div class='ocr_carea' id='block_1_9' title="bbox 302 843 1879 913">
    <p class='ocr_par' dir='ltr' id='par_1_9' title="bbox 302 843 1879 913">
     <span class='ocr_line' id='line_1_9' title="bbox 302 843 1879 913; baseline -0.002 -14"><span class='ocrx_word' id='word_1_40' title='bbox 302 847 411 899; x_wconf 77' lang='grc' dir='ltr'><strong>τῶν</strong></span> <span class='ocrx_word' id='word_1_41' title='bbox 456 846 727 913; x_wconf 79' lang='grc' dir='ltr'>μενόντων</span> <span class='ocrx_word' id='word_1_42' title='bbox 751 862 766 878; x_wconf 99' lang='grc'><strong>⁸</strong></span> <span class='ocrx_word' id='word_1_43' title='bbox 803 847 940 899; x_wconf 81' lang='grc' dir='ltr'>ἀλλὰ</span> <span class='ocrx_word' id='word_1_44' title='bbox 973 844 1146 899; x_wconf 71' lang='grc' dir='ltr'>τούπ’</span> <span class='ocrx_word' id='word_1_45' title='bbox 1176 846 1340 898; x_wconf 75' lang='grc' dir='ltr'>αὐτὸν</span> <span class='ocrx_word' id='word_1_46' title='bbox 1378 845 1567 912; x_wconf 80' lang='grc' dir='ltr'><strong>τάγμα</strong></span> <span class='ocrx_word' id='word_1_47' title='bbox 1620 843 1879 913; x_wconf 84' lang='grc' dir='ltr'>ἀκέραιον</span> 
     </span>
    </p>
   </div>
   <div class='ocr_carea' id='block_1_10' title="bbox 301 935 1883 1008">
    <p class='ocr_par' dir='ltr' id='par_1_10' title="bbox 301 935 1883 1008">
     <span class='ocr_line' id='line_1_10' title="bbox 301 935 1883 1008; baseline -0.001 -19"><span class='ocrx_word' id='word_1_48' title='bbox 301 937 588 1006; x_wconf 80' lang='grc' dir='ltr'>διαμεῖναν</span> <span class='ocrx_word' id='word_1_49' title='bbox 610 954 624 969; x_wconf 88' lang='grc'><strong>⁸</strong></span> <span class='ocrx_word' id='word_1_50' title='bbox 664 939 837 1002; x_wconf 69' lang='grc' dir='ltr'>οὐδεὶς</span> <span class='ocrx_word' id='word_1_51' title='bbox 862 939 970 1008; x_wconf 85' lang='grc' dir='ltr'>γὰρ</span> <span class='ocrx_word' id='word_1_52' title='bbox 1010 935 1192 991; x_wconf 76' lang='grc' dir='ltr'>αὐτῶν</span> <span class='ocrx_word' id='word_1_53' title='bbox 1218 936 1702 1006; x_wconf 84' lang='grc' dir='ltr'>ἐλειποτάκτησεν,</span> <span class='ocrx_word' id='word_1_54' title='bbox 1736 935 1883 988; x_wconf 83' lang='grc' dir='ltr'>ἀπω-</span> 
     </span>
    </p>
   </div>
   <div class='ocr_carea' id='block_1_11' title="bbox 305 1027 1930 1099">
    <p class='ocr_par' dir='ltr' id='par_1_11' title="bbox 305 1027 1930 1099">
     <span class='ocr_line' id='line_1_11' title="bbox 305 1027 1930 1099; baseline -0.001 -18"><span class='ocrx_word' id='word_1_55' title='bbox 305 1029 396 1082; x_wconf 83' lang='grc' dir='ltr'><strong>Θεν</strong></span> <span class='ocrx_word' id='word_1_56' title='bbox 423 1029 553 1085; x_wconf 86' lang='grc' dir='ltr'><strong>στάν</strong></span> <span class='ocrx_word' id='word_1_57' title='bbox 580 1030 716 1099; x_wconf 78' lang='grc' dir='ltr'>πρὸς</span> <span class='ocrx_word' id='word_1_58' title='bbox 737 1031 914 1082; x_wconf 79' lang='grc' dir='ltr'>ἐκεῖνο</span> <span class='ocrx_word' id='word_1_59' title='bbox 941 1029 1070 1092; x_wconf 74' lang='grc' dir='ltr'>τοὺς</span> <span class='ocrx_word' id='word_1_60' title='bbox 1091 1029 1388 1097; x_wconf 78' lang='grc' dir='ltr'>μενοῦντας</span> <span class='ocrx_word' id='word_1_61' title='bbox 1413 1030 1610 1099; x_wconf 77' lang='grc' dir='ltr'>χωρεῖν</span> <span class='ocrx_word' id='word_1_62' title='bbox 1637 1043 1650 1056; x_wconf 90' lang='grc'><strong>·</strong></span> <span class='ocrx_word' id='word_1_63' title='bbox 1685 1027 1884 1080; x_wconf 84' lang='grc' dir='ltr'>αὐτίκα</span> <span class='ocrx_word' id='word_1_64' title='bbox 1923 1047 1930 1050; x_wconf 89' lang='grc'>·</span> 
     </span>
    </p>
   </div>
   <div class='ocr_carea' id='block_1_12' title="bbox 299 1118 1884 1192">
    <p class='ocr_par' dir='ltr' id='par_1_12' title="bbox 299 1118 1884 1192">
     <span class='ocr_line' id='line_1_12' title="bbox 299 1118 1884 1192; baseline -0.001 -18"><span class='ocrx_word' id='word_1_65' title='bbox 299 1139 362 1175; x_wconf 87' lang='grc' dir='ltr'><strong>τε</strong></span> <span class='ocrx_word' id='word_1_66' title='bbox 393 1123 444 1174; x_wconf 89' lang='grc' dir='ltr'><strong>οί</strong></span> <span class='ocrx_word' id='word_1_67' title='bbox 479 1123 578 1192; x_wconf 81' lang='grc' dir='ltr'>μὲν</span> <span class='ocrx_word' id='word_1_68' title='bbox 640 1121 881 1191; x_wconf 79' lang='grc' dir='ltr'>ἐχώρουν</span> <span class='ocrx_word' id='word_1_69' title='bbox 931 1122 1069 1191; x_wconf 68' lang='grc' dir='ltr'>πρὸς</span> <span class='ocrx_word' id='word_1_70' title='bbox 1128 1121 1190 1172; x_wconf 81' lang='grc' dir='ltr'><strong>τὸ</strong></span> <span class='ocrx_word' id='word_1_71' title='bbox 1227 1120 1450 1190; x_wconf 84' lang='grc' dir='ltr'>τάγμα,</span> <span class='ocrx_word' id='word_1_72' title='bbox 1512 1122 1559 1172; x_wconf 79' lang='lat' dir='ltr'><strong>oi</strong></span> <span class='ocrx_word' id='word_1_73' title='bbox 1611 1118 1791 1172; x_wconf 72' lang='grc' dir='ltr'>λοιποὶ</span> <span class='ocrx_word' id='word_1_74' title='bbox 1827 1119 1884 1172; x_wconf 80' lang='grc' dir='ltr'>δὲ</span> 
     </span>
    </p>
   </div>
   <div class='ocr_carea' id='block_1_13' title="bbox 302 1211 1882 1284">
    <p class='ocr_par' dir='ltr' id='par_1_13' title="bbox 302 1211 1882 1284">
     <span class='ocr_line' id='line_1_13' title="bbox 302 1211 1882 1284; baseline -0.004 -16"><span class='ocrx_word' id='word_1_75' title='bbox 302 1216 596 1284; x_wconf 74' lang='grc' dir='ltr'>παριόντες</span> <span class='ocrx_word' id='word_1_76' title='bbox 645 1214 874 1276; x_wconf 75' lang='grc' dir='ltr'>ἕκαστος</span> <span class='ocrx_word' id='word_1_77' title='bbox 903 1215 998 1266; x_wconf 77' lang='grc' dir='ltr'><strong>καὶ</strong></span> <span class='ocrx_word' id='word_1_78' title='bbox 1065 1211 1565 1282; x_wconf 80' lang='grc' dir='ltr'>προσαγορεύοντες</span> <span class='ocrx_word' id='word_1_79' title='bbox 1615 1211 1882 1281; x_wconf 83' lang='grc' dir='ltr'>βασιλέα,</span> 
     </span>
    </p>
   </div>
   <div class='ocr_carea' id='block_1_14' title="bbox 303 1297 1882 1373">
    <p class='ocr_par' dir='ltr' id='par_1_14' title="bbox 303 1297 1882 1373">
     <span class='ocr_line' id='line_1_14' title="bbox 303 1297 1882 1373; baseline -0.004 -17"><span class='ocrx_word' id='word_1_80' title='bbox 303 1302 707 1373; x_wconf 71' lang='grc' dir='ltr'>ἀπηλλάττοντο</span> <span class='ocrx_word' id='word_1_81' title='bbox 738 1316 752 1331; x_wconf 90' lang='grc'><strong>⁸</strong></span> <span class='ocrx_word' id='word_1_82' title='bbox 786 1300 860 1354; x_wconf 82' lang='grc' dir='ltr'><strong>ὁδ’</strong></span> <span class='ocrx_word' id='word_1_83' title='bbox 909 1297 1098 1370; x_wconf 79' lang='grc' dir='ltr'>ὥσπερ</span> <span class='ocrx_word' id='word_1_84' title='bbox 1144 1299 1359 1360; x_wconf 77' lang='grc' dir='ltr'>οὐδενός</span> <span class='ocrx_word' id='word_1_85' title='bbox 1392 1315 1538 1362; x_wconf 90' lang='grc' dir='ltr'>τινος</span> <span class='ocrx_word' id='word_1_86' title='bbox 1591 1298 1882 1366; x_wconf 80' lang='grc' dir='ltr'>γινομένου</span> 
     </span>
    </p>
   </div>
   <div class='ocr_carea' id='block_1_15' title="bbox 301 1389 1883 1460">
    <p class='ocr_par' dir='ltr' id='par_1_15' title="bbox 301 1389 1883 1460">
     <span class='ocr_line' id='line_1_15' title="bbox 301 1389 1883 1460; baseline -0.003 -15"><span class='ocrx_word' id='word_1_87' title='bbox 301 1391 520 1455; x_wconf 81' lang='grc' dir='ltr'>καινοῦ,</span> <span class='ocrx_word' id='word_1_88' title='bbox 577 1393 762 1443; x_wconf 76' lang='grc' dir='ltr'>ίστατν</span> <span class='ocrx_word' id='word_1_89' title='bbox 825 1390 1310 1460; x_wconf 79' lang='grc' dir='ltr'>ἀντασπαζόμενος</span> <span class='ocrx_word' id='word_1_90' title='bbox 1375 1391 1503 1452; x_wconf 86' lang='grc' dir='ltr'>τοὺς</span> <span class='ocrx_word' id='word_1_91' title='bbox 1563 1389 1883 1459; x_wconf 79' lang='grc' dir='ltr'>παριόντας,</span> 
     </span>
    </p>
   </div>
   <div class='ocr_carea' id='block_1_16' title="bbox 303 1478 1888 1552">
    <p class='ocr_par' dir='ltr' id='par_1_16' title="bbox 303 1478 1888 1552">
     <span class='ocr_line' id='line_1_16' title="bbox 303 1478 1888 1552; baseline -0.003 -18"><span class='ocrx_word' id='word_1_92' title='bbox 303 1484 428 1536; x_wconf 74' lang='grc' dir='ltr'>οὐδὲ</span> <span class='ocrx_word' id='word_1_93' title='bbox 462 1483 605 1552; x_wconf 87' lang='grc' dir='ltr'>ῐχνος</span> <span class='ocrx_word' id='word_1_94' title='bbox 635 1481 767 1548; x_wconf 82' lang='grc' dir='ltr'>γοῦν</span> <span class='ocrx_word' id='word_1_95' title='bbox 798 1498 850 1533; x_wconf 89' lang='grc' dir='ltr'><strong>τι</strong></span> <span class='ocrx_word' id='word_1_96' title='bbox 881 1481 1058 1549; x_wconf 82' lang='grc' dir='ltr'>λύπης</span> <span class='ocrx_word' id='word_1_97' title='bbox 1095 1482 1127 1551; x_wconf 83' lang='grc' dir='ltr'>ἢ</span> <span class='ocrx_word' id='word_1_98' title='bbox 1166 1482 1412 1550; x_wconf 79' lang='grc' dir='ltr'>ταραχῆς</span> <span class='ocrx_word' id='word_1_99' title='bbox 1448 1479 1652 1549; x_wconf 85' lang='grc' dir='ltr'>φαίνων</span> <span class='ocrx_word' id='word_1_100' title='bbox 1699 1480 1757 1530; x_wconf 88' lang='grc' dir='ltr'><strong>ἐν</strong></span> <span class='ocrx_word' id='word_1_101' title='bbox 1807 1478 1888 1548; x_wconf 81' lang='grc' dir='ltr'>τῷ</span> 
     </span>
    </p>
   </div>
   <div class='ocr_carea' id='block_1_17' title="bbox 307 1565 1887 1641">
    <p class='ocr_par' dir='ltr' id='par_1_17' title="bbox 307 1565 1887 1641">
     <span class='ocr_line' id='line_1_17' title="bbox 307 1565 1887 1641; baseline -0.003 -19"><span class='ocrx_word' id='word_1_102' title='bbox 307 1571 606 1641; x_wconf 83' lang='grc' dir='ltr'>προσώπῳ.</span> <span class='ocrx_word' id='word_1_103' title='bbox 659 1570 998 1636; x_wconf 63' lang='grc' dir='ltr'>ἶΑπέστησαν</span> <span class='ocrx_word' id='word_1_104' title='bbox 1051 1569 1106 1622; x_wconf 81' lang='grc' dir='ltr'>δὲ</span> <span class='ocrx_word' id='word_1_105' title='bbox 1137 1568 1234 1638; x_wconf 83' lang='grc' dir='ltr'><strong>οὐχ</strong></span> <span class='ocrx_word' id='word_1_106' title='bbox 1281 1571 1328 1621; x_wconf 75' lang='lat' dir='ltr'><strong>oi</strong></span> <span class='ocrx_word' id='word_1_107' title='bbox 1371 1570 1436 1621; x_wconf 88' lang='grc' dir='ltr'><strong>ἐκ</strong></span> <span class='ocrx_word' id='word_1_108' title='bbox 1487 1565 1887 1634; x_wconf 79' lang='grc' dir='ltr'>Θεσσαλονίκης</span> 
     </span>
    </p>
   </div>
   <div class='ocr_carea' id='block_1_18' title="bbox 286 1657 1888 1729">
    <p class='ocr_par' dir='ltr' id='par_1_18' title="bbox 286 1657 1888 1729">
     <span class='ocr_line' id='line_1_18' title="bbox 286 1657 1888 1729; baseline -0.003 -17"><span class='ocrx_word' id='word_1_109' title='bbox 286 1675 289 1679; x_wconf 91' lang='grc'>·</span> <span class='ocrx_word' id='word_1_110' title='bbox 307 1662 472 1729; x_wconf 87' lang='grc' dir='ltr'>μόνον</span> <span class='ocrx_word' id='word_1_111' title='bbox 499 1661 593 1713; x_wconf 78' lang='grc' dir='ltr'>καὶ</span> <span class='ocrx_word' id='word_1_112' title='bbox 624 1659 926 1724; x_wconf 76' lang='grc' dir='ltr'>Βυζάντιοι,</span> <span class='ocrx_word' id='word_1_113' title='bbox 980 1659 1076 1714; x_wconf 74' lang='grc' dir='ltr'><strong>καὶ</strong></span> <span class='ocrx_word' id='word_1_114' title='bbox 1103 1659 1254 1713; x_wconf 79' lang='grc' dir='ltr'>ἄλλοι</span> <span class='ocrx_word' id='word_1_115' title='bbox 1299 1659 1416 1712; x_wconf 85' lang='grc' dir='ltr'>ὅσοι</span> <span class='ocrx_word' id='word_1_116' title='bbox 1449 1657 1657 1711; x_wconf 86' lang='grc' dir='ltr'>πόλεων</span> <span class='ocrx_word' id='word_1_117' title='bbox 1685 1658 1888 1724; x_wconf 87' lang='grc' dir='ltr'>ἐτέρων</span> 
     </span>
    </p>
   </div>
   <div class='ocr_carea' id='block_1_19' title="bbox 299 1745 1888 1821">
    <p class='ocr_par' dir='ltr' id='par_1_19' title="bbox 299 1745 1888 1821">
     <span class='ocr_line' id='line_1_19' title="bbox 299 1745 1888 1821; baseline -0.006 -13"><span class='ocrx_word' id='word_1_118' title='bbox 299 1747 446 1821; x_wconf 60' lang='grc' dir='ltr'>ἦσαν</span> <span class='ocrx_word' id='word_1_119' title='bbox 500 1753 740 1817; x_wconf 82' lang='grc' dir='ltr'>πολῖται,</span> <span class='ocrx_word' id='word_1_120' title='bbox 793 1745 878 1813; x_wconf 74' lang='grc' dir='ltr'>οἷς</span> <span class='ocrx_word' id='word_1_121' title='bbox 931 1751 1210 1821; x_wconf 80' lang='grc' dir='ltr'>πρόφασις</span> <span class='ocrx_word' id='word_1_122' title='bbox 1265 1749 1548 1818; x_wconf 77' lang='grc' dir='ltr'>εὐπρεπὴς</span> <span class='ocrx_word' id='word_1_123' title='bbox 1598 1748 1648 1800; x_wconf 76' lang='lat' dir='ltr'><strong>ei</strong></span> <span class='ocrx_word' id='word_1_124' title='bbox 1697 1749 1888 1800; x_wconf 75' lang='grc' dir='ltr'>οἰκεῖοι</span> 
     </span>
    </p>
   </div>
   <div class='ocr_carea' id='block_1_20' title="bbox 1979 565 3557 636">
    <p class='ocr_par' dir='ltr' id='par_1_20' title="bbox 1979 565 3557 636">
     <span class='ocr_line' id='line_1_20' title="bbox 1979 565 3557 636; baseline -0.004 -13"><span class='ocrx_word' id='word_1_125' title='bbox 1979 567 2193 631; x_wconf 85' lang='lat' dir='ltr'><strong>coire,</strong></span> <span class='ocrx_word' id='word_1_126' title='bbox 2231 567 2342 621; x_wconf 84' lang='lat' dir='ltr'><strong>’alii</strong></span> <span class='ocrx_word' id='word_1_127' title='bbox 2395 566 2670 636; x_wconf 76' lang='lat' dir='ltr'><strong>sigillatim</strong></span> <span class='ocrx_word' id='word_1_128' title='bbox 2717 574 3114 636; x_wconf 81' lang='lat' dir='ltr'><strong>pr.etereuntes</strong></span> <span class='ocrx_word' id='word_1_129' title='bbox 3155 573 3212 619; x_wconf 84' lang='lat' dir='ltr'><strong>et</strong></span> <span class='ocrx_word' id='word_1_130' title='bbox 3263 565 3557 634; x_wconf 85' lang='lat' dir='ltr'><strong>imperato-</strong></span> 
     </span>
    </p>
   </div>
   <div class='ocr_carea' id='block_1_21' title="bbox 1983 656 3554 726">
    <p class='ocr_par' dir='ltr' id='par_1_21' title="bbox 1983 656 3554 726">
     <span class='ocr_line' id='line_1_21' title="bbox 1983 656 3554 726; baseline -0.002 -14"><span class='ocrx_word' id='word_1_131' title='bbox 1983 675 2097 713; x_wconf 89' lang='lat' dir='ltr'><strong>rem</strong></span> <span class='ocrx_word' id='word_1_132' title='bbox 2149 659 2450 713; x_wconf 80' lang='lat' dir='ltr'><strong>salutantes</strong></span> <span class='ocrx_word' id='word_1_133' title='bbox 2491 657 2798 716; x_wconf 79' lang='lat' dir='ltr'><strong>discedere.</strong></span> <span class='ocrx_word' id='word_1_134' title='bbox 2826 658 2918 726; x_wconf 88' lang='lat' dir='ltr'><strong>qui</strong></span> <span class='ocrx_word' id='word_1_135' title='bbox 2967 657 3122 725; x_wconf 82' lang='lat' dir='ltr'><strong>quasi</strong></span> <span class='ocrx_word' id='word_1_136' title='bbox 3161 656 3298 710; x_wconf 86' lang='lat' dir='ltr'><strong>nihil</strong></span> <span class='ocrx_word' id='word_1_137' title='bbox 3351 656 3554 709; x_wconf 79' lang='lat' dir='ltr'><strong>factum</strong></span> 
     </span>
    </p>
   </div>
   <div class='ocr_carea' id='block_1_22' title="bbox 1982 749 3559 819">
    <p class='ocr_par' dir='ltr' id='par_1_22' title="bbox 1982 749 3559 819">
     <span class='ocr_line' id='line_1_22' title="bbox 1982 749 3559 819; baseline -0.001 -16"><span class='ocrx_word' id='word_1_138' title='bbox 1982 760 2129 804; x_wconf 84' lang='lat' dir='ltr'>esset</span> <span class='ocrx_word' id='word_1_139' title='bbox 2179 750 2328 813; x_wconf 88' lang='lat' dir='ltr'><strong>novi,</strong></span> <span class='ocrx_word' id='word_1_140' title='bbox 2382 752 2692 806; x_wconf 79' lang='lat' dir='ltr'><strong>consistens</strong></span> <span class='ocrx_word' id='word_1_141' title='bbox 2739 749 3252 819; x_wconf 63' lang='lat' dir='ltr'><strong>praetergredientes</strong></span> <span class='ocrx_word' id='word_1_142' title='bbox 3292 750 3559 802; x_wconf 79' lang='lat' dir='ltr'><strong>resaluta-</strong></span> 
     </span>
    </p>
   </div>
   <div class='ocr_carea' id='block_1_23' title="bbox 1985 841 3559 912">
    <p class='ocr_par' dir='ltr' id='par_1_23' title="bbox 1985 841 3559 912">
     <span class='ocr_line' id='line_1_23' title="bbox 1985 841 3559 912; baseline -0.001 -17"><span class='ocrx_word' id='word_1_143' title='bbox 1985 842 2098 908; x_wconf 82' lang='lat' dir='ltr'><strong>bat,</strong></span> <span class='ocrx_word' id='word_1_144' title='bbox 2143 858 2319 912; x_wconf 81' lang='lat' dir='ltr'><strong>neque</strong></span> <span class='ocrx_word' id='word_1_145' title='bbox 2352 843 2523 896; x_wconf 91' lang='lat' dir='ltr'><strong>ullum</strong></span> <span class='ocrx_word' id='word_1_146' title='bbox 2561 843 2794 896; x_wconf 70' lang='lat' dir='ltr'><strong>tristitia:</strong></span> <span class='ocrx_word' id='word_1_147' title='bbox 2835 853 2927 896; x_wconf 82' lang='lat' dir='ltr'><strong>aut</strong></span> <span class='ocrx_word' id='word_1_148' title='bbox 2961 842 3164 898; x_wconf 81' lang='lat' dir='ltr'><strong>turbati</strong></span> <span class='ocrx_word' id='word_1_149' title='bbox 3202 842 3368 894; x_wconf 89' lang='lat' dir='ltr'><strong>animi</strong></span> <span class='ocrx_word' id='word_1_150' title='bbox 3411 841 3559 895; x_wconf 90' lang='lat' dir='ltr'><strong>indi-</strong></span> 
     </span>
    </p>
   </div>
   <div class='ocr_carea' id='block_1_24' title="bbox 1986 935 3558 1003">
    <p class='ocr_par' dir='ltr' id='par_1_24' title="bbox 1986 935 3558 1003">
     <span class='ocr_line' id='line_1_24' title="bbox 1986 935 3558 1003; baseline -0.001 -15"><span class='ocrx_word' id='word_1_151' title='bbox 1986 935 2133 988; x_wconf 90' lang='lat' dir='ltr'><strong>cium</strong></span> <span class='ocrx_word' id='word_1_152' title='bbox 2195 935 2351 988; x_wconf 81' lang='lat' dir='ltr'><strong>vultu</strong></span> <span class='ocrx_word' id='word_1_153' title='bbox 2416 935 2762 1003; x_wconf 55' lang='lat' dir='ltr'><strong>praeferebat.</strong></span> <span class='ocrx_word' id='word_1_154' title='bbox 2799 935 3129 988; x_wconf 84' lang='lat' dir='ltr'><strong>Defecerunt</strong></span> <span class='ocrx_word' id='word_1_155' title='bbox 3194 944 3376 986; x_wconf 89' lang='lat' dir='ltr'><strong>autem</strong></span> <span class='ocrx_word' id='word_1_156' title='bbox 3447 949 3558 986; x_wconf 90' lang='lat' dir='ltr'><strong>nou</strong></span> 
     </span>
    </p>
   </div>
   <div class='ocr_carea' id='block_1_25' title="bbox 1987 1024 3561 1097">
    <p class='ocr_par' dir='ltr' id='par_1_25' title="bbox 1987 1024 3561 1097">
     <span class='ocr_line' id='line_1_25' title="bbox 1987 1024 3561 1097; baseline 0 -18"><span class='ocrx_word' id='word_1_157' title='bbox 1987 1024 2509 1080; x_wconf 85' lang='lat' dir='ltr'><strong>The&#39;ssalonicenses</strong></span> <span class='ocrx_word' id='word_1_158' title='bbox 2553 1028 2752 1090; x_wconf 90' lang='lat' dir='ltr'><strong>solum,</strong></span> <span class='ocrx_word' id='word_1_159' title='bbox 2801 1036 2857 1080; x_wconf 88' lang='lat' dir='ltr'><strong>et</strong></span> <span class='ocrx_word' id='word_1_160' title='bbox 2905 1025 3173 1097; x_wconf 76' lang='lat' dir='ltr'><strong>Byzantii,</strong></span> <span class='ocrx_word' id='word_1_161' title='bbox 3217 1025 3561 1093; x_wconf 86' lang='lat' dir='ltr'><strong>aliarumque</strong></span> 
     </span>
    </p>
   </div>
   <div class='ocr_carea' id='block_1_26' title="bbox 1987 1117 3562 1188">
    <p class='ocr_par' dir='ltr' id='par_1_26' title="bbox 1987 1117 3562 1188">
     <span class='ocr_line' id='line_1_26' title="bbox 1987 1117 3562 1188; baseline 0.001 -18"><span class='ocrx_word' id='word_1_162' title='bbox 1987 1117 2270 1171; x_wconf 79' lang='lat' dir='ltr'><strong>civitatum</strong></span> <span class='ocrx_word' id='word_1_163' title='bbox 2300 1117 2466 1180; x_wconf 84' lang='lat' dir='ltr'><strong>cives,</strong></span> <span class='ocrx_word' id='word_1_164' title='bbox 2496 1134 2636 1188; x_wconf 91' lang='lat' dir='ltr'><strong>quos</strong></span> <span class='ocrx_word' id='word_1_165' title='bbox 2674 1119 3209 1188; x_wconf 82' lang='lat' dir='ltr'><strong>consanguineorum</strong></span> <span class='ocrx_word' id='word_1_166' title='bbox 3251 1133 3383 1171; x_wconf 87' lang='lat' dir='ltr'><strong>cura</strong></span> <span class='ocrx_word' id='word_1_167' title='bbox 3430 1133 3562 1187; x_wconf 90' lang='lat' dir='ltr'><strong>spe-</strong></span> 
     </span>
    </p>
   </div>
   <div class='ocr_carea' id='block_1_27' title="bbox 1989 1211 3561 1283">
    <p class='ocr_par' dir='ltr' id='par_1_27' title="bbox 1989 1211 3561 1283">
     <span class='ocr_line' id='line_1_27' title="bbox 1989 1211 3561 1283; baseline -0.001 -17"><span class='ocrx_word' id='word_1_168' title='bbox 1989 1211 2137 1266; x_wconf 88' lang='lat' dir='ltr'><strong>ciose</strong></span> <span class='ocrx_word' id='word_1_169' title='bbox 2171 1214 2494 1278; x_wconf 83' lang='lat' dir='ltr'><strong>excusabat,</strong></span> <span class='ocrx_word' id='word_1_170' title='bbox 2527 1229 2716 1266; x_wconf 90' lang='lat' dir='ltr'><strong>verum</strong></span> <span class='ocrx_word' id='word_1_171' title='bbox 2771 1213 2937 1266; x_wconf 89' lang='lat' dir='ltr'><strong>etiam</strong></span> <span class='ocrx_word' id='word_1_172' title='bbox 2994 1211 3561 1283; x_wconf 85' lang='lat' dir='ltr'><strong>Didymotichcnsium</strong></span> 
     </span>
    </p>
   </div>
   <div class='ocr_carea' id='block_1_28' title="bbox 1987 1303 3596 1373">
    <p class='ocr_par' dir='ltr' id='par_1_28' title="bbox 1987 1303 3596 1373">
     <span class='ocr_line' id='line_1_28' title="bbox 1987 1303 3596 1373; baseline -0.001 -16"><span class='ocrx_word' id='word_1_173' title='bbox 1987 1303 2298 1373; x_wconf 86' lang='lat' dir='ltr'><strong>complures</strong></span> <span class='ocrx_word' id='word_1_174' title='bbox 2336 1321 2350 1357; x_wconf 89' lang='lat'>:</span> <span class='ocrx_word' id='word_1_175' title='bbox 2385 1321 2487 1359; x_wconf 89' lang='lat' dir='ltr'><strong>nec</strong></span> <span class='ocrx_word' id='word_1_176' title='bbox 2528 1305 2732 1359; x_wconf 87' lang='lat' dir='ltr'><strong>milites</strong></span> <span class='ocrx_word' id='word_1_177' title='bbox 2770 1314 3006 1367; x_wconf 89' lang='lat' dir='ltr'><strong>tantum,</strong></span> <span class='ocrx_word' id='word_1_178' title='bbox 3042 1305 3134 1358; x_wconf 80' lang='lat' dir='ltr'><strong>sed</strong></span> <span class='ocrx_word' id='word_1_179' title='bbox 3174 1304 3388 1359; x_wconf 84' lang='lat' dir='ltr'><strong>nobiles</strong></span> <span class='ocrx_word' id='word_1_180' title='bbox 3415 1307 3596 1371; x_wconf 69' lang='lat' dir='ltr'><strong>quoo&#39;</strong></span> 
     </span>
    </p>
   </div>
   <div class='ocr_carea' id='block_1_29' title="bbox 1989 1394 3560 1464">
    <p class='ocr_par' dir='ltr' id='par_1_29' title="bbox 1989 1394 3560 1464">
     <span class='ocr_line' id='line_1_29' title="bbox 1989 1394 3560 1464; baseline -0.002 -17"><span class='ocrx_word' id='word_1_181' title='bbox 1989 1409 2127 1462; x_wconf 90' lang='lat' dir='ltr'><strong>que,</strong></span> <span class='ocrx_word' id='word_1_182' title='bbox 2192 1395 2284 1463; x_wconf 88' lang='lat' dir='ltr'><strong>qui</strong></span> <span class='ocrx_word' id='word_1_183' title='bbox 2356 1395 2703 1464; x_wconf 90' lang='lat' dir='ltr'><strong>imperatoris</strong></span> <span class='ocrx_word' id='word_1_184' title='bbox 2762 1394 3151 1450; x_wconf 83' lang='lat' dir='ltr'><strong>studiosissimi</strong></span> <span class='ocrx_word' id='word_1_185' title='bbox 3209 1395 3560 1457; x_wconf 74' lang='lat' dir='ltr'><strong>videbantur,</strong></span> 
     </span>
    </p>
   </div>
   <div class='ocr_carea' id='block_1_30' title="bbox 1989 1483 3635 1555">
    <p class='ocr_par' dir='ltr' id='par_1_30' title="bbox 1989 1483 3635 1555">
     <span class='ocr_line' id='line_1_30' title="bbox 1989 1483 3635 1555; baseline 0 -19"><span class='ocrx_word' id='word_1_186' title='bbox 1989 1483 2191 1552; x_wconf 79' lang='lat' dir='ltr'><strong>quibus</strong></span> <span class='ocrx_word' id='word_1_187' title='bbox 2215 1494 2270 1539; x_wconf 95' lang='lat' dir='ltr'><strong>et</strong></span> <span class='ocrx_word' id='word_1_188' title='bbox 2302 1485 2630 1554; x_wconf 78' lang='lat' dir='ltr'><strong>Apelmenes</strong></span> <span class='ocrx_word' id='word_1_189' title='bbox 2671 1485 2772 1554; x_wconf 90' lang='lat' dir='ltr'><strong>ipsi</strong></span> <span class='ocrx_word' id='word_1_190' title='bbox 2806 1485 3022 1555; x_wconf 81' lang='lat' dir='ltr'><strong>egregie</strong></span> <span class='ocrx_word' id='word_1_191' title='bbox 3052 1485 3272 1546; x_wconf 84' lang='lat' dir='ltr'><strong>charos,</strong></span> <span class='ocrx_word' id='word_1_192' title='bbox 3312 1493 3364 1536; x_wconf 89' lang='lat' dir='ltr'><strong>et</strong></span> <span class='ocrx_word' id='word_1_193' title='bbox 3392 1483 3459 1536; x_wconf 89' lang='lat' dir='ltr'><strong>ab</strong></span> <span class='ocrx_word' id='word_1_194' title='bbox 3496 1497 3563 1536; x_wconf 92' lang='lat' dir='ltr'><strong>eo</strong></span> <span class='ocrx_word' id='word_1_195' title='bbox 3625 1495 3635 1503; x_wconf 87' lang='grc'><strong>·</strong></span> 
     </span>
    </p>
   </div>
   <div class='ocr_carea' id='block_1_31' title="bbox 1989 1575 3562 1647">
    <p class='ocr_par' dir='ltr' id='par_1_31' title="bbox 1989 1575 3562 1647">
     <span class='ocr_line' id='line_1_31' title="bbox 1989 1575 3562 1647; baseline -0.001 -18"><span class='ocrx_word' id='word_1_196' title='bbox 1989 1589 2054 1629; x_wconf 83' lang='lat' dir='ltr'><strong>ex</strong></span> <span class='ocrx_word' id='word_1_197' title='bbox 2091 1575 2283 1630; x_wconf 86' lang='lat' dir='ltr'><strong>humili</strong></span> <span class='ocrx_word' id='word_1_198' title='bbox 2327 1593 2388 1631; x_wconf 92' lang='lat' dir='ltr'><strong>ac</strong></span> <span class='ocrx_word' id='word_1_199' title='bbox 2424 1578 2633 1647; x_wconf 80' lang='lat' dir='ltr'><strong>vulgari</strong></span> <span class='ocrx_word' id='word_1_200' title='bbox 2674 1586 2817 1632; x_wconf 89' lang='lat' dir='ltr'><strong>statu</strong></span> <span class='ocrx_word' id='word_1_201' title='bbox 2856 1576 2924 1632; x_wconf 90' lang='lat' dir='ltr'><strong>ad</strong></span> <span class='ocrx_word' id='word_1_202' title='bbox 2957 1593 3224 1631; x_wconf 82' lang='lat' dir='ltr'><strong>summam</strong></span> <span class='ocrx_word' id='word_1_203' title='bbox 3259 1578 3562 1630; x_wconf 83' lang='lat' dir='ltr'><strong>claritatem</strong></span> 
     </span>
    </p>
   </div>
   <div class='ocr_carea' id='block_1_32' title="bbox 1990 1667 3562 1736">
    <p class='ocr_par' dir='ltr' id='par_1_32' title="bbox 1990 1667 3562 1736">
     <span class='ocr_line' id='line_1_32' title="bbox 1990 1667 3562 1736; baseline -0.001 -16"><span class='ocrx_word' id='word_1_204' title='bbox 1990 1667 2520 1736; x_wconf 86' lang='lat' dir='ltr'><strong>amplitudinemque</strong></span> <span class='ocrx_word' id='word_1_205' title='bbox 2553 1677 2780 1722; x_wconf 88' lang='lat' dir='ltr'><strong>evectus</strong></span> <span class='ocrx_word' id='word_1_206' title='bbox 2819 1667 3308 1722; x_wconf 79' lang='lat' dir='ltr'><strong>adnumerabatur.</strong></span> <span class='ocrx_word' id='word_1_207' title='bbox 3347 1667 3562 1720; x_wconf 89' lang='lat' dir='ltr'><strong>Etenim</strong></span> 
     </span>
    </p>
   </div>
   <div class='ocr_carea' id='block_1_33' title="bbox 1991 1757 3564 1813">
    <p class='ocr_par' dir='ltr' id='par_1_33' title="bbox 1991 1757 3564 1813">
     <span class='ocr_line' id='line_1_33' title="bbox 1991 1757 3564 1813; baseline 0.001 -4"><span class='ocrx_word' id='word_1_208' title='bbox 1991 1757 2175 1812; x_wconf 87' lang='lat' dir='ltr'><strong>adhuc</strong></span> <span class='ocrx_word' id='word_1_209' title='bbox 2229 1758 2702 1813; x_wconf 81' lang='lat' dir='ltr'><strong>adolescentulum</strong></span> <span class='ocrx_word' id='word_1_210' title='bbox 2744 1759 3189 1812; x_wconf 86' lang='lat' dir='ltr'><strong>animadvertens</strong></span> <span class='ocrx_word' id='word_1_211' title='bbox 3244 1770 3439 1812; x_wconf 87' lang='lat' dir='ltr'><strong>natura</strong></span> <span class='ocrx_word' id='word_1_212' title='bbox 3495 1758 3564 1811; x_wconf 88' lang='lat' dir='ltr'><strong>ad</strong></span> 
     </span>
    </p>
   </div>
   <div class='ocr_carea' id='block_1_34' title="bbox 301 1821 1893 1921">
    <p class='ocr_par' dir='ltr' id='par_1_34' title="bbox 301 1839 1886 1914">
     <span class='ocr_line' id='line_1_34' title="bbox 301 1839 1886 1914; baseline -0.004 -20"><span class='ocrx_word' id='word_1_213' title='bbox 301 1839 468 1914; x_wconf 69' lang='grc' dir='ltr'>ἦσαν,</span> <span class='ocrx_word' id='word_1_214' title='bbox 496 1843 628 1895; x_wconf 82' lang='grc' dir='ltr'>ἀλλὰ</span> <span class='ocrx_word' id='word_1_215' title='bbox 658 1844 750 1894; x_wconf 73' lang='grc' dir='ltr'><strong>καὶ</strong></span> <span class='ocrx_word' id='word_1_216' title='bbox 777 1842 886 1894; x_wconf 83' lang='grc' dir='ltr'>τῶν</span> <span class='ocrx_word' id='word_1_217' title='bbox 905 1842 1284 1910; x_wconf 83' lang='grc' dir='ltr'>Διδυμότειχον</span> <span class='ocrx_word' id='word_1_218' title='bbox 1309 1841 1604 1893; x_wconf 77' lang='grc' dir='ltr'>οἰκούντων</span> <span class='ocrx_word' id='word_1_219' title='bbox 1634 1839 1694 1891; x_wconf 84' lang='grc' dir='ltr'><strong>οὐ</strong></span> <span class='ocrx_word' id='word_1_220' title='bbox 1721 1855 1886 1908; x_wconf 86' lang='grc' dir='ltr'>στρα-</span> 
     </span>
    </p>
   </div>
   <div class='ocr_carea' id='block_1_35' title="bbox 1993 1821 3581 1921">
    <p class='ocr_par' dir='ltr' id='par_1_35' title="bbox 1993 1851 3581 1921">
     <span class='ocr_line' id='line_1_35' title="bbox 1993 1851 3581 1921; baseline -0.001 -18"><span class='ocrx_word' id='word_1_221' title='bbox 1993 1865 2079 1905; x_wconf 92' lang='lat' dir='ltr'><strong>res</strong></span> <span class='ocrx_word' id='word_1_222' title='bbox 2127 1853 2417 1920; x_wconf 67' lang='lat' dir='ltr'><strong>praeclaras</strong></span> <span class='ocrx_word' id='word_1_223' title='bbox 2457 1851 2741 1916; x_wconf 89' lang='lat' dir='ltr'><strong>idoneum,</strong></span> <span class='ocrx_word' id='word_1_224' title='bbox 2777 1860 2832 1908; x_wconf 90' lang='lat' dir='ltr'><strong>et</strong></span> <span class='ocrx_word' id='word_1_225' title='bbox 2881 1851 2974 1921; x_wconf 90' lang='lat' dir='ltr'><strong>qui</strong></span> <span class='ocrx_word' id='word_1_226' title='bbox 3019 1851 3412 1904; x_wconf 83' lang='lat' dir='ltr'><strong>exercitatione</strong></span> <span class='ocrx_word' id='word_1_227' title='bbox 3469 1851 3581 1911; x_wconf 82' lang='lat' dir='ltr'><strong>ad-_</strong></span> 
     </span>
    </p>
   </div>
   <div class='ocr_carea' id='block_1_36' title="bbox 301 1929 1887 2002">
    <p class='ocr_par' dir='ltr' id='par_1_36' title="bbox 301 1929 1887 2002">
     <span class='ocr_line' id='line_1_36' title="bbox 301 1929 1887 2002; baseline -0.003 -15"><span class='ocrx_word' id='word_1_228' title='bbox 301 1933 502 1987; x_wconf 81' lang='grc' dir='ltr'>τιῶται</span> <span class='ocrx_word' id='word_1_229' title='bbox 539 1935 716 2002; x_wconf 84' lang='grc' dir='ltr'>μόνον,</span> <span class='ocrx_word' id='word_1_230' title='bbox 742 1933 876 1985; x_wconf 83' lang='grc' dir='ltr'><strong>ἀλλά</strong></span> <span class='ocrx_word' id='word_1_231' title='bbox 921 1931 1149 1985; x_wconf 79' lang='grc' dir='ltr'>καὶτῶν</span> <span class='ocrx_word' id='word_1_232' title='bbox 1185 1929 1445 2000; x_wconf 79' lang='grc' dir='ltr'>εὐγενῶν,</span> <span class='ocrx_word' id='word_1_233' title='bbox 1501 1931 1596 1982; x_wconf 73' lang='grc' dir='ltr'>καὶ</span> <span class='ocrx_word' id='word_1_234' title='bbox 1649 1929 1887 1999; x_wconf 84' lang='grc' dir='ltr'>μάλιστα</span> 
     </span>
    </p>
   </div>
   <div class='ocr_carea' id='block_1_37' title="bbox 302 2017 1888 2092">
    <p class='ocr_par' dir='ltr' id='par_1_37' title="bbox 302 2017 1888 2092">
     <span class='ocr_line' id='line_1_37' title="bbox 302 2017 1888 2092; baseline -0.002 -15"><span class='ocrx_word' id='word_1_235' title='bbox 302 2023 481 2078; x_wconf 74' lang='grc' dir='ltr'>εὔνων</span> <span class='ocrx_word' id='word_1_236' title='bbox 501 2023 1052 2092; x_wconf 68' lang='grc' dir='ltr'>δοκούντωνᾛασιλεί</span> <span class='ocrx_word' id='word_1_237' title='bbox 1079 2023 1284 2089; x_wconf 79' lang='grc' dir='ltr'>πολλοὶ,</span> <span class='ocrx_word' id='word_1_238' title='bbox 1326 2017 1408 2086; x_wconf 75' lang='grc' dir='ltr'><strong>οἷς</strong></span> <span class='ocrx_word' id='word_1_239' title='bbox 1454 2021 1550 2074; x_wconf 79' lang='grc' dir='ltr'>καὶ</span> <span class='ocrx_word' id='word_1_240' title='bbox 1586 2019 1888 2092; x_wconf 66' lang='grc' dir='ltr'>Ἀπελμενὲ</span> 
     </span>
    </p>
   </div>
   <div class='ocr_carea' id='block_1_38' title="bbox 304 2113 1885 2187">
    <p class='ocr_par' dir='ltr' id='par_1_38' title="bbox 304 2113 1885 2187">
     <span class='ocr_line' id='line_1_38' title="bbox 304 2113 1885 2187; baseline -0.003 -17"><span class='ocrx_word' id='word_1_241' title='bbox 304 2117 704 2187; x_wconf 79' lang='grc' dir='ltr'>συνεξητάζετο</span> <span class='ocrx_word' id='word_1_242' title='bbox 733 2117 900 2170; x_wconf 79' lang='grc' dir='ltr'>πολλά</span> <span class='ocrx_word' id='word_1_243' title='bbox 924 2115 1025 2185; x_wconf 83' lang='grc' dir='ltr'><strong>τῆς</strong></span> <span class='ocrx_word' id='word_1_244' title='bbox 1056 2115 1324 2185; x_wconf 86' lang='grc' dir='ltr'>βασιλέως</span> <span class='ocrx_word' id='word_1_245' title='bbox 1359 2113 1650 2182; x_wconf 74' lang='grc' dir='ltr'>εὐμενείας</span> <span class='ocrx_word' id='word_1_246' title='bbox 1683 2114 1885 2167; x_wconf 84' lang='grc' dir='ltr'>ἀπολε-</span> 
     </span>
    </p>
   </div>
   <div class='ocr_carea' id='block_1_39' title="bbox 301 2204 1890 2280">
    <p class='ocr_par' dir='ltr' id='par_1_39' title="bbox 301 2204 1890 2280">
     <span class='ocr_line' id='line_1_39' title="bbox 301 2204 1890 2280; baseline -0.004 -16"><span class='ocrx_word' id='word_1_247' title='bbox 301 2209 546 2272; x_wconf 75' lang='grc' dir='ltr'>λαυκὼς,</span> <span class='ocrx_word' id='word_1_248' title='bbox 578 2209 674 2262; x_wconf 80' lang='grc' dir='ltr'>καὶ</span> <span class='ocrx_word' id='word_1_249' title='bbox 717 2211 781 2262; x_wconf 84' lang='grc' dir='ltr'><strong>ἐκ</strong></span> <span class='ocrx_word' id='word_1_250' title='bbox 825 2207 1023 2280; x_wconf 83' lang='grc' dir='ltr'>μικροῦ</span> <span class='ocrx_word' id='word_1_251' title='bbox 1071 2209 1164 2262; x_wconf 79' lang='grc' dir='ltr'><strong>καὶ</strong></span> <span class='ocrx_word' id='word_1_252' title='bbox 1201 2206 1296 2260; x_wconf 79' lang='grc' dir='ltr'>τοῦ</span> <span class='ocrx_word' id='word_1_253' title='bbox 1347 2208 1604 2276; x_wconf 77' lang='grc' dir='ltr'>τυχόντος</span> <span class='ocrx_word' id='word_1_254' title='bbox 1637 2204 1890 2275; x_wconf 80' lang='grc' dir='ltr'>λαμπρὸς</span> 
     </span>
    </p>
   </div>
   <div class='ocr_carea' id='block_1_40' title="bbox 305 2297 1889 2371">
    <p class='ocr_par' dir='ltr' id='par_1_40' title="bbox 305 2297 1889 2371">
     <span class='ocr_line' id='line_1_40' title="bbox 305 2297 1889 2371; baseline -0.005 -15"><span class='ocrx_word' id='word_1_255' title='bbox 305 2306 368 2362; x_wconf 80' lang='grc' dir='ltr'><strong>ἐς</strong></span> <span class='ocrx_word' id='word_1_256' title='bbox 388 2303 458 2355; x_wconf 73' lang='grc' dir='ltr'>τὰ</span> <span class='ocrx_word' id='word_1_257' title='bbox 493 2302 724 2371; x_wconf 85' lang='grc' dir='ltr'>μάλιστα</span> <span class='ocrx_word' id='word_1_258' title='bbox 753 2302 1118 2370; x_wconf 80' lang='grc' dir='ltr'>γεγενημένος</span> <span class='ocrx_word' id='word_1_259' title='bbox 1149 2301 1244 2352; x_wconf 75' lang='grc' dir='ltr'>καὶ</span> <span class='ocrx_word' id='word_1_260' title='bbox 1275 2300 1605 2369; x_wconf 70' lang='grc' dir='ltr'>περιφανής.</span> <span class='ocrx_word' id='word_1_261' title='bbox 1640 2299 1759 2350; x_wconf 84' lang='grc' dir='ltr'><strong>Ἔτι</strong></span> <span class='ocrx_word' id='word_1_262' title='bbox 1781 2297 1889 2368; x_wconf 81' lang='grc' dir='ltr'>γὰρ</span> 
     </span>
    </p>
   </div>
   <div class='ocr_carea' id='block_1_41' title="bbox 308 2390 1891 2467">
    <p class='ocr_par' dir='ltr' id='par_1_41' title="bbox 308 2390 1891 2467">
     <span class='ocr_line' id='line_1_41' title="bbox 308 2390 1891 2467; baseline -0.004 -20"><span class='ocrx_word' id='word_1_263' title='bbox 308 2395 604 2467; x_wconf 82' lang='grc' dir='ltr'>μειράκιον</span> <span class='ocrx_word' id='word_1_264' title='bbox 660 2395 863 2446; x_wconf 73' lang='grc' dir='ltr'>ἐκεῖνον</span> <span class='ocrx_word' id='word_1_265' title='bbox 922 2394 1054 2447; x_wconf 70' lang='grc' dir='ltr'>ὄντα</span> <span class='ocrx_word' id='word_1_266' title='bbox 1107 2391 1251 2464; x_wconf 81' lang='grc' dir='ltr'>ὀρῶν</span> <span class='ocrx_word' id='word_1_267' title='bbox 1302 2393 1330 2445; x_wconf 81' lang='lat'><strong>6</strong></span> <span class='ocrx_word' id='word_1_268' title='bbox 1385 2390 1644 2459; x_wconf 81' lang='grc' dir='ltr'>βασιλεὺς</span> <span class='ocrx_word' id='word_1_269' title='bbox 1675 2390 1891 2458; x_wconf 80' lang='grc' dir='ltr'>φύσεως</span> 
     </span>
    </p>
   </div>
   <div class='ocr_carea' id='block_1_42' title="bbox 307 2483 1893 2558">
    <p class='ocr_par' dir='ltr' id='par_1_42' title="bbox 307 2483 1893 2558">
     <span class='ocr_line' id='line_1_42' title="bbox 307 2483 1893 2558; baseline -0.004 -19"><span class='ocrx_word' id='word_1_270' title='bbox 307 2488 454 2558; x_wconf 73' lang='grc' dir='ltr'>πρὸς</span> <span class='ocrx_word' id='word_1_271' title='bbox 485 2487 550 2539; x_wconf 71' lang='grc' dir='ltr'><strong>τὰ</strong></span> <span class='ocrx_word' id='word_1_272' title='bbox 594 2487 737 2539; x_wconf 62' lang='lat' dir='ltr'><strong>me</strong></span> <span class='ocrx_word' id='word_1_273' title='bbox 765 2487 1074 2554; x_wconf 77' lang='grc' dir='ltr'>ἐπιτηδείου</span> <span class='ocrx_word' id='word_1_274' title='bbox 1132 2484 1497 2554; x_wconf 83' lang='grc' dir='ltr'>τετυχηκότα,</span> <span class='ocrx_word' id='word_1_275' title='bbox 1534 2483 1626 2535; x_wconf 73' lang='grc' dir='ltr'><strong>καὶ</strong></span> <span class='ocrx_word' id='word_1_276' title='bbox 1657 2483 1893 2552; x_wconf 71' lang='grc' dir='ltr'>δυνάμει</span> 
     </span>
    </p>
   </div>
   <div class='ocr_carea' id='block_1_43' title="bbox 307 2569 1891 2650">
    <p class='ocr_par' dir='ltr' id='par_1_43' title="bbox 307 2569 1891 2650">
     <span class='ocr_line' id='line_1_43' title="bbox 307 2569 1891 2650; baseline -0.008 -14"><span class='ocrx_word' id='word_1_277' title='bbox 307 2569 429 2646; x_wconf 64' lang='grc' dir='ltr'>νὶν,</span> <span class='ocrx_word' id='word_1_278' title='bbox 456 2579 504 2632; x_wconf 79' lang='grc' dir='ltr'>εἰ</span> <span class='ocrx_word' id='word_1_279' title='bbox 542 2580 772 2650; x_wconf 77' lang='grc' dir='ltr'>ἄσκησιν</span> <span class='ocrx_word' id='word_1_280' title='bbox 824 2576 1145 2648; x_wconf 79' lang='grc' dir='ltr'>προσλάϐοι,</span> <span class='ocrx_word' id='word_1_281' title='bbox 1179 2577 1405 2646; x_wconf 78' lang='grc' dir='ltr'>ἄριστον</span> <span class='ocrx_word' id='word_1_282' title='bbox 1450 2574 1719 2645; x_wconf 86' lang='grc' dir='ltr'>παρέχειν</span> <span class='ocrx_word' id='word_1_283' title='bbox 1757 2574 1891 2642; x_wconf 72' lang='grc' dir='ltr'>πρὸς</span> 
     </span>
    </p>
   </div>
   <div class='ocr_carea' id='block_1_44' title="bbox 309 2667 1895 2742">
    <p class='ocr_par' dir='ltr' id='par_1_44' title="bbox 309 2667 1895 2742">
     <span class='ocr_line' id='line_1_44' title="bbox 309 2667 1895 2742; baseline -0.007 -13"><span class='ocrx_word' id='word_1_284' title='bbox 309 2675 384 2728; x_wconf 74' lang='grc' dir='ltr'>τὰ</span> <span class='ocrx_word' id='word_1_285' title='bbox 417 2671 845 2742; x_wconf 83' lang='grc' dir='ltr'>ἐπιτηδευόμενα</span> <span class='ocrx_word' id='word_1_286' title='bbox 890 2669 1102 2733; x_wconf 76' lang='grc' dir='ltr'>ἐαυτὸν,</span> <span class='ocrx_word' id='word_1_287' title='bbox 1136 2668 1513 2738; x_wconf 72' lang='grc' dir='ltr'>ἐφιλονείκησε</span> <span class='ocrx_word' id='word_1_288' title='bbox 1545 2667 1681 2736; x_wconf 73' lang='grc' dir='ltr'>πρὸς</span> <span class='ocrx_word' id='word_1_289' title='bbox 1714 2669 1895 2736; x_wconf 79' lang='grc' dir='ltr'>πᾶσαν</span> 
     </span>
    </p>
   </div>
   <div class='ocr_carea' id='block_1_45' title="bbox 312 2755 1892 2834">
    <p class='ocr_par' dir='ltr' id='par_1_45' title="bbox 312 2755 1892 2834">
     <span class='ocr_line' id='line_1_45' title="bbox 312 2755 1892 2834; baseline -0.007 -15"><span class='ocrx_word' id='word_1_290' title='bbox 312 2765 545 2834; x_wconf 67' lang='grc' dir='ltr'>ἄριστον</span> <span class='ocrx_word' id='word_1_291' title='bbox 579 2762 832 2816; x_wconf 82' lang='grc' dir='ltr'>παιδείαν</span> <span class='ocrx_word' id='word_1_292' title='bbox 885 2758 1227 2827; x_wconf 72' lang='grc' dir='ltr'>ἀποφαίνειν,</span> <span class='ocrx_word' id='word_1_293' title='bbox 1279 2759 1374 2810; x_wconf 70' lang='grc' dir='ltr'>καὶ</span> <span class='ocrx_word' id='word_1_294' title='bbox 1408 2759 1544 2827; x_wconf 85' lang='grc' dir='ltr'>πρός</span> <span class='ocrx_word' id='word_1_295' title='bbox 1590 2772 1650 2808; x_wconf 87' lang='grc' dir='ltr'><strong>τε</strong></span> <span class='ocrx_word' id='word_1_296' title='bbox 1680 2755 1892 2823; x_wconf 80' lang='grc' dir='ltr'>λόγους,</span> 
     </span>
    </p>
   </div>
   <div class='ocr_carea' id='block_1_46' title="bbox 314 2849 1899 2927">
    <p class='ocr_par' dir='ltr' id='par_1_46' title="bbox 314 2849 1899 2927">
     <span class='ocr_line' id='line_1_46' title="bbox 314 2849 1899 2927; baseline -0.012 -16"><span class='ocrx_word' id='word_1_297' title='bbox 314 2858 420 2912; x_wconf 74' lang='grc' dir='ltr'>καὶ</span> <span class='ocrx_word' id='word_1_298' title='bbox 446 2856 584 2927; x_wconf 71' lang='grc' dir='ltr'>πρὸς</span> <span class='ocrx_word' id='word_1_299' title='bbox 606 2857 701 2916; x_wconf 80' lang='grc' dir='ltr'>τὰς</span> <span class='ocrx_word' id='word_1_300' title='bbox 731 2852 1019 2922; x_wconf 77' lang='grc' dir='ltr'>στρατείας</span> <span class='ocrx_word' id='word_1_301' title='bbox 1051 2851 1288 2918; x_wconf 86' lang='grc' dir='ltr'>μάλιστα</span> <span class='ocrx_word' id='word_1_302' title='bbox 1322 2850 1592 2918; x_wconf 74' lang='grc' dir='ltr'>ἐξήσκησε</span> <span class='ocrx_word' id='word_1_303' title='bbox 1612 2862 1626 2877; x_wconf 89' lang='grc'><strong>⁸</strong></span> <span class='ocrx_word' id='word_1_304' title='bbox 1658 2849 1899 2918; x_wconf 82' lang='grc' dir='ltr'>παρεχό-</span> 
     </span>
    </p>
   </div>
   <div class='ocr_carea' id='block_1_47' title="bbox 317 2939 1899 3020">
    <p class='ocr_par' dir='ltr' id='par_1_47' title="bbox 317 2939 1899 3020">
     <span class='ocr_line' id='line_1_47' title="bbox 317 2939 1899 3020; baseline -0.005 -19"><span class='ocrx_word' id='word_1_305' title='bbox 317 2965 485 3020; x_wconf 79' lang='grc' dir='ltr'>μενος</span> <span class='ocrx_word' id='word_1_306' title='bbox 512 2947 567 3000; x_wconf 86' lang='grc' dir='ltr'><strong>δέ</strong></span> <span class='ocrx_word' id='word_1_307' title='bbox 596 2947 688 2999; x_wconf 74' lang='grc' dir='ltr'><strong>καὶ</strong></span> <span class='ocrx_word' id='word_1_308' title='bbox 716 2945 813 3016; x_wconf 82' lang='grc' dir='ltr'>τὴν</span> <span class='ocrx_word' id='word_1_309' title='bbox 841 2943 969 3013; x_wconf 73' lang='grc' dir='ltr'>παρ²</span> <span class='ocrx_word' id='word_1_310' title='bbox 1004 2939 1169 2996; x_wconf 82' lang='grc' dir='ltr'>αὐτοῦ</span> <span class='ocrx_word' id='word_1_311' title='bbox 1205 2940 1398 3014; x_wconf 79' lang='grc' dir='ltr'>ῥοπὴν,</span> <span class='ocrx_word' id='word_1_312' title='bbox 1425 2941 1487 2992; x_wconf 87' lang='grc' dir='ltr'><strong>οὐ</strong></span> <span class='ocrx_word' id='word_1_313' title='bbox 1524 2939 1780 2994; x_wconf 87' lang='grc' dir='ltr'>πλούσιον</span> <span class='ocrx_word' id='word_1_314' title='bbox 1803 2940 1899 3011; x_wconf 83' lang='grc' dir='ltr'>μό-</span> 
     </span>
    </p>
   </div>
   <div class='ocr_carea' id='block_1_48' title="bbox 318 3032 1900 3103">
    <p class='ocr_par' dir='ltr' id='par_1_48' title="bbox 318 3032 1900 3103">
     <span class='ocr_line' id='line_1_48' title="bbox 318 3032 1900 3103; baseline -0.004 -10"><span class='ocrx_word' id='word_1_315' title='bbox 318 3053 440 3103; x_wconf 85' lang='grc' dir='ltr'>νον,</span> <span class='ocrx_word' id='word_1_316' title='bbox 487 3039 622 3091; x_wconf 88' lang='grc' dir='ltr'><strong>ἀλλά</strong></span> <span class='ocrx_word' id='word_1_317' title='bbox 662 3037 756 3089; x_wconf 70' lang='grc' dir='ltr'>καὶ</span> <span class='ocrx_word' id='word_1_318' title='bbox 791 3036 902 3089; x_wconf 81' lang='grc' dir='ltr'>τῶν</span> <span class='ocrx_word' id='word_1_319' title='bbox 929 3035 1104 3089; x_wconf 77' lang='grc' dir='ltr'>ἄλλων</span> <span class='ocrx_word' id='word_1_320' title='bbox 1134 3033 1362 3088; x_wconf 83' lang='grc' dir='ltr'>οἰκετῶν</span> <span class='ocrx_word' id='word_1_321' title='bbox 1389 3032 1728 3102; x_wconf 80' lang='grc' dir='ltr'>ὑπερέχοντα</span> <span class='ocrx_word' id='word_1_322' title='bbox 1763 3035 1900 3087; x_wconf 80' lang='grc' dir='ltr'>ἀπέ-</span> 
     </span>
    </p>
   </div>
   <div class='ocr_carea' id='block_1_49' title="bbox 321 3125 1899 3201">
    <p class='ocr_par' dir='ltr' id='par_1_49' title="bbox 321 3125 1899 3201">
     <span class='ocr_line' id='line_1_49' title="bbox 321 3125 1899 3201; baseline -0.004 -17"><span class='ocrx_word' id='word_1_323' title='bbox 321 3147 538 3201; x_wconf 76' lang='grc' dir='ltr'>φαινεν.</span> <span class='ocrx_word' id='word_1_324' title='bbox 587 3129 645 3183; x_wconf 90' lang='lat'><strong>&#39;0</strong></span> <span class='ocrx_word' id='word_1_325' title='bbox 671 3129 714 3181; x_wconf 87' lang='grc' dir='ltr'>δ’</span> <span class='ocrx_word' id='word_1_326' title='bbox 745 3131 803 3181; x_wconf 87' lang='grc' dir='ltr'><strong>ἐν</strong></span> <span class='ocrx_word' id='word_1_327' title='bbox 863 3129 975 3189; x_wconf 88' lang='grc' dir='ltr'>τοῖς</span> <span class='ocrx_word' id='word_1_328' title='bbox 1021 3125 1204 3192; x_wconf 54' lang='grc' dir='ltr'>ἄλλοις</span> <span class='ocrx_word' id='word_1_329' title='bbox 1258 3125 1355 3195; x_wconf 81' lang='grc' dir='ltr'>μὲν</span> <span class='ocrx_word' id='word_1_330' title='bbox 1413 3125 1618 3178; x_wconf 73' lang='grc' dir='ltr'>ἅπασιν</span> <span class='ocrx_word' id='word_1_331' title='bbox 1675 3125 1899 3194; x_wconf 80' lang='grc' dir='ltr'>ἄριστον</span> 
     </span>
    </p>
   </div>
   <div class='ocr_carea' id='block_1_50' title="bbox 317 3217 1893 3292">
    <p class='ocr_par' dir='ltr' id='par_1_50' title="bbox 317 3217 1893 3292">
     <span class='ocr_line' id='line_1_50' title="bbox 317 3217 1893 3292; baseline -0.004 -16"><span class='ocrx_word' id='word_1_332' title='bbox 317 3223 584 3292; x_wconf 78' lang='grc' dir='ltr'>παρεῖχεν</span> <span class='ocrx_word' id='word_1_333' title='bbox 605 3221 796 3274; x_wconf 78' lang='grc' dir='ltr'>ἐαυτὸν</span> <span class='ocrx_word' id='word_1_334' title='bbox 817 3222 911 3274; x_wconf 78' lang='grc' dir='ltr'>καὶ</span> <span class='ocrx_word' id='word_1_335' title='bbox 937 3218 1035 3288; x_wconf 85' lang='grc' dir='ltr'>τῆς</span> <span class='ocrx_word' id='word_1_336' title='bbox 1067 3218 1332 3288; x_wconf 82' lang='grc' dir='ltr'>βασιλέως</span> <span class='ocrx_word' id='word_1_337' title='bbox 1372 3217 1522 3284; x_wconf 80' lang='grc' dir='ltr'>ἀξιον</span> <span class='ocrx_word' id='word_1_338' title='bbox 1547 3217 1858 3287; x_wconf 77' lang='grc' dir='ltr'>φιλοτιμίας</span> <span class='ocrx_word' id='word_1_339' title='bbox 1878 3233 1893 3248; x_wconf 87' lang='grc'><strong>⁸</strong></span> 
     </span>
    </p>
   </div>
   <div class='ocr_carea' id='block_1_51' title="bbox 315 3301 1900 3383">
    <p class='ocr_par' dir='ltr' id='par_1_51' title="bbox 315 3301 1900 3383">
     <span class='ocr_line' id='line_1_51' title="bbox 315 3301 1900 3383; baseline -0.004 -15"><span class='ocrx_word' id='word_1_340' title='bbox 315 3315 524 3383; x_wconf 75' lang='grc' dir='ltr'>κόμπῳ</span> <span class='ocrx_word' id='word_1_341' title='bbox 567 3313 623 3366; x_wconf 83' lang='grc' dir='ltr'>δὲ</span> <span class='ocrx_word' id='word_1_342' title='bbox 675 3301 1032 3382; x_wconf 78' lang='grc' dir='ltr'>φρονήματος</span> <span class='ocrx_word' id='word_1_343' title='bbox 1083 3310 1336 3363; x_wconf 77' lang='grc' dir='ltr'>οὐδέποτε</span> <span class='ocrx_word' id='word_1_344' title='bbox 1396 3310 1497 3378; x_wconf 79' lang='grc' dir='ltr'>τῆς</span> <span class='ocrx_word' id='word_1_345' title='bbox 1556 3309 1710 3375; x_wconf 80' lang='grc' dir='ltr'>ἀξίας</span> <span class='ocrx_word' id='word_1_346' title='bbox 1768 3311 1900 3362; x_wconf 85' lang='grc' dir='ltr'>ἀπο-</span> 
     </span>
    </p>
   </div>
   <div class='ocr_carea' id='block_1_52' title="bbox 315 3401 1900 3476">
    <p class='ocr_par' dir='ltr' id='par_1_52' title="bbox 315 3401 1900 3476">
     <span class='ocr_line' id='line_1_52' title="bbox 315 3401 1900 3476; baseline -0.004 -15"><span class='ocrx_word' id='word_1_347' title='bbox 315 3407 507 3462; x_wconf 81' lang='grc' dir='ltr'>λαύειν</span> <span class='ocrx_word' id='word_1_348' title='bbox 535 3404 671 3476; x_wconf 76' lang='grc' dir='ltr'>ᾤετο</span> <span class='ocrx_word' id='word_1_349' title='bbox 695 3447 710 3471; x_wconf 92' lang='grc'><strong>,</strong></span> <span class='ocrx_word' id='word_1_350' title='bbox 743 3404 859 3458; x_wconf 89' lang='grc' dir='ltr'>ἀλλ’</span> <span class='ocrx_word' id='word_1_351' title='bbox 889 3405 1027 3457; x_wconf 83' lang='grc' dir='ltr'>ὅσων</span> <span class='ocrx_word' id='word_1_352' title='bbox 1065 3403 1129 3456; x_wconf 82' lang='grc' dir='ltr'><strong>ἂν</strong></span> <span class='ocrx_word' id='word_1_353' title='bbox 1162 3403 1337 3473; x_wconf 85' lang='grc' dir='ltr'>τύχοι,</span> <span class='ocrx_word' id='word_1_354' title='bbox 1368 3401 1477 3454; x_wconf 84' lang='grc' dir='ltr'><strong>τῶν</strong></span> <span class='ocrx_word' id='word_1_355' title='bbox 1511 3403 1900 3472; x_wconf 87' lang='grc' dir='ltr'>προσηκόντων</span> 
     </span>
    </p>
   </div>
   <div class='ocr_carea' id='block_1_53' title="bbox 317 3494 1900 3569">
    <p class='ocr_par' dir='ltr' id='par_1_53' title="bbox 317 3494 1900 3569">
     <span class='ocr_line' id='line_1_53' title="bbox 317 3494 1900 3569; baseline -0.004 -16"><span class='ocrx_word' id='word_1_356' title='bbox 317 3499 574 3569; x_wconf 75' lang='grc' dir='ltr'>ἐνόμιζεν</span> <span class='ocrx_word' id='word_1_357' title='bbox 630 3498 860 3551; x_wconf 88' lang='grc' dir='ltr'>ἐλάσσω.</span> <span class='ocrx_word' id='word_1_358' title='bbox 915 3496 1073 3549; x_wconf 80' lang='grc' dir='ltr'>Ὅθεν</span> <span class='ocrx_word' id='word_1_359' title='bbox 1125 3497 1221 3547; x_wconf 75' lang='grc' dir='ltr'><strong>καὶ</strong></span> <span class='ocrx_word' id='word_1_360' title='bbox 1277 3496 1572 3564; x_wconf 85' lang='grc' dir='ltr'>ἀχάριστος</span> <span class='ocrx_word' id='word_1_361' title='bbox 1627 3494 1900 3547; x_wconf 76' lang='grc' dir='ltr'>ἐδείκνυτο</span> 
     </span>
    </p>
   </div>
   <div class='ocr_carea' id='block_1_54' title="bbox 319 3585 1902 3662">
    <p class='ocr_par' dir='ltr' id='par_1_54' title="bbox 319 3585 1902 3662">
     <span class='ocr_line' id='line_1_54' title="bbox 319 3585 1902 3662; baseline -0.004 -18"><span class='ocrx_word' id='word_1_362' title='bbox 319 3589 465 3662; x_wconf 75' lang='grc' dir='ltr'>πρὸς</span> <span class='ocrx_word' id='word_1_363' title='bbox 487 3591 577 3642; x_wconf 83' lang='grc' dir='ltr'><strong>τὸν</strong></span> <span class='ocrx_word' id='word_1_364' title='bbox 613 3588 880 3657; x_wconf 82' lang='grc' dir='ltr'>δεσπότην</span> <span class='ocrx_word' id='word_1_365' title='bbox 909 3585 1159 3655; x_wconf 81' lang='grc' dir='ltr'>μεγάλων</span> <span class='ocrx_word' id='word_1_366' title='bbox 1199 3585 1476 3652; x_wconf 79' lang='grc' dir='ltr'>ἀξιοῦντα.</span> <span class='ocrx_word' id='word_1_367' title='bbox 1519 3586 1674 3637; x_wconf 76' lang='grc' dir='ltr'>Ἐπεὶ</span> <span class='ocrx_word' id='word_1_368' title='bbox 1698 3585 1755 3638; x_wconf 85' lang='grc' dir='ltr'>δὲ</span> <span class='ocrx_word' id='word_1_369' title='bbox 1808 3586 1902 3638; x_wconf 74' lang='grc' dir='ltr'>καὶ</span> 
     </span>
    </p>
   </div>
   <div class='ocr_carea' id='block_1_55' title="bbox 320 3663 1900 3751">
    <p class='ocr_par' dir='ltr' id='par_1_55' title="bbox 320 3663 1900 3751">
     <span class='ocr_line' id='line_1_55' title="bbox 320 3663 1900 3751; baseline -0.004 -14"><span class='ocrx_word' id='word_1_370' title='bbox 320 3683 386 3746; x_wconf 74' lang='grc' dir='ltr'><strong>ἐξ</strong></span> <span class='ocrx_word' id='word_1_371' title='bbox 423 3681 636 3736; x_wconf 81' lang='grc' dir='ltr'>ἰδιώτου</span> <span class='ocrx_word' id='word_1_372' title='bbox 686 3681 820 3751; x_wconf 76' lang='grc' dir='ltr'>πρὸς</span> <span class='ocrx_word' id='word_1_373' title='bbox 864 3678 1089 3750; x_wconf 77' lang='grc' dir='ltr'>βασιλέα</span> <span class='ocrx_word' id='word_1_374' title='bbox 1147 3676 1509 3747; x_wconf 70' lang='grc' dir='ltr'>μεταϐάλλοι,</span> <span class='ocrx_word' id='word_1_375' title='bbox 1555 3663 1731 3730; x_wconf 78' lang='grc' dir='ltr'>πάντα</span> <span class='ocrx_word' id='word_1_376' title='bbox 1759 3673 1900 3731; x_wconf 72' lang='grc' dir='ltr'>εἶναι</span> 
     </span>
    </p>
   </div>
   <div class='ocr_carea' id='block_1_56' title="bbox 321 3770 1902 3845">
    <p class='ocr_par' dir='ltr' id='par_1_56' title="bbox 321 3770 1902 3845">
     <span class='ocr_line' id='line_1_56' title="bbox 321 3770 1902 3845; baseline -0.006 -15"><span class='ocrx_word' id='word_1_377' title='bbox 321 3776 454 3845; x_wconf 76' lang='grc' dir='ltr'>παρ’</span> <span class='ocrx_word' id='word_1_378' title='bbox 488 3773 636 3843; x_wconf 81' lang='grc' dir='ltr'>αὐτῷ</span> <span class='ocrx_word' id='word_1_379' title='bbox 667 3773 842 3841; x_wconf 79' lang='grc' dir='ltr'>ἠξίου,</span> <span class='ocrx_word' id='word_1_380' title='bbox 871 3771 965 3823; x_wconf 73' lang='grc' dir='ltr'><strong>καὶ</strong></span> <span class='ocrx_word' id='word_1_381' title='bbox 990 3770 1180 3839; x_wconf 81' lang='grc' dir='ltr'>ἄρχειν</span> <span class='ocrx_word' id='word_1_382' title='bbox 1217 3770 1316 3837; x_wconf 75' lang='grc' dir='ltr'>τῆς</span> <span class='ocrx_word' id='word_1_383' title='bbox 1359 3770 1641 3838; x_wconf 84' lang='grc' dir='ltr'>στρατιᾶς,</span> <span class='ocrx_word' id='word_1_384' title='bbox 1677 3770 1770 3822; x_wconf 73' lang='grc' dir='ltr'><strong>καὶ</strong></span> <span class='ocrx_word' id='word_1_385' title='bbox 1795 3771 1902 3822; x_wconf 82' lang='grc' dir='ltr'><strong>πᾶ-</strong></span> 
     </span>
    </p>
   </div>
   <div class='ocr_carea' id='block_1_57' title="bbox 321 3852 1901 3930">
    <p class='ocr_par' dir='ltr' id='par_1_57' title="bbox 321 3852 1901 3930">
     <span class='ocr_line' id='line_1_57' title="bbox 321 3852 1901 3930; baseline -0.004 -11"><span class='ocrx_word' id='word_1_386' title='bbox 321 3882 414 3919; x_wconf 85' lang='grc' dir='ltr'><strong>σιν</strong></span> <span class='ocrx_word' id='word_1_387' title='bbox 441 3865 771 3925; x_wconf 85' lang='grc' dir='ltr'>ἐπιτάττειν,</span> <span class='ocrx_word' id='word_1_388' title='bbox 804 3863 900 3914; x_wconf 76' lang='grc' dir='ltr'><strong>καὶ</strong></span> <span class='ocrx_word' id='word_1_389' title='bbox 935 3860 1146 3930; x_wconf 74' lang='grc' dir='ltr'>μείζοσι</span> <span class='ocrx_word' id='word_1_390' title='bbox 1197 3860 1292 3912; x_wconf 75' lang='grc' dir='ltr'>καὶ</span> <span class='ocrx_word' id='word_1_391' title='bbox 1326 3860 1631 3914; x_wconf 85' lang='grc' dir='ltr'>ἐλάττοσιν.</span> <span class='ocrx_word' id='word_1_392' title='bbox 1672 3852 1774 3913; x_wconf 78' lang='grc' dir='ltr'>Ὦν</span> <span class='ocrx_word' id='word_1_393' title='bbox 1826 3861 1901 3930; x_wconf 76' lang='grc' dir='ltr'>μὴ</span> 
     </span>
    </p>
   </div>
   <div class='ocr_carea' id='block_1_58' title="bbox 321 3952 1902 4028">
    <p class='ocr_par' dir='ltr' id='par_1_58' title="bbox 321 3952 1902 4028">
     <span class='ocr_line' id='line_1_58' title="bbox 321 3952 1902 4028; baseline -0.005 -15"><span class='ocrx_word' id='word_1_394' title='bbox 321 3958 634 4028; x_wconf 85' lang='grc' dir='ltr'>τυγχάνων,</span> <span class='ocrx_word' id='word_1_395' title='bbox 670 3954 1047 4024; x_wconf 73' lang='grc' dir='ltr'>ἐδυσχέραινεν</span> <span class='ocrx_word' id='word_1_396' title='bbox 1081 3953 1181 4006; x_wconf 83' lang='grc' dir='ltr'><strong>οὐκ</strong></span> <span class='ocrx_word' id='word_1_397' title='bbox 1217 3953 1477 4015; x_wconf 84' lang='grc' dir='ltr'>ἀνεκτῶς.</span> <span class='ocrx_word' id='word_1_398' title='bbox 1509 3952 1770 4016; x_wconf 74' lang='grc' dir='ltr'>Βασιλεὺς</span> <span class='ocrx_word' id='word_1_399' title='bbox 1792 3954 1902 4022; x_wconf 76' lang='grc' dir='ltr'><strong>γὰρ</strong></span> 
     </span>
    </p>
   </div>
   <div class='ocr_carea' id='block_1_59' title="bbox 322 4039 1902 4117">
    <p class='ocr_par' dir='ltr' id='par_1_59' title="bbox 322 4039 1902 4117">
     <span class='ocr_line' id='line_1_59' title="bbox 322 4039 1902 4117; baseline -0.005 -14"><span class='ocrx_word' id='word_1_400' title='bbox 322 4054 440 4110; x_wconf 68' lang='grc' dir='ltr'>τοῖς</span> <span class='ocrx_word' id='word_1_401' title='bbox 476 4049 708 4116; x_wconf 86' lang='grc' dir='ltr'>μάλιστα</span> <span class='ocrx_word' id='word_1_402' title='bbox 739 4050 1076 4117; x_wconf 80' lang='grc' dir='ltr'>προσήκουσι</span> <span class='ocrx_word' id='word_1_403' title='bbox 1105 4043 1226 4097; x_wconf 71' lang='grc' dir='ltr'>καθ’</span> <span class='ocrx_word' id='word_1_404' title='bbox 1264 4039 1426 4112; x_wconf 78' lang='grc' dir='ltr'>αἷμα,</span> <span class='ocrx_word' id='word_1_405' title='bbox 1461 4043 1556 4116; x_wconf 79' lang='grc' dir='ltr'>καὶ</span> <span class='ocrx_word' id='word_1_406' title='bbox 1589 4043 1696 4095; x_wconf 85' lang='grc' dir='ltr'><strong>τῶν</strong></span> <span class='ocrx_word' id='word_1_407' title='bbox 1727 4043 1902 4096; x_wconf 83' lang='grc' dir='ltr'>ἀλλων</span> 
     </span>
    </p>
   </div>
   <div class='ocr_carea' id='block_1_60' title="bbox 323 4133 1901 4208">
    <p class='ocr_par' dir='ltr' id='par_1_60' title="bbox 323 4133 1901 4208">
     <span class='ocr_line' id='line_1_60' title="bbox 323 4133 1901 4208; baseline -0.008 -13"><span class='ocrx_word' id='word_1_408' title='bbox 323 4144 441 4203; x_wconf 81' lang='grc' dir='ltr'>τοῖς</span> <span class='ocrx_word' id='word_1_409' title='bbox 463 4139 870 4208; x_wconf 74' lang='grc' dir='ltr'>εὐγενεστέροις</span> <span class='ocrx_word' id='word_1_410' title='bbox 890 4137 987 4199; x_wconf 85' lang='grc' dir='ltr'>τὰς</span> <span class='ocrx_word' id='word_1_411' title='bbox 1017 4135 1272 4198; x_wconf 86' lang='grc' dir='ltr'>τοιαύτας</span> <span class='ocrx_word' id='word_1_412' title='bbox 1315 4133 1454 4204; x_wconf 75' lang='grc' dir='ltr'>ᾤετο</span> <span class='ocrx_word' id='word_1_413' title='bbox 1485 4133 1660 4203; x_wconf 75' lang='grc' dir='ltr'>ἀρχὰς</span> <span class='ocrx_word' id='word_1_414' title='bbox 1690 4134 1901 4202; x_wconf 73' lang='grc' dir='ltr'>προσήύ</span> 
     </span>
    </p>
   </div>
   <div class='ocr_carea' id='block_1_61' title="bbox 326 4224 1903 4299">
    <p class='ocr_par' dir='ltr' id='par_1_61' title="bbox 326 4224 1903 4299">
     <span class='ocr_line' id='line_1_61' title="bbox 326 4224 1903 4299; baseline -0.006 -12"><span class='ocrx_word' id='word_1_415' title='bbox 326 4251 472 4287; x_wconf 88' lang='grc' dir='ltr'>κειν.</span> <span class='ocrx_word' id='word_1_416' title='bbox 495 4233 627 4286; x_wconf 81' lang='grc' dir='ltr'>Τότε</span> <span class='ocrx_word' id='word_1_417' title='bbox 657 4231 712 4284; x_wconf 91' lang='grc' dir='ltr'><strong>δέ</strong></span> <span class='ocrx_word' id='word_1_418' title='bbox 742 4234 798 4283; x_wconf 86' lang='grc' dir='ltr'><strong>ἐν</strong></span> <span class='ocrx_word' id='word_1_419' title='bbox 823 4229 1282 4299; x_wconf 81' lang='grc' dir='ltr'>Γυναικοκάστρῳ</span> <span class='ocrx_word' id='word_1_420' title='bbox 1317 4227 1416 4294; x_wconf 80' lang='grc' dir='ltr'>τῆς</span> <span class='ocrx_word' id='word_1_421' title='bbox 1439 4224 1774 4283; x_wconf 85' lang='grc' dir='ltr'>ἀποστασίας</span> <span class='ocrx_word' id='word_1_422' title='bbox 1795 4225 1903 4277; x_wconf 82' lang='grc' dir='ltr'><strong>τῶν</strong></span> 
     </span>
    </p>
   </div>
   <div class='ocr_carea' id='block_1_62' title="bbox 325 4315 1903 4392">
    <p class='ocr_par' dir='ltr' id='par_1_62' title="bbox 325 4315 1903 4392">
     <span class='ocr_line' id='line_1_62' title="bbox 325 4315 1903 4392; baseline -0.005 -16"><span class='ocrx_word' id='word_1_423' title='bbox 325 4327 508 4382; x_wconf 81' lang='grc' dir='ltr'>ἄλλων</span> <span class='ocrx_word' id='word_1_424' title='bbox 531 4323 841 4392; x_wconf 81' lang='grc' dir='ltr'>γινομένης,</span> <span class='ocrx_word' id='word_1_425' title='bbox 881 4320 977 4372; x_wconf 76' lang='grc' dir='ltr'><strong>καὶ</strong></span> <span class='ocrx_word' id='word_1_426' title='bbox 1012 4319 1172 4382; x_wconf 81' lang='grc' dir='ltr'>αὐτὸς</span> <span class='ocrx_word' id='word_1_427' title='bbox 1220 4318 1320 4386; x_wconf 78' lang='grc' dir='ltr'>μὲν</span> <span class='ocrx_word' id='word_1_428' title='bbox 1353 4316 1622 4385; x_wconf 79' lang='grc' dir='ltr'>ἐσκέψατο</span> <span class='ocrx_word' id='word_1_429' title='bbox 1674 4315 1903 4378; x_wconf 82' lang='grc' dir='ltr'>ἐκείνοις</span> 
     </span>
    </p>
   </div>
   <div class='ocr_carea' id='block_1_63' title="bbox 325 4403 1904 4484">
    <p class='ocr_par' dir='ltr' id='par_1_63' title="bbox 325 4403 1904 4484">
     <span class='ocr_line' id='line_1_63' title="bbox 325 4403 1904 4484; baseline -0.008 -9"><span class='ocrx_word' id='word_1_430' title='bbox 325 4425 412 4484; x_wconf 84' lang='grc' dir='ltr'><strong>είς</strong></span> <span class='ocrx_word' id='word_1_431' title='bbox 440 4418 734 4484; x_wconf 71' lang='grc' dir='ltr'>Βυζάντιον</span> <span class='ocrx_word' id='word_1_432' title='bbox 769 4415 1143 4478; x_wconf 74' lang='grc' dir='ltr'>συναπελθεῖν,</span> <span class='ocrx_word' id='word_1_433' title='bbox 1191 4413 1265 4474; x_wconf 83' lang='grc' dir='ltr'>ὡς</span> <span class='ocrx_word' id='word_1_434' title='bbox 1295 4411 1504 4464; x_wconf 82' lang='grc' dir='ltr'>ἐκεῖθεν</span> <span class='ocrx_word' id='word_1_435' title='bbox 1537 4403 1613 4464; x_wconf 82' lang='grc' dir='ltr'>ὧν</span> <span class='ocrx_word' id='word_1_436' title='bbox 1641 4406 1708 4481; x_wconf 71' lang='grc' dir='ltr'>ἦν</span> <span class='ocrx_word' id='word_1_437' title='bbox 1758 4411 1904 4477; x_wconf 80' lang='grc' dir='ltr'>ἄξιος</span> 
     </span>
    </p>
   </div>
   <div class='ocr_carea' id='block_1_64' title="bbox 1985 1939 3566 2013">
    <p class='ocr_par' dir='ltr' id='par_1_64' title="bbox 1985 1939 3566 2013">
     <span class='ocr_line' id='line_1_64' title="bbox 1985 1939 3566 2013; baseline 0.002 -23"><span class='ocrx_word' id='word_1_438' title='bbox 1985 1939 2198 2008; x_wconf 83' lang='lat' dir='ltr'><strong>juncta,</strong></span> <span class='ocrx_word' id='word_1_439' title='bbox 2236 1941 2288 1994; x_wconf 90' lang='lat' dir='ltr'><strong>in</strong></span> <span class='ocrx_word' id='word_1_440' title='bbox 2331 1941 2398 1995; x_wconf 88' lang='lat' dir='ltr'><strong>iis</strong></span> <span class='ocrx_word' id='word_1_441' title='bbox 2425 1950 2613 2010; x_wconf 81' lang='lat' dir='ltr'><strong>posset</strong></span> <span class='ocrx_word' id='word_1_442' title='bbox 2649 1942 2941 2010; x_wconf 79' lang='lat' dir='ltr'><strong>excellere,</strong></span> <span class='ocrx_word' id='word_1_443' title='bbox 2974 1941 3174 2013; x_wconf 89' lang='lat' dir='ltr'><strong>quibus</strong></span> <span class='ocrx_word' id='word_1_444' title='bbox 3206 1956 3428 2010; x_wconf 90' lang='lat' dir='ltr'><strong>operam</strong></span> <span class='ocrx_word' id='word_1_445' title='bbox 3473 1940 3566 1993; x_wconf 83' lang='lat' dir='ltr'><strong>da-</strong></span> 
     </span>
    </p>
   </div>
   <div class='ocr_carea' id='block_1_65' title="bbox 1993 2031 3566 2104">
    <p class='ocr_par' dir='ltr' id='par_1_65' title="bbox 1993 2031 3566 2104">
     <span class='ocr_line' id='line_1_65' title="bbox 1993 2031 3566 2104; baseline 0.001 -19"><span class='ocrx_word' id='word_1_446' title='bbox 1993 2041 2095 2096; x_wconf 87' lang='lat' dir='ltr'><strong>ret,</strong></span> <span class='ocrx_word' id='word_1_447' title='bbox 2127 2048 2252 2086; x_wconf 88' lang='lat' dir='ltr'><strong>eum</strong></span> <span class='ocrx_word' id='word_1_448' title='bbox 2313 2034 2368 2087; x_wconf 92' lang='lat' dir='ltr'><strong>in</strong></span> <span class='ocrx_word' id='word_1_449' title='bbox 2425 2036 2575 2088; x_wconf 88' lang='lat' dir='ltr'><strong>nnmi</strong></span> <span class='ocrx_word' id='word_1_450' title='bbox 2631 2035 2928 2104; x_wconf 83' lang='lat' dir='ltr'><strong>disciplina</strong></span> <span class='ocrx_word' id='word_1_451' title='bbox 2976 2033 3282 2104; x_wconf 80' lang='lat' dir='ltr'><strong>perfectum</strong></span> <span class='ocrx_word' id='word_1_452' title='bbox 3334 2031 3566 2088; x_wconf 86' lang='lat' dir='ltr'><strong>reddere</strong></span> 
     </span>
    </p>
   </div>
   <div class='ocr_carea' id='block_1_66' title="bbox 1990 2123 3566 2196">
    <p class='ocr_par' dir='ltr' id='par_1_66' title="bbox 1990 2123 3566 2196">
     <span class='ocr_line' id='line_1_66' title="bbox 1990 2123 3566 2196; baseline 0.002 -20"><span class='ocrx_word' id='word_1_453' title='bbox 1990 2123 2274 2177; x_wconf 86' lang='lat' dir='ltr'><strong>contendit</strong></span> <span class='ocrx_word' id='word_1_454' title='bbox 2298 2162 2314 2187; x_wconf 93' lang='lat'><strong>,</strong></span> <span class='ocrx_word' id='word_1_455' title='bbox 2353 2133 2411 2178; x_wconf 90' lang='lat' dir='ltr'><strong>et</strong></span> <span class='ocrx_word' id='word_1_456' title='bbox 2449 2125 2516 2178; x_wconf 89' lang='lat' dir='ltr'><strong>ad</strong></span> <span class='ocrx_word' id='word_1_457' title='bbox 2543 2125 2914 2195; x_wconf 88' lang='lat' dir='ltr'><strong>eloquentiam</strong></span> <span class='ocrx_word' id='word_1_458' title='bbox 2946 2137 3230 2196; x_wconf 85' lang='lat' dir='ltr'><strong>artemque</strong></span> <span class='ocrx_word' id='word_1_459' title='bbox 3270 2126 3566 2181; x_wconf 87' lang='lat' dir='ltr'><strong>militarem</strong></span> 
     </span>
    </p>
   </div>
   <div class='ocr_carea' id='block_1_67' title="bbox 1993 2214 3568 2290">
    <p class='ocr_par' dir='ltr' id='par_1_67' title="bbox 1993 2214 3568 2290">
     <span class='ocr_line' id='line_1_67' title="bbox 1993 2214 3568 2290; baseline 0.004 -22"><span class='ocrx_word' id='word_1_460' title='bbox 1993 2214 2046 2268; x_wconf 91' lang='lat' dir='ltr'><strong>in</strong></span> <span class='ocrx_word' id='word_1_461' title='bbox 2078 2215 2274 2284; x_wconf 87' lang='lat' dir='ltr'><strong>primis</strong></span> <span class='ocrx_word' id='word_1_462' title='bbox 2311 2216 2553 2271; x_wconf 81' lang='lat' dir='ltr'><strong>excoluit</strong></span> <span class='ocrx_word' id='word_1_463' title='bbox 2589 2235 2602 2270; x_wconf 89' lang='lat'><strong>:</strong></span> <span class='ocrx_word' id='word_1_464' title='bbox 2659 2217 2846 2272; x_wconf 78' lang='lat' dir='ltr'><strong>favore</strong></span> <span class='ocrx_word' id='word_1_465' title='bbox 2875 2219 3002 2272; x_wconf 88' lang='lat' dir='ltr'><strong>item</strong></span> <span class='ocrx_word' id='word_1_466' title='bbox 3034 2228 3089 2274; x_wconf 90' lang='lat' dir='ltr'><strong>et</strong></span> <span class='ocrx_word' id='word_1_467' title='bbox 3123 2219 3296 2290; x_wconf 76' lang='lat' dir='ltr'><strong>gratia</strong></span> <span class='ocrx_word' id='word_1_468' title='bbox 3327 2234 3424 2274; x_wconf 89' lang='lat' dir='ltr'><strong>sua</strong></span> <span class='ocrx_word' id='word_1_469' title='bbox 3456 2235 3568 2274; x_wconf 89' lang='lat' dir='ltr'><strong>non</strong></span> 
     </span>
    </p>
   </div>
   <div class='ocr_carea' id='block_1_68' title="bbox 1995 2306 3566 2380">
    <p class='ocr_par' dir='ltr' id='par_1_68' title="bbox 1995 2306 3566 2380">
     <span class='ocr_line' id='line_1_68' title="bbox 1995 2306 3566 2380; baseline 0.004 -22"><span class='ocrx_word' id='word_1_470' title='bbox 1995 2312 2205 2358; x_wconf 90' lang='lat' dir='ltr'><strong>tantum</strong></span> <span class='ocrx_word' id='word_1_471' title='bbox 2258 2306 2508 2372; x_wconf 86' lang='lat' dir='ltr'><strong>divitem,</strong></span> <span class='ocrx_word' id='word_1_472' title='bbox 2542 2307 2636 2362; x_wconf 91' lang='lat' dir='ltr'><strong>sed</strong></span> <span class='ocrx_word' id='word_1_473' title='bbox 2668 2307 2816 2361; x_wconf 92' lang='lat' dir='ltr'><strong>inter</strong></span> <span class='ocrx_word' id='word_1_474' title='bbox 2843 2309 3125 2363; x_wconf 90' lang='lat' dir='ltr'><strong>ministros</strong></span> <span class='ocrx_word' id='word_1_475' title='bbox 3156 2310 3321 2364; x_wconf 84' lang='lat' dir='ltr'><strong>etiam</strong></span> <span class='ocrx_word' id='word_1_476' title='bbox 3368 2311 3566 2380; x_wconf 66' lang='lat' dir='ltr'><strong>pracci-</strong></span> 
     </span>
    </p>
   </div>
   <div class='ocr_carea' id='block_1_69' title="bbox 1995 2397 3570 2470">
    <p class='ocr_par' dir='ltr' id='par_1_69' title="bbox 1995 2397 3570 2470">
     <span class='ocr_line' id='line_1_69' title="bbox 1995 2397 3570 2470; baseline 0.003 -20"><span class='ocrx_word' id='word_1_477' title='bbox 1995 2413 2162 2467; x_wconf 90' lang='lat' dir='ltr'><strong>puum</strong></span> <span class='ocrx_word' id='word_1_478' title='bbox 2195 2397 2400 2452; x_wconf 80' lang='lat' dir='ltr'><strong>eﬂecit.</strong></span> <span class='ocrx_word' id='word_1_479' title='bbox 2442 2399 2508 2452; x_wconf 86' lang='lat' dir='ltr'><strong>Et</strong></span> <span class='ocrx_word' id='word_1_480' title='bbox 2539 2399 2584 2452; x_wconf 92' lang='lat' dir='ltr'><strong>is</strong></span> <span class='ocrx_word' id='word_1_481' title='bbox 2631 2400 2857 2470; x_wconf 87' lang='lat' dir='ltr'><strong>quidem</strong></span> <span class='ocrx_word' id='word_1_482' title='bbox 2899 2401 2952 2454; x_wconf 91' lang='lat' dir='ltr'><strong>in</strong></span> <span class='ocrx_word' id='word_1_483' title='bbox 2988 2402 3112 2456; x_wconf 89' lang='lat' dir='ltr'><strong>aliis</strong></span> <span class='ocrx_word' id='word_1_484' title='bbox 3149 2403 3407 2456; x_wconf 89' lang='lat' dir='ltr'><strong>omnibus</strong></span> <span class='ocrx_word' id='word_1_485' title='bbox 3455 2404 3570 2457; x_wconf 73' lang='lat' dir='ltr'><strong>exi-</strong></span> 
     </span>
    </p>
   </div>
   <div class='ocr_carea' id='block_1_70' title="bbox 1995 2480 3568 2563">
    <p class='ocr_par' dir='ltr' id='par_1_70' title="bbox 1995 2480 3568 2563">
     <span class='ocr_line' id='line_1_70' title="bbox 1995 2480 3568 2563; baseline 0.004 -22"><span class='ocrx_word' id='word_1_486' title='bbox 1995 2489 2164 2542; x_wconf 89' lang='lat' dir='ltr'><strong>mium</strong></span> <span class='ocrx_word' id='word_1_487' title='bbox 2238 2490 2399 2559; x_wconf 80' lang='lat' dir='ltr'><strong>plane</strong></span> <span class='ocrx_word' id='word_1_488' title='bbox 2464 2490 2758 2560; x_wconf 89' lang='lat' dir='ltr'><strong>studioque</strong></span> <span class='ocrx_word' id='word_1_489' title='bbox 2819 2493 3163 2563; x_wconf 86' lang='lat' dir='ltr'><strong>imperatoris</strong></span> <span class='ocrx_word' id='word_1_490' title='bbox 3205 2480 3446 2562; x_wconf 32' lang='lat' dir='ltr'><strong>ldignum</strong></span> <span class='ocrx_word' id='word_1_491' title='bbox 3509 2509 3568 2548; x_wconf 85' lang='lat' dir='ltr'><strong>se</strong></span> 
     </span>
    </p>
   </div>
   <div class='ocr_carea' id='block_1_71' title="bbox 1996 2581 3571 2662">
    <p class='ocr_par' dir='ltr' id='par_1_71' title="bbox 1996 2581 3571 2662">
     <span class='ocr_line' id='line_1_71' title="bbox 1996 2581 3571 2662; baseline 0.005 -29"><span class='ocrx_word' id='word_1_492' title='bbox 1996 2581 2314 2650; x_wconf 70' lang='lat' dir='ltr'><strong>praestabat,</strong></span> <span class='ocrx_word' id='word_1_493' title='bbox 2377 2598 2491 2662; x_wconf 67' lang='lat' dir='ltr'><strong>pra:</strong></span> <span class='ocrx_word' id='word_1_494' title='bbox 2524 2582 2670 2637; x_wconf 84' lang='lat' dir='ltr'><strong>fastu</strong></span> <span class='ocrx_word' id='word_1_495' title='bbox 2715 2592 2899 2640; x_wconf 90' lang='lat' dir='ltr'><strong>tamen</strong></span> <span class='ocrx_word' id='word_1_496' title='bbox 2952 2601 3232 2654; x_wconf 87' lang='lat' dir='ltr'><strong>nunquam</strong></span> <span class='ocrx_word' id='word_1_497' title='bbox 3265 2601 3322 2640; x_wconf 89' lang='lat' dir='ltr'><strong>se</strong></span> <span class='ocrx_word' id='word_1_498' title='bbox 3349 2602 3449 2656; x_wconf 85' lang='lat' dir='ltr'><strong>pro</strong></span> <span class='ocrx_word' id='word_1_499' title='bbox 3485 2586 3571 2640; x_wconf 90' lang='lat' dir='ltr'><strong>di-</strong></span> 
     </span>
    </p>
   </div>
   <div class='ocr_carea' id='block_1_72' title="bbox 1995 2674 3566 2748">
    <p class='ocr_par' dir='ltr' id='par_1_72' title="bbox 1995 2674 3566 2748">
     <span class='ocr_line' id='line_1_72' title="bbox 1995 2674 3566 2748; baseline 0.006 -24"><span class='ocrx_word' id='word_1_500' title='bbox 1995 2674 2200 2742; x_wconf 79' lang='lat' dir='ltr'><strong>gnitate</strong></span> <span class='ocrx_word' id='word_1_501' title='bbox 2252 2676 2480 2728; x_wconf 89' lang='lat' dir='ltr'><strong>tractari</strong></span> <span class='ocrx_word' id='word_1_502' title='bbox 2519 2675 2770 2744; x_wconf 85' lang='lat' dir='ltr'><strong>putabat,</strong></span> <span class='ocrx_word' id='word_1_503' title='bbox 2802 2677 2896 2732; x_wconf 90' lang='lat' dir='ltr'><strong>sed</strong></span> <span class='ocrx_word' id='word_1_504' title='bbox 2944 2693 3066 2748; x_wconf 77' lang='lat' dir='ltr'><strong>qua:</strong></span> <span class='ocrx_word' id='word_1_505' title='bbox 3108 2689 3566 2748; x_wconf 81' lang='lat' dir='ltr'><strong>consequeretur,</strong></span> 
     </span>
    </p>
   </div>
   <div class='ocr_carea' id='block_1_73' title="bbox 1997 2767 3568 2842">
    <p class='ocr_par' dir='ltr' id='par_1_73' title="bbox 1997 2767 3568 2842">
     <span class='ocr_line' id='line_1_73' title="bbox 1997 2767 3568 2842; baseline 0.005 -24"><span class='ocrx_word' id='word_1_506' title='bbox 1997 2767 2210 2820; x_wconf 89' lang='lat' dir='ltr'><strong>meritis</strong></span> <span class='ocrx_word' id='word_1_507' title='bbox 2244 2767 2360 2822; x_wconf 93' lang='lat' dir='ltr'><strong>suis</strong></span> <span class='ocrx_word' id='word_1_508' title='bbox 2408 2767 2676 2823; x_wconf 84' lang='lat' dir='ltr'><strong>inferiora</strong></span> <span class='ocrx_word' id='word_1_509' title='bbox 2729 2770 2988 2825; x_wconf 84' lang='lat' dir='ltr'><strong>ducebat.</strong></span> <span class='ocrx_word' id='word_1_510' title='bbox 3030 2772 3208 2842; x_wconf 86' lang='lat' dir='ltr'><strong>Atque</strong></span> <span class='ocrx_word' id='word_1_511' title='bbox 3243 2772 3317 2826; x_wconf 90' lang='lat' dir='ltr'><strong>ita</strong></span> <span class='ocrx_word' id='word_1_512' title='bbox 3369 2772 3420 2826; x_wconf 93' lang='lat' dir='ltr'><strong>in</strong></span> <span class='ocrx_word' id='word_1_513' title='bbox 3460 2783 3568 2827; x_wconf 89' lang='lat' dir='ltr'><strong>tam</strong></span> 
     </span>
    </p>
   </div>
   <div class='ocr_carea' id='block_1_74' title="bbox 1998 2856 3569 2936">
    <p class='ocr_par' dir='ltr' id='par_1_74' title="bbox 1998 2856 3569 2936">
     <span class='ocr_line' id='line_1_74' title="bbox 1998 2856 3569 2936; baseline 0.008 -28"><span class='ocrx_word' id='word_1_514' title='bbox 1998 2856 2317 2910; x_wconf 83' lang='lat' dir='ltr'><strong>muniﬁcum</strong></span> <span class='ocrx_word' id='word_1_515' title='bbox 2382 2875 2444 2913; x_wconf 86' lang='lat' dir='ltr'><strong>ac</strong></span> <span class='ocrx_word' id='word_1_516' title='bbox 2475 2860 2756 2915; x_wconf 89' lang='lat' dir='ltr'><strong>liberalem</strong></span> <span class='ocrx_word' id='word_1_517' title='bbox 2794 2862 3080 2918; x_wconf 90' lang='lat' dir='ltr'><strong>dominum</strong></span> <span class='ocrx_word' id='word_1_518' title='bbox 3131 2866 3374 2936; x_wconf 75' lang='lat' dir='ltr'><strong>ingratus</strong></span> <span class='ocrx_word' id='word_1_519' title='bbox 3407 2882 3569 2936; x_wconf 87' lang='lat' dir='ltr'><strong>appa-</strong></span> 
     </span>
    </p>
   </div>
   <div class='ocr_carea' id='block_1_75' title="bbox 2002 2945 3644 3027">
    <p class='ocr_par' dir='ltr' id='par_1_75' title="bbox 2002 2945 3644 3027">
     <span class='ocr_line' id='line_1_75' title="bbox 2002 2945 3644 3027; baseline 0.009 -28"><span class='ocrx_word' id='word_1_520' title='bbox 2002 2949 2130 3000; x_wconf 88' lang='lat' dir='ltr'><strong>ruit.</strong></span> <span class='ocrx_word' id='word_1_521' title='bbox 2168 2948 2270 3014; x_wconf 87' lang='lat' dir='ltr'><strong>Qui</strong></span> <span class='ocrx_word' id='word_1_522' title='bbox 2315 2959 2374 3004; x_wconf 93' lang='lat' dir='ltr'><strong>ut</strong></span> <span class='ocrx_word' id='word_1_523' title='bbox 2421 2966 2487 3004; x_wconf 80' lang='lat' dir='ltr'><strong>ex</strong></span> <span class='ocrx_word' id='word_1_524' title='bbox 2537 2952 2753 3021; x_wconf 89' lang='lat' dir='ltr'><strong>privato</strong></span> <span class='ocrx_word' id='word_1_525' title='bbox 2791 2953 2844 3007; x_wconf 89' lang='lat' dir='ltr'><strong>in</strong></span> <span class='ocrx_word' id='word_1_526' title='bbox 2899 2954 3164 3010; x_wconf 82' lang='lat' dir='ltr'><strong>familiam</strong></span> <span class='ocrx_word' id='word_1_527' title='bbox 3217 2957 3571 3027; x_wconf 86' lang='lat' dir='ltr'><strong>imperatoris</strong></span> <span class='ocrx_word' id='word_1_528' title='bbox 3638 2945 3644 2950; x_wconf 55' lang='grc'><em>’</em></span> 
     </span>
    </p>
   </div>
   <div class='ocr_carea' id='block_1_76' title="bbox 2000 3041 3571 3117">
    <p class='ocr_par' dir='ltr' id='par_1_76' title="bbox 2000 3041 3571 3117">
     <span class='ocr_line' id='line_1_76' title="bbox 2000 3041 3571 3117; baseline 0.008 -25"><span class='ocrx_word' id='word_1_529' title='bbox 2000 3041 2207 3096; x_wconf 91' lang='lat' dir='ltr'><strong>ascitus</strong></span> <span class='ocrx_word' id='word_1_530' title='bbox 2230 3048 2334 3107; x_wconf 89' lang='lat' dir='ltr'><strong>est,</strong></span> <span class='ocrx_word' id='word_1_531' title='bbox 2378 3045 2562 3097; x_wconf 87' lang='lat' dir='ltr'><strong>omnia</strong></span> <span class='ocrx_word' id='word_1_532' title='bbox 2590 3060 2762 3113; x_wconf 80' lang='lat' dir='ltr'><strong>penes</strong></span> <span class='ocrx_word' id='word_1_533' title='bbox 2793 3061 2850 3100; x_wconf 92' lang='lat' dir='ltr'><strong>se</strong></span> <span class='ocrx_word' id='word_1_534' title='bbox 2884 3062 3008 3101; x_wconf 89' lang='lat' dir='ltr'><strong>esse</strong></span> <span class='ocrx_word' id='word_1_535' title='bbox 3033 3049 3353 3117; x_wconf 87' lang='lat' dir='ltr'><strong>postulavit,</strong></span> <span class='ocrx_word' id='word_1_536' title='bbox 3385 3061 3439 3104; x_wconf 91' lang='lat' dir='ltr'><strong>et</strong></span> <span class='ocrx_word' id='word_1_537' title='bbox 3467 3051 3571 3104; x_wconf 81' lang='lat' dir='ltr'><strong>im-</strong></span> 
     </span>
    </p>
   </div>
   <div class='ocr_carea' id='block_1_77' title="bbox 1928 3133 3575 3228">
    <p class='ocr_par' dir='ltr' id='par_1_77' title="bbox 1928 3133 3575 3228">
     <span class='ocr_line' id='line_1_77' title="bbox 1928 3133 3575 3228; baseline 0.01 -47"><span class='ocrx_word' id='word_1_538' title='bbox 1928 3169 1972 3228; x_wconf 77' lang='lat' dir='ltr'><strong>C</strong></span> <span class='ocrx_word' id='word_1_539' title='bbox 2005 3146 2200 3199; x_wconf 86' lang='lat' dir='ltr'><strong>perare</strong></span> <span class='ocrx_word' id='word_1_540' title='bbox 2231 3133 2528 3197; x_wconf 81' lang='lat' dir='ltr'><strong>exercitui,</strong></span> <span class='ocrx_word' id='word_1_541' title='bbox 2562 3142 2617 3188; x_wconf 91' lang='lat' dir='ltr'><strong>et</strong></span> <span class='ocrx_word' id='word_1_542' title='bbox 2648 3134 2922 3191; x_wconf 87' lang='lat' dir='ltr'><strong>dominari</strong></span> <span class='ocrx_word' id='word_1_543' title='bbox 2971 3139 3272 3208; x_wconf 88' lang='lat' dir='ltr'><strong>majoribus</strong></span> <span class='ocrx_word' id='word_1_544' title='bbox 3309 3142 3465 3209; x_wconf 83' lang='lat' dir='ltr'><strong>juxta</strong></span> <span class='ocrx_word' id='word_1_545' title='bbox 3508 3159 3575 3196; x_wconf 90' lang='lat' dir='ltr'><strong>ac</strong></span> 
     </span>
    </p>
   </div>
   <div class='ocr_carea' id='block_1_78' title="bbox 2006 3219 3576 3298">
    <p class='ocr_par' dir='ltr' id='par_1_78' title="bbox 2006 3219 3576 3298">
     <span class='ocr_line' id='line_1_78' title="bbox 2006 3219 3576 3298; baseline 0.009 -26"><span class='ocrx_word' id='word_1_546' title='bbox 2006 3219 2338 3277; x_wconf 84' lang='lat' dir='ltr'><strong>minoribus.</strong></span> <span class='ocrx_word' id='word_1_547' title='bbox 2369 3221 2612 3288; x_wconf 85' lang='lat' dir='ltr'><strong>Quarum</strong></span> <span class='ocrx_word' id='word_1_548' title='bbox 2653 3240 2835 3278; x_wconf 88' lang='lat' dir='ltr'><strong>rerum</strong></span> <span class='ocrx_word' id='word_1_549' title='bbox 2865 3242 2988 3280; x_wconf 89' lang='lat' dir='ltr'><strong>cum</strong></span> <span class='ocrx_word' id='word_1_550' title='bbox 3023 3227 3096 3280; x_wconf 89' lang='lat' dir='ltr'><strong>illi</strong></span> <span class='ocrx_word' id='word_1_551' title='bbox 3126 3231 3282 3298; x_wconf 90' lang='lat' dir='ltr'><strong>c0pia</strong></span> <span class='ocrx_word' id='word_1_552' title='bbox 3321 3246 3430 3285; x_wconf 88' lang='lat' dir='ltr'><strong>non</strong></span> <span class='ocrx_word' id='word_1_553' title='bbox 3482 3233 3576 3286; x_wconf 83' lang='lat' dir='ltr'><strong>tie-</strong></span> 
     </span>
    </p>
   </div>
   <div class='ocr_carea' id='block_1_79' title="bbox 2004 3312 3575 3391">
    <p class='ocr_par' dir='ltr' id='par_1_79' title="bbox 2004 3312 3575 3391">
     <span class='ocr_line' id='line_1_79' title="bbox 2004 3312 3575 3391; baseline 0.007 -27"><span class='ocrx_word' id='word_1_554' title='bbox 2004 3323 2109 3374; x_wconf 81' lang='lat' dir='ltr'><strong>ret,</strong></span> <span class='ocrx_word' id='word_1_555' title='bbox 2143 3312 2453 3368; x_wconf 89' lang='lat' dir='ltr'><strong>mirandum</strong></span> <span class='ocrx_word' id='word_1_556' title='bbox 2485 3315 2539 3368; x_wconf 90' lang='lat' dir='ltr'><strong>in</strong></span> <span class='ocrx_word' id='word_1_557' title='bbox 2570 3317 2792 3370; x_wconf 88' lang='lat' dir='ltr'><strong>modum</strong></span> <span class='ocrx_word' id='word_1_558' title='bbox 2834 3318 3243 3388; x_wconf 77' lang='lat' dir='ltr'><strong>indignabatur.</strong></span> <span class='ocrx_word' id='word_1_559' title='bbox 3275 3321 3575 3391; x_wconf 80' lang='lat' dir='ltr'><strong>Imperator</strong></span> 
     </span>
    </p>
   </div>
   <div class='ocr_carea' id='block_1_80' title="bbox 2005 3402 3575 3477">
    <p class='ocr_par' dir='ltr' id='par_1_80' title="bbox 2005 3402 3575 3477">
     <span class='ocr_line' id='line_1_80' title="bbox 2005 3402 3575 3477; baseline 0.008 -23"><span class='ocrx_word' id='word_1_560' title='bbox 2005 3417 2238 3470; x_wconf 78' lang='lat' dir='ltr'><strong>namque</strong></span> <span class='ocrx_word' id='word_1_561' title='bbox 2285 3402 2338 3456; x_wconf 92' lang='lat' dir='ltr'><strong>in</strong></span> <span class='ocrx_word' id='word_1_562' title='bbox 2377 3404 2643 3474; x_wconf 79' lang='lat' dir='ltr'><strong>sanguine</strong></span> <span class='ocrx_word' id='word_1_563' title='bbox 2671 3407 3176 3477; x_wconf 89' lang='lat' dir='ltr'><strong>conjunctissimos,</strong></span> <span class='ocrx_word' id='word_1_564' title='bbox 3205 3420 3260 3465; x_wconf 90' lang='lat' dir='ltr'><strong>et</strong></span> <span class='ocrx_word' id='word_1_565' title='bbox 3306 3413 3442 3466; x_wconf 88' lang='lat' dir='ltr'><strong>alios</strong></span> <span class='ocrx_word' id='word_1_566' title='bbox 3477 3429 3575 3467; x_wconf 90' lang='lat' dir='ltr'><strong>no-</strong></span> 
     </span>
    </p>
   </div>
   <div class='ocr_carea' id='block_1_81' title="bbox 2003 3490 3576 3570">
    <p class='ocr_par' dir='ltr' id='par_1_81' title="bbox 2003 3490 3576 3570">
     <span class='ocr_line' id='line_1_81' title="bbox 2003 3490 3576 3570; baseline 0.01 -26"><span class='ocrx_word' id='word_1_567' title='bbox 2003 3490 2230 3548; x_wconf 87' lang='lat' dir='ltr'><strong>biliores</strong></span> <span class='ocrx_word' id='word_1_568' title='bbox 2261 3493 2643 3560; x_wconf 82' lang='lat' dir='ltr'><strong>hujuscemodi</strong></span> <span class='ocrx_word' id='word_1_569' title='bbox 2698 3497 2937 3554; x_wconf 89' lang='lat' dir='ltr'><strong>honores</strong></span> <span class='ocrx_word' id='word_1_570' title='bbox 2985 3504 3256 3570; x_wconf 86' lang='lat' dir='ltr'><strong>quadrare</strong></span> <span class='ocrx_word' id='word_1_571' title='bbox 3292 3505 3576 3560; x_wconf 76' lang='lat' dir='ltr'><strong>existinm-</strong></span> 
     </span>
    </p>
   </div>
   <div class='ocr_carea' id='block_1_82' title="bbox 2003 3583 3578 3663">
    <p class='ocr_par' dir='ltr' id='par_1_82' title="bbox 2003 3583 3578 3663">
     <span class='ocr_line' id='line_1_82' title="bbox 2003 3583 3578 3663; baseline 0.009 -25"><span class='ocrx_word' id='word_1_572' title='bbox 2003 3583 2288 3656; x_wconf 48' lang='lat' dir='ltr'><strong>batﬁﬂﬁ,</strong></span> <span class='ocrx_word' id='word_1_573' title='bbox 2312 3583 2448 3639; x_wconf 91' lang='lat' dir='ltr'><strong>Tum</strong></span> <span class='ocrx_word' id='word_1_574' title='bbox 2483 3602 2615 3642; x_wconf 84' lang='lat' dir='ltr'><strong>vero</strong></span> <span class='ocrx_word' id='word_1_575' title='bbox 2647 3589 2769 3644; x_wconf 82' lang='lat' dir='ltr'><strong>aliis</strong></span> <span class='ocrx_word' id='word_1_576' title='bbox 2801 3590 2942 3661; x_wconf 89' lang='lat' dir='ltr'><strong>apud</strong></span> <span class='ocrx_word' id='word_1_577' title='bbox 2976 3591 3450 3663; x_wconf 59' lang='lat' dir='ltr'><strong>Gynaecocastrum</strong></span> <span class='ocrx_word' id='word_1_578' title='bbox 3483 3598 3578 3652; x_wconf 89' lang='lat' dir='ltr'><strong>de-</strong></span> 
     </span>
    </p>
   </div>
   <div class='ocr_carea' id='block_1_83' title="bbox 2005 3676 3579 3761">
    <p class='ocr_par' dir='ltr' id='par_1_83' title="bbox 2005 3676 3579 3761">
     <span class='ocr_line' id='line_1_83' title="bbox 2005 3676 3579 3761; baseline 0.011 -33"><span class='ocrx_word' id='word_1_579' title='bbox 2005 3676 2342 3743; x_wconf 82' lang='lat' dir='ltr'><strong>ﬁcientibus,</strong></span> <span class='ocrx_word' id='word_1_580' title='bbox 2380 3678 2497 3748; x_wconf 90' lang='lat' dir='ltr'><strong>ipse</strong></span> <span class='ocrx_word' id='word_1_581' title='bbox 2529 3681 2695 3735; x_wconf 88' lang='lat' dir='ltr'><strong>etiam</strong></span> <span class='ocrx_word' id='word_1_582' title='bbox 2748 3685 3026 3753; x_wconf 89' lang='lat' dir='ltr'><strong>quomodo</strong></span> <span class='ocrx_word' id='word_1_583' title='bbox 3066 3703 3189 3741; x_wconf 84' lang='lat' dir='ltr'><strong>eum</strong></span> <span class='ocrx_word' id='word_1_584' title='bbox 3222 3689 3417 3743; x_wconf 73' lang='lat' dir='ltr'><strong>iisdem</strong></span> <span class='ocrx_word' id='word_1_585' title='bbox 3477 3692 3579 3761; x_wconf 70' lang='lat' dir='ltr'><strong>By-</strong></span> 
     </span>
    </p>
   </div>
   <div class='ocr_carea' id='block_1_84' title="bbox 1985 3769 3572 3850">
    <p class='ocr_par' dir='ltr' id='par_1_84' title="bbox 1985 3769 3572 3850">
     <span class='ocr_line' id='line_1_84' title="bbox 1985 3769 3572 3850; baseline 0.011 -31"><span class='ocrx_word' id='word_1_586' title='bbox 1985 3769 2243 3850; x_wconf 23' lang='lat' dir='ltr'><strong>‘zantium</strong></span> <span class='ocrx_word' id='word_1_587' title='bbox 2293 3773 2596 3840; x_wconf 78' lang='lat' dir='ltr'><strong>profectus,</strong></span> <span class='ocrx_word' id='word_1_588' title='bbox 2630 3775 2742 3829; x_wconf 90' lang='lat' dir='ltr'><strong>illic</strong></span> <span class='ocrx_word' id='word_1_589' title='bbox 2801 3793 2901 3846; x_wconf 91' lang='lat' dir='ltr'><strong>pro</strong></span> <span class='ocrx_word' id='word_1_590' title='bbox 2931 3778 3197 3848; x_wconf 75' lang='lat' dir='ltr'><strong>dignitate</strong></span> <span class='ocrx_word' id='word_1_591' title='bbox 3254 3783 3572 3843; x_wconf 82' lang='lat' dir='ltr'><strong>haberetur.</strong></span> 
     </span>
    </p>
   </div>
   <div class='ocr_carea' id='block_1_85' title="bbox 2003 3862 3578 3932">
    <p class='ocr_par' dir='ltr' id='par_1_85' title="bbox 2003 3862 3578 3932">
     <span class='ocr_line' id='line_1_85' title="bbox 2003 3862 3578 3932; baseline 0.011 -19"><span class='ocrx_word' id='word_1_592' title='bbox 2003 3862 2507 3932; x_wconf 84' lang='lat' dir='ltr'><strong>circumspiciebat.</strong></span> <span class='ocrx_word' id='word_1_593' title='bbox 2544 3867 2937 3922; x_wconf 84' lang='lat' dir='ltr'><strong>Verumtamen</strong></span> <span class='ocrx_word' id='word_1_594' title='bbox 2973 3871 3240 3928; x_wconf 66' lang='lat' dir='ltr'><strong>adversus</strong></span> <span class='ocrx_word' id='word_1_595' title='bbox 3299 3884 3376 3927; x_wconf 93' lang='lat' dir='ltr'><strong>tot</strong></span> <span class='ocrx_word' id='word_1_596' title='bbox 3411 3876 3578 3930; x_wconf 87' lang='lat' dir='ltr'><strong>bene-</strong></span> 
     </span>
    </p>
   </div>
   <div class='ocr_carea' id='block_1_86' title="bbox 2005 3951 3572 4022">
    <p class='ocr_par' dir='ltr' id='par_1_86' title="bbox 2005 3951 3572 4022">
     <span class='ocr_line' id='line_1_86' title="bbox 2005 3951 3572 4022; baseline 0.01 -18"><span class='ocrx_word' id='word_1_597' title='bbox 2005 3951 2124 4006; x_wconf 80' lang='lat' dir='ltr'><strong>ﬁcia</strong></span> <span class='ocrx_word' id='word_1_598' title='bbox 2159 3953 2406 4022; x_wconf 78' lang='lat' dir='ltr'><strong>ingratus</strong></span> <span class='ocrx_word' id='word_1_599' title='bbox 2435 3955 2605 4008; x_wconf 81' lang='lat' dir='ltr'><strong>videri</strong></span> <span class='ocrx_word' id='word_1_600' title='bbox 2639 3958 2996 4022; x_wconf 87' lang='lat' dir='ltr'><strong>erubescens,</strong></span> <span class='ocrx_word' id='word_1_601' title='bbox 3025 3961 3388 4017; x_wconf 81' lang='lat' dir='ltr'><strong>defectionem</strong></span> <span class='ocrx_word' id='word_1_602' title='bbox 3418 3981 3572 4019; x_wconf 81' lang='lat' dir='ltr'><strong>suam</strong></span> 
     </span>
    </p>
   </div>
   <div class='ocr_carea' id='block_1_87' title="bbox 2004 4040 3574 4119">
    <p class='ocr_par' dir='ltr' id='par_1_87' title="bbox 2004 4040 3574 4119">
     <span class='ocr_line' id='line_1_87' title="bbox 2004 4040 3574 4119; baseline 0.01 -26"><span class='ocrx_word' id='word_1_603' title='bbox 2004 4040 2284 4094; x_wconf 90' lang='lat' dir='ltr'><strong>occultare</strong></span> <span class='ocrx_word' id='word_1_604' title='bbox 2332 4042 2656 4095; x_wconf 87' lang='lat' dir='ltr'><strong>conabatur.</strong></span> <span class='ocrx_word' id='word_1_605' title='bbox 2705 4043 2842 4098; x_wconf 91' lang='lat' dir='ltr'><strong>Cum</strong></span> <span class='ocrx_word' id='word_1_606' title='bbox 2895 4047 3039 4101; x_wconf 89' lang='lat' dir='ltr'><strong>enim</strong></span> <span class='ocrx_word' id='word_1_607' title='bbox 3093 4047 3574 4119; x_wconf 77' lang='lat' dir='ltr'><strong>Gynaecocastrum</strong></span> 
     </span>
    </p>
   </div>
   <div class='ocr_carea' id='block_1_88' title="bbox 2004 4132 3580 4215">
    <p class='ocr_par' dir='ltr' id='par_1_88' title="bbox 2004 4132 3580 4215">
     <span class='ocr_line' id='line_1_88' title="bbox 2004 4132 3580 4215; baseline 0.011 -32"><span class='ocrx_word' id='word_1_608' title='bbox 2004 4132 2280 4197; x_wconf 88' lang='lat' dir='ltr'><strong>venisset,</strong></span> <span class='ocrx_word' id='word_1_609' title='bbox 2333 4148 2505 4202; x_wconf 89' lang='lat' dir='ltr'><strong>usque</strong></span> <span class='ocrx_word' id='word_1_610' title='bbox 2556 4134 2684 4188; x_wconf 91' lang='lat' dir='ltr'><strong>dum</strong></span> <span class='ocrx_word' id='word_1_611' title='bbox 2725 4137 3024 4206; x_wconf 89' lang='lat' dir='ltr'><strong>imperator</strong></span> <span class='ocrx_word' id='word_1_612' title='bbox 3060 4141 3345 4197; x_wconf 80' lang='lat' dir='ltr'><strong>recederet</strong></span> <span class='ocrx_word' id='word_1_613' title='bbox 3386 4160 3580 4215; x_wconf 76' lang='lat' dir='ltr'><strong>exspe-</strong></span> 
     </span>
    </p>
   </div>
   <div class='ocr_carea' id='block_1_89' title="bbox 2006 4224 3578 4298">
    <p class='ocr_par' dir='ltr' id='par_1_89' title="bbox 2006 4224 3578 4298">
     <span class='ocr_line' id='line_1_89' title="bbox 2006 4224 3578 4298; baseline 0.01 -21"><span class='ocrx_word' id='word_1_614' title='bbox 2006 4224 2218 4287; x_wconf 89' lang='lat' dir='ltr'><strong>ctabat,</strong></span> <span class='ocrx_word' id='word_1_615' title='bbox 2251 4234 2312 4279; x_wconf 90' lang='lat' dir='ltr'><strong>ut</strong></span> <span class='ocrx_word' id='word_1_616' title='bbox 2340 4226 2567 4280; x_wconf 90' lang='lat' dir='ltr'><strong>honesta</strong></span> <span class='ocrx_word' id='word_1_617' title='bbox 2602 4236 2746 4281; x_wconf 86' lang='lat' dir='ltr'><strong>esset</strong></span> <span class='ocrx_word' id='word_1_618' title='bbox 2779 4239 2968 4298; x_wconf 89' lang='lat' dir='ltr'><strong>postea</strong></span> <span class='ocrx_word' id='word_1_619' title='bbox 3001 4242 3192 4286; x_wconf 91' lang='lat' dir='ltr'><strong>contra</strong></span> <span class='ocrx_word' id='word_1_620' title='bbox 3221 4247 3578 4294; x_wconf 84' lang='lat' dir='ltr'><strong>accusatores</strong></span> 
     </span>
    </p>
   </div>
   <div class='ocr_carea' id='block_1_90' title="bbox 2009 4314 3576 4394">
    <p class='ocr_par' dir='ltr' id='par_1_90' title="bbox 2009 4314 3576 4394">
     <span class='ocr_line' id='line_1_90' title="bbox 2009 4314 3576 4394; baseline 0.009 -25"><span class='ocrx_word' id='word_1_621' title='bbox 2009 4314 2278 4383; x_wconf 77' lang='lat' dir='ltr'><strong>defensio,</strong></span> <span class='ocrx_word' id='word_1_622' title='bbox 2308 4318 2455 4388; x_wconf 84' lang='lat' dir='ltr'><strong>quod</strong></span> <span class='ocrx_word' id='word_1_623' title='bbox 2507 4320 2712 4390; x_wconf 79' lang='lat' dir='ltr'><strong>negotii</strong></span> <span class='ocrx_word' id='word_1_624' title='bbox 2756 4322 3040 4391; x_wconf 88' lang='lat' dir='ltr'><strong>cujusdam</strong></span> <span class='ocrx_word' id='word_1_625' title='bbox 3093 4325 3266 4394; x_wconf 71' lang='lat' dir='ltr'><strong>gratia</strong></span> <span class='ocrx_word' id='word_1_626' title='bbox 3325 4328 3576 4388; x_wconf 67' lang='lat' dir='ltr'><strong>relittus.</strong></span> 
     </span>
    </p>
   </div>
   <div class='ocr_carea' id='block_1_91' title="bbox 2009 4409 3576 4481">
    <p class='ocr_par' dir='ltr' id='par_1_91' title="bbox 2009 4409 3576 4481">
     <span class='ocr_line' id='line_1_91' title="bbox 2009 4409 3576 4481; baseline 0.01 -20"><span class='ocrx_word' id='word_1_627' title='bbox 2009 4409 2340 4478; x_wconf 87' lang='lat' dir='ltr'><strong>imperatore</strong></span> <span class='ocrx_word' id='word_1_628' title='bbox 2365 4409 2633 4481; x_wconf 84' lang='lat' dir='ltr'><strong>digresso,</strong></span> <span class='ocrx_word' id='word_1_629' title='bbox 2667 4413 2983 4467; x_wconf 82' lang='lat' dir='ltr'><strong>necessario</strong></span> <span class='ocrx_word' id='word_1_630' title='bbox 3013 4429 3139 4468; x_wconf 83' lang='lat' dir='ltr'><strong>cum</strong></span> <span class='ocrx_word' id='word_1_631' title='bbox 3167 4417 3290 4472; x_wconf 84' lang='lat' dir='ltr'><strong>aliis</strong></span> <span class='ocrx_word' id='word_1_632' title='bbox 3329 4421 3576 4476; x_wconf 84' lang='lat' dir='ltr'><strong>abiisset.</strong></span> 
     </span>
    </p>
   </div>
   <div class='ocr_carea' id='block_1_92' title="bbox 324 4499 1893 4581">
    <p class='ocr_par' dir='ltr' id='par_1_92' title="bbox 324 4503 1893 4581">
     <span class='ocr_line' id='line_1_92' title="bbox 324 4503 1893 4581; baseline -0.009 -14"><span class='ocrx_word' id='word_1_633' title='bbox 324 4513 673 4581; x_wconf 75' lang='grc' dir='ltr'>τευξόμενος.</span> <span class='ocrx_word' id='word_1_634' title='bbox 712 4509 1110 4579; x_wconf 79' lang='grc' dir='ltr'>Δίσχυνόμενος</span> <span class='ocrx_word' id='word_1_635' title='bbox 1151 4505 1208 4558; x_wconf 78' lang='grc' dir='ltr'>δὲ</span> <span class='ocrx_word' id='word_1_636' title='bbox 1235 4505 1328 4556; x_wconf 73' lang='grc' dir='ltr'>ἐπὶ</span> <span class='ocrx_word' id='word_1_637' title='bbox 1359 4503 1635 4566; x_wconf 84' lang='grc' dir='ltr'>τοσούτοις</span> <span class='ocrx_word' id='word_1_638' title='bbox 1683 4503 1893 4570; x_wconf 71' lang='grc' dir='ltr'>ἀγαθοῖς</span> 
     </span>
    </p>
   </div>
   <div class='ocr_carea' id='block_1_93' title="bbox 1993 4499 3580 4581">
    <p class='ocr_par' dir='ltr' id='par_1_93' title="bbox 2009 4499 3580 4575">
     <span class='ocr_line' id='line_1_93' title="bbox 2009 4499 3580 4575; baseline 0.008 -20"><span class='ocrx_word' id='word_1_639' title='bbox 2009 4499 2181 4571; x_wconf 87' lang='lat' dir='ltr'><strong>Cujus</strong></span> <span class='ocrx_word' id='word_1_640' title='bbox 2213 4502 2447 4570; x_wconf 79' lang='lat' dir='ltr'><strong>cogitata</strong></span> <span class='ocrx_word' id='word_1_641' title='bbox 2481 4504 2788 4575; x_wconf 88' lang='lat' dir='ltr'><strong>conjiciens</strong></span> <span class='ocrx_word' id='word_1_642' title='bbox 2821 4504 3140 4574; x_wconf 90' lang='lat' dir='ltr'><strong>imperator,</strong></span> <span class='ocrx_word' id='word_1_643' title='bbox 3171 4509 3296 4564; x_wconf 89' lang='lat' dir='ltr'><strong>inde</strong></span> <span class='ocrx_word' id='word_1_644' title='bbox 3341 4528 3448 4565; x_wconf 91' lang='lat' dir='ltr'><strong>non</strong></span> <span class='ocrx_word' id='word_1_645' title='bbox 3494 4530 3580 4566; x_wconf 85' lang='lat' dir='ltr'><strong>re-</strong></span> 
     </span>
    </p>
   </div>
   <div class='ocr_carea' id='block_1_94' title="bbox 327 4592 1893 4674">
    <p class='ocr_par' dir='ltr' id='par_1_94' title="bbox 327 4594 1893 4674">
     <span class='ocr_line' id='line_1_94' title="bbox 327 4594 1893 4674; baseline -0.011 -14"><span class='ocrx_word' id='word_1_646' title='bbox 327 4603 604 4674; x_wconf 77' lang='grc' dir='ltr'>ἀγνώμων</span> <span class='ocrx_word' id='word_1_647' title='bbox 652 4600 956 4668; x_wconf 82' lang='grc' dir='ltr'>φαίνεσθαι,</span> <span class='ocrx_word' id='word_1_648' title='bbox 991 4598 1242 4652; x_wconf 87' lang='grc' dir='ltr'>κλέπτειν</span> <span class='ocrx_word' id='word_1_649' title='bbox 1274 4597 1371 4666; x_wconf 79' lang='grc' dir='ltr'>τὴν</span> <span class='ocrx_word' id='word_1_650' title='bbox 1407 4594 1746 4648; x_wconf 89' lang='grc' dir='ltr'>ἀποστασίαν</span> <span class='ocrx_word' id='word_1_651' title='bbox 1776 4594 1893 4644; x_wconf 79' lang='grc' dir='ltr'>ἐπε-</span> 
     </span>
    </p>
   </div>
   <div class='ocr_carea' id='block_1_95' title="bbox 1993 4592 3580 4674">
    <p class='ocr_par' dir='ltr' id='par_1_95' title="bbox 2014 4592 3580 4660">
     <span class='ocr_line' id='line_1_95' title="bbox 2014 4592 3580 4660; baseline 0.009 -16"><span class='ocrx_word' id='word_1_652' title='bbox 2014 4592 2200 4657; x_wconf 70' lang='lat' dir='ltr'><strong>eeSs-it,</strong></span> <span class='ocrx_word' id='word_1_653' title='bbox 2232 4593 2327 4646; x_wconf 87' lang='lat' dir='ltr'><strong>sed</strong></span> <span class='ocrx_word' id='word_1_654' title='bbox 2379 4611 2502 4648; x_wconf 82' lang='lat' dir='ltr'><strong>eum</strong></span> <span class='ocrx_word' id='word_1_655' title='bbox 2555 4595 2869 4660; x_wconf 88' lang='lat' dir='ltr'><strong>accersivit,</strong></span> <span class='ocrx_word' id='word_1_656' title='bbox 2921 4595 3096 4652; x_wconf 89' lang='lat' dir='ltr'><strong>donec</strong></span> <span class='ocrx_word' id='word_1_657' title='bbox 3137 4600 3428 4656; x_wconf 75' lang='lat' dir='ltr'><strong>manifeste</strong></span> <span class='ocrx_word' id='word_1_658' title='bbox 3481 4607 3580 4657; x_wconf 66' lang='lat' dir='ltr'><strong>ab«</strong></span> 
     </span>
    </p>
   </div>
   <div class='ocr_carea' id='block_1_96' title="bbox 327 4682 2604 4770">
    <p class='ocr_par' dir='ltr' id='par_1_96' title="bbox 327 4682 2604 4770">
     <span class='ocr_line' id='line_1_96' title="bbox 327 4682 2604 4770; baseline -0.008 -21"><span class='ocrx_word' id='word_1_659' title='bbox 327 4698 524 4770; x_wconf 85' lang='grc' dir='ltr'>χείρει.</span> <span class='ocrx_word' id='word_1_660' title='bbox 553 4693 822 4746; x_wconf 75' lang='grc' dir='ltr'>Εἰσελθὼν</span> <span class='ocrx_word' id='word_1_661' title='bbox 855 4693 962 4762; x_wconf 79' lang='grc' dir='ltr'><strong>γὰρ</strong></span> <span class='ocrx_word' id='word_1_662' title='bbox 991 4692 1070 4752; x_wconf 84' lang='grc' dir='ltr'><strong>είς</strong></span> <span class='ocrx_word' id='word_1_663' title='bbox 1106 4688 1601 4757; x_wconf 85' lang='grc' dir='ltr'>Γυναικόκαστρον,</span> <span class='ocrx_word' id='word_1_664' title='bbox 1631 4685 1729 4757; x_wconf 84' lang='grc' dir='ltr'>τὴν</span> <span class='ocrx_word' id='word_1_665' title='bbox 1754 4687 1902 4739; x_wconf 78' lang='grc' dir='ltr'>ἐκεῖο</span> <span class='ocrx_word' id='word_1_666' title='bbox 2017 4682 2160 4735; x_wconf 86' lang='lat' dir='ltr'><strong>ttuit.</strong></span> <span class='ocrx_word' id='word_1_667' title='bbox 2579 4691 2604 4718; x_wconf 78' lang='grc' dir='ltr'><strong><em>ο</em></strong></span> 
     </span>
    </p>
   </div>
   <div class='ocr_carea' id='block_1_97' title="bbox 329 4777 3584 4858">
    <p class='ocr_par' dir='ltr' id='par_1_97' title="bbox 329 4777 3584 4858">
     <span class='ocr_line' id='line_1_97' title="bbox 329 4777 3584 4858; baseline -0.007 -18"><span class='ocrx_word' id='word_1_668' title='bbox 329 4791 426 4842; x_wconf 89' lang='grc' dir='ltr'>οεν</span> <span class='ocrx_word' id='word_1_669' title='bbox 459 4785 804 4856; x_wconf 84' lang='grc' dir='ltr'>ἀναχώρησιν</span> <span class='ocrx_word' id='word_1_670' title='bbox 839 4782 1104 4853; x_wconf 82' lang='grc' dir='ltr'>βασιλέως</span> <span class='ocrx_word' id='word_1_671' title='bbox 1141 4781 1486 4850; x_wconf 83' lang='grc' dir='ltr'>περιέμενεν,</span> <span class='ocrx_word' id='word_1_672' title='bbox 1521 4777 1588 4831; x_wconf 70' lang='grc' dir='ltr'><strong>ἵν’</strong></span> <span class='ocrx_word' id='word_1_673' title='bbox 1619 4779 1980 4849; x_wconf 82' lang='grc' dir='ltr'>εὐπρόσωπος</span> <span class='ocrx_word' id='word_1_674' title='bbox 2039 4777 2136 4844; x_wconf 79' lang='grc' dir='ltr'>εἴη’</span> <span class='ocrx_word' id='word_1_675' title='bbox 2183 4777 2319 4846; x_wconf 76' lang='grc' dir='ltr'>πρὸς</span> <span class='ocrx_word' id='word_1_676' title='bbox 2386 4779 2508 4842; x_wconf 72' lang='grc' dir='ltr'>τοὺς</span> <span class='ocrx_word' id='word_1_677' title='bbox 2572 4785 3016 4854; x_wconf 79' lang='grc' dir='ltr'>κατηγοροῦντας</span> <span class='ocrx_word' id='word_1_678' title='bbox 3065 4787 3291 4858; x_wconf 84' lang='grc' dir='ltr'>ὕστερον</span> <span class='ocrx_word' id='word_1_679' title='bbox 3317 4789 3584 4856; x_wconf 64' lang='grc' dir='ltr'>ἀπολογία</span> 
     </span>
    </p>
   </div>
   <div class='ocr_carea' id='block_1_98' title="bbox 328 4871 3583 4951">
    <p class='ocr_par' dir='ltr' id='par_1_98' title="bbox 328 4871 3583 4951">
     <span class='ocr_line' id='line_1_98' title="bbox 328 4871 3583 4951; baseline 0 -17"><span class='ocrx_word' id='word_1_680' title='bbox 328 4882 410 4944; x_wconf 80' lang='grc' dir='ltr'>ὡς</span> <span class='ocrx_word' id='word_1_681' title='bbox 456 4881 648 4951; x_wconf 83' lang='grc' dir='ltr'>χρείας</span> <span class='ocrx_word' id='word_1_682' title='bbox 676 4878 819 4939; x_wconf 85' lang='grc' dir='ltr'>τινὸς</span> <span class='ocrx_word' id='word_1_683' title='bbox 859 4877 1025 4930; x_wconf 72' lang='grc' dir='ltr'>ἕνεκα</span> <span class='ocrx_word' id='word_1_684' title='bbox 1053 4873 1399 4941; x_wconf 74' lang='grc' dir='ltr'>ὑπολειφθεὶς</span> <span class='ocrx_word' id='word_1_685' title='bbox 1449 4873 1667 4942; x_wconf 78' lang='grc' dir='ltr'>ἀνάγκῃ</span> <span class='ocrx_word' id='word_1_686' title='bbox 1733 4877 1848 4936; x_wconf 78' lang='grc' dir='ltr'>τοῖς</span> <span class='ocrx_word' id='word_1_687' title='bbox 1915 4873 2097 4936; x_wconf 86' lang='grc' dir='ltr'>ἀλλοις</span> <span class='ocrx_word' id='word_1_688' title='bbox 2150 4871 2476 4925; x_wconf 86' lang='grc' dir='ltr'>συναπέλοοι</span> <span class='ocrx_word' id='word_1_689' title='bbox 2531 4875 2795 4945; x_wconf 81' lang='grc' dir='ltr'>βασιλέως</span> <span class='ocrx_word' id='word_1_690' title='bbox 2849 4880 3342 4950; x_wconf 84' lang='grc' dir='ltr'>ἀναχωρήσαντος⁸</span> <span class='ocrx_word' id='word_1_691' title='bbox 3397 4874 3456 4934; x_wconf 76' lang='grc' dir='ltr'>οὗ</span> <span class='ocrx_word' id='word_1_692' title='bbox 3488 4883 3583 4951; x_wconf 78' lang='grc' dir='ltr'>τῆς</span> 
     </span>
    </p>
   </div>
   <div class='ocr_carea' id='block_1_99' title="bbox 329 4967 3582 5045">
    <p class='ocr_par' dir='ltr' id='par_1_99' title="bbox 329 4967 3582 5045">
     <span class='ocr_line' id='line_1_99' title="bbox 329 4967 3582 5045; baseline -0.001 -17"><span class='ocrx_word' id='word_1_693' title='bbox 329 4975 571 5037; x_wconf 84' lang='grc' dir='ltr'>διανοίας</span> <span class='ocrx_word' id='word_1_694' title='bbox 605 4973 1009 5042; x_wconf 84' lang='grc' dir='ltr'>στοχασάμενος</span> <span class='ocrx_word' id='word_1_695' title='bbox 1049 4971 1077 5023; x_wconf 85' lang='grc' dir='ltr'>ὁ</span> <span class='ocrx_word' id='word_1_696' title='bbox 1142 4967 1416 5038; x_wconf 79' lang='grc' dir='ltr'>βασιλεὺς,</span> <span class='ocrx_word' id='word_1_697' title='bbox 1469 4967 1569 5018; x_wconf 83' lang='grc' dir='ltr'><strong>οὐκ</strong></span> <span class='ocrx_word' id='word_1_698' title='bbox 1612 4967 1958 5038; x_wconf 84' lang='grc' dir='ltr'>ἀνεχώρησεν</span> <span class='ocrx_word' id='word_1_699' title='bbox 1995 4967 2229 5031; x_wconf 80' lang='grc' dir='ltr'>ἐκεῖθεν,</span> <span class='ocrx_word' id='word_1_700' title='bbox 2276 4967 2414 5022; x_wconf 87' lang='grc' dir='ltr'><strong>ἀλλά</strong></span> <span class='ocrx_word' id='word_1_701' title='bbox 2467 4971 2820 5039; x_wconf 84' lang='grc' dir='ltr'>μετεκαλεῖτο</span> <span class='ocrx_word' id='word_1_702' title='bbox 2855 4973 3112 5044; x_wconf 74' lang='grc' dir='ltr'>πέμπων,</span> <span class='ocrx_word' id='word_1_703' title='bbox 3137 4973 3294 5045; x_wconf 79' lang='grc' dir='ltr'>ἄχρις</span> <span class='ocrx_word' id='word_1_704' title='bbox 3321 4967 3380 5027; x_wconf 71' lang='grc' dir='ltr'>οὗ</span> <span class='ocrx_word' id='word_1_705' title='bbox 3420 4992 3582 5042; x_wconf 83' lang='grc' dir='ltr'>φανε-</span> 
     </span>
    </p>
   </div>
   <div class='ocr_carea' id='block_1_100' title="bbox 333 5070 775 5144">
    <p class='ocr_par' dir='ltr' id='par_1_100' title="bbox 333 5070 775 5144">
     <span class='ocr_line' id='line_1_100' title="bbox 333 5070 775 5144; baseline -0.009 -18"><span class='ocrx_word' id='word_1_706' title='bbox 333 5071 448 5144; x_wconf 83' lang='grc' dir='ltr'><strong>ρῶς</strong></span> <span class='ocrx_word' id='word_1_707' title='bbox 482 5070 775 5125; x_wconf 86' lang='grc' dir='ltr'>ἀπείπατο.</span> 
     </span>
    </p>
   </div>
   <div class='ocr_carea' id='block_1_101' title="bbox 1761 5155 2168 5212">
    <p class='ocr_par' dir='ltr' id='par_1_101' title="bbox 1761 5155 2168 5212">
     <span class='ocr_line' id='line_1_101' title="bbox 1761 5155 2168 5212; baseline 0 -1"><span class='ocrx_word' id='word_1_708' title='bbox 1761 5155 1988 5212; x_wconf 83' lang='lat' dir='ltr'><strong>CAPUT</strong></span> <span class='ocrx_word' id='word_1_709' title='bbox 2033 5155 2168 5211; x_wconf 74' lang='lat' dir='ltr'><strong>XLI.</strong></span> 
     </span>
    </p>
   </div>
   <div class='ocr_carea' id='block_1_102' title="bbox 333 5251 3666 5328">
    <p class='ocr_par' dir='ltr' id='par_1_102' title="bbox 333 5251 3666 5328">
     <span class='ocr_line' id='line_1_102' title="bbox 333 5251 3666 5328; baseline -0.001 -17"><span class='ocrx_word' id='word_1_710' title='bbox 333 5255 664 5326; x_wconf 78' lang='lat' dir='ltr'><strong>Objnrgatur</strong></span> <span class='ocrx_word' id='word_1_711' title='bbox 710 5263 1083 5328; x_wconf 60' lang='lat' dir='ltr'><strong>protgurqtor.</strong></span> <span class='ocrx_word' id='word_1_712' title='bbox 1135 5253 1466 5328; x_wconf 79' lang='lat' dir='ltr'><strong>Andronicus</strong></span> <span class='ocrx_word' id='word_1_713' title='bbox 1514 5254 1718 5306; x_wconf 76' lang='lat' dir='ltr'><strong>Asmtes</strong></span> <span class='ocrx_word' id='word_1_714' title='bbox 1765 5269 1895 5328; x_wconf 70' lang='lat' dir='ltr'><strong>puer</strong></span> <span class='ocrx_word' id='word_1_715' title='bbox 1942 5253 2457 5328; x_wconf 60' lang='lat' dir='ltr'><strong>cicomnzendatur.</strong></span> <span class='ocrx_word' id='word_1_716' title='bbox 2527 5251 2945 5328; x_wconf 67' lang='lat' dir='ltr'><strong>Magnanimitas</strong></span> <span class='ocrx_word' id='word_1_717' title='bbox 2993 5257 3327 5328; x_wconf 77' lang='lat' dir='ltr'><strong>imperatoris</strong></span> <span class='ocrx_word' id='word_1_718' title='bbox 3379 5257 3588 5328; x_wconf 74' lang='lat' dir='ltr'><strong>et_rjus</strong></span> <span class='ocrx_word' id='word_1_719' title='bbox 3655 5305 3666 5322; x_wconf 59' lang='grc'><strong><em>,</em></strong></span> 
     </span>
    </p>
   </div>
   <div class='ocr_carea' id='block_1_103' title="bbox 407 5321 3589 5394">
    <p class='ocr_par' dir='ltr' id='par_1_103' title="bbox 407 5321 3589 5394">
     <span class='ocr_line' id='line_1_103' title="bbox 407 5321 3589 5394; baseline -0.001 -15"><span class='ocrx_word' id='word_1_720' title='bbox 407 5321 602 5387; x_wconf 70' lang='grc' dir='ltr'>ὸταὶἑο,</span> <span class='ocrx_word' id='word_1_721' title='bbox 636 5321 742 5394; x_wconf 66' lang='lat' dir='ltr'><strong>quo</strong></span> <span class='ocrx_word' id='word_1_722' title='bbox 770 5324 1080 5394; x_wconf 68' lang='lat' dir='ltr'><strong>di/ﬁcultate</strong></span> <span class='ocrx_word' id='word_1_723' title='bbox 1114 5339 1292 5394; x_wconf 78' lang='lat' dir='ltr'><strong>rerum</strong></span> <span class='ocrx_word' id='word_1_724' title='bbox 1327 5326 1710 5383; x_wconf 74' lang='lat' dir='ltr'><strong>demonstrata,</strong></span> <span class='ocrx_word' id='word_1_725' title='bbox 1746 5321 2112 5394; x_wconf 42' lang='lat' dir='ltr'><strong>patefieri-imis</strong></span> <span class='ocrx_word' id='word_1_726' title='bbox 2144 5329 2469 5391; x_wconf 79' lang='lat' dir='ltr'><strong>argumentis</strong></span> <span class='ocrx_word' id='word_1_727' title='bbox 2503 5321 2654 5392; x_wconf 78' lang='lat' dir='ltr'><strong>erigit</strong></span> <span class='ocrx_word' id='word_1_728' title='bbox 2687 5327 2889 5378; x_wconf 82' lang='lat' dir='ltr'><strong>animos</strong></span> <span class='ocrx_word' id='word_1_729' title='bbox 2922 5321 3143 5380; x_wconf 68' lang='lat' dir='ltr'><strong>militum</strong></span> <span class='ocrx_word' id='word_1_730' title='bbox 3171 5337 3217 5378; x_wconf 81' lang='grc' dir='ltr'><strong>ρι</strong></span> <span class='ocrx_word' id='word_1_731' title='bbox 3247 5321 3589 5394; x_wconf 40' lang='lat' dir='ltr'><strong>exemplis—ml</strong></span> 
     </span>
    </p>
   </div>
   <div class='ocr_carea' id='block_1_104' title="bbox 410 5391 3586 5462">
    <p class='ocr_par' dir='ltr' id='par_1_104' title="bbox 410 5391 3586 5462">
     <span class='ocr_line' id='line_1_104' title="bbox 410 5391 3586 5462; baseline -0.001 -13"><span class='ocrx_word' id='word_1_732' title='bbox 410 5391 978 5460; x_wconf 71' lang='lat' dir='ltr'><strong>virtutemconﬁrmat.</strong></span> <span class='ocrx_word' id='word_1_733' title='bbox 1014 5393 1208 5447; x_wconf 81' lang='lat' dir='ltr'><strong>Suadet</strong></span> <span class='ocrx_word' id='word_1_734' title='bbox 1239 5393 1364 5446; x_wconf 83' lang='lat' dir='ltr'><strong>item</strong></span> <span class='ocrx_word' id='word_1_735' title='bbox 1391 5395 1476 5461; x_wconf 85' lang='lat' dir='ltr'><strong>lad</strong></span> <span class='ocrx_word' id='word_1_736' title='bbox 1527 5394 1818 5461; x_wconf 76' lang='lat' dir='ltr'><strong>principem</strong></span> <span class='ocrx_word' id='word_1_737' title='bbox 1872 5391 2227 5462; x_wconf 71' lang='lat' dir='ltr'><strong>Triballorum</strong></span> <span class='ocrx_word' id='word_1_738' title='bbox 2283 5397 2535 5452; x_wconf 78' lang='lat' dir='ltr'><strong>eundum,</strong></span> <span class='ocrx_word' id='word_1_739' title='bbox 2585 5391 2812 5461; x_wconf 78' lang='lat' dir='ltr'><strong>indeque</strong></span> <span class='ocrx_word' id='word_1_740' title='bbox 2865 5406 2918 5446; x_wconf 79' lang='lat' dir='ltr'><strong>ut</strong></span> <span class='ocrx_word' id='word_1_741' title='bbox 2953 5399 3040 5449; x_wconf 79' lang='lat' dir='ltr'><strong>‘ab</strong></span> <span class='ocrx_word' id='word_1_742' title='bbox 3088 5400 3258 5450; x_wconf 82' lang='lat' dir='ltr'><strong>amico</strong></span> <span class='ocrx_word' id='word_1_743' title='bbox 3310 5391 3586 5462; x_wconf 63' lang='lat' dir='ltr'><strong>petendum</strong></span> 
     </span>
    </p>
   </div>
   <div class='ocr_carea' id='block_1_105' title="bbox 409 5461 3605 5534">
    <p class='ocr_par' dir='ltr' id='par_1_105' title="bbox 409 5461 3605 5534">
     <span class='ocr_line' id='line_1_105' title="bbox 409 5461 3605 5534; baseline 0 -18"><span class='ocrx_word' id='word_1_744' title='bbox 409 5467 714 5518; x_wconf 63' lang='lat' dir='ltr'><strong>«Milium.</strong></span> <span class='ocrx_word' id='word_1_745' title='bbox 746 5466 1039 5534; x_wconf 76' lang='lat' dir='ltr'><strong>Assentitur</strong></span> <span class='ocrx_word' id='word_1_746' title='bbox 1089 5463 1346 5516; x_wconf 72' lang='lat' dir='ltr'><strong>exercitus</strong></span> <span class='ocrx_word' id='word_1_747' title='bbox 1402 5480 1520 5516; x_wconf 87' lang='lat' dir='ltr'><strong>cum</strong></span> <span class='ocrx_word' id='word_1_748' title='bbox 1575 5463 1811 5519; x_wconf 76' lang='lat' dir='ltr'><strong>ducibus.</strong></span> <span class='ocrx_word' id='word_1_749' title='bbox 1885 5461 2030 5534; x_wconf 59' lang='lat' dir='ltr'><strong>Doto</strong></span> <span class='ocrx_word' id='word_1_750' title='bbox 2081 5465 2234 5534; x_wconf 7' lang='lat' dir='ltr'><strong>signa,</strong></span> <span class='ocrx_word' id='word_1_751' title='bbox 2269 5464 2562 5516; x_wconf 79' lang='lat' dir='ltr'><strong>discedunt.</strong></span> <span class='ocrx_word' id='word_1_752' title='bbox 2610 5465 2950 5534; x_wconf 75' lang='lat' dir='ltr'><strong>Apocauclms</strong></span> <span class='ocrx_word' id='word_1_753' title='bbox 3011 5469 3218 5534; x_wconf 78' lang='lat' dir='ltr'><strong>magnis</strong></span> <span class='ocrx_word' id='word_1_754' title='bbox 3277 5461 3440 5533; x_wconf 69' lang='lat' dir='ltr'><strong>copiis</strong></span> <span class='ocrx_word' id='word_1_755' title='bbox 3504 5481 3605 5518; x_wconf 67' lang='lat' dir='ltr'><strong>eos-</strong></span> 
     </span>
    </p>
   </div>
   <div class='ocr_carea' id='block_1_106' title="bbox 410 5531 3588 5603">
    <p class='ocr_par' dir='ltr' id='par_1_106' title="bbox 410 5531 3588 5603">
     <span class='ocr_line' id='line_1_106' title="bbox 410 5531 3588 5603; baseline 0.001 -18"><span class='ocrx_word' id='word_1_756' title='bbox 410 5536 726 5603; x_wconf 80' lang='lat' dir='ltr'><strong>insequitur,</strong></span> <span class='ocrx_word' id='word_1_757' title='bbox 788 5533 939 5586; x_wconf 85' lang='lat' dir='ltr'><strong>nulla</strong></span> <span class='ocrx_word' id='word_1_758' title='bbox 988 5549 1199 5602; x_wconf 82' lang='lat' dir='ltr'><strong>pugna,</strong></span> <span class='ocrx_word' id='word_1_759' title='bbox 1253 5543 1470 5602; x_wconf 82' lang='lat' dir='ltr'><strong>propter</strong></span> <span class='ocrx_word' id='word_1_760' title='bbox 1554 5534 1798 5586; x_wconf 84' lang='lat' dir='ltr'><strong>timorem</strong></span> <span class='ocrx_word' id='word_1_761' title='bbox 1876 5531 2138 5584; x_wconf 73' lang='lat' dir='ltr'><strong>videlicet.</strong></span> <span class='ocrx_word' id='word_1_762' title='bbox 2201 5533 2472 5596; x_wconf 78' lang='lat' dir='ltr'><strong>Quomodo</strong></span> <span class='ocrx_word' id='word_1_763' title='bbox 2535 5533 2810 5586; x_wconf 76' lang='lat' dir='ltr'><strong>redeuntes</strong></span> <span class='ocrx_word' id='word_1_764' title='bbox 2877 5531 3212 5603; x_wconf 79' lang='lat' dir='ltr'><strong>imperatoris</strong></span> <span class='ocrx_word' id='word_1_765' title='bbox 3283 5531 3588 5603; x_wconf 59' lang='lat' dir='ltr'><strong>transgugas</strong></span> 
     </span>
    </p>
   </div>
   <div class='ocr_carea' id='block_1_107' title="bbox 411 5616 693 5672">
    <p class='ocr_par' dir='ltr' id='par_1_107' title="bbox 411 5616 693 5672">
     <span class='ocr_line' id='line_1_107' title="bbox 411 5616 693 5672; baseline 0 -16"><span class='ocrx_word' id='word_1_766' title='bbox 411 5616 668 5672; x_wconf 69' lang='lat' dir='ltr'><strong>exceperit</strong></span> <span class='ocrx_word' id='word_1_767' title='bbox 678 5642 693 5656; x_wconf 94' lang='lat'><strong>.</strong></span> 
     </span>
    </p>
   </div>
   <div class='ocr_carea' id='block_1_108' title="bbox 421 5684 1893 5764">
    <p class='ocr_par' dir='ltr' id='par_1_108' title="bbox 421 5684 1882 5762">
     <span class='ocr_line' id='line_1_108' title="bbox 421 5684 1882 5762; baseline -0.005 -16"><span class='ocrx_word' id='word_1_768' title='bbox 421 5693 578 5746; x_wconf 78' lang='grc' dir='ltr'>Ἐπεὶ</span> <span class='ocrx_word' id='word_1_769' title='bbox 617 5691 674 5742; x_wconf 79' lang='grc' dir='ltr'>δὲ</span> <span class='ocrx_word' id='word_1_770' title='bbox 721 5691 814 5742; x_wconf 73' lang='grc' dir='ltr'><strong>καὶ</strong></span> <span class='ocrx_word' id='word_1_771' title='bbox 856 5691 1299 5760; x_wconf 82' lang='grc' dir='ltr'>πρωτοστράτωρ</span> <span class='ocrx_word' id='word_1_772' title='bbox 1338 5684 1442 5762; x_wconf 76' lang='grc' dir='ltr'>ἧκε</span> <span class='ocrx_word' id='word_1_773' title='bbox 1491 5688 1882 5757; x_wconf 85' lang='grc' dir='ltr'>συνταξόμενος</span> 
     </span>
    </p>
   </div>
   <div class='ocr_carea' id='block_1_109' title="bbox 1993 5684 3590 5764">
    <p class='ocr_par' dir='ltr' id='par_1_109' title="bbox 2098 5691 3590 5764">
     <span class='ocr_line' id='line_1_109' title="bbox 2098 5691 3590 5764; baseline 0.003 -18"><span class='ocrx_word' id='word_1_774' title='bbox 2098 5691 2201 5746; x_wconf 89' lang='lat' dir='ltr'><strong>Ubi</strong></span> <span class='ocrx_word' id='word_1_775' title='bbox 2253 5699 2432 5746; x_wconf 87' lang='lat' dir='ltr'><strong>autem</strong></span> <span class='ocrx_word' id='word_1_776' title='bbox 2484 5702 2537 5748; x_wconf 83' lang='lat' dir='ltr'><strong>et</strong></span> <span class='ocrx_word' id='word_1_777' title='bbox 2582 5703 2946 5764; x_wconf 75' lang='lat' dir='ltr'><strong>prntostrator</strong></span> <span class='ocrx_word' id='word_1_778' title='bbox 2998 5695 3370 5751; x_wconf 68' lang='lat' dir='ltr'><strong>valeditt&#39;trus</strong></span> <span class='ocrx_word' id='word_1_779' title='bbox 3419 5697 3590 5762; x_wconf 86' lang='lat' dir='ltr'><strong>venit,</strong></span> 
     </span>
    </p>
   </div>
   <div class='ocr_carea' id='block_1_110' title="bbox 340 5777 1893 5857">
    <p class='ocr_par' dir='ltr' id='par_1_110' title="bbox 340 5780 1893 5857">
     <span class='ocr_line' id='line_1_110' title="bbox 340 5780 1893 5857; baseline -0.003 -18"><span class='ocrx_word' id='word_1_780' title='bbox 340 5785 540 5857; x_wconf 78' lang='grc' dir='ltr'>πρῶτα</span> <span class='ocrx_word' id='word_1_781' title='bbox 570 5783 669 5854; x_wconf 79' lang='grc' dir='ltr'>μὲν</span> <span class='ocrx_word' id='word_1_782' title='bbox 696 5781 936 5843; x_wconf 74' lang='grc' dir='ltr'>ὠνείδιζε</span> <span class='ocrx_word' id='word_1_783' title='bbox 965 5783 1064 5846; x_wconf 77' lang='grc' dir='ltr'>τῆς</span> <span class='ocrx_word' id='word_1_784' title='bbox 1093 5785 1382 5852; x_wconf 75' lang='grc' dir='ltr'>ἀνανδρίας</span> <span class='ocrx_word' id='word_1_785' title='bbox 1411 5783 1505 5836; x_wconf 70' lang='grc' dir='ltr'>καὶ</span> <span class='ocrx_word' id='word_1_786' title='bbox 1532 5783 1627 5854; x_wconf 79' lang='grc' dir='ltr'>τῆς</span> <span class='ocrx_word' id='word_1_787' title='bbox 1658 5784 1736 5845; x_wconf 85' lang='grc' dir='ltr'><strong>είς</strong></span> <span class='ocrx_word' id='word_1_788' title='bbox 1763 5780 1893 5836; x_wconf 65' lang='grc' dir='ltr'>αὐτὸ</span> 
     </span>
    </p>
   </div>
   <div class='ocr_carea' id='block_1_111' title="bbox 1993 5777 3640 5857">
    <p class='ocr_par' dir='ltr' id='par_1_111' title="bbox 2035 5777 3640 5857">
     <span class='ocr_line' id='line_1_111' title="bbox 2035 5777 3640 5857; baseline 0.009 -25"><span class='ocrx_word' id='word_1_789' title='bbox 2035 5777 2334 5832; x_wconf 88' lang='lat' dir='ltr'><strong>imbelliam</strong></span> <span class='ocrx_word' id='word_1_790' title='bbox 2366 5779 2416 5834; x_wconf 88' lang='lat' dir='ltr'><strong>ei</strong></span> <span class='ocrx_word' id='word_1_791' title='bbox 2447 5790 2501 5833; x_wconf 81' lang='lat' dir='ltr'><strong>et</strong></span> <span class='ocrx_word' id='word_1_792' title='bbox 2535 5783 2816 5852; x_wconf 76' lang='lat' dir='ltr'><strong>perﬁdiam</strong></span> <span class='ocrx_word' id='word_1_793' title='bbox 2854 5788 3042 5856; x_wconf 75' lang='lat' dir='ltr'><strong>expro!</strong></span> <span class='ocrx_word' id='word_1_794' title='bbox 3068 5790 3230 5850; x_wconf 71' lang='lat' dir='ltr'><strong>rarit,</strong></span> <span class='ocrx_word' id='word_1_795' title='bbox 3263 5787 3406 5854; x_wconf 74' lang='lat' dir='ltr'><strong>quod</strong></span> <span class='ocrx_word' id='word_1_796' title='bbox 3441 5785 3595 5857; x_wconf 64' lang='lat' dir='ltr'><strong>prim</strong></span> <span class='ocrx_word' id='word_1_797' title='bbox 3637 5837 3640 5839; x_wconf 94' lang='lat'><strong>.</strong></span> 
     </span>
    </p>
   </div>
   <div class='ocr_carea' id='block_1_112' title="bbox 715 5878 3278 5947">
    <p class='ocr_par' dir='ltr' id='par_1_112' title="bbox 715 5878 3278 5947">
     <span class='ocr_line' id='line_1_112' title="bbox 715 5878 3278 5947; baseline 0.004 -10"><span class='ocrx_word' id='word_1_798' title='bbox 715 5878 983 5937; x_wconf 68' lang='lat' dir='ltr'><strong>Pnnon.</strong></span> <span class='ocrx_word' id='word_1_799' title='bbox 1031 5883 1146 5938; x_wconf 75' lang='lat' dir='ltr'><strong>GR.</strong></span> <span class='ocrx_word' id='word_1_800' title='bbox 1195 5879 1396 5942; x_wconf 78' lang='lat' dir='ltr'><strong>CLlll.</strong></span> <span class='ocrx_word' id='word_1_801' title='bbox 3201 5888 3278 5947; x_wconf 87' lang='grc'><strong>30</strong></span> 
     </span>
    </p>
   </div>
  </div>
