4062 6290
335 323 437 402 941

1522 336 2066 429 HISTORIAR’UM
2112 337 2342 397 LIBER
2371 305 2492 399 ἰιι.

2128 221 2174 270 ί

3492 341 3600 404 942

337 455 429 510 καὶ
458 449 641 523 ὀρθοις
673 448 970 522 χρωμένων
997 427 1312 519 λογισμοῖς,
1341 448 1392 502 οῖ
1423 427 1900 521 συστρατευόμενοι

2020 451 2112 505 bet
2157 450 2404 520 ipsorum
2463 448 2732 506 timiditas
2785 457 2841 506 et
2897 451 3111 521 ignavia
3167 450 3594 521 imperterritam

337 549 402 616 τῇ
429 543 561 614 περὶ
584 543 712 606 τοὺς
737 540 970 604 οἰκείους
1001 541 1316 613 συμπαθείᾳ
1339 542 1915 611 καταμαλακισθέντες

337 631 580 702 ἀγεννῶς
612 632 707 684 καὶ
741 627 1111 700 ἀνελευθέρως
1146 629 1576 700 προσεχώρησαν
1609 632 1722 694 τοῖς
1756 633 1915 685 πολε-

339 725 502 795 μίοις,
533 722 595 776 οὐ
627 721 732 792 χρὴ
764 720 861 787 τὴν
892 719 1116 773 ἐκείνων
1143 721 1343 773 κακίαν
1385 723 1452 791 τῇ
1495 721 1652 791 ἡμῶν
1681 722 1916 794 εὐψυχίᾳ

335 815 430 866 καὶ
460 812 635 881 τόλμῃ
670 810 766 864 καὶ
797 810 1063 879 καρτερίᾳ
1095 809 1223 878 περὶ
1254 811 1322 862 τὰ
1351 810 1501 863 δεινὰ
1529 811 1910 880 λυμαίνεσθαι.

344 903 575 958 Ἐκεῖνοι
611 902 708 972 μὲν
739 901 845 973 γὰρ
881 901 1014 971 πρὸς
1047 895 1129 962 οἷς
1161 901 1558 971 ύποστήσονται
1593 904 1785 965 κακοῖς
1818 918 1916 954 περ

335 995 660 1065 ριορώμενοι
694 993 791 1045 καὶ
830 991 1402 1067 προπηλακιζόμενοι,
1441 995 1535 1046 καὶ
1570 993 1746 1048 πάντα
1786 995 1914 1046 ὐπο-

336 1087 612 1151 μένοντες,
659 1084 760 1137 ὅσα
807 1084 934 1146 τοὺς
981 1083 1122 1137 ὅπλα
1171 1083 1630 1152 παραδεδωκότας
1678 1079 1908 1146 δίκαιον,

330 1181 412 1232 Et:
446 1179 542 1232 καὶ
577 1179 708 1248 ἡμῖν
741 1177 908 1247 ὀλίγῳ
942 1175 1171 1243 ὕστερον
1205 1176 1266 1228 ού
1300 1176 1512 1245 φαύλην
1542 1175 1775 1229 δώσουσι
1810 1176 1910 1246 τὴν

326 1270 507 1339 δίκην,
556 1269 935 1338 αἰσχυνόμενοι
976 1269 1076 1338 τῆς
1122 1268 1415 1336 προδοσίας
1461 1268 1625 1322 ἕνεκα
1672 1268 1766 1322 καὶ
1810 1269 1910 1335 τῆς

328 1362 671 1430 φαυλότητος
704 1360 816 1412 τῶν
846 1359 1086 1428 τρόπων.
1121 1358 1312 1427 Ὑμεῖς
1343 1359 1400 1412 δέ
1420 1399 1435 1424 ,
1471 1359 1564 1413 νῦν
1595 1376 1654 1412 τε
1687 1360 1908 1431 ἀυδρίας

326 1452 428 1504 καὶ
455 1451 751 1521 καρτερίας
779 1449 937 1514 δόξαν
961 1450 1270 1520 ἢνὲγκασθε
1301 1453 1393 1504 καὶ
1423 1451 1554 1521 παρ’
1577 1452 1758 1514 αὐτοῖς
1787 1454 1904 1516 τοῖς

324 1542 646 1610 πολεμίοις,
681 1540 775 1595 καὶ
807 1541 972 1610 ὀλίγῳ
1008 1540 1236 1610 ὕστερον
1269 1543 1368 1594 οὐκ
1405 1543 1514 1610 ἐγὼ
1550 1543 1712 1610 μόνον
1745 1544 1904 1612 ἀμεξο

320 1631 496 1701 ψομαι
527 1634 644 1691 ταῖς
676 1632 1082 1702 προσηκούσαις
1113 1633 1476 1702 εὐεργεσίαις,
1507 1633 1640 1687 ἀλλὰ
1672 1635 1766 1687 καὶ
1803 1637 1908 1687 πᾶ-

323 1740 412 1776 σιν
440 1723 626 1775 ἔσεσθε
656 1723 1006 1792 περίϐλεπτοι
1032 1723 1122 1777 καὶ
1150 1713 1473 1793 θαυμαστοὶ,
1505 1725 1583 1777 ὅτι
1609 1725 1668 1778 ἐν
1694 1728 1905 1795 καιροῖς

2018 538 2336 596 animorum
2366 549 2683 596 nostrorum
2713 543 3152 612 magnitudinem
3203 552 3258 598 et
3299 541 3354 599 in
3387 549 3598 616 asperis

2017 631 2367 686 tolerantiam
2403 631 2728 702 depravare.
2767 633 2901 687 Nam
2947 634 3026 687 illi
3082 643 3282 703 prteter
3325 650 3388 691 ea
3423 639 3588 704 mala,

2017 735 2140 789 quae
2169 721 2543 787 sustinebunt,
2585 738 2707 778 cum
2753 724 3137 794 despicientur
3204 735 3261 782 et
3306 739 3596 784 contume-

2018 807 2155 864 liose
2194 810 2601 876 irridebuntur,
2633 821 2687 866 et
2736 814 2920 867 omnia
2963 815 3269 884 patientur,
3323 831 3446 880 qua:
3486 834 3594 873 non

2017 897 2219 969 injuria
2266 901 2572 971 patiuntur,
2610 903 2703 972 qui
2756 919 2909 958 arma
2937 905 3334 967 tradiderunt,
3369 913 3598 976 insuper

2015 987 2178 1043 nobis
2220 991 2385 1058 paulo
2418 999 2543 1059 post
2587 981 2697 1045 non
2747 993 2970 1062 vulgare
3001 993 3212 1048 dabunt
3242 996 3592 1064 supplicium,

2013 1076 2084 1131 de
2137 1080 2450 1148 proditione
2511 1092 2566 1158 et
2612 1083 2853 1138 sinistris
2906 1083 3155 1139 moribus
3203 1089 3595 1146 erubescentes

2011 1169 2269 1226 videlicet
2309 1189 2322 1224 :
2358 1187 2482 1227 cum
2513 1180 2630 1230 vos
2681 1183 2737 1228 et
2798 1189 2946 1229 nunc
3004 1175 3348 1233 fortitudinis
3393 1195 3459 1234 ac
3500 1197 3595 1251 pa-

2020 1262 2226 1319 tientiae
2255 1265 2470 1320 laudem
2505 1267 2590 1321 vel
2629 1267 2697 1322 ab
2729 1267 2980 1337 ipsismet
3013 1269 3267 1325 hostibus
3305 1271 3546 1328 tuleritis
3573 1316 3588 1340 ,

2011 1364 2067 1409 et
2096 1371 2204 1410 non
2240 1357 2416 1411 solum
2451 1373 2551 1427 ego
2581 1358 2733 1413 brevi
2767 1359 2970 1414 debitis
3009 1376 3106 1414 vos
3137 1361 3299 1417 donis
3333 1348 3594 1419 remune-

2013 1455 2238 1499 raturus
2286 1446 2411 1510 sim,
2443 1447 2539 1501 sed
2595 1448 2698 1516 ipsi
2730 1462 2951 1517 quoque
2986 1448 3234 1502 omnium
3269 1450 3323 1504 in
3361 1465 3464 1505 vos
3496 1466 3590 1504 ora

2010 1550 2134 1590 cum
2179 1536 2546 1590 admiratione
2607 1538 2926 1592 conversari
2971 1537 3114 1602 sitis,
3150 1540 3278 1609 quia
3327 1541 3588 1610 tempori-

2011 1627 2136 1689 bus,
2189 1645 2314 1698 qua:
2354 1631 2504 1683 viros
2559 1633 2850 1701 explorare
2901 1633 3135 1688 maxime
3192 1634 3391 1699 solent,
3425 1633 3592 1706 486

2013 1719 2271 1773 invictam
2310 1721 2480 1775 animi
2515 1721 2935 1787 firmitudinem,
2975 1732 3035 1778 ut
3062 1722 3291 1794 dignum
3321 1726 3446 1792 fuit,
3487 1727 3588 1780 de-

322 1814 561 1884 μάλιστα
588 1813 904 1878 δυναμένοις
936 1812 1249 1882 βασανίζειν
1280 1814 1502 1886 γνώμας
1532 1815 1770 1883 ἀνδρῶν,
1803 1816 1900 1886 τὴν

2009 1813 2474 1866 monstraveritis.
2511 1813 2752 1868 Proinde
2791 1830 2901 1869 non
2934 1825 3162 1885 propter
3199 1816 3420 1870 illorum
3453 1817 3588 1895 stul-

317 1905 708 1974 προσήκουσαν
738 1903 1081 1970 ἐπεδείξασθε
1117 1905 1210 1957 καὶ
1244 1905 1650 1976 μεγαλοψυχίαν
1682 1907 1773 1959 καὶ
1807 1909 1898 1960 ἀν-

315 1997 499 2066 δρίαν.
535 1997 609 2048 Οὐ
648 1997 712 2064 δὴ
747 1998 834 2050 διὰ
864 1999 960 2067 τὴν
993 1997 1215 2050 ἐκείνων
1251 1994 1508 2050 ἀϐουλίαν
1541 2000 1903 2051 καταπίπτειν

315 2086 466 2157 ὑμᾶς
501 2088 734 2153 δίκαιον,
778 2088 885 2141 οὐδ’
911 2090 992 2140 ὅτι
1025 2087 1393 2159 δυσπραγίαις
1426 2091 1744 2160 κεχρήμεθα
1781 2107 1906 2144 σκο-

316 2182 449 2234 πεῖν
467 2221 483 2246 ,
513 2179 630 2232 ἀλλ’
651 2182 698 2232 εἰ
727 2179 894 2249 μηδὲν
916 2179 1070 2232 αὐτοὶ
1092 2179 1160 2232 δι’
1179 2180 1448 2249 ἀτολμίαν
1472 2182 1608 2250 πρὸς
1631 2183 1688 2234 τὸ
1710 2182 1905 2252 ἥττους

313 2271 609 2342 φαίνεσθαι
643 2271 1151 2340 συνεισηνέγκαμεν
1180 2270 1288 2323 τῶν
1322 2271 1620 2340 πολεμίων.
1657 2274 1716 2325 Εί
1748 2273 1794 2327 δ’
1821 2276 1904 2328 ὅτι

315 2363 510 2425 κακῶς
563 2363 678 2415 νυνὶ
733 2362 1101 2432 πεπράχαμεν
1151 2361 1518 2431 προσίσταται
1571 2363 1738 2434 ὑμῖν,
1789 2365 1904 2420 ἀλλ’

313 2455 501 2508 ἐκεῖνο
531 2455 636 2525 χρὴ
671 2455 915 2518 σκοπεῖν,
943 2452 1018 2515 ὡς
1048 2452 1156 2506 οὐδ’
1177 2453 1225 2506 oi
1258 2452 1423 2507 πάλαι
1463 2453 1745 2524 Ῥωμαῖοι,
1776 2457 1904 2528 περῖ

313 2543 397 2601 ὧν
435 2547 648 2617 μεγάλα
684 2546 870 2618 ᾄδεται
905 2544 1000 2599 καὶ
1035 2543 1350 2614 θαυμαστὰ,
1390 2547 1654 2617 ἀήττητοι
1697 2551 1903 2602 παντά-

315 2653 460 2690 πασι
487 2636 960 2706 δ.αμεμενήκασιν
982 2650 997 2666 ’
1023 2635 1140 2688 ἀλλ’
1158 2636 1214 2687 ἐν
1238 2635 1451 2698 πολλοῖς
1479 2636 1744 2701 πολλάκις
1768 2653 1903 2705 σφα-

314 2731 527 2791 λέντες,
561 2733 653 2781 καὶ
683 2728 953 2798 ὁλόκληρα
987 2723 1326 2797 στρατόπεδα
1359 2727 1499 2796 μετὰ
1530 2728 1640 2781 τῶν
1672 2745 1904 2800 στρατη-

315 2819 440 2888 γῶν
468 2819 852 2882 ἀποϐαλόντες,
884 2819 1075 2888 ἀνδρίᾳ
1106 2819 1198 2870 καὶ
1227 2817 1542 2888 τλημοσύνῃ
1575 2821 1640 2889 τῇ
1678 2821 1805 2890 περὶ
1834 2820 1902 2874 τά

315 2913 462 2985 ἔργα
494 2912 646 2976 αὖθις
678 2910 1084 2991 ἀνεμαχέσαντο
1112 2911 1211 2978 τὴν
1241 2903 1436 2980 ἧτταν,
1473 2910 1533 2962 ού
1575 2910 1775 2979 μᾶλλον
1806 2929 1903 2963 κα·-

315 3003 714 3075 ταπτήξαντες,
741 3001 773 3072 ἦ
800 3004 935 3071 ὀργῇ
959 3004 1024 3070 τῇ
1052 3002 1184 3070 πρὸς
1211 2999 1334 3060 τοὺς
1360 3000 1649 3070 πολεμίους
1676 3003 1900 3073 σφοδρά.

312 3113 486 3166 τερον
511 3094 780 3162 ἁψάμενοι
808 3091 948 3161 μετά
974 3091 1142 3187 ταῦ-τα
1170 3090 1262 3143 τοῦ
1292 3091 1551 3159 πολέμου.
1575 3083 1901 3187 Ὦνᾼάπόγο-
1926 3123 1972 3187 c

311 3200 400 3237 νοι
428 3184 520 3236 καὶ
550 3183 708 3251 ἡμεῖς
735 3179 1008 3244 ἀξιοῦντες
1036 3176 1196 3242 εἶναι,
1225 3180 1522 3249 μιμώμεθα
1547 3181 1645 3243 τὰς
1669 3180 1892 3250 ἀρετάς.

315 3273 432 3326 Καὶ
460 3271 554 3324 νῦν
584 3271 683 3341 μὲν
710 3270 974 3342 ἡγώμεθα
996 3270 1188 3341 τύχαις
1218 3271 1592 3341 ἀνθρωπίναις
1617 3274 1898 3342 χρησάμεο

310 3382 400 3417 νοι
431 3363 786 3433 δυσπραγεῖν,
821 3363 1003 3434 μικρῷ
1035 3363 1090 3416 δὲ
1123 3362 1350 3433 ὕστερον
1407 3369 1543 3436 πρδς
1574 3368 1670 3438 τὴν
1701 3368 1898 3436 προτέ-

311 3473 423 3528 ραν
455 3452 610 3515 αὒθις
645 3452 935 3520 ἀφίξεσθαι
971 3454 1338 3524 εὐδαιμονίαν.
1374 3458 1484 3510 Καὶ
1518 3459 1626 3528 γὰρ
1661 3459 1756 3510 καὶ
1785 3458 1895 3510 τῶν

312 3551 426 3621 πρδ
460 3549 620 3620 ἡμῶν
655 3548 919 3619 βασιλέων
952 3551 1053 3603 οὐκ
1087 3551 1278 3619 ὀλίγοι,
1341 3553 1390 3606 οἱ
1428 3553 1560 3622 μὲν,
1598 3553 1893 3623 βαρϐάροις

311 3634 707 3704 πολεμοῦντες,
731 3637 1065 3706 αἰχμάλωτοι
1095 3637 1350 3706 γεγόνασι
1381 3639 1714 3708 νικηθέντες·
1743 3644 1791 3693 oi
1813 3642 1890 3708 δὲ,

311 3730 414 3781 καὶ
459 3728 564 3780 ὑπὸ
611 3730 864 3798 πολέμων
905 3729 1187 3798 ἐμφυλίων
1233 3730 1730 3800 ἐπιϐουλευθέντε·,
1776 3733 1894 3797 ἐξε-

311 3820 664 3892 κρούσθησαν
713 3821 809 3889 τῆς
862 3821 1079 3890 ἀρχῆςο
1132 3821 1246 3874 ἀλλ’
1277 3819 1436 3886 αὖθις
1486 3824 1742 3894 ἑκάτεροι
1794 3827 1893 3894 τὴν

311 3913 590 3981 σωτηρίαν
631 3911 730 3964 οὐκ
772 3911 1100 3978 ἀπογνόντες
1141 3912 1243 3980 τῆς
1285 3930 1344 3964 τε
1387 3914 1564 3984 ἀρχῆς
1610 3916 1888 3984 ἐπέτυχον,

311 4006 416 4058 καὶ
446 4004 571 4066 τοὺς
608 4003 895 4072 πολεμίους
929 4002 1096 4055 πλείω
1140 4003 1172 4070 ἢ
1209 4003 1360 4056 αὑτοὶ
1393 4005 1694 4058 πεπόνθασι
1719 4021 1889 4074 προσ-

311 4095 644 4163 ειργάσαντο
679 4094 845 4148 κακά.
877 4094 939 4146 Ei
968 4094 1023 4146 δὲ
1054 4094 1147 4146 καὶ
1176 4096 1312 4165 πρὸς
1354 4095 1601 4164 θειότερά
1629 4111 1750 4148 τινα
1782 4111 1889 4149 πα-

190 4190 200 4195 “
312 4185 653 4256 ραδείγματα
674 4170 970 4252 ἀνάγεσθαι
989 4184 1196 4254 δεήσει,
1214 4176 1526 4265 τδνλιωσὴφ
1549 4187 1890 4256 ἐννοήσωμεν

312 4282 411 4332 καὶ
451 4280 547 4348 τὴν
586 4278 790 4347 πικρὰν
827 4279 1044 4348 ἐκείνην
1080 4278 1360 4344 δουλείαν,
1402 4280 1499 4332 καὶ
1537 4279 1636 4348 τὴν
1675 4279 1889 4350 χρόνιον

313 4368 619 4438 κάθειρξιν,
650 4371 743 4422 καὶ
772 4368 863 4422 τόν
891 4369 1046 4424 ἀλλον
1079 4372 1310 4438 φορυτόν
1337 4371 1445 4424 τῶν
1471 4370 1760 4440 ἀλγεινῶν,
1796 4372 1888 4425 καὶ

2013 1901 2186 1956 titiam
2241 1918 2339 1958 vos
2378 1904 2622 1973 aliquam
2662 1903 3106 1974 desperationem
3144 1907 3426 1977 suscipere
3459 1923 3579 1963 con-

2013 1995 2188 2056 venit.
2225 2011 2403 2074 neque
2437 2010 2644 2052 sortem
2685 1998 2988 2066 duriorem,
3028 2015 3194 2071 quam
3243 2005 3456 2071 experti
3491 2018 3588 2058 su-

2008 2096 2155 2148 mus,
2188 2085 2544 2140 considerare
2602 2086 2840 2154 debetis,
2879 2077 2988 2144 sed
3026 2091 3158 2144 illud
3209 2093 3410 2161 potius,
3449 2094 3587 2148 nihil

2005 2187 2108 2227 nos
2137 2190 2236 2244 per
2273 2176 2544 2246 ignaviam
2581 2177 2652 2231 ad
2701 2179 2807 2234 hoc
2845 2181 3166 2245 contulisse,
3207 2189 3267 2236 ut
3321 2182 3584 2239 hostibus

2004 2267 2201 2323 cedere
2233 2269 2575 2326 videremur.
2612 2271 2710 2327 Sin
2752 2274 2915 2329 nobis
2947 2276 3239 2331 molestum
3289 2287 3393 2341 est,
3433 2279 3582 2348 quod

2005 2371 2157 2414 nunc
2213 2359 2537 2416 infortunati
2594 2363 2820 2430 fuimus,
2850 2374 2906 2418 at
2944 2367 3245 2445 cogitemus
3294 2369 3444 2429 licet.
3482 2385 3583 2424 nec

2003 2459 2221 2506 veteres
2278 2452 2595 2516 Romanos,
2646 2469 2881 2524 quorum
2935 2473 3025 2510 res
3075 2469 3239 2528 gesta:
3281 2462 3494 2517 eximia:
3524 2473 3582 2518 et

2004 2539 2365 2597 admirabiles
2401 2542 2688 2598 hominum
2724 2545 2863 2599 fama
2920 2547 3252 2618 scriptisque
3290 2551 3577 2606 celebran-

2002 2640 2114 2697 tur,
2147 2648 2376 2704 semper
2397 2635 2629 2690 invictos
2659 2638 2925 2692 mansisse
2953 2636 3092 2708 (97),
3134 2644 3226 2694 sed
3258 2657 3400 2711 saepe
3436 2645 3577 2698 mul-

2004 2719 2076 2774 tis
2113 2720 2252 2776 locis
2292 2721 2592 2778 oll'endisse
2615 2765 2630 2790 ,
2667 2741 2730 2780 ac
2764 2728 2892 2781 totis
2923 2728 3261 2784 exercitibus
3292 2747 3397 2785 una
3450 2750 3577 2788 cuin

2002 2810 2239 2866 ducibus
2271 2815 2504 2868 adverso
2537 2815 2708 2871 Marte
2751 2817 2966 2883 deletis,
3005 2824 3327 2877 instauratis
3374 2823 3578 2880 deinde

2001 2903 2227 2972 praeliis,
2262 2905 2592 2961 fortitudine
2653 2918 2708 2965 et
2755 2909 3017 2978 patientia
3077 2913 3268 2968 bellica
3328 2915 3578 2974 hostibus

2001 3003 2102 3060 par
2130 2993 2387 3048 retulisse
2418 3009 2432 3048 :
2462 3011 2565 3050 nec
2594 2999 2769 3068 magis
2821 2999 3020 3056 timore
3073 3005 3373 3071 perculsos.
3407 3022 3571 3076 quam

2003 3083 2290 3140 iracundia
2350 3086 2404 3140 in
2469 3087 2657 3143 hostes
2706 3089 2985 3157 incitatos,
3018 3094 3084 3147 ad
3123 3095 3328 3150 bellum
3378 3111 3573 3168 postea

2000 3176 2290 3232 ardentius
2319 3177 2658 3234 incubuisse.
2691 3180 2934 3248 Quorum
2962 3200 3062 3239 nos
3090 3189 3299 3254 posteri
3331 3203 3452 3245 esse
3479 3208 3583 3258 cu:

1998 3264 2236 3333 pientes,
2272 3283 2465 3322 eorum
2506 3271 2762 3326 virtutem
2821 3273 3121 3329 imitemur.
3159 3268 3224 3330 Et
3256 3294 3404 3334 nunc
3450 3284 3572 3351 qui-

1997 3357 2122 3410 dem
2153 3359 2280 3427 quia
2315 3360 2569 3416 homines
2601 3378 2932 3424 sumus.nos
2971 3369 3205 3423 miseros
3237 3385 3381 3435 esse,
3412 3371 3568 3427 brevi

1997 3457 2178 3502 autem
2223 3451 2422 3504 iterum
2458 3451 2644 3507 felices
2701 3469 2769 3509 ac
2818 3455 3008 3512 beatos
3045 3457 3163 3513 fore
3207 3462 3567 3518 arbitremur.

1997 3539 2214 3594 Etenim
2266 3551 2322 3596 et
2351 3544 2591 3613 majores
2647 3547 2823 3600 nostri
2859 3548 3226 3618 imperatores
3250 3570 3359 3608 non
3385 3559 3570 3626 pauci,

1995 3632 2086 3686 alii
2135 3632 2389 3689 Barbaris
2433 3636 2640 3690 bellum
2684 3638 2981 3696 inferentes
3019 3646 3264 3713 superati
3299 3657 3354 3702 et
3388 3650 3567 3718 capti,

1995 3723 2086 3778 alii
2127 3726 2384 3780 civilibus
2416 3730 2586 3784 armis
2613 3730 2847 3800 imperio
2879 3733 3090 3804 depulsi
3119 3747 3283 3804 sunt;
3324 3739 3417 3793 sed
3451 3757 3570 3794 rur-

1996 3833 2118 3872 sum
2154 3819 2376 3888 utrique
2409 3822 2590 3876 salute
2646 3839 2996 3895 nequaquam
3036 3830 3088 3882 in
3136 3831 3440 3900 desperatis
3472 3835 3569 3886 ha-

1995 3908 2131 3984 bita,
2169 3920 2224 3964 et
2267 3911 2559 3979 imperium
2594 3927 3110 3988 recuperarunt,“
3148 3921 3428 3988 graviores
3457 3925 3567 3979 cla-

1994 4001 2093 4053 des
2123 4016 2288 4069 quam
2315 4015 2670 4071 acceperant,
2702 4005 2956 4062 hostibus
2989 4010 3380 4077 rependerunt.
3411 4014 3567 4081 Quod

1993 4091 2039 4145 si
2079 4091 2353 4145 diviniora
2410 4093 2659 4161 quaedam
2703 4099 2952 4166 exempla
2990 4100 3348 4168 requirimus,
3404 4106 3568 4162 lose-

1993 4182 2188 4250 phum,
2224 4190 2278 4236 et
2322 4183 2581 4238 acerbam
2641 4185 2788 4261 illam
2827 4189 3174 4257 servitutem,
3212 4193 3566 4254 diuturnum-

1993 4287 2100 4343 que
2130 4287 2430 4339 carcerem,
2468 4285 2524 4329 et
2553 4275 2822 4345 reliquam
2865 4279 3116 4336 dolorum
3163 4285 3480 4353 colluviem,
3510 4300 3567 4346 et

1992 4363 2271 4433 quomodo
2335 4375 2459 4434 post
2511 4366 2628 4422 haec
2656 4369 2838 4424 omnia
2872 4385 2975 4439 pro
3023 4386 3188 4430 servo
3250 4386 3306 4431 et
3378 4380 3566 4437 vincto

309 4463 390 4524 ὡς
432 4465 568 4531 μετά
600 4462 771 4514 ταῦτα
809 4462 1023 4527 πάντα,
1059 4463 1178 4516 ἀντὶ
1215 4462 1402 4516 δούλου
1445 4463 1538 4515 καὶ
1576 4463 1884 4532 δεσμώτου,

2001 4454 2212 4526 ,Εεγρῑί
2255 4457 2509 4527 princeps
2539 4459 2849 4516 declaratus
2891 4463 2980 4526 sit,
3022 4475 3156 4520 ante
3185 4470 3375 4524 oculos
3425 4489 3560 4540 pro-

310 4553 572 4625 βασιλεὺς
605 4553 950 4606 ἀνεδείκνυτσ
1000 4553 1297 4620 Αίγύπτου.
1332 4555 1438 4607 Καὶ
1475 4555 1636 4606 Δαϐιδ
1669 4557 1759 4608 τὸν
1795 4555 1891 4624 βα--

313 4645 468 4699 σιλέα
517 4647 655 4717 μετά
696 4646 794 4716 τὴν
837 4646 1045 4715 πλάνην
1081 4647 1180 4716 τὴν
1226 4648 1445 4716 μακρὰν
1487 4649 1579 4698 καὶ
1617 4647 1676 4700 τὸ
1722 4648 1890 4718 μυρία

309 4733 422 4787 ὐπὸ
472 4733 565 4786 τοῦ
617 4733 1067 4803 εὐεργετηθέντος
1117 4731 1379 4802 βασιλέως
1444 4733 1745 4803 ὑποστῆναι
1821 4735 1891 4787 τὰ

309 4822 465 4877 δεινά
484 4862 498 4886 ,
529 4823 754 4894 ὕστερον
787 4824 865 4887 είς
897 4821 996 4892 τὴν
1025 4821 1232 4874 οίκείαν
1261 4822 1645 4886 ἀνασωθέντα,
1674 4825 1768 4876 καὶ
1799 4825 1918 4893 βε-,

311 4915 482 4976 ϐαίως
526 4915 918 4985 βασιλεύσαντα
959 4913 1067 4966 τῶν
1107 4912 1416 4982 ὁμοφύλων.
1453 4913 1520 4964 ‘A
1561 4914 1738 4966 πάντα
1777 4915 1882 4986 χρὴ

309 5006 751 5076 ἐνθυμουμένους
780 5006 854 5075 μή
884 5006 1135 5074 ἀθυμεῖν,
1165 5004 1301 5057 ἀλλὰ
1329 5004 1527 5072 μᾶλλον
1557 5004 1626 5056 τὰ
1655 5006 1883 5076 χρηστό-

310 5113 450 5168 τερα
477 5097 743 5164 ἐλπίζειν,
773 5094 1122 5166 βουλεύεσθαι
1147 5094 1206 5147 δέ
1231 5095 1326 5147 καὶ
1351 5095 1387 5148 ἂ
1413 5097 1516 5165 χρὴ
1545 5096 1883 5165 πράττοντας

308 5188 428 5238 νυνὶ
465 5185 544 5257 μὴ
572 5187 665 5240 τοῦ
697 5188 1069 5256 προσήκοντος
1101 5182 1514 5254 διαμαρτάνειν.
1553 5186 1742 5256 ὐρᾷτε
1777 5189 1883 5258 γὰρ

304 5277 384 5338 ὡς
413 5280 543 5347 περὶ
571 5278 677 5348 γῆν
705 5276 1144 5346 ἀπολελείμμεθα
1173 5276 1455 5346 πολεμίαν,
1481 5271 1516 5348 ᾗ
1542 5279 1600 5329 τό
1626 5294 1684 5330 τε
1717 5294 1888 5349 προσ-

307 5369 554 5438 εδρεύειν
575 5370 676 5423 οὐκ
701 5369 968 5437 ἀσφαλὲς,
1000 5367 1276 5438 πολεμίων
1307 5369 1573 5421 πάντοθεν
1601 5371 1884 5440 ἐπικειμέ-

1988 4563 2282 4617 ponamus.
2327 4549 2392 4602 Et
2423 4549 2592 4604 David
2625 4565 2830 4620 regem,
2858 4563 3144 4624 postquam
3171 4557 3264 4612 diu
3295 4560 3557 4631 fugiendo

1989 4640 2290 4702 oberravit.
2324 4649 2380 4694 et
2441 4655 2700 4697 sexcenta
2751 4659 2782 4697 a
2818 4645 3004 4708 Saule,
3035 4647 3124 4700 cui
3187 4648 3558 4721 benefecerat,

1993 4731 2136 4786 mala
2169 4747 2462 4802 perpessus
2495 4732 2620 4802 fuit,
2655 4735 2874 4791 tandem
2921 4738 2976 4792 in
3026 4741 3258 4807 patriam
3304 4743 3556 4798 tellurem

1988 4822 2200 4876 salvum
2246 4823 2585 4892 pervenisse.
2644 4827 2950 4898 stabileque
2991 4830 3053 4884 iit
3103 4845 3200 4886 sua
3254 4843 3415 4901 gente
3474 4851 3559 4890 re-

1992 4927 2161 4981 gnum
2211 4914 2473 4984 adeptum
2527 4931 2669 4973 esse.
2701 4917 2832 4983 Quae
2885 4921 3071 4975 omnia
3134 4927 3554 4994 perpendentes.
3614 4991 3618 4995 _

1991 5019 2212 5073 sperare
2260 5007 2489 5061 meliora
2535 5020 2755 5076 oportet
2775 5050 2790 5076 ,
2823 5013 3228 5085 cogitandoque
3260 5026 3316 5072 et
3346 5021 3555 5089 agendo

1986 5110 2110 5164 quae
2135 5110 2284 5152 nunc
2312 5112 2454 5168 opus
2477 5109 2585 5163 est,
2617 5115 2650 5154 a
2678 5110 2830 5156 recto
2861 5106 3081 5159 tramite
3113 5121 3222 5160 non
3272 5109 3550 5167 aberrare.

1987 5187 2202 5262 Virktis
2229 5189 2374 5242 enim
2401 5191 2862 5258 quemadmodum
2891 5195 2947 5248 in
2978 5205 3122 5250 terra
3154 5197 3338 5258 hostili
3373 5202 3548 5258 relicti

1986 5279 2182 5342 simus,
2212 5279 2269 5333 in
2295 5293 2402 5348 qua
2432 5294 2534 5333 nec
2561 5281 2769 5337 bazrer‘e
2799 5293 3002 5350 tutum,
3033 5287 3287 5345 hostibus
3307 5294 3550 5363 undique

1988 5371 2344 5440 urgentibus,
2400 5378 2458 5424 et
2523 5371 2748 5428 domum
2809 5381 3036 5445 reverti,
3073 5381 3257 5452 ibique
3310 5384 3554 5441 inclusos

1546 5483 1766 5548 Jacobi
1803 5487 2067 5548 Pontani
2102 5491 2291 5546 noue.

380 5595 496 5664 (91)
538 5593 1274 5675 Quingentorumannoru‘m
1307 5593 1509 5675 spatio,
1541 5607 1570 5645 a
1603 5591 1782 5675 pulsis
1794 5594 1881 5673 vi—
1975 5594 2312 5675 dringenties
2341 5592 2661 5675 quadragies
2688 5593 3170 5675 v.ictor_di_s‘ressit.
3205 5602 3270 5658 Et
3305 5605 3551 5674 quamvis

309 5663 508 5719 delicet
561 5663 779 5733 regibus
836 5664 900 5746 ad
948 5663 1153 5746 O-l‘lullnl
1205 5663 1469 5746 Augusti,
1525 5663 1874 5746 quingenties
1976 5666 2185 5746 aliquot
2223 5666 2434 5746 praeliis
2486 5666 2610 5718 victi
2683 5665 2828 5746 sint,
2866 5667 3020 5746 ‘bello
3052 5678 3232 5728 tamen
3267 5663 3452 5744 omni,
3493 5686 3552 5732 ut

307 5731 676 5804 quinquagies
706 5733 934 5802 populus
970 5731 1246 5786 Romanus
1278 5732 1554 5800 pricliatus
1581 5740 1665 5786 est
1695 5746 1712 5787 :
1741 5748 1880 5801 φικ-
1979 5731 2158 5788 civilia
2191 5731 2486 5800 sileantur,
2518 5737 2827 5804 superiores
2863 5735 3034 5794 fuere.
