4062 6290
572 288 682 353 913

1736 280 2090 343 ..ῐοΑΝΝιε
2129 279 2656 344 CANTACUZENI
3686 284 3769 353 9n

561 401 841 465 obsideri;
878 414 990 457 non
1019 398 1183 455 modo
1217 396 1526 454 timiditatis
1553 405 1611 453 et
1642 396 1877 452 infamiae
1910 398 2132 467 plenum

2240 412 2365 449 νων.
2392 397 2502 450 Καὶ
2526 371 2689 458 τδγείς
2718 396 2816 467 τὴν
2843 395 3049 450 οἰκείαν
3079 396 3457 468 άναστρέιρειν,
3482 402 3571 455 καὶ
3595 402 3774 472 ἐγκλει.

528 484 672 560 ’θείη
704 493 803 550 sed
832 501 888 549 et
918 491 1150 562 periculi
1200 490 1570 560 suspicionem
1616 503 1725 544 non
1770 503 1994 559 parvam
2044 487 2140 542 ha-

543 581 683 653 'bet,
749 600 820 640 ne
870 591 978 640 tam
1009 583 1166 638 multi
1212 582 1353 637 fame
1404 582 1639 642 subacti.
1679 580 1967 650 pristinam
2023 580 2141 650 glo-

563 680 702 733 riam
759 690 914 731 suam
948 675 1156 729 fmdare
1199 675 1619 743 compellantur.
1654 672 1956 727 Melenicus
1988 673 2137 726 enim

470 823 519 839 ,ε
566 768 770 824 nedum
805 781 928 831 nos,
980 764 1074 819 sed
1110 780 1211 819 nec
1245 765 1453 820 incolas
1487 778 1618 819 suos
1642 763 1928 819 commode
1956 770 2140 832 potest

2242 488 2516 556 σαμένους
2567 486 3011 558 πολιορκεῖσθαι,
3060 489 3158 540 οὐκ
3208 489 3425 557 ἀγεννὲς
3470 494 3560 546 καὶ
3606 485 3777 566 ἄτιμον

2245 579 2431 649 μόνον,
2458 579 2592 632 ἀλλὰ
2621 581 2713 632 καὶ
2742 579 2991 632 κινδύνου
3045 579 3279 648 ὑποψίαν
3304 583 3363 634 οὗ
3394 585 3673 655 παρέχεται
3702 609 3773 659 μισ

2242 671 2382 740 κράν
2403 711 2417 737 ,
2449 674 2497 724 εἰ
2530 672 2712 743 δεήσει
2743 670 3030 734 τοσούτους
3066 670 3242 743 ἐνδείᾳ
3274 673 3584 740 πιεσθέντας
3611 680 3773 746 ἀνάξια

2240 763 2342 834 τῆς
2374 763 2644 834 προτέρας
2674 762 2831 834 δόξης
2867 761 3377 834 ἀναγκασθήσεσθαι
3409 770 3591 822 ποιεῖν.
3621 769 3773 825 Meis-

564 860 733 916 alore.
764 857 931 930 587
964 856 1136 923 Quam
1169 855 1240 911 ob
1297 870 1523 910 causam
1570 854 1786 910 euntid
1822 864 1951 910 ante
1999 854 2137 909 mihi

2241 858 2389 920 νίκος
2420 856 2524 925 γὰρ
2554 857 2653 926 οὐχ
2679 856 2762 915 ὅτι
2790 872 2853 924 γε
2881 856 3063 928 ἡμᾶς,
3093 855 3353 910 ἀλλὀοὒδὶ
3382 858 3504 923 τοὺς
3534 861 3775 929 οἰκοῦντας

563 951 960 1022 persuaserim,
1006 963 1156 1003 nunc
1189 947 1243 1001 id
1284 947 1441 1002 vobis
1486 947 1723 1013 'suadeo,
1752 947 1820 1001 ad
1866 945 2139 1000 Triballo-

2240 951 2462 1020 τρέφειν
2502 946 2729 1001 δύναται
2774 946 3059 1017 ἀνενδεῶς.
3101 939 3177 1000 Ub
3220 948 3284 1020 δὴ
3330 949 3511 1018 ἕνεκα,
3551 954 3693 1019 αὑτός
3726 975 3773 1011 τε

564 1057 684 1096 rum
716 1041 1024 1110 principem
1058 1040 1225 1093 etiam
1256 1037 1387 1092 olim
1417 1037 1551 1090 mihi
1580 1036 1845 1101 amicum,
1875 1043 1932 1090 et
1962 1049 2139 1102 nuper

2241 1040 2507 1110 πρότερον
2551 1039 2786 1108 ἐμαυτὸν
2838 1038 3112 1103 πέπεικα,
3158 1039 3251 1090 καὶ
3295 1039 3421 1110 ὑμῖν
3467 1040 3777 1111 συμϐουλεύω

564 1138 635 1191 de
665 1139 880 1205 integro
919 1133 1253 1189 foederatum
1286 1130 1662 1187 concedamus
1689 1126 1888 1198 :cujus
1922 1123 2139 1182 adaueti

2240 1135 2337 1190 νῦν
2359 1176 2375 1197 ,
2419 1135 2553 1203 πρὸς
2587 1135 2679 1188 τὸν
2712 1133 2999 1204 Τριϐαλῶν
3031 1133 3266 1204 ἄρχοντα
3310 1135 3513 1201 ἐλθεῖν,
3554 1137 3702 1191 πάλαι
3728 1156 3775 1192 τε

563 1226 799 1294 vitibus,
831 1224 1277 1296 Didymoticltum
1323 1238 1447 1277 mox
1492 1222 1808 1283 redeuntes,
1841 1214 1908 1273 ad
1941 1226 2138 1272 cetera

2242 1228 2437 1298 φιλίως
2481 1225 2828 1295 διακείμενον
2871 1225 3027 1295 ἐμοὶ,
3070 1226 3162 1277 καὶ
3206 1224 3300 1278 νῦν
3340 1226 3506 1297 ὀλίγῳ
3550 1229 3776 1299 πρότερον

562 1322 694 1378 belli
729 1335 838 1374 non
867 1316 1200 1372 mediocrem
1232 1330 1298 1370 ex
1338 1315 1457 1385 ejus
1486 1312 1748 1368 societate
1778 1310 2016 1365 fructum
2050 1322 2139 1361 ca-

2243 1315 2475 1378 σπονδὰς
2501 1317 2594 1369 καὶ
2622 1314 2941 1384 συμμαχίαν
2965 1315 3355 1384 πεποιημένον.
3385 1308 3460 1369 Ob
3484 1317 3777 1386 χρησάμενοι

562 1415 803 1485 piemus.
828 1411 956 1466 Haec
978 1409 1112 1463 mihi
1148 1407 1459 1463 conducere
1487 1407 1541 1460 in
1575 1390 1816 1474 praesens
1842 1401 1957 1457 visa
1987 1409 2137 1456 sunt.

2240 1410 2304 1478 τῇ
2346 1407 2596 1478 δυνάμει,
2639 1407 2772 1477 πρός
2812 1423 2871 1459 τε
2917 1405 3301 1475 Διδυμότειχον
3345 1408 3667 1476 ἐπανήξομεν
3699 1426 3774 1461 τα-

578 1505 636 1560 Si
666 1502 792 1573 quis
822 1500 1046 1557 meliora
1079 1498 1349 1563 attulerit,
1386 1505 1444 1551 et
1484 1497 1603 1564 ipse
1630 1494 1813 1550 libens
1843 1496 2138 1562 obsequar,

2240 1498 2399 1569 χέως,
2431 1499 2523 1550 καὶ
2556 1497 2691 1567 πρὸς
2719 1495 2787 1549 τὰ
2817 1495 2950 1550 ἄλλα
2981 1497 3074 1550 τοῦ
3111 1497 3349 1567 πολέμου
3382 1497 3440 1549 οὗ
3474 1498 3655 1566 μέτριά
3676 1516 3773 1571 τινα

562 1604 620 1651 et
647 1596 784 1648 alios
815 1592 884 1646 ad
929 1590 1347 1660 obsequendum
1396 1588 1678 1645 inducam.
1720 1585 2002 1640 Hactenus
2036 1583 2139 1638 im-

2240 1588 2558 1658 ὡςρελοῦσαν
2582 1588 2779 1658 ἕξομεν
2801 1588 2901 1659 τὴν
2927 1589 3138 1642 ἐκείνου
3167 1589 3509 1660 συμμαχίαν.
3537 1589 3674 1660 Ἐμοὶ
3698 1592 3776 1660 μὲν

564 1694 812 1756 perator.
853 1683 1146 1738 Exercitus
1189 1690 1371 1735 autem
1417 1679 1642 1761 circiter
1677 1676 1848 1730 duum
1906 1676 2137 1730 millium

2243 1680 2336 1735 οὖν
2383 1679 2609 1734 τοιαῦτα
2664 1679 2809 1744 εδοξε
2846 1681 3145 1733 λυσιτελεῖν
3179 1683 3236 1732 ἐν
3271 1681 3349 1751 τῷ
3384 1681 3620 1751 παρόντι.
3654 1682 3705 1737 Ei
3732 1682 3777 1738 ἰί

566 1787 623 1832 et
671 1777 844 1832 duces
896 1776 1322 1842 responderunt,
1359 1785 1468 1824 non
1518 1783 1577 1824 se
1615 1769 1702 1823 vel
1736 1768 2136 1834 admonitione,

2242 1789 2367 1826 τινα
2415 1771 2611 1842 βελτίω
2660 1771 2886 1840 γνώμην
2932 1772 3122 1843 ἑτέραν
3174 1770 3297 1843 ἔχει,
3342 1790 3425 1836 τις
3469 1775 3777 1843 εἰσενεγκεῖν,

562 1867 649 1921 vel
682 1866 915 1922 consilio
962 1863 1235 1930 indigere,
1294 1862 1389 1916 sed
1415 1875 1538 1930 quae
1573 1859 1682 1914 Deo
1720 1867 1778 1914 et
1823 1857 2139 1928 imperatori

2241 1846 2411 1928 αὑτός
2438 1880 2495 1917 τε
2541 1864 2909 1934 πεισθήσομαι
2950 1863 3141 1934 ἡδέως,
3176 1864 3271 1917 καὶ
3302 1868 3420 1929 τοῖς
3458 1866 3628 1930 ἄλλοις
3663 1883 3778 1935 συμ-

565 1959 859 2029 placeant,
915 1955 1100 2010 omnia
1155 1954 1337 2010 facere
1395 1968 1459 2007 ac
1518 1952 1795 2006 sustinere
1856 1960 2139 2020 promptos

2242 1952 2539 2007 ϐουλεύσω.
2577 1951 2636 2006 Ὀ
2683 1951 2783 2021 μὲν
2827 1951 2920 2005 οὖν
2967 1951 3221 2022 βασιλεὺς
3265 1951 3496 2006 τοιαῦτα
3540 1950 3695 2007 εἶπεν.
3727 1953 3778 2006 Ἥ

562 2064 690 2106 esse
729 2067 744 2104 :
774 2059 832 2105 et
874 2049 956 2104 sic
985 2055 1356 2115 comparatos,
1389 2046 1505 2110 ipse
1534 2057 1646 2112 quo
1690 2036 1998 2098 consultius
2035 2056 2141 2111 pu-

568 2148 734 2203 taret,
789 2138 1037 2193 duceret.
1098 2135 1212 2191 lloc
1266 2134 1421 2190 brevi
1480 2147 1750 2203 responso
1795 2132 2141 2188 exhilaratus

566 2232 885 2304 imperator,
922 2231 1180 2286 tubarum
1225 2231 1483 2298 clangore
1528 2227 1872 2284 abscedendi
1921 2229 2136 2298 signum

567 2326 686 2382 dari
722 2325 886 2398 jussit
916 2341 932 2380 :
962 2324 1183 2396 jamque
1229 2322 1445 2380 caeteris
1487 2321 1883 2391 valedixerapt,
1913 2330 1969 2376 et
1996 2323 2138 2377 viam

570 2419 900 2487 carpebant.
949 2415 1358 2471 Thessalonica:
1392 2423 1576 2468 autem
1621 2414 1985 2485 Apocaucltus
2021 2429 2135 2469 ma-

563 2524 711 2582 gnus
754 2509 867 2564 dux
903 2508 1197 2564 tumultum
1255 2506 1311 2561 in
1351 2506 1597 2562 exercitu
1643 2506 1993 2577 imperatoris
2018 2506 2137 2562 fore

566 2602 751 2656 sciens
781 2599 1181 2672 (indicantibus
1209 2598 1286 2663 id,
1323 2597 1418 2667 qui
1456 2597 1596 2652 clam
1626 2612 1752 2653 cum
1778 2612 1848 2652 eo
1882 2596 1953 2652 de
2002 2611 2138 2665 pace

568 2688 823 2758 agebant)
848 2728 864 2752 ,
891 2688 1043 2741 velut
1074 2686 1335 2741 audacior
1369 2685 1567 2749 factus,
1592 2692 1677 2754 etg
1697 2684 1902 2754 aliquid
1944 2693 2137 2740 contra

567 2791 695 2830 eum
733 2790 793 2830 se
827 2774 1156 2829 eﬂecturum
1190 2786 1437 2842 sperans,
1472 2778 1744 2840 quotquot
1766 2780 1926 2826 erant
1956 2772 2013 2825 in
2041 2773 2139 2826 tri-

567 2866 816 2922 remibus
845 2872 1139 2919 armaturas
1165 2863 1370 2931 gravis,
1389 2871 1446 2916 et
1476 2862 1767 2932 sagittarii,
1788 2873 1847 2919 et
1873 2878 1942 2917 ex
1968 2862 2139 2918 Thes-

566 2954 813 3011 salonica
847 2962 1124 3024 quotquot
1153 2962 1377 3023 poterat
1416 2953 1700 3022 equitibus
1747 2964 1803 3009 et
1848 2955 2136 3025 utriusque

2243 2042 2472 2113 στρατιά
2500 2041 2557 2096 δὲ
2589 2041 2705 2112 ἅμα
2735 2042 2847 2104 τοῖς
2880 2041 3115 2110 ἡγεμόσι
3147 2043 3275 2112 περὶ
3304 2034 3597 2110 δισχιλίους
3622 2041 3779 2107 ὄντες,

2241 2134 2378 2187 Οὔτε
2394 2132 2796 2204 παραινέσεων,
2820 2126 3165 2202 εἷπον,χρεία
3190 2121 3326 2201 πρὸς
3344 2129 3556 2203 ἡμᾶς,ὥ
3571 2132 3780 2202 βασιλεῦ,

2238 2224 2363 2278 οὔτε
2388 2223 2773 2295 βουλευμάτων
2794 2239 2806 2252 ·
2833 2220 3144 2292 ams-seq.
3166 2240 3224 2275 τε
3244 2223 3344 2279 καὶ
3370 2224 3452 2277 σοὶ
3471 2223 3609 2277 δοκεῖ
3630 2224 3778 2278 πάντα

2240 2315 2500 2385 πράττειν
2534 2313 2630 2368 καλ⁸
2667 2311 2998 2382 ὑφίστασθαι
3039 2313 3560 2384 παρεσκευάσμεθα.
3594 2313 3671 2377 Ὠς
3704 2312 3781 2366 οὖν

2237 2403 2383 2460 οὕτω
2429 2402 2989 2477 παρεσκευασμένους
3040 2402 3202 2466 αὐτὸς
3260 2402 3388 2456 ὅποι
3426 2403 3568 2457 δοκεῖ
3605 2402 3780 2473 βέλτ;ον

2237 2499 2396 2577 ἡγοῦ.
2427 2499 2568 2570 Πρὸς
2598 2498 2690 2553 οὖν
2717 2498 2815 2569 τὴν
2845 2497 3103 2570 τοιαύτην
3135 2495 3502 2568 βραχυλογίαν
3533 2498 3621 2552 καὶ
3644 2499 3671 2551 6
3696 2496 3778 2567 βαι

2240 2593 2420 2656 σιλεὺς
2449 2591 2659 2662 ἡσθεὶς,
2691 2589 2911 2644 ἐκέλευε
2940 2592 3008 2661 τῇ
3044 2590 3305 2658 σάλπιγγι
3342 2590 3443 2661 τὴν
3470 2588 3780 2662 ἀναχώρησιν

2239 2683 2563 2751 σημαίνειν,
2599 2681 2692 2733 καὶ
2730 2680 3127 2750 συνταξάμενοι
3165 2680 3435 2752 ἐχώρουν.
3479 2682 3778 2751 Ἀπόκαυχος

2235 2773 2294 2827 δὲ
2323 2775 2351 2826 6
2383 2773 2555 2843 μέγας
2587 2771 2711 2838 δοὺξ
2744 2774 2800 2824 ἐν
2829 2772 3199 2844 Θεσσαλονίκῃ
3228 2774 3334 2842 τὴν
3364 2774 3615 2843 ἐσομένην
3640 2789 3778 2842 ταρα-

2236 2864 2336 2936 χὴν
2367 2865 2496 2937 περὶ
2523 2867 2621 2932 τὴν
2651 2863 2920 2933 βασιλέως
2955 2864 3218 2933 στρατιὰν
3248 2865 3413 2927 εἰδὼς
3433 2906 3449 2931 ,
3478 2866 3525 2918 οἰ
3558 2866 3655 2934 γάρ
3684 2863 3781 2917 62a-

2234 2957 2520 3027 λεγόμενοι
2551 2955 2735 3026 κρύφα
2758 2956 2895 3024 πρὸς
2917 2954 2977 3007 τὸ
2998 2954 3317 3008 διαλύεσθαι
3344 2957 3599 3027 ἐμήνυον·
3622 2955 3781 3025 ὥσπερ

565 3057 859 3102 armaturae
913 3046 1194 3115 peditibus
1226 3044 1446 3117 eductis
1499 3060 1786 3118 praeterea,
1818 3045 1987 3118 Syrge
2019 3047 2134 3118 (qui

2240 3034 2663 3118 ἀναθαρσήσας,
2697 3046 2785 3099 καί
2808 3033 2864 3099 τι
2896 3046 3038 3099 κατὰ
3070 3046 3342 3116 βασιλέως
3375 3048 3681 3117 δυνήσεσθαι
3706 3047 3779 3098 ἐλ-

564 3155 679 3196 non
714 3140 808 3194 diu
838 3148 965 3210 post
993 3154 1088 3193 rex
1116 3138 1393 3194 Armenire
1424 3139 1773 3194 renuntiatus
1797 3141 1903 3210 est)
1930 3149 1987 3195 et
2016 3139 2134 3195 Ilo-

564 3231 836 3306 nomacho
886 3229 1167 3301 praefecto,
1202 3244 1327 3284 cum
1375 3231 1445 3286 iis
1478 3244 1621 3300 quos
1668 3231 1861 3286 Pberis
1895 3231 2138 3287 adduxe.

567 3327 717 3385 rant,
749 3326 806 3373 et
834 3318 1061 3389 insuper
1098 3320 1278 3373 missis
1311 3318 1597 3390 Byzantio,
1631 3330 1687 3374 et
1709 3335 1742 3376 e
1769 3321 2000 3377 Thracia
2025 3323 2140 3378 col-

566 3412 724 3467 lectis
763 3411 936 3481 c0piis
968 3426 1091 3466 cum
1126 3410 1335 3465 Thoma
1370 3418 1428 3465 et
1472 3411 1795 3466 Andronico
1822 3413 2139 3486 Palaeologis

566 3504 802 3558 ducibus
829 3502 1146 3572 assumptis;
1177 3511 1326 3557 recta
1358 3502 1840 3573 Gynaeocastrum
1871 3505 2138 3562 adversus

566 3597 958 3665 imperatorem
1018 3594 1497 3664 progrediebatur.
1555 3593 1693 3651 Cum
1760 3597 1909 3652 haud
1975 3599 2138 3670 longe

563 3688 861 3752 abessent,
897 3685 952 3740 in
1000 3695 1456 3757 protostratorem
1502 3699 1840 3759 crateresque
1886 3689 2136 3749 deserto-

564 3794 657 3834 res
689 3777 964 3844 incidunt,
1006 3787 1063 3833 et
1105 3778 1178 3833 ita
1223 3778 1613 3850 imperatorem
1651 3793 1880 3836 numero
1916 3782 2139 3837 vincen-

566 3877 672 3935 tes,
701 3869 757 3923 in
788 3882 914 3922 eum
944 3867 1174 3949 vadunt.
1205 3868 1327 3923 Non
1363 3879 1545 3925 tamen
1594 3870 1663 3924 ad
1705 3886 1945 3941 pugnam
1973 3886 2140 3941 expe-

561 3961 666 4016 diti
699 3972 855 4015 eraut
882 3976 900 4022 ;
936 3969 1141 4015 norant
1165 3960 1438 4030 siquidem
1464 4003 1480 4028 ,
1508 3962 1739 4018 audacia
1760 4004 1776 4029 ,
1812 3963 2138 4018 fortitudine

564 4061 622 4106 et
675 4051 1071 4106 exercitatione
1128 4051 1377 4106 militari.
1404 4054 1577 4124 magis
1611 4068 1672 4109 se
1724 4053 1795 4108 ab
1828 4053 1936 4108 illis
1967 4054 2135 4122 vinci,

2241 3139 2406 3201 πίσας
2431 3139 2519 3192 διὰ
2544 3140 2642 3208 τὴν
2672 3138 2965 3208 προδοσίαν
2990 3139 3097 3192 τῶν
3126 3139 3422 3202 συνόντων,
3447 3140 3568 3200 τοὺς
3591 3136 3779 3197 ὁπλίτας

2239 3231 2355 3285 ὅσοι
2384 3226 2544 3301 ἦσαν,
2578 3231 2674 3283 καὶ
2704 3229 2892 3299 ψιλοὺς
2921 3229 3143 3294 τοξότας
3172 3230 3285 3283 τῶν
3321 3233 3585 3302 τριήρεων
3614 3228 3782 3296 ἐξαγα-

2239 3320 2373 3391 γὼν,
2397 3320 2488 3373 καὶ
2510 3322 2574 3373 ἐκ
2598 3320 2997 3389 θεσσαλονίκης
3018 3320 3178 3380 ὅσους
3207 3318 3450 3388 μάλιστα
3476 3321 3592 3390 ἐνῆν
3610 3318 3779 3379 ἰππέας

2238 3428 2299 3464 τε
2326 3413 2419 3466 καὶ
2447 3412 2671 3473 ὁπλίτας
2705 3412 2798 3463 καὶ
2830 3409 3022 3479 ψιλοὺς
3043 3450 3058 3475 ,
3089 3413 3185 3463 καὶ
3218 3412 3437 3482 Συργὴν
3467 3411 3525 3474 ὃς
3553 3410 3636 3464 καί
3664 3408 3779 3479 μετᾶ

2243 3503 2438 3574 μικρὸν
2456 3503 2557 3574 ρὴξ
2577 3502 2918 3556 άνεδείκνυτο
2944 3502 3259 3573 Ἀρμενίας,
3278 3504 3375 3556 καὶ
3392 3502 3482 3556 τὸν
3497 3501 3779 3572 Μονομάχον

2239 3594 2480 3667 ἔπαρχον
2508 3594 2760 3663 ἔχοντας,
2791 3593 2884 3654 οὒς
2910 3593 3065 3647 αὐτοὶ
3096 3594 3160 3647 ἐκ
3189 3594 3378 3665 Φερῶν
3403 3587 3534 3666 ἧκον
3557 3593 3777 3662 ἄγοντες,

2239 3685 2319 3738 ἔτι
2354 3686 2411 3739 δὲ
2447 3687 2545 3739 καὶ
2580 3684 2679 3756 τὴν
2705 3686 2788 3754 ίὲκ
2830 3683 3125 3749 Βυζαντίου
3168 3687 3261 3739 καὶ
3301 3685 3522 3757 Θρᾴκης
3558 3680 3780 3753 στρατιὰν

2239 3777 2356 3848 ἆμα
2382 3779 2710 3850 ’στρατηγοῖς
2743 3778 2916 3848 Θωμᾷ
2947 3778 3040 3831 καὶ
3077 3777 3411 3848 Ἀνδρονίκῳ
3437 3780 3546 3842 τοῖς
3577 3775 3778 3830 Παλαιο-

2238 3872 2417 3940 λόγοις
2448 3869 2804 3941 παραλαϐὼν,
2832 3870 2963 3923 εὐθὺ
2995 3869 3474 3941 Γυναικοκάστρου
3501 3869 3632 3923 κατὰ
3657 3865 3780 3937 βασι-

2237 3960 2375 4023 λέως
2406 3959 2624 4032 ἐχώρει.
2648 3962 2709 4013 Ui
2728 3960 2783 4013 δὲ
2821 3962 2946 4012 ἐπεὶ
2975 3955 3117 4030 ἦσαν
3147 3961 3342 4028 ἐγγὺς,
3377 3958 3778 4031 πρωτοστράτορι

2238 4055 2333 4108 καὶ
2357 4058 2422 4123 τῇ
2455 4052 2841 4124 συναποστάσῃ
2872 4051 3132 4121 βασιλέωέ
3163 4052 3302 4126 ἄλλῃ
3335 4053 3560 4124 στρατιᾷ
3590 4065 3778 4120 περιτυ-

518 4162 537 4173 ί
563 4156 730 4212 quam
768 4140 872 4212 ipsi
903 4141 1028 4195 illos
1078 4157 1312 4197 numero
1383 4144 1714 4211 vincerent;
1753 4144 2017 4215 .ideoque
2048 4144 2137 4198 iu-

2240 4149 2449 4220 χόντες,
2493 4148 2590 4201 καὶ
2633 4147 3027 4202 πολλαπλάσιοι
3070 4146 3358 4217 γενόμενοι
3400 4148 3506 4202 τῶν
3547 4145 3780 4200 συνόντων.

562 4244 775 4291 structa
809 4235 929 4289 acie
963 4235 1029 4289 ad
1056 4250 1255 4289 manus
1294 4235 1484 4292 venire
1508 4238 1824 4292 consultum
1862 4237 2008 4292 haud
2037 4252 2139 4308 pu-

564 4326 756 4383 tabant
784 4343 799 4379 :
835 4327 1028 4395 procul
1068 4335 1252 4380 autem
1280 4326 1612 4394 fremebant,
1645 4328 2026 4397 clamoresque
2055 4329 2135 4381 al-

562 4427 651 4473 tos
694 4417 998 4489 iactabant,
1025 4417 1388 4482 confidentes,
1421 4418 1527 4472 hoc
1573 4418 1737 4472 modo
1774 4418 1999 4473 ordines
2027 4420 2137 4474 dis-
2165 4399 2216 4459 D

559 4509 957 4580 ittrbtrtutn,.et
983 4509 1065 4563 ob-
1089 4508 1142 4563 id
1165 4509 1278 4579 jam
1313 4509 1539 4563 territos
1570 4510 1626 4563 in
1678 4509 1860 4579 fugam
1902 4511 2137 4567 etl‘usutn

566 4608 657 4662 lri.
693 4606 1114 4661 Cantacuzenus
1143 4618 1214 4657 ne
1248 4601 1366 4671 ipse
1408 4600 1660 4671 quidem,
1691 4602 1795 4656 nisi
1827 4615 2140 4673 eoseretur,

563 4697 975 4767 conﬂigendum
1028 4692 1335 4749 statuebat.
1367 4691 1474 4747 Pro
1508 4693 1910 4749 consuetudine
1956 4705 2140 4750 autem

560 4793 743 4846 .vcteri
775 4803 928 4842 ntore
953 4786 1198 4840 exercitu
1231 4784 1520 4855 disposito,
1555 4790 1613 4837 et
1644 4785 1851 4855 Angelo
1876 4786 2140 4855 pincerna

501 4925 508 4932 ,
563 4885 704 4938 αυτὸ
749 4876 1031 4948 praefecto,
1064 4875 1183 4944 ipse
1212 4890 1342 4931 cunt
1369 4872 1691 4930 fortissimis
1719 4885 2027 4945 extremum
2061 4887 2142 4934 te-

565 4988 708 5030 nens
737 4984 955 5038 agmen,
1011 4967 1091 5022 sic
1122 4969 1424 5022 inStructos
1445 4967 1673 5037 jubebat
1703 4970 1984 5039 incedere,
2018 4976 2139 5030 sine

564 5063 827 5133 strepitu,
870 5059 1039 5131 488
1070 5074 1174 5115 nec
1209 5058 1279 5114 ad
1316 5060 1669 5129 insequentes
1717 5078 2039 5129 conversos,
2079 5079 2141 5120 se

564 5158 771 5226 quippe
827 5153 952 5208 illos
1014 5161 1400 5219 excepturum,
1426 5151 1472 5207 si
1538 5152 1880 5210 invaderent.
1944 5152 2142 5245 Hostes

562 5250 713 5305 lente
767 5245 1033 5311 insecuti,
1085 5258 1146 5297 ut
1190 5244 1492 5312 composite
1536 5243 1806 5300 abeuntes
1857 5243 2137 5311 viderunt,

565 5353 671 5393 nec
717 5335 971 5390 dubitare
1012 5340 1337 5403 potuerunt,
1386 5333 1496 5387 vim
1531 5350 1562 5388 ιι
1600 5349 1660 5389 se
1694 5336 2138 5404 propulsat-mos,

565 5429 779 5499 abiecta
841 5438 939 5496 spe
998 5423 1268 5489 victoriae,
1332 5423 1778 5480 Thessalonicam
1833 5425 2138 5493 redierunt,

563 5519 885 5591 gaudentes,
933 5522 988 5572 et
1035 5531 1219 5586 paeana
1276 5524 1557 5581 canentes,
1595 5516 1837 5586 satisque
1885 5532 2137 5589 magnam

565 5608 854 5666 victoriam
912 5608 1043 5675 rati,
1099 5608 1248 5679 quod
1276 5607 1526 5662 Romano
1570 5607 1687 5663 solo
1747 5608 2136 5677 imperatorem

567 5701 837 5772 expellere
876 5705 1205 5773 potuissent.
1249 5700 1566 5757 Desertores
1614 5700 1985 5771 imperatoris,
2030 5700 2128 5757 ubi

2238 4240 2470 4311 βασιλεῖ,
2499 4239 2729 4311 ἠλαυνον
2756 4240 2844 4293 ἐπ’
2871 4240 3099 4293 ἐκεῖνον.
3130 4240 3206 4292 Οὐ
3240 4240 3430 4310 μέντοι
3458 4235 3593 4310 ἦσαν
3639 4249 3777 4304 παρε-

2240 4327 2606 4397 σκευασμένοι
2646 4328 2721 4390 ὡς
2769 4327 3144 4398 μαχούμενον
3176 4327 3379 4399 ᾔδεσαν
3426 4332 3532 4397 γὰρ
3567 4324 3775 4381 ἐκείνους

2241 4421 2421 4494 τόλμῃ
2456 4421 2552 4472 καὶ
2581 4419 2773 4490 ἀνδρίᾳ
2803 4420 2899 4472 καὶ
2934 4421 3000 4489 τῇ
3034 4419 3165 4489 περὶ
3189 4419 3260 4472 τὰ
3287 4420 3526 4489 πολέμια
3552 4414 3777 4487 ἐμπειρίᾳ

2245 4512 2448 4582 μᾶλλον
2481 4509 2850 4578 ὑπερέχοντας
2908 4508 3109 4573 αὐτῶν,
3145 4508 3177 4578 ἦ
3229 4507 3357 4562 ὅσον
3412 4508 3627 4561 ἐκείνων
3653 4502 3795 4556 αὐτοὶ,

2239 4602 2318 4672 τῷ
2355 4601 2568 4671 πλήθει.
2623 4601 2734 4654 Καὶ
2788 4600 2874 4651 διά
2923 4598 3084 4652 τοῦτο
3136 4600 3551 4669 συμπλέκεσθαι
3597 4597 3685 4668 μὲν
3727 4593 3777 4644 ὲκ

2241 4693 2603 4771 παρατάξεως
2650 4691 2753 4745 οὑκ
2806 4689 3154 4760 ἐδοκίμαζον.
3192 4691 3488 4762 Πόρρωθεν
3526 4690 3580 4743 δὲ
3618 4682 3777 4754 ἐθορύ-

2240 4786 2371 4839 ϐουν
2403 4787 2494 4837 καὶ
2529 4784 2680 4854 βοαῖς
2726 4783 2966 4854 ἐχρῶντο
3018 4787 3115 4835 καὶ
3155 4783 3533 4852 ἀλαλαγμοῖς,
3580 4782 3777 4849 οἰόμενοι

2240 4880 2338 4948 τὴν
2363 4875 2516 4941 τάξιν
2541 4876 2683 4929 οὕτω
2712 4874 2985 4929 διαλύσειν
3017 4876 3113 4927 καὶ
3135 4875 3435 4945 τρέψεσθαι
3472 4874 3603 4944 πρὸς
3630 4866 3776 4939 φυγὴν

2241 4969 2685 5040 τεταραγμένους
2717 4967 2823 5020 ὑπὸ
2845 4967 3214 5037 διχοστασας.
3238 4965 3504 5028 Βασιλεὺς
3524 4966 3577 5017 δὲ
3603 4964 3629 5015 6
3655 4960 3777 5013 Καν·

2240 5060 2595 5131 τακουζηνὸς,
2629 5058 2736 5111 οὐδ’
2769 5060 2931 5123 αὐτὸς
2957 5059 3055 5129 μὲν
3075 5056 3212 5128 ᾧετο
3237 5058 3347 5110 δεῖν
3378 5050 3773 5127 συμπλέκεσθαε.

2240 5155 2290 5206 εἰ
2317 5153 2557 5223 μὴ’παρ’
2601 5152 2828 5205 ἐκείνων
2867 5150 3249 5219 ἀναγκάζοιτο.
3289 5151 3434 5221 Πρὸς
3477 5148 3595 5210 έθος
3626 5140 3776 5210 δὲτὴν

2242 5247 2424 5299 πᾶσαν
2460 5245 2722 5314 στρατιὰν
2754 5243 3044 5309 συντάξας,
3082 5246 3178 5297 καὶ
3215 5243 3462 5313 ἡγεμόνα
3491 5239 3578 5294 τοῦ
3606 5236 3776 5294 παντὸς

2244 5336 2508 5406 ’Ἄγγελον
2535 5337 2863 5405 ἐπιστήσας,
2888 5336 3051 5399 αὐτὸς
3077 5337 3176 5404 τὴν
3208 5334 3475 5403 οὐραγίαν
3503 5331 3632 5401 ἔχων
3661 5321 3777 5396 μετά

2240 5429 2348 5483 τῶν
2383 5429 2644 5498 ἀρίστων,
2693 5429 2913 5480 ἐκέλευε
2966 5427 3202 5497 βαδίζειν
3250 5425 3617 5495 τεταγμένως,
3659 5418 3775 5486 μήτε

2242 5518 2631 5590 θψνῦοὖντας,
2674 5521 2811 5590 μήτε
2839 5520 2975 5590 πρὸς
3001 5519 3129 5582 τοὺς
3162 5518 3390 5573 κατόπιν
3420 5510 3778 5573 ἐπιόνταςὲπιο

2245 5611 2687 5681 στρεφομένους,
2742 5610 2817 5675 ὡς
2873 5610 3041 5664 αὑτοῦ
3108 5610 3488 5681 ἀμυνουμένου
3548 5607 3613 5661 ᾇν
3656 5612 3777 5658 τινες

2246 5700 2495 5760 ἐπίωσιν.
2555 5703 2622 5757 Οἰ
2672 5701 2731 5758 δέ
2786 5700 2875 5756 ἐπ’
2936 5702 3114 5774 ὀλίγον
3172 5698 3630 5771 ἀκολουθήσαντες
3675 5685 3779 5769 ἐπί)
