4062 6290
579 405 683 468 94¹ί

1747 407 2070 470 JUANNIS
2109 404 2642 470 CANTACUZENI
3699 401 3787 466 9‘8

577 516 672 573 Stc
706 519 947 589 approbe
979 519 1222 585 irrisum,
1255 530 1312 576 et
1345 519 1583 589 turpiter
1611 519 2031 590 triumphatum,
2069 520 2140 574 si-

2250 536 2356 574 σιν.
2414 518 2480 572 Oi
2541 517 2598 571 δὲ
2658 516 2750 570 ἐπὶ
2821 515 2953 594 μίαν
3021 514 3130 569 τῶν
3192 514 3466 586 τριήρεων
3521 515 3786 585 ἀναγαγόν-

579 610 782 664 militcr
822 611 1028 679 raptari
1077 613 1130 665 in
1164 626 1444 666 carcerem
1484 611 1667 682 jussit.
1702 610 1950 666 Postlttec
1982 611 2149 666 rebus

578 698 1171 756 Thessalonicensibus
1221 717 1320 772 pro
1365 702 1634 756 arbitratu
1682 703 1927 771 digestis,
1968 702 2150 756 omni-

574 793 790 861 busque
819 796 886 846 ad
940 808 1090 847 arma
1147 804 1341 848 contra
1400 793 1790 863 imperatorem
1852 794 2147 866 instigatis,

577 885 694 952 ipse
725 883 882 947 mari,
922 884 1206 952 equitatus
1256 893 1404 940 terra
1455 885 1775 956 Byzantium
1828 903 1885 940 se
1916 889 2146 956 recepit.

575 973 997 1028 Cantacuzenus
1026 989 1054 1028 a
1085 974 1384 1045 Byzantino
1415 986 1471 1030 et
1510 977 1988 1034 Thessalonicensi
2012 977 2148 1034 sub-

574 1064 764 1126 sidiis,
794 1077 1030 1133 pugnam
1073 1067 1456 1121 recusantibus
1490 1084 1555 1122 ac
1599 1069 2011 1126 discedentibus
2049 1071 2149 1126 de-

574 1155 824 1220 stitutus,
863 1155 1076 1225 reliquo
1126 1157 1232 1211 diei
1281 1157 1387 1212 iter
1413 1175 1600 1228 agens,
1631 1160 1698 1213 ad
1751 1161 1934 1214 fauces
1983 1177 2150 1230 angu-

572 1247 828 1310 stiarum,
851 1249 1005 1318 juxta
1028 1250 1369 1312 Prosiacum
1412 1248 1782 1320 pernoctavit.
1813 1252 1982 1306 Porro
2014 1255 2146 1307 Pro-

572 1337 804 1395 siaeum.
862 1338 977 1415 siye
1019 1339 1339 1404 Prosacum,
1390 1342 1676 1394 castellum
1724 1351 1808 1396 est
1844 1343 2149 1398 munitissi-

571 1444 722 1482 mum
747 1429 883 1499 (98),
909 1431 964 1483 in
996 1431 1135 1486 colle
1160 1432 1350 1500 situm,
1370 1435 1516 1502 quod
1546 1435 1820 1503 quondam
1856 1435 1910 1488 in
1941 1435 2149 1492 ditione

492 1516 496 1521 ’
574 1521 946 1577 Romanorum
1007 1524 1294 1588 manebat,
1355 1526 1609 1595 belloque
1662 1527 2147 1591 Andronicorum,

573 1612 704 1666 odio
741 1613 980 1683 junioris
1024 1613 1350 1677 Andronici,
1389 1630 1419 1669 a
1468 1606 2148 1684 praesidiariis‘Triballo-

587 1721 707 1758 rum
756 1705 993 1774 principi
1039 1707 1183 1760 ultro
1230 1706 1556 1760 transditutu
1613 1709 1815 1768 fuerat,
1846 1721 1900 1761 et
1950 1724 2048 1778 per
2096 1709 2148 1763 id

580 1808 797 1867 tempus
847 1813 878 1852 a
929 1797 1168 1867 quodam
1235 1798 1500 1854 Michaele
1553 1782 1822 1854 con‘cessu
1885 1801 2151 1871 principis

553 1873 989 1959 lpossidebatur.
1027 1891 1128 1958 Qui
1165 1907 1289 1946 cum
1339 1909 1407 1948 ex
1452 1893 1770 1950 domesticis
1805 1894 2152 1963 imperatoris

575 1992 723 2039 esset
756 1990 840 2047 (ut
888 1985 1006 2052 ipse
1061 1994 1247 2055 postea
1289 1981 1580 2056 narravit).
1629 1985 1700 2040 ob
1749 1985 1938 2040 nescio
1985 2001 2148 2056 quam

576 2090 798 2130 causam
831 2077 900 2129 ad
939 2076 1156 2132 Cralem
1205 2077 1540 2146 perfugerat.
1573 2076 1711 2132 Tum
1756 2093 1887 2132 vero
1941 2080 2152 2135 exerci-

575 2180 690 2220 tum
723 2178 1211 2224 castrametantem
1244 2170 1502 2235 intuitus,
1532 2178 1587 2223 et
1613 2169 1890 2226 Romanos
1914 2188 2058 2234 esse.
2087 2189 2152 2229 ac

575 2259 1023 2330 depopulationis
1063 2276 1197 2331 ergo
1241 2262 1510 2316 advenire
1558 2271 1742 2325 ratus.
1789 2263 2032 2333 pedestri
2095 2275 2152 2321 et

575 2352 821 2419 equestri
846 2359 1053 2421 quanta
1081 2352 1313 2406 maxima
1346 2352 1528 2422 potuit
1551 2363 1740 2408 coacta
1769 2369 1957 2419 manu,
1985 2365 2148 2410 noctu

573 2443 857 2512 augustius
898 2444 1016 2498 illas
1046 2444 1474 2513 praeoccupavit,
1511 2453 1568 2499 et
1605 2445 1783 2514 prima
1816 2445 1938 2500 luce
1959 2446 2024 2499 ad
2053 2461 2150 2500 eos

574 2532 808 2587 transitu
835 2533 1662 2604 prohibendos.accingebatur.
1698 2534 2023 2605 Imperator,
2055 2535 2148 2590 ubi

573 2626 722 2694 ipsos
749 2625 991 2694 regionis
1032 2625 1303 2680 tutissima
1337 2625 1583 2680 insidere
1619 2628 1928 2696 conspexit,
1959 2635 2022 2681 ut
2049 2627 2150 2681 im-

582 2715 928 2784 pressionem
976 2717 1247 2782 facturus,
1279 2717 1442 2788 490
1486 2719 1716 2774 militem
1755 2735 1950 2790 capere
1995 2736 2148 2776 arma

561 2804 793 2874 'jussit;
833 2796 970 2859 nihil
1006 2804 1154 2860 enim
1205 2807 1403 2860 melius
1441 2806 1694 2861 dabatur.
1726 2807 1999 2862 Caeterum
2050 2805 2148 2861 Mi-

585 2896 742 2952 chael
786 2905 843 2952 et
891 2901 1193 2953 exercitum
1221 2899 1336 2968 ,qui
1375 2909 1542 2962 esset,
1578 2910 1633 2954 et
1675 2898 1960 2954 ductorem
1987 2915 2149 2956 nosse

586 3005 774 3056 avens,
796 2993 1024 3061 prapius
1052 2991 1118 3044 ad
1147 3001 1324 3046 castra
1359 2991 1541 3045 ferens
1571 2990 1802 3057 aditum,
1826 2994 2149 3048 nonnullos-

573 3097 682 3150 que
729 3097 796 3136 ex
845 3081 1214 3149 familiaribus
1246 3090 1302 3136 et
1333 3082 1525 3136 amicis
1546 3082 1736 3150 procul
1776 3083 2146 3152 conspiciens.

2249 627 2342 672 τες
2399 609 2493 662 καὶ
2539 608 2630 662 τοῦ
2707 596 2894 680 δήμου
2943 607 3130 677 σχεδὸν
3203 607 3312 660 τῶν
3384 606 3787 660 Θεσσαλονικέων

2253 700 2453 764 παντὸς
2515 699 2826 770 παρόντος,
2885 699 2954 752 τὰ
3027 699 3302 768 μοναχῶν,
3378 696 3564 766 ὥσπερ
3620 698 3784 750 εἴωθεν

2249 790 2649 861 ἠμφιεσμένον,
2721 790 3002 853 ἐπέθηκαν
3056 791 3123 860 τῇ
3198 788 3408 860 κεφαλῇ
3459 789 3608 840 πῖλόν
3662 789 3786 853 τι,ὂ

2247 885 2363 947 τοῖς
2441 883 2657 946 πολλοῖς
2741 884 2837 936 καὶ
2907 881 3185 953 δημώδεσι
3254 880 3364 936 τῶν
3446 881 3662 950 Περσῶν
3711 880 3787 932 ἐπὶ

2249 974 2350 1043 τῆς
2414 974 2660 1044 κεφαλῆς
2716 976 2908 1047 φορεῖν
2986 973 3132 1040 ἔθος,
3179 971 3487 1042 ’λαμπάδας
3529 987 3586 1025 τε
3633 972 3814 1041 ἡμμέο“

2250 1081 2348 1126 νας
2435 1066 2778 1136 ἀμφοτέραις
2872 1067 3129 1135 κατέχειν
3224 1063 3626 1132 ἀναγκάζοντες
3687 1064 3785 1125 ταῖς

2249 1156 2468 1226 χερσὶν,
2544 1156 2770 1210 ὄπισθεν
2829 1157 2931 1227 μὲν
2999 1155 3285 1219 ἐλάκτιζον
3355 1156 3450 1206 ἐπὶ
3505 1154 3592 1206 τὸν
3657 1170 3785 1221 apto-

2250 1249 2398 1302 κτόν.
2485 1244 2616 1301 Εἶτα
2682 1249 3018 1320 παριόντες,
3095 1247 3410 1317 ἔμπροσθεν
3481 1244 3784 1315 ἠσπάζοντο,

2251 1335 2444 1406 Οὗτος,
2501 1339 2852 1404 ἐπιϐοῶντες,
2884 1341 2912 1393 ό
2961 1340 3312 1410 πατριάρχης
3344 1337 3786 1405 Καντακουζηνοῢ.

2222 1432 2408 1500 ,Μετὰ
2458 1431 2516 1508 δε
2547 1431 2646 1501 τὴν
2691 1431 2892 1501 πολλὴν
2942 1431 3162 1503 ἐκείνην
3230 1430 3548 1501 ἐρεσχελίαν
3586 1429 3675 1482 καὶ
3713 1429 3788 1482 τὸν

2251 1521 2521 1592 θρίαμϐον
2545 1523 2636 1574 τὸν
2661 1523 2876 1591 ἄτιμον,
2904 1521 3129 1574 ἐκέλευε
3157 1523 3250 1574 καὶ
3281 1521 3445 1574 αὐτὸν
3489 1521 3568 1583 είς
3610 1519 3787 1589 δεσμω-

2249 1613 2440 1682 τήριον
2474 1613 2732 1680 ἀπάγειν.
2765 1613 2922 1666 Μετὰ
2951 1611 3008 1665 δὲ
3033 1612 3214 1678 τοῦτο,
3247 1611 3316 1666 τὰ
3363 1613 3421 1665 ὲν
3455 1611 3784 1682 Θεσσαλονίκῃ

2251 1696 2554 1773 πράγματα
2594 1702 2668 1764 ὡς
2696 1702 2760 1755 ἂν
2789 1701 2942 1772 αὖτῷ
2975 1702 3152 1756 ἐδόκει
3183 1702 3384 1774 ἄριστα
3437 1703 3783 1772 οἰκονομήσας,

2253 1795 2346 1847 καὶ
2375 1795 2512 1865 πρὸς
2549 1795 2640 1848 τὸν
2683 1794 2815 1866 πρὸς
2850 1795 3080 1865 βασιλέα
3129 1797 3370 1865 πόλεμον
3402 1797 3607 1857 πάντας
3638 1810 3788 1864 παρα-

2254 1887 2441 1955 θήξας,
2470 1887 2634 1946 αὐτὸς
2673 1886 2772 1954 μὲν
2807 1889 2872 1940 ἑκ
2911 1886 3208 1957 θαλάσσης,
3239 1889 3273 1956 ἠ
3321 1888 3487 1948 ἵππος
3536 1885 3590 1938 δὲ
3632 1886 3686 1937 ὲκ
3707 1883 3786 1952 τῆς

2254 1977 2484 2048 ἠπείρου
2517 1981 2597 2040 είς
2651 1977 2949 2042 Βυζαντίον
3004 1978 3328 2049 ἀνέστρεφε.
3391 1978 3643 2040 Βασιλεὺς
3681 1978 3728 2030 δὲ
3766 1979 3789 2030 ό

2253 2068 2715 2139 Καντακουζηνὸς
2749 2070 2886 2140 μετὰ
2919 2069 3020 2139 τὴν
3055 2071 3120 2123 ἐκ
3167 2069 3467 2134 Βυζαντίου
3495 2070 3585 2122 καὶ
3615 2067 3792 2122 Θεσσαο

2253 2161 2474 2230 λονίκης
2506 2162 2769 2231 στρατιὰν
2811 2161 2976 2215 αὑτοῦ
3011 2162 3371 2232 ἀναχωρῆσαι
3418 2165 3549 2232 πρὸς
3574 2164 3661 2231 τὴν
3691 2162 3782 2231 pi-

2254 2271 2356 2324 χην
2388 2253 2760 2318 ἀπειποῦσαν,
2795 2253 2854 2305 τὸ
2885 2253 3166 2306 ἐπίλοιπον
3201 2253 3322 2306 esse
3337 2272 3433 2316 σας
3461 2255 3554 2323 τῆς
3583 2252 3788 2323 ἡμέρας,

2257 2345 2410 2415 παρὰ
2429 2344 2539 2398 τῶν
2570 2345 2870 2413 Προσοίκου
2909 2344 3112 2397 στενῶν
3156 2345 3256 2415 τὴν
3287 2345 3540 2416 εἰσϐολὴν
3567 2345 3792 2416 ηὐλίσατο

2251 2441 2352 2512 τὴν
2398 2440 2590 2494 νύκτα.
2633 2439 2693 2492 '0
2724 2439 2783 2492 δὲ
2829 2440 3127 2511 Πρόσοικος
3183 2433 3348 2502 οὗτος
3425 2440 3668 2510 φρούριόν
3696 2439 3792 2491 ἐστι

2253 2531 2672 2603 καρτερώτατον
2711 2532 2802 2585 ἐπὶ
2855 2532 3021 2601 λόφου
3073 2533 3368 2603 ίδρυμένον
3395 2550 3409 2564 ·
3443 2533 3471 2589 ὃ
3521 2533 3675 2585 πάλαι
3712 2531 3792 2598 μὲν

2253 2625 2357 2678 ὑπὸ
2385 2624 2496 2678 τῶν
2531 2625 2821 2693 Ῥωμαίων
2850 2623 3150 2695 ἠγεμονίαν
3179 2623 3434 2687 διετέλει,
3481 2622 3613 2676 κατὰ
3648 2620 3699 2674 δὲ
3719 2622 3791 2672 τδν

2255 2715 2523 2786 βασιλέων
2565 2714 2924 2785 Ἀνδρονίκων
2951 2716 3086 2785 πρὸς
3119 2715 3391 2784 ἀλλήλους
3438 2714 3653 2783 πόλεμον
3679 2710 3791 2778 πρὸς

2251 2809 2343 2861 τὸν
2407 2807 2647 2878 ἄρχοντα
2701 2807 2812 2861 τῶν
2879 2807 3167 2878 Τρισαλῶν
3231 2808 3341 2861 ὑπὸ
3408 2811 3516 2861 τῶν
3571 2805 3792 2875 κατεχόν-

2252 2914 2360 2952 των
2389 2900 2623 2953 ἑκόντων
2650 2899 2926 2970 παρεδόθη
2962 2900 3108 2969 μίσει
3132 2899 3209 2969 τῷ
3237 2898 3381 2969 πρὸς
3398 2900 3488 2952 τὸν
3520 2898 3630 2950 νέον
3665 2895 3792 2965 βασιο

2250 2989 2368 3043 λέα.
2396 2989 2530 3043 Τότε
2564 2990 2621 3044 δὲ
2657 2990 2764 3044 ὑπὸ
2821 2989 3044 3058 Μιχαήλ
3073 3005 3226 3051 τινος
3261 2988 3364 3041 τοῦ
3415 2985 3681 3056 Τριδαλῶν
3707 2983 3790 3049 ἁρ-

2251 3098 2439 3152 χοντος
2486 3083 2822 3154 παραδόντος
2869 3082 3178 3149 ἐκρατεῖτο,
3221 3079 3280 3144 ὃς
3331 3079 3400 3148 δὴ
3458 3075 3680 3147 Μιχαὴλ,
3699 3073 3787 3124 τῶν

573 3173 899 3228 nominatim
929 3189 1026 3230 eos
1065 3174 1322 3243 appellat,
1357 3182 1413 3228 et
1446 3174 1513 3229 de
1553 3173 1695 3229 duce
1734 3185 2146 3243 percunctatur.

2261 3177 2527 3248 βασιλέως
2579 3176 2824 3241 οἰκείων,
2868 3175 2943 3236 ὡς
2980 3177 3206 3244 ὕστερον
3238 3173 3406 3230 αὐτὸς
3436 3172 3675 3237 ἔφασκεν,
3707 3164 3786 3225 ὢν,

573 3265 739 3320 Audit
766 3265 1160 3335 imperatorem
1183 3267 1628 3321 Cantacuzenum
1655 3281 1775 3320 esse
1799 3283 1813 3321 :
1837 3281 1939 3321 nec
1969 3282 2142 3336 mora,

572 3354 720 3412 illico
752 3355 984 3423 accedit,
1024 3357 1220 3426 pedem
1267 3357 1572 3420 osculatus,
1625 3357 1868 3427 seipsum
1917 3358 2143 3426 indicat,

573 3455 631 3503 et
660 3447 971 3503 infortunio
1000 3449 1120 3518 ejus
1156 3448 1368 3512 dolens,
1404 3459 1570 3518 atque
1599 3448 1668 3503 ad
1711 3457 1912 3503 caetera
1953 3465 2142 3518 prom-

571 3538 886 3604 ptissimus,
921 3537 1034 3592 Deo
1065 3538 1266 3593 uberes
1295 3539 1407 3609 agit
1437 3539 1665 3607 gratias.
1699 3554 1825 3593 cum
1860 3539 1967 3596 hoc
2003 3549 2145 3596 tem-

571 3641 708 3698 pore
738 3627 842 3682 sibi
883 3638 1164 3694 occurrat,
1199 3644 1310 3697 quo
1346 3644 1505 3684 suum
1549 3629 1792 3684 animum
1833 3647 1960 3700 erga
1991 3631 2147 3686 illum

571 3718 836 3774 omnibus
866 3728 1122 3774 testatura
1161 3721 1340 3775 facere
1386 3731 1572 3788 queat.
1610 3721 1651 3776 Τ
1659 3723 1925 3777 ransitum
1982 3724 2148 3794 igitur

572 3810 695 3866 sine
745 3811 1063 3866 dillicultate
1111 3813 1459 3882 permittens,
1499 3828 1598 3884 pro
1637 3815 1795 3885 copia
1842 3815 2146 3872 exercitum

572 3901 816 3974 hOSpitio
855 3904 1096 3974 accipit;
1126 3920 1236 3974 quo
1288 3921 1419 3960 usus
1461 3915 1545 3978 est
1591 3922 1658 3961 eo
1708 3906 1798 3962 die
1848 3907 2150 3977 imperator

573 3993 741 4047 etiam
773 3993 864 4047 illa
889 3993 957 4048 de
984 4009 1169 4060 causa,
1203 4003 1264 4048 ut
1305 3995 1568 4051 nimirum
1605 3998 1675 4052 de
1701 4008 2008 4055 commeatu
2034 4001 2150 4055 suis

572 4084 1010 4154 prospiceretur,
1039 4101 1152 4154 quo
1201 4087 1540 4142 omnimodis
1586 4089 1840 4159 egebant.
1875 4091 2150 4148 Postridie

571 4175 884 4242 discedens,
918 4177 1058 4232 Axio
1089 4179 1414 4234 transmisso
1445 4179 1553 4235 iter
1591 4180 1867 4250 Scopiam,
1891 4191 1948 4238 et
1974 4184 2148 4252 ipsam

572 4268 702 4322 olim
737 4268 1021 4331 Romanis,
1057 4285 1207 4324 nunc
1251 4271 1321 4346 ab
1359 4271 1519 4326 anuis
1550 4287 1662 4326 non
1701 4274 1893 4341 paucis
1937 4273 2151 4328 Tribal-

570 4356 754 4430 lorum
813 4358 1010 4414 ditioni
1056 4360 1360 4431 subjectam
1413 4360 1671 4416 intendit.
1725 4350 2152 4431 Blessum‘pro-

571 4450 813 4519 gressuri
866 4450 1054 4522 (quam
1100 4453 1291 4506 urbem
1333 4451 1565 4506 Triballi
1619 4466 1773 4522 aeque
1819 4461 1878 4506 ut
1920 4461 2149 4509 caeteras

2247 3270 2384 3340 πρὸς
2413 3269 2636 3340 Χράλην
2653 3268 3082 3338 αὐτομολήσειεν
3104 3265 3167 3318 ἐκ
3185 3281 3330 3327 τινος
3363 3265 3557 3325 αἰτίας.
3591 3261 3708 3313 Τότε
3733 3255 3785 3325 δὴ

2248 3364 2349 3432 τὴν
2381 3360 2648 3430 στρατιὰν
2686 3357 2812 3413 ίδὼν
2847 3356 3446 3427 ἑστρατοπεδευμένην,
3481 3355 3568 3406 καὶ
3595 3350 3786 3419 νομίσας

2259 3451 2544 3522 Ῥωμαίων
2575 3449 2743 3504 οὖσαν
2775 3450 2869 3502 ἐπὶ
2893 3449 3045 3502 λείαν
3071 3449 3271 3520 ἥκειν,
3303 3445 3507 3511 πεζούς
3542 3461 3595 3496 τε
3618 3443 3699 3524 καὶ
3723 3440 3786 3490 ἱπ-

2251 3544 2387 3605 πέας
2434 3543 2594 3605 ὅσους
2651 3541 2889 3612 μάλιστα
2914 3539 3146 3611 ἠδύνατο
3169 3537 3457 3610 ἁθροίσας,
3505 3536 3599 3604 τῆς
3624 3531 3785 3592 νυκτὸς

2249 3634 2625 3706 προκατέλαϐε
2641 3637 2711 3686 τὰ
2731 3634 2892 3688 στενά
2914 3649 2929 3664 ο
2954 3634 3048 3687 καὶ
3074 3631 3192 3701 ἅμα
3214 3632 3362 3702 πρωῒ
3385 3627 3785 3702 παρεσκευάζετο

2250 3726 2389 3797 “Pb;
2419 3726 2624 3797 μάχην.
2654 3724 2732 3788 ὡς
2761 3725 2862 3795 τὴν
2891 3725 3063 3778 δίοδον
3097 3727 3163 3794 τῇ
3194 3725 3430 3794 στρατιᾷ
3460 3725 3557 3776 οὐκ
3594 3719 3781 3787 ἐπιτρέ-

2231 3817 2388 3887 ,ψων.
2425 3815 2690 3879 Βασιλεύς
2755 3831 2815 3867 τε
2846 3816 3049 3884 ὁμοίως
3099 3814 3222 3866 ἐπεὶ
3253 3800 3492 3875 ἐκείνους
3555 3807 3652 3864 εἶδε
3679 3806 3783 3876 περὶ

2248 3911 2317 3962 τὰ
2354 3906 2744 3976 καρτερώτατα
2773 3904 2867 3959 τοῦ
2940 3905 3144 3974 χωρίου
3170 3902 3676 3974 έγκαθιδρυμένους,
3703 3899 3781 3962 τὴν

2255 3997 2520 4068 στρατιὰν
2551 3997 2808 4049 ἐκέλευεν
2833 3993 3155 4057 ὁπλίζεσθαι
3191 3994 3268 4056 ὡς
3303 3985 3614 4064 βιασόμενος
3635 4007 3648 4021 ·
3673 3986 3781 4058 πρὸς

2250 4089 2435 4159 ἕτερόν
2474 4106 2528 4142 τι
2556 4087 2850 4159 τρέπεσθαι
2880 4087 2990 4156 γὰρ
3022 4087 3233 4155 βέλτιον
3263 4088 3366 4140 οὐκ
3423 4087 3564 4155 ἐνῆν.
3599 4079 3782 4150 Μιχαὴλ

2251 4181 2309 4234 δὲ
2334 4181 2436 4250 τήν
2467 4197 2524 4233 τε
2557 4179 2823 4251 στρατιὰν
2845 4178 3045 4232 ἐθέλων
3075 4179 3198 4231 ὅθεν
3233 4178 3323 4247 εἴη
3357 4178 3566 4247 μαθεῖν,
3601 4172 3781 4227 καὶτὸν

2252 4269 2454 4332 ἄγοντα
2487 4270 2822 4340 στρατηγὸν,
2855 4269 3086 4339 πλησίον
3115 4284 3174 4321 τε
3205 4270 3498 4338 γενόμενος
3527 4266 3616 4319 τοῦ
3647 4277 3780 4330 στρα·

2251 4361 2500 4426 τοπέδου,
2542 4359 2637 4415 καί
2669 4378 2821 4424 τινας
2845 4360 2954 4414 τῶν
2991 4360 3243 4429 συνήθων
3276 4362 3369 4413 καὶ
3389 4359 3568 4430 ερίλων
3597 4355 3781 4424 πόρρω-

2255 4452 2346 4504 θεν
2408 4451 2553 4514 ἰδὼν,
2587 4451 2776 4506 ἐκάλει
2802 4470 2861 4504 τε
2893 4452 3093 4515 αὐτοὺς
3137 4452 3425 4520 ὀνομαστὶ,
3459 4451 3552 4501 καὶ
3584 4441 3780 4498 έπυνθά·

573 4543 930 4612 occuparant)
963 4543 1180 4613 globum
1213 4541 1490 4612 ingentem
1527 4552 1674 4596 trans
1699 4542 1906 4597 ﬂunten
1926 4554 2148 4613 praeter-

2257 4559 2378 4596 νετο
2407 4541 2651 4610 περὶτοῦ
2694 4540 3030 4612 στρατηγοῦ.
3073 4541 3334 4594 Ἐκείνων
3363 4541 3422 4593 δὲ
3459 4532 3780 4604 ἀπαγγειλάν-

573 4632 656 4686 ire
728 4633 1099 4702 conspiciunt.
1199 4633 1529 4704 Conjectans
1589 4643 1774 4688 autem
1851 4633 2150 4700 imperator

573 4737 690 4778 rem
733 4723 930 4792 ipsam,
969 4739 1091 4779 esse
1126 4724 1340 4780 scilicet
1366 4724 1626 4778 Liberum
1652 4723 2019 4780 Triballorutn
2047 4742 2148 4794 pc-

575 4816 946 4870 tentissimum
982 4817 1117 4885 (illic
1171 4819 1316 4871 enim
1361 4832 1489 4872 eum
1533 4819 1741 4872 versari
1789 4829 2146 4889 cognoverat)

574 4906 642 4960 de
673 4906 790 4960 suis
817 4907 1062 4977 equitem
1125 4918 1343 4964 tranare
1396 4909 1560 4978 (vado
1589 4911 1736 4964 enim
1777 4911 1998 4966 transiri
2041 4910 2143 4965 ίιιισ

575 4999 699 5053 vius
728 5015 836 5053 non
857 5001 1092 5070 poterat)
1118 5002 1282 5071 eique
1330 5003 1514 5059 verbis
1546 5005 1662 5058 suis
1689 5003 1920 5058 salutem
1942 5003 2149 5069 dicere,

575 5101 633 5145 et
663 5091 825 5147 simul
856 5094 1151 5164 exquirere
1178 5095 1358 5166 jubet,
1390 5111 1500 5164 quo
1533 5105 1696 5166 pacto
1731 5095 1895 5152 rebus
1929 5097 2045 5152 suis
2081 5097 2149 5151 ad

578 5186 726 5250 hunc
767 5185 988 5240 modum
1029 5188 1244 5243 ati‘ectis
1273 5197 1626 5244 suvcttrrant.
1670 5188 1904 5243 Libertis
1943 5189 2151 5243 saluta-

579 5278 784 5340 tionem
841 5286 898 5332 et
925 5279 1630 5350 petitionetrLimperatoris
1662 5280 2026 5350 gratissimam
2059 5279 2152 5334 ba-

578 5371 721 5436 buit,
782 5370 961 5442 deque
992 5371 1311 5427 domesticis
1339 5373 1455 5428 suis
1503 5387 1672 5427 unum
1707 5387 1833 5428 cum
1867 5371 2153 5425 internun-

576 5463 656 5518 tio
693 5462 930 5528 remisit,
954 5477 1083 5538 eum
1128 5463 1456 5530 rcsalutaus,
1479 5473 1536 5518 et
1567 5477 1768 5533 rogans
1797 5461 1872 5517 uti
1925 5461 2148 5531 paulum

2255 4652 2388 4702 των,
2455 4635 2530 4697 ὼς
2577 4634 2664 4701 είη
2720 4633 2975 4702 βασιλεὺς
3025 4633 3053 4684 ὁ
3102 4630 3582 4699 Ιίαντακουζηνὸς,
3646 4619 3781 4694 μηδὲν

2258 4725 2520 4794 μελήσας,
2549 4724 2780 4796 προσῄει
2802 4741 2860 4778 τε
2887 4710 3110 4790 αὐτίκα,
3135 4725 3231 4778 καί
3249 4723 3525 4792 ἠσπάζετο
3544 4718 3629 4769 τὸν
3651 4710 3780 4763 1:654-

2259 4815 2492 4866 Ἔπειτα
2537 4815 2631 4867 καὶ
2703 4815 2897 4866 ἑαυτὸν
2952 4814 3354 4883 ἀναγνωρίσας,
3403 4803 3690 4875 συνήλγηςέ
3733 4813 3780 4849 τε

2257 4905 2392 4978 πρὸς
2441 4907 2540 4975 τὴν
2601 4905 2947 4975 δυσπραγίαν
3006 4905 3240 4975 βασιλεῖ,
3283 4905 3378 4956 καὶ
3429 4900 3558 4970 περὶ
3584 4898 3648 4950 τὰ
3669 4890 3778 4946 ἄλλα

2253 4997 2670 5070 προθυμότατόν
2727 4998 2920 5051 ἑαυτὸν
2990 4997 3340 5067 παρέσχετο,
3385 4994 3544 5065 χάριν
3567 4989 3638 5057 τῷ
3683 4978 3778 5047 Θεῷ

2257 5091 2458 5161 πολλὴν
2492 5090 2796 5160 ὁμολογῶν,
2825 5090 2908 5143 ὅτι
2957 5091 3094 5160 πρὸς
3121 5087 3282 5142 τοῦτο
3311 5084 3504 5156 καιροῦ
3539 5076 3775 5143 συντύχοι.

2255 5185 2312 5236 ὲν
2341 5176 2385 5250 ᾧ
2424 5181 2524 5252 τὴν
2552 5179 2766 5236 εὔνοιαν
2794 5179 3012 5245 ιξέσται
3041 5181 3139 5248 τὴν
3167 5178 3304 5250 πρὸς
3330 5177 3531 5230 ἐκιῖνον
3572 5163 3776 5240 tam?”

2256 5276 2466 5343 ποιεῖν.⁹
2481 5274 2595 5343 Τήν
2619 5290 2678 5326 τε
2705 5271 2798 5326 οὖν
2828 5272 2998 5326 δίοδον
3032 5271 3194 5334 εὐθὺς
3227 5268 3456 5337 ἀπονητὶ
3495 5259 3772 5356 «apt-ix??-

2255 5367 2351 5420 καὶ
2385 5365 2626 5433 ἐξένιζεν
2653 5367 2717 5418 ἐκ
2740 5364 2850 5418 τῶν
2875 5364 3105 5418 ἐνόντων
3131 5363 3230 5433 τὴν
3260 5359 3533 5432 στρατιάν.
3573 5353 3671 5420 Τὴν
3691 5344 3776 5415 μὲν

2253 5459 2350 5515 οὖν
2376 5461 2591 5530 ἡμέραν
2645 5457 2862 5525 ἐκείνην
2898 5459 2957 5510 ὲν
2987 5455 3271 5527 Προσοίκῳ
3293 5449 3581 5508 διετέλεσεν
3601 5443 3626 5494 ό
3645 5439 3776 5510 βασι·

1806 5603 2023 5665 Jacobi
2059 5601 2324 5665 Pontaui
2362 5607 2552 5663 notae.

647 5749 762 5830 (ξιξ)
796 5749 1230 5844 Pescriptioncm
1261 5751 1570 5808 uberiorem
1607 5749 1766 5820 hujus
1828 5747 2031 5803 castelli
2061 5747 2174 5818 lege
2214 5745 2353 5818 apud
2403 5745 2648 5803 Nicctatn
2673 5785 2688 5813 ,
2733 5745 3006 5817 principio
3074 5743 3171 5800 lib.
3231 5757 3288 5798 III
3337 5738 3421 5844 De
3467 5707 3606 5790 ream
3644 5721 3774 5797 9ι⁵³ί³

575 5818 748 5872 Alrxii
785 5818 992 5889 Angeli.
