4062 6290
512 340 613 408 ριι

1678 358 2006 420 IOANNIS
2043 357 2536 425 CANTACUZEN
2548 364 2573 424 Ι

3640 356 3753 425 952

505 465 634 527 cum
676 467 849 507 muris
885 465 1189 525 carentem,
1239 460 1550 537 Pristenum
1602 465 1897 533 vocabulo,
1946 482 2070 522 cum

2179 470 2316 540 πρὸς
2344 472 2528 537 αὑτὸν,
2585 469 2964 539 ἀντηςπάζετο
3007 468 3108 541 μὲν
3152 458 3258 522 καῖ’
3307 466 3472 533 αὐτὸς
3524 465 3746 529 αὐτούς.

505 542 667 597 Crale
691 553 746 598 et
781 547 969 617 regina
997 552 1369 619 congreditur,
1401 562 1566 624 atque
1602 557 1672 611 ab
1709 557 1798 625 iis,
1831 561 2071 615 adventu

506 633 627 702 ejus
693 634 1006 694 laetantibus
1078 642 1296 711 sibique
1358 648 1803 716 gratulantibus,
1867 661 2076 721 quanto

510 727 747 783 maximo
805 732 984 798 potuit
1042 734 1373 792 honore‘ac
1428 741 1614 797 studio
1671 743 1965 814 excipitur,
2018 756 2077 801 et

507 832 718 872 summa
784 824 1137 879 veneratione
1197 828 1416 886 colitur.
1491 833 1548 886 in
1611 836 1871 890 omnibus
1926 840 2072 893 enim

507 907 696 963 Crales
735 910 885 964 illum
932 914 1036 968 sibi
1090 922 1465 988 praeponebat.
1501 936 1556 978 et
1604 935 1661 979 ut
1711 928 2073 996 praestantiori

508 998 712 1063 primas
735 1002 984 1058 cedebat.
1016 1006 1150 1061 Nam
1184 1017 1238 1063 et
1272 1011 1326 1064 in
1357 1012 1717 1068 accubatione
1745 1016 1956 1084 epulari
1980 1033 2074 1071 or-

509 1089 778 1143 natiorem
809 1102 863 1144 et
888 1095 1138 1151 altiorem
1163 1099 1210 1152 ei
1241 1100 1428 1155 sellam
1455 1103 1652 1168 dabat,
1693 1115 1747 1159 et
1768 1106 1821 1159 in
1855 1106 2074 1161 incessu

505 1177 737 1248 aliisque
762 1183 993 1254 singulis
1025 1204 1090 1242 eu
1105 1205 1157 1243 ιιι
1203 1190 1309 1245 sibi
1341 1194 1702 1249 anteferebat.
1738 1197 2077 1252 Inveterarat

505 1270 649 1337 apud
681 1272 952 1331 Triballos
983 1283 1350 1346 consuetudo,
1389 1293 1447 1339 ut
1485 1286 1530 1340 si
1563 1287 1688 1354 quis
1719 1289 1986 1343 nobilium
2011 1304 2075 1344 ac

509 1372 795 1428 potentum
842 1368 1006 1439 longo
1051 1372 1342 1428 intervallo
1379 1377 1641 1446 temporis
1667 1380 1734 1432 ad
1767 1368 2072 1449 principem

505 1457 741 1521 veniret,
780 1459 943 1530 492
974 1473 1100 1519 ante
1133 1467 1367 1535 primam
1403 1470 1788 1525 salutationem
1819 1472 1981 1526 ambo
2006 1473 2075 1527 ab

507 1548 664 1615 equis
710 1549 1130 1622 descenderent,
1180 1567 1237 1612 et
1283 1558 1521 1627 primum
1570 1561 1792 1630 quidem
1850 1562 2076 1618 inferior

509 1639 776 1709 principis
839 1654 1052 1711 pectus,
1109 1653 1232 1715 post
1293 1648 1539 1717 ejusdem
1592 1666 1680 1715 os,
1734 1653 1851 1707 sive
1920 1653 2075 1709 labra

509 1729 956 1801 deoscularetur;
980 1735 1154 1793 altero
1178 1752 1474 1809 congressu
1505 1741 1683 1796 minor
1701 1758 1809 1798 non
1843 1745 2072 1802 descen-

2180 561 2289 617 Καὶ
2326 560 2528 631 πολλὴν
2588 560 2853 629 ὡμολόγει
2916 560 3014 630 τῆς
3073 557 3256 628 φιλίας
3295 556 3480 628 χάριν,
3510 555 3748 620 ἀναστάς

2176 669 2235 706 τε
2264 655 2326 706 ὲκ
2368 652 2631 716 Σκοπιᾶς,
2673 651 2810 721 πρός
2862 668 2981 705 τινα
3011 651 3176 705 τόπον
3215 646 3520 722 ἦλθε,Ταιὶ›
3573 649 3659 702 διὰ
3689 649 3751 702 se

2176 744 2372 806 κάλλος
2397 743 2792 813 ὠνομασμένον
2819 759 2832 772 ’
2866 741 2996 795 ἔνθα
3036 741 3403 810 περὶνκώμην
3433 738 3560 794 τινὰ
3592 740 3749 792 ἀτείο

2161 852 2362 909 ,χιστον
2393 835 2698 905 ΙΙρίστηνον
2747 833 3324 906 προσαγορευομένην,
3381 831 3747 898 συνεμίγνυτο

2174 927 2252 996 τῷ
2286 926 2482 998 Κρά).τί
2523 926 2813 995 ἀφιγμέιῳ
2871 927 2985 994 ἅμα
3028 924 3272 993 γυναικί.
3324 925 3387 977 Οἱ
3426 923 3473 977 δ’
3501 923 3748 988 ἐδέξαντο

2180 1019 2278 1087 μὲν
2311 1017 2538 1087 βασιλέα
2597 1018 2717 1087 μεθ’
2762 1018 2895 1087 ὅσης
2939 1017 3006 1070 ἂν
3036 1017 3215 1076 εἴποις
3261 1013 3583 1083 φιλοτιμίας
3652 1017 3746 1066 καὶ

2177 1110 2431 1180 σπουδῆς.
2464 1110 2573 1179 Οὐχ
2603 1103 2766 1178 ἦττον
2823 1107 2881 1162 δὲ
2926 1111 3019 1161 καὶ
3083 1105 3239 1160 αὐτοὶ
3272 1105 3360 1158 διὰ
3392 1105 3492 1173 τὴν
3531 1104 3742 1158 ἐκείνου

2175 1200 2360 1269 ἄφιξιν
2404 1200 2694 1269 συνήδοντό
2739 1216 2800 1252 τε
2860 1199 2954 1254 καὶ
3014 1198 3338 1268 συνέχαιρον
3387 1198 3623 1262 ἑαυτοῖς,
3666 1215 3745 1249 τιο

2179 1291 2289 1361 μῆς
2316 1307 2376 1361 τε
2402 1289 2590 1360 ἠξίουν
2635 1291 2872 1360 μάλιστα
2910 1289 3130 1357 πολλῆς.
3190 1291 3283 1361 Ἐν.
3303 1289 3478 1343 ἅπασι
3505 1291 3618 1358 γὰρ
3645 1289 3744 1342 αὑο

2176 1384 2267 1437 τδν
2299 1384 2542 1454 προῆγεν
2600 1381 2821 1447 ἑαυτοῦ,
2861 1383 2958 1435 καὶ
3012 1382 3088 1444 ὠς
3115 1381 3391 1451 κρείττονι
3453 1380 3565 1433 τῶν
3597 1396 3742 1448 πρωο

2174 1477 2335 1530 τείων
2364 1474 2699 1547 παρεχώρει.
2754 1476 2853 1528 Ἐν
2883 1492 2941 1527 τε
2973 1473 3083 1545 γὰρ
3117 1476 3235 1536 ταῖς
3278 1472 3599 1527 ἀνακλίσεσι
3644 1471 3741 1541 τὴν

2177 1568 2412 1638 κρείττω
2445 1569 2540 1621 καὶ
2573 1566 2913 1637 ὑψηλοτέραν
2962 1568 3255 1638 παρείχετο
3302 1563 3581 1632 καθέδραν
3602 1604 3618 1630 ,
3649 1563 3742 1616 καὶ

2178 1661 2238 1712 ἂν
2267 1644 2602 1728 ὁδοιπορίαις
2651 1658 2743 1711 καὶ
2798 1660 2856 1712 ὲν
2883 1658 3058 1713 ἅπασι
3088 1659 3202 1720 τοῖς
3234 1656 3420 1712 ἄλλοις
3465 1654 3738 1726 προετίθει

2178 1746 2402 1803 ἑαυτοῦ.
2437 1747 2636 1809 Ἔθους
2664 1744 2722 1799 δὲ
2760 1744 2991 1817 ἀρχαίου
3044 1745 3194 1814 παρά
3224 1741 3517 1813 Τριϐαλοῖς
3547 1758 3743 1811 κεκρα-

511 1823 665 1876 deret
698 1824 966 1892 amplius,
1001 1827 1098 1882 sed
1126 1836 1181 1882 et
1206 1831 1319 1899 ipse
1356 1830 1408 1884 in
1438 1846 1582 1901 equo
1616 1833 1897 1887 dominum
1929 1835 2070 1890 salu-

2177 1839 2409 1907 τηκότος
2460 1837 2682 1893 ἐπειδάν
2739 1854 2820 1897 τις
2862 1835 2973 1888 τῶν
3033 1833 3439 1904 εὐγενεστίρων
3509 1834 3603 1887 καὶ
3651 1849 3741 1902 με·

511 1922 670 1966 taret.
714 1913 829 1971 Mos
862 1932 988 1973 cum
1032 1917 1150 1986 ipso
1187 1920 1408 1988 quidem
1451 1937 1674 1977 rursum
1713 1925 2071 1992 servabatur;

508 2001 783 2059 Triballos
814 2016 998 2061 autem
1034 2024 1241 2064 morem
1279 2011 1585 2068 Romanum
1616 2029 1745 2085 erga
1778 2016 2074 2085 imperato-

507 2109 622 2147 rem
661 2104 846 2152 tenere
878 2098 1121 2164 volebat,
1165 2109 1221 2155 et
1256 2103 1476 2171 quoties
1519 2119 1645 2159 eum
1692 2106 2073 2172 convenirent,

505 2201 698 2240 unmvs
726 2187 794 2241 ab
824 2189 986 2259 equis
1020 2190 1381 2256 descendere.
1437 2209 1501 2249 ac
1548 2196 1726 2266 primo
1753 2198 2072 2270 {praesertim

502 2279 773 2365 rviuotius
805 2280 1164 2349 descendere,
1197 2294 1251 2339 et
1283 2285 1517 2355 pedibus
1563 2289 1846 2355 accedere,
1890 2300 1945 2347 et
1993 2292 2075 2349 sic

502 2369 801 2439 ejnstgenu
841 2374 1153 2430 exosculari
1191 2394 1204 2430 :
1238 2379 1497 2447 quodque
1542 2380 1845 2437 mirabilius
1880 2393 1983 2449 est.
2026 2386 2073 2440 si

502 2462 726 2530 quando
773 2479 881 2518 una
933 2468 1272 2535 equitarent,
1312 2480 1702 2541 Oporteretque
1738 2489 1768 2527 e
1815 2472 2074 2532 Triballis

502 2556 818 2625 quempiam
877 2558 1204 2615 nobiliorem
1263 2559 1787 2629 accedere,"Crales
1849 2569 2069 2637 quidem

509 2662 612 2716 pro
644 2657 866 2718 recepto
891 2665 1041 2705 more
1068 2652 1299 2719 faciens,
1329 2654 1398 2709 ab
1423 2670 1565 2725 equo
1594 2656 1659 2710 ad
1693 2659 2071 2715 salillaliOHt'ﬂl

505 2740 656 2793 illius
687 2739 1077 2807 descendebat,
1109 2742 1410 2813 imperator
1437 2757 1616 2800 autem
1646 2750 1713 2803 de
1744 2764 1886 2820 equo
1919 2766 2075 2808 acce-

506 2832 728 2886 dentem
756 2832 1049 2885 salutabat.
1078 2832 1305 2898 Quoties
1335 2852 1498 2904 porro
1545 2822 1747 2907 regiam
1777 2840 1954 2897 Cralis
1988 2844 2074 2897 in-

505 2923 830 2996 grcderelur
866 2921 945 2991 (et
981 2924 1395 2995 ingrediebatur
1438 2944 1575 2994 pene
1625 2933 1871 3000 quotidie
1911 2952 1924 2988 :
1960 2953 2071 2990 non

501 3019 649 3071 enim
714 3031 939 3071 manere
990 3016 1045 3070 in
1102 3019 1338 3073 tentorio
1391 3020 1541 3075 illum
1592 3023 1823 3088 sinebat,
1878 3030 2072 3096 quavis

2174 1930 2318 1999 γάλα
2354 1929 2676 1998 δυναμένων
2711 1929 2840 1999 ἔλθῃ
2873 1929 2962 1983 διὰ
2991 1928 3187 1999 χρόνον
3215 1926 3353 1996 πρὸς
3385 1925 3480 1978 τὸν
3505 1924 3740 1995 ἄρχοντα

2173 2020 2381 2085 αὐτῶν,
2433 2022 2529 2075 καὶ
2586 2020 2684 2094 δέῃ
2723 2021 3000 2074 ποιεῖσθαι
3055 2018 3420 2094 τὴνῠπρὼτην
3474 2016 3744 2085 προσαγόο

2177 2130 2384 2183 ρευσιν,
2411 2112 2756 2183 ἀμφοτέρους
2777 2109 3170 2171 ἀποϐαίνοντας
3190 2108 3299 2162 τῶν
3320 2109 3526 2170 ἵππων,
3554 2104 3745 2179 πρῶτα

2178 2206 2276 2277 μὲν
2303 2205 2397 2259 τοῦ
2419 2206 2679 2276 ἄρχοντος
2707 2205 2768 2258 τὸ
2806 2203 3001 2271 στῆθος
3034 2202 3126 2257 τὸν
3156 2201 3544 2268 ὑποδεέστερον
3574 2197 3746 2251 ἀσπά-

2175 2299 2365 2365 ζεσθαι
2421 2297 2613 2351 ἔπειτα
2653 2297 2749 2350 καὶ
2814 2296 2880 2349 τὺ
2950 2295 3148 2363 στόμα,
3209 2295 3303 2347 καὶ
3357 2297 3559 2362 μηκέτι
3607 2290 3746 2344 κατὰ

2172 2393 2434 2463 δευτέραν
2471 2391 2760 2460 συντυχίαν
2815 2387 3130 2443 ἀποϐαίνειν
3160 2386 3251 2439 τὸν
3296 2385 3618 2438 δουλεύοντα
3650 2384 3743 2437 τοῦ

2174 2486 2342 2539 ἵππου
2367 2526 2382 2552 ,
2412 2483 2528 2537 ἀλλ’
2559 2483 2797 2552 ἔφιππον
2838 2481 2934 2534 καὶ
2986 2480 3150 2535 αὐτὸν
3192 2476 3627 2548 προσαγορεύειν
3657 2477 3746 2530 τὸν

2174 2576 2460 2644 δεσπότην.
2503 2574 2646 2645 Πρὸς
2703 2573 2803 2643 μὲν
2830 2574 3039 2626 ἐκεῖνον
3075 2570 3238 2625 πάλιν
3270 2572 3339 2623 τὰ
3367 2568 3602 2622 εἰωθότα
3631 2569 3743 2621 ἑτε-

2172 2668 2317 2722 λεῖτο
2343 2682 2358 2698 ο
2394 2666 2606 2738 βασιλεῖ
2641 2665 2695 2720 δὲ
2730 2665 2872 2718 κατά
2900 2663 2960 2718 τδ
3001 2661 3294 2731 Ῥωμαίων
3339 2659 3456 2723 ἔθος
3488 2659 3745 2713 ἐκέλευσε

2176 2760 2586 2833 προσφέρεσθαι
2618 2760 2745 2822 τοὺς
2775 2756 3098 2828 Τριϐαλοίις,
3126 2754 3228 2808 καὶ
3262 2746 3403 2808 νίατά
3433 2755 3614 2806 πᾶσαν
3647 2751 3743 2820 μὲν

2177 2852 2468 2922 συντυχίαν
2511 2850 2619 2905 τῶν
2653 2849 2838 2903 ἵππων
2883 2850 3090 2910 πάντας
3124 2846 3463 2903 ἀποϐαίνειν,
3517 2847 3659 2898 κατὰ
3687 2843 3743 2897 δὲ

2174 2945 2271 3016 τὴν
2319 2942 2547 3014 πρώτην
2584 2941 2818 3012 μάλιστα
2852 2942 2947 2993 καὶ
2993 2937 3280 3010 πόρρωθεν
3309 2937 3622 2999 ἀποϐάντας
3650 2935 3743 2987 καὶ

2178 3036 2570 3105 προσελθόντας
2604 3031 2741 3102 πεζῇ
2776 3032 2947 3095 οὕτως
2971 3029 3312 3094 ἀσπάζεσθαι
3355 3031 3442 3082 ἐπ’·
3479 3030 3609 3096 γόνυ
3644 3029 3741 3099 βα·

506 3109 672 3163 etiam
695 3108 941 3178 jucunda
965 3110 1324 3179 occupatione
1356 3110 1502 3166 illius
1534 3115 2067 3191 collocutionemju—

2177 3126 2353 3183 σιλέα.
2402 3126 2508 3179 Καὶ
2550 3126 2609 3179 τὸ
2642 3124 2708 3194 δὴ
2738 3122 3194 3193 θαυμαστότερον,
3224 3123 3305 3176 ὃτι
3333 3121 3386 3174 εί
3445 3137 3575 3173 ποτε
3619 3136 3741 3171 σνν-

507 3199 829 3254 cundiorem
878 3199 1131 3271 ducens),
1159 3213 1313 3256 extra
1365 3212 1579 3273 portam
1629 3207 2075 3280 adolescentulos

504 3292 721 3348 nobiles
764 3292 1094 3348 bonorarios
1127 3293 1202 3366 (Ι)
1251 3294 1301 3348 ei
1345 3295 1573 3364 jubebat
1598 3298 1815 3355 obviam
1852 3302 1930 3356 ire
1964 3318 1977 3357 :
2013 3305 2069 3359 in

502 3386 647 3441 atrio
684 3394 866 3440 autem
907 3386 1179 3451 seniores,
1211 3396 1266 3441 et
1295 3388 1389 3457 qui
1420 3389 1723 3447 honoribus
1763 3393 2072 3466 fungeban-

501 3487 612 3544 tur,
647 3477 762 3545 ipse
792 3488 918 3545 post
949 3477 1150 3531 atrium
1194 3478 1248 3531 in
1297 3479 1449 3533 aditu
1493 3480 1692 3538 domus
1738 3500 1797 3540 se
1839 3486 2068 3543 Obvium

504 3571 687 3625 ferens
718 3569 1015 3634 salutabat,
1048 3580 1144 3624 aut
1168 3570 1331 3624 etiam
1365 3572 1431 3626 ad
1458 3574 1663 3637 locum,
1692 3580 1784 3632 ubi
1821 3578 1891 3632 ab
1926 3596 2070 3648 equo

503 3660 885 3725 descenderet,
918 3660 1270 3729 procedebat.
1297 3660 1415 3716 Non
1449 3664 1632 3721 minus
1659 3682 1783 3721 eum
1823 3668 2070 3726 Cralama

506 3753 835 3817 honorabat,
880 3754 1041 3807 enixe
1090 3757 1449 3818 contendens,
1501 3772 1569 3811 ne
1612 3761 1742 3827 quid
1789 3775 1820 3815 a
1870 3764 2068 3820 marito

506 3850 844 3901 vinceretur.
902 3846 1079 3914 Atque
1130 3844 1246 3899 haac
1297 3846 1487 3901 tandiu
1534 3846 1772 3916 ﬁebant,
1824 3853 2066 3922 quandiu

501 3938 648 4009 apud
697 3953 792 3993 eos
826 3936 1646 4006 imperator.commorabatur.
1697 3940 1833 3997 Cum
1883 3956 2066 4000 autem

456 4042 462 4046 ‘
501 4030 695 4100 primis
724 4030 791 4084 ab
823 4028 1060 4084 adventu
1092 4028 1308 4093 diebus,
1339 4029 1520 4099 iisque
1565 4047 1672 4087 non
1702 4036 1911 4103 paucis,
1944 4035 2068 4091 Tri-

500 4124 772 4179 ballorum
816 4121 1070 4192 princeps
1125 4122 1489 4191 compotando
1540 4133 1597 4178 et
1642 4126 1815 4182 amice
1878 4130 2067 4199 ιιι-οιιί-

500 4205 686 4275 nando
717 4230 871 4271 suam
906 4228 1032 4283 erga
1066 4213 1218 4267 illum
1253 4215 1679 4284 propensionem
1721 4220 1855 4273 satis
1885 4220 2060 4275 decla—

500 4317 700 4373 rasset,
726 4298 981 4377 qtti'esivit
1017 4304 1243 4385 tandem.
1267 4320 1372 4366 qua
1403 4305 1579 4375 gratia
1610 4309 1849 4364 venisset
1881 4309 1980 4379 (2),
2009 4320 2065 4366 et

498 4402 627 4471 quid
660 4400 729 4454 ab
764 4413 820 4453 se
853 4407 1084 4468 peteret.
1128 4396 1434 4465 Respondit
1474 4397 1730 4457 amicitia:
1763 4415 1928 4470 causa
1965 4418 2061 4462 ve-

2175 3218 2324 3273 οὖσιν
2371 3217 2703 3287 ἀμφοτέροις
2744 3216 2933 3284 ἐδέησε
2989 3231 3113 3269 τινα
3161 3213 3271 3267 τῶν
3340 3213 3740 3281 εὐγενεστέρων

2176 3306 2466 3378 Τριϐαλῶν
2501 3304 2841 3376 προσελθεῖν,
2872 3303 3096 3373 Κράλης
3142 3301 3242 3372 μὲν
3279 3301 3421 3355 κατὰ
3450 3302 3511 3353 τὸ
3550 3298 3742 3360 εἰωθὸς

2174 3401 2374 3467 ἐποίει,
2407 3397 2504 3451 καὶ
2531 3395 2800 3450 ἀπέϐαινε
2835 3393 2928 3447 τοῦ
2963 3394 3132 3447 ῐππου
3173 3388 3313 3464 πρὸς
3334 3392 3430 3464 τὴν
3466 3391 3739 3461 προσαγό-

2174 3507 2362 3562 ρευσιν
2387 3486 2685 3559 θβασιλεὺς
2723 3487 2781 3541 δὲ
2815 3487 2991 3556 μένων
3045 3486 3304 3554 ἔφιππος,
3344 3483 3622 3555 ἠσπάζετο
3650 3483 3740 3537 τιν

2176 3581 2492 3650 προσιόντα.
2540 3580 2684 3649 Πρὸς
2740 3579 2798 3633 δὲ
2854 3580 2956 3648 τὴν
3000 3578 3177 3633 οἰκίαν
3219 3579 3431 3632 ἐκείνου
3476 3577 3735 3639 εἰσιόντα,

2174 3672 2350 3744 ιίσῄει
2375 3671 2432 3724 δὲ
2483 3670 2751 3741 ὁσημέραι
2787 3668 2993 3739 σχεδὸν,
3039 3669 3101 3722 οὐ
3151 3668 3260 3739 γὰρ
3309 3666 3397 3721 εία
3432 3667 3615 3738 μένειν
3647 3668 3738 3719 ἐπὶ

2170 3765 2272 3834 τῆς
2301 3763 2526 3835 σκηνῆς,
2570 3762 2755 3833 πάσης
2804 3760 2937 3832 ἡδίω
2988 3761 3274 3831 διατριϐῆς
3306 3760 3405 3831 τὴν
3437 3760 3572 3831 πρὸς
3600 3760 3740 3813 έκεῖ-

2172 3875 2262 3912 νον
2285 3858 2567 3927 τιθέμενος
2587 3854 2826 3925 ὁμιλίαν,
2859 3852 2963 3917 ἔξω
2983 3851 3082 3922 μὲν
3108 3852 3205 3922 τῆς
3228 3851 3404 3920 πύλης
3433 3851 3557 3914 τοὺς
3586 3849 3737 3911 νέους

2176 3949 2288 4004 τῶν
2313 3948 2712 4020 εὖγενεστέρων
2740 3945 2878 4017 πεζῇ
2914 3946 3136 4007 θέοντας
3192 3943 3453 4002 ἐκέλευεν*
3474 3942 3737 4012 ὑπαντᾷν,

2168 4041 2319 4096 ἔνδον
2364 4041 2421 4094 δὲ
2464 4041 2564 4110 τῆς
2610 4039 2781 4108 αὐλῆς
2811 4039 2937 4102 τοὺς
2965 4034 3375 4107 πρεσϐυτέρους
3426 4035 3525 4088 καὶ
3560 4033 3736 4100 ἀξίαις

2168 4135 2289 4197 ταῖς
2335 4131 2467 4201 παρ’
2512 4131 2696 4192 αὐτοῖς
2742 4130 3162 4199 τετιμημένους,
3221 4127 3381 4190 αὐτὸς
3415 4127 3472 4181 δέ
3526 4128 3618 4179 ἐπὶ
3647 4127 3735 4179 τὶν

2169 4222 2387 4292 πρῶτον
2420 4220 2655 4291 μάλιστα
2687 4218 2794 4273 τῶν
2825 4219 3011 4281 οἴκων,
3043 4216 3184 4270 κατὰ
3227 4217 3326 4286 τὴν
3371 4213 3542 4286 αὐλὴν
3570 4231 3736 4286 προσ·

2166 4320 2433 4391 ηγόρευεν
2461 4315 2735 4383 ὑπαντῶν,
2765 4314 2799 4387 ἢ
2828 4316 2921 4369 καὶ
2956 4313 3085 4385 ἄχρι
3113 4312 3209 4367 τοῦ
3239 4312 3406 4366 τόπου
3448 4311 3580 4365 ἔνθα
3639 4309 3729 4364 τοῦ

2167 4410 2335 4465 ἵππου
2363 4408 2624 4465 ἀπέϐαινε
2653 4405 2866 4479 προῄει.
2903 4406 3015 4476 Οὐχ
3043 4405 3190 4475 ἥττω
3215 4403 3271 4456 δὲ
3298 4403 3607 4473 φιλοτιμίαν
3643 4400 3731 4455 καὶ
3770 4462 3779 4472 ,

502 4492 668 4554 uisse,
699 4506 806 4561 qua
849 4503 978 4545 vera
1017 4497 1075 4543 et
1116 4487 1392 4543 constanti
1424 4492 1565 4556 apud
1613 4489 1866 4546 homines
1913 4503 2061 4559 recte

2367 4459 2862 4571 vvkplivm'rapezhv
2898 4459 3035 4568 πρές
3065 4459 3322 4567 ’βασιλέα
3362 4459 3727 4558 ἐπεδείκνυτο.
3758 4516 3765 4521 -

496 4584 800 4641 sentientes
840 4580 979 4635 nihil
1023 4579 1095 4634 sit
1142 4578 1529 4649 praestabilius.
1562 4579 1770 4635 Deinde
1816 4582 1861 4637 si
1902 4585 2065 4640 modo

2173 4594 2223 4647 iv
2281 4594 2418 4646 πᾶσι
2490 4591 2728 4662 μάλιστα
2788 4587 3001 4642 ἐκείνου
3043 4589 3294 4658 οὐδαμῶς
3339 4587 3726 4643 ἀπολείπεσθαι

493 4679 628 4734 velit
655 4687 710 4733 et
737 4677 945 4747 possit,
975 4687 1176 4742 cupere
1204 4686 1264 4726 se
1303 4672 1422 4742 ejus
1455 4672 1674 4728 auxiliis
1710 4674 1779 4729 ad
1826 4676 2063 4735 reditum

2173 4682 2565 4752 ψιλονεειιιοῦσα.
2594 4682 2780 4736 Ταῦτα
2797 4682 2903 4752 μὲν
2930 4681 3024 4735 οὖν
3046 4681 3199 4751 παρὰ
3218 4680 3396 4735 πάντα
3421 4680 3516 4734 τὸν
3545 4681 3726 4752 χρόνον

493 4773 548 4826 in
600 4770 894 4840 imperium
947 4782 1107 4821 suum
1156 4764 1426 4835 adjuvari.
1482 4765 1681 4821 Putare
1730 4778 1913 4823 autem
1964 4786 2067 4826 nec

2173 4778 2220 4831 iv
2254 4769 2299 4844 ᾧ
2325 4773 2689 4845 συνδιέτριϐεν
2735 4773 2921 4835 αὐτοῖς
2941 4774 2969 4825 ὁ
3004 4771 3258 4841 βασιλεὺς
3307 4771 3608 4842 ἐπράττετο
3627 4788 3640 4802 ο
3672 4772 3725 4823 ἑν

491 4865 673 4933 ipsum
711 4861 907 4924 latere,
941 4873 1062 4927 qua:
1086 4858 1199 4928 jam
1234 4857 1362 4911 totis
1392 4872 1586 4913 novem
1635 4861 1912 4917 mensibus
1943 4873 2064 4933 post

2173 4868 2360 4938 ιρχαῖς
2390 4867 2448 4920 δὲ
2497 4867 2593 4934 τῆς
2638 4863 2932 4934 ἐπιδημίας
2987 4863 3223 4933 μάλιστα
3259 4864 3318 4916 ὲν
3352 4864 3589 4934 ἡμέραις
3632 4863 3723 4916 οὐκ

489 4954 700 5010 bellum
748 4952 891 5006 inter
934 4950 1214 5005 Romanos
1268 4948 1565 5004 excitatum
1622 4966 1914 5022 perpessus
1966 4955 2060 5021 sit,

2173 4959 2376 5027 όλίγαις
2403 4957 2590 5020 πότοις
2612 4958 2706 5011 καὶ
2739 4956 3082 5025 φιλοτησίαις
3104 4956 3133 5008 ὁ
3166 4956 3275 5008 τῶν
3319 4954 3603 5026 Τριϐαλῶν
3627 4953 3720 5026 ἀρ-

493 5056 811 5118 quantoqne
860 5043 988 5098 odio
1041 5040 1184 5111 apud
1234 5051 1451 5110 gentem
1504 5057 1658 5096 suam
1711 5045 1854 5099 milla
1900 5046 2062 5116 culpa

2173 5067 2276 5119 κων
2300 5049 2399 5119 τὴν
2431 5049 2568 5119 πρὸς
2585 5046 2806 5119 βασιλέα
2836 5045 3050 5101 εὔνοιαν
3073 5046 3506 5116 ἐπιδειξάμενος,
3541 5048 3721 5101 ἔπειτα

492 5154 592 5192 sua
627 5135 862 5200 laboret,
887 5131 1273 5202 quomodoque
1307 5132 1510 5187 bellum
1544 5133 1649 5187 sibi
1682 5134 1929 5200 fecerint,
1959 5153 2062 5193 nec

2173 5141 2520 5205 ἐπυνθάνετο,
2571 5141 2694 5194 ὅτου
2731 5140 2894 5210 χάριν
2921 5137 3173 5208 ἀφίκοιτο
3233 5138 3368 5208 πρὸς
3412 5140 3596 5206 αὑτὸν,
3631 5139 3717 5192 καὶ

495 5229 834 5301 indiaerint;
865 5234 924 5281 et
965 5240 1072 5295 qua
1104 5224 1317 5281 ratione
1351 5224 1418 5279 ad
1462 5235 1768 5283 extremum
1799 5244 1830 5282 a
1868 5231 2060 5284 militi-

2173 5236 2216 5288 εί
2245 5235 2416 5288 δέοιτο
2448 5233 2577 5306 παρ’
2619 5232 2785 5288 αὐτοῦ
2814 5248 2985 5295 τινοςδ
3014 5231 3278 5294 Βασιλεὺς
3331 5230 3389 5284 δὲ
3421 5231 3578 5302 ἥκειν
3625 5230 3716 5301 μὲν

1712 5335 1928 5397 Jacobi
1957 5337 2220 5400 Pontani
2263 5347 2449 5402 notae.

564 5435 645 5512 (Ι)
683 5435 850 5512 §i_e__a
888 5439 1211 5512 quibusdam
1259 5440 1559 5511 appellatos
1591 5442 1731 5506 scio,
1754 5457 1893 5512 quos
1924 5443 2060 5498 Ger-

494 5506 640 5563 mani
673 5506 1030 5563 Edelknaben.

563 5578 639 5647 (2)
723 5579 879 5648 Apud
948 5577 1164 5635 Graecos
1237 5578 1358 5636 illos
1427 5581 1832 5638 vetustissimos
1894 5582 2060 5638 fuisse

491 5661 720 5712 morem,
771 5658 830 5702 ut
876 5651 1082 5720 legatos
1107 5660 1161 5702 et
1185 5653 1421 5704 advenas
1453 5652 1600 5718 prius
1634 5651 1926 5706 liberaliter
1953 5663 2061 5707 tra-

493 5725 738 5779 etarcnt,
794 5734 858 5770 ac
903 5730 1016 5773 tum
1050 5721 1270 5773 demum
1311 5735 1531 5773 causam
1566 5721 1831 5774 adventus
1865 5738 2057 5775 eorum

495 5785 880 5853 exquirerent,
936 5790 1280 5859 cognoscitur
1322 5803 1389 5842 cx
1430 5787 1684 5855 Homero,
1717 5790 1871 5861 apud.
1891 5806 2050 5861 quem

2164 5445 2407 5516 Odyssea!
2453 5444 2549 5499 lib.
2605 5459 2664 5499 ιιι
2702 5442 3056 5516 _excipitur_a
3098 5442 3327 5516 Nestore
3367 5439 3713 5516 Telemachus

2164 5510 2285 5573 cum
2339 5513 2581 5568 Minerva
2633 5513 2736 5567 sub
2785 5510 2954 5565 forma
2993 5510 3272 5569 Mentoris.
3305 5521 3357 5565 et
3389 5512 3481 5565 lib.
3520 5527 3570 5563 tv
3599 5522 3709 5561 cum

2164 5585 2355 5637 eodem
2422 5583 2751 5637 Telemacho
2814 5581 3133 5635 Pisistratus
3187 5581 3437 5635 Nestoris
3495 5580 3634 5633 titius
3681 5589 3711 5629 ει

2166 5652 2449 5713 Menelao;
2508 5662 2565 5706 et
2609 5661 2731 5720 post
2783 5653 2975 5719 epulas
3021 5652 3243 5705 demum
3289 5665 3369 5706 ac-
3399 5650 3491 5705 die
3547 5647 3710 5703 altero

2166 5737 2382 5780 causam
2409 5722 2674 5777 adventus
2715 5723 3100 5796 interrogatur.
