4062 6290
322 422 427 486 95⁵3

1481 427 2021 492 HISTORIARUM
2064 431 2289 493 LIBER
2332 433 2444 498 ΠΙ.

3380 491 3384 496 .
3466 413 3574 507 ast

323 537 531 621 ἔφασκε
560 536 658 603 τῆς
675 534 765 600 είς
808 537 968 591 αὑτὸν
1000 538 1184 607 φιλίας
1242 538 1428 596 ἕνεκα.
1460 541 1534 596 Οὐ
1565 543 1675 612 γὰρ
1710 542 1777 597 ἂν
1805 542 1890 614 εἴη

1999 547 2100 601 bus
2138 549 2252 602 suis
2295 548 2362 602 ad
2417 550 2601 604 hostes
2647 549 3065 614 transeuntibus
3109 551 3357 621 proditus
3386 553 3476 608 sil.
3511 553 3567 608 Si

320 620 373 680 τι
400 626 609 702 βέλτιον
636 628 729 680 καὶ
747 627 1188 697 σωφρονέστερον
1203 629 1513 699 ἀνθρώποις
1544 632 1726 701 ὀρθοῖς
1749 650 1894 703 χρω·

325 719 508 788 μένοις
525 715 806 786 λογισμοῖς
833 719 938 786 τὴν
966 718 1192 786 βεϐαίαν
1217 721 1310 771 καὶ
1339 720 1511 789 ἀληθῆ
1534 721 1719 787 φιλίαν
1764 724 1897 792 κτή-
1933 796 1935 798 η

261 868 266 877 ι
323 808 545 861 σασθαι.
585 809 818 862 Ἔπειτα
855 809 912 861 δὲ
942 810 997 864 ετ
1023 827 1085 878 γε
1121 810 1368 880 βούλοιτο
1409 813 1502 864 καὶ
1533 811 1752 865 δύναιτο
1800 817 1895 866 καὶ

324 897 581 969 βοηθείας
650 901 782 968 παρ’
842 901 1009 954 αὐτοῦ
1085 905 1305 973 τυχεῖν,
1385 901 1515 956 ὥστ’
1577 905 1894 958 ἐπανελθεῖν

322 992 462 1062 πρὸς
510 993 610 1060 τὴν
659 994 887 1048 οἰκείαν.
949 992 1170 1048 Οῐεσθαι
1224 996 1280 1048 δὲ
1341 999 1464 1067 μηδ’
1521 997 1683 1050 αὑτὸν
1715 999 1894 1064 ἀγοεῖν

318 1087 392 1139 τὰ
442 1085 590 1154 αὑτῷ
641 1085 1025 1155 συμϐεϐηκότα
1085 1088 1144 1140 ἐν
1200 1088 1356 1140 ὲννέα
1433 1089 1668 1158 μάλιστα
1732 1089 1894 1157 μησὶν

321 1178 426 1248 ἥδη
509 1177 604 1229 τοῦ
651 1179 801 1247 παρὰ
859 1181 1148 1250 Ῥωμαίοις
1177 1175 1179 1178 ⁴
1213 1181 1452 1249 πολέμου
1505 1185 1888 1252 κεκινημένου,

320 1270 474 1330 ὅπως
526 1285 586 1320 τε
653 1268 948 1340 φθονηθείη
1020 1273 1174 1342 παρά
1230 1272 1340 1324 τῶν
1385 1273 1675 1342 ὁμοφύλων
1728 1273 1893 1342 μηδὲν

319 1358 629 1429 ἠδικηκὼς,
695 1359 791 1413 καὶ
831 1359 907 1423 ὡς
969 1362 1225 1431 κινηθείη
1307 1363 1478 1432 amp”
1525 1364 1750 1416 ἐκείνων
1801 1364 1896 1415 πό-

319 1448 490 1516 λεμος
542 1449 879 1518 ἀκήρυκτος,
926 1451 1022 1504 καὶ
1066 1453 1132 1506 τὰ
1169 1454 1454 1508 τελευταῖα
1492 1455 1672 1518 ταῦτα,
1696 1457 1782 1524 δὴ,
1819 1457 1896 1519 ὡς

322 1541 619 1612 προδοθείη
639 1558 710 1593 πα
723 1542 790 1611 ρὰ
827 1543 936 1595 τῶν
968 1543 1236 1597 συνόντων
1265 1547 1401 1614 πρὸς
1428 1547 1555 1609 τοὺς
1600 1546 1890 1614 πολεμίους

323 1633 705 1686 ἀποστάντων.
750 1634 810 1686 Ei
848 1635 903 1687 δὲ
941 1635 1014 1704 μὴ
1045 1636 1288 1706 βούλοιτο
1316 1637 1554 1706 βοηθεῖν,
1585 1638 1896 1708 ἀπαγορεύ-

322 1739 407 1774 ειν
447 1723 719 1792 φανερῶς,
747 1722 879 1778 ῶστ’
932 1726 1099 1778 αὑτὸν
1158 1727 1618 1796 διασκεψάμενον,
1657 1730 1684 1781 ὅ
1742 1747 1793 1781 τι
1828 1729 1894 1782 ἂν

320 1815 506 1885 δοκοίη
548 1816 757 1885 βέλτιον
786 1816 935 1887 αὑτῷ
964 1835 1024 1870 τε
1055 1819 1151 1872 καὶ
1194 1821 1309 1882 τοῖς
1354 1820 1573 1874 συνοῦσι
1606 1821 1888 1889 πράττειν.

2001 637 2249 690 auxiliari
2277 638 2436 703 nolit,
2467 646 2655 708 aperte
2692 630 2928 706 recusét,
2964 649 3024 695 ut
3058 655 3184 696 cum
3224 642 3570 708 deliberarit,

2001 729 2129 797 quid
2169 730 2273 784 sibi
2323 731 2544 798 suisque
2591 732 2775 801 potius
2818 734 3112 799 conducat,
3165 735 3217 790 id
3260 723 3402 804 a'gat.
3445 735 3566 790 Non

2001 822 2199 876 debere
2235 837 2400 889 porro
2440 823 2650 883 mirari,
2692 823 2836 890 quod
2877 824 3102 886 dixerit,
3139 826 3184 880 si
3219 828 3390 894 possit
3419 827 3572 880 auxi-

2003 915 2156 978 liari;
2189 913 2350 984 593
2383 930 2491 967 non
2529 916 2675 968 enim
2708 932 2816 984 quo
2863 932 2990 970 eum
3044 917 3436 972 imbecillitatis
3483 935 3573 972 ar-

2004 1018 2216 1078 gueret,
2252 1010 2324 1060 ita
2362 1008 2627 1068 locutum,
2664 1011 2758 1063 sed
2790 1012 2918 1078 quia
2951 1011 3108 1072 sciat,
3141 1011 3399 1065 omnibus
3427 1027 3574 1065 mor-

2005 1098 2202 1150 talibus
2262 1113 2326 1150 ex
2377 1113 2533 1165 aequo
2577 1098 2809 1152 liberum
2856 1114 2976 1152 esse
3036 1100 3212 1164 velle,
3256 1115 3415 1170 posse
3463 1116 3571 1155 non

2003 1191 2153 1244 item.
2181 1189 2462 1243 Interdum
2491 1191 2636 1243 enim
2683 1190 2848 1244 etiam
2892 1192 2985 1258 qui
3031 1189 3289 1253 videntur
3329 1193 3570 1259 potentia

2000 1265 2286 1346 exctellere,
2332 1281 2662 1350 quibusdam
2711 1281 3123 1350 impedimentis
3176 1291 3445 1350 potesurte
3493 1283 3574 1335 fa-

2001 1371 2180 1427 ciendi
2215 1387 2338 1441 quae
2363 1373 2580 1434 volunt,
2616 1371 3027 1436 excluduntur;
3061 1372 3105 1426 si
3134 1381 3228 1425 aut
3260 1372 3448 1426 hostes
3480 1388 3569 1440 po-

2002 1465 2265 1519 teutiores
2305 1473 2559 1532 urgeant,
2611 1472 2705 1517 aut
2751 1463 3014 1531 quosdam
3049 1463 3310 1518 finitimos
3344 1466 3566 1532 populos

2009 1557 2181 1609 armis
2217 1556 2508 1622 appetituri
2542 1557 2683 1618 sint;
2738 1557 2942 1622 idcirco
2994 1557 3224 1622 dixisse,
3279 1558 3324 1611 si
3380 1557 3566 1626 possit.

2001 1643 2147 1712 quod
2197 1645 2392 1696 merito
2447 1643 2624 1712 ipsum
2671 1645 2893 1698 turbare
2942 1661 3050 1698 non
3086 1645 3308 1708 debeat,
3348 1643 3566 1715 quandc

2003 1731 2396 1800 hujuscemodi
2427 1734 2594 1786 multa
2632 1733 2683 1785 in
2716 1734 2996 1787 hominum
3033 1737 3144 1788 vita
3182 1751 3281 1788 usu
3329 1736 3566 1789 veniant.

2002 1823 2273 1878 Narrabat
2307 1825 2519 1893 postea,
2571 1824 2833 1878 scientem
2883 1812 2944 1876 ac
2993 1825 3264 1878 volentem
3307 1828 3386 1879 sic
3423 1826 3577 1879 locu-

321 1907 417 1974 Μὴ
439 1906 744 1975 θαυμάζειν
774 1907 830 1961 δὲ
857 1909 952 1972 ὼς,
983 1909 1037 1961 εῐ
1053 1927 1116 1978 γε
1141 1909 1355 1964 δύναιτο
1379 1912 1614 1982 βοηθεῖν,
1643 1913 1852 1982 εἰρήκει
1883 1930 1895 1944 ο

2005 1924 2140 1977 ιιιιιι,
2182 1925 2240 1968 ιιι
2273 1915 2320 1967 si
2355 1913 2613 1983 epitulari
2650 1915 2841 1975 nollet,
2871 1915 3242 1982 suppetiarum
3274 1914 3576 1982 desperan-

321 1994 388 2047 οὑ
423 1996 533 2065 γὰρ
565 1996 869 2064 ἀδυναμίαν
917 1996 1082 2050 αὑτοῦ
1119 2001 1486 2068 κατεγνωκὼς
1530 2000 1757 2052 τοιαῦτα
1792 2001 1898 2068 φάσ

322 2103 414 2140 ναι
441 2101 460 2120 ⁸
495 2087 609 2140 ἀλλ’
655 2085 810 2150 εἰδὼς
860 2088 936 2146 ὡς
988 2090 1151 2142 πᾶσιν
1189 2090 1500 2159 ἀνθρώποις
1560 2093 1592 2160 ἡ
1642 2091 1741 2160 μὲν
1772 2091 1898 2160 βού-

274 2185 276 2187 ’
321 2179 484 2247 λησις
534 2180 734 2249 ὁμοίως
779 2181 866 2232 ἐπ’
916 2178 1135 2250 ἐξουσίᾳ
1191 2183 1390 2244 κεῖται,
1431 2181 1493 2234 τὸ
1535 2169 1796 2234 δύνασθαι
1843 2181 1898 2234 δὲ

321 2272 531 2326 οὐκέτι.
577 2272 779 2325 Ἐνίοτε
821 2273 932 2344 γὰρ
962 2273 1056 2327 καὶ
1097 2273 1252 2326 αὑτοὶ
1281 2277 1330 2326 οι
1364 2275 1578 2342 μεγάλα
1611 2274 1898 2336 δοκοῦντες

321 2362 588 2416 δύνασθαι
632 2364 736 2415 ὑπό
765 2377 928 2416 τινων
963 2365 1298 2434 κωλυμάτων
1342 2368 1441 2437 τὴν
1477 2367 1572 2418 τοῦ
1635 2366 1898 2433 πράττειν

321 2455 360 2508 ἃ
407 2455 688 2526 βούλονται
742 2455 970 2525 δύναμιν
1025 2457 1458 2526 ἀποστεροῦνται
1521 2460 1554 2531 ἢ
1625 2459 1898 2529 πολεμίων

324 2552 505 2607 ἄλλων
553 2543 940 2618 δυνατωτέρων
983 2550 1369 2616 ἐπικειμένων,
1409 2551 1442 2620 ἢ
1477 2550 1633 2603 αὑτοὶ
1677 2552 1896 2621 ὁμόροις

325 2643 510 2695 ἔθνεσί
564 2659 679 2695 τισι
745 2642 1030 2709 μέλλοντες
1093 2642 1545 2710 ἐπιστρατεύειν,
1597 2642 1686 2695 διὰ
1742 2643 1898 2696 τοῦτο

326 2734 498 2803 φάναι
525 2734 606 2799 τὸ,
644 2735 693 2787 εί
737 2733 954 2786 δύναιτο
976 2749 989 2763 ·
1018 2733 1045 2786 ὃ
1072 2733 1282 2787 δίκαιον
1315 2735 1480 2786 αὑτὸν
1514 2734 1589 2803 μὴ
1623 2733 1896 2802 θορυϐεῖν,

325 2823 543 2876 πολλῶν
570 2821 826 2874 τοιούτων
853 2822 910 2874 ἐν
940 2821 1016 2890 τῷ
1051 2821 1151 2891 βίῳ
1181 2821 1610 2891 συμϐαινόντων.
1644 2823 1895 2889 Ἔφασκε

326 2915 386 2968 δὲ
436 2914 663 2982 ὕστερον
705 2912 1018 2982 ἐξεπίτηδες
1063 2913 1288 2967 τοιαῦτα
1330 2913 1468 2982 πρὸς
1500 2911 1724 2982 Κράλην
1750 2914 1900 2982 είρη-

325 3005 506 3071 κέναι,
536 3005 610 3066 ώς
647 3006 696 3058 εί
749 3004 825 3075 μὴ
865 3003 1110 3074 βούλοιτο
1161 3003 1398 3074 βοηθεῖν,
1430 3004 1758 3075 προφάσεως
1811 3003 1901 3056 εὑ-

325 3093 625 3164 προσώπου
661 3092 813 3164 παρά
840 3092 950 3144 τῶν
982 3091 1194 3145 ἐκείνου
1226 3091 1402 3159 λόγων
1439 3090 1724 3160 εὑποροίη,
1757 3090 1898 3144 ὥστε

325 3189 452 3255 etv,
479 3185 576 3254 μὲν
622 3185 877 3255 βοήθειαν
907 3181 1298 3252 ἀπαγορεύειν,
1344 3181 1544 3252 μηκέτι
1573 3181 1631 3234 δὲ
1672 3182 1768 3234 καὶ
1797 3179 1897 3249 τὴν

323 3278 512 3346 φιλίαν
564 3275 661 3345 τὴν
708 3275 847 3346 πρὸς
898 3274 1086 3327 αὑτόν.
1129 3273 1345 3326 Ἐδεδίει
1390 3272 1498 3342 γὰρ
1553 3271 1626 3342 μὴ
1666 3271 1895 3324 ἐκπολε-

326 3370 538 3441 μωθείῃ
584 3367 719 3438 πρὸς
753 3365 937 3430 αὑτὸν,
970 3366 1017 3417 εί
1056 3365 1130 3435 μὴ
1180 3363 1425 3434 βούλοιτο
1471 3361 1710 3432 βοηθεῖν,
1744 3363 1899 3431 νομί-

323 3479 430 3525 σας
489 3461 591 3533 ἤδη
639 3459 727 3511 διὰ
782 3456 881 3526 τὴν
927 3455 1232 3525 ἀποτυχίαν
1291 3458 1388 3518 τῆς
1441 3453 1762 3522 ἐπικουρίας
1819 3455 1898 3517 εἰς

268 3574 277 3581 ·
320 3553 496 3624 ὀργὴν
527 3551 816 3618 ἐξάγεσθαι
843 3549 935 3602 καὶ
961 3547 1185 3618 ἔχθραν.
1241 3547 1298 3598 Ὀ
1330 3546 1556 3614 Κράλης
1587 3545 1666 3607 δὲ,
1697 3543 1894 3606 Καλῶς

321 3644 865 3713 ἑποίησας,εἰ’ρηκεν,
886 3635 931 3695 ὧ
957 3639 1200 3710 βασιλεῦ,
1218 3641 1310 3690 τὸν
1334 3637 1492 3705 λόγον
1517 3636 1860 3706 διασαφήσας
1876 3652 1896 3674 θ

321 3740 634 3809 ὑπέθραττε
682 3736 792 3806 γὰρ
837 3736 936 3788 οὑκ
981 3732 1162 3799 ὀλίγον
1213 3733 1309 3784 καὶ
1347 3730 1598 3801 ἐθορύϐει
1643 3729 1744 3796 τὴν
1785 3728 1900 3782 διά-

321 3847 513 3894 νοιαν,
563 3829 639 3892 ὡς
695 3826 909 3896 ἀγνοῶν
973 3825 1072 3896 τὴν
1139 3825 1264 3892 ἐμοὶ
1319 3822 1608 3893 παροῦσαν
1667 3821 1899 3890 δύναμιν

274 3967 278 3970 .
321 3923 572 3990 οἰόμενον
614 3918 838 3973 τοιαῦτα
870 3917 1074 3984 λέγεις.
1115 3914 1338 3984 Ἐπειδὴ
1385 3914 1441 3966 δὲ
1481 3913 1591 3966 τῶν
1641 3911 1899 3964 τοιούτων

323 4011 644 4080 animus“
679 4006 961 4071 ὑπονοιῶν,
999 4006 1099 4076 ήδη
1145 4020 1230 4057 σοι
1270 4003 1368 4072 τὴν
1409 4001 1636 4070 γνώμην
1673 3999 1770 4053 καὶ
1798 3999 1898 4053 αὑ-

320 4106 417 4166 τὸς
459 4104 668 4172 ποιήσω
722 4097 1092 4169 φανεράνςὼς
1135 4096 1368 4165 δύναμίν
1416 4111 1474 4146 τε
1506 4093 1613 4162 ἔχω
1662 4092 1898 4161 μάλιστα

321 4195 604 4265 ἀρκοῦσαν
636 4191 768 4263 πρὸς
799 4191 923 4252 τοὺς
948 4187 1318 4256 πολεμοῦντας
1368 4203 1469 4247 oet,
1501 4188 1594 4240 καὶ
1633 4185 1800 4253 ἡδέως
1832 4184 1900 4238 ἂν

324 4287 683 4356 ἑπικωυροίην
729 4286 781 4338 εί
831 4299 894 4350 γε
947 4281 1125 4349 βούλει
1183 4283 1277 4333 καὶ
1323 4280 1505 4341 αὑτός.
1573 4278 1899 4346 Ἀποκριναο

325 4381 498 4450 μέιου
547 4375 604 4428 δὲ
647 4373 742 4426 τοῦ
797 4371 1086 4441 βασιλέως,
1132 4369 1206 4432 ὡς
1235 4369 1336 4438 τῆς
1389 4369 1487 4437 μὲν
1519 4366 1697 4435 φιλίας
1739 4367 1900 4418 ἓνεκα

312 4461 423 4526 οιαὶ
471 4469 568 4536 τῆς
631 4464 943 4535 προθυμίας
994 4462 1093 4530 τῆς
1157 4459 1284 4530 περὶ
1339 4457 1525 4518 αὑτὸν,
1581 4456 1786 4518 πολλὰς
1831 4456 1899 4510 ἂν

2001 2008 2216 2071 darum,
2244 2008 2328 2060 vel
2362 2024 2426 2060 ex
2475 2009 2650 2075 ipsius
2685 2007 2870 2059 verbis
2919 1987 3143 2059 honr-sta
3198 2007 3302 2060 sibi
3347 2006 3577 2062 facultas

2000 2097 2403 2166 suppeditaret,
2435 2111 2540 2149 non
2570 2095 2736 2148 etiam
2765 2095 3021 2148 amicitia:
3048 2112 3061 2147 :
3099 2095 3371 2149 metuebat
3401 2094 3574 2162 siqui--

1999 2189 2148 2250 dem,
2185 2202 2252 2240 ne
2281 2187 2480 2240 hostile
2517 2187 2570 2238 in
2605 2199 2663 2238 se
2701 2184 2886 2238 odium
2925 2181 3250 2253 susciperet;
3279 2185 3322 2238 si
3351 2183 3574 2253 adjuva-

2001 2295 2058 2333 re
2087 2279 2278 2343 nollet,
2311 2289 2461 2331 ratus
2487 2276 2942 2332 Cantacuzenum
2975 2290 3071 2344 spe
3112 2275 3301 2329 auxilii
3333 2276 3570 2344 lapsum,

2001 2370 2198 2425 iratum
2235 2369 2338 2424 sibi
2378 2378 2434 2422 et
2479 2367 2762 2422 inimicum
2807 2381 2950 2421 esse.
2991 2364 3180 2421 Crales
3207 2371 3379 2435 Ivem,
3425 2366 3572 2420 Bene

1999 2459 2228 2521 factum,
2282 2459 2483 2528 inquit,
2537 2473 2660 2513 cum
2723 2457 2951 2510 verbum
3025 2468 3176 2510 tuum
3235 2456 3570 2524 exposuisti;

2001 2552 2144 2605 haud
2175 2552 2322 2606 enim
2368 2536 2584 2605 modice
2615 2550 2866 2604 terrebar
2896 2564 2959 2604 ac
3013 2549 3397 2618 perturbabar,
3443 2562 3572 2602 cum

1998 2644 2369 2698 existimarem
2420 2653 2470 2696 te
2524 2644 2863 2710 ignorantem
2897 2651 3160 2710 quantum
3208 2654 3447 2710 possem.
3497 2640 3572 2693 ita

1999 2736 2168 2804 loqui.
2207 2736 2274 2789 Et
2315 2736 2445 2804 quia
2494 2736 2658 2788 talem
2713 2734 2847 2787 mihi
2884 2735 3254 2803 suspicionem
3293 2731 3570 2796 ademisti,

1997 2843 2100 2897 ego
2133 2842 2274 2881 nunc
2315 2837 2365 2881 te
2409 2827 2654 2882 vicissim
2697 2841 2916 2881 sensum
2969 2841 3149 2880 meum
3196 2840 3304 2880 non
3357 2823 3569 2879 celabo.

1999 2921 2214 2976 Virium
2249 2919 2520 2974 adversus
2554 2918 2742 2973 hostes
2775 2927 2898 2972 tuos
2929 2919 3109 2973 habeo
3140 2918 3264 2986 plus
3299 2917 3456 2983 satis,
3485 2925 3569 2970 te-

1998 3025 2106 3082 que
2133 3011 2178 3065 si
2206 3010 2320 3080 ipse
2354 3011 2458 3073 vis,
2491 3009 2765 3079 adjuvabo
2799 3009 3058 3064 libenter.
3091 3007 3432 3078 Subjiciente
3467 3007 3573 3061 im-

2000 3114 2278 3173 peratore,
2310 3118 2370 3158 se
2407 3102 2665 3156 amicitia:
2701 3108 2757 3155 et
2806 3110 3068 3170 promptae
3109 3100 3406 3154 voluntatis
3438 3113 3571 3167 ergo

2003 3209 2254 3264 magnam
2291 3193 2366 3247 illi
2402 3192 2605 3246 habere
2637 3191 2867 3261 gratiam
2903 3233 2917 3256 ,
2953 3191 3165 3245 nescire
3205 3199 3408 3253 autem,
3440 3187 3572 3258 quid
3629 3179 3632 3181 Δ

2006 3285 2141 3340 illud
2177 3283 2281 3340 sibi
2301 3282 2452 3346 velit,
2481 3282 2556 3335 «si
2579 3281 2697 3350 ipse
2715 3282 2850 3345 vis,»
2873 3280 3058 3336 Crales
3088 3280 3370 3348 praemium
3390 3281 3568 3335 socie-

1992 3376 2130 3430 tatis
2164 3389 2354 3429 omnes
2395 3374 2768 3426 Romanorum
2811 3372 2992 3431 urbes.
3034 3386 3064 3425 a
3104 3370 3434 3441 Christupoli
3476 3387 3571 3425 us-

2001 3483 2109 3538 que
2141 3468 2195 3520 in
2222 3464 2576 3519 Occidentem
2607 3463 2818 3533 poscit;
2854 3462 2898 3515 si
2934 3461 3040 3516 hoc
3075 3462 3302 3515 nimium
3338 3473 3392 3518 ct
3423 3463 3574 3516 into-

2000 3559 2233 3614 lerabile
2281 3557 2558 3620 videatur,
2605 3563 2756 3610 certe
2809 3555 3029 3622 quidem
3073 3568 3104 3606 a
3153 3552 3567 3606 Thessalonica.

1953 3671 1959 3683 ι
1999 3650 2116 3704 Non
2149 3647 2296 3702 enim
2331 3646 2620 3716 pecuniam
2673 3653 2781 3698 tam
2830 3643 3090 3712 grandem
3129 3643 3182 3696 in
3225 3643 3427 3696 bellum
3472 3657 3571 3711 pro

1999 3741 2121 3808 ipso
2154 3739 2302 3794 nulla
2348 3751 2444 3806 spe
2491 3735 2632 3790 lucri
2683 3737 3051 3804 impensuros,
3101 3733 3309 3801 totique
3340 3733 3570 3800 imperio

2001 3819 2248 3886 Rom’ano
2297 3844 2424 3883 cum
2469 3827 2788 3882 discrimine
2832 3841 2890 3880 se
2935 3825 3311 3894 Opposituros,
3339 3822 3432 3890 qui
3469 3836 3570 3876 nec

2001 3937 2100 3991 pro
2148 3918 2344 3988 seipsis
2385 3933 2622 3986 unquam
2664 3917 2730 3970 ad
2767 3915 3057 3970 Thraciam
3084 3956 3102 3979 ,
3139 3925 3235 3970 aut
3275 3915 3436 3976 ultra,
3475 3928 3568 3965 ar—

2001 4011 2132 4064 mati
2173 4009 2466 4078 procedere
2496 4007 2615 4059 ausi
2647 4006 2871 4060 fuerint.
2909 4006 2974 4058 Et
3007 4004 3266 4059 arbitrari
3298 4005 3566 4072 Optimum

1999 4111 2165 4170 atque
2215 4099 2568 4154 utilissimum
2628 4097 2733 4151 hoc
2782 4111 2907 4151 esse
2951 4097 3260 4151 consilium.
3309 4095 3365 4149 Si
3418 4097 3566 4147 enim

1998 4193 2109 4248 illis
2150 4191 2402 4254 urbibus,
2439 4203 2672 4258 quarum
2721 4186 2978 4241 dominus
3023 4201 3129 4240 non
3177 4186 3277 4252 sit,
3302 4185 3566 4248 dimissis,

1999 4301 2110 4340 non
2139 4283 2244 4337 sibi
2274 4290 2330 4336 et
2360 4279 2628 4335 exercitui
2657 4278 2856 4341 solum,
2889 4276 2983 4331 sed
3011 4286 3066 4330 ct
3092 4275 3283 4330 liberis
3313 4290 3568 4344 maguum

1999 4374 2428 4431 emolumentum
2456 4382 2795 4438 comparare,
2833 4376 2890 4422 et
2927 4367 3151 4434 insuper
3183 4365 3570 4421 infensissimis

2002 4465 2253 4519 hostibus
2279 4462 2397 4517 suis
2421 4459 2676 4531 perditis,
2721 4457 3058 4526 reliquarum
3100 4463 3297 4522 potens
3333 4453 3569 4507 evadere

323 4561 497 4628 εἰδείη
535 4559 786 4628 χάριτας,
827 4553 1022 4623 ἀγνοίη
1069 4552 1125 4603 δὲ
1176 4551 1311 4620 πρὸς
1364 4551 1392 4602 ὃ
1433 4566 1486 4603 τι
1533 4551 1688 4619 φέρει
1739 4547 1895 4611 τὺ,εί

1999 4563 2186 4625 queat,
2211 4563 2532 4608 contentum
2567 4550 2670 4604 hoc
2699 4562 2820 4602 esse
2851 4546 3070 4628 debere,
3098 4559 3200 4599 nec
3230 4543 3371 4597 ultra
3400 4557 3566 4610 quam

325 4653 572 4724 βούλοιτο
603 4651 694 4702 καὶ
719 4648 904 4708 αὑτὸς,
961 4643 1153 4714 μισθὸν
1201 4643 1297 4711 τῆς
1345 4639 1662 4710 συμμαχίας
1689 4641 1717 4692 ὁ
1750 4639 1899 4708 Κρά-

320 4748 426 4814 λης
483 4735 600 4806 τὰς’
632 4740 740 4793 ἀπὸ
798 4733 1254 4808 Χριστουπόλεως
1308 4733 1446 4801 πρὸς
1495 4732 1596 4800 τὴν
1650 4729 1898 4799 ’ἑσπέραν

323 4837 544 4897 ἁπάσας
589 4832 774 4893 πόλεις
837 4826 1128 4894 Ῥωμαίοις
1189 4823 1465 4894 ὑπηκόους
1519 4821 1659 4893 ᾔτειο
1714 4820 1762 4872 εἰ
1839 4818 1897 4870 δὲ

319 4929 484 4983 τοῦτο
510 4923 744 4992 ἐπαχθὲς
769 4920 976 4988 δοκοίη,
1011 4917 1109 4980 τὰς
1139 4914 1273 4982 γοῦν
1333 4914 1439 4966 ἀπὸ
1473 4909 1895 4977 Θεσσαλονίκης.

322 5021 402 5076 Οὑ
433 5019 542 5088 γὰρ
570 5015 658 5068 ἐπ’
688 5014 866 5067 οὑδενὶ
919 5010 1102 5082 κέρδει
1154 5005 1414 5077 χρήματά
1460 5021 1521 5059 τε
1552 5003 1896 5059 ἀναλώσουσι

322 5111 464 5183 πρὸς
489 5110 588 5162 τὸν
613 5107 850 5176 πόλεμον
879 5104 1022 5172 ὑπὲρ
1055 5098 1222 5153 αὑτοῦ
1257 5097 1518 5159 τοσαῦτα.
1550 5097 1637 5149 καὶ
1674 5096 1890 5149 διακινο

318 5205 621 5259 δυνεύσωσι
670 5198 808 5269 πρὸς
860 5197 1038 5249 πᾶσαν
1089 5191 1189 5262 τὴν
1234 5190 1526 5257 Ῥωμαίων
1571 5187 1891 5258 ἡγεμονίαν,

320 5292 406 5358 οἷς
432 5293 539 5346 οὐδ’
578 5291 717 5359 ὑπὲρ
747 5287 896 5356 σφῶν
927 5284 1108 5339 αὑτῶν
1139 5299 1268 5336 ποτε
1314 5280 1622 5348 ἐτόλμησαν
1655 5279 1894 5347 πόλεμον

319 5385 561 5454 ἄρασθαι
588 5381 869 5445 τοσοῦτον,
903 5376 1042 5429 ὥστε
1069 5375 1202 5444 πρὸς
1230 5372 1479 5440 Θρᾴκην,
1511 5371 1544 5441 ἢ
1578 5370 1671 5423 καὶ
1699 5386 1896 5440 περαι.

321 5477 470 5545 τέρω
517 5471 828 5541 προελθεῖν.
873 5466 1098 5522 υῐεσθαι
1131 5465 1190 5518 δὲ
1219 5463 1419 5532 ἄριστά
1449 5479 1511 5516 τε
1552 5464 1646 5515 καὶ
1678 5462 1894 5514 λυσιτε-

321 5569 562 5622 λέστατα
613 5561 764 5631 αὑτῷ
804 5560 1178 5628 βουλεύεσθαι.
1234 5558 1296 5609 Εἰ
1347 5554 1456 5625 γὰρ
1503 5548 1578 5608 ὧν
1625 5554 1726 5606 οὐκ
1779 5553 1894 5606 ἐστι

324 5659 516 5730 κύριος
553 5656 950 5725 ἀποσχόμενος,
994 5653 1093 5722 οὑχ
1150 5651 1330 5718 ἑαυτῷ
1378 5649 1468 5701 καὶ
1515 5651 1627 5710 τοῖς
1673 5645 1893 5704 συνοῦσι

323 5752 512 5824 μόνον,
539 5748 674 5801 ἀλλά
699 5747 794 5801 καὶ
819 5747 977 5798 παισὶ
1013 5743 1256 5814 μεγάλην
1281 5741 1538 5811 ἀφέλειαν
1580 5739 1888 5809 πορίσαιτο,

321 5843 421 5901 καὶ
459 5841 690 5913 προσέτι
744 5839 871 5902 τοὺς
918 5835 1360 5907 πολεμιωτάτους
1405 5832 1747 5902 διαφθείρας,
1782 5829 1890 5886 τῶν

1999 4619 2368 4715 opportunum
2395 4650 2501 4705 est,
2531 4650 2587 4694 et
2619 4636 2970 4693 mediocritas
2994 4619 3263 4704 postulat,
3291 4630 3566 4684 laborare.

2001 4737 2190 4798 Recte,
2221 4734 2399 4802 inquit
2430 4732 2753 4799 imperator,
2796 4728 2864 4781 de
2901 4727 3054 4779 lucro
3082 4739 3148 4779 ex
3188 4721 3476 4782 societate,
3512 4729 3570 4776 et

1998 4842 2186 4896 opera,
2217 4835 2274 4880 et
2309 4822 2624 4892 sumptibus
2650 4822 2705 4875 in
2746 4819 2948 4875 bellum
2989 4813 3356 4869 ratiocinaris.
3390 4809 3561 4865 Nemo

1998 4919 2200 4987 quippe
2240 4916 2520 4976 cordatus,
2555 4912 2658 4966 nisi
2703 4910 2855 4980 prius
2892 4907 3240 4963 commodum
3281 4904 3499 4974 aliquod
3537 4919 3572 4956 θ

1997 5008 2260 5064 faciendis
2282 5005 2536 5068 eluserit,
2571 5019 2678 5056 non
2731 5011 2949 5070 gravate
2971 4998 3249 5068 defatigari
3283 5007 3565 5057 etmrumo
3626 5063 3628 5065 ς

1998 5117 2098 5157 nas
2125 5099 2338 5170 perpeti
2377 5096 2531 5151 velit.
2569 5094 2652 5148 Tu
2689 5109 2818 5147 vero
2849 5091 2898 5146 si
2934 5091 3070 5145 mihi
3113 5089 3407 5160 gratiﬁcari
3453 5103 3564 5142 non

1997 5196 2102 5256 vis,
2164 5207 2274 5245 non
2328 5189 2527 5260 injuria
2581 5185 2703 5255 opis
2761 5193 2866 5238 tua:
2938 5180 3248 5235 mercedem
3297 5179 3566 5249 postules,

1997 5283 2162 5356 £94
2186 5277 2444 5352 quamsi
2494 5275 2642 5337 dem,
2694 5273 2900 5327 nullam
2956 5269 3054 5323 tibi
3103 5269 3283 5324 meriti
3333 5269 3567 5338 gratiam
3613 5290 3640 5321 ο

1998 5372 2262 5426 debuero.
2292 5364 2405 5419 Nec
2424 5364 2570 5417 enim
2599 5363 2688 5429 qui
2718 5365 2946 5427 argento
2966 5357 3255 5426 quidpiam
3287 5357 3356 5412 ab
3380 5359 3564 5426 aliquo

1997 5459 2215 5520 emerit,
2249 5449 2524 5507 venditori
2569 5448 2779 5518 gratias
2807 5447 2940 5514 agit.
2995 5445 3090 5500 Sin
3125 5447 3195 5499 ob
3227 5446 3399 5500 solam
3427 5447 3566 5499 allii-

1997 5549 2209 5609 citiatn,
2244 5554 2300 5597 et
2333 5551 2392 5596 ut
2423 5555 2622 5609 magno
2653 5537 2889 5608 principi
2931 5536 3221 5605 pulchrum
3252 5545 3358 5600 est,
3387 5539 3564 5592 hono-

1997 5641 2076 5695 ris
2112 5637 2298 5692 studio
2348 5634 2518 5704 gratis
2569 5629 2704 5685 mihi
2755 5627 3120 5698 epitulabere,
3167 5627 3405 5697 primum
3441 5629 3566 5698 qni-

1995 5734 2119 5804 dem
2166 5731 2234 5786 de
2291 5730 2486 5798 teipse,
2536 5734 2596 5780 ut
2650 5725 2826 5790 decet,
2883 5719 3170 5777 merebere
3227 5737 3241 5774 :
3293 5720 3387 5790 qui
3449 5737 3562 5778 non

1996 5835 2259 5899 quastus,
2295 5835 2352 5881 ut
2387 5823 2628 5897 ignobile
2659 5822 2874 5892 vulgus,
2901 5817 2997 5876 sed
3025 5815 3282 5875 amicitiae
3302 5825 3356 5875 et
3375 5818 3562 5890 gloria
