4062 6290
303 427 408 492 θῐιτ

1472 427 1838 487 HISTORIA
1851 426 2019 490 RUM
2052 425 2284 493 LIBER
2320 430 2444 492 ΠΙ.

3457 425 3566 488 958

303 538 701 608 ἀπανθρωπίας
753 538 879 608 ἣκει
933 539 1024 592 καὶ
1078 519 1385 609 ὠμότητος,
1453 541 1531 602 ὡς
1598 540 1763 602 αὐτός
1814 556 1873 592 τε

1979 551 2209 605 taceam,
2241 543 2344 597 tale
2369 542 2550 598 scelus
2579 539 2726 610 apud
2759 541 2929 595 Deum
2961 553 3088 594 esse
3119 538 3564 605 odiosissimum,

247 648 255 654 '
303 629 521 703 ἑλέσθαι
550 629 787 692 καὶτοῖς
822 628 1013 692 ἄλλοις
1045 629 1473 699 συμϐουλὲῡσαι.
1509 636 1645 698 πρὸς
1672 633 1780 700 γὰρ
1807 631 1882 700 τῷ

298 722 421 793 Θεῷ
449 722 705 793 ἐχθίστην
733 706 874 775 εἶναι
920 721 1019 791 τὴν
1053 722 1315 792 τοιαύτην
1341 721 1568 790 τόλμαν,
1601 724 1696 774 καὶ
1727 723 1882 792 παρὰ

301 816 471 869 πᾶσιν
539 813 851 884 ἀνθρώποις
928 815 1078 883 σαφῆ
1156 813 1456 883 παρέχεται
1516 813 1712 876 κακίας
1785 812 1881 866 καὶ

303 888 608 976 μοχθηρίας
655 903 935 971 ἀπόδειξιν
995 905 1328 974 ὑπερϐολῆς.
1384 905 1459 957 Τὸ
1513 905 1622 973 γὰρ
1676 904 1773 958 νῦν
1819 921 1880 958 τε

298 999 430 1052 ὄντα
470 997 754 1068 Ῥωμαίων
794 997 1040 1066 βασιλέα,
1071 999 1166 1051 καὶ
1217 1000 1348 1068 πρὶν
1386 1001 1468 1060 εἰς
1512 998 1672 1052 τοῦτο
1715 998 1878 1068 ἥκειν

299 1089 580 1160 σχήματος
610 1089 823 1153 πολλοῖς
856 1090 1120 1160 πρότερον
1141 1088 1355 1158 χρόνοις
1383 1089 1583 1158 ὁμοίως
1612 1091 1875 1160 ἄρχοντα,
1900 1164 1914 1177 .

296 1180 392 1232 καὶ
449 1179 602 1248 παρά
655 1177 876 1232 πάντων
931 1181 1040 1247 καὶ,
1095 1178 1365 1248 Ἑλλήνων
1415 1181 1510 1231 καὶ
1571 1179 1878 1250 Βαρϐάρων

295 1266 666 1338 ἀγαπώμενον
691 1269 786 1320 καὶ
824 1267 1296 1338 περισπούδαστον
1315 1268 1446 1322 ὄντα
1465 1268 1555 1322 διὰ
1583 1269 1684 1338 τὴν
1711 1285 1878 1338 προσ-

295 1358 470 1412 οῦσαν
507 1358 832 1424 ἐπιείκειαν,
901 1360 995 1410 καὶ
1035 1356 1273 1419 σύνεσιν,
1317 1359 1412 1411 καὶ
1459 1359 1777 1427 φιλοτιμίαν
1816 1340 1876 1412 έν

299 1452 468 1506 πᾶσιν
489 1450 737 1516 ἀγαθοῖς,
779 1447 875 1501 νῦν
907 1449 1116 1518 ἥκοντα
1151 1451 1282 1520 παρ’
1315 1451 1464 1520 ἡμᾶς
1490 1450 1580 1504 διὰ
1613 1451 1877 1522 πραγμά..

294 1559 409 1597 των
459 1541 782 1612 μεταϐολὴν,
813 1542 952 1610 πρὸς
985 1542 1064 1609 τῷ
1115 1541 1190 1611 μὴ
1233 1542 1558 1612 προστῆναι.
1593 1543 1686 1596 καὶ
1737 1544 1875 1612 ἀνή-

299 1650 472 1688 κεστα
521 1635 809 1699 διαθεῖναι,
840 1635 939 1688 οὐκ
993 1635 1280 1703 ὠμότητος
1331 1636 1422 1687 καὶ
1474 1635 1874 1704 ἀπανθρωπίας

297 1727 482 1795 μόνον,
513 1727 652 1779 ἀλλὰ
713 1726 808 1779 καὶ
855 1725 1113 1789 ἀσεϐείας
1161 1725 1418 1795 ἔγκλημα
1463 1726 1600 1794 ἡμῖν
1647 1725 1874 1788 δικαίως

296 1816 586 1888 περιάψαι.
644 1810 719 1870 Οὗ
768 1816 834 1886 δὴ
896 1817 1083 1884 ἕνεκα,
1138 1817 1251 1870 τῶν
1305 1816 1564 1870 τοιούτων
1620 1817 1758 1887 αύτή
1810 1834 1870 1869 τε

291 1880 534 1977 ἔγνωκα,
597 1909 690 1962 καὶ
748 1880 878 1978 ὑμῖν
941 1880 1284 1978 ἀποσχέσθαι
1353 1909 1645 1980 παραινῶ⁹
1705 1880 1767 1964 τδ
1827 1909 1874 1963 δ’
1911 1880 1951 1938 θ

184 2041 200 2056 ι
289 2002 642 2068 ἀποπέμπειν
677 2001 986 2071 ἄπρακτον,
1011 2001 1275 2067 ἀδουλίας
1304 2003 1370 2056 ἀν
1409 2019 1494 2066 τις
1519 2002 1697 2074 τιθείη
1725 2001 1876 2070 λογι-

290 2091 516 2156 ζόμενος
541 2093 750 2162 ὀρθῶς·
782 2095 843 2147 οὐ
873 2094 983 2162 γὰρ
1016 2094 1176 2162 μόνον
1211 2095 1437 2162 ἀγνοίας
1466 2094 1596 2164 περὶ
1627 2093 1698 2148 τὰ
1731 2093 1873 2148 καλὰ

292 2183 391 2239 καὶ
443 2183 794 2254 ἀφιλοτιμίας
841 2184 1067 2248 δικαίως
1121 2184 1188 2239 ἂν
1238 2186 1502 2256 ἀλοίημεν
1559 2185 1715 2256 παρά
1759 2187 1874 2249 τοῖς

291 2277 502 2344 κρίνειν
529 2275 854 2341 τὰτοιαῦτα
883 2276 1100 2340 δεινοῖς,
1129 2264 1211 2330 ὅτι
1233 2276 1293 2329 ὃν
1333 2279 1646 2346 ἐπεθύμουν
1677 2277 1872 2330 πολλοὶ

287 2367 402 2420 τῶν
454 2366 754 2430 δυναστῶν,
801 2368 894 2421 καὶ
949 2367 1120 2420 πολλὰ
1170 2369 1656 2437 ὲπραγματεύοντο
1720 2353 1874 2438 φίλον

292 2459 459 2528 ἔχειν,
511 2460 700 2514 τοῦτον
750 2459 968 2529 ἔχοντες
1020 2460 1197 2525 αὐτοὶ,
1251 2464 1344 2514 καὶ
1403 2461 1700 2530 δυνάμενοι
1761 2462 1873 2516 τῶν

289 2550 470 2606 ἄλλων
502 2550 705 2621 μᾶλλον
751 2551 851 2622 τὴν
889 2551 1024 2624 παρ’
1059 2551 1228 2606 αὑτοῦ
1271 2553 1454 2620 φιλίαν
1501 2553 1872 2624 καρποῦσθαι,

288 2641 510 2704 ἑκόντες
556 2641 710 2705 ὄντες
761 2642 1132 2713 προηκάμεθα
1173 2645 1242 2697 δι’
1291 2644 1601 2715 ἀγροικίαν.
1637 2645 1780 2699 Ἀλλ’
1823 2647 1877 2699 εί

290 2749 424 2786 ποτε
457 2733 700 2802 συμϐαίη
729 2735 825 2788 καὶ
862 2735 1150 2804 Ῥωμαίων
1199 2736 1386 2804 ἄρξαι,
1421 2739 1770 2807 μεμνημένος
1796 2737 1874 2802 ὡς

288 2823 546 2894 οὓδεμιᾶς
589 2827 912 2898 ιπικουρίας
949 2825 1104 2898 τύχοι
1149 2826 1284 2897 παρ’
1342 2828 1522 2897 ἡμῶν,
1565 2828 1701 2881 ἀλλὰ
1745 2830 1871 2896 τόγε

290 2917 373 2978 είς
416 2917 563 2985 ἡμᾶς
591 2911 750 2983 ἧκον,
776 2917 873 2972 καὶ
915 2919 1032 2980 τοῖς
1066 2918 1351 2988 πολεμίοις
1389 2919 1866 2988 καταπροδοθείηο

288 3003 412 3058 οὐδὲ
442 3004 551 3074 γὰρ
577 3000 744 3076 ἦττον
781 3005 976 3060 τούτου
1004 3008 1122 3059 νυνὶ
1149 3007 1210 3059 τὸ
1239 3006 1568 3076 ἀποπέμψαι
1594 3006 1818 3060 δύναται
1853 3025 1868 3039 ο

210 3129 217 3136 -
288 3094 580 3163 ἀμυνεῖται
608 3097 866 3162 δικαίως,
897 3100 998 3152 καὶ
1025 3098 1213 3162 κακῶς
1243 3102 1460 3169 ποιήσει
1490 3100 1558 3152 τὰ
1597 3101 1867 3170 ἡμέτερα,

1988 633 2133 702 apud
2168 635 2422 689 homines
2465 649 2689 703 quoque
2721 632 3012 687 universos
3059 641 3274 686 certum
3322 631 3565 688 inCredi-

1989 727 2116 782 bilis
2177 727 2401 781 malitiae.
2464 735 2522 782 et
2590 725 2964 796 improbitatis
3011 732 3395 794 argumentum
3454 731 3562 779 est.

1988 818 2205 872 Etenim
2242 835 2368 872 eum
2392 817 2485 887 qui
2527 832 2675 871 nunc
2705 817 3080 871 Romanorum
3121 815 3425 885 imperator
3451 825 3560 882 est,

1985 919 2042 964 et
2094 911 2414 978 priusquam
2471 909 2711 978 insignia
2763 907 2999 976 accepit.
3059 906 3155 961 diu
3211 907 3563 975 imperatoris

1985 1016 2186 1055 munus
2247 1002 2443 1071 gessit,
2479 1010 2534 1054 et
2566 1000 2826 1054 omnibus
2861 1009 2976 1054 tum
3011 999 3238 1064 Graecis,
3277 1009 3390 1053 tum
3425 999 3562 1052 Bar-

1983 1093 2132 1148 baris
2170 1093 2422 1156 charum,
2464 1101 2521 1146 et
2563 1099 2786 1160 propter
2829 1105 2976 1154 eam,
3020 1105 3130 1161 qua
3165 1089 3426 1158 praeditus
3449 1098 3558 1153 est,

1983 1183 2290 1245 lenitatem,
2330 1183 2706 1252 prudentiam,
2743 1195 2800 1237 et
2851 1181 3034 1236 omnis
3086 1180 3393 1236 honestatis
3443 1189 3560 1234 stu-

1983 1272 2133 1326 dium
2167 1276 2419 1327 certatim
2449 1273 2844 1342 expetendum,
2896 1280 2952 1325 et
2979 1287 3127 1326 nunc
3156 1270 3223 1324 ad
3265 1285 3366 1324 nos
3393 1270 3559 1323 rebus

1981 1364 2322 1419 labefactatis
2359 1364 2796 1434 conlugientem,
2846 1379 2955 1418 non
3008 1372 3219 1418 tantum
3257 1379 3367 1418 non
3411 1361 3552 1417 tueri

1981 1473 2045 1514 ac
2089 1465 2292 1526 tegere,
2338 1457 2432 1512 sed
2473 1460 2640 1510 etiam
2676 1449 3149 1525 importunissime
3184 1455 3408 1511 violare.
3444 1469 3555 1507 non

1980 1550 2326 1605 crudelitatis
2368 1549 2546 1603 solum
2589 1558 2648 1604 et
2693 1548 3074 1609 immanitatis,
3108 1546 3203 1601 sed
3253 1545 3556 1614 impietatis

1980 1657 2202 1713 quoque
2229 1642 2281 1696 in
2308 1641 2542 1697 crimine
2579 1656 2680 1696 nos
2704 1643 2826 1708 jure
2859 1641 3129 1710 posuerit.
3163 1640 3344 1706 Quare
3373 1639 3557 1694 scelus

1981 1733 2297 1803 hujusmodi
2353 1743 2411 1789 et
2456 1733 2572 1802 ipsa
2618 1732 2810 1801 fugere
2845 1733 3034 1797 statui,
3071 1740 3129 1785 et
3169 1740 3230 1784 ut
3271 1745 3373 1784 vos
3399 1742 3557 1797 teque

1981 1826 2224 1896 fugiatis,
2262 1839 2484 1880 moneo.
2529 1825 2608 1880 Re
2643 1832 2827 1878 autem
2860 1822 3062 1878 iniecta
3095 1838 3223 1876 eum
3254 1821 3555 1885 dlmittcrc,

1980 1916 2036 1971 id
2088 1917 2266 1971 bonus
2319 1929 2504 1970 rerum
2557 1914 2858 1968 aestimator
2905 1912 3162 1968 amentiae
3210 1911 3554 1986 ascripserit.

1976 2009 2100 2064 Non
2135 2008 2282 2062 enim
2309 2008 2488 2062 solum
2519 2015 2579 2060 ut
2609 2007 2826 2061 honesti
2856 1991 3196 2076 ignorantes,
3227 2017 3282 2058 et
3315 2005 3382 2058 ab
3407 2003 3557 2059 omni

1975 2099 2310 2169 cogitatione
2357 2097 2540 2152 laudis
2595 2097 2801 2158 aversi.
2837 2113 2868 2151 a
2903 2097 3097 2165 peritis
3130 2096 3410 2167 iudicibus
3444 2110 3559 2150 me-

1976 2191 2083 2245 rito
2119 2190 2539 2260 redarguemur,
2589 2190 2632 2244 si
2685 2189 2846 2258 cujus
2875 2188 3172 2242 amicitiam
3213 2187 3367 2240 multi
3407 2187 3559 2256 prin-
3603 2220 3607 2226 -

1978 2284 2128 2350 eipes
2161 2282 2398 2338 sollicite
2424 2292 2480 2336 et
2511 2282 2786 2336 laboriose
2814 2282 3207 2351 quaesiverunt,
3258 2280 3408 2334 hunc
3451 2279 3556 2348 ipsi

1974 2375 2265 2429 nobiscum
2293 2375 2584 2436 habentes.
2617 2387 2742 2427 cum
2789 2387 3075 2443 possemus
3113 2380 3240 2425 ante
3271 2372 3410 2424 alios
3436 2371 3558 2440 ejus

1975 2465 2274 2519 amicitiam
2307 2463 2600 2533 consequi,
2629 2478 2694 2516 ex
2741 2461 2978 2531 quadam
3014 2460 3324 2515 rusticitate
3365 2460 3559 2532 vplen-

1974 2563 2056 2610 tes
2085 2555 2522 2610 deseruerimus.
2564 2554 2730 2624 Atqui
2779 2555 2826 2608 si
2859 2554 3082 2623 quando
3122 2568 3249 2606 eum
3295 2550 3558 2606 Romanis

1972 2645 2098 2714 jura
2135 2647 2271 2701 dare
2305 2647 2624 2716 contigerit.
2663 2661 2894 2710 memor,
2923 2660 2981 2700 se
3011 2645 3222 2699 nullum
3255 2645 3384 2699 hinc
3407 2644 3560 2698 auxia

1971 2739 2108 2793 lium
2142 2738 2462 2803 abstulisse,
2509 2738 2605 2792 sed
2651 2746 2918 2805 quantum
2960 2737 3015 2790 in
3048 2737 3208 2790 nobis
3233 2735 3356 2798 l'uit,
3387 2736 3557 2790 etiam

1976 2830 2230 2887 hostibus
2278 2831 2394 2885 suis
2431 2829 2712 2900 objectum
2759 2827 3014 2898 (perinde
3055 2827 3200 2882 enim
3248 2837 3353 2886 est.
3407 2841 3559 2882 nunc

1975 2922 2154 2991 ipsum
2205 2923 2425 2976 inanem
2458 2921 2756 2984 dimittere,
2790 2929 2954 2988 atque
2989 2919 3239 2973 hostibus
3277 2918 3556 2987 prodere),

1974 3029 2082 3066 non
2131 3014 2334 3084 injuria
2379 3029 2440 3068 se
2491 3011 2814 3074 ulciscetur,
2859 3020 2918 3066 et
2951 3010 3113 3064 nobis
3147 3009 3352 3063 malum
3386 3008 3556 3074 dabit,

1970 3121 2098 3160 eum
2131 3106 2198 3160 ad
2231 3107 2366 3160 alias
2393 3120 2590 3161 causas
2625 3120 2732 3158 non
2769 3117 2972 3172 paucas
3030 3103 3147 3156 haec
3177 3101 3340 3156 etiam
3376 3100 3560 3170 prodi-

291 3187 474 3277 ἄλλων
511 3204 571 3277 τε
603 3189 815 3241 πολλῶν
841 3191 1170 3258 προφάσεων
1193 3192 1507 3260 εὐπορήσας
1535 3193 1622 3253 ἀν,
1651 3193 1745 3245 καὶ
1768 3195 1869 3262 τὴν

1977 3195 2142 3249 tionis
2167 3195 2486 3250 accesserit.
2512 3193 2782 3256 Quocirca
2816 3192 2861 3245 si
2893 3192 2972 3245 rei
3012 3202 3212 3244 nostra:
3243 3190 3556 3244 consultum

291 3273 392 3327 νῦν
441 3275 733 3344 προδοσίαν
777 3277 1084 3332 ἐπικαλῶν.
1126 3279 1204 3331 Δι’
1258 3277 1295 3331 ἃ.
1346 3279 1469 3332 ούδί
1517 3280 1873 3348 ἀποπέμπειν

1982 3285 2260 3355 cupimus,
2287 3287 2505 3340 inanem
2531 3282 2920 3339 dimittendum
2953 3297 3060 3335 non
3087 3285 3239 3351 puto.
3275 3279 3562 3348 Relinqui-

289 3364 574 3435 ἄπρακτον
607 3367 792 3437 οῖομαι
832 3367 1154 3424 λυσιτελεῖν.
1181 3369 1447 3423 Δείπεται
1475 3369 1542 3441 δὴ
1566 3369 1806 3440 βοηθεῖν,
1835 3371 1870 3442 ἢ

291 3461 760 3529 παραχωρήσαντι
785 3461 896 3512 τῶν
927 3460 1139 3513 πόλεων
1167 3453 1242 3514 ὧν
1269 3461 1562 3529 αίτούμεν,
1595 3463 1629 3532 ἢ
1666 3465 1869 3531 προῖκα

287 3549 386 3603 καὶ
417 3548 507 3602 διά
556 3549 888 3620 φιλοτιμίαν.
912 3551 988 3604 Τὸ
1031 3551 1130 3620 μὲν
1160 3547 1254 3604 οὖν
1287 3551 1396 3604 τῶν
1432 3552 1641 3606 πόλεων
1679 3569 1868 3623 παρα-

285 3642 487 3711 χωρεῖν
521 3641 706 3704 αύτδν,
740 3643 867 3708 ἐμοὶ
914 3641 1016 3710 μὶν
1047 3642 1287 3711 ἥδιστον,
1321 3644 1416 3695 καὶ
1463 3643 1702 3713 μάλιστα
1735 3645 1861 3713 ﬂou-

283 3732 485 3801 λοίμην
509 3731 574 3785 ἀν
594 3746 608 3762 ⁸
642 3732 853 3795 ἐκεῖνος
878 3733 956 3798 δὲ,
996 3733 1074 3796 ὡς
1108 3733 1344 3804 ὁρῶμεν,
1373 3733 1632 3788 τοσοῦτον
1658 3735 1868 3806 ’ἀπέχει

169 3819 179 3827 ’
283 3823 380 3877 τοῦ
422 3825 512 3876 διὰ
562 3825 662 3896 τὴν
712 3823 1004 3898 παροῦσαν
1056 3826 1404 3895 δυσπραγίαν
1461 3830 1869 3898 κατεπτηχέναι

285 3915 383 3970 καὶ
405 3915 636 3968 ταπεινά
655 3915 752 3968 aut
784 3915 1114 3988 ἀνελεύθερα
1142 3921 1384 3987 φρονεῖν,
1412 3918 1546 3972 ὥσθ’
1570 3920 1740 3989 ἡδέως
1769 3921 1862 3986 ἂν,

164 4005 179 4018 ⁴
283 4005 477 4075 ὥσπερ
509 4005 637 4076 ἔφη,
663 4007 767 4076 τῆς
802 4006 966 4060 αὐτοῦ
1009 4008 1104 4062 καὶ
1137 4009 1346 4062 παίδων
1387 4010 1486 4064 καὶ
1515 4010 1732 4064 πάντων
1757 4011 1868 4063 τῶν
1914 4067 1920 4074 ,

284 4101 556 4154 συνόντων
609 4103 882 4170 σωτηρίας
935 4102 1036 4171 τὴν
1084 4103 1216 4170 μιᾶς
1265 4103 1363 4155 καὶ
1394 4101 1734 4172 φαυλοτάτης
1775 4102 1871 4156 πό-

285 4193 425 4254 λεως
468 4190 783 4254 ἀλλάξαιτο.
815 4191 948 4244 Ὅτε
991 4191 1177 4244 τοίνυν
1212 4189 1391 4254 οὕτως
1425 4191 1539 4262 ἔχει
1574 4193 1670 4245 καὶ
1703 4191 1862 4244 ιλευ.

284 4282 433 4351 θέρῳ
509 4283 793 4347 πρέποντα
863 4282 1018 4351 ἀνδρὶ
1085 4283 1182 4334 καὶ
1242 4282 1456 4352 βασιλεῖ
1519 4284 1866 4352 προσήκοντα

1983 3387 2074 3431 tur
2100 3391 2234 3444 ergo
2277 3375 2671 3447 adjuvandum,
2705 3376 2802 3428 aut
2837 3372 3124 3428 cedentem
3163 3371 3395 3426 urbibus
3421 3385 3560 3440 quas

1979 3469 2244 3538 petimus,
2282 3478 2376 3522 aut
2408 3467 2652 3537 gratuito
2678 3473 2854 3528 certe,
2894 3474 2954 3518 ut
2992 3465 3134 3519 istuc
3164 3464 3326 3518 nobis
3359 3461 3558 3517 honori

1975 3559 2070 3612 sit.
2129 3559 2186 3613 Si
2237 3559 2458 3629 oppidis
2502 3557 2747 3621 cederet,
2803 3555 2854 3610 id
2907 3555 3046 3609 mihi
3089 3555 3558 3626 jucundissimum

1974 3659 2142 3718 atque
2183 3649 2590 3718 Optatissimum
2634 3648 2797 3703 foret.
2841 3647 2913 3701 At
2958 3647 3071 3712 ille,
3105 3651 3252 3716 quod
3286 3648 3558 3712 videmus,

1977 3750 2190 3794 tantum
2222 3741 2402 3805 abest,
2437 3749 2498 3794 ut
2531 3739 2785 3808 przesenti
2811 3739 3124 3793 calamitate
3146 3748 3557 3801 consternatus,

1980 3833 2193 3886 humile
2219 3831 2502 3901 quidpiam
2534 3831 2919 3900 ahjectumque
2949 3829 3174 3898 cogitet.
3211 3835 3273 3880 ut
3301 3829 3556 3893 libenter,

1971 3922 2436 3991 quemadmodum
2499 3921 2785 3990 professus
2838 3929 2954 3983 est,
3002 3921 3168 3973 etiam
3219 3918 3453 3974 ﬁliorum
3503 3926 3560 3974 et

1969 4013 2063 4079 qui
2093 4025 2220 4065 cum
2262 4026 2330 4063 eo
2386 4018 2515 4063 sunt
2563 4008 2812 4062 omnium
2862 4007 3096 4060 salutem
3146 4021 3272 4058 cum
3326 4020 3436 4060 uno
3500 4016 3559 4059 et

1970 4101 2372 4170 ignobilis-sima
2406 4098 2671 4167 oppidulo
2718 4096 3162 4151 commutaverit.
3193 4094 3424 4162 Quando
3458 4096 3560 4166 igi-
3647 4153 3662 4159 ,

1971 4203 2059 4247 tur
2113 4206 2201 4246 res
2245 4190 2317 4245 ita
2345 4206 2405 4245 se
2433 4190 2615 4248 habet.
2651 4197 2704 4243 et
2743 4189 2834 4242 ille
2865 4187 3076 4242 homini
3124 4190 3362 4258 ingenuo
3389 4195 3556 4257 atque

1971 4283 2287 4352 imperatori
2319 4283 2516 4336 decora
2547 4278 2858 4343 allirmavit,
2890 4287 3156 4348 praestare
3192 4278 3326 4334 mihi
3373 4277 3555 4337 visum

282 4373 626 4442 ἀπεφήνατο,
654 4373 864 4444 βέλτιον
917 4373 1041 4442 ἐμοί
1096 4393 1156 4428 τε
1205 4374 1374 4442 εδοξε,
1423 4377 1516 4428 καὶ
1557 4377 1686 4445 ὑμῖν
1726 4375 1866 4430 πᾶσι

1977 4384 2070 4436 Bst.
2100 4384 2156 4429 et
2186 4375 2252 4428 ad
2301 4374 2444 4428 idem
2487 4387 2582 4427 vos
2609 4387 2802 4426 omnes
2842 4371 3127 4432 adhortor,
3173 4379 3234 4424 ut
3270 4386 3394 4438 qua:
3433 4370 3556 4424 vult

283 4469 542 4540 παραινῶ
645 4467 852 4528 ἐκεῖνος
899 4466 1042 4531 ἀξιοῖ
1085 4468 1287 4530 ποιεῖν,
1313 4468 1409 4520 καὶ
1455 4469 1637 4522 πᾶσαν
1668 4486 1864 4541 μικρο-

1977 4467 2018 4520 ei
2068 4465 2439 4522 concedamus
2490 4465 2750 4533 omnique
2782 4461 3034 4548 illiberali
3080 4470 3136 4515 et
3178 4461 3400 4515 sordida
3450 4475 3550 4514 ους

283 4561 477 4630 λογίαν
524 4561 618 4614 καὶ
663 4558 1046 4628 ἀνελευθερίαν
1091 4561 1532 4631 ἀπορρίψαντας,
1574 4563 1726 4635 πάσῃ
1776 4564 1864 4616 δυ-

1977 4558 2202 4628 piditate
2267 4555 2462 4625 posita,
2517 4554 2688 4626 ιω
2737 4553 2802 4621 ad
2845 4553 3149 4606 Rosianum
3178 4550 3560 4620 principatum

286 4657 450 4720 νάμει
485 4651 722 4721 βοηθεῖν,
770 4651 863 4702 καὶ
913 4649 1012 4718 τὴν
1056 4649 1344 4718 Ῥωμαίων
1385 4652 1533 4719 αὐτῷ
1569 4653 1867 4722 ἠγεμονίαν

284 4746 690 4808 κατακτᾶσθαι,
735 4744 796 4796 οὐ
831 4741 1034 4811 μικρὰν
1071 4741 1344 4809 ὠφέλειαν
1386 4743 1724 4812 ἡγουμένους
1768 4747 1868 4810 τὴν

285 4839 443 4909 παρά
472 4837 692 4891 πάντων
715 4837 849 4905 ἡμῖν
889 4832 1144 4888 εὔκλειαν
1167 4824 1456 4904 ὶσομενην.
1491 4836 1587 4888 καὶ
1619 4837 1683 4888 τὺ
1713 4837 1866 4904 φίλον

284 4929 593 5000 κτήσασθαι
645 4929 744 4982 καὶ
791 4927 1086 4998 σύμμαχον
1129 4925 1391 4992 τοιοῦτον,
1436 4927 1498 4980 δν
1538 4927 1726 4980 πολλοὶ
1770 4928 1869 4997 μιν

285 5022 647 5093 ἐπιθυμοῦσι,
675 5021 1008 5090 τυγχάνουσι
1060 5018 1120 5072 δὲ
1170 5016 1292 5071 οὐδὲ
1352 5017 1560 5087 ὀλίγοιο
1591 5020 1684 5073 καὶ
1727 5019 1787 5074 δν
1818 5022 1867 5074 οί

285 5115 526 5185 ἔχοντες,
568 5113 940 5181 ἀγνοήσαντες
985 5109 1163 5176 αὐτοὶ,
1215 5109 1310 5161 καὶ
1354 5109 1422 5162 τά
1474 5109 1723 5180 χείριστα
1772 5112 1868 5164 καὶ

282 5202 740 5260 ἀλυσιτελέστατα
789 5201 1239 5272 βουλευσάμενοι,
1277 5201 1492 5264 ἑαυτοῖς
1544 5204 1870 5257 ἀπεώσαντο

283 5294 527 5355 ἑκόντες.
559 5291 731 5345 Τοῦτο
773 5291 830 5346 δὶ
877 5291 1040 5358 μόνον
1086 5289 1222 5360 παρ’
1267 5287 1436 5343 αὐτοῦ
1476 5291 1650 5344 αἰτεῖν
1683 5291 1870 5363 ὅρκοις

285 5385 664 5458 βεϐαιοῦσθαι,
703 5383 843 5437 ὥστε
879 5382 1173 5454 σύμμαχόν
1203 5398 1264 5434 τε
1296 5382 1392 5434 καὶ
1420 5379 1573 5450 φίλον
1616 5382 1704 5436 διά
1749 5383 1867 5453 βὀυ

281 5474 424 5545 ἡμῖν
455 5468 619 5533 εῖναι,
647 5473 742 5526 καὶ
781 5471 849 5536 ἀς
878 5471 1079 5542 ἔχομεν
1107 5472 1228 5525 νυνὶ
1258 5468 1443 5530 πόλεις
1489 5469 1642 5522 αὐτοί
1667 5486 1727 5522 τε
1770 5473 1870 5524 καὶ

284 5564 530 5634 πατέρες
591 5565 640 5617 οἱ
699 5565 983 5637 ἡμέτεροι,
1031 5563 1131 5631 τῆς
1187 5561 1479 5631 Ῥωμαίων
1538 5561 1866 5630 ἀφελόμενοι

279 5657 582 5730 ἡγεμονίας
618 5655 892 5729 μηδεμίαν
939 5657 1217 5720 ἀπαιτεῖν,
1245 5655 1379 5707 ὅταν
1421 5653 1516 5706 ἐπὶ
1559 5653 1658 5724 τῆς
1694 5655 1870 5724 ἀρχῆς

278 5753 530 5822 καταστῇ
554 5765 569 5779 ’
602 5750 740 5820 μηδὲ
786 5749 1027 5818 πόλεμον
1071 5750 1244 5801 κινεῖν
1283 5747 1412 5816 περὶ
1443 5745 1628 5799 αὐτῶν
1660 5749 1870 5816 ἐπιχει-

282 5844 484 5916 ροῦντα
520 5842 840 5913 ἀφελέσθαι.
868 5837 939 5913 ᾯ
969 5843 1063 5895 καὶ
1089 5842 1252 5897 αὐτὸν
1287 5842 1472 5913 οἴομαι
1509 5840 1868 5912 σννθήσεσθαι

1973 4649 2370 4720 acquirendum
2401 4648 2531 4702 totis
2567 4647 2779 4701 viribus
2813 4646 2865 4700 ei
2896 4643 3218 4698 Studeamus
3245 4660 3257 4694 :
3303 4658 3415 4695 non
3439 4641 3558 4695 exi-

1974 4757 2140 4812 guum
2173 4740 2414 4794 fructum
2438 4736 2714 4802 arbitrati,
2743 4752 2905 4806 quam
2935 4734 3081 4804 apud
3113 4749 3303 4788 omnes
3330 4733 3556 4804 gloriam

1972 4831 2366 4900 adipiscemur,
2416 4843 2546 4883 cum
2594 4826 2758 4882 talem
2787 4826 3024 4880 amicum
3048 4825 3210 4880 nobis
3235 4824 3558 4895 sociumque

1976 4923 2386 4994 paraverimus,
2425 4920 2648 4990 qualem
2694 4919 2851 4972 multi
2889 4925 3236 4987 exoptantes,
3279 4918 3440 4986 pauci
3473 4916 3560 4970 in-

1979 5013 2212 5067 veniunt
2251 5027 2267 5064 :
2297 5019 2352 5065 et
2387 5011 2606 5079 qualem
2642 5009 2738 5077 qui
2770 5007 3064 5072 habebant,
3095 5007 3406 5062 nescientes
3430 5021 3561 5076 qua-

1978 5104 2089 5160 lcm
2128 5103 2421 5168 haberent,
2457 5101 2767 5156 rationibus
2807 5101 2925 5155 suis
2953 5100 3113 5168 longe
3154 5095 3391 5166 pessime
3423 5111 3560 5152 cou-

1976 5195 2244 5258 sulrntes,
2321 5193 2467 5247 ultro
2536 5192 2883 5261 repulerunt.
2944 5189 3060 5244 Hoc
3117 5190 3298 5245 solum
3363 5188 3434 5242 ab
3491 5204 3559 5243 eo

1975 5289 2275 5359 petendum
2325 5297 2386 5342 ut
2430 5299 2492 5342 se
2523 5287 2575 5340 in
2622 5285 2771 5340 omni
2818 5286 2930 5338 vita
2977 5285 3214 5340 amicum
3257 5291 3313 5338 et
3350 5282 3560 5357 socium

1975 5383 2136 5437 nobis
2185 5379 2304 5436 fore
2335 5421 2351 5445 ,
2410 5390 2466 5433 et
2508 5394 2646 5449 quas
2697 5393 2845 5433 nunc
2891 5377 3081 5441 urbes,
3128 5376 3242 5431 sive
3292 5391 3392 5446 per
3437 5389 3560 5438 nos,

1976 5476 2095 5529 sive
2126 5489 2224 5543 per
2254 5482 2438 5542 patres
2473 5479 2693 5526 nostros
2738 5485 2768 5523 a
2822 5469 3194 5524 Romanorum
3244 5467 3560 5537 principatu

1977 5565 2226 5619 divulsas
2292 5573 2566 5627 tenemus,
2636 5577 2826 5617 earum
2894 5562 3099 5622 nullam
3169 5560 3558 5629 repetiturum,

1977 5657 2194 5726 quando
2229 5657 2285 5711 in
2321 5655 2614 5726 imperium
2652 5653 2896 5717 venerit,
2929 5668 3032 5707 nec
3067 5652 3268 5707 bellum
3299 5667 3362 5705 ea
3389 5653 3562 5722 gratia

1982 5759 2286 5809 moturum.
2321 5756 2670 5803 sacramento
2707 5745 3018 5801 conﬁrmet.
3067 5744 3242 5812 Quam
3289 5743 3566 5797 conditio-

1980 5855 2130 5904 nem.
2177 5851 2236 5895 ut
2279 5841 2507 5912 justam,
2558 5854 2660 5895 nec
2703 5838 2858 5908 quasi
2911 5837 3116 5894 idcirco
3163 5831 3580 5906 rempublicam
