4062 6290
572 415 684 480 9:9
1742 413 2064 475 JOANNIS
2103 410 2634 473 CANTACUZENI
2963 415 2968 420 ·
3684 407 3768 482 aro

578 535 880 589 ltomanam
919 539 1150 604 prodat,
1189 533 1412 588 macula:
1446 532 1706 596 futuram,
1738 548 1847 586 non
1886 533 2161 587 illibenter

2271 531 2489 600 ῥαδίως,
2522 530 2728 582 δίκαιόν
2779 544 2836 581 τε
2887 527 2949 582 ὃν
2997 526 3131 598 ὁμοῦ
3183 529 3272 583 καὶ
3325 531 3447 602 μηδ’
3493 534 3628 606 αὐτῷ
3671 555 3768 593 τινα

577 635 935 693 accepturum
964 625 1198 677 conﬁdo.
1228 624 1375 677 Talis
1417 623 1521 676 fuit
1553 623 1768 677 Helena:
1803 622 2062 677 Cralzenai
2095 622 2149 675 in

2259 620 2438 672 αίτίαν
2502 618 2784 687 ἐπιφέρον,
2819 619 2894 680 ὡς
2934 619 3354 694 καταπροδιδοίη
3391 620 3458 674 τὰ
3506 621 3767 692 Ῥωμαίων.

579 726 855 770 conventu
899 717 1188 770 sententia.
1243 716 1376 780 Quae
1419 725 1478 770 ut
1515 715 1796 774 conticuit,
1833 725 1887 767 et
1919 714 2151 766 maritus

2265 709 2455 776 Ἑλένη
2503 708 2602 776 μὲν
2649 703 2744 760 οὖν
2798 709 2830 776 ή
2874 708 3070 776 Κράλη
3124 709 3338 780 γαμετὴ
3389 713 3599 766 τοιαῦτα
3649 733 3772 770 συνε-

579 806 928 875 principibus
971 805 1189 859 dicendi
1239 807 1452 874 copiam
1505 804 1656 868 fecit,
1689 803 2062 871 addendique,
2104 801 2150 856 si

577 899 670 952 cui
725 897 922 949 melius
965 897 1170 964 aliquid
1227 899 1281 950 in
1343 907 1582 949 mentem
1641 895 2154 956 veniret.vLibcrus

580 1003 869 1057 procerum
906 987 1066 1056 longe
1114 986 1551 1056 potentissimus,
1591 986 1683 1054 qui
1729 986 1940 1054 primus
1973 987 2150 1054 impe-

579 1080 750 1134 ratori
809 1089 1168 1141 occurrerat,
1220 1093 1457 1146 eumque
1516 1081 1674 1132 unice
1733 1076 2038 1146 diligebat,
2095 1076 2154 1131 Si

578 1170 822 1222 ()ralanna
872 1185 1010 1222 uxor
1057 1177 1168 1233 tua,
1214 1170 1416 1238 inquit,
1457 1184 1559 1221 non
1609 1169 1761 1232 satis,
1803 1175 1900 1220 aut
1935 1166 2000 1219 ad
2040 1167 2157 1235 δίο-ο

585 1267 722 1313 riam
753 1263 1096 1330 principatus
1124 1261 1405 1316 Triballici
1440 1277 1632 1330 parum
1665 1259 1996 1328 pertinentia
2024 1273 2155 1327 pro-

580 1351 691 1404 fata
718 1361 884 1413 esset,
929 1353 1120 1405 liceret
1149 1353 1384 1420 cuipiam
1432 1351 1578 1419 quod
1613 1351 1832 1405 deesset
1874 1348 2153 1418 supplere.

579 1443 736 1497 Nunc
793 1452 940 1496 tanta
976 1444 1119 1497 inest
1160 1443 1214 1496 in
1262 1445 1381 1514 ejus
1419 1446 1670 1497 oratione
1715 1441 2069 1508 intelligentia
2100 1450 2156 1496 et

579 1535 800 1588 consilii
848 1535 1086 1596 bonitas,
1138 1543 1196 1586 ut
1242 1549 1344 1588 nec
1395 1533 1567 1588 multo
1623 1531 2157 1602 intelligentissimus

583 1625 834 1689 meliora,
870 1640 971 1678 nec
997 1625 1545 1678 benevolentissimus
1579 1624 1802 1678 utiliora
1831 1623 1990 1678 nobis
2019 1636 2153 1676 sua-

582 1718 714 1771 dere
765 1719 956 1786 possit.
986 1717 1166 1782 Quare
1219 1727 1275 1771 et
1323 1732 1425 1786 ego
1479 1718 1622 1771 idem
1671 1733 1797 1786 cum
1842 1733 1905 1771 ea
1949 1717 2153 1780 sentio,

585 1817 748 1875 teque
795 1808 1002 1868 hortor,
1042 1807 1118 1858 uti
1152 1805 1386 1874 amplius
1435 1821 1504 1861 nc
1545 1807 1763 1861 labores
1795 1846 1810 1870 ,
1863 1805 1958 1861 set!
2007 1807 2155 1861 hunc

586 1898 939 1967 imperatoris
985 1897 1049 1950 ad
1088 1912 1187 1950 nos
1241 1897 1540 1952 adventum
1583 1897 1873 1951 clarissimi
1919 1897 2158 1952 nominis

584 1989 869 2042 materiam
900 1989 1188 2052 ducentes,
1217 1989 1470 2042 alacriter
1497 1989 1548 2043 ei
1580 1995 1987 2044 succurramus.
2032 1989 2157 2044 llaec

585 2079 829 2132 breviter
857 2077 1108 2139 Liberus,
1141 2093 1260 2146 quae
1306 2077 1514 2140 cuncti,
1551 2077 1688 2130 nihil
1721 2078 2064 2146 adjicicntes,
2099 2087 2160 2131 ut

583 2186 650 2224 ex
691 2183 818 2222 vero
870 2170 1014 2223 dicta
1063 2169 1460 2237 approbarunt.
1508 2167 1699 2223 Crales
1754 2184 1976 2238 quoque
2029 2184 2170 2239 con-‘

585 2260 699 2330 jugi
731 2260 936 2328 gratias
981 2274 1164 2328 agere,
1196 2259 1341 2328 quod
1396 2259 1525 2323 sibi,
1572 2269 1632 2312 ut
1679 2275 1876 2328 magno
1921 2259 2157 2329 principi

584 2351 978 2420 gloriosissima
1006 2360 1059 2404 et
1074 2352 1460 2420 excogitasset,
1484 2362 1540 2407 et
1555 2352 2162 2415 suasisset,consilium-

585 2455 696 2509 que
725 2443 894 2494 etiam
927 2441 1045 2508 ipse
1077 2450 1257 2494 ratum
1293 2441 1508 2495 habuit.
1539 2441 1609 2494 At
1633 2442 1781 2496 enim
1815 2441 1994 2506 Crale,
2026 2457 2162 2496 uxo-

2255 800 2509 853 ϐούλευεν
2564 801 2651 851 ἐπ’
2701 799 3015 863 ἐκκλησίας.
3057 799 3162 852 Τοῦ
3225 801 3282 852 δὲ
3315 802 3522 870 ἀνδρὸς,
3573 807 3692 872 μετὰ
3726 808 3772 860 rb

2254 892 2567 946 παύσασθαι
2631 890 2846 958 ἐκείνην
2903 891 3169 958 λέγουσαν
3242 896 3360 956 τοῖς
3418 895 3475 946 ἐν
3525 883 3667 950 τέλει’
3696 900 3773 966 τὴν

2256 982 2453 1053 βουλὴν
2487 980 2909 1050 προτιθεμένου,
2939 981 3035 1033 καὶ
3076 981 3129 1033 εί
3156 982 3242 1044 τίς
3280 999 3330 1034 τι
3375 984 3433 1036 τὸ
3475 982 3664 1052 βέλτιον
3688 988 3775 1055 ἔχει

2256 1075 2572 1137 κελεύοντος
2615 1076 2729 1138 τοῖς
2766 1074 3076 1144 εἰρημένοις
3111 1076 3482 1144 προστιθέναι,
3518 1079 3718 1148 Λίϐερος
3754 1083 3775 1134 ὁ

2258 1167 2489 1236 πρώτως
2518 1166 2728 1235 βασιλεί
2766 1165 3068 1234 συντυχὼν,
3104 1167 3213 1220 τῶν
3244 1168 3420 1221 ἄλλων
3450 1169 3553 1222 τῶν
3589 1172 3640 1223 ἐν
3666 1172 3776 1224 τέλει

2261 1259 2496 1329 μάλιστα
2526 1258 2603 1311 ὣν
2639 1260 2667 1310 ὁ
2695 1257 3093 1322 δυνατώτατος,
3140 1260 3236 1310 καὶ
3283 1259 3477 1328 φιλίως
3525 1260 3652 1327 ἄγαν
3692 1261 3778 1314 δια-

2256 1353 2506 1422 κείμενος
2549 1352 2683 1423 πρὸς
2731 1353 3003 1420 βσισιλέαο⁴
3038 1351 3183 1405 Ἀλλ’
3215 1353 3261 1403 εἰ
3322 1350 3421 1420 μὲν
3467 1351 3620 1421 ἀτελῆ
3663 1369 3777 1416 τινα,

2257 1440 2430 1510 εἷπεν,
2457 1444 2490 1514 ἢ
2523 1445 2663 1513 πρὸς
2715 1444 2958 1507 εὐδοξίαν
3011 1443 3163 1510 ὀλίγα
3224 1443 3565 1496 συντείνοντα
3591 1446 3648 1512 τῇ
3680 1444 3780 1514 Τριο

2259 1534 2438 1587 ϐαλῶν
2497 1536 2659 1605 ἀρχῇ,
2705 1535 2739 1605 ἡ
2787 1535 2856 1604 σὴ
2909 1537 3123 1604 γαμετὴ
3177 1533 3462 1603 Κρὰλαινα
3507 1534 3778 1603 ἐφθέγξατο,

2257 1618 2404 1692 εἶχεν
2452 1623 2517 1677 ἄν
2563 1641 2647 1684 τις
2702 1623 3053 1694 προστιθέναι
3103 1626 3172 1677 τὰ
3216 1624 3486 1678 ἐνδέοντα.
3513 1625 3618 1678 Νῦν
3644 1625 3680 1678 δ’
3721 1627 3780 1687 είς

2257 1712 2512 1768 τοσοῦτον
2568 1715 2695 1784 ἥκει
2747 1715 2842 1768 καὶ
2896 1709 3212 1785 φρονήσεως
3274 1715 3369 1768 καὶ
3427 1714 3782 1780 εὐϐουλίας,ὡς

2264 1808 2402 1876 μήτε
2445 1807 2537 1860 τὸν
2585 1807 2726 1874 ἄγαν
2778 1807 3147 1860 συνετώτατον
3193 1806 3452 1859 δοκοῦντα
3498 1805 3782 1876 εἶναι,μήτι

2260 1895 2350 1950 τδν
2399 1896 2755 1950 εὐνούστατον
2807 1897 2936 1966 ὑμῖν
2989 1896 3183 1966 βελτίω
3259 1898 3357 1951 καὶ
3413 1896 3782 1966 λυσιτελέστερα

2258 1987 2585 2058 δυνήσεσθαί
2657 2003 2788 2039 ποτε
2863 1987 3274 2062 βουλεύσεσθαι.
3335 1988 3498 2042 Ὅθεν
3551 1987 3690 2049 αὐτός
3736 2002 3782 2038 τι

2259 2075 2583 2149 πέπεισμαι,
2636 2079 2734 2132 καὶ
2811 2081 2894 2132 σοὶ
2956 2080 3208 2147 παραινῶ
3281 2080 3453 2148 μηδὲν
3520 2079 3784 2150 περαιτέρω

2260 2161 2762 2239 πολυπραγμονεῖν,
2817 2170 2934 2223 ἀλλ’
2987 2171 3230 2234 εὐδοξίας
3285 2172 3554 2239 πρόφασιν
3601 2169 3782 2235 λογισὰο

2265 2278 2427 2332 μενον
2470 2263 2601 2331 ἡμῖν
2635 2258 2776 2314 εἶναι
2815 2261 2913 2330 τὴν
2956 2261 3219 2328 βασιλέως
3269 2262 3456 2314 ἐνθάδε
3491 2260 3656 2329 ἄφιξιν
3681 2274 3787 2327 προ-

2262 2354 2452 2423 θύμως
2494 2353 2726 2424 βοηθεῖν.
2765 2352 3002 2405 Τοιαῦτα
3043 2353 3142 2422 μὲν
3182 2354 3280 2406 καὶ
3314 2354 3539 2424 Λίϐερος
3570 2348 3704 2405 εἶπεν
3725 2349 3784 2412 ὡς

2262 2445 2322 2496 ἐν
2361 2444 2574 2513 βραχεῖ.
2620 2444 2683 2495 0i
2737 2442 2782 2494 δ’
2837 2441 2990 2496 ἄλλοι
3052 2443 3254 2505 πάντες
3303 2442 3459 2496 οὐδὲν
3504 2440 3786 2512 προσέθεντο

2262 2537 2373 2596 τοῖς
2423 2537 2757 2604 εἰρημένοις,
2790 2535 2906 2588 ἀλλ’
2957 2535 3033 2596 ὡς
3089 2535 3272 2600 καλῶς
3319 2536 3529 2605 ἔχουσιν
3562 2531 3788 2601 ἐπεψηφίο

2264 2625 2436 2690 ζοντο.
2467 2627 2690 2696 Κραλης
2724 2625 2782 2679 δέ
2829 2628 2923 2679 καὶ
2967 2628 3131 2690 αὐτὸς
3185 2628 3392 2691 πολλὰς
3439 2626 3683 2697 ὡμολόγει
3710 2623 3789 2692 χά-

2275 2735 2436 2788 ριτας
2484 2720 2552 2788 τῇ
2614 2719 2838 2784 γυναικὶ
2873 2719 2956 2771 ὅτι
3011 2720 3450 2790 προσήκοντάτε
3488 2719 3623 2797 αὐτῷ
3647 2717 3788 2786 ἀρχὴν

2267 2804 2514 2872 μεγάλην
2559 2805 3032 2875 περιϐεϐλημένῳ,
3082 2807 3176 2860 καὶ
3225 2808 3430 2876 πολλὴν
3469 2808 3667 2860 οῐσοντα
3707 2803 3786 2870 τὴν

2262 2891 2518 2944 εὐκλειαν
2571 2893 2666 2944 καὶ
2731 2892 3119 2962 ἐϐουλεύσατο.
3176 2895 3276 2946 καὶ
3333 2894 3538 2958 ἔπεισε,
3581 2893 3666 2944 καὶ
3710 2889 3794 2958 τὴν·

586 2547 646 2586 re
694 2542 750 2586 et
795 2532 1037 2602 dynastis
1091 2531 1240 2586 hunc
1309 2532 1364 2585 in
1431 2532 1654 2586 modum
1708 2533 1775 2587 de
1831 2534 2160 2601 imperatore

585 2621 1050 2684 consultantibus,
1083 2629 1354 2689 quotquot
1396 2636 1521 2675 cum
1564 2637 1629 2676 eo
1661 2621 1888 2675 Romani
1918 2622 2160 2677 advene-
2213 2636 2215 2638 '

595 2721 740 2774 rant,
777 2711 922 2764 anxii
951 2726 1018 2764 ue
1049 2720 1275 2778 propter
1299 2711 1448 2764 illius
1481 2713 1534 2764 in
1568 2712 1872 2765 recusando
1903 2721 2165 2765 constan-

593 2802 729 2854 tiam
762 2816 791 2854 a
821 2801 1082 2854 Triballis
1108 2802 1252 2855 malo
1283 2810 1675 2864 mactarentur,
1709 2803 1974 2858 adeuntes
2008 2818 2167 2874 roga-

589 2892 743 2954 bant,
778 2903 838 2947 ut
867 2894 1100 2962 tempori
1145 2895 1399 2959 serviret,
1442 2903 1501 2948 et
1541 2910 1662 2963 quae
1708 2903 1844 2948 tanti
1897 2899 2162 2951 momenti

589 3001 700 3039 non
735 2994 944 3048 essent,
983 2999 1045 3038 ea
1089 2999 1158 3038 ne
1189 2993 1296 3037 tam
1332 2984 1618 3052 praefracte
1651 2986 1940 3049 abnueret,
1975 2994 2164 3056 postu-

2264 2982 2460 3053 βουλὴν
2491 2983 2688 3052 ἐκύρου
2731 2985 2827 3036 καὶ
2862 2983 3045 3046 αὐτός.
3089 2982 3178 3037 Ἐν
3205 2984 3320 3053 ὅσῳ
3355 2985 3412 3039 δέ
3447 2983 3654 3038 τοιαῦτα
3677 2979 3790 3050 Κρά-

593 3077 813 3144 lataque
849 3075 1215 3129 Barbarorum
1247 3077 1511 3145 expleret.
1558 3092 1626 3131 ne
1675 3077 1882 3147 alioqui
1929 3078 2007 3132 ira
2037 3089 2164 3134 ‘suc-

2262 3074 2361 3144 λης
2402 3091 2462 3128 τι
2513 3076 2604 3127 καὶ
2627 3077 2661 3144 ἡ
2697 3074 2856 3144 γυνὴ,
2889 3075 2984 3128 καὶ
3035 3077 3085 3128 oi
3145 3078 3204 3128 ἐν
3233 3078 3381 3131 τέλει
3419 3079 3540 3146 περὶ
3573 3074 3797 3146 βασιλέως·

591 3167 740 3222 cenai
774 3205 788 3228 ,
843 3167 897 3218 in
946 3180 1043 3220 eos
1096 3167 1291 3220 acerbe
1343 3168 1628 3222 szevirent.
1680 3168 1775 3222 Ille
1828 3179 2042 3223 torvum
2096 3184 2160 3225 ac

2267 3165 2637 3230 ἐϐουλεύοντο,
2677 3165 2794 3217 ὅσοι
2845 3165 3132 3235 Ῥωμαίων
3162 3166 3375 3236 βασιλεῖ
3420 3171 3651 3238 παρῆσαν
3691 3179 3788 3216 συν-

589 3258 960 3312 truculentum
994 3258 1248 3322 intuitus,
1281 3258 1553 3314 facessere
1592 3275 1714 3314 cum
1757 3260 1896 3314 istoc
1929 3259 2162 3315 consilio

2268 3258 2546 3326 επομενοι,
2597 3256 2872 3318 δείσαντες
2939 3257 3015 3327 μὴ
3065 3257 3154 3311 διὰ
3202 3258 3306 3328 τὴν
3351 3259 3554 3312 ἐκείνου
3587 3256 3798 3309 ἔνστασιν

583 3347 764 3417 jubet,
793 3349 940 3417 quod
969 3347 1131 3418 497
1164 3348 1286 3402 vivo
1335 3359 1664 3418 mortuoque
1705 3365 1961 3420 magnum
1994 3351 2164 3405 dede-

2269 3347 2375 3402 ὐπδ
2403 3345 2688 3415 Τριϐαλῶν
2715 3364 2769 3400 τι
2815 3348 2943 3418 περὶ
2972 3348 3171 3410 αὐτοὺς
3201 3347 3577 3418 κακουργηθῇ.
3601 3342 3791 3414 προσελ-

589 3453 689 3492 cus
731 3439 1239 3508 turpitudinemque
1285 3439 1525 3494 afferret.
1574 3440 1729 3494 Nolle
1775 3440 1920 3496 enim
1995 3442 2164 3508 impe-

2271 3435 2454 3498 θόντες
2517 3435 2724 3488 ἐδέοντο
2790 3435 3054 3504 βασιλέως
3131 3438 3480 3506 προσήκοντα
3533 3437 3603 3505 τῷ
3651 3432 3790 3498 καιρῷ

591 3529 736 3584 rium
765 3531 1069 3585 Romanum
1096 3531 1327 3600 prodere
1356 3571 1371 3594 ,
1415 3546 1516 3585 nec
1552 3531 1807 3586 barbaris
1852 3532 2164 3587 hominibus

2273 3528 2470 3591 ποιεῖν,
2503 3528 2599 3580 καὶ
2641 3527 2714 3596 μὴ
2767 3526 2973 3595 σφόδρα
3016 3526 3158 3598 ὑπὲρ
3185 3528 3299 3581 τῶν
3353 3530 3428 3598 μὴ
3471 3528 3581 3579 λίαν
3624 3523 3802 3576 ἐνίστα-

595 3619 740 3672 ultro
775 3620 826 3672 in
863 3634 1052 3674 manus
1083 3621 1209 3690 dare
1235 3660 1248 3683 ,
1305 3622 1554 3690 quamvis
1586 3621 1746 3691 longe
1777 3622 2076 3692 majoribus
2106 3638 2164 3679 ac

2277 3619 2401 3670 σθαι
2433 3617 2840 3687 προσηκόντων,
2869 3617 3004 3670 ἀλλὰ
3051 3616 3187 3686 πρὸς
3215 3617 3321 3687 τὴν
3351 3615 3569 3682 ἀξίωσιν
3594 3610 3799 3667 ἐνδοῦναι

592 3709 896 3765 dirioribus
944 3711 1102 3766 malis
1147 3721 1534 3780 premeretur:
1590 3727 1781 3766 verum
1833 3712 1907 3766 ita
1959 3728 2058 3781 pro
2103 3728 2164 3768 eo

2277 3709 2390 3768 τοῖς
2411 3707 2730 3777 βαρϐάροις,
2767 3706 2954 3780 μὴδιὰ
2975 3707 3148 3760 ταῦτα
3172 3707 3494 3778 ἐξαχθέντες
3518 3704 3640 3776 πρὸς
3661 3699 3794 3772 ὀργὴν
3865 3768 3873 3778 ι

594 3809 993 3871 pugnaturum,
1023 3809 1080 3855 et
1105 3802 1222 3872 ejus
1247 3802 1372 3872 jura
1403 3802 1827 3865 custoditurum,
1859 3804 2008 3858 velut
2030 3805 2164 3876 sieo

2278 3799 2558 3870 ἀνήκεστα
2615 3797 2907 3852 διάθωνται
2961 3799 3160 3874 αὐτοὺς
3216 3800 3391 3854 κακά.
3435 3800 3492 3850 '0
3537 3796 3609 3858 δὲ,
3649 3791 3794 3851 αὐτοις

593 3889 1108 3958 totosibisubjecto,
1133 3892 1246 3960 ipse
1271 3893 1486 3960 plenam
1518 3908 1865 3946 acsummam
1886 3875 2163 3947 statuendi

2277 3891 2442 3960 δριμὺ
2490 3890 2586 3943 καὶ
2668 3889 2931 3959 βλοσυρὸν
2975 3889 3180 3952 ἐνιδὼν,
3227 3889 3561 3959 ἀφίστασθαι
3596 3885 3794 3943 ἐκέλευε,

594 3983 980 4037 auctoritatem
1007 3983 1234 4043 habens,
1253 3998 1378 4036 cum
1407 3983 1682 4044 Triballis.
1717 3982 1920 4042 Moesis,
1943 3982 2164 4036 autaliis

2281 3983 2375 4035 καὶ
2422 3983 2496 4052 μὴ
2549 3980 2779 4044 τοιαῦτα
2837 3980 3249 4050 συμϐουλεύειν,
3283 3981 3319 4035 ἃ.
3372 3979 3563 4050 πολλὴν
3590 3973 3796 4042 ζῶντίτε

594 4074 902 4129 vicinorum
919 4074 1286 4128 Barbarorum
1311 4076 1379 4128 de
1397 4073 1604 4128 foedere
1630 4073 1941 4144 ageret.illli
1969 4075 2164 4128 severi-

2281 4075 2416 4127 οἴσει
2443 4074 2543 4141 τὴν
2591 4072 2829 4136 ἀδοξίαν,
2861 4073 2954 4125 καὶ
2999 4071 3137 4142 μετὰ
3182 4070 3467 4142 τελευτήν.
3503 4069 3571 4123 Οὐ
3619 4066 3708 4135 γὰρ
3740 4059 3792 4114 ἂν

593 4169 708 4218 tate
737 4164 1115 4232 responsionis
1172 4164 1442 4233 percussi,
1470 4165 1654 4219 statim
1685 4179 1745 4218 se
1767 4163 2164 4218 subduxerunt.

2285 4164 2650 4235 καταπροδοῐη
2681 4163 2780 4234 τὴν
2807 4163 2983 4235 ἀρχὴν
3023 4163 3316 4235 Ῥωμαίων
3342 4182 3358 4197 ο
3386 4163 3506 4217 οὐδέ
3543 4158 3793 4230 βαρϐάροις

594 4255 902 4324 ἀνθρώποις
959 4255 1102 4308 ἐκὼν
1155 4253 1294 4309 εἶναι
1345 4256 1696 4326 ἐγχειρίσαι,
1758 4255 1810 4307 εί
1882 4255 1976 4307 καὶ
2024 4255 2239 4322 μείζοσι
2276 4254 2456 4325 πολλῷ
2513 4255 2612 4310 καὶ
2676 4255 3004 4324 δεινοτέροις
3070 4256 3384 4325 περιέχοιτο
3448 4254 3660 4312 κακοῖς·
3705 4236 3794 4296 ἀλλ’

593 4347 736 4399 οὓτω
782 4349 911 4417 περὶ
946 4348 1116 4414 αὐτῆς
1179 4349 1530 4416 ἐνστήσεται,
1594 4349 1686 4398 καὶ
1733 4347 1795 4398 τὸ
1844 4346 2053 4398 δίκαιον
2095 4347 2232 4416 αὐτῇ
2275 4346 2523 4416 φυλάξει,
2568 4346 2757 4418 ὥσπερ
2799 4347 2866 4401 ἂν
2917 4347 2967 4399 εἰ
3010 4347 3374 4416 αὐτοκράτωρ
3414 4345 3488 4398 ῶν
3539 4336 3792 4408 ιιίνιτῆςοκαὶ

594 4439 776 4491 πᾶσαν
812 4439 900 4507 ὑφ’
932 4439 1110 4508 ἐαυτῷ
1157 4439 1548 4508 πεποιημένος,
1589 4437 1726 4506 πρὸς
1762 4437 1804 4488 Τ
1811 4436 2088 4507 ριϐαλοὺς,
2127 4437 2163 4506 ἦ
2205 4455 2361 4502 τινας
2386 4438 2496 4490 τῶν
2520 4438 2738 4508 ὁμόρων
2804 4437 3103 4507 βαρϐάρων
3160 4436 3472 4505 διαλέγοιτο
3513 4435 3634 4500 περὶ
3659 4441 3787 4482 σπονσ

589 4531 723 4588 δῶν.
751 4535 814 4588 Oi
849 4534 948 4603 μὲν
975 4531 1069 4588 οὖν
1095 4533 1312 4600 αὐτίκα,
1343 4534 1478 4603 πρὸς
1512 4533 1575 4584 τὸ
1601 4533 1875 4603 αὐστηρὸν
1897 4532 1998 4602 τῆς
2029 4533 2374 4602 ἀποκρίσεως
2401 4533 2666 4598 ἐνδόντες,
2703 4533 3046 4603 ὑπεχώρουν.

1993 4648 2220 4716 CAPUT
2263 4659 2424 4714 XLV.

596 4759 785 4817 Crates
812 4762 1124 4832 imperatori
1155 4760 1278 4815 (arta
1316 4759 1527 4812 nuntiat
1554 4769 1602 4832 et
1631 4765 1804 4832 rogat.
1839 4773 1904 4832 ne
1931 4755 2337 4832 semel_ablatas
2370 4756 2553 4832 urbes‘
2572 4762 2798 4826 repetat,
2827 4754 2965 4832 quod
3009 4753 3101 4808 ille
3136 4754 3418 4832 promittit,
3453 4752 3498 4832 si
3518 4748 3686 4832 [trdus
3708 4753 3790 4832 till:

668 4807 808 4885 dent.
844 4807 1109 4883 Ρῗιιισεηιε
1144 4832 1530 4898 archiepiscopo
1570 4807 1717 4882 inter,
1743 4807 1954 4880 cratem
2001 4835 2049 4877 et
2099 4827 2480 4898 imperatorem
2525 4807 2851 4898 jurnmenta'
2887 4827 3088 4898 dantur
3113 4807 3286 4898 ﬁerth
3334 4807 3793 4898 εοηιιὶιῖοπίθξέδ-,ρξ

673 4879 866 4955 cidit;
889 4879 1133 4953 Ὺέὲιὶᾶὶῐο
1146 4879 2125 4966 contentio;bno-timuereadveniens
2157 4879 2845 4966 ἀνι-Ιιὶρρὶεεορῆδέπεεριιλε
2876 4894 3054 4966 fuerit.
3101 4892 3320 4966 Chreles-
3339 4907 3502 4966 quare
3540 4900 3600 4940 ad

882 4947 1130 5048 gadiis}:
1477 4947 1948 5048 atrati-traditur.
1991 4947 2616 5048 Controver..iapro'pter
2649 4947 2890 5018 euntdeni
2911 4965 3050 5018 inter
3085 4978 3252 5033 reges.
3280 4947 3542 5015 th'entina
3572 4947 3792 5008 castellum

665 5040 820 5110 Syrgi
858 5040 1067 5093 deditur
1078 5057 1097 5106 ;
1139 5039 1252 5110 ejus
1287 5041 1340 5092 in
1374 5039 1732 5105 prwsidiarios
1756 5046 1805 5091 et
1849 5038 1981 5090 cives
2010 5039 2267 5104 quosdam
2299 5038 2558 5105 tyrannis.

2355 5149 2415 5203 Ὀ
2482 5148 2708 5219 Κράλης
2738 5148 2796 5202 δέ
2827 5151 2891 5202 ἐκ
2925 5151 3024 5218 τῆς
3070 5146 3266 5218 βουλῆς
3298 5146 3446 5214 πρὸς
3491 5141 3693 5215 βασιλέα
3721 5135 3792 5184 ἐπ-

2273 5258 2308 5294 α
2343 5243 2514 5311 ήκων,
2546 5239 2880 5309 Νενίκηκας,
2928 5235 3081 5293 εἶπεν
3112 5238 3466 5308 ὑπομειδιῶν,
3513 5231 3556 5288 ὧ
3595 5221 3792 5301 βασιλεῦ.

665 5159 852 5214 Crales
879 5172 909 5210 e
947 5156 1178 5212 consilio
1203 5155 1430 5210 rediens
1458 5195 1474 5221 ,
1497 5154 1714 5216 Vicisti,
1745 5153 1945 5221 inquit,
1986 5151 2161 5219 impe-
2189 5148 2243 5208 D

593 5261 770 5316 rator,
829 5264 893 5304 ac
941 5247 1100 5303 nobis
1145 5246 1492 5318 persuasisti,
1547 5255 1607 5300 ut
1656 5245 1955 5300 amicitiam
2013 5252 2163 5296 tuam

512 5376 522 5383 -
595 5338 791 5410 grandi
831 5337 1078 5408 pecunia
1135 5344 1191 5390 et
1225 5335 1420 5406 amplis
1457 5335 1692 5390 urbibus
1723 5331 2167 5402 anteponendam

596 5441 945 5484 censeamus.
987 5424 1178 5494 Itaque
1206 5440 1398 5478 omnes
1423 5425 1580 5494 quasi
1611 5423 1939 5495 quibusdam
1975 5424 2168 5477 vincu-

598 5518 670 5572 lis
725 5517 823 5571 tibi
877 5517 1137 5571 astrictos
1194 5515 1388 5578 trahis,
1443 5526 1499 5568 et
1548 5515 1707 5584 quasi
1762 5513 1831 5568 de
1885 5520 2170 5581 compacto

596 5619 880 5678 sumptum
919 5608 1152 5672 facere,‘
1181 5615 1238 5662 et
1270 5607 1524 5677 quemvis
1571 5616 1664 5661 tua
1715 5621 1880 5660 causa
1924 5605 2168 5659 laborem

601 5698 854 5752 hilariter
907 5700 1152 5766 perferre
1209 5699 1624 5753 constituimus.
1679 5695 1919 5752 Proinde
1959 5702 2016 5748 tu
2050 5710 2171 5763 quae

598 5786 735 5843 libet
781 5787 1036 5856 impera:
1087 5805 1188 5845 nos
1223 5789 1489 5860 imperata
1537 5787 1944 5866 studiosissime
1993 5785 2172 5842 liben-

2278 5335 2374 5386 καί⁵
2407 5335 2618 5395 πάντας
2657 5331 2880 5394 ἔπεισας
2914 5331 3125 5385 πολλῶν
3156 5329 3458 5400 χρημάτων
3495 5325 3582 5379 καὶ
3623 5319 3790 5372 πόλεων

2282 5424 2537 5491 μεγάλων
2597 5422 2698 5492 τὴν
2753 5422 2849 5492 σὴν
2897 5421 3152 5492 ἡγεῖσθαι
3201 5419 3380 5490 φιλίαν
3429 5407 3795 5487 προτιμοτέραν.

2283 5515 2447 5567 Ὅθεν
2505 5515 2603 5568 καὶ
2652 5515 2864 5576 πάντας
2928 5515 3043 5576 τοῖς
3107 5513 3206 5581 τῆς
3274 5512 3374 5577 σῆς
3433 5508 3603 5579 φιλίας
3662 5497 3796 5566 δήσας

2282 5606 2570 5672 ἀπήγαγες
2601 5604 2839 5671 δεσμοῖς,
2869 5605 2968 5656 καὶ
2996 5603 3195 5665 πάντες
3231 5601 3418 5670 ὥσπερ
3465 5598 3519 5661 ἐξ
3551 5592 3656 5648 ἐνὸς
3696 5598 3794 5636 συν⁶

2285 5697 2550 5765 θήματος.
2581 5695 2674 5747 καὶ
2729 5695 2992 5764 χρήματα
3038 5693 3286 5756 ἀναλοῦν,
3322 5691 3421 5744 καὶ
3467 5688 3634 5742 πάντα
3667 5675 3792 5768 πόνφν

2281 5785 2421 5858 ὑπὲρ
2465 5783 2554 5838 τοῦ
2606 5784 2904 5856 προθύμως
2933 5782 3189 5852 εἱλόμεθα
3238 5778 3575 5850 ὑφίστασθαι.
3605 5773 3793 5834 τοιγαρ·
