4062 6290
279 278 412 365 ,οσι

1483 299 2024 365 HISTORIARUM
2069 297 2295 358 LIBER
2347 296 2457 357 IlI.

3457 300 3566 368 962

281 409 409 475 ,οὖν
475 407 534 460 ait
587 407 686 478 μὲν
731 409 908 480 χρεὼν
956 411 1205 466 πλαστὰ
1255 410 1482 482 γνώμην
1549 414 1872 475 ἐπιτάττειν,

1997 410 2316 478 tissimeqne
2379 406 2733 464 conliciemus
2789 409 2889 481 (4).
2960 411 3206 481 ῐιοςαῖιοι
3269 413 3437 482 item,
3500 422 3589 472 ut“

259 503 456 571 ’,ἡμᾶς
484 501 542 555 δὲ
568 502 636 555 τὰ
671 505 1072 572 ἐπιτεταγμένα
1109 506 1385 574 πράττειν
1415 507 1562 576 πάσῃ
1594 505 1878 576 προθυμίᾳ

287 593 406 652 ,καὶ
453 593 686 663 σπουδῇ.
729 595 910 660 Ἠξίου
947 613 1028 660 τε,
1086 596 1276 668 ὥσπερ
1329 596 1688 650 ἐϐουλεύσατο
1739 597 1879 666 μετὰ

303 685 562 752 γυναικὸς
593 689 686 739 καὶ
713 687 822 742 τῶν
862 691 919 741 ὲν
941 689 1117 754 τέλει,
1152 692 1349 760 ὅρκους
1379 688 1760 760 παρασχέσθαι
1784 687 1878 741 τοῦ

305 790 364 826 τε
404 773 698 842 σύμμαχον
753 778 848 829 καὶ
900 777 1052 844 φίλον
1105 779 1323 848 βέϐαιον
1377 779 1464 831 διὰ
1518 778 1634 848 βίου
1677 779 1878 838 παντὸς

304 866 490 928 αὐτοῖς
545 869 748 930 μενεῖν,
786 867 883 935 καὶ
943 869 1037 921 τοῦ
1089 870 1357 940 μηδεμίαν
1405 871 1512 924 τῶν
1562 871 1678 923 νυνὶ
1711 886 1877 922 κατε-

302 956 550 1024 χομένων
579 958 784 1009 πόλεων
819 960 909 1014 ὑπ’
941 961 1130 1027 αὑτοῦ,
1158 961 1226 1023 ἃς
1259 962 1422 1028 αὐτός
1447 978 1504 1014 τε
1547 962 1639 1015 καὶ
1667 960 1871 1032 πατὴρ,

301 1044 399 1098 τοῦ
431 1061 492 1097 τε
540 1047 829 1116 Ῥωμαίων
859 1048 1127 1117 βασιλέων
1176 1053 1312 1121 πρὸς
1339 1051 1602 1122 ἀλλήλους
1635 1053 1876 1121 πολέμου

301 1127 702 1206 κεκινημένου,
757 1141 851 1192 καὶ
919 1139 1144 1211 ὕστερον
1206 1143 1552 1214 Ἀνδρονίκου
1607 1145 1702 1197 τοῦ
1755 1147 1877 1197 νέου

303 1227 570 1296 βασιλέως
623 1228 704 1281 ἔτι
768 1231 1071 1298 περιόντος,
1144 1235 1306 1296 αὐτὸς
1370 1235 1483 1305 ἔχει
1521 1237 1873 1304 ἀφελόμενος,

299 1321 632 1390 ἀπαιτήσειν
664 1324 1014 1379 καταστάντα
1043 1327 1180 1396 προς
1205 1327 1304 1396 τὴν
1334 1329 1531 1398 ἀρχὴν.
1559 1328 1634 1390 ὡς
1670 1343 1878 1398 προση-

301 1411 508 1473 κούσας
551 1414 664 1473 τοῖς
707 1413 994 1482 Ῥωμαίων
1045 1415 1383 1486 βασιλεῦσιν.
1427 1419 1487 1473 '0
1519 1419 1772 1488 βασιλεὺς
1819 1419 1876 1472 δὲ

304 1503 444 1571 πρὸς
479 1503 576 1570 μὲν
610 1503 672 1556 τδ
720 1507 1012 1560 πεπεῖσθαι
1042 1511 1263 1577 προῖκα,
1298 1509 1394 1563 καὶ
1423 1511 1739 1579 φιλοτιμίας
1767 1510 1878 1579 μό·-

303 1608 405 1660 νης
448 1591 610 1646 ἕνεκα
667 1593 762 1646 καὶ
817 1596 1000 1663 φιλίας
1059 1599 1158 1668 τῆς
1209 1599 1290 1660 είς
1346 1600 1505 1653 αὐτὸν
1560 1602 1877 1670 ἐπικουρεῖν

301 1683 564 1749 ἔφασκεν,
592 1685 692 1738 οὐκ
740 1687 889 1753 αὐτῷ
951 1689 1133 1756 μόνον,
1185 1689 1316 1745 ἀλλὰ
1368 1694 1466 1745 καὶ
1510 1692 1752 1758 γυναικὶ,
1782 1693 1876 1744 καὶ⁵

301 1771 420 1831 τοῖς
468 1771 526 1822 ὲν
562 1771 707 1824 τέλει
757 1773 956 1836 πολλὰς
1007 1775 1239 1844 χάριτας
1273 1777 1578 1855 ῥμολογεῐν,
1606 1777 1680 1842 ὡς
1711 1779 1877 1848 ψήφῳ

299 1862 459 1929 κοινῇ
486 1860 554 1911 τὰ
580 1859 803 1913 τοιαῦτα
836 1862 1133 1930 ἑλομένοις.
1162 1866 1295 1936 Περί
1325 1883 1388 1933 γε
1421 1867 1528 1937 μὴν
1558 1867 1668 1920 τῶν
1694 1869 1876 1937 ὅρκων

297 1949 396 2012 οὓς
426 1951 670 2016 ἀξιοῦσιν
715 1955 809 2006 ἐπὶ
839 1955 915 2021 τῷ
946 1954 1021 2026 μὴ
1056 1960 1408 2028 παρενοχλεῖν
1447 1960 1587 2030 ὑπὲρ
1611 1960 1719 2013 τῶν
1747 1961 1877 2030 ἄχρι

294 2042 419 2093 νυνὶ
451 2043 829 2112 κατεχομένων
858 2045 951 2099 ὑπ’
987 2049 1212 2102 ἐκείνων
1257 2050 1464 2102 πόλεων
1495 2039 1875 2120 παρασχέσθαι

295 2136 650 2188 καταστάντα
704 2137 794 2188 ἐπὶ
841 2137 942 2207 τῆς
994 2141 1190 2210 ἀρχῆς,
1223 2141 1454 2210 μάλιστα
1510 2145 1726 2214 ποιήσει
1777 2145 1876 2216 τὴν

294 2222 528 2292 γνώμην
585 2227 847 2297 φανεράν.
909 2228 974 2282 El.
1038 2231 1140 2298 μὲν
1191 2232 1302 2302 γὰρ
1333 2232 1415 2285 ἔτι
1451 2233 1545 2286 νῦν
1606 2235 1712 2289 ὑπὸ
1746 2236 1877 2290 Ῥω-

273 2315 487 2393 .μαίοις
535 2313 698 2388 ἦσαν,
729 2319 822 2373 καὶ
866 2320 1154 2384 διασώζειν
1207 2324 1407 2388 ἑαυτὰς
1458 2326 1743 2396 ἠδύναντο,
1776 2328 1875 2382 οὐκ

294 2404 369 2458 ἂν
422 2408 534 2462 οὐδ’
593 2409 749 2474 αὐτὸς
797 2414 1097 2482 προήκατο,
1129 2412 1316 2484 ὥσπερ
1365 2417 1486 2470 οὐδὲ
1531 2418 1626 2479 τὰς
1670 2420 1870 2481 ἄλλας·

294 2500 418 2552 ἀλλ’
449 2501 622 2554 εἵλετο
649 2501 715 2554 ἂν
754 2522 782 2568 p
795 2503 954 2558 ἄλλον
987 2505 1252 2576 πρότερον
1298 2508 1612 2570 ἀποθανεῖν,
1644 2511 1676 2580 ἦ
1714 2513 1877 2578 ἁγενο

294 2590 394 2653 νές
443 2609 498 2644 τι
557 2593 651 2646 καὶ
701 2593 1053 2665 ἀνελεύθερον
1110 2598 1465 2668 ἀνασχέσθαι.
1523 2601 1583 2652 Ei
1633 2601 1677 2654 δ’
1731 2603 1876 2656 ἔτεσι

295 2682 590 2752 πρότερον,
627 2685 684 2736 αί
741 2685 838 2754 μὲν
887 2688 1147 2752 πλείοσιν,
1207 2689 1264 2741 αἱ
1321 2689 1367 2741 δ’
1422 2691 1691 2756 ἐλάττοσι,
1727 2693 1878 2762 βασι-

295 2773 442 2826 λέων
481 2776 560 2827 ἔτι
607 2776 718 2828 τῶν
765 2777 1059 2848 Ῥωμαίων
1115 2783 1414 2852 περιόντων
1457 2783 1659 2846 ταύτας
1687 2787 1878 2852 ἀφελό-

297 2882 458 2934 μενοι
478 2865 627 2935 ἔχετε
651 2868 946 2935 αὑτοὶ,ούδ’
965 2872 1112 2941 αύτῷ
1139 2889 1259 2926 τινα
1294 2874 1504 2943 μέμψιν
1528 2879 1589 2928 τὸ
1613 2877 1874 2945 προέσθαι

296 2954 402 3015 τὰς
461 2957 830 3023 κατεχομένας
875 2959 1168 3026 ἐπαγάγοι.
1222 2962 1328 3016 Καὶ
1375 2964 1628 3018 συνέθετο
1679 2966 1877 3033 ὅρκους

297 3042 704 3111 παρασχέσθαι,
742 3043 944 3098 Ἐκεῖνο
976 3049 1074 3112 μέν
1103 3065 1206 3114 τοι,
1228 3049 1456 3119 ἔφασκε,
1485 3051 1590 3124 χρὴ
1631 3058 1870 3118 σκοπεῖν,

295 3130 377 3193 ὡς
421 3131 486 3184 ἂν
535 3134 634 3202 μὲν
691 3137 722 3205 ἡ
782 3137 973 3208 εἰρήνη
1024 3138 1342 3203 διασώζοιτο
1391 3143 1488 3195 καὶ
1523 3144 1578 3196 αἱ
1621 3147 1868 3211 σπονδαὶ,

295 3220 484 3272 αὐτῶν
547 3223 623 3292 μὴ
688 3225 1255 3293 παρασπονδούντων·
1320 3231 1482 3295 αὐτὸς
1538 3233 1645 3304 γὰρ
1709 3237 1876 3289 παντὶ

293 3309 489 3380 τρόπῳ
547 3314 778 3382 τηρήσει
838 3317 962 3379 τοὺς
1012 3319 1228 3386 ὅρκους,
1291 3319 1384 3384 οὒς
1436 3324 1716 3392 ὀμόσεται,
1765 3326 1874 3378 οὐδ’

297 3401 565 3470 ὑπὲρ-τῆς
605 3405 787 3475 χώρας
826 3409 1055 3460 καὶτῶν
1103 3412 1334 3478 πόλεων,
1371 3413 1428 3466 αἶ
1476 3417 1740 3486 πρότερον
1769 3417 1874 3470 ὑπὸ

302 3491 605 3564 Ῥωμαίοις
654 3491 813 3567 ἦσαν,
846 3499 997 3551 οὐδὲν
1048 3503 1440 3576 παρενοχλήσει
1471 3507 1565 3559 καὶ
1597 3509 1779 3572 αύτὸς.
1811 3510 1872 3562 Εἰ

290 3581 346 3633 δ’
393 3584 548 3636 αὐτοὶ
588 3588 722 3655 πρὸς
783 3588 1020 3657 πόλεμον
1072 3593 1328 3662 πρότεροι
1379 3597 1720 3667 χωρήσουσιν
1763 3598 1874 3652 ἁδι-

295 3670 526 3735 κοῦντες
577 3678 670 3726 καὶ
725 3678 1254 3746 παρασπονδοῦντες,
1287 3683 1386 3737 οὐκ
1416 3685 1640 3738 ἐκείνων
1693 3688 1872 3758 μόνων

293 3762 442 3831 ὑπὲρ
468 3760 542 3816 ὢν
571 3767 619 3815 οἱ
642 3767 792 3836 ὅρκοι
821 3769 919 3820 ούκ
951 3757 1211 3838 ἀφέξεται
1242 3775 1290 3825 εί
1327 3774 1564 3841 δύναιτο,
1595 3777 1729 3830 ἀλλὰ
1775 3777 1873 3832 καὶ

291 3853 399 3914 τὰς
445 3853 650 3905 ἄνωθεν
696 3858 967 3925 ὑπηκόους
1014 3860 1300 3928 Τριδαλοῖς
1350 3867 1760 3936 παραστήσεται
1805 3867 1872 3920 ἂν

291 3943 415 4013 ἐξῇ.
445 3945 632 4015 ὥσπερ
669 3949 757 4000 καὶ
792 3950 945 4002 αὐτοὶ
990 3951 1088 4013 τὰς
1135 3952 1425 4022 Ῥωμαίων
1460 3957 1660 4022 πάσας,
1699 3957 1747 4008 εί
1777 3957 1870 4010 δύ-

292 4053 466 4103 ναμις
511 4037 644 4105 πρὸς
677 4039 775 4108 τὴν
811 4041 985 4111 ὁρμὴν
1017 4044 1238 4113 παρείη.
1276 4046 1497 4115 Κράλης
1527 4047 1580 4098 δὲ
1629 4051 1720 4101 καὶ
1755 4049 1869 4101 ὅσοι

292 4127 549 4194 παρῆσαν
602 4129 708 4180 τῶν
759 4129 1064 4200 Τριῦαλῶν,
1093 4133 1484 4206 ὲξεπλήττοντό
1531 4154 1609 4201 τε,
1643 4140 1736 4190 καὶ
1781 4140 1870 4192 διὰ

294 4217 576 4286 θαύματος
629 4215 764 4290 ἦγον
822 4223 1068 4292 βασιλέα,
1123 4227 1203 4279 ὅτι
1268 4229 1418 4280 οὐδὲν
1454 4229 1706 4297 ἀγεννὲς,
1751 4233 1870 4285 οὐδὲ

294 4309 685 4377 πεπλασμένον
740 4312 828 4365 διὰ
889 4315 987 4377 τὰς
1059 4319 1423 4386 περισχούσας
1479 4320 1676 4388 τύχας,
1728 4323 1866 4376 ἀλλὰ

1985 503 2561 569 quemadmodum'in
2617 504 2878 558 concilio
2911 515 3054 558 esset
3110 506 3312 570 visura,
3375 525 3558 563 sacra—

1981 603 2166 648 mento
2210 604 2528 664 perpetuam
2575 610 2641 650 ac
2671 596 2938 650 istabilem
2977 613 3104 654 rum
3152 597 3289 666 ipsis
3333 599 3563 652 socie'a-

1941 695 2093 748 .tem
2150 687 2564 752 amicitiamque
2611 687 2890 749 sanciret.
2939 698 2994 742 et
3040 689 3246 742 nullam
3305 689 3556 754 urbium,

1979 793 2115 846 quas
2158 793 2304 831 nunc
2335 778 2451 847 ipse
2485 779 2812 847 possideret,
2855 796 3106 849 quasque
3146 782 3262 850 ipse
3295 791 3559 851 paterque.

1984 871 2248 925 Romanis
2277 871 2706 940 imperatoribus
2731 872 2877 925 inter
2902 887 2961 925 sc
2999 873 3472 942 belligerantibus,
3501 883 3558 926 et

1981 972 2172 1030 postea
2239 961 2558 1015 Andronico
2603 962 2828 1030 iuniore
2887 963 3068 1015 adhuc
3135 947 3380 1032 spirante
3439 965 3555 1034 ipse

1980 1052 2326 1114 abstulisset,
2354 1051 2554 1119 adepto
2584 1053 2836 1128 imperio,
2877 1062 3134 1120 tanquam
3177 1055 3555 1109 Romanorum

1981 1142 2382 1210 imperatorum
2442 1145 2722 1212 propriam
2777 1145 3164 1211 repetiturum.
3226 1145 3553 1212 Imperator,

1979 1231 2128 1300 quod
2157 1231 2327 1300 gratis
2361 1231 2623 1300 ductique
2651 1231 2882 1286 honoris
2927 1245 2984 1287 et.
3042 1233 3299 1287 amicitia:
3339 1235 3558 1289 deside-

1947 1358 1950 1359 ν
1979 1323 2064 1375 rio
2091 1321 2200 1376 sibi
2231 1336 2389 1390 opem
2417 1321 2560 1375 ferre
2584 1322 2980 1388 decrevissent,
3022 1339 3131 1378 non
3162 1325 3211 1378 ei
3236 1326 3434 1387 solum,
3461 1329 3558 1384 sed

1979 1422 2036 1469 et
2079 1413 2237 1468 uxori
2277 1413 2731 1483 principibusque
2783 1415 2980 1473 multas
3029 1431 3089 1469 se
3146 1419 3350 1485 gratias
3397 1435 3560 1486 agere

1981 1512 2217 1560 testatus
2261 1515 2367 1567 est,
2399 1513 2460 1559 ut
2502 1505 2598 1574 qui
2645 1507 2922 1560 communi
2965 1508 3178 1561 calculo
3209 1509 3287 1562 ita
3328 1510 3554 1564 vellent.

1981 1597 2060 1653 De
2082 1599 2403 1666 juramento
2430 1607 2612 1653 autem
2634 1599 2781 1667 quod
2808 1601 3170 1668 postularent,
3205 1618 3398 1671 nempe
3429 1619 3558 1658 cum

1985 1690 2042 1745 in
2075 1691 2367 1759 imperium
2410 1691 2672 1755 venisset,
2711 1691 2779 1745 de
2827 1694 3111 1761 occupatis
3156 1694 3388 1748 urbibus
3436 1699 3560 1748 nul-

1983 1782 2096 1836 lum
2127 1783 2409 1852 negotium
2439 1781 2845 1848 eahibiturum,
2877 1783 3008 1851 quid
3058 1784 3282 1846 sentiat,
3315 1785 3554 1853 apertis-

1983 1873 2123 1928 sime
2154 1884 2531 1928 ostensurum.
2577 1872 2632 1927 Si
2664 1874 2968 1928 etiamnum
3017 1875 3122 1928 sub
3166 1877 3432 1931 Romanis
3467 1893 3558 1931 es-

1983 1971 2129 2027 sent,
2163 1977 2395 2031 seseque
2422 1962 2563 2016 tueri
2597 1972 2843 2031 possent,
2871 1979 2979 2016 non
3017 1979 3076 2016 se
3109 1963 3248 2025 illas,
3284 1967 3560 2031 quomodo

1986 2068 2088 2108 nec
2155 2052 2294 2106 alias
2383 2054 2790 2119 neglecturum,
2847 2053 3012 2123 498
3069 2053 3164 2106 sed
3227 2055 3558 2107 moriturum

1984 2141 2172 2211 prius,
2222 2156 2388 2208 quam
2428 2141 2645 2196 imbelle
2683 2142 2888 2210 aliquid
2922 2157 3224 2210 parumque
3259 2142 3558 2213 ingenuum

1983 2232 2436 2287 commissurum.
2485 2232 2625 2298 Quia
2655 2248 2789 2287 vero
2834 2233 2972 2288 alias
3009 2235 3218 2299 multis,
3261 2237 3396 2289 a'ias
3425 2251 3561 2305 pau-

1983 2320 2232 2374 cioribus
2306 2320 2511 2374 abhinc
2570 2321 2754 2379 annis.
2804 2323 3070 2376 Romanis
3127 2322 3557 2392 imperatoribus

1981 2411 2166 2464 adhuc
2212 2411 2623 2480 superstitibus,
2655 2412 2866 2465 ablatas
2909 2422 3181 2475 tenerent,
3224 2430 3324 2468 nec
3377 2430 3435 2468 se
3472 2431 3558 2470 re-

1985 2502 2428 2571 prehensionem
2476 2503 2851 2567 incursurum,
2913 2504 2958 2557 si
3021 2504 3210 2558 tandiu
3269 2517 3556 2576 usurpatas

1982 2591 2278 2646 dimiserit.
2337 2590 2405 2644 Et
2460 2603 2652 2660 pactus
2709 2602 2793 2647 est
2841 2593 3192 2660 juratnrum;
3255 2595 3554 2650 videndum

1983 2682 2139 2751 ipsis,
2172 2692 2232 2735 ut
2254 2697 2438 2750 pacein
2470 2698 2534 2736 ac
2565 2683 2746 2738 fmdus
2786 2693 2973 2738 sancte
3019 2694 3361 2751 tueantur,se
3393 2689 3546 2742 omni

1965 2772 2201 2826 ratione
2237 2774 2419 2841 jnrata
2463 2775 2860 2841 prastiturum,
2911 2790 3014 2830 nec
3094 2793 3190 2845 pro
3237 2779 3456 2846 regione
3501 2791 3558 2835 et

1987 2863 2225 2932 Oppidis,
2286 2879 2409 2932 qua:
2467 2865 2731 2919 Romanis
2779 2877 2938 2920 antea
2995 2869 3331 2934 patuissent,
3387 2871 3556 2924 molc-

1985 2958 2144 3011 stiam
2191 2959 2272 3011 eis
2318 2965 2661 3010 creaturum.
2704 2958 2762 3011 Si
2813 2959 3026 3027 priores
3058 2977 3154 3029 per
3203 2962 3550 3035 iniquitatem

1983 3057 2146 3116 atque
2179 3047 2476 3117 pcrjurium
2512 3062 2666 3101 arma
2722 3049 2997 3116 ceperint,
3032 3066 3140 3104 non
3194 3053 3370 3106 solum
3422 3054 3551 3119 illis,

1975 3152 2208 3206 quorum
2257 3153 2420 3191 causa
2463 3138 3035 3207 juraritrecipiendis,
3102 3126 3146 3194 si
3180 3147 3402 3209 poterit,
3440 3160 3550 3198 non

1975 3239 2431 3297 temperaturum,
2482 3229 2578 3282 sed
2628 3232 2793 3282 etiam
2834 3232 2948 3297 jam
2997 3231 3127 3284 olim
3177 3233 3547 3291 Triballorum

1975 3320 2304 3389 peculiares,
2338 3320 2382 3373 si
2422 3320 2688 3388 quiverit,
2733 3322 3114 3384 subacturum,
3166 3323 3311 3378 sicut
3350 3333 3406 3378 et
3434 3324 3542 3393 Ipsi

1979 3412 2357 3465 Romanorum
2389 3425 2584 3470 omnes
2621 3411 2964 3482 subigerent,
3008 3413 3055 3466 si
3088 3415 3352 3468 voluntati
3401 3418 3547 3471 vires

1973 3500 2395 3568 responderent.
2453 3498 2664 3562 Cralcs,
2728 3510 2784 3554 et
2837 3502 2931 3569 qui
3007 3503 3239 3558 aderant
3298 3505 3547 3572 'l‘iiballi,

1971 3590 2234 3646 admirari
2267 3600 2322 3644 et
2349 3591 2745 3660 obstupescere
2797 3593 3210 3660 imperatorem,
3251 3595 3344 3664 qui
3373 3612 3550 3666 quan-

1971 3697 2135 3750 quam
2163 3681 2318 3734 exsul
2352 3689 2408 3735 et
2435 3681 2627 3747 miser,
2685 3682 2820 3735 nihil
2855 3692 3034 3736 tamen
3077 3685 3329 3738 timidum
3369 3701 3548 3755 neque

1973 3771 2192 3836 ﬁctum,
2255 3773 2352 3824 sed
2402 3773 2615 3826 sincere
2657 3774 2838 3826 omnia
2883 3782 2938 3827 et
2977 3789 3041 3828 ex
3096 3775 3280 3828 animo
3328 3777 3544 3831 locutus

1971 3872 2136 3916 chet.
2203 3861 2280 3914 Ac
2338 3861 2406 3915 de
2449 3863 2715 3916 societate
2770 3865 2996 3932 quidem
3051 3876 3235 3920 actum
3299 3875 3385 3921 est
3435 3869 3544 3922 isto

1972 3953 2172 4018 modo;
2213 3953 2266 4006 in
2296 3954 2392 4006 has
2423 3963 2603 4006 autem
2637 3954 2980 4009 conditiones
3003 3957 3246 4024 juratuin
3277 3976 3290 4011 :
3326 3958 3392 4014 Ut
3436 3959 3540 4013 iiii-

1971 4053 2188 4111 perator
2250 4041 2665 4096 Cantacuzenus
2721 4051 2776 4096 et
2831 4043 3021 4097 Cralcs
3083 4048 3240 4100 amici
3289 4063 3354 4101 ac
3406 4050 3542 4106 socii

1968 4142 2154 4188 essent
2207 4133 2261 4184 in
2316 4146 2477 4184 omne
2515 4143 2753 4200 tempus,
2787 4146 3090 4204 neutcrque
3143 4140 3377 4196 alterius
3412 4159 3536 4212 pro-

1967 4221 2201 4274 vinciam
2249 4219 2534 4274 iniesturet
2595 4222 2721 4274 ullis
2779 4223 3013 4288 artibus,
3077 4238 3171 4280 aut
3225 4232 3538 4288 machinis:

1969 4311 2062 4364 sed
2111 4311 2528 4364 Cantacuzcnus
2584 4313 2804 4366 urbium
2858 4314 3256 4386 Romanarum,
3298 4339 3532 4390 quarum

294 4402 478 4452 πάντα
507 4400 741 4470 ἀληθῶς,
775 4405 866 4456 καὶ
912 4406 985 4469 ὡς
1036 4403 1148 4476 εἶχε
1194 4409 1429 4472 διανοίας
1463 4411 1860 4478 ἁπεφθέγγετο.

1974 4401 2148 4456 Cralcs
2184 4411 2329 4484 esset
2353 4404 2642 4464 dominus,
2680 4404 2793 4457 sive
2825 4421 2918 4459 eas
2944 4423 2972 4458 a
3021 4417 3180 4475 patre
3211 4416 3536 4482 accepisset,

305 4490 373 4544 Ἦ
433 4493 534 4562 μὲν
572 4491 680 4577 ὀὖν
743 4499 1028 4566 συμμαχία
1087 4501 1274 4552 τοῦτον
1333 4498 1445 4571 εἶχε
1500 4503 1592 4554 τὸν
1644 4505 1863 4574 τρόπον.

294 4585 495 4653 Ὀρκοι
538 4585 594 4637 δὲ
629 4582 768 4655 ἦσαν
802 4589 852 4639 oi
886 4589 980 4641 ἐπὶ
1011 4591 1246 4654 τούτοις,
1276 4591 1422 4646 ὥστε
1457 4593 1680 4662 βασιλέα
1719 4597 1866 4650 Κανο

293 4676 630 4746 τακουζηνὸν
666 4678 757 4728 καὶ
787 4679 1009 4748 Κράλην
1063 4681 1250 4747 φίλους
1305 4681 1444 4737 εἶναι
1491 4685 1578 4736 διὰ
1612 4686 1725 4754 βίου
1772 4687 1864 4740 καὶ

296 4768 644 4837 συμμάχους.
675 4769 768 4820 καὶ
816 4765 1026 4838 μηδένα
1059 4773 1157 4839 τῆς
1197 4774 1441 4842 ἀλλήλων
1467 4777 1690 4841 κακοῦν,
1729 4780 1863 4848 μήτε

291 4859 678 4927 τέχνῃ,’μήτε
732 4862 946 4929 μηχανῇ
1005 4862 1263 4933 μηδεμιᾷ,
1325 4866 1458 4919 ἀλλά
1498 4867 1723 4937 βασιλέα
1769 4873 1867 4938 μὲν

291 4952 388 5003 τὸν
449 4951 919 5020 Καντακουζηνὸν,
958 4947 1032 5005 ὧν
1079 4957 1107 5006 ὁ
1165 4957 1387 5026 Κράλης
1437 4962 1626 5028 γέγονε
1682 4961 1867 5030 κύριος

293 5045 506 5096 πόλεων
547 5041 840 5112 Ῥωμαίοις
879 5047 1220 5121 ὑπηκόων,ἢ
1258 5052 1410 5120 παρὰ
1451 5054 1656 5122 πατρὸς
1690 5070 1863 5122 παρα-

281 5135 500 5202 -λαόὼν,
534 5140 567 5209 ἢ
607 5142 771 5205 αὐτὸς
823 5139 1080 5209 ἁρπάσας
1134 5139 1215 5193 ἔτι
1265 5143 1545 5210 περιόντος
1600 5142 1867 5212 βασιλέως

299 5225 668 5312 Ἀνδρονίκου,
709 5231 986 5303 μηδεμίαν
1033 5231 1172 5302 μήτε
1221 5232 1495 5299 ἀπαιτεῖν,
1533 5235 1676 5302 μήτε
1710 5235 1867 5288 πόλε-

1967 4494 2082 4546 sivc
2117 4492 2231 4561 ipse
2262 4508 2352 4545 eas
2380 4493 2705 4548 Andronico
2736 4494 3069 4562 imperatore
3103 4500 3317 4554 vivente
3347 4505 3450 4558 sub
3480 4521 3539 4560 se

1966 4581 2293 4653 redegisset,
2335 4585 2546 4637 nullam
2581 4600 2759 4654 neque
2786 4600 3118 4656 reposccn-t,
3151 4607 3326 4659 neque
3348 4597 3417 4647 ob
3445 4612 3554 4652 eas.

1965 4674 2137 4726 ullum
2168 4674 2370 4727 bellum
2415 4673 2715 4727 intentaret
2743 4692 2756 4728 :
2791 4678 3017 4745 reliqua:
3050 4694 3196 4742 vero,
3241 4696 3360 4748 qua:
3392 4699 3539 4739 nunc

1964 4761 2130 4820 etiam
2169 4765 2271 4818 sub
2303 4767 2551 4820 Romano
2590 4766 2826 4835 imperio
2857 4783 3240 4837 censerentur,
3268 4774 3539 4829 Cantzicu-

1965 4855 2084 4907 zcni
2111 4862 2296 4908 essent
2317 4896 2331 4920 ,
2363 4856 2676 4925 nullamque
2717 4857 2904 4911 Crales
2942 4859 3066 4913 ullis
3092 4845 3299 4915 artibus
3333 4865 3536 4918 machi-

1964 4945 2118 4998 nisve
2155 4946 2449 5011 adimeret,
2480 4945 2573 5000 sed
2609 4948 2990 5016 imperatorem
3023 4955 3086 5003 ad
3121 4968 3214 5005 eas
3240 4955 3536 5024 subjicien-

1963 5036 2060 5090 das
2086 5035 2302 5106 juvaret
2343 5039 2742 5092 tantummodo.
2779 5039 2845 5093 Et
2881 5053 3150 5111 quotquot
3179 5046 3399 5112 quidem
3437 5057 3534 5099 aut

1964 5129 2132 5182 armis
2160 5139 2513 5197 caperentur,
2543 5139 2638 5182 aut
2683 5145 2748 5184 ex
2777 5141 2936 5199 pacto
2961 5148 3018 5186 se
3052 5134 3317 5209 dederent
3343 5136 3532 5204 {impc—

1963 5220 2127 5272 ratori
2179 5221 2462 5288 praesenti,
2513 5221 2608 5275 has
2656 5221 2957 5292 imperator
3000 5223 3253 5290 haberet,
3309 5223 3534 5285 'l'ribaz'li

1529 5349 1746 5411 Jacobi
1783 5349 2047 5414 Pontani
2085 5358 2271 5411 notas.

367 5468 444 5540 (4)
483 5467 666 5542 Virgil.
697 5471 913 5528 Eneid.
948 5491 1001 5530 ιι

610 5635 748 5647 ——
784 5605 946 5677 Tuus,
976 5621 1005 5659 ο
1027 5607 1229 5677 regina,
1257 5608 1384 5677 quid
1409 5617 1549 5677 optes

471 5674 768 5744 Explorate
794 5676 964 5744 labar,
993 5674 1120 5731 milii
1140 5674 1296 5746 jussu
1328 5674 1598 5748 capessere
1628 5677 1712 5748 [ea
1732 5689 1831 5736 est.

1982 5474 2171 5550 Aﬂ'ert_
2213 5490 2280 5529 ex
2327 5476 2678 5550 epistola“.
2724 5479 2942 5550 Antonii
2993 5481 3058 5534 ad
3113 5481 3400 5548 quemdam
3451 5497 3538 5550 se-

1975 5545 2298 5621 ptemvirum
2318 5545 2698 5621 Lc‘apitalenr
2725 5549 3027 5621 hominem,
3053 5545 3319 5621 __coilegani
3365 5545 3534 5621 ipsius

1973 5615 2287 5692 haec-verba
2307 5614 2541 5692 Philipp.
2591 5633 2620 5667 v
2655 5618 2724 5692 M.
2754 5617 2993 5692 Tullius'
3037 5619 3183 5692 Quid
3199 5614 3535 5692 concupiscas

1976 5693 2034 5738 tu
2071 5684 2298 5752 videris;
2327 5687 2466 5757 quod
2497 5687 2847 5757 concupiveris
2879 5697 3014 5743 certe
3035 5689 3264 5745 habebis.
