4062 6290
503 253 613 319 963

1677 221 2004 314 ιοΑκΝιέ
2046 251 2576 315 CANTACUZENI

3669 254 3784 325 965

497 373 642 430 nihil
677 370 1004 442 iniuriarum
1037 368 1306 426 facerent.
1332 367 1430 424 Sin
1463 369 1690 424 absente
1731 371 2084 440 imperatore,

2204 372 2294 436 ads
2341 386 2466 423 τινα
2510 371 2680 424 κινεῖν
2733 367 2865 441 περὶ
2912 369 3135 425 αὐτῶν·
3177 370 3279 435 τὰς
3327 371 3386 425 δὲ
3431 372 3778 439 έπιλοίπους,

500 478 599 522 aut
622 468 741 537 ipse
771 465 960 520 Crales
997 465 1082 518 vel
1123 464 1316 526 armis,
1350 465 1434 519 vel
1465 462 1772 525 deditione,
1801 463 1886 517 vel
1920 478 2084 531 pecu-

500 560 592 613 nia
623 559 820 612 incolis
847 559 1158 635 corruptis,
1191 565 1288 611 aut
1321 556 1676 624 dynastarum
1712 555 1765 609 ei
1811 556 2086 626 subjecto-

505 668 628 707 rum
691 652 890 721 aliquis
950 652 1142 705 urbem
1197 650 1502 704 Romanam
1551 647 1905 718 subegisset,
1967 648 2088 703 inec

504 759 729 813 quoque
764 743 1113 810 imperatoris
1141 749 1310 804 esset,
1347 751 1402 795 et
1437 742 1746 809 reposcenti
1779 739 1919 794 nihil
1960 754 2088 794 cat-r-

504 834 678 887 sando
711 833 1057 886 redderetur.
1089 831 1221 886 Item
1249 841 1312 884 ut
1345 831 1460 899 ipse
1494 829 1686 885 Crales
1715 830 1886 884 Anna:
1915 830 2090 896 impe-

505 925 692 978 ratrici
725 934 779 977 et
809 912 1009 977 Joanni
1043 924 1162 993 ejus
1193 921 1306 976 filio
1334 921 1654 990 imperatori
1693 922 1868 975 hostis
1919 928 2087 984 esset,

503 1035 609 1074 nec
633 1033 874 1087 unquam
914 1016 1095 1072 fmtlus
1124 1031 1250 1069 cum
1285 1015 1398 1069 illis
1427 1015 1642 1076 feriret,
1665 1013 1759 1066 svd
1788 1013 2092 1066 incommo-

505 1113 666 1166 daret
720 1128 819 1181 pro
873 1110 1125 1170 viribus,
1183 1107 1632 1164 Cantaeuzvnum
1697 1106 2092 1175 imperatorem

503 1205 760 1274 adjutans
788 1217 952 1271 quam
980 1208 1172 1271 posset
1199 1199 1611 1252 strenuissime.
1638 1196 1882 1265 Compos
1908 1205 2091 1252 autem

504 1295 722 1363 imperii
751 1293 1222 1354 Cautacuzenus,.
1242 1290 1458 1345 Cralem
1487 1305 1584 1341 sua
1629 1290 1876 1358 potentia
1909 1296 2094 1340 tuere-

505 1395 620 1449 tur,
660 1385 705 1438 si
745 1385 871 1454 quis
903 1398 1031 1437 cum
1066 1383 1381 1442 invaderet,
1415 1398 1476 1434 ac.
1509 1396 1609 1446 pro
1641 1379 1800 1433 hoste
1843 1378 2093 1444 duceret,

506 1479 604 1546 qui
665 1479 719 1531 in
791 1492 918 1530 eum
970 1476 1377 1546 expeditionem
1433 1485 1666 1544 pararet.
1723 1473 1890 1545 499
1932 1472 2095 1526 Multa

505 1575 671 1625 etiam
706 1573 870 1623 verba
913 1571 1052 1624 facta
1094 1570 1164 1624 de
1209 1568 1408 1624 Chrele
1441 1567 1686 1622 Triballo
1716 1583 1729 1620 :
1761 1582 1922 1635 quem
1971 1580 2096 1618 cum

505 1665 698 1718 Cralrs
765 1664 866 1716 sibi
923 1662 1277 1740 vindicaret,
1362 1670 1589 1729 propter
1644 1657 2092 1717 communionem

510 1846 830 1898 Andronico
859 1842 1219 1912 transfugisse
1259 1840 1325 1895 ad
1365 1842 1645 1896 Romanos
1690 1839 2011 1903 afﬁrmaret,
2038 1847 2097 1894 et

512 1938 567 1991 in
599 1951 842 2006 pra-scus
879 1950 990 1988 non
1031 1935 1210 1988 solum
1244 1934 1351 1988 sub
1381 1932 1614 2000 imperio
1651 1933 1897 1986 Romano
1924 1931 2099 1984 adnu-

514 2041 846 2091 meraretur,
871 2027 966 2082 sed
989 2027 1156 2082 etiam
1185 2027 1289 2081 sibi
1317 2027 1652 2096 peculiarem
1680 2041 1739 2079 se
1761 2023 2093 2078 addixisset:

511 2131 568 2177 et
625 2122 858 2189 insuper
916 2121 1293 2192 juramentum
1348 2117 1642 2188 proferret,
1704 2131 1816 2186 quo
1866 2115 2098 2170 Chreles

502 2214 896 2270 Cantacuzeno
938 2211 1100 2266 fidem
1134 2211 1623 2278 obedientiamque
1659 2223 1810 2261 suam
1856 2206 2098 2276 obligas-

511 2315 628 2369 set,
701 2306 964 2374 quoniam
1043 2303 1190 2372 justa
1276 2300 1464 2355 dicere
1523 2299 1857 2361 videbatur,
1911 2295 2100 2350 (ἐι-διεδ

515 2395 732 2453 annuit.
767 2405 822 2448 et
866 2394 1188 2464 juramento
1238 2391 1587 2460 subscripsit.
1619 2389 1757 2443 Cum
1806 2387 1891 2441 his
1931 2385 2100 2456 igitur

511 2486 932 2542 conditionibus
978 2499 1170 2554 regum
1205 2493 1552 2538 sacramenta
1598 2478 1906 2548 conscripta
1945 2484 2097 2532 sunt.

511 2579 790 2634 Caeterum
847 2588 906 2632 et
957 2577 1440 2645 archiepiscopum
1487 2573 1862 2626 Triballorum
1909 2569 2100 2623 adesse

514 2669 830 2737 oportebat,
863 2667 916 2719 in
944 2665 1102 2735 cujus
1133 2663 1424 2734 praesentia
1459 2663 1764 2732 juraretur.
1809 2659 1858 2713 ls
1885 2675 1914 2711 a
1943 2657 2103 2713 Crale

511 2769 800 2822 evocatus,
843 2773 966 2810 mox
995 2756 1209 2818 adfuit;
1245 2755 1332 2807 cui
1375 2754 1440 2806 ad
1482 2752 1723 2806 medium
1756 2750 1883 2803 atrii
1913 2763 2104 2816 proce-

513 2851 656 2905 dens
703 2842 922 2901 obviam
953 2847 1168 2910 Crales,
1211 2845 1430 2898 frenum
1475 2843 1603 2912 equi
1657 2858 1766 2906 quo
1795 2840 2102 2895 vehebatur

515 2940 908 3012 apprehendit,
933 2949 989 2992 et
1018 2937 1084 2990 ad
1115 2937 1320 2996 locum.
1357 2950 1468 3004 quo
1498 2933 1834 2988 descendere
1865 2931 2099 2994 solebat,

2125 1707 2172 1766 Β

510 1754 711 1824 gentis,
745 1753 1070 1823 imperator,
1101 1751 1251 1820 quod
1279 1753 1468 1804 adhuc
1500 1752 1720 1803 vivente
1756 1752 2093 1817 imperatore
2125 1751 2172 1766 "
2201 1754 2414 1825 βασιλεῖ
2470 1767 2484 1782 ·

2187 464 2311 517 ὅσαι
2338 462 2434 543 νῦν
2460 462 2541 516 ἔτι
2573 463 2680 518 ὑπὸ
2711 463 2813 534 τὴν
2850 463 3143 535 Ῥωμαίων
3169 465 3415 518 τελοῦσιν
3437 468 3774 536 ἡγεμονίαν,

2188 556 2334 626 ἔχειν
2391 558 2576 619 αὐτὸν,
2634 557 2731 610 καὶ
2793 557 3072 626 μηδεμίαν
3135 557 3494 626 ἀφαιρεῖσθαι
3547 560 3778 630 Κράλην

2191 652 2331 719 μήτε
2359 649 2548 720 τέχνῃ,
2573 649 2708 720 μήτε
2743 653 2960 721 μηχανῇ
2995 650 3258 722 μηδεμιᾷ,
3295 652 3435 704 ἀλλὰ
3463 653 3777 724 συμμαχεῐν

2194 745 2359 814 μόνον
2409 743 2624 813 βασιλεῖ
2660 743 2755 796 ἐπὶ
2804 743 2884 812 τῷ
2913 741 3120 806 ταύτας
3148 744 3634 798 καταδουλοῦσθαι.
3667 747 3777 800 Καὶ

2189 837 2312 890 ὅσαι
2383 837 2484 906 μὲν
2545 835 2731 892 αὐτῶν
2786 837 2821 908 ἢ
2873 837 3064 900 ὅπλοις
3135 836 3361 903 ἁλῶσιν,
3419 837 3452 906 ἢ
3507 837 3774 911 ὁμολογίᾳ

2187 935 2657 1003 προσχωρήσουσι
2699 929 2968 999 παρόντος
3027 928 3316 999 βασιλέως,
3364 930 3573 992 ταύτας
3630 929 3775 1000 ἔχειν

2197 1020 2454 1091 βασιλέα,
2511 1023 2607 1076 καὶ
2679 1021 2991 1091 Τριϐαλοῦς
3053 1021 3263 1077 ἀδικεῖν
3335 1021 3528 1090 μηδέν.
3585 1021 3684 1075 “Av
3735 1021 3778 1074 δ’

2193 1113 2428 1174 ἀπόντος
2485 1111 2772 1180 βασιλέως,
2817 1111 2850 1182 ἢ
2901 1111 3065 1174 αὐτὸς
3123 1111 3369 1181 Κράλης,
3416 1111 3448 1181 ἢ
3508 1109 3778 1181 δπλοις.ῆ

2195 1202 2480 1273 ὁμολογίᾳ,
2507 1203 2538 1272 ἢ
2568 1203 2819 1272 χρήμασι
2845 1203 2973 1265 τοὺς
3001 1201 3395 1264 κατοικοῦντας
3424 1201 3770 1272 διαφθείρας,

2196 1295 2230 1363 ἢ
2259 1296 2366 1347 τῶν
2413 1295 2506 1348 ὑπ’
2535 1295 2701 1347 αὐτὸν
2746 1293 2992 1346 δυνατῶν
3040 1308 3126 1352 τις
3173 1292 3330 1344 πόλιν
3367 1295 3778 1364 παραστήσεται

2199 1389 2308 1440 τῶν
2361 1387 2658 1454 Ῥωμαίοις
2723 1386 3008 1456 ὑπηκόων,
3037 1387 3132 1439 καὶ
3165 1385 3374 1455 ταύτην
3433 1382 3577 1439 εἶναι
3625 1384 3778 1453 βασι-

2199 1480 2372 1541 λέως,
2420 1482 2515 1532 καὶ
2577 1479 2887 1532 ἀποδιδόναι
2962 1477 3291 1530 ἀπαιτοῦντι
3369 1477 3539 1545 μηδὲν
3614 1476 3775 1529 πολυο

2201 1570 2681 1641 πραγμονοῦντας.
2712 1570 2885 1624 Αὐτδν
2933 1570 2992 1623 δὶ
3051 1568 3279 1640 Κράλην
3331 1569 3594 1638 πολέμιον
3639 1564 3775 1620 εἶναι

2206 1667 2375 1736 Ἀννῃ
2423 1680 2483 1718 τε
2536 1666 2601 1734 τῇ
2653 1663 2908 1734 βασιλίδι,
2963 1663 3061 1718 καὶ
3121 1663 3202 1731 τῷ
3257 1663 3361 1733 υἱῷ
3421 1661 3648 1733 Ἰωάννῃ
3700 1661 3777 1731 τῷ

2539 1754 2635 1806 καὶ
2706 1753 3028 1808 σπένδεσθαι
3090 1753 3390 1824 μηδέποτε,
3454 1754 3596 1808 ἀλλά
3673 1768 3774 1805 και

2199 1846 2330 1901 κοῦν
2385 1847 2526 1900 κατὰ
2575 1846 2636 1898 τὸ
2691 1845 2918 1899 δυνατὸν
2973 1845 3275 1917 βοηθοῦντα
3329 1843 3776 1916 Καντακουξηνῷ

2199 1934 2278 2005 τῷ
2319 1934 2552 2011 βασιλεῖ,
2577 1935 2768 2005 τρόπῳ
2811 1935 2985 2004 ὁποίῳ
3029 1935 3097 1989 ἂν
3135 1935 3353 1988 δύναιτο
3407 1935 3776 2004 ίσχυροτάτῳθ

2201 2026 2574 2088 καταστάντος
2654 2025 2711 2078 δὲ
2784 2027 2880 2080 καὶ
2969 2022 3433 2095 Καντακουζηνοῦ
3513 2022 3777 2094 βασιλέως

2201 2121 2294 2174 ἐπὶ
2347 2118 2485 2189 ·τῆς
2567 2119 2767 2190 ἀρχῆς,
2847 2117 3040 2191 Κράλῃ
3122 2117 3436 2187 συμμαχεῖν
3507 2114 3652 2168 κατά
3720 2113 3781 2168 τὸ

2198 2200 2461 2274 δυνατὸν,
2535 2211 2601 2264 ἀν
2690 2227 2775 2274 τις
2858 2210 2991 2281 ἐπίῃ
3066 2209 3156 2264 ἐπ’
3237 2208 3438 2271 αὐτὸν,
3519 2207 3618 2260 καὶ
3688 2220 3784 2258 πο-

2200 2307 2388 2374 λέμιον
2486 2305 2736 2376 ἡγεῖσθαι
2832 2303 2926 2358 τὸν
3013 2303 3164 2374 αὐτῷ
3256 2302 3780 2371 ἑπιστρατεύσοντα.

2193 2397 2504 2467 Τενομένου
2544 2397 2602 2450 δὲ
2645 2396 2898 2467 καὶπερὶ
2941 2395 3121 2466 Χρέλη
3173 2394 3267 2448 τοῦ
3303 2394 3580 2464 Τριϐαλοῦ
3615 2392 3778 2462 λόγου

2203 2490 2304 2542 οὐκ
2349 2488 2558 2556 ὀλίγου.
2596 2489 2692 2542 καὶ
2743 2487 2940 2558 Κράλη
2975 2488 3078 2558 μὲν
3110 2487 3275 2540 αὐτὸν
3320 2483 3780 2554 ἀντιποιουμένου

2201 2585 2289 2638 διά
2343 2585 2406 2637 τὸ
2439 2584 2736 2654 ὁμόφυλον,
2776 2584 3046 2654 βασιλέως
3097 2584 3153 2636 δὲ
3188 2583 3265 2646 ὡς
3314 2581 3395 2634 ἔτι
3429 2581 3781 2648 Ἀνδρονίκου

2203 2678 2487 2747 περιόντος
2519 2678 2612 2731 τοῦ
2651 2677 2920 2746 βασιλέως
2957 2677 3389 2746 αὐτομολήσειεν
3423 2674 3782 2744 ίσχυριζομέ·

2201 2783 2318 2826 νου,
2344 2767 2439 2819 καὶ
2473 2766 2568 2820 νῦν
2596 2767 2657 2819 ού
2691 2769 2852 2837 μόνον
2886 2765 2992 2819 ὑπὸ
3014 2765 3112 2835 τὴν
3128 2763 3418 2833 Ῥωμαίων
3449 2762 3633 2832 τελοὶη
3656 2763 3784 2832 ἡγε-

2206 2857 2424 2926 μονίαν,
2489 2859 2628 2912 ἀλλά
2667 2859 2760 2913 καὶ
2807 2859 2956 2922 ἰδίως
3015 2856 3167 2929 αὐτῷ
3221 2858 3638 2925 προσχωρήσοι,
3691 2855 3786 2907 καὶ

2202 2951 2379 3005 ἓλοιτο
2432 2955 2696 3023 πράττειν
2749 2952 2820 3005 τά
2851 2951 3039 3017 αὐτοῦ,
3071 2949 3298 3021 προσέτι
3332 2949 3392 3002 δὲ
3437 2949 3533 3002 καὶ
3583 2947 3782 3018 ὅρκους

525 3034 806 3103 perduxit.
844 3032 1016 3096 Quem
1061 3028 1266 3083 deinde
1299 3028 1569 3090 salutans,
1598 3025 1777 3079 fauta
1808 3025 1876 3078 ab
1901 3023 2095 3078 eodem

2208 3045 2649 3111 ὑποδεικνύντος,
2678 3045 2746 3099 δι’
2778 3037 2853 3099 ὧν
2891 3045 3150 3098 συνέθετο
3180 3046 3207 3097 δ
3247 3042 3464 3112 Χρέλης
3503 3040 3781 3094 δουλεύειν

521 3125 970 3195 corriprecatione
1031 3123 1303 3176 lustratus
1366 3127 1473 3174 est.
1549 3116 1966 3171 Cantacuzenus
2027 3131 2096 3170 ex

517 3218 732 3272 aedibus
763 3214 990 3286 prodire
1031 3229 1140 3268 non
1171 3197 1257 3268 est
1287 3211 1589 3282 permissus
1621 3251 1635 3270 .
1663 3209 1756 3264 sed
1795 3225 1892 3278 pro
1926 3208 2099 3274 impe-

519 3287 767 3363 ratbrum
799 3310 1180 3364 Romanorum
1224 3303 1630 3362 consuetudine
1656 3302 1801 3357 intra
1833 3302 1978 3356 aedes
2006 3316 2100 3355 oc-

520 3419 781 3461 currens.
824 3414 880 3457 et
915 3404 1185 3462 salutans,
1233 3397 1490 3453 similiter
1523 3397 1683 3450 bonis
1726 3395 1988 3464 precibus
2031 3393 2100 3446 ah

519 3513 588 3549 eo
621 3495 877 3563 dignatus
904 3503 1008 3549 est.
1042 3493 1179 3547 Cum
1208 3505 1367 3561 reges
1392 3480 1614 3559 postero
1643 3487 1732 3540 die
1759 3495 2099 3542 sacramenta

521 3586 730 3641 dicturi
772 3595 979 3649 essent,
1012 3583 1248 3638 Chreles
1299 3580 1369 3635 ad
1412 3579 1626 3635 Cralem
1677 3579 1901 3633 mittens
1937 3577 2098 3640 fidem

523 3678 662 3749 petit
705 3688 766 3730 ut
809 3677 876 3730 ad
934 3674 1055 3745 ejus
1101 3672 1486 3727 auctoritatem
1527 3669 1828 3731 rediturus,
1871 3667 2092 3722 Melenio

523 3782 762 3836 cumque
808 3764 1142 3819 traditurus.
1175 3760 1405 3816 Chreles
1449 3760 1620 3820 enim,
1651 3760 1865 3814 tametsi
1899 3757 2100 3814 Canta-

521 3874 796 3915 cuzeuum
847 3857 1098 3912 Romano
1158 3854 1326 3925 potiri
1383 3851 1638 3922 imperio.
1691 3860 1747 3905 et
1781 3850 1830 3905 ei
1876 3850 2104 3905 subesse

524 3952 854 4007 mirabiliter
885 3949 1166 4019 cupiebat,
1217 3961 1329 4002 non
1363 3955 1543 4002 tamen
1590 3945 1756 4000 etiam
1786 3944 1908 4016 ejus
1937 3959 2104 4001 causa

409 4066 412 4069 ·
523 4046 799 4116 objectare
820 4059 879 4098 se
911 4041 1179 4112 periculis
1206 4039 1448 4095 volebat.
1471 4038 1541 4094 Ut
1568 4048 1751 4092 autem
1772 4048 1896 4107 post
1922 4037 2010 4091 illa
2033 4036 2103 4090 ad

523 4136 1011 4206 Gynwcocastrum
1056 4139 1208 4202 gesta
1243 4130 1550 4200 imperator
1590 4128 1656 4182 ad
1709 4127 1983 4181 Triballos
2019 4133 2108 4180 est

525 4222 829 4297 profectus,
857 4223 1115 4293 opinatus
1144 4238 1174 4274 a
1210 4220 1368 4276 Crale
1399 4230 1673 4281 coactum,
1713 4227 1826 4272 tum
1856 4219 1958 4272 alia
1983 4233 2106 4287 qua:

525 4329 717 4372 essent
759 4317 1157 4378 Romanorum,
1197 4321 1310 4366 tum
1359 4312 1539 4382 ipsum
1575 4326 1798 4380 quoque
1839 4309 1916 4362 illi
1952 4309 2101 4363 dedi-

2206 3135 2650 3208 Καντακουζηνῷ
2676 3137 2751 3206 τῷ
2797 3136 3030 3207 βασιλεῖ,
3085 3135 3208 3188 ἐπεὶ
3259 3135 3447 3186 δίκαια
3488 3132 3667 3186 ἐδόκει
3693 3131 3784 3182 λέ-

2207 3247 2348 3300 γειν,
2405 3229 2665 3284 συνέθετο
2712 3232 2809 3285 καὶ
2855 3234 2882 3284 ὁ
2931 3229 3177 3301 Κράλης,
3229 3226 3326 3304 καὶ
3370 3224 3786 3295 προσεγράφετο

2206 3331 2303 3383 καὶ
2332 3328 2492 3391 αὐτὸς
2522 3330 2632 3389 τοῖς
2662 3327 2874 3395 ὅρκοις.
2906 3323 2970 3374 Oi
2997 3323 3098 3392 μὲν
3124 3319 3215 3373 οὖν
3244 3319 3400 3386 ὅρκοι
3434 3315 3785 3385 οῦτωςὲγρά-

2209 3437 2393 3491 φοντο.
2430 3420 2581 3472 Ἔδει
2617 3418 2684 3471 δὲ·
2705 3415 2921 3470 καὶτὸν
2954 3405 3397 3486 ἀρχιεπίσκοπον
3427 3409 3538 3462 τῶν
3587 3409 3786 3481 Τριϐα-

2208 3509 2317 3561 λῶν
2348 3509 2603 3580 παρεῖναι
2620 3506 2695 3568 ὡς
2728 3504 3110 3573 γενησομένων
3133 3498 3221 3551 ἐπ’
3244 3499 3312 3551 αὖ
3323 3497 3410 3550 τοῦ
3440 3497 3549 3548 τῶν
3574 3496 3750 3565 ὅρκων
3773 3509 3786 3524 ·

2208 3597 2305 3648 καὶ
2341 3591 2856 3664 μεταπεμψαμένου
2887 3589 2979 3641 τοῦ
3026 3589 3070 3641 Κ
3083 3587 3244 3657 ράλη,
3279 3585 3464 3655 παρῆν
3498 3585 3594 3638 καὶ
3628 3583 3787 3645 αὐτὸς

2209 3689 2310 3742 οὐκ
2343 3689 2401 3740 ὲν
2443 3687 2670 3757 μακρῷ-
2705 3686 2826 3738 ἐπεὶ
2856 3684 2912 3740 δὲ
2947 3681 3132 3752 παρῆν
3165 3683 3224 3733 ὲν
3252 3683 3320 3751 τῇ
3367 3681 3518 3749 οἰκίᾳ
3573 3678 3784 3748 Κρὰλη,

2210 3784 2419 3843 ἐκεῖνος
2452 3780 2552 3849 μὲν
2605 3780 2734 3848 ἄχρι
2765 3778 2858 3830 τοῦ
2908 3780 3079 3846 μέσου
3135 3773 3420 3845 προελθὼν
3465 3774 3564 3843 τῆς
3598 3772 3783 3841 αὐλῆς,

2211 3875 2510 3929 ἐπελάϐετο
2539 3874 2648 3926 τῶν
2677 3871 2918 3943 χαλινῶν
2948 3870 3043 3924 τοῦ
3077 3870 3273 3934 ἵππου,
3315 3861 3360 3936 ᾧ
3397 3867 3596 3944 ὠχεῖτο
3633 3868 3662 3918 δ
3689 3868 3785 3936 ἀρ-

2213 3968 2574 4039 χιεπίσκοπος
2602 4005 2618 4029 ,
2656 3966 2750 4018 καὶ
2797 3964 3118 4034 προήγαγεν
3165 3961 3296 4031 ἄχρι
3340 3951 3401 4013 οὗ
3435 3959 3620 4012 εἰώθει
3663 3958 3786 4010 ἀπο-

2215 4061 2448 4114 ϐαίνειν.
2500 4059 2735 4110 Ἔπειτα
2787 4053 3267 4126 προσαγορεύσας,
3321 4051 3602 4118 εὐλογεῖτο
3664 4051 3787 4118 παρ’

2213 4151 2450 4204 ἐκείνου.
2492 4147 2729 4201 Βασιλέα
2751 4147 2808 4200 δὲ
2857 4145 2957 4198 οὐκ
2992 4145 3145 4198 εἴασε
3171 4144 3279 4196 τῶν
3307 4140 3630 4212 οἰκημάτων
3657 4155 3784 4200 προ·

2214 4243 2415 4306 ελθεῖν,
2444 4241 2584 4296 ἀλλά
2609 4241 2754 4293 κατά
2781 4231 2862 4290 τὸί
2882 4235 3172 4306 Ῥωμαίων
3225 4232 3491 4304 βασιλέων
3520 4232 3642 4294 ἔθος
3690 4230 3784 4284 ὑπ-

2216 4332 2355 4403 ήντα
2393 4348 2454 4384 τε
2512 4330 2662 4384 ενδον
2704 4328 2799 4384 τοῦ
2846 4329 3165 4398 οίκήματος,
3197 4326 3293 4379 καὶ
3343 4323 3784 4395 προσαγορεύσας

527 4420 711 4463 turum
755 4408 940 4477 (norat
968 4406 1117 4461 enim
1153 4403 1369 4458 Cralem
1402 4401 1789 4458 defe’ctionemi
1815 4415 1970 4455 suam
2004 4399 2099 4454 ini-

2213 4399 2488 4492 si’a‘mysiro
2553 4423 2649 4476 καὶ
2705 4421 2891 4485 αὑτός.
2928 4420 3254 4476 Μελλόντων
3303 4419 3364 4472 δὲ
3412 4418 3515 4490 ἤδη
3568 4420 3652 4482 εἰς
3693 4417 3786 4489 τὴν

526 4516 635 4569 que
657 4499 894 4567 tulisse),
927 4497 1241 4566 timensque
1272 4509 1340 4548 ne
1371 4493 1473 4547 sibi
1508 4501 1732 4562 prapter
1761 4491 2111 4563 conjunctio-

528 4606 653 4644 nem
681 4605 806 4644 cum
839 4588 1172 4658 imperatore
1209 4601 1315 4639 una
1345 4583 1692 4655 pereundum
1719 4591 1888 4646 esset,
1925 4583 2108 4637 consi-

525 4681 756 4736 derabat
814 4696 923 4749 qua
983 4678 1197 4734 ratione
1241 4676 1569 4730 Melenicum
1621 4684 1915 4745 occuparet
1951 4694 1965 4728 :
2000 4689 2107 4744 qua

527 4772 728 4826 tradita
769 4768 946 4824 Cralis
972 4772 1109 4822 iram
1153 4769 1417 4838 placaret.
1454 4766 1563 4822 Sed
1594 4782 1719 4822 cum
1757 4768 1927 4821 armis
1958 4764 2106 4820 haud

527 4863 951 4935 expugnabilem
983 4870 1370 4932 cognosceret,
1429 4860 1575 4931 quod
1609 4868 1806 4914 natura
1838 4868 1894 4914 et
1925 4859 2109 4928 operi-

530 4954 635 5013 bus
674 4966 823 5012 esset
869 4955 1273 5018 munitissima,
1302 4955 1540 5023 primum
1591 4952 1813 5022 quidem
1847 4951 2108 5004 alimenta

531 5047 822 5119 importari
869 5045 1114 5110 vetabat,
1173 5043 1375 5098 deinde
1425 5054 1613 5112 aperta
1649 5043 1697 5095 vi
1727 5057 1848 5096 eam
1899 5039 2110 5094 adorie-

529 5141 714 5197 batur.
765 5139 974 5195 Asanes
1027 5147 1082 5193 et
1135 5135 1466 5207 praesidiarii
1533 5142 1824 5188 cernentes
1880 5129 2109 5200 penuria

532 5233 875 5288 commeatus
902 5230 1250 5285 obsidionem
1278 5227 1489 5282 diutius
1520 5225 1780 5280 sustineri
1814 5240 1921 5277 non
1948 5237 2109 5293 posse

531 5324 879 5396 (imperatori
931 5335 1168 5390 namque
1224 5331 1448 5388 propter
1503 5324 1722 5378 eventa,
1777 5314 1849 5370 de
1906 5313 2110 5382 quibus

530 5419 794 5480 diximus,
831 5429 1120 5470 accurrere
1171 5427 1296 5466 cum
1348 5408 1555 5464 auxilio
1605 5423 1713 5462 non
1771 5404 2020 5471 licebat),
2053 5409 2111 5456 et

530 5524 658 5564 cum
712 5508 861 5563 aliud
915 5515 1182 5576 praeterea
1247 5502 1382 5573 ipsis
1441 5499 1704 5570 quiddam
1757 5494 2105 5565 contigisset,

530 5601 715 5654 Chreli
763 5600 957 5654 urbem
1011 5596 1371 5651 dediderunt.
1409 5591 1515 5658 Qui
1562 5591 1632 5645 ad
1679 5587 1897 5644 Cralem
1938 5586 2108 5640 misso

531 5700 777 5755 oratore,
817 5691 995 5760 palam
1029 5688 1079 5742 ei
1112 5703 1170 5744 se
1193 5685 1465 5756 adiunxit.
1498 5681 1620 5749 Quo
1655 5680 1744 5736 ille
1771 5679 1914 5735 facto
1940 5691 2107 5748 supra

2211 4513 2508 4585 ὑστεραίαν
2553 4512 2778 4584 ὀμνύειν
2809 4512 2937 4574 τοὺς
2981 4512 3201 4582 ὅρκους,
3249 4510 3473 4580 πέμψας
3509 4512 3538 4562 δ
3582 4509 3782 4581 Χρέλης

2213 4607 2350 4675 πρὸς
2387 4605 2635 4677 Κράλην,
2669 4604 2881 4666 πίστει,
2918 4604 3070 4674 ᾔτει,
3103 4602 3180 4664 ὡς
3206 4603 3372 4666 αὐτός
3399 4620 3459 4656 τε
3488 4603 3782 4658 δουλεύσων

2212 4696 2392 4762 αὖθις,
2430 4701 2524 4752 καὶ
2555 4696 2853 4751 Μελενίκον
2882 4696 3244 4766 παραδώσων.
3290 4697 3508 4768 Χρέλης
3541 4699 3652 4768 γὰρ
3683 4697 3779 4768 μά-

2210 4794 2369 4846 λιστα
2403 4794 2500 4858 μὲν
2531 4792 2792 4860 ἐβούλετο
2822 4789 3048 4843 βασιλέα
3076 4792 3168 4843 τὸν
3201 4791 3663 4858 Καντακουζηνὸν
3690 4791 3778 4858 τὴν

2221 4885 2509 4958 Ῥωμαίων
2548 4886 2694 4957 ἔχειν
2745 4885 2946 4957 ἀρχὴν,
2997 4886 3099 4943 καὶ
3127 4884 3218 4937 ὑπ’
3251 4885 3463 4938 ἐκείνου
3512 4884 3776 4952 ἄγεσθαι·

2211 4981 2644 5036 διακινδυνεύειν
2701 4979 2758 5033 δὲ
2801 4983 2903 5033 οὐκ
2935 4979 3127 5050 ἢθελεν
3156 4977 3299 5048 ὑπὲρ
3352 4978 3593 5033 ἐκείνου.
3639 4977 3781 5031 Ἐπεὶ

2210 5075 2268 5127 δὲ
2299 5074 2554 5144 συμὸαίη
2585 5074 2654 5128 τὰ
2692 5074 2833 5128 κατά
2873 5071 3348 5139 Γυναικόκαστρον
3375 5069 3506 5141 περὶ
3537 5069 3777 5139 βασιλέα,

2213 5169 2308 5219 καὶ
2347 5165 2596 5236 ἀφίκοιτο
2629 5166 2710 5229 είς
2762 5163 3093 5235 Τριϐαλοὺς,
3154 5163 3387 5231 νομίσας
3443 5162 3548 5215 ὑπὸ
3596 5163 3779 5232 Κράὶη

2212 5257 2533 5327 βιαζόμενον
2561 5257 2762 5326 ἑτέρων
2799 5257 2860 5308 τε
2889 5272 3051 5308 τινων
3068 5253 3364 5324 Ῥωμαίοις
3394 5254 3777 5324 προσηκόντων

2211 5350 2433 5422 ἀνάγκη
2486 5350 2934 5420 παραχωρήσειν,
2989 5347 3086 5400 καὶ
3148 5348 3358 5404 ἐκεῖνον
3415 5347 3775 5416 παραδώσειν,

2211 5443 2314 5514 ήδη
2341 5444 2452 5511 γὰρ
2504 5443 2565 5494 ού
2597 5443 2726 5511 περὶ
2771 5441 3058 5504 ἐλάττονος
3096 5440 3381 5509 τιθέμενον
3429 5439 3657 5508 Κράλην
3690 5438 3778 5504 τήν

2213 5535 2380 5590 αὐτοῦ
2420 5535 2786 5599 ἀποστασίαν,
2818 5536 2917 5596 καὶ,
2940 5533 3130 5596 δείσας
3169 5532 3247 5602 μὴ
3277 5533 3372 5585 καὶ
3403 5531 3566 5593 αὐτὸς
3597 5531 3660 5583 ἐκ
3687 5528 3781 5596 τῆς

2212 5630 2292 5693 είς
2334 5627 2563 5698 βασιλέα
2607 5626 2996 5696 παραπόληται
3034 5625 3240 5694 φιλίας,
3280 5624 3552 5692 ἐσκέψατο
3593 5624 3644 5679 ,εί
3696 5619 3778 5672 δύο

2213 5738 2366 5776 ναιτο
2406 5719 2706 5776 Μελενίκον
2753 5720 3069 5790 κατασχεῖν,
3106 5718 3172 5773 ἶν’
3201 5716 3352 5788 αὐτῴ
3385 5717 3518 5788 πρὸς
3542 5771 3544 5780 ,
3566 5713 3777 5785 Κράλην
