4062 6290
564 291 665 356 οτι

1753 285 1998 346 'JOANN
2009 284 2077 344 IS
2118 280 2633 346 CANTACUZENI

3707 278 3823 341 972

565 418 619 460 et
668 404 892 474 regebat
942 400 1355 456 omnia.'l’orro
1404 398 1560 451 lrene
1601 395 1978 450 Cantacuzena
2032 397 2134 450 im-

2241 399 2269 450 ό
2297 397 2378 462 δὲ,
2415 397 2534 450 ἐπεὶ
2564 396 2633 448 τὰ
2667 395 2972 464 γράμματα
3003 395 3235 462 ἀνέγνω,
3263 390 3432 446 πολλά
3462 393 3575 453 τοίς
3607 406 3820 460 γεγρα-

566 497 832 566 peratrix,
877 509 1002 548 cum
1054 491 1304 546 Manuele
1339 491 1521 543 Asane
1567 487 1761 547 fratre,
1794 496 1854 540 ut
1885 487 1954 540 ab
1991 486 2135 553 Apo—

566 589 776 643 caucho
810 587 988 641 nuntii
1018 591 1310 645 venerunt,
1334 580 1470 651 quid
1503 579 1821 648 imperatori
1847 578 1990 646 apud
2020 578 2133 647 Gy-

567 689 962 735 nmcocastrum
999 675 1174 740 fieret,
1212 687 1530 743 quanquam
1583 685 1693 724 non
1740 671 1960 740 penitus
2007 685 2134 723 vera

564 789 688 828 esse
738 771 1176 840 suspicarentur,
1213 775 1398 820 tamen
1427 763 1786 819 vehementer
1833 766 2134 817 conturba-

572 870 807 926 bautur,
866 860 1417 928 sollicitudinumqtte
1487 857 1751 911 fluctibus
1805 857 2134 909 :estualtant.

568 953 885 1008 Metuebant
918 963 1172 1018 namque,
1214 963 1284 1004 ne
1317 947 1545 1017 quidam
1591 946 1659 1001 de
1708 946 1856 1000 illius
1889 946 2132 998 exercitu

563 1047 701 1098 clam
760 1043 1044 1113 negotium
1101 1041 1273 1095 Anna:
1347 1046 1611 1108 agentes,
1663 1036 2134 1105 opportunitatem

562 1138 706 1192 hanc
751 1147 808 1191 et
852 1135 1138 1189 adversam
1183 1141 1387 1187 sortem
1454 1129 1806 1200 imperatoris
1851 1128 2004 1197 quasi
2057 1130 2137 1180 in-

558 1237 842 1297 speratum
902 1227 1120 1280 lucrum
1169 1223 1535 1293 arripientes.
1599 1220 1928 1274 seditionem
1991 1219 2138 1272 inter

560 1320 826 1389 populum
893 1331 958 1371 ac
1002 1316 1232 1370 militem
1273 1313 1636 1372 concitarent,
1673 1311 2013 1378 dareturqtte
2050 1324 2137 1363 res

571 1412 712 1481 pesti
741 1420 797 1464 et
833 1409 1032 1464 exitio.
1067 1406 1350 1476 Praecipue
1383 1418 1514 1459 vero
1546 1402 1920 1472 suspicionem
1949 1400 2135 1455 Comi-

564 1504 786 1574 topul‘us
849 1510 903 1556 et
955 1501 1203 1554 Batatzes
1250 1498 1576 1561 movebant,
1644 1495 1739 1565 qui
1788 1493 2138 1564 imperatoris

553 1595 852 1664 .Palmologi
886 1593 1201 1654 domestici,
1231 1575 1363 1646 tunc
1406 1607 1436 1644 a
1482 1589 1868 1645 Cantacuzeno
1904 1589 1956 1641 in
1991 1587 2137 1640 occi-

560 1698 780 1743 dentem
812 1687 1070 1743 ducente,
1121 1682 1486 1753 Didymoticlti
1533 1681 1871 1736 suburbanis
1916 1679 2134 1733 fuerant

564 1779 864 1849 przepositi,
899 1755 1287 1842 habebantque
1339 1773 1441 1826 sub
1487 1787 1545 1826 se
1582 1781 1812 1840 uterque
1856 1771 2004 1824 mille
2035 1784 2130 1838 pe-

560 1873 703 1926 dites
733 1870 1065 1940 sagitlarios,
1089 1877 1145 1922 et
1169 1865 1424 1920 valebant
1479 1865 1656 1934 gratia
1684 1862 1826 1932 apud
1866 1862 2128 1931 populum

559 1979 623 2018 ac
656 1962 856 2016 milites
885 1961 1206 2031 plurimum.

2237 488 2395 555 φόσιν
2447 486 2774 556 ἀπειλήσας,
2811 483 3155 540 ἀπέπλευσεν
3211 484 3289 546 είς
3350 482 3674 546 Βυζάντιον,
3725 483 3818 534 καὶ

2237 578 2484 642 ἐδέξαντο
2516 578 2679 630 αὑτὸν
2713 579 2740 630 ὅ
2786 594 2844 629 τε
2899 576 3247 646 πατριάρχης
3279 576 3375 628 καὶ
3419 577 3451 643 ὴ
3516 575 3814 642 συνομοσέα

2241 671 2379 739 μετά
2411 669 2622 722 πολλῶν
2651 668 2763 721 τῶν
2816 668 3027 737 κρότων
3059 669 3155 720 καὶ
3203 669 3466 730 ἐπαίνων,
3501 665 3580 728 ὡς
3634 665 3813 728 καλῶς

2237 761 2692 832 ἐστρατηγηκότα
2717 761 2814 814 καὶ
2839 761 3161 827 νενικηκότα
3190 757 3652 825 Καντακουζηνόν
3671 776 3684 788 ·
3717 760 3811 810 καὶ

2238 856 2402 918 αὑτὸς
2433 856 2535 925 ήδη
2567 855 2918 925 φρονήματος
2951 852 3028 906 ὣν
3073 854 3364 912 ἀνάπλεως
3393 852 3484 905 διὰ
3513 851 3618 920 τὴν
3651 867 3812 919 στρα-

2237 949 2457 1015 τηγίαν,
2495 945 2863 998 ἀνυπεύθυνον
2887 943 3066 1012 ὲαυτῷ
3095 944 3396 1013 παρείχετο
3419 943 3528 994 τῶν
3554 944 3810 1011 πραγμά-

2237 1056 2347 1090 των
2378 1039 2478 1107 τὴν
2512 1037 2690 1107 ἀρχήν
2714 1052 2728 1068 ⁸
2764 1037 2856 1088 καὶ
2903 1036 3078 1088 πάντα
3124 1037 3363 1106 ἔπραττε
3422 1035 3518 1087 καὶ
3560 1028 3806 1105 διῴκειῇ

2239 1130 2388 1200 αὑτῷ
2415 1129 2614 1195 ἐδόκει,
2648 1129 2748 1198 τὴν
2787 1129 3079 1198 ὑπόκρισιν
3109 1133 3202 1182 καί
3243 1129 3305 1181 τὸ
3329 1128 3687 1197 βουλεύεσθαι
3712 1127 3804 1196 ἤδη

2239 1223 2314 1285 ῶς
2345 1221 2606 1290 ἀνόνητον
2633 1221 2970 1292 ἀπορρίψας.
3004 1221 3212 1290 Εἰρήνη
3250 1221 3308 1273 δὲ
3351 1220 3565 1289 βασιλὶς
3601 1221 3635 1288 ή
3664 1221 3807 1271 Καν-

2239 1312 2548 1383 τακουξηνὴ
2588 1313 2704 1381 ἅμα
2747 1311 3006 1383 Μανουὴλ
3048 1313 3249 1382 ’Λσάνῃ
3290 1313 3367 1380 τῷ
3413 1311 3651 1380 ἀδελφῷ,
3689 1310 3806 1362 ἐπεὶ

2239 1407 2288 1457 oi
2332 1406 2481 1474 παρὰ
2529 1403 2870 1474 ’Λποκαύχου
2920 1405 3014 1457 τοὺ
3063 1406 3300 1474 μεγάλου
3357 1405 3589 1475 ἧκοντες
3622 1403 3805 1464 δουκὺς

2239 1495 2587 1562 ἀπήγγελλον
2621 1496 2693 1548 τὰ
2745 1495 2876 1566 περὶ
2904 1494 3173 1564 βασιλέως
3219 1490 3308 1548 οἷα
3339 1494 3584 1565 συμϐαίη
3616 1497 3672 1545 ὲν
3709 1494 3806 1544 Γυο

2239 1587 2643 1657 ναικοκάστρῳ,
2698 1584 3024 1640 ὑπώπτευον
3058 1587 3161 1656 μὲν
3207 1587 3301 1639 καὶ
3355 1589 3432 1656 μὴ
3462 1586 3803 1638 παντάπασιν

2240 1675 2382 1731 εἶναι
2413 1679 2626 1748 ἀληθῆο
2663 1681 2804 1748 πλὴν
2847 1679 3204 1747 ἐθορυϐοῦντο
3249 1680 3497 1748 σφοδρῶς
3555 1683 3650 1732 καὶ
3679 1681 3802 1731 ἐκυ-

2238 1767 2517 1835 μαίνοντο.
2562 1767 2936 1819 Ἐδεδοίκεσαν
2987 1767 3094 1838 γὰρ
3150 1768 3224 1835 μὴ
3279 1768 3390 1819 τῶν
3442 1764 3628 1828 αὑτιῖς
3665 1783 3804 1826 τινες

2239 1859 2509 1909 συνόντων
2549 1858 2732 1926 κρύφα
2792 1857 2859 1910 τά
2897 1857 3172 1926 βασιλίδος
3206 1860 3407 1927 Ἀννης
3451 1860 3801 1928 πράττοντες,

2237 1948 2425 2015 ὥσπερ
2467 1949 2699 2016 έρμαίου
2737 1947 3032 2018 λαϐόμενοι
3063 1949 3156 2001 τοὺ
3188 1950 3386 2016 καιροῦ
3428 1951 3648 2018 καὶτῆς
3681 1951 3804 2002 δυσ-

559 2060 800 2128 πραγίας
861 2057 1149 2126 βασιλέως,
1201 2053 1514 2114 στασιάζειν
1557 2051 1787 2102 πείσωσι
1834 2049 1924 2100 τὸν
1965 2045 2137 2114 δῆμον
2177 2046 2272 2097 καὶ
2329 2043 2429 2112 τὴν
2504 2043 2788 2112 στρατιὰν,
2832 2044 2928 2096 καὶ
2961 2045 3232 2114 ἀπόληται
3261 2047 3443 2108 αὑτοῖς
3486 2048 3803 2100 παντάπασι

559 2156 627 2210 τὰ
673 2155 979 2224 πράγματα
1029 2150 1418 2219 διαφθαρέντα.
1451 2147 1702 2200 Μάλιστα
1742 2146 1797 2197 δὲ
1872 2144 1931 2195 ὲν
2001 2139 2206 2209 ὑποψία
2248 2137 2394 2209 εἶχον
2421 2139 2512 2191 τόν
2567 2155 2627 2190 τε
2683 2139 3094 2209 Κομιτόπουλον
3147 2143 3242 2193 καὶ
3278 2143 3582 2212 Βατάτξην,
3614 2144 3664 2196 οἰ
3698 2143 3805 2194 τῶν

554 2248 934 2315 ’Παλαιολόγου
973 2245 1070 2316 μὲν
1113 2241 1254 2316 ἦσαν
1309 2242 1577 2313 βασιλέως
1626 2237 1876 2300 οἰκετῶν,
1918 2235 2039 2288 τότε
2072 2234 2130 2284 δὲ
2173 2234 2278 2285 ὑπὸ
2350 2231 2808 2300 Καντακουζηνοῦ
2871 2232 3138 2300 βασιλέως
3178 2235 3256 2296 εἰς
3291 2235 3532 2306 ἑσπέραν
3575 2239 3805 2308 ἐκστρα-

559 2340 839 2402 τεύοντος,
864 2337 957 2390 ἐπὶ
996 2336 1096 2403 τῆς
1128 2335 1231 2399 ἔξω
1271 2330 1657 2401 Διδυμοτείχου
1693 2327 1968 2388 συνοικίας
2023 2322 2166 2394 ἦσαν
2201 2323 2552 2392 τεταγμένοι,
2577 2323 2766 2392 χιλίων
2809 2323 3041 2387 ἕκαστος
3058 2323 3321 2396 ἄρχοντες
3336 2329 3567 2395 τοξοτῶν
3588 2331 3799 2394 πεζῶν.

557 2426 698 2502 Ιἦσαν
725 2429 783 2483 δὲ
816 2430 911 2482 καὶ
929 2403 1075 2497 τπρὸς
1109 2425 1201 2478 τὸν
1227 2424 1396 2494 δῆμον
1427 2421 1520 2475 καὶ
1546 2423 1644 2490 τὴν
1670 2419 1836 2487 ἄλλην
1875 2415 2135 2486 στρατιὰν
2168 2414 2456 2482 δυνάμενοι
2486 2413 2546 2466 οὑ
2584 2414 2778 2486 μιηοά.

1847 2535 2008 2606 504
2044 2532 2269 2589 CAPUT
2309 2531 2520 2588 xcvu.

563 2644 856 2697 Tentamur
883 2640 1077 2692 ducum
1108 2636 1415 2690 etmilitum
1450 2636 1616 2688 animi
1663 2635 1722 2685 de
1755 2632 2013 2706 ﬁdeerga
2046 2629 2506 2706 _Cantacttzenum.
2551 2625 2910 2706 Cornitopulus
2959 2628 3066 2706 dux
3097 2645 3150 2682 se
3181 2629 3245 2706 at)
3275 2646 3334 2706 co
3381 2640 3646 2706 staturum
3681 2650 3802 2703 pro.

629 2715 811 2779 ﬁtetur
840 2718 888 2764 et
936 2710 1003 2762 ad
1055 2710 1193 2779 idem
1227 2717 1436 2779 cwteros
1475 2707 1740 2763 hortatur,
1785 2698 1992 2779 vultque
2038 2701 2210 2767 ipsum
2244 2699 2306 2779 de
2339 2698 2827 2779 eorumllt'rtelft'ate
2870 2699 3335 2779 certioremﬁeri.
3388 2700 3641 2779 Batatzes
3681 2698 3802 2772 ’ἀξίας

633 2765 930 2835 orationem
971 2777 1252 2848 approbat,
1285 2777 1651 2848 jurameutum
1712 2765 2179 2848 nrgetﬁjura‘tur.
2234 2765 2469 2848 Nuntius
2500 2767 2564 2817 ab
2601 2765 2915 2848 imperatore
2958 2784 3075 2848 capt
3122 2770 3235 2838 ejus
3264 2771 3413 2840 signa
3445 2773 3500 2824 in
3534 2789 3690 2837 cera;
3714 2765 3803 2828 ξιιιὶ

633 2863 811 2905 tamen
847 2850 910 2902 de
937 2836 1223 2902 suo'etiam
1243 2836 1394 2898 addit
1427 2853 1473 2898 et
1505 2859 1615 2896 rem
1647 2836 1873 2911 gestam,
1907 2836 2184 2907 quominus
2214 2836 2486 2889 audientes
2513 2841 2806 2901 contristet,
2837 2836 3383 2908 imperfecte’uarrat.

638 2969 736 3023 llis
771 2966 838 3021 de
866 2963 1051 3019 causis
1083 2960 1370 3024 timebant,
1397 2969 1452 3014 et
1489 2958 1763 3028 quomodo
1789 2973 1883 3012 eos
1919 2958 1971 3010 in
2008 2955 2124 3009 olli-

2305 2953 2404 3005 Διὰ
2443 2953 2646 3015 ταύτας
2695 2953 2825 3021 γοῦν
2874 2954 2972 3017 τὰς
3009 2955 3191 3018 αἰτίας
3235 2955 3574 3012 ἐδεδοίκεσάν
3621 2977 3680 3013 τε
3711 2964 3801 3015 καὶ

563 3061 649 3116 cio
687 3072 752 3113 ac
783 3056 1060 3126 subjectos
1105 3061 1354 3107 tenerent
1383 3049 1936 3118 circumspiciebant:
1967 3047 2128 3101 simul

2237 3039 2625 3118 ἐσκέπτοντοῇ
2676 3047 2779 3114 χρὴ
2816 3046 3014 3106 αὑτοὺς
3067 3047 3552 3119 ὑποποιήσασθαι·
3595 3053 3711 3122 ἅμα
3744 3055 3800 3107 δὲ

562 3162 619 3208 et
675 3151 744 3206 de
791 3149 912 3204 aliis
963 3145 1266 3216 periculum
1319 3143 1503 3198 facere
1542 3141 1893 3212 cogitabant,
1933 3139 2130 3209 ecquid

562 3255 793 3316 prapter
824 3241 1012 3296 audita
1039 3239 1325 3309 pristinam
1360 3237 1696 3290 voluntatem
1730 3235 2127 3286 immolassent.

562 3336 776 3392 Placuit
829 3334 1016 3402 igitur,
1067 3327 1356 3399 postridie,
1387 3326 1484 3380 ubi
1525 3340 1715 3380 omnes
1771 3324 1825 3377 in
1872 3323 2132 3392 palatium

563 3424 975 3486 convenissent,
1003 3423 1238 3475 Asauem
1273 3417 1532 3471 audiente
1573 3413 1920 3484 imperatrice
1964 3413 2134 3466 duces

565 3535 628 3572 ac
677 3517 878 3570 milites
916 3512 1164 3582 pluribus
1217 3510 1453 3578 alloqui,
1496 3517 1552 3562 et
1589 3508 1852 3578 cujusque
1891 3505 2132 3558 animum

567 3617 900 3678 perteutare.
929 3603 1007 3656 Ad
1036 3602 1181 3656 hunc
1213 3601 1398 3668 itaque
1431 3599 1653 3652 modum
1685 3597 1898 3651 Manuel
1927 3596 2135 3650 Asanes

566 3715 727 3754 orsus
745 3705 828 3751 est
851 3712 866 3746 :
889 3694 1020 3760 Quae
1033 3693 1393 3762 Apocauchus
1418 3692 1556 3745 sacri
1581 3689 1818 3744 cubiculi
1847 3688 2134 3758 praefectus

566 3789 632 3842 ad
648 3803 746 3841 nos
765 3783 1074 3854 scripserit,
1101 3780 1525 3844 commilitones,
1554 3795 1746 3833 omnes
1764 3777 2132 3832 intellexistis.

565 3880 640 3935 lta
687 3886 1010 3944 praesentem
1057 3881 1259 3928 statum
1293 3871 1478 3926 multis
1522 3869 1919 3924 mutationibus
1951 3869 2136 3923 obno-

565 3968 715 4022 xium
764 3981 902 4030 esse,
943 3964 1156 4032 levique
1206 3970 1480 4014 momento
1517 3960 1598 4014 vel
1643 3958 2133 4029 prudentissimum

566 4073 622 4116 et
665 4058 1074 4128 sagacissimum
1109 4053 1327 4121 decipi,
1379 4061 1434 4106 et
1484 4051 1846 4121 improvidum
1889 4058 2054 4118 atque
2103 4063 2134 4102 a

567 4167 695 4205 casu
725 4162 775 4204 et
803 4149 1017 4202 fortuna
1036 4145 1385 4216 pendentem,
1411 4143 1571 4197 etiam
1606 4152 1803 4211 praeter
1823 4141 2135 4210 opinionem

568 4245 788 4297 beatum
823 4239 962 4303 ﬁeri,
992 4253 1091 4291 usu
1127 4245 1182 4290 et
1214 4235 1553 4305 experientia
1583 4233 1752 4286 multa
1781 4232 2024 4286 universi
2053 4231 2135 4284 di-

569 4329 804 4382 dicistis.
835 4325 992 4390 Quod
1037 4339 1163 4377 eum
1216 4324 1289 4376 ita
1343 4325 1434 4385 sit,
1468 4337 1575 4375 non
1623 4330 1769 4375 tanta
1816 4321 1950 4375 fides
1985 4322 2135 4391 Apoc

2234 3135 2539 3190 διενοοῦντο
2568 3139 2660 3189 καὶ
2688 3139 2817 3206 περὶ
2847 3139 2952 3189 τῶν
2985 3137 3160 3191 ἄλλων
3199 3140 3274 3202 ὡς
3313 3143 3798 3213 ἀποπειράσοντες,

2234 3228 2281 3278 εἰ
2320 3226 2405 3278 διὰ
2452 3227 2517 3277 τὰ
2548 3226 2886 3280 ἀκουσθέντα
2930 3233 3006 3298 μὴ
3048 3231 3487 3299 παρετράπησαν
3519 3235 3618 3296 τὰς
3659 3239 3797 3303 γνώο

2238 3334 2365 3386 μας.
2408 3315 2613 3372 Ἐδόκει
2649 3319 2712 3388 δὴ
2762 3317 2854 3371 οὖν
2889 3320 2968 3381 είς
3023 3321 3123 3382 τὴν
3160 3321 3453 3389 ὑστεραίαν
3498 3328 3716 3379 πάντων
3745 3331 3798 3380 ἐν

2236 3412 2531 3482 βασιλείοις
2558 3412 2922 3465 συνελθόντων
2949 3415 3038 3465 ὲπὶ
3067 3415 3164 3481 τῆς
3198 3415 3488 3484 βασιλίδος.
3519 3419 3611 3472 τὸν
3642 3420 3796 3473 Ἀσάο

2235 3520 2334 3573 νην
2365 3503 2504 3574 πρός
2534 3520 2593 3556 τε
2631 3506 2758 3568 τοὺς
2785 3505 3064 3574 ἡγεμόνας
3095 3507 3191 3559 καὶ
3217 3507 3316 3577 τὴν
3358 3513 3619 3579 στρατιὰν
3645 3512 3795 3575 λόγον

2233 3595 2519 3647 ἀποτεῖναι
2552 3595 2648 3647 καὶ
2681 3594 2990 3665 ἀποπειρᾷν
3014 3599 3115 3662 τῆς
3143 3599 3375 3651 ἑκάστου
3398 3599 3638 3664 διανοίας
3665 3619 3677 3632 ·
3711 3608 3796 3655 καὶ

2234 3689 2295 3749 ὲς
2321 3688 2419 3756 τὴν
2455 3687 2752 3757 ὑστεραίαν
2795 3688 2917 3740 ἐπεὶ
2961 3684 3098 3758 ἦσαν
3141 3691 3200 3743 ὲν
3245 3687 3539 3762 βασιλείοίς
3579 3695 3794 3759 πάντες,

2246 3778 2481 3850 Ἀσάνης
2507 3781 2535 3832 ὁ
2565 3779 2825 3850 Μανουὴλ
2857 3780 2949 3832 ἐπὶ
2980 3781 3078 3850 τῆς
3123 3781 3392 3851 βασιλίδος
3425 3783 3569 3838 οὑτω
3595 3786 3684 3838 τὸν
3711 3787 3794 3838 λό-

2234 3884 2329 3937 γον
2355 3872 2650 3938 ὲποιήσατο
2675 3887 2688 3902 '
2725 3871 2954 3941 ⁸Ἄνδρες
2986 3874 3415 3941 συστρατιῶται,
3451 3877 3517 3929 τὰ
3553 3878 3652 3947 μὲν
3699 3880 3800 3932 ὑπὸ

2235 3963 2737 4032 παρακοιμωμένου
2777 3963 2872 4015 τοῦ
2920 3963 3265 4034 ’Δποκαὺχου
3298 3967 3496 4031 πάντες
3527 3969 3796 4039 ἀκηκόατε

2235 4055 2603 4124 γεγραμμένα
2629 4055 2766 4124 πρὸς
2800 4055 2964 4124 ὑμᾶς.
2993 4055 3072 4109 Τὰ
3103 4055 3201 4125 μὶν
3239 4055 3331 4109 οὖν
3359 4061 3606 4128 παρόντα
3631 4063 3797 4130 πράγ-

2202 4153 2207 4159 “
2238 4163 2388 4214 ματα
2417 4143 2492 4203 ὡς
2528 4142 2700 4195 πολλὰ
2749 4143 3062 4213 ἐπιδέχεται
3099 4144 3432 4213 μεταϐολὰς,
3481 4151 3575 4201 καὶ
3625 4152 3796 4220 ῥᾴδιον

2237 4237 2330 4291 καὶ
2359 4238 2422 4288 ὲκ
2465 4237 2670 4305 μικρᾶς
2710 4235 2892 4298 αἰτίας
2921 4223 3017 4289 καὶ
3047 4236 3140 4288 τὸν
3172 4237 3548 4292 συνετώτατον
3576 4243 3670 4294 καὶ
3703 4259 3796 4294 κα-

2236 4329 2673 4396 τεστοχασμένον
2721 4327 3026 4394 σφαλῆναι*
3083 4329 3177 4380 καὶ
3235 4329 3325 4381 τὸν
3379 4331 3794 4399 ἀπερισκέπτως

567 4417 780 4472 caucho
803 4415 1055 4469 habenda
1086 4424 1191 4470 est.
1224 4413 1326 4468 Cui
1365 4414 1511 4466 enim
1557 4415 1667 4467 vita
1719 4427 1936 4482 semper
1965 4415 2134 4468 simu-

2241 4419 2334 4471 καὶ
2388 4417 2462 4478 ὡς
2515 4416 2674 4484 ἔτυχε
2725 4415 3028 4485 φερόμενον
3084 4417 3180 4468 καὶ
3239 4417 3446 4470 ἄπιστα
3505 4420 3796 4490 εὐτυχῆσαι

570 4512 713 4572 lata,
763 4507 1156 4576 pravitatisque
1206 4520 1268 4559 ac
1316 4503 1546 4558 fallaciae
1595 4504 1790 4574 plena,
1847 4513 1902 4559 et
1951 4520 2137 4559 sermo

572 4601 840 4664 mendax,
893 4599 1143 4667 nihilque
1184 4595 1418 4666 probum
1465 4611 1528 4650 ac
1576 4597 1852 4649 sincerum
1895 4610 2137 4664 unquam

569 4695 880 4751 continens,
909 4689 1002 4757 qui
1034 4687 1252 4742 tandem
1281 4702 1406 4740 eum
1438 4701 1582 4740 nunc
1608 4700 1734 4739 vera
1764 4685 1968 4740 dixisse
1990 4687 2141 4754 quis-

571 4800 735 4854 quam
770 4778 1218 4834 crediderit?Sed
1255 4778 1448 4832 demus
1475 4792 1601 4830 vera
1633 4791 1776 4839 esse,
1807 4788 1861 4830 at
1890 4793 2000 4830 non
2021 4792 2138 4830 om-

572 4873 827 4938 nimodis,
878 4871 972 4924 sed
1030 4870 1158 4924 talia
1187 4885 1308 4938 qua:
1365 4884 1489 4924 cum
1550 4869 1866 4939 imperatori
1907 4885 2134 4939 parvum

568 4965 822 5021 dederint
857 4961 1285 5026 incommodum,
1315 4976 1482 5030 parvo
1514 4962 1731 5030 negotio
1764 4961 1962 5030 corrigi
2007 4976 2137 5029 pos-

573 5067 722 5112 sunt.
771 5055 1024 5110 Vestrum
1073 5062 1256 5106 autem
1291 5052 1666 5121 unusquisque
1699 5065 1868 5120 usque
1901 5052 1957 5106 in
1997 5051 2138 5106 hanc

571 5153 741 5215 diem,
779 5150 908 5202 dunt
942 5163 1032 5200 res
1067 5129 1658 5209 secttndum‘cursutn,
1694 5145 1812 5198 sine
1846 5145 2024 5214 aliqua
2051 5147 2138 5198 of-

571 5241 820 5296 fensione
847 5244 1163 5298 tenuerunt,
1213 5237 1674 5305 magnanimitatis
1704 5250 1766 5289 ac
1798 5235 2137 5293 fortitudinis

571 5349 683 5390 suae
719 5333 772 5385 in
805 5331 969 5385 rebus
1009 5327 1267 5392 turbidis,
1297 5329 1604 5398 prudentia:
1635 5329 1786 5390 item,
1821 5329 2133 5384 cbaritatis-

569 5439 697 5491 que,
737 5439 846 5492 qua
888 5423 1273 5491 imperatorem
1301 5429 1356 5475 et
1392 5419 1532 5474 filios
1556 5421 1674 5490 ejus
1705 5421 2137 5488 comprehende-

571 5526 678 5578 ret,
737 5511 1097 5577 ostentandte,
1152 5511 1497 5566 occasionem
1551 5511 1751 5564 nullam
1808 5520 1998 5564 nactus
2029 5522 2132 5564 est.

571 5609 727 5660 Nunc
764 5646 777 5668 ,
820 5605 1082 5674 quoniam
1145 5617 1204 5657 se
1253 5601 1452 5656 obtulit
1505 5601 1722 5654 occasio
1758 5641 1770 5665 ,
1819 5610 1875 5654 et
1946 5616 2137 5656 omnes

572 5699 754 5762 simul,
783 5707 838 5751 et
868 5710 1113 5751 seorsum
1145 5695 1445 5763 quemlibet
1471 5702 1735 5760 quantum
1758 5693 2130 5761 intelligentia,

1578 5891 1686 5936 ,θ’

2239 4508 2440 4569 πάντες
2463 4507 2578 4558 ἴστε
2610 4505 2821 4567 πολλοῖς
2851 4504 3192 4575 ὡμιληκότες
3227 4508 3578 4577 πράγμασιν.
3603 4512 3675 4563 Οὐ
3697 4513 3797 4579 μὴν

2237 4597 2326 4649 διὰ
2360 4596 2518 4648 τοῦτο
2549 4595 2727 4648 πάντα
2767 4595 2872 4664 χρὴ
2904 4595 3181 4648 πιστεύειν
3215 4593 3797 4670 παρακοιμωμένῳ.ᾯ

2238 4688 2345 4757 γὰρ
2387 4689 2415 4740 ὅ
2462 4704 2520 4739 τε
2559 4687 2673 4756 βίος
2726 4687 3062 4749 ὲπίπλαστος
3096 4689 3182 4741 ἀεὶ
3216 4691 3309 4741 καὶ
3360 4693 3666 4761 σκαιωρξας
3710 4696 3796 4745 καὶ

2237 4780 2450 4846 ἀπάτης
2482 4779 2690 4847 γέμων,
2741 4781 2834 4830 καὶ
2863 4781 2891 4830 ὁ
2935 4780 3092 4845 λόγος
3127 4780 3486 4849 ἐψευσμένος,
3529 4784 3628 4834 καὶ
3655 4785 3794 4836 οὐδὲν

2237 4870 2496 4940 οὐδέποτε
2550 4869 2690 4938 ἔχων
2753 4870 2926 4937 ὑγιὲς,
2968 4871 3083 4931 πῶς
3125 4871 3191 4924 ἄν
3221 4887 3304 4933 τις
3339 4872 3654 4926 πιστεύσειε
3687 4873 3794 4927 νυνὶ

2239 4962 2492 5032 εἰρῆσθαι
2545 4961 2784 5031 τάληθῆ;
2838 4963 2884 5014 εἰ
2945 4961 3001 5014 δὲ
3033 4964 3126 5013 καὶ
3181 4962 3358 5032 ἀληθῆ
3393 4963 3463 5016 τὰ
3510 4967 3790 5034 εἰρημένα,

2239 5053 2354 5106 ἀλλ’
2383 5055 2443 5106 οὑ
2484 5053 2858 5116 παντάπασιν,
2887 5051 3021 5104 ἀλλά
3047 5039 3275 5104 ’τοιαῦτα
3306 5049 3447 5107 εἶναι
3477 5056 3547 5108 τὰ
3574 5074 3792 5125 γεγενη-

2242 5147 2405 5216 μένα,
2440 5141 2527 5197 οἷα
2552 5146 2761 5213 βασιλεῖ
2792 5143 2994 5214 μικρὰν
3027 5146 3360 5215 δυσχέρειαν
3386 5149 3788 5218 παρεσχημένα,

2241 5238 2437 5308 ῥᾳδίως
2468 5237 2628 5288 πάλιν
2660 5236 3128 5304 ἐπανορθωθῆναι.
3162 5236 3348 5306 ’Υμῶν
3373 5238 3429 5290 δὲ
3459 5239 3687 5301 ἕκαστος
3709 5239 3790 5290 νῦν

2242 5328 2343 5395 μὲν
2381 5328 2508 5397 ἄχρι
2538 5327 2644 5379 τῶν
2678 5327 3017 5395 πραγμάτων
3041 5329 3304 5396 ὲξουρίων
3345 5331 3684 5398 φερομένων,
3713 5330 3790 5381 οὑ-

2238 5418 2430 5487 δεμίαν
2469 5418 2590 5486 ἔσχε
2621 5417 2893 5486 πρόςρασιν
2925 5421 3023 5486 τήν
3074 5435 3129 5470 τε
3164 5419 3430 5490 εὐψυχίαν
3474 5425 3568 5474 καὶ
3601 5423 3790 5491 τόλμαν
3879 5463 3888 5471 .

2239 5509 2335 5579 τὴν
2369 5513 2425 5561 ἐν
2453 5513 2567 5572 τοῖς
2599 5511 2794 5572 δεινοῖς
2841 5511 2938 5562 καὶ
2990 5509 3085 5580 τὴν
3118 5513 3338 5564 σύνεσιν
3393 5513 3511 5582 ᾶμα
3542 5515 3792 5577 ἐπιδείξαι

2241 5604 2385 5665 σθαι,
2417 5603 2510 5656 καὶ
2539 5603 2632 5670 τὴν
2666 5601 2880 5654 εὑνοιαν
2906 5603 2974 5672 ἢν
3004 5603 3116 5671 ἔχει
3150 5607 3277 5673 περὶ
3310 5603 3537 5673 βασμλέα
3560 5608 3652 5659 καὶ
3680 5607 3790 5665 τοὺς

2241 5697 2456 5758 παῖδας.
2488 5692 2619 5747 Νυνὶ
2651 5694 2708 5747 δὲ
2732 5694 2832 5765 ἤδη
2865 5695 2972 5750 τῶν
3017 5699 3358 5766 πραγμάτων
3395 5705 3789 5767 παρασχόντων,
