4062 6290
240 366 348 433 9Τ3

1378 358 1923 427 HlSTORlARUM
1966 348 2194 423 LiBEu
2240 357 2360 426 nt.

3385 358 3490 428 9η

234 482 336 534 καὶ
359 479 569 539 πάντας
606 470 743 545 όμοῦ
787 477 881 527 καὶ
931 475 1039 547 ἰδία
1067 475 1300 529 ἕκαστον
1330 477 1425 530 καὶ
1463 477 1563 545 τὴν
1594 476 1812 529 σύνεσιν

1924 474 2260 543 consilioque
2292 477 2486 544 possit,
2537 473 2655 543 ipso
2703 471 2869 530 etiam
2922 472 3064 528 facto
3113 471 3492 531 demonstrare

239 573 335 624 καὶ
386 569 482 640 τὴν
545 569 835 622 εὐϐουλίαν
873 568 1289 624 ἐπιδείκνυσθαι
1320 568 1518 640 χρεὼν,
1575 569 1670 623 καὶ
1721 569 1814 621 ἐπὶ

234 663 348 721 τοῖς
394 659 580 726 ἔργοις
633 657 921 725 φαίνεσθαι
971 658 1190 727 ὁμοίους
1217 675 1232 690 ·
1271 658 1346 721 ὡς
1403 658 1472 712 ἂν
1523 658 1709 711 ἀπῶσι
1746 657 1817 710 τά

238 753 546 821 πράγματά
593 751 701 803 τῶν
730 750 906 818 λόγων
938 750 1169 805 οὐδένων
1214 750 1403 804 ὄντων.
1458 748 1539 803 Τὰ
1588 749 1687 819 μὲν
1724 747 1817 801 οὖν

233 845 376 914 ἔργα
422 842 650 912 ὕστερον
700 841 1085 912 ἐπιδειξόμεθα
1144 843 1309 913 ἡνίκα
1354 842 1420 896 ἂν
1450 843 1572 915 δέῃ.
1602 843 1742 896 Νυνὶ
1761 842 1818 896 δὲ

233 938 535 1004 ἀναγκαῖον
558 935 786 1003 γνώμην
817 934 1053 987 ἕκαστον
1077 929 1371 1008 είσάγεινῇ
1394 935 1500 1006 χρὴ
1533 935 1819 1006 τραπομέ-

232 1047 384 1095 νους,
415 1031 557 1098 σφᾶς
614 1046 675 1081 τε
711 1028 911 1090 αὐτοὺς
960 1030 1056 1080 καὶ
1091 1027 1192 1099 τὴν
1222 1029 1392 1098 ἄλλην
1422 1029 1578 1081 πόλιν
1609 1027 1816 1082 διασώ-

111 1148 126 1175 κ
232 1122 379 1188 ζειν.
414 1123 489 1175 Οὐ
522 1123 635 1192 γὰρ
678 1123 978 1192 ἡσυχάσειν
1030 1121 1214 1188 οίομαι
1272 1121 1814 1191 παρακοιμώμενον,

230 1216 375 1270 άλλά
399 1217 610 1286 ταχέως
635 1217 768 1285 ἡμῖν
802 1207 1276 1285 ἐπιστρατεύσειν,
1304 1216 1420 1285 εἴγε
1451 1215 1622 1279 ὅντως
1643 1217 1819 1288 ἀληθῆ

238 1310 311 1363 τὰ
356 1310 487 1379 περὶ
521 1307 788 1378 βασιλέως
838 1306 926 1375 εἴη
985 1309 1275 1376 εἰρημένα.
1322 1309 1556 1378 ’Δσάνης
1587 1310 1687 1379 μὲν
1716 1308 1810 1367 οὖν

230 1397 463 1454 τοιαῦτα
496 1395 778 1451 ἐπαύσατο
827 1394 1019 1448 εἰπών.
1051 1395 1465 1464 Κομιτόπουλος
1514 1396 1572 1449 δὲ
1621 1397 1820 1450 αὐτίκα

228 1488 341 1542 ὐπὸ
368 1486 680 1558 προθυμίας
731 1488 828 1540 καὶ
857 1487 958 1556 τῆς
990 1486 1123 1556 περ)⁸
1157 1486 1385 1558 βασιλέα
1419 1488 1636 1551 εὐνοίας
1669 1505 1821 1557 κινη-

229 1580 373 1645 θεὶς,
401 1581 642 1643 ἀναστὰς
677 1578 969 1649 παρελθὼν
1015 1581 1096 1644 εἰς
1154 1581 1378 1649 μέσους,
1413 1580 1563 1648 ἔλεξε
1593 1581 1771 1635 τοιάδε
1800 1595 1817 1611 '

228 1673 441 1727 Οὐδένα
501 1672 659 1742 ὐμῶν
691 1674 807 1726 ὅσοι
848 1673 1097 1742 πάρεστε
1128 1672 1227 1726 νῦν
1261 1656 1443 1743 οίυμαι
1476 1677 1714 1741 ἀγνοεῖν,
1743 1678 1819 1735 ὡς

231 1764 508 1836 βασιλέως
542 1765 623 1819 ἔτι
671 1767 957 1835 περιόντος
987 1765 1082 1818 τοῦ
1118 1766 1416 1835 μακαρίου,
1446 1768 1560 1830 τοῖς
1596 1767 1820 1830 οἰκείοις

1919 578 2172 636 oportet;
2208 572 2377 622 verba
2418 567 2594 633 enim,
2626 565 2674 619 si
2701 565 2841 620 facta
2885 566 3087 628 desint,
3123 564 3258 619 nihil
3292 567 3491 622 valent.

1919 659 2024 714 Sed
2046 659 2112 712 ad
2138 660 2280 728 facta
2309 668 2518 727 postea,
2546 656 2766 727 quando
2797 671 2934 725 opus
2965 657 3149 720 fuerit,
3181 652 3491 715 veniemus.

1921 748 1977 802 ln
2006 764 2248 818 praesens
2299 749 2501 818 singuli
2558 750 2890 803 sententiam
2940 748 3218 818 explicare
3269 753 3492 815 debent,

1918 840 2050 909 quid
2070 856 2315 909 agamus,
2348 850 2409 893 ut
2435 856 2531 894 nos
2558 839 2708 909 ipsos
2731 841 3110 911 reliquamque
3142 843 3334 895 urbem
3367 860 3499 897 con-

1919 948 2225 988 servemus.
2256 934 2471 987 Etenim
2503 932 2743 988 cubiculi
2779 935 3096 1003 praefectum
3132 950 3242 989 non
3276 953 3346 1004 qtt
3374 947 3497 991 etu-

1925 1040 2073 1089 rum,
2110 1024 2270 1096 505
2326 1026 2420 1080 sed
2474 1027 2789 1096 propediem
2846 1028 3119 1082 ho:tilitcr
3164 1029 3218 1083 in
3254 1046 3354 1084 nus
3392 1034 3500 1084 itu-

1920 1131 2040 1168 rum
2075 1116 2337 1170 existimo
2365 1132 2380 1170 :
2418 1117 2584 1170 modo
2614 1117 2776 1186 plane
2801 1127 2953 1171 certa
2987 1121 3119 1182 sint,
3149 1135 3269 1189 qua:
3301 1121 3370 1175 de
3398 1121 3498 1174 im-

1922 1221 2175 1276 peratore
2203 1219 2520 1262 narrantur.
2550 1208 2645 1263 His
2677 1210 2842 1264 dictis
2869 1213 3078 1265 ASanes
3109 1212 3301 1267 tacuit.
3316 1211 3500 1265 Comi-

1930 1301 2173 1369 tepulns,
2208 1315 2318 1370 quo
2342 1310 2462 1355 erat
2513 1302 2696 1356 studio
2730 1302 3077 1372 imperatoris
3125 1302 3404 1368 incensus,
3441 1306 3495 1358 in
3539 1364 3550 1374 ,

1920 1392 2162 1446 medium
2200 1392 2482 1463 prodiens,
2515 1393 2664 1447 hunc
2695 1394 2750 1448 in
2782 1396 3001 1448 modum
3049 1395 3312 1450 disseruit
3342 1416 3356 1451 :
3387 1396 3498 1450 Ne-

1921 1497 2125 1537 nnnem
2160 1499 2262 1554 ego
2315 1492 2584 1550 vestrum,
2629 1494 2900 1555 quotquot
2920 1486 3146 1550 adestis,
3188 1486 3377 1558 fugere
3412 1503 3501 1561 ar-

1925 1574 2121 1630 bitror.
2168 1589 2254 1628 me
2286 1573 2633 1642 imperatoris
2659 1576 2833 1631 beatae
2872 1578 3269 1631 recordationis
3299 1579 3499 1633 domes

1922 1666 2146 1724 sticutn,
2170 1674 2226 1718 et
2251 1664 2476 1733 quidem
2496 1664 2725 1719 charum
2746 1666 2848 1731 illi,
2873 1676 3271 1737 acceptumque
3294 1668 3495 1732 fuisse;

1921 1770 2026 1809 nec
2085 1756 2316 1809 vicissim
2372 1771 2399 1808 a
2453 1772 2539 1810 me
2587 1756 2605 1827 {
2648 1766 2917 1827 quantum
2969 1759 3191 1827 quidem
3236 1770 3499 1829 praestare

230 1827 706 1928 συνεξηταζόμην,
737 1827 832 1911 καὶ
865 1827 974 1921 τοῖς
994 1827 1195 1928 πολλῆς
1213 1827 1346 1928 παρ’
1372 1827 1583 1914 ἐκείνου
1610 1862 1699 1914 καὶ

1926 1847 2102 1917 potui)
2134 1846 2433 1916 quidquam
2468 1847 2519 1901 in
2550 1861 2740 1902 amore
2780 1865 2809 1902 a
2837 1850 3011 1918 probo
3041 1827 3303 1919 ﬁdelique
3337 1865 3499 1904 servo

227 1948 898 2031 εὐμενείαςίάπολαὺουσι
935 1950 1031 2002 καὶ
1060 1950 1160 2020 τῆς
1206 1951 1499 2019 προνοίαςτ
1530 1953 1625 2006 καὶ
1655 1954 1821 2016 αὐτὸς

227 2042 301 2093 δὲ’
331 2042 488 2094 οὐδὲν
537 2040 825 2106 ἀπέλιπον,
852 2040 915 2094 τό
958 2058 1021 2108 γε
1051 2043 1131 2103 είς
1156 2037 1445 2112 ἑμὲ,ἧκον,
1490 2043 1584 2096 τοῦ
1616 2044 1692 2114 μὴ
1721 2046 1821 2115 τὴν

230 2127 628 2197 προσήκουσαν
670 2125 888 2180 εὔνοιαν
939 2127 1248 2196 εὐγνώμονι
1279 2127 1453 2198 δούλῳ
1507 2130 1815 2184 ἐπιδείκνυ-

233 2218 389 2271 σοαι.
434 2218 507 2270 Οὐ
558 2216 665 2286 μὴν
688 2217 787 2269 διὰ
817 2218 878 2268 τὸ
911 2218 1122 2270 ἐκεῖνον
1169 2219 1229 2282 ἐξ
1266 2219 1571 2290 ἀνθρώπων
1604 2223 1823 2291 γεγονέο

229 2330 325 2363 ναι
357 2310 478 2362 νυνὶ
508 2308 855 2379 μεταϐαλὼν,
890 2313 1003 2372 τοῖς
1033 2312 1248 2363 δκείνου
1285 2313 1444 2364 παισὶ
1489 2312 1600 2367 δεῖν
1643 2315 1820 2383 ἔγνων

231 2404 500 2471 πολεμεῖν
523 2419 537 2432 ·
563 2401 703 2457 ἀλλὰ
741 2403 842 2472 τὴν
867 2400 1061 2472 ὁμοίαν
1088 2403 1318 2473 γνώμην
1353 2403 1449 2457 καὶ
1475 2403 1571 2457 νῦν
1596 2406 1676 2458 ἔτι
1707 2406 1822 2459 δια-

1923 1939 2151 1992 domino
2171 1954 2273 1991 suo
2302 1938 2642 1993 remetiendo
2667 1939 3099 2008 praetermissum
3125 1933 3372 1996 memitﬁ.
3392 1941 3500 1996 ch

1922 2030 2051 2099 quia
2083 2030 2172 2083 ille
2202 2030 2605 2086 ahhominilms
2634 2032 2789 2096 abiit,
2823 2047 2923 2098 ego
2952 2033 3094 2087 alius
3128 2034 3328 2099 factus,
3354 2035 3499 2088 illius

1927 2121 2055 2176 ﬁliis
2088 2122 2290 2177 bellum
2347 2122 2547 2177 inferre
2577 2125 2820 2189 decrevi,
2856 2126 2952 2179 sed
2977 2129 3225 2180 eamdem
3258 2136 3495 2182 mentem

1922 2213 2089 2269 etiam
2121 2206 2270 2268 nunc
2297 2228 2447 2284 gero.
2479 2213 2614 2269 Cum
2651 2223 2837 2271 autem
2869 2217 3321 2281 animadvertam,
3350 2217 3496 2272 Can-

1925 2312 2191 2358 tacuzeno
2240 2308 2584 2374 propositum
2620 2322 2740 2361 esse
2772 2322 2837 2362 ea
2866 2310 3145 2378 persequi,
3181 2325 3302 2380 quae
3332 2323 3434 2362 nec
3468 2327 3497 2362 a

1918 2394 2137 2466 iustitia
2168 2396 2368 2456 aliena.
2396 2405 2454 2452 et
2483 2397 2593 2452 illis
2624 2397 2782 2453 utilia
2838 2401 2970 2465 sint,
3025 2412 3215 2456 contra
3242 2404 3499 2472 Apocau-

229 2497 415 2567 τηρῶ.
458 2494 635 2565 Ὁρῶν
673 2492 731 2547 δὲ
784 2493 1010 2560 βασιλέα
1056 2493 1159 2563 μὶν
1216 2494 1308 2547 τὸν
1364 2496 1821 2567 Καντακουζηνδν

1924 2488 2086 2541 chum
2114 2487 2354 2542 cubiculi
2375 2489 2690 2557 praelectum
2720 2491 2921 2546 multas
2952 2490 3008 2546 in
3037 2510 3162 2549 eum
3193 2497 3498 2554 calumnias

229 2585 432 2637 δίκαια
466 2584 560 2635 καὶ
594 2581 846 2650 λυσιτελῆ
888 2584 1001 2644 τοῖς
1028 2583 1190 2635 παισὶ
1240 2581 1503 2652 βασιλέως
1542 2585 1819 2656 ᾑρημένον

1924 2590 1978 2632 et
2026 2579 2413 2650 sycophantias
2468 2581 2787 2649 censuisse,
2827 2576 3079 2654 aliosque
3130 2588 3379 2657 impuros
3434 2610 3499 2647 ac

234 2677 531 2746 πράττειν,
575 2675 925 2745 Ἀπόκαυχον
955 2673 1013 2727 δὲ
1041 2674 1132 2727 τὸν
1158 2676 1657 2746 παρακοιμώμενον
1692 2677 1822 2731 πολ-

1924 2672 2219 2726 scelcralos
2268 2678 2658 2742 assumpsisse,
2712 2675 2883 2744 quiet
2913 2678 3212 2748 Augustam
3257 2682 3500 2737 circum.

234 2770 341 2831 λὰς
371 2769 491 2822 κατ’
514 2766 681 2822 αὐτοῦ
709 2767 964 2830 διαϐολὰς
985 2768 1081 2822 καὶ
1102 2769 1470 2838 συκοφαντίας
1492 2785 1819 2824 συνεσκευα-

1924 2763 2286 2833 scripserunt,
2338 2775 2396 2820 et
2453 2766 2624 2820 hocce
2681 2765 2881 2821 bellmn
2932 2769 3313 2838 incenderunt,
3351 2776 3499 2830 unde

236 2863 400 2927 κάτα,
444 2865 539 2914 καὶ
581 2858 776 2922 ἄλλους
821 2859 1387 2930 προσεταιρισάμενον
1415 2860 1817 2934 πονηροτέρους

1924 2854 2031 2924 iam
2058 2857 2207 2911 mille
2237 2857 2578 2912 calamitates
2608 2868 2768 2924 nata',
2799 2869 2856 2915 et
2888 2860 3073 2930 plures
3100 2862 3186 2919 his
3205 2866 3500 2923 nasciturus

234 2953 568 3023 ἀνθρώπους
596 2950 692 3005 καὶ
716 2950 1099 3020 διεφθορότας,
1127 2952 1225 3005 καὶ
1258 2950 1505 3022 βασιλίδα
1545 2952 1822 3024 ἐξηπατη-

1924 2960 2075 3013 sunt,
2103 2951 2209 3005 nisi
2244 2950 2385 3006 Deus
2419 2951 2472 3005 in
2521 2952 2661 3006 cmlo
2696 2951 2747 3006 id
2777 2954 3139 3021 restinxerit,
3168 2970 3357 3013 eorum
3394 2960 3501 3014 im-

236 3048 434 3110 κότας,
466 3047 559 3099 καὶ
597 3046 811 3098 τουτονὶ
852 3044 947 3099 τὸν
991 3043 1230 3110 πόλεμον
1255 3044 1348 3098 τδν
1393 3044 1607 3116 μυρίων
1639 3046 1818 3098 αἴτιον

1924 3043 2250 3112 probitatem
2300 3052 2649 3109 exsecratus,
2707 3042 3153 3102 Cautacuzenum
3203 3051 3388 3119 potius
3443 3062 3500 3106 et

238 3136 453 3192 κακῶν
487 3135 582 3188 νῦν
614 3151 675 3186 τε
707 3133 839 3204 ἄχρι
892 3131 1287 3203 γεγενημένον,
1317 3134 1412 3186 καὶ
1450 3133 1532 3204 ἔτι
1557 3133 1819 3188 πλειόνων

1924 3135 2103 3189 virum
2156 3135 2388 3202 justum,
2424 3145 2479 3190 et
2508 3134 2756 3190 defuncti
2793 3136 3141 3205 imperatoris
3176 3140 3366 3197 liberis
3393 3145 3501 3201 Ro-

240 3228 509 3297 ὲσόμενον
562 3224 744 3295 πολλῷ
782 3226 1171 3296 κεκινηκότας,
1215 3226 1264 3277 εί
1324 3227 1402 3295 μὴ
1437 3225 1571 3288 Θεὸς
1615 3226 1821 3280 ἄνωθεν

242 3318 604 3381 κατασϐέσει,
647 3315 894 3386 ὲμίσησά
922 3333 984 3368 τε
1039 3316 1141 3386 τὴν
1187 3317 1455 3387 πονηρίαν
1496 3316 1699 3383 αὐτῶν,
1729 3316 1824 3369 καὶ

240 3410 460 3482 βασιλεῖ
499 3408 703 3478 μᾶλλον
728 3407 924 3476 ἔκρινα
968 3405 1180 3459 δίκαιον
1205 3407 1518 3477 προσέχειν,
1539 3407 1614 3470 ώς
1637 3408 1825 3464 δίκαιά

237 3520 301 3556 τε
330 3502 451 3572 ἅμα
504 3502 600 3554 καὶ
650 3497 916 3568 βασιλέως
963 3500 1076 3563 τοῖς
1114 3497 1275 3552 παισὶ
1320 3502 1694 3570 συμφέροντα,
1727 3502 1825 3554 καὶ

238 3585 413 3648 πᾶσιν
457 3591 590 3663 ὐμοῦ
657 3589 952 3662 Ῥωμαίοις
1001 3590 1384 3662 διανοουμένῳ.
1450 3592 1586 3645 Νυνὶ
1640 3593 1698 3646 δὲ
1748 3593 1822 3656 th;

241 3685 522 3755 ἀκούομεν
553 3683 838 3744 δυσκόλοις
890 3682 1082 3753 τύχαις
1114 3682 1322 3735 ἐκείνου
1348 3684 1701 3755 χρησαμένου
1735 3683 1824 3738 διὰ

241 3778 357 3831 τῶν
411 3776 680 3828 συνόντων
714 3776 813 3844 τὴν
843 3775 1184 3827 ἀποστασίαν
1209 3778 1304 3828 καὶ
1333 3777 1470 3845 πρὸς
1498 3774 1587 3828 τὸν
1618 3776 1823 3847 Τριϐα-

243 3871 358 3922 λῶν
396 3867 665 3934 δυνάστην
692 3868 1020 3934 ἀφιγμένου,
1053 3867 1114 3920 οὐ
1142 3866 1352 3920 δίκαιον
1384 3869 1534 3936 ἡμᾶς
1582 3884 1824 3922 καταπε-

245 3962 364 4015 σεῖν
386 4000 401 4024 ,
432 3958 554 4011 οὐδὲ
580 3958 718 4026 πρὸς
746 3958 966 4020 στάσεις
991 3957 1086 4010 καὶ
1137 3957 1400 4028 διαφορὰς
1433 3959 1819 4029 χωρήσαντας,

242 4050 606 4122 ἀνδραπόδων
636 4048 794 4120 δίκην
821 4049 962 4118 σφᾶς
992 4048 1191 4111 αὐτοὺς
1214 4051 1328 4112 τοῖς
1350 4049 1634 4118 πολεμίοις
1656 4056 1824 4102 κατα-

241 4141 580 4215 προδοῦναι*
639 4140 778 4194 ἀλλὰ
833 4143 1350 4211 συμφρονήσαντας,
1391 4140 1589 4208 ὅρκους
1637 4138 1822 4192 δοῦναι

243 4233 483 4305 βασιλίδι
513 4232 610 4287 καὶ
652 4230 928 4303 ἀλλήλοις,
958 4227 995 4302 ἦ
1025 4233 1133 4303 μὴν
1167 4230 1372 4301 μηδένα
1407 4233 1543 4301 μήτε
1584 4230 1653 4285 δι’
1685 4232 1825 4299 ἀγα-

245 4324 361 4378 θῶν
390 4322 609 4376 πολλῶν
628 4321 983 4390 δπαγγελίαν,
1023 4322 1164 4392 μήτε
1191 4320 1261 4375 δι’
1283 4322 1580 4393 ἐπαγωγὴν
1610 4321 1823 4375 πολλῶν

241 4413 461 4477 δεινῶν,
493 4412 526 4482 ἥ
565 4411 800 4482 βασιλίδι
861 4414 956 4466 καὶ
1015 4412 1225 4476 παισὶν,
1250 4411 1285 4481 ἢ
1316 4411 1568 4481 ἀλλήλοις
1604 4411 1825 4465 ἐπιϐου-

1926 3227 2215 3296 manisque
2244 3227 2524 3281 universis
2547 3227 2932 3283 consulentem
2986 3231 3121 3285 mihi
3153 3238 3497 3304 sequendum

1924 3317 2137 3373 censui.
2170 3314 2343 3382 Quem
2380 3332 2506 3371 cum
2555 3317 2719 3370 modo
2747 3316 2802 3370 in
2838 3319 3037 3374 misera
3066 3329 3123 3377 et
3150 3325 3347 3381 acerba
3388 3326 3502 3381 for-

1927 3420 2056 3464 tuna
2089 3425 2185 3464 sua
2223 3408 2437 3478 (utpote
2468 3423 2499 3461 a
2535 3408 2651 3462 suis
2685 3409 2988 3480 proditum)
3028 3411 3095 3466 ad
3131 3413 3500 3472 Triballorum

1923 3501 2229 3573 principem
2281 3499 2588 3570 profectum
2618 3501 2928 3565 audiamus,
2988 3504 3134 3561 haud
3166 3504 3382 3577 tequ'um
3417 3526 3503 3566 est.

1906 3604 2029 3649 ‘nns
2060 3594 2364 3658 labascere,
2395 3600 2452 3648 et
2483 3593 2549 3646 ad
2590 3594 2893 3650 seditiones
2914 3604 3079 3667 atque
3110 3599 3335 3654 dissidia
3369 3617 3504 3657 cun-

1924 3700 2117 3742 versos
2177 3701 2275 3757 pro
2344 3674 2632 3755 mancipiis
2686 3696 2904 3743 nosmet
2961 3688 3216 3746 hostibus
3269 3696 3503 3762 turpiter

1924 3780 2144 3842 dedere,
2183 3778 2279 3834 sed
2301 3777 2500 3837 animis
2522 3780 2931 3841 consentientes
2955 3781 3286 3853 imperatrici
3330 3786 3503 3841 Iri-na:

1924 3883 1989 3921 ac
2013 3867 2174 3919 nobis
2212 3875 2408 3920 mutuo
2463 3880 2808 3923 sacramenta
2866 3869 3075 3935 dicere,
3128 3872 3341 3927 nullum
3400 3890 3503 3928 no-

1924 3970 2100 4013 strum
2127 3971 2308 4025 neque
2341 3958 2610 4011 bonorum
2649 3959 2946 4014 multorum
2997 3963 3391 4031 pollicitatione
3439 3967 3503 4020 il-

1923 4047 2151 4110 lectum,
2177 4061 2356 4116 neque
2382 4047 2680 4100 multorum
2709 4049 2979 4104 malorum
3015 4036 3328 4110 invectione
3352 4072 3503 4110 com-

1924 4138 2166 4206 pulsum,
2198 4138 2277 4193 illi
2306 4139 2536 4208 ejusque
2565 4138 2781 4198 liberis.
2807 4152 2903 4196 aut
2933 4144 3079 4199 inter
3122 4160 3223 4217 nos
3276 4147 3502 4204 insidia-

1926 4241 2120 4286 turos:
2157 4230 2253 4287 sed
2287 4231 2435 4286 omni
2451 4232 2684 4288 Tatione
2715 4242 2771 4287 et
2826 4249 2933 4289 una
2973 4249 3158 4294 mente
3196 4239 3249 4294 in
3288 4243 3498 4297 hostem

1925 4333 2288 4393 pugnaturos,
2326 4323 2602 4393 ﬁdemque
2649 4340 2965 4397 germanam
2995 4343 3059 4382 ac
3088 4344 3279 4398 puram
3330 4332 3507 4403 impea

1928 4416 2098 4470 ratori
2134 4425 2472 4472 servaturos.
2508 4415 2651 4483 Quin
2682 4417 2847 4471 etiam
2880 4430 3060 4474 certos
3112 4421 3368 4478 homines
3411 4440 3503 4479 ce-

242 4508 496 4560 λεύσειν·
530 4503 647 4558 ἀλλ’
671 4502 975 4571 ἀμύνεσθαι
1020 4504 1207 4573 τρόπῳ
1268 4502 1434 4563 παντὶ
1490 4503 1617 4565 τοὺς
1666 4502 1822 4554 πολε-

1926 4506 2117 4562 leriter
2138 4505 2204 4561 ad
2236 4522 2363 4562 eum
2397 4507 2694 4562 mittendos
2742 4503 2957 4577 judico,
2993 4511 3085 4580 qui
3115 4511 3349 4568 doceant
3399 4530 3502 4569 nos

247 4602 412 4671 μίους
445 4597 577 4667 μίαν
604 4596 832 4667 γνώμην
860 4595 1109 4666 ἔχοντας,
1136 4598 1235 4649 καὶ¹
1275 4596 1374 4664 τὴν
1406 4595 1588 4684 πίστιν
1633 4594 1823 4648 ἄδολον

241 4695 344 4748 καὶ
383 4692 631 4760 καθαρὰν
661 4690 950 4759 φυλάττειν
980 4688 1214 4758 βασιλεῖ,
1252 4689 1491 4758 πέμπειν
1515 4688 1572 4740 δὲ
1603 4689 1698 4741 καὶ
1727 4688 1825 4758 τὴν

240 4784 515 4854 ταχίστην
569 4782 709 4855 πρὸς
748 4783 958 4835 ἐκεῖνον
1005 4779 1228 4849 ἄνδρας,
1260 4780 1338 4833 ὀἳ
1392 4779 1716 4843 διδάξουσιν,
1749 4770 1851 4843 ὡς’

244 4878 413 4947 ἡμεῖς
443 4876 587 4946 ὑπὲρ
614 4875 826 4930 ἐκείνου
847 4875 945 4926 καὶ⁸
970 4874 1243 4941 φιλτάτων
1278 4873 1373 4925 καὶ
1408 4873 1509 4942 τῆς
1535 4871 1819 4937 γυναικὸς.

246 4970 432 5024 πάντα
457 4972 554 5023 καὶ
579 4970 848 5038 πράττειν
873 4966 972 5021 καὶ
1007 4965 1306 5037 ὑπομένειν
1339 4964 1665 5035 ἐγνώκαμεν
1694 4964 1824 5034 ἄχρι

245 5062 486 5125 παντός’
526 5060 596 5115 ἶν’
645 5061 810 5124 αὐτός
851 5077 913 5114 τε
966 5060 1151 5132 ἥδοιτο
1204 5057 1432 5113 τοιαῦτα
1477 5058 1608 5129 περ)⁵
1668 5057 1825 5127 ἡμῶν

242 5155 488 5219 ἀκούων,
528 5157 621 5209 καὶ
649 5157 783 5225 ἡμῖν
816 5152 1018 5223 πολλὴν
1042 5151 1207 5223 εἰδείη
1243 5153 1403 5223 χάριν
1433 5153 1531 5219 τῆς
1560 5154 1640 5212 είς
1661 5150 1825 5203 αὐτὸν

243 5248 487 5310 εὐνοίας.
524 5247 663 5299 Οὐδὲ
694 5244 806 5316 γὰρ
836 5245 1041 5316 μικράν
1077 5260 1202 5296 τινα
1231 5241 1439 5295 οἴεσθαι
1470 5242 1678 5294 ἐκεῖνον
1727 5240 1825 5310 τὴν

243 5344 382 5410 περὶ
404 5340 561 5409 ἡμῶν
583 5339 841 5409 φροντίδα
863 5338 1008 5408 ἔχειν
1032 5339 1139 5406 χρή
1159 5350 1176 5367 ο
1191 5334 1326 5389 ἀλλὰ
1342 5332 1554 5395 πολλοῖς
1579 5332 1826 5385 παλαίειν

172 5480 201 5487 ,,
242 5433 537 5501 λογισμοῖς
560 5428 964 5494 ὐποπτεύοντα,
996 5427 1189 5496 ῶσπερ
1217 5426 1388 5488 εἰκὸς,
1437 5422 1513 5492 μὴ
1539 5425 1674 5493 πρὸς
1699 5426 1826 5487 τοὺς

244 5524 477 5593 ἀγῶνας
509 5523 934 5594 άποκνήσωμεν.
970 5519 1214 5572 Τοιαῦτα
1245 5517 1344 5586 μὲν
1366 5518 1395 5569 ό
1420 5516 1826 5587 Κομιτόπουλος

244 5613 405 5675 εἶπεν
431 5630 445 5644 ·
487 5613 649 5674 εὐθὺς
671 5614 730 5666 δὲ
764 5614 882 5682 μετ’
923 5613 1136 5665 ἐκεῖνον
1158 5613 1186 5664 ὁ
1210 5609 1495 5678 Βατάτζης
1534 5607 1721 5678 ἐπῄνει
1766 5626 1824 5662 τε

244 5708 318 5760 τὰ
375 5706 673 5778 εἰρημένα,
716 5706 813 5758 καὶ
969 5703 1194 5773 μηδενὸς
1241 5702 1487 5754 ἐνδέοντα
1520 5705 1657 5769 μήτε
1692 5700 1824 5770 πρὸς

245 5796 470 5851 σύνεσιν
529 5797 666 5865 μήτε
727 5795 864 5864 πρὸς
919 5794 1236 5860 εὐϐουλίαν,
1298 5792 1663 5861 ἐπεψηφίζετο
1731 5792 1825 5844 καὶ

1927 4613 2029 4667 pro
2060 4598 2201 4668 ipso,
2226 4599 2673 4668 charissimisque
2697 4601 2818 4671 ejus
2848 4601 2995 4668 (iliis,
3031 4610 3086 4656 et
3123 4618 3290 4659 uxore
3314 4608 3497 4661 omnia

1929 4704 2150 4760 semper
2181 4698 2237 4744 et
2267 4690 2451 4745 facere
2491 4699 2549 4745 et
2578 4691 2688 4760 pati
2721 4692 3076 4748 constituisse
3105 4713 3117 4748 :
3153 4704 3211 4748 ut
3236 4696 3305 4750 de
3341 4699 3500 4753 nobis

1927 4780 2045 4835 haec
2077 4781 2308 4836 audiens
2362 4782 2619 4849 laetetur,
2666 4781 2845 4853 deque
2903 4793 3053 4841 tanta
3117 4787 3501 4845 benevolentia

1928 4873 2132 4943 gratias
2161 4883 2307 4943 agat.
2348 4873 2461 4929 Nec
2483 4875 2632 4929 enim
2682 4892 2872 4945 parum
2904 4877 2972 4931 de
2995 4878 3159 4934 nobis
3201 4881 3499 4939 sollicitum

1927 4979 2050 5020 esse
2076 4964 2409 5020 credendum
2454 4972 2559 5029 est,
2591 4966 2689 5021 sed
2738 4967 2908 5023 variis
2943 4970 3266 5027 distractum
3296 4976 3501 5045 cogitaa

1930 5056 2172 5112 tionibus
2225 5056 2535 5125 suspicari,
2603 5066 2660 5110 ut
2690 5068 2774 5112 est
2817 5060 3158 5128 verisimile,
3207 5079 3307 5119 nos
3350 5066 3501 5135 igua-

1927 5149 2015 5203 via
2055 5156 2336 5217 torpentes
2400 5157 2614 5202 certare
2670 5150 2906 5219 amplius
2941 5166 3050 5205 non
3085 5153 3309 5209 audere.
3360 5156 3500 5211 Hace

1934 5250 2096 5296 tenus
2132 5238 2530 5308 Comitopulus.
2563 5238 2737 5304 Quem
2769 5256 2895 5295 mox
2919 5241 3200 5312 excipiens
3228 5244 3496 5309 Batatzes,

1928 5330 2189 5402 506'“
2231 5330 2375 5384 dicta
2399 5328 2646 5393 laudare,
2686 5338 2741 5382 et
2774 5338 2835 5383 ut
2874 5330 3299 5398 prudentissima
3334 5346 3500 5405 atque

1927 5422 2331 5477 consultissima
2358 5420 2623 5490 sull‘ragio
2645 5435 2747 5474 suo
2767 5422 3095 5491 approbare,
3123 5434 3178 5479 et
3185 5426 3499 5495 juramema

1929 5530 2141 5587 urgere.
2192 5515 2347 5569 lrene
2407 5528 2538 5566 vero
2584 5513 2928 5582 imperatrix,
2981 5523 3037 5568 et
3070 5518 3277 5571 Asanes
3309 5516 3498 5582 frater,

1923 5605 2262 5677 Comitopuli
2296 5603 2739 5659 cohortationcm
2772 5618 2840 5659 ex
2877 5603 3068 5658 divino
3117 5605 3302 5662 aﬂlatu
3330 5610 3500 5664 exsti-
3552 5598 3555 5599 ν

1929 5700 2061 5753 tisse
2098 5696 2225 5760 rati,
2256 5703 2319 5749 ut
2345 5697 2409 5748 ad
2445 5692 2819 5747 dimicandum
2849 5709 3042 5750 omnes
3061 5709 3326 5754 acuerent
3350 5716 3502 5769 (pro-

1932 5800 2118 5860 pterea
2148 5787 2295 5857 quod
2327 5786 2418 5857 qui
2447 5786 2598 5857 prius
2630 5786 2868 5856 suspecti
2901 5797 3077 5854 erant,
3112 5798 3319 5846 tantam
3354 5810 3503 5851 nunc
