4062 6290
553 435 662 499 979

1761 424 2078 488 JOANNlS
2113 423 2633 484 CANTACUZENI

3707 417 3809 478 980

554 555 704 606 visse
726 561 1035 614 autumant,
1070 551 1292 619 quando
1315 559 1420 604 tam
1455 552 1669 603 incaute
1701 549 1887 602 ﬂorem
1917 563 1979 602 ac
2002 563 2130 600 ner-

2242 541 2519 609 πράττειν.
2551 535 2651 590 Ὧν
2682 539 2844 605 ό)..γῳ
2893 553 3122 606 υστερον
3161 536 3458 597 ἐκϐάντων,
3507 535 3814 604 ἀνεμιμνήρ

554 659 684 697 vum
739 646 997 712 potentize
1047 659 1156 696 sua:
1207 642 1590 696 Cantacuzeno
1651 641 2024 694 tradidissent.
2068 641 2123 694 Si

555 736 702 788 enim
737 751 863 799 pace
889 750 1011 787 cum
1045 735 1200 788 Anna
1248 733 1596 801 imperatrice
1641 733 1781 785 clam
1826 731 2124 798 composita

557 827 689 891 ipsis
725 827 1027 884 insidio'tur,
1063 841 1164 879 nec
1194 825 1419 877 insidias
1443 823 1864 892 praesentientes
1892 821 2124 884 occidat,

558 918 687 982 quid
741 918 1006 984 reliquum
1031 957 1044 978 ,
1093 917 1193 968 nisi
1258 926 1316 966 ut
1358 931 1638 983 regressus
1677 914 1879 967 liberos
1913 922 1968 966 et
1996 927 2129 964 cou-

552 1010 710 1077 jnges
740 1025 926 1061 eorum
965 1009 1016 1061 in
1051 1009 1367 1061 servitutem
1401 1009 1656 1076 abripiat,
1702 1012 2128 1069 universumque

563 1101 590 1147 Ἰ
614 1100 934 1151 riballorum
987 1098 1354 1165 principatum
1388 1099 1490 1151 sibi
1525 1097 1823 1166 subjiciat?
1857 1096 1979 1148 ideo
2013 1104 2126 1147 tum

558 1192 776 1244 demum
801 1189 1096 1256 iuvandum
1129 1191 1194 1257 (si
1219 1193 1460 1256 ipsorum
1485 1198 1638 1256 egeat
1663 1187 1886 1248 auxilio)
1909 1187 2129 1254 quando

553 1282 830 1348 juniorcm
869 1282 1035 1334 lilium
1075 1282 1218 1347 apud
1250 1296 1343 1333 vos
1369 1279 1616 1332 obsidem
1655 1277 1981 1346 reliquerit:
2009 1276 2129 1330 sine

559 1374 846 1425 obsidibus
878 1390 983 1425 non
1015 1373 1342 1441 juvandum.
1379 1372 1468 1425 Sic
1500 1371 1646 1424 enim
1671 1370 1866 1438 cupide
1894 1385 1998 1422 una
2025 1368 2130 1420 mi-

559 1464 839 1524 litatttros,
879 1465 1196 1530 nullamque
1254 1463 1305 1514 in
1345 1464 1589 1515 futurum
1639 1463 1835 1514 malam
1871 1476 2020 1528 spem
2061 1459 2129 1514 de

559 1569 626 1605 eo
665 1567 1054 1621 cuncepturos.
1111 1553 1342 1605 Liberus
1394 1560 1575 1604 autem
1634 1552 1885 1617 privatim
1916 1547 2128 1602 Cralem

561 1658 742 1705 orare,
806 1643 1120 1710 imperatori
1176 1651 1368 1695 auctor
1402 1649 1567 1701 esset,
1597 1650 1654 1692 ut
1694 1639 1739 1692 is
1772 1637 2002 1691 Manueli
2044 1635 2132 1702 ju-

563 1735 709 1788 niori
775 1734 885 1787 lilio
957 1734 1125 1798 ipsius
1160 1732 1345 1786 Liberi
1381 1731 1542 1783 tiliam
1595 1729 1954 1798 desponderet
1989 1745 2001 1780 :
2037 1743 2133 1780 au-

562 1825 730 1879 diiSse
757 1825 902 1878 enim
958 1822 1160 1893 Syrgen
1199 1822 1470 1891 sponsalia
1522 1822 1664 1873 inter
1699 1822 1816 1889 ejus
1854 1819 2018 1873 ﬁliam
2075 1827 2131 1872 et

2238 632 2431 686 σκοντό
2482 648 2539 682 τε
2595 633 2645 683 οἱ
2699 632 2757 682 ἐν
2804 630 3198 699 Διδυμοτείχῳ,
3235 631 3329 680 καὶ
3364 627 3678 696 ἐθαύμαζον
3722 629 3809 678 τὸν

2235 727 2407 792 ἄνδρα
2443 723 2546 792 τῆς
2593 721 3076 792 προαγορεύσεως.
3111 721 3174 773 Οί
3215 721 3398 789 μέντοι
3429 720 3806 790 παράΚράλη

2236 819 2450 889 βασιλεῖ
2470 816 2548 885 τῷ
2579 813 3016 882 Καντακουζηνῷ
3035 811 3451 880 ἐπιτεταγμένοι
3477 814 3806 879 συμμαχεῖν,

2237 909 2362 961 ἐπεὶ
2398 905 2914 976 παρεσκευασμένοι
2949 905 3050 974 ἤδη
3075 899 3238 973 ἦσαν,
3270 903 3365 956 καὶ
3392 902 3619 972 ἔμελλον
3649 903 3806 972 ἔργου

2234 1003 2477 1072 ἔχεσθαι,
2504 1002 2580 1071 τῷ
2620 1001 2869 1071 σφετέρῳ
2898 1001 3136 1072 δυνάστῃ
3168 999 3584 1068 προσελθόντες,
3621 999 3682 1050 οὗ
3717 999 3806 1049 λυ·

2237 1087 2549 1148 σιτελοῦντα
2590 1092 2796 1158 ἔφασαν
2833 1094 2978 1160 σφᾶς
3010 1108 3071 1144 τε
3103 1091 3300 1151 αὐτοὺς
3335 1091 3594 1142 κάκεῖνον
3625 1089 3807 1154 βεὸςυο

2234 1188 2458 1239 λεῦσθαι
2501 1188 2630 1255 περὶ
2653 1185 2885 1245 ἑαυτῶν.
2911 1185 3087 1244 οὕτως
3131 1185 3562 1252 ἀπερισκέπτως
3586 1183 3644 1234 τὸ
3674 1187 3805 1250 κρά-

2232 1293 2414 1330 τιστον
2442 1277 2540 1344 τῆς
2571 1276 2752 1329 αὐτῶν
2803 1275 3090 1343 δυνάμεως
3139 1275 3568 1343 ἐγχειρίσαντας
3602 1274 3806 1325 Kasta-

2237 1369 2484 1440 κὸυζηνῷ
2517 1368 2594 1435 τῷ
2642 1366 2878 1437 βασιλεῖ.
2919 1368 2979 1419 Ei
3017 1368 3125 1434 γὰρ
3160 1367 3366 1427 ἐκεῖνος
3401 1365 3678 1426 διαλύσεις
3728 1365 3806 1415 θέο

2239 1479 2398 1530 μενος
2430 1460 2565 1529 πρὸς
2602 1460 2803 1512 ΙἍνναν
2834 1459 2934 1528 τὴν
2967 1457 3222 1526 βασιλίδα
3272 1456 3461 1526 κρύφα
3498 1456 3807 1508 ἐπιϐουλεᾲ

2240 1570 2387 1604 σειεν
2426 1552 2632 1614 αὐτοῖς,
2669 1552 2762 1603 καὶ
2793 1550 3073 1619 διαφθερεῖ
3117 1550 3191 1619 μὴ
3221 1549 3687 1618 προαισθομένους
3715 1547 3806 1614 τὴν

2208 1644 2565 1712 ἐπιϐουλὴν,
2617 1644 2671 1695 τί
2721 1643 2911 1695 λοιπὸν
2966 1644 3000 1712 ἢ
3043 1641 3415 1695 ἐπανελθόντα
3464 1641 3655 1700 παῖδας
3721 1642 3806 1690 καὶ

2238 1740 2507 1806 γυναῖκας
2537 1737 2694 1804 άγειν
2732 1736 2824 1787 ἐπὶ
2853 1734 3092 1802 δουλείᾳ,
3121 1734 3214 1785 καὶ
3237 1733 3336 1803 τὴν
3377 1732 3543 1800 ἄλλην
3593 1732 3805 1785 ἃπασαν

2239 1827 2556 1895 Τριϐαλλῶν
2606 1827 2784 1894 ἀρχὴν
2839 1825 3253 1888 ὑποποιεῖσθαις
3303 1825 3372 1876 δι’
3421 1825 3456 1877 ἃ.
3505 1825 3565 1876 οὔ
3614 1829 3804 1892 κρῆναι

561 1917 867 1972 Manuelem
918 1916 1062 1969 hunc
1085 1957 1100 1978 ,
1133 1915 1218 1967 cui
1253 1930 1371 1967 eam
1399 1955 1414 1976 ,
1447 1914 1760 1967 Andronico
1804 1911 2132 1979 imperatore

2242 1890 2404 1991 χωρλς
2430 1890 2658 1988 ὁμήρων
2685 1890 2891 1987 ’ἐκείνῳ
2932 1919 3242 1986 συμμαχεῖν
3262 1933 3274 1944 ⁸
3309 1916 3425 1968 ἀλλ’
3457 1919 3508 1970 ετ
3543 1934 3596 1968 τι
3617 1890 3808 1968 δέοιτο

563 2009 745 2062 adhuc
783 2008 837 2060 in
887 2009 997 2060 vita
1051 2017 1326 2072 manente,
1354 2005 1757 2073 despondisset,
1807 2002 1932 2056 belli
1970 2017 2132 2054 causa

563 2101 881 2154 rescidisse.
957 2098 1020 2152 Et
1092 2098 1422 2152 videbantur
1480 2095 1625 2150 Crali
1691 2111 1908 2164 quoque
1964 2097 2134 2148 duces

499 2261 506 2266 l
562 2209 779 2261 tequum
815 2203 868 2245 et
917 2191 1118 2244 bonum
1153 2191 1445 2257 postulare.
1477 2189 1844 2254 Quamobrem
1885 2187 2015 2256 quid
2042 2201 2135 2240 ve-

563 2284 688 2350 lint,
747 2283 1064 2351 imperatori
1116 2283 1432 2346 renuntiat;
1483 2281 1733 2334 hortatur
1764 2289 1824 2332 ut
1865 2279 1946 2332 cis
1977 2279 2136 2332 obse-

563 2374 802 2439 cundet;
841 2373 1000 2442 509
1033 2373 1135 2426 hac
1158 2373 1304 2427 enim
1343 2371 1558 2425 ratione
1592 2371 1821 2438 impigre
1866 2368 2132 2423 militatu-

565 2483 678 2520 ros.
709 2466 1012 2533 Separatim
1051 2481 1184 2518 vero
1222 2466 1287 2517 de
1324 2463 1508 2517 Liberi
1563 2452 1668 2515 lilia
1704 2478 1826 2514 cum
1878 2461 1989 2514 ﬁlio
2017 2461 2135 2529 eius

566 2557 776 2626 nuptiis
809 2556 1172 2610 consocianda
1227 2564 1400 2624 rogat,
1434 2563 1489 2608 et
1535 2561 1742 2616 mouet,
1781 2567 1849 2606 ne
1885 2552 2029 2620 quod
2062 2552 2136 2606 sit

567 2649 713 2702 inter
745 2647 936 2700 ambos
991 2663 1056 2700 ex
1102 2646 1320 2716 generis
1371 2645 1618 2698 claritate
1652 2643 1991 2709 discrimen,
2040 2643 2133 2696 sed

564 2749 833 2808 quantum
895 2739 950 2790 in
1009 2753 1248 2806 pr.rsens
1299 2737 1511 2790 emccre
1557 2736 1658 2791 bac
1695 2736 1780 2789 via
1831 2736 2020 2803 possit,
2056 2737 2138 2788 in-

566 2839 811 2903 tueatur.
858 2829 990 2882 Nam
1039 2838 1398 2897 prmterquam
1433 2829 1575 2895 quol
1624 2835 1680 2880 et
1719 2825 1842 2879 aliis
1883 2825 2138 2878 Triballis

568 2922 652 2975 hae
715 2921 921 2987 nuptize
976 2919 1232 2990 jucunda:
1283 2919 1640 2976 siutl‘uturaa,
1675 2917 1837 2971 etiam
1881 2916 2134 2969 Liberum

569 3014 746 3078 ipsum
782 3028 888 3064 non
917 3011 1126 3064 socium
1154 3011 1316 3063 modo
1337 3020 1391 3063 et
1417 3010 1675 3066 amicum.
1710 3008 1802 3062 sed
1829 3017 1884 3061 et
1917 3023 2133 3061 servum

569 3105 732 3170 plane
765 3106 933 3171 ipsius
965 3105 1104 3165 fore,
1161 3102 1455 3168 omniaque
1475 3101 1594 3159 eius
1629 3100 1850 3152 utilitati
1888 3111 2138 3168 prompte

2233 2014 2333 2081 τῆς
2369 2010 2549 2064 αὐτῶν
2585 2008 2927 2077 ἐπικουρίας,
2959 2009 3053 2060 τὸν
3078 2007 3340 2076 νεώτερον
3372 2007 3481 2058 τῶν
3512 2005 3645 2058 υίῶν
3673 2010 3807 2073 όμη-

2237 2101 2498 2170 ρεύσοντα
2537 2101 2860 2153 καταλιπεῖν
2912 2099 3044 2169 παρ’
3072 2098 3290 2159 αὐτοῖς’
3326 2097 3472 2150 οὓτω
3531 2101 3641 2166 γὰρ
3680 2115 3809 2166 προ-

2236 2192 2426 2259 θύμως
2485 2189 3007 2261 συστρατεύσεσθαι,
3065 2191 3162 2243 καὶ
3219 2190 3498 2258 μηδεμίαν
3557 2191 3692 2258 πρὸς
3749 2191 3808 2241 τὸ

2239 2286 2436 2354 μέλλον
2467 2285 2708 2354 πονηρὰν
2737 2283 2926 2336 ἐλπίδα
2949 2284 3191 2352 σχήσειν.
3215 2283 3444 2351 Δίδερος
3464 2283 3518 2334 δέ
3549 2284 3649 2349 ἰδίᾳ
3679 2283 3810 2334 ἐδεῖ-

2234 2394 2295 2430 το
2327 2377 2541 2448 Κράλῃ,
2601 2376 2810 2427 πείθειν
2875 2373 3100 2444 βασιλέα
3142 2373 3242 2442 τὴν
3293 2373 3502 2425 ἐκείνου
3533 2373 3808 2440 θυγατέρα⁵

2235 2467 2493 2538 Μανουὴλ
2521 2467 2599 2535 τῷ
2625 2465 2873 2533 νεωτέρῳ
2913 2464 3016 2534 υίῷ
3040 2464 3349 2533 κατεγγυᾷν
3369 2478 3384 2492 ⁸
3410 2464 3676 2516 πυθέσθαι
3705 2466 3808 2530 γὰρ

2237 2562 2367 2630 περὶ
2397 2557 2604 2628 Συργῆ,
2633 2558 2708 2621 ὡς
2741 2556 3016 2610 διαλύσειε
3067 2556 3160 2609 τὸν
3198 2557 3374 2625 γάμον
3428 2555 3697 2625 θυγατρὸς
3725 2556 3808 2607 διὰ

2235 2654 2324 2706 τὸν
2357 2653 2611 2720 πόλεμον,
2631 2651 2701 2721 ἢν
2741 2651 2820 2702 ἔτι
2844 2651 3130 2721 περιόντος
3173 2648 3514 2718 Ἀνδρονίκου
3549 2647 3808 2716 βασιλέως
3837 2672 3842 2678 ~

2239 2743 2416 2812 τούτῳ
2443 2743 2506 2812 δὴ
2545 2742 2898 2811 κατηγγύησε
2932 2740 3010 2809 τῷ
3051 2739 3306 2808 Μανουήλ
3328 2754 3342 2769 ·
3374 2739 3471 2791 καὶ
3519 2738 3694 2790 ἐδόκει
3723 2739 3809 2789 κά.

2240 2834 2409 2903 κείνῳ
2439 2833 2625 2884 δίκαια
2657 2833 2750 2884 καὶ
2805 2831 3159 2901 συμφέροντα
3199 2829 3385 2894 ἀξιοῦν
3416 2829 3542 2890 τοὺς
3575 2846 3810 2898 στρατηο

2237 2926 2388 2994 γούς.
2444 2924 2535 2976 Διὺ
2568 2924 2663 2977 καὶ
2698 2923 3010 2992 ἀπήγγελλε
3051 2923 3263 2993 βασιλεῖ
3295 2924 3366 2976 τὰ
3399 2925 3534 2991 παρ’
3587 2923 3810 2974 ἐκείνων

2237 3017 2527 3086 εἰρημένα,
2552 3017 2647 3067 καὶ
2681 3015 3031 3067 συνεσῆούλευε
3059 3013 3340 3067 πείθεσθαι
3376 3016 3559 3075 αὐτοῖς
3578 3055 3595 3078 ,
3625 3012 3810 3064 τοῦτον

2239 3111 2442 3177 τρόπον
2496 3107 2794 3177 προθύμως
2849 3109 3430 3176 συστρατευσομένοις.
3507 3106 3708 3158 Ἐδεῖτο
3752 3123 3810 3157 τε

495 3265 502 3274 ι
573 3193 1029 3260 postpositurum,
1067 3192 1210 3261 quod
1244 3193 1473 3260 ipsemet
1507 3190 1847 3259 polliceatur.
1882 3189 2005 3244 Haec
2028 3205 2136 3255 res,

2248 3201 2356 3268 ἰδίᾳ
2388 3199 2483 3251 καὶ
2515 3197 2644 3268 περὶ
2678 3198 2907 3266 Λιὸέρου
2936 3198 3037 3266 τῆς
3067 3198 3336 3268 θυγατρὸς
3389 3200 3481 3250 ἐπὶ
3525 3197 3690 3266 γάμῳ
3721 3214 3809 3248 συ-

570 3285 971 3352 utapparebat,
1008 3299 1258 3354 u-aguum
1295 3284 1439 3338 Crali
1499 3282 1771 3350 aequitatis
1823 3291 1879 3336 et
1937 3283 2141 3336 cando-

572 3377 650 3430 ris
681 3377 1056 3431 testimonium
1091 3377 1295 3440 dabat,
1328 3375 1471 3444 quod
1517 3375 1871 3444 dynastarum
1913 3390 2138 3428 ενοι-ιιιή

575 3470 956 3536 potentissimo
979 3485 1101 3523 cum
1125 3470 1452 3537 imperatore
1475 3483 1531 3521 se
1557 3468 1941 3536 conjungente,
1979 3470 2138 3523 adeo-

578 3577 684 3628 que
746 3563 1032 3615 manileste
1065 3563 1246 3615 omnia
1288 3563 1432 3616 illius
1461 3579 1623 3617 causa
1659 3564 1933 3617 facturum
1980 3563 2142 3631 polli-

577 3663 758 3716 cente,
791 3653 835 3706 si
870 3654 914 3707 is
946 3663 1155 3706 tantum
1195 3655 1359 3708 tiliam
1412 3655 1586 3724 ipsius
1617 3657 1727 3709 ﬁlio
1773 3672 1875 3710 suo
1909 3657 2143 3710 colloca-

579 3753 684 3804 ret,
715 3744 848 3796 nihil
883 3745 1257 3812 suspicaretur
1305 3745 1429 3798 mali
1451 3786 1465 3810 ,
1502 3760 1604 3799 nec
1651 3745 1951 3814 praepedire
1980 3758 2144 3813 nego-

576 3837 711 3890 tium
745 3843 1000 3898 tentaret,
1051 3836 1144 3890 sed
1195 3836 1480 3906 adjuvaret
1508 3837 1696 3905 magis.
1749 3837 1950 3890 Verum
1999 3835 2143 3889 istuc

577 3943 686 3986 non
717 3938 820 3981 tam
868 3928 1108 3996 aequitati
1138 3927 1332 3990 Cralis,
1380 3944 1543 3997 quam
1601 3928 1781 3982 Liberi
1813 3927 2104 3996 opulentus
2125 3967 2141 3990 ,

580 4033 893 4088 magnmiue
923 4018 1068 4072 inter
1087 4017 1358 4071 Triballos
1391 4018 1646 4086 potentia:
1671 4017 2090 4071 adscribendqu
2124 4055 2140 4080 ,

578 4115 800 4174 propter
823 4121 984 4174 quam
1017 4115 1074 4160 et
1104 4107 1220 4174 ipse
1267 4105 1454 4160 Crales
1487 4122 1613 4159 eum
1663 4105 1941 4161 oﬂ’endere
1983 4106 2141 4160 time-

575 4199 687 4252 bat.
711 4199 835 4252 Haac
868 4199 1037 4267 igitur
1064 4199 1177 4259 ille,
1217 4214 1342 4252 cum
1363 4207 1421 4254 et
1449 4197 1683 4252 Liberus
1725 4199 1965 4264 adesset,
1995 4198 2141 4268 apud
2189 4193 2192 4197 '

577 4289 962 4358 imperatorem
1005 4290 1266 4344 disseruit
1296 4308 1311 4345 :
1339 4292 1433 4360 qui
1485 4291 1630 4360 quod
1665 4301 1779 4344 tum
1816 4291 1974 4355 illud,
2025 4301 2141 4345 tum

581 4385 682 4435 hoc
705 4383 758 4434 in
790 4383 1074 4451 praesentia
1106 4382 1412 4437 conducere
1441 4383 1703 4445 videbat,
1743 4397 1998 4438 neutrum
2052 4400 2143 4439 re-

575 4475 827 4537 cusabat,
864 4485 920 4528 et
975 4475 1046 4529 ita
1087 4475 1454 4542 suspicionem
1515 4475 1583 4529 de
1641 4475 1805 4536 sociis
1845 4476 2142 4545 aliquando

2249 3290 2471 3342 νὰπτειν
2501 3288 2577 3354 τῷ
2605 3289 2745 3356 υίῷσ
2780 3289 2877 3340 καὶ
2932 3288 3005 3358 μὴ
3043 3289 3104 3341 τὸ
3146 3289 3402 3358 διάφορον
3459 3290 3663 3356 ἀμφοῖν
3714 3287 3812 3353 τῆς

2248 3381 2513 3446 εὐδοξίας,
2545 3379 2680 3433 ἀλλὰ
2711 3383 2808 3447 τὴν
2857 3381 3174 3432 συντέλειαν
3201 3381 3267 3450 ἦν
3294 3381 3430 3450 πρὸς
3463 3380 3530 3431 τὰ
3572 3381 3813 3442 παρόντα

2250 3473 2606 3536 συντέλεσειε,
2642 3474 2886 3525 σκοπεῖν.
2922 3473 3064 3542 Πρὸς
3107 3471 3216 3542 γὰρ
3250 3473 3329 3540 τῷ
3380 3474 3610 3533 καὶτοῖς
3635 3472 3811 3531 ἀλλοις

2248 3564 2542 3633 Τριϐαλοῖς
2567 3563 2703 3633 πρὸς
2733 3565 2926 3635 ἡδονὴν
2950 3565 3042 3616 τὸν
3077 3565 3256 3632 γάμον
3299 3559 3440 3615 εἶναι
3475 3562 3571 3615 τοῦ
3603 3564 3809 3623 παιδὸς,

2247 3653 2328 3704 ἐτι
2362 3653 2454 3704 καὶ
2483 3652 2713 3720 Λίϐερον
2748 3651 2911 3704 αὐτὸν
2967 3651 3026 3703 οὐ
3063 3650 3352 3726 σύμμαχον
3391 3649 3538 3713 ἕξειν
3588 3651 3669 3702 ἐτι
3725 3653 3813 3702 καὶ

2249 3743 2426 3811 φίλον,
2455 3742 2593 3794 ἀλλὰ
2623 3741 2812 3795 δοῦλον
2857 3741 3130 3811 ἀκριϐῶς,
3162 3743 3256 3795 καὶ
3291 3742 3469 3794 πάντα
3504 3741 3812 3808 προησόμε-

2248 3852 2336 3886 νον
2365 3833 2660 3903 προθύμως
2684 3834 2825 3903 ὑπὲρ
2866 3833 2976 3886 τῶν
3007 3834 3157 3904 αὐτῷ
3197 3835 3644 3894 λυσιτελούντων,
3675 3832 3814 3885 οὕτω

2246 3923 2356 3995 γὰρ
2383 3924 2814 3992 ἐπαγγέλλεσθαι
2838 3924 2933 3975 καὶ
2961 3923 3142 3977 αὐτόν.
3186 3923 3394 3978 Ἐδόκει
3431 3924 3533 3990 μέν
3559 3922 3653 3975 οὖν
3689 3923 3814 3973 πολ-

2248 4018 2347 4086 λὴν
2375 4017 2680 4070 ἐπιείκειαν
2705 4019 2800 4069 καὶ
2819 4015 3246 4084 εὐγνωμοσύνην
3291 4017 3352 4068 τὸ
3381 4015 3596 4067 τοιοῦτο
3624 4015 3807 4083 Κράλῃ

2249 4111 2687 4179 συμμαρτυρεῖν,
2711 4109 2759 4160 εί
2789 4107 2883 4160 τού
2917 4107 3049 4176 παρ’
3083 4107 3234 4174 αύτῷ
3261 4107 3638 4161 δυνατωτάτου
3662 4108 3805 4171 βασι·

2247 4201 2330 4254 λεῖ
2351 4200 2807 4270 προστιθεμένου,
2844 4199 2940 4252 καὶ
2975 4198 3117 4251 οὓτω
3147 4198 3400 4267 φανερῶς
3430 4198 3573 4268 ὑπὲρ
3603 4200 3806 4249 ἐκείνου

2248 4292 2426 4346 πάντα
2478 4291 2731 4359 ποιήσειν
2781 4288 3278 4357 ἐπαγγελλομένου,
3313 4290 3362 4340 εί
3397 4289 3635 4340 πείθοιτο
3660 4291 3810 4356 μόνον

2247 4387 2347 4456 τὴν
2407 4386 2618 4437 ἐκείνου
2693 4381 2971 4452 θυγατέρα
3026 4379 3352 4442 συνοικίζειν
3405 4382 3480 4448 τῷ
3543 4377 3808 4449 υίῷ,μήθ’

2226 4477 2583 4532 ’ὑποπτεύειν
2637 4475 2826 4538 αὐτὸς,
2858 4476 2996 4542 μήτε
3051 4472 3282 4525 κωλύειν
3334 4473 3637 4543 ἐπεχείρει,
3670 4472 3811 4524 συνέ-

578 4565 878 4626 laedendis,
921 4573 1017 4620 aut
1049 4581 1151 4633 per
1177 4565 1405 4620 insidias
1455 4566 1780 4634 appetendis
1825 4567 2139 4623 eximebat:

2250 4581 2456 4638 πραττε
2491 4564 2548 4616 δέ
2606 4561 2826 4631 μᾶλλον.
2858 4562 3030 4615 Τοῦτο
3059 4561 3117 4614 δέ
3171 4563 3233 4614 οὐ
3266 4562 3470 4630 μᾶλλον
3501 4563 3602 4629 τῆς
3647 4564 3808 4613 ἐπει-

575 4657 789 4711 nescire
822 4656 967 4712 enim
1003 4671 1062 4710 se
1096 4657 1304 4711 amicos
1366 4656 1446 4711 sic
1503 4658 1866 4722 remunerari,
1925 4661 2144 4728 quando

574 4757 873 4808 constaret,
909 4761 1012 4800 nec
1055 4746 1264 4815 apertis
1317 4746 1570 4800 hostibus
1618 4762 1859 4823 un‘quam
1922 4748 2148 4802 insidia-

579 4849 693 4892 tum
731 4859 746 4892 :
777 4849 832 4892 ct
869 4837 1186 4892 aﬂinitatem
1235 4853 1358 4892 cum
1391 4837 1559 4908 Syrge
1606 4853 1714 4890 non
1767 4839 2002 4906 priorem
2037 4840 2149 4894 dis.-

577 4933 752 4982 suisse
777 4946 794 4995 ;
826 4928 919 4984 sed
944 4944 1012 4982 eo
1028 4943 1287 4997 generum
1315 4928 1624 4992 abdicante,
1644 4944 1820 4984 causa
1836 4931 1972 4984 nihil
1998 4946 2146 4997 esse,

578 5038 675 5074 αὐτ
699 5036 805 5074 non
834 5033 886 5075 et
918 5021 1033 5090 ipse
1089 5021 1270 5088 aliam,
1311 5021 1422 5078 lilio
1458 5035 1560 5074 suo
1590 5036 1814 5074 uxorem
1852 5022 2144 5090 jungeret;

578 5112 883 5180 praesertim
927 5127 1050 5166 cum
1077 5111 1318 5166 nondum
1342 5113 1420 5166 sic
1449 5112 1736 5166 astrictum
1765 5112 1930 5167 luerit
1958 5114 2148 5167 matri-

582 5201 851 5262 monium,
893 5201 1275 5260 utdissolvere
1305 5217 1412 5258 non
1440 5202 1648 5256 liceret.
1681 5200 1736 5257 Si
1773 5201 2146 5270 juramentum

580 5291 1026 5354 intercessisset,
1082 5291 1229 5345 nulla
1292 5293 1359 5346 de
1410 5307 1574 5347 causa
1635 5292 1688 5345 id
1758 5293 2148 5346 distracturum

582 5381 774 5436 luisse.
827 5381 1063 5436 Proinde
1125 5381 1406 5441 dimittere
1437 5399 1494 5437 se
1527 5383 1734 5447 lilium,
1775 5383 1938 5441 simul
1983 5397 2151 5451 gene-

581 5491 704 5529 rum
732 5474 974 5529 futurum
989 5474 1210 5543 Libero,
1253 5476 1416 5532 simul
1440 5486 1662 5545 propter
1681 5476 1868 5544 copias
1901 5475 2148 5539 sociales,

582 5578 645 5623 ut
677 5583 744 5622 ne
771 5568 903 5638 quid
934 5569 1003 5623 ab
1039 5585 1096 5623 se
1136 5570 1458 5624 insidiarqu
1496 5577 1739 5633 metuat;
1786 5584 1892 5622 non
1941 5569 2020 5622 sic
2069 5577 2153 5621 ta-

582 5672 731 5720 men,
768 5667 829 5711 ut
853 5659 997 5729 apud
1027 5676 1124 5714 eos
1157 5661 1378 5713 omnino
1421 5675 1746 5728 semperque
1785 5668 2020 5720 maneat,
2055 5657 2152 5713 sed

586 5745 684 5800 ubi
718 5759 870 5814 pater
920 5751 1296 5815 revocaverit,
1353 5753 1563 5805 redeat.
1615 5751 1851 5805 Liberus
1885 5758 1946 5803 ut
1983 5750 2153 5818 impe-

589 5844 829 5896 fatentem
857 5838 925 5896 de
951 5840 1230 5897 connubio
1258 5840 1517 5898 annuisse
1549 5841 1822 5913 cognovit,
1860 5855 1984 5900 eum
2017 5840 2152 5896 ado-

2248 4659 2405 4722 κείας
2437 4658 2629 4726 Κράλη
2654 4652 2744 4726 ἦν,
2779 4657 2812 4726 ἢ
2845 4657 2945 4725 τῆς
2987 4656 3222 4722 Λιὸέρου
3253 4656 3576 4724 περιουσίας
3607 4653 3808 4706 καὶτοῦ

2252 4747 2466 4817 μεγάλα
2494 4744 2754 4798 δύνασθαι
2791 4744 2940 4812 παρὰ
2972 4744 3285 4814 Τρισαλοίς,
3320 4745 3467 4796 ὥστε
3510 4747 3606 4797 καὶ
3654 4745 3810 4796 αὑτὸν

2248 4838 2612 4908 προσκρούειν
2645 4835 2925 4907 ὀρρωδεῖν.
2968 4835 3026 4889 '0
3059 4836 3158 4903 μὲν
3187 4831 3282 4887 οὖν
3319 4835 3547 4905 Κράλης
3595 4835 3808 4888 τοιαῦτα

2250 4931 2386 5000 πρὸς
2420 4928 2646 4999 βασιλέα
2677 4925 2904 4997 διεξῄει,
2934 4927 3201 4996 παρόντος
3241 4930 3336 4980 καὶ
3363 4928 3621 4996 Λιϐἐρου.
3658 4928 3808 4978 Βασι-

2249 5021 2374 5084 λεὺς
2397 5021 2458 5074 δὲ
2482 5019 2732 5074 ἐπείθετο
2764 5018 2897 5087 πρὸς
2921 5018 3235 5087 ἀμφότερα,
3258 5017 3643 5071 λυσιτελοῦντα
3678 5016 3809 5085 ὀρῶν

2248 5115 2308 5166 ἐν
2353 5112 2434 5182 τῷ
2475 5113 2728 5180 παρόντι,
2756 5109 2851 5162 καὶ
2890 5110 2992 5178 τήν
3037 5126 3095 5162 τε
3127 5110 3365 5177 ὑποψίαν
3411 5109 3701 5171 ἀπωθεῖτο,
3741 5107 3810 5168 ὡς

2250 5203 2532 5274 ἀδικήσειέ
2567 5219 2696 5255 ποτε
2737 5203 2830 5255 καὶ
2884 5201 3284 5254 ἐπιϐουλεύσειε
3341 5205 3455 5266 τοῖς
3489 5203 3806 5271 συμμάχοις.

2251 5297 2326 5350 Οὐ
2372 5297 2481 5364 γὰρ
2529 5295 2806 5357 τοιαύταις
2861 5295 3025 5355 αὐτὸς
3085 5293 3415 5346 ἐπίστασθαι
3464 5296 3590 5356 τοὺς
3636 5295 3810 5360 φίλους
3872 5275 3874 5278 θ

2251 5387 2578 5459 ἀμείϐεσθαι
2607 5387 2977 5454 εὐεργεσίαις,
3011 5389 3146 5440 ὅπου
3177 5404 3240 5453 γε
3267 5389 3362 5439 καὶ
3389 5390 3499 5448 τοῖς
3523 5385 3811 5454 πολεμοῦσι

2252 5480 2503 5549 φανερῶς
2549 5478 2806 5534 οὐδέποτε
2833 5478 3200 5532 ἐπιϐουλεύων
3228 5480 3426 5547 ἐφάνη.
3459 5481 3568 5530 Καὶ
3589 5481 3648 5530 τὸ
3683 5477 3808 5544 πρὸς

2253 5572 2468 5641 Συργὴν
2499 5571 2660 5640 κῆδος
2693 5571 2793 5623 οὐκ
2833 5571 2997 5634 αὐτὸς
3028 5570 3268 5624 διαλύειν
3303 5572 3520 5639 πρῶτος
3547 5572 3803 5639 ἔφασκεν·

2252 5662 2370 5715 ἀλλ’
2403 5662 2623 5715 ἐκείνου
2679 5663 3060 5730 ἀπειπαμένου
3123 5662 3402 5730 μηδεμίαν
3451 5663 3626 5714 αἰτίαν
3651 5658 3805 5721 εἶναι,

2253 5756 2302 5806 εἰ
2347 5755 2441 5808 καὶ
2494 5754 2655 5816 αὐτὸς
2707 5755 2900 5822 ἑτέραν
2921 5753 3000 5822 τῷ
3033 5751 3135 5823 υἱῷ
3171 5754 3496 5822 ἀρμόσεται.
3534 5754 3716 5805 Καίτοι
3747 5767 3806 5814 τε

2255 5841 2366 5901 οὐδ’
2395 5843 2474 5908 είς
2505 5840 2729 5900 τοσοῦτο
2762 5841 2974 5914 δεσμῶν
3007 5843 3164 5916 ἥκειν
3213 5845 3306 5897 τὸν
3335 5843 3533 5914 γάμον,
3571 5843 3706 5894 ὥστε
3735 5842 3806 5914 μὴ
