4062 6290
278 405 378 468 981
472 375 477 378 ’
1451 414 1991 478 HISTORIARUM
2032 418 2262 478 LIBER
2304 419 2418 480 Ill.
3406 419 3527 478 οδε·

280 512 481 583 ἐξεῖναι
509 515 768 573 διαλύειν.
803 519 866 573 Et
893 520 1001 592 γὰρ
1023 519 1401 594 μέχρι-ὅρκων
1423 508 1748 595 προεχώρει,
1789 526 1850 590 ἐξ

1958 542 2105 592 rans,
2132 529 2436 599 pedemque
2468 527 2816 594 deosculans,
2851 529 3049 585 multas
3083 529 3184 600 ipsi
3230 530 3298 584 do
3344 530 3508 585 bene-

274 608 531 676 οὐδεμιᾶς
556 607 623 661 ἂν
655 609 837 674 αἰτίας
869 612 1198 683 ἐπεχείρησε
1232 613 1469 685 διασπᾷν
1502 614 1688 678 αὐτός.
1719 613 1845 668 Τοι-

1958 618 2077 672 licio
2104 659 2117 684 ,
2151 628 2208 674 et
2245 619 2390 675 Crali
2423 619 2491 674 de
2517 635 2680 689 Opera
2707 621 2910 689 gratias
2937 623 3066 692 egit.
3115 623 3184 676 At
3221 623 3366 675 enim
3399 623 3514 676 haec

273 697 476 768 γαροῦν
505 700 724 767 ἀφιέναι
765 702 854 755 τὸν
890 705 1006 757 υἱὸν
1035 704 1150 773 ἅμα
1175 704 1556 775 μὲνγαμϐρὸν
1585 706 1845 774 ἐσόμενον

1958 707 2108 762 audis
2141 710 2513 763 tantummodo
2541 711 2724 770 verbis
2754 712 3209 780 transigebantur;
3234 712 3514 782 juramen-

273 789 510 861 Λιϐέρῳ,
540 791 656 861 ἅμα
685 793 742 844 δέ
773 797 866 847 καὶ
889 794 988 864 τῆς
1013 796 1274 866 στρατιᾶς
1301 795 1464 848 ἕνεκα
1494 795 1588 847 τοῦ
1618 795 1845 866 θαρρεῖν

1958 797 2019 851 Lis
2045 809 2138 851 aut
2178 800 2412 854 nexibus
2432 801 2555 856 aliis
2574 802 2639 856 ad
2672 803 2892 872 nuptias
2923 804 3380 875 eonglutinandas
3405 819 3512 858 nou

270 881 440 951 αὐτῷ,
474 881 548 946 ὡς
581 883 836 938 οὐδέποτε
887 886 1318 949 ἐπιϐουλεύσειε,
1366 887 1438 956 μὴ
1476 888 1659 956 μέντοι
1706 903 1848 939 παν-ι
1909 935 1912 939 .
1949 898 2076 942 sunt
2107 890 2215 944 usi.
2812 942 2820 948 .

271 979 479 1031 τάπασι
508 980 811 1050 διατρίϐειν
839 984 971 1053 παρ’
1006 984 1209 1048 αὐτοῖς,
1270 983 1387 1036 ἀλλ’
1423 986 1722 1051 ἐπανήκειν
1783 983 1920 1051 πρὸς
1948 985 2108 1038 αὐτὸν
2138 985 2300 1055 ἡνίκα
2339 987 2406 1041 ἂν
2433 988 2648 1057 καλοίη.
2712 989 2942 1060 Λίϐερος
2987 991 3042 1043 δὲ
3095 991 3216 1043 ἐπεὶ
3259 989 3514 1042 ἀκούσειε

272 1069 499 1139 βασιλέα
535 1066 904 1143 πεπεισμένον
943 1077 1080 1147 πρὸς
1109 1078 1169 1130 τὺ
1197 1081 1296 1148 τὴν
1326 1079 1536 1131 ἐκείνου
1566 1077 1841 1147 θυγατέρα
1880 1079 2036 1146 ἄγειν
2093 1081 2172 1149 τῷ
2209 1081 2332 1149 υίῷ,
2373 1083 2699 1152 προσεκύνει
2738 1101 2796 1136 τε
2832 1086 2924 1136 καὶ
2973 1086 3247 1153 ἠσπάζετο
3283 1087 3376 1137 τὴν
3424 1086 3517 1154 βα-

274 1170 471 1233 σιλέως
509 1173 667 1237 πόδα,
702 1175 796 1226 καὶ
832 1175 1032 1238 πολλὰς
1079 1176 1352 1244 ὡμολόγει
1399 1177 1633 1247 χάριτας
1697 1178 1894 1246 ἐκείνῳ
1924 1195 1984 1229 τε
2017 1178 2118 1246 τῆς
2181 1175 2540 1248 εὐεργεσίας,’
2568 1182 2666 1234 καὶ
2709 1183 2901 1255 Κράλῃ
2931 1181 3026 1235 τοῦ
3062 1181 3516 1235 συνεπιλαϐέσθαι

273 1264 410 1329 πρὸς
444 1265 505 1316 τὸ
561 1265 746 1334 ἔργον.
795 1267 967 1322 Τοῦτο
1005 1268 1060 1321 δέ
1117 1268 1297 1337 λόγοις
1337 1270 1498 1339 μόνον
1534 1270 1843 1323 συνετίθετο
1882 1269 2090 1339 ψιλοῖς·
2125 1273 2312 1339 ὅρκοις
2360 1272 2417 1324 δὲ
2477 1273 2512 1342 ἢ
2577 1273 2799 1347 δεσμοῖς
2835 1291 2979 1328 τισιν
3013 1275 3197 1337 ἄλλοις
3244 1275 3378 1345 πρὸς
3423 1273 3515 1327 τὸν

271 1357 453 1427 γάμον
484 1359 582 1411 οὐκ
615 1362 937 1431 ἐχρήσαντο.

1561 1482 1728 1552 510
1764 1480 1997 1537 CAPUT
2039 1481 2226 1538 Xth.

270 1565 576 1649 Imperator
609 1571 975 1649 cumaufiliis
1007 1572 1205 1628 Pheras
1239 1577 1396 1649 venit.
1427 1574 1617 1649 Syrges
1649 1577 1709 1641 ﬁt
1729 1578 2126 1649 ‘Armeniorum
2158 1592 2248 1649 res:
2271 1577 2398 1649 jure
2433 1587 2674 1647 paterno.
2703 1579 2910 1636 Phenei
2936 1581 3249 1635 deditionem
3284 1586 3520 1649 pertina-

347 1638 478 1718 citer
511 1647 774 1718 recusant.
819 1639 1024 1718 Ducunt
1055 1654 1104 1696 et
1129 1646 1384 1718 eagercitus
1437 1638 1606 1718 moi-bi
1636 1638 1684 1697 et
1715 1645 1939 1718 funera.
1963 1638 2299 1718 Apocaucfufs
2337 1638 2706 1718 Christopolim
2754 1651 3000 1718 prtrsidia
3036 1653 3212 1704 mittit.
3259 1638 3515 1707 Triballos

348 1707 685 1789 abiturientes
716 1710 1052 1789 imperatoris
1083 1715 1253 1789 pudor
1277 1715 1485 1789 retinet.
1516 1707 1744 1789 Romani
1768 1707 2148 1789 tumultuantes
2171 1715 2234 1767 ab
2258 1716 2442 1789 eodem
2467 1707 2632 1789 am'jce
2666 1707 3025 1776 increpantur.
3063 1719 3231 1773 Facta
3264 1731 3519 1789 potestate

345 1776 564 1858 plurim}
618 1777 682 1830 ab
742 1795 800 1831 eo
849 1776 1223 1851 Christopolim
1285 1785 1574 1837 discedunt.
1641 1785 1848 1837 Ducum
1900 1785 2088 1837 ibidem
2153 1784 2467 1854 perjurium.
2530 1786 2950 1858 Transfugarum
3023 1793 3092 1843 ad
3150 1776 3519 1860 imperatorem

346 1847 594 1901 reversio.

347 1967 500 2018 Μετὰ
525 1965 580 2017 δέ
609 1929 766 2021 τοῦτο
793 1969 892 2038 τὴν
923 1969 1189 2038 στρατιὰν
1237 1968 1569 2041 παραλαϐὼν
1602 1970 1706 2039 ἤδη
1740 1987 1843 2022 τεα-

2017 1968 2290 2034 Praecipiti
2348 1980 2534 2024 aestate
2593 1971 2913 2041 imperator,
2964 1971 3121 2028 Crale
3179 1988 3303 2028 cum
3348 1989 3519 2028 uxore

273 2060 726 2129 ρεσκευασμένην
756 2063 886 2131 περὶ
917 2061 1110 2131 θέρους
1146 2062 1372 2125 ἐκϐολὰς
1394 2063 1514 2129 ἅμα
1536 2062 1630 2114 καὶ
1655 2062 1845 2132 Κράλη

274 2151 417 2218 μετὰ
476 2151 734 2216 γυναικὸς
791 2154 1181 2223 παρεπομένου
1231 2153 1358 2222 ἄχρι
1415 2155 1514 2224 τῆς
1563 2153 1847 2224 Ῥωμαίων

268 2242 420 2309 ὅρων
448 2240 766 2311 ἡγεμονίας.
806 2242 1038 2297 Ἐκεῖνοι
1071 2245 1169 2314 μὲν
1215 2241 1334 2304 οὖν.
1378 2244 1689 2316 ἀνεχώρουν
1721 2263 1849 2298 συν·
1894 2229 1903 2243 ’

269 2333 593 2398 ταξάμενοι.
626 2330 888 2398 Βασιλεὺς
933 2335 989 2388 δὲ
1030 2335 1128 2405 τὴν
1152 2337 1492 2406 τεταγμένην
1523 2337 1661 2406 ἔχων
1688 2355 1851 2408 στρα-

268 2426 422 2488 τιὰν,
454 2428 947 2498 ἐστρατοπέδευσεν
973 2431 1030 2481 ἐν
1069 2430 1288 2500 Φεραῖς,
1323 2431 1418 2483 καλ¹
1465 2429 1724 2500 διήγαγεν
1757 2433 1851 2485 ἐπὶ

269 2518 460 2588 τρισὶν
484 2521 719 2589 ἡμέραις
745 2521 1128 2591 διαλεγόμενος
1154 2522 1406 2588 Φεραίοις
1435 2524 1565 2592 περὶ
1587 2523 1682 2575 τοῦ
1719 2540 1848 2594 προ-

273 2611 512 2678 σχωρεῖν
541 2610 709 2679 αύτῷ.
745 2612 958 2682 Συργὴς
988 2614 1100 2682 γὰρ
1154 2615 1294 2680 μετὰ
1333 2613 1431 2685 τὴν
1464 2615 1721 2668 ἐπάνοδον
1750 2618 1850 2684 τὴν

272 2699 347 2752 ἐκ
369 2700 849 2772 Γυναικοκάστρου
879 2704 1075 2772 Φεραῖς
1111 2704 1291 2772 ὀλίγον
1321 2706 1689 2776 ἐνδιατρίψας,
1719 2703 1853 2777 ἦλθε

276 2791 422 2860 πρὸς
457 2791 768 2853 Βυζάντιον.
806 2797 1076 2848 Κάκεῖθεν
1105 2797 1184 2858 είς
1227 2797 1517 2867 Ἀρμενίαν
1557 2799 1851 2870 ἀπεχώρη-

276 2899 400 2948 σεν,
443 2883 745 2950 Ἀρμενίων
770 2886 862 2938 ἐπὶ
889 2887 948 2939 τὸ
983 2888 1168 2956 σφίσιν
1199 2889 1390 2958 ἄρχειν
1417 2889 1580 2942 αὐτὸν
1614 2900 1855 2960 προσκατ-

273 2975 594 3044 λεσαμένων
633 2979 698 3030 ὲκ
730 2979 987 3048 πατρῴου
1024 2982 1414 3051 προσηκούσης
1467 2981 1616 3052 αὐτῷ
1650 2982 1852 3052 κλήρου

273 3067 384 3135 τῆς
428 3068 622 3136 ἀρχῆς.
655 3069 875 3139 Φεραῖοι
923 3070 980 3123 δέ
1040 3071 1194 3124 οὐδὲν
1248 3071 1450 3141 μᾶλλον
1499 3073 1530 3142 ἢ
1591 3075 1852 3144 πρότερον

245 3156 428 3234 ,ἦσαν
480 3161 692 3231 βασιλεῖ
740 3161 816 3232 τῷ
848 3163 1287 3235 Καντακουζηνῷ
1344 3167 1854 3234 παρεσκευασμένοι

281 3253 566 3322 πολεμεῖν,
602 3257 698 3309 καὶ
733 3255 858 3317 τοὺς
888 3257 1215 3324 προσιόντας
1252 3257 1345 3309 ἐπὶ
1393 3256 1470 3326 τῷ
1503 3258 1845 3327 διαλέγεσθαι

275 3343 454 3403 λίθοις
502 3343 724 3396 ἔϐαλλον
770 3345 862 3397 καὶ
904 3345 1115 3415 βέλεσιν
1168 3345 1275 3398 ἀπὸ
1305 3347 1414 3400 τῶν
1443 3349 1657 3418 τειχῶν.
1689 3349 1850 3404 Ὅθεν

271 3435 382 3494 ,καὶ
415 3436 446 3504 ἠ
499 3436 727 3501 στρατιὰ
767 3435 842 3498 ὡς
886 3435 1161 3505 πολεμίων
1191 3436 1363 3499 ἀδεῶς
1409 3438 1508 3507 τὴν
1537 3438 1715 3510 χώραν
1741 3443 1853 3494 διε-

279 3527 544 3598 πόρθουν.
593 3529 685 3581 Ἐν
718 3522 762 3594 ᾧ
805 3529 859 3582 δέ
909 3529 1082 3582 ταῦτα
1137 3529 1392 3594 ἐτελεῖτο,
1447 3531 1688 3601 Βρὰκτος
1746 3532 1853 3586 τῶν

277 3621 571 3690 ἡγεμόνων
605 3621 702 3689 τῆς
743 3623 1002 3692 στρατιᾶς
1052 3621 1080 3673 ό
1126 3621 1554 3692 διαφορώτατός,
1605 3624 1850 3692 ἐνόσησε,

278 3717 382 3769 atat
420 3715 846 3786 διεκαρτέρησεν
894 3717 1012 3768 ἐκεῖ
1065 3718 1096 3786 ἠ
1141 3716 1371 3785 στρατιὰ
1421 3719 1850 3786 ἐστρατοπεδευ-

284 3808 424 3876 μένη
461 3807 591 3876 μίαν
629 3809 844 3878 ἡμέραν
875 3809 968 3860 ἐπὶ
1006 3808 1159 3861 δέκα.
1207 3808 1360 3862 Ἐπεὶ
1389 3807 1434 3860 δ’
1470 3810 1677 3871 ἐκεῖνος
1707 3811 1853 3880 ῥᾴων

275 3896 378 3970 ἦν,
408 3900 638 3969 Λίϐερος
670 3901 952 3970 κατείχετο
1004 3903 1070 3970 τῇ
1123 3901 1280 3970 νόσῳ,
1314 3901 1406 3952 καὶ
1439 3901 1546 3953 ἔδει
1602 3901 1853 3956 τοσοῦτον

280 3994 482 4064 χρόνον
512 3993 847 4063 περιμένειν,
870 3994 902 4064 ἢ
930 3994 1023 4045 καὶ
1048 3993 1238 4047 πλείω.
1282 3992 1594 4055 Ῥαΐσαντος
1624 3995 1679 4046 δὲ
1707 3996 1855 4049 ὲκεί-

279 4103 403 4148 νου.
434 4088 482 4138 οἱ
506 4085 682 4138 λοιποὶ
712 4085 931 4137 ἐνόσουν
963 4085 1072 4136 τῶν
1101 4083 1400 4154 ἀρχόντων,
1437 4085 1532 4136 καὶ
1561 4086 1592 4155 ὴ
1623 4087 1852 4155 στρατιὰ

280 4178 552 4246 σύμπασα
601 4177 806 4246 σχεδόν.
864 4176 1095 4238 Μέλιτος
1143 4179 1250 4246 γὰρ
1311 4175 1714 4245 ἐμφορούμενοι
1758 4178 1854 4230 καὶ

276 4270 488 4340 κρεῶν,
516 4261 588 4320 ὧν
620 4270 654 4337 ή
685 4269 838 4336 χώρα
891 4267 1126 4336 μάλιστα
1169 4266 1416 4338 εὐπόρει,
1454 4263 1575 4319 εἶτα
1620 4267 1850 4321 ἀποθλί-

276 4364 472 4426 ϐοντες
501 4363 594 4414 καὶ
624 4361 923 4428 σταφυλὰς,
977 4360 1070 4412 καὶ
1102 4357 1196 4427 τοῦ
1233 4359 1598 4428 ἀπορρέοντος
1657 4361 1854 4414 αὐτίκα

274 4451 708 4524 ἐμφορούμενοι,
745 4455 822 4513 είς
867 4449 1136 4519 πυρετοὺς
1177 4449 1468 4502 ἐνέπιπτον
1505 4453 1598 4505 καὶ
1625 4449 1851 4520 φθοράς.

279 4546 525 4598 ’Ἔπειτα
545 4545 888 4612 ἀπέθνησκον
919 4541 1388 4611 κατεργαζόμενοι
1419 4543 1523 4595 ὑπὸ
1551 4543 1650 4611 τῆς
1671 4543 1848 4596 νόσου.

277 4731 513 4799 καὶτῆς
545 4730 809 4797 στρατιᾶς
847 4727 988 4795 ὑπὲρ
1035 4727 1426 4788 πεντακοσίους
1479 4727 1577 4778 καὶ
1627 4723 1852 4794 χιλίους,

1953 2075 2123 2127 usque
2176 2060 2244 2114 ad
2307 2061 2544 2115 confinia
2604 2063 3096 2132 prosequentibus,
3140 2062 3323 2132 ibique
3374 2065 3516 2118 dicta

1950 2151 2125 2204 salute
2155 2152 2567 2218 recedentibus,
2598 2167 2722 2208 cum
2759 2156 2961 2224 paratis
3017 2166 3071 2210 et
3099 2157 3383 2212 attributis
3415 2159 3517 2212 sibi

1951 2243 2123 2311 cepiis
2151 2243 2356 2298 Pheras
2384 2245 2650 2313 processit
2685 2264 2699 2300 :
2735 2245 2830 2300 ubi
2879 2246 2946 2299 ad
2976 2246 3216 2301 triduum
3249 2263 3476 2302 manens
3502 2286 3518 2306 .

1951 2349 2079 2387 eutn
2123 2334 2364 2389 Pheraeis
2413 2335 2481 2389 de
2526 2334 2808 2390 deditione
2850 2337 2981 2404 egit.
3039 2337 3252 2408 Syrges‘
3286 2333 3446 2392 enim
3488 2353 3519 2390 e

1951 2424 2372 2495 Gynzeeocastro
2389 2439 2662 2491 reversus,
2691 2443 2800 2482 non
2827 2428 2921 2489 diu
2950 2426 3140 2483 Pheris
3167 2429 3472 2484 subsistens
3502 2471 3517 2492 .

1955 2515 2266 2584 Byzantium
2299 2516 2530 2584 petivit;
2587 2517 2715 2573 inde
2769 2518 2823 2572 in
2852 2519 3196 2582 Armeniam,
3235 2522 3302 2574 ab
3332 2520 3558 2575 Al‘mC-\

1952 2607 2060 2660 niis
2085 2607 2151 2660 ad
2186 2615 2482 2676 sceptrum,
2507 2607 2559 2662 ei
2585 2623 2652 2662 ex
2700 2619 2922 2678 paterna
2956 2621 3103 2664 sorte
3153 2611 3396 2665 debitum
3423 2628 3523 2664 vo-

1952 2710 2130 2763 catus,
2159 2701 2435 2754 discessit.
2458 2701 2663 2756 Pheraei
2699 2703 2873 2756 nihilo
2905 2707 3076 2774 magis
3108 2721 3268 2774 quam
3297 2716 3422 2761 ante
3454 2707 3521 2760 ad

1953 2790 2320 2845 Cantacuzeni
2362 2803 2548 2860 partes
2579 2795 3034 2863 propendebant,
3090 2805 3145 2850 et
3203 2798 3524 2852 accedentes

1955 2883 2018 2937 ad
2054 2883 2479 2953 colloquendum
2529 2885 2674 2940 saxis
2729 2901 2794 2941 ac
2838 2887 2961 2942 telis
2986 2887 3052 2943 de
3091 2904 3249 2942 muro
3293 2891 3524 2958 repelle-

1954 2977 2084 3032 bant
2114 2995 2128 3035 :
2162 2994 2334 3048 quare
2390 2979 2668 3035 exercitus
2722 2994 2914 3048 agrum
2949 2991 3010 3034 ut
3043 2982 3295 3037 hostilem
3333 2999 3526 3038 secure

1955 3069 2302 3125 devastabat.
2335 3071 2473 3124 Dum
2499 3071 2616 3126 haec
2648 3079 2904 3140 aguntur,
2940 3072 3166 3128 Braetus
3190 3076 3528 3139 praestantis-

1955 3161 2128 3214 simus
2176 3176 2206 3214 e
2255 3161 2488 3216 ducibus
2522 3161 2714 3215 morbo
2768 3162 3087 3232 corripitur,
3117 3165 3425 3234 mansitque
3458 3181 3526 3220 eo

1957 3253 2062 3307 loci
2101 3256 2376 3308 exercitus
2426 3255 2543 3310 dies
2587 3255 2863 3310 undecim.
2903 3249 3196 3325 Postquam
3243 3259 3294 3312 ei
3330 3260 3526 3314 melius

1959 3353 2043 3398 est
2094 3345 2297 3399 factum
2327 3385 2342 3409 ,
2387 3345 2619 3401 Liberus
2672 3362 2934 3418 aegrotare
2969 3352 3154 3420 cepit,
3196 3365 3525 3420 rursumque

1960 3435 2158 3490 diebus
2188 3438 2437 3502 totidem,
2468 3449 2562 3493 aut
2589 3441 2752 3495 etiam
2786 3443 3036 3510 pluribus
3067 3443 3176 3497 illic
3205 3443 3525 3498 haerendum

1960 3531 2083 3586 fuit.
2144 3533 2245 3588 Ubi
2298 3534 2343 3589 is
2386 3551 2605 3604 quoque
2640 3537 2938 3600 convaluit,
2992 3539 3230 3608 reliquos
3268 3540 3436 3595 duces
3464 3555 3528 3594 ac

1963 3630 2133 3676 totum
2170 3624 2342 3678 ferme
2395 3627 2694 3680 exercitum
2731 3626 3062 3682 valetudinis
3109 3616 3528 3684 incommoditas

1961 3716 2221 3783 pervasit.
2252 3714 2530 3779 Siquidem
2586 3719 2744 3774 melle
2769 3729 2826 3776 et
2855 3721 3130 3783 carnibus,
3156 3721 3354 3788 quibus
3380 3721 3528 3789 regio

1961 3807 2197 3861 maxime
2231 3807 2497 3872 abundat,
2531 3809 2653 3864 farti
2689 3826 2754 3865 ac
2791 3811 3037 3877 distenti,
3088 3811 3289 3866 deinde
3315 3828 3379 3865 ex
3409 3818 3529 3867 uvis

1962 3899 2291 3968 compressis
2353 3909 2530 3954 musto
2574 3900 2846 3956 deﬂuente
2893 3902 3097 3965 obruti,
3138 3903 3191 3955 in
3232 3902 3413 3956 febres
3471 3914 3530 3956 et

1963 3990 2140 4045 tabem
2193 3989 2509 4044 incidebant
2543 4007 2558 4042 :
2590 3997 2704 4043 tum
2762 3977 2836 4044 ita
2887 3991 3120 4045 confecti
3187 3991 3526 4058 interibant,

1963 4085 2374 4150 praesertimque
2429 4082 2820 4136 honoratorum
2855 4097 2967 4136 non
3010 4084 3167 4152 pauci
3216 4085 3528 4139 morieban-

1963 4183 2071 4228 tur.
2102 4173 2177 4227 De
2203 4173 2465 4242 gregariis
2493 4181 2674 4227 autem
2707 4173 2919 4226 animas
2940 4172 3152 4241 liquere
3182 4189 3344 4242 supra
3379 4175 3529 4231 mille

1962 4265 2292 4335 quingentos
2343 4262 2382 4319 ι’
2415 4265 2788 4320 Romanorum
2834 4280 2996 4318 nemo
3033 4281 3102 4320 ne
3142 4275 3378 4321 tentatus
3408 4269 3530 4336 qui-

1962 4358 2086 4412 dem
2122 4365 2223 4412 est.
2271 4356 2634 4425 Apocauchus
2671 4371 2898 4424 magnus
2919 4355 3052 4422 dux,
3091 4365 3152 4410 ut
3193 4356 3533 4414 Cantacuze-

1961 4465 2092 4504 num
2141 4463 2263 4502 cum
2301 4446 2475 4516 copiis
2503 4445 2836 4509 Triballicis,
2872 4461 3042 4515 prope
3075 4447 3282 4502 Pheras
3306 4463 3528 4503 moran-

1962 4548 2068 4594 tem
2098 4578 2114 4603 ,
2164 4537 2604 4606 Didymotichum
2659 4552 3004 4592 reversurum
3040 4537 3301 4600 rescivit,
3347 4540 3536 4594 subito

159 4635 170 4678 ἶ
277 4641 401 4698 Καὶ
418 4639 526 4691 τῶν
555 4655 616 4691 τε
643 4637 882 4706 μάλιστα
902 4637 961 4686 ἐν
982 4635 1124 4703 λόγῳ
1148 4635 1508 4706 ἐτεθνήκεσαν
1535 4635 1634 4687 οὐκ
1661 4634 1851 4698 ὀλίγοι,

1963 4629 2657 4702 triremesChristopolim
2692 4667 2708 4693 ,
2766 4629 3040 4698 simulque
3095 4647 3164 4684 ex
3223 4631 3528 4686 continenti

1956 4737 2181 4779 manum
2210 4721 2276 4775 ad
2309 4736 2525 4774 murum
2560 4720 2763 4775 ibidem
2813 4721 3230 4776 custodiendum
3251 4762 3266 4786 ,
3297 4732 3352 4777 et
3382 4733 3529 4778 tran-

293 4813 592 4888 Ῥωμαίων
620 4817 678 4870 δὲ
713 4817 822 4871 τῶν
861 4816 1075 4886 βασιλεῖ
1109 4817 1378 4870 συνόντων
1430 4817 1554 4870 οὐδὲ
1588 4813 1691 4884 εἷς,
1731 4818 1855 4873 οὔτε

1958 4814 2065 4868 situ
2122 4813 2278 4868 illum
2313 4812 2721 4882 prohibendum
2783 4813 2956 4870 misit.
3003 4814 3134 4870 Erat
3185 4815 3332 4869 enim
3371 4815 3525 4870 locus

280 4914 401 4986 μὴν
460 4913 738 4982 ἐνόσησεν.
781 4910 1119 4979 Ἀπόκαυχος
1169 4909 1226 4961 δὲ
1277 4911 1304 4961 ό
1356 4909 1531 4978 μέγας
1580 4909 1703 4975 δοὺξ
1736 4911 1860 4963 ἐπεὶ

278 5003 525 5060 ἐπύθετο
545 5005 634 5056 τὸν
651 5001 1108 5072 Καντακουζηνδν
1133 5000 1358 5071 βασιλέα
1382 5001 1646 5069 στρατιὰν
1668 5001 1862 5070 ἔχοντα

277 5101 357 5150 ὲκ
387 5094 672 5166 Τριϐαλῶν
716 5096 848 5163 περὶ⁵
876 5095 1054 5164 Φερὰς
1099 5081 1665 5162 ἐστρατοπεδευμένον
1695 5092 1858 5158 εἶναι,

281 5187 564 5258 μέλλοντα
593 5189 672 5249 είς
725 5186 1110 5254 Διδυμότειχον
1159 5186 1478 5252 ἐπανήκειν,
1530 5185 1669 5237 κατὰ
1696 5187 1861 5254 τάχος

274 5280 510 5346 ἔπεμπε
535 5278 783 5348 τριήρεις
807 5279 886 5338 είς
911 5273 1328 5344 Χριστούπολιν·
1360 5273 1477 5344 ἅμα
1500 5275 1556 5326 δὲ
1582 5277 1678 5328 καὶ
1701 5293 1864 5346 στρα-

273 5369 416 5424 τιὰν
443 5371 508 5421 ἐκ
539 5369 640 5437 τῆς
675 5368 928 5437 ἠπείρου,
973 5366 1049 5428 ὡς
1087 5366 1148 5418 τὸ
1177 5368 1356 5419 ἐκεῖσε
1396 5355 1655 5434 τείχισμα
1686 5366 1858 5434 φυλά-

276 5463 483 5527 ξοντας
537 5459 630 5510 καὶ
684 5457 1026 5516 κωλύσοντας
1069 5453 1369 5506 διαϐαίνειν
1425 5453 1523 5523 τὴν
1579 5451 1859 5520 στρατιάν.

271 5548 403 5604 *Ην
437 5550 545 5619 γὰρ
573 5550 602 5601 ὁ
627 5550 790 5611 τόπος
823 5545 1144 5616 ἐπιτηδείως
1187 5545 1328 5614 ἔχων
1370 5545 1451 5607 είς
1481 5543 1727 5612 φυλακὴν
1765 5541 1862 5612 τὴν

272 5647 357 5698 ὲκ
410 5644 520 5694 τῶν
562 5641 818 5703 ὁπλιτῶν,
867 5639 928 5691 ού
982 5639 1071 5692 διὰ
1116 5639 1206 5690 τὸν
1240 5639 1618 5706 ἐπιτειχισμὸν
1681 5636 1860 5704 μόνον,

274 5735 412 5790 ἀλλ’
452 5735 536 5788 ὅτι
571 5733 666 5786 καὶ
698 5729 1031 5802 κρημνώδης
1060 5730 1158 5797 ὢν,
1189 5729 1446 5784 δύσκολον
1496 5730 1609 5791 τοῖς
1639 5727 1865 5782 ἱππεῦσι

283 5829 598 5900 παρείχετο
630 5827 730 5896 τὴν
776 5825 968 5888 δίοδον,
1015 5823 1247 5894 μάλιστα
1296 5823 1345 5876 εί
1397 5822 1492 5875 καὶ
1543 5821 1650 5875 ὑπό
1700 5836 1864 5872 τινων

1958 4906 2266 4961 defensioni
2327 4906 2560 4961 idoneus
2594 4908 2777 4977 gravis
2838 4917 3131 4962 armaturae
3175 4909 3357 4971 militi,
3416 4924 3529 4963 non

1959 5007 2184 5067 propter
2244 4999 2386 5052 muri
2442 4998 2791 5052 altitudinem
2849 4999 3136 5064 duntaxat,
3214 4999 3370 5068 511
3432 5001 3530 5055 sed

1961 5089 2090 5158 quia
2147 5097 2373 5158 propter
2423 5089 2725 5158 praecipitia
2773 5105 2993 5159 quoque
3053 5091 3436 5159 (potissimum
3481 5093 3526 5145 si

1961 5179 2372 5249 prohibentium
2408 5179 2492 5252 vis
2574 5178 2853 5240 adesset)
2921 5180 3091 5248 equiti
3152 5179 3528 5248 perdifﬁcilem

1959 5271 2250 5326 transitum
2304 5269 2593 5324 elliciebrtt.
2648 5270 2873 5324 Trihalli
2921 5271 3143 5340 propter
3171 5271 3420 5326 morbum
3473 5283 3530 5326 et

1959 5363 2277 5434 quotidiana
2327 5362 2623 5415 multorum
2655 5363 2866 5422 funera,
2907 5378 2970 5417 ac
3009 5364 3336 5431 praesertim,
3381 5366 3526 5432 quod

1963 5469 2181 5508 murum
2239 5467 2334 5506 seu
2371 5452 2733 5506 munitionem
2782 5453 2929 5507 illam
2959 5471 2986 5508 a
3015 5455 3274 5508 Romanis
3299 5471 3532 5523 occupa-

1965 5553 2074 5597 tam
2128 5543 2525 5598 intellexissent
2555 5584 2569 5607 ,
2627 5543 2817 5596 Pheris
2869 5543 2920 5596 in
2941 5545 3169 5612 patriam
3211 5546 3391 5599 redire
3420 5557 3531 5600 sta-

1965 5646 2206 5691 tuerunt.
2249 5637 2549 5706 Imperator
2603 5651 2724 5690 eum
2777 5650 2873 5690 eos
2923 5652 2952 5689 a
3009 5637 3202 5690 morbo
3251 5646 3358 5690 tatu
3393 5640 3532 5691 male

1963 5729 2193 5784 affectos
2231 5727 2298 5782 ad
2332 5728 2660 5782 manendum
2713 5743 2906 5798 cogere
2943 5744 3048 5782 non
3081 5737 3303 5800 posset,
3356 5730 3534 5784 omni-

1967 5820 2069 5874 hus
2104 5820 2426 5890 proceribus
2471 5837 2533 5875 ac
2581 5819 2815 5875 ducibus
2855 5822 3190 5888 convocatis,
3217 5837 3314 5877 eos
3350 5821 3510 5877 horta
