4062 6290
477 302 582 364 987

1640 308 1967 369 JOANNIS
2008 308 2529 364 CAN'l‘AL‘UZENl

3601 306 3708 358 983

479 412 659 466 Semel
686 412 831 468 enim
861 412 1082 469 inducta
1116 415 1410 479 discordia,
1441 417 1688 486 pra-sitlia
1735 417 1956 486 quidem
1986 425 2038 469 et

2160 417 2206 466 \i
2243 416 2299 466 δὲ
2336 415 2444 466 ama
2482 412 2884 480 Θεσσαλονίκης
2915 413 3043 482 ἄχρι
3075 411 3392 474 Βυζαντίου,
3456 411 3608 464 οὐδὲν
3641 407 3707 481 ἦν

477 505 770 572 optimates
803 505 1182 562 Cantacuzeno
1208 493 1520 573 studebant,
1555 510 1701 562 illum
1737 510 2037 562 incmnmo-

480 595 566 647 dis
593 594 800 648 mederi
841 610 999 664 posse
1043 597 1419 651 existimantes
1454 607 1550 650 :at
1604 599 1754 667 plebs
1805 597 2038 665 impulsu

480 683 870 738 seditiosorum
933 686 1184 754 (quibus
1237 687 1381 740 bello
1429 688 1604 741 aliena
1668 687 2040 740 involantibus

482 776 756 828 ditescere
813 775 1081 842 licebat),
1141 776 1524 830 Cantacuzcno
1589 787 1644 832 et
1684 779 2042 847 optimatibus

484 869 689 934 pariter
727 867 1147 924 adversabatur.
1196 869 1369 936 iisque
1405 867 1590 922 multis
1626 869 1797 922 modis
1830 871 2040 921 incom-

482 957 754 1020 modabat,
820 974 925 1011 non
966 959 1138 1012 solum
1173 959 1457 1012 facultates
1492 959 1820 1028 diripiendo,
1847 972 1900 1012 et
1933 974 2040 1012 uno

484 1055 760 1100 nomento
787 1063 852 1100 ex
887 1049 1151 1102 divit;bus
1175 1050 1552 1120 pauperrimos
1577 1049 1858 1102 efﬁciendo
1879 1090 1892 1111 ,
1945 1049 2040 1103 sed

481 1148 538 1192 et
570 1141 884 1194 carceribus
925 1141 1259 1196 includendo
1285 1184 1298 1204 ,
1353 1151 1408 1195 et
1467 1157 1628 1195 omne
1658 1157 1830 1210 genus
1886 1157 2042 1196 vexa-

484 1230 649 1283 tionis
696 1233 749 1284 in
815 1231 934 1286 illos
991 1233 1344 1286 conferendo.
1381 1231 1589 1297 Quibus
1642 1247 1775 1285 vero
1826 1231 2040 1286 urbium

481 1321 819 1390 pra‘feclura‘.
840 1323 1142 1376 commissae
1173 1335 1349 1387 erant,
1377 1323 1429 1376 hi
1454 1337 1725 1377 summum
1754 1323 2041 1391 imperium

484 1413 817 1466 habentibus
867 1428 1028 1482 quam
1071 1414 1336 1466 simillimi
1369 1453 1384 1476 ,
1437 1413 1582 1468 feros
1613 1428 1731 1467 sese
1761 1412 2044 1467 carnifices

450 1572 456 1578 ν
484 1506 842 1571 prmstabant,
874 1515 929 1560 et
961 1507 1013 1560 in
1046 1507 1279 1559 humana
1317 1506 1485 1575 ﬁgura
1517 1507 1818 1560 belluarum
1852 1506 2046 1558 imma-

484 1596 710 1649 nitatem
746 1597 1094 1651 exercebant.
1133 1597 1203 1650 Eo
1240 1613 1471 1666 namque
1494 1597 1714 1649 szevitize
1768 1597 2041 1665 progressi

484 1695 631 1746 sunt,
665 1695 722 1738 ut
754 1698 954 1754 przeter
976 1687 1112 1740 alios
1135 1686 1440 1754 complures
1473 1674 1774 1739 crudeliter
1804 1686 2043 1755 punitos,

484 1777 648 1828 etiam
669 1775 1020 1828 Patriciota-n
1061 1775 1318 1829 funiculis
1341 1789 1690 1844 suspensum,
1726 1775 1778 1829 in
1806 1785 2046 1829 tormen-
2074 1751 2120 1809 Β

487 1868 557 1920 tis
589 1867 726 1919 mori
769 1866 1016 1920 siverint.
1061 1865 1312 1920 Siderum
1347 1876 1526 1920 autem
1559 1881 1728 1936 usque
1760 1867 1827 1920 ad
1865 1867 2046 1921 defec-

490 1957 691 2010 tionem
745 1956 942 2010 animae
990 1956 1310 2010 verberibus
1364 1958 1586 2026 indigne
1634 1969 1962 2022 contusum,
1995 1959 2046 2012 in

489 2047 896 2100 tenebricosum
950 2048 1242 2116 quemdam
1301 2063 1577 2102 carcerem
1634 2049 1865 2113 nudum,
1902 2050 2050 2105 velut

489 2149 788 2202 mortuum,
831 2139 975 2192 nulla
1007 2140 1321 2193 caerimonia
1363 2141 1730 2210 proiecerunt.
1763 2141 1933 2207 Quem
1970 2141 2051 2197 sic

492 2228 668 2284 instar
709 2231 976 2284 exanimis
1026 2231 1091 2284 ad
1143 2231 1261 2286 dies
1291 2233 1500 2299 aliquot
1549 2233 1852 2302 iacentem,
1887 2232 2049 2288 Persa

489 2321 710 2390 quidam
745 2320 888 2374 bello
942 2331 1155 2389 captus,
1181 2331 1235 2375 et
1276 2322 1540 2376 divinitus
1576 2323 1668 2376 illo
1708 2338 1928 2376 carcere
1957 2324 2050 2378 de-

495 2422 718 2475 tentus,
778 2428 886 2466 non
943 2412 1149 2481 vulgari
1187 2428 1316 2466 cura
1365 2429 1429 2466 ex
1492 2414 1680 2468 multis
1724 2414 1834 2468 illis
1880 2415 2053 2486 plagis

491 2507 778 2559 recreavit.
819 2505 1008 2558 Parem
1064 2521 1249 2560 curam
1287 2506 1428 2560 idem
1483 2507 1644 2578 514
1703 2507 1952 2576 captivus
1997 2507 2052 2560 in

493 2596 862 2666 Synadenam.
921 2597 1092 2664 ips:«m
1135 2613 1356 2666 quoque
1411 2589 1782 2653 inhumaniter
1819 2600 1884 2653 ad
1916 2614 2056 2652 mor-

495 2696 601 2738 tem
642 2702 784 2755 pene
818 2687 1158 2756 flagellatam,
1187 2698 1243 2742 et
1278 2688 1475 2740 nudam
1503 2688 1558 2742 in
1585 2689 1838 2742 eumdem
1870 2703 2054 2742 carce-

495 2792 610 2828 rem
641 2776 916 2830 detrusam
934 2780 1235 2846 usurpavit.
1259 2776 1515 2831 Omnium
1540 2793 1831 2832 commune
1847 2779 2054 2833 crimen

495 2875 616 2920 erat
679 2868 900 2937 antiqua
953 2869 1005 2922 in
1059 2867 1501 2923 Cantacuzenum
1557 2869 2056 2932 benevolentia,et

496 2972 661 3013 nosse
697 2959 1000 3014 occultalas
1050 2961 1119 3013 ab
1153 2976 1220 3015 eo
1263 2961 1564 3030 pecunias,
1623 2975 1758 3028 quas
1813 2961 2055 3015 indicare

497 3050 988 3118 compellebantnr.
1027 3053 1141 3107 Nec
1197 3061 1376 3105 tamen
1427 3067 1456 3105 a
1509 3051 1869 3106 nobilioribus
1921 3051 2055 3104 adeo

497 3147 761 3199 atrociter
790 3146 1128 3215 flagellandis
1161 3146 1535 3202 abstinebant.
1570 3146 1860 3201 Asaninam
1886 3147 2056 3212 enim,

497 3235 778 3291 Michaelis
806 3238 1023 3300 Asanis.
1061 3239 1296 3294 filiorum
1325 3240 1522 3294 Asanis
1569 3239 1808 3308 despota:
1855 3238 2062 3308 primo-

498 3319 664 3397 geniti
697 3345 920 3384 uxorem
955 3330 1192 3384 fidiculis
1221 3342 1512 3385 attractam
1551 3333 1645 3385 diu
1682 3332 1814 3385 loris
1850 3331 2064 3385 cecide-

501 3431 656 3485 runt,
706 3429 766 3474 ut
796 3423 1067 3475 consciam
1100 3423 1874 3491 redarguentes.quarumdam
1916 3423 2064 3476 litte-

441 3531 444 3533 λ
501 3527 709 3574 rarum,
739 3527 860 3579 quae
888 3527 915 3564 a
947 3513 1328 3567 Cantacuzeno
1375 3513 1688 3582 Byzantium
1723 3529 1892 3582 super
1928 3529 2066 3568 non-

501 3601 672 3654 nullis
702 3601 1094 3656 interficiendis
1129 3605 1410 3657 venissent
1439 3643 1452 3666 ,
1495 3619 1632 3672 quas
1669 3603 1770 3656 sibi
1817 3605 2064 3659 exhiberi

497 3693 790 3763 jnbebant.
829 3692 955 3747 ll:ec
1010 3709 1184 3762 pauca
1216 3694 1465 3763 exempla
1498 3695 1566 3750 de
1597 3695 1779 3749 multis
1821 3695 2068 3748 narravi-

503 3800 664 3849 mus;
697 3794 1051 3856 pmpterqme
1072 3795 1253 3840 tantus
1275 3802 1443 3857 pavor
1462 3787 1694 3856 injectus
1711 3799 1795 3842 est
1815 3788 2068 3842 omnibus

509 3889 610 3943 per
671 3875 962 3943 imperium
1019 3875 1322 3929 Romanum
1383 3877 1788 3944 optimatibus.
1849 3885 1909 3930 ut
1971 3892 2070 3931 nec

506 3967 914 4021 necessitudine
941 3966 1407 4038 conjunctissimis
1443 3967 1694 4031 fiderent,
1726 3984 1794 4022 ne
1833 3969 1972 4023 forte
2001 3971 2069 4030 ab

507 4059 578 4112 iis
608 4059 996 4127 proderentur.
1029 4060 1144 4113 Tali
1188 4073 1368 4114 autem
1399 4061 1633 4128 quodam
1656 4070 1855 4115 eventu
1883 4061 2069 4131 majori

509 4161 721 4205 terrore
770 4153 1025 4206 concussi
1079 4163 1230 4207 sunt.
1273 4152 1376 4218 Qui
1419 4152 1472 4205 in
1501 4152 1846 4207 Constantini
1891 4153 2070 4221 magni

506 4241 712 4310 palatio
737 4242 904 4296 vincti
929 4242 1336 4305 attinebantur,
1381 4258 1501 4296 cum
1546 4243 1657 4310 jam
1706 4242 1823 4294 dies
1848 4242 2074 4310 jejunio-

511 4347 631 4385 rum
667 4342 982 4398 agerentur.
1007 4344 1061 4387 et
1081 4348 1354 4402 quemque
1375 4334 1443 4387 de
1465 4333 1630 4386 rebus
1645 4332 1759 4385 suis
1781 4331 1846 4384 ad
1867 4341 2071 4399 patrem

2083 560 2088 567 ,
2139 509 2166 558 ὅ
2224 525 2273 559 τι
2322 506 2395 574 μὴ
2431 506 2722 572 ὑπέμενον.
2788 504 3058 568 Καθάπαξ
3107 506 3214 574 γὰρ
3250 505 3331 565 είς
3364 503 3459 554 δύο
3502 499 3706 571 διαιρε-

2143 597 2341 659 θεῖσαι,
2376 597 2604 664 στρατιά
2652 596 2770 665 μὲν,
2807 598 2902 648 καὶ
2954 598 3002 648 oi
3036 597 3184 650 ἄλλοι
3220 597 3435 662 ἄριστοι
3465 595 3576 646 τῶν
3605 612 3703 644 πο-

2139 681 2302 734 λιτῶν
2354 683 2421 734 τὰ
2471 681 2931 752 Καντακουζηνοῦ
2981 683 3076 736 τοῦ
3133 683 3400 752 βασιλέως
3449 682 3700 753 ᾑροῦντο.

2141 776 2348 827 ἐκεῖνον
2377 774 2612 841 οἰόμενοι
2663 774 2994 842 δυνήσεσθαι
3027 775 3127 835 τὰς
3160 773 3545 842 κατασχούσας
3579 776 3702 842 στή-

2144 884 2257 918 σειν
2289 866 2594 935 συμφοράςο
2623 867 2669 916 οί
2702 865 2864 933 δῆμοι
2892 865 2947 916 δὲ
2979 865 3085 917 τῶν
3115 867 3454 917 στασιαστῶν
3483 866 3700 930 ἔνατόν.

2141 974 2271 1021 των,
2298 953 2380 1020 οἷς
2414 959 2478 1009 ἐκ
2506 956 2599 1009 τοῦ
2629 956 2866 1026 πολέμου
2902 958 2969 1009 τὰ
2997 957 3083 1010 ἐτέ
3092 975 3202 1026 ρων
3230 957 3419 1027 ἔχουσι
3456 959 3705 1011 πλουτεῖν

2143 1049 2292 1117 ἐνῆν,
2327 1050 2459 1120 πρός
2481 1065 2538 1099 τε
2561 1046 2788 1117 βασιλέα
2813 1047 3269 1114 Καντακουζηνὺν
3300 1049 3393 1100 καὶ
3418 1049 3543 1110 τοὺς
3576 1048 3704 1112 παρ’

2144 1140 2396 1202 ἑκάστοις
2434 1140 2694 1195 δυνατοὺς
2747 1141 2953 1209 ὁμοίως
3003 1141 3326 1209 ἐπολέμουν,
3372 1141 3480 1193 ’καὶ
3538 1141 3702 1192 πολλά

2143 1233 2442 1284 διετίθεσαν
2468 1233 2635 1295 κακά,
2674 1232 2734 1283 οὐ
2767 1233 2928 1301 μόνον
2958 1235 3058 1294 τὰς
3092 1232 3280 1291 οὐσίας
3311 1231 3700 1301 διαρπάζοντες

2147 1320 2244 1372 καὶ
2273 1319 2656 1387 ἀπορωτάτους
2687 1321 2752 1372 ἐκ
2779 1319 3046 1374 πλουσίων
3066 1321 3482 1382 ἀποδεικνύντες
3514 1323 3568 1372 ἐν
3595 1321 3691 1390 μ.ιᾷ

2145 1411 2338 1481 καιροῦ
2375 1413 2539 1480 ῥοπῇ,
2567 1411 2702 1464 ἀλλά
2725 1411 2821 1465 καὶ
2850 1413 3246 1480 δεσμωτηρίοις
3270 1413 3698 1479 κατακλείοντες,

2146 1505 2240 1558 κοιλ⁸
2276 1501 2442 1568 ἀλλην
2476 1504 2660 1555 πᾶσαν
2693 1503 2773 1564 είς
2801 1503 3000 1564 αὐτοὺς
3033 1502 3284 1555 κάκωσιν
3327 1503 3701 1570 ἐπιδεικνύμε-

2143 1611 2245 1657 νοι,
2276 1594 2408 1645 οἵτε
2442 1595 2540 1657 τὰς
2569 1594 2741 1663 ἀρχὰς
2795 1610 2904 1646 των
2953 1593 3164 1648 πόλεων
3216 1594 3702 1662 ἐπιτετραμμένοι,

2145 1687 2259 1748 τοῖς
2314 1687 2421 1738 τῶν
2460 1687 2594 1739 ὅλων
2631 1685 2862 1755 ἄρχουσι
2897 1687 3246 1755 πραγμάτων
3305 1687 3538 1756 μάλιστα
3589 1687 3703 1750 ἐξο-

2151 1776 2498 1844 μοιούμενοι,
2563 1775 2870 1830 κολαστικοί
2924 1794 3076 1839 τινες
3123 1779 3218 1830 καὶ
3281 1779 3548 1847 ἀνήμεροι
3611 1777 3704 1828 καὶ

2151 1866 2433 1936 θηριώδεις
2486 1869 2898 1938 ἐφιλοτιμοῦντο
2948 1864 3110 1923 εἶναι.
3184 1869 3415 1922 Ἐκεῖνοι
3465 1871 3571 1936 γὰρ
3628 1869 3704 1930 είς

2149 1958 2398 2010 τοσοῦτον
2427 1957 2709 2028 ὠμότητος
2737 1960 3028 2028 προῆλθον,
3063 1959 3136 2021 ὡς
3167 1959 3360 2022 ἄλλους
3399 1977 3456 2010 τε
3486 1959 3704 2020 πολλοὺς

2151 2047 2533 2117 ἀπανθρώπως
2561 2049 3004 2118 τιμωρήσασθαι,
3038 2051 3131 2101 καὶ.
3179 2049 3562 2118 Πιτρικιώτην
3589 2051 3705 2110 ταῖς

2154 2139 2408 2208 βασάνοις
2439 2138 2788 2192 ἐναποθανεῖν
2823 2140 2990 2192 ἐᾶσαι
3026 2139 3344 2198 καλλωδίοις
3399 2139 3705 2208 ἐξηρτημέ-

2155 2224 2533 2302 νον.’Σιδηρᾶν
2563 2231 2620 2283 δέ
2657 2232 2796 2301 μετά
2827 2234 2888 2283 τὸ
2927 2231 3247 2284 αίιίσασθαι
3291 2231 3455 2300 μέχρι
3502 2233 3705 2285 ἄπνουν

2155 2317 2316 2382 εἶναι,
2351 2322 2578 2389 ζοφώδει
2610 2323 2719 2375 τινὶ
2766 2322 3128 2392 δεσμωτηρίῳ
3161 2323 3536 2392 ἐναπέρῤιψαν
3571 2340 3705 2390 γυμ-

2151 2411 2242 2465 νὸν
2273 2407 2360 2463 οἷα
2385 2412 2448 2482 δὴ
2474 2413 2688 2482 νεκρὸν,
2728 2413 2850 2467 οὑδέ
2882 2413 3038 2476 ὁσίας
3071 2412 3425 2477 ἀξιώσαντες.
3466 2416 3563 2467 Ὃν
3613 2412 3706 2465 οὖ-

2153 2521 2260 2565 τως
2316 2503 2520 2557 ἄπνουν
2564 2506 2982 2576 ἀπερριμμένον
3019 2505 3110 2558 ἐπί
3159 2524 3312 2566 τινας
3343 2507 3576 2576 ἡμέρας,
3603 2506 3708 2557 τῶν

2155 2592 2384 2662 Περσῶν
2425 2609 2505 2656 τις
2537 2593 2864 2664 δοριάλωτος
2913 2595 3033 2666 θείᾳ
3077 2597 3306 2666 προνοίᾳ
3329 2595 3407 2665 τῷ
3430 2595 3712 2663 δεσμωτη·

2157 2684 2258 2754 ρίῳ
2313 2683 2505 2752 ἐκείνῳ
2537 2685 2907 2754 καθειρχθεὶς,
2950 2688 3213 2754 προνοίας
3265 2703 3323 2738 τε
3371 2686 3602 2754 ἠξίωσεν
3652 2686 3709 2736 ού

2155 2777 2254 2845 τῆς
2280 2775 2574 2846 τυχούσης,
2617 2779 2709 2830 καὶ
2740 2781 2847 2831 τῶν
2878 2777 3091 2830 πολλῶν
3122 2778 3345 2831 ἐκείνων
3377 2779 3713 2849 ἀνεκτήσατο

2159 2865 2456 2935 αἰκισμῶν.
2489 2867 2602 2936 Τὴν
2631 2868 2824 2934 ὁμοίαν
2855 2867 2912 2920 δέ
2939 2870 2965 2920 ὁ
2995 2867 3319 2936 δοριάλωτος
3350 2869 3555 2930 ἐκεῖνος
3582 2868 3712 2936 πρό-

2157 2977 2306 3013 νοιαν
2337 2962 2430 3013 καὶ
2458 2960 2593 3028 πρὸς
2629 2960 2939 3030 Συναδηνὴν
2970 2960 3304 3024 ἐπεδείξατο,
3335 2961 3712 3028 ἀπανθρώπως

2085 3084 2128 3141 c
2160 3050 2418 3118 κάκείνην
2452 3049 2794 3105 αἰκισθεῖσαν
2847 3053 3015 3119 ἐγγὺς
3061 3051 3315 3114 θανάτου,
3367 3054 3462 3103 καὶ
3507 3051 3716 3120 γυμνὴν

2161 3144 2242 3205 είς
2276 3144 2451 3196 ἐκεῖνο
2497 3144 2558 3196 τὸ
2606 3146 2979 3215 δεσμωτήριον
3033 3145 3457 3214 ἀπορῤιφεῖσαν.
3494 3144 3635 3196 Πᾶσι
3664 3141 3720 3193 δὲ

2159 3227 2228 3302 ἦν
2274 3234 2528 3304 ἔγκλημα
2584 3236 2616 3303 ἡ
2670 3235 2801 3304 περὶ
2856 3235 3080 3303 βασιλέα
3129 3235 3219 3287 τὸν
3267 3233 3718 3302 Καντακουζηνδν

2163 3323 2409 3393 προτέρα
2452 3323 2656 3388 εὔνοια,
2708 3327 2804 3378 καὶ
2850 3328 2911 3378 τὸ
2945 3327 3204 3395 χρήματα
3235 3328 3445 3379 ἐκείνου
3491 3325 3722 3392 κρυπτό-

2166 3430 2308 3484 μενα
2339 3413 2559 3477 εἰδέναι,
2588 3413 2624 3468 ἃ
2649 3415 3023 3484 ἠναγκάζοντο
3054 3414 3338 3486 φανεροῦν.
3367 3415 3442 3466 Οὐ
3477 3415 3583 3484 μὴν
3607 3415 3719 3466 ούδέ

2163 3507 2272 3560 τῶν
2304 3509 2708 3578 εύγενεστέρων
2757 3509 3044 3576 ἀπείχοντο
3076 3508 3251 3569 οὕτως
3293 3508 3528 3570 αίκίζειν
3555 3508 3723 3559 ἀπαν-

2167 3599 2424 3668 θρώπως.
2488 3599 2772 3651 Ἀσανίναν
2824 3600 2933 3668 γὰρ
2978 3600 3076 3670 τὴν
3117 3599 3318 3666 ’Δσάνη
3365 3600 3458 3662 τοῦ
3508 3599 3721 3668 Μιχαὴλ

2166 3690 2416 3760 γαμετὴν
2439 3690 2533 3743 τοῦ
2563 3689 2780 3758 πρώτου
2800 3690 2909 3742 τῶν
2938 3690 3140 3758 Ἀσάνη
3163 3688 3258 3740 τοῦ
3280 3690 3542 3741 δεσπότου
3569 3689 3720 3750 υίῶν,

2170 3785 2427 3851 σχοινίοις
2454 3783 2852 3852 αἰωρήσαντες,
2888 3781 3188 3850 ἐμάστιξαν
3235 3781 3319 3847 ἐφ’
3364 3781 3568 3841 ἱκανὸν,
3607 3783 3722 3832 ἑπι-

2170 3876 2485 3936 καλοῦντες,
2536 3874 2610 3936 ὡς
2651 3873 2920 3943 συνειδείη
2957 3876 3035 3934 είς
3065 3873 3356 3934 Βυζάντιον
3403 3873 3557 3940 παρὰ
3589 3873 3724 3923 Καν·

2169 3963 2508 4034 τακουζηνοῦ
2531 3967 2620 4015 ἐπὶ
2637 3963 2905 4032 διαφθορᾷ
2927 3980 3089 4015 τινων
3107 3964 3415 4032 γράμματα
3433 3959 3722 4028 ἀφιγμένα.

2169 4057 2205 4111 ἃ
2236 4058 2486 4109 ἐκέλευον
2534 4055 2669 4121 δῆλα
2707 4057 2800 4110 καὶ
2827 4056 3008 4115 αὐτοῖς
3044 4056 3239 4107 ποιεῖν.
3269 4052 3456 4104 Ταῦτα
3493 4052 3596 4119 μὲν,
3637 4046 3726 4101 οὖν

2173 4150 2235 4200 ἐκ
2266 4148 2478 4200 πολλῶν
2507 4147 2663 4214 ὀλίγα
2695 4147 2932 4216 εἴρηται,
2980 4147 3047 4198 δι’
3075 4145 3111 4198 ἃ
3157 4146 3240 4207 είς
3287 4144 3541 4197 τοσοῦτον
3575 4141 3727 4210 ἦλθον

2177 4239 2346 4308 φόϐου
2385 4239 2433 4290 οἱ
2461 4239 2773 4305 ἁπανταχοῦ
2813 4239 2911 4304 τῆς
2944 4235 3232 4303 Ῥωμαίων
3256 4235 3364 4302 γῆς
3389 4235 3601 4302 ἄριστοι
3629 4233 3727 4281 τῶν

2178 4332 2410 4388 πόλεων.
2451 4331 2526 4392 ὼς
2585 4331 2720 4398 μηδέ
2766 4331 2880 4390 τοῖς
2932 4329 3286 4387 οἰκειοτάτοις
3333 4327 3477 4393 άγαν
3518 4326 3726 4396 θαρρεῖν

510 4425 854 4492 spiritnalem
918 4427 1167 4490 referre,
1225 4434 1686 4495 peccatorumque
1733 4425 2060 4493 exomologe-

2178 4425 2275 4492 τὴν
2310 4423 2600 4492 προδοσίαν
2624 4422 2946 4482 δεδοικότες.
2972 4420 3195 4486 Συμὸἀν
3221 4421 3276 4472 δέ
3298 4437 3350 4471 τι
3386 4419 3480 4471 καὶ
3504 4416 3727 4470 τοιοῦτον

511 4517 598 4571 sin
635 4520 694 4585 (ἰ)
748 4519 1039 4574 instituere
1088 4526 1400 4588 oporteret;
1449 4516 1889 4586 quandoquidem
1944 4516 2078 4585 ipsis

2186 4515 2386 4584 μᾶλλον
2417 4514 2770 4583 ἐξεῳόὸησεν.
2821 4513 2884 4566 Ol
2935 4513 3044 4583 γὰρ
3095 4513 3152 4563 ἐν
3203 4509 3613 4563 Κωνστάντίνον
3644 4503 3724 4558 τοῦ

1733 4657 1948 4716 Jacobi
1986 4657 2265 4717 Gretseri
2305 4663 2488 4716 notas.

584 4785 644 4846 (ἰ)
688 4781 763 4834 En
814 4797 968 4834 usum
1018 4797 1210 4833 annuae
1256 4778 1616 4833 confessionis
1665 4780 1716 4833 in
1763 4781 2068 4850 quadrage-

515 4854 648 4905 sima
697 4853 837 4918 apud
880 4851 1115 4914 Grmcos,
1164 4850 1255 4917 qui
1302 4850 1513 4916 πατέρα
1558 4852 1944 4915 πνευματικὸν,
1989 4852 2070 4904 vel

515 4923 783 4986 absolute,
809 4921 926 4972 sine
956 4919 1233 4984 adjuncto,
1260 4918 1627 4986 πνευματικοί
1664 4930 1876 4980 vocant.
1911 4936 2071 4986 quem

515 5006 616 5045 nos
661 4989 1073 5059 Confessart‘um,
1121 5005 1214 5040 seu
1267 4998 1469 5054 patrem
1524 4989 1873 5056 spiritualem.
1925 4991 2074 5054 Qun-

517 5063 677 5114 tnmlo
715 5072 897 5113 antem
935 5059 1103 5112 Graeci
1148 5063 1534 5116 conliteantnr.
1565 5059 1850 5126 explicavit
1887 5059 2076 5112 Iliere-

518 5134 654 5182 inias
697 5130 1004 5198 patriarcha
1050 5128 1688 5194 Constantinopolitantts
1727 5130 1780 5180 in
1813 5145 1909 5180 sua
1946 5145 2075 5180 cen-

515 5216 642 5252 sura
676 5197 795 5268 cap.
829 5199 915 5260 ll,
961 5198 1042 5251 liis
1085 5198 1306 5268 verbis:
1340 5199 1582 5268 Λέχομεν
1623 5197 1803 5249 τοίνυν
1845 5201 2080 5266 ἀποκρι-

517 5266 756 5333 νόμενοι,
787 5271 866 5319 ὅτι
897 5269 1113 5335 πρῶτον
1142 5267 1239 5335 μὲν
1261 5268 1288 5318 ὁ
1311 5266 1549 5327 τοιοῦτος
1573 5270 1852 5333 οἰκονόμος
1877 5269 2082 5335 ὀφείλει

517 5336 659 5391 εἶναι
691 5334 1061 5405 πνευματὶκδις
1100 5334 1303 5404 ἰατρὸς,
1348 5336 1590 5405 ἀκριὸῶς
1629 5338 1985 5397 ἐπιστάμενος
2015 5334 2085 5387 τά

522 5409 890 5476 πνευματικά.
920 5403 1050 5459 Εἶτα
1076 5407 1102 5456 ὁ
1126 5403 1620 5476 Δἐξομολογούμενος
1651 5407 1728 5466 είς
1758 5407 1857 5457 ὅσα
1883 5407 2081 5472 δυνηθῇ

522 5483 615 5528 xxi
641 5473 918 5546 ἐνθυμηθῇ
950 5477 1069 5527 κατ’
1095 5473 1235 5536 εἶδος
1258 5477 1431 5526 εἰπεῖν
1455 5473 1545 5526 καὶ
1579 5476 2081 5543 ἐξομολογήσασθαι

526 5553 664 5612 μετά
721 5545 1193 5614 συντετριμμένης
1255 5545 1480 5613 καρδίας
1533 5549 1628 5598 καὶ
1686 5549 2087 5614 τεταπεινωμέ-

526 5631 644 5679 νης,
679 5625 786 5668 etc.
834 5613 1217 5680 Respondemus
1265 5632 1494 5680 primum
1534 5618 1743 5684 quidem
1782 5615 1941 5666 talem
1987 5613 2080 5684 mi;

532 5684 757 5737 nistrum
802 5685 1156 5751 (sacramenti
1208 5681 1567 5749 pwnitentiazi
1617 5685 1798 5736 debere
1841 5700 1945 5737 esse
1983 5681 2091 5739 sni-

2176 4779 2424 4834 rimalem
2477 4778 2772 4837 medicum,
2832 4775 3139 4846 spiritualia
3205 4782 3454 4825 accurate
3513 4772 3730 4846 doctum.

2183 4851 2378 4904 Deinde
2423 4847 2711 4915 conﬁtentis
2761 4840 2948 4898 manus
2997 4853 3093 4906 est,
3133 4853 3187 4893 ut
3235 4853 3491 4915 quantum
3538 4840 3650 4906 ﬁeri
3691 4845 3735 4888 et

2181 4920 2446 4972 recordari
2500 4911 2686 4985 potest.
2724 4926 2936 4987 peccato
2993 4915 3044 4964 iu
3077 4915 3243 4987 specie
3281 4911 3594 4987 conﬁteatur
3625 4923 3730 4987 qum

2181 4991 2335 5042 corde
2381 4977 2603 5040 conti-ito
2647 4994 2692 5036 et
2726 4977 3041 5055 'Immiliato.
3086 4977 3602 5055 (Lapjte_st-7qttent_i_
3633 4977 3736 5055 fuse

2185 5059 2405 5113 disserit
2443 5058 2584 5109 idem
2631 5054 2938 5123 patriarcha
2987 5054 3114 5119 περὶ
3153 5045 3256 5102 τῶν
3293 5045 3644 5123 ἱκανοττοιῖών
3678 5045 3738 5094 tle

2185 5118 2645 5196 satisfactiom‘bus
2685 5135 2730 5196 et
2784 5118 3131 5196 partitentis,
3179 5137 3223 5196 ξι.
3262 5118 3605 5196 pneutnatico
3650 5129 3737 5164 seu

2191 5185 2457 5265 spiritnali
2499 5207 2653 5265 patre
2688 5185 2893 5265 inlpotii
2938 5193 3128 5265 solitis.
3179 5189 3290 5242 Mus
3330 5190 3417 5240 hic
3462 5185 3741 5265 institqett—

2192 5254 2273 5320 d'a:
2324 5254 2682 5335 confessionis
2736 5254 2990 5335 Ecclesize
3029 5260 3237 5335 praeca-
3284 5265 3582 5335 perpetuus
3627 5254 3740 5308 fuit,

2195 5351 2292 5389 nec
2330 5353 2358 5387 a
2391 5334 2643 5387 Nectario
2679 5331 2985 5400 patriarcha
3020 5328 3740 5400 Constuntino_politano_su-

2186 5406 2400 5468 blattis;
2455 5419 2574 5455 nam
2615 5390 2896 5470 presbyter
2945 5401 3053 5458 ille.
3100 5398 3561 5471 ctijusuoll‘tCium.
3596 5390 3744 5471 abro-

2191 5490 2341 5543 gasse
2378 5466 2567 5532 fertur,
2603 5466 2709 5524 non
2748 5466 2985 5543 private,
3021 5469 3113 5520 sed
3147 5466 3747 5543 publicaenpcenitentite

2194 5533 2420 5610 praeerat
2451 5561 2464 5594 :
2501 5543 2570 5594 de
2616 5555 2723 5607 quo
2749 5533 2992 5610 'copinse
3035 5533 3325 5610 ca_rdinal_is
3372 5533 3744 5610 Bellarminus.

2198 5601 2269 5666 lib
2327 5629 2383 5665 nt
2416 5613 2492 5664 De
2524 5601 2702 5676 pan-it.
2734 5601 2858 5680 cap.
2883 5610 2916 5680 Al
2935 5609 2980 5669 ί,
3014 5617 3068 5660 et
3089 5605 3409 5680 Franciscus
3432 5601 3745 5680 Tui-ritilius.

2197 5684 2289 5736 lib.
2324 5700 2371 5734 iv
2407 5682 2476 5735 De
2508 5670 2818 5744 damnantis-
2845 5677 3228 5730 characteribus
3257 5673 3393 5727 t'erbi
3430 5670 3545 5722 Dei.
