4062 6290
328 316 435 388 989

1493 328 2033 386 ΗιδΊυιιιΑιιυΜ
2080 329 2310 384 LIBER
2354 330 2501 387 lll.‘

3482 332 3589 393 9‘30

334 432 577 503 μεγάλου
609 437 721 498 τοῖς
754 432 1054 504 βασιλείοις
1103 436 1258 499 ὄντες
1304 435 1608 505 δεσμῶται,
1642 436 1768 488 ἐπεὶ
1804 438 1913 489 τῶν

2024 437 2370 493 introducere
2404 438 2492 493 cui
2532 436 2767 503 ﬁderent
2814 453 2922 492 non
2975 413 3526 508 lieebat,pe:ieruut
3556 460 3585 496 a

331 528 601 597 νηστειῶν
630 528 888 597 παρῆσαν
922 528 976 580 αἱ
1029 523 1259 598 ἡμέραί,
1307 528 1401 581 καὶ
1453 528 1562 580 ἔδει
1615 527 1909 581 ἀναθέσθαι

330 627 400 673 τα
431 618 553 673 κατ’
585 620 788 681 αὐτοὺς
815 620 972 687 ἀνδρὶ
1002 620 1383 690 πνευματικίξῃ
1407 612 1501 673 καὶ
1524 620 1911 689 ὲξομολόγησ.ν

334 711 673 780 ποιήσασθαι
707 712 816 764 τῶν
844 711 1430 783 πεπλημμελημένων,
1481 715 1607 766 ἐπεὶ
1664 715 1738 782 μὴ
1784 713 1912 782 ἐξῆν

332 806 535 868 αὑτοῖς·
569 804 818 871 εἰσάγειν
860 801 941 868 οἷς
993 805 1286 877 ἐθάρρουν,
1343 804 1574 877 ῂτοῦντο
1618 805 1771 875 παρά
1803 804 1912 856 τῶν

332 897 611 964 ἀρχ·’ντων
641 896 907 949 εἰσελθεῖν
938 935 954 959 ,
1011 896 1071 949 ὃν
1121 897 1187 949 ἆν
1244 898 1524 967 βούλοιντο
1547 898 1724 950 αὐτοί.
1759 899 1823 951 οι
1854 896 1912 949 δέ

335 970 484 1050 τινα,
540 987 754 1040 Γλύκαν
803 989 997 1058 ὄνομα,
1041 988 1246 1056 φαῦλον
1277 988 1586 1058 ἄνθρωπον,
1644 992 1739 1043 καὶ
1784 988 1914 1059 περὶ

338 1081 515 1148 μέθας
564 1082 961 1150 ἠσχολημένον,
1015 1085 1111 1135 καὶ
1167 1082 1332 1151 ἕτερα
1381 1082 1706 1150 ἀτοπώτερα
1753 1098 1911 1143 τινα.

337 1172 536 1241 ἱμάτια
568 1172 824 1242 μοναχῶν
847 1173 1193 1237 ἐνδύσαντες,
1232 1174 1327 1226 καὶ
1354 1174 1413 1225 τὸ
1446 1174 1741 1242 λεγόμενον
1770 1172 1913 1242 μέγα

337 1262 535 1332 σχῆμα
580 1263 921 1332 περιθέντες,
976 1265 1375 1336 προσέπεμπον
1426 1270 1541 1328 τοῖς
1583 1264 1912 1335 δεσμώταις,

334 1351 429 1407 οἷα
486 1358 887 1426 πνευματικόν·
916 1357 1170 1412 ἐκέλευόν
1200 1376 1260 1412 τε
1298 1361 1423 1422 τοὺς
1463 1360 1758 1429 λογισμοὺς
1806 1359 1915 1411 τῶν

336 1441 554 1511 ἀνδρῶν
589 1444 909 1515 ἀνερευνᾷν,
945 1446 974 1498 ὃ
1033 1464 1085 1499 τι
1133 1451 1263 1518 περὶ
1306 1448 1767 1520 Καντακουζηνοῦ
1801 1449 1914 1503 δια-

338 1536 618 1599 νοοῦνται,
645 1539 738 1589 καὶ
764 1538 815 1589 εί
853 1538 1287 1603 συνίσασί.τινας
1329 1543 1422 1596 καὶ
1449 1543 1644 1606 ἄλλους
1675 1543 1742 1596 τά
1776 1543 1917 1597 αὑτά

340 1626 579 1697 ἐκείνοις
607 1629 944 1697 ᾑρημένους.
993 1631 1053 1684 '0
1082 1633 1162 1698 δὲ,
1215 1634 1315 1704 τὴν
1359 1634 1653 1705 ὑπόκρισιν
1690 1635 1918 1705 κέρδους

335 1718 506 1772 ἕνεκα
556 1720 808 1774 ὑπελθὼν
855 1723 1047 1791 ἡδέως,
1108 1727 1204 1780 καὶ
1253 1728 1546 1796 γενόμενος
1598 1727 1737 1797 πρὸς
1790 1727 1918 1792 τοὺς

2021 531 2435 599 ηιεικίειτιιιὶὑυε
2457 573 2471 590 .
2532 542 2592 585 ιιι
2628 546 2695 583 eo
2722 532 3006 585 mitterent
3034 547 3196 600 quem
3232 533 3455 586 vellem.
3484 534 3586 598 Qui

2018 622 2236 692 Glycam
2274 623 2590 693 quemdam.
2636 623 2913 677 hominem
2966 639 3222 692 nequam,
3279 624 3491 693 poculis
3534 633 3591 677 et

2020 715 2142 768 aliis
2184 715 2655 769 inbonestioribus
2689 714 2853 768 rebus
2876 723 3183 775 Vacantem.
3224 730 3417 784 magno
3444 715 3586 784 quod

2020 807 2227 861 dicitur
2267 807 2545 860 Schemate
2579 800 2753 875 (veste
2788 806 3111 870 monastiea)
3170 807 3445 869 indutum,
3492 822 3590 874 pro

2022 899 2253 965 spiritali
2305 898 2464 952 Patre
2521 899 2745 954 mittunt
2781 915 2794 951 :
2828 898 2913 950 cui
2968 897 3230 953 mandant
3256 938 3270 960 ,
3300 899 3588 966 explorare

2023 990 2242 1043 illorum
2297 989 2553 1048 animos.
2599 989 2728 1057 quid
2788 989 2856 1044 de
2891 988 3274 1042 Cantacuzeno
3324 990 3588 1049 sentiant.

1996 1096 2152 1134 num
2186 1081 2323 1135 alios
2349 1081 2534 1134 norint
2558 1081 2649 1148 qui
2679 1096 2864 1134 secum
2918 1082 3066 1149 paria
3100 1068 3361 1135 sentiant.
3393 1079 3590 1148 Glycas

1994 1166 2313 1240 Upersonam
2348 1173 2489 1225 hanc
2506 1182 2750 1240 quaestus
2772 1170 2943 1240 gratia
2975 1170 3423 1227 libenterinduit.
3445 1180 3501 1223 et
3521 1169 3586 1223 ad

2022 1262 2237 1316 vinctos
2296 1263 2527 1324 adiens,
2580 1269 2704 1332 post
2750 1262 3114 1316 admissornin
3151 1262 3587 1328 confessionem.

2025 1369 2304 1424 quemque
2343 1355 2637 1423 sejunctim
2694 1353 2860 1408 etiam
2914 1353 2983 1407 de
3024 1351 3422 1415 Cantacuzeuo,
3457 1352 3587 1421 quid

2024 1446 2384 1501 meditaretur
2409 1446 2730 1515 interrogat.
2782 1446 2853 1499 At
2882 1444 2956 1499 illi
2988 1460 3099 1498 non
3131 1444 3277 1513 quod
3318 1451 3458 1507 erat,
3492 1444 3586 1499 sed

2023 1553 2220 1593 revera
2259 1537 2477 1592 Patrem
2520 1537 2898 1607 spiritualem,
2937 1537 3164 1591 factioni
3212 1546 3394 1591 autem
3424 1536 3591 1606 patri-

2024 1629 2204 1685 archae
2226 1636 2289 1703 et,
2310 1628 2623 1698 Apocauchi
2651 1628 2896 1682 deditum
2937 1628 3240 1696 suspicati,
3275 1643 3304 1680 a
3348 1626 3591 1696 peccatis

2025 1718 2346 1789 detegendis
2372 1720 2600 1775 omnino
2631 1734 2697 1773 ex
2733 1718 2929 1772 timore
2962 1717 3367 1772 abstinuerunt.
3396 1718 3593 1771 lllusor

337 1809 650 1879 δεσμώτας,
700 1813 841 1882 μετά
877 1790 987 1868 τῶν
1045 1790 1541 1888 πλημμελημάτων
1580 1790 1680 1889 τὴν
1727 1790 1921 1889 ἑξομοτ

2026 1826 2158 1866 vero
2181 1813 2290 1875 ille.
2322 1827 2446 1868 cum
2493 1811 2736 1882 nequitia
2762 1827 2861 1867 sua
2884 1811 3022 1866 nihil
3048 1812 3432 1882 promovisset,
3467 1811 3594 1865 inde

339 1899 592 1970 λόγησιν,
636 1904 828 1973 ἠρώτα
878 1905 1114 1960 ἕκαστον
1160 1907 1268 1978 ἰδίᾳ
1306 1909 1403 1962 καὶ
1439 1910 1572 1979 περὶ
1604 1910 1921 1963 Καντακου-

340 1992 515 2062 ζηνοῦ
562 1994 656 2047 τοῦ
710 1995 1014 2066 βασιλέως,
1066 2000 1095 2053 ὃ
1148 2017 1202 2053 τι
1241 2000 1582 2054 διανοοῦνται
1636 2001 1918 2071 πράττειν.

355 2085 589 2139 Ἐκεῖνοι
617 2087 674 2140 δι
702 2089 1150 2154 ὑποπτεύσαντες
1174 2093 1274 2162 οὐχ
1303 2093 1440 2164 ὅπερ
1466 2088 1553 2163 ἦν,
1592 2092 1729 2147 ἀλλά
1763 2110 1926 2147 πνευ-

345 2177 584 2242 ματικὸν
632 2180 731 2248 μὲν
762 2175 904 2234 εἶναι
942 2182 1196 2252 ἀληθῶς,
1224 2184 1305 2255 τῷ
1342 2185 1501 2254 μέρει
1541 2185 1598 2237 δὲ
1632 2190 1923 2256 προσέχειν

346 2269 449 2336 τῆς
485 2270 615 2339 περὶ
667 2273 1020 2344 πατριάρχην
1079 2276 1174 2328 καὶ
1212 2277 1552 2346 Ἀπόκαυχον
1601 2278 1692 2332 τὸν
1748 2281 1924 2348 μέγαν

342 2359 517 2414 δοῦκα
574 2364 834 2433 φατρίας.
886 2365 1187 2432 δείσαντες,
1221 2369 1547 2441 ,ἀπέσχοντο
1601 2377 1922 2426 παντάπασι

341 2452 443 2503 τοῦ
498 2456 594 2506 καὶ
641 2455 709 2508 τὰ
764 2458 1278 2528 πεπλημμελημένα
1336 2462 1802 2531 ἐξομολογεῖσθαι.
1865 2464 1923 2517 '0

346 2545 667 2617 ἐμπαίκτης
698 2548 754 2600 δι
783 2550 993 2612 ἐκεῖνος
1025 2552 1149 2604 ἐπεὶ
1193 2553 1361 2625 μηδὲν
1393 2554 1647 2609 ἀπώνατο
1677 2558 1776 2627 τῆς
1827 2575 1926 2610 πο-

345 2635 563 2704 νηρίας,
596 2638 809 2692 ἐκεῖθεν
838 2640 1100 2709 ἐξελθὼν,
1120 2644 1155 2698 ἀ
1190 2661 1248 2697 τε
1293 2646 1482 2709 κακῶς
1515 2646 1669 2699 ενέδυ
1718 2646 1925 2701 ἀπεδύ-

352 2748 489 2788 σατο
544 2732 845 2802 ἐνδύματα,
900 2737 997 2788 καὶ
1058 2736 1335 2805 κοσμικὴν
1385 2737 1525 2807 ἔχων
1578 2737 1804 2807 ἐσθῆτα,
1856 2739 1926 2794 τά

350 2827 556 2898 συνήθη
580 2827 739 2881 πάλιν
767 2826 987 2898 περιῄει
1021 2828 1191 2899 δρῶν.
1222 2828 1295 2880 Ἰὸ
1327 2829 1508 2901 δράμα
1533 2829 1589 2883 δὲ
1617 2829 1776 2884 τοῦτο
1805 2832 1926 2886 λίαν

348 2913 560 2980 πάντας
581 2915 901 2987 εξεφόὃησε,
935 2919 1029 2969 καὶ
1078 2917 1248 2969 πᾶσιν
1296 2916 1517 2969 ἔπεισεν
1557 2917 1760 2988 ὁμοίως
1795 2920 1923 2972 ἀπι-

353 3010 524 3061 στεῖν.
560 3008 780 3062 Τούτων
826 3009 884 3062 δε
923 3010 957 3079 ἠ
1009 3009 1225 3079 βασιλὶς
1257 3009 1413 3061 οὐδὲν
1462 3012 1578 3073 τοῖς
1623 3011 1926 3080 πράττουσι

354 3100 590 3172 συνῄδει,
624 3101 764 3156 ἀλλὰ
793 3102 974 3156 πάντα
1016 3103 1269 3169 διῳκεῖτο
1333 3102 1574 3171 μάλιστα
1621 3102 1723 3172 μὲν
1765 3103 1926 3156 Ἀπο-

349 3194 558 3265 καύχου
623 3194 718 3247 τοῦ
777 3212 869 3264 μεγ
884 3195 1016 3248 άλου
1074 3194 1460 3257 ἐπιτάττοντος
1515 3194 1747 3261 δουκὸς,
1805 3193 1925 3263 μετ’

347 3286 561 3339 ἐκεῖνον
580 3287 637 3339 δὲ
669 3288 764 3339 καὶ
790 3288 898 3339 τῶν
931 3286 1111 3341 ἀλλων
1142 3287 1252 3338 τῶν
1282 3288 1616 3357 συνομοτῶν.
1645 3287 1923 3356 Πατριάρο

348 3394 454 3446 χης
485 3378 542 3431 δὲ
590 3378 714 3431 κατ’
748 3379 966 3448 ἐκείνην
1012 3381 1111 3448 τὴν
1150 3378 1403 3447 περίοδον
1458 3378 1569 3431 τῶν
1624 3378 1920 3447 νηστειῶν,

346 3470 451 3538 τῆς
484 3471 725 3541 μεγάλης
755 3471 1117 3542 ἐνεστηκυίας
1153 3470 1536 3542 παρασκευῆς,
1582 3472 1639 3523 ὲν
1732 3473 1760 3525 ὁ
1790 3469 1923 3540 ἐμδς

2023 1905 2158 1970 exit,
2182 1914 2241 1961 et
2258 1922 2381 1976 qua:
2413 1906 2553 1960 male
2587 1906 2840 1960 induerat
2861 1906 3189 1961 vestimenta
3219 1920 3450 1966 exuens.
3470 1920 3592 1960 cum

2021 1996 2274 2051 saeculari
2308 1996 2463 2050 cultu
2511 1996 2713 2050 iterum
2762 2004 2934 2050 artem
2980 2003 3301 2050 consuetam
3344 1994 3598 2049 iactitans

2021 2094 2365 2149 circumibat.
2400 2095 2517 2149 Hoc
2567 2093 2757 2149 drama
2815 2094 2974 2148 valde
3032 2109 3225 2149 omnes
3272 2095 3595 2164 perterruit,

2021 2194 2079 2239 et
2109 2185 2176 2238 ad
2230 2185 2492 2240 erunibus
2531 2201 2687 2255 teque
2716 2184 3071 2240 difﬁdendum
3120 2185 3388 2240 incitavit.
3419 2186 3597 2254 Atque

2025 2274 2222 2328 horum
2275 2274 2411 2327 nihil
2468 2274 2819 2343 imperatrice
2869 2276 3126 2339 conscia,
3176 2275 3270 2330 sed
3303 2276 3484 2329 Clllllia
3539 2276 3596 2329 in

2024 2366 2218 2431 primis
2270 2365 2604 2436 Apocaucho
2657 2382 2853 2435 niagno
2880 2366 3059 2429 duce,
3113 2366 3312 2422 deinde
3370 2368 3599 2435 reliquis

2025 2458 2329 2530 coniuratis
2363 2458 2685 2514 auctoribus
2713 2456 3248 2529 agitabantur.515
3280 2457 3597 2513 Patriarcba

2025 2567 2207 2612 autem
2256 2557 2347 2611 illa
2390 2557 2722 2626 jejuniorum
2777 2556 3027 2627 periodo,
3058 2571 3253 2626 magna
3300 2555 3598 2611 Parasceve

2026 2648 2267 2703 instante
2286 2649 2338 2702 in
2363 2664 2472 2718 qua
2496 2647 2751 2704 Christus
2773 2664 2929 2703 meus
2957 2664 2989 2716 ρ
3018 2646 3219 2703 ludatis
3240 2647 3599 2718 comprehen-

2026 2755 2120 2795 sus
2141 2749 2248 2803 est,
2275 2742 2391 2810 ipse
2426 2741 2630 2795 niultos
2652 2740 2748 2809 qui
2780 2741 2846 2795 ad
2871 2741 2969 2795 Dei
2995 2741 3285 2810 Sapientia:
3311 2740 3596 2809 templum,

2027 2847 2130 2886 ceu
2163 2832 2228 2886 ad
2255 2833 2465 2904 asylum
2498 2832 2883 2902 confugerant,
2922 2833 3470 2902 comprehendendos
3499 2840 3600 2885 tra-

2029 2926 2200 2989 didit;
2225 2925 2953 2996 comprebensique,_atque
2984 2926 3038 2979 in
3073 2925 3289 2980 vincula
3324 2923 3599 2996 perducti,

2032 3016 2236 3070 multos
2302 3026 2361 3071 et
2407 3016 2560 3071 diros
2607 3017 2887 3072 cruciatus
2957 3017 3327 3072 sustinebant.
3373 3016 3457 3071 0b
3485 3016 3603 3069 haec

2029 3108 2240 3172 omnia,
2304 3123 2429 3163 cum
2463 3118 2521 3163 et
2547 3120 2678 3163 tunc
2740 3109 3112 3171 nuntiaretur.
3157 3108 3599 3164 Cantacuzenum

2030 3194 2208 3247 solum
2248 3208 2278 3247 a
2341 3194 2662 3250 domesticis
2699 3196 2814 3253 suis
2870 3196 3234 3262 derelictum,
3290 3198 3343 3251 iu
3382 3212 3600 3251 sacrum

2032 3294 2275 3361 montem
2302 3285 2372 3339 ad
2409 3287 2661 3341 monachi
2694 3287 2942 3343 habitum
2971 3289 3369 3358 capessendum
3395 3288 3602 3342 disces-

2028 3376 2187 3441 sisse.
2251 3392 2445 3432 omnes
2508 3378 2743 3448 pedibus
2799 3379 2866 3434 ad
2920 3381 3182 3449 templum
3229 3379 3596 3449 llodegetriar,

2029 3469 2234 3539 gratias
2261 3469 2331 3525 de
2358 3470 2453 3525 illo
2475 3471 2624 3526 victo
2663 3481 2721 3527 et
2755 3488 2949 3528 everso
2986 3471 3186 3537 acturi,
3213 3471 3600 3526 convolaruut.

349 3562 585 3632 Χριστὸς
614 3565 719 3618 ὑπὸ
763 3564 1035 3619 Ἰουδαίων
1068 3564 1527 3632 συνελαμϐάνετο,
1583 3558 1746 3627 αὑτδς
1784 3564 2014 3627 πολλοὺς
2043 3566 2169 3628 τοὺς
2189 3564 2269 3634 τῷ
2307 3564 2413 3634 νεῷ
2444 3565 2543 3634 τῆς
2596 3566 2691 3619 τοῦ
2723 3567 2862 3621 Θεοῦ
2916 3565 3120 3635 Σοφίας
3169 3565 3259 3619 διὰ
3317 3564 3415 3635 τὴν
3468 3564 3602 3616 ἀσυο

348 3657 470 3710 λίαν
538 3659 1029 3728 προσπεφευγότας
1063 3658 1389 3726 παρεδίδου,
1428 3659 1523 3711 καὶ
1593 3657 1988 3729 συλληφθέντες
2030 3659 2232 3727 ἤγοντο
2273 3660 2353 3721 είς
2398 3658 2778 3732 δεσμωτήρια,
2835 3662 2930 3714 καὶ⁸
2990 3661 3165 3713 πολλά
3219 3661 3315 3713 καὶ
3363 3657 3601 3728 δυσχερῆ

347 3750 640 3820 ὑπέμενον.
711 3751 786 3827 Δι’
824 3751 861 3806 ἀ
889 3751 953 3822 δὴ
991 3753 1191 3813 πάντα,
1223 3754 1344 3805 ἐπεὶ
1374 3750 1671 3822 ἠγγέλλετο
1717 3755 1813 3807 καὶ
1841 3751 1965 3804 τότε
2004 3752 2462 3822 Καντακουζηνδν
2513 3753 2604 3807 τὸν
2673 3753 2900 3823 βασιλέα
2946 3753 3381 3827 καταλειφθέντα
3440 3752 3601 3822 μόνον

350 3843 456 3896 ὑπὸ
514 3844 622 3896 τῶν
646 3822 863 3895 οίκείων
896 3844 974 3906 είς
1022 3843 1149 3913 ὅρος
1179 3842 1434 3914 ἔρχεσθαι
1477 3843 1537 3894 τὸ
1570 3844 1717 3909 ἱερὸν
1753 3844 1842 3892 ἐπὶ
1872 3841 1949 3909 τῷ
1988 3843 2239 3913 μοναχῶν
2302 3842 2566 3897 ὑποδῦναι
2595 3822 2803 3913 σχῆμα,
2840 3846 3043 3917 πάντες
3079 3822 3232 3897 ἔθεον
3258 3843 3419 3908 πεζοὶ
3447 3846 3600 3913 παρά

347 3937 412 3987 τὸ
453 3934 555 4004 τῆς
597 3933 960 4005 Ὀδηγητρίας
992 3935 1245 4004 τέμενος,
1303 3934 1655 4004 εὐχαριστίας
1704 3933 2078 3996 ἀποδώσοντες
2109 3935 2208 4002 τῆς
2235 3934 2448 3986 ἐκείνου
2478 3935 2853 4000 καταλύσεως.

1798 4049 2030 4105 CAPUT
2056 4049 2156 4104 'Ll.

351 4149 650 4216 Imperator
678 4166 710 4201 a
736 4134 904 4202 ‘Crale
944 4146 1196 4201 Edessam
1226 4148 1409 4216 repetit
1440 4152 1490 4199 et
1540 4146 1731 4215 accipit
1758 4147 1975 4207 statim;
2012 4146 2307 4213 iterumque
2337 4144 2399 4198 ob
2430 4143 2690 4268 dilectum
2740 4142 2972 4214 prwsidii
3000 4142 3307 4211 imponendi
3335 4139 3502 4195 eidem
3533 4138 3604 4194 ad

424 4227 628 4268 temnus
659 4218 926 4268 relinuuit.
963 4219 1309 4268 Avocauclms
1341 4215 1762 4268 Didumotichum
1811 4215 2034 4268 inuadit.
2068 4216 2160 4268 sed
2189 4216 2410 4268 frustra.
2518 4216 2805 4268 muutltium
2853 4212 3132 4267 castellum
3160 4211 3378 4265 obsidet.
3435 4211 3603 4268 Didit-

424 4227 628 4285 tempus
659 4218 926 4286 relinquit.
963 4215 1309 4285 Apoqauclms
1341 4215 1762 4284 Didymatichum
1811 4215 2034 4286 inuadit,
2068 4216 2160 4268 sed
2187 4216 2410 4284 frustra.

2518 4211 2805 4283 mpytltium
2853 4212 3132 4283 castellum
3160 4211 3378 4283 obsidet.
3435 4211 3603 4283 Didy-

424 4282 657 4342 mut'ichii
705 4289 772 4340 ad
809 4282 1280 4340 perum‘nuntium
1327 4282 1581 4354 colligunt
1640 4286 1867 4338 animos.
1926 4282 2196 4355 Empy'hii
2234 4286 2432 4339 obsidio
2484 4282 2722 4338 soluitur.
2772 4282 3119 4354 Didymotichi
3160 4282 3381 4355 penuria
3440 4282 3603 4333 uictus

427 4358 736 4422 laboratur;
768 4355 973 4427 Scythw
999 4352 1623 4427 papulatum‘ueuientes,
1658 4355 1815 4409 vacui
1867 4352 2112 4410 redeunt.
2172 4355 2504 4425 Scopeleuses
2542 4352 3003 4427 Scythastemere
3029 4352 3295 4427 aggressi,
3333 4360 3603 4419 peccatum

421 4445 575 4482 suum
614 4443 804 4495 magno
842 4423 1015 4479 luunt.
1063 4423 1410 4495 Apocauchus
1460 4425 1656 4478 bellum
1703 4427 2077 4496 protostratori
2127 4423 2317 4496 genero
2363 4426 2659 4489 committit,
2713 4425 2802 4494 qui
2856 4423 2919 4476 ab
2959 4423 3194 4492 episcopo
3240 4432 3503 4481 monetur,
3544 4427 3603 4472 ut

425 4498 606 4551 labore
625 4512 1011 4567 supervacaneo
1043 4497 1284 4550 desistat.

423 4633 683 4695 Βασιλεὺς
714 4630 772 4685 δὲ
805 4634 833 4686 6
867 4632 1319 4702 Καντακουζηνδς
1368 4632 1493 4684 ἐπεὶ
1518 4634 1582 4684 ὲκ
1610 4632 1796 4700 Φερῶν
1831 4632 1921 4684 ἀν-

2097 4633 2513 4689 Cantacuzenus
2578 4632 2900 4700 imperator.
2962 4636 3020 4682 ut
3057 4628 3251 4682 Pheris
3315 4627 3602 4679 redeundo
3704 4650 3709 4655 ι

353 4729 644 4798 έστρεφεν,
681 4727 760 4788 είς
783 4726 1048 4779 Ἔδεσσαν
1070 4724 1261 4790 ἐλθὼν,
1281 4724 1347 4794 ἣν
1371 4726 1929 4795 περιεστρατοπεδευ-

356 4821 517 4888 μένος
546 4820 574 4870 ὑ
605 4817 826 4888 Κράλης
869 4814 1216 4885 ὑπολιόρκει,
1249 4815 1348 4884 τὴν
1378 4815 1477 4882 μὲν
1507 4814 1766 4886 πολίχνην
1802 4810 1928 4885 εὗρε

354 4910 838 4988 προσχωρήσασαν
864 4907 1058 4976 ἐκείνῳ
1093 4908 1342 4977 χρήμασι
1393 4905 1774 4977 διαφθείραντι
1802 4909 1931 4970 τοὺς

353 5001 528 5056 ἔνδον.
585 5001 1054 5071 ’Δναμιμνήσκων
1080 5000 1136 5052 δὲ
1185 5000 1296 5052 τῶν
1322 5000 1525 5070 ὅρκων,
1544 4999 1773 5054 καὶτῶν
1800 5017 1928 5052 συν·-

355 5093 544 5163 θηκῶν
591 5093 701 5145 τῶν
747 5093 886 5164 πρὸς
929 5091 1117 5156 αὑτὸν,
1146 5084 1227 5153 οἷς
1270 5091 1665 5162 ἐνεγέγραπτο,
1697 5094 1744 5143 εἰ
1773 5091 1929 5145 πόλιν

353 5204 480 5239 τινα
496 5185 604 5237 τῶν
639 5185 935 5254 Ῥωμαίοις
962 5184 1244 5252 ὑπηκόων,
1266 5184 1359 5237 καὶ
1384 5184 1618 5247 ἀπόντος
1639 5182 1928 5248 βασιλέως,

355 5278 390 5346 ἢ
420 5276 628 5339 ὅπλοις,
657 5276 688 5346 ἢ
741 5276 929 5345 τρόπῳ
957 5274 1027 5344 δή
1051 5292 1158 5329 τινι
1187 5274 1587 5344 ὑποποιήσαιτο
1617 5274 1929 5329 ἀποδιδόναι

356 5369 589 5440 βασιλεῖ,
620 5368 738 5439 ᾔτει
774 5367 874 5439 τὴν
897 5367 1175 5437 πολίχνην.
1213 5365 1270 5419 '0
1299 5367 1521 5435 Κράλης
1541 5383 1600 5418 τε
1634 5365 1928 5434 παρείχετο

355 5463 613 5529 ετοίμως,
644 5460 870 5528 φάσκων
902 5459 1082 5538 πάντα
1143 5458 1213 5511 τά
1261 5458 1624 5527 ὑπεσχημένα
1671 5456 1924 5528 πράξειν,

353 5554 449 5607 καὶ
472 5552 658 5613 ὅπλοις
685 5551 780 5603 καὶ
803 5552 1049 5621 χρήμασι
1077 5552 1170 5603 καὶ
1193 5549 1344 5622 πάσῃ
1375 5550 1603 5617 δυνάμει
1631 5554 1923 5621 συμμαχή-

355 5660 492 5695 σειν.
542 5640 807 5702 Βισιλεῦς
856 5642 914 5694 δὲ
968 5641 1089 5695 τότε
1115 5642 1244 5711 πρὸ.
1284 5642 1383 5714 τὴν
1426 5641 1685 5719 πολίχνην
1737 5642 1922 5711 μέιειν

355 5733 513 5803 αὑτθις
543 5729 856 5796 ἀλυσιτελὲς
885 5732 1047 5808 ὀρῶν,
1074 5733 1200 5801 περὶ
1234 5732 1339 5805 γάρ
1366 5732 1464 5804 τῆς
1500 5734 1581 5794 εἰς
1607 5732 1922 5799 Διδυχότει-

2029 4726 2292 4780 Edessam
2342 4724 2515 4784 venit,
2547 4737 2710 4792 quam
2751 4719 2939 4775 Crales
2973 4718 3289 4779 obsederat,
3321 4725 3601 4792 corruptis

2032 4818 2262 4887 pecunia
2293 4816 2509 4869 civibus
2535 4814 2600 4869 ad
2623 4813 3037 4868 eumdefecisse
3073 4811 3299 4864 invenit.
3329 4790 3605 4862 Recorda-

2032 4915 2120 4959 tus
2155 4904 2225 4959 ibi
2258 4904 2451 4959 sanciti
2501 4919 2625 4958 cum
2655 4918 2722 4956 eo
2751 4901 2994 4961 hederis.
3044 4902 3097 4954 in
3133 4902 3291 4970 cujus
3325 4898 3599 4952 conditio-

2028 4997 2196 5051 nibus
2225 5004 2344 5050 crat
2383 4999 2676 5064 scriptum,
2715 4994 2759 5046 si
2791 5009 2952 5062 quam
2982 4992 3172 5045 urbem
3201 4991 3598 5051 Romanorum,

2030 5099 2087 5141 et
2117 5089 2340 5142 absente
2374 5089 2729 5156 impera'ore,
2764 5096 2857 5140 aut
2884 5084 3068 5144 annis,
3102 5091 3195 5137 aut
3227 5083 3335 5138 alio
3365 5082 3601 5151 quodam

2032 5181 2194 5233 modo
2216 5178 2538 5244 subegisset.
2560 5177 2636 5230 nti
2664 5191 2781 5229 eam
2805 5175 2878 5228 illi
2918 5176 3253 5238 restitueret,
3278 5172 3601 5244 oppidulum

2032 5271 2334 5338 repetebat.
2362 5268 2519 5334 Quod
2540 5284 2663 5322 cum
2682 5267 2872 5322 Crales
2888 5270 3006 5321 sine
3024 5267 3287 5320 dilatione
3317 5266 3598 5327 redderet,

2031 5362 2432 5428 aﬂlrmaretque
2465 5360 2832 5429 prtestiturum
2856 5374 2914 5413 se
2932 5359 3199 5427 quidquid
3232 5357 3458 5428 promisi
3493 5369 3598 5422 set,

2032 5454 2332 5521 armisque,
2402 5460 2458 5504 et
2518 5450 2772 5520 pecunia,
2805 5460 2861 5504 et
2898 5459 3010 5504 tota
3066 5466 3162 5504 sua
3214 5451 3455 5519 potentia
3496 5450 3598 5504 ‘illi

2029 5546 2338 5615 adiutorem
2372 5543 2511 5609 fore,
2548 5558 2781 5598 cernens
2805 5544 2958 5597 nullo
2984 5559 3042 5597 se
3074 5544 3447 5598 emolumento
3488 5543 3601 5597 illic

2026 5651 2365 5694 moraturum
2424 5639 2572 5699 (nam
2632 5638 2687 5691 in
2738 5636 2917 5694 reditu
2980 5637 3421 5709 Didymotichum
3485 5648 3596 5693 tota

2025 5740 2207 5789 incute
2255 5738 2311 5785 et
2350 5728 2680 5800 cogitatione
2728 5729 3100 5797 versabatur),
3153 5746 3250 5784 nec
3313 5746 3471 5805 posse
3527 5730 3596 5784 de
