4062 6290
305 323 408 386 997

1440 324 1986 386 lllSTURlARUM
2030 326 2261 390 LIBER
2305 329 2417 391 IlI.

3447 332 3555 396 998

304 435 437 505 περί
465 433 693 505 βασιλέα
720 436 938 501 ἀδικίας
990 438 1146 503 δίκας
1199 440 1685 509 εἰσπραττᾶμενον,
1712 442 1855 510 ὑπερ

1987 450 2095 502 tur,
2123 450 2184 495 ut
2219 429 2368 521 nunc
2413 443 2607 497 saltem
2655 459 2714 497 se
2768 442 3093 511 respiceret,
3152 442 3425 515 missoque
3483 449 3549 500 ad

302 527 451 595 όριον
480 527 762 593 ἀποδεῖξαι
788 530 885 582 καὶ
911 530 1194 602 πλανήτην
1236 532 1539 601 περιιόντα,
1576 535 1664 585 ἐπ’
1693 534 1875 596 ἄλλοις

302 619 402 690 τὴν
455 619 648 673 ἐλπίδα
676 619 867 690 ἔχοντα
896 622 998 690 τῆς
1030 624 1328 692 σωτηρίας.
1360 624 1594 678 Ἔπειτα
1618 626 1876 678 συνεϐού-

300 712 464 764 λευεν
493 714 541 765 εἰ
579 712 655 784 μὴ
683 716 973 785 πρότερον,
1011 713 1147 767 ἀλλά
1174 716 1271 769 νῦν
1303 733 1368 784 γε
1396 718 1451 769 τὴ
1469 720 1726 789 ,συνοῖσον
1749 736 1876 772 συν·

303 804 503 870 ιδόντα,
555 806 854 871 πρεσϐείαν
904 808 1234 877 ποιήσασθαι
1285 811 1419 879 πρὶς
1462 810 1746 881 βασιλίδα,
1780 811 1876 865 καὶ

302 898 492 967 ἱκέτην
521 898 694 966 αὐτῆς
717 916 776 951 τε
799 889 895 952 καῖ
919 900 1285 972 πατριάρχου,
1324 903 1419 955 καὶ
1443 903 1542 970 τῆς
1565 903 1871 975 συγκλήτου

302 988 500 1058 βουλῆς
528 990 806 1059 γενέσθαι,
861 991 1003 1045 ὥστε
1036 995 1131 1046 ἐπὶ
1175 996 1289 1055 τοῖς
1318 997 1712 1065 γεγενημένοις
1744 1013 1875 1064 συγ-

298 1083 533 1149 γνώμης
564 1082 930 1147 ἀξιὼσαντας,
960 1085 1220 1155 πρόνοιάν
1246 1104 1368 1139 τινα
1415 1087 1751 1158 ποιήσασθαι
1780 1089 1876 1141 αὖ-

296 1172 418 1235 τοῦ,
449 1176 639 1244 καὶμὴ
674 1175 968 1245 ὑπερόριος
993 1168 1288 1245 ἀπόληται,
1315 1164 1570 1247 οὐδεμιᾶς
1598 1180 1631 1250 ἢ
1661 1180 1874 1248 φαύλης

298 1265 451 1327 τινὸς
481 1264 698 1327 ἐλπίδος
720 1264 802 1318 ἔτι
824 1265 1281 1337 ὑπολειπομένης.
1307 1270 1573 1333 Βασιλεὺς
1599 1270 1677 1336 δὲ,
1705 1270 1873 1323 Οὐδὲν

300 1356 638 1426 θαυμαστὸν,
675 1353 853 1425 εἶπεν,
876 1360 923 1412 εί
953 1361 1170 1431 μεθύων
1192 1380 1277 1425 τις
1301 1365 1394 1418 καὶ
1416 1364 1875 1434 παραφερόμενος

301 1447 397 1500 ὑπ’
445 1449 810 1519 ἀναισθησίας
834 1452 1000 1506 οἴοιτο
1047 1454 1140 1507 καὶ
1167 1454 1292 1516 τοὺς
1322 1453 1516 1516 ἄλλους
1548 1457 1615 1507 τὰ
1640 1454 1733 1507 ῐσα
1771 1454 1875 1508 πά-

303 1558 477 1609 σχειν.
508 1542 616 1594 Καὶ
648 1543 711 1595 σὺ
734 1543 915 1596 τοίνυν
940 1547 1004 1614 τῇ
1037 1549 1169 1617 κενῇ
1200 1545 1328 1617 δόξῃ
1359 1546 1454 1600 καί
1486 1546 1747 1618 φιλαρχίᾳ
1769 1563 1871 1599 κα-

300 1636 511 1703 τάκρας
541 1633 723 1697 ἀλοῦς,
745 1634 839 1687 καὶ
872 1636 1163 1705 προδοσίαν
1183 1638 1283 1709 τὴν
1310 1639 1544 1707 ἐσχάτην
1576 1637 1874 1707 εἰργασμέ-

299 1742 413 1788 νος,
444 1726 594 1779 οὐδὲν
624 1725 964 1796 θαυμαστὸν,
1015 1729 1064 1781 εἰ
1099 1728 1169 1783 τὰ
1199 1729 1291 1783 ἴσα
1333 1732 1426 1783 καὶ¹
1455 1730 1592 1800 ἐμοῦ
1624 1731 1874 1800 καταψη-

296 1818 435 1889 φίζῃ
496 1818 664 1888 μηδὲν
703 1819 948 1873 τοιοῦτον
994 1823 1378 1892 εἰργασμένου.
1433 1820 1607 1877 Οἶσθα
1655 1824 1764 1894 γὰρ
1797 1827 1871 1886 ὡς

296 1912 436 1980 ἐμοῦ
461 1914 575 1975 τοῖς
590 1915 663 1972 ,ἐν
691 1911 843 1983 Ἀθῳ
871 1914 1073 1982 ἀρετῆς
1112 1916 1606 1986 ἀντιποιουμένοις,
1636 1918 1730 1969 καί
1776 1914 1871 1969 τοῦ

295 2002 473 2057 καλοῦ
500 2005 594 2079 καὶ
623 2004 883 2068 ἐρασταῖς
909 2004 1170 2074 ἐργάταις
1193 2013 1549 2075 γεγραφότος,
1562 2007 1676 2061 ,καὶ
1701 2007 1872 2061 πολλὰ

298 2090 592 2163 δεηθέντος
644 2093 783 2159 πρὸς
831 2092 1130 2156 Βυζάντιον
1161 2093 1359 2158 ἐλθεῖν,
1387 2097 1481 2149 καί
1516 2096 1748 2165 βασιλίδι
1774 2095 1871 2150 καί

299 2185 643 2255 πατριάρχῃ,
678 2185 770 2237 καὶ
799 2177 882 2247 οἷς
907 2184 1072 2248 αὐτὸς
1102 2184 1390 2253 ὀνομάζεις
1412 2185 1718 2255 σύγκλητον
1742 2185 1870 2256 βου-

293 2277 422 2348 λὴν,
453 2276 804 2346 διαλεχθῆναι
840 2278 972 2350 περί
1006 2278 1251 2348 εἰρήνης,
1287 2279 1380 2332 καί
1431 2280 1617 2332 πεῖσαι
1651 2277 1869 2333 κατατί-

295 2366 494 2422 θεσθαι
525 2367 616 2420 τὸν
640 2367 900 2438 πόλεμον,
924 2367 985 2421 δν
1010 2367 1212 2432 ἀδίκως
1235 2369 1559 2440 κεκινήκασι
1587 2367 1709 2421 κατ’
1730 2368 1867 2439 ἐμοῦ

284 2458 471 2528 εμηδέν
491 2456 838 2529 ἠδικηκότος,
867 2458 1235 2528 συκοφαντίας
1262 2460 1603 2530 πλασάμενοι
1636 2459 1733 2513 καὶ
1756 2461 1868 2514 διαο

295 2549 487 2612 ϐολὰς,
549 2550 687 2617 μετά
739 2548 849 2603 τῶν
903 2548 1083 2603 ἄλλων
1117 2550 1517 2621 παρειλήφασι,
1575 2552 1671 2604 καὶ
1700 2550 1761 2602 σὲ
1791 2551 1868 2612 ὡς

292 2640 503 2709 ἀρετῆς
533 2639 986 2710 ἀντιποιούμενον
1017 2640 1203 2707 δῆθεν,
1241 2643 1335 2695 κειί
1364 2643 1504 2712 ὑπέρ
1550 2641 1642 2696 τοῦ
1671 2640 1863 2707 καλοῦ,

291 2734 394 2785 καὶ
423 2729 518 2784 τοῦ
554 2733 707 2802 κοινῇ
752 2730 1163 2796 λυσιτελοῦντος
1218 2732 1618 2805 βουλησόμενον
1651 2735 1866 2789 διακιν-

289 2821 564 2876 δυνεύειν.
605 2822 751 2876 Ἀλλ’
782 2824 986 2877 ἐκεῖνοι
1015 2825 1116 2894 μὲν
1140 2826 1325 2889 καλῶς
1354 2826 1640 2890 ποιοῦντες
1659 2866 1675 2892 ,
1705 2828 1775 2880 τά
1804 2842 1864 2880 τε

289 2914 487 2968 δέοντα
504 2915 760 2986 εἰρήκασι
791 2916 928 2986 μετὰ
957 2917 1293 2989 παρρησίας,
1317 2919 1414 2972 καὶ
1440 2919 1548 2972 τῶν
1570 2921 1644 2981 είς
1666 2919 1865 2983 αὐτοὺς

290 3006 539 3073 ἡκόντων
589 3006 834 3059 ἐνέλιπον
862 3006 1039 3074 οὐδὲν,
1093 3011 1190 3062 κα)⁸
1222 3010 1331 3063 τῶν
1367 3009 1704 3081 διαφθείρειν
1739 3010 1864 3082 βου-

1983 534 2280 603 Augustam
2317 535 2517 600 legato,
2557 535 2752 603 ipsam,
2783 536 3150 605 patriarcbam
3180 547 3346 606 atque
3371 542 3559 594 consi-

1982 626 2116 680 lium
2175 626 2504 699 suppliciter
2527 637 2734 691 oraret,
2784 640 2844 683 ut
2875 630 3001 684 data
3045 630 3340 698 praeteritis
3371 633 3552 695 venia.

1983 717 2166 786 aliqua
2204 733 2263 772 se
2291 734 2421 773 cura
2458 719 2839 790 dignarentur,
2870 735 2973 775 nec
3006 720 3074 773 ab
3099 721 3252 775 omni
3287 722 3430 776 bona
3457 737 3554 791 spe

1981 809 2285 876 desertum,
2331 810 2558 866 interire
2592 820 3250 881 extorrempatercntnr.
3287 813 3423 866 Tum
3456 814 3557 867 im-

1981 908 2203 967 perator
2236 917 2250 954 :
2282 899 2434 954 llaud
2474 902 2696 964 mirum,
2733 902 2830 965 ait,
2865 905 2910 954 si
2944 900 3136 955 ebrius
3168 902 3465 971 quispiam,
3498 913 3555 955 et

1983 990 2035 1043 in
2069 991 2257 1044 urbem
2292 1000 2469 1057 actus,
2501 1007 2664 1046 sensu
2695 990 3005 1057 deﬁciente,
3046 1000 3247 1046 terram
3302 992 3549 1046 stabilem

1980 1092 2037 1136 et
2089 1083 2470 1137 inconcussam
2524 1082 2779 1136 vacillare
2828 1093 3004 1152 putet,
3055 1097 3178 1143 nec.
3234 1084 3280 1137 si
3341 1085 3551 1138 insania

1983 1186 2292 1244 correptus,
2347 1176 2486 1228 alios
2539 1189 2760 1244 quoque
2806 1174 3020 1244 iudicet
3069 1175 3330 1231 insanire.
3382 1177 3447 1231 Et
3496 1189 3549 1232 tu

1982 1267 2150 1337 igitur
2192 1267 2337 1320 inani
2372 1268 2544 1337 gloria
2598 1278 2655 1323 et
2708 1283 2898 1324 amore
2928 1269 3247 1324 dominandi
3287 1270 3550 1327 subactus

1981 1359 2162 1429 plane,
2195 1360 2552 1429 proditorque
2572 1361 2861 1423 maximus,
2888 1362 3025 1415 nihil
3051 1362 3274 1427 mirum,
3301 1363 3344 1417 si
3366 1364 3553 1418 inson-

1982 1460 2087 1504 tem
2107 1466 2193 1504 me
2215 1451 2534 1506 eorumdem
2566 1453 2856 1507 criminum
2880 1453 3230 1509 condemnes.
3254 1455 3547 1510 Meministi

1978 1542 2254 1611 quomodo
2282 1559 2406 1597 cum
2453 1543 2518 1596 ad
2564 1543 2787 1597 virtutis
2832 1544 3105 1608 alumnos,
3140 1545 3548 1615 honestatisque

1978 1643 2275 1698 amatores,
2324 1643 2380 1688 et
2433 1635 2674 1688 cultores
2734 1630 2791 1690 i'n
2843 1636 2988 1690 Atho
3040 1647 3226 1691 monte
3277 1637 3546 1699 scribens,

1982 1738 2078 1778 eos
2109 1726 2272 1779 enixe
2327 1740 2602 1794 rogassem
2643 1734 2703 1779 ut
2742 1725 3058 1796 Byzantium
3094 1727 3393 1792 venientes,
3422 1744 3547 1791 cum

1978 1817 2352 1886 imperatrice,
2394 1818 2729 1887 patriarcha,
2776 1826 2832 1872 et
2859 1818 3007 1887 quod
3047 1821 3338 1872 nominasti
3359 1819 3548 1874 consi—

1978 1905 2075 1973 lio,
2130 1908 2201 1962 de
2254 1920 2386 1978 pace
2437 1916 2685 1978 agerent,
2728 1908 3152 1978 deponendique
3201 1908 3354 1970 belli.
3399 1909 3547 1978 quod

1977 1999 2224 2054 confictis
2252 1998 2757 2062 criminationibus,
2806 1998 2940 2052 mihi
2978 1998 3288 2053 immerenti
3333 1999 3548 2055 intulis—

1976 2103 2116 2157 sent,
2152 2102 2408 2148 auctores
2454 2093 2676 2157 llerent,
2730 2109 2856 2148 cum
2912 2093 3038 2147 aliis
3098 2101 3150 2146 te
3205 2107 3447 2162 quoque,
3488 2101 3548 2148 ut

1975 2184 2355 2239 sanctimoniae
2411 2184 2597 2239 studio
2655 2185 2973 2255 ﬂagrantem
3029 2184 3280 2248 scilicet,
3339 2194 3396 2240 et
3441 2200 3547 2254 pro

1977 2276 2178 2331 tuenda
2244 2277 2574 2339 honestate,
2632 2276 3026 2344 communique
3084 2277 3266 2329 fructu
3333 2275 3543 2329 nullum

1974 2378 2248 2423 certamen
2292 2368 2726 2422 dctrectaturum
2761 2367 3181 2437 assumpserint.
3218 2366 3421 2422 Verum
3463 2367 3543 2422 illi

1973 2469 2120 2515 recte
2166 2476 2319 2522 sane,
2358 2471 2413 2514 et
2463 2475 2585 2530 qua:
2638 2459 2885 2528 oportuit
2941 2458 3067 2513 cuni
3101 2459 3355 2514 libertate
3382 2459 3542 2514 dixe.

1972 2560 2124 2615 runt,
2170 2565 2504 2620 suarumque
2535 2550 2773 2620 partium
2803 2549 2939 2604 nihil
2974 2552 3462 2619 praetermiserunt,
3487 2558 3545 2604 et

1972 2643 2042 2698 ab
2073 2643 2138 2697 iis
2162 2642 2256 2712 qui
2295 2656 2489 2698 eorum
2541 2641 2911 2712 integritatem
2957 2656 3336 2712 corrumpere,
3375 2651 3539 2709 atque

1971 2747 2002 2787 a
2036 2735 2268 2787 veritate
2299 2733 2355 2786 in
2386 2732 2666 2787 diversum
2699 2747 2894 2802 rapere
2924 2735 3140 2803 magnis
3185 2733 3540 2803 pollicitatio-

1970 2823 2136 2878 nibus
2192 2824 2559 2888 conabantur,
2607 2840 2637 2878 a
2674 2824 2868 2892 primis
2920 2822 3345 2892 cogitationibus
3402 2826 3539 2891 suis,

1969 2925 2135 2986 atque
2172 2915 2241 2969 ab
2297 2930 2365 2970 eo
2418 2921 2566 2984 quod
2637 2914 2805 2969 semel
2864 2913 3157 2969 honestum
3216 2929 3279 2968 ac
3329 2915 3535 2985 justum

1964 3005 2324 3076 judicassent,
2357 3019 2467 3058 non
2499 3013 2627 3058 sunt
2654 3004 2873 3058 dimoti.
2918 3002 3037 3068 Qua
3065 3004 3133 3058 de
3161 3018 3323 3057 causa
3367 3019 3538 3073 usque

291 3099 541 3167 λομένων
595 3099 690 3150 καὶ
748 3098 1096 3168 διαστρέφειν
1145 3098 1255 3153 ἀπὸ
1278 3100 1375 3171 τῆς
1418 3102 1700 3172 ἀληθείας,
1737 3103 1862 3157 οὐδὲ

1972 3094 2136 3150 hodie
2161 3096 2217 3148 in
2255 3094 2427 3149 multa
2452 3109 2704 3149 aerumna
2734 3102 2882 3147 sunt.
2920 3093 2999 3147 Tu
3021 3102 3202 3167 autem
3230 3094 3536 3163 imperandi

292 3190 744 3261 ἐπεστράφησαν,
781 3189 953 3243 πολλά
981 3190 1468 3261 ἐπαγγελλομένων
1503 3192 1563 3246 εὖ
1591 3194 1858 3264 ποιήσειν,

291 3282 437 3335 ἀλλά
461 3286 573 3345 τοῖς
597 3282 832 3353 ὲξαρχῆς
887 3284 1170 3353 ἐνέμειναν
1191 3284 1493 3353 λογισμοῖς,
1520 3286 1615 3339 καὶ
1641 3290 1706 3357 τῇ
1732 3289 1862 3356 περί

288 3374 390 3428 τοῦ
422 3375 590 3428 καλοῦ
622 3377 717 3427 καί
757 3360 973 3429 δικαίου
1002 3375 1209 3446 κρίσει.
1266 3378 1346 3429 Δι’
1373 3377 1409 3430 ἀ
1441 3379 1537 3432 καὶ
1571 3378 1733 3448 μέχρι
1767 3379 1862 3431 νῦν

290 3467 515 3530 πολλοῖς
569 3465 1152 3537 προσταλαιπωροῦσιν
1197 3465 1491 3535 ἀλγεινοῖς.
1544 3467 1618 3522 Σὺ
1669 3466 1715 3520 δ’
1756 3468 1862 3522 ὑπὸ

294 3557 594 3629 φιλαρχίας
623 3559 842 3629 καὶτῆς
900 3560 1044 3611 κατά
1098 3556 1198 3627 τὴν
1253 3556 1674 3626 ἀρχιερωσύνην
1703 3556 1861 3625 δόξης

291 3649 556 3719 ἡττηθεὶς
583 3648 846 3719 αἰσχρῶς,
899 3650 991 3701 καί
1050 3650 1180 3711 τοὺς
1233 3647 1692 3718 συμπρεσϐευτὰς
1725 3651 1862 3718 μετά

291 3741 392 3795 τοῦ
422 3741 636 3795 δικαίου
662 3741 755 3793 καὶ
778 3742 875 3812 τῆς
909 3740 1169 3811 ἀληθείας
1196 3741 1516 3807 προῦδωκας
1540 3759 1554 3775 ’
1577 3738 1660 3806 οἷς
1684 3743 1861 3814 ἀρμύ-

292 3849 382 3884 σει
418 3832 614 3902 μικρδν
637 3830 1049 3896 ὖπαλλάξαντας
1068 3831 1131 3886 τὸ
1153 3833 1259 3887 ὑπὸ
1292 3833 1515 3887 Παύλου
1539 3836 1634 3888 τοῦ
1657 3835 1860 3889 θεσπε-

291 3923 418 3975 σίου
453 3923 742 3991 εἰρημένον
764 3924 894 3992 περί
910 3924 1090 3992 Δημᾷ,
1115 3924 1210 3976 καὶ
1231 3923 1363 3994 περί
1395 3923 1490 3981 σοῦ
1520 3926 1698 3978 είπεῑν
1717 3927 1858 3988 νυνὶ,

289 4016 375 4066 ὅτι
405 4030 423 4064 ι
454 4014 740 4084 Μακάριος
760 4015 906 4082 ἡμᾶς
935 4014 1615 4085 ἐγκατέλιπεν,ἀγαπήσας
1643 4015 1735 4070 τὸν
1765 4017 1860 4069 νῦν

288 4104 487 4168 αἰῶνα,
516 4107 608 4156 καὶ
661 4104 933 4174 ἐπορεύθη
965 4106 1044 4167 εἰς
1072 4084 1498 4175 θεσσαλῶἰκην.
1540 4125 1559 4158 ι
1584 4109 1668 4159 ’Ἃ
1690 4109 1859 4179 ἐχρῆν

293 4194 670 4263 μεμνημένον,
701 4197 794 4247 καί
819 4195 892 4257 ὡς
922 4195 1016 4249 νῦν
1042 4196 1379 4266 ἀνοσιώτερα
1417 4198 1510 4251 καὶ
1552 4197 1860 4271 ἀδικώτερα

288 4286 479 4355 πολλῷ
509 4286 735 4358 τολμᾷς,
779 4287 872 4341 τὸν
911 4287 1064 4363 οὐδὲν
1091 4288 1192 4358 ἐμὲ
1224 4290 1523 4358 ἠδικηκότα
1543 4291 1858 4363 αὐτοχειρίᾳ

293 4379 581 4448 μονονουχὶ
604 4378 947 4448 πειρώμενος
972 4360 1238 4447 φονεύειν,
1254 4381 1415 4451 χάριν
1430 4382 1586 4446 ἀξίαν
1609 4360 1858 4455 ἐν

1969 3186 2234 3256 cupidine
2282 3195 2337 3238 et
2362 3186 2712 3253 episcopatus
2733 3182 3023 3251 splendore
3053 3182 3289 3252 turpiter
3310 3198 3539 3251 supera.

1971 3289 2080 3339 tus,
2113 3280 2279 3332 etiam
2340 3276 2627 3346 legationis
2686 3275 2865 3329 socios
2914 3289 3022 3328 una
3072 3289 3196 3328 cum
3238 3276 3449 3344 justitia
3478 3284 3536 3329 et

1969 3372 2200 3423 veritate
2243 3367 2531 3437 prodidisti
2570 3384 2583 3420 ι
2622 3366 2716 3436 qui
2751 3364 2886 3419 illud
2933 3365 3045 3419 divi
3079 3365 3230 3419 Pauli
3271 3366 3339 3419 de
3371 3366 3533 3420 Dema

1969 3462 2182 3516 modice
2200 3461 2546 3515 immutatum
2565 3458 2659 3511 tibi
2681 3466 2909 3527 possunt
2927 3458 3207 3512 occinere:
3231 3475 3251 3510 ι
3272 3458 3541 3515 Macarius

1968 3569 2070 3609 nos
2101 3553 2345 3622 reliquit,
2392 3552 2626 3622 diligens
2685 3549 2789 3604 bo'c
2818 3550 3098 3615 saeculum,
3144 3558 3202 3604 et
3253 3549 3533 3618 profectus

1966 3656 2050 3701 est
2100 3643 2568 3699 Thessalonicam.
2608 3659 2628 3693 ι
2660 3641 2907 3709 Quorum
2957 3651 3010 3697 te
3068 3654 3368 3696 memorem
3410 3655 3535 3696 esse

1966 3742 2273 3806 oportebat,
2307 3744 2364 3790 et
2396 3735 2592 3789 horum
2622 3734 2809 3800 simul,
2830 3750 2954 3803 qua:
2976 3749 3122 3788 nunc
3151 3733 3529 3797 sceleratiora,

1967 3827 2248 3896 magisque
2293 3826 2461 3899 impia
2494 3841 2602 3880 non
2638 3825 2966 3880 reformidas
2996 3843 3008 3878 :
3046 3824 3211 3893 520
3237 3824 3368 3878 dum
3422 3838 3531 3889 me,

1964 3920 2060 3990 qui
2097 3919 2208 3974 laesi
2234 3918 2533 3982 neminem,
2568 3927 2778 3971 tantum
2829 3933 2938 3971 non
2992 3931 3092 3986 per
3121 3925 3287 3970 temet
3313 3918 3534 3971 conaris

1964 4012 2218 4067 occidere
2282 4012 2496 4081 (dignas
2534 4009 2791 4062 videlicet
2833 4010 2939 4062 isto
2967 4007 3129 4061 modo
3153 4009 3354 4077 gratias
3391 4009 3532 4063 refc-

1964 4120 2096 4159 rens
2134 4103 2222 4166 iis,
2277 4102 2371 4172 qui
2425 4104 2798 4171 episcOpatum
2849 4100 2944 4154 tibi
2996 4101 3440 4165 mandaverunt),
3475 4109 3530 4155 et

1965 4196 2171 4250 nefarie
2196 4195 2371 4249 elluso
2417 4192 2681 4262 sanguine
2717 4174 2911 4246 manus
2938 4201 3060 4247 tuas
3106 4192 3379 4248 sceler..re
3412 4212 3427 4248 :
3457 4194 3529 4248 ita

1964 4303 2052 4344 me
2078 4288 2302 4358 ingrata
2332 4293 2387 4339 et
2415 4284 2678 4354 improbat
2706 4283 2760 4337 in
2801 4283 3187 4352 imperatorem
3224 4286 3530 4339 voluntatis

1965 4395 2074 4435 non
2126 4391 2470 4438 accusasses,
2520 4374 2803 4444 qui.nihil
2860 4389 3098 4443 unquam
3131 4377 3251 4444 ejus
3289 4376 3528 4456 amicitia

289 4466 717 4532 κατατιθέμενος
748 4470 861 4527 τοῖς
886 4466 986 4536 τὴν
1006 4468 1426 4540 ἀρχιερωσύνην
1459 4464 1858 4543 ἐγχειρίσασιν,

1971 4473 2242 4542 indignum
2288 4467 2620 4538 perpetrari.
2657 4466 2731 4521 De
2785 4481 2904 4521 mea
2960 4466 3209 4536 igiturin
3267 4466 3417 4520 illum
3471 4475 3528 4521 et

288 4555 525 4621 αἰμασιν
557 4555 766 4619 ἀδίκοις
796 4557 1042 4627 μολύνων
1061 4562 1161 4623 τὰς
1183 4563 1394 4630 χεῖρας,
1428 4562 1504 4633 μὴ
1526 4563 1659 4632 ἐμοῦ
1684 4581 1857 4619 κατα-

266 4646 635 4719 ]ηιηφίςεσθαι
662 4647 878 4703 ἀδικίαν
911 4651 1004 4702 καὶ
1048 4652 1442 4723 ἀγνωμοσύνην
1475 4657 1602 4724 περί
1634 4656 1859 4725 βασιλέα

292 4737 450 4788 οὐδὲν
476 4734 600 4789 οὔτε
632 4737 919 4807 πρότερον,
947 4737 1071 4793 οὔτε
1100 4740 1265 4811 μέχρι
1289 4742 1384 4795 νῦν
1414 4743 1631 4809 ἀνάξιον
1657 4745 1755 4813 τῆς
1778 4748 1860 4809 είς

290 4828 504 4880 ἐκεῖνον
552 4828 734 4896 φιλίας
786 4831 1175 4899 εἰργασμένου.
1238 4834 1374 4902 Περί
1401 4834 1501 4903 μὲν
1529 4831 1623 4888 οὖν
1654 4836 1754 4903 τῆς
1778 4838 1858 4901 εἰς

293 4916 523 4984 βασιλέα
551 4919 792 4982 καὶτοὺς
846 4920 1042 4982 παῖδας
1069 4921 1204 4989 ἐμοῦ
1226 4923 1668 4992 εὐγνωμοσύνης,
1701 4924 1858 4991 λόγον

289 5006 487 5058 οὐδένα
517 5009 650 5074 πρὸς
683 5009 744 5061 σὲ
777 5012 1073 5081 ποιήσομαι
1103 5013 1220 5063 νυνί
1245 5010 1502 5077 καθάπαξ
1532 5015 1631 5076 τὰς
1655 5016 1858 5084 φρένας

288 5097 637 5167 διεφθορότα,
667 5103 761 5153 καὶ
799 5100 982 5164 ἀδικα,
1013 5103 1107 5155 καὶ
1159 5102 1453 5172 παράνομα
1512 5105 1606 5156 καὶ
1632 5104 1857 5171 λέγοντα

293 5187 391 5239 καὶ
425 5187 805 5258 διανοούμενον
835 5193 961 5261 περὶ
998 5190 1156 5261 ἐμοῦ,
1189 5192 1304 5246 ἀλλ’
1352 5191 1579 5264 ὕστερον
1606 5194 1768 5265 ἡνίκα
1793 5194 1887 5249 av‘

295 5277 464 5350 ἐθέλῃ
491 5277 646 5341 Θεός.
698 5281 834 5348 Περὶ
859 5282 917 5334 δὲ
953 5276 1027 5334 ὧν
1060 5283 1308 5352 εῑρηκας,
1345 5283 1422 5346 ὼς
1454 5284 1537 5336 δεῖ
1587 5283 1856 5355 βασιλίδος

1961 4565 2167 4620 liberos
2196 4563 2315 4633 ejus
2338 4562 2539 4631 pietate
2582 4560 2792 4614 nullum
2825 4570 2974 4613 nunc
3002 4566 3180 4612 tecum
3228 4558 3398 4612 semel
3431 4558 3529 4612 de-

1962 4666 2209 4728 pravata,
2252 4669 2315 4707 ac
2340 4654 2410 4707 de
2439 4667 2525 4706 me
2549 4651 2787 4722 pessime
2816 4650 3193 4712 existimante,
3240 4648 3526 4718 loquente-

1958 4763 2067 4818 que
2103 4746 2327 4800 verbmn
2364 4743 2713 4799 commutabo
2740 4758 2755 4796 :
2778 4743 2872 4796 sed
2905 4758 3033 4796 cum
3079 4742 3223 4797 Deus
3265 4742 3518 4797 voluerit.

1956 4835 2118 4902 Quod
2177 4846 2361 4889 autem
2411 4832 2644 4903 injecisti
2683 4833 2737 4884 in
2789 4845 3067 4892 sermone,
3125 4834 3381 4899 oportere
3436 4846 3522 4884 me

1962 4924 2300 4993 imperatrici
2354 4936 2419 4977 ac
2468 4921 2798 4991 patriarchae
2862 4920 3208 4989 supplicare,
3280 4931 3340 4973 ut
3397 4920 3521 4975 data

1957 5017 2142 5086 venia,
2172 5016 2335 5071 saluti
2363 5029 2497 5069 mete
2512 5021 2858 5083 prospectum
2892 5013 3083 5074 velint,
3112 5009 3247 5066 illud
3279 5012 3524 5080 apposite

1959 5107 2374 5175 responderim,
2416 5124 2434 5157 ι
2465 5105 2613 5158 Filia:
2656 5103 2981 5168 Jerusalem,
3012 5103 3179 5156 nolite
3205 5101 3335 5157 ﬂere
3362 5119 3527 5172 super

1958 5215 2067 5264 me,
2102 5199 2196 5254 sed
2247 5212 2414 5267 super
2457 5211 2555 5251 vos
2601 5197 2747 5265 ipsas
2790 5194 2938 5258 ﬂete,
2980 5202 3036 5247 et
3068 5208 3234 5262 super
3269 5193 3409 5249 ﬁlios
3431 5210 3526 5250 ve-

1957 5291 2156 5346 stros‘.
2197 5307 2215 5340 ι
2245 5289 2368 5342 Haec
2396 5285 2463 5339 ad
2503 5284 2797 5340 Macarinm
2826 5297 3009 5338 coram
3036 5283 3354 5352 imperator.

299 5369 491 5435 ἱκέτην
519 5371 617 5421 καὶ
663 5371 1009 5443 πατριάρχου
1062 5374 1311 5437 γενέσθαι
1345 5375 1420 5437 ὡς
1441 5376 1509 5429 ἂν
1534 5380 1865 5450 συγγνώμην
1904 5383 2314 5453 παρασχόμενοι
2382 5377 2640 5446 πρόνοιάν
2679 5394 2801 5430 τινα
2860 5381 3198 5451 ποιήσωνται
3229 5380 3357 5451 πρὶν
3385 5395 3526 5434 παν-

289 5461 532 5512 τάπασιν
592 5461 909 5530 ἀπολέσθαι,
948 5467 1125 5519 ἐκεῖνο
1181 5464 1436 5537 εὔκαιρον
1483 5471 1678 5536 εἰπεῖν,
1705 5472 1787 5525 ὅτι
1828 5491 1846 5524 ι
1878 5475 1970 5545 Μὴ
2004 5473 2219 5526 κλαίετε
2268 5472 2354 5521 ἐπ’
2401 5468 2526 5540 ἐμὲ,
2555 5468 2849 5541 θυγατέρες
2903 5468 3275 5544 Ἰερουσαλὴμ,
3300 5471 3415 5525 ἀλλ’
3438 5471 3526 5543 ἐφ’

290 5557 514 5621 ἐαυτάς,
548 5558 643 5611 καί
666 5560 759 5612 ἐπὶ
787 5561 855 5615 τὰ
887 5561 1054 5615 τέκνα
1085 5563 1262 5635 ὑμῶν.
1299 5583 1317 5616 ι
1365 5565 1505 5635 Πρὸς
1538 5566 1636 5635 μὲν
1662 5563 1755 5621 οῦν
1783 5569 1992 5624 ἐκεῖνον
2012 5570 2042 5621 ὁ
2074 5567 2323 5637 βασιλεὺς
2349 5565 2574 5620 τοιαῦτα
2606 5565 2955 5634 ἀπεκρίνατο.

368 5722 385 5752 ⁸
413 5720 550 5775 Luc.
584 5734 734 5785 nm,
763 5720 854 5776 28.
