  <div class='ocr_page' id='page_1' title='image "/cluster/home/n/w/nwhite01/storage/ocr_20150623/153/mdp.39015078384727/520.png"; bbox 0 0 4062 6290; ppageno 0'>
   <div class='ocr_carea' id='block_1_1' title="bbox 200 381 332 444">
    <p class='ocr_par' dir='ltr' id='par_1_1' title="bbox 200 381 332 444">
     <span class='ocr_line' id='line_1_1' title="bbox 200 381 332 444; baseline -0.015 0"><span class='ocrx_word' id='word_1_1' title='bbox 200 381 332 444; x_wconf 68' lang='grc' dir='ltr'><strong>Ῑθυῖ)</strong></span> 
     </span>
    </p>
   </div>
   <div class='ocr_carea' id='block_1_2' title="bbox 1306 391 2294 470">
    <p class='ocr_par' dir='ltr' id='par_1_2' title="bbox 1306 391 2294 470">
     <span class='ocr_line' id='line_1_2' title="bbox 1306 391 2294 470; baseline 0.015 -15"><span class='ocrx_word' id='word_1_2' title='bbox 1306 397 1848 462; x_wconf 77' lang='lat' dir='ltr'><strong>HISTORIARUM</strong></span> <span class='ocrx_word' id='word_1_3' title='bbox 1891 407 2126 469; x_wconf 79' lang='lat' dir='ltr'><strong>LIBER</strong></span> <span class='ocrx_word' id='word_1_4' title='bbox 2178 391 2294 470; x_wconf 76' lang='lat' dir='ltr'><strong>tu;</strong></span> 
     </span>
    </p>
   </div>
   <div class='ocr_carea' id='block_1_3' title="bbox 3288 435 3420 497">
    <p class='ocr_par' dir='ltr' id='par_1_3' title="bbox 3288 435 3420 497">
     <span class='ocr_line' id='line_1_3' title="bbox 3288 435 3420 497; baseline 0.045 -6"><span class='ocrx_word' id='word_1_5' title='bbox 3288 435 3420 497; x_wconf 56' lang='grc' dir='ltr'><strong>ιοςιδ</strong></span> 
     </span>
    </p>
   </div>
   <div class='ocr_carea' id='block_1_4' title="bbox 192 496 1740 602">
    <p class='ocr_par' dir='ltr' id='par_1_4' title="bbox 192 496 1740 582">
     <span class='ocr_line' id='line_1_4' title="bbox 192 496 1740 582; baseline 0.012 -34"><span class='ocrx_word' id='word_1_6' title='bbox 192 499 364 564; x_wconf 79' lang='grc' dir='ltr'>φειδοῖ</span> <span class='ocrx_word' id='word_1_7' title='bbox 398 496 504 550; x_wconf 75' lang='grc' dir='ltr'><strong>τῶν</strong></span> <span class='ocrx_word' id='word_1_8' title='bbox 544 497 892 564; x_wconf 81' lang='grc' dir='ltr'><strong>ἀδικούντων,</strong></span> <span class='ocrx_word' id='word_1_9' title='bbox 949 505 1087 574; x_wconf 77' lang='grc' dir='ltr'><strong>πλὴν</strong></span> <span class='ocrx_word' id='word_1_10' title='bbox 1130 509 1319 560; x_wconf 84' lang='grc' dir='ltr'><strong>τούτου</strong></span> <span class='ocrx_word' id='word_1_11' title='bbox 1362 515 1506 564; x_wconf 75' lang='grc' dir='ltr'><strong>πάνυ</strong></span> <span class='ocrx_word' id='word_1_12' title='bbox 1535 515 1740 582; x_wconf 87' lang='grc' dir='ltr'><strong>θαυμα-</strong></span> 
     </span>
    </p>
   </div>
   <div class='ocr_carea' id='block_1_5' title="bbox 1841 496 3421 602">
    <p class='ocr_par' dir='ltr' id='par_1_5' title="bbox 1853 517 3421 602">
     <span class='ocr_line' id='line_1_5' title="bbox 1853 517 3421 602; baseline 0.018 -33"><span class='ocrx_word' id='word_1_13' title='bbox 1853 517 1975 571; x_wconf 84' lang='lat' dir='ltr'><strong>simi</strong></span> <span class='ocrx_word' id='word_1_14' title='bbox 2017 520 2261 591; x_wconf 81' lang='lat' dir='ltr'><strong>fuerunt)</strong></span> <span class='ocrx_word' id='word_1_15' title='bbox 2293 541 2424 588; x_wconf 79' lang='lat' dir='ltr'><strong>,nus</strong></span> <span class='ocrx_word' id='word_1_16' title='bbox 2460 529 2677 592; x_wconf 87' lang='lat' dir='ltr'><strong>sociati,</strong></span> <span class='ocrx_word' id='word_1_17' title='bbox 2717 534 2834 602; x_wconf 83' lang='lat' dir='ltr'><strong>ejus</strong></span> <span class='ocrx_word' id='word_1_18' title='bbox 2861 532 3023 588; x_wconf 77' lang='lat' dir='ltr'><strong>caiisa</strong></span> <span class='ocrx_word' id='word_1_19' title='bbox 3071 541 3254 593; x_wconf 89' lang='lat' dir='ltr'><strong>omnia</strong></span> <span class='ocrx_word' id='word_1_20' title='bbox 3287 560 3421 597; x_wconf 75' lang='lat' dir='ltr'><strong>con-</strong></span> 
     </span>
    </p>
   </div>
   <div class='ocr_carea' id='block_1_6' title="bbox 193 589 1752 670">
    <p class='ocr_par' dir='ltr' id='par_1_6' title="bbox 193 589 1752 670">
     <span class='ocr_line' id='line_1_6' title="bbox 193 589 1752 670; baseline 0.01 -30"><span class='ocrx_word' id='word_1_21' title='bbox 193 590 332 640; x_wconf 84' lang='grc' dir='ltr'><strong>στῶν</strong></span> <span class='ocrx_word' id='word_1_22' title='bbox 364 589 557 654; x_wconf 77' lang='grc' dir='ltr'><strong>όντων,</strong></span> <span class='ocrx_word' id='word_1_23' title='bbox 608 594 1002 660; x_wconf 73' lang='grc' dir='ltr'><strong>προστεθέντες</strong></span> <span class='ocrx_word' id='word_1_24' title='bbox 1060 600 1245 666; x_wconf 80' lang='grc' dir='ltr'><strong>ἡμεῖς,</strong></span> <span class='ocrx_word' id='word_1_25' title='bbox 1282 602 1378 653; x_wconf 76' lang='grc' dir='ltr'><strong>καὶ</strong></span> <span class='ocrx_word' id='word_1_26' title='bbox 1435 605 1614 656; x_wconf 82' lang='grc' dir='ltr'><strong>πάντα</strong></span> <span class='ocrx_word' id='word_1_27' title='bbox 1653 608 1752 670; x_wconf 83' lang='grc' dir='ltr'><strong>μὲν</strong></span> 
     </span>
    </p>
   </div>
   <div class='ocr_carea' id='block_1_7' title="bbox 190 681 1747 762">
    <p class='ocr_par' dir='ltr' id='par_1_7' title="bbox 190 681 1747 762">
     <span class='ocr_line' id='line_1_7' title="bbox 190 681 1747 762; baseline 0.009 -30"><span class='ocrx_word' id='word_1_28' title='bbox 190 683 320 750; x_wconf 79' lang='grc' dir='ltr'><strong>παρ’</strong></span> <span class='ocrx_word' id='word_1_29' title='bbox 364 681 516 734; x_wconf 79' lang='grc' dir='ltr'><strong>οὐδὲν</strong></span> <span class='ocrx_word' id='word_1_30' title='bbox 557 682 798 753; x_wconf 79' lang='grc' dir='ltr'><strong>θέμενοι,</strong></span> <span class='ocrx_word' id='word_1_31' title='bbox 843 688 1300 754; x_wconf 85' lang='grc' dir='ltr'><strong>συγκινδυνεῦσαι</strong></span> <span class='ocrx_word' id='word_1_32' title='bbox 1333 692 1379 742; x_wconf 82' lang='grc' dir='ltr'><strong>δ’</strong></span> <span class='ocrx_word' id='word_1_33' title='bbox 1409 694 1604 762; x_wconf 86' lang='grc' dir='ltr'><strong>ἐκείνῳ</strong></span> <span class='ocrx_word' id='word_1_34' title='bbox 1645 711 1747 746; x_wconf 86' lang='grc' dir='ltr'><strong>κα-</strong></span> 
     </span>
    </p>
   </div>
   <div class='ocr_carea' id='block_1_8' title="bbox 188 771 1752 855">
    <p class='ocr_par' dir='ltr' id='par_1_8' title="bbox 188 771 1752 855">
     <span class='ocr_line' id='line_1_8' title="bbox 188 771 1752 855; baseline 0.01 -32"><span class='ocrx_word' id='word_1_35' title='bbox 188 772 294 833; x_wconf 86' lang='grc' dir='ltr'><strong>λῶς</strong></span> <span class='ocrx_word' id='word_1_36' title='bbox 327 771 596 841; x_wconf 75' lang='grc' dir='ltr'><strong>ἑλόμενοι,</strong></span> <span class='ocrx_word' id='word_1_37' title='bbox 653 777 748 828; x_wconf 74' lang='grc' dir='ltr'><strong>καὶ</strong></span> <span class='ocrx_word' id='word_1_38' title='bbox 787 778 1005 847; x_wconf 86' lang='grc' dir='ltr'><strong>μυρίοις</strong></span> <span class='ocrx_word' id='word_1_39' title='bbox 1071 780 1212 850; x_wconf 80' lang='grc' dir='ltr'><strong>ὑπὲρ</strong></span> <span class='ocrx_word' id='word_1_40' title='bbox 1252 783 1463 836; x_wconf 81' lang='grc' dir='ltr'><strong>ἐκείνου</strong></span> <span class='ocrx_word' id='word_1_41' title='bbox 1517 803 1752 855; x_wconf 87' lang='grc' dir='ltr'><strong>συμπιε-</strong></span> 
     </span>
    </p>
   </div>
   <div class='ocr_carea' id='block_1_9' title="bbox 192 863 1752 947">
    <p class='ocr_par' dir='ltr' id='par_1_9' title="bbox 192 863 1752 947">
     <span class='ocr_line' id='line_1_9' title="bbox 192 863 1752 947; baseline 0.01 -33"><span class='ocrx_word' id='word_1_42' title='bbox 192 863 414 926; x_wconf 83' lang='grc' dir='ltr'><strong>σθέντες</strong></span> <span class='ocrx_word' id='word_1_43' title='bbox 435 863 651 931; x_wconf 79' lang='grc' dir='ltr'><strong>δεινοῖς,</strong></span> <span class='ocrx_word' id='word_1_44' title='bbox 672 867 852 933; x_wconf 75' lang='grc' dir='ltr'><strong>φιλίας</strong></span> <span class='ocrx_word' id='word_1_45' title='bbox 869 868 1102 938; x_wconf 70' lang='grc' dir='ltr'><strong>ὃρῳ·καὶ</strong></span> <span class='ocrx_word' id='word_1_46' title='bbox 1125 872 1306 940; x_wconf 84' lang='grc' dir='ltr'><strong>νόμοις</strong></span> <span class='ocrx_word' id='word_1_47' title='bbox 1324 873 1534 928; x_wconf 87' lang='grc' dir='ltr'><strong>δικαίου</strong></span> <span class='ocrx_word' id='word_1_48' title='bbox 1555 877 1752 947; x_wconf 87' lang='grc' dir='ltr'><strong>χρέους</strong></span> 
     </span>
    </p>
   </div>
   <div class='ocr_carea' id='block_1_10' title="bbox 187 953 1751 1030">
    <p class='ocr_par' dir='ltr' id='par_1_10' title="bbox 187 953 1751 1030">
     <span class='ocr_line' id='line_1_10' title="bbox 187 953 1751 1030; baseline 0.012 -26"><span class='ocrx_word' id='word_1_49' title='bbox 187 953 520 1022; x_wconf 79' lang='grc' dir='ltr'><strong>πειθόμενοι,</strong></span> <span class='ocrx_word' id='word_1_50' title='bbox 556 958 943 1025; x_wconf 77' lang='grc' dir='ltr'><strong>περιγενέσθαι</strong></span> <span class='ocrx_word' id='word_1_51' title='bbox 977 960 1244 1030; x_wconf 78' lang='grc' dir='ltr'><strong>λαμπρῶς</strong></span> <span class='ocrx_word' id='word_1_52' title='bbox 1281 965 1390 1018; x_wconf 84' lang='grc' dir='ltr'><strong>τῶν</strong></span> <span class='ocrx_word' id='word_1_53' title='bbox 1418 968 1751 1022; x_wconf 80' lang='grc' dir='ltr'><strong>ἀδικούντων</strong></span> 
     </span>
    </p>
   </div>
   <div class='ocr_carea' id='block_1_11' title="bbox 186 1038 1752 1128">
    <p class='ocr_par' dir='ltr' id='par_1_11' title="bbox 186 1038 1752 1128">
     <span class='ocr_line' id='line_1_11' title="bbox 186 1038 1752 1128; baseline 0.012 -34"><span class='ocrx_word' id='word_1_54' title='bbox 186 1038 400 1095; x_wconf 77' lang='grc' dir='ltr'><strong>τουτονὶ</strong></span> <span class='ocrx_word' id='word_1_55' title='bbox 428 1047 819 1116; x_wconf 83' lang='grc' dir='ltr'><strong>πεποιήκαμεν</strong></span> <span class='ocrx_word' id='word_1_56' title='bbox 848 1048 984 1102; x_wconf 83' lang='grc' dir='ltr'><strong>Θεοῦ</strong></span> <span class='ocrx_word' id='word_1_57' title='bbox 1024 1053 1274 1120; x_wconf 79' lang='grc' dir='ltr'><strong>τυχόντες</strong></span> <span class='ocrx_word' id='word_1_58' title='bbox 1297 1055 1446 1110; x_wconf 75' lang='grc' dir='ltr'><strong>ἵλεω.</strong></span> <span class='ocrx_word' id='word_1_59' title='bbox 1473 1059 1585 1112; x_wconf 78' lang='grc' dir='ltr'><strong>Καὶ</strong></span> <span class='ocrx_word' id='word_1_60' title='bbox 1609 1055 1752 1128; x_wconf 82' lang='grc' dir='ltr'><strong>ἦμεν</strong></span> 
     </span>
    </p>
   </div>
   <div class='ocr_carea' id='block_1_12' title="bbox 185 1133 1752 1214">
    <p class='ocr_par' dir='ltr' id='par_1_12' title="bbox 185 1133 1752 1214">
     <span class='ocr_line' id='line_1_12' title="bbox 185 1133 1752 1214; baseline 0.012 -29"><span class='ocrx_word' id='word_1_61' title='bbox 185 1133 342 1201; x_wconf 78' lang='grc' dir='ltr'><strong>αὖθις</strong></span> <span class='ocrx_word' id='word_1_62' title='bbox 369 1138 425 1188; x_wconf 88' lang='grc' dir='ltr'><strong>ἐν</strong></span> <span class='ocrx_word' id='word_1_63' title='bbox 456 1139 621 1190; x_wconf 76' lang='grc' dir='ltr'><strong>παντὶ</strong></span> <span class='ocrx_word' id='word_1_64' title='bbox 649 1138 748 1208; x_wconf 85' lang='grc' dir='ltr'><strong>βίῳ</strong></span> <span class='ocrx_word' id='word_1_65' title='bbox 781 1141 876 1193; x_wconf 89' lang='grc' dir='ltr'><strong>τοῦ</strong></span> <span class='ocrx_word' id='word_1_66' title='bbox 929 1141 1032 1211; x_wconf 77' lang='grc' dir='ltr'><strong>ζῇν</strong></span> <span class='ocrx_word' id='word_1_67' title='bbox 1067 1145 1163 1196; x_wconf 79' lang='grc' dir='ltr'><strong>καὶ</strong></span> <span class='ocrx_word' id='word_1_68' title='bbox 1199 1145 1511 1214; x_wconf 82' lang='grc' dir='ltr'><strong>βασιλεύειν</strong></span> <span class='ocrx_word' id='word_1_69' title='bbox 1541 1150 1752 1204; x_wconf 80' lang='grc' dir='ltr'><strong>ἐκεῖνον</strong></span> 
     </span>
    </p>
   </div>
   <div class='ocr_carea' id='block_1_13' title="bbox 186 1216 1752 1308">
    <p class='ocr_par' dir='ltr' id='par_1_13' title="bbox 186 1216 1752 1308">
     <span class='ocr_line' id='line_1_13' title="bbox 186 1216 1752 1308; baseline 0.011 -33"><span class='ocrx_word' id='word_1_70' title='bbox 186 1216 484 1294; x_wconf 59' lang='grc' dir='ltr'><strong>κηδόμενοί</strong></span> <span class='ocrx_word' id='word_1_71' title='bbox 544 1244 603 1279; x_wconf 90' lang='grc' dir='ltr'><strong>τε</strong></span> <span class='ocrx_word' id='word_1_72' title='bbox 657 1229 751 1282; x_wconf 76' lang='grc' dir='ltr'><strong>καὶ</strong></span> <span class='ocrx_word' id='word_1_73' title='bbox 807 1233 936 1300; x_wconf 73' lang='grc' dir='ltr'><strong>περὶ</strong></span> <span class='ocrx_word' id='word_1_74' title='bbox 982 1234 1239 1288; x_wconf 73' lang='grc' dir='ltr'><strong>πλείστου</strong></span> <span class='ocrx_word' id='word_1_75' title='bbox 1301 1239 1638 1308; x_wconf 84' lang='grc' dir='ltr'><strong>ποιούμενοι,</strong></span> <span class='ocrx_word' id='word_1_76' title='bbox 1677 1242 1752 1304; x_wconf 83' lang='grc' dir='ltr'><strong>ὡς</strong></span> 
     </span>
    </p>
   </div>
   <div class='ocr_carea' id='block_1_14' title="bbox 181 1315 1748 1400">
    <p class='ocr_par' dir='ltr' id='par_1_14' title="bbox 181 1315 1748 1400">
     <span class='ocr_line' id='line_1_14' title="bbox 181 1315 1748 1400; baseline 0.013 -36"><span class='ocrx_word' id='word_1_77' title='bbox 181 1315 334 1367; x_wconf 73' lang='grc' dir='ltr'><strong>ἴσασι</strong></span> <span class='ocrx_word' id='word_1_78' title='bbox 384 1317 554 1370; x_wconf 82' lang='grc' dir='ltr'><strong>ταῦτα</strong></span> <span class='ocrx_word' id='word_1_79' title='bbox 591 1319 791 1383; x_wconf 87' lang='grc' dir='ltr'><strong>πάντες</strong></span> <span class='ocrx_word' id='word_1_80' title='bbox 843 1322 940 1374; x_wconf 77' lang='grc' dir='ltr'><strong>καὶ</strong></span> <span class='ocrx_word' id='word_1_81' title='bbox 974 1323 1131 1393; x_wconf 71' lang='grc' dir='ltr'><strong>ἡμῶν</strong></span> <span class='ocrx_word' id='word_1_82' title='bbox 1158 1325 1219 1378; x_wconf 76' lang='grc' dir='ltr'><strong>τδ</strong></span> <span class='ocrx_word' id='word_1_83' title='bbox 1288 1329 1448 1398; x_wconf 80' lang='grc' dir='ltr'><strong>σιγᾷν</strong></span> <span class='ocrx_word' id='word_1_84' title='bbox 1481 1322 1748 1400; x_wconf 73' lang='grc' dir='ltr'><strong>αἱρουμέ-</strong></span> 
     </span>
    </p>
   </div>
   <div class='ocr_carea' id='block_1_15' title="bbox 181 1401 1747 1486">
    <p class='ocr_par' dir='ltr' id='par_1_15' title="bbox 181 1401 1747 1486">
     <span class='ocr_line' id='line_1_15' title="bbox 181 1401 1747 1486; baseline 0.011 -33"><span class='ocrx_word' id='word_1_85' title='bbox 181 1419 313 1455; x_wconf 91' lang='grc' dir='ltr'><strong>νων.</strong></span> <span class='ocrx_word' id='word_1_86' title='bbox 359 1403 498 1471; x_wconf 83' lang='grc' dir='ltr'><strong>Ἐγὼ</strong></span> <span class='ocrx_word' id='word_1_87' title='bbox 534 1404 634 1474; x_wconf 82' lang='grc' dir='ltr'><strong>μὲν</strong></span> <span class='ocrx_word' id='word_1_88' title='bbox 659 1401 754 1459; x_wconf 79' lang='grc' dir='ltr'><strong>οὖν</strong></span> <span class='ocrx_word' id='word_1_89' title='bbox 785 1407 860 1470; x_wconf 83' lang='grc' dir='ltr'><strong>ὡς</strong></span> <span class='ocrx_word' id='word_1_90' title='bbox 895 1410 987 1462; x_wconf 71' lang='grc' dir='ltr'><strong>καὶ</strong></span> <span class='ocrx_word' id='word_1_91' title='bbox 1011 1411 1330 1476; x_wconf 76' lang='grc' dir='ltr'><strong>πλειστάκις</strong></span> <span class='ocrx_word' id='word_1_92' title='bbox 1353 1417 1536 1479; x_wconf 84' lang='grc' dir='ltr'><strong>αὐτοῖς</strong></span> <span class='ocrx_word' id='word_1_93' title='bbox 1564 1417 1747 1486; x_wconf 75' lang='grc' dir='ltr'><strong>ἔργοις</strong></span> 
     </span>
    </p>
   </div>
   <div class='ocr_carea' id='block_1_16' title="bbox 179 1489 1748 1578">
    <p class='ocr_par' dir='ltr' id='par_1_16' title="bbox 179 1489 1748 1578">
     <span class='ocr_line' id='line_1_16' title="bbox 179 1489 1748 1578; baseline 0.011 -34"><span class='ocrx_word' id='word_1_94' title='bbox 179 1492 552 1563; x_wconf 80' lang='grc' dir='ltr'><strong>ἐπεδειξάμην</strong></span> <span class='ocrx_word' id='word_1_95' title='bbox 605 1497 710 1548; x_wconf 80' lang='grc' dir='ltr'><strong>ὑπὸ</strong></span> <span class='ocrx_word' id='word_1_96' title='bbox 771 1499 910 1568; x_wconf 81' lang='grc' dir='ltr'><strong>Θεῷ,</strong></span> <span class='ocrx_word' id='word_1_97' title='bbox 965 1501 1060 1554; x_wconf 58' lang='grc' dir='ltr'><strong>καὶ⁸</strong></span> <span class='ocrx_word' id='word_1_98' title='bbox 1092 1503 1160 1555; x_wconf 89' lang='grc' dir='ltr'><strong>τά</strong></span> <span class='ocrx_word' id='word_1_99' title='bbox 1213 1503 1306 1556; x_wconf 88' lang='grc' dir='ltr'><strong>νῦν</strong></span> <span class='ocrx_word' id='word_1_100' title='bbox 1340 1489 1748 1578; x_wconf 55' lang='grc' dir='ltr'><strong>δι’ῖσχυρίζομαι</strong></span> 
     </span>
    </p>
   </div>
   <div class='ocr_carea' id='block_1_17' title="bbox 178 1585 1747 1681">
    <p class='ocr_par' dir='ltr' id='par_1_17' title="bbox 178 1585 1747 1681">
     <span class='ocr_line' id='line_1_17' title="bbox 178 1585 1747 1681; baseline 0.01 -45"><span class='ocrx_word' id='word_1_101' title='bbox 178 1585 445 1654; x_wconf 76' lang='grc' dir='ltr'><strong>μάρτυρι,</strong></span> <span class='ocrx_word' id='word_1_102' title='bbox 503 1585 577 1681; x_wconf 62' lang='lat' dir='ltr'><strong>tit;</strong></span> <span class='ocrx_word' id='word_1_103' title='bbox 627 1589 780 1657; x_wconf 77' lang='grc' dir='ltr'><strong>ῥᾷστ’</strong></span> <span class='ocrx_word' id='word_1_104' title='bbox 830 1591 896 1642; x_wconf 81' lang='grc' dir='ltr'><strong>ἂν</strong></span> <span class='ocrx_word' id='word_1_105' title='bbox 958 1593 1056 1644; x_wconf 62' lang='grc' dir='ltr'><strong>καὶ⁸</strong></span> <span class='ocrx_word' id='word_1_106' title='bbox 1115 1595 1214 1646; x_wconf 84' lang='grc' dir='ltr'><strong>σὺν</strong></span> <span class='ocrx_word' id='word_1_107' title='bbox 1259 1597 1410 1681; x_wconf 56' lang='grc' dir='ltr'><strong>⁸1ῑύχῇ</strong></span> <span class='ocrx_word' id='word_1_108' title='bbox 1467 1597 1565 1666; x_wconf 79' lang='grc' dir='ltr'><strong>τὴν</strong></span> <span class='ocrx_word' id='word_1_109' title='bbox 1607 1600 1747 1668; x_wconf 77' lang='grc' dir='ltr'><strong>ἐμὴν</strong></span> 
     </span>
    </p>
   </div>
   <div class='ocr_carea' id='block_1_18' title="bbox 180 1666 1746 1764">
    <p class='ocr_par' dir='ltr' id='par_1_18' title="bbox 180 1666 1746 1764">
     <span class='ocr_line' id='line_1_18' title="bbox 180 1666 1746 1764; baseline 0.01 -36"><span class='ocrx_word' id='word_1_110' title='bbox 180 1677 468 1747; x_wconf 83' lang='grc' dir='ltr'><strong>ἀπεδόμην</strong></span> <span class='ocrx_word' id='word_1_111' title='bbox 503 1666 670 1747; x_wconf 70' lang='grc' dir='ltr'><strong>ζωὴν,</strong></span> <span class='ocrx_word' id='word_1_112' title='bbox 725 1680 778 1732; x_wconf 80' lang='grc' dir='ltr'><strong>εί</strong></span> <span class='ocrx_word' id='word_1_113' title='bbox 805 1697 867 1748; x_wconf 91' lang='grc' dir='ltr'><strong>γε</strong></span> <span class='ocrx_word' id='word_1_114' title='bbox 892 1681 1013 1747; x_wconf 78' lang='grc' dir='ltr'><strong>ἐξὸν</strong></span> <span class='ocrx_word' id='word_1_115' title='bbox 1044 1678 1114 1754; x_wconf 77' lang='grc' dir='ltr'><strong>ἦν</strong></span> <span class='ocrx_word' id='word_1_116' title='bbox 1156 1666 1365 1753; x_wconf 63' lang='grc' dir='ltr'><strong>ἐκεῖνον</strong></span> <span class='ocrx_word' id='word_1_117' title='bbox 1391 1687 1501 1740; x_wconf 75' lang='grc' dir='ltr'><strong>οὐκ¹¹</strong></span> <span class='ocrx_word' id='word_1_118' title='bbox 1529 1692 1586 1764; x_wconf 69' lang='grc' dir='ltr'><strong>ἐς</strong></span> <span class='ocrx_word' id='word_1_119' title='bbox 1615 1666 1746 1760; x_wconf 67' lang='grc' dir='ltr'><strong>ᾅδου</strong></span> 
     </span>
    </p>
   </div>
   <div class='ocr_carea' id='block_1_19' title="bbox 177 1769 1747 1845">
    <p class='ocr_par' dir='ltr' id='par_1_19' title="bbox 177 1769 1747 1845">
     <span class='ocr_line' id='line_1_19' title="bbox 177 1769 1747 1845; baseline 0.009 -25"><span class='ocrx_word' id='word_1_120' title='bbox 177 1769 349 1822; x_wconf 72' lang='grc' dir='ltr'><strong>ξέναι.</strong></span> <span class='ocrx_word' id='word_1_121' title='bbox 399 1769 551 1820; x_wconf 76' lang='grc' dir='ltr'><strong>Ἐπεὶ</strong></span> <span class='ocrx_word' id='word_1_122' title='bbox 599 1769 654 1822; x_wconf 82' lang='grc' dir='ltr'><strong>δὲ</strong></span> <span class='ocrx_word' id='word_1_123' title='bbox 683 1771 830 1823; x_wconf 80' lang='grc' dir='ltr'><strong>τοῦτ’</strong></span> <span class='ocrx_word' id='word_1_124' title='bbox 863 1772 1167 1844; x_wconf 73' lang='grc' dir='ltr'><strong>ἐδουλόμην</strong></span> <span class='ocrx_word' id='word_1_125' title='bbox 1219 1775 1343 1845; x_wconf 83' lang='grc' dir='ltr'><strong>μὲν,</strong></span> <span class='ocrx_word' id='word_1_126' title='bbox 1377 1781 1473 1832; x_wconf 76' lang='grc' dir='ltr'><strong>καὶ</strong></span> <span class='ocrx_word' id='word_1_127' title='bbox 1510 1781 1632 1834; x_wconf 82' lang='grc' dir='ltr'><strong>ὅσον</strong></span> <span class='ocrx_word' id='word_1_128' title='bbox 1685 1781 1747 1834; x_wconf 82' lang='grc' dir='ltr'><strong>τὸ</strong></span> 
     </span>
    </p>
   </div>
   <div class='ocr_carea' id='block_1_20' title="bbox 177 1837 1823 1943">
    <p class='ocr_par' dir='ltr' id='par_1_20' title="bbox 177 1837 1823 1943">
     <span class='ocr_line' id='line_1_20' title="bbox 177 1837 1823 1943; baseline 0.009 -31"><span class='ocrx_word' id='word_1_129' title='bbox 177 1859 278 1912; x_wconf 81' lang='grc' dir='ltr'><strong>ἀπ’</strong></span> <span class='ocrx_word' id='word_1_130' title='bbox 309 1862 550 1929; x_wconf 81' lang='grc' dir='ltr'><strong>ἐμαυτοῦ</strong></span> <span class='ocrx_word' id='word_1_131' title='bbox 582 1858 727 1932; x_wconf 70' lang='grc' dir='ltr'><strong>εἶχον</strong></span> <span class='ocrx_word' id='word_1_132' title='bbox 774 1864 838 1915; x_wconf 89' lang='grc' dir='ltr'><strong>ἐκ</strong></span> <span class='ocrx_word' id='word_1_133' title='bbox 869 1865 964 1917; x_wconf 91' lang='grc' dir='ltr'><strong>τοῦ</strong></span> <span class='ocrx_word' id='word_1_134' title='bbox 999 1837 1232 1936; x_wconf 42' lang='grc' dir='ltr'><strong>ῥᾴστου.</strong></span> <span class='ocrx_word' id='word_1_135' title='bbox 1259 1837 1641 1940; x_wconf 72' lang='grc' dir='ltr'><strong>πεποιηκέναι,</strong></span> <span class='ocrx_word' id='word_1_136' title='bbox 1670 1873 1746 1943; x_wconf 86' lang='grc' dir='ltr'><strong>τῷ</strong></span> <span class='ocrx_word' id='word_1_137' title='bbox 1780 1837 1823 1897; x_wconf 72' lang='grc' dir='ltr'>Β</span> 
     </span>
    </p>
   </div>
   <div class='ocr_carea' id='block_1_21' title="bbox 181 1951 1743 2033">
    <p class='ocr_par' dir='ltr' id='par_1_21' title="bbox 181 1951 1743 2033">
     <span class='ocr_line' id='line_1_21' title="bbox 181 1951 1743 2033; baseline 0.008 -30"><span class='ocrx_word' id='word_1_138' title='bbox 181 1951 309 2021; x_wconf 86' lang='grc' dir='ltr'><strong>Θεῷ</strong></span> <span class='ocrx_word' id='word_1_139' title='bbox 339 1952 383 2005; x_wconf 83' lang='grc' dir='ltr'><strong>δ’</strong></span> <span class='ocrx_word' id='word_1_140' title='bbox 416 1953 559 2006; x_wconf 77' lang='grc' dir='ltr'><strong>οὕτω</strong></span> <span class='ocrx_word' id='word_1_141' title='bbox 584 1955 854 2024; x_wconf 81' lang='grc' dir='ltr'><strong>κέκριται,</strong></span> <span class='ocrx_word' id='word_1_142' title='bbox 892 1959 983 2010; x_wconf 77' lang='grc' dir='ltr'><strong>καὶ</strong></span> <span class='ocrx_word' id='word_1_143' title='bbox 1006 1958 1286 2030; x_wconf 84' lang='grc' dir='ltr'><strong>τέθνηκεν,</strong></span> <span class='ocrx_word' id='word_1_144' title='bbox 1320 1961 1397 2025; x_wconf 85' lang='grc' dir='ltr'><strong>ὡς</strong></span> <span class='ocrx_word' id='word_1_145' title='bbox 1442 1962 1516 2033; x_wconf 85' lang='grc' dir='ltr'><strong>μὴ</strong></span> <span class='ocrx_word' id='word_1_146' title='bbox 1547 1962 1743 2031; x_wconf 74' lang='grc' dir='ltr'><strong>ὤφελε,</strong></span> 
     </span>
    </p>
   </div>
   <div class='ocr_carea' id='block_1_22' title="bbox 174 2041 1744 2125">
    <p class='ocr_par' dir='ltr' id='par_1_22' title="bbox 174 2041 1744 2125">
     <span class='ocr_line' id='line_1_22' title="bbox 174 2041 1744 2125; baseline 0.011 -34"><span class='ocrx_word' id='word_1_147' title='bbox 174 2041 299 2110; x_wconf 80' lang='grc' dir='ltr'><strong>βῑον</strong></span> <span class='ocrx_word' id='word_1_148' title='bbox 326 2042 556 2096; x_wconf 75' lang='grc' dir='ltr'><strong>ἀϐίωτον</strong></span> <span class='ocrx_word' id='word_1_149' title='bbox 585 2043 707 2113; x_wconf 85' lang='grc' dir='ltr'><strong>ἐμοὶ</strong></span> <span class='ocrx_word' id='word_1_150' title='bbox 736 2049 1168 2115; x_wconf 80' lang='grc' dir='ltr'><strong>καταλελοιπὼς,</strong></span> <span class='ocrx_word' id='word_1_151' title='bbox 1191 2051 1284 2104; x_wconf 93' lang='grc' dir='ltr'><strong>τοῦ</strong></span> <span class='ocrx_word' id='word_1_152' title='bbox 1307 2053 1408 2123; x_wconf 75' lang='grc' dir='ltr'><strong>ζῇν</strong></span> <span class='ocrx_word' id='word_1_153' title='bbox 1435 2055 1529 2107; x_wconf 81' lang='grc' dir='ltr'><strong>καὶ</strong></span> <span class='ocrx_word' id='word_1_154' title='bbox 1557 2055 1744 2125; x_wconf 87' lang='grc' dir='ltr'><strong>άρχειν</strong></span> 
     </span>
    </p>
   </div>
   <div class='ocr_carea' id='block_1_23' title="bbox 171 2133 1742 2211">
    <p class='ocr_par' dir='ltr' id='par_1_23' title="bbox 171 2133 1742 2211">
     <span class='ocr_line' id='line_1_23' title="bbox 171 2133 1742 2211; baseline 0.011 -28"><span class='ocrx_word' id='word_1_155' title='bbox 171 2133 276 2202; x_wconf 82' lang='grc' dir='ltr'><strong>τὴν</strong></span> <span class='ocrx_word' id='word_1_156' title='bbox 308 2133 517 2188; x_wconf 85' lang='grc' dir='ltr'><strong>ἐκείνου</strong></span> <span class='ocrx_word' id='word_1_157' title='bbox 549 2136 789 2205; x_wconf 79' lang='grc' dir='ltr'><strong>σύζυγον</strong></span> <span class='ocrx_word' id='word_1_158' title='bbox 817 2139 911 2193; x_wconf 79' lang='grc' dir='ltr'><strong>καὶ</strong></span> <span class='ocrx_word' id='word_1_159' title='bbox 955 2143 1022 2194; x_wconf 85' lang='grc' dir='ltr'><strong>τὰ</strong></span> <span class='ocrx_word' id='word_1_160' title='bbox 1077 2143 1310 2211; x_wconf 80' lang='grc' dir='ltr'><strong>φίλτατα</strong></span> <span class='ocrx_word' id='word_1_161' title='bbox 1351 2146 1512 2198; x_wconf 80' lang='grc' dir='ltr'><strong>παντὶ</strong></span> <span class='ocrx_word' id='word_1_162' title='bbox 1565 2148 1742 2201; x_wconf 86' lang='grc' dir='ltr'><strong>σθένει</strong></span> 
     </span>
    </p>
   </div>
   <div class='ocr_carea' id='block_1_24' title="bbox 176 2226 1742 2306">
    <p class='ocr_par' dir='ltr' id='par_1_24' title="bbox 176 2226 1742 2306">
     <span class='ocr_line' id='line_1_24' title="bbox 176 2226 1742 2306; baseline 0.008 -29"><span class='ocrx_word' id='word_1_163' title='bbox 176 2226 365 2288; x_wconf 81' lang='grc' dir='ltr'><strong>καλῶς</strong></span> <span class='ocrx_word' id='word_1_164' title='bbox 394 2227 506 2293; x_wconf 88' lang='grc' dir='ltr'><strong>ἐγὼ</strong></span> <span class='ocrx_word' id='word_1_165' title='bbox 549 2227 670 2281; x_wconf 88' lang='grc' dir='ltr'><strong>λίαν</strong></span> <span class='ocrx_word' id='word_1_166' title='bbox 697 2232 1136 2302; x_wconf 81' lang='grc' dir='ltr'><strong>ἐπιμεμέλημαι,</strong></span> <span class='ocrx_word' id='word_1_167' title='bbox 1161 2233 1327 2306; x_wconf 80' lang='grc' dir='ltr'><strong>ψήφῳ</strong></span> <span class='ocrx_word' id='word_1_168' title='bbox 1352 2236 1447 2290; x_wconf 90' lang='grc' dir='ltr'><strong>τοῦ</strong></span> <span class='ocrx_word' id='word_1_169' title='bbox 1465 2237 1742 2293; x_wconf 86' lang='grc' dir='ltr'><strong>θειοτάτου</strong></span> 
     </span>
    </p>
   </div>
   <div class='ocr_carea' id='block_1_25' title="bbox 167 2316 1743 2397">
    <p class='ocr_par' dir='ltr' id='par_1_25' title="bbox 167 2316 1743 2397">
     <span class='ocr_line' id='line_1_25' title="bbox 167 2316 1743 2397; baseline 0.01 -29"><span class='ocrx_word' id='word_1_170' title='bbox 167 2316 448 2386; x_wconf 76' lang='grc' dir='ltr'><strong>βασιλέως</strong></span> <span class='ocrx_word' id='word_1_171' title='bbox 478 2318 573 2372; x_wconf 75' lang='grc' dir='ltr'><strong>καὶ</strong></span> <span class='ocrx_word' id='word_1_172' title='bbox 601 2320 822 2374; x_wconf 87' lang='grc' dir='ltr'><strong>πάντων</strong></span> <span class='ocrx_word' id='word_1_173' title='bbox 865 2323 1061 2393; x_wconf 80' lang='grc' dir='ltr'><strong>ἐφεξῆς</strong></span> <span class='ocrx_word' id='word_1_174' title='bbox 1093 2324 1319 2395; x_wconf 79' lang='grc' dir='ltr'><strong>ὕστερον</strong></span> <span class='ocrx_word' id='word_1_175' title='bbox 1347 2327 1448 2397; x_wconf 75' lang='grc' dir='ltr'><strong>τὴν</strong></span> <span class='ocrx_word' id='word_1_176' title='bbox 1479 2328 1587 2382; x_wconf 88' lang='grc' dir='ltr'><strong>τῶν</strong></span> <span class='ocrx_word' id='word_1_177' title='bbox 1613 2346 1743 2383; x_wconf 85' lang='grc' dir='ltr'><strong>κοι-</strong></span> 
     </span>
    </p>
   </div>
   <div class='ocr_carea' id='block_1_26' title="bbox 171 2409 1742 2488">
    <p class='ocr_par' dir='ltr' id='par_1_26' title="bbox 171 2409 1742 2488">
     <span class='ocr_line' id='line_1_26' title="bbox 171 2409 1742 2488; baseline 0.009 -27"><span class='ocrx_word' id='word_1_178' title='bbox 171 2409 304 2474; x_wconf 84' lang='grc' dir='ltr'><strong>νῶν,</strong></span> <span class='ocrx_word' id='word_1_179' title='bbox 336 2411 412 2473; x_wconf 84' lang='grc' dir='ltr'><strong>ὡς</strong></span> <span class='ocrx_word' id='word_1_180' title='bbox 440 2410 535 2463; x_wconf 81' lang='grc' dir='ltr'><strong>καὶ</strong></span> <span class='ocrx_word' id='word_1_181' title='bbox 557 2412 685 2480; x_wconf 72' lang='grc' dir='ltr'><strong>πρὶν</strong></span> <span class='ocrx_word' id='word_1_182' title='bbox 715 2413 1195 2484; x_wconf 79' lang='grc' dir='ltr'><strong>ἐγκεχειρισμένος</strong></span> <span class='ocrx_word' id='word_1_183' title='bbox 1223 2417 1514 2488; x_wconf 76' lang='grc' dir='ltr'><strong>διοίκησιν.</strong></span> <span class='ocrx_word' id='word_1_184' title='bbox 1545 2421 1742 2482; x_wconf 81' lang='grc' dir='ltr'><strong>Καλῶς</strong></span> 
     </span>
    </p>
   </div>
   <div class='ocr_carea' id='block_1_27' title="bbox 171 2490 1743 2580">
    <p class='ocr_par' dir='ltr' id='par_1_27' title="bbox 171 2490 1743 2580">
     <span class='ocr_line' id='line_1_27' title="bbox 171 2490 1743 2580; baseline 0.01 -30"><span class='ocrx_word' id='word_1_185' title='bbox 171 2499 361 2552; x_wconf 79' lang='grc' dir='ltr'><strong>τοίνυν</strong></span> <span class='ocrx_word' id='word_1_186' title='bbox 398 2490 645 2554; x_wconf 52' lang='grc' dir='ltr'><strong>καικαθ</strong></span> <span class='ocrx_word' id='word_1_187' title='bbox 672 2502 837 2573; x_wconf 79' lang='grc' dir='ltr'><strong>εὐχὴν</strong></span> <span class='ocrx_word' id='word_1_188' title='bbox 862 2505 955 2556; x_wconf 74' lang='grc' dir='ltr'><strong>καὶ</strong></span> <span class='ocrx_word' id='word_1_189' title='bbox 979 2505 1073 2558; x_wconf 79' lang='grc' dir='ltr'><strong>ἐπὶ</strong></span> <span class='ocrx_word' id='word_1_190' title='bbox 1102 2506 1161 2558; x_wconf 84' lang='grc' dir='ltr'><strong>τὺ</strong></span> <span class='ocrx_word' id='word_1_191' title='bbox 1190 2507 1406 2576; x_wconf 84' lang='grc' dir='ltr'><strong>βέλτιον</strong></span> <span class='ocrx_word' id='word_1_192' title='bbox 1423 2511 1530 2562; x_wconf 81' lang='grc' dir='ltr'><strong>τῶν</strong></span> <span class='ocrx_word' id='word_1_193' title='bbox 1562 2527 1743 2580; x_wconf 83' lang='grc' dir='ltr'><strong>πραγ-</strong></span> 
     </span>
    </p>
   </div>
   <div class='ocr_carea' id='block_1_28' title="bbox 166 2590 1743 2672">
    <p class='ocr_par' dir='ltr' id='par_1_28' title="bbox 166 2590 1743 2672">
     <span class='ocr_line' id='line_1_28' title="bbox 166 2590 1743 2672; baseline 0.01 -31"><span class='ocrx_word' id='word_1_194' title='bbox 166 2591 363 2653; x_wconf 78' lang='grc' dir='ltr'><strong>μάτων</strong></span> <span class='ocrx_word' id='word_1_195' title='bbox 410 2590 670 2659; x_wconf 74' lang='grc' dir='ltr'><strong>ἡκόντων,</strong></span> <span class='ocrx_word' id='word_1_196' title='bbox 701 2593 794 2645; x_wconf 67' lang='grc' dir='ltr'><strong>κοιλ⁸</strong></span> <span class='ocrx_word' id='word_1_197' title='bbox 821 2593 993 2664; x_wconf 78' lang='grc' dir='ltr'><strong>ἥξειν</strong></span> <span class='ocrx_word' id='word_1_198' title='bbox 1014 2594 1094 2648; x_wconf 81' lang='grc' dir='ltr'><strong>ἐτι</strong></span> <span class='ocrx_word' id='word_1_199' title='bbox 1125 2597 1326 2668; x_wconf 70' lang='grc' dir='ltr'><strong>ῥᾳδίως</strong></span> <span class='ocrx_word' id='word_1_200' title='bbox 1372 2601 1743 2672; x_wconf 80' lang='grc' dir='ltr'><strong>ἐπαγγελομέ-</strong></span> 
     </span>
    </p>
   </div>
   <div class='ocr_carea' id='block_1_29' title="bbox 167 2680 1740 2763">
    <p class='ocr_par' dir='ltr' id='par_1_29' title="bbox 167 2680 1740 2763">
     <span class='ocr_line' id='line_1_29' title="bbox 167 2680 1740 2763; baseline 0.01 -31"><span class='ocrx_word' id='word_1_201' title='bbox 167 2698 302 2742; x_wconf 87' lang='grc' dir='ltr'><strong>νων,</strong></span> <span class='ocrx_word' id='word_1_202' title='bbox 361 2680 438 2751; x_wconf 84' lang='grc' dir='ltr'><strong>τῷ</strong></span> <span class='ocrx_word' id='word_1_203' title='bbox 488 2681 674 2746; x_wconf 78' lang='grc' dir='ltr'><strong>ἐξώλει</strong></span> <span class='ocrx_word' id='word_1_204' title='bbox 705 2683 802 2736; x_wconf 77' lang='grc' dir='ltr'><strong>καὶ</strong></span> <span class='ocrx_word' id='word_1_205' title='bbox 851 2686 1095 2756; x_wconf 83' lang='grc' dir='ltr'><strong>κακίστῳ</strong></span> <span class='ocrx_word' id='word_1_206' title='bbox 1152 2689 1316 2742; x_wconf 86' lang='grc' dir='ltr'><strong>πάθει</strong></span> <span class='ocrx_word' id='word_1_207' title='bbox 1348 2690 1410 2760; x_wconf 86' lang='grc' dir='ltr'><strong>δή</strong></span> <span class='ocrx_word' id='word_1_208' title='bbox 1470 2709 1612 2762; x_wconf 84' lang='grc' dir='ltr'><strong>φημι</strong></span> <span class='ocrx_word' id='word_1_209' title='bbox 1664 2694 1740 2763; x_wconf 85' lang='grc' dir='ltr'><strong>τῷ</strong></span> 
     </span>
    </p>
   </div>
   <div class='ocr_carea' id='block_1_30' title="bbox 164 2772 1738 2852">
    <p class='ocr_par' dir='ltr' id='par_1_30' title="bbox 164 2772 1738 2852">
     <span class='ocr_line' id='line_1_30' title="bbox 164 2772 1738 2852; baseline 0.009 -29"><span class='ocrx_word' id='word_1_210' title='bbox 164 2774 355 2843; x_wconf 83' lang='grc' dir='ltr'><strong>φθόνῳ</strong></span> <span class='ocrx_word' id='word_1_211' title='bbox 375 2772 699 2844; x_wconf 80' lang='grc' dir='ltr'><strong>τρωθέντες,</strong></span> <span class='ocrx_word' id='word_1_212' title='bbox 726 2777 774 2828; x_wconf 87' lang='grc' dir='ltr'><strong>οἱ</strong></span> <span class='ocrx_word' id='word_1_213' title='bbox 794 2777 1013 2845; x_wconf 78' lang='grc' dir='ltr'><strong>μᾶλλον,</strong></span> <span class='ocrx_word' id='word_1_214' title='bbox 1039 2775 1114 2842; x_wconf 80' lang='grc' dir='ltr'><strong>ὡς</strong></span> <span class='ocrx_word' id='word_1_215' title='bbox 1143 2779 1372 2850; x_wconf 74' lang='grc' dir='ltr'><strong>εἴρηται,</strong></span> <span class='ocrx_word' id='word_1_216' title='bbox 1394 2782 1654 2847; x_wconf 84' lang='grc' dir='ltr'><strong>παθόντες</strong></span> <span class='ocrx_word' id='word_1_217' title='bbox 1680 2780 1738 2852; x_wconf 62' lang='grc' dir='ltr'><strong>εὖ</strong></span> 
     </span>
    </p>
   </div>
   <div class='ocr_carea' id='block_1_31' title="bbox 171 2857 1738 2943">
    <p class='ocr_par' dir='ltr' id='par_1_31' title="bbox 171 2857 1738 2943">
     <span class='ocr_line' id='line_1_31' title="bbox 171 2857 1738 2943; baseline 0.01 -31"><span class='ocrx_word' id='word_1_218' title='bbox 171 2863 309 2931; x_wconf 85' lang='grc' dir='ltr'><strong>παρ’</strong></span> <span class='ocrx_word' id='word_1_219' title='bbox 350 2862 527 2930; x_wconf 84' lang='grc' dir='ltr'><strong>ἡμῶν,</strong></span> <span class='ocrx_word' id='word_1_220' title='bbox 563 2857 636 2917; x_wconf 80' lang='grc' dir='ltr'><strong>ὧν</strong></span> <span class='ocrx_word' id='word_1_221' title='bbox 666 2864 894 2935; x_wconf 82' lang='grc' dir='ltr'><strong>ἔξαρχος</strong></span> <span class='ocrx_word' id='word_1_222' title='bbox 919 2867 947 2918; x_wconf 85' lang='grc' dir='ltr'><strong>δ</strong></span> <span class='ocrx_word' id='word_1_223' title='bbox 986 2867 1204 2920; x_wconf 80' lang='grc' dir='ltr'><strong>κάκιστ’</strong></span> <span class='ocrx_word' id='word_1_224' title='bbox 1262 2869 1635 2941; x_wconf 81' lang='grc' dir='ltr'><strong>ἀπολούμενος</strong></span> <span class='ocrx_word' id='word_1_225' title='bbox 1667 2870 1738 2943; x_wconf 80' lang='grc' dir='ltr'><strong>ἦν</strong></span> 
     </span>
    </p>
   </div>
   <div class='ocr_carea' id='block_1_32' title="bbox 178 2951 1736 3034">
    <p class='ocr_par' dir='ltr' id='par_1_32' title="bbox 178 2951 1736 3034">
     <span class='ocr_line' id='line_1_32' title="bbox 178 2951 1736 3034; baseline 0.008 -30"><span class='ocrx_word' id='word_1_226' title='bbox 178 2951 546 3022; x_wconf 77' lang='grc' dir='ltr'><strong>’Δπόκαυχος,</strong></span> <span class='ocrx_word' id='word_1_227' title='bbox 569 2953 726 3024; x_wconf 87' lang='grc' dir='ltr'><strong>δίκην</strong></span> <span class='ocrx_word' id='word_1_228' title='bbox 760 2955 932 3025; x_wconf 71' lang='grc' dir='ltr'><strong>διρεως</strong></span> <span class='ocrx_word' id='word_1_229' title='bbox 962 2957 1359 3030; x_wconf 79' lang='grc' dir='ltr'><strong>ὑπεψιθύρισαν</strong></span> <span class='ocrx_word' id='word_1_230' title='bbox 1385 2966 1451 3034; x_wconf 79' lang='grc' dir='ltr'><strong>τῇ</strong></span> <span class='ocrx_word' id='word_1_231' title='bbox 1483 2963 1736 3032; x_wconf 83' lang='grc' dir='ltr'><strong>βασιλίδι,</strong></span> 
     </span>
    </p>
   </div>
   <div class='ocr_carea' id='block_1_33' title="bbox 167 3044 1735 3124">
    <p class='ocr_par' dir='ltr' id='par_1_33' title="bbox 167 3044 1735 3124">
     <span class='ocr_line' id='line_1_33' title="bbox 167 3044 1735 3124; baseline 0.01 -30"><span class='ocrx_word' id='word_1_232' title='bbox 167 3044 268 3097; x_wconf 64' lang='grc' dir='ltr'><strong>καὶ</strong></span> <span class='ocrx_word' id='word_1_233' title='bbox 297 3044 392 3097; x_wconf 90' lang='grc' dir='ltr'><strong>τοῦ</strong></span> <span class='ocrx_word' id='word_1_234' title='bbox 426 3045 588 3117; x_wconf 84' lang='grc' dir='ltr'><strong>ὀρθοῦ</strong></span> <span class='ocrx_word' id='word_1_235' title='bbox 620 3047 826 3118; x_wconf 86' lang='grc' dir='ltr'><strong>ταύτην</strong></span> <span class='ocrx_word' id='word_1_236' title='bbox 848 3049 1262 3104; x_wconf 79' lang='grc' dir='ltr'><strong>ἐκπεπτωκέναι</strong></span> <span class='ocrx_word' id='word_1_237' title='bbox 1288 3057 1735 3124; x_wconf 84' lang='grc' dir='ltr'><strong>παρεσκευάκασι</strong></span> 
     </span>
    </p>
   </div>
   <div class='ocr_carea' id='block_1_34' title="bbox 1860 611 3498 695">
    <p class='ocr_par' dir='ltr' id='par_1_34' title="bbox 1860 611 3498 695">
     <span class='ocr_line' id='line_1_34' title="bbox 1860 611 3498 695; baseline 0.015 -33"><span class='ocrx_word' id='word_1_238' title='bbox 1860 611 2204 678; x_wconf 84' lang='lat' dir='ltr'><strong>tempsimus,</strong></span> <span class='ocrx_word' id='word_1_239' title='bbox 2239 625 2294 667; x_wconf 89' lang='lat' dir='ltr'><strong>et</strong></span> <span class='ocrx_word' id='word_1_240' title='bbox 2321 630 2442 668; x_wconf 81' lang='lat' dir='ltr'><strong>cunt</strong></span> <span class='ocrx_word' id='word_1_241' title='bbox 2479 632 2544 669; x_wconf 89' lang='lat' dir='ltr'><strong>eo</strong></span> <span class='ocrx_word' id='word_1_242' title='bbox 2575 620 2814 687; x_wconf 86' lang='lat' dir='ltr'><strong>pericula</strong></span> <span class='ocrx_word' id='word_1_243' title='bbox 2842 623 3080 679; x_wconf 84' lang='lat' dir='ltr'><strong>libenter</strong></span> <span class='ocrx_word' id='word_1_244' title='bbox 3099 629 3419 695; x_wconf 72' lang='lat' dir='ltr'><strong>subeuntes,</strong></span> <span class='ocrx_word' id='word_1_245' title='bbox 3492 682 3498 686; x_wconf 94' lang='lat'><strong>.</strong></span> 
     </span>
    </p>
   </div>
   <div class='ocr_carea' id='block_1_35' title="bbox 1859 695 3423 781">
    <p class='ocr_par' dir='ltr' id='par_1_35' title="bbox 1859 695 3423 781">
     <span class='ocr_line' id='line_1_35' title="bbox 1859 695 3423 781; baseline 0.017 -31"><span class='ocrx_word' id='word_1_246' title='bbox 1859 699 2122 769; x_wconf 87' lang='lat' dir='ltr'><strong>milleque</strong></span> <span class='ocrx_word' id='word_1_247' title='bbox 2154 703 2311 758; x_wconf 84' lang='lat' dir='ltr'><strong>malis</strong></span> <span class='ocrx_word' id='word_1_248' title='bbox 2339 714 2564 775; x_wconf 76' lang='lat' dir='ltr'><strong>propter</strong></span> <span class='ocrx_word' id='word_1_249' title='bbox 2587 708 2738 763; x_wconf 81' lang='lat' dir='ltr'><strong>illum</strong></span> <span class='ocrx_word' id='word_1_250' title='bbox 2758 715 3016 781; x_wconf 73' lang='lat' dir='ltr'><strong>exerciti,</strong></span> <span class='ocrx_word' id='word_1_251' title='bbox 3049 695 3307 775; x_wconf 58' lang='lat' dir='ltr'><strong>amicitia;</strong></span> <span class='ocrx_word' id='word_1_252' title='bbox 3361 738 3423 776; x_wconf 89' lang='lat' dir='ltr'><strong>ac</strong></span> 
     </span>
    </p>
   </div>
   <div class='ocr_carea' id='block_1_36' title="bbox 1849 789 3416 871">
    <p class='ocr_par' dir='ltr' id='par_1_36' title="bbox 1849 789 3416 871">
     <span class='ocr_line' id='line_1_36' title="bbox 1849 789 3416 871; baseline 0.016 -30"><span class='ocrx_word' id='word_1_253' title='bbox 1849 789 2012 859; x_wconf 68' lang='lat' dir='ltr'><strong>justas</strong></span> <span class='ocrx_word' id='word_1_254' title='bbox 2045 795 2384 850; x_wconf 62' lang='lat' dir='ltr'><strong>necessitatis</strong></span> <span class='ocrx_word' id='word_1_255' title='bbox 2407 797 2618 865; x_wconf 80' lang='lat' dir='ltr'><strong>legibus</strong></span> <span class='ocrx_word' id='word_1_256' title='bbox 2651 800 2860 855; x_wconf 89' lang='lat' dir='ltr'><strong>inducti</strong></span> <span class='ocrx_word' id='word_1_257' title='bbox 2910 805 3211 871; x_wconf 75' lang='lat' dir='ltr'><strong>cﬂ‘ecimus,</strong></span> <span class='ocrx_word' id='word_1_258' title='bbox 3245 811 3416 866; x_wconf 87' lang='lat' dir='ltr'><strong>Deum</strong></span> 
     </span>
    </p>
   </div>
   <div class='ocr_carea' id='block_1_37' title="bbox 1854 876 3420 968">
    <p class='ocr_par' dir='ltr' id='par_1_37' title="bbox 1854 876 3420 968">
     <span class='ocr_line' id='line_1_37' title="bbox 1854 876 3420 968; baseline 0.015 -34"><span class='ocrx_word' id='word_1_259' title='bbox 1854 881 2035 934; x_wconf 83' lang='lat' dir='ltr'><strong>sortiti</strong></span> <span class='ocrx_word' id='word_1_260' title='bbox 2066 876 2386 952; x_wconf 84' lang='lat' dir='ltr'><strong>propitium,</strong></span> <span class='ocrx_word' id='word_1_261' title='bbox 2415 896 2474 939; x_wconf 85' lang='lat' dir='ltr'><strong>ut</strong></span> <span class='ocrx_word' id='word_1_262' title='bbox 2503 890 2549 942; x_wconf 89' lang='lat' dir='ltr'><strong>is</strong></span> <span class='ocrx_word' id='word_1_263' title='bbox 2581 902 2960 958; x_wconf 68' lang='lat' dir='ltr'><strong>persecutores</strong></span> <span class='ocrx_word' id='word_1_264' title='bbox 2991 911 3120 952; x_wconf 88' lang='lat' dir='ltr'><strong>suos</strong></span> <span class='ocrx_word' id='word_1_265' title='bbox 3159 902 3420 968; x_wconf 66' lang='lat' dir='ltr'><strong>praeclare</strong></span> 
     </span>
    </p>
   </div>
   <div class='ocr_carea' id='block_1_38' title="bbox 1855 974 3417 1058">
    <p class='ocr_par' dir='ltr' id='par_1_38' title="bbox 1855 974 3417 1058">
     <span class='ocr_line' id='line_1_38' title="bbox 1855 974 3417 1058; baseline 0.016 -36"><span class='ocrx_word' id='word_1_266' title='bbox 1855 982 2157 1038; x_wconf 87' lang='lat' dir='ltr'><strong>superaret.</strong></span> <span class='ocrx_word' id='word_1_267' title='bbox 2223 974 2288 1027; x_wconf 88' lang='lat' dir='ltr'><strong>Et</strong></span> <span class='ocrx_word' id='word_1_268' title='bbox 2344 991 2564 1033; x_wconf 83' lang='lat' dir='ltr'><strong>eramus</strong></span> <span class='ocrx_word' id='word_1_269' title='bbox 2617 991 2802 1048; x_wconf 87' lang='lat' dir='ltr'><strong>postea</strong></span> <span class='ocrx_word' id='word_1_270' title='bbox 2840 984 2892 1037; x_wconf 90' lang='lat' dir='ltr'><strong>in</strong></span> <span class='ocrx_word' id='word_1_271' title='bbox 2945 988 3092 1040; x_wconf 88' lang='lat' dir='ltr'><strong>omni</strong></span> <span class='ocrx_word' id='word_1_272' title='bbox 3146 991 3264 1058; x_wconf 87' lang='lat' dir='ltr'><strong>ejus</strong></span> <span class='ocrx_word' id='word_1_273' title='bbox 3307 993 3417 1047; x_wconf 87' lang='lat' dir='ltr'><strong>vita</strong></span> 
     </span>
    </p>
   </div>
   <div class='ocr_carea' id='block_1_39' title="bbox 1856 1063 3414 1148">
    <p class='ocr_par' dir='ltr' id='par_1_39' title="bbox 1856 1063 3414 1148">
     <span class='ocr_line' id='line_1_39' title="bbox 1856 1063 3414 1148; baseline 0.011 -32"><span class='ocrx_word' id='word_1_274' title='bbox 1856 1063 2097 1128; x_wconf 74' lang='lat' dir='ltr'><strong>solliciti,</strong></span> <span class='ocrx_word' id='word_1_275' title='bbox 2131 1066 2463 1136; x_wconf 71' lang='lat' dir='ltr'><strong>maximique</strong></span> <span class='ocrx_word' id='word_1_276' title='bbox 2503 1071 2786 1139; x_wconf 87' lang='lat' dir='ltr'><strong>cujusdam</strong></span> <span class='ocrx_word' id='word_1_277' title='bbox 2840 1074 2968 1129; x_wconf 82' lang='lat' dir='ltr'><strong>boni</strong></span> <span class='ocrx_word' id='word_1_278' title='bbox 3024 1077 3145 1133; x_wconf 88' lang='lat' dir='ltr'><strong>loco</strong></span> <span class='ocrx_word' id='word_1_279' title='bbox 3185 1083 3414 1148; x_wconf 75' lang='lat' dir='ltr'><strong>optaba-</strong></span> 
     </span>
    </p>
   </div>
   <div class='ocr_carea' id='block_1_40' title="bbox 1855 1156 3414 1237">
    <p class='ocr_par' dir='ltr' id='par_1_40' title="bbox 1855 1156 3414 1237">
     <span class='ocr_line' id='line_1_40' title="bbox 1855 1156 3414 1237; baseline 0.012 -31"><span class='ocrx_word' id='word_1_280' title='bbox 1855 1169 2001 1236; x_wconf 78' lang='lat' dir='ltr'><strong>mus,</strong></span> <span class='ocrx_word' id='word_1_281' title='bbox 2038 1163 2098 1208; x_wconf 88' lang='lat' dir='ltr'><strong>ut</strong></span> <span class='ocrx_word' id='word_1_282' title='bbox 2141 1156 2232 1210; x_wconf 87' lang='lat' dir='ltr'><strong>ille</strong></span> <span class='ocrx_word' id='word_1_283' title='bbox 2287 1157 2495 1213; x_wconf 81' lang='lat' dir='ltr'><strong>viveret</strong></span> <span class='ocrx_word' id='word_1_284' title='bbox 2565 1170 2618 1212; x_wconf 71' lang='lat' dir='ltr'><strong>et</strong></span> <span class='ocrx_word' id='word_1_285' title='bbox 2672 1162 2968 1232; x_wconf 79' lang='lat' dir='ltr'><strong>imperaret</strong></span> <span class='ocrx_word' id='word_1_286' title='bbox 3001 1168 3094 1220; x_wconf 89' lang='lat' dir='ltr'><strong>:id</strong></span> <span class='ocrx_word' id='word_1_287' title='bbox 3140 1171 3285 1237; x_wconf 89' lang='lat' dir='ltr'><strong>quod</strong></span> <span class='ocrx_word' id='word_1_288' title='bbox 3333 1176 3414 1225; x_wconf 78' lang='lat' dir='ltr'><strong>vel</strong></span> 
     </span>
    </p>
   </div>
   <div class='ocr_carea' id='block_1_41' title="bbox 1855 1227 3412 1329">
    <p class='ocr_par' dir='ltr' id='par_1_41' title="bbox 1855 1227 3412 1329">
     <span class='ocr_line' id='line_1_41' title="bbox 1855 1227 3412 1329; baseline 0.013 -34"><span class='ocrx_word' id='word_1_289' title='bbox 1855 1227 2162 1299; x_wconf 74' lang='lat' dir='ltr'><strong>tacentibus</strong></span> <span class='ocrx_word' id='word_1_290' title='bbox 2199 1247 2357 1301; x_wconf 82' lang='lat' dir='ltr'><strong>nobis</strong></span> <span class='ocrx_word' id='word_1_291' title='bbox 2391 1264 2554 1304; x_wconf 89' lang='lat' dir='ltr'><strong>nemo</strong></span> <span class='ocrx_word' id='word_1_292' title='bbox 2583 1265 2690 1303; x_wconf 91' lang='lat' dir='ltr'><strong>non</strong></span> <span class='ocrx_word' id='word_1_293' title='bbox 2716 1227 2886 1308; x_wconf 75' lang='lat' dir='ltr'><strong>novit.</strong></span> <span class='ocrx_word' id='word_1_294' title='bbox 2915 1256 3026 1326; x_wconf 82' lang='lat' dir='ltr'><strong>Ego</strong></span> <span class='ocrx_word' id='word_1_295' title='bbox 3054 1227 3237 1327; x_wconf 76' lang='lat' dir='ltr'><strong>igitur,</strong></span> <span class='ocrx_word' id='word_1_296' title='bbox 3267 1263 3412 1329; x_wconf 87' lang='lat' dir='ltr'><strong>quod</strong></span> 
     </span>
    </p>
   </div>
   <div class='ocr_carea' id='block_1_42' title="bbox 1853 1333 3413 1440">
    <p class='ocr_par' dir='ltr' id='par_1_42' title="bbox 1853 1333 3413 1440">
     <span class='ocr_line' id='line_1_42' title="bbox 1853 1333 3413 1440; baseline 0.013 -53"><span class='ocrx_word' id='word_1_297' title='bbox 1853 1333 2011 1388; x_wconf 80' lang='lat' dir='ltr'><strong>factis</strong></span> <span class='ocrx_word' id='word_1_298' title='bbox 2045 1336 2178 1405; x_wconf 83' lang='lat' dir='ltr'><strong>ipsis</strong></span> <span class='ocrx_word' id='word_1_299' title='bbox 2204 1339 2500 1408; x_wconf 63' lang='lat' dir='ltr'><strong>saepissime</strong></span> <span class='ocrx_word' id='word_1_300' title='bbox 2546 1357 2662 1410; x_wconf 63' lang='lat' dir='ltr'><strong>prae</strong></span> <span class='ocrx_word' id='word_1_301' title='bbox 2711 1360 2794 1399; x_wconf 85' lang='lat' dir='ltr'><strong>me</strong></span> <span class='ocrx_word' id='word_1_302' title='bbox 2829 1347 2949 1411; x_wconf 90' lang='lat' dir='ltr'><strong>tuli,</strong></span> <span class='ocrx_word' id='word_1_303' title='bbox 2999 1363 3146 1402; x_wconf 89' lang='lat' dir='ltr'><strong>nunc</strong></span> <span class='ocrx_word' id='word_1_304' title='bbox 3195 1366 3413 1440; x_wconf 78' lang='lat' dir='ltr'><strong>quoque</strong></span> 
     </span>
    </p>
   </div>
   <div class='ocr_carea' id='block_1_43' title="bbox 1856 1423 3408 1501">
    <p class='ocr_par' dir='ltr' id='par_1_43' title="bbox 1856 1423 3408 1501">
     <span class='ocr_line' id='line_1_43' title="bbox 1856 1423 3408 1501; baseline 0.014 -25"><span class='ocrx_word' id='word_1_305' title='bbox 1856 1423 1965 1477; x_wconf 85' lang='lat' dir='ltr'><strong>Deo</strong></span> <span class='ocrx_word' id='word_1_306' title='bbox 2022 1433 2160 1480; x_wconf 86' lang='lat' dir='ltr'><strong>teste</strong></span> <span class='ocrx_word' id='word_1_307' title='bbox 2225 1427 2453 1492; x_wconf 83' lang='lat' dir='ltr'><strong>aﬂirmo,</strong></span> <span class='ocrx_word' id='word_1_308' title='bbox 2477 1431 2524 1484; x_wconf 86' lang='lat' dir='ltr'><strong>si</strong></span> <span class='ocrx_word' id='word_1_309' title='bbox 2558 1431 2674 1485; x_wconf 83' lang='lat' dir='ltr'><strong>ﬁeri</strong></span> <span class='ocrx_word' id='word_1_310' title='bbox 2709 1435 3001 1501; x_wconf 83' lang='lat' dir='ltr'><strong>potuisset,</strong></span> <span class='ocrx_word' id='word_1_311' title='bbox 3057 1448 3118 1491; x_wconf 88' lang='lat' dir='ltr'><strong>ut</strong></span> <span class='ocrx_word' id='word_1_312' title='bbox 3160 1439 3250 1494; x_wconf 87' lang='lat' dir='ltr'><strong>ille</strong></span> <span class='ocrx_word' id='word_1_313' title='bbox 3303 1423 3408 1496; x_wconf 81' lang='grc' dir='ltr'><strong>ιῖοη</strong></span> 
     </span>
    </p>
   </div>
   <div class='ocr_carea' id='block_1_44' title="bbox 1853 1521 3409 1592">
    <p class='ocr_par' dir='ltr' id='par_1_44' title="bbox 1853 1521 3409 1592">
     <span class='ocr_line' id='line_1_44' title="bbox 1853 1521 3409 1592; baseline 0.015 -27"><span class='ocrx_word' id='word_1_314' title='bbox 1853 1523 2182 1581; x_wconf 84' lang='lat' dir='ltr'><strong>moreretur,</strong></span> <span class='ocrx_word' id='word_1_315' title='bbox 2239 1534 2326 1573; x_wconf 83' lang='lat' dir='ltr'><strong>me</strong></span> <span class='ocrx_word' id='word_1_316' title='bbox 2378 1521 2734 1589; x_wconf 84' lang='lat' dir='ltr'><strong>cupidissime</strong></span> <span class='ocrx_word' id='word_1_317' title='bbox 2808 1541 2906 1592; x_wconf 91' lang='lat' dir='ltr'><strong>pro</strong></span> <span class='ocrx_word' id='word_1_318' title='bbox 2957 1543 3026 1582; x_wconf 80' lang='lat' dir='ltr'><strong>oo</strong></span> <span class='ocrx_word' id='word_1_319' title='bbox 3082 1531 3409 1589; x_wconf 86' lang='lat' dir='ltr'><strong>moriturum</strong></span> 
     </span>
    </p>
   </div>
   <div class='ocr_carea' id='block_1_45' title="bbox 1851 1603 3410 1689">
    <p class='ocr_par' dir='ltr' id='par_1_45' title="bbox 1851 1603 3410 1689">
     <span class='ocr_line' id='line_1_45' title="bbox 1851 1603 3410 1689; baseline 0.013 -33"><span class='ocrx_word' id='word_1_320' title='bbox 1851 1603 2041 1659; x_wconf 79' lang='lat' dir='ltr'><strong>fuisse.</strong></span> <span class='ocrx_word' id='word_1_321' title='bbox 2073 1606 2341 1671; x_wconf 81' lang='lat' dir='ltr'><strong>Quoniam</strong></span> <span class='ocrx_word' id='word_1_322' title='bbox 2388 1620 2570 1664; x_wconf 86' lang='lat' dir='ltr'><strong>autem</strong></span> <span class='ocrx_word' id='word_1_323' title='bbox 2617 1628 2718 1680; x_wconf 83' lang='lat' dir='ltr'><strong>ego</strong></span> <span class='ocrx_word' id='word_1_324' title='bbox 2757 1613 2903 1668; x_wconf 79' lang='lat' dir='ltr'><strong>istuc</strong></span> <span class='ocrx_word' id='word_1_325' title='bbox 2931 1617 3100 1682; x_wconf 81' lang='lat' dir='ltr'><strong>volui,</strong></span> <span class='ocrx_word' id='word_1_326' title='bbox 3161 1629 3217 1672; x_wconf 90' lang='lat' dir='ltr'><strong>ct</strong></span> <span class='ocrx_word' id='word_1_327' title='bbox 3265 1628 3410 1689; x_wconf 78' lang='lat' dir='ltr'><strong>quod</strong></span> 
     </span>
    </p>
   </div>
   <div class='ocr_carea' id='block_1_46' title="bbox 1849 1694 3413 1772">
    <p class='ocr_par' dir='ltr' id='par_1_46' title="bbox 1849 1694 3413 1772">
     <span class='ocr_line' id='line_1_46' title="bbox 1849 1694 3413 1772; baseline 0.01 -25"><span class='ocrx_word' id='word_1_328' title='bbox 1849 1694 1917 1748; x_wconf 87' lang='lat' dir='ltr'><strong>ad</strong></span> <span class='ocrx_word' id='word_1_329' title='bbox 1955 1711 2042 1750; x_wconf 89' lang='lat' dir='ltr'><strong>me</strong></span> <span class='ocrx_word' id='word_1_330' title='bbox 2089 1699 2308 1760; x_wconf 85' lang='lat' dir='ltr'><strong>attinet.</strong></span> <span class='ocrx_word' id='word_1_331' title='bbox 2359 1699 2619 1755; x_wconf 82' lang='lat' dir='ltr'><strong>facillime</strong></span> <span class='ocrx_word' id='word_1_332' title='bbox 2649 1705 2822 1772; x_wconf 86' lang='lat' dir='ltr'><strong>potui,</strong></span> <span class='ocrx_word' id='word_1_333' title='bbox 2878 1705 2986 1758; x_wconf 86' lang='lat' dir='ltr'><strong>Deo</strong></span> <span class='ocrx_word' id='word_1_334' title='bbox 3037 1716 3217 1760; x_wconf 78' lang='lat' dir='ltr'><strong>tamen</strong></span> <span class='ocrx_word' id='word_1_335' title='bbox 3251 1711 3413 1764; x_wconf 85' lang='lat' dir='ltr'><strong>aliter</strong></span> 
     </span>
    </p>
   </div>
   <div class='ocr_carea' id='block_1_47' title="bbox 1851 1785 3415 1870">
    <p class='ocr_par' dir='ltr' id='par_1_47' title="bbox 1851 1785 3415 1870">
     <span class='ocr_line' id='line_1_47' title="bbox 1851 1785 3415 1870; baseline 0.009 -31"><span class='ocrx_word' id='word_1_336' title='bbox 1851 1785 2024 1840; x_wconf 90' lang='lat' dir='ltr'><strong>visum</strong></span> <span class='ocrx_word' id='word_1_337' title='bbox 2044 1798 2147 1853; x_wconf 91' lang='lat' dir='ltr'><strong>est,</strong></span> <span class='ocrx_word' id='word_1_338' title='bbox 2170 1797 2225 1842; x_wconf 89' lang='lat' dir='ltr'><strong>et</strong></span> <span class='ocrx_word' id='word_1_339' title='bbox 2249 1790 2339 1843; x_wconf 87' lang='lat' dir='ltr'><strong>ille</strong></span> <span class='ocrx_word' id='word_1_340' title='bbox 2362 1792 2554 1845; x_wconf 90' lang='lat' dir='ltr'><strong>obiens</strong></span> <span class='ocrx_word' id='word_1_341' title='bbox 2574 1793 2688 1861; x_wconf 89' lang='lat' dir='ltr'><strong>(qui</strong></span> <span class='ocrx_word' id='word_1_342' title='bbox 2726 1795 2932 1846; x_wconf 81' lang='lat' dir='ltr'><strong>utinam</strong></span> <span class='ocrx_word' id='word_1_343' title='bbox 2965 1802 3298 1870; x_wconf 83' lang='lat' dir='ltr'><strong>superesset)</strong></span> <span class='ocrx_word' id='word_1_344' title='bbox 3335 1802 3415 1853; x_wconf 84' lang='lat' dir='ltr'><strong>vi-</strong></span> 
     </span>
    </p>
   </div>
   <div class='ocr_carea' id='block_1_48' title="bbox 1854 1877 3412 1960">
    <p class='ocr_par' dir='ltr' id='par_1_48' title="bbox 1854 1877 3412 1960">
     <span class='ocr_line' id='line_1_48' title="bbox 1854 1877 3412 1960; baseline 0.012 -34"><span class='ocrx_word' id='word_1_345' title='bbox 1854 1884 1961 1928; x_wconf 82' lang='lat' dir='ltr'><strong>tam</strong></span> <span class='ocrx_word' id='word_1_346' title='bbox 1989 1877 2214 1932; x_wconf 84' lang='lat' dir='ltr'><strong>minime</strong></span> <span class='ocrx_word' id='word_1_347' title='bbox 2230 1879 2449 1934; x_wconf 85' lang='lat' dir='ltr'><strong>vitalem</strong></span> <span class='ocrx_word' id='word_1_348' title='bbox 2467 1882 2598 1936; x_wconf 85' lang='lat' dir='ltr'><strong>mihi</strong></span> <span class='ocrx_word' id='word_1_349' title='bbox 2620 1883 2843 1952; x_wconf 88' lang='lat' dir='ltr'><strong>reliquit</strong></span> <span class='ocrx_word' id='word_1_350' title='bbox 2863 1887 2999 1953; x_wconf 80' lang='grc'><strong>(11),</strong></span> <span class='ocrx_word' id='word_1_351' title='bbox 3020 1888 3180 1958; x_wconf 63' lang='grc' dir='ltr'><strong>52ἀ</strong></span> <span class='ocrx_word' id='word_1_352' title='bbox 3197 1900 3256 1943; x_wconf 87' lang='grc' dir='ltr'><strong>ιιι</strong></span> <span class='ocrx_word' id='word_1_353' title='bbox 3292 1892 3412 1960; x_wconf 83' lang='lat' dir='ltr'><strong>ejus</strong></span> 
     </span>
    </p>
   </div>
   <div class='ocr_carea' id='block_1_49' title="bbox 1846 1969 3410 2044">
    <p class='ocr_par' dir='ltr' id='par_1_49' title="bbox 1846 1969 3410 2044">
     <span class='ocr_line' id='line_1_49' title="bbox 1846 1969 3410 2044; baseline 0.01 -24"><span class='ocrx_word' id='word_1_354' title='bbox 1846 1969 2044 2037; x_wconf 75' lang='lat' dir='ltr'><strong>conjux</strong></span> <span class='ocrx_word' id='word_1_355' title='bbox 2078 1976 2134 2022; x_wconf 90' lang='lat' dir='ltr'><strong>et</strong></span> <span class='ocrx_word' id='word_1_356' title='bbox 2163 1970 2318 2024; x_wconf 88' lang='lat' dir='ltr'><strong>liberi</strong></span> <span class='ocrx_word' id='word_1_357' title='bbox 2369 1972 2614 2028; x_wconf 80' lang='lat' dir='ltr'><strong>viverent</strong></span> <span class='ocrx_word' id='word_1_358' title='bbox 2643 1983 2808 2042; x_wconf 87' lang='lat' dir='ltr'><strong>atque</strong></span> <span class='ocrx_word' id='word_1_359' title='bbox 2842 1975 3202 2044; x_wconf 87' lang='lat' dir='ltr'><strong>imperarent,</strong></span> <span class='ocrx_word' id='word_1_360' title='bbox 3255 1984 3410 2036; x_wconf 88' lang='lat' dir='ltr'><strong>omni</strong></span> 
     </span>
    </p>
   </div>
   <div class='ocr_carea' id='block_1_50' title="bbox 1844 2061 3412 2142">
    <p class='ocr_par' dir='ltr' id='par_1_50' title="bbox 1844 2061 3412 2142">
     <span class='ocr_line' id='line_1_50' title="bbox 1844 2061 3412 2142; baseline 0.01 -29"><span class='ocrx_word' id='word_1_361' title='bbox 1844 2073 1976 2113; x_wconf 85' lang='lat' dir='ltr'><strong>cura</strong></span> <span class='ocrx_word' id='word_1_362' title='bbox 1993 2069 2046 2113; x_wconf 88' lang='lat' dir='ltr'><strong>et</strong></span> <span class='ocrx_word' id='word_1_363' title='bbox 2067 2075 2168 2129; x_wconf 93' lang='lat' dir='ltr'><strong>ope</strong></span> <span class='ocrx_word' id='word_1_364' title='bbox 2183 2061 2830 2128; x_wconf 78' lang='lat' dir='ltr'><strong>claboravi,auctoritate</strong></span> <span class='ocrx_word' id='word_1_365' title='bbox 2846 2069 3203 2123; x_wconf 78' lang='lat' dir='ltr'><strong>sacratissimi</strong></span> <span class='ocrx_word' id='word_1_366' title='bbox 3238 2075 3412 2142; x_wconf 82' lang='lat' dir='ltr'><strong>impe-</strong></span> 
     </span>
    </p>
   </div>
   <div class='ocr_carea' id='block_1_51' title="bbox 1845 2143 3407 2224">
    <p class='ocr_par' dir='ltr' id='par_1_51' title="bbox 1845 2143 3407 2224">
     <span class='ocr_line' id='line_1_51' title="bbox 1845 2143 3407 2224; baseline 0.007 -22"><span class='ocrx_word' id='word_1_367' title='bbox 1845 2149 2042 2203; x_wconf 82' lang='lat' dir='ltr'><strong>ratoris</strong></span> <span class='ocrx_word' id='word_1_368' title='bbox 2067 2157 2122 2203; x_wconf 88' lang='lat' dir='ltr'><strong>et</strong></span> <span class='ocrx_word' id='word_1_369' title='bbox 2147 2151 2392 2205; x_wconf 89' lang='lat' dir='ltr'><strong>omnium</strong></span> <span class='ocrx_word' id='word_1_370' title='bbox 2411 2152 2691 2223; x_wconf 86' lang='lat' dir='ltr'><strong>deinceps,</strong></span> <span class='ocrx_word' id='word_1_371' title='bbox 2724 2143 2960 2223; x_wconf 87' lang='lat' dir='ltr'><strong>rursum,</strong></span> <span class='ocrx_word' id='word_1_372' title='bbox 2981 2167 3047 2210; x_wconf 84' lang='lat' dir='ltr'><strong>ut</strong></span> <span class='ocrx_word' id='word_1_373' title='bbox 3063 2168 3207 2224; x_wconf 82' lang='lat' dir='ltr'><strong>ante,</strong></span> <span class='ocrx_word' id='word_1_374' title='bbox 3222 2175 3407 2215; x_wconf 85' lang='lat' dir='ltr'><strong>rerum</strong></span> 
     </span>
    </p>
   </div>
   <div class='ocr_carea' id='block_1_52' title="bbox 1845 2241 3402 2316">
    <p class='ocr_par' dir='ltr' id='par_1_52' title="bbox 1845 2241 3402 2316">
     <span class='ocr_line' id='line_1_52' title="bbox 1845 2241 3402 2316; baseline 0.008 -22"><span class='ocrx_word' id='word_1_375' title='bbox 1845 2254 2069 2294; x_wconf 77' lang='lat' dir='ltr'><strong>summae</strong></span> <span class='ocrx_word' id='word_1_376' title='bbox 2113 2241 2561 2299; x_wconf 74' lang='lat' dir='ltr'><strong>administrandae</strong></span> <span class='ocrx_word' id='word_1_377' title='bbox 2609 2248 2956 2316; x_wconf 64' lang='lat' dir='ltr'><strong>praepositus.</strong></span> <span class='ocrx_word' id='word_1_378' title='bbox 3014 2248 3149 2303; x_wconf 87' lang='lat' dir='ltr'><strong>Cum</strong></span> <span class='ocrx_word' id='word_1_379' title='bbox 3219 2254 3402 2307; x_wconf 84' lang='lat' dir='ltr'><strong>omnia</strong></span> 
     </span>
    </p>
   </div>
   <div class='ocr_carea' id='block_1_53' title="bbox 1843 2331 3406 2407">
    <p class='ocr_par' dir='ltr' id='par_1_53' title="bbox 1843 2331 3406 2407">
     <span class='ocr_line' id='line_1_53' title="bbox 1843 2331 3406 2407; baseline 0.008 -21"><span class='ocrx_word' id='word_1_380' title='bbox 1843 2331 2006 2396; x_wconf 82' lang='lat' dir='ltr'><strong>belle,</strong></span> <span class='ocrx_word' id='word_1_381' title='bbox 2041 2340 2096 2384; x_wconf 92' lang='lat' dir='ltr'><strong>et</strong></span> <span class='ocrx_word' id='word_1_382' title='bbox 2135 2331 2203 2386; x_wconf 89' lang='lat' dir='ltr'><strong>ad</strong></span> <span class='ocrx_word' id='word_1_383' title='bbox 2229 2342 2439 2395; x_wconf 88' lang='lat' dir='ltr'><strong>votum,</strong></span> <span class='ocrx_word' id='word_1_384' title='bbox 2474 2336 2892 2406; x_wconf 79' lang='lat' dir='ltr'><strong>rectissimeque</strong></span> <span class='ocrx_word' id='word_1_385' title='bbox 2931 2340 3313 2407; x_wconf 89' lang='lat' dir='ltr'><strong>procederent,</strong></span> <span class='ocrx_word' id='word_1_386' title='bbox 3349 2355 3406 2399; x_wconf 86' lang='lat' dir='ltr'><strong>et</strong></span> 
     </span>
    </p>
   </div>
   <div class='ocr_carea' id='block_1_54' title="bbox 1842 2422 3406 2495">
    <p class='ocr_par' dir='ltr' id='par_1_54' title="bbox 1842 2422 3406 2495">
     <span class='ocr_line' id='line_1_54' title="bbox 1842 2422 3406 2495; baseline 0.006 -20"><span class='ocrx_word' id='word_1_387' title='bbox 1842 2422 1916 2477; x_wconf 85' lang='lat' dir='ltr'><strong>ita</strong></span> <span class='ocrx_word' id='word_1_388' title='bbox 1975 2439 2301 2491; x_wconf 81' lang='lat' dir='ltr'><strong>processura</strong></span> <span class='ocrx_word' id='word_1_389' title='bbox 2366 2440 2492 2494; x_wconf 84' lang='lat' dir='ltr'><strong>spes</strong></span> <span class='ocrx_word' id='word_1_390' title='bbox 2548 2426 2690 2481; x_wconf 86' lang='lat' dir='ltr'><strong>bona</strong></span> <span class='ocrx_word' id='word_1_391' title='bbox 2746 2429 2993 2495; x_wconf 79' lang='lat' dir='ltr'><strong>daretur,</strong></span> <span class='ocrx_word' id='word_1_392' title='bbox 3055 2432 3264 2487; x_wconf 75' lang='lat' dir='ltr'><strong>exitiali</strong></span> <span class='ocrx_word' id='word_1_393' title='bbox 3348 2445 3406 2488; x_wconf 92' lang='lat' dir='ltr'><strong>et</strong></span> 
     </span>
    </p>
   </div>
   <div class='ocr_carea' id='block_1_55' title="bbox 1845 2509 3402 2588">
    <p class='ocr_par' dir='ltr' id='par_1_55' title="bbox 1845 2509 3402 2588">
     <span class='ocr_line' id='line_1_55' title="bbox 1845 2509 3402 2588; baseline 0.006 -26"><span class='ocrx_word' id='word_1_394' title='bbox 1845 2509 2088 2578; x_wconf 87' lang='lat' dir='ltr'><strong>pessimo</strong></span> <span class='ocrx_word' id='word_1_395' title='bbox 2158 2525 2292 2564; x_wconf 88' lang='lat' dir='ltr'><strong>sane</strong></span> <span class='ocrx_word' id='word_1_396' title='bbox 2348 2511 2561 2577; x_wconf 79' lang='lat' dir='ltr'><strong>morbo,</strong></span> <span class='ocrx_word' id='word_1_397' title='bbox 2596 2513 2801 2567; x_wconf 82' lang='lat' dir='ltr'><strong>invidia</strong></span> <span class='ocrx_word' id='word_1_398' title='bbox 2854 2515 3100 2584; x_wconf 88' lang='lat' dir='ltr'><strong>inquam,</strong></span> <span class='ocrx_word' id='word_1_399' title='bbox 3137 2522 3402 2588; x_wconf 85' lang='lat' dir='ltr'><strong>correpti,</strong></span> 
     </span>
    </p>
   </div>
   <div class='ocr_carea' id='block_1_56' title="bbox 1841 2603 3400 2675">
    <p class='ocr_par' dir='ltr' id='par_1_56' title="bbox 1841 2603 3400 2675">
     <span class='ocr_line' id='line_1_56' title="bbox 1841 2603 3400 2675; baseline 0.01 -23"><span class='ocrx_word' id='word_1_400' title='bbox 1841 2615 1980 2668; x_wconf 87' lang='lat' dir='ltr'><strong>quos</strong></span> <span class='ocrx_word' id='word_1_401' title='bbox 2030 2617 2141 2670; x_wconf 69' lang='lat' dir='ltr'><strong>pra:</strong></span> <span class='ocrx_word' id='word_1_402' title='bbox 2190 2603 2311 2656; x_wconf 88' lang='lat' dir='ltr'><strong>aliis</strong></span> <span class='ocrx_word' id='word_1_403' title='bbox 2359 2604 2720 2659; x_wconf 81' lang='lat' dir='ltr'><strong>beneﬁcentia</strong></span> <span class='ocrx_word' id='word_1_404' title='bbox 2766 2615 2953 2660; x_wconf 89' lang='lat' dir='ltr'><strong>nostra</strong></span> <span class='ocrx_word' id='word_1_405' title='bbox 3005 2609 3400 2675; x_wconf 81' lang='lat' dir='ltr'><strong>extuleramus,</strong></span> 
     </span>
    </p>
   </div>
   <div class='ocr_carea' id='block_1_57' title="bbox 1841 2689 3406 2768">
    <p class='ocr_par' dir='ltr' id='par_1_57' title="bbox 1841 2689 3406 2768">
     <span class='ocr_line' id='line_1_57' title="bbox 1841 2689 3406 2768; baseline 0.007 -24"><span class='ocrx_word' id='word_1_406' title='bbox 1841 2689 1980 2744; x_wconf 91' lang='lat' dir='ltr'><strong>duce</strong></span> <span class='ocrx_word' id='word_1_407' title='bbox 2008 2701 2060 2746; x_wconf 92' lang='lat' dir='ltr'><strong>et</strong></span> <span class='ocrx_word' id='word_1_408' title='bbox 2090 2701 2314 2747; x_wconf 86' lang='lat' dir='ltr'><strong>auctore</strong></span> <span class='ocrx_word' id='word_1_409' title='bbox 2357 2694 2685 2762; x_wconf 75' lang='lat' dir='ltr'><strong>Apocaucho</strong></span> <span class='ocrx_word' id='word_1_410' title='bbox 2739 2697 3130 2765; x_wconf 89' lang='lat' dir='ltr'><strong>perditissimo,</strong></span> <span class='ocrx_word' id='word_1_411' title='bbox 3173 2702 3270 2768; x_wconf 87' lang='lat' dir='ltr'><strong>qui</strong></span> <span class='ocrx_word' id='word_1_412' title='bbox 3292 2717 3406 2755; x_wconf 88' lang='lat' dir='ltr'><strong>ser-</strong></span> 
     </span>
    </p>
   </div>
   <div class='ocr_carea' id='block_1_58' title="bbox 1841 2781 3404 2852">
    <p class='ocr_par' dir='ltr' id='par_1_58' title="bbox 1841 2781 3404 2852">
     <span class='ocr_line' id='line_1_58' title="bbox 1841 2781 3404 2852; baseline 0.008 -19"><span class='ocrx_word' id='word_1_413' title='bbox 1841 2781 2025 2850; x_wconf 88' lang='lat' dir='ltr'><strong>pentis</strong></span> <span class='ocrx_word' id='word_1_414' title='bbox 2064 2781 2238 2836; x_wconf 86' lang='lat' dir='ltr'><strong>instar</strong></span> <span class='ocrx_word' id='word_1_415' title='bbox 2276 2783 2611 2852; x_wconf 90' lang='lat' dir='ltr'><strong>imperatrici</strong></span> <span class='ocrx_word' id='word_1_416' title='bbox 2659 2786 2998 2852; x_wconf 70' lang='lat' dir='ltr'><strong>insibilabat,</strong></span> <span class='ocrx_word' id='word_1_417' title='bbox 3031 2803 3062 2843; x_wconf 91' lang='lat' dir='ltr'><strong>a</strong></span> <span class='ocrx_word' id='word_1_418' title='bbox 3101 2803 3254 2844; x_wconf 87' lang='lat' dir='ltr'><strong>recto</strong></span> <span class='ocrx_word' id='word_1_419' title='bbox 3291 2800 3404 2845; x_wconf 90' lang='lat' dir='ltr'><strong>tra-</strong></span> 
     </span>
    </p>
   </div>
   <div class='ocr_carea' id='block_1_59' title="bbox 1842 2872 3403 2950">
    <p class='ocr_par' dir='ltr' id='par_1_59' title="bbox 1842 2872 3403 2950">
     <span class='ocr_line' id='line_1_59' title="bbox 1842 2872 3403 2950; baseline 0.006 -26"><span class='ocrx_word' id='word_1_420' title='bbox 1842 2872 1975 2927; x_wconf 89' lang='lat' dir='ltr'><strong>mite</strong></span> <span class='ocrx_word' id='word_1_421' title='bbox 2005 2887 2124 2926; x_wconf 92' lang='lat' dir='ltr'><strong>eam</strong></span> <span class='ocrx_word' id='word_1_422' title='bbox 2161 2874 2536 2937; x_wconf 76' lang='lat' dir='ltr'><strong>detorserant,</strong></span> <span class='ocrx_word' id='word_1_423' title='bbox 2589 2883 2646 2929; x_wconf 89' lang='lat' dir='ltr'><strong>et</strong></span> <span class='ocrx_word' id='word_1_424' title='bbox 2700 2877 3042 2932; x_wconf 84' lang='lat' dir='ltr'><strong>voluntatem</strong></span> <span class='ocrx_word' id='word_1_425' title='bbox 3089 2880 3211 2950; x_wconf 79' lang='lat' dir='ltr'><strong>ejus</strong></span> <span class='ocrx_word' id='word_1_426' title='bbox 3268 2881 3403 2950; x_wconf 90' lang='lat' dir='ltr'><strong>(non</strong></span> 
     </span>
    </p>
   </div>
   <div class='ocr_carea' id='block_1_60' title="bbox 1839 2963 3400 3037">
    <p class='ocr_par' dir='ltr' id='par_1_60' title="bbox 1839 2963 3400 3037">
     <span class='ocr_line' id='line_1_60' title="bbox 1839 2963 3400 3037; baseline 0.006 -20"><span class='ocrx_word' id='word_1_427' title='bbox 1839 2963 1986 3017; x_wconf 90' lang='lat' dir='ltr'><strong>enim</strong></span> <span class='ocrx_word' id='word_1_428' title='bbox 2039 2965 2214 3017; x_wconf 87' lang='lat' dir='ltr'><strong>dicam</strong></span> <span class='ocrx_word' id='word_1_429' title='bbox 2265 2965 2705 3036; x_wconf 73' lang='lat' dir='ltr'><strong>intelligentiam)</strong></span> <span class='ocrx_word' id='word_1_430' title='bbox 2761 2981 2890 3037; x_wconf 88' lang='lat' dir='ltr'><strong>erga</strong></span> <span class='ocrx_word' id='word_1_431' title='bbox 2939 2983 3062 3032; x_wconf 85' lang='lat' dir='ltr'><strong>nos,</strong></span> <span class='ocrx_word' id='word_1_432' title='bbox 3145 2968 3400 3027; x_wconf 74' lang='lat' dir='ltr'><strong>mirabile</strong></span> 
     </span>
    </p>
   </div>
   <div class='ocr_carea' id='block_1_61' title="bbox 1841 3053 3406 3131">
    <p class='ocr_par' dir='ltr' id='par_1_61' title="bbox 1841 3053 3406 3131">
     <span class='ocr_line' id='line_1_61' title="bbox 1841 3053 3406 3131; baseline 0.006 -22"><span class='ocrx_word' id='word_1_433' title='bbox 1841 3053 2013 3119; x_wconf 87' lang='lat' dir='ltr'><strong>dictu,</strong></span> <span class='ocrx_word' id='word_1_434' title='bbox 2059 3063 2444 3124; x_wconf 86' lang='lat' dir='ltr'><strong>perverterunt</strong></span> <span class='ocrx_word' id='word_1_435' title='bbox 2492 3057 2641 3128; x_wconf 75' lang='lat'><strong>(12);</strong></span> <span class='ocrx_word' id='word_1_436' title='bbox 2694 3058 2864 3127; x_wconf 84' lang='lat' dir='ltr'><strong>idque</strong></span> <span class='ocrx_word' id='word_1_437' title='bbox 2887 3074 3014 3114; x_wconf 89' lang='lat' dir='ltr'><strong>cum</strong></span> <span class='ocrx_word' id='word_1_438' title='bbox 3045 3077 3143 3130; x_wconf 92' lang='lat' dir='ltr'><strong>pro</strong></span> <span class='ocrx_word' id='word_1_439' title='bbox 3168 3063 3294 3131; x_wconf 89' lang='lat' dir='ltr'><strong>ipso</strong></span> <span class='ocrx_word' id='word_1_440' title='bbox 3351 3077 3406 3118; x_wconf 82' lang='lat' dir='ltr'><strong>et</strong></span> 
     </span>
    </p>
   </div>
   <div class='ocr_carea' id='block_1_62' title="bbox 161 3138 1740 3222">
    <p class='ocr_par' dir='ltr' id='par_1_62' title="bbox 161 3138 1734 3222">
     <span class='ocr_line' id='line_1_62' title="bbox 161 3138 1734 3222; baseline 0.008 -32"><span class='ocrx_word' id='word_1_441' title='bbox 161 3138 360 3201; x_wconf 77' lang='grc' dir='ltr'><strong>κακῶς</strong></span> <span class='ocrx_word' id='word_1_442' title='bbox 391 3140 488 3210; x_wconf 80' lang='grc' dir='ltr'><strong>τὴν</strong></span> <span class='ocrx_word' id='word_1_443' title='bbox 527 3141 698 3212; x_wconf 84' lang='grc' dir='ltr'><strong>αὐτῆς</strong></span> <span class='ocrx_word' id='word_1_444' title='bbox 727 3144 1155 3213; x_wconf 70' lang='grc' dir='ltr'><strong>διαστρέψαντες</strong></span> <span class='ocrx_word' id='word_1_445' title='bbox 1208 3147 1435 3217; x_wconf 84' lang='grc' dir='ltr'><strong>γνώμην</strong></span> <span class='ocrx_word' id='word_1_446' title='bbox 1464 3167 1476 3179; x_wconf 96' lang='grc'><strong>·</strong></span> <span class='ocrx_word' id='word_1_447' title='bbox 1513 3150 1574 3202; x_wconf 84' lang='grc' dir='ltr'><strong>ού</strong></span> <span class='ocrx_word' id='word_1_448' title='bbox 1629 3151 1734 3222; x_wconf 74' lang='grc' dir='ltr'><strong>γὰρ</strong></span> 
     </span>
    </p>
   </div>
   <div class='ocr_carea' id='block_1_63' title="bbox 1841 3138 3405 3222">
    <p class='ocr_par' dir='ltr' id='par_1_63' title="bbox 1841 3145 3405 3216">
     <span class='ocr_line' id='line_1_63' title="bbox 1841 3145 3405 3216; baseline 0.004 -16"><span class='ocrx_word' id='word_1_449' title='bbox 1841 3147 1958 3216; x_wconf 85' lang='lat' dir='ltr'><strong>ejus</strong></span> <span class='ocrx_word' id='word_1_450' title='bbox 2008 3145 2122 3199; x_wconf 77' lang='lat' dir='ltr'><strong>ﬁlio</strong></span> <span class='ocrx_word' id='word_1_451' title='bbox 2165 3146 2478 3214; x_wconf 87' lang='lat' dir='ltr'><strong>imperatori</strong></span> <span class='ocrx_word' id='word_1_452' title='bbox 2539 3157 2749 3200; x_wconf 86' lang='lat' dir='ltr'><strong>tantum</strong></span> <span class='ocrx_word' id='word_1_453' title='bbox 2809 3151 3286 3216; x_wconf 82' lang='lat' dir='ltr'><strong>contenderemus,</strong></span> <span class='ocrx_word' id='word_1_454' title='bbox 3348 3163 3405 3207; x_wconf 85' lang='lat' dir='ltr'><strong>et</strong></span> 
     </span>
    </p>
   </div>
   <div class='ocr_carea' id='block_1_64' title="bbox 164 3228 1736 3306">
    <p class='ocr_par' dir='ltr' id='par_1_64' title="bbox 164 3228 1736 3306">
     <span class='ocr_line' id='line_1_64' title="bbox 164 3228 1736 3306; baseline 0.01 -24"><span class='ocrx_word' id='word_1_455' title='bbox 164 3228 230 3282; x_wconf 78' lang='grc' dir='ltr'><strong>ἂν</strong></span> <span class='ocrx_word' id='word_1_456' title='bbox 286 3230 496 3299; x_wconf 78' lang='grc' dir='ltr'><strong>εἴποιμι</strong></span> <span class='ocrx_word' id='word_1_457' title='bbox 540 3233 741 3298; x_wconf 85' lang='grc' dir='ltr'><strong>γνῶσιν</strong></span> <span class='ocrx_word' id='word_1_458' title='bbox 775 3235 895 3286; x_wconf 79' lang='grc' dir='ltr'><strong>καθ’</strong></span> <span class='ocrx_word' id='word_1_459' title='bbox 948 3235 1127 3304; x_wconf 80' lang='grc' dir='ltr'><strong>ἡμῶν,</strong></span> <span class='ocrx_word' id='word_1_460' title='bbox 1183 3237 1368 3306; x_wconf 71' lang='grc' dir='ltr'><strong>βαϐαὶ,</strong></span> <span class='ocrx_word' id='word_1_461' title='bbox 1408 3240 1502 3294; x_wconf 64' lang='grc' dir='ltr'><strong>κα)⁵</strong></span> <span class='ocrx_word' id='word_1_462' title='bbox 1563 3243 1736 3297; x_wconf 86' lang='grc' dir='ltr'><strong>ταῦτα</strong></span> 
     </span>
    </p>
   </div>
   <div class='ocr_carea' id='block_1_65' title="bbox 169 3320 1736 3402">
    <p class='ocr_par' dir='ltr' id='par_1_65' title="bbox 169 3320 1736 3402">
     <span class='ocr_line' id='line_1_65' title="bbox 169 3320 1736 3402; baseline 0.011 -33"><span class='ocrx_word' id='word_1_463' title='bbox 169 3320 585 3383; x_wconf 77' lang='grc' dir='ltr'><strong>σπουδαζόντων</strong></span> <span class='ocrx_word' id='word_1_464' title='bbox 616 3323 756 3392; x_wconf 83' lang='grc' dir='ltr'><strong>ὑπὲρ</strong></span> <span class='ocrx_word' id='word_1_465' title='bbox 779 3325 996 3394; x_wconf 88' lang='grc' dir='ltr'><strong>ἐκείνης</strong></span> <span class='ocrx_word' id='word_1_466' title='bbox 1044 3329 1137 3380; x_wconf 75' lang='grc' dir='ltr'><strong>καὶ</strong></span> <span class='ocrx_word' id='word_1_467' title='bbox 1167 3328 1260 3382; x_wconf 89' lang='grc' dir='ltr'><strong>τοῦ</strong></span> <span class='ocrx_word' id='word_1_468' title='bbox 1305 3332 1485 3393; x_wconf 74' lang='grc' dir='ltr'><strong>παιδος</strong></span> <span class='ocrx_word' id='word_1_469' title='bbox 1518 3334 1609 3385; x_wconf 74' lang='grc' dir='ltr'><strong>καὶ</strong></span> <span class='ocrx_word' id='word_1_470' title='bbox 1637 3333 1736 3402; x_wconf 69' lang='grc' dir='ltr'><strong>βας</strong></span> 
     </span>
    </p>
   </div>
   <div class='ocr_carea' id='block_1_66' title="bbox 165 3405 1734 3491">
    <p class='ocr_par' dir='ltr' id='par_1_66' title="bbox 165 3405 1734 3491">
     <span class='ocr_line' id='line_1_66' title="bbox 165 3405 1734 3491; baseline 0.01 -29"><span class='ocrx_word' id='word_1_471' title='bbox 165 3411 389 3476; x_wconf 83' lang='grc' dir='ltr'><strong>σιλέως,</strong></span> <span class='ocrx_word' id='word_1_472' title='bbox 444 3414 537 3466; x_wconf 76' lang='grc' dir='ltr'><strong>καὶ</strong></span> <span class='ocrx_word' id='word_1_473' title='bbox 597 3415 825 3483; x_wconf 87' lang='grc' dir='ltr'><strong>μυρίους</strong></span> <span class='ocrx_word' id='word_1_474' title='bbox 887 3418 1024 3487; x_wconf 77' lang='grc' dir='ltr'><strong>ὑπὲρ</strong></span> <span class='ocrx_word' id='word_1_475' title='bbox 1081 3419 1288 3488; x_wconf 85' lang='grc' dir='ltr'><strong>ἀμφοῖν</strong></span> <span class='ocrx_word' id='word_1_476' title='bbox 1345 3405 1734 3491; x_wconf 74' lang='grc' dir='ltr'><strong>ὑφισταμένων</strong></span> 
     </span>
    </p>
   </div>
   <div class='ocr_carea' id='block_1_67' title="bbox 162 3495 1736 3583">
    <p class='ocr_par' dir='ltr' id='par_1_67' title="bbox 162 3495 1736 3583">
     <span class='ocr_line' id='line_1_67' title="bbox 162 3495 1736 3583; baseline 0.008 -28"><span class='ocrx_word' id='word_1_477' title='bbox 162 3505 452 3573; x_wconf 79' lang='grc' dir='ltr'><strong>καμάτους</strong></span> <span class='ocrx_word' id='word_1_478' title='bbox 479 3544 495 3567; x_wconf 89' lang='grc'><strong>,</strong></span> <span class='ocrx_word' id='word_1_479' title='bbox 528 3507 707 3574; x_wconf 85' lang='grc' dir='ltr'><strong>μέντοι</strong></span> <span class='ocrx_word' id='word_1_480' title='bbox 735 3524 799 3575; x_wconf 91' lang='grc' dir='ltr'><strong>γε</strong></span> <span class='ocrx_word' id='word_1_481' title='bbox 833 3495 940 3560; x_wconf 49' lang='grc' dir='ltr'><strong>’καὶ</strong></span> <span class='ocrx_word' id='word_1_482' title='bbox 975 3511 1162 3572; x_wconf 83' lang='grc' dir='ltr'><strong>κακοῖς</strong></span> <span class='ocrx_word' id='word_1_483' title='bbox 1195 3512 1550 3582; x_wconf 85' lang='grc' dir='ltr'><strong>ἐπεχείρησεν</strong></span> <span class='ocrx_word' id='word_1_484' title='bbox 1578 3514 1736 3583; x_wconf 84' lang='grc' dir='ltr'><strong>ἀμεί-</strong></span> 
     </span>
    </p>
   </div>
   <div class='ocr_carea' id='block_1_68' title="bbox 158 3595 1734 3674">
    <p class='ocr_par' dir='ltr' id='par_1_68' title="bbox 158 3595 1734 3674">
     <span class='ocr_line' id='line_1_68' title="bbox 158 3595 1734 3674; baseline 0.006 -26"><span class='ocrx_word' id='word_1_485' title='bbox 158 3595 374 3665; x_wconf 74' lang='grc' dir='ltr'><strong>ψασθαί</strong></span> <span class='ocrx_word' id='word_1_486' title='bbox 395 3613 461 3666; x_wconf 84' lang='grc' dir='ltr'><strong>με</strong></span> <span class='ocrx_word' id='word_1_487' title='bbox 485 3637 499 3660; x_wconf 93' lang='grc'><strong>,</strong></span> <span class='ocrx_word' id='word_1_488' title='bbox 532 3598 729 3666; x_wconf 83' lang='grc' dir='ltr'><strong>μᾶλλον</strong></span> <span class='ocrx_word' id='word_1_489' title='bbox 769 3599 825 3651; x_wconf 83' lang='grc' dir='ltr'><strong>δὲ</strong></span> <span class='ocrx_word' id='word_1_490' title='bbox 859 3598 1072 3669; x_wconf 85' lang='grc' dir='ltr'><strong>θανάτῳ</strong></span> <span class='ocrx_word' id='word_1_491' title='bbox 1105 3601 1195 3653; x_wconf 81' lang='grc' dir='ltr'><strong>τὸν</strong></span> <span class='ocrx_word' id='word_1_492' title='bbox 1217 3602 1324 3672; x_wconf 85' lang='grc' dir='ltr'><strong>ὅσῳ</strong></span> <span class='ocrx_word' id='word_1_493' title='bbox 1359 3609 1485 3674; x_wconf 76' lang='grc' dir='ltr'><strong>περὶ</strong></span> <span class='ocrx_word' id='word_1_494' title='bbox 1516 3605 1734 3674; x_wconf 83' lang='grc' dir='ltr'><strong>ἐκείνην</strong></span> 
     </span>
    </p>
   </div>
   <div class='ocr_carea' id='block_1_69' title="bbox 160 3689 1731 3767">
    <p class='ocr_par' dir='ltr' id='par_1_69' title="bbox 160 3689 1731 3767">
     <span class='ocr_line' id='line_1_69' title="bbox 160 3689 1731 3767; baseline 0.007 -27"><span class='ocrx_word' id='word_1_495' title='bbox 160 3691 263 3740; x_wconf 76' lang='grc' dir='ltr'><strong>καὶ</strong></span> <span class='ocrx_word' id='word_1_496' title='bbox 295 3691 360 3739; x_wconf 83' lang='grc' dir='ltr'><strong>τά</strong></span> <span class='ocrx_word' id='word_1_497' title='bbox 395 3690 552 3740; x_wconf 85' lang='grc' dir='ltr'><strong>κοινά</strong></span> <span class='ocrx_word' id='word_1_498' title='bbox 579 3689 782 3755; x_wconf 78' lang='grc' dir='ltr'><strong>ἀγαθὸν</strong></span> <span class='ocrx_word' id='word_1_499' title='bbox 841 3692 1032 3760; x_wconf 72' lang='grc' dir='ltr'><strong>*τῇ-τοῦ</strong></span> <span class='ocrx_word' id='word_1_500' title='bbox 1075 3694 1314 3762; x_wconf 85' lang='grc' dir='ltr'><strong>Χριστοῦ</strong></span> <span class='ocrx_word' id='word_1_501' title='bbox 1369 3697 1576 3767; x_wconf 83' lang='grc' dir='ltr'><strong>χάριτι,</strong></span> <span class='ocrx_word' id='word_1_502' title='bbox 1617 3700 1731 3750; x_wconf 84' lang='grc' dir='ltr'><strong>ἀλλ’</strong></span> 
     </span>
    </p>
   </div>
   <div class='ocr_carea' id='block_1_70' title="bbox 157 3775 1732 3858">
    <p class='ocr_par' dir='ltr' id='par_1_70' title="bbox 157 3775 1732 3858">
     <span class='ocr_line' id='line_1_70' title="bbox 157 3775 1732 3858; baseline 0.007 -27"><span class='ocrx_word' id='word_1_503' title='bbox 157 3775 250 3831; x_wconf 76' lang='grc' dir='ltr'><strong>οἷα</strong></span> <span class='ocrx_word' id='word_1_504' title='bbox 283 3779 400 3832; x_wconf 87' lang='grc' dir='ltr'><strong>ἀνθ’</strong></span> <span class='ocrx_word' id='word_1_505' title='bbox 429 3780 556 3833; x_wconf 82' lang='grc' dir='ltr'><strong>οἴων</strong></span> <span class='ocrx_word' id='word_1_506' title='bbox 610 3783 945 3851; x_wconf 85' lang='grc' dir='ltr'><strong>κεκόμισμαι</strong></span> <span class='ocrx_word' id='word_1_507' title='bbox 980 3784 995 3836; x_wconf 81' lang='lat' dir='ltr'><strong>i</strong></span> <span class='ocrx_word' id='word_1_508' title='bbox 1035 3784 1302 3854; x_wconf 84' lang='grc' dir='ltr'><strong>Ὀπηνίκα</strong></span> <span class='ocrx_word' id='word_1_509' title='bbox 1324 3788 1433 3855; x_wconf 80' lang='grc' dir='ltr'><strong>γάρ</strong></span> <span class='ocrx_word' id='word_1_510' title='bbox 1458 3806 1528 3857; x_wconf 87' lang='grc' dir='ltr'><strong>με</strong></span> <span class='ocrx_word' id='word_1_511' title='bbox 1565 3788 1732 3858; x_wconf 82' lang='grc' dir='ltr'><strong>ὲχρῆν</strong></span> 
     </span>
    </p>
   </div>
   <div class='ocr_carea' id='block_1_71' title="bbox 155 3871 1727 3948">
    <p class='ocr_par' dir='ltr' id='par_1_71' title="bbox 155 3871 1727 3948">
     <span class='ocr_line' id='line_1_71' title="bbox 155 3871 1727 3948; baseline 0.005 -26"><span class='ocrx_word' id='word_1_512' title='bbox 155 3873 340 3922; x_wconf 70' lang='grc' dir='ltr'><strong>εἰπεῖν</strong></span> <span class='ocrx_word' id='word_1_513' title='bbox 381 3871 441 3922; x_wconf 85' lang='grc' dir='ltr'><strong>τὸ</strong></span> <span class='ocrx_word' id='word_1_514' title='bbox 473 3871 564 3922; x_wconf 84' lang='grc' dir='ltr'><strong>τοῦ</strong></span> <span class='ocrx_word' id='word_1_515' title='bbox 598 3873 915 3936; x_wconf 85' lang='grc' dir='ltr'><strong>ἀποστόλου,</strong></span> <span class='ocrx_word' id='word_1_516' title='bbox 938 3873 997 3926; x_wconf 82' lang='grc' dir='ltr'><strong>τὺ</strong></span> <span class='ocrx_word' id='word_1_517' title='bbox 1022 3893 1039 3924; x_wconf 85' lang='grc' dir='ltr'><strong>ι</strong></span> <span class='ocrx_word' id='word_1_518' title='bbox 1069 3875 1180 3943; x_wconf 78' lang='grc' dir='ltr'><strong>Τὴν</strong></span> <span class='ocrx_word' id='word_1_519' title='bbox 1214 3876 1395 3928; x_wconf 83' lang='grc' dir='ltr'><strong>πίστιν</strong></span> <span class='ocrx_word' id='word_1_520' title='bbox 1426 3879 1727 3948; x_wconf 83' lang='grc' dir='ltr'><strong>τετήρηκα,</strong></span> 
     </span>
    </p>
   </div>
   <div class='ocr_carea' id='block_1_72' title="bbox 157 3963 1728 4037">
    <p class='ocr_par' dir='ltr' id='par_1_72' title="bbox 157 3963 1728 4037">
     <span class='ocr_line' id='line_1_72' title="bbox 157 3963 1728 4037; baseline 0.003 -22"><span class='ocrx_word' id='word_1_521' title='bbox 157 3964 253 4015; x_wconf 75' lang='grc' dir='ltr'><strong>τον</strong></span> <span class='ocrx_word' id='word_1_522' title='bbox 279 3963 478 4034; x_wconf 78' lang='grc' dir='ltr'><strong>δρόμον</strong></span> <span class='ocrx_word' id='word_1_523' title='bbox 502 3965 780 4026; x_wconf 83' lang='grc' dir='ltr'><strong>τετέλεκα,</strong></span> <span class='ocrx_word' id='word_1_524' title='bbox 798 3983 816 4015; x_wconf 73' lang='grc' dir='ltr'><strong>ι</strong></span> <span class='ocrx_word' id='word_1_525' title='bbox 845 3965 1020 4018; x_wconf 76' lang='grc' dir='ltr'><strong>καὶτὸ</strong></span> <span class='ocrx_word' id='word_1_526' title='bbox 1046 3964 1172 4032; x_wconf 76' lang='grc' dir='ltr'><strong>ἑξῆς</strong></span> <span class='ocrx_word' id='word_1_527' title='bbox 1206 3968 1298 4019; x_wconf 86' lang='grc' dir='ltr'><strong>τοῦ</strong></span> <span class='ocrx_word' id='word_1_528' title='bbox 1333 3969 1497 4037; x_wconf 76' lang='grc' dir='ltr'><strong>ῥητοῦ</strong></span> <span class='ocrx_word' id='word_1_529' title='bbox 1525 3970 1728 4033; x_wconf 79' lang='grc' dir='ltr'><strong>λοιπὸν,</strong></span> 
     </span>
    </p>
   </div>
   <div class='ocr_carea' id='block_1_73' title="bbox 153 4054 1732 4128">
    <p class='ocr_par' dir='ltr' id='par_1_73' title="bbox 153 4054 1732 4128">
     <span class='ocr_line' id='line_1_73' title="bbox 153 4054 1732 4128; baseline 0.004 -21"><span class='ocrx_word' id='word_1_530' title='bbox 153 4054 444 4124; x_wconf 78' lang='grc' dir='ltr'><strong>εἰληφέναι</strong></span> <span class='ocrx_word' id='word_1_531' title='bbox 477 4055 722 4127; x_wconf 78' lang='grc' dir='ltr'><strong>θαῤῥεῖν,</strong></span> <span class='ocrx_word' id='word_1_532' title='bbox 746 4056 856 4108; x_wconf 81' lang='grc' dir='ltr'><strong>τότ’</strong></span> <span class='ocrx_word' id='word_1_533' title='bbox 881 4057 986 4126; x_wconf 82' lang='grc' dir='ltr'><strong>ἄρα</strong></span> <span class='ocrx_word' id='word_1_534' title='bbox 1012 4055 1145 4128; x_wconf 86' lang='grc' dir='ltr'><strong>ἐμοῦ</strong></span> <span class='ocrx_word' id='word_1_535' title='bbox 1171 4058 1271 4127; x_wconf 79' lang='grc' dir='ltr'><strong>μὲν</strong></span> <span class='ocrx_word' id='word_1_536' title='bbox 1296 4060 1576 4126; x_wconf 78' lang='grc' dir='ltr'><strong>σιγῶντος,</strong></span> <span class='ocrx_word' id='word_1_537' title='bbox 1601 4062 1732 4114; x_wconf 81' lang='grc' dir='ltr'><strong>αὐτὸ</strong></span> 
     </span>
    </p>
   </div>
   <div class='ocr_carea' id='block_1_74' title="bbox 154 4141 1727 4220">
    <p class='ocr_par' dir='ltr' id='par_1_74' title="bbox 154 4141 1727 4220">
     <span class='ocr_line' id='line_1_74' title="bbox 154 4141 1727 4220; baseline 0.003 -23"><span class='ocrx_word' id='word_1_538' title='bbox 154 4141 398 4212; x_wconf 78' lang='grc' dir='ltr'><strong>τοῦργον</strong></span> <span class='ocrx_word' id='word_1_539' title='bbox 434 4145 562 4198; x_wconf 76' lang='grc' dir='ltr'><strong>ἐϐόα</strong></span> <span class='ocrx_word' id='word_1_540' title='bbox 592 4147 717 4208; x_wconf 85' lang='grc' dir='ltr'><strong>τοὺς</strong></span> <span class='ocrx_word' id='word_1_541' title='bbox 770 4146 985 4210; x_wconf 75' lang='grc' dir='ltr'><strong>ἄθλους,</strong></span> <span class='ocrx_word' id='word_1_542' title='bbox 1025 4149 1119 4200; x_wconf 65' lang='grc' dir='ltr'><strong>καὶ</strong></span> <span class='ocrx_word' id='word_1_543' title='bbox 1153 4149 1363 4218; x_wconf 86' lang='grc' dir='ltr'><strong>μεγάλα</strong></span> <span class='ocrx_word' id='word_1_544' title='bbox 1398 4151 1514 4202; x_wconf 76' lang='grc' dir='ltr'><strong>ἀντὶ</strong></span> <span class='ocrx_word' id='word_1_545' title='bbox 1553 4153 1727 4220; x_wconf 84' lang='grc' dir='ltr'><strong>μεγά-</strong></span> 
     </span>
    </p>
   </div>
   <div class='ocr_carea' id='block_1_75' title="bbox 154 4236 1732 4311">
    <p class='ocr_par' dir='ltr' id='par_1_75' title="bbox 154 4236 1732 4311">
     <span class='ocr_line' id='line_1_75' title="bbox 154 4236 1732 4311; baseline 0.005 -24"><span class='ocrx_word' id='word_1_546' title='bbox 154 4238 270 4288; x_wconf 88' lang='grc' dir='ltr'><strong>λων</strong></span> <span class='ocrx_word' id='word_1_547' title='bbox 297 4236 672 4304; x_wconf 79' lang='grc' dir='ltr'><strong>εἰσέπραττεν.</strong></span> <span class='ocrx_word' id='word_1_548' title='bbox 705 4239 766 4289; x_wconf 86' lang='grc' dir='ltr'><strong>Οί</strong></span> <span class='ocrx_word' id='word_1_549' title='bbox 794 4237 838 4289; x_wconf 85' lang='grc' dir='ltr'><strong>δ’</strong></span> <span class='ocrx_word' id='word_1_550' title='bbox 857 4236 1184 4306; x_wconf 79' lang='grc' dir='ltr'><strong>ὀφείλοντες”</strong></span> <span class='ocrx_word' id='word_1_551' title='bbox 1205 4239 1398 4311; x_wconf 55' lang='lat' dir='ltr'><strong>(ora;</strong></span> <span class='ocrx_word' id='word_1_552' title='bbox 1429 4241 1535 4293; x_wconf 84' lang='grc' dir='ltr'><strong>τῶν</strong></span> <span class='ocrx_word' id='word_1_553' title='bbox 1570 4259 1732 4295; x_wconf 85' lang='grc' dir='ltr'><strong>συκο-</strong></span> 
     </span>
    </p>
   </div>
   <div class='ocr_carea' id='block_1_76' title="bbox 154 4327 1732 4402">
    <p class='ocr_par' dir='ltr' id='par_1_76' title="bbox 154 4327 1732 4402">
     <span class='ocr_line' id='line_1_76' title="bbox 154 4327 1732 4402; baseline 0.006 -24"><span class='ocrx_word' id='word_1_554' title='bbox 154 4328 555 4394; x_wconf 75' lang='grc' dir='ltr'><strong>φαντησάντων</strong></span> <span class='ocrx_word' id='word_1_555' title='bbox 607 4327 1034 4401; x_wconf 80' lang='grc' dir='ltr'><strong>παραπληξίας,)</strong></span> <span class='ocrx_word' id='word_1_556' title='bbox 1070 4332 1297 4402; x_wconf 75' lang='grc' dir='ltr'><strong>εἰρήνην</strong></span> <span class='ocrx_word' id='word_1_557' title='bbox 1343 4333 1486 4401; x_wconf 80' lang='grc' dir='ltr'><strong>ἡμᾶς</strong></span> <span class='ocrx_word' id='word_1_558' title='bbox 1519 4335 1732 4387; x_wconf 76' lang='grc' dir='ltr'><strong>κατεδίι</strong></span> 
     </span>
    </p>
   </div>
   <div class='ocr_carea' id='block_1_77' title="bbox 152 4419 1804 4525">
    <p class='ocr_par' dir='ltr' id='par_1_77' title="bbox 152 4419 1804 4525">
     <span class='ocr_line' id='line_1_77' title="bbox 152 4419 1804 4525; baseline 0.006 -57"><span class='ocrx_word' id='word_1_559' title='bbox 152 4435 360 4478; x_wconf 77' lang='grc' dir='ltr'><strong>κασαν,</strong></span> <span class='ocrx_word' id='word_1_560' title='bbox 389 4421 479 4470; x_wconf 73' lang='grc' dir='ltr'><strong>καὶ</strong></span> <span class='ocrx_word' id='word_1_561' title='bbox 509 4419 814 4488; x_wconf 60' lang='grc' dir='ltr'><strong>ἐγράψαντο</strong></span> <span class='ocrx_word' id='word_1_562' title='bbox 848 4419 1154 4483; x_wconf 80' lang='grc' dir='ltr'><strong>πλάσαντες</strong></span> <span class='ocrx_word' id='word_1_563' title='bbox 1184 4423 1307 4476; x_wconf 86' lang='grc' dir='ltr'><strong>καθ’</strong></span> <span class='ocrx_word' id='word_1_564' title='bbox 1343 4422 1520 4491; x_wconf 82' lang='grc' dir='ltr'><strong>ήμῶν.</strong></span> <span class='ocrx_word' id='word_1_565' title='bbox 1543 4425 1571 4476; x_wconf 86' lang='grc' dir='ltr'><strong>ὃ</strong></span> <span class='ocrx_word' id='word_1_566' title='bbox 1595 4427 1729 4496; x_wconf 64' lang='grc' dir='ltr'><strong>προς</strong></span> <span class='ocrx_word' id='word_1_567' title='bbox 1758 4468 1804 4525; x_wconf 73' lang='lat' dir='ltr'><strong>D</strong></span> 
     </span>
    </p>
   </div>
   <div class='ocr_carea' id='block_1_78' title="bbox 155 4507 1724 4582">
    <p class='ocr_par' dir='ltr' id='par_1_78' title="bbox 155 4507 1724 4582">
     <span class='ocr_line' id='line_1_78' title="bbox 155 4507 1724 4582; baseline 0.005 -24"><span class='ocrx_word' id='word_1_568' title='bbox 155 4507 360 4576; x_wconf 72' lang='grc' dir='ltr'><strong>βουλῆς</strong></span> <span class='ocrx_word' id='word_1_569' title='bbox 387 4509 479 4560; x_wconf 76' lang='grc' dir='ltr'><strong>καὶ</strong></span> <span class='ocrx_word' id='word_1_570' title='bbox 511 4511 739 4580; x_wconf 80' lang='grc' dir='ltr'><strong>μελέεης</strong></span> <span class='ocrx_word' id='word_1_571' title='bbox 767 4511 899 4580; x_wconf 76' lang='grc' dir='ltr'><strong>ἡμῖν</strong></span> <span class='ocrx_word' id='word_1_572' title='bbox 932 4511 1030 4563; x_wconf 78' lang='grc' dir='ltr'><strong>οὐκ</strong></span> <span class='ocrx_word' id='word_1_573' title='bbox 1058 4507 1126 4582; x_wconf 80' lang='grc' dir='ltr'><strong>ἦν</strong></span> <span class='ocrx_word' id='word_1_574' title='bbox 1148 4528 1161 4543; x_wconf 92' lang='grc'><strong>·</strong></span> <span class='ocrx_word' id='word_1_575' title='bbox 1197 4511 1258 4564; x_wconf 78' lang='grc' dir='ltr'><strong>οῦ</strong></span> <span class='ocrx_word' id='word_1_576' title='bbox 1288 4530 1367 4564; x_wconf 73' lang='grc' dir='ltr'><strong>τοι</strong></span> <span class='ocrx_word' id='word_1_577' title='bbox 1405 4515 1480 4582; x_wconf 78' lang='grc' dir='ltr'><strong>μὰ</strong></span> <span class='ocrx_word' id='word_1_578' title='bbox 1511 4515 1600 4566; x_wconf 77' lang='grc' dir='ltr'><strong>τὸν</strong></span> <span class='ocrx_word' id='word_1_579' title='bbox 1630 4519 1724 4568; x_wconf 85' lang='grc' dir='ltr'><strong>καὶ</strong></span> 
     </span>
    </p>
   </div>
   <div class='ocr_carea' id='block_1_79' title="bbox 153 4597 1726 4671">
    <p class='ocr_par' dir='ltr' id='par_1_79' title="bbox 153 4597 1726 4671">
     <span class='ocr_line' id='line_1_79' title="bbox 153 4597 1726 4671; baseline 0.008 -25"><span class='ocrx_word' id='word_1_580' title='bbox 153 4597 462 4661; x_wconf 78' lang='grc' dir='ltr'><strong>λογισμοὺς</strong></span> <span class='ocrx_word' id='word_1_581' title='bbox 522 4598 760 4666; x_wconf 69' lang='grc' dir='ltr'><strong>καρδιῶν</strong></span> <span class='ocrx_word' id='word_1_582' title='bbox 825 4599 1072 4668; x_wconf 70' lang='grc' dir='ltr'><strong>ἀκριϐῶς</strong></span> <span class='ocrx_word' id='word_1_583' title='bbox 1138 4601 1519 4671; x_wconf 76' lang='grc' dir='ltr'><strong>ἐπιστάμενον.</strong></span> <span class='ocrx_word' id='word_1_584' title='bbox 1566 4603 1726 4658; x_wconf 83' lang='grc' dir='ltr'><strong>Ἀλλά</strong></span> 
     </span>
    </p>
   </div>
   <div class='ocr_carea' id='block_1_80' title="bbox 151 4687 1727 4764">
    <p class='ocr_par' dir='ltr' id='par_1_80' title="bbox 151 4687 1727 4764">
     <span class='ocr_line' id='line_1_80' title="bbox 151 4687 1727 4764; baseline 0.008 -27"><span class='ocrx_word' id='word_1_585' title='bbox 151 4687 337 4738; x_wconf 76' lang='grc' dir='ltr'><strong>ταῦτα</strong></span> <span class='ocrx_word' id='word_1_586' title='bbox 365 4689 460 4754; x_wconf 79' lang='grc' dir='ltr'><strong>μὲν</strong></span> <span class='ocrx_word' id='word_1_587' title='bbox 492 4688 570 4748; x_wconf 75' lang='grc' dir='ltr'><strong>είς</strong></span> <span class='ocrx_word' id='word_1_588' title='bbox 597 4689 782 4758; x_wconf 71' lang='grc' dir='ltr'><strong>ἕτερόν</strong></span> <span class='ocrx_word' id='word_1_589' title='bbox 809 4705 899 4758; x_wconf 88' lang='grc' dir='ltr'><strong>μοι</strong></span> <span class='ocrx_word' id='word_1_590' title='bbox 922 4691 1294 4758; x_wconf 82' lang='grc' dir='ltr'><strong>τεταμιεύσθω</strong></span> <span class='ocrx_word' id='word_1_591' title='bbox 1321 4694 1530 4762; x_wconf 75' lang='grc' dir='ltr'><strong>καιρὸν,</strong></span> <span class='ocrx_word' id='word_1_592' title='bbox 1564 4697 1727 4764; x_wconf 82' lang='grc' dir='ltr'><strong>ἡνίκα</strong></span> 
     </span>
    </p>
   </div>
   <div class='ocr_carea' id='block_1_81' title="bbox 151 4778 1727 4848">
    <p class='ocr_par' dir='ltr' id='par_1_81' title="bbox 151 4778 1727 4848">
     <span class='ocr_line' id='line_1_81' title="bbox 151 4778 1727 4848; baseline 0.008 -20"><span class='ocrx_word' id='word_1_593' title='bbox 151 4781 253 4828; x_wconf 66' lang='grc' dir='ltr'><strong>καὶ</strong></span> <span class='ocrx_word' id='word_1_594' title='bbox 283 4778 584 4847; x_wconf 82' lang='grc' dir='ltr'><strong>φανήσεται</strong></span> <span class='ocrx_word' id='word_1_595' title='bbox 614 4779 841 4848; x_wconf 84' lang='grc' dir='ltr'><strong>τάληθὲς</strong></span> <span class='ocrx_word' id='word_1_596' title='bbox 873 4780 1049 4843; x_wconf 82' lang='grc' dir='ltr'><strong>καλῶς</strong></span> <span class='ocrx_word' id='word_1_597' title='bbox 1077 4782 1210 4834; x_wconf 85' lang='grc' dir='ltr'><strong>Θεοῦ</strong></span> <span class='ocrx_word' id='word_1_598' title='bbox 1254 4784 1504 4848; x_wconf 85' lang='grc' dir='ltr'><strong>διδόντος.</strong></span> <span class='ocrx_word' id='word_1_599' title='bbox 1537 4788 1649 4840; x_wconf 87' lang='grc' dir='ltr'><strong>Νῦν</strong></span> <span class='ocrx_word' id='word_1_600' title='bbox 1683 4790 1727 4841; x_wconf 82' lang='grc' dir='ltr'>δ’</span> 
     </span>
    </p>
   </div>
   <div class='ocr_carea' id='block_1_82' title="bbox 149 4869 1729 4945">
    <p class='ocr_par' dir='ltr' id='par_1_82' title="bbox 149 4869 1729 4945">
     <span class='ocr_line' id='line_1_82' title="bbox 149 4869 1729 4945; baseline 0.009 -27"><span class='ocrx_word' id='word_1_601' title='bbox 149 4869 229 4927; x_wconf 65' lang='grc' dir='ltr'><strong>ὡς</strong></span> <span class='ocrx_word' id='word_1_602' title='bbox 265 4869 340 4936; x_wconf 73' lang='grc' dir='ltr'><strong>μὴ</strong></span> <span class='ocrx_word' id='word_1_603' title='bbox 371 4873 432 4937; x_wconf 77' lang='grc' dir='ltr'><strong>τῇ</strong></span> <span class='ocrx_word' id='word_1_604' title='bbox 467 4870 560 4921; x_wconf 90' lang='grc' dir='ltr'><strong>τοῦ</strong></span> <span class='ocrx_word' id='word_1_605' title='bbox 608 4871 764 4938; x_wconf 84' lang='grc' dir='ltr'><strong>λόγου</strong></span> <span class='ocrx_word' id='word_1_606' title='bbox 802 4873 948 4945; x_wconf 77' lang='grc' dir='ltr'><strong>ῥύμῃ</strong></span> <span class='ocrx_word' id='word_1_607' title='bbox 999 4875 1410 4943; x_wconf 80' lang='grc' dir='ltr'><strong>συνεσχημένοι,</strong></span> <span class='ocrx_word' id='word_1_608' title='bbox 1437 4878 1729 4934; x_wconf 81' lang='grc' dir='ltr'><strong>κάντεῦθεν</strong></span> 
     </span>
    </p>
   </div>
   <div class='ocr_carea' id='block_1_83' title="bbox 153 4955 1718 5038">
    <p class='ocr_par' dir='ltr' id='par_1_83' title="bbox 153 4955 1718 5038">
     <span class='ocr_line' id='line_1_83' title="bbox 153 4955 1718 5038; baseline 0.009 -30"><span class='ocrx_word' id='word_1_609' title='bbox 153 4961 281 5020; x_wconf 80' lang='grc' dir='ltr'><strong>ταῖς</strong></span> <span class='ocrx_word' id='word_1_610' title='bbox 321 4961 593 5024; x_wconf 82' lang='grc' dir='ltr'><strong>τοιαύταις</strong></span> <span class='ocrx_word' id='word_1_611' title='bbox 622 4955 1014 5032; x_wconf 70' lang='grc' dir='ltr'><strong>ἐμφιλοχωρείν</strong></span> <span class='ocrx_word' id='word_1_612' title='bbox 1071 4963 1392 5018; x_wconf 79' lang='grc' dir='ltr'><strong>ὑποθέσεσιν</strong></span> <span class='ocrx_word' id='word_1_613' title='bbox 1422 4967 1718 5038; x_wconf 80' lang='grc' dir='ltr'><strong>ἐπειγόμε-</strong></span> 
     </span>
    </p>
   </div>
   <div class='ocr_carea' id='block_1_84' title="bbox 238 5118 674 5181">
    <p class='ocr_par' dir='ltr' id='par_1_84' title="bbox 238 5118 674 5181">
     <span class='ocr_line' id='line_1_84' title="bbox 238 5118 674 5181; baseline -0.002 -9"><span class='ocrx_word' id='word_1_614' title='bbox 238 5121 260 5150; x_wconf 85' lang='grc'><strong><em>²</em></strong></span> <span class='ocrx_word' id='word_1_615' title='bbox 284 5118 324 5172; x_wconf 87' lang='lat' dir='ltr'><strong>ll</strong></span> <span class='ocrx_word' id='word_1_616' title='bbox 357 5119 499 5172; x_wconf 84' lang='lat' dir='ltr'><strong>Tim.</strong></span> <span class='ocrx_word' id='word_1_617' title='bbox 539 5135 596 5181; x_wconf 88' lang='grc' dir='ltr'><strong>ιι,</strong></span> <span class='ocrx_word' id='word_1_618' title='bbox 624 5123 674 5172; x_wconf 87' lang='grc'><strong>7.</strong></span> 
     </span>
    </p>
   </div>
   <div class='ocr_carea' id='block_1_85' title="bbox 1838 3236 3404 3304">
    <p class='ocr_par' dir='ltr' id='par_1_85' title="bbox 1838 3236 3404 3304">
     <span class='ocr_line' id='line_1_85' title="bbox 1838 3236 3404 3304; baseline 0.004 -15"><span class='ocrx_word' id='word_1_619' title='bbox 1838 3243 2130 3289; x_wconf 78' lang='lat' dir='ltr'><strong>sexcentos</strong></span> <span class='ocrx_word' id='word_1_620' title='bbox 2163 3250 2261 3303; x_wconf 89' lang='lat' dir='ltr'><strong>pro</strong></span> <span class='ocrx_word' id='word_1_621' title='bbox 2297 3236 2567 3290; x_wconf 89' lang='lat' dir='ltr'><strong>ambobus</strong></span> <span class='ocrx_word' id='word_1_622' title='bbox 2601 3237 2818 3291; x_wconf 88' lang='lat' dir='ltr'><strong>labores</strong></span> <span class='ocrx_word' id='word_1_623' title='bbox 2848 3238 3214 3304; x_wconf 88' lang='lat' dir='ltr'><strong>hauriremus,</strong></span> <span class='ocrx_word' id='word_1_624' title='bbox 3255 3242 3404 3296; x_wconf 89' lang='lat' dir='ltr'><strong>nihi-</strong></span> 
     </span>
    </p>
   </div>
   <div class='ocr_carea' id='block_1_86' title="bbox 1837 3326 3402 3397">
    <p class='ocr_par' dir='ltr' id='par_1_86' title="bbox 1837 3326 3402 3397">
     <span class='ocr_line' id='line_1_86' title="bbox 1837 3326 3402 3397; baseline 0.005 -18"><span class='ocrx_word' id='word_1_625' title='bbox 1837 3327 1896 3379; x_wconf 91' lang='lat' dir='ltr'><strong>lo</strong></span> <span class='ocrx_word' id='word_1_626' title='bbox 1937 3326 2123 3378; x_wconf 89' lang='lat' dir='ltr'><strong>minus</strong></span> <span class='ocrx_word' id='word_1_627' title='bbox 2182 3326 2360 3389; x_wconf 87' lang='lat' dir='ltr'><strong>malis,</strong></span> <span class='ocrx_word' id='word_1_628' title='bbox 2385 3327 2467 3380; x_wconf 80' lang='lat' dir='ltr'><strong>vel</strong></span> <span class='ocrx_word' id='word_1_629' title='bbox 2527 3335 2704 3382; x_wconf 90' lang='lat' dir='ltr'><strong>morte</strong></span> <span class='ocrx_word' id='word_1_630' title='bbox 2754 3329 2962 3397; x_wconf 83' lang='lat' dir='ltr'><strong>potius,</strong></span> <span class='ocrx_word' id='word_1_631' title='bbox 3034 3346 3120 3385; x_wconf 89' lang='lat' dir='ltr'><strong>me</strong></span> <span class='ocrx_word' id='word_1_632' title='bbox 3179 3331 3402 3388; x_wconf 87' lang='lat' dir='ltr'><strong>Christo</strong></span> 
     </span>
    </p>
   </div>
   <div class='ocr_carea' id='block_1_87' title="bbox 1836 3416 3399 3490">
    <p class='ocr_par' dir='ltr' id='par_1_87' title="bbox 1836 3416 3399 3490">
     <span class='ocr_line' id='line_1_87' title="bbox 1836 3416 3399 3490; baseline 0.006 -20"><span class='ocrx_word' id='word_1_633' title='bbox 1836 3416 2072 3482; x_wconf 61' lang='lat' dir='ltr'><strong>favente,</strong></span> <span class='ocrx_word' id='word_1_634' title='bbox 2104 3419 2168 3472; x_wconf 93' lang='lat' dir='ltr'><strong>de</strong></span> <span class='ocrx_word' id='word_1_635' title='bbox 2197 3417 2313 3486; x_wconf 90' lang='lat' dir='ltr'><strong>ipsa</strong></span> <span class='ocrx_word' id='word_1_636' title='bbox 2343 3425 2399 3472; x_wconf 89' lang='lat' dir='ltr'><strong>et</strong></span> <span class='ocrx_word' id='word_1_637' title='bbox 2452 3420 2733 3474; x_wconf 84' lang='lat' dir='ltr'><strong>communi</strong></span> <span class='ocrx_word' id='word_1_638' title='bbox 2759 3429 2864 3474; x_wconf 89' lang='lat' dir='ltr'><strong>tam</strong></span> <span class='ocrx_word' id='word_1_639' title='bbox 2896 3421 3037 3478; x_wconf 87' lang='lat' dir='ltr'><strong>bene</strong></span> <span class='ocrx_word' id='word_1_640' title='bbox 3078 3433 3399 3490; x_wconf 89' lang='lat' dir='ltr'><strong>merentem,</strong></span> 
     </span>
    </p>
   </div>
   <div class='ocr_carea' id='block_1_88' title="bbox 1836 3509 3396 3584">
    <p class='ocr_par' dir='ltr' id='par_1_88' title="bbox 1836 3509 3396 3584">
     <span class='ocr_line' id='line_1_88' title="bbox 1836 3509 3396 3584; baseline 0.008 -24"><span class='ocrx_word' id='word_1_641' title='bbox 1836 3523 2187 3562; x_wconf 82' lang='lat' dir='ltr'><strong>remunerare</strong></span> <span class='ocrx_word' id='word_1_642' title='bbox 2227 3517 2421 3576; x_wconf 75' lang='lat' dir='ltr'><strong>conata</strong></span> <span class='ocrx_word' id='word_1_643' title='bbox 2465 3521 2569 3563; x_wconf 90' lang='lat' dir='ltr'><strong>est.</strong></span> <span class='ocrx_word' id='word_1_644' title='bbox 2619 3509 2752 3580; x_wconf 84' lang='lat' dir='ltr'><strong>Hem</strong></span> <span class='ocrx_word' id='word_1_645' title='bbox 2797 3514 2978 3582; x_wconf 86' lang='lat' dir='ltr'><strong>qualia</strong></span> <span class='ocrx_word' id='word_1_646' title='bbox 3016 3529 3115 3583; x_wconf 88' lang='lat' dir='ltr'><strong>pro</strong></span> <span class='ocrx_word' id='word_1_647' title='bbox 3137 3517 3396 3584; x_wconf 81' lang='lat' dir='ltr'><strong>qualibus</strong></span> 
     </span>
    </p>
   </div>
   <div class='ocr_carea' id='block_1_89' title="bbox 1835 3601 3407 3677">
    <p class='ocr_par' dir='ltr' id='par_1_89' title="bbox 1835 3601 3407 3677">
     <span class='ocr_line' id='line_1_89' title="bbox 1835 3601 3407 3677; baseline 0.006 -23"><span class='ocrx_word' id='word_1_648' title='bbox 1835 3602 2049 3668; x_wconf 82' lang='lat' dir='ltr'><strong>recepi!</strong></span> <span class='ocrx_word' id='word_1_649' title='bbox 2077 3601 2304 3667; x_wconf 83' lang='lat' dir='ltr'><strong>Quando</strong></span> <span class='ocrx_word' id='word_1_650' title='bbox 2327 3602 2473 3656; x_wconf 87' lang='lat' dir='ltr'><strong>enim</strong></span> <span class='ocrx_word' id='word_1_651' title='bbox 2509 3618 2595 3657; x_wconf 90' lang='lat' dir='ltr'><strong>me</strong></span> <span class='ocrx_word' id='word_1_652' title='bbox 2623 3603 2758 3659; x_wconf 89' lang='lat' dir='ltr'><strong>illud</strong></span> <span class='ocrx_word' id='word_1_653' title='bbox 2787 3605 2943 3660; x_wconf 83' lang='lat' dir='ltr'><strong>Pauli</strong></span> <span class='ocrx_word' id='word_1_654' title='bbox 2975 3606 3146 3661; x_wconf 85' lang='lat' dir='ltr'><strong>divini</strong></span> <span class='ocrx_word' id='word_1_655' title='bbox 3166 3611 3407 3677; x_wconf 67' lang='lat' dir='ltr'><strong>apostoli.</strong></span> 
     </span>
    </p>
   </div>
   <div class='ocr_carea' id='block_1_90' title="bbox 1833 3690 3402 3761">
    <p class='ocr_par' dir='ltr' id='par_1_90' title="bbox 1833 3690 3402 3761">
     <span class='ocr_line' id='line_1_90' title="bbox 1833 3690 3402 3761; baseline 0.004 -17"><span class='ocrx_word' id='word_1_656' title='bbox 1833 3690 2017 3744; x_wconf 82' lang='lat' dir='ltr'><strong>dicere</strong></span> <span class='ocrx_word' id='word_1_657' title='bbox 2045 3691 2414 3754; x_wconf 88' lang='lat' dir='ltr'><strong>convenisset,</strong></span> <span class='ocrx_word' id='word_1_658' title='bbox 2455 3709 2472 3742; x_wconf 82' lang='grc' dir='ltr'><strong>ι</strong></span> <span class='ocrx_word' id='word_1_659' title='bbox 2496 3691 2688 3747; x_wconf 83' lang='lat' dir='ltr'><strong>Fidem</strong></span> <span class='ocrx_word' id='word_1_660' title='bbox 2730 3694 2969 3761; x_wconf 86' lang='lat' dir='ltr'><strong>servavi,</strong></span> <span class='ocrx_word' id='word_1_661' title='bbox 3009 3711 3238 3750; x_wconf 87' lang='lat' dir='ltr'><strong>cursum</strong></span> <span class='ocrx_word' id='word_1_662' title='bbox 3268 3713 3402 3752; x_wconf 88' lang='lat' dir='ltr'><strong>con-</strong></span> 
     </span>
    </p>
   </div>
   <div class='ocr_carea' id='block_1_91' title="bbox 1834 3782 3402 3855">
    <p class='ocr_par' dir='ltr' id='par_1_91' title="bbox 1834 3782 3402 3855">
     <span class='ocr_line' id='line_1_91' title="bbox 1834 3782 3402 3855; baseline 0.003 -20"><span class='ocrx_word' id='word_1_663' title='bbox 1834 3782 2102 3835; x_wconf 85' lang='lat' dir='ltr'><strong>summavi</strong></span> <span class='ocrx_word' id='word_1_664' title='bbox 2123 3784 2164 3847; x_wconf 84' lang='lat'><strong>&#39;,</strong></span> <span class='ocrx_word' id='word_1_665' title='bbox 2188 3799 2206 3832; x_wconf 73' lang='grc'><strong>)</strong></span> <span class='ocrx_word' id='word_1_666' title='bbox 2243 3789 2298 3838; x_wconf 90' lang='lat' dir='ltr'><strong>et</strong></span> <span class='ocrx_word' id='word_1_667' title='bbox 2326 3782 2622 3849; x_wconf 75' lang='lat' dir='ltr'><strong>conlidere,</strong></span> <span class='ocrx_word' id='word_1_668' title='bbox 2651 3783 2796 3852; x_wconf 88' lang='lat' dir='ltr'><strong>quod</strong></span> <span class='ocrx_word' id='word_1_669' title='bbox 2831 3785 2884 3838; x_wconf 91' lang='lat' dir='ltr'><strong>in</strong></span> <span class='ocrx_word' id='word_1_670' title='bbox 2912 3785 3184 3840; x_wconf 88' lang='lat' dir='ltr'><strong>sententia</strong></span> <span class='ocrx_word' id='word_1_671' title='bbox 3220 3788 3402 3855; x_wconf 88' lang='lat' dir='ltr'><strong>sequi-</strong></span> 
     </span>
    </p>
   </div>
   <div class='ocr_carea' id='block_1_92' title="bbox 1836 3873 3398 3940">
    <p class='ocr_par' dir='ltr' id='par_1_92' title="bbox 1836 3873 3398 3940">
     <span class='ocr_line' id='line_1_92' title="bbox 1836 3873 3398 3940; baseline 0.004 -18"><span class='ocrx_word' id='word_1_672' title='bbox 1836 3879 1943 3933; x_wconf 92' lang='lat' dir='ltr'><strong>tur,</strong></span> <span class='ocrx_word' id='word_1_673' title='bbox 2007 3885 2094 3923; x_wconf 88' lang='lat' dir='ltr'><strong>me</strong></span> <span class='ocrx_word' id='word_1_674' title='bbox 2144 3881 2498 3939; x_wconf 83' lang='lat' dir='ltr'><strong>accepturum</strong></span> <span class='ocrx_word' id='word_1_675' title='bbox 2549 3875 2705 3938; x_wconf 89' lang='lat' dir='ltr'><strong>(tunc</strong></span> <span class='ocrx_word' id='word_1_676' title='bbox 2734 3873 3006 3940; x_wconf 84' lang='lat' dir='ltr'><strong>siquidem</strong></span> <span class='ocrx_word' id='word_1_677' title='bbox 3057 3889 3144 3928; x_wconf 85' lang='lat' dir='ltr'><strong>me</strong></span> <span class='ocrx_word' id='word_1_678' title='bbox 3177 3884 3398 3930; x_wconf 89' lang='lat' dir='ltr'><strong>tacente</strong></span> 
     </span>
    </p>
   </div>
   <div class='ocr_carea' id='block_1_93' title="bbox 1834 3961 3400 4032">
    <p class='ocr_par' dir='ltr' id='par_1_93' title="bbox 1834 3961 3400 4032">
     <span class='ocr_line' id='line_1_93' title="bbox 1834 3961 3400 4032; baseline 0.003 -20"><span class='ocrx_word' id='word_1_679' title='bbox 1834 3975 1924 4013; x_wconf 91' lang='lat' dir='ltr'><strong>res</strong></span> <span class='ocrx_word' id='word_1_680' title='bbox 1957 3961 2071 4028; x_wconf 89' lang='lat' dir='ltr'><strong>ipsa</strong></span> <span class='ocrx_word' id='word_1_681' title='bbox 2122 3961 2423 4012; x_wconf 87' lang='lat' dir='ltr'><strong>certamina</strong></span> <span class='ocrx_word' id='word_1_682' title='bbox 2471 3974 2589 4013; x_wconf 88' lang='lat' dir='ltr'><strong>mea</strong></span> <span class='ocrx_word' id='word_1_683' title='bbox 2637 3962 3032 4028; x_wconf 79' lang='lat' dir='ltr'><strong>proclamabat,</strong></span> <span class='ocrx_word' id='word_1_684' title='bbox 3064 3973 3119 4016; x_wconf 89' lang='lat' dir='ltr'><strong>et</strong></span> <span class='ocrx_word' id='word_1_685' title='bbox 3153 3978 3254 4032; x_wconf 88' lang='lat' dir='ltr'><strong>pro</strong></span> <span class='ocrx_word' id='word_1_686' title='bbox 3285 3980 3400 4017; x_wconf 82' lang='lat' dir='ltr'><strong>ma-</strong></span> 
     </span>
    </p>
   </div>
   <div class='ocr_carea' id='block_1_94' title="bbox 1832 4046 3396 4120">
    <p class='ocr_par' dir='ltr' id='par_1_94' title="bbox 1832 4046 3396 4120">
     <span class='ocr_line' id='line_1_94' title="bbox 1832 4046 3396 4120; baseline 0.004 -20"><span class='ocrx_word' id='word_1_687' title='bbox 1832 4051 1956 4117; x_wconf 84' lang='lat' dir='ltr'><strong>gnis</strong></span> <span class='ocrx_word' id='word_1_688' title='bbox 2013 4064 2200 4116; x_wconf 85' lang='lat' dir='ltr'><strong>magna</strong></span> <span class='ocrx_word' id='word_1_689' title='bbox 2263 4046 2632 4117; x_wconf 89' lang='lat' dir='ltr'><strong>reposcebat),</strong></span> <span class='ocrx_word' id='word_1_690' title='bbox 2669 4049 2764 4116; x_wconf 91' lang='lat' dir='ltr'><strong>qui</strong></span> <span class='ocrx_word' id='word_1_691' title='bbox 2795 4050 2956 4104; x_wconf 84' lang='lat' dir='ltr'><strong>nobis</strong></span> <span class='ocrx_word' id='word_1_692' title='bbox 3008 4051 3288 4106; x_wconf 88' lang='lat' dir='ltr'><strong>debebant</strong></span> <span class='ocrx_word' id='word_1_693' title='bbox 3340 4055 3396 4120; x_wconf 87' lang='grc' dir='ltr'><strong>(ο</strong></span> 
     </span>
    </p>
   </div>
   <div class='ocr_carea' id='block_1_95' title="bbox 1833 4133 3396 4212">
    <p class='ocr_par' dir='ltr' id='par_1_95' title="bbox 1833 4133 3396 4212">
     <span class='ocr_line' id='line_1_95' title="bbox 1833 4133 3396 4212; baseline 0.001 -17"><span class='ocrx_word' id='word_1_694' title='bbox 1833 4141 2291 4212; x_wconf 81' lang='lat' dir='ltr'><strong>schphantarum</strong></span> <span class='ocrx_word' id='word_1_695' title='bbox 2319 4133 2647 4208; x_wconf 75' lang='lat' dir='ltr'><strong>vesaniam),</strong></span> <span class='ocrx_word' id='word_1_696' title='bbox 2677 4154 2778 4194; x_wconf 89' lang='lat' dir='ltr'><strong>nos</strong></span> <span class='ocrx_word' id='word_1_697' title='bbox 2809 4153 3154 4207; x_wconf 80' lang='lat' dir='ltr'><strong>accusantes,</strong></span> <span class='ocrx_word' id='word_1_698' title='bbox 3190 4143 3396 4198; x_wconf 79' lang='lat' dir='ltr'><strong>indicta</strong></span> 
     </span>
    </p>
   </div>
   <div class='ocr_carea' id='block_1_96' title="bbox 1834 4233 3393 4298">
    <p class='ocr_par' dir='ltr' id='par_1_96' title="bbox 1834 4233 3393 4298">
     <span class='ocr_line' id='line_1_96' title="bbox 1834 4233 3393 4298; baseline 0.001 -10"><span class='ocrx_word' id='word_1_699' title='bbox 1834 4250 1997 4288; x_wconf 84' lang='lat' dir='ltr'><strong>causa</strong></span> <span class='ocrx_word' id='word_1_700' title='bbox 2031 4234 2380 4298; x_wconf 82' lang='lat' dir='ltr'><strong>damnarunt,</strong></span> <span class='ocrx_word' id='word_1_701' title='bbox 2432 4233 2721 4286; x_wconf 84' lang='lat' dir='ltr'><strong>adversum</strong></span> <span class='ocrx_word' id='word_1_702' title='bbox 2752 4247 2851 4287; x_wconf 89' lang='lat' dir='ltr'><strong>nos</strong></span> <span class='ocrx_word' id='word_1_703' title='bbox 2891 4235 3393 4298; x_wconf 89' lang='lat' dir='ltr'><strong>comminiscentes,</strong></span> 
     </span>
    </p>
   </div>
   <div class='ocr_carea' id='block_1_97' title="bbox 1833 4323 3397 4394">
    <p class='ocr_par' dir='ltr' id='par_1_97' title="bbox 1833 4323 3397 4394">
     <span class='ocr_line' id='line_1_97' title="bbox 1833 4323 3397 4394; baseline 0.002 -17"><span class='ocrx_word' id='word_1_704' title='bbox 1833 4324 1978 4394; x_wconf 88' lang='lat' dir='ltr'><strong>quod</strong></span> <span class='ocrx_word' id='word_1_705' title='bbox 2021 4325 2078 4378; x_wconf 92' lang='lat' dir='ltr'><strong>in</strong></span> <span class='ocrx_word' id='word_1_706' title='bbox 2108 4335 2342 4379; x_wconf 90' lang='lat' dir='ltr'><strong>mentem</strong></span> <span class='ocrx_word' id='word_1_707' title='bbox 2389 4323 2550 4378; x_wconf 91' lang='lat' dir='ltr'><strong>nobis</strong></span> <span class='ocrx_word' id='word_1_708' title='bbox 2577 4339 2856 4392; x_wconf 87' lang='lat' dir='ltr'><strong>nunquam</strong></span> <span class='ocrx_word' id='word_1_709' title='bbox 2900 4335 3162 4379; x_wconf 88' lang='lat' dir='ltr'><strong>venerat:</strong></span> <span class='ocrx_word' id='word_1_710' title='bbox 3195 4327 3267 4380; x_wconf 90' lang='lat' dir='ltr'><strong>ita</strong></span> <span class='ocrx_word' id='word_1_711' title='bbox 3297 4342 3397 4380; x_wconf 91' lang='lat' dir='ltr'><strong>nos</strong></span> 
     </span>
    </p>
   </div>
   <div class='ocr_carea' id='block_1_98' title="bbox 1834 4413 3392 4485">
    <p class='ocr_par' dir='ltr' id='par_1_98' title="bbox 1834 4413 3392 4485">
     <span class='ocr_line' id='line_1_98' title="bbox 1834 4413 3392 4485; baseline 0.003 -17"><span class='ocrx_word' id='word_1_712' title='bbox 1834 4424 2000 4479; x_wconf 81' lang='lat' dir='ltr'><strong>amet,</strong></span> <span class='ocrx_word' id='word_1_713' title='bbox 2031 4415 2127 4483; x_wconf 87' lang='lat' dir='ltr'><strong>qui</strong></span> <span class='ocrx_word' id='word_1_714' title='bbox 2157 4414 2405 4467; x_wconf 90' lang='lat' dir='ltr'><strong>cordium</strong></span> <span class='ocrx_word' id='word_1_715' title='bbox 2440 4413 2801 4483; x_wconf 78' lang='lat' dir='ltr'><strong>cogitationes</strong></span> <span class='ocrx_word' id='word_1_716' title='bbox 2822 4414 3066 4483; x_wconf 76' lang='lat' dir='ltr'><strong>perfecte</strong></span> <span class='ocrx_word' id='word_1_717' title='bbox 3090 4419 3392 4485; x_wconf 80' lang='lat' dir='ltr'><strong>cognoscit.</strong></span> 
     </span>
    </p>
   </div>
   <div class='ocr_carea' id='block_1_99' title="bbox 1836 4504 3397 4574">
    <p class='ocr_par' dir='ltr' id='par_1_99' title="bbox 1836 4504 3397 4574">
     <span class='ocr_line' id='line_1_99' title="bbox 1836 4504 3397 4574; baseline 0.001 -14"><span class='ocrx_word' id='word_1_718' title='bbox 1836 4507 2032 4561; x_wconf 86' lang='lat' dir='ltr'><strong>Verum</strong></span> <span class='ocrx_word' id='word_1_719' title='bbox 2067 4505 2180 4559; x_wconf 62' lang='lat' dir='ltr'><strong>haec</strong></span> <span class='ocrx_word' id='word_1_720' title='bbox 2201 4505 2254 4558; x_wconf 90' lang='lat' dir='ltr'><strong>in</strong></span> <span class='ocrx_word' id='word_1_721' title='bbox 2273 4504 2418 4557; x_wconf 88' lang='lat' dir='ltr'><strong>aliud</strong></span> <span class='ocrx_word' id='word_1_722' title='bbox 2447 4513 2660 4573; x_wconf 87' lang='lat' dir='ltr'><strong>tempus</strong></span> <span class='ocrx_word' id='word_1_723' title='bbox 2678 4504 2948 4568; x_wconf 78' lang='lat' dir='ltr'><strong>dill‘eram,</strong></span> <span class='ocrx_word' id='word_1_724' title='bbox 2969 4507 3188 4574; x_wconf 80' lang='lat' dir='ltr'><strong>quando</strong></span> <span class='ocrx_word' id='word_1_725' title='bbox 3209 4508 3397 4563; x_wconf 88' lang='lat' dir='ltr'><strong>divino</strong></span> 
     </span>
    </p>
   </div>
   <div class='ocr_carea' id='block_1_100' title="bbox 1834 4595 3392 4666">
    <p class='ocr_par' dir='ltr' id='par_1_100' title="bbox 1834 4595 3392 4666">
     <span class='ocr_line' id='line_1_100' title="bbox 1834 4595 3392 4666; baseline 0 -14"><span class='ocrx_word' id='word_1_726' title='bbox 1834 4612 2062 4653; x_wconf 88' lang='lat' dir='ltr'><strong>munere</strong></span> <span class='ocrx_word' id='word_1_727' title='bbox 2103 4597 2307 4651; x_wconf 88' lang='lat' dir='ltr'><strong>veritas</strong></span> <span class='ocrx_word' id='word_1_728' title='bbox 2347 4595 2494 4649; x_wconf 90' lang='lat' dir='ltr'><strong>clare</strong></span> <span class='ocrx_word' id='word_1_729' title='bbox 2539 4595 2845 4663; x_wconf 89' lang='lat' dir='ltr'><strong>apparebit.</strong></span> <span class='ocrx_word' id='word_1_730' title='bbox 2900 4595 3059 4649; x_wconf 86' lang='lat' dir='ltr'><strong>Nunc</strong></span> <span class='ocrx_word' id='word_1_731' title='bbox 3083 4610 3149 4650; x_wconf 92' lang='lat' dir='ltr'><strong>ne</strong></span> <span class='ocrx_word' id='word_1_732' title='bbox 3186 4597 3392 4666; x_wconf 86' lang='lat' dir='ltr'><strong>impetu</strong></span> 
     </span>
    </p>
   </div>
   <div class='ocr_carea' id='block_1_101' title="bbox 1834 4683 3396 4754">
    <p class='ocr_par' dir='ltr' id='par_1_101' title="bbox 1834 4683 3396 4754">
     <span class='ocr_line' id='line_1_101' title="bbox 1834 4683 3396 4754; baseline -0.004 -10"><span class='ocrx_word' id='word_1_733' title='bbox 1834 4688 2100 4744; x_wconf 82' lang='lat' dir='ltr'><strong>orationis</strong></span> <span class='ocrx_word' id='word_1_734' title='bbox 2172 4686 2404 4754; x_wconf 71' lang='lat' dir='ltr'><strong>abrepti,</strong></span> <span class='ocrx_word' id='word_1_735' title='bbox 2462 4685 2520 4737; x_wconf 93' lang='lat' dir='ltr'><strong>in</strong></span> <span class='ocrx_word' id='word_1_736' title='bbox 2583 4683 2688 4738; x_wconf 82' lang='lat' dir='ltr'><strong>hoc</strong></span> <span class='ocrx_word' id='word_1_737' title='bbox 2745 4693 3070 4752; x_wconf 83' lang='lat' dir='ltr'><strong>argumento</strong></span> <span class='ocrx_word' id='word_1_738' title='bbox 3135 4700 3396 4754; x_wconf 79' lang='lat' dir='ltr'><strong>cogamur</strong></span> 
     </span>
    </p>
   </div>
   <div class='ocr_carea' id='block_1_102' title="bbox 1836 4761 3396 4848">
    <p class='ocr_par' dir='ltr' id='par_1_102' title="bbox 1836 4761 3396 4848">
     <span class='ocr_line' id='line_1_102' title="bbox 1836 4761 3396 4848; baseline -0.003 -11"><span class='ocrx_word' id='word_1_739' title='bbox 1836 4761 2140 4844; x_wconf 73' lang='lat' dir='ltr'><strong>inimorari,</strong></span> <span class='ocrx_word' id='word_1_740' title='bbox 2189 4795 2253 4833; x_wconf 90' lang='lat' dir='ltr'><strong>ac</strong></span> <span class='ocrx_word' id='word_1_741' title='bbox 2303 4776 2531 4848; x_wconf 86' lang='lat' dir='ltr'><strong>proinde</strong></span> <span class='ocrx_word' id='word_1_742' title='bbox 2589 4776 2759 4846; x_wconf 91' lang='lat' dir='ltr'><strong>inepti</strong></span> <span class='ocrx_word' id='word_1_743' title='bbox 2819 4775 3216 4843; x_wconf 76' lang='lat' dir='ltr'><strong>existimentur,</strong></span> <span class='ocrx_word' id='word_1_744' title='bbox 3268 4778 3396 4832; x_wconf 89' lang='lat' dir='ltr'><strong>dum</strong></span> 
     </span>
    </p>
   </div>
   <div class='ocr_carea' id='block_1_103' title="bbox 1825 4867 3460 4943">
    <p class='ocr_par' dir='ltr' id='par_1_103' title="bbox 1825 4867 3460 4943">
     <span class='ocr_line' id='line_1_103' title="bbox 1825 4867 3460 4943; baseline -0.002 -18"><span class='ocrx_word' id='word_1_745' title='bbox 1825 4869 2004 4943; x_wconf 84' lang='lat' dir='ltr'><strong>parvo</strong></span> <span class='ocrx_word' id='word_1_746' title='bbox 2034 4887 2286 4928; x_wconf 87' lang='lat' dir='ltr'><strong>sermone</strong></span> <span class='ocrx_word' id='word_1_747' title='bbox 2309 4869 2450 4923; x_wconf 86' lang='lat' dir='ltr'><strong>haud</strong></span> <span class='ocrx_word' id='word_1_748' title='bbox 2477 4882 2642 4939; x_wconf 83' lang='lat' dir='ltr'><strong>parva</strong></span> <span class='ocrx_word' id='word_1_749' title='bbox 2662 4867 2946 4936; x_wconf 90' lang='lat' dir='ltr'><strong>complecti</strong></span> <span class='ocrx_word' id='word_1_750' title='bbox 2974 4867 3225 4933; x_wconf 87' lang='lat' dir='ltr'><strong>nitimur,</strong></span> <span class='ocrx_word' id='word_1_751' title='bbox 3252 4880 3398 4922; x_wconf 58' lang='lat' dir='ltr'><strong>ret-ta</strong></span> 
     </span>
    </p>
   </div>
   <div class='ocr_carea' id='block_1_104' title="bbox 1837 4937 3443 5037">
    <p class='ocr_par' dir='ltr' id='par_1_104' title="bbox 1837 4937 3443 5037">
     <span class='ocr_line' id='line_1_104' title="bbox 1837 4937 3443 5037; baseline -0.004 -16"><span class='ocrx_word' id='word_1_752' title='bbox 1837 4937 1916 5020; x_wconf 70' lang='lat' dir='ltr'><strong>ad</strong></span> <span class='ocrx_word' id='word_1_753' title='bbox 1939 4965 2276 5037; x_wconf 80' lang='lat' dir='ltr'><strong>propositum</strong></span> <span class='ocrx_word' id='word_1_754' title='bbox 2306 4937 2727 5034; x_wconf 86' lang='lat' dir='ltr'><strong>aggrediendum</strong></span> <span class='ocrx_word' id='word_1_755' title='bbox 2767 4968 2872 5015; x_wconf 87' lang='lat' dir='ltr'><strong>est.</strong></span> <span class='ocrx_word' id='word_1_756' title='bbox 2904 4959 3198 5029; x_wconf 83' lang='lat' dir='ltr'><strong>Postquam</strong></span> <span class='ocrx_word' id='word_1_757' title='bbox 3234 4961 3400 5030; x_wconf 74' lang='lat' dir='ltr'><strong>igitur</strong></span> <span class='ocrx_word' id='word_1_758' title='bbox 3432 4937 3443 5016; x_wconf 63' lang='grc' dir='ltr'><strong>ί</strong></span> 
     </span>
    </p>
   </div>
   <div class='ocr_carea' id='block_1_105' title="bbox 1396 5219 2126 5285">
    <p class='ocr_par' dir='ltr' id='par_1_105' title="bbox 1396 5219 2126 5285">
     <span class='ocr_line' id='line_1_105' title="bbox 1396 5219 2126 5285; baseline 0.01 -7"><span class='ocrx_word' id='word_1_759' title='bbox 1396 5219 1610 5280; x_wconf 84' lang='lat' dir='ltr'><strong>Jacobi</strong></span> <span class='ocrx_word' id='word_1_760' title='bbox 1644 5223 2126 5285; x_wconf 70' lang='lat' dir='ltr'><strong>Pontaninotte.</strong></span> 
     </span>
    </p>
   </div>
   <div class='ocr_carea' id='block_1_106' title="bbox 236 5354 1724 5430">
    <p class='ocr_par' dir='ltr' id='par_1_106' title="bbox 236 5354 1724 5430">
     <span class='ocr_line' id='line_1_106' title="bbox 236 5354 1724 5430; baseline -0.001 0"><span class='ocrx_word' id='word_1_761' title='bbox 236 5360 348 5430; x_wconf 82' lang='grc' dir='ltr'><strong>(ιι)</strong></span> <span class='ocrx_word' id='word_1_762' title='bbox 388 5355 538 5430; x_wconf 60' lang='lat' dir='ltr'><strong>Talia</strong></span> <span class='ocrx_word' id='word_1_763' title='bbox 576 5363 703 5430; x_wconf 60' lang='lat'><strong>5.“!</strong></span> <span class='ocrx_word' id='word_1_764' title='bbox 748 5355 889 5430; x_wconf 68' lang='grc' dir='ltr'><strong>ξουυά</strong></span> <span class='ocrx_word' id='word_1_765' title='bbox 930 5354 1149 5430; x_wconf 56' lang='lat' dir='ltr'><strong>Graecos</strong></span> <span class='ocrx_word' id='word_1_766' title='bbox 1179 5357 1306 5410; x_wconf 67' lang='lat' dir='ltr'><strong>item</strong></span> <span class='ocrx_word' id='word_1_767' title='bbox 1337 5357 1519 5426; x_wconf 79' lang='grc' dir='ltr'><strong>νύμφη</strong></span> <span class='ocrx_word' id='word_1_768' title='bbox 1551 5361 1724 5429; x_wconf 75' lang='grc' dir='ltr'><strong>ἀνυμ-</strong></span> 
     </span>
    </p>
   </div>
   <div class='ocr_carea' id='block_1_107' title="bbox 151 5424 1724 5504">
    <p class='ocr_par' dir='ltr' id='par_1_107' title="bbox 151 5424 1724 5504">
     <span class='ocr_line' id='line_1_107' title="bbox 151 5424 1724 5504; baseline 0.005 -33"><span class='ocrx_word' id='word_1_769' title='bbox 151 5424 281 5504; x_wconf 59' lang='grc' dir='ltr'><strong>φοέ,</strong></span> <span class='ocrx_word' id='word_1_770' title='bbox 302 5424 570 5494; x_wconf 78' lang='grc' dir='ltr'><strong>παρθένος</strong></span> <span class='ocrx_word' id='word_1_771' title='bbox 593 5425 913 5504; x_wconf 45' lang='grc' dir='ltr'><strong>απάρΟενος,</strong></span> <span class='ocrx_word' id='word_1_772' title='bbox 931 5424 1078 5493; x_wconf 78' lang='grc' dir='ltr'><strong>δῶρα</strong></span> <span class='ocrx_word' id='word_1_773' title='bbox 1095 5426 1292 5494; x_wconf 77' lang='grc' dir='ltr'><strong>ἄδωρα,</strong></span> <span class='ocrx_word' id='word_1_774' title='bbox 1316 5424 1480 5503; x_wconf 76' lang='grc' dir='ltr'><strong>γάμοι</strong></span> <span class='ocrx_word' id='word_1_775' title='bbox 1500 5424 1724 5504; x_wconf 66' lang='grc' dir='ltr'><strong>ἄγαμοι,</strong></span> 
     </span>
    </p>
   </div>
   <div class='ocr_carea' id='block_1_108' title="bbox 152 5495 1728 5572">
    <p class='ocr_par' dir='ltr' id='par_1_108' title="bbox 152 5495 1728 5572">
     <span class='ocr_line' id='line_1_108' title="bbox 152 5495 1728 5572; baseline -0.001 -20"><span class='ocrx_word' id='word_1_776' title='bbox 152 5495 634 5572; x_wconf 36' lang='grc' dir='ltr'><strong>μήτηρ-ἀμήτωρ,</strong></span> <span class='ocrx_word' id='word_1_777' title='bbox 676 5495 1094 5572; x_wconf 41' lang='grc' dir='ltr'><strong>χαριΞἏάχμρις,</strong></span> <span class='ocrx_word' id='word_1_778' title='bbox 1119 5504 1172 5549; x_wconf 91' lang='lat' dir='ltr'><strong>et</strong></span> <span class='ocrx_word' id='word_1_779' title='bbox 1204 5511 1324 5572; x_wconf 76' lang='lat' dir='ltr'><strong>quae</strong></span> <span class='ocrx_word' id='word_1_780' title='bbox 1354 5502 1508 5572; x_wconf 81' lang='lat' dir='ltr'><strong>n0ta_t</strong></span> <span class='ocrx_word' id='word_1_781' title='bbox 1543 5495 1728 5552; x_wconf 77' lang='lat' dir='ltr'><strong>Victo-</strong></span> 
     </span>
    </p>
   </div>
   <div class='ocr_carea' id='block_1_109' title="bbox 150 5563 1722 5636">
    <p class='ocr_par' dir='ltr' id='par_1_109' title="bbox 150 5563 1722 5636">
     <span class='ocr_line' id='line_1_109' title="bbox 150 5563 1722 5636; baseline -0.012 -10"><span class='ocrx_word' id='word_1_782' title='bbox 150 5563 273 5627; x_wconf 59' lang='lat' dir='ltr'><strong>&#39;rius</strong></span> <span class='ocrx_word' id='word_1_783' title='bbox 297 5563 407 5620; x_wconf 72' lang='lat' dir='ltr'><strong>lib.</strong></span> <span class='ocrx_word' id='word_1_784' title='bbox 436 5581 488 5628; x_wconf 85' lang='lat' dir='ltr'><strong>x,</strong></span> <span class='ocrx_word' id='word_1_785' title='bbox 524 5579 646 5636; x_wconf 65' lang='lat' dir='ltr'><strong>cap.</strong></span> <span class='ocrx_word' id='word_1_786' title='bbox 679 5563 764 5636; x_wconf 72' lang='lat'><strong>12.</strong></span> <span class='ocrx_word' id='word_1_787' title='bbox 799 5563 1202 5636; x_wconf 51' lang='grc' dir='ltr'><strong>’ῘΕργἚνεργομ</strong></span> <span class='ocrx_word' id='word_1_788' title='bbox 1227 5565 1429 5632; x_wconf 76' lang='grc' dir='ltr'><strong>πότμος</strong></span> <span class='ocrx_word' id='word_1_789' title='bbox 1461 5569 1722 5636; x_wconf 72' lang='grc' dir='ltr'><strong>ἄποτμος,</strong></span> 
     </span>
    </p>
   </div>
   <div class='ocr_carea' id='block_1_110' title="bbox 151 5632 1728 5704">
    <p class='ocr_par' dir='ltr' id='par_1_110' title="bbox 151 5632 1728 5704">
     <span class='ocr_line' id='line_1_110' title="bbox 151 5632 1728 5704; baseline -0.003 -9"><span class='ocrx_word' id='word_1_790' title='bbox 151 5645 222 5695; x_wconf 80' lang='lat' dir='ltr'><strong>Et</strong></span> <span class='ocrx_word' id='word_1_791' title='bbox 283 5637 592 5704; x_wconf 68' lang='lat' dir='ltr'><strong>Grmcoruni</strong></span> <span class='ocrx_word' id='word_1_792' title='bbox 635 5633 935 5684; x_wconf 71' lang='lat' dir='ltr'><strong>inuitatione</strong></span> <span class='ocrx_word' id='word_1_793' title='bbox 983 5635 1123 5704; x_wconf 78' lang='lat' dir='ltr'><strong>apud</strong></span> <span class='ocrx_word' id='word_1_794' title='bbox 1168 5632 1409 5704; x_wconf 82' lang='lat' dir='ltr'><strong>Latinos,</strong></span> <span class='ocrx_word' id='word_1_795' title='bbox 1459 5632 1728 5704; x_wconf 74' lang='lat' dir='ltr'><strong>insepulta</strong></span> 
     </span>
    </p>
   </div>
   <div class='ocr_carea' id='block_1_111' title="bbox 149 5702 1728 5774">
    <p class='ocr_par' dir='ltr' id='par_1_111' title="bbox 149 5702 1728 5774">
     <span class='ocr_line' id='line_1_111' title="bbox 149 5702 1728 5774; baseline 0.002 -16"><span class='ocrx_word' id='word_1_796' title='bbox 149 5711 479 5774; x_wconf 80' lang='lat' dir='ltr'><strong>sepultura,</strong></span> <span class='ocrx_word' id='word_1_797' title='bbox 539 5703 780 5774; x_wconf 69' lang='lat' dir='ltr'><strong>innupta:</strong></span> <span class='ocrx_word' id='word_1_798' title='bbox 844 5702 1092 5774; x_wconf 69' lang='lat' dir='ltr'><strong>nuptim,</strong></span> <span class='ocrx_word' id='word_1_799' title='bbox 1145 5717 1232 5774; x_wconf 81' lang='lat' dir='ltr'><strong>ars</strong></span> <span class='ocrx_word' id='word_1_800' title='bbox 1286 5703 1468 5764; x_wconf 90' lang='lat' dir='ltr'><strong>iners,</strong></span> <span class='ocrx_word' id='word_1_801' title='bbox 1538 5702 1728 5761; x_wconf 79' lang='lat' dir='ltr'><strong>funera</strong></span> 
     </span>
    </p>
   </div>
   <div class='ocr_carea' id='block_1_112' title="bbox 150 5770 1726 5843">
    <p class='ocr_par' dir='ltr' id='par_1_112' title="bbox 150 5770 1726 5843">
     <span class='ocr_line' id='line_1_112' title="bbox 150 5770 1726 5843; baseline 0.003 -17"><span class='ocrx_word' id='word_1_802' title='bbox 150 5770 254 5830; x_wconf 52' lang='grc' dir='ltr'><strong>ιιι-ξ</strong></span> <span class='ocrx_word' id='word_1_803' title='bbox 293 5779 504 5839; x_wconf 81' lang='lat' dir='ltr'><strong>funera,</strong></span> <span class='ocrx_word' id='word_1_804' title='bbox 551 5771 828 5825; x_wconf 81' lang='lat' dir='ltr'><strong>insaniens</strong></span> <span class='ocrx_word' id='word_1_805' title='bbox 862 5770 1149 5839; x_wconf 79' lang='lat' dir='ltr'><strong>sapientia,</strong></span> <span class='ocrx_word' id='word_1_806' title='bbox 1184 5773 1471 5843; x_wconf 78' lang='lat' dir='ltr'><strong>disciplina</strong></span> <span class='ocrx_word' id='word_1_807' title='bbox 1516 5775 1726 5830; x_wconf 86' lang='lat' dir='ltr'><strong>indoci-</strong></span> 
     </span>
    </p>
   </div>
   <div class='ocr_carea' id='block_1_113' title="bbox 151 5849 1532 5911">
    <p class='ocr_par' dir='ltr' id='par_1_113' title="bbox 151 5849 1532 5911">
     <span class='ocr_line' id='line_1_113' title="bbox 151 5849 1532 5911; baseline 0.007 -14"><span class='ocrx_word' id='word_1_808' title='bbox 151 5849 250 5911; x_wconf 65' lang='lat' dir='ltr'><strong>lis,</strong></span> <span class='ocrx_word' id='word_1_809' title='bbox 284 5855 398 5900; x_wconf 65' lang='lat' dir='ltr'><strong>ctc.‘</strong></span> <span class='ocrx_word' id='word_1_810' title='bbox 1529 5884 1532 5888; x_wconf 58' lang='grc' dir='ltr'><strong>ι</strong></span> 
     </span>
    </p>
   </div>
   <div class='ocr_carea' id='block_1_114' title="bbox 404 5975 519 5996">
    <p class='ocr_par' dir='ltr' id='par_1_114' title="bbox 404 5975 519 5996">
     <span class='ocr_line' id='line_1_114' title="bbox 404 5975 519 5996; baseline 0.009 0"><span class='ocrx_word' id='word_1_811' title='bbox 404 5975 519 5996; x_wconf 64' lang='lat' dir='ltr'><strong>~tr&quot;_‘</strong></span> 
     </span>
    </p>
   </div>
   <div class='ocr_carea' id='block_1_115' title="bbox 1905 5363 3402 5436">
    <p class='ocr_par' dir='ltr' id='par_1_115' title="bbox 1905 5363 3402 5436">
     <span class='ocr_line' id='line_1_115' title="bbox 1905 5363 3402 5436; baseline 0.001 -18"><span class='ocrx_word' id='word_1_812' title='bbox 1905 5367 2017 5436; x_wconf 79' lang='lat' dir='ltr'><strong>(l2)</strong></span> <span class='ocrx_word' id='word_1_813' title='bbox 2047 5367 2233 5436; x_wconf 64' lang='lat' dir='ltr'><strong>Graece</strong></span> <span class='ocrx_word' id='word_1_814' title='bbox 2257 5365 2355 5428; x_wconf 90' lang='lat' dir='ltr'><strong>sic,</strong></span> <span class='ocrx_word' id='word_1_815' title='bbox 2388 5363 2781 5436; x_wconf 72' lang='lat' dir='ltr'><strong>cumquadam</strong></span> <span class='ocrx_word' id='word_1_816' title='bbox 2806 5364 3048 5436; x_wconf 79' lang='lat' dir='ltr'><strong>jucunda</strong></span> <span class='ocrx_word' id='word_1_817' title='bbox 3077 5380 3402 5436; x_wconf 80' lang='lat' dir='ltr'><strong>paronoa—</strong></span> 
     </span>
    </p>
   </div>
   <div class='ocr_carea' id='block_1_116' title="bbox 1835 5432 3402 5504">
    <p class='ocr_par' dir='ltr' id='par_1_116' title="bbox 1835 5432 3402 5504">
     <span class='ocr_line' id='line_1_116' title="bbox 1835 5432 3402 5504; baseline -0.001 -16"><span class='ocrx_word' id='word_1_818' title='bbox 1835 5432 1934 5499; x_wconf 70' lang='lat' dir='ltr'><strong>sia,</strong></span> <span class='ocrx_word' id='word_1_819' title='bbox 1977 5432 2074 5502; x_wconf 85' lang='grc' dir='ltr'><strong>τὴν</strong></span> <span class='ocrx_word' id='word_1_820' title='bbox 2116 5435 2284 5504; x_wconf 79' lang='grc' dir='ltr'><strong>αύτῆς</strong></span> <span class='ocrx_word' id='word_1_821' title='bbox 2321 5433 2741 5504; x_wconf 63' lang='grc' dir='ltr'><strong>διαστρέψαντες</strong></span> <span class='ocrx_word' id='word_1_822' title='bbox 2787 5432 3048 5501; x_wconf 80' lang='grc' dir='ltr'><strong>γνώμηνο</strong></span> <span class='ocrx_word' id='word_1_823' title='bbox 3079 5432 3154 5504; x_wconf 10' lang='grc' dir='ltr'><strong>οὐκ</strong></span> <span class='ocrx_word' id='word_1_824' title='bbox 3184 5437 3292 5504; x_wconf 75' lang='grc' dir='ltr'><strong>γὰρ</strong></span> <span class='ocrx_word' id='word_1_825' title='bbox 3336 5437 3402 5488; x_wconf 85' lang='grc' dir='ltr'><strong>ἂν</strong></span> 
     </span>
    </p>
   </div>
   <div class='ocr_carea' id='block_1_117' title="bbox 1835 5501 3402 5572">
    <p class='ocr_par' dir='ltr' id='par_1_117' title="bbox 1835 5501 3402 5572">
     <span class='ocr_line' id='line_1_117' title="bbox 1835 5501 3402 5572; baseline 0.002 -18"><span class='ocrx_word' id='word_1_826' title='bbox 1835 5501 2047 5572; x_wconf 64' lang='grc' dir='ltr'><strong>εἴποιμι</strong></span> <span class='ocrx_word' id='word_1_827' title='bbox 2083 5503 2302 5572; x_wconf 50' lang='lat' dir='ltr'><strong>fvrias-tv.</strong></span> <span class='ocrx_word' id='word_1_828' title='bbox 2334 5501 2445 5556; x_wconf 87' lang='lat' dir='ltr'><strong>Hoc</strong></span> <span class='ocrx_word' id='word_1_829' title='bbox 2481 5501 2598 5554; x_wconf 86' lang='lat' dir='ltr'><strong>vult</strong></span> <span class='ocrx_word' id='word_1_830' title='bbox 2628 5517 2643 5553; x_wconf 91' lang='lat'><strong>:</strong></span> <span class='ocrx_word' id='word_1_831' title='bbox 2670 5501 2791 5554; x_wconf 87' lang='lat' dir='ltr'><strong>Non</strong></span> <span class='ocrx_word' id='word_1_832' title='bbox 2832 5510 3124 5567; x_wconf 87' lang='lat' dir='ltr'><strong>potuerunt</strong></span> <span class='ocrx_word' id='word_1_833' title='bbox 3146 5503 3217 5555; x_wconf 94' lang='lat' dir='ltr'><strong>illi</strong></span> <span class='ocrx_word' id='word_1_834' title='bbox 3244 5501 3402 5572; x_wconf 85' lang='lat' dir='ltr'><strong>syco-</strong></span> 
     </span>
    </p>
   </div>
   <div class='ocr_carea' id='block_1_118' title="bbox 1837 5571 3401 5640">
    <p class='ocr_par' dir='ltr' id='par_1_118' title="bbox 1837 5571 3401 5640">
     <span class='ocr_line' id='line_1_118' title="bbox 1837 5571 3401 5640; baseline 0.001 -15"><span class='ocrx_word' id='word_1_835' title='bbox 1837 5571 2051 5640; x_wconf 72' lang='lat' dir='ltr'><strong>phantae</strong></span> <span class='ocrx_word' id='word_1_836' title='bbox 2089 5571 2319 5636; x_wconf 80' lang='lat' dir='ltr'><strong>elﬁcere,</strong></span> <span class='ocrx_word' id='word_1_837' title='bbox 2370 5581 2430 5625; x_wconf 90' lang='lat' dir='ltr'><strong>ut</strong></span> <span class='ocrx_word' id='word_1_838' title='bbox 2475 5572 2789 5638; x_wconf 73' lang='lat' dir='ltr'><strong>imperatrix</strong></span> <span class='ocrx_word' id='word_1_839' title='bbox 2821 5572 3098 5624; x_wconf 86' lang='lat' dir='ltr'><strong>desineret</strong></span> <span class='ocrx_word' id='word_1_840' title='bbox 3127 5571 3286 5626; x_wconf 84' lang='lat' dir='ltr'><strong>nosse</strong></span> <span class='ocrx_word' id='word_1_841' title='bbox 3315 5590 3401 5626; x_wconf 86' lang='lat' dir='ltr'><strong>me</strong></span> 
     </span>
    </p>
   </div>
   <div class='ocr_carea' id='block_1_119' title="bbox 1834 5640 3398 5718">
    <p class='ocr_par' dir='ltr' id='par_1_119' title="bbox 1834 5640 3398 5718">
     <span class='ocr_line' id='line_1_119' title="bbox 1834 5640 3398 5718; baseline 0.001 -24"><span class='ocrx_word' id='word_1_842' title='bbox 1834 5644 1924 5710; x_wconf 82' lang='lat' dir='ltr'><strong>qui</strong></span> <span class='ocrx_word' id='word_1_843' title='bbox 1961 5656 2168 5718; x_wconf 89' lang='lat' dir='ltr'><strong>ess_em_,</strong></span> <span class='ocrx_word' id='word_1_844' title='bbox 2208 5641 2258 5694; x_wconf 93' lang='lat' dir='ltr'><strong>id</strong></span> <span class='ocrx_word' id='word_1_845' title='bbox 2302 5650 2404 5704; x_wconf 87' lang='lat' dir='ltr'><strong>est,</strong></span> <span class='ocrx_word' id='word_1_846' title='bbox 2441 5654 2602 5718; x_wconf 89' lang='lat' dir='ltr'><strong>quam</strong></span> <span class='ocrx_word' id='word_1_847' title='bbox 2631 5640 2858 5718; x_wconf 76' lang='lat' dir='ltr'><strong>integer,</strong></span> <span class='ocrx_word' id='word_1_848' title='bbox 2881 5655 3042 5718; x_wconf 79' lang='lat' dir='ltr'><strong>quam</strong></span> <span class='ocrx_word' id='word_1_849' title='bbox 3079 5640 3237 5718; x_wconf 77' lang='lat' dir='ltr'><strong>ﬁdus,</strong></span> <span class='ocrx_word' id='word_1_850' title='bbox 3265 5652 3398 5718; x_wconf 62' lang='grc' dir='ltr'><strong>(δια,</strong></span> 
     </span>
    </p>
   </div>
   <div class='ocr_carea' id='block_1_120' title="bbox 1836 5709 3396 5779">
    <p class='ocr_par' dir='ltr' id='par_1_120' title="bbox 1836 5709 3396 5779">
     <span class='ocr_line' id='line_1_120' title="bbox 1836 5709 3396 5779; baseline 0.001 -16"><span class='ocrx_word' id='word_1_851' title='bbox 1836 5709 1936 5764; x_wconf 86' lang='lat' dir='ltr'><strong>nec</strong></span> <span class='ocrx_word' id='word_1_852' title='bbox 1963 5711 2109 5763; x_wconf 92' lang='lat' dir='ltr'><strong>enim</strong></span> <span class='ocrx_word' id='word_1_853' title='bbox 2148 5711 2250 5764; x_wconf 91' lang='lat' dir='ltr'><strong>hoc</strong></span> <span class='ocrx_word' id='word_1_854' title='bbox 2282 5719 2514 5779; x_wconf 82' lang='lat' dir='ltr'><strong>poterat,</strong></span> <span class='ocrx_word' id='word_1_855' title='bbox 2545 5717 2623 5761; x_wconf 92' lang='lat' dir='ltr'><strong>tot</strong></span> <span class='ocrx_word' id='word_1_856' title='bbox 2654 5709 3041 5776; x_wconf 79' lang='lat' dir='ltr'><strong>experimentis</strong></span> <span class='ocrx_word' id='word_1_857' title='bbox 3064 5709 3278 5771; x_wconf 83' lang='lat' dir='ltr'><strong>edocta,</strong></span> <span class='ocrx_word' id='word_1_858' title='bbox 3301 5713 3396 5766; x_wconf 85' lang='lat' dir='ltr'><strong>sed</strong></span> 
     </span>
    </p>
   </div>
   <div class='ocr_carea' id='block_1_121' title="bbox 1838 5780 3404 5848">
    <p class='ocr_par' dir='ltr' id='par_1_121' title="bbox 1838 5780 3404 5848">
     <span class='ocr_line' id='line_1_121' title="bbox 1838 5780 3404 5848; baseline 0.002 -16"><span class='ocrx_word' id='word_1_859' title='bbox 1838 5791 1895 5833; x_wconf 86' lang='lat' dir='ltr'><strong>ut</strong></span> <span class='ocrx_word' id='word_1_860' title='bbox 1944 5796 2049 5831; x_wconf 89' lang='lat' dir='ltr'><strong>non</strong></span> <span class='ocrx_word' id='word_1_861' title='bbox 2097 5780 2326 5848; x_wconf 82' lang='lat' dir='ltr'><strong>amplius</strong></span> <span class='ocrx_word' id='word_1_862' title='bbox 2370 5781 2504 5832; x_wconf 83' lang='lat' dir='ltr'><strong>bene</strong></span> <span class='ocrx_word' id='word_1_863' title='bbox 2534 5787 2756 5848; x_wconf 87' lang='lat' dir='ltr'><strong>cuperet</strong></span> <span class='ocrx_word' id='word_1_864' title='bbox 2795 5780 2964 5840; x_wconf 77' lang='lat' dir='ltr'><strong>mihi,</strong></span> <span class='ocrx_word' id='word_1_865' title='bbox 3018 5787 3077 5831; x_wconf 82' lang='grc' dir='ltr'><strong>ιιι</strong></span> <span class='ocrx_word' id='word_1_866' title='bbox 3123 5795 3208 5832; x_wconf 87' lang='lat' dir='ltr'><strong>me</strong></span> <span class='ocrx_word' id='word_1_867' title='bbox 3238 5783 3404 5839; x_wconf 83' lang='lat' dir='ltr'><strong>vellet</strong></span> 
     </span>
    </p>
   </div>
   <div class='ocr_carea' id='block_1_122' title="bbox 1835 5847 3302 5918">
    <p class='ocr_par' dir='ltr' id='par_1_122' title="bbox 1835 5847 3302 5918">
     <span class='ocr_line' id='line_1_122' title="bbox 1835 5847 3302 5918; baseline 0.002 -16"><span class='ocrx_word' id='word_1_868' title='bbox 1835 5851 2112 5913; x_wconf 79' lang='lat' dir='ltr'><strong>persequi,</strong></span> <span class='ocrx_word' id='word_1_869' title='bbox 2147 5847 2253 5914; x_wconf 88' lang='lat' dir='ltr'><strong>qua</strong></span> <span class='ocrx_word' id='word_1_870' title='bbox 2275 5853 2417 5917; x_wconf 80' lang='lat' dir='ltr'><strong>jure,</strong></span> <span class='ocrx_word' id='word_1_871' title='bbox 2457 5864 2560 5917; x_wconf 85' lang='lat' dir='ltr'><strong>qua</strong></span> <span class='ocrx_word' id='word_1_872' title='bbox 2587 5847 2810 5918; x_wconf 83' lang='lat' dir='ltr'><strong>injuria,</strong></span> <span class='ocrx_word' id='word_1_873' title='bbox 2852 5850 2951 5904; x_wconf 88' lang='lat' dir='ltr'><strong>hoc</strong></span> <span class='ocrx_word' id='word_1_874' title='bbox 2984 5848 3302 5906; x_wconf 75' lang='lat' dir='ltr'><strong>effecerunt.</strong></span> 
     </span>
    </p>
   </div>
  </div>
