4062 6290
266 382 406 454 1013

1404 392 1713 454 HISTOBI
1728 387 1950 450 ARUM
1988 386 2224 451 LIBER
2265 390 2379 451 ΙΙΙ.

3387 385 3525 450 1024

263 504 480 559 ἐκείνου
512 502 654 558 πάνυ
686 503 981 574 δεομένων.
1019 505 1284 570 Βασιλεὺς
1335 507 1396 561 δὲ
1434 507 1530 561 καὶ
1571 510 1878 579 πρότερον,

1982 513 2002 559 ι
2036 512 2168 560 tunc
2205 519 2235 561 a
2272 504 2640 563 Tarchaniota
2695 504 3067 560 inﬂammatus
3128 502 3301 570 multo
3332 504 3529 571 magis.

267 596 370 665 μὲν
391 597 450 648 ἐν
479 594 691 666 μεγάλῃ
713 594 922 650 ἐτίθετο
946 597 1187 667 φροντίδι
1211 597 1271 651 τὸ
1300 596 1437 668 πρὸς
1457 597 1846 668 Διδυμότειχον

266 685 551 756 ἀπαίρειν,
588 690 684 739 καὶ
712 687 835 740 τότε
865 688 922 741 δὲ
949 688 1054 741 ὑπὸ
1087 687 1182 742 τοῦ
1222 688 1642 759 Ταρχανειὼτου
1672 705 1852 758 παρα-

265 777 516 843 κληθεὶς,
555 776 763 845 μᾶλλον
787 778 888 850 τὴν
918 781 1180 835 ἐπάνοδον
1209 768 1541 845 ἐπέσπευδε,
1574 784 1669 835 καὶ
1700 780 1853 851 Κρά-

261 868 369 939 λην
408 870 502 922 ἐπὶ
539 869 607 922 τὰ
649 870 743 925 ἴσα
775 873 1118 942 παρεκάλει·
1147 875 1245 926 καὶ
1297 872 1718 943 παρεσκεύαστο
1747 873 1851 945 ἤδη

267 964 306 1030 ἡ
345 963 574 1031 στρατιὰ
611 963 643 1032 ἡ
681 963 951 1031 μέλλουσα
980 963 1334 1035 συναίρεσθαι
1363 966 1442 1035 τῷ
1475 963 1686 1035 βασιλεῖ
1715 964 1851 1035 πρὸς

270 1053 372 1121 τὴν
400 1053 683 1109 ἐπάνοδον.
716 1056 827 1108 Καὶ
850 1054 1273 1126 Ταρχανειὼτης
1297 1055 1397 1127 μὲν
1423 1055 1646 1124 βασιλέα
1676 1073 1736 1108 τε
1760 1054 1855 1108 καὶ
1907 1054 1915 1062 ’

269 1145 402 1208 τοὺς
435 1147 562 1217 περὶ
595 1147 758 1201 αὑτὸν
798 1148 997 1216 πολλῆς
1031 1148 1318 1219 ἐμπλήσας
1370 1148 1561 1219 ἡδονῆς
1595 1152 1691 1202 καὶ
1720 1164 1857 1217 προ-

272 1235 496 1304 θυμίας,
534 1237 656 1291 οὐδὲ
690 1240 799 1309 γὰρ
847 1237 907 1304 ἑξ
940 1240 1062 1292 ὅτου
1112 1240 1369 1310 βασιλεὺς
1423 1243 1503 1304 εἷς
1551 1239 1856 1309 Τριϐαλοὶις

272 1322 435 1398 ἧκεν,
487 1329 789 1401 ἀξιόχρεως
837 1349 922 1395 τις
971 1332 1187 1385 οἴκοθεν
1235 1334 1432 1401 ἀφῖκτο
1480 1331 1620 1403 πρὸς
1668 1330 1853 1399 αὑτὸν,

272 1419 384 1472 δέει
413 1420 522 1473 τὼν
554 1422 899 1491 κατεχόντων
925 1422 1025 1485 τὰς
1050 1423 1221 1489 ὁδοὺς,
1252 1422 1411 1487 αὖθις
1440 1424 1684 1494 ἐπανῆκε
1718 1422 1858 1493 πρὸς

277 1514 691 1584 Διδυμότειχον,
722 1514 995 1568 διαλαθὼν
1027 1517 1156 1579 τοὺς
1189 1515 1506 1593 πολεμίους,
1543 1516 1635 1569 καὶ
1678 1516 1860 1585 ἀπήγ-

277 1605 441 1672 γελλε
492 1606 828 1676 σαςέστερον
870 1606 943 1660 τὰ
1004 1609 1155 1679 περὶ.
1187 1607 1486 1679 βασιλέων
1531 1609 1626 1662 καὶ
1658 1608 1736 1671 ὡς
1773 1607 1858 1679 εἴη

277 1698 812 1766 παρεσκευασμένος
881 1700 1180 1768 ἐπανήκειν
1248 1699 1367 1770 ἅμα
1420 1701 1648 1772 στρατιᾷ
1694 1699 1859 1768 ὀλίγῳ

278 1786 533 1858 ὕστερον.
569 1790 918 1860 Ἀπόκαυχος
953 1790 1009 1844 δὲ
1041 1791 1069 1843 6
1113 1791 1287 1861 μέγας
1318 1791 1444 1856 δοὺξ
1472 1792 1609 1861 πρὸς
1639 1791 1860 1860 Κςάλην

277 1874 508 1946 πέμψας
536 1878 723 1948 ἐδήλου
755 1897 836 1946 τε,
868 1862 953 1934 ὅτι
1002 1880 1124 1950 ἥξει
1178 1881 1341 1935 ναυσὶ
1386 1884 1523 1951 πρ³ις
1546 1881 1646 1953 τὴν
1675 1882 1864 1936 Μακε-

276 1968 488 2035 δονίαν,
528 1971 623 2022 καὶ
665 1969 742 2034 ὡς
791 1971 1032 2041 βούλοιτο
1081 1976 1363 2044 συντυχεῖν
1392 1973 1542 2043 αὐτῷ
1585 1973 1865 2043 συνθήκας

281 2063 674 2132 ποιησόμενος,
704 2065 761 2117 αἳ
789 2063 1028 2134 μάλιστα
1054 2065 1269 2118 ἔσονται
1303 2065 1454 2136 αὐτῷ
1491 2065 1613 2119 καθ’
1645 2065 1863 2135 ἡδονήν.

281 2152 510 2223 Κράλης
541 2154 599 2208 δὲ
638 2156 770 2225 περὶ
809 2157 908 2225 τῆς
952 2158 1245 2228 συντυχίας
1276 2158 1545 2229 πρότερον
1580 2158 1887 2228 ἐρόμενος,-

282 2247 336 2298 εί
362 2247 674 2318 ἐπιτρέπει,
712 2249 960 2317 βασιλέα,
993 2250 1069 2314 ὡς
1099 2252 1199 2304 οὐκ
1230 2252 1488 2314 ἐκώλυεν.
1508 2250 1642 2306 ἀλλὰ
1668 2250 1869 2320 μᾶλλον

283 2338 546 2405 ἐνεδίδου,
584 2341 723 2410 πρὸς
753 2341 1083 2413 Ἀμφίπολιν
1118 2343 1426 2398 συντέθειτο
1457 2344 1708 2414 ἀλλήλοις
1741 2359 1869 2396 συν-

286 2432 496 2499 τυχεῖν,
528 2430 560 2483 6
594 2431 692 2501 μὲν
750 2436 945 2486 ναυσὶν
975 2436 1040 2488 ὲκ
1068 2434 1363 2506 θαλάττης.
1397 2437 1552 2506 ἵππῳ
1581 2436 1637 2489 δὲ
1650 2432 1690 2490 ’ὁ
1721 2435 1871 2506 Κρά-

285 2522 392 2592 λης
424 2522 484 2587 ἐξ
517 2525 774 2592 ἠπείρου.
804 2526 1014 2589 Σκοπὸς
1050 2526 1111 2581 δὲ
1145 2521 1216 2598 ἧν
1252 2530 1348 2598 τῆς
1376 2528 1667 2598 συντυχίας
1692 2528 1872 2596 ἀμφο-

283 2614 494 2684 τέροις,
524 2614 719 2688 Κράλῃ
752 2615 850 2685 μὲν
887 2618 935 2670 εί
963 2616 1186 2670 δύναιτο
1210 2617 1553 2688 Ἀπόκαυχον
1576 2618 1669 2670 τὸν
1695 2618 1872 2685 μέγαν

285 2704 461 2758 δοῦκα
491 2704 730 2774 ζωγρεῖν
754 2708 1087 2778 ἀμυνομένῳ
1132 2708 1227 2763 τοῦ
1267 2711 1402 2781 πρὸς
1443 2709 1668 2780 βασιλέα
1706 2706 1873 2764 ¹ἕνεκα

268 2796 554 2866 πολέμου·
593 2800 914 2871 Ἃποκάυχῳ
963 2802 1018 2854 δὲ
1068 2800 1222 2871 ὥστε,
1250 2801 1475 2872 Κράλην
1525 2802 1733 2856 πείθειν
1772 2803 1874 2855 πό·-

286 2889 460 2957 )εμόν
501 2907 558 2943 τε
610 2891 687 2960 μὴ
729 2891 864 2961 πρὸς
902 2893 1065 2946 αὐτὸν
1104 2896 1298 2962 κινεῖν,
1344 2894 1710 2963 Παλαιολόγον
1751 2894 1875 2948 Ἀν-

289 2980 539 3049 δρόνικον
570 2983 662 3035 τὸν
684 2983 936 3054 γαμϐρὸν
965 2984 1292 3056 βουλόμενον
1322 2987 1549 3057 βασιλέα
1587 2987 1876 3055 Ῥωμαίων

289 3073 641 3140 ἀποφαίνειν,
671 3076 764 3127 καὶ
798 3075 1024 3146 βασιλέα
1047 3078 1253 3147 εἴργειν
1284 3079 1754 3148 Καντακουζηνδν,
1780 3081 1875 3133 καὶ

1954 593 2286 666 Cralemque
2314 596 2383 652 de
2416 596 2668 652 subsidio
2705 596 3031 651 hortabatur
3068 612 3081 648 :
3111 596 3335 666 jamque
3359 597 3534 664 copia:

1953 682 2077 757 qua:
2111 702 2235 743 cum
2297 688 2391 742 illo
2450 687 2671 743 abirent
2715 687 3156 747 instruebantur.
3197 674 3266 741 Et
3295 684 3536 741 Tarcba-

1954 782 2106 837 niota
2164 783 2415 853 quidem,
2457 782 2795 853 imperatore
2847 780 3055 851 quique
3090 794 3214 834 cum
3255 794 3324 835 eo
3375 789 3537 833 erant
3610 820 3621 825 -

1956 873 2252 944 plurimum
2306 873 2625 931 exbilaratis
2658 880 2714 928 et
2762 871 3015 939 excitatis
3050 870 3184 943 (nec
3213 869 3360 926 enim
3386 869 3539 938 quis-

1955 983 2143 1036 quam,
2175 984 2243 1023 ex
2277 982 2388 1038 quo
2414 967 2482 1022 ad
2516 965 2788 1021 Triballos
2823 965 3058 1029 abierat,
3090 962 3324 1034 alicujus
3352 961 3534 1016 nomi-

1954 1061 2043 1116 nis
2073 1060 2238 1115 domo
2277 1059 2347 1114 ad
2373 1074 2523 1125 eum,
2562 1059 2756 1113 timore
2800 1058 2916 1112 vias
2943 1055 3340 1121 obsidentium,
3371 1069 3538 1109 vene-

1957 1155 2089 1223 rat),
2124 1152 2573 1224 Didymotichum
2606 1144 2889 1220 repetivit,
2920 1147 3321 1212 hosteslatens,
3345 1155 3536 1215 etquo

1956 1248 2079 1302 loco
2131 1263 2219 1302 res
2272 1245 2624 1317 imperatoris
2681 1243 2798 1297 sitae
2849 1249 3056 1307 essent,
3090 1240 3365 1311 pauloque
3412 1247 3537 1309 post

1956 1356 2082 1397 cum
2113 1339 2332 1394 auxiliis
2358 1337 2674 1392 adiuturum
2736 1345 2891 1390 certo
2940 1332 3235 1388 nuntiavit.
3278 1333 3537 1400 Apocnu-

1958 1434 2099 1490 chus
2122 1432 2307 1487 missis
2338 1431 2533 1500 legatis
2564 1428 2708 1484 Crali
2763 1424 3057 1498 signiﬁcat,
3093 1438 3153 1479 se
3201 1422 3257 1477 in
3286 1421 3536 1477 Macedo—

1961 1528 2107 1583 niam
2156 1527 2562 1596 navigaturum,
2612 1536 2925 1594 cupereque
2976 1518 3208 1576 foederis
3257 1516 3363 1571 sibi
3408 1514 3537 1584 qui-

1960 1617 2083 1671 dem
2120 1614 2451 1685 optatissimi
2494 1612 2733 1669 faciendi
2779 1626 2946 1667 causa
2995 1624 3123 1666 cum
3168 1623 3237 1664 eo
3272 1605 3534 1676 colloqui.

1961 1705 2148 1760 Crales
2178 1721 2244 1759 ex
2277 1702 2612 1773 imperatore
2642 1703 2800 1773 prius
2846 1703 3067 1772 qumrit,
3099 1714 3168 1754 an
3197 1713 3257 1753 se
3285 1712 3411 1754 cum
3444 1696 3538 1750 illo
3594 1724 3606 1736 ι

1890 1797 2221 1892 Bcongredi
2282 1798 2584 1867 perm'ttat.
2640 1795 2760 1862 Quo
2815 1809 2927 1849 non
2981 1790 3361 1852 dissuadente,
3424 1788 3538 1842 imo

1964 1901 2244 1944 annuente
2279 1889 2486 1958 potius,
2535 1885 2884 1957 Amphipolis
2937 1898 3210 1940 consensu
3257 1880 3537 1950 deligitur,

1965 1996 2074 2051 quo
2129 1980 2221 2035 ille
2275 1978 2509 2034 navibus
2556 1993 2587 2033 e
2628 1977 2762 2032 mari
2804 2016 2819 2042 ,
2850 1976 2941 2030 hic
2974 1974 3226 2045 equitatu
3260 1988 3327 2027 ex
3361 1970 3542 2026 conti-

1967 2085 2135 2131 nente
2166 2072 2370 2128 veniat.
2405 2071 2616 2142 Scopus
2651 2071 2705 2124 in
2732 2069 2863 2125 'hoc
2909 2081 3210 2138 congressu
3247 2073 3370 2120 erat
3406 2062 3546 2119 utri-

1967 2182 2096 2237 que,
2123 2164 2267 2221 Crali
2323 2178 2540 2233 nempe.
2564 2172 2627 2218 ut
2666 2159 3066 2234 Apocauchunr
3087 2157 3271 2212 vivum
3300 2164 3543 2227 caperet,

1968 2260 2013 2313 si
2048 2267 2255 2328 posset,
2286 2272 2526 2327 eumque
2562 2263 2784 2325 propter
2826 2253 3033 2309 bellum
3064 2253 3333 2308 adversus
3361 2250 3544 2322 impe-

1972 2360 2213 2405 ratorem
2247 2348 2610 2404 ulcisceretur
2646 2363 2662 2401 :
2698 2345 3054 2415 Apocaucho,
3113 2351 3175 2400 ut
3226 2342 3372 2399 Crali
3420 2358 3548 2413 per-
3577 2390 3587 2399 .

1972 2441 2253 2507 suaderet,
2290 2454 2359 2522 ne
2402 2454 2485 2504 se,
2520 2438 2795 2493 volentem
2846 2435 3224 2492 Andronicum
3282 2433 3549 2489 Palaeolo-

1971 2548 2099 2607 gum
2140 2548 2401 2604 generum
2448 2547 2610 2588 suum
2670 2531 3064 2601 imperatorem
3098 2527 3405 2592 declarare,
3454 2540 3548 2580 ar-

1973 2624 2078 2679 mis
2127 2623 2441 2694 impediret,
2506 2629 2563 2676 et
2602 2619 3049 2676 Cantacuzenum
3096 2619 3401 2676 coerceret,
3445 2626 3550 2666 nec

1975 2717 2030 2772 in
2065 2716 2439 2770 Romanorum
2481 2709 2820 2782 provinciam
2865 2707 3067 2764 reverti
3107 2706 3335 2769 sineret,
3380 2702 3553 2772 impe-

1975 2811 2222 2866 dimento
2265 2805 2523 2861 videlicet
2562 2803 2810 2859 futurum
2855 2813 3058 2871 genero
3100 2798 3169 2853 ad
3217 2793 3551 2867 imperium;

1976 2905 2113 2957 alios
2142 2901 2288 2955 enim
2315 2894 2766 2970 parvipendebat.
2798 2892 2913 2948 Hoc
2943 2900 3131 2946 utrum
3180 2902 3408 2959 magnus
3438 2885 3554 2941 dux

1977 3010 2167 3050 revera
2219 2990 2548 3049 desiderarit
2576 3029 2592 3055 ,
2623 3000 2823 3051 necne,
2861 2983 3058 3041 Cbrele
3088 2982 3146 3036 in
3192 2979 3298 3039 hoc
3324 2977 3555 3048 subser-

1977 3089 2185 3155 viente,
2240 3092 2694 3151 secretorumque
2737 3076 2959 3134 conscio
2997 3074 3152 3145 prius
3199 3080 3438 3135 mortuo,
3472 3069 3557 3123 in-

295 3166 375 3236 μὴ
417 3166 513 3237 ὲᾷν
542 3168 619 3230 είς
652 3169 753 3237 τὴν
797 3168 1086 3239 Ῥωμαίων
1110 3170 1452 3240 ἐπανήκειν,
1498 3170 1729 3241 κώλυμα
1754 3173 1875 3226 ἐσό-

1978 3170 2324 3251 compertum
2360 3172 2585 3231 mansit.
2614 3160 2775 3227 Patri
2795 3167 3001 3239 quippe
3033 3161 3336 3220 Andronici
3366 3160 3556 3230 generi

296 3273 463 3324 μενον
512 3257 753 3327 γαμϐρῷ
808 3258 944 3328 πρὸς
992 3258 1092 3329 τὴν
1142 3260 1339 3329 ἀρχήν.
1391 3259 1513 3313 Τῶν
1555 3261 1731 3315 ἄλλων
1766 3260 1878 3331 γὰρ

291 3348 485 3401 οὐδένα
513 3350 750 3403 ἐποιεῖτο
783 3350 961 3417 λόγον.
1000 3352 1173 3405 Τοῦτο
1201 3353 1301 3423 μὲν
1325 3352 1440 3425 οὖν,
1499 3354 1611 3407 εἴτε
1662 3348 1878 3422 ἀληθῶς

296 3441 554 3496 ἐϐούλετο
580 3443 609 3495 6
637 3443 811 3511 μέγας
833 3443 978 3517 δοῦξ.
1013 3445 1122 3497 εἴτε
1172 3445 1269 3515 μὴ,
1304 3444 1540 3515 φανερὸν
1573 3445 1669 3499 οῦκ
1698 3444 1881 3513 ἐξεγέ-

294 3549 444 3599 νετο,
474 3531 568 3586 τοῦ
606 3533 737 3604 περὶ
778 3531 953 3588 ταῦτα
996 3533 1417 3605 διακονουμένου
1471 3536 1565 3589 καί
1613 3535 1678 3588 τὰ
1711 3535 1881 3605 ἀπέρ-

299 3629 447 3696 ζτβα
471 3625 771 3691 συνειδότος
794 3626 977 3698 Χρέλη
1028 3627 1298 3697 πρότερον
1326 3627 1712 3691 ἀποἿανόντος.
1738 3627 1882 3698 Πρὸς

296 3722 408 3785 γὰρ
434 3717 523 3770 τὸν
552 3717 901 3787 Ἀνδρονίκου
928 3717 1023 3772 τοῦ
1050 3718 1307 3791 γαμϐροῦ
1344 3719 1558 3790 πατέρα
1589 3721 1645 3772 ὲν
1683 3721 1883 3791 Φεραῖς

302 3812 335 3863 ὁ
367 3811 541 3877 μέγας
567 3807 691 3875 δοὺξ
719 3810 788 3864 τὰ
809 3809 1038 3864 τοιαῦτα
1065 3810 1161 3876 διά,
1180 3828 1346 3865 τινων
1381 3810 1490 3865 τῶν
1518 3811 1756 3881 μάλιστα
1788 3810 1881 3863 εὖ·

302 3900 615 3956 νουστὰτων
647 3901 1030 3971 ἀπαγγέλλων,
1063 3902 1322 3957 κάκείνου
1351 3903 1533 3973 Χρέ).η
1570 3900 1886 3970 διαλεγομέ-

301 4010 402 4047 νου
433 3994 565 4064 περ)⁸
600 3992 901 4048 Μελενίκον
924 3993 1284 4063 διατρίϐοντι,
1321 3995 1416 4047 καὶ
1442 3993 1508 4046 δι’
1547 3994 1758 4047 ἐκείνου
1786 3993 1887 4056 τὰς

307 4086 506 4155 Κράλη
540 4084 914 4159 λαμϐάνοντος
957 4084 1281 4154 ἀπολογίας,
1317 4083 1471 4148 αὖοι,
1500 4086 1527 4138 6
1563 4084 1737 4154 μέγας
1763 4083 1888 4149 δοὺξ

308 4176 674 4231 ἐπυνθάνετό·
701 4195 762 4231 τε
804 4183 934 4251 περὶ
991 4175 1067 4235 ὧν
1122 4182 1316 4247 ἐδεῖτο,
1351 4182 1447 4235 καὶ
1493 4181 1593 4234 ὅσα
1637 4176 1706 4251 ἦν
1746 4179 1889 4232 κατὰ

307 4271 544 4339 γνώμην
591 4270 747 4334 αὖθις
794 4273 1143 4344 ἀπεκρίνετο.
1192 4272 1406 4345 Κρέιλης
1454 4273 1512 4326 δὲ
1555 4273 1631 4337 ὼς
1672 4271 1889 4341 ἀληθῶς

309 4361 572 4429 τοιαύτην
600 4362 971 4416 διεϐεϐαιοῦτο
1006 4364 1144 4434 πρδς
1177 4363 1635 4432 Καντακουζηνδν
1662 4363 1754 4417 τὸν
1791 4361 1890 4433 βα-

1977 3275 2190 3331 Pheras
2216 3283 2447 3340 magnus
2468 3265 2579 3320 dux
2605 3262 2731 3317 talia
2756 3274 2854 3329 per
2881 3255 3150 3327 quosdam
3187 3251 3559 3315 amicissimos
3648 3315 3664 3332 ⁸

1979 3366 2266 3429 nuntians,
2302 3372 2479 3429 eoque
2510 3368 2636 3415 eum
2683 3349 2904 3415 Chrele,
2935 3345 3030 3419 qui
3059 3343 3205 3416 apud
3230 3341 3561 3399 Melenicum

1980 3456 2260 3520 manebat,
2325 3459 2546 3524 agente,
2610 3456 2666 3504 et
2719 3461 2819 3517 per
2872 3442 3030 3501 illum
3074 3436 3250 3496 Cralis
3293 3445 3559 3505 responsa

1980 3550 2309 3621 accipiente,
2342 3558 2563 3602 rursum
2606 3552 2842 3619 magnus
2867 3535 2978 3592 dux
3010 3548 3135 3606 qua:
3161 3544 3301 3601 opus
3328 3535 3448 3584 erat
3475 3525 3564 3580 in-

1982 3619 2322 3712 terrogabat,
2354 3646 2413 3694 et
2458 3636 2551 3692 ille
2581 3647 2706 3704 quae
2745 3629 2999 3693 sentiret,
3033 3625 3219 3680 denuo
3260 3619 3565 3689 responde-

1983 3736 2096 3791 bat.
2131 3710 2202 3792 lJt
2232 3739 2418 3787 autem
2452 3723 2801 3783 conﬁrmavit
2828 3720 3037 3784 Crales,
3072 3727 3330 3786 magnum
3361 3710 3562 3766 ducem

1985 3835 2177 3883 contra
2234 3824 2625 3894 imperatorem
2695 3816 3148 3872 Cantacuzcnum
3211 3817 3339 3860 vere
3416 3801 3564 3855 istuc

1985 3927 2197 3990 petere.
2231 3920 2285 3970 et
2314 3889 2452 3981 quid
2487 3903 2938 3975 respondendum
2969 3904 3119 3955 esset
3147 3890 3423 3965 quaesivit,
3458 3889 3563 3943 im-

1987 3985 2210 4085 perator
2239 4009 2494 4062 hortatus
2535 4009 2642 4064 est,
2673 4007 2736 4054 ut
2774 4012 2836 4051 se
2865 3995 2935 4050 ab
2974 3993 3068 4048 illo
3099 3985 3384 4044 conveniri
3416 3991 3566 4053 pate-

1988 4077 2166 4169 retur,
2194 4115 2306 4171 quo
2339 4098 2460 4169 ejus
2492 4094 2548 4149 in
2583 4107 2645 4148 se
2689 4087 2897 4145 invidia
2950 4083 3202 4140 testatior
3249 4077 3513 4171 evaderet
3545 4092 3561 4129 :

1990 4161 2255 4251 nimir'ut-u
2291 4161 2402 4242 non
2434 4172 2824 4239 benevolentia
2881 4187 3012 4242 erga
3042 4170 3347 4240 Augustam
3376 4173 3434 4220 et
3463 4161 3569 4217 im-

1991 4288 2304 4357 peratorem
2330 4254 2709 4333 ﬁliumlcivile
2738 4269 2846 4324 hoc
2888 4264 3093 4323 bellum
3140 4264 3209 4316 ab
3255 4254 3571 4357 eoinﬂame

1993 4350 2155 4441 mari,
2194 4369 2290 4426 sed
2340 4375 2400 4423 ut
2431 4364 2540 4421 sibi
2581 4377 2683 4434 per
2724 4360 2809 4415 fas
2864 4367 2923 4414 et
2954 4355 3108 4411 nefas
3144 4350 3573 4441 itnperium_ae-
3664 4422 3678 4435 ι

313 4454 473 4508 σιλέα
508 4455 603 4527 τὴν
640 4458 880 4525 μεγάλου
912 4459 1101 4521 δουκδς
1134 4460 1360 4526 ἀξίωσιν
1393 4459 1537 4512 εἶναι
1557 4501 1572 4524 ,
1607 4460 1703 4513 καὶ
1731 4458 1878 4511 ὲϐου·

1996 4436 2264 4541 quireret.
2311 4461 2387 4515 Ita
2413 4456 2603 4514 Crales
2631 4468 2740 4509 una
2775 4464 2901 4507 cum
2928 4447 3316 4504 Cantacuzeno
3347 4440 3415 4496 ad
3444 4436 3572 4493 Sal-

2613 4545 2647 4557 "
2730 4552 2740 4557 -
2936 4538 3117 4557 usu--
3193 4541 3365 4557 ----_-
3421 4530 3546 4557 ειμι.

308 4548 522 4616 λεύετο,
557 4551 584 4605 ὃ
618 4568 669 4603 τι
731 4553 839 4604 δέοι
875 4551 1012 4623 πρδς
1054 4552 1227 4606 ταῦτα
1276 4552 1582 4623 κρίνεσθαι,
1636 4551 1891 4622 βασιλεύς

311 4660 376 4697 τε
407 4643 483 4713 μὴ
516 4645 750 4699 κωλύειν
782 4645 1191 4712 συνεϐούλευεν,
1228 4646 1364 4700 ἀλλὰ
1395 4646 1596 4714 μᾶλλον
1630 4647 1722 4698 καὶ
1756 4663 1893 4716 συμ-

315 4735 601 4808 πράττειν,
662 4738 751 4792 ἴνα
792 4738 1014 4808 μᾶλλον
1058 4741 1086 4792 ὁ
1146 4738 1276 4810 περὶ
1335 4739 1498 4791 αὐτὸν
1551 4736 1893 4808 Ἀποκαύχου

316 4830 515 4900 φθόνος
540 4832 745 4901 γίνοιτο
777 4833 1012 4907 φανερός
1032 4849 1046 4863 ·
1080 4832 1174 4893 κα).
1217 4832 1293 4894 ὡς
1322 4831 1423 4884 οὐκ
1451 4830 1635 4902 εὐνοίᾳ
1666 4833 1733 4901 τῇ
1759 4829 1897 4904 πρὸς

314 4926 574 4999 βασιλίδα
605 4928 701 4981 καὶ
731 4926 957 4993 βασιλέα
1000 4927 1091 4981 τὸν
1124 4927 1260 4987 υἱὸν,
1297 4926 1389 4979 τὸν
1423 4924 1691 4995 ἐμφύλιον
1716 4923 1894 4993 κινοίη

318 5020 581 5096 πόλεμον,
614 5020 730 5073 ἀλλ’
759 5019 905 5089 αὐτῷ
925 5019 1024 5090 τὴν
1059 5018 1347 5088 Ῥωμαίων
1382 5020 1447 5070 ἐκ
1471 5016 1672 5080 παντὸς
1692 5016 1895 5087 τρόπου

318 5112 784 5184 περιποιούμενος
831 5112 1148 5183 ἡγεμονίαν.
1204 5111 1432 5181 Κρὰλης
1485 5111 1584 5179 μὲν
1634 5104 1728 5162 οὖν
1778 5106 1898 5177 ἅμα

322 5210 539 5282 βασιλεῖ
573 5207 650 5278 τῷ
691 5205 1131 5276 Καντακουζηνῷ
1170 5206 1228 5256 ὲν
1268 5206 1382 5263 τοῖς
1440 5203 1727 5273 Ἀλμυροῖς
1761 5216 1900 5271 προ-

323 5301 783 5373 σαγορευομένοις
811 5298 1036 5359 λάκκοις
1056 5293 1551 5366 ἐστρατοπεδεύετο
1585 5290 1779 5355 ἐλθὼν,
1805 5288 1902 5344 καὶ

326 5396 627 5465 περιέμενε
674 5393 768 5447 τὸν
813 5393 895 5454 είς
922 5388 1257 5460 ’Δμφίπολιν
1299 5387 1393 5441 τοῦ
1438 5385 1675 5456 μεγάλου
1709 5383 1901 5447 δουκὸς

250 5508 258 5515 ·
324 5485 646 5544 κατάπλουν
670 5484 746 5547 ὡς
776 5485 954 5537 ἐκεῖσε
982 5482 1360 5550 συνεσόμενος.
1401 5480 1489 5533 Ἐν
1518 5475 1799 5542 Βυζαντίῳ
1844 5476 1902 5528 δὲ

325 5584 379 5636 ol
413 5580 512 5651 μὲν
536 5579 686 5633 ἄλλοι
710 5579 818 5631 τῶν
842 5575 1243 5645 εὐγενεστέρων
1272 5571 1366 5626 καὶ
1388 5571 1624 5641 μάλιστα
1652 5571 1710 5621 έν
1739 5556 1904 5637 λόγῴ,

328 5670 897 5740 Καντακουζηνισμδν
934 5669 1039 5722 ὑπὸ
1080 5666 1321 5745 μεγὸιλου
1354 5659 1907 5745 δουκὸς-ὲπικληθένο

325 5783 445 5835 τες,
474 5763 829 5835 δεσμωτήριά
853 5780 913 5817 τε
947 5761 1148 5833 ᾤκουν,
1181 5740 1274 5815 καὶ
1308 5740 1579 5828 οὐδεμιᾶς
1619 5752 1907 5825 ἀπείρατοι

1995 4530 2091 4617 535
2134 4557 2314 4621 lacus,
2368 4558 2430 4606 ut
2469 4545 2838 4619 appellantur,
2887 4538 3137 4598 veniens,
3188 4541 3370 4589 castra
3419 4530 3570 4593 facit,

1998 4646 2183 4719 magni
2210 4643 2372 4699 ducis
2399 4637 2691 4710 appulsum
2719 4633 2788 4689 ad
2820 4626 3219 4701 Amphipolim,
3243 4632 3305 4719 ut
3339 4622 3415 4679 ibi
3445 4636 3573 4719 eum

1999 4713 2397 4802 con'venturus,
2438 4737 2791 4803 exspectans.
2845 4723 3010 4796 529
3046 4716 3293 4791 Byzantii
3321 4729 3451 4771 vero
3481 4713 3575 4775 alii

1999 4834 2070 4890 de
2130 4828 2418 4886 nobilitate
2452 4833 2510 4879 et
2541 4821 2646 4877 viri
2697 4814 3108 4874 honoratissimi
3135 4827 3167 4866 ιι
3198 4822 3394 4880 magno
3436 4809 3577 4861 duce

1999 4915 2478 4980 Cantacuzenismi
2520 4911 2805 4984 postulati,
2843 4907 3160 4965 Carceribus
3222 4900 3574 4960 tenebantur,

2001 5025 2054 5072 et
2082 5009 2450 5070 incommodis
2484 5005 2823 5062 vexabantur
2844 4999 3125 5056 omnibus.
3170 4995 3274 5062 Qui
3303 5001 3486 5048 autem
3509 4987 3577 5042 ad

2002 5085 2212 5163 bellum
2242 5105 2292 5160 ei
2319 5104 2638 5175 adiumento
2668 5097 2907 5157 fuerant.
2946 5092 3154 5167 quique
3186 5087 3584 5175 faciebant,__ut

2006 5194 2262 5249 crederet
2320 5168 2666 5259 im'peratrix,
2717 5184 3161 5239 Cantacuzenum
3223 5172 3333 5228 sibi
3397 5168 3582 5227 moliri

2005 5284 2255 5347 insidias,
2286 5293 2478 5336 eorum
2520 5274 2718 5346 partim
2750 5270 3099 5326 mediocriter
3144 5261 3423 5335 tangebat,
3462 5267 3519 5313 et
3551 5272 3584 5312 ιι

2007 5372 2399 5450 gubernaculis
2448 5367 2765 5440 dejiciebat,
2794 5364 2910 5420 litis
2942 5370 3135 5417 contra
3182 5372 3241 5413 se
3293 5352 3583 5409 materiam

2009 5448 2462 5528 subministratis,
2516 5468 2577 5513 ut
2627 5472 2752 5513 cum
2808 5454 2935 5509 illos
2993 5448 3345 5521 perdidisset,
3393 5458 3586 5513 repreo

2010 5559 2281 5618 hensione
2319 5559 2557 5616 careret,
2586 5546 2747 5619 quasi
2777 5547 2927 5618 justc
2954 5557 3050 5597 eos
3083 5539 3412 5611 punivissct,
3455 5551 3583 5591 cum

2010 5653 2113 5710 sibi
2144 5650 2287 5705 male
2318 5644 2639 5702 voluissent.
2685 5639 2817 5707 Quae
2853 5645 2910 5692 et
2940 5635 3044 5705 ipsi
3075 5639 3390 5695 cernentes,
3415 5628 3587 5684 male-

2013 5760 2121 5818 que
2160 5744 2270 5816 jam
2317 5741 2369 5796 in
2407 5736 2653 5792 futtrum
2689 5726 3158 5823 otninantes,.sibi
3196 5723 3326 5795 ipsis
3381 5730 3437 5779 et
3462 5721 3585 5780 aliis
