4062 6290
552 305 691 371 10:5
790 256 797 261 ’

1716 311 2035 371 JOANNIS
2072 313 2603 376 CANTACUZENI

3657 312 3800 376 tate
3860 293 3877 302 ’

552 425 809 493 ingentes
852 433 1070 474 creasse
1098 419 1442 474 calamitates
1473 418 1852 490 intelligebant
1886 420 2121 490 :juvare

2228 426 2610 494 κακοπραγίας
2633 418 2794 493 ἦσαν.
2827 421 2949 474 Τῶν
2978 420 3033 473 δὲ
3062 418 3212 488 αὖτῷ
3238 420 3634 489 συναραμένων
3658 423 3797 492 πρὸς

552 518 736 567 autem
776 521 972 575 semet,
1002 524 1201 581 magno
1236 510 1378 564 duce
1408 510 1589 564 omnia
1615 510 1729 580 jam
1773 525 1876 564 suo
1934 510 2117 565 domi—

549 615 684 659 natu
727 611 967 668 tenente,
1001 619 1111 657 non
1170 610 1445 673 poterant.
1514 602 1786 685 Caeterpm
1847 601 2115 673 Georgius

549 696 861 762 Cbumnus,
893 710 1123 763 magnus
1179 694 1652 763 stratopedarclta,
1688 694 1851 749 umis
1877 694 1946 750 de
1984 695 2116 750 belli

551 785 894 851 auctoribus,
927 785 992 838 ad
1026 785 1425 854 imperatricem
1474 785 1690 849 adiens,
1729 802 1984 857 magnum
2016 792 2119 841 du-

549 891 669 930 cem
696 876 835 930 clam
867 876 1168 941 accusavit,
1195 875 1289 945 qui
1324 890 1458 944 opes
1491 876 1805 946 reipublicte
1849 877 2121 932 inutiliter

548 967 863 1035 dissiparet,
886 977 939 1022 et
959 967 1023 1021 ad
1050 966 1542 1034 bellumterrestre
1571 968 1800 1023 classem
1827 968 1965 1022 nihil
1990 983 2118 1038 pro-

549 1060 789 1113 futuram
824 1058 1146 1114 instrueret.
1198 1058 1298 1125 Qui
1340 1060 1490 1115 enim
1521 1060 1714 1115 classis
1747 1069 1941 1115 contra
1978 1061 2120 1115 Can-

546 1161 879 1204 tacuzeoum
931 1165 1055 1204 cum
1106 1153 1249 1220 apud
1290 1150 1565 1205 Triballos
1610 1159 1947 1217 manentem,
2005 1161 2118 1206 tum

546 1240 990 1311 Didymotichum
1021 1246 1212 1297 urbem
1254 1243 1447 1312 praeui
1484 1259 1514 1298 a
1542 1243 1678 1299 mari
1708 1253 1972 1299 semotam
2019 1243 2118 1299 ob-

549 1332 815 1386 tinentem
866 1332 1201 1387 dimicaret?
1247 1333 1418 1387 Dabat
1461 1333 1649 1403 itaque
1703 1335 2023 1398 consilium,
2061 1343 2122 1389 ut

536 1424 820 1492 impensis
877 1422 1242 1479 infructuosis
1290 1425 1683 1488 abstineretur,
1739 1434 1795 1480 et
1841 1427 2121 1495 excogita-

537 1518 704 1569 retur
731 1515 1009 1586 quidpiam
1029 1554 1046 1581 ,
1072 1515 1221 1586 quod
1257 1517 1323 1570 ad
1369 1516 1538 1572 totius
1568 1516 1886 1587 reipublicae
1911 1517 2122 1571 emolu-

549 1612 802 1681 mentum
825 1602 1199 1658 redundaret:
1229 1602 1281 1657 id
1310 1618 1434 1659 esse
1462 1619 1649 1674 pacem
1677 1616 1732 1659 et
1762 1603 1940 1660 foedus
1996 1620 2119 1659 cum

538 1687 959 1753 'Cantacuzeno,
996 1689 1144 1758 quod
1176 1690 1471 1743 utilitatem
1503 1705 1775 1745 summam
1811 1691 2077 1761 pollicere
2100 1723 2119 1733 -

550 1788 665 1832 tur.
700 1778 833 1832 Tam
861 1781 1183 1849 importuno
1220 1796 1459 1851 namque
1485 1782 1633 1837 bello
1663 1784 1928 1838 adversus
1965 1784 2117 1838 illum
2158 1758 2196 1811 Β

552 1873 843 1936 suscitato,
880 1872 1085 1942 inquit,
1117 1883 1173 1928 et
1203 1873 1611 1929 studiosissime
1642 1875 1795 1930 illato
1836 1876 1974 1930 nihil
2024 1892 2122 1932 nos

552 1961 872 2030 profecisse,
903 1963 998 2017 sed
1029 1978 1156 2017 eum
1201 1964 1383 2019 damni
1414 1977 1696 2035 expertem
1730 1965 1875 2035 apud
1905 1964 2124 2021 Tribal-

551 2055 731 2108 lorum
771 2054 1077 2125 principem
1110 2056 1292 2110 adhuc
1335 2046 1567 2122 haerere,
1600 2070 1830 2126 esseque
1858 2057 1913 2110 in
1951 2057 2121 2112 multa

552 2134 726 2214 gratia
761 2162 776 2198 :
812 2156 867 2201 et
901 2146 1204 2201 exercitum
1251 2147 1552 2214 conscribi,
1582 2149 1831 2217 quicum,
1866 2157 1927 2202 ut
1970 2149 2126 2202 audi-

559 2251 703 2301 mus,
742 2237 1183 2309 Didymoticbum
1220 2246 1531 2293 revertatur
1558 2255 1571 2290 :
1596 2248 1652 2293 et
1684 2238 2149 2309 Didymoticlicn-'

560 2344 649 2383 ses
677 2330 744 2382 de
775 2329 960 2385 animo
980 2345 1111 2401 erga
1140 2330 1295 2385 illum
1324 2346 1425 2385 suo
1453 2330 1589 2386 nihil
1612 2331 1914 2395 remittere,
1947 2348 2123 2402 neque

552 2421 701 2476 bello
745 2431 855 2476 tam
904 2424 1217 2495 propinquo
1248 2425 1504 2491 cruciari,
1540 2425 1634 2481 sed
1663 2428 1848 2496 potius
1873 2426 2124 2483 Thracia:

542 2515 786 2571 urbibus
828 2516 1096 2572 universis
1142 2533 1343 2573 nocere
1403 2519 1670 2575 immitius
1705 2536 1871 2591 quam
1922 2520 2127 2577 Cerbe-

553 2623 700 2673 rum,
722 2609 907 2664 omnia
931 2609 1329 2679 deprzedantes,
1357 2610 1713 2683 funditusque
1744 2614 2121 2668 devastantes:

554 2699 672 2754 hac
706 2700 838 2755 mihi
865 2716 1207 2770 nequaquam
1236 2717 1266 2755 e
1303 2717 1357 2756 re
1390 2713 1603 2769 nostra,
1646 2718 1821 2773 neque
1862 2705 1919 2758 in
1961 2704 2122 2760 ﬁnem

554 2791 760 2844 butum
804 2789 1051 2846 desitura
1108 2790 1389 2845 videntur.
1422 2791 1600 2857 Quare
1645 2808 1837 2861 pacem
1874 2809 1997 2849 cum
2031 2797 2125 2851 illo

557 2881 967 2951 suscipiendam
995 2884 1196 2937 sentio.
1224 2883 1385 2939 Nunc
1410 2884 1555 2937 enim
1601 2885 1656 2938 in
1694 2884 1868 2941 aliena
1903 2889 2125 2957 regione

553 2974 839 3045 profugus,
868 2984 923 3028 et
950 2990 1113 3044 opem
1141 2982 1420 3030 externam
1445 2984 1770 3046 exposcens,
1802 2978 1980 3035 obviis
2003 2995 2125 3035 eam

2229 519 2322 569 τὸν
2359 516 2619 585 πόλεμον.
2653 516 2748 567 καὶ
2786 512 3129 566 πεπεικύτων
3173 510 3443 581 βασιλίδα,
3476 510 3552 572 ὡς
3582 514 3804 565 ἐπιδου-

2225 606 2437 660 λεύοιτο
2490 609 2641 679 παρὰ
2692 601 3151 673 Καντακουξηνοῦ
3206 602 3303 655 τοῦ
3360 602 3650 670 βασιλέως,
3692 604 3802 655 τῶν

2230 701 2332 767 μὲν
2375 700 2475 769 ἤδη
2509 700 2830 769 παρήπτετο
2861 696 3121 766 μετρίως,
3167 694 3262 747 καὶ
3294 695 3528 765 καθῄρει
3562 695 3670 746 τῶν
3700 696 3800 763 ἁρ-

2227 790 2362 863 χῶν,
2383 790 2641 862 ἀφορμὴν
2666 790 2922 861 παρέχων
2942 788 3044 854 τῆς
3070 787 3206 855 πρὸς
3229 787 3391 840 αὑτὸν
3412 786 3681 856 διαφορᾶς
3697 804 3711 816 ·
3738 787 3803 838 ἶν’

2225 870 2640 954 εἰιδιαφθείρειε
2672 882 2944 951 μηδεμίαν
2975 880 3183 951 μέμψιν
3214 878 3353 948 ἔχοι,
3381 878 3456 941 ὡς
3483 878 3545 930 οὑ
3576 877 3802 941 δικαίως

2224 977 2487 1045 ἀμύνοιτο
2518 978 2743 1041 αὐτοὺς,
2765 976 2969 1039 κακοὺς
3012 975 3144 1046 περὶ
3168 974 3334 1027 αὑτὸν
3373 972 3799 1042 γεγενημένους.

2226 1068 2350 1121 Τῶν
2374 1067 2439 1143 δὲ
2470 1066 2715 1138 ἔμελλεν,
2751 1067 2788 1121 ἃ.
2820 1067 3160 1137 συνορῶντες
3191 1067 3284 1119 καὶ
3318 1067 3475 1121 αὑτοὶ
3505 1067 3601 1120 καὶ
3633 1083 3801 1133 πονη-

2228 1159 2330 1230 ρὰν
2360 1161 2489 1227 περὶ
2522 1160 2631 1211 τῶν
2664 1158 2967 1228 μελλόντων
2997 1158 3099 1229 ἥδη
3141 1157 3355 1227 ἔχοντες
3385 1158 3610 1221 ιλπίδα,
3634 1157 3802 1227 ᾐσθά-

2227 1265 2380 1301 νοντο
2413 1249 2512 1315 μὲν
2535 1248 2609 1312 ὡς
2642 1248 2793 1317 σφίσι
2824 1267 2887 1302 τε
2914 1250 3100 1311 αὐτοῖς
3132 1249 3230 1303 καὶ
3259 1251 3373 1312 τοῖς
3420 1248 3608 1310 ἄλλοις
3639 1248 3803 1300 αἴτιοι

2227 1339 2569 1409 κατέστησαν
2605 1342 2858 1411 μεγάλων
2886 1341 3204 1411 συμφορῶν,
3251 1340 3468 1410 βοηθεῖν
3500 1340 3558 1392 δὲ
3590 1339 3693 1393 οὐκ
3722 1334 3799 1390 εἷ-

2226 1450 2320 1502 χον
2348 1432 2582 1496 ἑαυτοῖς,
2623 1432 2807 1487 πάντα
2838 1433 2939 1504 ἤδη
2978 1433 3220 1503 μεγάλου
3262 1431 3451 1494 δουκὸς
3500 1430 3593 1500 ὑφ’
3623 1428 3802 1509 ἑαυτίῷ

2226 1527 2628 1595 πεποιημένου.
2657 1526 2907 1596 Χοῦμνος
2937 1527 2995 1580 δὲ
3030 1525 3303 1595 Γεώργιος
3330 1526 3360 1577 ὁ
3414 1525 3593 1593 μέγας
3638 1540 3799 1591 στρα-

2225 1613 2586 1687 τοπεδάρχης,
2617 1609 2700 1678 εἷς
2729 1613 2806 1667 ὢν
2834 1615 2944 1669 τῶν
2966 1607 3077 1668 ’τὸν
3116 1614 3356 1684 πόλεμον
3405 1613 3799 1681 κεκινηκότων,

2228 1701 2464 1771 βασιλίδι
2504 1696 2843 1771 προσελθὼν,
2889 1703 3071 1773 ἡρέμα
3130 1702 3520 1771 κατεμέμφετο
3578 1700 3804 1769 μεγαλῳ

2229 1794 2402 1858 δουκὶ,
2433 1794 2509 1858 ὡς
2552 1795 2634 1858 εἰς
2684 1795 2837 1848 οὐδὲν
2867 1794 2987 1848 δέον
3019 1795 3087 1847 τὰ
3116 1793 3272 1847 κοινὰ
3323 1793 3800 1855 καταναλίσκοντι,

2229 1885 2324 1939 καὶ
2352 1886 2488 1956 πρὸς
2535 1887 2770 1953 πόλεμον
2801 1885 3117 1957 ἡπειρώτην
3152 1886 3370 1948 στόλους
3414 1884 3805 1953 ἐξαρτυομένῳ

2232 1976 2401 2047 μηδὲν
2429 1977 2744 2048 ὀνήσοντας.
2773 1977 2915 2048 Πρὸς
2943 1978 2997 2031 τί
3029 1977 3136 2050 γὰρ
3180 1979 3209 2029 ὁ
3245 1975 3431 2037 στόλος
3479 1973 3801 2027 ἐναντιώσει-

2230 2089 2321 2123 ται
2373 2069 2815 2138 Καντακουζηνῷ
2847 2069 2997 2140 αὑτῷ
3052 2086 3112 2122 τε
3143 2068 3296 2137 παρὰ
3347 2065 3641 2135 Τριδαλοῖς
3687 2063 3803 2117 ὄντι

2229 2164 2326 2216 καὶ
2356 2163 2737 2232 Διδυμὸτειχον
2768 2163 3053 2232 κατέχοντι
3073 2160 3231 2213 πόλιν
3260 2157 3492 2229 μακρὰν
3523 2156 3803 2225 Θαλάσσης

2230 2256 2576 2327 ᾠκισμένην;
2611 2252 2962 2307 συνεϐούλευέ
3012 2269 3069 2305 τε
3123 2252 3326 2320 μᾶλλον
3390 2250 3500 2304 τῶν
3545 2249 3841 2303 τοιούτων

2228 2347 2530 2417 ἀπέχεσθαι
2566 2346 2838 2415 ἀνονήνων
2868 2345 3144 2408 δαπανῶν,
3172 2344 3312 2411 πρός
3340 2359 3464 2395 τινα
3511 2341 3569 2394 δὲ
3606 2342 3803 2412 χωρεῖν

2228 2441 2471 2491 ἐπίνοιαν
2503 2438 2614 2500 τοῖς
2665 2437 2811 2500 ὅλοις
2849 2438 3138 2517 πράγμασι
3201 2435 3597 2489 συνοίσουσαν.-
3631 2431 3805 2485 Τοῦτο

2230 2530 2286 2582 δὲ
2338 2527 2503 2593 εἶναι,
2557 2529 2782 2599 εἰρήνην
2834 2527 3086 2581 τίθεσθαι
3139 2527 3274 2595 πρδς
3342 2521 3803 2592 Καντακουζηνδν

2230 2625 2327 2678 καὶ
2359 2620 2613 2683 σπονδὰς,
2650 2620 2708 2672 αἳ
2741 2619 2977 2690 μάλιστα
3003 2620 3206 2684 δόξειεν
3237 2616 3560 2671 λυσιτελεῖν.
3588 2616 3663 2668 Τὸ
3696 2616 3807 2683 γὰρ

2231 2712 2489 2767 τοσούτου
2514 2713 2752 2782 πολέμου
2785 2712 2923 2782 πρὸς
2957 2713 3119 2764 αὑτὸν
3158 2709 3542 2779 κεκινημένου,
3585 2710 3682 2762 καὶ
3703 2710 3809 2762 πά-

2233 2823 2333 2875 σης
2367 2805 2614 2874 σπουδῆς
2654 2804 3133 2873 είσενηνεγμένης,
3172 2800 3340 2873 μηδὲν
3378 2803 3527 2870 ἡμᾶς
3570 2798 3804 2869 δυνηθῆ-

2228 2914 2317 2951 ναι
2346 2895 2525 2960 πλέον,
2555 2895 2669 2949 ἀλλ’
2690 2896 2897 2949 ἐκεῖνόν
2924 2910 2979 2946 τε
3011 2893 3200 2962 ἅπαθῆ
3228 2893 3437 2958 κακῶν,
3460 2892 3566 2945 Δκιιιῖ
3597 2890 3799 2961 πολλῆς

2229 2986 2443 3050 εὐνοίας
2472 2985 2814 3039 ἀπολαύοντα
2840 2983 2992 3053 παρὰ
3023 2982 3102 3054 τῷ
3133 2981 3419 3053 Τριϐαλῶν
3451 2982 3688 3052 δυνάττῃ
3716 2979 3805 3032 ἔτι

558 3066 706 3119 ulnis
747 3065 1130 3136 amplectetur,
1179 3068 1225 3121 si
1283 3067 1564 3122 moderata
1617 3068 1996 3137 petiveritnus.
2068 3071 2125 3127 Si

2231 3077 2527 3148 διαμένειν,
2564 3074 3124 3146 παρασκευαζόμενὸν
3175 3090 3236 3126 τε
3288 3073 3363 3137 ὡς
3419 3072 3691 3143 ἀκούομεν
3720 3072 3799 3134 εἰς

556 3158 707 3214 domi
748 3159 938 3224 fuerit,
1007 3175 1238 3229 seseque
1298 3162 1763 3227 eorroboraverit,
1816 3172 2002 3219 metuo
2054 3179 2124 3219 ne

554 3253 719 3308 nobis
745 3268 864 3308 eam
911 3253 1286 3324 ﬂagitantibus
1329 3254 1444 3324 ipse
1478 3264 1665 3324 neget,
1695 3256 1976 3325 explorata
2030 3272 2126 3327 spe

555 3345 808 3399 victoriae
856 3346 1100 3399 conﬁsus
1144 3343 1422 3400 \idelicet.
1483 3343 1803 3414 lmperatrix
1836 3361 1961 3401 eum
1999 3362 2123 3402 cum

555 3430 777 3505 ratione
807 3435 1206 3490 eoesentientia
1238 3435 1493 3497 suadere,
1526 3446 1582 3489 et
1608 3444 1797 3503 postea
1827 3436 1971 3505 quod
1999 3451 2129 3490 con-

555 3524 895 3580 sultantibus
919 3539 948 3577 e
981 3523 1262 3600 republica
1287 3524 1464 3577 visum
1494 3522 1661 3576 fuerit
1680 3523 1925 3579 facturos
1954 3524 2126 3593 dixitj;

557 3616 720 3687 53o
756 3616 860 3669 hoc
889 3622 1154 3683 tempore,
1192 3613 1438 3682 impensa
1476 3614 1588 3681 jam
1639 3613 1801 3679 facta,
1837 3615 2128 3686 solutoque

560 3705 865 3761 classiariis
887 3702 1184 3774 stipendio,
1208 3702 1682 3772 abnavigationem
1699 3704 1903 3775 justam
1927 3705 2126 3761 videri.

556 3797 683 3854 ll:ec
710 3800 799 3854 illa
832 3800 1141 3865 aﬁérmavit,
1170 3799 1317 3868 quod
1346 3800 1398 3853 ei
1428 3813 1659 3869 magnus
1685 3799 1792 3854 dux
1820 3814 2139 3872 receperat,

555 3896 602 3948 si
636 3893 689 3946 in
729 3891 1100 3946 Macedoniam
1132 3892 1463 3962 navigasset,
1489 3892 1933 3950 Cantacuzenum
2002 3895 2126 3949 vin-

555 3992 705 4037 ctum
752 3981 1141 4047 adducturum,
1187 3982 1417 4051 perinde
1473 3983 1631 4053 quasi
1662 3983 1849 4067 Ceales
1887 3999 1945 4041 se
1972 3984 2125 4041 illum

554 4074 887 4128 traditurum
925 4073 1295 4143 promisisset,
1319 4074 1369 4128 si
1398 4074 1634 4143 ipsemet
1662 4076 1727 4130 ad
1760 4091 1818 4130 se
1844 4076 2083 4131 venisset
2109 4093 2123 4130 :

557 4176 615 4218 et
654 4165 801 4235 quod
828 4163 1274 4219 Cantaeuzcnum
1300 4175 1545 4234 tempore
1576 4164 1704 4219 belli
1734 4166 1923 4221 multis
1966 4168 2126 4222 attri-

554 4263 676 4310 tum
711 4254 1149 4322 difﬁcultatibus,
1176 4264 1232 4310 et
1263 4265 1436 4309 matre
1475 4255 1533 4309 in
1561 4270 1787 4310 carcere
1831 4259 2123 4324 exstincta,

557 4350 784 4417 ﬁlioque
811 4348 1126 4402 Andronico
1154 4347 1248 4402 diu
1279 4351 1387 4418 jam
1420 4348 1658 4401 vinculis
1686 4356 1741 4402 et
1763 4348 1886 4403 aliis
1915 4350 2123 4404 incom-

2229 3168 2609 3238 Διδυμότειχον
2652 3166 2950 3236 ἐπανήκειν
2983 3164 3120 3235 μετὰ
3162 3165 3441 3234 στρατιᾶ;.
3468 3163 3610 3225 Τούς
3642 3179 3701 3214 τε
3739 3163 3797 3216 ὲν

2228 3261 2604 3331 Διδυμοτείχῳ
2657 3258 2826 3329 μηδὲν
2867 3259 3083 3326 ὑφεῖναι
3110 3256 3208 3326 τῆς
3253 3258 3332 3319 εἰς
3362 3255 3526 3309 αὑτὸν
3562 3252 3796 3317 εὐνοίας,

2232 3352 2358 3423 μηδ’
2390 3352 2495 3404 ὑπὸ
2541 3350 2635 3403 τού
2697 3350 3125 3421 περιεστηκότος
3173 3347 3420 3417 πολέμου
3478 3344 3799 3414 πιεσθῆναι,

2229 3442 2365 3496 ἀλλὰ
2398 3442 2599 3511 μᾶλλον
2630 3441 2828 3504 αὐτοὺς
2863 3442 2984 3503 ταῖς
3017 3439 3161 3494 κατὰ
3204 3441 3426 3512 Θρᾴκην
3474 3437 3678 3499 πάσαις
3704 3436 3799 3488 πό-

2229 3535 2369 3600 λεσι,
2401 3533 2681 3603 κερόέρων
2708 3529 2846 3587 εἶναι
2884 3533 3319 3603 χαλεπωτέρους,
3345 3531 3527 3584 πάντα
3557 3527 3797 3596 διαφθει-

2236 3640 2430 3694 ροντας
2460 3623 2631 3694 ἄρδην
2658 3625 2754 3678 καὶ
2774 3622 3149 3693 ληϊζομένους,
3179 3621 3242 3673 οὑ
3268 3621 3404 3690 πρὸς
3432 3620 3590 3690 ἡμῶν
3612 3619 3797 3688 ἔμοιγε

2228 3710 2370 3768 εἶναι
2395 3713 2669 3782 φαίνεται,
2707 3714 2826 3766 οὑδὲ
2855 3715 2989 3785 πρός
3018 3730 3072 3766 τι
3128 3712 3284 3776 τέλος
3337 3711 3525 3782 λήξειν
3571 3709 3793 3778 ἀγαθόν.

2228 3804 2321 3857 Διό
2368 3822 2459 3875 μοι
2519 3808 2615 3860 καὶ
2658 3807 2946 3876 παραινεῖν
2978 3805 3204 3875 ἐπῆλθε,
3254 3803 3503 3856 τίθεσθαι
3538 3802 3638 3873 τὴν
3664 3804 3794 3871 πρὸς

2229 3896 2394 3949 αὑτὸν
2425 3897 2671 3969 εἰρήνην.
2701 3894 2816 3948 Νῦν
2848 3895 2946 3966 μὲν
2993 3897 3101 3966 γὰρ
3136 3897 3427 3966 ὑπερόριος
3451 3896 3511 3949 ὲν
3548 3895 3795 3965 ἀλλοτρίᾳ

2228 3987 2519 4058 διατρίϐων
2542 3988 2637 4040 καὶ
2664 3989 2763 4057 τῆς
2785 3988 2914 4056 παρ’
2937 3986 3140 4056 ἑτέρων
3169 3986 3420 4056 δεόμενος
3454 3986 3791 4058 ἐπικουρίας,

2228 4079 2461 4148 ἑτοίμως
2491 4080 2555 4131 ἂν
2587 4079 2919 4133 ὑπακούσειε
2942 4079 3090 4147 ’πρὸς
3123 4079 3221 4148 τὴν
3250 4079 3501 4149 εἰρήνην,
3529 4081 3579 4130 εἰ
3607 4079 3792 4146 μέτρια

2228 4169 2538 4238 αἰτοίημενς
2584 4169 2644 4220 El
2675 4167 2721 4220 δ’
2752 4168 2891 4220 οἶκοι
2937 4186 2991 4222 τι
3024 4168 3235 4236 γένοιτο
3264 4170 3357 4221 καί
3386 4185 3530 4231 τινος
3563 4171 3789 4239 εὐπορή-

2231 4275 2345 4311 σειε
2392 4258 2700 4328 δυνάμεως,
2749 4259 2964 4315 δέδοικα
3017 4259 3092 4328 μὴ
3144 4260 3413 4329 δεομένων
3464 4261 3623 4329 ἡμῶν
3654 4261 3787 4313 ἁπα-

2228 4350 2467 4405 ναίνριτο
2497 4348 2678 4414 αὐτὸς,
2705 4343 2791 4401 οἷα
2821 4349 2883 4417 δὴ
2919 4348 3145 4417 βεϐαίας
3180 4348 3281 4419 ἤδη
3310 4348 3407 4401 τοῦ
3440 4351 3786 4419 περιγενήσε‹

502 4492 512 4515 ί
555 4439 735 4494 modis
781 4438 999 4507 alllicto,
1030 4441 1408 4509 immensaque
1434 4439 1485 4492 vi
1515 4441 1759 4508 pecunia:
1787 4441 2079 4510 spoliatum
2106 4459 2121 4507 ;

2233 4441 2359 4493 σθαι
2410 4440 2566 4508 ἡμῶν
2633 4440 2852 4501 ἐλπίδας
2902 4438 3062 4508 ἔχων.
3120 4438 3341 4503 Βασιλὶς
3398 4442 3455 4494 δὲ
3507 4443 3663 4509 λόγον
3698 4442 3786 4509 μὲν

488 4558 504 4576 ι.
555 4530 810 4596 pluribus
858 4544 1121 4599 praeiere:
1168 4546 1291 4585 cum
1341 4531 1634 4585 insolentia
1676 4542 1728 4585 et
1793 4535 2123 4589 contumelia

555 4626 611 4676 in
657 4622 810 4676 illum
871 4623 1187 4693 designatis,
1240 4633 1296 4677 et
1339 4623 1689 4676 amicissimis
1745 4625 2123 4693 cognatisque,

558 4715 680 4767 aliis
714 4715 825 4767 vita
859 4713 1202 4782 fortunisque
1230 4715 1395 4768 simul
1424 4715 1691 4783 expulsis,
1725 4715 1847 4771 aliis
1907 4732 1971 4771 ex
2003 4718 2126 4772 illu-

566 4804 854 4859 strissimis
878 4800 942 4856 'et
971 4802 1248 4872 opulentis
1288 4803 1353 4855 ad
1390 4814 1761 4873 paupertatem
1788 4806 2041 4871 redactis,
2070 4819 2125 4861 et

560 4900 615 4951 in
649 4897 954 4953 custodiam
990 4882 1249 4960 detrusis,
1287 4911 1394 4950 non
1431 4895 1591 4949 facile
1629 4896 1696 4951 ad
1730 4912 1915 4968 pacem
1966 4898 2125 4952 incli-

559 4998 845 5051 naturum,
880 4986 977 5041 sed
1019 4985 1425 5040 vindicaturum
1458 5003 1515 5043 se
1546 4988 1722 5042 modis
1753 4990 2032 5048 omnibus,
2070 4998 2126 5043 et

563 5099 659 5149 par
707 5079 826 5150 pari
872 5078 1173 5132 relaturum
1227 5078 1513 5144 cogitaret.
1578 5079 1718 5134 Hinc
1769 5081 1834 5133 ad
1895 5080 2124 5134 consilia

562 5173 716 5245 pacis
742 5171 1013 5241 agitanda-
1044 5170 1191 5223 lenta
1214 5184 1334 5224 esse
1357 5185 1420 5224 ac
1449 5178 1684 5241 torpere,
1715 5173 1858 5241 quod
1886 5172 2124 5227 laborem

561 5266 783 5318 inanem
817 5269 1056 5330 putaret.
1091 5260 1226 5315 Nam
1262 5261 1579 5330 priusquam
1611 5263 1677 5317 ad
1727 5272 1930 5317 tantam
1982 5263 2126 5317 indi-

561 5355 821 5423 gnitatem
851 5352 1151 5416 veniretur,
1195 5362 1250 5407 et
1295 5353 1381 5408 sui
1434 5354 1581 5407 omni
1621 5355 1947 5410 crudelitate
1992 5372 2126 5411 cou-

516 5502 525 5519 ι
560 5446 893 5514 tumetiaque
944 5444 1000 5497 in
1049 5457 1174 5497 eum
1212 5444 1702 5509 debaccbarentur,
1738 5461 1844 5512 pra:
1872 5445 1995 5498 aliis
2029 5461 2124 5514 pa—

563 5555 682 5592 cent
718 5554 840 5593 sese
892 5536 1281 5603 concupiscere
1326 5538 1603 5605 complura
1655 5537 1815 5591 dabat
1875 5537 2121 5593 indicia:

565 5630 639 5682 ita
680 5647 903 5697 prorsus
950 5631 1289 5695 existimans,
1343 5633 1460 5698 ejus
1515 5630 1643 5684 odio
1671 5631 1874 5684 bellum
1908 5629 2050 5684 istuc
2094 5645 2123 5682 a

569 5721 836 5790 principio
870 5722 1199 5779 concitatum
1239 5722 1426 5788 fuisse,
1462 5735 1561 5775 nec
1590 5736 1715 5777 eum
1747 5722 1850 5776 sibi
1905 5736 1965 5777 ac
1997 5722 2123 5776 ﬁliis

2230 4530 2422 4599 ἔχοντα
2456 4527 2576 4581 εἷπε
2623 4532 2908 4601 παραινεῖν
2934 4569 2948 4594 ,
2986 4530 3082 4582 καὶ
3123 4529 3354 4602 ὕστερον
3404 4533 3434 4585 ὅ
3475 4549 3528 4585 τι
3561 4533 3627 4586 ἄν
3669 4533 3783 4599 δοκῇ

2225 4622 2532 4674 λυσιτελεῖν
2564 4625 2718 4689 κοινῇ
2758 4622 3133 4691 σκεψαμένους
3166 4623 3428 4691 πράττειν
3458 4641 3469 4652 '
3520 4624 3579 4677 τὸ
3623 4624 3677 4676 δὲ
3704 4624 3787 4677 νῦν

2228 4714 2374 4783 ἕχον,
2406 4717 2503 4782 τῆς
2532 4714 2781 4783 δαπάνης
2811 4714 2912 4785 ἤδη
2949 4708 3321 4783 γεγεςθημένηέ
3352 4718 3449 4769 καὶ
3477 4717 3568 4768 τὸν
3608 4697 3786 4785 μισθὸν

2228 4805 2462 4873 ἑχόντων
2493 4804 2599 4856 τῶν
2622 4805 2943 4874 τριηριτῶν,
2978 4803 3185 4857 δίκαιον
3220 4807 3493 4859 ποιεῖσθαι
3542 4808 3633 4860 τὸν
3666 4808 3787 4862 ἀπό·

2227 4895 2420 4947 πλουν.
2454 4893 2639 4947 Ταῦτα
2684 4894 2740 4946 δὲ
2768 4895 2902 4964 αὐτῇ
2932 4894 3172 4963 εἴρηται,
3195 4895 3276 4948 ὅτι
3304 4913 3365 4947 τε
3402 4898 3736 4967 ὲπηγγέλετο
3762 4899 3786 4948 ὁ

2230 4989 2403 5058 μέγας
2439 4988 2586 5052 δοὺξ,
2618 4990 2665 5040 εἰ
2695 4989 2830 5057 πρὸς
2868 4988 3208 5040 Μακεδονίαν
3250 4989 3617 5043 ἁποπλεύσειε
3654 4994 3785 5045 Κανο

2227 5080 2560 5149 τακουζηνὶιν
2588 5078 2737 5144 ἄξειν
2768 5080 3075 5149 δεσμώτην,
3108 5080 3186 5143 ὡς
3226 5082 3574 5150 παραδώσειν
3621 5085 3783 5147 ἐπατ-

2231 5173 2520 5241 γε).ομένου
2546 5171 2759 5240 Κράλη,
2778 5170 2827 5221 εἰ
2852 5169 2985 5239 πρὸς
3003 5169 3167 5226 αὑτὸν
3195 5168 3445 5236 ἀφίκοιτο
3473 5168 3657 5230 αὑτός.
3685 5167 3784 5220 Καὶ

2225 5265 2309 5317 ὅτι
2341 5263 2549 5316 πολλῶν
2582 5263 2683 5333 ἤδη
2718 5261 2828 5332 τῶν
2864 5255 3016 5329 πρὸς
3070 5260 3290 5329 βασιλέα
3338 5257 3781 5327 Καντακουζηνὸν

2210 5354 2336 5406 ’ὑπὸ
2366 5354 2442 5423 τῷ
2475 5353 2570 5405 τοῦ
2602 5351 2844 5421 πολέμου
2872 5352 3051 5420 χρόνῳ
3076 5350 3469 5418 γεγενημένων
3491 5348 3780 5418 δυσχερῶν,

2228 5446 2324 5495 καὶ
2354 5445 2451 5513 τῆς
2483 5461 2541 5496 τε
2570 5443 2778 5512 μητρὸς
2810 5440 3173 5509 δεσμωτηρίῳ
3203 5439 3666 5508 ὲναποθανούσης,
3700 5442 3784 5489 καὶ

2225 5536 2567 5606 Ἀνδρονίκου
2593 5535 2686 5586 τοῦ
2708 5533 2821 5587 υἱοῦ
2851 5533 3017 5586 πολὺν
3040 5533 3138 5603 ἥδη
3167 5532 3359 5602 χρόνον
3380 5531 3603 5600 δεσμοῖς
3621 5547 3781 5601 προσ-

2225 5625 2766 5694 ταλαιπωρήσαντος,
2812 5624 2906 5675 καὶ
2959 5623 3093 5693 ἄλλῃ
3129 5621 3371 5675 κακώσει
3403 5622 3705 5691 χρημάτων
3730 5636 3783 5672 τε

2229 5719 2470 5788 ἀπείρων
2518 5717 2912 5786 ἡρπασμένων,
2956 5718 3049 5769 καὶ
3090 5714 3297 5769 relidit;
3342 5715 3563 5767 ἀτόπων
3598 5712 3795 5769 ἄλλων-
