4062 6290
572 308 708 374 ῙΟΖἸ

1795 311 2121 373 ΙΟᾹΝΝῙΞ
2164 306 2694 370 CANTACUZENI

3591 307 3778 372 -ιορο

569 438 679 488 tem
736 427 984 480 Romano
1039 425 1347 496 ademptam
1381 425 1614 495 imperio
1649 425 1911 480 Triballis
1945 424 2144 478 obses-'

2261 419 2453 490 ιεγάλη
2485 421 2579 472 καὶ
2608 419 2748 490 καλὴ
2775 418 2960 489 μέλλει
2993 417 3348 488 ἀφαιρεῖσθαι
3385 420 3492 474 ὑπ’»
3530 421 3618 491 τῆς
3648 427 3778 477 πολι-

571 520 719 573 suris
747 520 1052 572 necessario
1083 519 1434 594 servituram,
1470 520 1537 572 de
1575 519 1934 572 familiaribus
1967 531 2138 570 unum

572 622 821 681 rogatum
861 612 1028 674 misit,
1087 622 1146 665 ut
1200 612 1303 665 sibi
1362 611 1495 680 ipsis
1535 621 1846 680 parcerent,
1879 624 1980 663 nec
2015 608 2142 662 odio

573 704 630 757 in
680 704 830 757 illum
867 712 1040 756 semet
1073 703 1418 758 atrocissime
1475 705 1772 756 multarent
1813 719 1826 754 :
1861 701 1954 756 sed
1997 714 2142 760 nunc

571 795 678 849 sibi
731 794 1108 862 providerent,
1143 806 1198 849 ct
1230 811 1410 863 neque
1457 811 1533 856 se,
1589 809 1765 862 neque
1806 793 2141 862 praesidium,

570 898 749 952 neque
782 883 1098 951 praefectum
1135 887 1445 954 reciperent
1497 903 1510 938 :
1551 883 1928 938 tantummodo
1973 883 2145 952 impe-

573 975 770 1028 ratrice
801 975 978 1036 Anna,
1017 984 1070 1029 et
1100 979 1218 1047 ejus
1251 977 1362 1031 filio
1391 978 1719 1046 imperatore
1746 978 2060 1039 nominatis,
2089 991 2146 1030 se

571 1079 795 1132 quoque
834 1065 1027 1118 eadem
1062 1066 1286 1120 honoris
1319 1068 1700 1135 appellatione
1738 1082 1866 1121 cum
1905 1068 2012 1120 illis
2065 1066 2147 1120 di-

571 1162 898 1220 gnarentur,
936 1157 1273 1226 perindeque
1303 1158 1384 1212 sui
1411 1158 1461 1210 in
1494 1159 1834 1231 solemnibus
1863 1159 2147 1214 sacriﬁciis

574 1247 981 1311 meminissent,
1025 1248 1184 1317 532
1229 1261 1400 1318 atque
1439 1251 1540 1304 hac
1589 1250 1810 1304 demum
1859 1251 1941 1304 via
1999 1251 2147 1304 ohsi-

574 1337 739 1390 dione
769 1352 826 1391 se
858 1338 1168 1392 eximerent
1207 1357 1220 1391 :
1253 1340 1526 1394 Triballos
1557 1342 1759 1411 quippe
1780 1352 2018 1420 propter
2049 1341 2150 1396 fae-

573 1427 677 1480 dus
726 1436 780 1480 et
803 1429 1211 1497 jusjurandum,
1241 1446 1348 1498 quo
1374 1447 1431 1484 se
1458 1432 1532 1485 illi
1583 1432 2026 1494 obstrinxisscnt,
2055 1450 2151 1489 eos

573 1517 643 1571 de
683 1530 880 1572 caztero
917 1535 1025 1573 non
1057 1521 1105 1573 la
1123 1537 1302 1575 suros.
1341 1521 1444 1576 Ubi
1477 1524 1531 1576 in
1565 1523 1852 1576 Thraciam
1902 1525 2148 1586 redierit,

575 1621 632 1665 et
687 1612 901 1680 reliquo
956 1613 1189 1682 imperio
1241 1615 1487 1669 Romano
1541 1615 1746 1683 potitus
1792 1617 1978 1680 fuerit,
2037 1629 2151 1670 tum

580 1703 682 1770 ipsi
719 1719 937 1772 quoque
968 1706 1193 1760 sube:se
1225 1707 1409 1760 velint.
1453 1708 1546 1762 Sin
1578 1709 1781 1778 aliquid
1818 1709 1884 1762 de
1915 1724 1972 1762 sc
2011 1711 2152 1763 Deus

577 1795 850 1851 statuerit.
885 1806 939 1848 et
969 1796 1108 1848 inter
1151 1799 1396 1851 homines
1448 1814 1606 1868 agere
1641 1799 1886 1864 desierit,
1922 1808 2033 1852 tum
2067 1801 2149 1853 vel

579 1884 645 1934 ad
697 1884 1080 1951 imperatorem
1134 1887 1438 1941 Romanum
1491 1905 1547 1942 se
1575 1890 1849 1957 applicent
1895 1891 1980 1959 (si
2013 1891 2152 1945 forte

579 1977 649 2027 ab
699 1975 951 2029 hostibus
1002 1991 1099 2030 eos
1149 1977 1387 2033 liberare
1453 1981 1651 2049 queat)
1688 2022 1702 2047 ,
1733 1990 1825 2035 aut
1879 1983 2154 2038 frumento

579 2076 636 2119 et
687 2067 898 2135 reliquo
946 2078 1250 2122 commeatu
1321 2072 1727 2140 suppeditante,
1808 2073 2153 2129 obsidionem

585 2151 839 2207 tolerent.
883 2154 1039 2208 Nunc
1063 2165 1134 2209 "ne
1163 2156 1300 2209 adeo
1342 2157 1410 2212 de
1441 2169 1613 2213 semet
1647 2173 1962 2218 mercantur
1992 2166 2153 2229 male,

582 2250 641 2295 ut
693 2259 817 2297 cum
849 2245 1012 2298 salvis
1058 2255 1112 2301 et
1153 2247 1518 2304 incolumibus
1573 2268 1666 2322 per
1706 2255 2053 2322 prudentiam
2103 2267 2159 2313 et

581 2335 860 2390 s'ilertiam
915 2353 1036 2394 esse
1097 2339 1282 2402 liccat,
1337 2344 1479 2398 ultro
1513 2345 1813 2414 perniciem
1848 2363 1999 2402 suam
2033 2366 2155 2404 cum

583 2428 822 2482 lr'vstium
880 2431 1048 2484 armis
1093 2432 1160 2486 ad
1213 2449 1272 2487 se
1335 2437 1636 2492 attrahant.
1693 2439 1816 2493 llaec
1862 2440 2158 2509 imperator

588 2517 826 2570 l‘hcrzeis
856 2520 1140 2586 suadebat,
1185 2531 1241 2576 et
1273 2533 1329 2577 nt
1370 2525 1436 2578 iis
1467 2535 1724 2595 tanquam
1763 2529 1916 2582 valde
1951 2531 2160 2583 condu-

581 2605 838 2661 cibilibus
897 2621 1176 2677 parerent,
1231 2606 1474 2682 rogabat.
1533 2617 1744 2683 Quibus
1797 2620 1874 2674 illi
1931 2623 2156 2685 auditis,

582 2698 944 2752 contumelias
993 2707 1047 2751 et
1079 2704 1360 2758 maledicta
1388 2708 1439 2759 in
1473 2725 1596 2761 cum
1645 2710 1848 2764 affatim
1899 2725 2162 2768 evomunt

537 2860 542 2866 ι
582 2781 866 2850 aiuntque,
905 2786 1072 2855 magis
1095 2803 1221 2842 eum
1254 2792 1337 2844 sui
1380 2794 1548 2874 ipsius
1603 2812 1958 2869 suorumque,
1995 2818 2158 2872 quam

586 2872 938 2928 Pheraeorum
991 2879 1150 2932 saluti
1193 2881 1395 2936 debere
1433 2872 1764 2954 prospicere.
1801 2891 1940 2955 Quin
1995 2903 2049 2946 et
2079 2893 2160 2946 le-

586 2972 772 3030 gatum
807 2965 1166 3032 interficiunt,
1211 2987 1414 3043 corpus
1452 2968 1842 3045 quadrifariam
1892 2981 2096 3037 imman
2123 3001 2162 3040 -s

585 3053 780 3108 helluze
815 3057 1128 3127 dissecant;
1182 3074 1366 3132 partes
1417 3065 1641 3124 funibus
1686 3086 1785 3140 per
1832 3080 2012 3130 turres
2038 3090 2161 3130 sus-
2192 3107 2235 3166 ο

587 3148 858 3214 pendunt.
895 3149 1120 3222 indigne
1162 3155 1284 3210 tulit
1318 3157 1637 3226 imperator,
1692 3163 1998 3236 fecisseque
2044 3183 2157 3221 rem

586 3241 928 3298 crudelitatis
959 3255 1014 3299 et
1048 3247 1418 3317 incogitantia:
1484 3254 1698 3320 plenam
1733 3256 2022 3326 judicavit.
2057 3259 2160 3314 Per

588 3333 882 3401 quemdam
915 3335 1206 3408 Georgium
1246 3357 1465 3411 quoque
1488 3344 1622 3400 foris
1673 3347 2035 3418 interceptum
2067 3352 2159 3405 lit-

590 3433 736 3477 teras
769 3425 833 3478 ad
858 3442 954 3480 eos
981 3429 1149 3494 misit,
1191 3433 1392 3508 quibus
1415 3434 1808 3492 immanitatem
1834 3440 1916 3493 eis
1949 3450 2004 3494 et
2033 3457 2163 3496 con-

587 3513 696 3566 silii
729 3515 1050 3582 pravitatem
1078 3524 1450 3589 exprobravit,
1476 3526 1927 3599 calamitatesque
1962 3533 2163 3587 multas

591 3605 729 3673 ipsis
761 3606 1138 3675 importandas
1163 3615 1574 3681 praenuntiavit,
1614 3627 1669 3671 et
1713 3627 1843 3673 tunc
1871 3622 1939 3674 ab
1968 3637 2026 3676 se
2066 3623 2166 3677 im-

592 3697 906 3765 ploraturos
933 3700 1224 3767 auxilium,
1256 3706 1475 3772 quando
1513 3707 1618 3762 sibi
1659 3709 1832 3774 aliud,
1867 3727 2029 3781 quam
2070 3730 2166 3768 eo-

590 3803 709 3841 rum
747 3789 921 3844 vicem
963 3790 1172 3856 dolere,
1223 3795 1302 3851 fas
1352 3812 1461 3852 non
1496 3799 1623 3854 erit.
1675 3789 1906 3857 Romani
1952 3821 2166 3861 summa

594 3881 979 3951 desperatione
1025 3887 1501 3955 conflictabantur,
1555 3893 1634 3948 sic
1691 3909 1877 3950 secum
1939 3900 2166 3956 ratioci-

593 3985 819 4029 nantes.
855 3975 993 4043 Quia
1033 3978 1239 4035 Pheraai
1273 3990 1380 4036 tam
1434 3985 1728 4041 nefandum
1759 3991 1938 4046 scelus
1981 4003 2168 4048 essent

593 4067 732 4129 ausi,
795 4071 860 4122 ad
912 4071 1073 4124 aliam
1118 4075 1309 4128 urbem
1369 4077 1685 4146 imperatori
1742 4081 1884 4135 viam
1941 4099 2168 4152 prorsus

587 4159 699 4228 jam
731 4161 1046 4228 praeclusam
1077 4179 1217 4220 esse.
1250 4166 1405 4222 Unde
1427 4184 1550 4222 eum
1585 4171 1852 4227 adeuntes
1877 4175 2169 4231 obsecrant

592 4266 663 4304 ne
723 4252 934 4308 diutius
990 4267 1302 4323 cunctetur,
1387 4275 1525 4316 neve
1592 4261 1797 4317 frustra
1857 4265 2169 4323 laborantes

595 4350 810 4410 tempus
833 4353 1117 4400 conterere
1151 4348 1409 4416 patiatur,
1429 4349 1524 4405 sed
1550 4350 1992 4419 Didymotichum
2020 4355 2175 4411 festi-

2250 514 2444 579 ορκίας
2505 512 2726 582 ἀνάγκῃ
2779 512 3073 581 Τριὸαλοῖς
3122 511 3510 576 δουλεύεουσα,
3565 514 3666 567 τῶν
3713 517 3780 568 oi-

2247 604 2410 657 κείων
2472 603 2692 673 πέμψας
2745 604 2880 668 ἕνα,
2941 604 3242 672 παρεκάλει
3288 604 3568 672 φείδεσθαι
3612 608 3780 675 αὐτῶν,

2247 696 2338 748 καὶ
2383 693 2455 764 μὴ
2511 696 2661 762 μίσει
2705 695 2783 764 τῷ
2829 697 2909 756 εἰς
2957 696 3186 756 ἐκεῖνον,
3238 697 3306 748 τὰ
3353 697 3625 766 ἀνήκεστα
3669 705 3783 769 σφᾶς

2246 789 2444 851 αὐτοὺς
2499 787 2838 841 διατιθέναι·
2891 787 3029 841 ἀλλά
3081 788 3176 841 νῦν
3225 790 3322 858 μὲν
3378 791 3634 860 πρόνοιάν
3683 810 3782 845 τινα

2246 878 2426 930 αὐτῶν
2468 880 2764 943 ποιεῖσθαι,
2802 879 2897 932 καὶ
2934 881 3071 950 μήτε
3105 880 3361 950 δέχεσθαι
3396 884 3476 944 είς
3507 882 3601 952 τὴν
3636 885 3781 947 πόλιν,

2252 972 2380 1040 μήτ’
2419 972 2602 1035 αὐτον,
2661 973 2798 1041 μήτε
2858 975 3123 1042 φρουρὰν,
3181 975 3319 1042 μήτε
3381 975 3643 1044 ἡγεμόνα,
3677 977 3785 1028 ἀλλὰ

2252 1065 2411 1131 μόνον
2434 1064 2532 1129 τῆς
2563 1062 2832 1132 βασιλίδος
2873 1064 3076 1133 Ἀννης
3126 1065 3221 1116 καὶ
3265 1064 3537 1132 βασιλέως
3566 1066 3653 1116 τοῦ
3693 1064 3787 1116 vim)

2251 1153 2687 1224 φημιζομένων,
2745 1155 3020 1224 εὐφημίας
3083 1156 3177 1207 καὶ
3218 1156 3382 1208 αὑτλν
3436 1155 3552 1222 ἅμα
3595 1159 3788 1219 ἐκείνοις

2248 1247 2433 1310 ἀξιοῦν
2488 1250 2580 1300 καὶ
2623 1249 2990 1318 μνημονεύειν
3042 1250 3100 1300 ἐν
3150 1249 3396 1310 τελεταῖς
3446 1252 3564 1311 ταῖς
3615 1251 3788 1319 ἱεραῖς,

2255 1343 2350 1391 καὶ
2381 1338 2570 1393 τοῦτον
2623 1340 2715 1391 τὸν
2763 1341 2963 1410 τρόπον
3011 1341 3120 1392 τῶν
3150 1345 3212 1392 ἐκ
3240 1341 3337 1408 τῆς
3365 1342 3518 1392 πολις
3532 1343 3677 1410 ρκίας
3705 1345 3787 1394 ἀπο

2251 1432 2608 1484 αλλάττεσθαι
2665 1433 2852 1483 κακῶν
2885 1448 2899 1462 ⁸
2935 1433 3116 1485 οὐκέτι
3149 1433 3257 1501 γὰρ
3292 1435 3639 1502 ἀδικήσουσιν
3666 1436 3790 1487 οὐδὲν

2252 1525 2450 1586 arb-.03;
2484 1526 2531 1576 οἱ
2560 1524 2820 1592 Τριδαλοὶ
2847 1524 2933 1576 διά
2956 1525 3082 1586 τοὺς
3106 1526 3300 1594 ὅρκους
3331 1527 3432 1578 καὶ
3473 1528 3691 1590 σπονδὰς
3714 1531 3791 1590 τὰς

2253 1613 2386 1684 πρὸς
2417 1611 2598 1665 αὐτόν.
2638 1613 3125 1681 Ἀναχωρήσαντος
3177 1614 3235 1666 δὲ
3276 1614 3449 1667 αὑτοῦ
3493 1616 3792 1696 πρδςΘρᾲο

2187 1757 2228 1811 Β
2257 1720 2381 1770 κην,
2419 1703 2484 1756 ἂν
2548 1703 2647 1770 μὲν
2695 1703 2922 1772 καὶτῆς
2972 1704 3140 1773 ἄλλης
3197 1707 3373 1776 ἀρχῆς
3418 1707 3655 1769 φαίνοιτο
3688 1707 3794 1759 Ῥωο

2262 1793 2434 1862 μαίων
2465 1793 2760 1862 ἐγκρατὴς,
2795 1794 3042 1846 ὑπείκειν
3075 1798 3170 1848 καὶ
3195 1796 3420 1860 αύτούς.
3445 1799 3504 1849 Ei
3538 1799 3594 1850 δέ
3618 1815 3664 1850 τι
3688 1799 3794 1862 περὶ

2262 1882 2427 1934 αὑτοῦ
2461 1881 2689 1952 ὕστερον
2729 1884 3080 1953 βουλεύσαιτο
3130 1888 3158 1939 ό
3201 1887 3332 1950 Θεὸς
3364 1888 3461 1941 καὶ
3496 1889 3729 1942 ἀπόλοιτο
3753 1888 3798 1951 ἐξ

2262 1975 2587 2045 ὰ·.θρώπων,
2624 1975 2733 2028 τότ’
2793 1976 2895 2046 ἠδη
2945 1977 2976 2047 ἢ
3033 1978 3108 2047 τῷ
3165 1978 3507 2048 βασιλεύοντι
3549 1982 3798 2049 Ῥωμαίων

2263 2067 2575 2138 προσέχειν,
2603 2069 2668 2121 ἂν
2688 2068 2912 2138 δύνηται
2933 2071 3255 2140 ἐλευθεροῦν
3274 2074 3381 2124 ἀπο
3407 2074 3518 2126 τῶν
3540 2075 3798 2144 πολεμίων,

2263 2163 2296 2229 ἢ
2332 2162 2478 2213 σῖτον
2521 2160 2742 2228 ἔχοντας
2768 2161 2861 2212 καὶ
2893 2161 3059 2230 ἀλλην
3094 2162 3380 2231 ἀφθονίαν,
3413 2166 3698 2235 ὑπομένειν
3722 2167 3800 2234 τὴν

2265 2251 2609 2324 πολιορκίαν.
2674 2251 2814 2304 Νυνὶ
2865 2252 2923 2305 δέ
2983 2254 3057 2322 μὴ
3110 2253 3254 2307 οὕτω
3286 2257 3480 2321 κακῶς
3530 2259 3652 2328 περὶ
3681 2257 3801 2324 σφῶν

2265 2343 2447 2396 αύτῶν
2479 2341 2901 2412 βουλεύσασθαι,
2937 2343 3080 2396 ὥστε
3109 2347 3289 2398 ἑκοντὶ
3321 2349 3544 2401 ἑλέσθαι
3570 2350 3635 2401 τὰ
3661 2349 3799 2410 δεινὰ,

2265 2433 2360 2486 καὶ
2400 2433 2489 2486 τὸν
2519 2435 2764 2504 πόλεμον
2814 2436 3044 2491 ἑλκύσαι
3097 2438 3218 2491 κατ’
3249 2440 3434 2492 αὐτῶν
3471 2442 3587 2494 ἐνὸν
3621 2442 3800 2494 συνέσει

2267 2525 2361 2576 καὶ
2393 2525 2644 2595 ἀγχινοίᾳ
2665 2525 3052 2590 διασώζεσθαι.
3085 2529 3298 2581 Βασιλε
3322 2547 3349 2591 ς
3381 2533 3484 2600 μὲν
3504 2527 3595 2584 οὖν
3613 2531 3801 2584 τοιαῦτα

2265 2617 2511 2682 Φεραίοις
2551 2618 2928 2678 συνεϐούλευε,
2958 2621 3054 2672 καὶ
3084 2621 3372 2674 πείθεσθαι
3409 2623 3579 2675 ἐδεῖτο
3598 2621 3667 2684 ὡς
3702 2638 3802 2674 συν-

2266 2709 2473 2760 οίσουσι
2527 2709 2804 2778 μεγάλως,
2855 2712 3084 2764 Ἐκεῖνοι
3116 2714 3171 2766 δὲ
3227 2715 3353 2767 ἐπεὶ
3389 2715 3698 2779 ἀκούσειαν,
3729 2715 3801 2783 βτ-

2270 2800 2464 2863 σιλέως
2497 2801 2594 2870 μὲν
2627 2801 2828 2865 πολλὰς
2859 2802 3047 2873 ὓξρεις
3095 2807 3357 2875 κατέχεον
3407 2809 3506 2860 καὶ
3531 2807 3798 2878 λοιδορίας·

2267 2890 2362 2942 καὶ
2423 2891 2625 2961 μᾶλλον
2674 2893 2886 2961 ἔφασαν
2918 2897 3110 2964 ἐκείνῳ
3157 2900 3286 2965 περὶ
3335 2898 3566 2963 ἑαυτοῦ,
3608 2898 3800 2952 καὶτῶν

2269 2981 2538 3033 συνόντων
2575 2981 2894 3052 βουλευτέον
2927 2985 2992 3037 ἂν
3031 2988 3117 3055 εἴη
3157 2990 3265 3056 ὅπη
3301 2990 3624 3060 σωθήσεται,
3649 2991 3676 3060 ἢ
3703 2990 3802 3059 περὶ

2268 3072 2446 3140 ἡμῶν.
2507 3072 2613 3127 Τὸν
2649 3073 2705 3126 δέ
2747 3075 3092 3145 πρεσϐευτὴν
3137 3079 3556 3154 ἀποσφάξαντες
3589 3083 3672 3134 καὶ
3721 3080 3803 3133 διε-

2266 3163 2456 3225 λόντες
2505 3165 2752 3235 τετραχῆ
2819 3166 3099 3237 θηριωδςὶς
3158 3169 3252 3220 καὶ
3307 3161 3802 3242 ἀπανθρώπως,’τά

2266 3259 2532 3326 τμήματα
2588 3258 2799 3328 ἀνῆψαν
2832 3258 3152 3323 καλλωδίοις
3207 3263 3264 3314 ἐν
3319 3264 3437 3325 τοῖς
3489 3265 3717 3332 πύργοις.
3749 3263 3798 3312 ’Δ

2271 3347 2526 3415 βασιλεὺς
2560 3349 2659 3418 μὲν
2689 3350 2840 3402 δεινά
2871 3353 3079 3420 ἡγεῖτο,
3114 3354 3210 3405 καὶ
3257 3353 3468 3426 πολλὴν
3499 3356 3603 3408 τῶν
3628 3355 3801 3421 ἀνδρῶν

2268 3439 2672 3510 ἀπανθρωπίαν
2704 3443 3086 3511 κατεγίνωσκε,
3113 3445 3210 3497 καὶ
3235 3446 3516 3513 ἀϐουλίαν,
3545 3448 3736 3516 ἔπεμπε
3758 3446 3801 3497 δὲ

2271 3531 2362 3583 καὶ
2397 3531 2701 3601 γράμματα
2739 3532 2920 3596 αὐτοῖς
2953 3534 3040 3586 διά
3076 3552 3218 3597 τινος
3253 3536 3532 3607 Γεωργίου
3573 3539 3669 3604 ἔξω
3700 3538 3799 3589 συλ-

2270 3621 2589 3690 ληφθέντος,
2639 3625 2737 3692 τήν
2787 3641 2844 3676 τε
2893 3625 3153 3694 ὠμότητα
3181 3631 3275 3679 καὶ
3326 3628 3427 3698 τὴν
3478 3629 3796 3682 κακοϐουλίαν

2271 3710 2624 3778 ὀνειδίζοντα,
2683 3715 2780 3766 καὶ
2829 3716 3039 3768 πολλῶν
3097 3726 3598 3787 προαναφωνοῦντα
3647 3719 3798 3772 δεινῶν

2273 3802 2592 3872 ἐπαγωγὴν,
2628 3805 2724 3856 καὶ
2773 3805 2848 3868 ὡς
2889 3808 3010 3858 τότε
3041 3807 3138 3876 τῆς
3176 3808 3302 3877 παρ’
3351 3810 3518 3863 αὐτοῦ
3561 3811 3800 3881 δεήσονται

2273 3895 2617 3965 ἐπικουρίας,
2682 3896 2845 3967 ἡνίκα
2921 3897 3046 3972 μηδ’
3099 3900 3251 3967 αύτῷ
3307 3903 3399 3954 τοῦ
3467 3904 3602 3974 ὑπὲρ
3657 3901 3800 3954 αὐτῶν

2275 3984 2530 4037 ἀνιᾶσθαι
2558 3984 2720 4038 πλέον
2746 4003 2799 4038 τι
2826 3985 3057 4050 ἐξέσται.
3088 3990 3152 4041 Oi
3205 3990 3263 4040 δέ
3300 3990 3551 4052 συνόιτες
3586 3989 3799 4056 Ῥωμαίοι

2275 4076 2332 4126 ἐν
2365 4076 2515 4146 πάσῃ
2563 4075 2661 4145 ἤδη
2725 4077 3072 4130 καθέστασαν
3127 4079 3431 4150 ἀμηχανία,
3489 4081 3579 4132 καὶ
3637 4079 3799 4144 ἄπορον

2277 4168 2634 4222 παντάπασιν
2667 4167 2900 4238 ἡγοῦντο
2936 4169 3091 4222 πόλιν
3141 4170 3352 4238 βασιλεί
3383 4172 3577 4242 ἑτέραν
3617 4167 3800 4238 προσελ-

2277 4261 2408 4323 θεῖν,
2473 4260 2722 4330 Φεραίων
2775 4243 3004 4314 τοιαῦτα
3031 4263 3471 4332 τετολμηκότων.
3529 4263 3680 4317 Ὅθεν
3727 4259 3799 4312 καὶ

2279 4353 2488 4405 ἐδέοντο
2519 4351 2784 4422 βασιλέως
2812 4342 3156 4416 συνελθόντες
3189 4357 3393 4423 μηκέτι
3435 4357 3663 4423 μέλλειν,
3695 4350 3798 4421 μηδὲ

594 4441 724 4486 nent
747 4442 806 4487 ut
829 4451 950 4489 cum
973 4439 1088 4492 suis
1109 4441 1576 4496 commilitonibus
1623 4452 1719 4497 aut
1747 4445 1954 4515 aliquid
1981 4449 2162 4502 nanci-

2276 4445 2628 4515 κατατρίῦειν
2658 4445 2749 4497 τὸν
2780 4445 2971 4516 καιρὸν
3002 4444 3244 4515 ἀνήνύτα
3275 4447 3593 4511 πονοῦντας,
3620 4444 3718 4498 ἀλλ’
3740 4444 3798 4499 εἰς

593 4533 819 4577 ειιιιηιιιτ
847 4527 997 4590 boni,
1023 4529 1068 4582 si
1125 4545 1212 4585 res
1266 4531 1482 4586 felicius
1516 4533 1675 4587 ibunt
1708 4574 1722 4598 ,
1759 4544 1853 4590 aut
1891 4537 1936 4590 si
1967 4537 2042 4592 ita
2076 4554 2172 4593 ne-

593 4629 748 4671 cesse
799 4618 984 4683 fuerit,
1035 4620 1198 4674 simul
1257 4624 1613 4677 occumbant.
1665 4625 1936 4690 Quoniam
2004 4628 2172 4698 igitur

592 4709 964 4764 reversionem
1014 4727 1361 4782 summopere
1421 4717 1910 4785 concupiscebam,
1967 4720 2174 4787 placuit

596 4798 915 4868 imperatori
952 4817 1168 4870 quoque
1192 4820 1380 4857 eorum
1407 4808 1560 4874 sequi
1591 4809 1913 4876 consilium;
1947 4820 2002 4864 et
2029 4812 2175 4865 salus

597 4897 714 4942 tato
738 4889 917 4952 Crale,
963 4893 1372 4963 assumptisque
1417 4911 1553 4964 quas
1583 4897 1746 4951 dabat
1782 4901 2032 4969 copiolis,
2071 4902 2176 4955 iter

597 4985 859 5051 capessit.
895 4984 1083 5038 Crales
1123 4985 1316 5040 Pheris
1379 4988 1629 5051 relictus,
1671 5005 1861 5060 agrum
1903 4990 2178 5046 deforma-

595 5075 717 5140 bat,
749 5087 805 5129 et
833 5077 1048 5131 flamma
1085 5078 1344 5148 ferroque
1393 5081 1734 5148 devastabat,
1791 5099 1856 5137 ac
1912 5085 2178 5154 perdebat

599 5170 783 5223 omnia
811 5172 1049 5239 penitus.
1103 5173 1406 5242 Imperator
1454 5177 1643 5246 procul
1699 5179 1891 5232 Pheris
1925 5180 2178 5232 animad-

599 5272 845 5326 vertens,
885 5275 1185 5333 sequentes
1234 5282 1291 5320 se
1327 5268 1600 5324 Triballos
1645 5269 1783 5324 nihil
1818 5286 1938 5325 esse
1981 5281 2178 5341 prater

605 5355 825 5409 turbam
865 5356 1112 5410 inutilem
1141 5359 1492 5428 (fortissimos
1543 5363 1812 5430 siquidem
1861 5362 2046 5417 Crales
2077 5378 2178 5417 an-

603 5456 694 5501 tea
754 5460 1087 5519 segregatos,
1122 5451 1353 5506 urbibus
1406 5469 1543 5522 quas
1589 5455 1784 5508 Chrele
1832 5465 2049 5508 mortuo
2093 5469 2182 5510 ac-

597 5549 852 5604 ceperat,
898 5557 996 5610 pro
1031 5543 1381 5610 praesidiariis
1410 5545 1758 5608 attribuerat,
1797 5545 1956 5616 533
1992 5545 2181 5600 adhaze

604 5631 868 5687 diiturna
943 5635 1293 5703 expeditione
1386 5629 1683 5694 exhaustos
1731 5654 1794 5692 ac
1873 5645 2182 5692 maeeratos

616 5718 855 5787 (Cratero
889 5725 1088 5794 qu3ppe
1137 5728 1259 5795 plus
1287 5727 1426 5783 duas
1473 5746 1688 5786 menses
1712 5729 1883 5786 secuti
1921 5721 2178 5798 fuerant),

2273 4535 2656 4606 Διδυμότειχον
2717 4535 3057 4601 ἐπείγεσθαι,
3107 4533 3183 4596 ὡς
3237 4532 3354 4605 ἅμα
3403 4537 3516 4598 τοῖς
3562 4527 3797 4594 οἰκείοιςῆ

2273 4627 2418 4688 τινὸς
2449 4626 2740 4696 τυγχάνειν
2785 4625 3016 4694 ἀγαθοῦ,
3071 4629 3120 4679 εἰ
3169 4626 3306 4696 πρὸς
3339 4626 3401 4678 τὸ
3431 4625 3627 4696 βέλτιον
3654 4622 3798 4678 αὐτοῖς

2273 4721 2342 4774 τά
2374 4719 2958 4792 πράγματαςχωροίη,
2999 4721 3032 4791 ἢ
3084 4719 3457 4789 ἀποθνήσκειν
3503 4719 3548 4771 εί
3577 4719 3797 4785 δεήσειεν.

2288 4815 2496 4869 Ἐδόκει
2527 4815 2626 4885 μὲν
2667 4813 2762 4867 οὖν
2789 4817 2884 4867 καὶ
2919 4813 3132 4882 βασιλεῖ
3159 4817 3272 4876 τοῖς
3303 4813 3526 4866 ἐκείνων
3563 4806 3797 4863 πείθεσθαι

2279 4908 2647 4979 βουλεύμασιν
2705 4907 2850 4960 οὕτω
2903 4907 3296 4975 περιπλείστου
3349 4904 3678 4974 ποιουμένων
3722 4904 3796 4960 την

2279 5000 2559 5056 ἐπάνοδον.
2591 5001 2699 5052 Καὶ
2728 4997 3132 5067 συνταξάμενος
3168 4997 3384 5072 Κράλῃ,
3427 4989 3730 5064 παραλαϐών
3753 4999 3797 5035 τε

2278 5095 2377 5165 τὴν
2430 5094 2692 5163 στρατιὰν
2744 5092 2877 5161 ὅσην
2938 5091 3101 5153 αὐτὸς
3160 5089 3454 5159 παρείχετο
3501 5078 3798 5139 συνέπεσθαι,

2280 5188 2487 5256 εἴχοντο
2520 5185 2662 5239 ὁδοῦ.
2707 5184 2930 5253 Κράλης
2981 5181 3037 5234 δὲ
3087 5182 3144 5234 ἐν
3173 5182 3368 5250 Φεραῖς
3401 5173 3796 5242 ὑπολειπόμενος,

2283 5272 2476 5341 ἔτεμνε
2505 5271 2604 5341 τὴν
2636 5273 2764 5340 γῆν,
2793 5271 2890 5322 καὶ
2917 5269 3076 5340 ἐδῄου
3105 5269 3281 5320 πάντα
3308 5267 3472 5337 ἄρδην
3497 5261 3797 5329 διαφθείρων.

2284 5363 2546 5425 Βασιλεὺς
2580 5363 2637 5415 δέ
2669 5361 2790 5414 ἐπεὶ
2815 5363 3028 5430 γένοιτο
3079 5360 3296 5430 μακρὰν
3333 5358 3541 5436 Φερῶν,
3589 5346 3794 5408 συνιδὼν,

2285 5455 2416 5522 ὠςὴ
2443 5453 2690 5522 ἐπομένη
2740 5451 2970 5522 στρατιὰ
3017 5451 3127 5504 τῶν
3173 5452 3215 5502 Τ
3221 5450 3455 5521 ρι6αλῶν
3487 5446 3630 5538 ὄχλος

2287 5541 2547 5613 ἀνόνητός
2579 5545 2709 5603 είσι,
2756 5543 2881 5603 τοὺς
2933 5541 3190 5610 ἀρίστους
3229 5541 3340 5609 γὰρ
3374 5537 3546 5591 αὐτῶν
3580 5528 3799 5624 ἀπολεςξ·

2293 5650 2453 5702 μενος
2503 5633 2768 5702 πρότερον
2797 5635 2825 5686 ὁ
2859 5632 3103 5702 Κράλης,
3140 5631 3389 5700 φρουρὰν
3429 5625 3665 5716 κατέλιπε
3705 5625 3798 5716 τεις

2293 5726 2530 5792 πόλεσιν»
2557 5725 2621 5789 ἃς
2645 5725 2825 5795 Χρέλη
2855 5724 3064 5794 ἕλίοντοπῖ
3091 5722 3230 5794 μετὰ
3251 5721 3350 5790 τὴν
3375 5720 3570 5774 ἐκείνου
3587 5711 3796 5769 τελευτην
