4062 6290
343 327 474 402 102}

1472 329 2021 393 HISTORIARUM
2065 334 2308 397 LIBER
2352 337 2470 398 IlI.

3456 325 3596 390 102?

338 445 534 500 ἐλαϐεν
571 443 758 507 αὐτὸς,
814 441 988 507 ἄλλως
1043 461 1103 498 τε
1147 445 1241 500 καὶ
1301 445 1409 500 τῶν
1473 447 1912 516 ὑπολειφθέντων

2028 446 2272 520 ρί-ιοιετθτι
2329 453 2594 506 immensa
2647 449 2881 521 quadam
2941 442 3236 500 formidine
3303 444 3587 508 attonitos,

341 537 544 608 χρονίῳ
569 551 632 588 ru
676 535 939 606 στρατείᾳ
989 537 1588 607 τεταλαιπωρηκότων·
1621 533 1764 607 ἦσαν
1807 538 1916 606 γὰρ

343 629 510 682 πλέον
535 627 568 698 ἢ
596 627 718 679 δυσὶ
751 627 1020 697 πρότερον
1059 630 1194 697 μησὶ
1223 629 1414 699 Κράλῃ
1447 630 1708 700 ἑπόμενοι
1737 645 1915 699 στρα-

341 719 660 787 τευομένῳο
693 718 868 781 ἄλλως
895 735 954 770 τε
987 719 1082 772 καὶ
1128 719 1240 771 δέει
1264 719 1479 788 ἀσχέτῳ
1514 719 1915 789 κατεχομένων,

340 813 437 864 καὶ
467 809 798 880 νομιζόντων
826 810 925 863 οὐκ
954 811 1034 873 είς
1082 811 1326 880 Θρᾴκην,
1372 809 1489 864 ἀλλ’
1520 811 1600 874 εἰς
1665 809 1918 880 Πάρθους

344 905 376 974 ἢ
421 902 614 965 Ἰνδοὺς
647 901 1064 972 στρατεύεσθαι,
1101 903 1224 955 ὅθεν
1271 903 1372 955 οὐκ
1425 901 1644 966 ἐξέσται
1697 897 1916 974 μηκανῇ

346 995 580 1064 οὐδεμιᾷ
635 993 818 1047 οἴκαδε
859 993 1202 1058 ἐπανελθεῖν,
1238 994 1332 1046 καὶ
1378 993 1468 1046 διὰ
1517 992 1678 1046 τοῦτο
1711 977 1803 1045 καὶ
1834 993 1920 1045 ἴπ-

347 1103 484 1148 πους
531 1084 1015 1154 πολεμιστηρίους,
1083 1085 1180 1137 καὶ
1224 1085 1386 1151 ὅπλα,
1419 1084 1512 1138 καὶ
1543 1085 1598 1137 εῐ
1621 1101 1674 1136 τι
1723 1083 1920 1152 ἐπεφέ-

347 1195 505 1247 ροντο
535 1178 803 1248 χρήσιμον
837 1176 973 1248 πρὸς
1016 1175 1107 1229 τὸν
1141 1176 1401 1247 πόλεμον,
1453 1176 1636 1230 οἴκαδε
1666 1177 1921 1245 ἀποπεμ-

349 1271 582 1331 πόντων,
629 1268 720 1320 ἵνα
775 1266 948 1321 ταῦτα
980 1266 1112 1334 γοῦν
1140 1270 1258 1329 τοῖς
1307 1269 1494 1322 παισὶν
1539 1265 1916 1336 ὑπολειφθείη,

344 1363 421 1423 ὡς
447 1361 674 1413 ἐκείνων
695 1359 1083 1428 ἀπολουμένων
1106 1358 1347 1422 πάντως·
1373 1359 1547 1412 ταῦτα
1576 1359 1640 1427 δὴ
1677 1358 1920 1428 συνορῶν

348 1455 378 1503 ὁ
415 1452 687 1522 βασιλεὺς,
741 1453 837 1505 καὶ
891 1449 1212 1519 βουλόμενος
1271 1449 1351 1511 εἰς
1405 1449 1786 1518 Διδυμότειχον
1844 1449 1919 1518 μὴ

349 1544 525 1606 οὕτως
561 1541 857 1611 ἀφικέσθαι
887 1540 1147 1610 ἀσθενὴς,
1183 1539 1314 1593 ὥσθ’
1347 1540 1450 1593 ὑπὸ
1480 1540 1792 1603 Βυζαντίων
1826 1542 1922 1594 καὶ

346 1639 511 1700 αὐτὸς
541 1633 956 1704 πολιορκεῖσθαι
981 1648 995 1663 ⁸
1030 1631 1144 1684 οὔτ’
1177 1632 1328 1702 αὑτῷ
1355 1633 1465 1702 γὰρ
1495 1631 1620 1684 οὔτε
1652 1637 1762 1694 τοῖς
1795 1649 1921 1684 συν-

344 1729 466 1782 οῦσι
504 1727 662 1782 τοῦτο
687 1726 922 1796 μάλιστα
953 1724 1252 1778 συνοίσεινο
1288 1723 1558 1794 ἐσκέψατο
1589 1725 1669 1787 είς
1695 1724 1919 1794 Κράλην

346 1820 738 1889 ἀναστρέφειν,
784 1818 878 1870 καὶ
907 1817 1176 1887 στρατιὰν
1221 1815 1519 1886 ἀξιόχρεων
1547 1817 1742 1881 αἰτεῖν,
1775 1816 1917 1870 ὥστε

349 1916 432 1976 είς
489 1912 872 1979 Διδυμότειχον
913 1909 1148 1978 φοϐερὸν
1201 1910 1314 1971 τοῖς
1354 1909 1637 1977 πολεμίοις
1694 1909 1920 1963 ἐλθόντα

347 1999 518 2069 εἷναι,
549 2002 684 2054 άλλά
721 2001 799 2071 μὴ
842 1999 1309 2069 καταφρονεῖσθαι
1345 1999 1432 2053 διά
1466 2001 1566 2070 τὴν
1595 2000 1918 2070 ἀδυναμίαν.

359 2094 516 2148 Ἐπεὶ
540 2092 596 2146 δὲ
632 2091 729 2146 καὶ
772 2093 891 2154 τοῖς
929 2089 1150 2162 συνοῦσι
1187 2089 1479 2157 Ῥωμαίοις
1509 2089 1784 2143 ἐκοινοῦτο
1821 2089 1921 2161 τὴν

351 2185 569 2254 βουλὴν,
605 2185 806 2245 πάντες
831 2181 1020 2249 ῶσπερ
1052 2185 1114 2233 ἐκ
1139 2180 1485 2250 συνθήματος
1513 2183 1694 2250 πάντα
1720 2182 1922 2252 μᾶλλον

348 2278 560 2345 ἔφασαν
594 2273 869 2343 αἱρεῖσθαι
923 2272 1241 2342 ὑπομένειν,
1294 2272 1390 2325 καὶ
1420 2274 1630 2341 μυρίων
1677 2272 1922 2325 θανάτων

351 2366 726 2438 κατατολμᾷν,
761 2367 794 2437 ἢ
831 2367 913 2426 είς
943 2364 1040 2435 τὴν
1071 2367 1174 2436 γῆν
1204 2364 1360 2426 αὖθις
1388 2365 1754 2432 ἀναστρέφειν
1788 2365 1922 2436 Τριο

349 2459 553 2512 σα-λῶν.
588 2459 661 2510 Οὐ
699 2458 810 2526 γὰρ
841 2456 1089 2526 ἐνόμιζον
1139 2458 1219 2518 είς
1249 2455 1356 2525 γῆν
1387 2456 1755 2524 πορεύσεσθαι
1789 2455 1924 2526 ήλίῳ

348 2548 864 2620 περιλαμπομένην,
920 2549 1012 2600 καὶ
1067 2543 1174 2598 ὑπὸ
1221 2543 1524 2615 ἀνθρώπων
1575 2546 1922 2616 οἰκουμένην,

351 2643 470 2696 ἀλλ’
511 2643 592 2705 είς
651 2639 780 2711 ᾅδου
834 2638 1182 2709 κευθμῶνας,
1226 2639 1321 2691 καὶ
1367 2637 1580 2708 νεκρῶν
1615 2638 1921 2708 διατριϐὰς,

345 2738 443 2788 -και
475 2733 604 2788 ἄλλο
643 2734 704 2785 εῐ
729 2749 784 2786 τι
833 2731 1285 2802 δυσχερέστερον.
1326 2730 1504 2784 Πολλά
1551 2730 1606 2783 δὲ
1660 2729 1924 2800 βασιλέως

354 2827 771 2897 παραινοῦντος,
807 2825 882 2886 ὼς
935 2823 1130 2894 βελτίω
1184 2823 1280 2876 καὶ
1331 2823 1752 2893 λυσιτελέστερα
1801 2823 1924 2892 βου-ε

353 2917 566 2970 λεύοιτο
601 2917 692 2969 καὶ
720 2915 976 2984 δεομένου
1004 2914 1313 2977 πείθεσθαι,
1337 2913 1446 2965 οὐδ’
1469 2915 1658 2985 ἄκροις
1687 2913 1924 2984 παρεδέ-

355 3025 515 3078 χοντο
564 3007 722 3069 ὠσὶν,
779 3006 921 3059 ἀλλά
981 3005 1143 3058 πάνθ’
1191 3007 1293 3059 ὅσα
1349 3005 1415 3058 ἄν
1453 3023 1532 3068 τις
1582 3006 1726 3058 εἴποι
1775 3007 1924 3060 δεινά

2020 558 2123 597 nec
2171 543 2225 596 in
2280 543 2593 606 Thraciam,
2621 554 2812 596 verum
2861 538 2927 593 ad
2971 537 3202 592 Parthos
3263 544 3360 588 aut
3403 533 3586 598 Indos,

2020 635 2166 691 unde
2203 636 2369 690 nullis
2403 637 2616 690 artibus
2649 647 2890 703 unquam
2929 630 2993 684 ad
3047 628 3252 697 patrios
3303 627 3447 680 lares
3506 640 3590 678 re-

2019 727 2218 800 pedare
2261 736 2502 796 possent,
2537 726 2830 780 militatum
2866 737 2924 777 se
2956 719 3230 790 proﬁcisci
3257 717 3590 771 arbitrantes

2022 823 2207 890 (quam
2241 819 2314 873 ob
2345 833 2564 873 causam
2593 829 2650 872 et
2677 830 2851 884 equos
2893 813 3183 872 militares,
3234 818 3290 864 et
3325 824 3501 872 arma,
3533 813 3584 862 et

1981 959 1990 967 .
2021 913 2065 967 si
2107 911 2238 982 quid
2271 912 2414 965 aliud
2469 910 2678 964 militia:
2725 908 2985 962 idoneum
3019 901 3332 973 portabant,
3365 903 3589 954 domum

2021 1002 2396 1065 remittebant,
2437 1009 2496 1055 ut
2535 999 2670 1069 ipsis
2721 996 2948 1052 omnino
2978 993 3262 1064 perituris,
3301 1005 3366 1044 ea
3398 991 3589 1044 saltem

2021 1093 2124 1147 sibi
2173 1093 2437 1146 baberent
2470 1090 2694 1158 liberi);
2748 1088 2886 1148 haec,
2947 1085 3192 1154 inquam,
3245 1081 3592 1152 animadver-

2023 1192 2146 1238 tens
2173 1182 2498 1252 imperator,
2531 1180 2834 1249 nolensque
2865 1175 3302 1247 Didymotichum
3328 1173 3407 1227 sic
3436 1170 3589 1225 inﬁr-

2020 1291 2145 1329 mus
2187 1275 2476 1338 accedere,
2508 1281 2568 1325 ut
2596 1272 2715 1341 ipse
2747 1284 2968 1339 quoque
3003 1283 3032 1320 a
3067 1265 3345 1339 Byzantiis
3373 1262 3592 1319 obside-

2021 1376 2173 1422 retur
2203 1369 2220 1435 (
2247 1381 2351 1421 nec
2413 1365 2560 1420 enim
2609 1363 2713 1418 sibi
2769 1363 2992 1430 suisque
3023 1360 3076 1414 id
3108 1358 3343 1414 multant
3399 1353 3593 1426 profu-

2022 1460 2256 1529 turum),
2293 1459 2360 1513 ad
2385 1458 2597 1529 Craierp
2628 1457 2809 1512 redire
2830 1463 2881 1510 et
2915 1470 2945 1509 a
2966 1453 3127 1509 Crale
3169 1451 3450 1506 sufﬁciens
3496 1465 3592 1501 au-

2019 1523 2454 1619 xilium'petere
2497 1523 2777 1618 cogitavit,
2835 1553 2894 1600 ut
2946 1560 3072 1600 cum
3139 1540 3586 1612 Didymoticbum

2021 1643 2283 1704 venisset,
2337 1640 2592 1694 hostibus
2639 1637 2856 1701 terrori,
2886 1653 2995 1691 non
3036 1633 3375 1708 contemptui
3425 1639 3588 1687 esset.

2023 1731 2439 1789 Communicata
2473 1747 2532 1785 re
2580 1744 2706 1784 cum
2766 1728 3046 1790 Romanis,
3100 1740 3292 1780 omnes
3321 1724 3472 1778 velut
3522 1723 3593 1777 de

2019 1837 2302 1898 compacto
2357 1836 2698 1894 quaecunque
2757 1817 2938 1887 potius
2994 1831 3055 1870 se
3126 1827 3505 1884 perpessuros.
3535 1822 3594 1866 et

2019 1918 2169 1972 mille
2195 1914 2480 1969 mortibus-
2502 1917 2668 1980 caput
2689 1908 3030 1977 objecturos,
3070 1919 3234 1974 quam
3261 1903 3327 1956 ad
3376 1901 3596 1955 Tribal-

2018 2011 2101 2066 los
2141 2009 2416 2064 redituros
2446 2004 2866 2061 confirmarunt.
2917 2000 3038 2055 Non
3094 1999 3242 2052 enim
3269 1997 3334 2050 ad
3390 2005 3590 2049 terram

2009 2110 2142 2192 qua!
2178 2101 2308 2156 solis
2337 2098 2504 2152 radiis
2539 2094 2856 2159 vestiretur,
2882 2098 2938 2146 et
2974 2092 3042 2144 ab
3069 2087 3388 2143 hominibus
3443 2087 3594 2140 ineo-

2020 2180 2251 2258 le'retur,
2321 2189 2416 2245 sed
2467 2188 2532 2242 ad
2571 2186 2871 2240 inferorum
2917 2183 3106 2244 valles,
3157 2180 3436 2247 vitamque
3465 2192 3598 2232 cum-

2022 2282 2260 2338 mortuis
2319 2277 2609 2349 agendam,
2664 2283 2722 2328 et
2751 2274 2796 2327 si
2827 2271 2958 2341 quid
3004 2268 3332 2323 inamoanius
3388 2282 3450 2320 ac
3499 2266 3597 2319 tri-

2023 2370 2164 2425 stius
2198 2375 2304 2432 est,
2342 2381 2400 2421 se
2426 2376 2744 2418 reversuros
2783 2358 3097 2413 credebant.
3159 2357 3597 2424 lmpensiusau-

2026 2472 2134 2516 tem
2171 2460 2426 2514 hortante
2475 2456 2823 2524 imperatore,
2873 2460 2933 2504 ut
2965 2449 3163 2504 melius
3201 2457 3257 2502 et
3288 2447 3477 2500 utilius
3511 2461 3598 2500 sa-

2025 2565 2154 2620 pere
2200 2549 2425 2612 vellent,
2477 2555 2815 2616 roganteque
2874 2548 2929 2594 ut
2990 2548 3270 2610 parerent,
3305 2553 3398 2592 eas
3433 2551 3596 2591 voces

2026 2642 2253 2696 auribus
2286 2646 2621 2697 aversantes,
2645 2633 2824 2688 omnia
2853 2631 3039 2701 gravia
3061 2646 3184 2699 quae
3207 2629 3314 2682 dici
3345 2637 3594 2696 possunt,

2027 2735 2207 2806 istlioc
2237 2734 2294 2786 in
2320 2729 2592 2784 Triballos
2633 2726 2809 2779 reditu
2848 2723 3056 2778 leviora
3100 2721 3392 2775 dncclant.
3424 2720 3598 2788 impe-

2028 2839 2178 2883 rator
2203 2839 2333 2880 cum
2386 2823 2691 2893 periculum
2724 2835 2834 2874 non
2872 2819 3150 2872 modicum
3185 2815 3520 2886 provideret.
3549 2815 3595 2870 si

2028 2921 2145 2976 suis
2178 2931 2287 2974 tam
2329 2931 2518 2987 parum
2554 2915 2814 2985 frugifera
2854 2911 3229 2974 volventibus,
3264 2919 3318 2964 et
3353 2918 3458 2962 tam
3511 2908 3597 2962 in-

2029 3012 2282 3069 consulto
2317 3007 2538 3080 aggredi
2568 3005 2895 3075 parantibus
2920 3004 3345 3071 obsequeretur,
3378 3009 3434 3055 et
3466 2999 3597 3068 quid

356 3101 704 3170 φορητότερα
731 3098 999 3175 ἡγοῦντο,
1044 3097 1076 3167 ἢ
1125 3098 1204 3160 είς
1237 3095 1542 3172 Τριὸαλοὺς
1591 3096 1746 3160 αὖθις
1795 3098 1922 3150 ἀνα-

2029 3116 2212 3176 ageret
2246 3103 2505 3166 nesciret,
2540 3099 2985 3168 quandoquidem
3011 3097 3231 3151 ﬂectere
3265 3095 3465 3148 milites
3490 3109 3596 3146 non

357 3193 634 3263 στρέφειν.
671 3190 935 3253 Βασιλεὺς
963 3190 1042 3252 δὲ,
1077 3189 1169 3240 τόν
1196 3204 1256 3240 τε
1283 3189 1524 3241 κίνδυνον
1564 3188 1726 3258 ὁρῶν,
1756 3189 1832 3248 ὡς
1864 3189 1925 3241 οὐ

343 3286 553 3355 μικρὸς
585 3285 649 3337 ὲκ
677 3283 774 3336 τοῦ
797 3281 1084 3335 πείθεσθαι
1113 3283 1226 3343 τοῖς
1265 3281 1513 3332 συνοῦσιν
1542 3280 1710 3343 οὕτως
1742 3281 1929 3333 ἀλυσι-

353 3375 504 3445 τελῆ.
536 3376 630 3428 καὶ
671 3370 1080 3443 βουλευομένοις
1124 3372 1220 3423 καὶ
1263 3371 1526 3438 πράττειν
1581 3369 1681 3438 ήδη
1737 3369 1929 3438 ὡρμη-

360 3468 546 3537 μένοις
575 3464 895 3533 ἀλογίστως,
932 3465 960 3517 ὅ
1008 3463 1062 3515 τί
1093 3479 1150 3514 τε
1178 3462 1444 3532 χρήσαιτο
1466 3461 1581 3522 τοῖς
1609 3461 1928 3530 πράγμασιν

357 3559 458 3610 οὐκ
506 3557 666 3627 ἔχων,
703 3556 812 3608 τῶν
853 3550 1446 3617 συνόντων,πείθεσθαι
1485 3552 1560 3621 μὴ
1589 3552 1926 3619 δυναμένων,

358 3651 628 3719 πρότερον
677 3648 864 3709 αὐτοῖς
930 3645 1103 3698 πολλὰ
1171 3641 1494 3712 διαλεχθεὶς,
1551 3645 1648 3696 καλ⁸
1699 3639 1930 3712 φανερὸν

360 3741 616 3809 ποιήσας,
643 3737 719 3800 ὡς
752 3736 840 3790 διὰ
869 3737 971 3805 τὴν
1012 3734 1192 3788 αὐτῶν
1226 3732 1596 3804 μικροψυχίαν
1639 3735 1732 3786 καὶ
1769 3733 1930 3785 ἀϐου-

359 3833 480 3885 λίαν
531 3829 726 3894 ἀνάξια
775 3826 994 3891 ἑαυτοῦ,
1047 3829 1144 3878 καὶ
1195 3825 1293 3892 τῆς
1326 3821 1660 3894 στρατηγίας
1693 3824 1789 3876 καὶ
1832 3824 1930 3892 τῆς

363 3922 556 3993 πείρας
595 3923 846 3990 πράττει,
879 3915 1124 3970 ἐπείθετό
1158 3933 1216 3967 τε
1249 3914 1396 3966 ἄκων
1432 3914 1613 3976 αὐτοῖς
1655 3915 1791 3981 πρὸς
1833 3914 1930 3983 τὴν

363 4019 580 4091 βουλὴν,
633 4021 727 4071 καὶ
773 4011 1172 4085 παρεκελεύετο
1219 4011 1472 4081 θαρρεῖν,
1525 4009 1599 4072 ὡς
1648 4008 1740 4061 τοῦ
1795 4009 1930 4062 Θετιῦ

363 4105 832 4180 προστησομένου,
882 4104 1071 4174 ὥσπερ
1122 4103 1186 4170 δὴ
1224 4103 1317 4154 καὶ
1361 4101 1548 4152 ἄλλοτε
1583 4097 1842 4162 πολλάκις
1873 4099 1931 4150 ἐν

363 4203 637 4264 κινδύνοις
694 4199 755 4251 οὐ
812 4199 1050 4268 μικροῖς,
1099 4197 1189 4248 καὶ
1243 4194 1451 4263 εἴχοντο
1490 4192 1632 4245 ὁδοῦ.
1684 4191 1840 4244 Ἐπεὶ
1877 4192 1932 4244 δὲ

360 4291 505 4364 ἦσαν
539 4287 993 4359 Χριστουπόλεως
1043 4287 1105 4338 οὐ
1163 4285 1414 4355 μακράν,
1477 4283 1932 4351 περιτυγχάνουσι

371 4380 785 4439 Ὶάκυδυτοῦντι
815 4381 879 4430 ὲκ
919 4377 1300 4446 Διδυμοτείχου
1334 4374 1658 4445 ἀφιγμένῳ,
1695 4373 1752 4436 ὃς
1788 4390 1937 4444 παρ-

2030 3207 2265 3272 poterat,
2302 3196 2468 3249 multa
2518 3191 2795 3261 praefatus,
2847 3188 3049 3258 quibus
3100 3187 3321 3256 planum
3359 3185 3508 3245 fecit,
3540 3200 3598 3238 se

2029 3298 2253 3362 prepter
2302 3287 2514 3340 illorum
2567 3281 2817 3334 imbelles
2863 3280 3079 3332 animos
3126 3275 3595 3337 ettcmeritatetn,

2032 3384 2255 3451 indigna
2307 3392 2407 3431 suo
2459 3374 2701 3436 nomine,
2737 3370 3172 3438 auctoritateque
3228 3351 3598 3435 imperatoria,

2029 3485 2085 3528 et
2123 3487 2222 3526 usu
2284 3465 2509 3522 militari
2565 3462 2934 3525 committere,
2970 3475 3164 3515 eorum
3214 3457 3487 3513 dI-siderio
3520 3457 3605 3509 in-

2031 3565 2178 3618 \'itus
2235 3559 2472 3630 paruit,
2507 3556 2830 3614 cohortaris.
2890 3555 2967 3607 uti
3025 3551 3136 3607 Deo
3191 3551 3444 3614 ﬁderent,
3507 3546 3601 3616 qui

2032 3653 2309 3724 quomodo
2352 3649 2586 3704 antehac
2640 3662 2783 3716 saepe
2835 3645 2890 3698 in
2938 3643 3201 3712 periculis
3251 3657 3359 3695 non
3396 3641 3600 3710 parvis,

2035 3755 2274 3799 tutorem
2323 3757 2379 3796 se
2436 3739 2772 3810 praebiturus
2831 3746 2997 3792 esset.
3039 3735 3218 3804 Atque
3273 3733 3361 3786 bis
3415 3731 3600 3792 dictis.

2033 3844 2214 3904 coepto
2251 3835 2447 3888 itinere
2496 3836 2878 3899 perrexerunt.
2927 3827 3047 3881 Non
3103 3827 3260 3893 longe
3295 3839 3324 3877 a
3355 3821 3604 3882 Christo-2

2034 3926 2141 3996 poli
2180 3927 2233 3977 in
2263 3923 2500 3992 peditem
2533 3919 2999 3990 ,ltliaeidytuntem
3028 3915 3313 3975 vocabulo,
3350 3914 3608 3984 Didymi»

2037 4017 2182 4070 ticlio
2213 4029 2335 4068 cum
2385 4012 2583 4064 litteris
2610 4009 2677 4062 ab
2712 4007 3060 4077 imperatrice
3118 4021 3284 4058 uxore
3326 4012 3380 4057 ct
3423 4004 3606 4072 [πει-εἰ-

2034 4107 2126 4161 dio
2161 4105 2227 4159 ad
2259 4105 2641 4171 imperatorem
2677 4100 2900 4154 missum
2944 4098 3195 4151 incidunt
3229 4112 3242 4148 :
3291 4096 3492 4165 quibus
3519 4095 3608 4148 lit-

2036 4201 2168 4254 teris
2201 4212 2328 4251 eum
2375 4193 2762 4256 admonebant,
2799 4201 2960 4246 caute
2999 4199 3206 4260 ageret,
3234 4196 3384 4242 etne
3417 4188 3608 4241 incon-

2035 4293 2268 4347 siderate
2298 4289 2365 4344 ad
2413 4303 2508 4344 eos
2557 4286 2789 4350 veniret,
2825 4284 2932 4340 nisi
2990 4299 3212 4354 magnas
3265 4291 3452 4351 totque
3504 4281 3606 4334 ho.

2035 4374 2211 4444 stibus
2265 4397 2426 4451 pares
2459 4379 2643 4448 copias
2695 4376 3014 4430 adduceret.
3049 4375 3407 4443 Palaeologum
3459 4373 3608 4427 enim

360 4479 474 4546 εἶχε
503 4475 808 4544 γράμματα
844 4469 1056 4541 βασιλεῖ
1086 4471 1236 4536 παρὰ
1275 4465 1547 4535 βασιλίδος
1597 4466 1697 4535 τῆς
1742 4482 1927 4533 γυναιη

2041 4481 2492 4544 protostratorem
2525 4485 2646 4522 cum
2683 4467 2926 4538 peditatu
2958 4463 3120 4536 534,
3144 4474 3201 4519 et
3225 4465 3470 4533 equitatu
3498 4477 3609 4516 ncn

362 4571 478 4634 κὸς,
509 4566 607 4620 καὶ
651 4566 762 4616 τῶν
804 4563 980 4617 ἄλλων
1023 4563 1131 4612 τῶν
1164 4562 1222 4612 ἐν
1253 4557 1641 4628 Διδυμοτείχῳ,
1675 4555 1938 4625 φυλάττε-

363 4661 493 4712 σθαι
546 4653 959 4727 παραινοῦντα,
1017 4652 1114 4703 καὶ
1170 4650 1246 4720 μὴ
1301 4650 1727 4718 ἀπερισκέπτως
1801 4646 1938 4715 πρὸς

364 4752 565 4813 αὐτοὺς
625 4750 848 4820 χωρεῖν,
885 4747 934 4798 εί
988 4745 1061 4814 μὴ
1095 4742 1325 4811 δύναμιν
1375 4742 1498 4810 ἄγει
1543 4741 1808 4810 μεγάλην,
1844 4740 1938 4791 καὶ

365 4843 505 4912 πρὸς
556 4839 834 4900 τοιούτους
883 4834 1533 4906 ἀξιόχρεων-πολεμίους.
1580 4832 1940 4902 Πρωτοστρά-

366 4953 483 5006 τωρ
500 4935 608 5002 γὰρ
627 4935 652 4985 ὁ
678 4927 1067 4996 ιιαλαιολόγος,
1087 4927 1286 4996 πολλὴν
1309 4927 1458 4993 ἄγων
1481 4925 1744 4996 στρατιὰν
1767 4924 1938 4993 πεζήν

367 5045 428 5081 τε
486 5027 578 5078 καὶ
612 5023 846 5092 ἱππικὴν
877 5023 934 5074 ὲν
967 5009 1316 5090 Περίθεωρίῳ
1353 5017 1936 5087 στρατοπεδευόμενος,

364 5119 465 5188 τὴν
507 5116 674 5171 αὐτοῦ
707 5115 892 5184 ἄφιξιν
925 5115 1214 5184 περιμένει
1256 5113 1331 5177 ὡς
1370 5112 1738 5182 μαχούμενος.
1775 5110 1939 5163 Ἀπό-

368 5210 572 5278 καυχός
627 5225 685 5260 τε
723 5209 750 5260 ὁ
801 5204 1301 5276 παρακοιμώμενος
1365 5205 1506 5274 ἔχων
1560 5203 1938 5274 ἐϐδομήκοντα

361 5303 610 5372 τριήρεις
663 5303 720 5354 ἐν
780 5293 867 5361 αἷς
917 5297 1290 5351 κατέπλευσεν
1335 5299 1414 5360 είς
1461 5295 1808 5366 ’Λμφίπολιν,
1848 5296 1937 5347 ὲν-

367 5391 547 5444 ταῦθα
585 5392 681 5444 καὶ
711 5389 875 5451 αὐτὸς
927 5389 1197 5458 ἐφορμετ·
1235 5387 1362 5457 περὶ
1389 5380 1462 5439 ὧν
1494 5386 1610 5440 δέον
1651 5385 1941 5454 βουλευσά-

370 5499 531 5553 μενον
584 5482 750 5534 αὑτὸν
779 5483 1062 5549 πράττειν,
1106 5480 1134 5532 ὃ
1201 5497 1256 5530 τι
1305 5480 1370 5532 ἂν
1419 5479 1550 5547 δοκῇ
1611 5477 1936 5546 συμφέρειν.

365 5571 687 5639 Σομϐἐσηκε
721 5571 778 5624 δέ
807 5589 859 5624 τι
889 5571 1018 5640 περὶ
1047 5571 1117 5624 τὰ
1145 5571 1451 5640 γράμματα
1512 5569 1696 5621 ἐκεῖνα
1725 5567 1940 5634 θαυμα-

368 5664 496 5716 στδιν
546 5665 642 5717 καὶ
694 5665 790 5735 τῆς
838 5665 974 5718 Θεοῦ
1024 5669 1155 5735 περὶ
1202 5665 1291 5717 τὸν
1336 5663 1562 5735 βασιλέα
1610 5661 1939 5732 κηδεμονίας

370 5756 641 5825 emerim.
677 5756 764 5821 Ὠς
794 5756 900 5828 γὰρ
942 5759 996 5809 ἐν
1032 5758 1310 5828 Βυζαντίῳ
1340 5756 1607 5828 εμπνύθηλ
1653 5756 1725 5818 ὡς
1773 5772 1934 5824 πτω-

1573 5809 1582 5826 Δ

2039 4563 2301 4620 mediocri
2357 4561 2422 4616 ad
2465 4559 2875 4616 l’eritheorium
2932 4557 3145 4617 sedere,
3197 4565 3254 4610 et
3314 4555 3606 4608 adventum

2038 4656 2158 4726 ejus
2190 4655 2257 4709 ad
2294 4651 2698 4723 conﬂigendum
2727 4658 3067 4719 exspectare.
3124 4647 3203 4701 lbi
3251 4646 3415 4700 etiam
3465 4645 3612 4713 Apo-

2037 4747 2304 4802 caucbum
2335 4760 2460 4798 cum
2491 4743 2812 4798 triremibus
2859 4737 3225 4809 septuaginta,
3251 4735 3453 4806 quibus
3478 4734 3611 4787 Am-

2040 4836 2306 4906 phipolim
2350 4834 2719 4904 navigaverat,
2772 4833 2828 4886 in
2888 4839 3047 4900 portu
3086 4839 3252 4892 stare,
3307 4827 3375 4881 de
3410 4825 3610 4895 quibus

2040 4945 2200 5001 capto
2233 4929 2466 4984 consilio
2504 4928 2686 4982 facere
2717 4925 2935 4990 debeat,
2970 4921 3118 4992 quod
3155 4920 3416 4991 prodesse
3451 4915 3608 4970 vide~

2041 5023 2209 5078 bitur.
2240 5021 2395 5076 Circa
2439 5021 2651 5075 litteras
2693 5027 2877 5072 autem
2938 5016 3058 5069 illas
3083 5011 3408 5067 admirabile
3450 5006 3612 5078 quid-

2041 5117 2208 5186 piam,
2244 5125 2301 5170 et
2333 5130 2494 5182 quam
2539 5113 2837 5180 imperator
2890 5109 3001 5162 Deo
3039 5119 3184 5159 cura:
3223 5112 3386 5169 esset,
3439 5085 3616 5156 mani-

2037 5209 2237 5272 festum
2273 5207 2532 5261 indicium
2569 5203 2773 5258 evenit.
2809 5203 2879 5257 Ut
2913 5200 3060 5254 enim
3092 5197 3338 5270 Byzantii
3401 5194 3615 5250 intelle-

2041 5311 2189 5356 ctum
2217 5307 2318 5360 est,
2344 5299 2518 5365 ipsum
2550 5310 2676 5348 cum
2705 5292 2945 5348 exercitu
2976 5307 3043 5346 ex
3073 5289 3330 5344 Triballis
3352 5287 3615 5358 Didyme-

2044 5396 2251 5450 tichum
2279 5392 2566 5451 revenire;
2605 5399 2661 5444 et
2704 5395 3070 5458 protostrator
3104 5386 3420 5440 universum
3454 5381 3616 5452 pedi-

2047 5497 2217 5540 tatum
2273 5483 2693 5552 equitatumque
2726 5480 2956 5539 ducens,
2998 5478 3211 5546 magnis
3249 5477 3438 5544 utique
3485 5489 3615 5528 cum

2044 5577 2256 5631 viribus
2293 5574 2694 5630 Peri'theorium
2734 5570 2960 5626 devenit
2989 5588 3003 5636 ;
3032 5578 3091 5624 et
3122 5568 3484 5639 Apocaucbus
3515 5583 3614 5620 eo-

2044 5669 2167 5722 dem
2225 5666 2536 5736 Amphipoli
2571 5679 2696 5718 cum
2743 5663 3088 5732 septuaginta
3144 5660 3372 5716 navibus
3412 5658 3611 5712 eadem

2044 5759 2108 5812 de
2158 5772 2318 5812 causa
2372 5754 2652 5826 appulsus,
2705 5767 2826 5810 cum
2879 5751 3002 5807 aliis
3061 5741 3231 5820 copiis
3277 5747 3378 5804 sibi
3429 5764 3618 5817 ιιιςιεσ
