4062 6290
583 331 721 398 1οΞ3

1766 329 2090 393 JOANNIS
2129 330 2654 392 CANTACUZENI

3669 336 3774 412 1034

575 445 858 508 ctandum,
890 446 1235 518 reditumque
1293 449 1638 519 imperatoris
1677 445 2145 502 intercludendum

2252 445 2373 498 τιὰν
2399 445 2537 515 ἔχων
2569 449 2634 498 ἐκ
2660 446 2943 518 Τριϐαλῶν
2988 447 3242 516 βασιλεὺς
3284 450 3310 502 6
3361 450 3779 518 Καντακουζηνδς

575 541 810 594 censuit.
836 539 1120 610 Dispositis
1142 551 1320 596 autem
1350 558 1448 611 per
1472 543 1699 606 viam,ut
1722 558 1839 596 mos
1855 551 2149 607 est,custo—

575 630 742 684 dibus
782 632 847 684 ad
879 631 1306 701 intercipiendos
1333 635 1426 702 qui
1473 635 1617 688 inter
1641 635 2147 705 Didymoticbcnses

575 732 633 777 et
655 723 1038 791 imperatorem
1063 737 1454 788 commearent,
1482 727 1574 794 qui
1604 727 1741 796 hanc
1767 727 2047 795 epistolam
2073 727 2150 781 fe-

578 815 734 868 rebat
760 816 1266 882 comprehensus,ct
1291 818 1355 872 ad
1381 827 1827 887 protostratorem
1853 820 2148 889 perductus

577 907 756 973 deque
799 906 1000 962 litteris
1031 909 1397 976 examinatus,
1447 911 1646 964 habere
1687 926 1744 966 se
1775 913 1989 966 litteras
2019 927 2150 966 con-

582 996 757 1050 fessus
807 1007 910 1061 est,
958 999 1252 1067 statimque
1304 1002 1564 1070 porrexit,
1599 1003 1799 1071 quibus
1851 1004 2149 1072 imperator

582 1088 898 1156 rogabatur,
931 1105 999 1144 ne
1033 1106 1139 1159 qua
1191 1092 1343 1145 illum
1378 1103 1685 1147 moraretur
1729 1095 2010 1163 segnities,
2051 1095 2146 1151 sed

577 1174 644 1225 ad
669 1189 764 1227 eos
793 1175 1089 1230 advolaret.
1129 1178 1262 1230 Nam
1293 1181 1384 1247 qui
1437 1190 1618 1236 essent
1673 1183 2042 1253 Didymoticbi
2092 1187 2148 1241 in

581 1263 838 1329 praesidio
867 1264 1078 1333 equites
1117 1277 1172 1321 et
1205 1261 1445 1336 p’edites,‘
1473 1271 1589 1326 loca
1619 1273 1868 1330 Thracia:
1907 1275 2149 1346 depopu-

582 1355 718 1408 latos
757 1355 962 1410 victum
1016 1358 1119 1412 sibi
1201 1375 1565 1430 comparasse.
1616 1363 1880 1420 Similiter
1929 1369 2150 1438 opiﬁces

582 1454 639 1497 et
676 1445 834 1507 alios,
879 1458 1148 1517 quotquot
1196 1465 1454 1506 manuum
1504 1455 1690 1530 labpre
1733 1459 1898 1513 vitam
1951 1462 2151 1516 transi-

582 1545 794 1602 gerent,
826 1538 1083 1593 alimonia
1130 1540 1448 1597 abundare:
1482 1547 1678 1602 mediis
1731 1548 1945 1606 civibus
2006 1552 2149 1608 nihil

583 1641 694 1691 quo
722 1643 780 1681 se
811 1629 956 1682 alant
1010 1631 1376 1702 undecunque
1409 1647 1721 1706 suppetere,
1757 1650 1812 1695 et
1843 1657 1938 1697 eos
1966 1643 2150 1714 inopia

583 1732 749 1784 supra
776 1720 996 1773 modum
1029 1724 1219 1790 premi.
1257 1726 1631 1784 Precabantur
1659 1732 1828 1798 igitur
1855 1734 2150 1804 imperato-

585 1823 700 1860 rem
750 1809 1067 1877 imperatrix
1095 1813 1291 1879 conjux
1339 1825 1396 1869 et
1438 1818 1556 1884 alii,
1609 1820 1874 1877 citissime
1920 1825 2146 1891 rediret,

585 1912 696 1964 quo
725 1899 993 1954 adventus
1023 1903 1143 1968 ejus
1174 1905 1320 1959 cives
1368 1915 1517 1962 tanto
1549 1911 1689 1964 malo
1717 1912 1940 1968 levaret.
1971 1915 2153 1972 Lectis

584 1987 784 2043 litteris
828 1998 1211 2057 protostrator,
1267 1995 1490 2050 curioso
1563 1999 1821 2054 nimirum
1871 2011 1924 2055 et
1966 2004 2152 2068 solerti

584 2076 844 2142 facinore,
896 2096 1032 2134 auro
1083 2083 1210 2136 dato
1272 2093 1326 2138 et
1374 2088 1685 2155 promissis,
1715 2106 1773 2146 se
1811 2091 1864 2144 in
1898 2093 2050 2147 illum
2097 2104 2153 2150 et

584 2169 807 2222 domum
857 2171 976 2240 ejus
1046 2173 1439 2245 (Selybrianus
1505 2171 1710 2235 autem-
1760 2183 1918 2254 erat)
1987 2185 2152 2241 bene-

586 2260 749 2312 ﬁcum
812 2261 1081 2329 futurum,
1136 2269 1428 2335 persuadet
1467 2271 1770 2340 tabellario,
1830 2286 1890 2330 ut
1944 2277 2152 2346 episto-

583 2353 692 2405 lam
734 2353 877 2408 illam
927 2371 1026 2410 suo
1079 2359 1348 2415 arbitratu
1401 2371 1456 2417 et
1506 2365 1670 2420 modo
1744 2371 2147 2439 transcriptam,

587 2459 688 2511 pro
721 2460 848 2500 vera
888 2456 942 2501 et
992 2463 1247 2517 germana
1298 2443 1484 2510 uxoris
1530 2456 1759 2524 epistola
1789 2459 1855 2512 ad
1883 2460 2155 2514 Cantacu-

586 2551 781 2590 zenum
813 2549 1082 2608 apportet,
1117 2557 1181 2597 ac
1218 2543 1284 2598 de
1316 2545 1459 2600 facto
1493 2547 1629 2602 nihil
1674 2549 1840 2604 dicat.
1883 2551 2034 2606 Facit
2061 2553 2152 2608 ille

585 2629 730 2694 quod
765 2631 1072 2697 petebatur,
1101 2642 1156 2687 et
1184 2645 1551 2702 protostrator
1599 2655 1910 2710 quanquam
1962 2643 2152 2699 nolens

583 2718 900 2784 imperatori
967 2723 1196 2791 ejusque
1234 2727 1498 2780 exercitui
1533 2733 1865 2786 commodat.
1908 2733 1976 2789 Ut
2004 2733 2150 2789 enim

587 2807 809 2862 recitata
869 2821 973 2874 est,
1039 2821 1095 2866 et
1135 2813 1557 2872 Cantaeuzenici
1633 2819 1702 2874 de
1765 2822 2152 2879 insidiantibus

485 2899 490 2902 ’
582 2898 688 2951 sibi
728 2901 903 2968 copiis
932 2913 1324 2971 cognouerunt,
1358 2922 1476 2962 esse
1514 2911 1701 2965 multis
1743 2913 1996 2981 partibus
2037 2915 2152 2970 suis

583 2990 843 3059 majores,
896 2994 1183 3064 modisque
1252 2998 1508 3055 omnibus
1559 3001 1829 3069 valentes,
1883 3005 2150 3061 militibus

580 3083 855 3138 veteranis
907 3095 1223 3143 constantes
1260 3089 1491 3154 scilicet,
1524 3093 1635 3147 Deo
1682 3093 1749 3149 de
1777 3109 1904 3150 cura
1928 3111 2053 3168 erga
2089 3112 2146 3153 se
2176 3123 2218 3181 α

579 3184 634 3226 et
668 3177 956 3232 aversione
995 3179 1145 3244 mali,
1177 3191 1342 3250 atque
1369 3185 1535 3238 etiam
1573 3185 1908 3256 imperatrici
1938 3189 2005 3244 de
2033 3201 2149 3246 stu-

580 3266 672 3341 dip
697 3276 750 3321 et
776 3267 1144 3326 sollicitudine
1169 3287 1295 3343 erga
1325 3274 1474 3342 ipsos
1499 3279 1700 3346 gratias
1740 3280 1984 3349 ingentes
2025 3297 2151 3351 ege-

582 3368 729 3422 runt,
784 3367 840 3412 et
891 3362 972 3425 9b
1019 3364 1194 3433 majus
1245 3367 1574 3434 periculum,
1635 3369 1796 3440 535
1843 3388 1964 3441 quae
1994 3373 2146 3443 prius

577 3455 766 3509 odiosa
833 3465 886 3509 et
919 3457 1090 3511 invisa
1133 3469 1310 3523 erant,
1343 3461 1598 3517 facillima
1636 3472 1694 3517 et
1734 3465 2022 3520 utilissima
2053 3467 2145 3536 ju-

578 3545 844 3609 dicantes,
876 3547 1020 3601 haud
1052 3565 1193 3619 aegre
1219 3562 1370 3607 retro
1397 3554 1700 3608 redierunt.
1727 3556 1817 3611 Sic
1842 3557 2145 3626 imperator

579 3651 703 3688 cum
732 3639 846 3690 suis
873 3638 1176 3707 improviso
1204 3643 1512 3698 discrimini
1535 3657 1778 3714 ereptus,
1809 3663 1874 3702 ex
1906 3649 2143 3704 hostium

578 3728 821 3796 nequitia
885 3731 1121 3786 fructum
1183 3735 1329 3803 cepit
1395 3737 1756 3794 uberrimum.
1810 3741 1878 3794 At
1917 3756 2146 3811 magnus

576 3819 709 3884 dux,
745 3829 804 3875 ut
831 3823 1044 3892 accepit
1068 3839 1196 3879 eum
1234 3825 1526 3882 ducentem
1575 3846 1796 3884 manum
1846 3833 2140 3887 admodum

573 3910 988 3980 despicabilem,
1019 3923 1075 3968 et
1106 3925 1370 3984 supcratu
1399 3917 1737 3979 facillimam.
1786 3932 2010 3992 propter
2055 3925 2144 3978 lit-

576 4010 721 4055 teras
752 4017 780 4054 a
811 4017 1012 4072 genero
1067 4021 1167 4060 suo
1225 4007 1538 4065 immutatas
1581 4014 1897 4078 revertisse,
1955 4024 2142 4083 aperte

575 4095 911 4160 succensuit,
948 4095 1258 4167 acriterque
1289 4098 1571 4155 hominem
1605 4102 1898 4174 increpuit,
1923 4107 2015 4174 qui
2045 4121 2141 4176 per

571 4184 860 4239 stultitiam
914 4203 1067 4241 suam
1122 4188 1268 4244 hosti
1318 4191 1635 4260 profuisset.
1709 4197 1786 4250 Ac
1865 4197 2019 4250 multi
2071 4197 2140 4252 de

572 4275 887 4342 Apocaticlii
925 4279 1165 4334 factione
1210 4282 1374 4336 etiam
1413 4283 1469 4337 in
1522 4285 1728 4340 crimen
1764 4286 1976 4341 violata:
2013 4287 2137 4341 lidei

571 4375 1025 4434 protostratorem
1088 4372 1376 4438 vocabant,
1434 4375 1694 4430 scientem
1754 4379 2137 4449 volentemque

2254 532 2414 599 αὖθις
2441 538 2800 607 ἐπανέρχοιτο
2835 540 2913 600 είς
2943 539 3340 608 Διδυμότειχον,
3375 544 3781 614 πρωτοστράτωρ

2253 640 2313 675 τε
2339 625 2631 694 συμπάσης
2662 625 2830 692 πεζῆς
2867 628 2959 678 καὶ
3005 628 3240 696 ἱππικῆς
3271 629 3552 698 δυνάμεως
3585 649 3782 702 στρατη·

2254 715 2376 784 γῶν¹
2399 716 2602 786 πολλὴν
2655 717 2794 787 ἔχων
2824 719 3051 787 δύναμιν
3079 721 3159 783 είς
3200 722 3568 788 Περιοεὼριον
3593 724 3780 790 ἀφῖκτο,

2255 809 2348 860 καὶ
2385 809 2719 879 Ἀπόκαυχος
2745 810 2773 861 6
2802 810 2975 878 μέγας
3005 811 3128 874 δοὺξ
3166 811 3223 874 ἐξ
3275 813 3646 880 Ἀμφιπόλεως
3689 820 3784 878 ταῖς

2255 898 2630 968 ἐϐδομήκοντα
2683 902 2874 953 ναυσὶν
2905 902 3266 971 ἀναστρέφων
3318 907 3419 972 τῆς
3463 906 3627 973 afri};
3653 907 3784 960 ἕνεκα

2256 990 2456 1053 αἰτίας,
2501 991 2644 1058 ἔγνω
2677 992 2788 1043 δεῖν
2837 993 3153 1061 περιμένειν
3204 995 3294 1047 καὶ
3345 997 3509 1057 αὐτὸς
3556 997 3683 1064 μετὰ
3706 998 3784 1065 τῆς

2256 1081 2425 1151 ἄλλης
2458 1085 2738 1151 στρατιᾶς,
2771 1084 2865 1136 καὶ
2901 1083 3111 1151 βασιλεῖ
3155 1086 3253 1154 τὴν
3283 1087 3540 1139 ἐπάνοδον
3569 1087 3782 1142 κωλύειν.

2257 1173 2378 1225 Τῶν
2407 1174 2540 1226 ὁδῶν
2579 1175 2633 1228 δὲ
2661 1176 2737 1238 ὥς
2766 1175 2886 1238 ἐθος
2910 1176 3356 1245 φυλαττομένων,
3392 1178 3480 1229 ἴνα
3526 1177 3596 1246 μὴ
3624 1178 3785 1230 λανθα-

2255 1279 2398 1316 νοιεν
2444 1265 2506 1316 ἐκ
2550 1265 2935 1334 Διδυμοτείχου
2989 1266 3021 1334 ἢ
3079 1265 3350 1335 βασιλέως
3389 1266 3522 1333 πρὸς
3559 1267 3784 1336 ἀλλήλους

2256 1353 2644 1422 ἀφικνούμενοί
2669 1370 2834 1417 τινες,
2865 1357 2892 1407 6
2923 1355 2994 1406 τὰ
3018 1355 3321 1424 γράμματα
3352 1356 3596 1424 κατέχων
3623 1357 3782 1417 ταῦτα,

2259 1438 2566 1508 συνελήφθη
2601 1438 2697 1492 καὶ
2727 1441 2866 1509 ἢχθη
2907 1442 3042 1510 πρδς
3073 1444 3539 1512 πρωτοστράτορα
3559 1461 3571 1472 ·
3600 1446 3784 1513 saepe».

2256 1526 2497 1597 νὼμενος
2528 1529 2586 1582 δὲ
2633 1531 2762 1600 περὶ
2804 1532 3175 1603 γραμμάτων,
3209 1535 3484 1604 ὡμολόγει
3514 1536 3668 1604 ἔχειν,
3711 1540 3785 1589 καὶ

2257 1620 2552 1690 παρείχετο
2604 1620 2800 1684 εὐθύςο
2833 1623 2902 1676 τὰ
2949 1622 3004 1675 δὲ
3055 1623 3225 1676 ἐδεῖτο
3283 1625 3550 1693 βασιλέως
3593 1627 3784 1694 τάχιστα

2256 1712 2414 1782 ἥκειν
2466 1711 2602 1782 πρὸς
2641 1713 2839 1777 αὐτοὺς
2875 1715 2968 1767 καὶ
3017 1714 3091 1784 μὴ
3127 1715 3422 1784 ῥᾳθυμεῖν.
3457 1717 3576 1769 Τῶν
3619 1719 3713 1785 γὰρ
3741 1720 3784 1769 ἐν

2188 1792 2621 1873 ΒΔιδυμοτείχῳ
2675 1804 2736 1856 τὸ
2790 1803 2891 1873 μὲν
2950 1807 3342 1876 στρατιωτικὸν
3397 1809 3581 1870 ἱππεῖς
3626 1808 3784 1860 τεκαὶ

2256 1892 2409 1956 πεζοὶ
2454 1893 2521 1945 τὰ
2569 1894 2708 1947 κατὰ
2742 1893 2967 1965 Θρᾴκην
3000 1897 3174 1965 χωρία
3208 1897 3523 1965 ληϊζόμενοι
3565 1899 3784 1966 ἀφορμὰς

2253 1985 2346 2038 τοῦ
2381 1985 2498 2056 βίου
2524 1985 2826 2040 ἐποιοῦντο.
2869 1986 3102 2057 Ὁμοίως
3131 1987 3188 2040 δὲ
3222 1989 3318 2041 καὶ
3357 1990 3685 2059 χειροτέχναι
3711 1989 3785 2042 καὶ

2251 2074 2402 2128 ἄλλοι
2434 2075 2580 2137 ὅσοις
2621 2077 2649 2127 6
2682 2073 2798 2141 βίος
2827 2092 2894 2146 ην
2927 2077 2988 2127 ἐκ
3025 2074 3136 2154 τῶν
3179 2077 3388 2146 χειρῶν
3418 2077 3688 2139 πονοῦντες
3711 2079 3786 2128 καὶ

2251 2166 2640 2236 ἐργαζόμενοι,
2687 2166 2878 2230 διέζων
2930 2167 3036 2219 τῶν
3087 2169 3408 2236 ἀναγκαίων
3441 2169 3782 2238 εὐποροῦντες.

2253 2262 2314 2313 Οί
2347 2261 2500 2329 μέσοι
2529 2260 2587 2313 δὲ
2613 2261 2720 2312 τῶν
2759 2259 2992 2313 πολιτῶν
3051 2261 3191 2313 πάνυ
3223 2262 3505 2331 κραταιῶς
3537 2261 3781 2324 ἐπιέζοντο

2251 2351 2356 2404 ὑπὸ
2381 2352 2589 2416 ἐνδείας
2636 2352 2910 2422 μηδεμίαν
2955 2353 3251 2422 οὐδαμόθεν
3284 2355 3548 2425 εὐπορίαν
3579 2355 3781 2423 ἔχοντες.

2252 2443 2350 2496 Διὰ
2383 2443 2556 2498 ταῦτα
2584 2441 2680 2498 οὖν
2713 2445 2923 2498 ἐδέοντο
2967 2445 3232 2514 βασιλέως
3278 2446 3492 2516 βασιλίς
3536 2465 3591 2500 τε
3617 2449 3646 2516 ή
3672 2445 3782 2514 γυνὴ

2250 2535 2452 2606 ὁμοίως
2480 2537 2576 2588 καὶ
2593 2538 2646 2588 ὀἱ
2676 2536 2847 2600 ἄλλοι,
2875 2540 3102 2606 τάχιστα
3135 2540 3462 2608 ἐπανήκειν,
3489 2539 3558 2602 ὡς
3587 2541 3676 2608 τῆς
3702 2539 3781 2592 a6-

2250 2627 2343 2680 τοῦ
2402 2629 2699 2699 ἐπιδημίας
2766 2631 2879 2691 τοῖς
2933 2629 3177 2693 πολίταις
3239 2631 3511 2700 ἐσομένης
3567 2613 3782 2700 μεγάλων

2249 2717 2548 2787 συμφορῶν
2601 2717 2942 2787 ἀπαλλαγῆς.
2999 2719 3452 2792 Πρωτοστράτωρ
3484 2721 3538 2774 δὲ
3575 2722 3685 2774 ἐπεὶ
3727 2721 3780 2771 τὰ

2249 2810 2560 2879 γράμματα
2595 2810 2825 2877 ἀνέγνω,
2877 2811 3174 2882 περίεργόν
3214 2830 3267 2864 τι
3311 2813 3479 2881 δῆθεν
3519 2814 3673 2867 ποιῶν
3709 2811 3780 2864 καὶ

2249 2902 2532 2979 ᾴγχινοίας
2564 2901 2736 2966 ἄξιον,
2774 2902 2958 2956 ἔπειθε
2986 2903 3078 2955 τὸν
3125 2905 3348 2970 ἄγοντα,
3389 2907 3607 2979 χρυσίον
3635 2922 3779 2973 παρα-

2251 2973 2541 3063 σχόμενος,
2582 2997 2678 3047 καὶ
2728 2993 2894 3047 αὑτὸν
2941 2973 3546 3064 ἐπαγγειλάμενος-καὶ
3583 2996 3778 3056 οἰκείους

2249 3085 2313 3139 εὖ
2351 3085 2601 3156 ποιήσειν
2631 3100 2646 3115 ο
2671 3085 3038 3156 Σηλυϐριανὸς
3078 3088 3186 3156 γὰρ
3209 3083 3276 3157 ἦν
3301 3103 3315 3118 ο
3347 3087 3494 3140 ὥστε
3533 3087 3596 3140 τὰ
3631 3086 3776 3157 γράμ-

2253 3194 2399 3248 ματα
2430 3177 2854 3246 μεταγραφέντα
2883 3170 2917 3249 ᾖ
2952 3175 3105 3247 αὐτῷ
3149 3177 3343 3245 ἐδόκει,
3382 3177 3775 3245 Καντακουζηνῷ

2250 3269 2527 3338 ἀγαγόντα
2558 3269 2890 3339 παρασχεῖν,
2924 3269 3098 3338 μηδὲν
3129 3270 3542 3337 ἀπαγγείλαντα
3569 3273 3666 3323 τῶν
3688 3281 3777 3333 etp-

2249 3361 2564 3430 γασμένων,
2593 3359 2711 3414 ἀλλ’
2737 3362 2811 3424 ὡς
2842 3361 2970 3414 ὄντα
3001 3361 3273 3432 βασιλίδος
3307 3364 3409 3432 τῆς
3441 3363 3694 3431 γυναικός.
3727 3359 3774 3410 '0

2212 3492 2222 3504 .
2252 3452 2353 3522 μὲν
2398 3449 2490 3506 οὖν
2521 3452 2698 3506 ἐποίει
2725 3453 2866 3505 κατὰ
2891 3453 2959 3506 τὰ
3003 3455 3444 3524 κεκελευσμένα,
3481 3457 3569 3509 καὶ
3601 3469 3775 3520 πρωτο⁹

2250 3543 2501 3612 στράτωρ
2530 3543 2680 3596 ἄκων
2711 3543 2964 3613 ὠφέλησε
3012 3543 3238 3613 βασιλέα
3282 3564 3340 3599 τε
3389 3549 3483 3600 καὶ
3529 3550 3645 3610 τοὺς
3674 3546 3774 3616 περὶ

2248 3633 2430 3688 αὐτόν.
2477 3633 2564 3694 Ὠς
2593 3633 2702 3702 γὰρ
2727 3635 2795 3684 τά
2847 3649 2908 3686 τε
2951 3635 3260 3705 γράμματα
3294 3638 3677 3705 ἀνεγινώσκετο
3701 3637 3774 3688 καὶ

2247 3724 2442 3792 ἤκουον
2509 3725 2641 3793 περὶ
2694 3724 2796 3791 τῆς
2847 3725 3240 3798 ἐνεδρευούσης
3273 3733 3537 3798 στρατιᾶς
3581 3731 3624 3781 οἱ
3670 3727 3774 3794 περὶ

2248 3814 2492 3884 βασιλέα,
2522 3815 2597 3877 ὡς
2630 3815 3052 3868 πολλαπλασίων
3088 3834 3146 3870 τε
3195 3818 3378 3872 αὐτῶν
3421 3822 3504 3890 εἴη
3549 3821 3635 3872 καὶ
3679 3819 3769 3878 τοῖς

2245 3908 2413 3958 πᾶσιν
2440 3908 2750 3977 ἐρρωμένη,
2778 3903 2868 3961 οἷα
2899 3907 2962 3978 δὴ
2991 3907 3144 3961 οὖπω
3189 3911 3314 3979 χθὲς
3345 3915 3444 3966 καὶ
3488 3913 3665 3982 πρώην
3687 3910 3770 3961 τῶν

2243 3996 2432 4048 οίκιῶν
2455 3997 2532 4059 είς
2559 3998 2658 4066 τὴν
2691 3999 2988 4068 στρατείαν
3013 3999 3345 4067 ἐξελθόντες,
3373 4003 3493 4072 Θεῷ
3521 4021 3577 4055 τε
3605 4000 3770 4060 πολλὰς

2240 4086 2556 4156 ὡμολόγουν
2583 4090 2813 4158 χάριτας
2834 4089 2932 4159 τῆς
2954 4093 3036 4153 είς
3069 4091 3267 4156 αὐτοὺς
3301 4095 3556 4163 προνοίας
3579 4095 3664 4147 καὶ
3685 4092 3768 4144 τῶν

2243 4177 2506 4231 κινδύνων
2527 4179 2624 4247 τῆς
2657 4180 3002 4249 ἀπαλλαγῆς,
3025 4183 3120 4235 καὶ
3184 4183 3419 4251 βασιλίδι
3451 4188 3543 4256 τῆς
3574 4184 3768 4252 σπουδῆς

2241 4267 2466 4338 καὶτῆς
2505 4271 2787 4341 φροντίδος
2843 4273 2942 4340 τῆς
2999 4275 3128 4344 περὶ
3175 4276 3396 4341 αὐτοὺς,
3449 4279 3539 4330 καὶ
3582 4279 3766 4345 ἄσμενοι

2240 4360 2624 4432 ὑπέστρεφον,
2687 4363 2780 4417 τοῦ
2845 4364 3094 4434 μείζονος
3147 4367 3414 4422 ,κινδύνου
3461 4371 3527 4423 τὰ
3573 4365 3763 4437 δυσχερῆ

569 4458 976 4522 tiantacuzcno,
1015 4462 1103 4514 cui
1135 4463 1349 4516 occulte
1381 4465 1653 4528 studeret,
1690 4469 1962 4536 profuisse
2007 4487 2138 4526 con-

2247 4452 2510 4523 πρότερον
2550 4454 2644 4506 καὶ
2690 4455 3023 4524 δυσάρεστα,
3053 4458 3228 4528 ῥᾷστα
3260 4460 3356 4513 καὶ
3392 4461 3763 4514 λυσιτελέστατα

570 4545 871 4600 ﬁrmantes.
928 4547 979 4602 Is
1035 4564 1166 4603 vero
1219 4552 1537 4619 juramento
1595 4546 1942 4624 interposito,
2000 4560 2139 4614 nihil

566 4636 834 4704 ejusmodi
861 4652 919 4692 se
949 4638 1190 4693 voluisse
1221 4642 1602 4706 asseverabat,
1629 4645 1724 4699 sed
1753 4646 1900 4700 velut
1928 4649 2137 4704 ecclesti

573 4727 806 4796 quadam
842 4729 892 4782 vi
923 4745 990 4783 eo
1023 4731 1316 4800 impulsum
1337 4749 1477 4797 esse,
1503 4751 1626 4790 cum
1659 4749 1875 4806 putaret
1906 4756 1961 4795 se
1996 4742 2138 4796 Can-

569 4833 894 4872 tacuzcnum
931 4837 1052 4875 cum
1093 4838 1390 4878 numeroso
1439 4827 1825 4884 adventantem
1886 4836 2134 4890 CXCI‘CHU

566 4912 948 4980 decepturum,
981 4914 1024 4968 si
1052 4914 1101 4969 ei
1135 4917 1428 4972 terret‘acto
1483 4923 1856 4978 reversionem
1908 4941 2134 4994 persua-

458 5007 475 5024 '
537 5001 748 5055 'sisset.
805 5004 929 5057 llaec
961 5004 1026 5058 ad
1067 5006 1214 5060 hunc
1251 5008 1473 5063 modum
1518 5021 1636 5066 acta
1677 5024 1828 5077 sunt.
1857 5018 2137 5073 etCanta-

567 5106 814 5146 cuzenus
853 5096 918 5146 ad
945 5094 1157 5148 Cralem
1188 5110 1246 5150 se
1274 5101 1498 5168 recepit.
1537 5103 1899 5171 Apocauchus
1930 5107 2135 5179 Byzano

563 5183 701 5236 tium
749 5198 969 5237 cursum
1021 5185 1252 5250 reﬂexit.
1300 5204 1462 5258 quem
1505 5193 1692 5248 incola:
1735 5198 1921 5252 multis
1984 5200 2135 5267 plau-

566 5275 718 5329 sibUs
751 5286 806 5329 ct
837 5279 1105 5330 eneomiis
1133 5280 1498 5349 admirandis,
1534 5295 1888 5355 servatorem,
1929 5306 2133 5358 propu-

564 5379 868 5433 gnatorem,
901 5368 1250 5424 liberatorem
1287 5375 1595 5430 vocitantes
1624 5391 1982 5448 exceperunt.
2007 5381 2130 5436 Cir-

559 5471 910 5526 cumquaquc
945 5466 1057 5510 tum
1111 5460 1252 5514 fama
1292 5465 1626 5532 percrebuit,
1688 5468 2129 5524 Cantacuzcnnm

557 5557 639 5600 ne“
679 5549 973 5604 audentem
1029 5552 1248 5620 quidem
1309 5555 1521 5608 obtucri
1589 5573 1843 5625 magnum
1910 5561 2128 5624 ducem,

555 5631 848 5708 desperata
901 5645 1075 5699 salute
1120 5647 1435 5710 revertisse,
1493 5657 1548 5702 ct
1595 5651 1658 5701 ad
1694 5661 1940 5705 sanctum
1975 5666 2127 5704 mon-

556 5739 671 5783 tem
751 5732 823 5787 ibi
885 5751 1072 5791 revera
1126 5738 1453 5792 monachum
1514 5741 1886 5808 prclcssurum
1975 5745 2123 5800 abire

2244 4545 2532 4612 φαίνεσθαι
2566 4546 2872 4608 ποιοῦντος.
2899 4547 3056 4601 Οὕτω
3089 4551 3188 4616 μὲν
3219 4548 3312 4604 οὖν
3344 4551 3590 4622 βασιλεύς
3612 4569 3662 4604 τε
3689 4550 3761 4602 καὶ

2240 4640 2288 4690 οί
2315 4639 2450 4706 ἀμφ’
2475 4640 2637 4692 αὐτὸν
2674 4641 3097 4711 ἀπροσδοκήτων
3127 4644 3386 4714 ὲρρύοντο
3420 4646 3679 4706 κινδύνων,
3707 4643 3756 4692 ἐκ

2245 4729 2338 4798 τῆς
2365 4730 2510 4799 παρὰ
2540 4730 2653 4782 τῶν
2698 4730 2972 4800 πολεμίων
3005 4734 3268 4803 πονηρίας
3321 4735 3550 4805 μέγιστα
3590 4733 3761 4803 ὠφελη-

2243 4822 2445 4886 θέντες.
2502 4822 2560 4874 Ὀ
2595 4825 2767 4892 μέγας
2807 4824 2863 4876 δὲ
2892 4825 3014 4887 δοὺξ
3041 4820 3366 4895 πυθὰιενος,
3395 4828 3469 4892 ὡς
3503 4831 3627 4882 πάνυ
3654 4823 3760 4893 φαύ·

2239 4915 2337 4982 λην
2371 4917 2520 4981 ἄγων
2565 4919 2847 4982 στρατιὰν,
2883 4918 2975 4968 καὶ
3016 4919 3070 4979 ἐς
3099 4920 3164 4970 τὰ
3200 4920 3436 4988 μάλιστα
3463 4917 3759 4988 εὐεπιχείρη⁸

2236 5023 2326 5068 τος
2376 5006 2472 5072 ὢν,
2501 5007 2895 5077 ἀναστρέψειεν
2925 5011 2988 5060 ἐκ
3019 5002 3127 5061 τῶν
3169 5014 3533 5082 γραμμάτων,
3565 5012 3596 5065 ἃ
3625 5024 3755 5076 μετα-

2199 5160 2205 5166 _
2240 5099 2518 5166 ποιήσειεν
2557 5101 2585 5150 6
2619 5099 2890 5167 γαμϐρὸς,
2936 5099 3137 5169 πολλὴν
3170 5103 3320 5173 αὑτῴ
3363 5105 3533 5172 ἐπῆγε
3564 5100 3752 5171 μέμψιν,

2237 5188 2330 5239 καὶ
2363 5189 2630 5256 ὠργίζετο
2662 5188 2936 5258 φανερῶς,
2966 5189 3046 5240 ὅτι
3083 5189 3173 5242 τὸν
3215 5193 3412 5261 ἐχυρὸν
3440 5193 3496 5255 ἐξ
3535 5186 3752 5244 ἀϐουλίας

2234 5279 2557 5348 ὠφελήσειε.
2608 5278 2800 5331 Πολλοὶ
2851 5279 2906 5331 δέ
2967 5281 3060 5332 καὶ
3106 5280 3216 5334 τῶν
3262 5283 3329 5335 τὰ
3383 5283 3470 5335 ίσα
3507 5277 3750 5352 ᾑρημένων

2245 5372 2592 5442 Ἀποκαύχῳ,
2625 5375 2718 5426 καὶ
2746 5373 3002 5436 ἀπιστίας
3039 5365 3498 5446 πρωτοστράτορα
3524 5372 3750 5442 ἐγράφτιν⁴

2231 5482 2314 5528 το,
2341 5466 2416 5527 ὡς
2444 5467 2586 5518 ἑκὼν
2615 5461 2756 5517 εἶναι
2801 5467 3256 5536 Καντακουζηνόν
3284 5469 3600 5537 ὠφελήσειεν
3628 5464 3748 5528 ἰσχυ-

2234 5560 2509 5630 ριζόμενοι
2536 5558 2724 5629 κρύφα
2755 5558 2824 5612 τὰ
2858 5561 3066 5614 ἐκείνου
3103 5560 3400 5632 ᾑρημένος.
3452 5560 3508 5611 '0
3531 5555 3573 5609 δ’
3598 5557 3745 5622 ὅρκοις

2231 5649 2623 5713 δ-εδεδαιοῦτο,
2673 5651 2750 5712 ὡς
2802 5652 2957 5704 οὐδὲν
3010 5651 3158 5720 αὐτῴ
3204 5650 3444 5704 το.οὗτον
3487 5644 3744 5707 συνειδείη»

2237 5742 2350 5797 ἀλλ’
2388 5743 2576 5812 ὥσπερ
2603 5744 2705 5796 ὑπό
2733 5762 2869 5809 τινος
2901 5744 3161 5814 ἀγόρενος
3187 5745 3461 5817 δυνάμεως
3486 5741 3741 5812 κρεξτκνος
