4062 6290
590 331 721 393 10.7
797 293 805 301 ’
902 380 907 385 .
1756 330 2080 393 JOANNIS
2120 330 2644 394 CANTACUZENt
3667 333 3776 399 1023

579 462 699 499 rum
730 459 879 515 rege,
903 453 959 500 et
986 444 1354 500 omnimodam
1380 457 1538 512 Opem
1564 443 1855 513 pollicente
1887 445 2126 499 iciebant

2254 442 2454 507 αὐτοὺς
2500 445 2708 506 Μυσοῖς
2746 447 2844 498 καὶ
2884 445 2983 514 τὴν
3029 443 3186 497 πόλιν
3229 443 3564 514 παραδῶσιν.
3608 448 3663 498 Οἱ
3703 451 3781 514 μὲν

418 532 425 539 ’
504 524 509 527 ’
571 538 745 605 Atqui
800 547 993 592 contra
1029 537 1345 607 opinionem
1395 535 1616 590 cecidit.
1664 535 1972 591 Alexander
2002 538 2126 593 enin

2255 534 2351 589 οὖν
2387 535 2615 608 τοιαύτῃ
2648 535 2844 608 γνώμῃ
2881 537 2979 599 τὰς
3011 536 3291 603 συνθήκας
3317 536 3613 598 ἐποιοῦντο,
3640 540 3783 607 ἁσμέ-

2253 643 2358 689 νως
2392 627 2490 679 καὶ
2517 629 2612 679 τοῦ
2640 628 2842 680 Μυσῶν
2874 626 3138 696 βασιλέως
3172 625 3498 696 δεξαμένου.
3532 630 3622 679 καὶ
3650 631 3801 681 παντί

2257 717 2450 788 τρόπῳ
2504 710 2889 789 συμμαχήσειν
2944 718 3450 788 ἀπαγγεὶλομένου.
3492 718 3561 770 Τὸ
3597 717 3639 769 δ’
3672 720 3781 771 ἀπέ-

2252 809 2438 873 ϐαινεν
2469 810 2750 875 ἐναντίως,
2771 809 2804 881 ἢ
2824 811 3084 882 ᾠήθησαν
3111 811 3287 867 αύτοί.
3316 790 3651 880 Ἀλέξανδρος
3673 814 3780 881 γὰρ.

2250 902 2374 954 ἐπεὶ
2417 902 2468 954 οἱ
2510 903 2569 954 ἐν
2620 901 2994 972 Διδυμοτείχῳ
3023 903 3122 965 τὰς
3155 904 3431 970 συνθήκας
3469 903 3779 970 ἐποιήσαντο,

2244 990 2324 1054 ὡς
2353 991 2407 1043 et
2428 990 2505 1061 μὴ
2532 991 2984 1060 Καντακουζηνδς
3007 994 3035 1044 ὁ
3060 990 3314 1061 βασιλεὺς
3336 989 3613 1059 ἐπανήξει,
3637 1007 3783 1052 παρα-

2247 1083 2443 1138 δώσειν
2469 1082 2622 1153 αύτῷ
2671 1083 2774 1152 τὴν
2804 1086 2959 1137 πόλιν
2990 1084 3248 1153 νομίσας,
3296 1085 3348 1135 εἰ
3392 1081 3582 1152 τρόπῳ
3612 1081 3670 1151 δή
3698 1099 3780 1134 τινι

2246 1174 2456 1227 ἐκεῖνον
2487 1173 2847 1244 διαφθείρειε,
2897 1174 3131 1244 βεϐαίως
3170 1174 3271 1240 τὴν
3320 1172 3478 1225 πόλιν
3509 1172 3608 1242 ἤδη
3640 1159 3777 1241 ἔχειν,

2248 1263 2429 1317 πάντα
2462 1263 2644 1316 κάλων
2674 1263 2847 1316 ἐκίνει
2879 1262 3112 1317 κωλύειν
3149 1263 3250 1331 τὴν
3283 1256 3545 1315 ἐπάνοδον
3573 1261 3726 1331 αὐτῷ,
3754 1260 3780 1330 ἢ

2246 1356 2295 1407 εί
2327 1354 2551 1427 δύναιτο
2610 1358 2708 1411 καὶ
2758 1356 3135 1426 διαφθείρειν’
3191 1354 3288 1407 καὶ
3330 1352 3623 1422 πρεσϐείας
3670 1353 3781 1421 πρὶς

2247 1447 2475 1518 Κράλην
2506 1446 2744 1517 πέμπων
2789 1447 3011 1517 συχνὰς,
3059 1447 3157 1500 καὶ
3198 1445 3424 1514 ⁹Ελένην
3451 1443 3551 1513 τὴν
3579 1442 3780 1511 ἀδελφὴν

2247 1538 2439 1610 Κράλῃ
2486 1537 2869 1603 συνοικοῦσαν,
2922 1538 3157 1609 παρῄνει
3211 1535 3662 1604 Καντακουζηνδν
3707 1540 3779 1586 τὸν

2248 1630 2474 1699 βασιλέα
2510 1634 2586 1702 μὴ
2641 1631 2874 1698 ἀνιέναι,
2915 1626 3051 1685 ἀλλὰ
3069 1631 3341 1700 δήσαντας
3369 1630 3430 1681 ἐν
3454 1626 3778 1696 δεσμωτηρίῳ

570 1740 825 1786 versante
863 1729 1195 1799 repudiavit.
1245 1728 1448 1782 Moesus
1474 1727 1689 1796 copiis,
1739 1735 1976 1795 quantas
2021 1727 2123 1781 urb

2246 1727 2527 1796 φρουρεῖν,
2556 1726 2591 1795 ἢ
2619 1725 2717 1779 καὶ
2751 1723 3130 1779 ἀποκτείνειν·
3162 1722 3310 1776 οὓτω
3352 1721 3466 1791 γὰρ
3503 1720 3567 1773 ἂν
3597 1718 3779 1783 ἐξέσται

567 1821 891 1877 obsidendas
958 1819 1179 1889 putabat
1229 1816 1498 1879 suﬂicere,
1556 1816 1763 1880 missis,
1797 1831 1969 1885 prope
2016 1830 2126 1870 mu-

2243 1816 2342 1887 τὴν
2383 1818 2676 1885 Ῥωμαίων
2720 1817 2864 1888 ἔχειν
2890 1816 3084 1887 ’ἀρχὴν
3132 1814 3390 1881 ἀπονητί.
3432 1808 3647 1884 Κράλῆς
3699 1811 3778 1881 μὲν

567 1929 658 1966 tos
689 1904 894 1967 castris
910 1910 1103 1980 positis
1124 1924 1344 1964 servare
1375 1909 1561 1979 jussit,
1588 1907 1815 1977 perinde
1857 1906 2013 1976 quasi
2042 1922 2126 1976 ρι’(

2242 1907 2337 1961 οὖν
2361 1908 2528 1962 αὑτοῦ
2558 1909 2657 1972 τὰς
2714 1908 3076 1979 παραινέσεις
3120 1906 3332 1975 φαύλας
3368 1904 3683 1975 ἡγούμενος,
3727 1903 3776 1954 οὐ

565 2002 809 2057 obseSsis
834 2012 1021 2055 contra
1072 2001 1348 2055 Romanos
1377 2006 1819 2068 propugnaturos
1858 2012 1873 2050 :
1923 1996 2126 2066 reipsa,

2241 2001 2598 2070 παρεδέξατο,
2648 2000 2887 2070 μάλιστα
2942 2001 3024 2064 είς
3061 1998 3223 2053 τοῦτο
3255 1998 3560 2067 ἐναγούσης
3588 1994 3778 2062 καὶτῆς

568 2105 631 2148 ut
655 2094 917 2163 oppidum
952 2093 1169 2162 ipsimet
1216 2090 1559 2147 commodius
1589 2089 1908 2144 obsiderent
1952 2097 2005 2142 et
2047 2104 2126 2157 op-

2239 2092 2521 2160 γυναικός.
2572 2091 2809 2155 Ἐκεῖνος
2845 2092 2903 2146 δέ
2956 2092 3052 2144 καὶ
3095 2093 3370 2159 στρατιὰν.
3404 2088 3622 2158 πέμψας
3665 2087 3775 2153 ὅσην

563 2198 892 2257 pugnarent.
942 2186 1190 2240 Factum.
1241 2184 1376 2238 Nam
1420 2183 1685 2237 Romanis
1717 2196 1863 2249 saepe
1915 2180 2126 2250 quidem

2236 2181 2377 2253 ᾠετο
2407 2185 2601 2252 ἀρκεῖν
2646 2186 2760 2246 τοῖς
2806 2185 2865 2236 ἐν
2892 2181 3257 2251 Διδυμοτείχῳ
3280 2183 3428 2250 πρὸς
3470 2178 3777 2248 πολιορκίαν,

569 2277 1007 2341 incursantibus,
1037 2275 1133 2330 sed
1173 2274 1371 2329 festino
1404 2272 1790 2328 recedentibus
1816 2312 1831 2336 ,
1881 2270 2126 2341 Didymot

2237 2274 2489 2328 ἐκέλευσε
2509 2273 2799 2342 φυλάττειν
2814 2270 3613 2343 παραστρατοπεδευσαμένους
3626 2284 3641 2299 ο
3667 2269 3777 2335 πρό-

562 2369 841 2424 tichenses
891 2368 1201 2431 licentiam,
1229 2366 1420 2431 nacti,
1469 2363 1716 2419 Thraciae
1762 2363 1929 2416 urbes
1971 2372 2126 2415 noctu

2237 2383 2407 2434 φασιν
2455 2367 2556 2435 μὲν
2615 2366 2689 2429 ὡς
2747 2364 3115 2435 βοηθήσοντας
3168 2364 3264 2417 ἐπὶ
3326 2362 3627 2431 Ῥωμαίους
3671 2362 3776 2419 τοὺς

561 2458 765 2529 diuque
819 2460 1256 2529 depnpttlantes,
1308 2457 1438 2512 inde
1480 2455 1690 2510 victum
1740 2450 1844 2508 dibi
1883 2452 2126 2522 quaerita-

2235 2456 2686 2526 πολιορκοῦντας,
2735 2459 2803 2526 τῇ
2863 2455 2909 2508 δ’
2957 2455 3230 2525 ἀληθείᾳ,
3293 2453 3360 2508 ἶν’
3405 2455 3563 2508 αὐτοὶ
3606 2452 3775 2523 μᾶλλον

563 2553 717 2607 bant.
753 2553 940 2608 Moesis
972 2560 1156 2606 autem
1189 2557 1376 2621 postea
1406 2546 1790 2602 invadentibus
1816 2584 1831 2610 ,
1885 2545 2126 2599 assiduo-

2234 2548 2630 2620 ἀκριϐέστερον
2675 2547 3036 2616 πολιορκοῖεν.
3077 2546 3260 2616 Ὅπερ
3300 2545 3365 2613 δὴ
3404 2545 3501 2598 καὶ
3532 2544 3664 2598 κατὰ
3694 2541 3773 2611 τὴν

580 642 845 697 percusso
894 629 1100 685 findere
1130 630 1184 682 in
1215 642 1338 682 eam
1369 628 1764 692 conditionem,
1797 640 1857 683 ut
1885 629 1930 684 si
1957 629 2152 684 Canta-

577 733 825 774 cuzenus
854 736 964 773 non
993 719 1223 780 rediret.
1255 718 1303 773 ei
1337 718 1532 772 civitas
1567 718 1970 785 transderetttr,
2001 731 2150 777 ratus

575 810 621 867 si
650 829 759 880 quo
791 811 955 865 modo
987 811 1137 866 illum
1185 812 1254 866 de
1286 805 1471 866 medio
1498 811 1843 881 sustulisset,
1867 826 1965 879 pro
1996 823 2149 868 certo

575 903 738 973 537
773 918 893 957 eam
929 903 1271 966 habiturum,
1303 902 1441 956 nihil
1468 902 1721 957 inausum
1760 902 2009 973 reliquit,
2039 918 2148 973 quo

574 996 904 1055 reditionem
941 997 1061 1066 ejus
1113 994 1438 1064 impediret,
1486 1001 1580 1048 aut
1630 995 1795 1049 etiam
1841 995 1888 1050 si
1937 1003 2144 1064 posset,

577 1087 730 1139 illum
774 1084 1139 1152 interimeret,
1172 1084 1494 1154 crebrisque
1524 1084 1882 1154 legationibus
1930 1083 2144 1140 Cralem

569 1187 625 1230 et
650 1178 911 1232 Helenam
934 1192 1180 1232 sororem
1215 1191 1390 1242 suam,
1420 1176 1565 1230 illius
1623 1176 1910 1246 coniugem
1943 1175 2146 1230 sollici-

571 1269 745 1333 tabat,
778 1284 847 1323 ne
876 1268 1324 1323 Cantacuzenum
1374 1267 1739 1333 dimitterent,
1770 1266 1865 1321 sed
1902 1265 2142 1322 vinctum

569 1361 626 1414 in
659 1374 881 1414 carcere
913 1358 1259 1441 custodirent
1289 1397 1308 1424 ,
1333 1356 1419 1412 rel
1453 1357 1633 1427 potius
1670 1356 1986 1413 occiderent
2014 1375 2029 1411 :
2064 1357 2147 1413 sic

567 1455 718 1509 enim
771 1467 928 1522 posse
960 1468 1056 1506 cos
1087 1450 1374 1520 imperium
1403 1449 1710 1504 Romanum
1737 1449 1875 1503 citra
1900 1448 2146 1503 laborem

570 1546 824 1615 adipisci.
877 1532 1075 1599 Crates;
1116 1543 1529 1597 cohortationes
1595 1541 1715 1611 ejus
1765 1546 1824 1594 ut
1882 1540 2144 1607 nefarias,

570 1653 740 1692 uxore
800 1636 1142 1706 potissimum
1197 1634 1479 1688 adnitente
1507 1683 1523 1708 ,
1569 1642 1625 1688 et
1656 1633 1711 1687 in
1760 1648 1825 1687 eo
1857 1633 2007 1688 fratri
2054 1634 2147 1688 ad-

557 2659 666 2712 que
702 2659 793 2711 pcr
830 2643 951 2697 dies
986 2642 1254 2711 plurimos
1304 2636 1783 2701 incumbentibus,
1819 2650 1907 2688 res
1944 2649 2134 2709 eorum

558 2735 918 2787 vehementer
952 2733 1006 2786 in
1038 2739 1328 2799 angustum
1381 2729 1617 2783 redacta:
1662 2735 1829 2792 sunt,
1877 2725 2133 2791 omnibus

552 2825 661 2892 jam
692 2823 761 2876 ob
785 2818 983 2875 famem
1031 2821 1098 2874 de
1142 2819 1253 2873 vita
1297 2816 1736 2887 periclitantibus
1782 2853 1799 2880 ,
1853 2814 2124 2883 siquidem

559 2913 717 2967 Moesi
751 2925 1004 2983 peraeque
1048 2920 1105 2964 et
1133 2908 1410 2964 Romanos
1460 2906 1650 2960 urbem
1688 2904 1914 2969 adoriri,
1947 2911 2002 2958 et
2033 2920 2121 2957 ur.

557 3006 732 3059 banos
809 3003 945 3057 urbe
995 3001 1148 3056 exire
1200 2997 1587 3070 prohibebant.
1614 2995 1769 3061 Quod
1804 2994 1849 3049 si
1900 2995 1994 3065 qui
2062 2995 2130 3050 de

555 3109 709 3147 more
743 3093 809 3148 ad
842 3092 1197 3163 praedandum
1240 3089 1633 3163 egrederentur
1668 3087 1802 3156 (haec
1830 3087 1974 3141 enim
2010 3092 2129 3139 erat

552 3187 688 3256 ipsis
716 3187 953 3240 maxime
1005 3183 1324 3238 necessaria
1373 3179 1439 3234 ad
1492 3179 1657 3233 vitam
1712 3177 2127 3233 sustentandam

551 3281 858 3350 excogitata
912 3276 1116 3344 ratio),
1167 3281 1530 3331 occurrentes
1583 3271 1737 3327 Μωεί
1769 3270 2025 3343 (quorum
2072 3270 2126 3323 in

550 3373 656 3425 hoc
685 3368 1086 3441 providentiam
1119 3375 1173 3421 et
1201 3363 1629 3421 sollicitudinem
1677 3376 1926 3431 magnam
1956 3360 2126 3413 latere

552 3464 742 3532 utique
778 3477 891 3541 non
938 3459 1214 3529 poterant)
1247 3457 1406 3527 equis
1471 3464 1526 3510 et
1592 3453 1760 3508 armis
1804 3452 2039 3505 nudatos
2068 3450 2125 3503 in

554 3555 753 3609 urbem
807 3552 1017 3622 regredi
1053 3551 1326 3604 sinebant.
1375 3547 1431 3602 Si
1483 3544 1990 3616 Didymotichenses
2028 3542 2126 3595 ltu-

545 3646 788 3719 jusmodi
839 3644 1124 3715 prtedones
1192 3641 1335 3710 apud
1404 3640 1571 3694 duces
1630 3637 1902 3691 exercitus
1950 3635 2126 3690 defer-

549 3748 716 3804 rent,
779 3733 1305 3801 asseverantissime,
1370 3727 1815 3798 respondebant,
1875 3739 1933 3779 se
1995 3723 2122 3778 facti

549 3831 782 3896 inscios,
832 3843 935 3884 nec
962 3842 1092 3883 suos
1118 3840 1239 3880 esse
1272 3831 1379 3878 tam
1413 3823 1668 3884 audaces,
1695 3819 1788 3873 sed
1824 3815 2120 3880 Romanos,

548 3924 642 3993 qui
682 3921 787 3990 ipsi
821 3933 1044 3990 quoque
1079 3916 1384 3987 praedatum
1412 3911 1805 3975 circumirent,
1834 3908 2122 3981 jubebant-

547 4030 656 4084 quc
690 4023 871 4069 castra
921 4009 1368 4082 perambulantes
1392 4046 1408 4072 ,
1464 4022 1494 4060 a
1530 4003 1842 4075 raptoribus
1891 4017 1988 4057 sua
2027 4017 2122 4072 au-

548 4107 694 4161 ferre
720 4145 735 4171 ,
781 4104 825 4159 si
854 4118 964 4172 quo
995 4101 1153 4170 signo
1185 4114 1280 4154 eos
1309 4103 1736 4168 cognoscerent,
1772 4101 1827 4147 et
1877 4102 2119 4146 extrema

548 4197 818 4266 supplicia
856 4193 1235 4255 minabantur,
1255 4189 1301 4243 si
1327 4189 1453 4258 quis
1483 4187 1604 4240 talis
1629 4194 1879 4254 repertus
1903 4183 2116 4237 fuisset.

550 4288 661 4341 Sed
705 4286 759 4339 hi
793 4283 931 4337 nulli
973 4280 1382 4353 cernebantu_r;
1419 4293 1543 4331 nam
1588 4276 1755 4330 duces
1803 4272 2115 4342 hujusmodi

550 4377 881 4448 praedatores
922 4387 1048 4428 cum
1095 4370 1277 4441 praeda
1323 4368 1502 4423 statim
1558 4366 1613 4419 in
1656 4363 1899 4418 Mmsiam
1934 4362 2007 4416 mi
2038 4370 2117 4417 te-

2153 3144 2200 3207 Ο

2232 2641 2442 2695 ἐκείνου
2504 2638 2734 2712 γνώμην
2798 2641 3055 2695 ἐτελεῖτο.
3122 2639 3245 2693 Τῶν
3305 2640 3420 2709 γὰρ
3491 2636 3770 2706 Ῥωμαίων.

2233 2732 2436 2800 συχνὰς
2479 2733 2580 2802 μὲν
2624 2732 2971 2802 ποιουμένων
3013 2731 3112 2793 τὰς
3152 2730 3533 2800 καταδρομὰς,
3570 2728 3770 2797 τάχιστα

2229 2826 2288 2879 δέ
2319 2823 2773 2895 ἀναχωρούντων,
2808 2825 2994 2887 ἀδείας
3015 2824 3065 2876 oi
3095 2823 3153 2874 ὲν
3184 2821 3557 2890 Διδυμοτείχῳ
3589 2817 3768 2886 τυγχάο

2230 2933 2432 2982 νοντες,
2498 2916 2600 2980 τάς
2659 2915 2802 2970 κατά
2854 2915 3081 2987 Θρᾴκην
3144 2914 3429 2985 ἐληΐζοντο
3478 2914 3650 2974 πόλεις
3692 2911 3768 2963 καὶ

2228 3004 2444 3073 νύκτωρ
2469 3006 2566 3059 κα)⁸
2611 3004 2732 3076 μεθ’
2767 3005 3006 3075 ἡμέραν,
3056 3006 3153 3059 καὶ
3194 3006 3256 3056 ἐκ
3286 3005 3387 3071 τῆς
3419 3003 3659 3073 ἁρπαγῆς
3688 2998 3767 3052 καὶ

2208 3097 2522 3168 κλεηλασίας
2571 3096 2857 3177 ἐποιοῦντο
2903 3098 3003 3159 τάς
3044 3095 3140 3149 τοῦ
3181 3094 3301 3166 βίου
3343 3094 3619 3167 ἀφορμᾲς.
3667 3091 3766 3143 Τῶν

2229 3188 2433 3266 Μυσῶν
2462 3189 2517 3241 δέ
2545 3188 2905 3255 ἐπελθόντων,
2931 3188 3025 3242 καὶ
3057 3187 3297 3257 συνεχῶς
3322 3186 3679 3256 ἐπικειμένων
3697 3181 3766 3249 ἐφ’

2228 3280 2462 3350 ἡμέραις,
2499 3281 2806 3346 πλείσταις,
2842 3283 2922 3343 εἰς
2959 3285 3148 3334 στενὸν
3195 3279 3398 3351 κομιδῆ
3440 3278 3686 3349 περιέστη
3711 3274 3765 3326 τὰ

2228 3372 2532 3442 πράγματα
2580 3373 2791 3437 αὐτοῖς,
2817 3373 3039 3426 πάντων
3068 3371 3173 3441 ἤδη
3220 3371 3637 3425 κινδυνευόντων
3679 3366 3764 3420 ὑπὸ

2225 3462 2320 3516 τοῦ
2338 3462 2498 3532 λιμοῦ
2516 3463 2883 3533 διαφθαρῆναι
2909 3479 2922 3493 ⁸
2947 3463 3124 3516 Μυσοὶ
3145 3466 3253 3534 γάρ
3267 3465 3470 3531 ὁμοίως
3499 3459 3765 3529 Ῥωμαίους

2225 3571 2283 3607 τε
2315 3544 2550 3608 ἐκώλυον
2575 3557 2685 3618 τοῖς
2715 3558 2773 3607 ἐν
2796 3556 3163 3626 Διδυμοτείχῳ
3189 3556 3432 3621 ἐπιέναι,
3473 3557 3566 3607 καὶ
3595 3552 3764 3612 αὐτοὺς

2224 3647 2324 3714 τῆς
2366 3648 2595 3712 πόλεως,
2628 3648 2703 3718 μὴ
2740 3646 2964 3714 ἐξιέναι.
3017 3650 3079 3702 Ei
3111 3649 3221 3719 γάρ
3270 3666 3420 3712 τινες
3465 3647 3648 3712 ἐξίοιεν
3691 3640 3761 3709 ἐφ’

2225 3737 2505 3807 ἁρπαγὴν,
2546 3737 2735 3808 ὥσπερ
2796 3738 3093 3791 είώθεσαν’
3132 3732 3308 3807 (οὗτος
3347 3743 3460 3806 γὰρ
3496 3736 3560 3808 ἦν
3606 3736 3761 3794 αὐτοῖς

2222 3830 2649 3898 ἀναγκαιότατος
2680 3831 2844 3900 πόρος
2869 3830 3007 3901 πρὸς
3039 3830 3099 3881 τὸ
3132 3829 3252 3899 ζῇν)
3284 3828 3760 3900 προστυγχάνοντες

2221 3922 2272 3975 οἱ
2322 3923 2520 3986 Μυσοὶ,
2578 3923 2800 3985 πάντως
2857 3922 2915 3974 δὲ
2968 3922 3068 3975 ούκ
3109 3923 3236 3991 ἐνῆν
3285 3922 3556 3975 διαλαθεῖν
3587 3919 3759 3984 πολλὴν

2223 4012 2478 4081 πρόνοιαν
2503 4010 2732 4074 τούτους
2762 4014 2849 4063 κα“·
2888 4012 3145 4082 φροντίδα
3176 4012 3560 4081 ποιουμένους,
3586 4012 3757 4067 ἵππους

2218 4120 2278 4157 τε
2338 4103 2696 4172 ἀπεστέρουν,
2753 4103 2845 4155 καὶ
2889 4103 3053 4164 ὅπλα,
3103 4104 3200 4156 καὶ
3246 4107 3493 4172 γυμνοὺς
3548 4103 3753 4172 ἠφίεσαν

2219 4195 2516 4265 ἐπανήκειν
2562 4193 2699 4264 πρὸς
2731 4194 2831 4264 τὴν
2897 4194 3074 4248 πόλιν.
3138 4194 3203 4248 Εἰ
3248 4195 3305 4247 δὲ
3357 4193 3755 4266 προσαγγέλοιεν

2217 4287 2344 4348 τοὺς
2370 4285 2545 4338 ταῦτα
2570 4284 2905 4355 πράττοντας
2939 4288 2987 4340 οἱ
3020 4289 3083 4339 ἐκ
3123 4287 3508 4358 Διδυμοτείχου
3533 4285 3659 4356 πρὸς
3675 4283 3753 4350 τῆς

2220 4377 2479 4447 στρατιᾶς
2502 4376 2629 4437 τοὺς
2659 4375 3018 4444 ἡγουμένους,
3055 4377 3103 4429 oi
3133 4377 3189 4428 δὲ
3253 4376 3420 4447 μηδὲν
3452 4377 3638 4430 εἰδέναι
3660 4372 3750 4426 διεο

549 4468 704 4523 bant.
759 4465 876 4522 Hoc
906 4466 1073 4536 igitur
1105 4462 1266 4517 modo
1302 4456 1809 4529 Didymotichenses
1854 4455 1907 4508 in
1944 4454 2116 4508 maxi-

2228 4468 2480 4531 τείνοντο,
2537 4467 2673 4538 μηδέ
2723 4469 2824 4537 τῆς
2871 4468 3141 4537 σφετέρας
3181 4464 3323 4521 εἷναι
3365 4469 3617 4537 στρατιᾶς
3648 4464 3749 4520 τοὺς

551 4576 671 4615 mas
699 4559 1053 4613 difficultates
1109 4555 1297 4623 reique
1328 4549 1550 4605 cibariae
1580 4546 1862 4618 penuriam
1898 4545 2113 4601 adducti

548 4664 698 4715 sunt.
728 4653 869 4707 Tum
900 4648 1282 4704 animadverso
1312 4642 1580 4715 periculo,
1609 4640 1763 4694 [rene
1795 4637 2111 4709 imperatrix

549 4745 735 4800 Muzsis
770 4740 1034 4811 praecepit
1070 4737 1150 4792 uti
1183 4736 1253 4790 ab
1304 4734 1441 4788 urbe
1468 4731 1849 4792 abscederent.
1881 4728 2114 4801 amplius

546 4851 738 4891 eorum
768 4832 975 4887 auxilio
1008 4844 1147 4899 opus
1182 4843 1294 4882 non
1321 4840 1444 4881 esse
1472 4864 1487 4889 ,
1538 4823 1683 4894 quod
1730 4823 1860 4877 satis
1906 4821 2114 4891 praesti-

549 4930 768 4985 tissent.
803 4933 967 4993 atque
996 4920 1203 4975 idcirco
1233 4933 1293 4973 se
1324 4933 1434 4971 non
1467 4925 1676 4971 tantum
1704 4906 1948 4984 ipsorum
1976 4906 2111 4983 regi,

546 5034 735 5074 verum
764 5017 931 5071 etiam
962 4996 1229 5083 ipsismet/
1252 5010 1456 5064 multas
1487 5007 1686 5078 gratias
1728 5021 1907 5076 agere.
1959 5005 2112 5059 Moesi

545 5109 868 5178 neutiquam
894 5121 952 5160 se
983 5116 1302 5159 recessuros
1322 5142 1336 5163 ,
1388 5099 1484 5155 sed
1516 5099 1864 5153 continenter
1909 5097 2112 5151 ibidem

545 5215 645 5271 pro
682 5196 913 5266 imperio
963 5194 1111 5264 regis
1159 5191 1228 5246 ad
1265 5205 1426 5259 opem
1474 5189 1607 5259 ipsis
1639 5188 1919 5243 ferendam
1963 5203 2114 5241 man-

545 5307 705 5348 suros
778 5288 1069 5344 afﬁrmare.
1140 5284 1305 5354 538
1366 5283 1444 5336 Eo
1494 5296 1759 5350 responso
1811 5279 2111 5363 bidymoti-

544 5385 781 5439 chenses
828 5378 1133 5446 nintiopere
1192 5373 1500 5445 perturbati
1576 5388 1641 5426 ac
1708 5371 1925 5436 territi,
1972 5371 2110 5425 nihil

539 5476 652 5546 jam
705 5472 808 5527 sibi
882 5470 1074 5524 deesse
1119 5468 1185 5521 ad
1233 5466 1458 5521 exitium
1519 5462 1944 5518 arbitrabantur.
2042 5466 2113 5516 At

547 5567 843 5634 episcopus
886 5560 1041 5616 urbis
1090 5558 1257 5613 hosce
1292 5569 1475 5610 motus
1503 5596 1517 5620 ,
1565 5562 1783 5624 tamque
1816 5554 1987 5609 atroci
2024 5568 2112 5607 ca-

552 5653 780 5706 lamitati
822 5665 881 5705 se
917 5649 1305 5704 submittentes
1347 5647 1560 5699 animos
1591 5644 1831 5709 intuens,
1863 5660 2110 5714 progres-

548 5758 645 5798 sus
672 5742 727 5796 in
754 5741 990 5796 medium
1044 5739 1294 5794 labantes
1321 5737 1481 5807 erigit
1522 5744 1575 5792 et
1604 5735 1894 5792 confirmat
1942 5754 1955 5791 :
1990 5753 2110 5806 qua:

2213 4556 2530 4627 τολμῶντας
2559 4559 2626 4610 τὰ
2651 4557 2908 4621 τοιαῦτα,
2938 4558 3073 4611 ἀλλά
3110 4558 3413 4628 Ῥωμαίους
3468 4559 3557 4611 καὶ
3584 4555 3749 4614 αὐτοὺς

2214 4649 2307 4701 ἐπὶ
2333 4648 2560 4719 λῃστείᾳ
2590 4649 2928 4719 περιῖόντας,
2956 4650 3208 4702 ἐκέλευόν
3238 4667 3298 4702 τε
3322 4651 3383 4701 τὸ
3422 4645 3747 4719 στρατόπεδον

2216 4740 2512 4806 περιϊέναι,
2568 4737 2624 4790 εἴ
2669 4755 2723 4790 τι
2763 4738 2974 4806 γένοιτο
3016 4738 3308 4808 γνώρισμα
3342 4738 3526 4792 λαϐεῖν
3559 4737 3619 4787 ἐκ
3657 4731 3746 4785 τῶι

2216 4831 2590 4901 ἀπολομένων,
2625 4833 2720 4886 καὶ
2753 4831 2822 4885 τὰ
2860 4832 3066 4900 ἔσχατα
3094 4832 3355 4899 ἠπείλουν
3388 4830 3674 4899 διαθήσειν,
3704 4821 3747 4873 εί

2211 4939 2335 4976 τινα
2369 4922 2613 4976 τοιοῦτον
2640 4921 2879 4976 λάϐοιεν.
2911 4922 2990 4973 Τὰ
3019 4921 3076 4974 δέ
3104 4918 3248 4991 ἦσαν
3276 4920 3511 4983 οὐδαμοῦ
3532 4934 3544 4949 ·
3579 4916 3743 4988 πρότε-

2217 5031 2306 5084 ρον
2332 5017 2440 5085 γὰρ
2467 5015 2780 5084 ἐξέπεμπον
2809 5016 2965 5067 αὐτοὶ
2989 5014 3129 5085 πρὸς
3160 5014 3376 5067 Μυσίαν
3402 5015 3526 5075 τοὺς
3550 5006 3741 5062 τοιαῦτα

2208 5104 2629 5177 εἰργασμένους.
2664 5105 2865 5160 Τοῦτον
2906 5107 3005 5176 μέν
3038 5101 3129 5158 οὖν
3160 5106 3254 5158 τὸν
3287 5104 3486 5176 τρόπον
3515 5107 3570 5156 ἐν
3597 5094 3739 5162 στενῷ
3829 5143 3839 5157 ,

2213 5199 2556 5267 κατέστησαν
2583 5198 2779 5266 κομιδῆ
2812 5199 2937 5260 τοὺς
2960 5198 3019 5249 ἐν
3047 5195 3454 5266 Διδυμοτείχῳ’
3495 5194 3625 5245 πάνυ
3648 5189 3735 5255 γὰρ

2212 5292 2315 5343 ὑπὸ
2351 5290 2554 5352 ἐνδείας
2583 5289 2943 5358 ἐπιέσθησαν.
2981 5290 3272 5359 Συνορῶσα
3299 5288 3481 5358 δὲῆδη
3521 5284 3603 5337 τὸν
3638 5281 3736 5331 xiv-

2210 5380 2365 5432 δυνον
2393 5381 2425 5450 ἡ
2459 5378 2673 5448 βασιλὶς
2706 5378 2936 5449 Εἰρήνη,
2980 5372 3388 5433 ἀπανίστασθαι
3421 5373 3624 5428 ἐκέλευε
3652 5367 3732 5431 τῆς

2212 5471 2441 5536 πόλεως,
2482 5471 2556 5534 ὡς
2602 5471 2791 5523 οὐκέτι
2823 5470 3091 5542 δεομένης
3125 5470 3229 5540 τῆς
3261 5471 3394 5540 παρ’
3434 5465 3602 5521 αὐτῶν
3637 5462 3732 5542 ἐπιῇ

2212 5559 2459 5627 κουρίας,
2498 5557 2776 5627 ἀρκούσης
2827 5541 2929 5628 ἤδη
2982 5557 3395 5629 γεγενημένης·
3455 5552 3520 5608 δι’
3565 5551 3627 5620 ἦν
3680 5541 3730 5596 οὗ

2214 5650 2422 5719 βασιλεῖ
2461 5650 2619 5718 μόνον
2670 5650 2748 5718 τῷ
2786 5650 2986 5714 αὐτῶν,
3050 5650 3186 5704 ἀλλά
3233 5649 3332 5702 καὶ
3381 5648 3555 5707 αὐτοῖς
3595 5639 3729 5711 χάριν

2212 5724 2511 5810 ὁμολογεῖν
2564 5741 2785 5812 πολλήν.
2846 5740 2907 5795 Oi
2969 5741 3025 5794 δὲ
3091 5740 3266 5796 οὐδενὶ
3316 5739 3500 5811 τρόπῳ
3550 5735 3729 5804 ἔφασαν
3796 5741 3819 5771 ο
