4062 6290
323 315 460 379 1023

1445 295 1993 378 msvon’mnun
2036 314 2269 374 LIBER
2315 314 2431 373 ιιι.

3436 315 3572 382 ιοῖο

326 429 758 498 ἀναστήσεσθαι,
787 429 920 484 ἀλλὰ
941 431 1208 501 διηνεκῶς
1239 431 1426 484 αὐτόθι
1461 433 1646 500 μενεῖν
1671 431 1892 481 ἐπικουο

2004 425 2092 479 hic
2143 427 2316 489 ﬁunt,
2366 427 2548 480 omnia
2584 425 2774 481 divino
2806 420 2940 480 nutu
2980 425 3091 482 ﬁeri
3122 470 3135 492 ,
3169 437 3224 482 et
3256 427 3566 498 huiusmodi

324 522 597 591 ροῦντας·
646 521 789 574 οὕτω
837 523 945 592 γὰρ
994 524 1177 586 αὐτοῖς
1234 519 1372 576 εἶναι
1411 521 1894 592 προστεταγμένον

324 615 475 682 παρὰ
516 613 782 683 βασιλέως
812 615 906 667 τοῦ
939 615 1227 686 σφετέρου.
1264 613 1329 668 Ἢ
1360 615 1582 683 τοιαύτη
1613 615 1667 666 δὲ
1704 615 1900 666 ἀπολο-

319 706 417 772 γία
473 706 675 776 πολλὴν
733 707 956 760 ἐνέὸαλε
1003 708 1249 776 ταραχὴν
1303 708 1398 761 καὶ
1448 708 1639 760 πτοίαν
1697 709 1809 767 τοῖς
1840 709 1897 757 ἐν

319 780 722 867 λιδυμοτείχῳ·
766 800 867 870 ήδη
911 800 1046 869 γὰρΔ
1073 801 1257 861 αὐτοῖς
1297 798 1550 865 ἐφαίνετο
1601 799 1628 848 ὁ
1673 796 1896 865 ὄλεθρος

319 889 588 940 ἐλλείπων
625 889 744 940 κατ’
781 890 956 943 οὐδέν.
1007 889 1063 942 Ὀ
1105 889 1162 940 δὲ
1211 891 1308 955 τῆς
1344 889 1554 950 πόλεως
1601 887 1897 956 ἀρχιερεὺς

320 979 464 1047 ὁρῶν
485 981 583 1049 ἤδη
612 982 1033 1050 κλονουμένους,
1058 982 1150 1034 καὶ
1171 982 1308 1050 πρὸς
1340 981 1438 1048 τὴν
1463 979 1768 1050 ὑπερϐολὴν
1799 978 1897 1047 τῆς

317 1073 662 1141 δυσπραγὶας
744 1074 1077 1136 ἐνδιδόντας,
1138 1073 1426 1132 πα,ελθὼν
1503 1074 1581 1134 είς
1641 1071 1888 1140 μέσους,

319 1165 735 1236 παρεθάρρυνε,
777 1169 872 1220 καὶ
899 1167 998 1217 οὐκ
1036 1165 1121 1217 εία
1155 1165 1547 1227 καταπίπτειν,
1579 1162 1721 1214 κατὰ
1745 1161 1898 1227 ,γνώο

318 1274 434 1326 μην
479 1257 602 1323 Θεῷ
632 1258 814 1309 πάντα
839 1262 904 1309 τὰ
933 1257 1059 1326 τῇδε
1093 1255 1428 1326 πράττεσθαι
1457 1255 1647 1319 είπὼν,
1680 1258 1772 1308 καὶ
1800 1253 1896 1316 τὰς

314 1345 578 1406 τοιαύτας
609 1345 878 1414 ἐπηρείας
911 1345 1004 1397 ὐπ’
1045 1346 1257 1398 ἐκείνου
1295 1344 1765 1415 παρσχωρεῖσθαι,
1809 1343 1895 1396 ἵνα

315 1437 380 1489 τὸ
412 1437 546 1506 πρὸς
589 1437 817 1505 βασιλέα
860 1437 1088 1510 φίλτρον
1118 1439 1272 1506 ὐμῶν
1305 1436 1612 1506 δοκιμασθῇ
1645 1452 1657 1465 ο
1692 1436 1748 1498 ὃς
1776 1435 1896 1505 ἥξει

313 1545 380 1580 τε
415 1531 551 1598 μετά
585 1529 804 1598 μικρὸν,
851 1531 944 1582 καὶ
980 1529 1184 1592 πάντας
1213 1529 1507 1598 ἀμείψεται
1541 1531 1658 1590 ταῖς
1687 1545 1896 1598 προση-

315 1615 551 1678 κούσαις
601 1616 971 1685 εὐεργεσίαις.
1011 1618 1160 1686 Μηδὲ
1209 1619 1316 1686 γὰρ
1355 1617 1535 1669 οἴεσθε
1571 1619 1781 1668 ἐκεῖνον
1820 1617 1895 1686 μὴ

314 1705 464 1758 κατὰ
516 1706 743 1775 γνώμην
794 1705 1110 1775 βασιλεύειν
1158 1705 1313 1774 Θεῴ’
1370 1706 1527 1758 τοῦτο
1581 1707 1688 1774 γὰρ
1733 1707 1894 1768 αὐτὸς

315 1797 642 1864 σαφέστατα
699 1797 922 1850 εἰδέναι.
979 1798 1374 1866 Ἀμφισῦητῶν
1406 1797 1512 1868 γὰρ
1554 1798 1793 1864 ἔφασκεν
1840 1799 1898 1850 ἐν

311 1890 462 1958 ἀρχῇ
491 1889 617 1957 περὶ
643 1887 876 1952 ἐκείνου,
905 1889 952 1940 εί
979 1889 1053 1956 μὴ
1081 1889 1200 1941 κατ’
1229 1889 1498 1954 εὐδοκίαν,
1529 1891 1666 1943 ἀλλὰ
1692 1891 1897 1958 μᾶλλον

311 1978 462 2030 κατὰ
494 1977 889 2049 παραχώρησιν
942 1977 1079 2030 Θεοῦ
1112 1980 1190 2034 είς
1234 1979 1390 2031 τοῦτο
1437 1974 1568 2048 ἦ).οε
1622 1981 1904 2048 σχήματος

319 2069 436 2138 ἰδίᾳ
485 2069 806 2137 πειθόμενος
849 2069 1116 2140 ἐπιθυμία
1156 2074 1247 2123 καὶ
1314 2071 1486 2141 ὁρμῇ,
1523 2073 1615 2124 καὶ
1645 2071 1900 2134 δεδοικὼς

317 2160 402 2230 μὴ
433 2162 530 2214 καὶ
560 2161 720 2223 αὐτὸς
766 2163 1136 2221 συναπόλοιτο,
1162 2163 1273 2222 τοῖς
1309 2161 1429 2231 Θεῷ
1460 2161 1634 2214 συνὼν
1672 2162 1893 2231 βουλευ-

312 2252 580 2318 σαμένοις
621 2252 842 2305 ἐναντία
879 2255 1068 2325 εὐχαῖς
1105 2258 1491 2324 προσανέχειν,
1546 2257 1640 2308 καὶ
1677 2255 1897 2325 δεήσεσι

307 2344 379 2397 τὸ
408 2343 561 2397 Θεῖον
594 2346 968 2410 ἐκκαλεῖσθαι,
1003 2345 1144 2398 ὥστε
1198 2345 1515 2416 διδαχθῆναι
1548 2346 1678 2416 περὶ
1711 2346 1899 2410 αὐτοῦ,

311 2438 366 2488 εἰ
407 2436 481 2504 μὴ
502 2435 774 2504 ὀργίζοιτο
799 2443 925 2506 mp".
950 2437 1059 2491 τῶν
1083 2439 1412 2507 γινομένων.
1456 2438 1898 2506 Ἐκκαλυφθῆναι

309 2527 376 2579 δὲ
433 2526 580 2596 αὐτῷ
639 2528 788 2598 παρᾶ
837 2527 933 2580 τοῦ
987 2528 1299 2597 πνεύματος
1348 2531 1429 2582 ὅτι
1485 2531 1607 2582 κατ’
1654 2531 1900 2584 εὐδοκίαν

317 2616 532 2686 μᾶλλον
561 2617 648 2688 ετη
700 2620 759 2670 τὸ
812 2617 1122 2688 βασιλεύειν
1170 2618 1650 2688 Καντακουζηνὺν,
1709 2612 1752 2686 ᾧ
1805 2623 1897 2672 καὶ⁵

312 2708 620 2762 πεισθέντα
669 2711 766 2763 καὶ
813 2713 995 2763 πᾶσαν
1051 2711 1388 2779 ἀμφιϐολίαν
1441 2712 1788 2777 ἀποθέμενον
1841 2714 1898 2764 έν

308 2803 689 2874 Διδυμοτείχῳ
723 2806 909 2876 μένειν
943 2808 1010 2875 τῇ
1051 2805 1305 2874 βουλήσει
1340 2805 1431 2858 το]
1465 2805 1603 2857 Θεοῦ
1643 2804 1895 2874 συναιρό·

316 2910 486 2962 μενον
518 2896 584 2946 τὰ
616 2894 840 2948 δυνατά.
872 2895 945 2947 Οὐ
975 2897 1085 2962 γὰρ
1114 2895 1178 2947 ἄν
1209 2913 1290 2958 τις
1334 2894 1499 2947 αὐτοῦ
1537 2896 1893 2964 κατηγοροίη,

314 2986 406 3037 ὅτι
435 2985 542 3036 τῶν
573 2987 631 3036 ἐν
661 2985 738 3054 τῷ
769 2987 998 3056 παρόντι
1033 2985 1132 3056 βίῳ
1173 2987 1318 3049 τινος
1352 2986 1527 3038 δέοιτο
1561 2987 1711 3055 παρά
1745 2986 1896 3054 βασις

313 3078 458 3141 λέως
481 3093 495 3110 °
521 3078 645 3131 οὔτε
689 3081 799 3149 γὰρ
844 3080 1131 3150 πρότερον,
1171 3079 1294 3133 οὔτε
1323 3087 1484 3150 μέχρι
1527 3081 1620 3132 νῦν
1653 3080 1894 3133 τοιούτου

316 3172 472 3232 τινὸς
509 3173 659 3242 παρά
676 3189 822 3234 τινος
853 3173 1070 3243 ἐδεήθηο
1106 3174 1200 3226 καὶ
1237 3175 1420 3236 αὐτοῖς
1461 3175 1748 3241 παραινεῖν
1779 3174 1898 3224 νυνὶ

314 3261 588 3324 γενναίως
624 3261 875 3316 ἵστασθαι
909 3264 1043 3331 πρὸς
1074 3264 1180 3314 τῶν
1224 3264 1416 3316 δεινῶν
1446 3264 1542 3325 τὰς
1575 3254 1895 3330 ἐπαγωγὰς,

315 3352 400 3414 ὡς
455 3353 517 3404 οὐ
571 3353 735 3423 μέχρι
788 3352 985 3406 πολλοῦ
1032 3371 1176 3416 τινος
1224 3354 1509 3422 ἐσομένας,
1568 3352 1683 3406 ἀλλ’
1734 3353 1900 3422 ὀλίγῳ

317 3441 553 3512 ὕστερον
591 3445 969 3514 λυθησομὲνας
1025 3445 1186 3498 ἵλεων
1248 3447 1436 3506 αὐτοῖς
1498 3444 1896 3512 ἐπιϐλέψαντος

321 3534 650 3598 Θεοῦ’τούς
693 3539 800 3608 γὰρ
849 3537 1278 3605 πολιορκοῦντας
1321 3536 1534 3600 τούτοις
1566 3537 1784 3597 Μυσοὺς
1841 3537 1899 3588 ἐν

316 3629 679 3698 προσχήματι
711 3630 894 3698 φιλίας
914 3629 1009 3682 καὶ
1032 3631 1130 3700 τὴν
1153 3628 1434 3699 παροῦσαν
1460 3630 1666 3686 ἔνδειαν
1692 3631 1902 3696 ἐπαγα-

318 3719 524 3788 γόντας
573 3721 632 3771 ἐν
684 3721 824 3773 ἑπτὰ
878 3723 999 3783 ταῖς
1046 3721 1340 3789 ἐσομέναις
1375 3721 1612 3790 μάλιστα
1645 3704 1900 3790 -ἡμέραις

321 3810 749 3880 συμπατοῦντας
775 3812 974 3881 ὄψεσθε
1003 3812 1290 3881 ἀλλήλους,
1315 3813 1408 3864 καὶ
1430 3815 1572 3883 φυγῇ
1594 3815 1694 3882 τὴν
1720 3830 1896 3882 σωτη-

323 3905 450 3974 ρίαν
484 3905 908 3974 ποριζομένους,
956 3907 1052 3958 acati.
1087 3905 1194 3958 τῶν
1237 3907 1611 3982 περισχόντων
1653 3905 1898 3960 ἀπαλλά-

321 3996 486 4060 ξεσθε
532 3997 743 4048 δεινῶν.
803 3995 861 4048 Ὀ
913 3996 1011 4066 μὲν
1055 3993 1148 4049 οῦν
1208 3995 1617 4065 μητροπολίτης
1674 3994 1900 4048 τοιαῦτα

319 4081 473 4142 εἷπε.
519 4089 650 4138 πᾶσι
685 4087 740 4138 δέ
773 4087 937 4149 εὐθὺς
973 4087 1177 4155 ἐπῆλθε
1213 4086 1406 4155 βελτῖω
1438 4087 1766 4155 προσδοκᾷν,
1808 4088 1902 4138 καὶ

321 4176 427 4241 τῆς
467 4175 708 4244 ἀθυμίας
751 4176 1178 4244 ἀπηλλάττοντο.
1224 4175 1458 4246 ’ᾘδεσαν
1494 4175 1603 4243 γὰρ
1639 4173 1801 4228 αὐτὸν
1835 4176 1903 4227 τὰ

327 4266 593 4336 μέλλοντα
617 4268 818 4320 ειδέναι
846 4269 1069 4337 μᾶλλον,
1095 4269 1128 4339 ἢ
1151 4270 1219 4321 τὰ
1238 4267 1652 4337 παρεληλυθότα
1676 4267 1862 4338 ἕτερον
1881 4309 1896 4333 ,

325 4362 423 4411 καὶ
448 4359 519 4420 ὼς
549 4361 952 4430 προφητείοντι
987 4363 1277 4429 προσεῖχον
1302 4359 1570 4429 φανερῶς.
1595 4360 1900 4428 Διηπόρουν

2007 515 2259 568 miserias
2287 529 2449 584 atque
2488 517 2670 570 clades
2703 518 2869 570 Deum
2904 519 3222 586 permittere
3243 559 3256 580 ,
3289 528 3347 572 ut
3377 534 3566 572 eorum

2008 617 2136 673 erga
2173 606 2560 674 imperatorem
2594 622 2748 659 amor
2784 607 3110 672 illustretur,
3130 609 3222 678 qui
3256 610 3569 677 propediem

1999 705 2266 749 venturus
2317 705 2372 750 ει
2417 714 2512 766 [ΥΓΟ
2547 713 2612 752 CO
2668 715 2730 752 3C
2785 710 3080 765 mereatur,
3129 718 3573 772 unumquemque

2000 798 2453 842 remuneraturus
2485 791 2574 844 sit.
2613 790 2732 845 Non
2758 793 2902 846 enim
2940 795 3265 860 putandum.
3301 810 3426 848 eum
3465 795 3576 850 Deo

2000 879 2222 934 nolente
2275 881 2546 951 imperare
2593 921 2607 946 ,
2640 883 2750 937 imo
2797 887 3012 939 volente
3038 925 3052 948 ,
3102 887 3248 955 quod
3283 889 3397 956 ipse
3429 889 3578 941 norit

2004 972 2333 1026 crrtissimo.
2385 974 2520 1028 Nam
2562 990 2685 1029 cum
2733 977 3001 1047 principio
3032 977 3308 1032 dubitaret
3342 995 3469 1031 num
3496 978 3579 1032 di-

2001 1063 2126 1116 vina
2159 1065 2440 1119 voluntate
2462 1106 2476 1130 ,
2515 1083 2581 1120 an
2614 1067 2968 1138 indulgentiae
2993 1069 3178 1137 potius
3207 1079 3261 1123 et
3287 1070 3576 1146 cupiditati

2000 1169 2110 1208 suze
2171 1170 2234 1209 ac
2280 1157 2514 1211 lubidini
2551 1158 2867 1221 obsecutus,
2903 1176 3202 1230 purpuram
3255 1163 3580 1232 assumpsis-

2001 1256 2112 1310 set,
2146 1248 2470 1319 timeretque
2498 1266 2564 1303 ne
2593 1253 2640 1305 si
2673 1251 2742 1304 ab
2789 1251 2896 1305 illis
2937 1263 3120 1319 esset,
3165 1271 3398 1330 quorum
3431 1256 3578 1322 cogi-

2002 1340 2237 1393 tationes
2286 1341 2396 1393 Deo
2448 1343 2743 1397 contraria:
2794 1353 2942 1408 sunt,
2978 1360 3082 1398 una
3119 1362 3244 1400 cum
3277 1347 3385 1402 illis
3413 1350 3577 1401 etiam

2006 1428 2232 1496 periret,
2267 1429 2332 1513 ad
2363 1447 2553 1500 preces
2588 1443 2644 1486 et
2690 1443 2813 1486 vota
2847 1435 3186 1497 incubuisse,
3221 1436 3577 1506 divinumque

1998 1534 2200 1573 numen
2251 1520 2505 1591 fatigasse
2557 1533 2616 1576 ut
2665 1539 2721 1578 se
2770 1525 3012 1590 doceret,
3058 1528 3255 1596 ecquid
3316 1529 3420 1582 sibi
3477 1531 3577 1585 ista

2000 1611 2390 1680 probarentur.
2446 1613 2584 1666 Tum
2655 1615 2758 1669 sibi
2811 1632 2907 1684 per
2962 1617 3214 1684 spiritum
3277 1621 3576 1674 revelatum

1999 1703 2219 1772 placere
2275 1705 2424 1768 Deo,
2476 1706 2920 1761 Cantaruzcnum
2975 1710 3268 1779 imperare.
3325 1711 3392 1764 Sc
3446 1726 3580 1763 vero

2001 1795 2138 1848 citra
2207 1796 2605 1853 haesitationem
2682 1800 3028 1862 credidisse,
3091 1809 3144 1853 ct
3212 1801 3579 1872 Didymoticlii

2017 1900 2239 1940 manere
2267 1927 2282 1954 ,
2314 1899 2372 1941 ut
2400 1902 2668 1958 quantum
2702 1892 2891 1960 possit,
2927 1907 3147 1960 operam
3180 1908 3241 1946 ac
3273 1893 3449 1946 studia
3484 1908 3581 1946 sua

2003 1991 2130 2030 cum
2188 1977 2372 2033 divina
2424 1986 2707 2034 voluntate
2768 1983 3082 2050 eunjungat.
3140 1984 3328 2052 Neque
3377 1985 3521 2038 enim
3553 2002 3582 2038 τι

2003 2080 2280 2134 quoquam
2318 2085 2376 2123 se
2409 2072 2653 2124 accusari
2690 2087 2872 2139 posse,
2905 2075 3059 2140 quasi
3089 2074 3368 2142 quidpiam
3400 2091 3582 2128 reium

2007 2157 2374 2212 humanarum
2431 2161 2499 2213 ab
2549 2161 2884 2229 imperatore
2948 2164 3051 2216 sibi
3113 2172 3320 2232 quaerat
3360 2183 3372 2218 :
3410 2180 3584 2231 usque

2005 2261 2155 2300 nunc
2192 2249 2338 2302 enim
2377 2251 2510 2304 nihil
2545 2252 2649 2305 tale
2675 2252 2744 2306 ab
2774 2255 2885 2306 ullo
2916 2255 3260 2323 qua‘sivisse.
3287 2256 3354 2310 Et
3384 2273 3438 2310 Sc
3463 2256 3584 2310 illrs

2012 2333 2242 2394 hortari.
2273 2346 2332 2391 ut
2357 2337 2460 2392 hoc
2491 2347 2740 2409 tempore
2771 2341 3005 2396 viriliter
3032 2345 3188 2397 malis
3213 2335 3580 2414 pra'sentibus

2013 2427 2313 2495 resistant.,
2368 2446 2489 2497 quze
2547 2431 2659 2484 Deo
2706 2435 2960 2502 pr0pitiis
3002 2437 3178 2490 oculis
3228 2439 3577 2506 respiciente,
3656 2430 3662 2437 ’

2010 2517 2166 2572 brevi
2202 2519 2254 2572 in
2305 2521 2538 2574 nihilrm
2584 2538 2774 2577 casura
2823 2525 3182 2582 sint.-M(esos
3213 2531 3416 2598 quippe
3447 2531 3580 2585 istos

2001 2607 2344 2670 obsessores,
2367 2617 2422 2662 et
2454 2610 2683 2664 obtentu
2718 2614 2976 2667 amicitia:
3004 2618 3296 2684 praesentis
3327 2629 3580 2673 auctores

2003 2697 2233 2765 inopiae,
2262 2708 2472 2766 Septem
2496 2703 2718 2755 omnino
2748 2703 2944 2758 diebus
2974 2705 3173 2761 futuris
3202 2708 3324 2778 fuga
3350 2710 3582 2764 salutem

1998 2797 2269 2857 petentes,
2303 2800 2466 2858 atque
2505 2791 2649 2844 inter
2691 2809 2749 2847 se
2798 2795 3189 2852 conculcantes
3221 2800 3438 2854 visuros
3465 2839 3481 2864 ,
3517 2813 3574 2856 et

2001 2882 2206 2950 quibus
2256 2898 2401 2936 nunc
2437 2882 2848 2939 circumdentur
2900 2887 3098 2952 malis,
3150 2888 3268 2944 fore
3338 2891 3567 2948 liberos.

2007 2970 2132 3026 Haec
2196 2981 2255 3024 ιιι
2292 2975 2639 3041 uictropolita
2685 2974 2986 3040 disseruit,
3047 2994 3240 3033 omnes
3295 2981 3582 3037 confestim

2003 3060 2181 3128 posita
2217 3061 2439 3115 tristitia
2465 3076 2617 3130 spem
2640 3063 2870 3118 fortuna:
2891 3067 3134 3121 melioris
3166 3069 3396 3139 ingrcssi
3435 3083 3581 3128 sunt.

2001 3153 2214 3207 Norant
2259 3155 2532 3222 siquidem
2563 3195 2576 3219 ,
2633 3159 3009 3226 perspecliora
3061 3175 3183 3216 esse
3246 3164 3322 3216 illi
3375 3165 3584 3230 futura,

2005 3259 2170 3311 quam
2224 3246 2346 3298 aliis
2403 3247 2719 3313 praeterita,
2775 3261 2831 3304 et
2904 3261 3159 3320 tanquam
3209 3256 3318 3309 vati
3370 3259 3584 3314 animos

1952 3379 1960 3383 .
2003 3335 2182 3388 eidem
2217 3337 2395 3405 palam
2428 3339 2811 3394 attendebant.
2861 3340 2974 3395 Cur
3024 3359 3152 3397 vero
3201 3346 3352 3402 Μωεὶ
3395 3350 3579 3421 fugam

2002 3426 2208 3480 facturi
2242 3439 2458 3491 essent,
2507 3430 2574 3484 de
2615 3431 2719 3485 hoc
2748 3433 3120 3504 ambigebant.
3175 3439 3321 3492 Idem
3355 3443 3586 3500 antistes

2005 3519 2344 3588 Apocaucho
2397 3537 2595 3592 magno
2627 3523 2753 3577 duci
2813 3525 2866 3578 in
2903 3526 3041 3582 hanc
3088 3532 3416 3587 sententiam
3449 3541 3587 3590 scr;-

2002 3611 2147 3682 psit:
2174 3612 2296 3666 Non
2325 3614 2510 3668 videre
2543 3620 2995 3686 se,quamobrem
3014 3622 3104 3675 cui
3140 3624 3223 3678 sui
3255 3625 3585 3688 documenta

2002 3721 2144 3775 sepe
2202 3707 2257 3760 in
2293 3708 2484 3762 multis
2537 3708 2864 3775 habuisset,
2911 3715 3299 3786 dictorumque
3353 3736 3583 3774 suorum

2001 3808 2262 3852 eventum
2312 3814 2421 3852 non
2476 3800 2530 3853 in
2563 3801 2785 3871 longum
2835 3803 3106 3871 dilatum,
3157 3822 3262 3862 nec
3307 3809 3375 3863 ad
3421 3811 3583 3876 alios.

2001 3889 2096 3943 sed
2129 3890 2195 3943 ad
2231 3906 2289 3944 se
2321 3891 2658 3960 pertinuisse
2691 3895 3134 3952 manifestissime
3182 3900 3384 3967 sciret,
3437 3919 3584 3959 nunc

2003 3979 2229 4048 penitus
2262 3979 2425 4033 ﬁdem
2477 3981 2582 4034 sibi
2619 3982 2958 4053 denegaret,
3011 3996 3066 4041 et
3117 4004 3216 4056 pro
3249 3991 3435 4047 verbis
3465 3994 3584 4048 ina-

2003 4069 2168 4124 nibus
2203 4070 2455 4134 duceret,
2489 4087 2612 4140 quae
2671 4074 3014 4130 dicerentur.
3069 4079 3240 4134 Porro
3285 4097 3364 4148 se,
3409 4101 3583 4154 quan-

2003 4176 2166 4230 quam
2198 4161 2493 4230 refraganti
2518 4205 2532 4229 ,
2585 4163 2949 4242 nihilominus
2978 4184 3099 4234 qua:
3129 4186 3254 4225 cum
3284 4173 3420 4242 ipsi,
3465 4186 3579 4233 tum

2001 4252 2250 4307 Romano
2305 4253 2468 4324 539
2520 4255 2750 4325 imperio
2798 4261 3056 4314 universo
3096 4265 3406 4320 conducere
3449 4284 3579 4324 sen-

2004 4346 2150 4410 tiret,
2186 4347 2422 4400 suadere
2449 4348 2613 4401 velle.
2668 4347 2785 4402 Sibi
2818 4351 2964 4402 enim
3011 4367 3041 4405 a
3083 4352 3195 4406 Deo
3245 4355 3574 4427 iudicatum,

325 4453 384 4504 δὲ
440 4452 522 4504 ὃτι
556 4452 620 4504 ἂν
649 4453 734 4521 εἴη
765 4453 824 4504 τὸ
853 4453 1062 4516 Μυσοῖς
1096 4452 1268 4504 αἴτιον
1299 4451 1558 4520 ἐσόμενον
1599 4451 1798 4518 φυγῆς.
1844 4451 1898 4502 Ὀ

2008 4451 2115 4488 non
2147 4435 2291 4505 ipsi,
2328 4451 2522 4492 verum
2572 4437 2956 4494 Cantacuzeuo
2984 4480 3000 4504 ,
3054 4444 3146 4513 qui
3193 4447 3345 4514 prius
3397 4455 3576 4522 magni

326 4541 372 4595 δ’
393 4543 555 4605 αὐτὸς
581 4543 870 4612 ἀρχιερεὺς
897 4544 992 4615 καὶ
1029 4541 1352 4610 Ἀποκαύχῳ
1374 4541 1450 4611 τῷ
1477 4542 1698 4611 μεγάλῳ
1747 4541 1898 4595 δουκὶ

329 4629 532 4700 ἔγραψε
567 4632 831 4684 τοιαῦτα·
897 4633 968 4694 ὡς
1013 4632 1246 4701 ἀποροίη
1293 4634 1418 4695 ὅτου
1485 4633 1650 4686 ἕνεκα
1705 4636 1900 4702 πεῖραν

330 4721 496 4773 αὐτοῦ
558 4721 819 4783 πολλάκις
864 4725 920 4775 ἐν
950 4723 1163 4786 πολλοῖς
1192 4724 1460 4792 πρότερον
1488 4723 1758 4795 ἐσχηκὼς,
1804 4725 1899 4777 καὶ

331 4814 440 4866 τῶν
474 4816 785 4887 εἰρημένων
827 4813 927 4892 τὴν
972 4815 1198 4868 ἔκϐασιν
1248 4818 1348 4869 οὐκ
1385 4818 1464 4878 είς
1503 4821 1746 4886 μακρὰν,
1793 4817 1900 4870 οὐδ’

333 4902 412 4964 είς
448 4902 636 4972 ἕτερόν
684 4921 824 4963 τινα,
874 4903 993 4955 ἀλλ’
1042 4907 1122 4965 εἰς
1184 4905 1374 4956 ἑαυτὸν
1421 4903 1544 4956 ἰδὼν
1589 4906 1902 4970 σαφέστατα

333 4993 730 5061 γεγενημένην,
767 4992 864 5045 νῦν
901 4994 1158 5064 ἀπιστοίη
1202 4995 1539 5055 παντάπασι,
1575 4997 1669 5047 καὶ
1711 4995 1902 5062 λόγους

335 5083 500 5134 οἴοιτο
553 5082 675 5150 είκῆ
731 5083 1060 5153 λεγομένους
1119 5085 1185 5136 τά
1243 5086 1510 5154 εἰρημένα
1567 5086 1660 5137 ὐπ’
1711 5087 1900 5141 αὐτοῦ.

337 5169 511 5232 Αὐτὸς
560 5171 615 5223 δέ
689 5172 876 5225 καίτοι
912 5172 987 5242 μὴ
1031 5171 1340 5242 βουλομένῳ
1391 5172 1697 5238 πείθεσθαι,
1751 5174 1902 5226 οὐδὲν

335 5254 498 5328 ἧττον
552 5261 1000 5329 συμόουλεύσειν,
1063 5262 1098 5315 ἃ
1153 5264 1300 5332 αὐτῷ
1354 5281 1413 5316 τε
1468 5266 1563 5317 καὶ
1611 5265 1904 5333 Ῥωμαίοις

337 5349 507 5404 ἅπασι
531 5350 903 5424 λυσιτελήσειν
932 5353 1101 5407 οἴεται
1125 5367 1141 5383 ⁶
1174 5354 1583 5424 ἐκκαλυφθῆναι
1611 5355 1722 5425 γὰρ
1754 5356 1904 5423 αὐτῷ

343 5441 491 5509 παρὰ
511 5442 667 5508 Θεοῦ,
700 5443 774 5506 ὡς
804 5445 902 5496 οὐκ
927 5446 1120 5515 ἐκείνῳ
1156 5445 1378 5515 μᾶλλον,
1412 5447 1546 5499 ἀλλά
1589 5448 1905 5501 Καντακου-

339 5526 485 5598 ζηνῷ
512 5532 589 5600 τῷ
626 5534 755 5602 πρὶν
803 5534 904 5602 μὲν
928 5535 1173 5605 .μεγάλῳ
1205 5536 1534 5607 δομεστίκῳ,
1567 5537 1684 5590 νυνὶ
1715 5538 1770 5591 δὲ
1807 5538 1902 5608 βα-

344 5617 480 5668 σιλεί
504 5623 879 5690 γεγενημένῳ,
918 5623 978 5674 τὸ
1006 5625 1116 5685 τοῖς
1153 5623 1418 5691 βασιλέως
1465 5627 1654 5679 παισὶν
1688 5628 1903 5695 ἐπιτρο-

342 5705 531 5763 πεύειν
569 5711 660 5764 καὶ
697 5712 1111 5782 συμὸασιλεύειν
1147 5716 1436 5786 προσήκει.
1495 5717 1585 5769 Διδ
1626 5719 1718 5770 καὶ
1759 5718 1901 5770 δεδό-

2009 4526 2300 4582 domestici
2350 4544 2550 4583 munus
2589 4529 2881 4600 gessisset,
2930 4548 3079 4590 nunc
3135 4537 3448 4606 imperatori
3494 4561 3580 4599 re-

2009 4624 2262 4674 nuntiato
2314 4622 2610 4676 convenire
2676 4622 3016 4692 imperatoris
3087 4627 3330 4684 defuncti
3391 4633 3579 4689 liberis

2011 4722 2250 4767 tutorem
2283 4729 2427 4776 esse,
2461 4725 2517 4767 et
2550 4726 2654 4767 una
2689 4729 2812 4768 cum
2848 4715 2954 4770 illis
2981 4717 3274 4787 imperare.
3327 4722 3481 4778 Unde
3523 4735 3579 4780 ct

2010 4808 2112 4860 hoc
2163 4807 2211 4860 ei
2270 4806 2536 4862 divinitus
2586 4807 2816 4861 datum:
2859 4807 2961 4877 ipsi
3019 4820 3200 4866 autem
3225 4814 3399 4870 eidem
3447 4817 3580 4872 sub-

2009 4917 2150 4966 esse,
2205 4910 2261 4954 et
2312 4916 2425 4953 rem
2481 4901 2726 4956 navalem
2763 4917 2958 4958 curare
2987 4921 3049 4958 ac
3101 4907 3238 4959 mari
3265 4909 3576 4976 pra'siderc.

2011 4992 2371 5060 Monebatque
2421 5003 2480 5045 ut
2514 4992 2654 5046 datis
2704 5005 3036 5057 contentus,
3083 5007 3236 5066 septa
3289 5015 3356 5052 ne
3380 5008 3576 5066 ,traus-

2021 5082 2198 5135 siliret
2226 5121 2239 5146 ,
2301 5092 2462 5150 atque
2495 5093 2551 5134 ul
2583 5099 2641 5136 se
2671 5083 2924 5146 audiret,
2953 5085 3215 5154 rogabat:
3251 5087 3393 5140 haud
3430 5090 3576 5144 enim

2011 5174 2150 5227 bene
2223 5185 2547 5226 eventurum
2610 5173 2657 5226 ei
2711 5184 2900 5227 contra
2967 5175 3210 5227 divinum
3284 5178 3577 5234 consilium

2011 5264 2246 5318 venerit.
2277 5262 2343 5315 Se
2373 5277 2590 5330 quoque
2619 5263 2888 5332 principio
2912 5264 3254 5332 potissimum
3285 5269 3578 5324 creationis

2011 5353 2380 5411 Cantacuzeni
2422 5355 2624 5406 fartum
2650 5355 2846 5422 aegrius
2871 5355 3224 5419 ferentem,et
3248 5359 3575 5426 cogitantem

2011 5462 2081 5500 ne
2137 5445 2275 5498 forte
2328 5444 2476 5497 aliud
2523 5444 2637 5497 Deo
2689 5445 3002 5508 videretur,
3050 5448 3304 5511 precibus
3353 5463 3576 5516 Operam

2012 5534 2226 5588 dedisse
2270 5541 2326 5586 ct
2357 5533 2424 5586 ab
2475 5532 2593 5599 ipso
2645 5531 2731 5584 his
2761 5533 2942 5587 verbis
2974 5534 3193 5588 doctum
3239 5535 3449 5591 luisse:
3487 5538 3579 5594 Sic

2012 5626 2158 5685 volo,
2189 5623 2268 5678 sic
2299 5622 2686 5692 complacitum
2721 5631 2803 5675 «ἐι
2828 5661 2842 5686 ,
2891 5624 2970 5677 sic
3002 5625 3237 5681 decerno
3263 5666 3277 5692 ,
3311 5629 3577 5697 imperare

2011 5713 2276 5767 Joannem
2344 5712 2826 5777 Cantacuzenum,
2883 5715 2994 5768 liat.
3057 5716 3188 5782 Quae
3247 5718 3413 5790 igitur
3467 5723 3578 5779 Deo
