4062 6290
673 443 814 509 ipsi!

1851 440 2180 504 JOANNIS
2221 439 2753 502 CANTACUZENI

3764 432 3878 498 τετυ

661 562 862 616 dorum
930 573 1164 614 numero
1215 557 1313 612 toti
1355 571 1414 612 sc
1456 557 1687 626 imperio
1740 555 2064 630 obiectaret.
2131 556 2224 612 ‘Sei

2351 557 2516 626 εἰμὴ
2573 555 2860 625 ληῖξεσθαι
2919 553 3134 618 ἐξέσται
3181 552 3306 614 τοὺς
3353 549 3701 620 περιοίκους·
3741 545 3868 620 talpa

661 651 936 722 praecipua
1000 663 1164 719 quam
1219 648 1493 704 sentiebat
1535 649 1835 704 difﬁcultas
1883 658 2030 716 erat,
2088 645 2236 718 quod

659 741 949 807 absumpta
979 737 1115 807 jam,
1146 751 1310 805 quam
1364 736 1530 790 domo
1581 735 1840 792 attulerat
1891 733 2149 806 pecunia,
2179 731 2234 786 in

649 839 766 885 tam
801 828 1026 892 multos,
1054 841 1194 896 quos
1233 825 1474 880 ducebat
1515 827 1730 898 (omnes
1773 825 1922 880 enim
1961 825 2085 893 ejus
2135 823 2238 877 im-

659 935 828 992 pensa
861 919 1130 983 vixerant,
1182 918 1250 974 ad
1291 918 1432 974 duos
1474 933 1648 973 annos
1705 917 1910 988 quibus
1963 917 2238 972 Romano-

654 1027 780 1067 rum
841 1011 986 1082 pulsi
1024 1010 1227 1067 ﬁnibus
1283 1011 1646 1076 exsularant),
1675 1019 1727 1064 et
1777 1008 2003 1065 honoris
2064 1019 2234 1062 causa

656 1103 830 1178 544
870 1104 1038 1158 etiam
1081 1103 1144 1157 ‘in
1218 1102 1582 1157 Triballorum
1619 1100 1812 1164 duces,
1856 1099 1988 1170 quid
2048 1104 2238 1169 ageret

655 1210 764 1249 non
794 1193 1033 1258 videbat,
1086 1194 1132 1248 si
1165 1207 1263 1262 per
1317 1192 1559 1247 hostium
1619 1191 1740 1246 loca
1787 1188 2236 1260 Didymothicum

656 1296 844 1356 petere
901 1301 1010 1341 non
1047 1285 1266 1342 liceret.
1314 1282 1427 1338 Nec
1460 1283 1609 1339 enim
1637 1281 1766 1337 inde
1825 1281 2059 1336 dabatur
2101 1278 2236 1334 al‘l‘e—

655 1378 882 1433 rendam
941 1393 1135 1434 curare
1184 1376 1495 1448 pecuniam,
1543 1390 1644 1429 nec
1671 1389 1699 1427 a
1731 1373 1990 1428 Triballis
2035 1371 2234 1428 faenori

651 1484 917 1524 sumere:
995 1483 1238 1540 quorum
1308 1481 1434 1538 pars
1516 1463 1853 1520 omnimodis
1919 1463 2234 1528 servirent,

653 1574 778 1628 pars
832 1569 888 1615 et
947 1561 1001 1614 in
1051 1573 1267 1616 summa
1325 1567 1652 1628 paupertate
1721 1556 1992 1620 viverent,
2067 1565 2124 1611 et
2186 1554 2234 1610 si

652 1666 762 1705 non
807 1662 1058 1723 egerent,
1125 1661 1384 1706 mutuum
1460 1649 1592 1703 dare
1662 1649 1896 1710 nollent,
1947 1647 2096 1718 quod
2131 1647 2235 1702 im-

653 1753 964 1812 peratorem
992 1740 1293 1819 majoribus
1320 1755 1538 1810 semper
1573 1741 1845 1795 cumulari
1873 1741 2116 1796 miseriis
2141 1756 2234 1797 as-

653 1837 921 1906 picerent,
951 1842 1394 1902 metuerentqne,
1425 1847 1495 1886 ne
1521 1831 1576 1886 in
1616 1832 1737 1903 ipso
1763 1832 1962 1888 itinere
2012 1834 2234 1902 penitus

654 1927 928 1982 interiret.
964 1925 1233 1992 Quocirca
1290 1924 1442 1979 curis
1504 1924 1842 1996 gravissimis
1893 1924 2230 1995 iactabatur,

651 2019 894 2088 inopiam
923 2026 980 2072 et
1037 2017 1360 2074 inevitabile
1424 2017 1731 2085 periculum
1763 2031 2044 2086 reputans,
2110 2031 2234 2086 qua

650 2125 729 2172 se,
762 2119 818 2165 et
844 2125 974 2165 suos
1033 2124 1366 2179 oppressura
1411 2118 1616 2165 essent.
1647 2109 2039 2165 Verumtamen
2092 2109 2230 2168 nulli

649 2219 709 2258 se
745 2201 1020 2272 aperiens,
1047 2201 1220 2256 Deum
1277 2201 1454 2256 solum
1498 2200 1849 2272 precabatur,
1882 2201 1976 2272 qui
2041 2201 2234 2274 hujus-

647 2295 795 2350 modi
825 2293 991 2351 rebus
1023 2292 1185 2349 tinem
1217 2293 1351 2350 dare
1394 2294 1539 2364 potis
1567 2303 1672 2350 est.
1707 2293 1844 2350 Ecce
1875 2304 2057 2352 autem
2109 2296 2233 2366 qui-

646 2387 771 2441 dam
823 2387 1077 2442 Arbenus
1129 2385 1374 2452 nomine,
1433 2384 1689 2451 Clereno,
1749 2394 1909 2440 antea
1965 2385 2233 2443 Romanis

645 2480 896 2552 subjecto
922 2479 1150 2550 oppido,
1183 2478 1478 2544 oriundus,
1510 2478 1746 2542 accedit,
1808 2479 2094 2550 patrisque
2143 2480 2230 2534 sui

627 2571 778 2642 'crga
815 2571 1206 2641 imperatorem
1233 2569 1677 2626 benevolentiam
1717 2585 2114 2635 rememorans,
2147 2571 2232 2624 ni-

617 2665 633 2692 ‘-
648 2663 764 2718 hilo
793 2665 976 2719 minus
997 2671 1055 2718 et
1087 2678 1147 2719 se
1174 2662 1357 2720 aiebat
1389 2663 1532 2718 velle
1581 2663 1660 2718 illi
1711 2663 2004 2728 inservire,
2067 2664 2230 2733 eique

629 2749 908 2830 prodesse
933 2763 1210 2824 quantum
1244 2753 1480 2808 maxime
1509 2762 1718 2824 posset.
1749 2753 1861 2809 Nec
1892 2754 2228 2822 mirandum,

644 2848 690 2902 si
734 2857 840 2902 tam
865 2847 1014 2902 claro
1046 2861 1250 2918 genere
1302 2860 1596 2917 prognata,
1663 2855 1772 2900 tam
1821 2845 2134 2902 admirabili
2173 2858 2230 2904 et

647 2956 844 3011 magno
869 2940 1013 3005 viro,
1041 2939 1160 3009 ipse
1210 2937 1377 2994 homo
1425 2938 1696 3010 abiectus,
1729 2947 1786 2993 ct
1852 2939 2229 3008 perobscurus

641 3047 802 3102 opem
839 3030 1226 3102 promitteret:
1251 3028 1547 3098 siquidem,
1575 3038 1633 3082 et
1666 3044 1788 3082 mus
1819 3011 2138 3098 aliquando,
2168 3041 2230 3086 ut

641 3133 789 3180 esset
853 3123 910 3178 in
963 3121 1350 3193 fabulis(20),
1407 3121 1622 3176 leonem
1682 3122 1892 3184 multis.
1959 3123 2226 3194 durisque

2340 650 2448 717 γάρ
2485 649 2671 710 αὐτοῖς
2710 649 2849 718 πρὸς
2879 645 2943 700 τὸ
2989 644 3090 716 ζῇν
3142 646 3376 714 εὐπορία
3405 644 3632 714 οὐδεμία
3657 639 3735 712 ἦν.
3757 646 3870 696 Οῖτι

2334 739 2404 793 ’ὲκ
2461 739 2786 805 Βυζαντίου,
2839 737 3230 806 Διδυμότειχον
3262 736 3500 789 ἐκάκουν
3537 734 3634 792 ὅσα
3665 735 3832 788 δυνατά
3853 751 3866 766 ο

2340 830 2599 902 βασιλεύς
2635 847 2694 884 τε
2728 831 2757 882 δ
2811 828 3268 899 Καντακουζηνδς
3326 825 3757 896 παρεσκευάζετο
3786 820 3860 878 αὖ·

2339 919 2452 986 θις,
2482 920 2558 984 ὡς
2593 922 2676 983 είς
2713 920 3102 989 Διδυμότειχον
3131 918 3440 986 ἐπανήξων·
3473 918 3568 969 καί
3600 918 3628 969 δ
3671 915 3866 984 Κρὰλιις.

2339 1014 2637 1084 παρείχετο
2687 1014 2790 1085 μὲν
2820 1013 3080 1084 στρατιάν
3114 1012 3615 1082 ἐπικουρήσουσαν,
3645 1009 3804 1077 ὀλίγην
3825 1010 3866 1061 δέ

2340 1109 2435 1160 καὶ
2460 1107 2700 1177 φαύλην.
2732 1106 2844 1160 Καὶ
2869 1105 2960 1159 διά
2984 1105 3142 1158 τοῦτο
3180 1103 3460 1177 βασιλεὺς,
3497 1103 3700 1165 πολλοῖς
3728 1104 3868 1169 ἐστρέ-

2340 1213 2472 1266 φετο
2521 1196 2851 1265 λογισμοῖς,
2909 1193 3006 1248 καὶ
3051 1193 3352 1262 φροντίδων
3411 1188 3482 1264 ἦν
3539 1191 3794 1253 ἀνάπλεως
3831 1192 3867 1242 ti

2336 1287 2523 1356 δεήσει
2580 1287 2744 1342 πάλιν
2793 1287 2826 1357 ἢ
2879 1286 2980 1358 τὴν
3026 1285 3321 1355 Ῥωμαίων
3349 1284 3637 1346 δείσαντας
3663 1283 3867 1350 δύναμιν,

2337 1377 2494 1445 αὖθις
2528 1381 2898 1448 ἀναστρέφειν
2929 1380 3010 1442 είς
3045 1366 3380 1449 Τριδαλόὺς,
3416 1375 3451 1446 ἢ
3478 1374 3619 1446 μετὰ
3646 1372 3865 1428 τοσούτων

2337 1474 2436 1526 καὶ
2471 1472 2616 1526 οὕτω
2656 1470 2880 1540 φαύλων
2910 1467 3060 1541 πρὸς
3085 1471 3267 1524 πᾶσαν
3293 1467 3396 1539 τὴν
3425 1467 3602 1536 ἀρχὴν
3630 1464 3864 1532 Ῥωμαίων

2334 1561 2799 1618 διακινδυνεύειν.
2837 1559 3088 1630 Μεγίστη
3149 1559 3208 1612 δέ
3260 1553 3331 1629 ἦν
3392 1555 3547 1627 αύτῷ
3575 1554 3675 1609 τῶν
3719 1553 3863 1620 δυσχε-

2339 1654 2527 1725 ρειῶν,
2583 1654 2668 1707 ὅτι
2707 1653 2834 1709 ,τῶν
2887 1652 3212 1722 χρημάτων,
3249 1649 3286 1704 ά
3336 1647 3556 1702 οἴκοθεν
3586 1642 3734 1716 ἦλθεν
3761 1645 3862 1713 έχων

2341 1745 2738 1801 ἀναλωθέντων
2766 1745 2928 1816 ,πρός
2963 1761 3025 1796 τε
3064 1742 3193 1806 τοὺς
3249 1742 3522 1804 συνόντας
3548 1741 3699 1802 ὄντας
3717 1737 3863 1790 τοσούο

2337 1857 2486 1904 τους,
2539 1840 2744 1902 πάντες
2795 1837 2902 1909 γάρ
2968 1835 3319 1906 διετρέφοντο
3351 1835 3416 1887 ἐκ
3463 1833 3573 1886 τῶν
3623 1827 3862 1897 βασιλικῶν

2335 1933 2428 1985 ἐπὶ
2464 1931 2618 1985 δυσὶν
2653 1931 2855 1998 ἔτεσιν,
2903 1930 2962 1982 ἐν
3005 1924 3088 1990 οἷς
3140 1928 3243 1995 τῆς
3283 1925 3580 1996 Ῥωμαίων
3609 1923 3703 1993 γῆς
3739 1919 3859 1975 ἀπελ-

2339 2023 2530 2086 θόντες
2563 2019 2707 2093 ἦσαν
2759 2023 3068 2092 ὑπερόριοι,
3123 2020 3218 2074 καὶ
3279 2019 3421 2090 πρὸς
3465 2018 3748 2088 Τριϐαλοῦς
3767 2015 3859 2076 τοὺς

2333 2115 2443 2167 τῶν
2477 2115 2861 2185 στρατοπέδων
2922 2112 3268 2184 ἡγουμένους
3326 2111 3420 2165 διὰ
3477 2107 3780 2181 φιλοτιμίαν,
3818 2109 3858 2159 ἐν

2335 2205 2533 2277 ἀπόρῳ
2568 2204 2749 2276 εἴχετο
2793 2203 2890 2259 τοῦ
2943 2205 2997 2257 τί
3027 2204 3135 2276 χρὴ
3173 2196 3334 2275 δρᾷν,
3369 2203 3424 2256 εί
3463 2203 3540 2275 μὴ
3570 2201 3759 2266 ἐξέσται
3785 2200 3857 2268 τὴν

2336 2297 2609 2369 πολεμίαν
2634 2296 2951 2360 διελθόντας
2985 2298 3069 2360 είς
3115 2297 3510 2368 Διδυμότειχον
3548 2295 3729 2349 ἐλθεῖν.
3757 2291 3855 2346 Ούτε

2333 2391 2444 2462 γὰρ
2501 2391 2630 2462 ἐξῆν
2680 2389 2893 2445 ἐκεῖθεν
2947 2391 3207 2461 χρήματα
3245 2387 3729 2458 μεταπέμπεσθαι,
3765 2384 3854 2438 ούτι

2333 2484 2486 2554 παρὰ
2527 2482 2821 2554 Τριϐαλῶν
2879 2481 3252 2547 δανείζεσθαι,
3308 2480 3427 2534 τῶν
3470 2482 3587 2551 μὲν,
3625 2479 3777 2548 πάντη
3795 2476 3854 2530 δι·

2331 2577 2697 2647 δουλωμένων
2742 2576 2839 2631 καὶ
2873 2569 2876 2572 ’
2911 2573 3205 2638 συζώντων
3262 2573 3473 2644 ἐσχάτῃ
3530 2572 3720 2643 ἀπορίᾳ
3741 2587 3752 2600 ·
3777 2569 3852 2621 τῶν

2333 2669 2567 2744 ἐχόντων
2600 2669 2681 2735 δὲ,
2731 2667 3001 2732 δανείζειν
3044 2665 3105 2719 οὺ
3147 2665 3521 2736 βουλομένων,
3546 2665 3630 2718 διά
3661 2664 3714 2716 τὸ
3738 2663 3852 2732 βασις

2334 2763 2433 2816 λέα
2462 2764 2598 2834 ὁρᾷν
2631 2761 2880 2832 μείζοσιν
2930 2760 3022 2814 ἀεὶ
3054 2761 3176 2824 ταῖς
3211 2759 3589 2830 δυσπραγίαις
3634 2753 3850 2826 κεχρημέ-

2331 2873 2422 2910 νον
2449 2897 2464 2922 ,
2523 2856 2619 2909 καὶ
2686 2853 3018 2908 ὑποπτεύειν
3073 2837 3149 2923 μὴ
3209 2851 3533 2906 παντάπασι
3585 2847 3845 2918 διαφθαρείη

2332 2953 2463 3022 πρὶν
2521 2949 2708 3004 οἴκαδε
2762 2950 3097 3018 ἐπανήκεινδ
3142 2940 3203 2999 οὗ
3257 2945 3322 3016 δὴ
3380 2946 3545 2998 ἕνεκα
3593 2943 3738 3012 πολλῇ
3775 2941 3846 3010 μὲν

2331 3044 2664 3114 ἐκυμαίνετο
2686 3043 2964 3115 ’τρικυμία⁴
2995 3039 3278 3110 λογισμῶν
3313 3038 3420 3110 τὴν
3451 3039 3648 3092 ἔνδειαν
3677 3033 3845 3098 ἐννοῶν,

2331 3136 2420 3206 ὑφ’
2451 3129 2517 3208 ἦς
2550 3133 3019 3206 περισχεθήσεται
3079 3133 3176 3192 καὶ
3228 3132 3320 3185 τὸν
3364 3131 3604 3202 ἄφυκτον
3654 3127 3844 3182 κίνδυνον

626 3201 884 3272 ’νὶησυιὶἕ
911 3214 1224 3271 liberasset.
1261 3212 1542 3269 Suadebat
1594 3211 1764 3284 igitur
1791 3253 1806 3278 ,
1845 3223 1905 3268 ut
1957 3215 2221 3286 quoniam

2329 3201 2516 3296 αύτδς,
2550 3201 2650 3283 καλ
2673 3201 2886 3299 οῖ’-περὶ
2915 3227 3098 3280 αὐτόν.
3141 3201 3432 3294 Ἐξέφαινε
3461 3225 3520 3280 δὲ
3547 3224 3672 3310 ripe;
3701 3218 3844 3272 οὐδένα

617 3294 673 3364 ἰ
705 3308 866 3364 Crale
898 3307 1099 3364 missus
1135 3315 1306 3370 esset,
1340 3315 1402 3360 ut
1429 3320 1554 3360 cum
1603 3305 1946 3362 Berrhmotis
1982 3307 2051 3362 de
2086 3308 2223 3365 urbe

643 3400 910 3456 tradenda
936 3409 1146 3472 ageret,
1174 3405 1233 3455 et
1279 3397 1468 3452 multis
1503 3398 1792 3467 promissis
1815 3414 1880 3454 eo
1905 3399 2218 3469 induceret,

642 3495 689 3548 si
752 3492 918 3547 vellet
942 3492 1060 3560 ipse
1087 3495 1254 3547 etiam
1285 3490 1479 3557 amicis
1505 3490 1797 3557 scriberet,
1845 3501 1902 3547 et
1953 3507 2052 3562 per
2098 3493 2223 3551 illos

642 3584 860 3641 caeteris
891 3599 1112 3655 quoque
1153 3583 1537 3654 persuaderet,
1563 3583 1642 3637 uti
1679 3599 1738 3640 se
1796 3584 1853 3638 in
1889 3586 2081 3642 urbem
2129 3600 2222 3644 re-‘-

639 3679 929 3748 ciperem:
959 3691 1082 3747 qua
1100 3675 1282 3746 ampla
1308 3685 1365 3730 et
1391 3677 1680 3746 populosa,
1709 3687 1767 3732 et
1790 3679 2047 3748 praesidio
2079 3682 2224 3736 mili-

641 3769 770 3831 tari,
811 3768 1094 3838 rebusque
1123 3766 1386 3822 omnibus
1419 3767 1576 3821 lirma
1607 3778 1664 3823 et
1698 3769 1929 3834 munita,
1977 3771 2034 3826 in
2084 3790 2222 3844 prae-

639 3861 894 3920 sentibus
930 3860 1088 3916 malis
1118 3874 1229 3914 non
1266 3859 1534 3915 mediocri
1593 3861 1789 3918 solatio
1839 3847 1963 3920 esse
2029 3878 2217 3938 queat.

641 3954 709 4012 Se
733 3955 880 4010 enim
911 3951 1165 4025 quamvis
1191 3950 1336 4007 Crali
1360 3952 1692 4022 subjectum,
1725 3955 1865 4010 male
1899 3956 2218 4015 Berrhaeam

635 4049 882 4117 aliasque
939 4043 1310 4102 occidentales
1363 4043 1530 4100 urbes
1596 4045 1773 4116 ipsum
1843 4063 2008 4118 quam
2083 4050 2220 4109 cra-

636 4142 742 4196 lem
804 4138 1091 4194 dominum
1143 4150 1464 4208 agnoscere,
1503 4137 1591 4192 cui
1651 4138 1899 4194 nolentes
1959 4141 2217 4209 paritura:

635 4231 786 4294 sint,
825 4244 950 4283 cum
997 4237 1188 4282 contra
1230 4227 1286 4282 in
1343 4241 1471 4282 eum
1505 4228 1900 4297 propendeant.
1946 4228 2070 4287 Haec
2120 4250 2218 4288 au-

635 4323 794 4376 diens
835 4319 1155 4388 imperator,
1184 4315 1385 4388 gaudio
1411 4316 1656 4380 essiluit,
1710 4325 1822 4371 cta
1877 4326 1957 4372 tot
2010 4320 2216 4378 sollici-

637 4413 924 4470 tudinibus
972 4410 1287 4480 respiravit,
1335 4408 1586 4463 divinum
1641 4407 1853 4464 Numen
1922 4426 1981 4466 se
2026 4428 2211 4485 respe-

635 4510 778 4566 xisse
828 4515 884 4562 et
928 4505 1208 4567 hominem
1249 4502 1513 4558 instinctu
1551 4517 1653 4556 suo
1698 4502 2002 4560 concitasse
2040 4516 2209 4564 ratus.

539 4605 566 4628 '
632 4601 926 4671 Quazrebat
956 4608 1162 4665 autem,
1187 4613 1318 4651 num
1354 4597 1646 4668 primarius
1673 4610 1882 4664 nosset,
1904 4611 1960 4655 et
1981 4602 2048 4656 ad
2076 4619 2215 4673 quos

633 4694 992 4753 scribendum
1047 4691 1385 4745 hortaretur.
1447 4688 1524 4744 Eo
1567 4689 1896 4759 affirmante,
1933 4709 1993 4750 se
2023 4691 2216 4752 omnes

633 4804 820 4854 nosse,
852 4797 908 4841 et
946 4785 1186 4855 optimos
1220 4796 1470 4854 quosque
1496 4781 1840 4848 nominante,
1876 4786 1926 4841 ei
1981 4787 2216 4860 impera-

635 4893 720 4936 tor
747 4889 804 4934 ut
830 4877 998 4946 probe
1021 4873 1332 4930 consulenti
1364 4873 1698 4944 obsequens,
1731 4875 1852 4932 sine
1885 4894 2036 4934 mora
2070 4883 2210 4937 scri-

633 4963 762 5046 psit.
797 4970 982 5028 Suasit
1006 4979 1273 5040 praeterea
1293 4967 1572 5034 Arbeuus,
1600 4967 1816 5024 Cralem
1865 4988 2087 5042 quoque
2114 5017 2128 5035 ,
2166 4976 2214 5030 si

589 5111 605 5124 .
633 5066 827 5140 possit,
861 5079 929 5119 eo
953 5070 1292 5134 permoveat,
1326 5066 1387 5113 ut
1413 5058 1520 5113 sibi
1545 5074 1666 5114 eam
1697 5061 1873 5122 cedat,
1912 5073 2214 5135 apetteque

631 5180 857 5223 causam
900 5165 1022 5234 ejus
1051 5158 1196 5231 apud
1227 5158 1580 5214 Berrhmotas
1609 5163 1752 5228 agat.
1799 5153 1914 5209 lioc
1972 5170 2210 5227 namque

633 5271 697 5314 et
750 5254 1071 5328 imperatori
1124 5255 1243 5308 fore
1295 5250 1678 5314 utilissimum,
1739 5259 1796 5306 et
1852 5264 2210 5321 congressum

631 5356 781 5410 hunc
807 5349 915 5408 sibi
963 5347 1272 5419 periculum
1305 5342 1517 5400 nullum
1549 5352 1890 5408 creaturum,
1930 5341 1976 5397 si
2002 5343 2135 5396 urbs
2161 5343 2215 5399 ei

2325 3323 2396 3378 τά
2444 3322 2735 3394 ἀπόρρητα
2762 3360 2779 3383 ,
2839 3321 2936 3374 καὶ
2998 3319 3165 3390 μόνου
3215 3317 3354 3372 Θεοῦ
3411 3319 3599 3380 ἐδεῖτο,
3627 3313 3710 3370 τοῦ
3737 3313 3843 3364 λύειν

2322 3415 2396 3468 τά
2427 3413 2656 3490 τοιαῦτα
2693 3411 3024 3483 δυναμένου.
3080 3409 3294 3465 Αὐτίκα
3342 3409 3408 3463 δέ
3451 3427 3534 3473 τις
3580 3403 3836 3476 προσελθὼν

2331 3508 2650 3578 Ἀρμπενος
2689 3503 3110 3576 ὠνομασμένος,
3165 3504 3231 3556 ὲκ
3281 3500 3577 3574 Χληρηνοῦ
3624 3501 3836 3571 πρότερον

2298 3595 2300 3598 ’
2333 3601 2632 3670 Ῥωμαίοις
2667 3597 2913 3668 ὑπηκόου
2947 3596 3178 3660 πόλεως.
3223 3595 3492 3667 πατρῴαν
3537 3613 3594 3648 τε
3625 3591 3836 3662 ὡμολόγει

2324 3693 2543 3747 εὔνοιαν
2581 3691 2659 3763 τῷ
2695 3691 2928 3762 βασιλεῖ,
2961 3688 3060 3743 καὶ
3105 3689 3266 3750 αὐτὸς
3305 3689 3464 3741 οὐδὲν
3504 3683 3655 3759 ἧττον
3679 3685 3834 3753 ἔφασκε

2293 3783 2615 3856 ,βούλεσθαι
2661 3783 2782 3837 νυνὶ
2843 3783 3118 3853 χρήσιμον
3173 3778 3376 3834 ἐαυτὸν
3433 3777 3580 3848 αὐτῷ
3615 3777 3833 3844 παρέχειν,

2325 3875 2420 3928 καὶ
2460 3873 2682 3944 βοηθεῖν
2711 3870 2902 3943 τρόπῳ
2933 3871 3110 3940 ὁποίῳ
3154 3867 3222 3922 ἂν
3273 3868 3497 3922 δύναιτο
3520 3863 3832 3928 δυνατωτάτῳ·

2323 3965 2644 4034 θαυμαστὸν
2674 3965 2732 4018 δὲ
2763 3963 2920 4018 οὐδὲν
2955 3963 3004 4016 ει
3033 3961 3354 4032 τηλικούτῳ
3408 3962 3522 4016 δντι
3567 3960 3653 4014 καὶ
3678 3957 3833 4023 anapa-

2324 4059 2427 4129 σίῳ
2457 4059 2555 4113 καὶ
2599 4059 2847 4128 μεγάλῳ,
2879 4056 3098 4119 οὐδενὸς
3146 4054 3296 4122 ἄξιος
3334 4054 3416 4109 ὢν
3443 4055 3600 4116 αὐτὸς
3630 4051 3712 4105 καὶ
3733 4048 3829 4114 ἁφα-

2321 4151 2440 4224 νεία
2505 4153 2674 4223 πολλῇ
2731 4150 2934 4218 συζῶν,
2961 4149 3368 4218 ἐπαγγέλλεται
3421 4147 3647 4220 βοηθεῖν,
3691 4145 3730 4195 ει
3762 4135 3825 4190 nl

2301 4243 2431 4313 ,μῦς
2465 4262 2619 4311 ποτε,
2653 4245 2796 4297 κατὰ
2828 4244 2918 4297 τὸν
2936 4241 3130 4312 μῦθον,
3165 4240 3360 4294 λέοντα
3382 4240 3642 4315 ἐρρύσατο
3676 4225 3827 4288 πολλῶν

2322 4344 2416 4396 καὶ
2442 4337 2700 4408 χαλεπῶν
2739 4335 2981 4406 δεσμῶν.
3041 4333 3413 4388 Συνεσούλευέ
3465 4350 3523 4388 τι
3570 4331 3638 4394 ὡς
3673 4329 3712 4381 εί
3739 4321 3826 4393 Pati-

2323 4437 2490 4494 λοιτο,
2539 4433 2665 4485 ἐπεὶ
2702 4430 2836 4500 πρὸς
2887 4428 3079 4499 Κράλη
3117 4425 3574 4498 προσπεμφθείη,
3621 4412 3824 4490 Rammi-

2323 4542 2446 4588 ταις
2487 4522 2870 4593 διαλεξόμενος
2943 4521 3135 4582 αὺτοῖς
3204 4518 3338 4589 περὶ
3398 4514 3726 4588 παραδόσεως
3757 4502 3822 4566 τῆς

2328 4620 2538 4683 πόλεως
2587 4617 2686 4670 καὶ
2741 4615 2950 4670 πείσων
2997 4611 3338 4683 ὑποσχέσεσι
3378 4609 3620 4671 πολλαῖς,
3652 4600 3821 4673 γράφειν

2323 4713 2420 4766 καὶ
2481 4709 2648 4765 αὑτὸν
2691 4710 2805 4772 τοῖς
2857 4707 3055 4778 φίλοις,
3119 4705 3216 4759 καὶ
3270 4704 3341 4758 δι’
3393 4703 3611 4757 ἐκείνων
3647 4688 3820 4750 nimii

2323 4804 2519 4867 ἄλλους
2565 4802 2778 4856 πείθειν
2825 4798 3082 4880 δέχεσθαι
3136 4800 3217 4862 εἰς
3256 4796 3356 4869 τὴν
3406 4796 3578 4856 πόλιν,
3611 4793 3640 4859 ἡ
3671 4778 3818 4882 (agili

2324 4916 2386 4952 τε
2438 4893 2577 4950 οὖσα
2630 4895 2728 4948 καὶ
2779 4877 3231 4962 πολυάνθρωπος,
3264 4891 3361 4944 καὶ
3395 4885 3619 4957 στρατιᾷ
3647 4877 3818 4962 καὶτῷ

2307 4989 2509 5052 ,ἄλλοις
2565 4989 2773 5042 ἅπασιν
2827 4986 3160 5058 ἐρῤωμένη.
3216 4983 3280 5036 οὗ
3343 4979 3540 5052 μετρία
3589 4961 3818 5058 “me?”

2324 5080 2630 5153 παραψυχὴ
2661 5079 2800 5145 πρὸς
2833 5053 2932 5143 τάς
2955 5053 3321 5148 περιεχούσας
3340 5053 3818 5153 δυσπραγίας.έῦτδί

2320 5149 2432 5246 γὰρ
2617 5149 2702 5224 τοι
2761 5170 2866 5223 ὑπὸ
2919 5167 3142 5237 Κράλην
3175 5165 3371 5227 τελῶν,
3418 5159 3611 5233 μᾶλλον
3640 5149 3818 5249 ﬂatile“?

2323 5266 2592 5340 Βέρῤοιάν
2617 5282 2676 5319 τε
2713 5263 2807 5318 καὶ
2840 5261 2934 5323 τὰς
2971 5259 3139 5323 άλλας
3179 5255 3469 5328 ἑσπερίους
3502 5251 3683 5340 πόλεις,
3709 5249 3814 5340 sati:

2329 5330 2532 5436 μέλλον
2561 5357 2596 5430 ἢ
2629 5355 2822 5428 Κράλῃ
2857 5352 3203 5422 προσχωρεῖν
3222 5363 3238 5380 ’
3299 5347 3493 5416 ἐκείνῳ
3519 5343 3620 5410 γὰρ
3657 5330 3814 5394 ἀνάῖκη
3907 5333 3911 5435 ξ

1872 5503 2090 5566 Jacobi
2128 5499 2397 5595 Pontani
2433 5508 2626 5563 noue.

640 5671 650 5683 ’
704 5687 818 5758 ('20)
879 5684 1010 5742 Haec
1043 5682 1265 5758 tabula,
1295 5688 1355 5758 ut
1398 5677 1661 5758 arbitror,
1703 5666 2214 5758 nccnapnd‘gllso-

635 5738 1131 5826 pulmlnat'apud:
1169 5738 1450 5826 C..'bt_'iam,
1501 5746 1743 5826 ullumve
1765 5738 1956 5826 alium-
1997 5738 2212 5826 mytlio-

636 5809 915 5888 armis;
960 5809 1207 5888 repeats:
1251 5859 1259 5870 .
1296 5817 1391 5872 Est
1436 5825 1620 5888 tamen
1650 5816 1716 5867 ad
1747 5809 2063 5888 docendum
2096 5809 2214 5888 ideo

634 5877 1138 5963 agragas-i4,
1197 5910 1214 5948 ς
1302 5885 1553 5941 homines
1603 5893 1859 5954 potentes
1917 5877 2214 5950 aliquando

2322 5675 2617 5745 ρετγὲτυιη
2667 5666 2975 5745 mea?
3017 5628 3810 5745 ιιίξψίὲιξξῐι-¹¹ὶίξξὶιξὶξ.2⁰¹⁴ξῗιῗὲιῗ
3901 5681 3903 5711 τ

2325 5710 2945 5800 Sikiﬁb’éﬁéféiédid
2972 5727 3144 5800 enim
3175 5710 3631 5800 mure_abj_ectiut,
3669 5710 3764 5759 in"

2307 5804 2486 5877 dius?
2513 5789 2646 5872 quid
2669 5789 3116 5863 leoncﬁnobilius,
3149 5789 3456 5851 robustius?
