4062 6290
286 299 422 383 ἒοιι

1423 310 1960 376 HISTORIARUM
1998 310 2229 374 LIBER
2270 313 2381 376 ΙΠ.

3384 295 3538 385 i042~

280 418 583 484 δουλεύειν,
621 419 854 490 βασιλεῖ’
879 420 935 476 δι
978 421 1183 496 μᾶλλον
1231 405 1762 488 εὐνοεῖνξΒασιλεῦς
1790 423 1848 478 δὲ

1978 438 2012 477 e
2035 423 2368 495 adiunxerit.
2400 419 2747 499 Amplectens
2776 412 3067 488 consilium
3091 433 3388 504 imperator
3409 444 3522 490 sta-

281 507 556 573 ἀκούσας,
609 509 900 583 ὑπερήσθη
940 511 1042 584 μὲν
1088 515 1184 567 ἐπὶ
1235 515 1350 578 τοῖς
1381 514 1723 585 εἰρημένοις,
1754 513 1851 567 καὶ

279 600 390 653 τῶν
414 601 629 654 πολλῶν
662 602 961 656 ἀνέπνευσε
993 605 1315 674 φροντίδων,
1368 604 1429 659 τὸ
1476 604 1633 657 Θεῖον
1679 603 1850 658 αὐτοῦ

279 691 546 762 πρόνοιάν
586 709 709 746 τινα
753 696 1088 765 πεποιῆσθαι
1129 698 1355 767 οἰηθεὶς,
1388 698 1486 752 καὶ
1526 701 1622 753 τὸν
1682 698 1854 768 ἄνδρα

279 784 418 850 πρὸς
451 783 682 836 τοιαῦτα
730 791 1102 857 κεκινηκέναι.
1145 789 1352 859 Ἥρετό
1404 807 1462 842 τε
1526 772 1597 844 si.
1623 793 1747 855 τοὺς
1793 795 1852 846 ὲν

279 873 425 945 λόγῳ
467 875 704 945 μάλιστα
756 877 944 948 εἰδείη.
1001 879 1358 951 Βερῤοιωτῶν
1416 883 1512 934 καὶ
1563 883 1701 954 πρὸς
1758 881 1854 946 οὓς

277 983 434 1028 τινας
487 966 668 1021 αὐτῶν
702 968 1062 1038 συμϐουλεύει
1103 970 1361 1042 γράφειν,
1395 970 1490 1025 τοῦ
1533 971 1611 1034 δὲ,
1645 973 1855 1035 πάντας

127 1053 134 1059 ’
229 1110 232 1113 .
282 1057 384 1126 μὲν
416 1057 618 1110 εἰδέναι
658 1059 969 1141 εἰρηκότος,
1001 1061 1128 1124 τοὺς
1159 1060 1419 1129 ἀρίστους
1457 1061 1514 1114 δὲ
1549 1059 1854 1150 ἐκλεξαμέέ⁵

279 1163 400 1213 νου,
431 1147 686 1201 ἑπείθετό
723 1165 783 1224 τε
818 1150 848 1202 ό
903 1148 1160 1220 βασιλεὺς
1181 1189 1199 1214 ,
1242 1151 1319 1211 ὡς
1351 1152 1532 1214 καλῶς
1567 1147 1856 1220 βεϐουλευζ

281 1238 453 1308 μένῳ,
486 1241 581 1294 καὶ
620 1238 860 1310 ἔγραφεν
899 1239 1117 1296 αὐτίκα.
1147 1242 1466 1312 ’Δρμπενος
1503 1242 1559 1295 δὲ
1603 1243 1859 1296 συνεϐούι-

278 1329 436 1384 λευεν
462 1331 512 1384 εί
554 1331 773 1385 δύναιτο
799 1333 896 1386 καὶ
928 1333 1154 1404 Κρόιλην
1180 1335 1392 1388 πείθειν
1428 1335 1674 1390 ἐνδοῦναι
1704 1337 1855 1407 αὐτῷ

277 1422 374 1475 καὶ
422 1421 674 1492 φανερῶς
712 1423 853 1493 ὑπὲρ
882 1425 1048 1478 αὑτοῦ
1085 1425 1434 1497 διαλεχθῆναι
1468 1415 1853 1499 Βερῤοιῶταιςο

279 1513 496 1582 βασιλεῖ
518 1532 578 1567 τε
613 1516 722 1586 γὰρ
755 1515 824 1568 τὰ
857 1516 1091 1586 μέγιστα
1119 1517 1498 1589 λυσιτελήσειν
1521 1505 1584 1573 eo
1621 1521 1852 1586 τοιοῦτο,

277 1607 373 1659 καὶ
397 1602 548 1676 αὑτῷ
580 1608 679 1676 τὴν
698 1610 992 1679 συντυχίαν
1026 1611 1233 1681 μηδένα
1258 1611 1505 1666 κίνδυνον
1539 1611 1766 1684 ὕστερον
1790 1615 1858 1668 ἂν

278 1699 606 1766 ἐπαγαγεῖν,
640 1703 687 1754 εἰ
720 1701 753 1770 ἠ
795 1703 950 1767 πόλις
1003 1703 1353 1775 προσχωροίη
1391 1706 1626 1775 βασιλεῖ.
1671 1707 1857 1769 Ἐπεί-

1960 511 2056 565 tim
2091 512 2158 567 ad
2203 513 2416 570 Craletn
2464 516 2608 584 adit,
2659 534 2790 573 num
2853 519 3012 593 545
3065 523 3348 577 Arbenum
3397 523 3526 578 Ber-

1960 601 2170 656 rhteam
2199 603 2418 660 mittere
2440 605 2574 660 velit
2605 611 3015 675 percunctatur.
3043 607 3160 675 Quo
3184 610 3387 673 aiente,
3414 608 3529 663 Vo-

1959 691 2136 748 lebam
2188 704 2240 752 et
2297 697 2413 766 ipse
2467 695 2535 751 ad
2592 713 2688 753 eos
2747 699 3012 767 scribere,
3071 702 3275 772 inquit,
3322 711 3527 770 eosque

1959 797 2142 849 orare,
2166 785 2246 839 uti
2278 801 2364 841 me
2410 787 2464 841 in
2520 790 2709 845 urbem
2753 791 3125 846 admitterent.
3168 792 3273 848 Sed
3313 805 3527 847 mecum

1962 881 2237 942 repetens,
2270 891 2382 945 quo
2409 887 2569 947 pacto
2631 881 2870 951 legatum
2922 871 3104 963 meum
3151 882 3360 937 Pheraei
3399 891 3528 936 ante

1967 966 2361 1033 tractaverinl;
2389 983 2552 1038 quem
2573 969 3050 1038 contrucidarunt,
3086 983 3266 1043 coepto
3315 972 3526 1033 destiti.

1951 1051 2232 1124 timuique
2262 1071 2332 1110 ne
2383 1058 2552 1115 alium
2597 1059 2650 1114 in
2715 1061 2893 1116 simile
2930 1061 3131 1115 malum
3171 1063 3523 1133 conjicerem.
3568 1110 3571 1113 .

1947 1143 2304 1201 llortabatur
2356 1147 2540 1216 itaque
2598 1149 2837 1216 Cralem,
2892 1161 2952 1206 ut
3001 1151 3119 1220 ipse
3170 1152 3350 1222 potius
3429 1167 3530 1222 pro

1963 1249 2023 1290 se
2073 1237 2362 1300 scriberet.
2422 1249 2478 1293 et
2522 1239 2699 1294 nihilo
2779 1244 2963 1297 minus
3036 1241 3259 1297 Arbeno
3295 1242 3529 1298 manda-

1963 1337 2075 1392 ret,
2109 1339 2170 1390 ut
2196 1328 2242 1384 is
2274 1332 2562 1385 amborum
2588 1333 2732 1386 inter
2762 1347 2821 1388 se
2846 1331 3056 1388 hedera
3097 1333 3307 1387 sancita
3349 1331 3528 1402 palam

1965 1419 2256 1484 indicaret,
2287 1430 2342 1477 et
2370 1423 2472 1492 ipsi
2520 1425 2685 1480 etiam
2726 1425 2994 1494 voluptati
3049 1423 3297 1479 futurum
3326 1463 3340 1487 ,
3373 1425 3419 1479 si
3459 1423 3530 1477 ad

1963 1511 2405 1568 Cantacusenum
2429 1530 2488 1568 se
2517 1517 2886 1586 aggregarint.
2907 1515 3097 1572 Crales
3141 1529 3208 1570 eo
3261 1515 3531 1572 dictante.

1965 1617 2102 1671 quas
2121 1604 2225 1659 sibi
2268 1606 2588 1661 commodas
2625 1607 2878 1684 duceret,
2921 1604 3132 1662 exarari
3167 1606 3378 1662 litteras
3409 1620 3533 1676 per-

1967 1694 2138 1759 misit,
2217 1692 2543 1766 Arb’enoque
2605 1700 2912 1788 praecepit,
3002 1713 3104 1767 pro
3201 1699 3534 1767 imperatore

280 1792 408 1844 θετό
448 1809 506 1844 τε
532 1793 560 1845 ό
592 1791 848 1864 βασιλεὺς
873 1770 1092 1861 αὐτίκα,
1128 1770 1642 1871 καὶ-πρδςΚράλην
1671 1800 1860 1870 ἐλθὼν,

1978 1784 2110 1854 apud
2133 1785 2483 1841 Berrhmotas
2513 1770 2830 1853 dissereret,
2866 1789 3097 1858 illosque
3125 1787 3371 1851 doceret,
3402 1787 3538 1840 Cra-

278 1883 640 1949 ὲπυνθάνετο,
697 1888 745 1939 ei
792 1886 1038 1957 βούλοιτο
1094 1889 1232 1961 πρὸς
1295 1889 1563 1962 Βέρῤοιαν
1620 1893 1864 1962 πέμπειν

285 1976 622 2046 Ἀρμπενον.
661 1976 767 2031 Τοῦ
817 1981 873 2034 δὲ
921 1980 1277 2051 συνθεμένου,
1324 1982 1684 2055 Ἐϐουλόμην,
1739 1984 1862 2040 εἷπε

280 2068 517 2138 γράφειν
539 2070 631 2122 καὶ
657 2071 816 2135 αὐτὸς
847 2073 942 2126 καὶ
969 2077 1256 2144 παραινεῖν
1285 2075 1364 2138 εἰς
1393 2076 1492 2147 τὴν
1531 2065 1688 2130 πόλιν
1711 2077 1864 2148 δέχεο

285 2157 436 2211 σθαι.
492 2159 720 2213 Ἐννοῶν
768 2162 824 2215 δὲ
869 2157 958 2217 οἷα
1016 2163 1278 2234 δράσειαν
1320 2167 1538 2237 Φεραῖοι
1587 2167 1678 2222 τὸν
1735 2186 1868 2240 πρε-

286 2249 552 2305 σϐεύοντα
585 2254 963 2324 ἀπεκτονότες,
990 2257 1128 2328 πρὸς
1165 2258 1264 2329 τὴν
1287 2258 1630 2330 ἐπιχείρησιν
1655 2260 1866 2330 ἀμϐλύ-

285 2339 474 2393 νεσθαι
505 2382 521 2406 ,
552 2341 804 2406 δεδοικὼς
855 2345 930 2415 μὴ
973 2346 1071 2401 καὶ
1117 2341 1264 2420 ἄλλῳ
1295 2349 1407 2402 τῶν
1441 2350 1632 2404 κακῶν
1661 2353 1867 2422 ὁμοίων

285 2429 458 2487 αῖτιος
477 2436 746 2502 καταστῇ,
769 2433 1137 2490 Συνεϐοὑλευὲ
1167 2454 1228 2490 τε
1265 2439 1466 2508 μᾶλλον
1496 2440 1731 2511 γράφειν
1774 2442 1872 2496 αὐ-

283 2519 378 2582 τὸς
409 2521 550 2591 ὑπὲρ
581 2523 766 2578 αὐτοῦ·
801 2525 920 2596 ἅμα
949 2526 1005 2581 δὲ
1070 2529 1166 2581 καὶ
1202 2529 1494 2600 ’Λρμπένῳ
1552 2532 1872 2603 ἐπιτρέπειν

287 2611 658 2681 Βερροιῶταις
678 2618 775 2680 τὰς
803 2619 940 2690 πρὸς
971 2620 1235 2692 ἀλλήλους
1262 2622 1447 2676 αὐτῶν
1466 2624 1742 2693 συνθήκας
1772 2627 1867 2680 καὶ

288 2704 418 2767 τοὺς
437 2705 633 2774 ὅρκους
655 2710 922 2779 φανεροὺς
953 2715 1148 2780 ποιεῖν,
1185 2715 1280 2767 καὶ
1311 2715 1384 2775 ὡς
1410 2715 1498 2785 εἴη
1519 2716 1615 2770 καὶ
1635 2718 1716 2771 σοὶ
1735 2718 1872 2788 πρὸς

289 2793 490 2867 ἡδονὴν
539 2797 603 2851 τδ
632 2804 977 2872 προσχωρεῖν
1009 2804 1210 2868 αὐτοὺς
1243 2805 1414 2876 αὐτῷ.
1471 2806 1530 2861 Ὅ
1582 2807 1659 2875 δὲ,
1687 2811 1754 2863 τὰ
1775 2811 1874 2880 μὲν

291 2886 603 2956 γράμματα
622 2891 921 2961 ἐπέτρεπεν
938 2894 1098 2947 αὑτὸν
1118 2897 1524 2966 ὑπαγορεύοντα
1543 2900 1871 2971 γράφεσθαι,

294 2972 385 3028 οἷα
417 2979 482 3030 ἂν
513 2977 642 3052 δοκῇ
670 2981 819 3050 αὐτῷ
855 2984 1178 3054 συμφέρειν.
1204 2987 1518 3056 Ἀρμπενον
1541 2990 1598 3043 δὲ
1626 2991 1876 3045 ἐκέλευεν

296 3069 442 3140 ὑπὲρ
463 3070 726 3140 βασιλέως
759 3075 1120 3148 Βερροιὼταιε
1141 3077 1507 3149 διαλέγεσθαι,
1530 3081 1625 3136 καὶ
1644 3083 1876 3156 φανερὸν

299 3163 488 3226 αὐτοῖς
515 3169 714 3234 ποιεῖν,
740 3167 816 3233 ὡς
837 3170 991 3222 οὐδὲν
1040 3173 1225 3238 ἡγοῖτο
1279 3173 1559 3244 διαφέρειν
1607 3175 1757 3246 αὐτῷ
1816 3193 1874 3228 τε

305 3258 654 3327 προσχωρεῖν
684 3260 776 3312 καὶ
818 3260 1046 3329 βασιλεῖ.
1071 3261 1232 3316 Οὕτω
1285 3264 1384 3334 μὲν
1443 3260 1536 3318 οὖν
1573 3267 1605 3334 ἡ
1665 3266 1879 3318 ἐπίνοια

301 3350 489 3411 αὐτοῖς
545 3356 627 3418 είς
665 3354 818 3416 τέλος
853 3355 1001 3424 ἣκει.
1049 3356 1368 3426 Ἀρμπενος
1418 3356 1474 3410 δὲ
1509 3357 1588 3418 εἰς
1617 3355 1879 3428 Βέρῤοιαν

305 3445 501 3508 mem,
529 3446 598 3499 τά
628 3463 685 3500 τε
723 3446 920 3520 Κρὰλῃ
945 3447 1259 3517 γράμματα
1284 3447 1581 3517 παρείχετο
1612 3446 1882 3514 ἀναγινὼ-

307 3537 539 3591 σκεσθαι
566 3539 651 3590 ἐπ’
699 3539 1014 3608 ἐκκλησίας,
1035 3539 1131 3592 καὶ
1157 3540 1224 3591 τὰ
1255 3538 1518 3608 βασιλέως
1546 3541 1658 3600 τοῖς
1687 3541 1879 3610 ἐπιτη-

303 3629 472 3690 δείοις
523 3619 706 3697 κρύφα
744 3627 991 3682 διεδίδου.
1033 3628 1368 3698 Βερῤοιῶται
1399 3629 1456 3683 δὲ
1479 3634 1575 3684 καὶ
1609 3629 1876 3700 πρότερον

308 3719 416 3787 μὲν
439 3719 503 3772 τὰ
537 3718 801 3788 βασιλέως
831 3721 1120 3792 ᾑρημένοι,
1143 3721 1196 3774 ot
1227 3737 1284 3774 τε
1317 3720 1531 3792 ἄριστοι
1553 3721 1750 3792 ὁμοίως
1788 3721 1883 3774 καὶ⁵

305 3814 338 3864 ό
360 3811 530 3880 δῆμος
552 3807 715 3881 ἦσαν,
739 3814 835 3865 καὶ
857 3812 978 3866 τότε
1002 3812 1059 3865 δὲ
1083 3812 1187 3865 ὑπὸ
1213 3811 1306 3865 τοῦ
1330 3812 1622 3882 Τριϐαλῶν
1643 3812 1881 3879 πολέμου

307 3902 645 3972 πιεζόμενοι,
685 3903 885 3967 πολλὰς
914 3905 1022 3976 γὰρ
1069 3906 1252 3968 αὐτοῖς
1313 3906 1406 3959 καὶ
1457 3906 1701 3975 συνεχεῖς
1731 3905 1886 3957 ἑποι-

307 3995 468 4048 οὖντο
519 3996 618 4058 τὰς
670 3995 916 4064 ἐφόδους,
949 3999 1042 4050 καὶ
1072 3997 1262 4059 κακῶς
1291 3997 1511 4050 ὲποίουν
1566 3997 1665 4066 τὴν
1695 3996 1883 4066 χώραν

308 4087 642 4156 ληϊζόμενοι,
684 4089 777 4142 καὶ
807 4089 1138 4158 συνορῶντες
1172 4089 1298 4160 ήδη,
1343 4088 1416 4150 ὡς
1461 4089 1520 4143 ἐν
1547 4088 1664 4160 χρῷ
1700 4088 1884 4142 κινδύ-

310 4196 408 4232 νου
448 4181 752 4234 καθεστᾶσι
792 4169 1070 4234 δουλεύειν
1091 4181 1384 4252 Τριϐαλοῖς
1417 4181 1884 4251 ἀναγκαζόμενοι,

309 4271 490 4334 ἄλλως
517 4287 576 4325 τε
605 4272 703 4325 καὶ
729 4271 835 4324 ὑπὸ
852 4271 958 4324 τῶν
986 4272 1225 4341 ἀρίστων
1243 4270 1586 4340 ὲναγόμενοι,
1617 4270 1755 4340 πλὴν
1778 4271 1886 4340 γὰρ

309 4361 511 4432 ὀλίγων
525 4365 592 4418 τὰ
611 4363 873 4433 βασιλέως
887 4360 1025 4434 ἦσαν
1051 4365 1248 4439 πάντες
1270 4362 1558 4433 ᾑρημένοι.
1583 4362 1887 4433 ἐψηφίσαν-

1971 1873 2077 1928 lem
2113 1875 2417 1940 arbitrari,
2444 1876 2584 1932 nihil
2625 1879 2919 1946 interesse,
2971 1879 3039 1934 ad
3086 1881 3286 1950 ipsum,
3339 1893 3409 1932 an
3467 1879 3536 1933 ad

1971 1964 2124 2019 illum
2160 1981 2218 2021 se
2259 1968 2595 2023 conferrent.
2637 1969 2728 2023 Sic
2763 1970 2873 2024 illis
2899 1978 3275 2026 commentum
3316 1984 3382 2024 ex
3417 1968 3539 2024 ani-

1973 2059 2045 2113 mi
2080 2059 2350 2113 sententia
2373 2061 2661 2128 processit.
2689 2061 2942 2117 Arhenus
2972 2061 3290 2118 Berrliteam
3323 2061 3538 2133 ingres-

1973 2145 2088 2213 sus,
2127 2145 2308 2203 Cralis
2347 2149 2560 2206 litteras
2591 2151 2647 2206 in
2701 2163 2974 2209 conventu
3022 2152 3330 2209 recitandae
3377 2153 3537 2209 exhi-

1974 2234 2067 2292 bet
2137 2239 2720 2310 etaliasimperatoris
2743 2245 2958 2298 occulte
3007 2259 3106 2315 per
3135 2243 3258 2314 ejus
3293 2244 3540 2300 fautores

1973 2326 2202 2395 spargit.
2237 2327 2572 2384 Berrboeotas
2603 2341 2655 2385 et
2681 2340 2841 2386 antea
2886 2332 2960 2388 ab
2995 2334 3328 2403 imperatore
3377 2333 3538 2387 mini-

1975 2434 2064 2473 me
2090 2419 2278 2482 alieni,
2314 2420 2606 2490 optimates
2631 2437 2786 2492 aeque
2814 2438 2878 2478 ac
2901 2424 3100 2495 vulgus
3135 2432 3190 2479 et
3217 2432 3346 2480 tunc
3368 2440 3397 2480 a
3421 2424 3539 2478 Tri-

1979 2509 2135 2564 ballis
2161 2510 2335 2579 pressi
2364 2511 2581 2583 (crebro
2603 2513 2775 2580 enim,
2826 2515 3284 2586 continenterque
3319 2529 3416 2570 eos
3457 2517 3540 2569 in-

1977 2606 2298 2674 cursabant,
2329 2613 2382 2665 et
2407 2622 2594 2678 agrum
2630 2607 3078 2678 populationibus
3119 2607 3375 2663 infestum
3411 2607 3539 2663 red-

1978 2699 2224 2769 debant),
2255 2709 2312 2756 et
2355 2700 2720 2770 intelligentes
2776 2709 3076 2771 praeterea;
3114 2701 3252 2756 nihil
3316 2701 3542 2772 prepius

1977 2804 2122 2853 esse,
2159 2805 2325 2859 quam
2363 2799 2423 2845 ut
2451 2789 2820 2845 Triliallorum
2838 2791 3053 2862 jugum,
3076 2791 3326 2862 quamvis
3355 2791 3546 2846 nolen-

1980 2888 2061 2935 tes
2100 2880 2408 2950 perferant:
2438 2881 2505 2935 ad
2527 2881 2643 2942 haec
2671 2881 2739 2936 ab
2761 2881 3121 2952 optimatibus
3149 2881 3367 2951 impulsi
3384 2882 3544 2951 (pra:-

1984 2981 2068 3029 ter
2103 2987 2329 3042 paucos.
2379 2972 2648 3041 siquidem
2693 2987 2886 3028 omnes
2941 2974 3262 3043 imperatori
3294 2972 3544 3027 adhaere-

1985 3062 2154 3134 bant),
2216 3063 2268 3118 ei
2308 3063 2548 3118 reditum
2593 3065 2940 3119 decernunt:
2999 3064 3263 3134 illicoque
3317 3065 3542 3134 legatos,

1979 3156 2045 3211 de
2078 3156 2416 3226 primoribus
2439 3156 2662 3228 quidem
2701 3155 3100 3227 Alteroperem,
3149 3157 3220 3212 de
3249 3157 3406 3227 plebe
3453 3157 3547 3212 Al-

1980 3249 2225 3313 lo-luiam,
2255 3248 2322 3303 de
2348 3247 2544 3302 ordine
2591 3248 2919 3303 clericorum
2955 3247 3152 3317 Syrum
3183 3247 3448 3318 deligunt,
3484 3263 3546 3302 ae

1980 3355 2080 3410 per
2102 3354 2199 3394 eos
2234 3348 2433 3408 rogant
2479 3340 2556 3394 uti
2586 3339 2653 3395 ad
2690 3354 2749 3394 se
2770 3346 3118 3410 approperet.
3164 3338 3354 3410 Legati
3407 3340 3548 3394 anti-

1981 3431 2140 3503 qua‘m
2163 3432 2401 3488 civitatis
2429 3433 2486 3486 in
2527 3433 2679 3488 illum
2723 3431 3162 3488 benevolentiam
3190 3442 3475 3504 exponunt
3495 3448 3550 3488 et

1981 3535 2100 3579 eam
2159 3524 2303 3578 inter
2355 3523 2472 3579 haec
2531 3515 2688 3578 arma’
2766 3523 2948 3579 civilia
2997 3524 3166 3579 animi
3226 3525 3550 3595 pependisse
3630 3578 3632 3580 ,

1981 3606 2210 3686 ejusq'ue
2247 3614 2542 3670 adventum
2567 3625 2875 3687 exoptasse,
2906 3616 2994 3671 cui
3029 3631 3088 3671 se
3127 3615 3329 3673 dedere
3353 3659 3367 3683 ,
3395 3627 3451 3672 et
3482 3617 3547 3672 ad

1989 3705 2194 3762 bellum
2228 3707 2549 3776 adiumento
2572 3722 2693 3763 esse
2725 3707 3119 3778 percupicrint.
3153 3707 3427 3775 Quoniam
3453 3724 3553 3762 au-

1984 3807 2093 3854 tem
2121 3814 2345 3854 suorum
2382 3798 2694 3870 proditione
2727 3800 2782 3853 in
2820 3798 2936 3854 haec
2981 3798 3280 3853 infortunia
3329 3799 3552 3853 incidis-

1983 3899 2086 3955 set,
2113 3899 2169 3944 et
2197 3890 2352 3944 exsul
2372 3892 2436 3944 ad
2456 3890 2728 3944 Triballos
2768 3890 3017 3954 abiisset,
3062 3890 3330 3961 c0gitasse
3369 3893 3551 3947 statim

1986 3996 2014 4036 a
2057 3981 2330 4052 principio
2382 3981 2449 4035 ad
2479 3980 2671 4035 urbem
2705 3995 2860 4034 suam
2913 3981 3068 4034 illum
3119 3995 3425 4043 accersere.
3457 3983 3553 4036 sed

1987 4072 2203 4136 timore,
2233 4087 2304 4126 ne
2335 4070 2404 4125 ob
2426 4069 2480 4125 id
2508 4071 2561 4125 in
2583 4072 2945 4126 calamitatem
2975 4073 3425 4127 miserabiliorem
3463 4075 3558 4130 de-

1987 4165 2324 4231 volveretur,
2349 4164 2506 4218 Crale
2533 4173 2757 4234 propter
2808 4164 3094 4229 invidiam,
3128 4173 3181 4220 et
3224 4176 3552 4236 occupatam
3661 4200 3670 4207 η.

1988 4256 2267 4310 civitatem
2303 4255 2534 4310 insidias
2568 4255 2616 4309 ei
2677 4255 3041 4322 instructuro,
3086 4256 3356 4312 hactenus
3393 4258 3555 4327 quie-

1989 4334 2160 4401 viss'e.
2198 4345 2379 4408 Nune,
2435 4347 2562 4415 quia
2586 4344 2807 4400 occasio
2871 4346 3103 4411 venerit,
3164 4353 3219 4400 et
3262 4345 3448 4402 Crales
3505 4345 3556 4400 id

309 4471 375 4508 το
403 4455 500 4526 τὴν
531 4454 792 4525 βασιλέως
827 4453 1052 4508 κάθοδον
1077 4470 1093 4485 ⁸
1149 4436 1350 4508 αὐτίκα
1393 4468 1451 4504 τε
1485 4452 1718 4523 ᾑροῦντο
1751 4452 1875 4524 πρέ‹

1989 4436 2292 4507 approbare
2317 4437 2588 4500 videatur,
2621 4437 2811 4491 venire
2867 4439 3036 4508 ipsos,
3087 4448 3147 4492 ut
3201 4454 3326 4492 eum
3383 4439 3558 4493 multo

312 4546 487 4610 σϐεις,
513 4547 576 4600 ὲκ
601 4546 702 4616 μὲν
731 4545 844 4599 τῶν
863 4547 1121 4616 ἀρέστων,
1157 4544 1566 4614 ’Δστραπήρην,
1594 4541 1688 4596 τοῦ
1710 4543 1884 4612 δήμου

310 4639 780 4711 δὲ,⁹Αλληλούῖαν’
810 4641 875 4693 ἐκ
908 4638 1016 4693 τῶν
1040 4637 1477 4706 κατειλεγμένων
1515 4635 1571 4689 δὲ
1595 4635 1673 4703 τῷ
1702 4635 1890 4722 κληρῳ
1918 4651 1926 4659 ·

311 4733 417 4798 τῆς
462 4731 760 4802 ἐκκλησίας
783 4771 801 4797 ,
843 4731 1012 4802 Σύρον
1045 4730 1459 4798 ὠνομασμένον⁸
1507 4728 1602 4782 καὶ
1641 4725 1890 4796 ἔπεμπον

313 4823 455 4892 «pb;
506 4823 748 4894 βασιλέα,
771 4823 1004 4892 τάχιστα
1031 4821 1278 4892 δεόμενοι
1305 4819 1464 4890 ἥκειν
1497 4817 1637 4887 πρὸς
1666 4816 1887 4880 αὐτούς.

316 4917 382 4968 Oi
420 4914 678 4985 πρέσϐεις
709 4913 764 4968 δὲ
808 4915 932 4966 ἐπεὶ
958 4908 1114 4985 ἧκον,
1149 4913 1250 4983 τήν
1296 4927 1358 4963 τε
1403 4910 1641 4981 ἀρχαίαν
1674 4907 1890 4960 εὔνοιαν

315 5002 418 5070 τῆς
449 5005 658 5064 πόλεως
688 5003 905 5072 ιδήλουν
956 5000 1166 5072 βασιλεῖ
1187 5037 1202 5061 ,
1239 4998 1334 5051 καὶ
1379 4995 1453 5059 ὡς
1506 4994 1599 5049 τοῦ
1649 4993 1891 5062 πολέμου

314 5093 474 5147 τοῦδε
520 5094 614 5148 τοῦ
671 5091 997 5161 συγγενικοῦ
1032 5089 1326 5158 Ῥωμαίοις
1371 5084 1762 5156 κεκινημένου,
1797 5099 1893 5154 με·

318 5184 521 5254 τέωροι
555 5185 709 5238 αὐτοὶ
744 5181 905 5256 ἦσαν,
943 5183 1036 5237 καὶ
1080 5181 1181 5254 τὴν
1221 5179 1386 5234 αὑτοῦ
1442 5177 1733 5249 ἐπιδημίαν
1760 5176 1895 5249 ἦγον

318 5278 394 5332 δι’
444 5277 648 5348 εὐχῆς,
690 5278 781 5330 καὶ
834 5275 1109 5346 πρόθυμοι
1153 5269 1295 5345 ἦσαν
1353 5269 1504 5339 αὐτῷ
1562 5268 1896 5339 προσνέμειν

323 5369 578 5432 ἑαυτοὺς,
613 5367 826 5421 καὶτὸν
865 5368 1104 5435 πόλεμον
1131 5359 1694 5432 συγκατεργάζεσθαι.
1740 5357 1896 5409 Ἐπεὶ

323 5462 384 5515 δὲ
412 5462 476 5512 ὲκ
499 5459 788 5530 προδοσίας
814 5459 924 5512 τῶν
960 5457 1229 5511 συνόντων
1275 5453 1518 5523 συμϐαίη
1573 5451 1700 5514 περὶ
1731 5450 1895 5503 αὐτὸν

323 5549 398 5602 τὰ
440 5549 705 5618 δυσχερῆ,
757 5548 851 5602 καὶ
881 5546 1027 5600 ἔλθοι
1055 5544 1350 5615 ὑπερόριος
1394 5542 1530 5611 πρὸς
1569 5537 1895 5610 Τριϐαλοὺς,

332 5641 584 5708 μάλιστα
630 5639 728 5708 μὲν
786 5636 1145 5707 βεϐουλῆσθαι
1207 5634 1370 5697 εὐθὺς
1425 5632 1666 5703 ἔξαρχῆς
1693 5632 1772 5693 εἰς
1802 5630 1900 5700 τὴν

330 5734 491 5785 πὺλιν
543 5730 955 5798 προκαλεῖσθαι,
1002 5726 1306 5789 δεδοικότας
1356 5725 1412 5779 δὲ
1469 5725 1544 5795 μὴ
1589 5724 1676 5778 διὰ
1728 5721 1900 5775 ταῦτα

1990 4545 2114 4584 cum
2154 4530 2375 4600 gaudio,
2415 4529 2721 4600 laetitiaque
2743 4529 3040 4599 accipiant.
3064 4529 3300 4584 Proinde
3342 4539 3561 4585 moveat

1988 4622 2058 4676 ab
2096 4637 2157 4677 se
2190 4636 2392 4686 moras,
2425 4638 2564 4678 neve
2611 4624 2664 4677 in
2715 4622 2866 4678 aliud
2911 4632 3125 4692 tempus
3180 4621 3426 4687 ditl'erat,
3489 4639 3559 4678 ne

1991 4712 2116 4782 quis
2165 4727 2325 4767 casus
2385 4727 2499 4767 rem
2551 4722 2720 4767 totam
2793 4711 3064 4768 disturbet
3127 4719 3291 4790 atque
3327 4720 3559 4766 evertat.

1991 4803 2295 4873 Imperator
2324 4804 2530 4860 civitati
2557 4804 2626 4860 de
2662 4805 2765 4860 hac
2788 4821 2917 4876 erga
2957 4819 3018 4858 se
3056 4802 3221 4877 546
3252 4805 3560 4865 voluntate,

1993 4905 2049 4951 et
2101 4897 2393 4966 separatim
2454 4897 2643 4962 legatis
2674 4898 2743 4952 de
2807 4899 3053 4967 ipsorum
3093 4913 3219 4968 erga
3269 4912 3338 4958 se.
3379 4895 3563 4952 studio

1993 4987 2292 5046 honoriﬁce
2318 4987 2518 5058 gratias
2540 4989 2674 5059 agit,
2709 4990 2965 5060 Cralique
3038 5004 3304 5045 summam
3341 4988 3560 5057 legatio-

1994 5084 2082 5138 nis
2127 5083 2442 5138 renuntiat:
2513 5082 2609 5150 qui
2672 5081 3006 5146 admiratus,
3062 5081 3362 5136 nonetiam
3414 5080 3564 5134 Ber-

1996 5174 2230 5238 rhaaam,
2275 5181 2334 5227 ut
2376 5172 2616 5243 reliquas
2659 5174 2822 5230 urbes
2847 5215 2863 5241 ,
2906 5175 3076 5230 verba
3109 5173 3178 5229 de
3232 5173 3564 5243 imperatore

2000 5266 2118 5322 ﬁeri
2152 5266 2416 5329 vetuisse,
2469 5266 2585 5334 ipse
2631 5281 2856 5336 quoque
2896 5282 3013 5322 rem
3041 5268 3108 5322 ad
3157 5265 3364 5321 exitum
3393 5261 3569 5320 dedu-

1998 5357 2228 5413 cendam
2249 5355 2539 5430 ﬁdicavit.
2576 5356 2780 5411 Helena
2813 5372 2944 5412 vero
2970 5360 3172 5431 conjux
3212 5372 3352 5413 mire
3409 5357 3564 5411 solli-

1999 5446 2130 5509 cita,
2193 5447 2588 5514 imperatorem
2643 5447 2962 5512 admonere,
3029 5464 3099 5503 ne
3160 5447 3566 5519 opportunitati

1981 5535 2242 5610 “deesset.
2286 5533 2384 5588 sed
2421 5531 2678 5590 omnibus
2720 5537 3062 5606 postpositis,
3102 5539 3420 5594 Berl-limam
3480 5539 3567 5593 sui

1998 5628 2138 5698 juris
2186 5625 2365 5681 facere
2437 5626 2612 5682 solum
2659 5628 3041 5684 contenderet.
3127 5631 3568 5702 Didymoticltum

2006 5716 2210 5782 rcdirc,
2242 5732 2364 5773 esse
2399 5716 2451 5774 id
2485 5718 2705 5788 quidem
2739 5720 3108 5776 necessarium
3143 5741 3157 5780 :
3191 5730 3572 5780 verumtamen
