4062 6290
381 343 521 406 ίθίί)

1501 315 2056 404 ιιιενιυιιιιιιιιιιιι
2098 345 2340 409 LIBER
2381 347 2498 408 III.

3479 347 3624 407 ιοου

369 471 452 515 το,
480 452 482 456 ’
514 451 649 527 ενθα
679 451 774 505 καὶ
823 453 855 520 ἡ
920 449 1214 520 Τριϐαλῶν
1258 448 1635 520 διενυκτέρευε
1692 454 1946 522 στρατιὰ,

2055 457 2482 525 pernoctabant,
2511 457 2591 536 ad
2621 473 2788 529 quem
2829 458 3016 513 vicum
3043 456 3209 512 etiam
3241 455 3469 512 Triballi
3501 473 3619 512 ma-

368 541 650 611 Γαυρόϐου
682 540 1257 610 προσαγορευομένης,
1302 540 1473 593 ἐδεῖτο
1505 539 1721 610 βασιλεῖ
1747 557 1940 593 συντυ-

367 639 507 706 χεῖν,
540 635 617 698 ὡς
646 635 773 701 περί
807 650 968 686 τινων
999 635 1314 700 ἀναγκαίων
1347 633 1743 703 διαλεξόμενος.
1787 635 1944 686 Ἐπεὶ

369 728 425 780 δὲ
457 727 713 793 εἰσήγετο
742 726 875 794 πρὸς
906 725 1366 795 βασιλέα,πρῶτα
1400 727 1499 795 μὲν
1525 727 1760 796 ἀρχαίας
1795 726 1944 788 τινος

367 819 688 886 εὐεργυίας
716 817 944 886 χάριτας
971 816 1206 884 ὀφείλειν
1225 817 1491 885 ὡμολόγει
1517 816 1946 888 βασιλεῖ.Ἔπει-

367 927 436 962 τα
463 910 700 979 ἐμήνυεν
725 910 802 970 ὼς
829 911 858 977 ἡ
895 911 1124 978 στρατιὰ
1142 908 1427 978 Τριϐαλῶν
1451 903 1519 980 ἦς
1546 912 1756 978 ἡγεῖται
1787 911 1944 964 Mrta-

367 1001 529 1068 ζίκης
583 1017 667 1061 τις
701 1001 1270 1070 προσαγορευόμενος,
1319 1002 1411 1054 καὶ
1463 1002 1732 1068 Στέφανος
1760 1002 1946 1055 δεύτερ

359 1108 486 1158 ρος,
515 1090 580 1142 ἐκ
613 1089 800 1152 πεζῶν
832 1091 924 1143 καὶ
983 1091 1197 1144 ἱππέων
1249 1092 1615 1163 ἡθροισμένη,
1667 1093 1946 1163 πεμφθείη

374 1185 476 1253 μὲν
521 1183 674 1251 παρὰ
715 1183 908 1253 Κράλη
960 1185 1052 1236 ἐπὶ
1087 1183 1167 1249 τῷ
1227 1185 1487 1252 βλάπτειν
1535 1184 1781 1256 βασιλέα,
1845 1189 1946 1238 ὅσα

366 1271 608 1326 δύναιτο.
634 1273 795 1325 Antei
829 1272 887 1325 δὲ
927 1272 1104 1335 οὕτως
1137 1271 1278 1327 εἶναι
1313 1275 1846 1346 παρεσκευασμένη,
1870 1276 1947 1337 ὡς

369 1364 417 1416 εἰ
451 1365 702 1426 ἀκατίοις
747 1362 929 1433 χρῷτο
980 1364 1012 1433 ἠ
1055 1364 1325 1433 βασιλέως
1383 1367 1612 1434 στρατιὰ
1668 1367 1806 1436 πρὸς
1848 1367 1947 1436 τὴν

371 1453 646 1520 διάϐασιν,
675 1455 787 1516 τοῖς
814 1453 1046 1523 πρώτως
1073 1455 1321 1509 διαϐᾶσιν
1349 1457 1690 1510 ἐπιτίθεσθαι
1723 1458 1814 1510 καὶ
1835 1460 1951 1511 δια-

368 1541 620 1612 φθείρειν
645 1559 660 1574 ο
693 1543 884 1596 ἔπειτα
913 1545 1268 1612 ἀνείργοντας
1301 1544 1435 1608 τοὺς
1465 1546 1658 1605 ἄλλους
1685 1546 1826 1615 πρὸς
1855 1547 1950 1600 τὸν

368 1633 563 1703 πόρον,
584 1635 787 1698 αὐτοὺς
817 1633 915 1704 μὲν
952 1635 1233 1704 διαμένειν
1277 1635 1508 1699 ἀπαθεῖς
1540 1638 1756 1689 κακῶν·
1793 1639 1950 1708 βασι-

367 1723 468 1778 λέα
498 1725 556 1778 δὲ
590 1725 727 1794 μετά
753 1726 860 1778 τῶν
895 1727 1184 1788 συνόντων,
1235 1726 1338 1778 ὑπὸ
1371 1727 1473 1796 τῆς
1515 1729 1579 1781 ἐκ
1621 1728 1948 1782 Θεσσαλονί-

2046 548 2274 612 nebant,
2315 551 2568 620 rogabat,
2639 560 2699 606 ut
2731 551 2835 606 sibi
2873 548 3224 620 imperatoris
3246 551 3620 606 conveniundi

2044 642 2203 710 copia
2235 642 2409 708 ﬁeret,
2447 644 2515 700 de
2551 661 2610 700 re
2657 646 2970 700 necessaria
3002 660 3129 700 cum
3154 660 3221 699 eo
3252 643 3621 700 collocutum.
3725 678 3750 696 ι

2044 733 2124 786 Ad
2180 749 2345 802 quem
2393 735 2780 799 introductus,
2836 736 3071 804 primum
3124 735 3347 804 quidem
3405 735 3625 802 antiqui

2047 827 2329 896 cujusdam
2385 829 2638 883 beneficii
2678 829 2903 897 gratiam
2938 843 2997 883 se
3045 828 3124 882 illi
3158 828 3360 884 debere
3393 827 3624 882 conﬁte-

2041 925 2161 972 tur.
2209 917 2343 971 Post
2373 918 2604 980 indicat,
2647 918 3017 974 Triballorum
3063 933 3284 972 manum
3316 917 3538 981 Bozice,
3568 925 3626 971 et

2048 1006 2330 1076 Stephano
2374 1008 2632 1089 ducibus.
2679 1023 2748 1062 ex
2779 995 3058 1076 peditibus
3093 1018 3148 1062 et
3182 1009 3466 1076 equitibus
3491 1023 3626 1063 com

2048 1107 2306 1164 stantem,
2360 1101 2582 1154 missam
2623 1115 2654 1153 a
2682 1099 2862 1162 Crale,
2889 1108 2951 1153 ut
2975 1100 3295 1168 imperatori
3327 1109 3618 1164 nocerent,

2047 1198 2315 1257 quantum
2364 1200 2608 1266 possent.
2656 1190 2813 1259 Ipsos
2864 1200 3047 1245 autem
3107 1189 3190 1245 sic
3220 1204 3342 1245 esse
3377 1201 3624 1258 paratos.

2048 1290 2108 1334 ut
2161 1281 2208 1335 si
2279 1281 2627 1348 imperatoris
2671 1281 2930 1335 cohortes
2969 1281 3234 1335 actuariis
3282 1280 3508 1335 minutis
3555 1280 3624 1334 ad

2050 1371 2438 1438 trajiciendum
2490 1379 2798 1434 uterentur,
2845 1369 3008 1440 550
3054 1370 3148 1438 qui
3187 1369 3348 1437 primi
3394 1369 3630 1422 transic-

2050 1463 2184 1526 rint,
2223 1477 2319 1516 eos
2362 1461 2540 1516 adorti
2575 1461 2908 1515 interﬁciant
2943 1481 2956 1514 :
2995 1461 3192 1514 deinde
3222 1459 3360 1513 alios
3389 1460 3625 1513 transitu

2051 1563 2304 1608 arcentes
2344 1554 2498 1608 nullo
2527 1561 2790 1622 praeterea
2829 1552 2971 1606 malo
3013 1551 3293 1605 alh‘ciant:
3327 1549 3626 1619 imperato-

2052 1661 2168 1700 rem
2208 1661 2332 1700 cum
2367 1645 2595 1714 reliquis
2625 1654 2886 1713 superata
2914 1644 3025 1713 jam
3060 1643 3299 1703 facilem.
3324 1643 3433 1696 levi
3458 1653 3629 1710 opera

2027 1737 2126 1793 ‘ab
2175 1737 2423 1792 exercitu
2477 1735 2873 1790 Thessalonica
2926 1733 3172 1790 aﬂuturo
3213 1733 3501 1786 concisum
3535 1732 3626 1785 iri.

366 1833 474 1887 κης
513 1788 776 1886 στρατιᾶς
827 1816 1242 1886 διαφθείρεσθαι
1305 1788 1504 1890 pater»;
1532 1821 1946 1891 εὐεπιχείρητον

2055 1828 2327 1884 Triballos
2363 1830 2552 1898 itaque
2599 1828 2706 1880 isto
2738 1825 2904 1879 modo
2926 1824 3158 1879 insidias
3181 1823 3488 1878 institui-ssc
3518 1823 3632 1876 aie-

365 1905 682 1977 γενόμενον.
741 1907 852 1977 Τὴν
887 1907 988 1976 μὲν
1026 1906 1120 1959 οὖν
1143 1906 1465 1978 ἐπιϐουλὴν,
1505 1906 1680 1972 οὕτως
1708 1910 1952 1978 ἔφασκεν

367 1991 510 2050 εἶναι
547 1999 1062 2069 συνεσκευασμένην
1118 1999 1273 2069 παρά
1323 2000 1645 2067 Τριϐαλῶν⁸
1694 2002 1855 2055 αὑτὸν
1893 2004 1952 2056 δὲ

365 2087 571 2141 εἰδέναι
609 2089 778 2159 πόρον
814 2073 1183 2158 ἀγνοούμενον
1227 2092 1341 2155 τοῖς
1363 2091 1597 2155 πολλοῖς,
1643 2086 1952 2165 ᾖδιαϐατδς

363 2179 674 2248 Guarceno;
719 2179 919 2252 ῥᾳδίως
979 2181 1177 2234 ἔσται’
1235 2182 1293 2236 δν
1350 2182 1590 2250 ἔφασκεν
1648 2184 1951 2250 ὑποδείξειν

367 2273 538 2342 χάριν
570 2270 782 2340 βασιλεί
811 2271 1256 2341 κατατιθέμενος.
1298 2271 1624 2336 Ἐπαινέσας
1651 2275 1708 2328 δὲ
1732 2277 1760 2327 ὁ
1794 2275 1951 2344 βασι-

367 2365 501 2427 λευς
522 2363 616 2418 τὸν
645 2362 957 2434 ἄνθρωπον,
976 2364 1074 2417 καὶ
1105 2365 1575 2434 ἐπαγγειλάμενος
1599 2366 1661 2420 εὖ
1683 2370 1953 2437 ποιήσειν,

365 2455 498 2508 litat
527 2456 623 2508 καὶ
667 2455 701 2524 ἡ
735 2455 916 2524 ἡμέρα
955 2455 1055 2526 ήδη
1105 2454 1444 2524 διεφαίνετο,
1491 2458 1722 2528 ἄραντες
1755 2461 1820 2512 ἐκ
1856 2462 1952 2515 τῦ

369 2545 764 2615 στρατοπέδου,
808 2545 1036 2617 διῄεσαν
1075 2547 1166 2600 τοῦ
1219 2547 1468 2616 ποταμοῦ
1499 2550 1595 2618 τὴν
1627 2549 1794 2620 δγθην
1837 2548 1890 2604 οἵ
1928 2555 1956 2604 ὁ

370 2636 660 2706 ἄνθρωπος
678 2623 896 2706 ἠγεῖτο.
935 2635 1162 2707 Ὁμοίως
1190 2637 1246 2690 δὲ
1273 2639 1368 2691 καὶ
1393 2639 1442 2691 οί
1478 2639 1737 2709 Τριϐαλοὶ
1770 2643 1832 2693 ἐκ
1854 2645 1955 2711 τῆς

369 2731 615 2800 περαίας
663 2729 1134 2800 ἀπιπαρὴρχοντο
1189 2730 1282 2782 καὶ
1324 2731 1478 2783 αὐτοὶ
1527 2733 1621 2786 τὸν
1673 2736 1952 2804 ποταμόν’

369 2823 498 2874 ἐπεὶ
527 2821 584 2875 δὲ
612 2823 694 2884 είς
723 2823 817 2873 τὴν
853 2821 1022 2892 πόρον
1064 2815 1247 2891 ἦλθον,
1309 2822 1570 2892 Τριϐαλοὶ
1603 2825 1703 2894 μὲν
1737 2826 1800 2877 ἐκ
1852 2825 1953 2894 τῆς

368 2912 610 2982 ⁸ιιιεραίας
643 2913 1055 2983 παρετάσσοντο
1098 2913 1174 2975 ὡς
1204 2912 1570 2976 κωλύσοντεςο
1612 2915 1706 2967 καὶ
1741 2915 1954 2986 βέλεσιν

369 3006 617 3075 mam
658 3004 966 3075 πόρρωθεν.
991 3004 1256 3069 Βασιλεὺς
1291 3005 1348 3058 δὲ
1387 3007 1526 3075 μετά
1553 3007 1661 3059 τῶν
1691 3007 1952 3078 ἀρίστων,

2049 1921 2184 1988 bat;
2239 1936 2298 1976 se
2345 1936 2475 1975 vero
2506 1920 2674 1981 scire,
2707 1919 2854 1988 quod
2887 1917 3048 1972 multi
3079 1917 3356 1979 nesciant,
3385 1931 3493 1985 qua
3527 1917 3636 1969 titt-

2050 2013 2173 2068 vius
2221 2011 2362 2065 vado
2413 2011 2632 2065 transiri
2677 2008 2965 2064 commode
3012 2017 3201 2078 queat.
3244 2007 3301 2062 id
3337 2007 3534 2062 vadum
3570 2023 3633 2064 se

2050 2100 2237 2172 gratia:
2281 2098 2585 2154 referenda:
2628 2099 3158 2152 demonstraturum.
3205 2095 3420 2150 Laudat
3454 2097 3634 2150 homi-

2055 2203 2178 2240 nem
2216 2187 2542 2256 imperator,
2583 2196 2636 2240 et
2672 2187 2868 2239 merito
2899 2199 3294 2254 responsurum
3333 2185 3630 2253 promittit.

2053 2278 2156 2334 Ubi
2207 2278 2424 2341 diluxit,
2457 2278 2656 2331 castris
2682 2276 2914 2346 egressi,
2956 2276 3112 2346 juxta
3152 2275 3402 2330 fluminis
3427 2275 3631 2346 ripam,

2052 2386 2160 2441 qua
2199 2371 2282 2423 vir
2332 2370 2420 2424 ille
2454 2368 2694 2424 ducebat
2729 2406 2744 2430 ,
2777 2367 3067 2422 incedunt.
3094 2368 3306 2422 Pariter
3339 2366 3567 2422 Triballi
3599 2384 3634 2422 e

2053 2463 2276 2533 regione
2333 2463 2579 2517 vicissim
2635 2460 2704 2516 ad
2755 2460 2959 2514 ﬂumen
3007 2455 3357 2530 gradiuntur.
3401 2460 3502 2516 Ubi
3560 2463 3631 2514 ad

2055 2556 2346 2610 transitum
2403 2565 2488 2610 est
2537 2563 2886 2625 perventum,
2938 2553 3164 2608 Triballi
3208 2562 3360 2607 trans
3403 2552 3632 2606 fluvium

2053 2648 2119 2702 ad
2151 2646 2556 2717 prohibendum
2579 2660 2636 2700 se
2658 2645 3025 2710 instruebant,
3051 2652 3108 2699 et
3133 2644 3238 2698 tela
3262 2644 3454 2713 procul
3472 2657 3633 2712 spar-

2053 2738 2278 2810 gebant.
2329 2737 2398 2791 At
2440 2737 2739 2806 imperator
2772 2750 2899 2791 cum
2947 2734 3260 2789 fortissimis
3305 2733 3499 2788 audaci
3529 2733 3638 2786 iat-

2055 2839 2211 2897 pctu,
2244 2827 2688 2897 contemptisque
2719 2826 3069 2895 corporibus,
3102 2824 3360 2879 Triballis
3380 2824 3631 2893 iaculan-

2057 2920 2225 2986 tibus,
2269 2927 2645 2990 quantumque
2679 2927 2936 2989 poterant
2967 2917 3414 2988 prohibentibus,
3450 2927 3633 2972 trans-

2057 3013 2119 3066 iit
2153 3030 2168 3067 :
2211 3026 2353 3083 quos
2393 3012 2581 3067 hostes
2611 3025 2715 3066 nec
2763 3010 2830 3066 ad
2876 3022 3144 3084 punctum
3169 3009 3433 3080 temporis
3465 3009 3636 3064 susti-

366 3096 521 3167 ὁρμῇ
555 3096 894 3168 χρησάμενοι
951 3097 1270 3167 παραϐόλῳ,
1305 3098 1400 3151 καὶ
1431 3099 1699 3167 σωμάτων
1731 3101 1955 3170 ἀφειδή-

2056 3111 2250 3157 nentes
2273 3143 2288 3168 ,
2323 3102 2380 3156 in
2425 3101 2606 3173 fugam
2657 3116 2717 3157 se
2751 3101 3012 3157 omnibus
3042 3100 3231 3156 nervis
3261 3101 3634 3155 tradiderunt.

368 3205 592 3253 σαντες,
633 3189 902 3242 διέϐαινον
965 3188 1291 3259 βαλλόμενοι
1333 3191 1427 3244 καὶ
1469 3191 1842 3261 κωλυόμενοι,
1879 3193 1953 3257 ὡς

366 3279 504 3349 δνῆν
525 3279 629 3332 ὑπὸ
664 3279 774 3332 τῶν
816 3279 1138 3349 Τριϐαλῶνο
1190 3279 1481 3342 διαϐάντας
1539 3280 1597 3333 δὲ
1645 3281 1956 3350 ὑπέμειναν

366 3369 491 3423 οὐδ’
517 3372 608 3423 ἐπὶ
637 3371 834 3440 μικρόν
852 3384 868 3402 ⁶
898 3369 1016 3423 ἀλλ’
1042 3360 1273 3439 ἔφευγον
1304 3375 1638 3440 τραπόμενοι
1659 3373 1802 3424 κατά
1820 3373 1955 3439 κρά-

366 3479 489 3523 τος.
530 3463 787 3524 Βασιλεὺς
811 3461 868 3513 δὲ
893 3459 1001 3513 οὔτ’
1028 3459 1344 3513 ἐπιδιώκειν
1379 3461 1465 3512 sla
1490 3499 1504 3524 ,
1533 3461 1952 3538 obestdmu‘rai-

366 3572 512 3621 νειν,
548 3557 773 3624 ἄγνοιαν
795 3559 894 3628 τῆς
940 3556 1237 3624 ἐπιϐουλῆς
1278 3556 1735 3623 ὑποκρινάμενος.
1772 3556 1957 3610 Ἐϐού-

369 3648 501 3699 λετο
527 3647 636 3716 γὰρ
665 3647 934 3718 μηδεμίαν
955 3646 1148 3716 Κράλῃ
1184 3645 1315 3716 πρὸς
1339 3646 1430 3698 τὸν
1459 3647 1696 3716 πόλεμον
1740 3648 1956 3717 πρόφα-

372 3757 467 3792 σιν
494 3739 778 3811 παρέχειν.
822 3739 886 3792 Ἦ
939 3739 997 3791 δὲ
1035 3738 1172 3808 άλλη
1223 3740 1479 3810 στρατιὰ,
1535 3739 1767 3794 διέϐαινε
1813 3741 1957 3794 κατὰ

373 3831 582 3900 σχολὴν
611 3832 777 3900 μηδὲν
819 3829 1492 3902 ζημιωθεῖσα.’Βασιλεῧς
1543 3831 1600 3885 δὲ
1657 3833 1957 3900 φιλοτίμως

371 3922 758 3994 ἀμειψάμενος
818 3923 907 3976 τὸν
965 3925 1318 3994 ἡγησάμενον
1376 3925 1513 3992 πρὸς
1588 3923 1680 3975 τὸν
1750 3925 1958 3990 πόρον,

373 4017 519 4085 πρὸς
571 4016 835 4086 Βέῤῥοιαν
879 4015 1127 4086 ἐπανῄει,
1179 4014 1383 4077 πολλὰς
1417 4011 1584 4066 αὐτοῦ
1633 4029 1692 4066 τε
1727 4013 1821 4066 καὶ
1857 4015 1958 4084 τῆς

375 4106 645 4174 στρατιᾶς
673 4105 784 4175 τῆς
813 4105 1090 4174 σωτηρίας
1159 4103 1281 4174 Θεῷ
1339 4103 1571 4173 χάριτας
1639 4100 1954 4170 ὁμολογῶν·

373 4199 442 4251 ἐν
504 4196 618 4267 χρῷ
685 4197 797 4266 γὰρ
859 4197 1019 4267 εῐπερ
1071 4196 1204 4250 ποτέ
1266 4197 1609 4265 κατέστησαν
1687 4193 1957 4248 κινδύνους

373 4288 495 4357 Τῆς
549 4289 720 4358 αὐτῆς
779 4289 834 4342 δὲ
897 4288 1112 4359 ἡμέρας
1163 4287 1314 4356 καὶὴ
1373 4289 1436 4339 ἐκ
1469 4285 1688 4357 Θρᾴκης
1719 4287 1812 4338 καὶ
1841 4285 1960 4338 Μα-

2057 3191 2383 3261 Imperator,
2413 3191 2736 3245 insidiarum
2785 3189 3129 3259 ignoratione
3187 3189 3480 3255 simulata,
3528 3204 3637 3244 nec

2055 3280 2269 3351 insequi
2309 3295 2462 3344 suos,
2497 3295 2601 3336 nec
2632 3279 2882 3335 occidere
2911 3278 3184 3350 fugientes
3213 3281 3454 3348 sinebat,
3480 3279 3631 3350 quod

2057 3369 2260 3424 nullam
2291 3368 2437 3425 Crali
2462 3384 2741 3424 armorum
2772 3370 3121 3426 occasionem
3152 3369 3282 3425 dare
3313 3373 3494 3426 vellet.
3522 3371 3636 3426 Re-

2061 3461 2271 3531 liquum
2322 3475 2515 3532 agmen
2573 3461 2872 3532 paulatim,
2918 3468 2974 3517 et
3024 3462 3179 3516 nullo
3245 3477 3371 3536 cum
3429 3460 3638 3518 damno

2060 3553 2348 3610 transibat.
2390 3552 2529 3607 Tum
2573 3552 2872 3624 imperator
2903 3553 3142 3610 indicem
3165 3552 3292 3608 vadi
3333 3553 3636 3610 honor-ilice

2058 3654 2462 3711 remuneratus,
2508 3643 2827 3701 Berrhteam
2871 3660 2930 3701 se
2967 3646 3178 3709 retulit,
3205 3646 3277 3701 ob
3309 3661 3463 3701 suam
3493 3647 3640 3701 mili-

2058 3748 2287 3810 tumque
2317 3739 2548 3794 salutem
2579 3738 2690 3793 Deo
2721 3739 2928 3809 gratias
2953 3753 3160 3808 agens:
3190 3738 3443 3808 periculo
3460 3742 3635 3806 enim,

2057 3828 2103 3883 si
2163 3843 2404 3897 unquam
2465 3827 2637 3892 alias,
2695 3827 2932 3897 proximi
2984 3827 3226 3881 fuerant.
3283 3824 3490 3880 Eodem
3546 3827 3638 3882 die

2057 3918 2222 3973 etiam
2262 3933 2293 3972 e
2343 3917 2575 3972 Thracia
2615 3926 2672 3972 et
2725 3916 3038 3972 Macedonia
3100 3916 3433 3986 conscripti,
3465 3917 3636 3972 simul

2058 4023 2184 4062 cum
2210 4007 2510 4062 claSsiariis
2531 4007 2822 4077 utriusque
2852 4016 3170 4072 armaturae,
3197 4017 3253 4062 et
3277 4007 3456 4063 Persis
3483 4009 3642 4063 auxi-

2056 4100 2234 4163 liariis
2283 4099 2351 4154 ad
2395 4099 2592 4154 Axium
2642 4100 2968 4164 adveniunt,
3000 4099 3389 4171 imperatorem
3418 4115 3640 4170 aggres-

2058 4179 2195 4250 suri.
2247 4192 2422 4259 Quem
2467 4192 2691 4247 [lumine
2722 4194 2957 4249 transito
2993 4192 3308 4247 Bcrrhteam
3353 4207 3638 4247 reversum

2061 4285 2348 4340 audientes
2370 4326 2386 4352 ,
2440 4284 2889 4340 Thessalonicam
2927 4285 3132 4350 maesti,
3165 4283 3312 4353 quod
3348 4282 3527 4339 serius
3560 4281 3639 4335 af-

375 4382 633 4446 κεδονίας
687 4384 914 4453 στρατιά
962 4383 1078 4452 ἅμα
1112 4380 1226 4446 τοῖς
1268 4384 1332 4434 ἐκ
1361 4381 1467 4433 τῶν
1503 4381 1777 4450 τριήρεων
1803 4377 1955 4432 ὁπλί-

2063 4376 2316 4443 fuissent,
2349 4385 2655 4432 retrorsum
2689 4376 2968 4430 abierunt.
3008 4376 3311 4444 Imperator
3339 4383 3454 4429 tum
3476 4389 3506 4427 a
3529 4375 3642 4428 Deo

373 4488 507 4533 ταις
535 4471 628 4524 καὶ
653 4452 850 4540 eam,
889 4472 983 4524 καὶ
1017 4469 1252 4540 Πέρσαις
1283 4472 1393 4532 τοῖς
1429 4470 1764 4538 συμμάχοις,
1821 4468 1955 4537 πρὸς

2070 4484 2130 4523 se
2171 4483 2281 4523 non
2319 4468 2556 4540 negligi,
2599 4466 2946 4522 manifestius
2976 4465 3252 4537 cognovit,
3281 4473 3338 4520 et
3363 4464 3641 4520 Berrhuate

393 4563 606 4629 ’Δξειδν
639 4558 776 4633 ἧκον
827 4564 919 4615 ἐπὶ
965 4561 1209 4631 βασιλέα.
1241 4560 1542 4629 Πυθόμενοι
1578 4559 1636 4612 δὲ
1664 4559 1739 4623 ὡς
1769 4560 1960 4622 διαϐὰς

380 4657 528 4725 πρὸς
557 4656 820 4725 Βέῤῥοιαν
858 4648 1171 4717 ἐπανέλθοι,
1211 4652 1552 4722 ὑπέστρεφον
1590 4654 1671 4715 είς
1691 4651 1961 4705 Θεσσαλο-

375 4746 547 4815 νίκην
583 4744 898 4812 ἀνιώμενοι,
931 4745 1010 4796 ὅτι
1041 4743 1420 4812 ὑστερήσειαν.
1447 4742 1714 4806 Βασιλεύς
1753 4759 1814 4794 τε
1835 4742 1959 4796 τότε

381 4837 594 4908 μᾶλλον
613 4835 1004 4906 ἀκριϐέστερον
1049 4833 1301 4905 συνεώρα
1343 4835 1442 4904 τὴν
1464 4834 1592 4904 περὶ
1636 4833 1798 4888 αὑτὸν
1829 4834 1964 4904 πρό-

377 4943 537 4982 νοιαν
565 4926 663 4980 τοῦ
692 4926 850 4980 Θεοῦ.
895 4925 1050 4978 Ἐπεὶ
1075 4924 1134 4978 δὲ
1176 4926 1394 4992 ἐγένετο
1441 4925 1499 4977 ἐν
1537 4925 1794 4997 Βερῤοίᾳ,
1829 4925 1964 4996 Γερ-

381 5021 596 5091 μανοὺς
627 5019 726 5086 τῆς
752 5020 833 5082 είς
872 5018 1036 5072 αὑτὸν
1068 5018 1282 5078 εὐνοίας
1315 5018 1692 5086 ἀμειψάμενος
1739 5019 1963 5087 εὐεργε-

380 5113 560 5178 σίαν,
593 5112 925 5182 ἀπέπεμπεν
964 5113 1046 5172 εἰς
1089 5109 1344 5179 Κράληψ
1387 5111 1640 5172 καὶτοὺς
1691 5110 1818 5180 περὶ
1864 5110 1963 5180 τὴν

307 5207 314 5224 '
376 5206 643 5259 δάϐασιν
687 5201 894 5268 Ἀξειοῦ
922 5201 1255 5267 κωλύοντας,
1291 5202 1701 5272 προσήγγελλεν
1730 5203 1806 5265 ὡς
1844 5203 1963 5256 ἁδι-

377 5299 689 5367 κήσαντας,
720 5299 814 5351 καὶ
843 5295 998 5362 ππρά
1041 5296 1140 5358 τὰς
1186 5295 1416 5356 σπονδὰς
1464 5295 1716 5357 καὶτοὺς
1767 5296 1964 5366 ὅρκους

377 5386 569 5440 αὐτῶν
607 5388 730 5449 τοὺς
761 5388 838 5448 εἰς
884 5384 1146 5454 ἀλλήλους
1173 5383 1593 5454 εἰργασμένους.
1632 5384 1854 5454 Κράλης
1906 5385 1964 5436 δὲ

377 5477 547 5533 οὔπω
569 5479 817 5548 φανερῶς
843 5477 1402 5548 ἐξενηνεγμένοςπρὸς
1420 5475 1510 5528 τὸν
1525 5475 1777 5545 πόλεμον,
1794 5475 1964 5529 θέλων

380 5571 622 5642 βασιλέα
645 5569 995 5641 θεραπεύειν,
1017 5568 1138 5619 ἐπεὶ
1156 5567 1230 5635 μὴ
1244 5567 1332 5620 διὰ
1347 5567 1443 5636 τῆς
1472 5565 1760 5634 ἐπιϐουλῆς
1779 5566 1967 5635 ἰξεγέ-
1983 5550 1994 5559 ’

378 5678 519 5717 νετο
543 5660 889 5730 διαφθείρειν,
916 5659 966 5711 Μ
978 5657 1206 5726 ποζίκην
1239 5660 1331 5708 καὶ
1356 5657 1626 5723 Στέφανον
1643 5659 1764 5718 τοὺς
1795 5659 1963 5725 ἡγου-

385 5754 598 5825 μένους
618 5750 714 5820 τῆς
747 5751 1002 5818 στρατιᾶς
1023 5750 1236 5818 ἔπεμπε
1274 5747 1405 5820 πρὸς
1443 5746 1688 5816 βασιλέα,
1714 5748 1786 5811 ὡς
1807 5747 1963 5814 δίκας

2063 4557 2362 4613 Germanos
2411 4574 2511 4628 pro
2556 4573 2748 4613 eorum
2790 4558 2845 4612 in
2897 4572 2954 4614 se
3001 4556 3384 4612 benevolentia
3415 4555 3640 4624 congia-

2063 4653 2148 4707 rio
2191 4652 2444 4716 donatos,
2495 4651 2563 4707 ad
2612 4651 2828 4708 Cralem
2875 4651 3088 4705 dimisit
3131 4667 3145 4704 :
3191 4649 3397 4720 quique
3438 4648 3639 4702 Axium

2064 4741 2382 4798 transituris
2405 4741 2774 4808 obstitissent,
2799 4755 2896 4794 eos
2927 4754 3027 4810 pro
3057 4739 3277 4810 injuriis
3303 4737 3642 4806 foederisque

2063 4831 2209 4886 inter
2267 4835 2458 4889 ambos
2505 4833 2704 4888 sanciti
2760 4831 3128 4886 violatoribus
3185 4829 3403 4885 detulit.
3453 4826 3644 4883 Crales

2061 4923 2308 4978 nondum
2336 4931 2526 4994 aperte
2559 4923 2767 4979 bellum
2797 4937 3116 4994 capessens,
3140 4921 3643 4990 imperatoremque

2063 5012 2252 5082 aliquo
2303 5011 2483 5068 officio
2520 5013 2624 5068 sibi
2665 5011 2911 5082 obligare
2942 5011 3156 5074 volens,
3191 5007 3640 5079 quandoquidem

2065 5108 2315 5177 insidia),
2363 5107 2566 5178 quibus
2610 5107 2765 5162 illum
2823 5105 3056 5177 perdere
3105 5102 3471 5164 moliebatur,
3531 5113 3642 5152 non

2062 5209 2466 5272 processerant,
2513 5199 2772 5265 Bozicen,
2815 5209 2869 5254 et
2906 5197 3249 5267 Stephanum
3282 5193 3492 5257 duces,
3523 5206 3641 5259 pae-

2063 5305 2164 5346 nas
2197 5289 2595 5361 improbitatis,
2629 5287 2777 5359 quod
2818 5288 3081 5342 nimirum
3124 5300 3182 5340 se
3213 5282 3489 5337 nesciente
3513 5294 3642 5334 cum

2064 5384 2245 5441 amico
2279 5397 2380 5438 suo
2413 5381 2616 5436 bellum
2641 5390 2916 5452 gererent,
2942 5379 3180 5434 luituros
3210 5375 3276 5430 ad
3302 5388 3427 5430 eum
3459 5381 3644 5426 trans~

2063 5473 2254 5538 misit,
2301 5470 2632 5543 permittens
2673 5479 2734 5525 ut
2783 5485 2947 5540 quam
2995 5468 3200 5522 liberet
3232 5461 3488 5532 supplicii
3513 5477 3612 5517 seu

2070 5562 2301 5619 tentiam
2335 5564 2391 5617 in
2425 5576 2524 5616 cos
2552 5563 2968 5630 pronuntiaret;
3002 5573 3112 5611 non
3143 5554 3290 5610 enim
3320 5569 3501 5620 posse,
3531 5553 3638 5608 nisi

2060 5655 2268 5726 justum
2297 5651 2673 5724 pronuntiare.
2708 5649 2865 5720 551
2895 5649 3105 5715 Quibus
3133 5648 3430 5716 imperator
3453 5647 3642 5703 scelus

2067 5747 2431 5816 exprobrans,
2464 5745 2610 5816 quod
2653 5744 2886 5806 nefaria,
2917 5752 2972 5796 ct
2995 5740 3172 5796 Cralis
3197 5755 3324 5810 erga
3353 5753 3408 5796 se
3443 5739 3639 5794 amici-
