4062 6290
373 330 513 393 1033

1512 327 2060 387 lllSTORIARUM
2104 323 2333 387 LIBER
2380 322 2496 381 IlI.

3491 313 3627 380 1051

372 445 507 509 τῶν.
543 441 679 513 Περὶ
707 443 818 512 ’μὲν
845 442 910 512 δὴ
955 443 1065 496 τῶν
1091 442 1359 496 τοιούτων
1380 483 1394 505 ,
1447 441 1577 493 ἐστι·
1597 441 1947 510 δικαστήριον

2058 444 2192 494 fama
2227 435 2534 492 notissimis
2568 433 2696 489 belli
2731 433 2990 496 ducibus,
3021 447 3217 488 novam
3249 430 3542 501 quamdam
3573 439 3630 483 et

370 537 582 604 ἕτερον,
605 537 706 588 καὶ
723 537 920 607 κριτὴς
940 537 1256 599 ἀδέκαστος,
1285 538 1378 589 καὶ
1409 535 1662 604 φοϐερὸς.
1690 539 1783 588 καὶ
1811 538 1950 605 μάρ-

370 643 532 689 τυρες
559 626 780 693 ἄγγελοι
813 627 1089 681 πάντα-τὰ
1137 627 1491 696 πραττόμενα
1523 626 1620 678 ἀνθ
1632 626 1835 694 pili-net;
1871 626 1948 676 είο

371 713 522 790 δοτες
553 715 828 782 φανερῶς,
879 715 982 768 κᾶν
1025 716 1239 784 μυρίοις
1279 716 1503 782 τοίχοις,
1555 715 1584 782 ἢ
1627 715 1951 782 παραπετά-

376 821 602 868 σμασιν.
626 807 658 873 ἢ
692 804 840 874 ζόφῳ
863 807 1144 875 σκοτεινῷ,
1163 807 1194 876 ἢ
1215 806 1411 877 βαθείᾳ.
1433 805 1948 874 περικαλύπτωνται

373 894 594 966 ὁμίχλῃ,
621 890 802 963 ἐφἠὦν
837 895 975 964 ὑπὲρ
1024 896 1133 948 τῶν
1161 897 1293 964 πρὸς
1329 896 1592 966 ἀλλήλους
1615 894 1949 962 δικασόμεθα

373 987 749 1055 ἀδικημάτων.
819 988 1028 1040 Ἐκεῖνο
1050 988 1118 1039 ’δέ
1172 1005 1263 1058 μοι
1312 989 1412 1057 τῆς
1462 988 1788 1056 θαυμαστῆς
1853 1003 1949 1038 σου

376 1078 712 1149 στρατηγίας
738 1077 921 1132 ἔπεισι
955 1080 1144 1150 γελᾷν,
1167 1081 1249 1133 ὅτι
1271 1079 1481 1142 πάντας
1507 1081 1600 1133 καὶ
1623 1079 1752 1140 τοὺς
1776 1077 1948 1130 πάλαι

377 1167 744 1237 βεδοημένους
781 1169 876 1221 ἐπὶ
915 1170 1276 1238 στρατηγίαις
1328 1169 1539 1238 περιὼν
1563 1169 1770 1237 -καινήν
1804 1185 1948 1232 τινα,

377 1256 472 1307 καὶ
504 1256 817 1323 θαυμασίαν
861 1258 954 1310 καὶ
986 1259 1070 1310 col.
1105 1259 1498 1330 προσήκουσαν
1525 1261 1772 1310 ἐπῖνοιαν
1801 1255 1952 1322 ἐξεῦ-

377 1360 493 1412 ρες,
533 1344 598 1396 δι’
629 1340 696 1418 ἦς
725 1361 811 1397 ⁴σοι
841 1347 949 1398 τῶν
979 1347 1255 1416 πολεμίων
1285 1348 1440 1415 ὀλίγα
1484 1349 1784 1417 πονήσαντι
1812 1364 1949 1414 κρα-

375 1437 491 1487 τεῖν
517 1436 753 1501 ἐξέσται,
804 1439 871 1508 ἢν
917 1441 967 1492 εί
1007 1441 1266 1509 Σκηπίων
1309 1441 1634 1508 ’Δφρικανδς
1683 1434 1779 1490 καὶ
1808 1439 1954 1505 Πομ-

374 1527 534 1596 πήϊος
556 1530 584 1579 6
604 1529 824 1595 Μάγνος
857 1530 950 1583 καὶ
976 1531 1199 1593 Σύλλας,
1217 1533 1312 1584 καὶ
1337 1532 1392 1584 εἴ
1418 1549 1498 1594 τις
1529 1531 1686 1592 ἄλλος
1705 1532 1952 1598 ὑμνεῖται

382 1620 706 1688 στρατηγὸς,
739 1622 943 1691 ᾔδεσαν
1014 1621 1304 1693 Ῥωμαίων
1329 1665 1345 1689 ,
1404 1626 1506 1677 οὐκ
1558 1625 1623 1676 ἂν
1659 1625 1953 1676 ἐκᾶπτοντο

305 1759 308 1762 .
374 1711 572 1776 ταῦτα,
607 1715 700 1766 καὶ
733 1714 959 1780 πολλοὺς
987 1715 1258 1784 ὑπέμενον
1289 1717 1486 1777 πόνους
1525 1715 1620 1768 καὶ
1651 1715 1950 1777 κινδύνους,

373 1802 502 1874 ἔθνη
529 1804 739 1870 μεγάλα
761 1807 856 1858 καὶ
903 1805 1311 1877 πολυάνθρωπα
1337 1806 1848 1874 καταδουλούμενοι.
1886 1805 1949 1857 Εἰ
1981 1793 2022 1846 Β

373 1894 485 1962 γὰρ
505 1893 717 1957 ἐξέσται
739 1912 822 1950 σοι
850 1895 950 1966 τὴν
976 1897 1218 1950 διάνοιαν
1247 1897 1358 1950 τῶν
1387 1897 1660 1968 πολεμίων
1687 1897 1747 1961 ἐξ
1774 1896 1953 1949 αὐτῶν

375 1984 835 2054 καταμανθάνειν,
894 1988 1054 2052 αὑτός
1101 2005 1163 2041 τε
1221 1989 1491 2058 ἀήττητος
1556 1989 1718 2058 μέχρι
1753 1989 1954 2048 παντὸς

374 2073 665 2140 διαμενείς,
690 2075 784 2126 καὶ
813 2074 912 2143 τὴν
944 2075 1234 2145 Ῥωμαίων
1257 2077 1532 2146 βασιλείαν
1555 2079 1656 2130 οὐκ
1693 2079 1748 2130 ἐν
1777 2077 1956 2145 πολλῷ

373 2164 454 2233 τῷ
487 2164 664 2233 χρόνῳ
708 2166 952 2236 μεγάλην
991 2169 1114 2220 τινὰ
1148 2169 1243 2219 καὶ
1281 2169 1592 2235 θαυμασίαν
1625 2168 1950 2232 ἀποδείξεις,

375 2253 567 2324 ὥσπερ
595 2255 659 2324 δὴ
687 2259 778 2307 καὶ
826 2260 1019 2316 ποιεῖς.
1061 2258 1212 2310 Ἔδει
1252 2260 1350 2328 μὲν
1393 2255 1488 2311 οὖν
1519 2259 1656 2326 πρὸς
1683 2261 1955 2329 τοσαύτην

378 2346 585 2400 ἄνοιαν·
597 2348 804 2418 μηδένα
842 2350 1108 2403 ποιεῖσθαι
1147 2351 1324 2418 λόγον.
1361 2350 1501 2419 Ἐγὼ
1524 2351 1582 2404 δέ
1626 2369 1708 2405 σοι
1731 2356 1830 2421 τὴν
1862 2355 1958 2423 ἁρ-

374 2441 540 2509 χαίαν
593 2441 747 2504 τάξιν
801 2442 1010 2512 τηρῶν,
1054 2444 1148 2496 καὶ
1185 2443 1546 2514 χαριζόμενος
1595 2445 1651 2497 ἐν
1683 2446 1874 2509 πᾶσιν,
1907 2445 1955 2497 εί

379 2533 632 2601 μέλλοιμι
686 2535 782 2586 καὶ
827 2529 990 2597 αὖθις
1029 2534 1132 2604 τῆς
1187 2535 1509 2606 εὐεργεσίας
1546 2535 1782 2605 ἀμοιϐὰς
1834 2537 1955 2596 ταῖς

378 2623 641 2694 πρότερον
661 2624 852 2692 ὁμοίας
876 2625 1152 2695 δέχεσθαι,
1171 2625 1270 2698 τὴν
1287 2629 1442 2696 ἐμὴν
1466 2626 1710 2680 διάνοιαν
1743 2628 1956 2696 ποιήσω

379 2717 642 2784 φανεράν.
689 2716 832 2784 Ἐγὼ
861 2717 1071 2788 νομίζω
1102 2719 1252 2771 οὐδὲν
1285 2714 1427 2771 εἷναί
1481 2737 1565 2774 σοι
1601 2720 1954 2773 σπουδαιότε-

381 2825 472 2876 ρον
503 2810 596 2862 καὶ
641 2808 804 2875 λόγου
853 2810 1474 2881 ἀξιώτερονλπολλοῦ,ἣ
1531 2812 1626 2866 τοῦ
1674 2813 1809 2883 πρὸς
1855 2813 1957 2882 ἐμὲ

377 2895 638 2964 πολέμου.
671 2897 852 2967 Τριῶν
894 2898 950 2951 δὲ
995 2899 1164 2953 ὄντων
1206 2895 1287 2963 οἷς
1321 2903 1386 2955 ἄν
1441 2919 1525 2965 τις
1555 2904 1955 2972 ἐπιχειρήσειε.

380 2987 586 3042 τούτων
632 2989 784 3042 οὐδὲν
810 2989 1089 3060 οἵομαισοὶ
1120 2991 1442 3050 λυσιτελεῖν.
1492 2993 1559 3046 Ἦ
1602 2995 1709 3064 γὰρ
1743 2997 1821 3058 είς
1854 2997 1957 3048 Bu-

379 3079 592 3178 ζάντιον
619 3082 834 3178 ανάγκη
863 3078 1251 3154 ἀναστρέφειν,
1284 3087 1317 3157 ἢ
1368 3089 1554 3156 μένειν
1604 3091 1661 3140 ἐν
1690 3089 1958 3144 Θεσσαλο-
1985 3121 2026 3178 c

377 3171 587 3242 νίκῃ,ἤ
625 3172 782 3244 ἥκειν
833 3175 970 3244 πρὸς
1005 3176 1103 3244 ἐμὲ
1157 3179 1522 3248 μαχούμενον.
1572 3177 1680 3231 Τοῦ
1715 3181 1816 3254 μὲν
1864 3177 1957 3232 οὖν

376 3259 615 3315 τοσαῦτα
640 3263 901 3331 χρήματα
930 3265 1270 3330 ἀναλωκότα,
1307 3269 1400 3321 καὶ
1437 3268 1608 3322 πολλᾶ
1635 3271 1958 3339 φυσήσαντα

381 3353 474 3406 καὶ
506 3355 977 3424 νεανιευσάμενον,
1008 3359 1103 3410 καὶ
1133 3356 1232 3427 τὴν
1287 3357 1578 3429 Ῥωμαίων
1610 3363 1792 3415 πᾶσαν
1815 3363 1958 3431 ’ἡγε-

383 3447 573 3514 μονίαν
609 3449 1040 3518 συγκυκήσαντα
1094 3452 1247 3521 παρᾶ
1271 3451 1526 3505 τοσοῦτον
1581 3455 1749 3520 ἐγγὺς
1782 3454 1959 3508 ἐλθεῖν

383 3542 492 3594 τῶν
547 3543 862 3612 πολεμίων,
902 3545 1099 3598 ἔπειτα
1152 3545 1343 3614 ὥσπερ
1411 3547 1808 3616 ἐπιλαθόμενον
1849 3548 1960 3602 τῶν

384 3634 614 3701 κόμπων
640 3636 748 3688 τῶν
791 3636 1098 3705 προτέρων,
1132 3640 1315 3700 κεναῖς
1342 3628 1750 3708 ἐπανέρχεσθαι
1780 3640 1959 3710 χερσὶ,

386 3725 522 3794 μηδέ
557 3725 684 3778 θέαν
736 3727 868 3794 γοῦν
919 3727 1028 3780 τῶν
1083 3729 1360 3798 πολεμίων
1421 3730 1812 3798 ὑπομείναντα,
1865 3732 1961 3784 καὶ

380 3818 556 3871 ταῦτα
587 3821 846 3889 στρατιὰν
874 3821 1077 3886 ἄγοντα
1108 3821 1312 3888 πολλὴν
1343 3825 1440 3876 καὶ
1471 3823 1704 3890 ἀγαθὴν,
1732 3823 1960 3878 καὶτῶν

385 3908 662 3976 πιλεμίων
699 3910 1104 3976 πολλαπλασίω,
1135 3913 1287 3966 οὐδὲν
1332 3912 1400 3967 ἂν
1434 3914 1520 3986 εἴη
1557 3915 1961 3981 καταγελαστό-

380 4017 562 4070 τερον,
589 4000 708 4054 οὑδέ
737 4001 940 4070 μᾶλλον
962 4002 1179 4067 ἀδοξίαν
1199 4004 1262 4057 οὐ
1296 4005 1593 4073 Ῥωμαίοις
1615 4004 1793 4072 οἰσονέ
1823 4008 1966 4058 ἐκεῖ-

385 4111 466 4145 νοι
497 4093 604 4161 γὰρ
626 4095 714 4144 ἀεὶ
741 4097 978 4160 γενναῖοι
1013 4097 1150 4164 πρὸς
1171 4095 1269 4158 τὰς
1300 4095 1499 4164 μάχας,
1520 4097 1613 4148 καὶ
1640 4096 1962 4166 τόλμηςνκαὶ

383 4185 646 4254 εὐψυχίας
681 4185 831 4238 οὐδὲν
859 4187 1221 4250 ἐλλείποντες,
1256 4187 1392 4239 ἀλλὰ
1417 4189 1500 4239 σοὶ
1531 4185 1610 4257 τῷ
1640 4189 1958 4259 στρατηγῷ,

385 4277 482 4328 καὶ
515 4278 713 4338 πάντες
756 4277 918 4339 εὐθὺς
968 4277 1028 4330 τὸ
1071 4278 1315 4348 Χαϐρίου
1361 4277 1456 4330 τοῦ
1507 4278 1616 4332 τῶν
1659 4278 1960 4348 ’Δθηναίων

379 4371 698 4439 στρατηγοῦ
750 4371 989 4438 ἐροῦσιν,
1038 4370 1114 4432 ὼς
1142 4371 1518 4441 φοϐερώτερόν
1547 4372 1696 4426 ἐστιν
1747 4372 1960 4440 ἐλάφων

2051 529 2334 589 eximiam,
2369 526 2582 594 tibique
2605 524 3030 578 convenientem
3060 523 3332 576 rationem
3353 536 3632 575 commen-

2053 629 2140 673 tus
2172 636 2252 682 es,
2291 635 2398 688 qna
2433 633 2602 687 parvo
2629 618 2815 671 labore
2849 617 3136 670 victoriam
3163 615 3230 668 de
3269 614 3519 667 hostibus
3547 629 3632 666 re-

2052 712 2236 776 feras;
2289 726 2453 778 quam
2520 709 2566 763 si
2615 711 3006 777 cognovissent
3062 708 3247 776 S-ipio
3305 704 3629 766 Africanus,

2049 795 2344 868 Pompeius
2398 802 2620 870 Magnus
2646 852 2659 875 ,
2705 801 2852 856 Sulla
2875 844 2888 864 ,
2923 811 2978 854 et
3022 801 3110 868 qui
3175 808 3438 868 praetcrea
3469 813 3499 851 e
3526 798 3632 849 du-

2051 897 2208 950 cibus
2239 896 2499 948 Romanis
2529 895 2916 964 praedicantur,
2963 908 3069 946 non
3103 892 3240 944 adeo
3271 900 3443 946 semet
3485 889 3636 942 defa-

2053 988 2313 1059 tigassent
2361 1006 2373 1040 :
2420 1002 2522 1040 nec
2569 987 2623 1039 in
2683 986 2891 1049 magnis
2937 1000 3000 1038 ac
3045 985 3328 1052 populosis
3377 983 3633 1050 gentibus

2053 1077 2376 1148 subigendis
2400 1117 2415 1140 ,
2475 1087 2558 1132 tot
2599 1083 2657 1132 et
2691 1087 2798 1130 tam
2835 1075 3178 1146 periculosos
3212 1075 3431 1128 labores
3467 1087 3662 1130 exan-.

2058 1172 2308 1225 tlassent.
2343 1171 2402 1224 Si
2427 1171 2575 1224 enim
2613 1169 2851 1224 hostium
2881 1183 3040 1223 sensa
3065 1184 3131 1222 ex
3158 1169 3294 1238 ipsis
3315 1165 3506 1222 licebit
3533 1165 3630 1220 tibi

2052 1263 2372 1332 percipere,
2417 1271 2474 1315 et
2523 1271 2580 1315 tu
2627 1261 2870 1314 invictus
2911 1276 3129 1329 semper
3153 1260 3285 1322 eris,
3315 1267 3370 1311 ct
3398 1256 3633 1311 Romani

2054 1355 2272 1422 imperii
2307 1355 2573 1408 terminos
2605 1369 2667 1406 ac
2699 1354 3037 1419 maiestatem
3069 1351 3221 1405 brevi
3256 1361 3505 1420 tempore
3534 1349 3633 1402 ad-

2055 1443 2386 1497 mirabiliter
2431 1443 2684 1508 proferes
2736 1441 3112 1511 augebisque,
3168 1438 3636 1509 quemadmodum

2053 1544 2110 1588 et
2159 1548 2305 1587 nunc
2353 1533 2489 1586 facis
2519 1532 2800 1586 videlicet.
2829 1531 3133 1599 Oportebat
3164 1531 3329 1600 igitur
3358 1529 3425 1582 ad
3458 1529 3637 1582 istanc

2054 1618 2342 1680 stultitiam
2392 1635 2539 1679 tuam
2581 1642 2682 1679 nec
2721 1626 2953 1679 verbum
3007 1623 3366 1692 respondere.
3409 1623 3523 1692 Ego
3555 1632 3640 1676 ta-

2057 1733 2184 1772 men
2240 1717 2536 1784 pristinum
2576 1715 2678 1769 tibi
2719 1716 2902 1769 locum
2949 1730 3198 1776 servans,
3245 1725 3298 1767 et
3323 1713 3638 1782 gratiﬁcans

2056 1807 2111 1861 in
2156 1806 2436 1864 omnibus.
2471 1806 2518 1858 si
2555 1819 2786 1857 rursum-
2807 1819 2908 1873 pro
2937 1803 3209 1857 beneﬁcio
3245 1818 3404 1872 pares
3437 1803 3641 1871 priori-

2057 1898 2161 1952 bus
2204 1897 2407 1966 gratias
2452 1903 2777 1964 exspectare
2827 1897 3020 1958 debeo,
3075 1896 3640 1964 cogitationcs'meas

2056 2001 2110 2045 te
2144 2007 2250 2045 non
2287 1992 2500 2046 celabo.
2528 1990 2796 2060 Equidem
2835 1990 2977 2043 bello
3005 1996 3201 2043 contra
3237 2003 3345 2052 me,
3375 1988 3511 2041 nihil
3541 1986 3643 2042 abs

2059 2090 2110 2134 te
2137 2082 2442 2136 studiosius
2471 2083 2679 2150 expeti,
2715 2081 2854 2135 nihil
2892 2079 3030 2134 tanti
3064 2079 3163 2132 abs
3193 2087 3246 2132 te
3274 2079 3390 2132 licri
3417 2077 3636 2147 opinor.

2056 2174 2191 2247 Cum
2241 2188 2406 2242 porro
2454 2175 2557 2226 tria
2608 2173 2738 2233 sint,
2781 2187 2904 2241 qua:
2951 2171 3144 2234 facias,
3188 2185 3378 2224 eorum
3428 2169 3637 2222 nullum

2059 2265 2368 2318 rationibus
2397 2265 2509 2318 tuis
2540 2265 2855 2319 conducere
2891 2271 3094 2317 statuo.
3123 2264 3229 2315 Aut
3257 2261 3402 2315 enim
3432 2261 3641 2331 Byzan-

2059 2359 2195 2410 tium
2215 2357 2428 2411 reverti
2455 2372 2683 2411 necesse
2705 2365 2807 2418 est,
2841 2365 2937 2409 aut
2963 2370 3184 2408 manere
3205 2353 3637 2416 Thessalonicze,

2054 2458 2154 2501 aut
2189 2463 2400 2502 mecum
2451 2447 2620 2501 armis
2651 2442 2955 2501 decertare.
2995 2445 3132 2499 Eum
3175 2444 3361 2511 igitur,
3393 2442 3485 2511 qui
3524 2450 3642 2495 tan-

2059 2549 2168 2595 tam
2194 2541 2440 2610 pecuniae
2463 2541 2577 2594 vim
2610 2538 2968 2609 impenderit,
2997 2537 3094 2606 qui
3119 2535 3520 2591 tanta'inilatus
3551 2548 3644 2588 su-

2058 2633 2248 2702 perbia
2294 2643 2404 2686 tam
2449 2631 2776 2702 iuveniliter
2824 2629 3147 2692 exsultarit,
3190 2627 3285 2697 qui
3327 2636 3501 2681 totum
3529 2626 3642 2681 Ro—

2061 2739 2283 2777 manum
2326 2724 2622 2792 imperium
2669 2723 3260 2800 permiscueritatque
3303 2717 3640 2788 coniuxterit,

2061 2823 2168 2869 tam
2221 2829 2390 2884 prope
2447 2815 2514 2869 ad
2568 2815 2758 2870 hostes
2806 2813 3150 2869 accessisse:
3197 2811 3395 2866 deinde
3440 2808 3646 2879 prioris

2056 2907 2332 2978 iactantia:
2354 2908 2508 2962 velut
2533 2907 2792 2972 oblitum,
2815 2906 3006 2960 vacuis
3035 2904 3290 2958 manibus
3312 2905 3638 2962 recessisse.

2061 3015 2164 3054 nec
2214 3009 2496 3068 aspectum
2546 3001 2740 3054 saltem
2798 2999 3043 3052 hostium
3092 2979 3426 3067 pertulisse,
3477 2993 3646 3064 idque

2063 3093 2356 3146 ducentem
2400 3092 2708 3147 exercitum
2740 3091 3087 3159 frequentem
3119 3104 3182 3142 ac
3207 3087 3556 3151 bellicosum,
3585 3093 3643 3140 et

2061 3185 2248 3238 hostili
2291 3185 2466 3238 multo
2520 3183 2985 3245 numerosiorem,
3038 3181 3174 3234 nihil
3220 3181 3324 3234 hoc
3366 3179 3538 3248 magis
3563 3179 3639 3232 ri-

2058 3277 2336 3343 dendum;
2391 3291 2573 3345 neque
2632 3274 2780 3328 aliud
2831 3273 3044 3327 nomini
3099 3272 3471 3326 Romanorum
3533 3281 3640 3323 tam

2060 3366 2484 3434 igpominiosum
2531 3365 2649 3422 ﬁeri
2696 3372 2877 3434 potest
2927 3381 2942 3419 :
2997 3377 3231 3431 quorum
3271 3377 3490 3430 semper
3539 3363 3644 3416 fuit

2061 3385 2075 3421 I
2131 3383 2484 3420 tomnnosum
2531 3383 2649 3422 neri
2696 3383 2877 3434 ροεθει
2927 3383 2942 3419 :
2997 3383 3231 3431 quorum
3271 3383 3490 3430 semper
3539 3383 3644 3416 ιιιιι

2059 3383 2504 3525 ἃριιεηαηάυιη
2533 3469 2853 3526 generosus,
2885 3451 3295 3522 imperterritus
3315 3461 3370 3505 ct
3392 3452 3645 3505 excelsus

2059 3547 2300 3601 animus.
2327 3545 2528 3600 Verum
2556 3547 2657 3600 tibi
2688 3555 2798 3600 tam
2819 3537 3047 3615 egregio
3071 3545 3200 3599 duci
3233 3555 3424 3598 omnes
3451 3542 3639 3597 statim

2059 3639 2194 3694 illud
2237 3639 2492 3695 Chabrias
2532 3637 2933 3695 Athenensium
2982 3638 3332 3708 imperatoris
3366 3637 3639 3695 occinent,

2063 3732 2560 3788 formidabiliorem
2608 3746 2731 3786 esse
2789 3745 3086 3786 cervorum
3125 3732 3449 3786 exercitum
3503 3727 3644 3782 duce

2061 3824 2252 3884 leone.
2295 3837 2459 3892 quam
2496 3823 2720 3876 leonum
2765 3835 2932 3876 cervo
2986 3821 3126 3875 duce
3179 3819 3316 3890 (22).
3367 3819 3464 3873 Sin
3496 3817 3642 3887 apud

2062 3913 2510 3966 Thessalonicam
2558 3911 2805 3965 residere
2846 3909 3197 3978 praeoptabis,
3241 3909 3478 3978 primum
3521 3908 3645 3977 qui-

2061 4001 2188 4056 dem
2227 3999 2358 4068 quid
2383 4015 2452 4053 ex
2475 4001 2580 4053 ista
2606 3998 3132 4053 commemoratione
3160 3995 3499 4054 lucrifacias.
3531 4013 3641 4052 non

2063 4095 2338 4163 intelligo.
2382 4093 2612 4148 Accedit
2647 4093 3022 4162 impensarum
3061 4091 3390 4160 ingentium,
3427 4089 3493 4143 ad
3521 4098 3644 4143 tan-

2064 4197 2172 4241 tam
2228 4183 2632 4238 multitudinem
2655 4222 2670 4247 ,
2709 4196 2944 4251 eamque
2984 4182 3232 4236 navalem
3263 4180 3516 4234 alendam
3548 4194 3648 4233 ne-A

2061 4277 2310 4340 cessitas,
2339 4274 2500 4345 553
2531 4288 2696 4344 quam
2725 4275 2795 4329 de
2826 4273 3047 4342 publico
3083 4273 3156 4327 ali
3187 4271 3646 4342 oportebitJtent

2062 4386 2094 4425 e
2122 4368 2407 4440 Byzantio,
2453 4377 2510 4421 et
2558 4365 2770 4435 reliqua
2819 4363 3078 4431 Thracia,
3137 4364 3513 4424 continentis,
3559 4363 3644 4416 in-

388 4463 748 4531 στρατόπεδον
776 4463 1080 4530 ἡγουμένου
1107 4463 1344 4527 λέοντος,
1390 4463 1422 4534 ἢ
1466 4463 1698 4518 λεόντων
1720 4463 1958 4535 ἡγουμέ-

2062 4475 2261 4529 quam,
2309 4459 2582 4514 militibus
2633 4457 2990 4513 mercenariis
3030 4456 3354 4527 permultis,
3397 4471 3498 4510 nec
3534 4469 3649 4515 non

385 4572 478 4608 νου
507 4554 728 4622 ἐλάφου.
764 4555 824 4606 Εἰ
850 4555 906 4607 δὲ
947 4554 1128 4622 μένειν
1156 4555 1213 4608 ἐν
1265 4554 1636 4627 Θεσσαλονίκῃ
1669 4556 1956 4628 διανοήσῃ,

388 4645 606 4715 πρῶτον
630 4647 726 4714 μὲν
751 4645 813 4696 τὸ
836 4646 1021 4714 κέρδος
1053 4648 1148 4714 οὐχ
1175 4645 1288 4715 ὁρῶ
1317 4646 1744 4716 τῆςδιατριϐῆς.
1776 4647 1964 4700 Ἐπει-

385 4755 456 4790 τα
524 4738 776 4806 μεγάλων
833 4737 1205 4803 ἀναλωμάτων
1260 4739 1450 4808 χρείας
1493 4739 1631 4806 πρδς
1688 4737 1960 4807 τοσαύτην

389 4833 674 4900 στρατιὰν.
703 4833 800 4885 καὶ
829 4829 1000 4882 ταῦτα
1041 4830 1322 4900 ναυτικὴν,
1349 4832 1414 4901 ἣν
1441 4835 1505 4883 ἐκ
1537 4833 1647 4882 τῶν
1682 4829 1962 4898 δημοσίων

385 4922 684 4992 τρέφεσθαι
719 4923 956 4990 ἀνάγκη.
980 4923 1088 4975 Καὶ
1108 4924 1202 4990 τῆς
1236 4923 1593 4994 ὴπειρώτιδος
1614 4925 1670 4976 δὲ
1702 4923 1964 4992 στρατιᾶς

391 5018 516 5078 τοὺς
545 5017 610 5069 ἐκ
666 5015 962 5080 Βυζαντίου
1012 5017 1106 5068 καὶ
1145 5015 1243 5079 τῆς
1275 5017 1442 5086 ἄλλης
1483 5016 1706 5087 Θράκης
1737 5018 1964 5086 τρέφειν

374 5109 602 5175 ιῑεήσει·
642 5109 1004 5176 μισθοφόρους
1047 5123 1106 5159 τε
1136 5107 1234 5159 odi.
1268 5109 1482 5176 ὀλίγους
1504 5109 1664 5171 ὄντας
1693 5109 1788 5161 καὶ
1832 5110 1962 5171 τοὺς

401 5197 431 5252 ἱ
461 5197 604 5258 λονς,
639 5198 702 5250 ἂν
732 5197 841 5249 τῶν
867 5198 1056 5250 οίκιῶν
1088 5198 1193 5262 ἔξω
1215 5200 1400 5266 χρόνον
1419 5199 1740 5268 διατρίϐωσι
1768 5199 1956 5252 πολύνο

384 5289 428 5356 ’ξ
454 5288 1012 5357 κατεξαναστῆσονταί
1045 5307 1140 5342 σου
1165 5290 1260 5353 ·ώς
1282 5291 1458 5342 ἑκοντὶ
1475 5290 1809 5360 ’βουλομένου
1843 5291 1874 5344 δ
1899 5310 1959 5345 α-

411 5378 668 5448 ιϋείρειν·
707 5378 738 5447 ἢ
774 5381 835 5431 τά
877 5395 938 5444 γε
989 5381 1233 5448 δεύτερα,
1270 5380 1335 5431 ἂν
1391 5382 1584 5450 μέτρια
1621 5382 1960 5452 δοκιμάἶωδι

2060 4553 2204 4614 aliis,
2261 4551 2360 4606 sed
2411 4551 2623 4606 diutius
2681 4566 2713 4604 a
2763 4549 2992 4606 sedibus
3037 4548 3158 4602 suis
3192 4543 3534 4610 'abfuerint,
3574 4546 3645 4600 de

2063 4647 2209 4700 victu
2265 4643 2666 4713 providendum
2709 4641 2819 4698 erit
2849 4660 2862 4696 :
2896 4641 3104 4711 alioqui
3144 4639 3436 4694 adversum
3469 4647 3543 4699 te,
3584 4649 3646 4692 ut

2061 4750 2159 4790 eos
2187 4735 2419 4804 perdere
2447 4733 2721 4788 volentem
2749 4733 3053 4800 insurgent,
3079 4741 3176 4784 aut
3195 4739 3347 4784 certe
3373 4728 3416 4782 si
3453 4728 3643 4794 mitius

2061 4830 2298 4900 egerint,
2322 4827 2543 4882 deserto
2573 4836 2627 4881 te
2656 4825 2910 4888 abibunt,
2945 4825 3198 4878 sacculos
3230 4824 3424 4880 inanes
3445 4831 3642 4876 esten-2

2065 4927 2267 4984 tantes,
2290 4929 2347 4974 et
2377 4927 2676 4988 egestatem
2707 4932 2820 4986 pra:
2851 4932 2909 4970 se
2942 4917 3202 4971 ferentes.
3230 4916 3341 4971 Nec
3374 4919 3516 4970 istuc
3544 4930 3639 4970 so.-

2061 5013 2200 5077 Ium,
2243 5011 2340 5066 sed
2383 5011 2609 5080 insuper
2652 5009 2979 5064 Macedones
3019 5019 3076 5065 et
3123 5009 3645 5069 Thessalonicensis

2063 5105 2267 5174 singuli
2317 5104 2608 5171 stipendia.
2662 5112 2718 5157 et
2764 5103 3023 5157 donativa
3056 5102 3404 5170 ﬂagitabunt,
3433 5117 3554 5171 qua:
3585 5103 3640 5165 in

2068 5195 2300 5249 militem
2351 5193 2686 5248 distribuere
2727 5193 2955 5247 Romani
2987 5195 3331 5262 principatus
3362 5195 3638 5262 guberna-

2069 5297 2244 5342 torem
2279 5301 2493 5356 a‘quutn
2533 5297 2635 5339 est.
2679 5285 3008 5338 AdCralem
3060 5284 3285 5354 insuper
3319 5295 3509 5338 contra
3548 5297 3636 5337 nte

2059 5379 2454 5434 concitandum
2497 5379 2682 5433 multis
2711 5378 3033 5432 muneribus
3065 5389 3122 5434 ct
3151 5377 3398 5446 pecuniis
3422 5375 3634 5445 indiges

1640 5535 1858 5597 Jacobi
1893 5535 2156 5597 [’ontaui
2191 5545 2377 5598 notua.

465 5651 576 5720 (22)
627 5651 923 5731 lloedicto
974 5665 1231 5731 quantum
1284 5657 1336 5709 in
1375 5667 1573 5731 virtute
1635 5653 1788 5713 ducis
1849 5660 2013 5713 situm
2071 5659 2336 5720 videatur,
2389 5659 2647 5731 prxclare
2698 5652 3030 5712 ostenditur.
3086 5657 3196 5713 Leo
3255 5654 3631 5728 fortitudinis,

391 5739 592 5778 cervus
635 5724 942 5779 timiditatis
973 5726 1279 5794 symbolum
1337 5739 1432 5782 seu
1462 5728 1956 5801 liicroglyphicutn.
