4062 6290
356 355 496 423 1057

1492 367 2034 434 HISTORIARUM
2091 374 2325 438 LIBER
2371 379 2490 442 lli.

3493 389 3632 455 ιοετε

349 477 619 548 εἰρημένα
647 478 976 551 ἐδυσχέρανε
1025 483 1127 553 μὲν
1154 484 1409 552 ιπιπολίι,
1453 487 1555 558 τὴν
1576 490 1813 556 ἀπορίαν
1841 486 1928 557 ηδτ

2051 489 2346 561 periuique
2405 496 2555 562 tulit,
2607 496 2796 554 videns
2841 500 3077 569 ipsemet
3128 501 3332 571 quibus
3387 504 3632 574 undique

349 570 444 622 καὶ
479 570 641 635 αὐτὸς
658 571 759 642 τὴν
793 574 1129 644 πανταχόθεν
1157 578 1422 648 συνορῶν.
1453 579 1644 649 Ὅμως
1674 582 1785 634 τιῖρν
1813 584 1944 653 περὶ

349 664 516 716 αὐτὸν
548 667 676 728 τοὺς
717 663 952 735 μάλιστα
979 668 1039 720 ιν
1065 668 1210 739 λόγῳ
1259 672 1610 742 συναγαγὼν,
1648 673 1746 726 καὶ
1764 675 1984 758 πάντα.γ

349 753 558 824 ῐκφορα
584 756 814 828 θέμενος
843 761 983 813 ὃσαό
1003 761 1260 832 βασιλεὺς
1279 763 1618 835 διαλεχθείη,
1640 768 1943 838 ὲπέτρεπεν

347 847 583 902 ἕκαστον
614 849 643 904 δ
676 867 728 903 τι
772 850 840 904 ἂν
864 852 994 923 δοκῇ
1026 855 1296 907 συνοίσειν
1359 855 1561 925 λέγειν.
1607 858 1673 910 Oi
1711 859 1811 927 μὶν
1845 855 1942 912 οὖν

349 936 524 1004 ἄλλοι,
579 941 675 992 καὶ
737 941 870 1010 πρὶν
940 944 1396 1015 Καντακουζηνδν
1435 947 1646 1016 ἔφασαν
1706 949 1937 1005 τοιαῦτα

350 1028 654 1098 εἰρηκέναι,
686 1031 883 1094 αὐτοὺς
931 1034 1070 1102 πρὸς
1096 1034 1363 1105 ἀλλήλους
1407 1041 1539 1108 περὶ
1566 1031 1643 1093 ὧι
1678 1042 1941 1108 πράττειν

350 1118 469 1172 δέον
515 1123 630 1173 νυνὶ
673 1121 1147 1193 βουλευομένοδς,
1189 1128 1328 1198 πρὸς
1377 1130 1478 1198 τὴν
1527 1130 1654 1201 ίσην
1703 1125 1942 1203 ἀπορίαν

354 1212 695 1282 πανταχόθεν
713 1213 966 1282 ἄγεσθαι.
991 1217 1208 1271 Πολλῶν
1233 1220 1340 1290 γὰρ
1374 1220 1755 1292 ἀναλωμάτων
1780 1227 1941 1294 χρεία

353 1305 489 1376 πρὸς
512 1305 794 1378 τοσαύτην
851 1312 1114 1380 στρατιὰν
1148 1317 1244 1364 καὶ
1279 1312 1424 1367 οὕτω
1461 1315 1857 1381 πολυδάπανον,
1890 1322 1940 1373 εί

356 1397 649 1466 μέλλοιμεν
688 1399 926 1454 ἐνταῦθα
951 1403 1364 1476 διακαρτερεῖν
1398 1407 1538 1476 πρὸς
1585 1407 1620 1462 ἃ
1653 1412 1748 1461 οὐκ
1783 1412 1939 1482 ἐξαρ-

355 1489 540 1543 κέσειν
564 1490 633 1544 τὰ
673 1491 829 1545 κοινὰ
854 1494 990 1563 ἡμῖν
1027 1497 1288 1566 χρήματα
1330 1498 1577 1567 οἰόμεθα.
1617 1503 1939 1573 Μονομσὶχος

352 1581 410 1634 δὲ
444 1583 473 1634 ὁ
497 1583 668 1652 μέγας
709 1584 1068 1650 κονοσταῦλος
1092 1589 1393 1660 συνέσειλτε
1422 1592 1530 1646 τῶν
1564 1593 1738 1648 ἄλλων
1773 1597 1940 1666 ὑπερ-

353 1673 516 1743 έχων,
551 1676 644 1728 καὶ
675 1675 810 1744 πρὸς
871 1681 1177 1749 στατηγίας
1207 1682 1426 1747 οὐδενὸς
1454 1684 1778 1756 λειπόμενος
1829 1690 1938 1742 τῶν

351 1767 494 1832 τότε,
533 1768 628 1821 καὶ
653 1767 742 1822 διὰ
763 1770 941 1825 ταῦτα
976 1773 1069 1825 καὶ
1093 1776 1550 1844 παρὰοβασιλέως
1592 1781 1933 1850 Ἀνδρονίκου

352 1857 560 1928 πολλῆς
587 1858 881 1914 ἀπολαύων
911 1863 1222 1931 εὐμενείας,
1247 1869 1339 1918 καὶ
1374 1867 1582 1922 πόλεων
1609 1869 1930 1942 διοικήσεις,

351 1947 448 1999 καὶ
501 1951 881 2020 στρατοπέδων
918 1955 1218 2024 ἡγεμονίας
1273 1959 1664 2030 πιστευόμενος
1711 1965 1819 2027 ἀεὶ,
1859 1963 1933 2018 Τὸ

350 2039 684 2107 κολακείαις,
705 2039 962 2111 εἷπε,.κα“ι
985 2049 1224 2113 ἀπάταις
1242 2051 1496 2120 χρῆσθαι,
1526 2054 1619 2107 καὶ
1645 2055 1804 2126 ἔτερα
1833 2057 1932 2126 μὲν

352 2137 570 2203 φρονεῖν
599 2134 728 2206 περὶ
759 2135 868 2190 τῶν
899 2139 1266 2209 πραγμάτων,
1304 2141 1439 2194 ἄλλα
1469 2143 1528 2196 δὲ
1557 2143 1735 2213 λέγειν
1771 2165 1930 2219 χαρι-

352 2224 580 2296 ζόμενον
604 2230 714 2292 τοῖς
767 2228 1047 2300 ἄρχουσιν,
1087 2232 1146 2284 οὐ
1197 2232 1356 2301 μόνον
1395 2234 1638 2302 ἀγεννῶν
1663 2241 1755 2290 καὶ
1810 2243 1930 2293 ἀνε-

349 2319 630 2393 λευθέρων
687 2318 828 2376 εἶναι
858 2325 1117 2394 νενόμικα
1145 2325 1453 2398 ἀνθρώπων
1471 2368 1487 2394 ,
1514 2330 1651 2385 ἀλλὰ
1697 2333 1791 2384 καὶ
1817 2337 1930 2397 τοῖς

351 2413 642 2484 πράγμασι
656 2415 724 2467 τὰ
755 2413 960 2486 ἔσχατα
989 2415 1370 2486 λυμαίνεσθαι.
1413 2420 1602 2475 Πολλοὶ
1630 2423 1759 2491 γοῦν
1801 2425 1931 2478 Ῥω-

352 2506 531 2575 μαίων
565 2507 658 2558 καὶ
691 2505 930 2575 βασιλεῖς
962 2508 1055 2562 καὶ
1097 2513 1395 2580 στρατηγοὶ
1451 2511 1665 2578 πολλοῖς
1699 2519 1794 2569 καὶ
1833 2535 1931 2588 με·

347 2596 540 2663 γάλοις
581 2597 984 2668 συνεσχέθησαν
1033 2599 1228 2664 δεινοῖς
1259 2602 1347 2657 δια
1380 2605 1479 2677 τὴν
1516 2606 1669 2660 νόσον
1701 2608 1924 2680 ταύτην,

348 2689 446 2741 καὶ
468 2687 548 2760 τῷ
597 2689 826 2761 ὑπηκόῳ
877 2691 1354 2765 προσδιέφθειραν,
1399 2700 1493 2751 καὶ
1519 2700 1767 2764 ἑαυτούς.
1801 2702 1929 2756 Ὅτε

346 2780 528 2833 τοίνυν
561 2780 705 2835 οὕτω
747 2782 894 2851 δεινὴ
928 2769 1060 2850 η’ὲκ
1093 2787 1188 2858 τῆς
1239 2788 1528 2852 κολακείας
1561 2791 1758 2865 βλάϐη,
1810 2794 1931 2850 δέον

347 2871 518 2944 αὐτὴν
556 2875 651 2928 καὶ
701 2875 852 2945 ἡμᾶς
887 2876 1283 2948 ἀποθεμένους,
1339 2880 1471 2936 ἄνευ
1500 2883 1646 2948 τινὸς
1697 2903 1930 2959 περικαο

347 2963 654 3036 λύμματος,
683 2966 719 3021 ἃ
742 2966 890 3036 σφίσι
916 2985 976 3022 τε
1018 2970 1224 3035 αὐτοῖς,
1267 2973 1363 3028 καὶ
1400 2976 1515 3038 τοῖς
1541 2975 1722 3040 ἄλλοις
1752 2978 1926 3033 ἅπασι

359 3055 652 3126 Ῥωμαίοις
697 3057 924 3127 οἰόμεθα
970 3061 1272 3132 συμφέρειν
1302 3063 1504 3132 λέγειν.
1537 3065 1600 3120 Ei
1644 3067 1701 3122 δέ
1749 3085 1833 3132 τις
1862 3071 1928 3124 ὲκ

350 3147 458 3203 τῶν
487 3149 658 3218 λόγων
691 3149 880 3220 ῖψεται
918 3151 1069 3217 ἀνία,
1113 3154 1174 3206 οὐ
1204 3156 1312 3238 χρὴ
1340 3159 1453 3220 τοῖς
1484 3156 1664 3227 λόγοις
1691 3161 1924 3232 προσλο-
1955 3183 1998 3242 α

346 3239 616 3310 γίζεσθαι,
646 3242 767 3296 οὐδὲ
798 3245 864 3314 τῇ
897 3243 1094 3318 γνώμῃ
1122 3246 1214 3300 τοῦ
1241 3248 1508 3316 εἰπόντος,
1541 3251 1658 3304 ἀλλ’
1687 3252 1824 3323 αὐτῇ
1855 3255 1921 3324 τῇ

345 3331 506 3400 φύσει
535 3332 644 3386 τῶν
673 3336 1032 3405 πραγμάτων.
1065 3337 1150 3390 Ούη
1170 3338 1277 3410 γὰρ
1299 3338 1366 3393 τὰ
1390 3341 1694 3412 πράγματα
1713 3344 1922 3412 πέφυκε

342 3427 591 3495 γίνεσθαι
624 3423 836 3499 οἷοιπερ
863 3431 912 3483 οἱ
937 3429 1107 3500 λόγοι.
1150 3432 1313 3486 una:
1338 3436 1403 3504 τῇ
1443 3435 1552 3489 τῶν
1576 3435 1924 3506 πραγμάτων

341 3522 504 3588 φύσει
535 3522 594 3590 ἐξ
637 3525 885 3595 ἀνάγκης
920 3525 1015 3582 καὶ⁸
1055 3526 1106 3578 οί
1137 3526 1285 3595 λόγοι
1321 3526 1816 3600 συνεξομοιοῦνται.
1856 3530 1921 3583 Ei

340 3614 452 3684 γὰρ
474 3615 600 3686 ὲξῆν
634 3619 771 3688 πρὸς
805 3619 998 3690 ἡδονὴν
1025 3619 1134 3672 τῶν
1160 3618 1332 3688 λόγων
1367 3619 1690 3689 γινομένων,
1726 3623 1822 3675 καὶ
1850 3621 1921 3676 τὰ

340 3707 642 3777 πράγματα
686 3709 1261 3780 συμμεταϐάλλεσθαι,
1291 3712 1444 3765 οὐδὲν
1498 3711 1566 3767 ἂν
1600 3709 1666 3785 ἦν
1692 3714 1920 3786 ἀνοητό-

223 3834 234 3836 -
336 3816 498 3869 τερον
516 3799 610 3852 τοῦ
646 3800 723 3874 μὴ
749 3803 936 3856 τοῦτον
961 3803 1053 3856 τὸν
1087 3805 1288 3866 τρόπον
1317 3803 1646 3875 αἱρουμένου
1679 3805 1918 3875 συμϐουι

337 3890 538 3946 λεύειν.
578 3893 720 3947 Νυνὶ
762 3895 819 3948 δὲ
855 3893 931 3957 ὡς
956 3895 1194 3966 ὁρῶμεν,
1223 3897 1284 3948 ού
1318 3897 1492 3969 μικρά
1527 3914 1612 3960 τις
1658 3898 1693 3968 ή
1743 3896 1920 3968 ζημία

335 3983 542 4057 ταύτης
573 3986 673 4056 τῆς
732 3988 947 4059 ἡδονῆς,
1008 3987 1143 4040 ἀλλὰ
1201 3986 1428 4050 θάνατος
1471 3987 1578 4040 τῶν
1619 3988 1921 4057 ἑλομένων.

334 4081 444 4134 Τοῦ
481 4081 716 4151 πολέμου
767 4081 947 4136 τοίνυν
981 4081 1074 4134 τού
1115 4079 1380 4151 ἐμφυλίου
1406 4079 1593 4134 τούτου
1625 4081 1919 4152 κεκινημέ-

333 4187 428 4224 νου
456 4172 684 4242 δύναμιν
722 4172 963 4243 μεγάλην
1018 4171 1483 4243 περιϐεϐλημένος
1533 4171 1562 4222 ὁ
1597 4171 1916 4224 Καντακου-

333 4264 496 4334 ζηνδς
516 4264 702 4320 ἐνθάδε
729 4261 862 4338 ἧκεν
895 4263 1055 4328 εὐθὺς
1095 4263 1354 4334 ἑξαρχῆς,
1387 4261 1523 4328 πρὸς
1549 4262 1615 4331 ἢν
1632 4261 1752 4314 οὐδὲ
1769 4263 1919 4316 ἀντι-

331 4356 554 4411 ϐλέπειν
591 4358 903 4429 σύμπαντες
937 4357 1282 4429 ἠδυνήθημεν
1305 4358 1487 4425 ἡμεῖς.
1530 4347 1618 4408 Ἑν
1653 4354 1916 4408 Γυναικο-

332 4454 556 4523 κάστρῳ
593 4451 650 4503 δὲ
689 4453 788 4520 τῆς
841 4451 968 4520 περὶ
1022 4449 1186 4502 αὑτὸν
1221 4446 1512 4518 συμϐάσης
1553 4445 1912 4510 ἀποστασίας,

2049 581 2260 652 laqueis
2305 601 2371 640 ac
2433 590 2698 656 pericuiis
2752 593 2970 650 cinctus
2999 609 3165 650 esset.
3219 596 3404 651 Nihilo
3452 599 3634 655 minus

2049 672 2458 734 honestissimis
2526 683 2792 738 comitum
2863 701 3094 740 suorum
3159 689 3474 743 convocatis
3511 730 3528 756 ,
3577 699 3637 745 et

2047 761 2401 834 imperatoris
2469 786 2738 841 responso
2811 777 3104 845 exposito,
3179 795 3636 850 unumquemque

2045 855 2182 924 quid
2239 861 2503 929 expedire
2569 864 2988 933 arbitraretur,
3059 871 3372 926 edissercre
3442 873 3631 943 jussit.

2045 945 2184 1000 Tum
2221 948 2313 1003 alii
2348 951 2644 1017 aﬂirmare,
2675 955 2840 1010 etiam
2879 969 3176 1028 antequam
3210 959 3633 1018 Cantacuzenus

2046 1037 2151 1095 ista
2207 1039 2444 1106 diceret,
2491 1044 2636 1100 inter
2665 1061 2723 1103 se
2757 1049 2890 1119 quid
2945 1067 3094 1106 nunc
3143 1053 3414 1122 agendum
3463 1054 3630 1120 foret,

2043 1131 2390 1198 quaesivisse.
2427 1144 2483 1190 ct
2507 1153 2661 1207 aeque
2697 1140 2752 1194 in
2797 1158 2856 1196 re
2882 1150 2990 1196 tam
3034 1145 3293 1213 perplexa
3329 1145 3625 1200 consilium

2046 1224 2297 1290 reperire
2333 1225 2546 1303 nullum
2575 1232 2840 1296 patuisse.
2873 1231 3077 1286 Tantas
3111 1234 3316 1302 quippe
3347 1235 3553 1304 copias,
3579 1235 3650 1291 si-

2044 1312 2136 1368 hic
2172 1316 2455 1384 perduret,
2488 1319 2608 1374 sine
2653 1337 2851 1391 magno
2887 1335 3110 1394 sumptu
3164 1325 3233 1378 ali
3277 1341 3384 1380 non
3419 1341 3578 1395 posse
3609 1341 3626 1381 :

2043 1421 2148 1461 nec
2173 1407 2242 1462 iis
2267 1410 2484 1466 alendis
2522 1417 2810 1470 exaerario
2860 1417 3222 1485 pecuniarum
3256 1419 3392 1475 satis
3422 1435 3625 1488 suppe—

2043 1497 2368 1555 ditaturum.
2399 1501 2468 1556 At
2498 1503 2912 1572 Monomachus,
2951 1523 3179 1579 magnus
3227 1512 3624 1578 contostaulus,

2043 1594 2339 1661 prudentia
2379 1597 2596 1652 caeteris
2644 1605 3005 1667 antecellens,
3049 1613 3106 1656 et
3165 1605 3312 1659 illius
3347 1605 3624 1660 memoria:

2044 1684 2246 1740 ducum
2303 1688 2440 1742 nulli
2500 1693 2941 1759 postponendus,
2991 1704 3158 1764 atque
3208 1696 3416 1750 idcirco
3447 1696 3625 1765 impeo

2046 1775 2286 1842 peratori
2330 1777 2651 1832 Andronico
2686 1779 2890 1834 eximie
2937 1781 3163 1847 charus,
3215 1784 3418 1853 cuique
3457 1785 3623 1838 urbes

2044 1882 2266 1937 semper
2313 1877 2371 1923 et
2410 1871 2690 1926 exercitus
2739 1874 3234 1929 committebantur
3268 1893 3283 1931 :
3315 1878 3620 1942 Assentari,

2042 1957 2242 2028 inquit.
2275 1968 2332 2014 et
2361 1961 2418 2015 in
2447 1961 2700 2017 fraudem
2731 1965 3041 2034 impellere,
3076 1977 3134 2021 et
3157 1967 3308 2022 aliud
3336 1969 3620 2024 conditum
3723 2029 3732 2032 _

2039 2049 2095 2103 in
2133 2061 2380 2119 pectore,
2435 2053 2584 2107 aliud
2647 2055 2702 2108 in
2760 2056 2948 2126 lingua
3013 2068 3329 2128 promptum
3390 2059 3619 2126 habere,

2037 2142 2275 2212 gratiam
2352 2145 2664 2215 principum
2742 2159 3110 2216 aucupantem
3162 2190 3178 2216 ,
3256 2168 3365 2206 non
3439 2154 3616 2207 solum

2039 2237 2326 2292 hominum
2384 2255 2575 2310 parum
2629 2241 2991 2312 ingenuorum
3042 2258 3107 2297 ac
3136 2242 3470 2306 liberalium,
3522 2246 3619 2298 sed

2039 2330 2207 2384 rebus
2234 2331 2401 2386 etiam
2433 2332 2568 2402 ipsis
2599 2334 3128 2402 perniciosissimum
3160 2349 3282 2390 esse
3320 2335 3485 2389 duco.
3511 2335 3619 2404 Qui

2040 2422 2269 2474 morbus
2301 2421 2414 2492 (ει)
2449 2424 2766 2492 complures
2811 2425 3184 2478 Romanorum
3237 2427 3616 2495 imperatores.

2037 2527 2104 2565 ac
2134 2511 2306 2567 duces
2345 2513 2533 2568 multis
2559 2529 2662 2568 nec
2692 2514 2909 2569 levibus
2938 2515 3095 2570 malis
3125 2515 3402 2586 implicuit
3429 2537 3442 2570 :
3472 2517 3620 2571 unde

2037 2619 2163 2660 cum
2200 2603 2269 2659 iis
2319 2620 2460 2674 quos
2491 2604 2546 2658 in
2582 2605 2793 2660 ditione
2827 2623 2891 2661 ac
2925 2615 3199 2676 potestate
3232 2609 3530 2673 habebant,
3559 2624 3620 2663 se

2038 2697 2188 2767 ipsos
2234 2713 2458 2768 quoque
2518 2699 2904 2762 perdiderunt.
2957 2699 3230 2767 Quoniam
3286 2701 3455 2772 igitur
3507 2711 3620 2754 tam

2039 2789 2203 2842 noxia
2233 2796 2320 2843 est
2374 2789 2697 2853 assentatio,
2742 2800 2965 2861 oportet
3004 2802 3061 2846 et
3116 2808 3221 2847 nos
3257 2792 3348 2846 illa
3374 2793 3616 2861 ,omissa,

2036 2879 2177 2932 citra
2227 2877 2602 2934 velamentum
2653 2897 2776 2952 qua:
2837 2882 3000 2938 nobis
3069 2885 3304 2955 aliisque
3357 2886 3620 2941 Romanis

2037 2969 2301 3026 omnibus
2321 2972 2637 3027 conducere
2665 2985 2948 3044 putamus,
2975 2977 3029 3031 in
3065 2978 3302 3033 medium
3333 2979 3615 3049 proferre:

2035 3071 2092 3118 et
2146 3061 2192 3118 si
2257 3060 2404 3117 dicta
2479 3071 2668 3142 nostra
2731 3065 2958 3120 duriora
3019 3067 3313 3140 minusque
3369 3070 3616 3141 jucunda

2034 3157 2260 3219 fuerint,
2295 3171 2404 3210 non
2433 3156 2599 3210 dictis
2634 3155 2688 3211 id
2720 3173 2900 3226 neque
2928 3159 3196 3214 voluntati
3227 3160 3484 3223 dicentis.
3515 3165 3613 3218 sed

2036 3248 2141 3318 ipsi
2169 3261 2354 3302 rerum
2392 3245 2695 3301 conditioni
2717 3248 3034 3314 ascribere;
3057 3264 3165 3304 non
3193 3251 3395 3304 etenim
3425 3267 3611 3306 rerum

2030 3347 2228 3395 natura
2259 3353 2594 3402 sermonem,
2619 3337 2780 3410 555
2807 3341 2901 3394 sed
2938 3351 3191 3395 naturam
3223 3359 3406 3396 rerum
3433 3357 3616 3398 sermo

2029 3432 2350 3491 necessario
2407 3429 2662 3484 imitatur
2712 3430 2848 3502 (25).
2885 3431 3022 3488 Nam
3073 3433 3120 3488 si
3173 3434 3243 3489 ad
3279 3437 3615 3506 voluptatem

2033 3523 2308 3579 orationis
2378 3522 2545 3577 etiam
2599 3539 2688 3580 res
2737 3526 3032 3582 immutare
3083 3538 3142 3584 et
3193 3531 3615 3586 accommodare

2028 3614 2245 3679 liceret,
2295 3613 2435 3668 nihil
2481 3621 2631 3669 esset
2672 3615 3032 3687 insipientius
3083 3635 3251 3688 quam
3311 3622 3459 3676 nolle
3507 3623 3608 3677 hac

2030 3709 2247 3766 ratione
2295 3711 2609 3768 consulere.
2684 3713 2851 3782 Atqui
2900 3711 3195 3779 videmus,
3253 3716 3346 3784 qui
3395 3731 3455 3770 se
3511 3715 3613 3772 hac

2027 3803 2306 3858 suavitate
2384 3803 2534 3874 passi
2594 3813 2725 3858 sunt
2774 3805 3020 3872 deliniri,
3075 3821 3199 3860 eam
3253 3822 3361 3861 non
3416 3809 3613 3876 quavis

2030 3907 2195 3963 postia
2259 3891 2357 3947 sed
2413 3891 2534 3962 ipso
2576 3892 2802 3946 interitu
2835 3895 3080 3963 expiare.
3114 3893 3264 3949 Bello
3309 3895 3477 3966 igitur
3507 3898 3614 3954 hoc

2025 3981 2175 4038 civili
2233 3991 2458 4045 exorto,
2515 3981 2936 4037 Cantacuzeuus
2987 3999 3115 4038 cum
3172 4000 3282 4040 non
3342 3986 3611 4044 mediocri

2025 4074 2273 4145 potentia
2317 4073 2426 4128 huc
2473 4074 2660 4129 statim
2717 4087 2746 4126 a
2802 4075 3079 4145 principio
3117 4077 3392 4142 veniebat,
3444 4096 3608 4150 quam

2026 4182 2222 4224 omnes
2252 4183 2355 4223 nos
2382 4183 2487 4223 nec
2511 4167 2716 4223 intueri
2737 4168 3172 4225 sustinehainus.
3199 4169 3606 4244 Gynmcocastri

2026 4273 2207 4317 autem
2249 4276 2376 4316 cum
2406 4276 2436 4316 a
2468 4261 2585 4316 suis
2612 4261 2886 4323 desertus,
2937 4261 3028 4315 tali
3051 4278 3312 4343 aerumna
3350 4265 3604 4335 fatigare-

2028 4365 2140 4420 tur,
2193 4369 2316 4423 quze
2357 4355 2526 4410 etiam
2580 4354 2742 4424 longe
2804 4353 3268 4423 patientissimum
3322 4358 3388 4411 de
3435 4360 3609 4427 gradu

2026 4446 2228 4500 merito
2282 4445 2597 4516 dejecisset,
2667 4445 2759 4499 ille
2811 4443 3082 4498 infractus
3127 4453 3186 4499 et
3249 4446 3610 4502 immutabilis

333 4559 427 4597 και
466 4542 726 4612 τοιαύτης
752 4540 1120 4612 περισχούσης
1148 4540 1554 4607 κακοπραγίας,
1583 4537 1670 4590 οἵα
1705 4536 1914 4590 καὶτὸν

2033 4554 2146 4595 eum
2165 4538 2418 4609 reliquiis
2444 4538 2498 4592 in
2514 4537 2792 4592 Triballos
2819 4538 3076 4592 ordinato
3089 4538 3305 4608 agmine
3325 4537 3607 4603 discessit,

335 4631 573 4700 μάλιστα
622 4632 1099 4701 καρτερικώτατον
1149 4628 1493 4698 ἐθορύϐησαν
1553 4628 1620 4682 ἂν
1664 4627 1913 4689 δικαίως,

333 4724 543 4785 ἐκεῖνος
575 4723 676 4776 οὐκ
703 4725 904 4776 ἀπεῖπε
945 4723 1078 4792 πρὸς
1108 4721 1201 4793 τὴν
1237 4721 1522 4799 συμφορὰν
1575 4721 1698 4774 οὐδὲ
1727 4719 1917 4775 ἐνέδω-

337 4831 462 4869 κεν·
503 4815 618 4868 ἀλλ’
647 4815 765 4887 ἅμα
804 4818 918 4879 τοῖς
957 4814 1388 4884 περιλειφθεῖσιν
1437 4812 1718 4885 ἀπεχώρει
1773 4815 1913 4884 πρὶς

335 4901 641 4974 Τριϐαλοὺς
700 4904 1154 4974 συντεταγμένος,
1216 4903 1406 4975 ὥσπερ
1454 4903 1682 4974 μηδενὸς
1719 4904 1910 4958 καινοῦ

2024 4635 2256 4708 perinde
2313 4647 2379 4688 ac
2418 4634 2466 4690 si
2499 4633 2636 4687 nihil
2683 4631 2808 4686 novi
2847 4631 3141 4687 accidisset
3193 4649 3207 4687 :
3263 4631 3427 4686 nobis
3477 4643 3606 4702 post

2026 4735 2232 4782 tantam
2269 4724 2772 4796 perturbationem,
2803 4734 2860 4780 et
2899 4723 3272 4779 secessionem
3301 4723 3537 4776 militum
3573 4739 3606 4778 a

2024 4823 2180 4885 tergo
2227 4813 2392 4869 enixe
2443 4813 2780 4868 instantibus
2834 4827 2897 4867 ac
2943 4810 3436 4868 tumultuantibus.
3484 4808 3604 4864 Jam

2023 4923 2156 4963 vero
2184 4905 2334 4978 apud
2364 4905 2639 4961 Triballos
2669 4905 2749 4960 sic
2801 4919 2995 4961 omnes
3038 4904 3140 4960 sibi
3179 4903 3446 4967 devinxit,
3485 4910 3606 4956 tau-

1589 5033 1816 5117 Jacobi
1845 5054 2114 5118 Pontani
2156 5061 2344 5118 uotae.

407 5192 516 5261 (24)
572 5191 755 5247 Animi
810 5191 939 5247 vitia
971 5232 986 5256 ,
1020 5188 1319 5261 pravitates
1369 5189 1915 5261 et‘consuetudinel

335 5259 527 5334 parum
587 5265 761 5317 bonas
809 5277 875 5317 ac
923 5259 1246 5334 laudabiles,
1311 5259 1600 5334 latiAnit-atis
1652 5270 1912 5334 auctores

350 5350 430 5386 ro.
452 5343 545 5386 ant
579 5333 810 5396 morbos,
852 5333 1044 5387 imitati
1080 5330 1302 5386 Graecos
1356 5329 1612 5384 videlicet
1645 5345 1660 5382 :
1693 5336 1750 5384 et
1785 5333 1912 5384 ani-

329 5419 484 5457 mum
521 5404 606 5457 his
643 5404 922 5467 allectum,
975 5415 1243 5472 aegretare
1279 5401 1497 5472 dicunt,
1548 5407 1604 5454 et
1646 5409 1911 5470 agt-Otum

327 5475 598 5527 animum.
673 5474 910 5528 Proinde
963 5470 1128 5526 etiam
1184 5470 1514 5525 medicinam
1583 5472 1789 5532 animi,
1859 5484 1916 5526 et

326 5544 513 5597 curari
561 5544 830 5600 animum.
887 5542 991 5597 l’ro
1039 5541 1228 5596 multis
1289 5555 1433 5594 unus
1477 5541 1631 5595 testis
1685 5540 1918 5597 sulliciat

1981 5188 2116 5243 "bus
2164 5189 2570 5259 contingit:ltia
2627 5189 2844 5244 nullane
2889 5199 2968 5243 est
3006 5186 3301 5259 adhibenda
3351 5166 3606 5259 curatio?

2023 5269 2205 5312 utrum
2273 5257 2414 5328 quod
2483 5259 2661 5313 minus
2721 5271 2942 5312 noceant
3005 5258 3175 5311 animi
3236 5257 3604 5325 wgrotationu

2021 5345 2183 5398 quam
2219 5330 2474 5407 corporis,
2501 5332 2730 5407 an_q_uod
2764 5347 2986 5407 corpora
3021 5328 3203 5407 curari
3215 5329 3456 5407 possint,
3483 5341 3605 5406 ant-

2021 5414 2229 5454 utorum
2261 5398 2414 5454 nulla
2445 5399 2706 5452 medicina
2729 5400 2795 5453 ait
2817 5398 2930 5452 {At
2974 5413 3023 5453 et
3061 5399 3225 5452 morbi
3263 5398 3605 5465 perniciosio-

2021 5485 2106 5523 res
2138 5471 2414 5541 pluresque
2441 5479 2561 5524 sunt
2590 5472 2783 5530 animi,
2803 5486 2967 5540 quam
2995 5470 3248 5536 corporis,
3284 5478 3392 5520 etc.

2090 5542 2206 5609 (‘25)
2236 5541 2412 5595 Verba
2443 5548 2575 5596 sunt
2604 5543 2759 5609 signa
2793 5549 2847 5592 et
2881 5551 3024 5592 nota:
3045 5553 3249 5600 rerum,
3271 5551 3391 5609 non
3417 5545 3604 5591 autem

327 5613 547 5678 Cicero,
609 5614 766 5683 cujus
801 5614 921 5667 lucc
949 5620 1082 5668 sunt
1111 5613 1278 5665 verba
1311 5609 1614 5683 Tusculam
1637 5612 1729 5683 72”:
1773 5611 1915 5676 Quid
2014 5626 2104 5665 res
2127 5614 2282 5683 signa
2317 5619 2369 5664 et
2392 5622 2535 5666 notae
2567 5608 2883 5683 yet-borum.
2927 5609 2994 5683 Et
3046 5621 3134 5661 res
3165 5608 3351 5683 )erbis
3393 5611 3605 5676 priores

329 5685 424 5753 qui
449 5679 691 5754 pecunia!
725 5684 1038 5762 cupidita_te,
1079 5685 1168 5752 qui
1200 5683 1526 5762 uoluptatem
1827 5683 1910 5751 fe-

332 5766 549 5834 runtur,
581 5768 916 5834 quernum“.
945 5755 1032 5808 ita
1061 5757 1444 5834 perturbentur
1474 5755 1662 5834 nauigii,
1698 5761 1753 5803 ut
1803 5767 1910 5834 non

2012 5677 2385 5757 suntfltaque
2443 5680 2800 5738 sentiendum
2832 5691 2890 5734 et
2941 5677 3278 5749 loquendum
3315 5685 3377 5733 ut
3415 5691 3600 5740 rerum
3671 5752 3676 5757 ἱ

2017 5760 2214 5824 natura
2248 5752 2371 5812 fert.

333 5825 559 5879 "unum
591 5821 762 5878 obsint
794 5821 859 5876 ab
899 5821 1133 5892 insania,
1182 5823 1316 5894 quod
1341 5821 1704 5892 insipientibus
1734 5827 1908 5881 omni-
2016 5842 2026 5852 ·
