4062 6290
322 401 461 472 ’ἳῢῧι

1449 365 1994 468 nls'rommuu
2041 405 2269 468 LIBER
2319 410 2431 470 nr.

3441 407 3506 471 1-0
3526 409 3592 469 '2’

316 519 655 588 φθαρήσεται
712 515 805 568 ὑπ’
854 516 1110 585 ἀνονήτου
1148 515 1500 585 φιλονεικίας.
1545 519 1605 570 Ei
1668 519 1765 588 μὲν
1797 518 1891 571 οὖν

2005 520 2364 572 conimunitcr
2381 520 2527 571 nulla
2549 534 2608 572 re
2638 518 2834 572 melius
2890 518 3188 586 utiliusquc
3209 518 3550 574 consulueris

313 608 462 679 παρὰ
481 607 749 678 βασιλίδος
784 608 878 660 καὶ
913 608 1274 679 πατριάρχου,
1302 609 1524 675 atat-'1th
1553 609 1750 673 ἄλλων,
1775 611 1889 662 ὅσοι

309 701 416 753 τῶν
463 700 806 768 πραγμάτων
863 697 1123 767 ἄρχουσιν
1183 699 1558 752 ἀνυπεύθυνον
1595 702 1742 768 ἔχεις
1794 702 1895 769 τὴν

309 789 506 858 ἀρχὴν,
569 788 827 854 καὶπρὸς
879 789 948 838 τα
1000 789 1304 857 φαινόμενα
1356 788 1666 840 λυσιτελεῖν
1716 788 1897 853 ἔξεστι

311 877 678 950 βουλεύεσθαι,
711 877 1008 947 πρεσϐείαν
1044 878 1144 947 ήδη
1178 878 1314 946 πρὸς
1335 880 1542 931 ἐκεῖνον
1572 879 1729 932 ποιοῦ
1761 881 1890 944 περὶ

310 971 577 1039 εἰρήνη;.,
607 973 700 1022 καὶ
730 969 899 1038 μηδέν
930 985 988 1020 σε
1017 968 1358 1038 ’θορυϐείτω.
1393 970 1656 1024 Βέλτιττά
1687 988 1745 1022 τε
1778 971 1886 1040 γὰρ

308 1060 444 1128 ὁμοῦ
474 1061 567 1130 καὶ
597 1060 1020 1112 λυσιτελέστατα
1045 1062 1166 1112 κχὶ-
1188 1060 1443 1129 βασιλίδι,
1485 1061 1582 1114 καὶ
1614 1063 1750 1114 πᾶσι
1775 1063 1890 1124 τοῖς

311 1148 486 1210 ἄλλοις
525 1150 677 1216 κοινῇ
717 1135 1006 1219 βουλεύσῃ.
1044 1148 1104 1200 Ei
1135 1149 1192 1202 δὲ
1245 1150 1610 1220 προσκρούειν
1651 1151 1888 1213 ἐκείνοις

306 1239 409 1291 οὐκ
438 1239 660 1301 ἐθέλεις,
691 1240 788 1307 τὴν
811 1240 937 1308 περὶ
965 1243 1062 1310 τῆς
1112 1242 1336 1311 εἰρήνης
1362 1241 1428 1310 ἢν
1453 1243 1636 1311 έχουσι
1669 1243 1896 1314 γνώμην

307 1330 540 1398 arma»;
585 1330 700 1383 ἀλλ’
751 1333 876 1398 ἐμοὶ
908 1333 1104 1400 δέομαι
1133 1333 1334 1403 τριήρη
1378 1335 1510 1403 μίαν
1562 1339 1892 1404 παρασχεῖν,

307 1417 386 1478 ὡς
415 1417 482 1469 ἂν
510 1417 800 1485 γενόμενος
851 1421 908 1469 ὲν
961 1417 1264 1488 Βυζαντίῳ,
1327 1421 1426 1472 καὶ
1476 1422 1904 1491 συμϐουλεύσας·

305 1507 413 1560 ὅσα
445 1523 534 1575 μοι
573 1506 715 1560 δοκῶ
750 1506 944 1576 βελτίω
967 1506 1127 1576 εἶναι,
1159 1511 1359 1579 ὀλίγων
1389 1511 1522 1565 εἴσω
1539 1514 1763 1582 ἡμερῶν
1795 1515 1896 1584 τὴν

306 1600 568 1668 περὶτῆς
606 1601 838 1669 εἰρήνης
895 1602 1124 1656 ἐκείνων
1172 1603 1357 1672 ψῆφον
1399 1605 1585 1673 φέρων
1622 1605 1900 1676 ἐπανήξω.

306 1694 632 1763 Μονομάχος
680 1693 779 1762 μὲν
813 1692 906 1747 οὖν
931 1694 1162 1748 τοιαῦτα.
1208 1695 1346 1766 περὶ
1387 1696 1488 1764 τῆς
1523 1696 1750 1765 εἰρήνης
1773 1697 1904 1750 διει⁴

2005 608 2100 661 Sin
2131 610 2272 676 apud
2327 624 2421 662 eos
2449 608 2732 662 oﬂendere
2775 623 2880 661 non
2942 609 3042 670 vis,
3082 609 3208 676 quia
3251 623 3359 678 quo
3397 609 3577 662 animo

1999 701 2065 751 ad
2118 715 2308 768 pacem
2357 701 2477 760 sint,
2529 699 2787 768 ignoras,
2827 708 2884 751 at
2930 700 3085 762 mihi,
3135 701 3352 764 amabo,
3415 715 3580 753 unam

2007 791 2300 844 triremem
2327 791 2569 858 indulge,
2596 801 2659 843 ut
2677 805 2803 844 cum
2834 789 3158 859 Byzantium
3179 806 3500 856 excurrere,
3525 799 3590 843 ct

2002 882 2148 951 quod
2186 882 2238 934 in
2274 897 2392 934 rem
2415 884 2520 936 sict
2553 895 2910 950 persuasero,
2940 881 3133 949 paucis
3166 881 3364 936 diebus
3388 896 3581 934 eorum

2004 973 2280 1026 calculum
2343 983 2673 1042 reportans,
2734 981 3001 1026 revertar.
3066 970 3460 1025 Monomacl-ius
3513 974 3579 1024 ad
3658 967 3665 976 ’

2002 1064 2152 1116 hunc
2181 1062 2430 1126 modum,
2475 1072 2530 1116 ct
2567 1078 2693 1124 cum
2749 1062 3007 1116 libertate
3063 1061 3280 1116 locutus
3309 1072 3430 1125 est;
3461 1073 3584 1116 erat

2007 1154 2156 1207 enim
2214 1163 2438 1223 propler
2505 1170 2721 1207 morum
2802 1153 3176 1224 integritatem
3229 1152 3570 1206 venerationi

2000 1245 2280 1298 omnibus.
2329 1245 2395 1299 Et
2456 1245 2547 1298 alii
2607 1243 2832 1315 quidem
2901 1244 3200 1299 consilium.
3247 1240 3568 1305 laudabant,

2002 1332 2263 1404 ibantque
2303 1333 2535 1404 pedibus
2563 1336 2617 1389 in
2646 1335 2770 1404 eius
2799 1337 3158 1396 sententiam;
3197 1334 3346 1402 pacis
3377 1340 3562 1386 autem

2005 1426 2466 1500 complectenda
2504 1435 2598 1481 aut
2653 1427 2970 1482 aversanda:
3027 1425 3318 1480 arbitrium
3377 1437 3576 1492 magno

2001 1518 2127 1572 duci
2174 1518 2517 1572 deferebant.
2561 1517 2664 1583 Qui
2698 1518 2965 1572 duntaxat
2991 1519 3269 1572 abnutans
3301 1516 3414 1586 (qui
3463 1530 3584 1570 mos

2001 1617 2088 1662 est
2138 1609 2444 1661 orationem
2519 1608 2754 1677 alicujus
2814 1608 3260 1677 rcpellentium),
3339 1615 3396 1660 et
3445 1605 3582 1659 nihil

2001 1699 2208 1753 addens
2237 1707 2436 1767 praeter
2459 1699 2572 1752 haec
2607 1699 2796 1762 verba,
2825 1699 2892 1754 Et
2920 1714 3041 1768 quae
3072 1697 3290 1753 tandem
3321 1713 3422 1766 pax
3450 1711 3574 1750 cum

307 1782 483 1854 λέχθη
541 1785 684 1852 μετὰ
744 1785 1095 1856 παρρησίαςο
1143 1782 1216 1854 ἦν
1260 1787 1370 1857 γὰρ
1418 1789 1479 1840 ἐκ
1513 1787 1622 1840 τῶν
1678 1789 1897 1857 τρόπων

2005 1787 2424 1842 Cantacuaeno?
2471 1798 2808 1842 conventum
2854 1789 3057 1853 solvit,
3108 1803 3213 1842 nec
3265 1787 3574 1855 quidquam

308 1876 576 1954 πλείστην
604 1875 756 1947 παρᾶ
795 1877 930 1929 πᾶσι
954 1877 1052 1946 τὴν
1085 1877 1220 1929 αἰδῶ
1267 1878 1671 1948 καρπούμενος,
1715 1880 1808 1932 καὶ
1841 1881 1891 1932 οἰ

2005 1877 2345 1944 iracundius,
2401 1887 2500 1932 aut
2549 1876 2995 1934 contumeliosius
3044 1880 3100 1934 in
3153 1878 3571 1934 Monomachum

307 1969 413 2036 μὲν
441 1969 590 2023 ἄλλοι
621 1969 670 2020 oi
692 1968 978 2038 παρόντες,
1009 1967 1072 2022 εὖ
1100 1969 1200 2038 μὲν
1228 1968 1440 2036 ἔφασαν
1465 1969 1674 2022 δκιίνον
1706 1970 1897 2038 βεϐου-

2005 1968 2150 2036 iecit,
2176 1979 2235 2024 ut
2276 1969 2331 2026 in
2363 1970 2504 2024 alios
2533 1969 2768 2033 solebat,
2785 1970 2847 2038 ξεί.
2877 1972 3002 2039 quis
3032 1986 3200 2039 super
3229 1985 3288 2025 re
3316 1969 3580 2040 hujusce-

305 2058 565 2122 λεῦσθαι,
587 2061 681 2111 καὶ
710 2059 992 2112 ἐπείθοντο
1014 2075 1028 2090 ο
1073 2060 1172 2131 τὴν
1197 2059 1258 2112 δὲ
1289 2057 1388 2113 τοῦ
1434 2059 1687 2130 δέχεσθαι
1711 2060 1743 2128 ἦ
1773 2060 1847 2129 μή
1876 2075 1891 2090 ο

2005 2061 2148 2118 modi
2181 2063 2524 2117 mentionem
2555 2062 2702 2132 apud
2729 2076 2788 2118 se
2819 2063 3119 2117 intulisset.

303 2155 414 2226 τὴν
447 2155 700 2226 εἰρήνην,
724 2154 962 2223 δύναμιν
1004 2152 1081 2223 τῷ
1129 2153 1354 2224 μεγάλῳ
1377 2155 1702 2210 ἀνετίθεσαν
1726 2155 1898 2210 δουκί.
1953 2155 2191 2220 Ἐκεῖνος
2257 2155 2335 2221 δὲ,
2381 2150 2516 2226 ἦθος
2565 2156 2724 2226 μόνον
2777 2155 2904 2220 τοὺς
2943 2154 3134 2222 λόγους
3193 2151 3586 2222 ἀποσειομένον

304 2246 516 2312 δείξας,
547 2250 666 2315 καὶ,
700 2247 836 2302 Ποία
865 2263 952 2309 τις
987 2247 1054 2300 ἂν
1101 2247 1295 2318 εἰρήνη
1332 2247 1555 2316 τένοιπο
1617 2248 1754 2318 πρὸς
1811 2247 2300 2318 Καντακουζηνδνς
2353 2245 2547 2311 εἰπών,
2593 2247 2723 2302 ἄλλο
2753 2248 2811 2300 δὲ
2847 2248 3011 2319 μηδὲν
3053 2247 3329 2318 προσθεὶς,
3372 2244 3584 2298 διέλυσε

301 2344 406 2398 τὸν
435 2339 714 2410 σύλλογον.
737 2341 907 2411 μηδὲν
945 2341 1085 2410 πρὸς
1127 2339 1452 2410 Μονομάχον
1489 2342 1630 2411 μήτε
1667 2342 1804 2411 πρὸς
1865 2341 2060 2410 ὀργὴν,
2123 2341 2260 2412 μήτε
2290 2339 2428 2412 πρὸς
2462 2337 2623 2410 ὕϐριν
2666 2340 2928 2412 φάμενος,
2969 2340 3158 2410 ὥσπερ
3203 2340 3383 2394 εἰώθει
3445 2336 3585 2407 πρὸς

305 2432 446 2498 τοὺς
483 2434 696 2498 ἄλλους,
731 2431 785 2486 εί
809 2451 894 2497 τις
911 2433 1039 2503 περὶ
1061 2430 1319 2486 τοιούτων
1351 2435 1558 2487 ποιοῖτο
1582 2434 1775 2502 λόγους
1794 2432 1929 2501 πρὸς
1965 2432 2150 2488 αὐτόν.

1644 2567 1804 2641 557
1843 2570 2074 2627 CAPUT
2109 2569 2246 2626 LXI.

312 2663 671 2737 Apoeauchus
694 2662 922 2737 fCrarlem
953 2665 1024 2718 ad
1054 2683 1206 2720 arma
1241 2666 1512 2721 sollicitat.
1548 2667 1730 2722 Crales
1773 2666 1966 2737 dolose,
2009 2667 2208 2721 obsides
2242 2685 2275 2723 a
2310 2667 2612 2722 Berrhmitis
2651 2667 2802 2737 petit.
2834 2665 3215 2737 Imperatorem
3245 2662 3314 2716 ad
3362 2663 3578 2724 consul:

391 2736 932 2806 tationemrinsi‘diose
964 2743 1166 2800 evocat,
1212 2745 1260 2789 et
1305 2739 1566 2806 quomodo
1598 2739 1745 2790 abeo
1775 2739 1846 2790 ﬁt
1883 2736 2115 2790 delusus.
2169 2737 2308 2791 Laus
2364 2738 2558 2792 divinae
2609 2735 2949 2805 providentia:
3000 2750 3126 2804 erga
3182 2735 3580 2806 imperatorem.

398 2803 746 2876 ᾼροεαιιείιιιε
771 2804 1106 2858 Βεννιιωοιαε
1141 2806 1211 2858 ad
1242 2803 1582 2876 defectionem
1611 2808 1877 2876 hortatur,
1911 2809 1996 2859 cui
2023 2808 2419 2860 contentissime
2446 2803 2760 2876 rescribam,
2794 2819 3016 2876 rumque
3064 2812 3404 2876 contemnunt
3431 2813 3478 2876 et
3526 2804 3583 2854 in

390 2873 861 2948 [ideimperatoris
897 2890 1274 2948 permansuros
1304 2872 1607 2948 ostendant.
1646 2874 1965 2948 Miraculmn
1996 2878 2062 2932 de
2091 2881 2418 2948 imperatore
2443 2894 2476 2929 α
2515 2875 2798 2946 sagittario
2829 2872 2942 2927 non.
2977 2872 3123 2938 haec,
3153 2874 3313 2926 etiam
3346 2873 3582 2925 tertium.

394 2942 534 3000 Petit
565 2942 774 3000 veniam
814 2942 1148 3015 sagittarius.
1187 2947 1432 3016 Aguntur
1471 2944 1580 2999 Deo
1611 2947 1823 3016 gratim.

397 3080 540 3152 Πρὸς
587 3077 818 3150 Κράλην
851 3078 909 3131 δὲ
963 3076 1264 3156 πρεσϐείας
1312 3077 1636 3147 ποιούμενος
1685 3077 1910 3148 συχνὰς,

2086 3077 2168 3134 Ad
2198 3077 2410 3135 Craiem
2443 3092 2609 3148 porro
2645 3085 2895 3132 oratores
2931 3074 3226 3138 missitans,
3269 3077 3547 3148 ingentem
3569 3107 3583 3120 -

311 3173 511 3228 ε’πεισε
563 3170 657 3223 καὶ
689 3169 938 3239 φανερῶς
970 3171 1073 3238 χρή
1085 3185 1227 3236 ματα
1255 3169 1426 3220 πολλὰ
1455 3169 1523 3221 τὰ
1561 3167 1664 3237 μὲν
1698 3168 1901 3235 διδους,

2009 3187 2117 3242 que
2151 3172 2441 3241 pecuniam
2476 3171 2674 3240 partim
2709 3169 2866 3232 dans,
2896 3167 3094 3236 partim
3132 3163 3421 3236 pollicens,
3453 3184 3580 3224 eum

309 3263 464 3318 τὰδὲ
487 3261 985 3330 ἐπαγγελλόμενος,
1018 3260 1252 3329 πόλεμον
1279 3259 1514 3328 ἄρασθαι
1551 3259 1689 3329 πρὸς
1741 3260 1890 3312 Καν-

311 3354 660 3425 τακσυζηνὺν
692 3354 786 3406 τὸν
834 3349 1079 3421 βασιλέα.
1134 3351 1246 3403 Καὶ
1276 3350 1469 3420 πρώτα
1500 3351 1598 3421 μὲν
1647 3350 1909 3420 πρέσϐεις

316 3446 552 3515 πέμψας
579 3449 656 3508 εἰς
691 3445 977 3515 Βέρῤοιαν,
1009 3442 1252 3512 ὁμήρους
1277 3441 1395 3512 ᾔτει
1419 3442 1544 3504 τοὺς
1567 3442 1761 3504 παῖδας
1791 3442 1904 3494 τῶν

314 3538 587 3609 ἀρίστων·
623 3538 901 3606 πρόφασιν
933 3536 1055 3604 μὲν,
1085 3536 1160 3598 ώς
1206 3534 1704 3604 σπουδάζων.ὑπὲρ
1755 3534 1909 3605 βασι-

313 3631 490 3694 λέως,
526 3628 601 3696 μὴ
637 3627 767 3696 παρ’
802 3626 1027 3678 ἐκείνων
1068 3623 1452 3694 ὲπιϐουλευθῇ,
1484 3626 1550 3694 τῇ
1598 3623 1643 3676 δ’
1677 3623 1907 3695 ἀληθείᾳ

318 3719 672 3792 Βερροιώτας
735 3717 886 3784 αύτῷ
938 3717 1358 3786 -ὲκπολεμῶσαι
1451 3717 1772 3788 διανοηθεὶς,
1831 3718 1908 3782 ὡς

316 3813 512 3874 κακῶς
538 3810 668 3877 περὶ
707 3809 890 3862 αὐτῶν
921 3808 1361 3879 βουλευσαμένῳ,
1408 3809 1504 3862 καὶ
1543 3811 1667 3872 τοὺς
1711 3808 1909 3871 παῖδας

319 3905 470 3967 ἰδίας
501 3903 666 3956 ἓνεκα
693 3901 962 3970 ὠφελείας
992 3902 1422 3971 καταπροεμένῳ
1467 3901 1776 3971 Τριϐαλοῖς.
1800 3901 1906 3953 Βα-

318 3993 521 4060 σίλέως
544 3995 600 4048 δὲ
623 3995 759 4066 πρὸς
793 3993 894 4063 μὲν
959 3993 1084 4056 τοὺς
1111 3991 1350 4064 ὁμήρους
1393 3993 1642 4063 φανερῶς
1695 3993 1908 4060 ἀπαγος

322 4088 426 4160 ρεύ
440 4103 650 4151 σαντος,
681 4087 782 4156 τῆς
811 4085 869 4138 δὲ
904 4085 1038 4154 περὶ
1075 4085 1236 4137 αὑτὸν
1260 4083 1472 4146 εὐνοίας
1520 4071 1613 4136 καὶ
1652 4082 1907 4152 προνοίας

317 4180 749 4251 ὡμολογηκότος
780 4177 1010 4248 χάριτας
1046 4176 1269 4241 πολλὰς,
1297 4176 1519 4246 θαρρεῖν
1545 4193 1602 4229 τε
1637 4176 1905 4241 εἰπόντος,

319 4271 404 4335 ὡς
427 4271 576 4324 οὐδὲν
598 4269 747 4340 αὐτῷ
774 4271 837 4322 ὲκ
875 4267 1229 4339 Βερῤοιωτῶν
1284 4269 1588 4336 ἀπαντήσει
1623 4267 1905 4336 δυσχερὲς,

328 4364 438 4434 μιᾷ
462 4361 656 4433 γνώμῃ
708 4357 1120 4425 σπουδαζόντων
1183 4359 1322 4429 ὑπὲρ
1354 4357 1539 4424 αὐτοῦ,
1576 4361 1670 4413 καὶ
1723 4360 1906 4414 πᾶσαν

322 4452 758 4522 ἐνδεικνυμένων
788 4448 1021 4515 εὔνοιαν,
1055 4447 1262 4511 ἐκεῖνος
1317 4449 1579 4518 ἐτρέπετο
1614 4448 1748 4519 πρὸς
1785 4448 1906 4502 δευ-

324 4546 498 4614 τέρεν
529 4548 748 4615 πεῖραν,
783 4545 876 4596 καὶ
905 4540 1254 4613 μετεκαλεῖτο
1283 4539 1508 4610 βασιλέα
1538 4540 1674 4610 πρὸς
1717 4540 1900 4604 αὑτὸν,
1937 4538 1978 4592 D

325 4637 407 4697 ὡς
440 4635 569 4704 περί
613 4649 777 4687 τινων
823 4631 1141 4700 ἀναγκαίων
1197 4630 1618 4700 βουλευσόμενον
1670 4631 1906 4699 μάλιστα

322 4728 672 4800 διατρίϐοντα
693 4727 878 4797 ἐγγύς.
917 4727 1161 4796 Ἔφασκε
1187 4727 1293 4797 γὰρ
1326 4727 1389 4780 ὲκ
1426 4726 1668 4780 Παιόνων
1687 4726 1783 4797 τῆς
1807 4727 1908 4796 ἀρ·

325 4823 433 4893 χῆς
460 4820 703 4890 νεώτερά
742 4833 862 4873 τινα
891 4819 1239 4889 κεκινῆσθαι,
1291 4818 1384 4871 καὶ
1410 4817 1577 4870 πολὺν
1632 4818 1786 4889 αὐτῷ
1815 4819 1906 4871 τὸν

327 4913 567 4982 θόρυϐον
599 4914 886 4982 παρέχειν.
911 4911 988 4962 Δι’
1011 4909 1046 4963 ἃ
1074 4909 1231 4980 ᾠήθη
1263 4910 1558 4977 ἀναγκαῖον
1578 4911 1730 4978 κοινῇ
1772 4924 1899 4960 σκε-

323 5003 635 5073 ψαμένους,
662 5003 783 5056 οὐδὲ
813 5002 922 5072 γὰρ
953 5001 1124 5070 ἑτέρῳ
1155 5000 1358 5070 μᾶλλον
1397 4997 1712 5050 πεποιθέναι
1752 4997 1906 5068 βασι-

324 5097 470 5158 λέως
503 5097 592 5150 διά
614 5109 672 5148 τε
709 5097 808 5165 τὴν
852 5093 1164 5165 προσοῦσαν
1218 5090 1450 5156 εὔνοιαν,
1510 5092 1603 5143 καὶ
1633 5089 1735 5160 τὴν
1776 5091 1907 5160 περὶ

329 5192 408 5244 τὰ
436 5193 662 5244 τοιαῦτα
696 5191 915 5243 σύνεσιν
951 5189 1150 5258 πολλὴν
1193 5190 1285 5241 καὶ
1343 5189 1657 5256 ἐμπειρίαν,
1698 5186 1734 5239 ἃ
1759 5183 1908 5238 δοκεῖ
1956 5256 1962 5262 _

323 5282 634 5336 λυσιτελεῖν
683 5281 920 5350 ἑλέσθαι.
987 5279 1258 5342 Βασιλέως
1308 5277 1366 5331 δὲ
1415 5279 1463 5330 οί
1503 5278 1665 5345 φίλοι,
1720 5276 1907 5346 κρύφα

325 5371 438 5439 τὴν
457 5371 748 5441 ἐπιϐουλὴν
787 5374 1050 5441 ἐμήνυον·
1082 5367 1441 5422 ἐϐουλεύσατο
1471 5371 1579 5437 γὰρ
1621 5369 1669 5419 εἰ
1690 5366 1906 5420 δύναιτο

327 5463 759 5532 συλλαμϐάνειν,
795 5465 889 5517 καὶ
939 5462 1219 5534 παρῄνουν
1260 5461 1629 5530 φυλάττεσθαι
1664 5461 1738 5524 ὡς
1776 5459 1906 5512 δύσ-

322 5570 479 5608 νουν.
508 5555 764 5619 Βασιλεὺς
801 5557 858 5608 δὲ
883 5556 968 5609 ἴνα
999 5556 1268 5627 μηδεμίαν
1287 5555 1560 5626 πρόφασιν
1592 5554 1722 5623 δοκῇ
1745 5569 1900 5623 παρ-

326 5647 483 5714 ἐχειν
548 5648 688 5717 πρὸς
723 5649 812 5702 τὸν
839 5649 1099 5718 πόλεμον,
1135 5647 1360 5716 ἄγνοιαν
1395 5645 1650 5699 ἁπάντων
1675 5644 1906 5714 ὑπεκρί-

326 5749 479 5795 νετο.
515 5739 743 5810 Πέμψας
772 5743 828 5796 δὲ
860 5741 1120 5812 Μανουὴλ
1148 5744 1240 5796 τὸν
1286 5741 1554 5812 νεώτερον
1609 5738 1716 5795 τῶν
1747 5738 1902 5804 υίῶν,

335 5833 437 5883 καὶ
461 5831 842 5900 ’Δγγελοντδν
870 5833 1109 5904 ἀνεψιὸν,
1135 5833 1324 5906 ἐδήλου
1355 5833 1424 5898 1'»,-
1456 5832 1616 5896 αὖτίς
1646 5830 1905 5895 ἀδύνατος

2008 3263 2077 3318 ad
2124 3263 2327 3318 bellum
2377 3261 2648 3316 adversus
2686 3257 3130 3314 Cantaeuzenum
3181 3259 3354 3327 palam
3403 3261 3586 3315 susci-

2006 3352 2272 3423 piendum
2300 3351 2622 3406 inﬂammat.
2656 3348 2845 3404 Cralcs
2876 3348 3114 3417 primum
3158 3347 3470 3405 Berrbceam
3504 3351 3584 3405 lc-

2005 3453 2162 3516 gatos
2209 3443 2462 3510 mittens,
2512 3441 2654 3498 ﬁlios
2687 3441 3015 3511 optimatum
3047 3439 3268 3495 obsides
3319 3443 3579 3510 postulat,

2010 3535 2300 3601 simulans,
2333 3549 2394 3590 se
2425 3547 2623 3589 curare
2657 3531 2852 3587 sedulo
2879 3545 2950 3585 ne
2984 3529 3117 3601 quid
3161 3531 3478 3602 imperatori
3513 3534 3581 3586 ab

2015 3628 2151 3698 ipsis
2181 3627 2507 3681 insi-diarum
2540 3632 2872 3687 strueretur,
2902 3637 3028 3678 cum
3059 3637 3253 3678 revera
3288 3622 3583 3679 Berrhceo-

2009 3729 2093 3774 tas
2128 3718 2180 3774 ei
2217 3718 2496 3783 inimicos,
2545 3724 2603 3770 et
2652 3715 2882 3771 infestos
2933 3701 3166 3771 reddere
3216 3717 3465 3772 studeret
3521 3727 3582 3772 ut
3649 3745 3656 3754 -

2006 3811 2102 3882 qui
2134 3811 2276 3864 male
2299 3811 2366 3865 de
2395 3809 2503 3863 illis
2533 3797 2865 3871 mereretur,
2891 3806 3334 3876 quandoquidem
3363 3823 3584 3875 eorum-

2011 3905 2136 3957 dem
2185 3900 2329 3955 illius
2375 3899 2444 3953 ad
2479 3898 2754 3966 privatam
2788 3895 3081 3950 utilitatem
3126 3911 3279 3949 suam
3325 3897 3585 3952 Triballis

2009 3990 2152 4046 tradi
2198 3989 2338 4044 nihil
2383 3988 2539 4058 pensi
2581 3987 2832 4040 haberet.
2871 3986 3200 4054 lmperatore
3243 3985 3464 4041 obsides
3497 3988 3583 4041 di-

2007 4099 2154 4145 serte
2180 4095 2495 4150 recusante,
2519 4084 2836 4157 gratiasque
2862 4081 2929 4136 de
2957 4082 3214 4136 benevola
3248 4083 3580 4137 sollicitudi-

2007 4199 2078 4238 ne
2112 4183 2197 4237 sui
2243 4181 2453 4250 amplas
2487 4188 2706 4250 agente,
2733 4177 3076 4248 jubenteque‘
3113 4175 3410 4241 conﬁdere,
3446 4175 3580 4233 nihil

2008 4275 2113 4330 sibi
2161 4290 2190 4329 a
2247 4271 2588 4328 Berrhoaotis
2640 4271 2916 4323 oriturum
2967 4265 3322 4333 incommodi,
3377 4265 3580 4336 quibus

2008 4367 2268 4424 omnibus
2300 4364 2532 4436 perinde
2578 4361 2942 4418 charissimus
2986 4369 3151 4422 esset,
3203 4359 3362 4413 aliam
3410 4358 3579 4412 instat

2008 4463 2178 4516 viam.
2227 4459 2642 4527 Imperatorem,
2677 4454 2831 4508 velut
2879 4453 2947 4506 de
3003 4449 3336 4521 quibusdam
3393 4449 3577 4520 magni

2009 4544 2270 4608 momenti
2302 4565 2423 4604 cum
2457 4563 2523 4604 eo
2562 4546 2978 4616 disquisiturus,
3028 4542 3095 4597 ad
3145 4558 3204 4597 se
3249 4541 3302 4594 in
3351 4542 3576 4611 propino

2007 4660 2176 4715 quum
2230 4642 2484 4697 accersit.
2517 4638 2743 4692 Dicebat
2773 4637 2944 4701 enim,
2996 4635 3226 4689 Poéonas
3269 4645 3358 4686 res
3407 4647 3578 4687 novas

2009 4738 2254 4802 molitos,
2285 4735 2410 4790 inde
2445 4750 2503 4790 se
2544 4743 2875 4801 magnOperc
2918 4726 3154 4781 turbari.
3185 4723 3362 4790 Quare
3389 4738 3580 4778 neces—

2008 4831 2211 4884 sarium
2248 4828 2491 4893 duxisse,
2538 4839 2663 4878 cum
2705 4837 2772 4877 eo
2813 4819 3160 4882 consultare;
3194 4815 3400 4870 nemini
3432 4815 3580 4870 enim

2009 4919 2132 4989 plus
2167 4919 2358 4980 ﬁdere.
2397 4925 2450 4972 et
2488 4923 2714 4985 propter
2759 4927 2878 4968 eam
2919 4924 3026 4980 qua
3062 4911 3238 4979 ipsum
3275 4920 3578 4977 prosequa-

2011 5025 2101 5067 tur
2131 5011 2596 5073 benevolentiam,
2627 5017 2682 5061 et
2725 5013 2949 5075 propter
2974 5001 3231 5057 eximiam
3265 4999 3319 5052 in
3353 4998 3457 5052 hoc
3484 5013 3578 5068 ge-

2010 5119 2144 5160 nere
2193 5101 2560 5172 prudentiam,
2617 5097 3177 5160 exercitationemque
3226 5088 3454 5143 videndi
3522 5098 3579 5144 et

2007 5193 2245 5265 eligendi
2278 5192 2424 5262 quod
2468 5191 2520 5242 in
2555 5187 2775 5254 ,talibus
2820 5183 3056 5253 negotiis
3099 5179 3374 5248 expediat.
3407 5176 3579 5233 Caete-

1976 5329 1978 5332 μ
2011 5302 2130 5339 rum
2161 5283 2323 5338 amici
2366 5281 2504 5336 clam
2554 5276 2787 5332 detectis
2825 5275 2945 5344 ejus
2979 5271 3197 5327 insidiis
3225 5271 3580 5340 (cogitaverat

1969 5382 1975 5389 '
2007 5377 2152 5432 enim
2185 5375 2337 5428 illum
2367 5386 2586 5441 capere,
2617 5369 2661 5424 si
2701 5365 2905 5438 posset)
2943 5373 3002 5419 ut
3039 5379 3138 5434 pro
3169 5361 3442 5417 malevolo
3470 5359 3576 5414 ho-

2009 5469 2210 5523 minem
2245 5470 2484 5526 caveret,
2521 5447 2914 5514 admonebant.
2949 5453 3274 5524 Imperator,
3306 5464 3376 5505 ne
3410 5463 3575 5504 causa

2007 5569 2065 5614 et
2097 5556 2252 5626 origo
2297 5553 2428 5608 belli
2477 5551 2588 5606 ullo
2637 5547 2800 5602 modo
2847 5563 2877 5601 a
2925 5561 2984 5601 se
3022 5543 3268 5614 profecta
3301 5540 3576 5606 videatur,

2009 5646 2374 5721 ignorantiam
2402 5643 2644 5698 onmium
2691 5637 3023 5702 simulando,
3068 5634 3368 5691 Ilanuelem
3391 5631 3576 5704 junio-

2009 5757 2125 5797 rem
2164 5739 2361 5805 filium,
2397 5747 2455 5792 et
2487 5734 2753 5807 Angelum
2787 5730 3182 5786 consobrinum
3217 5726 3407 5792 mittit,
3454 5741 3577 5796 per-

2011 5843 2118 5900 que
2155 5843 2251 5885 eos
2278 5827 2567 5900 signiﬁcat,
2599 5841 2656 5880 se
2698 5823 2890 5878 urbem
2932 5819 3215 5877 deditione
3261 5819 3442 5876 adhuc
3490 5835 3579 5905 re-._
