4062 6290
545 347 688 412 1063

1708 339 2041 405 ιοΑΝΝιε
2075 332 2610 402 CANTACUZENI

3632 318 3738 390 it)“

541 462 716 528 conti,
777 471 837 517 et
902 459 1148 516 nondum
1200 458 1545 516 conﬁrmatis
1585 456 1808 512 "civium
1866 472 2000 526 erga
2064 471 2125 511 se

2228 451 2317 523 εἴη
2343 451 2444 520 τὴν
2469 450 2627 502 πόλιν
2658 447 2782 518 ἄρτι
2814 442 3288 515 προσχωρήσασαν
3331 441 3422 494 καὶ
3453 439 3593 494 οὔπω
3636 442 3742 512 πρὸς

541 554 749 610 studiis
769 554 1083 623 relinquere
1108 567 1218 605 non
1245 565 1428 620 posse,
1451 549 1756 620 pmsertim
1779 563 1906 603 cum
1936 549 2124 602 hostes

547 641 714 698 vicini
766 644 899 705 sint,
953 651 1009 696 et
1056 641 1275 696 obsidio
1332 640 1615 695 timeatur.
1673 638 1894 698 Mittere
1935 650 2122 693 autem

551 732 750 793 ﬁlium,
777 739 835 785 et
860 730 1284 794 consobrinum,
1312 739 1373 784 ut
1407 731 1500 784 ubi
1540 746 1638 800 per
1669 744 1770 785 eos
1815 729 2122 790 resciverit,

545 822 620 877 de
649 821 854 890 quibus
887 836 1049 875 suum
1089 829 1315 890 expetat
1339 821 1653 886 consilium,
1684 823 2014 875 sententiam
2044 819 2126 873 illi

545 911 896 966 utilissiam
923 909 1188 980 proterat.
1210 911 1428 976 (lrales,
1458 911 1722 982 quoniam
1741 909 1890 982 quid
1911 911 1965 964 in
1993 926 2126 965 con-

546 1003 847 1056 sultatione
894 1011 1151 1071 poneret,
1204 1018 1313 1057 non
1359 1002 1600 1064 habebat
1633 1004 1764 1073 (hoc
1791 1003 1937 1057 enim
1969 1014 2127 1071 tegu-

541 1098 822 1155 mentum,
885 1101 944 1146 et
1000 1091 1352 1147 involucrum
1386 1094 1688 1163 'quoddam
1745 1095 2126 1149 tantummodo

552 1182 878 1236 insidiarum
905 1186 1067 1249 erat),
1086 1181 1254 1252 558
1277 1183 1344 1236 de
1375 1183 1499 1238 aliis
1523 1184 1820 1248 nonnullis,
1844 1185 2126 1254 prioribus

551 1286 897 1341 nequaquam
941 1274 1334 1328 consentaneis
1375 1275 1708 1338 collocutus,
1759 1275 1985 1330 domum
2027 1290 2127 1329 eos

551 1364 805 1417 remittit.
838 1362 1007 1418 Breve
1041 1363 1355 1419 interees~it
1381 1365 1648 1434 spatium,
1674 1380 1826 1430 cu,
1855 1365 2004 1436 quod
2040 1365 2128 1419 in-

549 1455 710 1509 sidiis
757 1455 899 1510 nihil
944 1457 1334 1527 promovisset,
1365 1471 1603 1526 persona
1633 1456 1848 1522 abiecta
1893 1456 2127 1512 manife-

553 1555 701 1600 stum
738 1547 813 1600 illi
844 1547 1046 1602 bellum
1080 1547 1392 1601 denuntiat.
1429 1547 1609 1602 Missis
1641 1564 1879 1617 namque
1907 1549 2126 1619 legatis,

555 1625 748 1709 pacem
793 1651 849 1695 et
897 1641 1079 1696 {cadus
1113 1639 1427 1697 rescindit:
1477 1645 1755 1711 Augustae,
1785 1658 1868 1706 se,
1911 1643 1956 1695 si
1993 1641 2128 1710 quid

551 1741 758 1800 posset,
790 1747 951 1800 apem
981 1733 1256 1796 laturum;
1291 1732 1430 1801 ipse,
1461 1733 1598 1801 quid
1631 1733 1738 1788 sibi
1765 1732 2124 1800 conduceret,

2225 545 2325 615 τὴν
2383 542 2552 598 αὐτοῦ
2579 540 2795 594 εὔνοιαν
2851 538 3087 608 βεϐαίως
3139 533 3487 604 ήδρασμένην
3542 534 3748 588 καταλεί-

2225 654 2372 704 πειν.
2405 635 2618 696 Ἄλλως
2649 650 2708 685 τε
2744 631 2841 685 καὶ
2898 629 3009 681 τῶν
3074 627 3358 696 πολεμίων
3411 625 3746 693 ἐπικειμένων,

2227 731 2325 784 καὶ
2351 727 2742 799 προσδοκίμοιν
2775 724 2946 775 ὅντων
2973 721 3157 784 αὐτοῖς
3194 719 3641 788 ἐπιστρατεύσειν.
3669 717 3749 773 Τὸν

2225 822 2340 873 υίδν
2371 820 2428 872 δὲ
2459 818 2719 888 πέμψειε,
2766 814 2861 868 καὶ
2918 815 3012 866 τὸν
3078 811 3326 880 ἀνεψιὸν,
3376 811 3463 863 ἴνα
3518 810 3582 860 δι’
3607 811 3751 862 αύτῶν

2226 907 2531 976 πυθόμενος
2585 905 2718 974 περὶ
2746 897 2825 956 ὧν
2857 903 2967 955 δέοι
3000 900 3396 967 συμϐουλεύειν
3430 898 3639 966 γνώμην
3663 898 3743 962 ἐξε-

2233 999 2406 1068 νέγκῃ
2469 1000 2570 1066 τὴν
2633 996 2871 1066 μάλιστα
2908 993 3058 1061 αὐτῷ
3109 991 3619 1047 συνοίσουσαν.⁹υδ’
3661 994 3753 1041 ἐπεὶ

2232 1086 2595 1157 βουλεύεσθαι
2643 1082 2758 1155 εἶχε
2807 1086 2937 1154 περὶ
2967 1083 3206 1146 οὐδενὸς,
3274 1081 3501 1150 σκήψεις
3551 1083 3647 1150 γὰρ
3683 1079 3755 1132 καὶ

2231 1179 2544 1250 προφάσεις
2591 1178 2662 1230 τὰ
2723 1175 2949 1229 τοιαῦτα
3001 1169 3163 1244 ἦσαν,
3196 1171 3288 1226 καὶ
3355 1172 3452 1240 τῆς
3509 1173 3533 1222 ὲ
3579 1172 3796 1249 ιϐουλῆςτ

2231 1289 2296 1323 πε
2307 1270 2724 1340 ρικαλύμματα,
2757 1268 2883 1337 περὶ
2908 1266 3086 1320 ἄλλων
3106 1266 3272 1318 τινῶν
3297 1266 3485 1326 αὐτοῖς
3496 1263 3751 1332 διαλεχθεὶς

2234 1363 2444 1433 ἥκιστα
2501 1361 2911 1428 συμϐαινόντων
2946 1353 3030 1420 οἷς
3092 1357 3246 1424 ⁴ᾕξίου
3282 1359 3558 1426 πρότερον,
3604 1355 3752 1406 οἶκαδε
3827 1375 3830 1378 ’

2231 1455 2588 1524 ἀπέπεμπεν.
2612 1452 2885 1521 ’Ὕστερον
2917 1451 2975 1503 δὲ
3016 1449 3207 1519 ὀλίγῳ,
3260 1448 3388 1501 ἐπεὶ
3437 1446 3754 1500 ἐπιϐουλεύων

2229 1545 2420 1600 ἀνύειν
2456 1545 2693 1614 ἠδύνατο
2728 1544 2906 1609 οὐδὲν,
2942 1542 3004 1595 τὸ
3029 1543 3389 1610 προσωπεῖον
3447 1538 3756 1605 ἀποθέμενος,

2231 1635 2575 1705 κατήγγελλε
2621 1633 2877 1704 φανερῶς
2930 1633 3026 1686 τὸν
3107 1633 3369 1700 πόλεμον
3419 1630 3631 1698 πέμψας
3675 1629 3759 1697 γὰρ

2229 1729 2532 1800 πρεσϐείαν
2561 1729 2698 1798 πρὸς
2725 1725 2978 1798 βασιλέα,
3002 1724 3104 1796 τὴν
3133 1726 3268 1793 πρὸς
3292 1721 3454 1776 αὑτὸν
3473 1724 3672 1792 εἰρήνην
3688 1722 3759 1773 καὶ

550 1797 698 1889 apud
736 1797 984 1876 animum
1033 1797 1330 1893 cogitaret:
1377 1797 1496 1878 llac
1527 1823 1950 1880 denuntiatione
1999 1823 2126 1880 belli

2236 1797 2337 1884 τας
2367 1797 2616 1879 σπονδὰς
2637 1817 2839 1882 διέλυε,
2885 1819 2980 1871 καὶ
3007 1816 3135 1877 τοὺς
3165 1816 3388 1886 ὅρκουςο
3443 1811 3657 1882 βασιλίδι
3676 1813 3758 1874 φάο

551 1909 836 1966 Triballici
870 1911 1030 1980 plebe
1057 1928 1168 1965 non
1205 1912 1403 1968 leviter
1438 1915 1856 1984 perterrefaeta,
1894 1918 2130 1987 impera-

552 2011 643 2054 tor
673 2010 727 2054 et
758 2001 1056 2070 optimates
1096 2003 1220 2074 ejus
1253 2003 1322 2058 de
1369 2003 1718 2073 providentia
1769 2004 1881 2060 Deo
1924 2008 2132 2077 gratias

549 2102 805 2160 egerunt.
837 2091 956 2148 Nisi
997 2094 1146 2148 enim
1188 2095 1235 2149 is
1281 2094 1522 2165 desuper
1568 2105 1790 2151 extenta
1823 2113 1989 2152 manu
2033 2113 2132 2154 eos

551 2194 858 2252 servasset,
889 2184 1026 2253 quid
1061 2185 1280 2240 tandem
1310 2185 1552 2250 Cralem,
1588 2201 1714 2241 cum
1739 2201 1836 2242 eos
1863 2188 1921 2242 in
1952 2189 2134 2243 mani-

553 2270 659 2327 bus
691 2271 944 2338 haberet,
979 2273 1403 2345 interiit-eraque
1438 2277 1698 2331 lacillime
1732 2287 1941 2348 posset,
1973 2277 2129 2348 quid,

552 2358 804 2429 inquam,
847 2361 1269 2430 prohibuisset?
1299 2362 1617 2428 Enimvero,
1649 2379 1775 2420 cum
1804 2365 1873 2420 ab
1914 2367 2131 2436 imperii

553 2451 1095 2508 administratoribus
1140 2453 1314 2508 multo
1367 2455 1490 2524 plus
1518 2456 1902 2524 pecuniarum,
1936 2466 1994 2510 et
2039 2472 2134 2510 ur-

557 2542 710 2597 bium
739 2545 792 2598 ei
814 2543 1108 2599 oll‘erretur
1128 2545 1289 2614 (quas
1317 2561 1554 2615 namque
1580 2562 1729 2601 nunc
1759 2547 1861 2616 ipsi
1887 2555 2130 2612 teneant,

557 2633 625 2686 iis
669 2633 856 2700 plures
892 2636 1034 2690 citra
1067 2635 1232 2689 ullam
1282 2636 1739 2702 sollicitudinem,
1775 2637 2132 2707 laboremque

551 2721 628 2776 ab
653 2721 738 2775 eis
769 2723 1020 2792 accipere
1049 2723 1299 2794 licebat),
1329 2734 1445 2778 tum
1489 2725 1714 2794 quidem
1759 2726 1896 2780 nihil
1928 2727 2130 2782 factum

557 2814 900 2884 hujnsodi,
925 2815 1020 2868 sed
1048 2815 1219 2868 semel
1239 2815 1552 2886 iterumque
1583 2831 1778 2871 eorum
1802 2818 2131 2888 legationem

557 2903 818 2974 reiecisse
852 2921 865 2956 :
899 2921 1048 2960 nunc
1073 2916 1261 2960 autem
1293 2906 1514 2976 quando
1541 2923 1743 2962 nocere
1777 2911 1988 2979 nequit,
2018 2920 2134 2967 tota

559 3003 766 3060 meme,
799 3005 854 3048 et
878 2997 1214 3067 cogitatione
1253 2996 1345 3052 illa
1381 2997 1588 3064 moliri,
1621 3013 1746 3068 quae
1797 3009 1930 3055 tunc
1953 3001 2132 3058 'dicto

555 3081 723 3137 citius
745 3081 960 3138 eﬂicere
985 3083 1276 3153 potuisset.
1308 3084 1463 3140 Unde
1494 3095 1775 3152 constare,
1807 3103 1972 3158 quam
1999 3100 2132 3147 tunc

561 3173 915 3242 probitatem,
945 3175 1354 3246 caudoremque
1390 3177 1444 3228 in
1477 3175 1625 3246 ipsos
1656 3192 1768 3246 pra:
1805 3193 1864 3234 se
1893 3179 2128 3247 tulisset,

559 3278 671 3317 non
703 3265 826 3334 ejus
857 3265 1086 3333 ingenii,
1120 3266 1220 3320 sed
1257 3266 1502 3322 cmlestis
1534 3269 1720 3322 auxilii
1754 3269 1948 3326 fuisse.
1973 3271 2132 3328 Nunc

556 3355 780 3425 quando
815 3357 914 3426 ipsi
952 3357 1309 3412 securitatem
1345 3358 1684 3426 invenerint,
1730 3362 1884 3417 illum
1927 3365 2134 3434 cogita-

562 3448 745 3502 tiones
774 3463 903 3504 suas
927 3451 1164 3518 aperire.
1209 3452 1574 3522 Apocauchus
1621 3455 1766 3511 bello
1800 3469 1993 3514 contra
2031 3460 2134 3513 im-

563 3552 876 3608 peratorcm
903 3543 1215 3612 desperato,
1242 3546 1530 3602 cuniculos
1563 3563 1747 3620 agere,
1773 3560 1831 3606 ut
1859 3561 2042 3615 antea.
2076 3561 2135 3609 et

562 3632 715 3684 varie
772 3632 1004 3688 insidias
1059 3633 1286 3690 tendere
1339 3636 1622 3705 instituit;
1669 3640 1737 3695 ad
1785 3641 2136 3698 Berrhmotas

558 3720 710 3776 enim
733 3721 971 3778 latenter
994 3725 1069 3779 ita
1085 3725 1331 3796 scripsit,
1351 3727 1507 3784 Scire
1525 3743 1608 3793 se,
1636 3731 1784 3800 ipsos
1807 3747 1917 3786 non
1935 3744 2134 3804 suopte

560 3819 700 3866 nutu
748 3812 815 3866 ad
863 3814 1327 3882 Cantacuzenum,
1362 3833 1712 3876 communem
1761 3821 2133 3881 Romanorum

561 3899 779 3957 hostem
813 3903 1176 3974 declaratum,
1215 3917 1271 3962 et
1318 3909 1559 3965 ﬁliorum
1611 3912 1960 3983 imperatoris
2003 3916 2137 3971 insi-

561 3991 854 4058 diatorem,
872 3995 966 4048 sed
988 3996 1117 4065 quia
1139 3996 1506 4054 Triballorum
1524 4003 1695 4057 armis
1717 4005 2132 4073 premebantur,

563 4081 890 4138 necessitate
927 4085 1154 4142 adactos
1187 4090 1490 4145 accessisse
1521 4108 1537 4145 :
1573 4093 1797 4163 aliquod
1833 4096 1958 4150 inde
1987 4113 2137 4152 emo-

561 4172 872 4229 iumentum
897 4176 999 4230 sibi
1021 4179 1430 4247 promittentes,
1454 4183 1599 4252 quod
1620 4185 1903 4241 audissent
1919 4186 2134 4244 Cralem

562 4261 742 4318 [tedas
786 4279 912 4319 cum
942 4257 1052 4332 ’eo,
1112 4270 1542 4342 societatemque
1593 4275 1885 4344 pepigisse.
1930 4277 2134 4332 Verum

2231 1929 2380 1966 σκων
2423 1911 2833 1981 συμμαχήσειν,
2877 1909 2933 1962 ετ
2973 1925 3028 1962 τι
3077 1907 3324 1972 δύναιτο,
3380 1907 3535 1958 αὐτὸν
3578 1905 3628 1956 δὲ
3658 1903 3758 1972 περὶ

2187 2001 2427 2066 κεαυτοῦ
2451 2002 2806 2072 βουλεύεσθαι
2831 2001 2970 2055 ἅττα
3000 2000 3069 2054 ἂν
3123 1999 3424 2052 λυσιτελεῖν
3445 1998 3588 2066 δοκῇ.
3612 1997 3668 2048 0i
3683 1996 3759 2062 μιν

2229 2096 2323 2150 οὖν
2347 2097 2484 2166 πρὸς
2515 2095 2614 2166 τὴν
2643 2095 2906 2164 ἀγγελίαν
2938 2093 3126 2146 πολλοὶ
3151 2092 3243 2146 τοῦ
3281 2089 3598 2161 Τριϐαλικοῦ
3634 2088 3759 2141 πολί-

2233 2203 2340 2256 μου
2373 2185 2735 2255 ἐθορυϐοῦντο
2760 2185 2822 2238 οὐ
2856 2184 3117 2254 μετρίως.
3171 2182 3439 2245 Βασιλεὺς
3473 2183 3526 2235 δὲ
3557 2182 3641 2234 καὶ
3672 2180 3758 2230 τῶν

2239 2279 2372 2349 περὶ
2399 2278 2658 2332 αὐτὸν-οι
2686 2277 2906 2347 ἄριστοι
2962 2274 3168 2336 πολλὰς
3209 2273 3522 2344 ὡμολόγουν
3570 2272 3761 2342 χάριτας

2227 2369 2352 2439 Θεῷ
2378 2369 2475 2438 τῆς
2508 2369 2766 2440 προνοίας
2795 2368 2897 2437 τῆς
2922 2367 3050 2434 περὶ
3080 2364 3301 2427 αὐτούς.
3350 2365 3414 2417 Et
3445 2364 3519 2433 μὴ
3567 2365 3663 2430 γὰρ
3684 2360 3761 2413 αὖ·

2229 2460 2323 2522 τὸς
2360 2457 2570 2513 ἄνωθεν
2620 2457 2847 2519 διέσωζε
2901 2458 3063 2526 χεῖρα
3109 2454 3420 2524 ὑπερέχων,
3500 2453 3550 2506 τί
3594 2449 3760 2504 ἐκώλυε

2235 2550 2466 2620 Κράλην
2497 2549 2666 2616 ἡνίκα
2710 2549 2852 2618 ῑχων
2888 2548 2947 2599 ὲν
2967 2545 3160 2616 χερσὶν
3216 2545 3440 2612 αὐτοὺς,
3489 2543 3577 2596 καὶ
3620 2543 3760 2611 ῥᾷστα

2231 2638 2559 2706 δυνάμενος,
2603 2636 2972 2705 διαφθείρεινς
3014 2635 3192 2686 καίτοι
3225 2649 3290 2702 γε
3327 2632 3506 2702 πολλῷ
3547 2631 3760 2683 πλειόνων

2234 2727 2340 2781 ὑπὸ
2375 2727 2484 2780 τῶν
2522 2727 2593 2779 τὰ
2631 2727 2924 2796 Ῥωμαίων
2976 2724 3326 2778 διοικούντων
3366 2725 3460 2778 καὶ
3508 2723 3759 2792 χρημάτων

2232 2819 2331 2871 καὶ
2361 2816 2568 2871 πόλεων
2611 2816 3030 2886 παρεχομένων,
3059 2817 3094 2868 ἃ
3121 2815 3232 2884 γὰρ
3293 2815 3453 2868 αὐτοὶ
3498 2813 3606 2866 νυνὶ
3631 2809 3758 2864 xcvi-

2234 2923 2417 2976 χουσι,
2449 2909 2546 2959 καὶ
2578 2904 2660 2958 ἔτι
2690 2904 2874 2974 πολλῷ
2907 2903 3078 2956 πλείω
3108 2905 3255 2974 ἔχειν
3292 2903 3442 2972 ἐξῆν,
3491 2903 3760 2971 πολυπραγ-

2239 3000 2552 3069 μονήσαντα
2588 2998 2776 3068 μηδὲν,
2804 2998 2929 3050 τότε
2961 2997 3063 3067 μὲν
3078 2997 3230 3049 οὐδὲν
3260 2998 3521 3067 εἴργαστο
3539 2993 3755 3058 τοιοῦτον,

2236 3088 2374 3142 ἀλλὰ
2414 3090 2510 3141 καὶ
2539 3087 2689 3152 απαξ
2713 3089 2807 3140 καὶ
2834 3087 2919 3151 δὶς
2950 3087 3086 3156 πρὸς
3110 3089 3214 3156 τὴν
3264 3087 3559 3158 πρεσϐείαν
3587 3085 3755 3158 ἀπηγό-

2236 3194 2364 3248 ρευε
2393 3177 2493 3248 τὴν
2527 3177 2658 3248 παρ’
2683 3179 2888 3242 αὐτῶν,
2922 3181 3048 3230 νυνὶ
3089 3177 3146 3229 δὲ
3172 3178 3262 3230 ὅτε
3303 3179 3559 3248 βλάπτειν
3582 3176 3757 3231 δύναιτο

2237 3270 2422 3322 ὲκεῐνα
2458 3270 2723 3338 πράττειν
2779 3269 3060 3339 ἐπιχειρεῖ
3089 3271 3272 3323 πᾶσαν
3329 3269 3564 3322 ἐπίνοιαν
3606 3265 3754 3327 κινῶν,

2234 3361 2272 3414 ἃ
2307 3361 2426 3415 τότε
2459 3361 2712 3430 θᾶττονῆ
2766 3360 2920 3430 λόγο,
2968 3361 3118 3436 αὐτῷ
3159 3362 3289 3431 ἐξῆν
3343 3363 3599 3419 ἀνύττειν.
3627 3360 3755 3415 Ὅθεν

2233 3453 2396 3524 δῆλον
2447 3451 2586 3507 εἶναι
2645 3453 2901 3522 ἔφασκον,
2945 3455 3022 3518 ὡς
3091 3455 3212 3508 οὐδὲ
3275 3455 3398 3509 τότε
3456 3453 3544 3508 τοῦ
3588 3454 3755 3508 ἐκείνου

2236 3543 2401 3614 ἤθους
2428 3544 2462 3612 ἡ
2496 3543 2625 3611 περὶ
2645 3543 2841 3606 αὐτοὺς
2863 3541 3251 3612 εὐγνωμοσύνη
3292 3541 3383 3613 ἦν,
3406 3545 3536 3600 ἀλλὰ
3572 3544 3657 3611 τῆς
3681 3537 3752 3593 τοῦ

2239 3634 2565 3702 Κρείττονος
2615 3635 2956 3705 ἐπικουρίας.
3006 3634 3145 3687 Νυνὶ
3175 3636 3233 3688 δὲ
3279 3637 3371 3690 ὅτε
3423 3639 3480 3691 ἑν
3533 3631 3758 3701 ἀσφαλείᾳ

2239 3725 2590 3779 καθέστασαν
2623 3727 2776 3779 αὐτοὶ
2805 3727 2906 3796 τὴν
2936 3729 3144 3782 οίκείαν
3165 3727 3397 3801 γνώμην
3429 3729 3648 3798 φανερὰν
3666 3739 3758 3776 ποι-

2237 3817 2337 3870 εῖν.
2361 3817 2702 3888 Ἀπόκαυχος
2733 3816 2787 3870 δὲ
2813 3820 2843 3871 ό
2880 3819 3053 3888 μέγας
3075 3819 3222 3886 δοὺξ,
3262 3821 3390 3873 taret
3418 3820 3512 3890 τὴν
3537 3818 3655 3886 πρὸς
3685 3815 3760 3885 βαρ

2240 3906 2394 3960 σιλὲα
2415 3908 2599 3976 μάχην
2624 3910 2990 3978 ἀπηγόρευεν,
3014 3910 3238 3978 ἀφανῶς
3260 3911 3636 3974 ἐπιϐουλεύειν,
3677 3905 3758 3959 ὤτ-

2247 4005 2354 4060 περ
2380 3992 2482 4044 καὶ
2513 3993 2783 4063 πρότερον
2827 3994 3129 4064 ἐπεχείρει,
3190 3997 3286 4048 καὶ
3317 3997 3567 4058 παντοίας
3611 3992 3758 4062 συνέρ-

2239 4083 2448 4153 ραπτεν
2512 4083 2829 4146 ἐπιϐουλάς.
2877 4086 3020 4157 Πρὸς
3080 4087 3189 4158 γὰρ
3234 4087 3566 4160 Βερροιώτας
3612 4081 3756 4153 κρύφα

2241 4161 2489 4243 πέμψας,
2518 4174 2729 4247 ἔγραφε
2779 4177 3023 4231 τοιαῦτα.
3083 4179 3172 4242 Ὠς
3226 4180 3395 4250 εἰδείη
3461 4180 3555 4250 μὲν
3600 4176 3754 4235 αὐτοὺς

2236 4267 2335 4336 οὐχ
2361 4267 2541 4320 ἑκοντὶ
2575 4270 3108 4340 προσκεχωρηκότας
3148 4269 3597 4340 Καντακουζηνῷ,
3631 4263 3754 4331 κοινῷ

567 4353 712 4408 istuc
745 4370 959 4409 merum
990 4372 1258 4426 errorem,
1296 4377 1362 4417 ac
1397 4363 1695 4418 ludibrium
1743 4367 1943 4434 fuisse;
1980 4369 2133 4424 illum

2238 4358 2483 4429 πολεμίῳ
2509 4359 2618 4412 τῶν
2633 4359 2920 4429 Ῥωμαίων
2943 4362 3272 4430 ἀναφανέντι
3307 4365 3401 4416 καὶ
3419 4363 3521 4415 τῶν
3539 4357 3754 4431 βασιλέως

561 4447 765 4514 quippe
787 4447 900 4517 jam
938 4464 1048 4504 non
1083 4451 1494 4508 dissimulanter
1523 4472 1553 4508 a
1601 4471 1660 4510 se
1707 4466 1966 4524 stantem,
2001 4461 2133 4516 Can-

2243 4447 2514 4517 ὲπιϐούλῳ
2543 4449 2769 4501 παίδων·
2799 4449 2914 4502 ἀλλ’
2947 4449 3052 4501 ὑπὸ
3095 4451 3191 4504 τοῦ
3224 4451 3509 4518 Τριϐαλῶν
3560 4449 3752 4516 πολέμου

563 4546 885 4593 tacuzenum
920 4555 1238 4612 Oppugnare
1268 4545 1606 4600 decrevisse.
1627 4547 1829 4615 Quare,
1860 4550 1904 4604 si
1931 4563 2133 4609 mutata

2241 4538 2598 4605 πιεζομένους
2631 4537 2877 4608 ὠσθῆναι
2899 4539 2992 4592 ἐπὶ
3020 4539 3180 4592 τοῦτο
3233 4541 3302 4594 δι’
3327 4542 3588 4610 ἀνάγκην,
3635 4533 3753 4603 νομί-

565 4638 747 4683 mente
781 4634 1191 4700 communitati,
1233 4645 1290 4689 et
1323 4638 1578 4706 privatim
1615 4640 1718 4693 sibi
1748 4642 1982 4712 quisque
2013 4660 2142 4714 pro-

560 4729 810 4790 spectum
859 4724 1030 4778 velint
1079 4728 1301 4795 (nempe
1339 4736 1398 4782 ut
1453 4730 1628 4795 ipsutn
1680 4731 1986 4796 detineant,
2039 4752 2141 4791 nec

560 4807 860 4864 diserimen
916 4813 1159 4883 eﬂ‘ugere
1209 4816 1428 4879 sinant;
1487 4834 1546 4872 se
1597 4821 1745 4875 enim
1801 4822 1954 4878 brevi
2013 4841 2138 4880 cum

563 4901 695 4956 totis
719 4903 893 4972 c0piis
917 4904 971 4957 in
1001 4904 1152 4958 illum
1181 4909 1506 4979 moturum),
1537 4913 1942 4970 consultissime
1969 4916 2141 4973 lactu-

565 5008 690 5056 ros;
723 4994 894 5048 multa
927 4997 1098 5057 enim,
1129 5005 1186 5051 et
1229 5001 1498 5069 exquisita
1540 5012 1654 5056 tum
1697 5005 1763 5058 ab
1795 5007 2140 5064 adolescente

563 5083 894 5154 imperatore
923 5087 1159 5152 Joanne,
1194 5097 1308 5142 tum
1352 5106 1383 5144 a
1422 5108 1480 5146 so
1531 5093 1798 5151 beneﬁcia
1845 5099 2134 5156 relaturos.

567 5176 624 5232 Si
669 5176 1048 5247 obtemperare
1082 5179 1414 5247 detrectent,
1461 5184 1726 5254 illumque
1758 5189 1957 5241 animis
1987 5203 2140 5242 cum-

569 5268 733 5338 plcxi,
760 5285 942 5322 secum
973 5287 1216 5340 pugnare
1246 5273 1536 5338 voluerint,
1569 5277 1756 5346 utique
1790 5295 1856 5332 eo
1888 5283 2140 5336 amentia:
2181 5323 2188 5330 .

565 5373 969 5428 progressuros,
1035 5361 1200 5434 559
1259 5375 1317 5416 ut
1369 5364 1588 5419 demum
1655 5377 1775 5436 post
1843 5375 2139 5428 multarum

560 5450 1384 5522 acerb:tatum'experientiam
1441 5457 1682 5524 discant,
1723 5461 1918 5515 melius
1973 5462 2141 5521 fuisse

562 5545 877 5599 auscultare
930 5561 1093 5616 quam
1145 5562 1212 5602 eo
1272 5547 1618 5602 miseriarum
1672 5549 1952 5606 devenire.
2005 5554 2141 5608 Ber-

565 5632 796 5689 rbmotze
844 5638 1074 5706 epistola
1111 5639 1263 5706 prius
1301 5638 1618 5707 imperatori
1651 5650 1892 5714 ostensa,
1933 5644 2014 5698 sic
2050 5664 2139 5702 re-

563 5720 938 5789 scripseram;
965 5725 1120 5780 llaud
1147 5726 1370 5791 mirum,
1395 5727 1744 5798 Apocaucbe,
1767 5730 1912 5806 quod
1937 5745 2135 5792 contra

2241 4632 2440 4691 σαντα,
2468 4647 2520 4682 τι
2556 4630 2662 4683 ὑπὸ
2703 4631 2898 4684 τούτου
2935 4631 3288 4701 ὡφελεῖσθαι,
3331 4635 3418 4686 διὰ
3470 4633 3528 4684 τὸ
3575 4627 3754 4698 Κράλην

2243 4719 2610 4773 πυνθάνεσθαι
2648 4722 2882 4786 σπονδὰς
2905 4722 3050 4792 ἔχειν
3076 4726 3212 4790 πρὸς
3259 4726 3421 4778 αὑτὸν
3451 4728 3540 4778 καὶ
3573 4733 3752 4789 συμμι-

2244 4809 2388 4880 χίαν.
2422 4810 2593 4864 Τοῦτο
2618 4811 2674 4865 δὲ
2698 4813 2850 4866 οὐδὲν
2877 4814 3068 4884 ἕτερον
3094 4812 3185 4888 ἦν,
3213 4817 3246 4886 ἦ
3273 4819 3480 4886 ἀπάτη,
3519 4816 3603 4868 καὶ
3630 4825 3754 4880 pavr-

2245 4903 2463 4972 κισμός.
2505 4905 2727 4974 Κράλης
2764 4905 2872 4976 γὰρ
2911 4907 3012 4977 ήδη
3042 4909 3291 4978 φανερῶς
3343 4912 3472 4979 ἡμῖν
3495 4901 3750 4974 προσθέμε-

2239 5011 2349 5059 νος,
2377 4996 2572 5066 εκείνῳ
2608 4996 2815 5064 ἔγνωκε
2855 4999 3140 5068 πολεμεῖν.
3192 5002 3253 5053 El
3285 5002 3386 5071 μὲν
3443 5000 3530 5053 οὖν
3559 4992 3752 5068 μεταϐα-

2238 5087 2421 5151 λόντες
2449 5090 2519 5139 τὰ
2544 5091 2697 5158 κοινῇ
2735 5107 2795 5142 τε
2825 5092 2962 5154 πᾶσι
3009 5092 3102 5143 καὶ
3152 5094 3333 5160 σφίσιν
3368 5093 3540 5155 αὐτοῖς
3580 5089 3750 5140 λυσιτε·

2241 5171 2437 5230 λοῦντα
2470 5177 2708 5245 ἕλοισθε,
2732 5181 2908 5233 ταῦτα
2928 5181 2985 5233 δέ
3015 5183 3152 5246 ἐστι,
3182 5183 3433 5252 κατέχειν
3457 5180 3644 5240 τοῦτον,
3679 5171 3751 5226 καὶ

2243 5271 2334 5323 τὸν
2370 5271 2618 5325 κίνδυνον
2666 5275 2742 5344 μὴ
2775 5274 2871 5343 ὲᾷν
2901 5273 3322 5344 διαδιδράσκειν,
3384 5275 3444 5326 οὐ
3475 5268 3634 5338 πολλῷ
3667 5267 3752 5333 γὰρ

2242 5362 2471 5434 ὕστερον
2517 5364 2826 5435 ἀφιξόμεθα
2877 5365 2966 5417 ἐπ’
3008 5367 3170 5418 αὑτὸν
3214 5367 3566 5437 πανστρατιᾷ,
3591 5364 3750 5431 ἄριστα

2243 5459 2604 5528 βουλεύσεσθε
2635 5460 2782 5532 ὑπὲρ
2820 5461 2974 5532 ὑμῶν
3011 5462 3218 5515 αύτῶνο
3271 5464 3476 5517 πολλῶν
3525 5461 3620 5529 γὰρ
3647 5456 3752 5508 ἀπο³

2243 5553 2471 5608 λαύσετε
2499 5555 2594 5606 καὶ
2652 5554 2906 5622 μεγάλων
2930 5553 3041 5608 τῶν
3079 5556 3231 5625 παρὰ
3281 5555 3534 5625 βασιλέως
3576 5565 3629 5600 τι
3678 5539 3750 5625 toti

2241 5638 2362 5692 νέου
2433 5637 2527 5690 καὶ
2569 5636 2703 5706 ἐμοῦ
2757 5624 3249 5715 εὐεργεσιῶν.λ⁶ίιν
3284 5624 3356 5692 δ’
3380 5635 3632 5705 ἁπειθῆτε,
3679 5624 3751 5678 καὶ

2241 5729 2434 5801 ἰκείνῳ
2473 5728 2891 5801 προστιθέμενοι
2924 5735 3045 5797 ταῖς
3087 5733 3331 5804 γνώμαις
3351 5773 3366 5798 ,
3398 5723 3645 5799 γνώσεσθε
3675 5732 3749 5770 πον
