4062 6290
1564 234 1601 277 ο

400 328 538 396 1065
620 379 631 384 -

1554 324 2088 403 IIl'STOltlAltUM
2132 330 2366 404 LIBER
2403 334 2513 406 Ill.

3464 421 3468 425 ι
3491 354 3628 418 1056

338 438 347 457 κ
396 446 582 516 λεμεῖν
608 448 763 517 ἡμῖν,
800 448 879 511 είς
906 449 1164 502 τοσοῦτον
1193 449 1449 515 ἀίουλίας
1476 452 1655 524 ἥξετε,
1714 455 1789 518 ὼς
1821 454 1958 525 μετά

2066 465 2167 510 tam
2195 456 2332 511 bene
2357 457 2426 512 de
2456 466 2510 512 te
2534 458 2791 513 meritum
2850 468 2907 513 et
2933 460 3342 530 quodammodo
3372 469 3626 523 condito-

399 541 601 608 πεῖραν
638 540 848 593 πολλῶν
878 540 1119 612 ἀνιαρῶν
1143 542 1380 610 εἴσεσθε,
1405 544 1479 606 ὡς
1517 544 1726 614 βέλτιον
1750 541 1818 616 ἦν
1843 546 1966 599 πεί-

396 630 592 684 θεσθαι
629 632 781 699 ἡμῖν,
839 632 971 700 πρὶν
1014 634 1094 697 είς
1124 634 1299 687 ταῦτα
1324 635 1504 705 ἥκειν.
1553 635 1966 708 Βερροιῶταιδὲ

406 723 608 792 ,ρανερὰ
644 723 723 792 τῷ
758 724 970 794 βασιλεῖ
997 725 1260 795 πρότερον
1312 729 1641 798 ποιήσαντες
1676 728 1746 781 τά
1778 729 1967 798 γράμ-

400 832 568 883 ματα,
597 815 764 868 Οὐδὲν
798 814 1134 885 θαυμαστὸν,
1166 817 1525 887 ἀντέγραφον,
1562 817 1886 889 ’Δπόκαυχε,
1919 819 1969 871 εἰ

398 903 493 957 τοῦ
528 906 699 958 πολλὰ
730 906 1181 978 εὐηργετηκότος.
1214 910 1308 962 καὶ
1360 910 1564 980 τρόπον
1585 910 1711 963 τινὰ
1752 909 1971 979 δεδημιο

392 992 733 1066 ὀυργηκότος
763 998 857 1050 καὶ
894 999 1057 1062 αὐτὸς
1107 999 1533 1066 κατεξαναστάς,
1580 1001 1851 1070 ὥσπερηὸ
1875 1001 1969 1054 τοῦ

396 1086 628 1155 ψεύδους
674 1089 860 1160 πατὴρ
885 1090 979 1144 καὶ
1016 1090 1110 1152 σὸς
1141 1089 1495 1156 διδάσκαλος,
1536 1090 1676 1144 κατὰ
1703 1089 1849 1143 Θεοῦ
1872 1090 1968 1144 τοῦ

401 1177 795 1246 πεποιηκότος,
850 1180 944 1233 καὶ
1017 1179 1385 1250 βλασφημίας,
1417 1179 1586 1250 ἀφίης
1656 1179 1775 1233 κατ’
1803 1178 1968 1234 αὐτοῦ

400 1268 623 1332 πολλάς.
652 1269 758 1324 Καὶ
794 1272 903 1338 γὰρ
957 1272 1209 1337 κάκεῖνος
1254 1272 1395 1327 κατά
1454 1270 1614 1327 Θεοῦ.
1670 1272 1805 1325 Οὐδὲ
1861 1271 1970 1342 γὰρ

400 1361 543 1414 κατά
570 1362 740 1416 τάλλα
793 1362 1071 1432 βασκάνου
1126 1365 1222 1418 καὶ
1266 1364 1504 1435 πονηροῦ
1545 1364 1794 1434 δαίμονός
1824 1379 1971 1427 τινος

400 1453 647 1518 ἀποδέεις
683 1456 789 1509 τῶν
819 1456 1215 1528 δξητασμένων
1250 1459 1343 1512 ἐπὶ
1370 1457 1570 1528 φθορᾷ,
1603 1458 1836 1528 αῖμασιν
1872 1456 1969 1510 ἀν-

403 1544 640 1617 θρώπων
673 1546 877 1617 χαίρων
910 1548 1005 1602 καὶ
1041 1548 1440 1618 στρεσλώσεσι,
1478 1549 1573 1602 καὶ
1614 1548 1825 1618 τρυφὴν
1851 1563 1972 1602 ποι-

398 1636 626 1706 ούμενος
651 1637 747 1701 τὰς
771 1637 973 1708 ἐτέρων
993 1640 1299 1710 συμφοράς.
1333 1642 1396 1695 Ἀ
1429 1641 1527 1711 μὲν
1552 1636 1645 1694 οῦν
1662 1640 1968 1710 γέγραφας,

398 1727 643 1797 ἀκριϐῶς
677 1729 860 1798 ἔχεται
900 1728 995 1782 τοῦ
1025 1730 1180 1800 φίλου
1222 1731 1452 1801 ψεύδους
1488 1750 1503 1764 ο
1535 1732 1632 1786 καὶ
1658 1732 1847 1786 τούτου
1868 1732 1969 1802 χά-

2068 561 2183 599 rem
2209 554 2359 600 tuum
2386 554 2439 601 et
2463 545 2599 617 ipse,
2624 548 2767 604 sicut
2791 551 3059 606 mendacii
3091 562 3247 623 pater
3295 564 3349 610 et
3378 559 3633 629 magisner

2070 645 2196 693 tuus
2243 645 2437 692 contra
2490 639 2662 694 Deum
2715 641 3101 700 fabricatorcm
3152 660 3334 709 suum,
3374 648 3631 720 insurgis,

2068 736 2291 795 tamque
2328 728 2620 785 immodice
2668 732 2977 789 maledictis
3019 750 3146 789 cum
3203 736 3464 803 incessis;
3508 756 3632 794 nam

2069 827 2123 870 et
2158 818 2248 874 ille
2280 819 2473 876 Deum.
2506 821 2693 892 Neque
2719 839 2851 879 vero
2883 834 3080 880 caetera
3118 827 3304 884 invido
3334 830 3522 900 aliquo
3580 846 3636 887 et

2070 907 2310 991 maligno
2340 908 2611 972 daemone,
2642 925 2708 966 ex
2738 912 2807 968 iis
2833 914 2925 980 qui
2960 915 3028 969 ad
3057 916 3282 971 exitium
3312 920 3637 974 mortalibus

2070 996 2478 1067 importandum
2506 1002 2790 1057 exercitati
2819 1014 2965 1069 sunt,
2991 1005 3219 1061 inferior
3246 1023 3326 1067 es.
3348 1011 3634 1080 sanguine.

2071 1090 2338 1144 tortuosis
2368 1090 2599 1147 fallaciis
2629 1094 2899 1162 gaudens,
2933 1104 2990 1151 et
3034 1097 3266 1152 aliorum
3299 1101 3637 1159 calamitates

2069 1193 2169 1248 pro
2201 1180 2419 1236 deliciis
2444 1182 2675 1237 habens.
2703 1182 2835 1251 Qua:
2867 1186 3034 1255 igitur
3059 1190 3356 1260 scripsisti,
3381 1207 3637 1262 expresse

2070 1286 2195 1325 eum
2224 1271 2533 1337 mendacio,
2572 1274 2719 1344 quod
2767 1276 2863 1331 tibi
2912 1278 3149 1333 amicum
3195 1288 3301 1345 est,
3350 1283 3639 1353 conjuncta

2070 1366 2199 1414 sunt
2229 1376 2243 1414 :
2278 1360 2512 1432 ideoque
2533 1378 2622 1429 ea,
2648 1374 2708 1418 ut
2741 1366 2928 1422 multis
2968 1367 3134 1438 digna
3167 1369 3460 1432 barathris.
3493 1372 3642 1442 abje-

2075 1451 2272 1507 cimus.
2299 1452 2478 1508 Unum
2514 1457 2913 1521 tantummodo.
2956 1474 3066 1514 non
3096 1461 3316 1530 quidem
3348 1477 3416 1517 ex
3458 1474 3641 1518 mente

2071 1551 2183 1606 tua,
2218 1543 2312 1598 sed
2345 1552 2405 1598 ut
2433 1560 2536 1600 uos
2567 1548 2749 1609 decet,
2801 1550 3206 1617 praestabimus.
3248 1551 3638 1621 Imperatorem

2071 1632 2342 1725 siquidem
2392 1650 2501 1690 non
2562 1638 2738 1692 solum
2790 1654 2891 1708 pro
2952 1640 3183 1707 viribus,
3228 1641 3324 1696 sed
3371 1654 3429 1699 et
3475 1659 3643 1713 supra

2072 1724 2241 1789 vires,
2271 1724 2317 1779 si
2345 1725 2450 1781 dici
2487 1735 2684 1796 potest,
2724 1729 2866 1798 apud
2898 1745 3000 1787 nos
3037 1732 3419 1791 retinebimus.
3454 1732 3560 1800 Qui
3592 1734 3641 1790 si

403 1788 512 1887 ριν,
536 1788 638 1880 ὠς-
664 1788 877 1870 «Sum
908 1788 1048 1882 ἀξια,
1080 1788 1392 1892 βαράθρων,
1424 1788 1833 1894 ἀπερρίψαμεν.
1869 1788 1964 1874 :Ev

2073 1817 2128 1870 in
2160 1830 2261 1871 vos
2286 1832 2438 1871 arma
2470 1821 2730 1883 moverit,
2780 1837 2887 1876 una
2934 1837 3253 1893 sequemur,
3296 1840 3644 1897 pugnamque

395 1910 458 1963 δὲ
496 1911 655 1979 μόνον
706 1910 1119 1980 πεισθησόμεθα
1149 1912 1418 1984 ἀκριδῶς,
1466 1913 1529 1965 οὐ
1555 1913 1697 1966 κατά
1730 1913 1837 1983 τὴν
1863 1914 1963 1982 σὴν

2072 1903 2270 1974 cupide
2317 1920 2695 1975 capessemus.
2749 1909 2905 1978 Quod
2961 1911 3005 1964 si
3054 1913 3276 1983 quando
3318 1917 3643 1986 corporibus

395 2002 661 2066 διάνοιαν,
705 2002 819 2055 ἀλλ’
851 2002 928 2066 ὡς
959 2004 1093 2074 ἡμῖν
1134 2004 1425 2073 προσήκει.
1491 2002 1725 2057 Βασιλέα
1758 2004 1869 2075 γὰρ
1903 2004 1964 2057 οὐ

2067 2010 2170 2050 nos
2204 1995 2440 2068 disjungi
2469 2001 2781 2070 contigerit,
2811 2004 3101 2059 sententiis
3126 2015 3275 2061 certe
3347 2017 3405 2063 et
3444 2008 3642 2063 volun-

398 2095 563 2162 μόνον
591 2094 740 2164 πάσῃ
767 2093 995 2163 δυνάμει
1039 2093 1341 2164 καθεξομεν
1391 2093 1521 2163 παρ’
1544 2095 1779 2160 ἑαυτοῖς,
1829 2094 1966 2148 ἀλλά

398 2186 497 2239 καὶ
524 2187 665 2256 ὑπὲρ
687 2185 941 2253 δύναμιν,
970 2188 1017 2239 εί
1044 2180 1156 2240 οἷόν
1182 2202 1243 2239 τε
1270 2187 1467 2239 εἰπεῖν·
1497 2186 1697 2257 δεῆσαν
1716 2187 1773 2239 δὲ
1806 2202 1968 2255 στρα-

396 2278 580 2331 τεύειν
622 2279 710 2346 ἐφ’
736 2278 901 2348 ὑμᾶς,
935 2279 1030 2332 καὶ
1102 2276 1257 2331 αὐτοὶ
1286 2277 1630 2348 συνεψόμεθα
1676 2279 1771 2332 καὶ
1803 2295 1966 2331 συνα-

396 2368 748 2439 γωνιούμεθα
804 2367 1119 2440 προθύμως.
1173 2369 1237 2422 El
1271 2368 1328 2422 δέ
1373 2386 1504 2423 ποτε
1566 2369 1811 2440 συμϐαίη
1853 2371 1969 2425 δια·

395 2461 595 2529 στῆναι
624 2461 718 2514 καὶ
746 2461 859 2524 τοῖς
882 2459 1152 2530 σώμασιν,
1187 2458 1301 2513 ἀλλ’
1326 2460 1388 2513 οὐ
1429 2460 1548 2525 ταῖς
1580 2460 1845 2523 διανοίαις
1870 2461 1966 2515 καὶ

393 2554 475 2625 τῷ
513 2552 822 2624 βουλομένῳ
850 2552 949 2621 τῆς
976 2547 1180 2622 ψυχῆς.
1237 2551 1500 2614 Ἐκείνοις
1524 2550 1634 2621 γὰρ
1663 2550 1804 2604 οὕτω
1844 2568 1970 2605 συν-

398 2645 665 2715 εσόμεθα,
727 2643 803 2707 ὡς
852 2643 945 2696 καὶ
973 2642 1191 2713 νύκτωρ
1237 2644 1333 2697 καὶ
1406 2640 1525 2712 μεθ’
1552 2643 1767 2713 ἡμέραν
1813 2642 1968 2698 οὐδὲν

392 2735 527 2793 ἄλλο
561 2734 762 2806 μᾶλλον
803 2731 1081 2803 προῦργου
1114 2733 1498 2803 ποιησόμενοι,
1546 2732 1580 2802 ἢ
1611 2732 1710 2803 τῆς
1759 2733 1967 2787 ἐκείνου

394 2831 540 2903 πρὸς
567 2830 715 2900 ἡμᾶς
755 2826 1049 2898 εὐμενείας
1104 2826 1243 2892 ἄξιοι
1270 2827 1527 2896 φανῆναι.
1578 2825 1699 2879 Τῶν
1726 2825 1967 2881 ἀπειλῶν

392 2923 455 2976 δὲ
505 2922 611 2975 τῶν
685 2920 795 2975 σῶν
849 2918 1106 2974 τοσοῦτον
1169 2918 1452 2988 ἀπέχομεν
1480 2980 1487 2986 ,
1515 2906 1968 2988 ἒπιστρέφεσθαι,

2072 2085 2279 2141 tatibus
2312 2102 2426 2143 non
2462 2090 2741 2161 continget
2774 2108 2789 2143 :
2827 2093 3028 2162 quibus
3059 2094 3197 2151 adeo
3232 2088 3640 2167 copulabimur,

2052 2184 2132 2230 .ut
2174 2175 2291 2231 dies
2332 2186 2638 2251 noctesque
2685 2183 2893 2238 nullum
2950 2186 3125 2257 majus
3170 2202 3353 2257 opera:
3402 2190 3640 2258 pretium
3716 2176 3741 2198 ’

2068 2265 2314 2323 facturos
2362 2271 2763 2341 existimemus,
2819 2292 2986 2347 quam
3032 2280 3076 2334 si
3130 2295 3232 2335 nos
3280 2281 3400 2352 ejus
3451 2298 3639 2338 amore

2070 2356 2266 2428 dignos
2293 2360 2656 2430 praebeamus.
2679 2363 2813 2422 Tuis
2840 2375 3021 2421 autem
3047 2367 3211 2423 minis
3238 2385 3411 2440 usque
3433 2386 3501 2426 eo
3526 2388 3638 2427 non

2072 2466 2379 2519 movemur,
2425 2464 2483 2509 ut
2525 2464 2576 2511 te
2620 2456 2798 2527 ipsum
2835 2458 3120 2515 hortemur
3146 2462 3348 2532 potius,
3392 2463 3638 2520 divinam

2070 2543 2337 2599 ultionem
2368 2554 2609 2613 metuas,
2641 2558 2696 2603 et
2732 2549 2830 2604 tibi
2871 2565 2934 2606 ac
2974 2550 3102 2607 (iliis
3145 2552 3253 2607 tuis
3292 2553 3534 2623 insignes
3580 2555 3638 2608 in

2070 2639 2174 2697 hac
2202 2640 2314 2696 vita
2339 2656 2616 2698 aerumnas
2661 2652 2949 2714 exspectes
3000 2663 3015 2700 :
3061 2647 3155 2716 qui
3206 2663 3313 2702 non
3368 2648 3531 2703 modo
3580 2648 3638 2703 in

2070 2731 2483 2801 imperatorem,
2539 2732 2636 2789 sed
2685 2735 2741 2789 in
2792 2735 3071 2792 Romanos
3122 2739 3406 2794 universos
3460 2753 3638 2809 usque

2069 2822 2235 2879 hodie
2288 2822 2748 2881 sceleratissimus
2789 2825 3086 2895 exstiteris,
3134 2838 3190 2882 et
3233 2838 3357 2899 post
3401 2838 3637 2886 mortem

2072 2923 2341 2984 tormenta
2368 2916 2512 2989 apud
2542 2916 2771 2985 inferos,
2809 2934 2957 2989 quae.
2994 2918 3318 2984 latronibus,
3361 2921 3638 2994 plagiariis

394 3011 526 3066 ὥστ’
553 3010 704 3081 αὐτῷ
747 3027 829 3064 σοι
890 3008 1262 3081 παραινοῦμεν
1309 3007 1509 3077 μᾶλλον
1538 3006 1636 3078 τὴν
1688 3008 1797 3061 ἀπὸ
1830 3007 1964 3061 Θεοῦ

2069 3020 2129 3063 et
2166 3006 2478 3073 bomicidis,
2521 3009 2699 3079 qualis
2741 3018 2802 3065 tu
2848 3026 2930 3079 es,
2980 3013 3279 3068 constituta
3331 3026 3479 3070 sunt.
3523 3016 3638 3073 Nec

393 3106 553 3176 δίκην
599 3102 919 3167 δεδοικέναι,
979 3103 1074 3156 καὶ
1099 3101 1196 3155 νῦν
1249 3116 1312 3154 τε
1378 3100 1622 3169 μεγάλας
1674 3102 1963 3171 συμφορὰς

2067 3097 2217 3152 enim
2244 3097 2600 3154 obliviscetur
2626 3099 2896 3158 Dominus
2921 3100 3104 3158 facere
3133 3104 3432 3159 vindictam
3460 3104 3513 3159 in
3538 3122 3639 3160 na-

393 3195 719 3265 ἐκδέχεσθαι
759 3195 940 3264 σαυτῷ
973 3211 1032 3247 τε
1066 3194 1162 3247 καὶ
1197 3192 1411 3258 παισὶν,
1451 3192 1621 3257 οὕτως
1661 3192 1964 3247 ἀδικώτατα

2074 3189 2333 3256 tionibus,
2362 3200 2417 3244 et
2457 3190 2868 3261 iucrepationes
2905 3193 2962 3247 in
3003 3194 3242 3264 populis.
3273 3194 3383 3249 Nos
3416 3205 3632 3263 contra,

391 3288 456 3340 οὗ
487 3288 614 3357 περὶ
648 3285 871 3356 βασιλέα
905 3286 1084 3354 μόνον,
1120 3286 1256 3339 ἀλλὰ
1295 3288 1448 3356 κοινῇ
1482 3286 1613 3355 περὶ
1661 3284 1964 3354 Ῥωμαίους

2070 3284 2165 3353 qui
2193 3284 2460 3353 justitiam
2488 3301 2615 3341 cum
2651 3286 2887 3343 utilitate
2921 3298 3232 3357 spectamus
3258 3289 3314 3343 in
3353 3290 3630 3359 omnibus,

395 3378 494 3431 καὶ
517 3377 869 3447 διανοηθέντι,
901 3379 996 3431 καὶ
1025 3376 1313 3446 πράττοντι
1381 3376 1510 3447 ἀχρι
1537 3375 1654 3441 νῦν,
1702 3376 1796 3430 καὶ
1826 3376 1964 3446 μετὰ

2069 3390 2179 3430 non
2202 3374 2380 3431 solum
2418 3390 2636 3445 poenam
2669 3378 2897 3440 nullam,
2929 3381 3024 3434 sed
3052 3386 3200 3434 recte
3239 3380 3508 3435 factorum
3545 3398 3633 3434 re-

391 3469 675 3539 τελευτὴν,
702 3468 800 3539 τὴν
828 3470 885 3522 ἐν
906 3467 1034 3540 ᾅδου
1066 3467 1386 3539 καταδίκην,
1412 3467 1449 3539 ἢ
1470 3467 1717 3538 λησταῖς,
1734 3466 1840 3520 ’καὶ
1868 3467 1963 3521 ἀν-

392 3562 801 3631 δραποδισταῖς,
859 3561 951 3613 καὶ
1003 3558 1272 3628 φονεῦσιν,
1320 3552 1431 3624 οἷος
1484 3557 1962 3627 σὺ,ὴτοίμασται.

395 3652 473 3705 οὐ
505 3653 612 3723 γὰρ
635 3651 952 3723 ἐπιλήσεται
1017 3649 1222 3721 Κύριος
1254 3649 1350 3703 τοῦ
1408 3649 1636 3719 ποιῆσαι
1685 3647 1964 3718 ἐκδίκησιν

395 3747 456 3798 ἐν
489 3747 599 3807 τοῖς
629 3743 862 3810 ἔθνεσιν,
895 3742 1166 3813 ελεγμοὺς
1199 3743 1258 3795 έν
1283 3742 1391 3804 τοῖς
1407 3740 1580 3805 λαοῖς,
1607 3740 1769 3810 ἡμεῖς
1798 3739 1856 3792 δὶ
1886 3739 1963 3802 ὼς

394 3835 588 3889 δίκαιά
617 3851 677 3888 τε
726 3834 863 3904 ὁμοῦ
917 3835 1012 3887 καὶ
1068 3831 1416 3904 συμφέροντα
1461 3831 1627 3886 πᾶσιν
1675 3833 1960 3903 ᾑρημένοι,

392 3928 495 3997 οὐχ
522 3928 604 3981 ὅτι
655 3923 948 3996 τιμωρίας,
982 3924 1121 3978 ἀλλά
1173 3925 1270 3978 καὶ
1302 3922 1542 3994 ἀμοιϐὰς
1584 3924 1695 3977 τῶν
1740 3924 1960 3994 τρόπων

396 4017 732 4089 ἐκδεχόμεθα
775 4016 927 4087 παρὰ
956 4013 1114 4069 Θεοῦ.
1182 4013 1420 4068 Τοιαῦτα
1478 4013 1579 4083 μὲν
1619 4012 1961 4082 ἀντίγραφον

398 4109 549 4179 αὑτῷ
583 4111 636 4163 οῖ
672 4108 1030 4179 Βερῤοιῶται.
1075 4107 1317 4168 Ἐκεῖνος
1347 4104 1406 4158 δὲ
1444 4106 1568 4157 ἐπεὶ
1606 4105 1705 4177 τῆς
1732 4102 1959 4175 πρώτης

395 4203 590 4271 πείρας
620 4199 1021 4269 ἀπετύγχανεν,
1072 4197 1342 4268 ἐτράπετο
1387 4198 1482 4249 ἐπὶ
1543 4196 1822 4265 δευτέραν,
1860 4196 1958 4249 καὶ

276 4322 289 4330 ~
397 4291 747 4347 Ἀλουσιανόν
811 4307 935 4343 τινα
993 4287 1279 4359 δεσμώτην
1321 4286 1706 4357 κατεχόμενον,
1767 4286 1842 4347 ὼς
1890 4287 1959 4340 τὰ

395 4381 857 4454 Καντακουζηνοῦ
914 4381 1011 4435 τοῦ
1060 4379 1324 4451 βασιλέως
1374 4380 1668 4450 ᾑρημένον,
1749 4379 1956 4447 ἀγαθὸν

2069 3466 2508 3521 munerationem
2532 3466 2716 3537 potius
2736 3482 2767 3521 a
2790 3466 2903 3522 Deo
2925 3477 3324 3537 exspectamus.
3354 3467 3632 3525 Hactenus

2066 3557 2427 3615 Berrhaaotte.
2460 3557 2823 3628 Apocauchus
2857 3557 3038 3628 primo
3080 3568 3280 3615 conatu
3311 3558 3631 3627 frustratus,

2065 3650 2302 3705 alterum
2329 3649 2603 3714 adhibuit,
2634 3656 2691 3704 et
2715 3648 3039 3705 Alusianum
3063 3650 3377 3720 quemdam,
3403 3660 3465 3706 ut
3488 3650 3634 3706 Can-

2067 3741 2316 3797 tacuzcni
2379 3742 2642 3811 partium,
2694 3741 2935 3797 vinculis
2977 3740 3283 3809 detentum,
3339 3742 3631 3812 probatum

2064 3830 2432 3899 sagittarium,
2467 3829 2747 3885 venationi
2779 3829 3050 3896 deditum,
3088 3839 3145 3886 et
3191 3830 3245 3885 in
3286 3845 3350 3886 ea
3392 3839 3510 3887 arte
3551 3829 3632 3887 fa-

2063 3920 2257 3975 cienda
2279 3921 2659 3983 excellentem,
2696 3928 2909 3975 montes
2949 3934 3149 3975 aureos
3181 3920 3285 3990 ipsi
3353 3929 3411 3975 et
3439 3921 3628 3992 generi

2061 3998 2182 4080 ejus
2221 4009 2503 4078 pollicitus
2547 4008 2784 4074 induxit,
2834 4018 2895 4064 ut
2936 4010 3127 4065 furtim
3172 4010 3366 4082 sagitta
3415 4027 3628 4069 veneno

2060 4100 2198 4155 illita
2219 4099 2356 4170 (26),
2388 4099 2648 4171 qualibus
2682 4099 2826 4156 inter
2859 4100 3171 4158 venandum
3213 4103 3290 4169 uti
3320 4117 3627 4158 consueve-

2063 4201 2168 4260 rat,
2206 4193 2595 4265 imperatorem
2629 4192 2968 4259 vulneraret,
3005 4193 3208 4264 jubens
3235 4194 3535 4258 conlidere,
3565 4209 3624 4250 se

2060 4285 2341 4355 negotium
2377 4285 2496 4339 sine
2526 4283 2747 4353 negotio
2793 4283 3195 4339 confecturum.
3227 4284 3388 4357 560
3415 4286 3626 4341 Audie-

2062 4385 2149 4432 rat
2179 4375 2330 4433 enim
2369 4378 2810 4431 Cantaeuzenum
2844 4375 2946 4432 sub
2975 4385 3193 4431 noctem
3240 4378 3294 4432 in
3329 4378 3452 4435 loco
3492 4394 3629 4450 quo-

396 4437 771 4548 Lethaei};
806 4474 957 4538 ὄντα,
994 4437 1189 4543 θήραις
1224 4437 1331 4542 γὰρ
1358 4437 1666 4541 ἠᾟχδλητοξ
1684 4472 1777 4525 καὶ
1797 4437 1957 4541 ἀκρι-

2066 4470 2189 4524 dam
2219 4476 2411 4539 aperto
2438 4467 2616 4524 solere
2650 4466 2973 4531 consistere,
3016 4466 3203 4538 ibique
3245 4479 3397 4524 veste
3448 4471 3626 4540 posita

397 4571 507 4632 θῶς
541 4567 810 4638 ὲξήσκητο
839 4563 970 4635 περὶ
996 4564 1191 4630 ταῦτα,
1217 4566 1435 4618 ἔπεισεν
1469 4558 1528 4616 εὖ
1562 4563 1811 4632 ποιήσειν
1831 4561 1957 4615 πολ-

394 4660 465 4711 λὰ
495 4655 956 4724 ἐπαγγειλάμενος
991 4653 1152 4706 αὑτὸν
1182 4654 1276 4707 καὶ
1327 4653 1504 4721 γένος,
1538 4653 1588 4705 εί
1624 4652 1782 4721 ,βέλει
1813 4651 1957 4720 τρῶ-

397 4766 513 4801 σειε
572 4748 743 4817 λάθρα
772 4746 1000 4816 βασιλέα
1062 4744 1375 4814 δηλητηρίῳ
1450 4744 1818 4815 κεχρισμένω,
1876 4738 1958 4806 οἷς

393 4838 631 4909 χρῆσθαι
676 4835 865 4890 εἴωθεν
892 4837 988 4888 ἐπὶ
1019 4832 1203 4904 θηρία.
1242 4828 1481 4903 Παρῄνει
1507 4849 1566 4885 τε
1598 4831 1846 4913 θαρρεῖν,
1879 4831 1957 4894 ὡς

396 4931 574 4999 ῥᾷστα
625 4929 718 4981 καλ⁸
748 4928 845 4982 σὺν
867 4926 1044 4979 οὐδενὶ
1067 4925 1215 4994 πόνῳ
1248 4924 1308 4976 τὸ
1345 4923 1576 4993 πρᾶγμα
1602 4910 1954 4977 διανύσαντα,

399 5022 605 5073 ’ίικουε
631 5022 739 5090 γὰρ
784 5019 1010 5089 βασιλέα
1056 5014 1510 5086 Καντακουζηνὸν
1564 5015 1813 5069 εἰωθέναι
1854 5014 1956 5084 μά-

2058 4561 2127 4616 ab
2159 4558 2350 4614 aestivo
2375 4558 2557 4614 calore
2584 4572 2783 4627 corpus
2828 4556 3174 4627 refrigerare,
3210 4557 3263 4611 in
3295 4572 3405 4628 quo
3440 4569 3626 4628 posset

2056 4651 2345 4709 commode
2376 4651 2510 4720 peti.
2549 4649 2726 4719 Atque
2748 4648 2865 4703 haec
2901 4647 3265 4717 sagittarium,
3306 4663 3406 4702 nec
3439 4649 3621 4718 ipsum

2058 4743 2164 4798 loci
2215 4743 2488 4813 ignarum,
2535 4739 2787 4794 docebat.
2830 4736 2935 4804 Qui
2983 4751 3205 4792 carcere
3238 4737 3406 4792 levari
3456 4739 3624 4794 vehe-

2061 4841 2277 4888 menter
2302 4830 2553 4901 cupiens,
2584 4828 3099 4899 promissorumque
3118 4828 3491 4896 priestantiam
3521 4830 3622 4885 be-

2062 4900 2389 4979 neﬁciorum
2418 4900 2720 4992 reputans;
2742 4923 2971 4989 “operam
3010 4918 3277 4973 condixit.
3308 4918 3621 4975 Berrbteani

2062 5014 2363 5083 ingressus,
2395 5022 2557 5066 nocte
2584 5011 2870 5083 ingruente
2914 5008 2981 5062 ad
3028 5007 3207 5063 locum
3254 5008 3483 5075 accedit,
3512 5009 3621 5064 im-

1620 5178 1835 5240 Jacobi
1868 5179 2131 5242 Pontani
2158 5185 2343 5241 notua.

474 5308 590 5376 (26)
614 5307 740 5363 Fuit
761 5305 865 5362 hoc
891 5305 1018 5360 olim
1046 5301 1102 5356 in
1144 5298 1649 5376 niore_qliib_ti_stlani
1674 5299 1949 5369 gentibus.

401 5369 659 5435 De'Lli'bis
691 5376 982 5444 Etliiopize
1012 5372 1226 5449 populis
1268 5369 1429 5421 Silius
1458 5369 1595 5421 libro
1624 5384 1687 5449 ⁸ιιι
1723 5384 1741 5423 ι

1107 5442 1469 5503 scelerataque
1496 5442 1661 5490 succis

542 5514 753 5581 Spicula
783 5514 1033 5581 dirigere,
1067 5519 1114 5564 et
1138 5512 1338 5578 ferrum
1360 5508 1623 5574 infamare
1648 5523 1863 5562 veneno.

468 5585 739 5656 Virgilius.
760 5581 1063 5656 tx,/Eneid
1093 5594 1111 5631 :
1433 5647 1452 5656 Δ
1484 5645 1515 5656 η

475 5646 796 5709 vastatorem
825 5654 1075 5719 Amycum
1107 5665 1126 5703 :
1159 5665 1260 5719 quo
1286 5664 1389 5700 non
1425 5646 1636 5714 felicior
1663 5646 1802 5700 alter

470 5724 672 5793 Ungere
701 5722 808 5775 tela
838 5734 1020 5782 manu,
1051 5720 1348 5786 ferrumque
1379 5731 1592 5768 armare
1620 5730 1834 5769 veneno.

716 5816 983 5875 ΡΑτιιοι..
1040 5813 1154 5875 Gn.
1200 5812 1403 5873 CLlll.

879 5469 1088 5483 .0.—

2060 5297 2128 5353 Et
2154 5299 2295 5357 libro
2323 5313 2355 5351 ι
2382 5316 2397 5351 :

2134 5367 2439 5439 {equoque
2470 5369 2822 5439 magnanima:
2849 5369 3109 5430 viderunt,
3130 5364 3351 5428 Ismare,
3372 5372 3548 5434 gentes

2134 5436 2361 5507 Vulnera
2382 5436 2631 5507 dirigere,
2654 5448 2703 5507 et
2737 5440 2968 5491 calamos
2996 5453 3210 5490 armare
3231 5452 3440 5491 veneno.

2069 5506 2222 5560 Adde
2255 5506 2558 5574 Horatium,
2588 5508 2691 5561 ode
2722 5508 2809 5564 2'2.
2840 5507 2932 5560 lib.
2968 5521 2983 5559 ι
3012 5525 3025 5560 ;
3236 5518 3245 5528 '
3366 5528 3373 5537 ’

2242 5575 2359 5629 Non
2386 5586 2495 5645 eget
2532 5575 2709 5629 Mauri
2729 5576 2947 5644 jaculis,
2976 5592 3067 5628 nec
3090 5590 3243 5638 arcu,

2248 5645 2358 5698 Nec
2396 5646 2663 5698 venenatis
2688 5646 2905 5713 gravida
2935 5646 3141 5708 sagittis

2423 5714 2581 5767 Fusce
2604 5715 2876 5785 pharetra.

3256 5808 3333 5869 3'4
