4062 6290
351 375 487 439 106’)

1535 368 2082 439 IIlSTORlMiUM
2124 372 2356 436 LIBER
2404 374 2519 436 lli.

3481 372 3620 438 107i)

349 497 408 549 ὲν
431 490 803 565 Θεσσαλονίκῃ
871 492 1056 564 κρύφα
1086 491 1451 562 διαλέγεσθαι,
1484 496 1579 549 καὶ
1605 494 1940 564 διαφθείρειν

2053 507 2247 563 eosque
2269 500 2718 561 corrumperent,
2747 489 2893 560 quod
2917 490 3121 560 aliuqui
3149 489 3295 559 longi
3358 491 3626 559 temporis

350 587 479 649 τοὺς
547 586 807 648 συνόντας
858 586 1091 657 βασιλεῖ,
1147 585 1233 656 ἐφ’
1265 580 1347 651 οἷς
1393 586 1591 641 πολλοῦ
1636 604 1696 641 τε
1736 587 1929 658 χρόνον

352 678 449 732 καὶ
491 677 747 748 μεγάλων
775 676 1059 748 δεήσονται
1119 678 1518 748 ἀναλωμάτων,
1575 679 1608 750 ἢ
1658 679 1709 732 εί
1759 680 1933 734 ταῦτα

347 769 582 840 δυσχερῆ
617 767 708 823 διά
739 767 841 839 τὴν
867 768 1079 823 ἔνδειαν
1117 769 1227 823 τῶν
1269 771 1593 841 χρημάτων,
1623 788 1938 843 παρασκευ-

347 861 656 931 ασαμένους
691 861 831 914 ίέναι
862 860 952 914 ἔπ’
993 862 1220 926 ἐκεῖνον,
1243 860 1320 926 ὠς
1356 865 1413 916 ἐν
1442 862 1617 935 ταύτῃ
1664 865 1730 934 τῇ
1786 863 1933 938 μάχῃ

351 957 484 1023 περὶ
515 953 625 1007 τῶν
659 951 798 1006 ὅλων
830 953 1324 1022 διαγωνισαμένους
1360 954 1498 1024 πρὸς
1527 953 1712 1009 αὐτόν.
1763 953 1936 1006 Ἐκεῖ-

349 1062 442 1098 νον
473 1044 585 1115 γάρ
614 1043 816 1097 εἰδέναι
850 1045 1050 1108 οὐκοᾶν
1078 1046 1530 1115 ἀποστησὸμενον
1572 1046 1671 1115 τῆς
1736 1046 1939 1115 μάχης.

348 1134 468 1188 οὐδὲ
526 1133 907 1203 ὑπομενοῦντα
983 1135 1183 1205 τειχῶν
1269 1135 1422 1197 ἐντὸς
1498 1134 1938 1207 πολιορκεῖσθαι,

354 1224 458 1278 κᾶν
483 1224 651 1295 είδείη
684 1225 778 1277 καὶ
809 1225 1125 1294 σαφέστατα
1156 1223 1378 1296 ἐκείνην
1411 1224 1511 1296 τὴν
1567 1225 1779 1295 ἡμέραν
1839 1241 1940 1295 μα-

350 1316 580 1386 χόμενος
611 1314 921 1383 πεσεῖσθαι,
983 1315 1217 1385 μάλιστα
1272 1315 1740 1386 ἐπαγγειλάμενον
1804 1319 1942 1385 μετά

349 1405 545 1476 τρίτην
580 1406 795 1476 ἡμέραν
824 1407 917 1459 ἐπὶ
949 1407 1010 1459 τὸ
1034 1406 1312 1478 ἡμέτερον
1356 1407 1511 1479 ἥξειν
1572 1407 1942 1478 στρατόπεδον

355 1498 720 1569 μαχούμενον.
751 1498 815 1551 Oi
851 1499 949 1569 μὲν
986 1499 1080 1554 οὖν
1130 1501 1280 1554 ἄλλοι
1310 1501 1508 1564 πάντες
1565 1501 1938 1571 συνεπεψηιρί-

362 1590 538 1655 {ev-.0,
574 1591 670 1643 καὶ
701 1591 810 1644 οὐδ’
838 1592 994 1647 αὐτοί
1016 1610 1069 1646 τι
1097 1593 1303 1646 τούτων
1333 1593 1502 1664 χωρὶς
1525 1593 1789 1663 πράττειν
1814 1596 1945 1661 εφα-

360 1701 461 1739 σαν
494 1685 773 1752 προσῆκον
796 1679 955 1739 εἶναι.
1003 1684 1096 1754 Τῷ
1125 1685 1347 1755 μεγάλῳ
1371 1686 1427 1739 δὲ
1454 1685 1607 1738 δουκὶ
1659 1684 1694 1753 ἧ
1745 1700 1804 1736 τε
1839 1685 1942 1752 μά-

353 1794 426 1846 χη
464 1776 672 1848 φοϐερά
695 1777 896 1841 ἐδόκει,
923 1778 1019 1831 καὶ
1047 1780 1108 1831 τὸ
1139 1777 1440 1849 διατρίϐειν
1472 1780 1529 1831 ὲν
1568 1776 1942 1846 Θεσσαλονίκῃ

2042 594 2097 639 (ιι
2154 584 2437 638 immodici
2493 592 2749 646 sumptus
2807 597 2897 637 res
2946 582 3131 637 futura
3183 582 3275 646 sit,
3310 582 3392 636 vel
3442 583 3487 636 si
3522 583 3628 637 hoc

2040 676 2265 731 tliiiicile
2295 676 2569 741 videatur,
2601 693 2728 731 cum
2769 675 3025 745 pecuniis
3076 676 3180 745 ipsi
3228 675 3623 737 destituuntur,

2048 783 2168 823 sese
2199 767 2254 821 in
2292 781 2420 823 eum
2475 777 2822 838 comparent,
2859 776 2914 822 et
2946 783 3057 822 uno
3097 767 3293 837 prmlio‘
3317 766 3387 822 de
3413 782 3625 821 summa

2044 862 2261 931 imperii
2308 876 2435 916 cum
2487 877 2554 916 eo
2606 842 3100 915 dimicent.Nosse
3146 859 3292 913 enim
3346 875 3423 921 se,
3475 859 3628 912 illum
3694 882 3698 887 α

2051 968 2287 1022 pugnant
2314 968 2424 1006 nun
2456 951 2981 1022 subterfugiturum,
3018 966 3198 1020 neque
3232 965 3290 1004 se
3324 950 3470 1003 intra
3506 966 3631 1003 iuu-

2044 1058 2136 1097 rus
2196 1042 2435 1098 obsideri
2461 1057 2775 1113 passurum,
2799 1043 3016 1098 etiamsi
3057 1042 3149 1096 illo
3180 1042 3301 1111 ipso
3332 1040 3426 1096 dic
3447 1055 3507 1095 se
3538 1032 3634 1095 ea!

2046 1150 2235 1187 surum
2261 1133 2704 1203 exploratissimo
2727 1134 2890 1198 sciat,
2919 1135 3155 1188 maxime
3183 1148 3308 1187 cum
3341 1141 3466 1201 post
3487 1134 3631 1187 diem

2047 1227 2270 1279 tertiqu
2299 1227 2364 1279 ad
2407 1241 2599 1279 eorum
2649 1236 2826 1281 castra
2864 1237 3156 1281 venturum
3214 1226 3625 1279 conﬂicturum-

2046 1334 2154 1387 que
2179 1318 2517 1388 promiserit.
2551 1318 2651 1374 ilic
2677 1319 2765 1373 alii
2797 1334 2993 1375 omnes
3020 1319 3280 1374 assentiri
3344 1328 3401 1373 et
3427 1322 3631 1373 mulir-

2048 1424 2235 1474 marc,
2294 1408 2458 1465 aliter
2512 1410 2814 1481 quidquam
2865 1411 2952 1481 agi
3013 1411 3244 1466 minime
3305 1412 3631 1466 convenire.

2056 1501 2251 1570 Magno
2295 1513 2484 1558 autem
2520 1503 2649 1558 duci
2685 1512 2741 1557 rt
2771 1504 2942 1558 anuis
2974 1519 3311 1559 concurrere
3340 1503 3632 1568 horribile,

2045 1604 2101 1648 et
2124 1594 2529 1650 Thessalonicae
2560 1595 2655 1650 diu
2696 1595 2927 1660 haerere,
2961 1596 3175 1666 magnis
3209 1610 3274 1650 ac
3303 1596 3634 1649 necessariis

2047 1686 2324 1741 defectum
2348 1688 2668 1758 sumptibus
2686 1687 3056 1753 intolerabile,
3080 1696 3136 1743 ct
3163 1687 3308 1743 nulla
3334 1702 3393 1742 re
3413 1688 3635 1757 penitus

2050 1778 2285 1849 alicujus
2330 1779 2590 1833 momenti
2626 1788 2941 1849 perpetrata
2977 1780 3201 1844 reverti,
3236 1779 3477 1834 infamia!
3518 1779 3636 1848 plc-

310 1870 314 1876 ’
365 1871 558 1939 χρόνον
616 1870 789 1923 πολὺν
840 1871 929 1924 διὰ
967 1871 1028 1925 τὸ
1070 1871 1179 1924 τῶν
1218 1870 1613 1940 ἀναλωμάτων,
1658 1866 1733 1925 ὧν
1774 1870 1941 1922 ἐδεῖτο

2053 1885 2182 1923 nqu
2247 1868 2552 1925 videbatur.
2614 1870 2807 1925 Potius
2874 1879 3056 1925 tamen
3111 1871 3504 1946 declinandum
3563 1883 3634 1923 ex

353 1960 557 2031 πλῆθος
582 1962 956 2039 οΰκκάνεκτδν,
994 1964 1089 2016 καὶ
1134 1962 1197 2016 τὸ
1247 1963 1414 2033 μηδὲν
1460 1963 1596 2026 ὅλως
1649 1961 1943 2025 δοκοῦντας

356 2048 507 2120 ἀξιον
567 2055 729 2123 λόγου
786 2056 1135 2127 πεπραχότας
1199 2056 1561 2128 ἀναστρέφειν
1627 2057 1943 2125 αἴσχιστον.

375 2143 660 2199 Ἐϐούλετο
685 2145 742 2200 δὲ
774 2144 1009 2219 μάλιστα
1038 2147 1099 2200 τό
1133 2164 1190 2200 τε
1222 2145 1650 2200 διακινδυνεύειν
1674 2145 1814 2216 πρὸς
1845 2145 1943 2214 βα-

364 2234 518 2290 σιλέα
547 2222 956 2308 παραιτεῖσθαι,
990 2237 1086 2291 καὶ
1112 2238 1412 2308 πρόσχημα
1445 2254 1495 2290 τι
1525 2236 1764 2303 εὐδοξίας
1797 2236 1945 2306 ἔχονι

357 2347 430 2382 τα
475 2329 814 2384 ἐπανελθεῖν.
872 2328 1197 2401 Μονομάχος
1264 2328 1345 2382 δὲ’
1373 2330 1470 2397 τῆς
1513 2328 1680 2381 αὐτοῦ
1712 2327 1946 2391 διανοίας

355 2420 914 2491 καταστοχασάμενος
958 2420 1165 2486 καλῶς,
1198 2418 1365 2491 ἤρετο
1409 2423 1458 2475 εί
1504 2419 1602 2474 καὶ
1655 2419 1817 2484 αὐτὸς
1847 2420 1945 2472 au-

354 2515 470 2576 τοῖς
503 2511 746 2584 βούλοιτο
774 2515 1013 2567 συνεῖναι
1040 2512 1134 2566 καὶ
1168 2514 1521 2584 στρατηγεῖν,
1555 2511 1651 2567 τού
1683 2513 1742 2566 δὲ
1786 2514 1947 2565 ἀπει-

356 2608 629 2677 παμένου,
657 2604 891 2672 Οὐκοῦν,
930 2604 1190 2675 ἔφασκεν,
1229 2607 1278 2658 εἰ
1310 2609 1407 2659 καὶ
1437 2607 1523 2659 σοὶ
1556 2604 1823 2668 συνδοκεῖ,
1848 2606 1948 2672 τὴν

360 2697 625 2770 στρατιὰν
661 2696 803 2769 ἔχων
849 2696 1035 2763 αὐτὸς,
1092 2694 1427 2764 ἐλευσόμεθα
1473 2696 1603 2769 ἄχρι
1657 2696 1944 2767 Βερῤοίαξ,

360 2791 456 2845 καὶ
490 2792 629 2862 μήτε
679 2789 1290 2860 στρατοπεδευσάμενοι
1318 2788 1510 2857 ἐγγὺς,
1543 2789 1685 2859 μήτε
1716 2788 1826 2842 τῶν
1853 2789 1944 2841 ἵπ-

359 2900 476 2937 πων
503 2882 826 2946 ἀποϐάντες,
863 2880 1001 2935 ἀλλά
1055 2880 1253 2952 μικρὸν
1296 2868 1761 2952 ἐνδιατρίψαντες,
1791 2881 1946 2949 τάχι-

362 2992 465 3029 στα
494 2975 944 3046 ἀναχωρήσομεν.
977 2972 1133 3027 Οὕτω
1170 2975 1279 3045 γὰρ
1329 2974 1432 3043 τήν
1463 2990 1523 3027 τε
1578 2972 1761 3045 μάχην
1809 2975 1946 3043 ἡμῖν

359 3067 631 3121 ἐκκλίνειν
674 3066 960 3137 περιέσται
986 3080 1001 3094 '
1029 3065 1092 3118 οὐ
1127 3065 1239 3136 γὰρ
1279 3067 1506 3136 ἀρκέσει
1547 3082 1612 3135 γε
1673 3068 1703 3119 ὁ
1756 3065 1947 3137 χρόνος

360 3162 477 3223 τοῖς
510 3158 796 3229 πολεμίοις
844 3157 1432 3230 παρασκευασαμένοις
1479 3158 1716 3221 ἐπιέναι,
1742 3159 1843 3230 τήν
1883 3174 1944 3209 τε

363 3251 582 3316 ἀδοξίαν
645 3249 1049 3323 ἀποτρίϐεσθαι
1112 3253 1226 3312 τοῖς
1289 3248 1570 3320 πολεμίοις
1635 3248 1946 3316 ἐπελθοῦσι,

360 3345 459 3399 καὶ
493 3344 752 3415 ποιήσασι
774 3343 1074 3415 τειχήρεις.
1110 3341 1271 3398 Οὕτω
1304 3342 1404 3413 μὲν
1434 3340 1528 3396 οὖν
1550 3343 1580 3395 ὁ
1623 3342 1950 3413 Μονομάχος

362 3433 545 3492 εἶπεν*
580 3436 782 3509 ἀρίστη
815 3436 874 3490 δὲ
908 3434 987 3505 τῷ
1024 3435 1247 3505 μεγάλῳ
1275 3433 1431 3488 δουκὶ
1474 3434 1732 3504 ἐφαίνετο
1755 3435 1789 3504 ή
1809 3433 1951 3502 γνὼ-

368 3545 468 3600 μη,
506 3529 603 3583 καὶ
655 3526 1029 3599 ἐπεψηφίζετο
1084 3527 1307 3592 αὐτίκα,
1343 3527 1441 3581 καὶ
1491 3527 1886 3598 ὲχειροτονεϊτο
1922 3526 1951 3579 ὁ

363 3620 691 3692 Μονομάχος
726 3619 821 3672 ἐπὶ
852 3620 990 3673 πᾶσι
1018 3619 1347 3690 στρατηγός.
1390 3618 1490 3681 Ὃς
1542 3617 1647 3688 τήν
1668 3634 1730 3670 τε
1777 3617 1949 3688 πεζὴν

364 3712 486 3783 ἅμα
526 3712 622 3765 καλ⁸
649 3711 751 3783 τὴν
786 3710 1016 3782 ίππικὴν
1061 3709 1350 3780 Ῥωμαίων
1380 3709 1521 3781 ἔχων
1571 3710 1827 3781 δύναμιν,
1853 3711 1949 3778 ἑγ-

363 3804 469 3870 γὺς
501 3801 702 3873 τειχῶν
731 3802 953 3870 ἐγένετο
979 3801 1267 3874 Βερῤοίας,
1327 3803 1454 3857 ὅσον
1478 3801 1556 3873 μὴ
1577 3802 1689 3858 ἀπὸ
1717 3801 1813 3857 τοῦ
1839 3802 1951 3855 τεί-

364 3911 495 3965 χους
531 3892 860 3965 βάλλεσθαι·
903 3893 963 3946 τὸ
1021 3893 1294 3962 Περσικὸν
1344 3894 1405 3948 δὲ
1450 3893 1802 3948 διεσκέδαστο
1857 3894 1951 3947 ἐπὶ

365 3983 698 4054 λεηλασίαν·
732 3984 827 4037 καὶ
852 3985 910 4036 ὲν
939 3983 1127 4053 ἡμέρᾳ
1178 3984 1278 4054 μιᾷ
1334 3984 1436 4053 τὴν
1500 3985 1629 4053 περὶ
1688 3983 1951 4055 Βέρῤοιαν

368 4078 588 4131 ἃπασαν
622 4075 824 4145 ἐπῆλθε
868 4075 994 4145 γῆν,
1053 4075 1149 4130 καὶ
1202 4074 1273 4128 τά
1333 4075 1572 4142 μέγιστα
1627 4074 1947 4128 ὲκάκωσενο

368 4169 687 4239 ἀνθρώπους
720 4186 782 4222 τε
810 4169 922 4240 γὰρ
975 4167 1440 4239 ἠνδραποδίσαντο
1483 4169 1579 4220 καὶ
1622 4167 1952 4220 ἀπέκτειναν

331 4261 622 4328 ηπολλοὺς,
649 4263 744 4317 καὶ
769 4261 1136 4332 βοσκημάτων
1182 4260 1392 4332 ἠλασαν
1441 4257 1670 4327 ἀγέλας,
1721 4259 1817 4311 καὶ
1871 4261 1952 4311 οἱ-

318 4398 334 4429 ι

319 4433 339 4456 ι.

321 4382 332 4422 ί
370 4352 498 4417 acia;
520 4351 835 4422 ἱνέπρησαν
859 4349 960 4414 τὰς
987 4351 1082 4405 ἐπὶ
1105 4351 1203 4413 τὰς
1250 4350 1467 4421 κώμας,
1493 4350 1587 4403 καὶ
1628 4348 1738 4403 τῶν
1772 4348 1950 4404 ἄλλων

370 4447 471 4498 ὅσα
502 4445 774 4514 προσήκει
797 4442 1117 4514 πολεμίους,
1145 4442 1360 4506 οὐδενὸς
1402 4441 1666 4512 ἠμέλουν.
1686 4440 1952 4503 Βασιλεὺς

2052 1960 2315 2016 conﬂictu
2346 1962 2654 2031 periculum
2680 2003 2696 2028 ,
2729 1969 2789 2017 et
2825 1977 2951 2016 cum
2982 1961 3213 2017 obtentu
3245 1962 3481 2031 quodam
3511 1962 3633 2031 glo-

2053 2055 2147 2108 rias
2179 2055 2573 2109 revertendum
2628 2053 3029 2109 constituebat.
3075 2054 3473 2108 Monomaelius
3511 2055 3634 2125 ejus

2048 2145 2416 2214 cogitationes
2436 2145 2754 2215 conjectura
2774 2144 2915 2199 bene
2939 2154 3247 2209 assecutus,
3283 2144 3480 2213 ecquid
3500 2144 3635 2214 ipsis

2048 2235 2242 2290 adesse
2287 2230 2345 2289 et
2388 2251 2592 2291 munus
2645 2236 2809 2291 ducis
2860 2236 3014 2305 iungi
3095 2236 3282 2298 vellet,
3310 2245 3636 2305 percuncta-

2052 2330 2232 2383 batur.
2270 2327 2391 2393 Quo
2419 2328 2722 2393 abnuente,
2753 2328 2926 2400 Igitur
2968 2329 3013 2383 si
3043 2327 3263 2398 probas,
3289 2326 3488 2397 inquit,
3527 2342 3627 2398 ego

2047 2421 2351 2477 exercitum
2383 2422 2578 2476 ducam
2606 2465 2620 2487 ,
2672 2431 2727 2476 et
2775 2421 2866 2476 ubi
2896 2422 3216 2476 Berrlioeam
3261 2424 3583 2475 venerimus
3607 2459 3625 2486 ,

2051 2526 2228 2580 neque
2263 2512 2494 2583 propius
2525 2521 2706 2566 castra
2756 2511 3094 2580 locabimus,
3138 2527 3320 2581 neque
3355 2511 3424 2566 ab
3475 2510 3635 2581 equis

2049 2602 2474 2668 descendemus,
2523 2603 2620 2659 sed
2670 2604 2897 2676 paulum
2944 2604 3146 2659 ibidem
3180 2604 3402 2670 morati,
3449 2605 3634 2659 statim

2051 2695 2374 2752 recedemus
2408 2713 2423 2750 :
2452 2696 2533 2752 sic
2559 2699 2709 2752 enim
2739 2696 2963 2751 dabitur
2994 2696 3153 2752 nobis
3188 2695 3439 2766 praelium
3459 2694 3636 2750 decli-

2053 2800 2185 2840 nare
2216 2786 2348 2857 (non
2382 2786 2530 2840 enim
2575 2796 2795 2857 tempus
2828 2787 2974 2841 bosti
3027 2786 3094 2841 ad
3123 2797 3186 2842 se
3250 2785 3635 2841 instruendqu

2050 2892 2261 2948 uosque
2316 2878 2662 2934 invadendos
2705 2878 2969 2949 suﬂiciet)
2999 2889 3057 2935 et
3100 2879 3414 2950 ignominia:
3457 2880 3637 2934 labem

2052 2969 2341 3039 repellere,
2372 2978 2572 3040 utpote
2606 2969 2701 3039 qui
2757 2968 2824 3024 ad
2877 2969 3068 3026 hostes
3122 2971 3544 3035 accesserimus,
3581 2979 3641 3026 et

2051 3058 2196 3112 intra
2239 3074 2426 3115 muros
2460 3074 2519 3115 se
2559 3069 2743 3115 tenere
2764 3062 3126 3132 coegerimus.
3160 3060 3426 3133 5628ic
3452 3061 3643 3117 Mono-

2055 3151 2302 3216 macbus,
2322 3153 2480 3224 cujus
2497 3154 2771 3207 sententia
2790 3152 3096 3209 delectatus
3111 3169 3342 3226 magnus
3364 3153 3493 3211 dux.
3516 3170 3637 3209 eam

2066 3245 2322 3312 protinus
2342 3245 2685 3315 approbavit,
2702 3253 2759 3299 et
2783 3244 3096 3301 declaratus
3107 3255 3193 3301 est
3218 3245 3335 3317 ipse
3351 3249 3637 3318 copiarum

2053 3330 2370 3399 imperator,
2406 3332 2832 3404 nerrbasamque
2851 3350 2974 3390 cum
2990 3335 3237 3406 peditatu
3263 3337 3427 3392 simul
3480 3341 3637 3410 equi-

2057 3432 2289 3494 tatuque
2317 3424 2564 3480 Romano
2590 3425 2843 3493 tendens,
2871 3442 2938 3482 eo
2960 3442 3134 3499 usque
3150 3432 3633 3502 appropinquavit,

2054 3526 2114 3569 ut
2141 3522 2294 3571 extra
2321 3516 2415 3571 teli
2450 3517 2657 3588 jactum
2689 3508 2858 3575 esset.
2899 3519 3079 3575 Persa:
3107 3522 3372 3585 continuo
3400 3526 3466 3579 ad
3495 3541 3639 3595 prae-

2052 3610 2176 3664 dam
2208 3611 2640 3685 conversihuno
2674 3612 2765 3669 die
2801 3621 2976 3670 totum
3026 3632 3218 3688 agrum
3253 3620 3463 3676 circum
3507 3623 3639 3679 Ber-

2056 3709 2266 3759 rbteam
2301 3705 2559 3760 maximis
2574 3720 2701 3761 cum
2726 3706 3075 3765 detrimentis
3093 3709 3468 3770 devastarunt.
3499 3702 3637 3772 Nam

2052 3807 2110 3851 et
2144 3795 2332 3851 multis
2366 3796 2653 3867 jugulatis,
2686 3812 2912 3869 magnos
2947 3801 3296 3870 captivorum
3327 3811 3636 3874 pecudum-

2054 3905 2161 3958 que
2183 3904 2376 3959 greges
2401 3890 2728 3960 abegerunt,
2752 3901 2805 3945 et
2823 3891 3035 3946 aedibus
3052 3898 3290 3965 pagatim
3317 3899 3634 3954 incendium

2057 3979 2382 4043 intulerunt,
2407 3980 2748 4049 reliquorum
2769 3983 3006 4052 denique
3024 3985 3289 4051 omnium,
3312 4003 3432 4057 qua:
3451 3989 3637 4049 hostes

2055 4070 2253 4135 solent,
2295 4070 2435 4124 nihil
2471 4072 2855 4139 neglexerunt.
2912 4073 3221 4145 Imperator
3274 4077 3534 4136 Bcrrlitea
3568 4087 3634 4139 ad

2056 4163 2472 4237 ilonomacbum
2529 4172 2586 4218 et
2622 4163 2792 4220 duces
2847 4166 3015 4221 misso
3067 4168 3246 4238 legato
3277 4211 3291 4236 ,
3346 4174 3637 4229 stultitiam

2056 4255 2166 4309 illis
2191 4253 2572 4324 exprobravit,
2600 4255 2745 4324 quod
2769 4272 2894 4310 cum
2920 4248 3129 4314 tantum
3158 4276 3188 4315 c
3215 4262 3479 4320 Romanis
3504 4269 3639 4323 solis

2056 4347 2327 4401 baberent
2358 4347 2681 4414 exercitum,
2724 4350 2931 4420 quique
2985 4366 3085 4421 per
3134 4369 3195 4408 se
3241 4357 3379 4425 ipsis
3431 4362 3635 4429 Oppoui

2057 4448 2264 4509 posset,
2297 4440 2454 4508 quasi
2490 4454 2557 4496 eo
2583 4439 2730 4496 haud
2758 4442 3090 4510 sufﬁciente,
3131 4446 3299 4501 etiam
3341 4450 3632 4517 Barbaros,

330 4526 429 4611 ﬁt
466 4536 530 4586 ὲκ
559 4534 826 4606 Βερῤοίας
854 4535 992 4604 πρὸς
1044 4534 1368 4604 Μονομάχον
1412 4531 1635 4603 πέμψας
1686 4530 1949 4603 πρεσδευ.

2059 4530 2127 4585 ad
2149 4533 2475 4586 atrociorem
2501 4531 2768 4588 Romanis
2792 4534 2959 4590 rebus
2983 4535 3197 4591 cladem
3219 4539 3635 4611 injungcndam,
3682 4558 3688 4582 -'

323 4608 491 4721 ξτὴν,
529 4626 735 4697 πολλὴν
804 4625 986 4679 αὐτῶν
1032 4623 1428 4694 ἀγνωμοσύνην
1479 4623 1800 4696 κατηγόρει,
1867 4623 1949 4676 ὅτι

2053 4622 2155 4678 sibi
2180 4621 2559 4680 adduxissent.
2576 4624 2716 4679 illud
2751 4636 2934 4680 tamen
2959 4626 3229 4696 viderent,
3264 4608 3335 4687 ne
3365 4608 3425 4688 se
3449 4648 3638 4704 pos:ea
3683 4618 3689 4625 ’

374 4719 642 4788 τοσαύτην
672 4718 900 4787 ἄγοντες
942 4716 1232 4785 Ῥωμαίων
1259 4715 1522 4785 στρατιάν
1553 4715 1651 4768 καὶ
1674 4713 1801 4771 καθ’
1824 4715 1952 4768 ἑαυ-

369 4813 470 4883 τὴν
526 4810 836 4881 δυναμένην
892 4807 1307 4862 ἀντιτάττεσθαι
1361 4805 1603 4876 αὐτῷ,οἰ
1640 4804 1685 4858 δ’
1764 4805 1951 4877 ὥσπερ
1998 4814 2003 4819 ’

372 4906 475 4958 οὐκ
510 4903 726 4967 ἐκείνης
759 4901 1101 4972 ὲξαρκούσης
1156 4899 1293 4971 πρὸς
1315 4899 1408 4953 τὸν
1455 4898 1714 4968 πόλεμον,
1742 4899 1952 4969 ἐπήγα-

377 5012 472 5063 γον
497 4992 648 5062 αὐτῷ
670 4994 765 5046 καὶ
809 4992 936 5054 τοὺς
986 4990 1318 5062 βαρϐάρους,
1349 4990 1438 5046 ἵνα
1469 4989 1668 5062 μᾶλλον
1720 4990 1790 5044 τὰ
1823 4991 1951 5044 Ῥω⁴
1975 4984 1989 4993 ’

376 5089 553 5157 μαίων
615 5086 1030 5161 διαφθείρωσιν.
1078 5085 1288 5138 Ἐκεῖνο
1318 5086 1507 5155 μέντοι
1552 5085 1660 5156 χρὴ
1711 5085 1953 5149 σκοπεῖν,

372 5182 521 5242 ὅπως
553 5177 827 5250 μηδεμίαν
858 5176 1010 5246 αᾷτῷ
1055 5174 1268 5247 μέμψιν
1298 5174 1528 5246 ὕστερον
1554 5175 1855 5242 ἐπάγωσιν,
1889 5173 1957 5228 ἂν

376 5273 488 5333 τοῖς
512 5269 645 5342 παρ’
676 5268 858 5323 αὐτῶν
897 5268 1199 5340 ὴργμένοις
1237 5266 1387 5332 τέλος
1425 5267 1740 5339 ὲπιθήσειεν
1774 5267 1957 5333 αὑτός.

396 5360 779 5430 Επηγγέλλετό
798 5378 856 5415 τε
876 5360 1392 5431 παρεσκευασμένος
1420 5355 1559 5413 εἶναι
1574 5358 1711 5430 πρὸς
1737 5358 1836 5426 τὴν
1859 5359 1961 5427 μά-

377 5471 480 5525 χην
506 5453 572 5524 ἢν
607 5454 765 5524 μόνον
794 5454 828 5521 ἡ
858 5450 1166 5523 προθεσμία
1219 5452 1364 5522 ἥξει.
1427 5451 1486 5505 '0
1515 5450 1560 5503 δ’
1604 5450 1960 5522 ἀπεκρίνατο,

377 5546 510 5613 παρ’
545 5545 695 5615 αὐτῷ
731 5540 873 5598 εἷναί
899 5544 1165 5615 πράττειν
1190 5543 1291 5596 ὅσα
1342 5545 1410 5599 ἂν
1457 5543 1589 5615 δοκῇ
1645 5542 1962 5607 λυσιτελεῖν,

376 5638 566 5705 ὥσπερ
598 5636 733 5707 δῆτα
755 5636 849 5689 καὶ
872 5637 1028 5689 αὐτοὶ
1074 5634 1321 5688 ποιοῦσιν
1339 5651 1354 5668 ·
1378 5635 1506 5706 ἄχρι
1529 5637 1587 5689 δὲ
1635 5636 1806 5704 μέσης
1831 5633 1967 5705 ἡμέ-

383 5746 486 5801 ρας
512 5730 629 5780 ὲκεῖ
661 5728 1008 5796 περιμείνας,
1064 5728 1354 5796 ἱστάμενος
1410 5728 1517 5799 πρὸ
1578 5729 1685 5781 τῶν
1745 5724 1966 5795 τειχῶν,

378 5818 729 5888 ἀναστρέψας
757 5817 992 5887 ἤλαυνεν
1020 5818 1200 5873 ὀπίσω
1230 5819 1329 5888 τῆς
1358 5818 1570 5889 ἡμέρας
1620 5821 1680 5873 τὸ
1731 5818 1920 5872 λοιπόν
1947 5833 1962 5849 ο

2053 4714 2506 4779 criminarentur,
2542 4715 2589 4769 si
2620 4716 2737 4786 ipse
2763 4717 2832 4771 ab
2864 4718 2972 4773 illis
3006 4719 3267 4778 inchoata
3309 4725 3633 4793 absolverit,

2057 4806 2533 4876 promittebatque
2589 4807 2658 4860 ad
2715 4818 2993 4866 certamen
3021 4824 3273 4882 paratum
3322 4815 3462 4883 fore,
3510 4836 3638 4875 cum

2057 4900 2295 4969 primum
2321 4898 2439 4954 dies
2466 4902 2772 4970 praestituta
2804 4902 3089 4959 adfuisset.
3120 4905 3418 4976 Respondit
3446 4911 3638 4968 Mono-

2060 4993 2309 5056 maclius,
2343 4992 2399 5047 in
2432 4992 2550 5063 ejus
2582 4993 2855 5049 arbitratu
2896 4996 3064 5049 sitmn
3114 5014 3259 5066 esse,
3306 5000 3487 5057 facere
3512 5022 3635 5075 qua:

2058 5083 2165 5139 sibi
2210 5081 2520 5138 conducere
2568 5093 2744 5151 putet,
2770 5084 3049 5153 quomodo
3099 5087 3362 5144 nimirum
3416 5102 3470 5147 rt
3529 5095 3633 5165 ipsi

2060 5176 2281 5233 iaciant.
2324 5176 2498 5231 Porro
2538 5190 2666 5230 cum
2719 5177 2835 5232 illic
2868 5193 3042 5248 usque
3089 5179 3147 5234 in
3178 5184 3467 5241 meridiem
3509 5200 3636 5245 aute

2061 5283 2250 5323 muros
2296 5268 2711 5333 constitissent,
2764 5269 3037 5340 reliquum
3093 5272 3202 5329 diei
3248 5275 3303 5330 in
3350 5278 3637 5338 redeundo

2063 5367 2387 5433 posuerunt,
2413 5370 2468 5415 et
2496 5370 2659 5416 nocte
2682 5362 2774 5416 illa
2793 5369 3146 5432 quieverunt,
3167 5368 3328 5424 simul
3365 5372 3636 5433 Barbarus

2066 5472 2094 5509 a
2152 5454 2510 5526 populatione
2562 5454 2843 5511 redituros
2900 5462 3300 5527 praistolantcs.
3359 5466 3635 5528 Posiridie

2067 5547 2350 5602 castellum
2379 5546 2534 5615 juxta
2559 5543 2839 5615 Pydnam,
2867 5548 2957 5601 cui
2993 5548 3295 5619 imperator
3317 5557 3636 5623 prmsfdium

2070 5638 2425 5707 imposuerat.
2455 5650 2633 5703 primo
2656 5636 2864 5706 impetu
2891 5639 3138 5708 capiunt,
3172 5642 3225 5694 in
3249 5660 3360 5713 quo
3385 5661 3638 5719 repertus

2068 5736 2152 5782 est
2188 5726 2353 5780 etiam
2389 5725 2716 5781 Theodorus
2748 5728 3157 5798 Pepagomenus
3185 5747 3216 5787 e
3246 5737 3509 5794 ministris
3538 5746 3641 5796 im.

2074 5818 2363 5889 peratoris,
2384 5833 2547 5889 quem
2566 5818 2721 5889 jussu
2745 5823 2924 5892 magni
2946 5823 3103 5879 ducis
3121 5828 3369 5884 vestibus
3385 5845 3637 5906 exutum,
