4062 6290
393 402 530 466 Ῑῡῗ3

1524 402 2066 464 IIISTORIARUM
2111 407 2343 466 LIBER
2383 406 2489 466 III.

3491 390 3631 459 1074'

385 534 467 579 ως
501 512 812 584 γράμματα
842 509 1053 575 δέξαιτο
1084 511 1176 563 καὶ
1211 510 1309 580 τὴν
1335 512 1649 581 πρεσϐείαν,
1680 512 1826 568 κόνιν
1866 512 1964 584 μὲν

2070 515 2207 573 duce
2247 517 2571 588 imperatum
2602 520 2739 574 erat.
2773 519 2832 566 ut
2870 507 2964 582 qui
3001 508 3054 564 in
3086 507 3268 587 Asiam
3310 508 3626 574 transirent.

380 605 681 676 κατεκέατο
727 604 828 675 τῆς
856 602 1118 674 κεφαλῆς,
1149 604 1242 657 καὶ
1279 602 1399 673 Θεῷ
1446 603 1649 669 πολλὰς
1693 605 1961 674 ὡμολόγει

381 702 617 772 χάριτας
647 696 749 767 τῆς
806 696 1106 765 ἀγγελίαν
1134 691 1202 766 ἦν
1233 697 1343 767 γὰρ
1393 697 1657 767 πρότερον
1710 697 1962 768 ἀκηκοὼς

379 792 457 854 ὡς
486 790 937 862 Καντακουζηνδς
965 793 992 843 ὁ
1045 789 1304 858 βασιλεὺς
1348 790 1691 862 τελευτήσειε
1751 790 1961 860 διατρί-

384 884 496 937 ϐων
523 882 654 954 περὶ
681 882 1008 952 Τριϐαλούςο
1033 882 1176 937 οὕτω
1216 882 1327 953 γὰρ
1359 877 1426 954 ἦν
1485 885 1962 955 προστεταγμένον

385 977 490 1030 ὑπὸ
516 975 756 1046 μεγάλου
785 975 997 1041 δουκδς,
1022 977 1150 1040 τοὺς
1184 977 1275 1030 ἐπὶ
1303 975 1418 1047 τὴν·
1451 977 1634 1032 Ἀσίαν
1664 975 1963 1031 διαϐαίνον-

381 1085 482 1130 τας
514 1068 577 1119 ἐκ
614 1067 958 1135 συνθήματος
990 1068 1198 1129 πάντας
1263 1068 1463 1134 λέγεν·
1493 1068 1692 1121 αὐτίκα
1742 1086 1802 1121 τε
1855 1086 1961 1121 πα-

388 1158 755 1227 ρασκευάζετο
784 1158 968 1211 στόλον
998 1159 1154 1224 νεῶν,
1178 1159 1344 1230 ὀλίγῳ
1390 1160 1623 1215 δεουσῶν
1649 1162 1958 1215 διακοσίων.

384 1250 496 1304 Καὶ
523 1251 550 1301 ὁ
583 1249 757 1319 μέγας
783 1248 907 1313 δοὺξ
946 1250 1068 1303 ἐπεὶ
1126 1250 1339 1318 ἀγνοεῖν
1371 1251 1439 1305 τὰ
1485 1253 1826 1322 γεγενημένα
1863 1253 1963 1305 οὐκ

385 1340 530 1409 ἐνῆν,
562 1338 768 1392 πολλῶν
811 1341 1059 1394 Ἀσίαθεν
1082 1341 1179 1412 τὴν
1229 1344 1584 1413 παρασκευὴν
1613 1343 1707 1396 τοῦ
1774 1345 1962 1398 στόλου

385 1429 783 1497 ἀγγελλόντων,
835 1432 1132 1501 πρεσϐείαν
1181 1435 1245 1487 ὲκ
1282 1432 1679 1505 Θεσσαλονίκης
1729 1437 1966 1489 ἐποιεῖτο

388 1522 524 1589 πρὸς
556 1521 782 1590 Ἀμοίιρ,
815 1522 909 1575 καὶ
937 1523 1194 1609 χρήματα
1216 1523 1285 1577 τὰ
1327 1524 1426 1594 μὲν
1452 1524 1644 1589 ἐδίδου,
1676 1524 1744 1579 τὰ
1777 1527 1834 1579 δὲ
1864 1528 1959 1580 καὶ

388 1611 772 1691 ξπηγγέλπετο,
798 1615 845 1665 εί
882 1612 956 1684 μὴ
996 1614 1232 1684 πόλεμον
1272 1615 1446 1685 κινοίη
1478 1615 1613 1684 πρὸς
1644 1617 1825 1682 αὐτὸν,
1857 1634 1962 1687 μη-

386 1701 442 1753 δὲ
471 1704 790 1774 συμμαχοίη
818 1704 1278 1777 Καντακουζηνῷ.
1310 1707 1369 1761 '0
1395 1709 1438 1759 δ’
1464 1707 1838 1778 ἀπεπέμψατο
1865 1709 1965 1779 τὴν

389 1795 709 1873 πρεσϐείαν,
763 1790 999 1849 ἀδύνατα
1039 1797 1282 1866 φάμενος
1350 1797 1558 1852 αίτεῖνο
1617 1799 1780 1853 αὐτὸν
1856 1802 1966 1870 γὰρ

392 1888 557 1939 παντὶ
616 1887 792 1940 σθένει
840 1892 1225 1960 συμμαχήσειν
1276 1889 1505 1960 βασιλεῖ.
1570 1891 1852 1960 Δεομένων
1906 1893 1963 1945 δὲ

392 1976 502 2030 τῶν
529 1979 910 2047 πρέσϐεωνκτὰ
971 1981 1118 2051 δῶρα
1177 1980 1452 2051 δέχεσθαι,
1509 1984 1568 2034 οὐ
1614 1983 1961 2049 κατεδέξατο,

391 2066 745 2137 ἀνελευθέρου
778 2070 956 2138 φήσας
986 2065 1125 2124 εἶναι
1152 2072 1246 2123 καὶ
1271 2073 1520 2143 χρήμασι
1541 2072 1960 2144 δεδουλωμένου,

393 2157 489 2218 νῦν
521 2157 621 2227 μὲν
656 2159 839 2227 φιλίας
868 2161 1031 2214 ἕνεκα
1101 2161 1252 2231 δῶρα
1298 2163 1586 2230 φαίνεσθαι
1650 2164 1960 2234 δεχόμενον,

391 2245 616 2314 ὕστερον
667 2248 723 2301 δὲ
754 2249 922 2333 ὀλίγῳ
968 2249 1309 2320 πολεμοῦντα
1337 2290 1348 2303 .
1394 2252 1962 2322 Παρασκευασάμενες

390 2337 448 2390 δὲ
476 2339 530 2389 ἐν
549 2337 760 2408 βραχεῖ,
785 2342 878 2392 καὶ
898 2341 1156 2411 χρήματά
1176 2359 1235 2394 τε
1256 2343 1423 2395 πολλὰ
1456 2345 1575 2407 ταῖς
1607 2345 1793 2398 ναυσὶν
1815 2344 1964 2398 ἐνθέ-

397 2445 576 2496 μενος,
610 2433 706 2483 καὶ
736 2432 805 2485 τὰ
847 2433 979 2486 ἀλλα
1011 2434 1317 2503 ἐπιτήδεια,
1345 2434 1428 2496 ’ὼς
1457 2437 1719 2506 χρονίσων
1749 2436 1829 2500 είς
1865 2436 1962 2506 τὴν

397 2514 660 2582 βασιλέως
728 2520 1070 2588 συμμαχίαν,
1121 2522 1353 2591 ἀνήγετο
1427 2524 1492 2576 ὲκ
1544 2524 1816 2595 Σμύρνης,
1870 2528 1964 2580 καὶ

394 2606 660 2673 προῆλθεν
692 2607 849 2677 ἄχρις
879 2608 1129 2675 Εὗεοῖαῖ,
1169 2614 1362 2684 καιροῦ
1407 2612 1585 2683 τυχὼν
1615 2617 1919 2686 ἐπιτηδείου
1945 2634 1959 2648 ⁶

395 2698 612 2765 ἀνέμων
640 2700 695 2751 δὲ
727 2702 843 2753 ἐκεῖ
874 2703 1226 2756 πνευσάντων
1290 2705 1566 2769 ἐναντίων,
1597 2706 1807 2776 ἔμεινεν
1869 2710 1962 2761 ἐπὶ

397 2788 597 2857 συχνὰς
627 2791 854 2861 ἡμέρας.
878 2794 1012 2856 Δοὶνξ
1031 2795 1085 2847 δὲ
1111 2797 1139 2847 ὁ
1162 2796 1332 2865 μέγας
1358 2797 1480 2849 ἐπεὶ
1498 2797 1654 2865 μάθοι
1686 2799 1808 2861 τοὺς
1833 2802 1962 2870 βαρ-

398 2875 601 2947 ϐάρους
635 2882 907 2945 ἐπιόντας,
945 2883 1036 2936 δύο
1066 2884 1173 2938 τῶν
1196 2888 1468 2956 τριήρεων
1497 2889 1555 2941 ὲν
1595 2889 1963 2963 θεσσαλονίκῃ

398 2972 734 3035 καταλιπὼν,
770 2975 1076 3028 ἀπέπλευσε
1101 2980 1223 3031 ταῖς
1259 2979 1557 3043 ὲπιλοίποις
1589 2982 1666 3042 εἰς
1701 2979 1963 3042 Βυζάντι-

397 3079 477 3126 ον,
504 3063 685 3127 δείσας
711 3066 785 3134 μὴ
809 3065 915 3117 ὑπό
973 3083 1031 3119 τε
1084 3067 1193 3120 τῶν
1233 3067 1525 3139 βαρϐάρων
1563 3072 1654 3121 καὶ
1700 3069 1966 3139 βασιλέως

2012 608 2033 624 ⁸
2062 625 2131 665 ex
2184 607 2488 679 composito
2528 619 2720 660 omnes
2764 618 2892 658 eum
2941 615 3219 657 rumorem
3279 611 3619 671 spargerent.

2062 702 2181 760 Mox
2230 700 2392 771 paulo
2438 698 2621 753 minus
2673 696 2939 751 ducentas
2972 708 3143 748 naves
3196 691 3422 749 instruit
3467 700 3643 771 atque

2063 765 2245 848 ornat.
2276 790 2499 860 Magnus
2532 789 2664 853 dux,
2695 788 2841 856 quod
2874 786 3046 839 latere
3078 799 3185 837 non
3220 788 3476 853 poterant
3509 765 3634 850 quae

2064 885 2289 950 ﬁebant,
2314 899 2440 939 cum
2474 882 2631 937 multi
2659 897 2725 937 ex
2762 879 2888 934 Asia
2927 877 3229 939 venientes,
3265 874 3333 929 de
3370 882 3631 943 apparatu

2064 976 2158 1030 illo
2208 981 2515 1036 narrarent,
2548 971 2940 1026 Thessalonica
2982 968 3192 1036 legatos
3239 964 3305 1019 ad
3343 963 3632 1017 Amurium

2063 1069 2254 1129 mittit.
2291 1065 2547 1134 pecunias
2596 1066 2733 1119 alias
2783 1063 2837 1117 iu
2887 1075 3130 1131 praesens
3176 1058 3361 1124 offert,
3394 1056 3529 1111 alias
3579 1055 3635 1109 in

2065 1162 2309 1213 futurum
2361 1156 2613 1225 spondet,
2651 1155 2695 1208 si
2743 1153 3154 1209 armisvcontra
3188 1165 3244 1205 se
3273 1157 3330 1204 et
3356 1147 3635 1221 societate

2064 1266 2188 1303 cum
2209 1248 2593 1305 Cantacuzeuo
2619 1244 2915 1302 abstineat.
2936 1239 3425 1315 565Respondet
3445 1238 3634 1300 Persa.

2064 1350 2250 1412 petere
2280 1341 2404 1395 illos
2435 1355 2556 1409 quae
2582 1338 2698 1392 ﬁeri
2729 1344 3029 1406 nequeant,
3062 1349 3121 1389 se
3152 1333 3414 1387 omnibus
3452 1328 3636 1383 nervis

2065 1436 2453 1504 imperatorem
2506 1431 2844 1501 adiuturum.
2896 1427 3238 1498 Rogantibus
3295 1422 3512 1494 legatis,
3574 1428 3636 1475 ut

2066 1540 2294 1579 munera
2352 1524 2651 1593 acciperet,
2694 1523 2993 1585 recusavit,
3045 1518 3190 1588 quod
3236 1514 3477 1571 hominis
3513 1528 3637 1567 esse

2066 1617 2350 1672 illiberalis
2373 1624 2429 1670 et
2462 1615 2706 1683 pecuniae
2740 1613 3032 1669 servientis
3067 1610 3300 1674 diceret,
3334 1623 3484 1662 nunc
3514 1605 3637 1675 qui-

2068 1712 2192 1767 dem
2232 1709 2488 1764 amicitia:
2522 1723 2686 1763 causa
2737 1707 2881 1761 dona
2913 1705 3184 1773 accipere,
3219 1710 3276 1759 et
3308 1716 3417 1756 non
3464 1699 3639 1753 multo

2067 1813 2192 1875 post
2223 1803 2516 1857 donantem
2555 1801 2723 1854 armis
2754 1809 2962 1869 petere.
2998 1795 3158 1851 Brevi
3183 1803 3386 1848 autem
3430 1793 3637 1846 instra.

2069 1905 2209 1960 ctus,
2253 1892 2555 1965 grandique
2604 1891 2837 1962 pecunia
2902 1897 2960 1945 et
3010 1893 3318 1943 commeatu
3355 1883 3411 1937 in
3468 1896 3637 1935 naves

2070 1986 2360 2058 impositis,
2396 1993 2582 2054 utpote
2606 1984 2700 2038 diu
2729 1997 2852 2037 cum
2887 1981 3220 2051 imperatore
3248 1975 3369 2046 opis
3395 1972 3637 2030 ferendae

2068 2092 2492 2152 permansurus,
2543 2075 2775 2147 Smyrna
2823 2073 3009 2137 Solvit,
3053 2080 3109 2127 et
3154 2062 3393 2126 secunda
3436 2076 3636 2135 tempe-

2070 2182 2211 2230 state
2243 2168 2509 2225 Eubteam
2550 2167 2795 2228 devenit,
2826 2164 2918 2219 ubi
2968 2162 3147 2219 ventis
3198 2158 3492 2216 contrariis
3517 2173 3639 2212 sur-

2069 2263 2346 2336 gentibus,
2379 2276 2473 2329 per
2519 2258 2639 2313 dies
2676 2273 2784 2311 non
2840 2269 3046 2329 paucos
3089 2251 3360 2308 substitit.
3412 2250 3638 2317 Magnus

2073 2358 2209 2418 dux,
2264 2353 2463 2407 infesto
2497 2349 2865 2404 Barbarorum
2898 2346 3134 2401 adventu
3172 2343 3236 2399 ad
3287 2357 3346 2397 se
3403 2340 3637 2411 perlato.

2070 2449 2371 2505 formidans
2407 2459 2476 2499 ne
2522 2451 2577 2497 et
2627 2441 2695 2495 ab
2743 2440 2871 2502 illis,
2899 2450 2963 2494 et
2990 2437 3059 2493 ab
3100 2436 3430 2506 imperatore
3465 2431 3641 2486 Thes-

2069 2540 2326 2597 salonica:
2374 2536 2741 2599 obsideretur,
2775 2533 2986 2588 duabus
3037 2531 3146 2586 illic
3194 2527 3513 2583 triremibus
3550 2539 3640 2578 re-

2069 2632 2239 2696 lictis,
2295 2645 2420 2684 cum
2469 2627 2685 2683 caeteris
2720 2624 3040 2697 Byzantium
3090 2619 3325 2692 trajecit.
3378 2616 3640 2673 Amurins

2072 2741 2205 2782 vero
2235 2725 2410 2779 ventis
2441 2718 2686 2777 adversis
2718 2719 2772 2773 in
2799 2717 3007 2773 Eubma
3052 2722 3316 2779 retentus,
3351 2708 3638 2765 miriﬁcam

2076 2818 2261 2873 animo
2318 2813 2596 2870 tristitiam
2648 2810 2919 2881 capiebat,
2952 2822 3115 2878 quem
3176 2815 3433 2858 eventum
3463 2799 3640 2869 quod-

2076 2908 2200 2963 dam
2223 2922 2327 2961 non
2347 2901 2606 2958 mediocri
2640 2898 3013 2970 indignatione
3045 2894 3360 2966 complevit.
3381 2893 3424 2946 E
3454 2890 3641 2946 Pteleo

2072 3011 2312 3068 namque
2350 3002 2506 3063 capta
2537 3007 2697 3057 nave,
2728 2999 2782 3045 et
2815 2989 3047 3060 captivis
3078 2987 3143 3042 ad
3187 3001 3312 3041 eum
3365 2981 3638 3041 adductis,

2074 3066 2385 3143 sciscitatus
2432 3093 2517 3136 est
2570 3079 2616 3135 si
2643 3079 2772 3150 quid
2805 3078 2873 3133 de
2916 3077 3249 3146 imperatore
3281 3077 3526 3126 nossent.
3561 3066 3642 3121 Illi

396 3156 454 3205 iv
486 3155 853 3229 θεσςαλονίκη
883 3156 1240 3230 πολιορκοῖτο.
1285 3159 1494 3232 ’Δμοὺρ
1536 3160 1598 3215 δὲ
1633 3160 1831 3233 [tl-36M;
1873 3162 1963 3214 ὲν-

2075 3185 2400 3239 memorant,
2437 3189 2496 3229 se
2526 3173 2594 3227 de
2642 3169 2869 3225 advenis
2919 3162 3500 3222 Tliessalonicensibus
3544 3172 3644 3211 au~

394 3245 687 3317 δςατρίὸων
710 3249 797 3301 διὰ
832 3250 940 3302 τῶν
963 3250 1182 3320 ἀνέμων
1222 3251 1322 3323 τὴν
1350 3255 1689 3318 άντίπνοιαν,
1744 3255 1965 3325 ἐδυσχέ-

398 3358 583 3414 ραινεν
615 3344 712 3395 οὐκ
747 3344 988 3405 ἀνεκτῶς
1011 3360 1025 3374 ·
1055 3344 1269 3413 συμϐὰν
1296 3346 1352 3398 δέ
1379 3363 1433 3399 τι
1488 3347 1583 3399 καὶ
1639 3347 1846 3416 ἕτερον,
1904 3347 1966 3400 οὐ

400 3434 634 3504 μετρίως
664 3434 878 3488 ἔπειθεν
906 3437 1255 3504 ἀγανακτεῖν.
1290 3437 1384 3491 Ἐκ
1413 3440 1520 3507 γὰρ
1558 3435 1788 3491 ΠτελεΞῦ
1820 3438 1969 3491 πλοίο

397 3542 459 3577 ου
484 3526 900 3596 συλληφθέντος,
947 3527 1042 3581 καὶ
1093 3528 1202 3580 τῶν
1255 3528 1626 3599 αἰχμαλώτων
1678 3532 1967 3601 ἀγομένων

400 3615 536 3683 πρὸς
568 3618 752 3684 αὐτὸν,
781 3618 1113 3673 ἐπυνθάνετο
1166 3620 1221 3672 εί
1252 3638 1303 3673 τι
1357 3621 1549 3674 εἰδεῖεν
1581 3624 1707 3686 περὶ
1747 3623 1965 3692 βασιλέ-

400 3721 495 3766 ως·
533 3707 581 3757 οἱ
608 3704 654 3756 δ’
681 3707 910 3770 ἔφασαν,
943 3711 1030 3763 ὃτι
1057 3709 1220 3763 τινῶν
1242 3711 1304 3762 ὲκ
1333 3711 1735 3781 Θεσσαλονίκης
1793 3716 1965 3782 ἀφιγ-

405 3797 583 3863 μένων
613 3797 749 3866 πρὸς
779 3799 943 3852 αὑτὸν
964 3801 1059 3855 καὶ
1085 3800 1361 3869 πύθοιντο,
1393 3802 1468 3866 ὼς
1515 3807 1544 3857 ὁ
1608 3803 1778 3873 μέγας
1818 3804 1964 3869 δοὺξι

400 3886 599 3957 πολλὴν
626 3888 777 3955 ἄγων
805 3888 1033 3959 δύναμιν
1063 3890 1295 3962 ἱππικήν
1321 3875 1382 3945 τέ
1428 3892 1547 3962 ἅμα
1605 3892 1703 3946 καὶ
1764 3894 1962 3965 πεζὴν,

400 3980 492 4030 καὶ
515 3978 727 4047 Πέρσας
790 3981 932 4033 κατὰ
972 3983 1310 4053 συμμαχίαν,
1347 3982 1559 4054 βασιλεί
1604 3984 1683 4052 τῷ
1746 3985 1965 4038 Καντα-

401 4074 650 4142 κουζηνῷ
674 4075 1158 4145 ὲπιστρατεύσειεν
1186 4077 1300 4130 am
1323 4079 1382 4133 ὲν
1412 4078 1647 4150 Βερροία
1669 4096 1684 4110 ’
1704 4078 1865 4133 πλέον
1911 4080 1968 4133 δὲ

407 4164 572 4236 μηδὲν
597 4165 817 4220 ειδέναι.
851 4167 910 4220 ’0
939 4167 1018 4233 δὲ,
1053 4172 1117 4223 ἐκ
1150 4169 1259 4222 τῶν
1285 4169 1595 4240 λεγομένων
1645 4169 1971 4243 στοχαζόμε-

402 4275 492 4322 νος
511 4261 569 4312 ὲν
588 4258 760 4327 ἀγῶνι
788 4257 924 4314 εῖναι
991 4260 1237 4330 βασιλέα,
1299 4261 1503 4329 μᾶλλον
1560 4263 1964 4334 ἐδυσχέραινεν,

401 4351 485 4403 δτι
534 4350 609 4420 μὴ
651 4353 862 4421 ταχέως
909 4348 1025 4422 εῐχε
1075 4352 1328 4423 βοηθεῖν*
1355 4353 1422 4405 ὲκ
1457 4352 1568 4405 τῶν
1622 4354 1860 4423 ἀρίστων
1911 4354 1970 4409 δὲ

400 4442 512 4496 τῶν
543 4443 767 4512 Περσῶν
793 4443 1089 4514 ἐκκλησίαν
1121 4442 1498 4513 συναθροίσας,
1538 4444 1635 4497 καὶ
1682 4443 1969 4515 παρελθὼν

2072 3271 2244 3331 disse.
2273 3279 2529 3335 magnum
2567 3262 2762 3316 ducem
2813 3256 3020 3325 ingenti
3062 3256 3313 3317 equitum
3371 3248 3645 3322 peditum-

2071 3376 2180 3434 que
2212 3371 2464 3420 numero,
2495 3352 2768 3423 adiunctis
2800 3349 2929 3404 item
2963 3346 3170 3412 Persis,
3205 3345 3261 3399 in
3307 3343 3644 3400 Cantacuze-

2073 3469 2204 3508 num
2258 3448 2400 3519 apud
2438 3444 2760 3502 Berrhoeam
2803 3434 3365 3509 profecturum,nihil
3406 3433 3642 3504 amplius
3726 3442 3731 3445 ‘

2073 3542 2427 3612 comperisse.
2461 3537 2723 3593 Amurius
2777 3531 2906 3587 hinc
2944 3528 3226 3598 colligens,
3252 3526 3365 3597 jam
3410 3537 3558 3579 eum.
3586 3523 3639 3575 in

2076 3634 2257 3688 medio
2300 3628 2509 3686 versari
2571 3623 2894 3685 certamine.
2943 3617 3328 3677 vehementius
3385 3613 3640 3675 indoluit,

2074 3726 2218 3798 quod
2278 3724 2328 3779 ei
2382 3732 2593 3776 mature
2647 3731 2972 3773 succurrere
3030 3728 3138 3768 non
3194 3716 3402 3781 posset.
3430 3705 3638 3763 Deinde

2074 3820 2393 3890 optimatum
2442 3829 2665 3878 suorum
2695 3816 3024 3865 conventum
3073 3806 3205 3876 egit,
3239 3810 3401 3871 atque
3432 3800 3486 3853 in
3523 3815 3642 3854 me~

2075 3889 2226 3964 dium
2260 3916 2604 3975 progressus,
2653 3900 2756 3952 hac
2785 3896 3030 3952 oratione
3062 3907 3196 3948 usus
3229 3899 3332 3945 est.
3364 3890 3484 3943 Meo
3513 3889 3640 3957 qui-

2074 3998 2197 4052 dem
2244 3992 2451 4065 judicio
2485 4002 2746 4060 perquam
2790 3996 2981 4039 amens
3036 3990 3094 4037 et
3120 3980 3352 4050 ignavus
3405 3976 3497 4039 sit,
3544 3975 3640 4044 qui

2077 4087 2155 4142 rei
2205 4085 2506 4154 cujuspiam
2552 4085 2806 4146 suscepta
2838 4068 3154 4136 voluntate,
3196 4085 3308 4124 non
3360 4067 3543 4122 omnia
3587 4067 3638 4118 ei

2076 4174 2373 4248 postponit,
2428 4183 2606 4239 neque
2658 4166 2726 4222 ad
2763 4165 3065 4221 deliberata
3106 4159 3437 4234 perﬁcienda
3490 4171 3640 4212 sum-

2076 4284 2218 4325 mam
2242 4263 2652 4322 conteutiouem
2684 4259 2932 4315 adhibet.
2964 4256 3099 4312 Nam
3129 4256 3175 4310 si
3215 4253 3363 4308 factu
3415 4249 3638 4321 quidem

2075 4359 2330 4416 facillima
2359 4366 2715 4427 aggressurus
2749 4351 2840 4417 sit,
2882 4347 3279 4418 impedimento
3324 4352 3507 4399 autem
3543 4342 3644 4394 ali-

2075 4465 2185 4522 quo
2224 4448 2429 4513 oblato,
2469 4456 2565 4500 aut
2611 4441 2838 4498 omnino
2899 4440 3178 4507 desperet,
3209 4444 3305 4489 aut
3360 4432 3640 4488 emollitm

405 4532 568 4596 αὐτὸς
594 4535 673 4597 είς
704 4534 923 4604 μέσους,
949 4533 1097 4598 ἔλεξε
1127 4535 1307 4597 τοιάδε
1328 4551 1343 4566 ο
1374 4533 1580 4605 Πολλὴν
1623 4534 1809 4590 ἄνοιαν
1860 4533 1964 4603 ἐγὼ

2076 4542 2329 4614 negligat,
2376 4548 2432 4593 et
2484 4552 2668 4592 rerum
2738 4534 2945 4589 exitum
2995 4536 3340 4600 exspectans,
3394 4526 3639 4590 laborem

403 4625 503 4677 καὶ
543 4625 835 4694 ἀνανδρίαν
885 4625 1094 4680 ἐκείνου
1140 4627 1633 4698 καταψηφισαίμην
1688 4628 1775 4691 ἂν,
1823 4628 1968 4691 ὅστις

403 4716 498 4771 ἐπί
533 4734 584 4770 τι
613 4715 960 4787 ὡρμημένος,
1015 4719 1091 4788 μὴ
1146 4718 1321 4771 πάντα
1347 4718 1577 4789 δεύτερα
1627 4720 1831 4790 ἧγοιτο,
1861 4737 1968 4789 μη·

361 4806 460 4895 1’δὲ
482 4808 665 4861 πᾶσαν
715 4808 960 4876 φαίνοιτο
1009 4807 1247 4878 σπουδὴν
1303 4808 1768 4878 ἐπιδεικνύμενος,
1827 4809 1968 4864 ὥστε

401 4897 557 4965 άγειν
588 4898 668 4959 είς
691 4897 851 4968 ἔργον
873 4899 941 4951 τά
970 4896 1370 4967 βεϐουλευμένα
1389 4913 1403 4929 ·
1433 4901 1480 4952 εί
1514 4901 1624 4970 γὰρ
1653 4902 1832 4969 μέλλοι
1857 4905 1970 4963 τοῖς

407 4989 507 5057 μὲν
535 4990 600 5041 ἐκ
631 4987 727 5041 τοῦ
775 4989 975 5060 ῥᾴστου
1035 4995 1469 5062 περιγινομένοις
1522 4994 1843 5062 ἐπιχειρεῖν,
1903 4992 1970 5046 ἂν

401 5080 459 5131 δέ
486 5095 539 5130 τι
571 5079 847 5152 συμϐαίνῃ
875 5078 1128 5148 κώλυμα,
1154 5079 1187 5149 ἢ
1214 5080 1560 5135 παντάπασιν
1578 5082 1966 5152 ἀπαγορεύειν,

405 5170 438 5237 ἢ
466 5170 686 5238 ἀμελεῖν
735 5171 1188 5242 μαλακιζόμενον,
1224 5171 1318 5223 καὶ
1367 5173 1684 5242 περιμένειν
1716 5174 1814 5241 τὴν
1864 5175 1970 5227 ἀπὸ

406 5262 517 5314 τῶν
547 5262 886 5331 πραγμάτων
913 5262 1517 5319 ἑκὸασινςὰποκνοῦντα
1549 5265 1682 5334 πρὸς
1714 5266 1840 5327 τοὺς
1872 5265 1938 5317 πό
1958 5292 1971 5305 -

408 5369 551 5417 νους,
577 5353 729 5406 οὐδὲν
752 5354 941 5407 διοίσει
963 5355 1071 5407 τῶν
1101 5353 1333 5419 πολλῶν,
1361 5354 1482 5406 οὐδὲ
1508 5355 1648 5422 μέγα
1672 5372 1723 5407 τι
1754 5358 1848 5408 καὶ
1884 5356 1970 5408 λό-

408 5461 506 5510 γου
538 5444 686 5508 ἄξιον
711 5447 1106 5516 κατορθώσειεν
1163 5445 1228 5498 ἄν
1264 5462 1390 5499 ποτε
1412 5445 1498 5498 ’ἂν
1518 5445 1571 5497 δὲ
1600 5446 1696 5499 καὶ
1716 5446 1845 5517 περί
1888 5465 1972 5500 τι-

408 5554 511 5588 νων
562 5535 809 5604 μεγάλων
852 5534 949 5611 ﬁt)
1001 5537 1362 5606 ἐπιχείρησις,
1404 5539 1496 5589 καὶ
1549 5539 1579 5606 ἠ
1649 5539 1970 5609 παρασκευὴ

410 5626 706 5694 θαυμασία,
742 5629 836 5682 καὶ
900 5629 1171 5698 μεγάληὴ
1223 5629 1459 5695 δαπάνη,
1504 5629 1691 5680 ἔπειτα
1746 5629 1971 5699 ἀϐουλία

404 5716 503 5769 τοῦ
536 5719 843 5788 στρατηγοῦ
873 5720 965 5771 καὶ
988 5719 1240 5789 ἀτολμίᾳ,
1277 5721 1443 5790 μηδὲν
1494 5721 1642 5784 ἄξιον
1708 5722 1908 5790 ἑαυτῆς
1932 5724 1965 5791 ή

406 5806 638 5875 στρατιὰ
660 5810 838 5879 ἐκείνη
874 5810 1109 5881 πράττῃ.
1139 5812 1200 5863 (οὐ
1246 5816 1393 5881 παρὰ
1420 5813 1528 5865 τῶν
1563 5813 1735 5865 ἄιλων
1786 5813 1967 5882 μόνον,

2077 4626 2418 4693 reformidet,
2459 4628 2591 4683 nihil
2622 4642 2650 4680 a
2684 4626 2845 4696 vulgo
2886 4623 3126 4685 diﬂeret,
3157 4633 3334 4687 neque
3386 4631 3640 4686 magnum

2075 4724 2356 4796 quidpiam
2411 4732 2467 4777 et
2502 4716 2857 4775 memorabile
2888 4728 3126 4785 unquam
3169 4723 3436 4784 prospere
3466 4718 3642 4776 geret.

2075 4816 2131 4872 Si
2192 4832 2321 4870 vero
2385 4812 2553 4866 ardua
2617 4810 2887 4880 quagdam,
2941 4804 3142 4875 insigni
3203 4807 3489 4872 apparatu,
3538 4812 3642 4850 nec

2076 4923 2237 4976 parva
2289 4908 2535 4974 impensa
2576 4899 2835 4957 tentanda
2885 4898 3017 4962 sint,
3051 4906 3106 4952 et
3131 4895 3363 4950 stultitia
3396 4906 3460 4945 ac
3493 4888 3641 4942 timi-

2075 4999 2245 5053 ditatc
2291 4996 2446 5051 ducis
2476 4993 2612 5049 nihil
2640 5007 2699 5047 se
2748 4991 2976 5061 dignum
3028 4989 3305 5044 exercitus
3332 4985 3421 5039 ille
3452 4982 3637 5045 faciat,

2077 5104 2181 5143 non
2237 5088 2305 5141 ab
2336 5088 2458 5141 aliis
2499 5084 2684 5147 modo,
2710 5083 2808 5138 sed
2859 5083 2928 5135 ab
2959 5080 3096 5151 ipsis
3153 5077 3316 5133 etiam
3373 5075 3641 5130 militibus

2074 5178 2337 5234 coaviciis
2395 5183 2557 5246 atque
2587 5174 2803 5245 probris
2827 5171 3014 5226 multis
3035 5184 3145 5224 non
3174 5168 3449 5222 immerito
3474 5180 3642 5235 appe-

2077 5282 2243 5335 tatur,
2279 5269 2424 5338 quod
2478 5269 2714 5322 imbeI-Iis
2760 5277 2814 5321 et
2865 5264 3237 5325 etl'eminatus,
3271 5268 3326 5316 et
3359 5258 3639 5320 laudibus,

2074 5371 2129 5415 et
2156 5360 2395 5430 praemiis
2422 5360 2688 5413 factorum
2721 5372 2816 5409 eos
2844 5353 3164 5425 privaverit.
3195 5352 3418 5405 Materia
3451 5347 3638 5416 igitur.

2073 5462 2129 5506 et
2154 5450 2305 5521 quasi
2352 5458 2732 5519 argumentum
2769 5445 2930 5517 565
2972 5445 3137 5515 hujus
3184 5450 3384 5497 nostrae
3412 5438 3641 5507 expedi—

2076 5543 2243 5596 tionis
2266 5541 2368 5594 alia
2401 5540 2548 5593 nulla
2573 5548 2676 5600 est.
2715 5553 2875 5603 quam
2909 5535 3228 5606 imperatori
3254 5532 3642 5587 Cantacuzeuo

2077 5633 2465 5689 communibus
2499 5632 2665 5685 armis
2701 5646 2764 5684 ex
2822 5628 3030 5682 invidia
3071 5643 3101 5681 a
3159 5623 3420 5681 Romanis
3466 5637 3644 5692 oppu-

2078 5734 2263 5795 gnata,
2293 5732 2347 5779 et
2395 5733 2520 5779 ante
2565 5722 2659 5777 diu
2694 5720 2836 5791 apud
2887 5719 3157 5775 Triballos
3199 5716 3450 5787 profugo.
3488 5728 3638 5769 nunc

2079 5814 2265 5871 divina
2327 5817 2615 5888 adiuvante
2674 5810 2915 5883 potentia
2975 5812 3031 5867 in
3084 5810 3261 5866 solum
3310 5809 3637 5869 Romanum,
