4062 6290
538 361 681 427 108Ἶ

1724 354 2054 416 JOANNIS
2093 315 2626 411 CANTACUZENI

3655 336 3790 402 1033

536 479 681 548 Quin
706 476 924 534 etiamsi
961 474 1096 546 ipsis
1148 471 1362 529 servire
1395 468 1548 535 velit,
1572 482 1883 539 quanquam
1923 464 1975 519 in
2014 464 2114 518 mi-

2217 478 2276 529 γε
2335 463 2442 530 μὴν
2482 444 2603 513 ὀὐδ’
2649 455 2832 513 αὐτῶν
2865 456 2913 509 εί
2951 453 3198 522 βούλοιτο
3250 450 3440 508 δοῦλον
3500 446 3667 519 εἶναι,
3700 455 3792 506 καὶ

540 570 771 625 nisterio
803 565 1124 622 sordissimo
1142 575 1198 619 et
1223 560 1621 633 abjectissimo,
1641 560 1788 615 inter
1810 557 2107 627 equisones

539 672 595 715 et
630 676 794 716 cocos
826 657 1108 717 videlicet,
1156 655 1303 709 nolle
1335 654 1453 724 ejus
1507 665 1753 722 operam,
1798 648 1893 704 sed
1933 662 2107 716 oppu-

540 759 803 820 gnaturos
853 763 980 803 cum
1028 761 1266 815 semper,
1315 756 1371 798 et
1404 742 1559 798 brevi
1591 742 1887 797 admodum
1920 739 1988 793 ad
2019 754 2110 793 or-

540 859 661 895 rum
692 841 1050 895 demissuros.
1087 835 1221 890 Nam
1253 835 1399 905 quod
1448 850 1622 907 usque
1675 834 1728 887 in
1780 835 1930 886 hunc
1961 832 2106 885 diem

541 935 760 987 fruatur
789 932 1010 1000 spiritu,
1037 946 1144 983 non
1174 928 1466 999 prudentia
1487 938 1583 983 aut
1611 936 1727 982 arte
1757 927 2110 995 imperatoria

539 1034 814 1078 servatum
851 1037 995 1082 esse.
1040 1037 1228 1076 verum
1259 1021 1386 1090 quia
1434 1019 1625 1090 procul
1666 1017 1805 1086 apud
1840 1015 2109 1069 Triballos

539 1131 669 1169 erro
702 1113 920 1168 vixerit.
960 1113 1119 1167 Nunc
1151 1113 1277 1183 quia
1304 1110 1530 1181 propius
1560 1108 1722 1170 adsit,
1762 1107 1939 1176 primo
1973 1122 2110 1176 quo-

543 1222 651 1274 que
679 1217 925 1276 tertipore
968 1215 1325 1275 experturum
1350 1245 1364 1268 ,
1394 1203 1592 1257 melius
1630 1200 1733 1270 ipsi
1768 1200 1936 1254 fuisse
1967 1195 2111 1266 apud

540 1298 764 1351 eosdem
799 1296 1067 1351 Triballos
1119 1293 1363 1349 mercedi
1416 1292 1550 1347 dare
1581 1304 1800 1360 operas,
1829 1302 1992 1359 quam
2029 1303 2115 1340 rc-
2146 1346 2147 1349 η

544 1404 796 1457 gressum
831 1389 886 1441 in
920 1388 1056 1442 lines
1090 1386 1326 1441 Romani
1360 1384 1598 1454 imperii,
1651 1381 1784 1437 illud
1835 1380 1937 1434 sibi
1968 1393 2118 1433 asse-

545 1494 685 1530 rere.
717 1477 936 1530 Brulam
982 1485 1165 1530 autem
1200 1482 1325 1540 post
1353 1473 1611 1526 immania
1640 1472 1732 1525 illa
1763 1468 2028 1539 smiplieia
2055 1467 2115 1520 in

541 1583 822 1623 carcerem
848 1608 862 1632 ,
900 1570 958 1622 in
1002 1558 1351 1623 Constantini
1401 1565 1575 1636 Magni
1636 1564 1836 1635 palatio
1872 1562 2115 1618 incluse-

542 1663 692 1719 runt,
728 1656 820 1722 qui
875 1662 930 1709 et
964 1655 1128 1724 paulo
1178 1662 1300 1723 post
1337 1668 1460 1707 cum
1512 1652 1632 1707 aliis
1676 1650 1876 1706 vinctis
1911 1651 2115 1721 populo

541 1746 844 1814 Byzantino
887 1755 1009 1815 post
1040 1754 1295 1800 mortcm‘
1330 1744 1670 1825 Apocauchi,
1704 1753 1765 1799 ut
1810 1744 1952 1799 infra
1997 1760 2106 1798 non

2212 553 2462 606 δουλείαν
2491 552 2591 620 τὴν
2643 548 2933 620 αἰσχίστην
2974 546 3433 630 είςαίπποκόμους
3462 545 3563 599 καὶ
3596 547 3790 614 μαγεί-

2214 660 2341 714 ρτυς
2384 642 2742 711 τεταγμένον,
2790 640 2928 693 ἀλλά
3004 638 3340 710 πολεμήσειν
3384 639 3516 709 ἄχρι
3567 638 3791 700 παντὸς,

2212 735 2307 788 καὶ
2336 734 2567 804 τάχιστα
2596 731 2934 800 διαφθερεῖν.
2958 732 3066 784 Καὶ
3089 730 3197 799 γὰρ
3220 730 3281 781 “ab
3310 730 3592 801 περιεῖναι
3627 729 3791 798 μέχρι

2213 826 2308 881 νῦν
2350 825 2446 895 οὐχ
2484 824 2518 895 ἡ
2566 822 2782 886 σύνεσις
2840 823 2952 875 οὐδ’
2998 821 3374 892 ήστρατηγία
3425 822 3788 889 περιέσωσεν,

2214 916 2350 969 ἀλλὰ
2383 916 2441 968 rb
2472 916 2662 986 πόρῤω
2692 933 2795 967 που
2830 917 2887 967 ἐν
2918 912 3242 984 Τριϐαλλοῖς
3275 912 3560 986 πλανήτην
3586 911 3791 980 διατρί-

2215 1007 2352 1061 ϐειν.
2385 1006 2523 1062 Νυνὶ
2554 1005 2599 1059 δ’
2630 1006 2752 1057 ἐπεὶ
2791 1004 3009 1071 ἐγένετο
3054 1001 3242 1070 ἐγγὺς,
3280 992 3529 1056 εῐσεσθαι
3563 999 3665 1070 τὴν
3704 1018 3792 1053 τα-

2212 1099 2427 1169 χίστην,
2462 1097 2545 1150 ὅτι
2576 1096 2789 1166 βέλτιον
2820 1089 2886 1165 ἦν
2936 1093 3085 1164 αὐτῷ
3121 1093 3374 1164 θητεύειν
3404 1091 3559 1161 παρά
3585 1090 3790 1160 Τριϐα-

2214 1191 2348 1256 λοῖς,
2383 1188 2415 1258 ἢ
2462 1188 2626 1256 ἐγγὺς
2663 1187 2765 1255 τῆς
2808 1185 3098 1255 Ῥωμαίων
3147 1188 3442 1254 γενόμενον
3480 1182 3788 1252 βασιλείας,

2216 1280 2586 1351 ἀμφισϐητεῖν
2623 1280 2750 1349 περὶ
2780 1277 2971 1345 αὐτῆς.
3004 1275 3249 1347 Βρουλᾶν
3278 1276 3336 1328 δὲ
3378 1276 3518 1346 μετά
3548 1276 3650 1336 τὰς
3680 1291 3793 1326 ποι·

2214 1375 2311 1436 νὰς
2346 1372 2563 1435 ὲκείνας
2587 1370 2683 1434 τὰς
2708 1369 3036 1441 ἀνημέρους,
3070 1366 3147 1438 τῷ
3168 1369 3225 1422 ὲν
3244 1369 3355 1429 τοῖς
3377 1366 3791 1419 Κωνσταντίνου

2217 1465 2514 1534 βασιλείοις
2542 1463 2637 1516 τοῦ
2668 1463 2905 1533 μεγάλου
2942 1448 3309 1532 δεσμωτηρίῳ
3344 1460 3665 1529 καθεῖρξαν.
3695 1461 3786 1520 ὐς

2216 1558 2312 1610 καὶ
2355 1556 2547 1627 μικρὸν
2579 1553 2807 1625 ὕστερον
2858 1552 3096 1623 ἀνῃρέθη
3148 1551 3287 1622 μετά
3315 1552 3427 1604 τῶν
3455 1550 3632 1604 ἄλλων
3668 1566 3790 1601 συν·

2214 1648 2536 1719 δεσμωτῶν,
2566 1646 2658 1698 τοῦ
2711 1646 2883 1715 δήμου
2932 1644 3041 1697 τῶν
3094 1643 3408 1707 Βυζαντίων
3459 1640 3789 1709 ἐπιθεμένου

2218 1745 2356 1814 μετά
2393 1746 2496 1812 τὴν
2542 1737 2884 1806 Ἀποκαύχου
2923 1735 3203 1807 τελευτὴν,
3237 1735 3426 1803 ὥσπερ
3456 1735 3686 1803 ὕστερον
3711 1734 3785 1784 εἰ·

543 1839 705 1907 longe
757 1837 1113 1902 docebimus,
1174 1819 1418 1893 irruente
1464 1821 1782 1892 interfectus
1817 1845 1920 1892 est.
1983 1836 2107 1891 llaec

2217 1838 2440 1906 ρήσεται
2469 1833 2637 1901 ὀλίγῳ
2694 1830 2880 1884 Ταῦτα
2919 1827 2974 1880 δὲ
3017 1826 3164 1896 αύτῷ
3198 1825 3521 1894 ἐπράττετο,
3560 1824 3624 1875 ἐκ
3660 1839 3787 1873 παν-

547 1922 638 1975 ille
665 1922 856 1993 agebat
903 1931 963 1977 ut
1004 1925 1183 1978 modis
1206 1926 1463 1980 omnibus
1520 1925 1722 1980 bellum
1761 1934 2023 1991 strueret,
2054 1937 2110 1981 et

522 2010 957 2079 ,imperatriecm
1002 2012 1314 2080 bujusmodi
1360 2015 1661 2069 facinorum
1700 2015 2112 2070 terriculamen-

547 2100 617 2155 tis
639 2116 669 2153 a
700 2101 1125 2179 cogitationibus
1152 2104 1299 2172 pacis
1325 2117 1599 2172 avocaret,
1665 2106 2109 2179 gantacuzenum

547 2210 678 2249 vero
706 2195 773 2248 ad
807 2178 1155 2264 implacabile
1203 2198 1395 2252 odium
1449 2198 1825 2269 ultionemque
1849 2214 2114 2269 provoca-

550 2296 652 2339 ret.
686 2284 923 2339 Noverat
951 2285 1224 2355 siquidem
1253 2288 1592 2357 planissime,
1644 2290 1690 2344 si
1724 2305 1823 2359 pax
1859 2290 2112 2350 iniretur.

545 2390 606 2431 se
639 2375 857 2431 amissis
887 2391 1072 2430 rerum
1105 2377 1494 2446 gubernaculis
1525 2395 1632 2453 non
1665 2382 1840 2435 solum
1870 2383 2111 2453 primum

548 2467 954 2532 Romanorum,
1010 2467 1105 2522 sed
1171 2484 1273 2523 nec
1327 2486 1355 2523 a
1410 2451 1590 2540 primo
1661 2451 2114 2546 quotumcunque

548 2557 769 2613 laudent
806 2558 1077 2614 futurum.
1107 2560 1320 2616 idcirco
1356 2579 1452 2631 per
1480 2564 1710 2618 multum
1750 2569 2069 2638 sanguinem
2097 2611 2113 2637 ,

548 2664 713 2718 quem
745 2649 1035 2712 fundebat,
1067 2666 1166 2720 per
1197 2652 1514 2722 plagiatum,
1547 2663 1604 2708 et
1625 2666 1827 2725 quanta
1863 2659 1971 2713 diei
2004 2676 2111 2716 non
2143 2652 2161 2657 ’

549 2745 761 2806 potest,
819 2739 1192 2794 Romanorum
1255 2742 1429 2796 labem
1473 2754 1635 2813 atque
1687 2748 2011 2815 perniciem,
2046 2751 2113 2805 ad

547 2824 825 2878 excelsum
861 2825 1008 2880 hunc
1032 2827 1260 2896 gradum
1305 2831 1675 2898 grassabatur.
1718 2834 1877 2905 573
1912 2838 1979 2889 At
2022 2839 2118 2891 im-

550 2924 859 2982 peratorem
884 2915 1019 2971 nihil
1048 2916 1242 2972 borum
1266 2920 1601 2975 nefariorum
1643 2940 1870 2994 operum
1905 2943 1934 2982 a
1971 2929 2118 2984 desi-

553 3007 707 3061 derio
750 3010 901 3077 pacis
962 3008 1292 3076 abstinebat,
1332 3013 1425 3083 qui
1467 3024 1632 3069 totam
1668 3028 1901 3072 mentem
1946 3020 2002 3073 in
2050 3035 2118 3075 eo

554 3096 835 3162 deﬁxerat,
871 3099 1148 3167 quomodo
1203 3100 1407 3155 bellum
1465 3104 1947 3172 exterminarelur,
1992 3123 2115 3162 eum

548 3206 613 3244 ex
643 3204 711 3244 eo
741 3191 804 3245 ad
838 3191 1112 3248 Romanos
1138 3193 1273 3248 nihil
1299 3194 1441 3263 αξιιυί
1473 3196 1904 3252 redundaturum
1927 3202 2113 3255 sciret.

548 3282 652 3337 Ubi
681 3283 891 3352 legatus
922 3284 1133 3339 Amurii
1165 3287 1347 3348 rediit.
1383 3298 1438 3342 et
1468 3290 1597 3357 quid
1617 3289 1686 3345 de
1721 3290 1881 3345 Brula
1912 3291 2115 3346 factum

552 3381 702 3455 esset
733 3376 1096 3440 renuntiavit,
1131 3379 1453 3432 archenlnm
1485 3397 1805 3450 responsum
1841 3384 2115 3453 exposuit,

550 3465 873 3534 litterasque
911 3468 977 3520 ad
1012 3470 1297 3523 Amurium
1332 3474 1673 3542 conscriptas
1708 3470 1992 3544 porrekit,
2025 3478 2117 3531 ille

554 3558 871 3625 obsignatas
922 3571 982 3613 ut
1013 3574 1171 3615 erant
1220 3562 1285 3615 ad
1326 3564 1716 3633 imperatorem
1759 3568 1973 3624 detulit.
1999 3574 2117 3637 Quo

553 3648 761 3702 factum
815 3650 933 3719 ejus
965 3651 1242 3720 culpante,
1280 3653 1765 3727 interroganteque
1807 3675 1939 3714 num
1986 3662 2120 3719 sini-

552 3748 730 3793 strum
757 3740 961 3809 aliquid
992 3741 1059 3796 de
1087 3758 1144 3798 se
1174 3745 1577 3814 suspicaturum
1608 3749 2120 3825 putavisset,subji-

554 3830 905 3888 citAmurius
931 3851 1036 3889 non
1077 3850 1141 3890 ea
1172 3837 1239 3892 de
1273 3853 1436 3894 causa
1457 3841 1748 3909 epistolam
1776 3859 1834 3900 se
1859 3860 1970 3901 non
1993 3848 2121 3903 resi-

554 3937 772 3989 gnasse,
801 3925 1025 3980 stultum
1053 3928 1197 3982 enim
1229 3927 1344 3985 fore
1367 3946 1592 4000 prorsus
1617 3935 1662 3988 si
1706 3936 1825 4007 ejus
1852 3937 1920 3992 de
1949 3954 2007 3993 se
2028 3940 2119 4010 ju-

553 4012 762 4067 dicium
812 4030 877 4070 ac
912 4017 1252 4076 voluntatem
1302 4024 1544 4079 nondum
1575 4037 1918 4097 perspectam
1945 4041 1999 4085 et
2029 4045 2122 4085 ex-

552 4103 824 4170 ploratam
847 4105 1103 4185 liaberet,
1150 4113 1244 4165 sed
1278 4128 1400 4168 cum
1431 4129 1542 4170 non
1586 4117 1801 4185 ignoret
1824 4121 2121 4177 archontas

555 4191 802 4247 Romano
825 4182 1157 4265 imperatore
1206 4204 1474 4260 conviciis
1537 4182 1948 4264 et'maledictis
1979 4211 2121 4266 lace-

553 4285 724 4334 rando
758 4287 987 4354 perinde
1031 4300 1195 4360 atque
1233 4295 1455 4363 negotio
1485 4298 1725 4366 cuipiam
1753 4300 1919 4354 etiam
1956 4312 2119 4373 atque

549 4372 717 4427 etiam
751 4380 1065 4435 necessario
1100 4383 1338 4449 deditos,
1372 4383 1583 4441 idcirc'o
1613 4404 1720 4443 non
1753 4391 1910 4445 alteri
1935 4372 2120 4463 legen-

2144 3158 2186 3216 C

2213 1927 2303 1988 τὸς
2334 1926 2535 1995 τρόπου
2574 1924 2666 1976 τὸν
2706 1923 2940 1990 πόλεμον
2967 1916 3453 1980 κατασκευάζοντι,
3482 1915 3580 1966 καὶ
3609 1912 3785 1982 βουλοο

2217 2017 2364 2088 μένῳ
2389 2014 2640 2085 βασιλίδα
2675 2030 2732 2066 τε
2772 2010 2909 2081 ὁμοῦ
2937 2011 3023 2063 διὰ
3054 2009 3147 2063 τὸν
3178 2007 3342 2078 φόϐον
3366 2007 3475 2060 τῶν
3502 2004 3791 2074 τολμωμὲο

2214 2120 2320 2157 νων
2344 2102 2578 2171 ἀπάγειν
2626 2101 2725 2169 τῆς
2779 2100 3026 2171 εἰρήνης.
3080 2100 3177 2151 καὶ
3215 2096 3675 2164 Καντακουζηνδν
3701 2095 3785 2145 τὶν

2216 2194 2441 2266 βασιλέα
2469 2193 2604 2265 πρὸς
2628 2192 2829 2263 ἔχθραν
2856 2192 3122 2245 ἄσπονδον
3163 2194 3255 2244 καὶ
3292 2190 3509 2260 ἄμυναν
3539 2187 3783 2241 ἐκκαλεῖ-

2217 2287 2361 2340 σθαι.
2402 2286 2557 2357 ’ᾙδει
2583 2284 2693 2354 γὰρ
2724 2283 3042 2351 σαφέστατα
3072 2283 3171 2352 τὴν
3199 2283 3425 2353 είρήνην
3449 2283 3615 2334 αὺτὶν
3645 2282 3786 2334 ἀπά-

2218 2377 2415 2441 ξουσαν
2447 2375 2556 2429 τῶν
2620 2374 2963 2446 πραγμάτων
3027 2373 3127 2443 τῆς
3178 2375 3376 2442 ἀρῗῆς,
3410 2373 3506 2424 καὶ
3559 2374 3662 2441 οὐχ
3709 2373 3785 2424 ὅτι

2216 2467 2435 2539 πρῶτον
2488 2463 2627 2521 εἶναι
2679 2467 3145 2537 συγχωρήσουσαν
3185 2463 3501 2532 Ῥωμαίων,
3527 2463 3648 2516 ἀλλ’
3672 2463 3784 2516 οὐδὲ

2217 2558 2512 2613 πολλοστὸν
2557 2558 2665 2612 ἀπὸ
2706 2557 2799 2610 τοῦ
2846 2556 3088 2627 πρώτου.
3122 2556 3212 2610 Διὸ
3247 2557 3344 2610 καὶ
3376 2557 3591 2609 πολλῶν
3622 2556 3782 2624 αἱμα·

2216 2669 2346 2715 των,
2369 2651 2465 2706 καὶ
2486 2650 2961 2720 ἀνδραποδισμῶν,
2989 2651 3084 2703 καὶ
3112 2649 3322 2718 φθορᾶς
3368 2649 3656 2720 ἀμυθήτου
3682 2649 3782 2700 τῶν

2226 2740 2518 2813 Ῥωμαίων
2546 2742 2644 2812 τὴν
2677 2741 2933 2811 τοιαύτην
2966 2741 3259 2811 ὴλλάττετο
3319 2743 3514 2812 ἀρχὴν.
3546 2741 3779 2795 Βασιλέα

2216 2836 2273 2890 δὲ
2312 2835 2463 2903 οὐδὲν
2518 2834 2757 2887 ἐκώλυσε
2806 2834 2917 2886 τῶν
2971 2835 3302 2905 παρανόμων
3350 2833 3526 2905 ἔργων
3561 2838 3783 2887 τουτωνὶ

2218 2929 2318 2997 τῆς
2346 2929 2569 2997 εἰρήνης
2596 2927 2931 2996 ἀποσχέσθαι
2956 2942 2969 2959 '
3004 2927 3137 2979 ἀλλά
3170 2928 3351 2979 πᾶσαν
3384 2925 3632 2979 ἐπίνοιαν
3671 2925 3783 2977 ἐκί-

2220 3039 2323 3084 νει,
2353 3020 2492 3077 ὥστε
2532 3018 2924 3072 κατατίθεσθαι
2956 3018 3048 3071 τὸν
3085 3019 3322 3089 πόλεμον
3345 3037 3357 3051 ·
3386 3018 3503 3090 ᾔδει
3535 3021 3644 3088 γάρ
3692 3019 3779 3070 οὔ·

2219 3114 2306 3166 δὲν
2363 3110 2603 3173 ἐπιεικὲς
2656 3111 2720 3163 ὲκ
2766 3109 2957 3163 τούτου
3011 3110 3427 3182 συμϐησόμενον
3466 3111 3779 3180 Ῥωμαίοις.

2233 3206 2387 3257 Ἐπεὶ
2414 3204 2469 3257 δὲ
2500 3205 2527 3255 ὁ
2570 3202 2775 3273 Ἀμοὺρ
2804 3203 3045 3275 ἐπανῆκε
3073 3203 3439 3273 πρεσϐευτὴς,
3469 3202 3778 3273 ἀπήγγελλε

2222 3295 2319 3363 μὲν
2352 3295 2452 3346 ὅσα
2490 3292 2734 3363 συμϐαίη
2784 3294 2913 3362 περὶ
2963 3293 3208 3365 Βρουλᾶν
3243 3295 3336 3345 καὶ
3364 3294 3461 3356 τὰς
3492 3295 3645 3363 παρὰ
3676 3293 3780 3343 τῶν

2218 3384 2494 3457 ἀρχόντων
2520 3383 2809 3452 Ῥωμαίοις
2837 3384 2970 3453 πρὸς
2997 3383 3098 3452 τὴν
3120 3401 3222 3452 πρε
3234 3382 3417 3436 σϐξίαν
3440 3382 3778 3451 ἀποκρίσεις.

2219 3475 2513 3545 παρείχετο
2548 3475 2603 3529 δὲ
2638 3475 2732 3528 καὶ
2766 3475 2832 3528 τὰ
2871 3474 3273 3547 γράμματατᾷι
3314 3473 3729 3546 πρὸςοἋμοῦρ’
3754 3476 3781 3525 ὁ

2217 3566 2294 3629 δὲ,
2327 3562 2574 3636 (inﬁmi:
2619 3568 3058 3637 ὲσφραγισμένα,
3103 3568 3275 3622 ταῦτα
3320 3568 3481 3636 ἔχων,
3526 3564 3663 3639 ἧκεν
3710 3568 3779 3626 ὡς

2222 3657 2444 3728 βασιλέα
2470 3674 2484 3688 ο
2522 3658 2876 3728 μεμφομένου
2921 3660 2978 3712 δὲ
3026 3658 3238 3712 ἐκείνου
3270 3660 3319 3710 εἰ
3364 3659 3489 3728 περὶ
3536 3655 3704 3709 αὑτοῦ
3731 3673 3781 3708 τι

2220 3748 2423 3817 φαῦλον
2455 3750 2610 3821 ᾠήθη
2641 3748 2990 3817 ὑποπτεύειν,
3017 3752 3078 3804 οὺ
3102 3751 3359 3823 τοιαύτην
3381 3750 3621 3818 ἔφασκεν
3647 3753 3781 3801 sxa?-

2220 3857 2308 3905 νος
2342 3842 2565 3911 γνώμην
2586 3839 2724 3911 ἔχων
2750 3841 2827 3912 μὴ
2847 3841 3135 3899 λελυκέναι
3163 3843 3262 3911 τὴν
3293 3841 3592 3913 σφραγῖδα.
3634 3841 3780 3895 Ἀνὸο

2220 3949 2345 4001 ητος
2378 3933 2487 4001 γάρ
2520 3933 2585 3985 ἂν
2616 3933 2701 4001 εἴη
2738 3932 3085 3986 παντάπασιν
3125 3935 3174 3986 εί
3207 3934 3307 4001 τὴν
3359 3932 3626 4002 βασιλέως
3658 3934 3781 4003 περὶ

2220 4022 2385 4076 αὐτοῦ
2434 4023 2670 4078 διάνοιαν
2715 4023 3011 4094 ἀναγνοίη·
3072 4022 3232 4086 εἰδὼς
3281 4023 3341 4075 δὲ
3383 4024 3461 4086 ὡς
3486 4026 3602 4086 τοῖς
3639 4026 3783 4093 παρά

2230 4113 2523 4183 Ῥωμαίοις
2551 4115 2831 4185 ἄρχουσιν,
2862 4112 3054 4183 ὥσπερ
3088 4132 3139 4166 τι
3183 4114 3291 4167 τῶν
3337 4115 3779 4183 ἀναγκαιοτάτων

2220 4205 2277 4257 αἱ
2306 4207 2438 4275 πρὸς
2463 4205 2687 4276 βασιλέα
2717 4205 2901 4275 ὕϐρεις
2934 4205 3341 4277 ἔπιτηδεύονται
3361 4223 3377 4239 ο
3406 4206 3601 4259 τούτου
3630 4209 3784 4276 χάριν

2223 4296 2296 4364 μὴ
2340 4295 2512 4365 ἑτέρῳ
2561 4294 2941 4365 παρασχέσθαι
2993 4294 3391 4364 ἀναγινώσκειν
3416 4313 3429 4327 ·
3466 4296 3556 4349 τνα
3594 4296 3668 4366 μὴ
3709 4297 3781 4358 είς

2222 4377 2433 4438 πολλῶν
2463 4387 2679 4455 ἐμπέσῃ
2708 4387 2777 4439 τά
2806 4386 3104 4457 βλάσφημα
3143 4388 3335 4453 ἀκοὰς,
3389 4389 3507 4442 ἀλλ’
3563 4392 3779 4458 ἀγαγεῖν

550 4463 679 4516 dam
714 4468 1025 4533 tradidisse,
1054 4487 1125 4527 ne
1159 4476 1367 4543 probra
1402 4476 1493 4530 illa
1531 4480 1596 4532 ad
1628 4481 1929 4536 multorum
1954 4500 2115 4540 aures

2221 4478 2357 4548 πρὸς
2388 4478 2572 4542 αὐτὸν,
2600 4476 2666 4532 ἵν’
2702 4478 2750 4530 εί
2788 4478 2888 4548 μέν
2939 4495 2991 4529 τι
3044 4478 3311 4549 χρήσιμον
3338 4480 3780 4551 ἐγγεγραμμένον

555 4560 934 4627 pervenirent,
967 4564 1062 4618 sed
1093 4565 1159 4619 ad
1180 4567 1357 4635 ipsum
1380 4570 1720 4640 obsignatam
1750 4573 1969 4642 aﬂ‘erre,
1989 4586 2048 4630 ut
2072 4576 2117 4631 si

553 4650 689 4716 quid
736 4652 869 4707 utile
925 4655 997 4709 ibi
1056 4658 1325 4726 scriptum
1376 4661 1563 4729 fuerit,
1597 4663 1650 4717 id
1703 4665 1927 4720 minime
1968 4669 2121 4737 parvi

553 4738 751 4804 ducat;
784 4744 868 4796 sin
901 4758 1184 4811 consueta,
1213 4757 1344 4818 puta
1367 4755 1711 4809 contumeliae
1732 4764 1786 4810 et
1808 4757 2118 4825 maledicta,

558 4827 615 4879 in
664 4844 854 4884 eorum
916 4835 1010 4901 qui
1066 4840 1411 4906 scripserunt
1458 4843 1634 4909 capita
1687 4844 1934 4898 recidant
1982 4847 2117 4914 (‘28).

551 4919 920 4975 Commendat
943 4925 1235 4981 consilium
1268 4928 1589 4999 imperator,
1613 4934 1863 5003 leguntur
1895 4936 2113 5002 litterae,

555 5010 692 5063 nihil
728 5011 798 5064 ibi
836 5016 1090 5081 probum,
1115 5019 1210 5072 sed
1245 5022 1905 5093 adversusitnperatorem
1940 5029 2117 5096 turpia

551 5110 606 5153 et
659 5101 878 5158 infanda
923 5109 1193 5176 convicia,
1223 5112 1541 5182 Amuriique
1572 5109 1947 5186 reprehensio,
1971 5121 2116 5189 quod

552 5205 664 5245 non
697 5194 814 5248 sine
850 5210 1065 5252 summo
1089 5200 1358 5257 dedecore
1383 5204 1687 5263 nobilitatis
1707 5224 1820 5263 sua:
1875 5224 2000 5263 cum
2024 5210 2117 5264 illo

552 5296 613 5336 se
641 5287 1040 5354 conjunxisset.
1090 5290 1394 5361 Imperator
1420 5296 1678 5364 quoniam
1724 5298 1967 5370 Byzantii
1996 5300 2117 5355 nul-

2217 4565 2273 4639 ἦ,
2303 4568 2460 4636 λόγον
2502 4567 2625 4621 τινὰ
2670 4570 3002 4638 ποιήσωνται
3048 4569 3237 4625 αὐτοῦ.
3276 4571 3335 4622 Εἰ
3369 4570 3425 4623 δὲ
3462 4573 3533 4624 τα
3581 4570 3776 4639 συνήθη

2218 4660 2411 4724 ταῦτα,
2445 4658 2630 4729 ὕϐρεις
2659 4659 2751 4713 καὶ
2780 4642 3063 4728 λοιδορίαι,
3109 4661 3203 4714 ἐπὶ
3236 4660 3336 4723 τὰς
3363 4661 3477 4712 τῶν
3511 4662 3775 4731 γεγραφῦν

2217 4767 2326 4804 των
2372 4752 2684 4821 τρέπωνται
2736 4751 3003 4819 κεφαλάς.
3055 4751 3477 4816 Ἐπαινέσαντος
3522 4753 3579 4804 δὲ
3626 4753 3778 4805 αὐτὸν

2219 4842 2311 4896 τοῦ
2357 4842 2622 4912 βασιλέως
2657 4842 2749 4895 ἐπὶ
2798 4841 2994 4911 τούτῳ,
3039 4840 3229 4895 ἔπειτα
3278 4844 3676 4911 ἀνεγινώσκετο
3718 4847 3776 4896 τα

2219 4933 2540 5003 γράμματα,
2571 4933 2666 4986 καί⁵
2696 4928 2765 5003 ἦν
2795 4932 2949 4985 οὐδὲν
2972 4933 3126 5000 ὑγιὲς
3154 4934 3629 5006 ἐγγεγραμμένον,
3654 4930 3777 4990 ἁλία

2218 5027 2352 5095 πρός
2387 5042 2444 5078 τε
2487 5024 2711 5095 βασιλέα
2744 5024 2935 5095 ὕϐρεις
2978 5026 3205 5095 αἰσχραὶ
3256 5028 3350 5080 καὶ
3384 5031 3654 5095 ἀγεννεῖς,
3691 5029 3775 5079 καὶ

2221 5116 2456 5187 μέμψεις
2491 5116 2628 5186 πρὸς
2666 5117 2895 5186 Ἀμοὺρ,
2925 5117 3007 5169 ὃτι
3032 5115 3178 5184 αὐτῷ
3201 5116 3446 5187 ἀνέχοιτο
3473 5116 3773 5172 ἀκολοσθέτν

2216 5209 2308 5262 καὶ
2338 5209 2437 5279 τὴν
2467 5206 2744 5275 εὐγένειαν
2776 5207 3172 5278 περιυϐρίζειν.
3208 5210 3473 5273 Βασιλεὺς
3498 5212 3545 5263 δ’
3594 5213 3707 5262 ἐπεὶ
3727 5211 3769 5259 οξ

2215 5301 2275 5353 ὲν
2319 5297 2599 5363 Βυζαντίῳ
2627 5297 2884 5367 οὐδεμίαν
2931 5298 3124 5354 ἐλπίδα
3164 5299 3492 5371 παρείχοντο
3540 5303 3771 5372 εἰρήνης,

1804 5439 2021 5501 Jacobi
2045 5439 2313 5502 Pontani
2348 5447 2533 5501 notae.

629 5544 953 5631 g28lgAliter.
992 5549 1161 5631 Graeci
1209 5554 1511 5631 etiam_l_ioe
1545 5560 1707 5631 modo
1743 5563 1837 5624 Είς
1872 5562 2113 5631 κεφαλὴν

566 5620 1226 5701 conﬁci-uaadiectionem
1281 5626 1447 5701 verbi.
1480 5620 2106 5701 Subauditur-aperiente.

568 5682 760 5765 Dicunt
793 5682 951 5740 etiarn
990 5688 1189 5755 Latini,
1229 5696 1368 5756 quod
1414 5696 1467 5747 in
1519 5682 1681 5765 caput?
1707 5682 2108 5763 luztntn‘rt‘i’dut,

567 5755 706 5804 attoc.’
732 5755 781 5805 iu
808 5766 964 5813 caput
994 5755 1403 5829 luunttwtatur,
1428 5775 1561 5833 quod
1584 5755 1797 5821 illorum
1825 5772 1982 5839 ι’(ψὶιί
2012 5758 2099 5824 sit.

2216 5562 2374 5639 Apud
2398 5560 2675 5684 \liilrgilinm
2701 5562 2948 5616 Evander
2968 5562 3293 5616 Mezentium
3325 5573 3606 5634 tyrannum
3626 5575 3767 5614 exse-

2221 5647 2381 5684 crans
2430 5649 2440 5682 I
2489 5671 2498 5684 .
2534 5646 2672 5684 vm:

2221 5647 2381 5687 crans
2411 5646 2498 5684 ιιυ.
2534 5646 2629 5685 VIII
2659 5648 2672 5683 Ξ

2286 5702 2425 5775 Quid
2456 5718 2731 5775 alieniorem
2756 5702 3007 5775 infandas
3036 5704 3219 5760 (mdes.
3241 5704 3365 5766 quid
3387 5705 3527 5775 facta
3562 5700 3763 5772 tyranni

2291 5770 2469 5838 E/ft'm
2497 5772 2520 5823 ?
2546 5772 2599 5826 (Ιὶ
2649 5775 2807 5841 capiti
2838 5774 3001 5842 ipsitjs
3032 5777 3308 5845 generique
3340 5770 3600 5828 resonent.
