4062 6290
305 279 451 344 1089

1443 278 1991 343 HISTORIARUM
2036 282 2270 343 LIBER
2321 280 2433 347 lli.

3421 299 3556 363 1οζιο

298 390 617 459 ἀναγκαίως
649 386 740 443 καὶ
781 389 945 456 αὐτὸς
987 392 1184 463 ἐχώρει
1216 393 1348 464 πρδς
1376 395 1469 445 τόν
1498 384 1756 461 πόλεμον,
1782 392 1866 445 καί

1983 392 2088 446 lant
2123 410 2273 464 spem
2308 398 2460 465 pacis
2485 388 2489 393 ’
2519 399 2795 456 faciebant
2825 434 2838 468 ,
2892 409 3205 463 necessario
3238 418 3292 464 et
3335 413 3450 481 ipse
3488 415 3554 468 ad

295 484 607 552 ἠνάγκαζεν
638 482 789 553 αὐτῷ
821 483 921 546 τὰς
969 484 1151 546 πόλεις
1186 487 1533 556 προσχωρεῖν
1576 485 1609 553 ἢ
1646 484 1879 546 ἑκούσας

294 578 327 647 ἢ
363 576 714 645 βιαζομένας.
763 575 1003 629 Βασιλίδι
1057 576 1113 629 δὲ
1164 577 1372 648 Εἰρήνῃ
1415 578 1471 628 ἐν
1514 575 1880 645 Διδυμοτείχῳ

297 669 466 738 μηδὲν
489 669 675 739 ἕτερον
698 669 827 739 περὶ
854 668 1122 739 βασιλέως
1154 669 1504 740 πεπυσμένη,
1523 670 1606 722 ὅτι
1634 668 1708 738 μὴ
1740 669 1878 739 πρὸς

295 763 563 832 Βέῥόο.αν
620 759 894 831 διατρίϐει
936 763 1441 832 προσχωρήσασαν,
1474 761 1822 829 ἀπήγγελλεν
1850 762 1879 814 6

291 851 588 923 ἀρχιερεὺς
634 852 1044 923 Διῖυμοτείχου,
1077 853 1162 906 ὅτι
1197 852 1452 923 βασιλεὺς
1484 852 1572 922 εἴη
1605 856 1705 923 τῆς
1736 854 1880 907 Χαλ-

290 946 504 1014 κηεέων
533 945 751 1010 ἐπιϐὰς,
784 945 879 999 καὶ
926 945 1246 999 ἐπιστεύετο
1285 945 1507 1002 αὐτίκα.
1556 941 1740 1000 Ἦσαν
1767 946 1876 1014 γὰρ

290 1037 444 1090 οὐδὲν
477 1037 673 1107 μικρὸν
695 1055 761 1089 πε
772 1037 824 1108 pl.
843 1037 1053 1090 ἐκείνου
1077 1037 1441 1106 πεπυσμένοι,
1462 1037 1578 1091 ἀλλ’
1598 1036 1671 1102 ὡς
1697 1038 1877 1091 πάντα

188 1196 201 1203 ο
289 1132 360 1183 τὰ
394 1131 628 1200 ἐσόμενα
659 1129 822 1183 εἰδότι
852 1130 1145 1200 προσεῖχον
1173 1130 1444 1195 ἀκριϐῶς.
1469 1131 1577 1183 Καὶ
1606 1125 1749 1200 ἦσαν
1780 1131 1873 1182 εὺο

290 1223 387 1284 ους
418 1222 474 1273 ἐν
510 1222 722 1290 κρότοις
759 1223 854 1275 καὶ
881 1222 1120 1293 ἑορταῖς,
1152 1221 1250 1274 καὶ
1277 1223 1377 1292 τῆς
1413 1221 1675 1276 ἐπανόδου
1715 1222 1875 1292 βασι-

286 1313 430 1375 λέως
465 1312 665 1376 πολλὰς
711 1312 833 1384 Θεῷ
862 1313 1144 1385 προσῆγον
1172 1313 1271 1377 τὰς
1303 1313 1683 1384 εὐχαριστίας.
1725 1312 1873 1365 Μετά

286 1409 485 1478 τρίτην
518 1407 573 1460 δὲ
611 1405 825 1476 ἡμέραν
871 1407 931 1472 ἐξ
973 1407 1211 1472 ἐκείνου,
1242 1407 1336 1459 καὶ
1381 1409 1411 1460 6
1443 1407 1743 1470 Μουζάλων
1768 1402 1870 1478 ἧκε

182 1512 188 1517 ‘
289 1500 447 1569 παρὰ
485 1498 749 1570 βασιλέως
792 1499 886 1551 καὶ
930 1499 1244 1570 ἀπήγγελλε
1284 1501 1462 1553 πάντα
1492 1498 1567 1561 ὡς
1606 1501 1826 1566 ἐγένετο
1854 1514 1871 1531 ’

287 1593 389 1645 καὶ
419 1591 582 1644 πάλιν
605 1585 748 1654 ἦσαν
783 1591 840 1642 ὲν
873 1591 994 1653 ταῖς
1025 1591 1242 1660 ὁμοίαις
1276 1591 1491 1661 ἑορταῖς
1515 1590 1618 1660 ἤδη
1659 1587 1874 1659 βεόαιό-

286 1699 472 1752 τερον.
504 1680 715 1744 Γλάὅας
740 1679 799 1733 δὲ
833 1680 1109 1748 Γεώργιος
1144 1678 1203 1743 ὃς
1235 1678 1344 1732 τῶν
1369 1682 1449 1741 εἰς
1488 1680 1872 1750 Διδυμότειχον

282 1771 643 1840 τεταγμένων
668 1768 860 1840 ἄρχειν
888 1763 970 1830 εἷς
991 1764 1081 1840 ἦν,
1116 1767 1287 1821 ἐλθὼν
1313 1769 1447 1838 πρὸς
1466 1772 1558 1821 τόν
1583 1771 1867 1841 ἀρχιερέα,

283 1861 457 1930 εὐχὴν
493 1859 612 1931 ⁴ᾔτει
654 1860 784 1929 παρ’
819 1858 1009 1923 αὑτοῦ,
1038 1858 1113 1922 ὡς
1139 1860 1220 1921 είς
1253 1859 1480 1929 βασιλέα
1505 1860 1832 1930 ἀφιξόμενις
1854 1876 1868 1892 ·

280 1950 588 2003 δεδοικέναι
621 1951 731 2021 γὰρ
784 1950 861 2021 μὴ
911 1951 1040 2020 πρὶν
1077 1953 1288 2005 ἐκεῖνον
1336 1954 1637 2023 ἐπανήκειν
1689 1954 1874 2007 τελευ-

279 2044 482 2115 τήσας,
511 2046 608 2112 τῆς
638 2026 864 2113 ἡδίστης
912 2042 1089 2112 ὅψεως
1129 2042 1394 2114 βασιλέως
1423 2044 1776 2115 ἀποστερηθῇ
1806 2046 1873 2098 ἰὁ

278 2135 330 2188 δ’
356 2112 633 2204 ἐπέτρεπε
662 2112 776 2206 μὲν
826 2136 963 2206 πρὸς
1010 2112 1217 2190 ἐκεῖνον
1268 2137 1563 2206 ἀφικέσθαι
1588 2179 1602 2202 ,
1635 2112 1872 2210 nuptias:

276 2228 343 2283 δὲ
379 2229 627 2299 θαρρεῖν,
676 2228 751 2291 ὡς
784 2226 978 2297 ὁψεται
1024 2228 1271 2298 βασιλέα,
1301 2231 1398 2282 καὶ
1446 2231 1525 2292 εἰς
1557 2232 1717 2301 τήνδε
1774 2233 1871 2302 τὴν

278 2321 445 2374 πόλιν
477 2320 846 2390 ἐπανήκοντα,
893 2320 991 2374 καὶ
1026 2320 1165 2388 πρός
1197 2336 1351 2384 τινας
1391 2321 1698 2390 ὑπηρεσίας
1738 2326 1873 2392 χρῇ-

283 2431 446 2484 σιμος
478 2415 670 2480 ἐκείνῳ
705 2412 886 2466 ἔσται.
922 2414 1083 2467 Μετὰ
1115 2412 1172 2466 δέ
1192 2430 1314 2466 τινα
1353 2413 1548 2483 χρόνον
1580 2413 1743 2484 ἡνίκα
1775 2416 1871 2468 καὶ

280 2506 452 2561 αὐτὸν
485 2505 609 2576 ήδη,
642 2505 780 2573 πρὸς
819 2507 887 2556 τὰ
922 2505 1136 2559 ἐκεῖθεν
1178 2506 1544 2576 δικαιωτήρια
1575 2506 1866 2576 κληθέντα,

280 2596 810 2669 παρασκευάζεσθαι
861 2597 956 2650 καλ⁸
1007 2598 1190 2658 αὐτὸν,
1221 2596 1294 2659 ὡς
1332 2598 1472 2666 μετὰ
1505 2598 1700 2667 μικρὸν
1731 2599 1867 2651 ἀπο-

279 2691 544 2759 λείψοντα
570 2689 632 2742 τὸ
676 2689 776 2759 ζῇν
801 2706 816 2721 ·
846 2687 989 2743 οὕτω
1029 2691 1138 2759 γὰρ
1186 2686 1324 2743 εἶναι
1364 2689 1685 2759 δεδογμένον
1715 2692 1866 2760 παρὰ

277 2780 430 2851 Θεῷ.
452 2781 638 2834 Ταῦτα
679 2780 778 2848 μὲν
818 2779 934 2845 οὖν,
963 2779 1154 2850 ὥσπερ
1199 2779 1684 2851 είρηται,ὖστερον
1727 2784 1866 2836 ἀπέ-

281 2876 462 2928 6αινε.
495 2872 769 2935 Βασιλέως
801 2874 856 2926 δὲ
901 2873 1270 2945 Περιθεῶριον
1302 2874 1741 2946 πολιορκοῦντος,
1771 2876 1867 2929 καὶ

279 2964 565 3033 κλίμακας
611 2964 704 3016 καί¹
758 2966 1010 3033 μηχανὰς
1042 2949 1551 3031 κατασκευάζοντος
1592 2967 1726 3038 πρὸς
1767 2968 1865 3037 τὴν

1988 487 2193 542 bellum
2241 490 2740 548 administrandum
2783 496 3108 554 incumbere
3132 539 3148 563 ,
3187 512 3245 555 et
3282 505 3447 558 urlzes
3488 507 3556 559 ad

1983 579 2321 637 deditionem
2365 584 2613 640 volentes
2656 587 3018 658 nolentesque
3064 606 3283 660 cogere.
3319 592 3559 662 Impera-

1983 672 2109 728 trici
2154 688 2288 729 vero
2342 676 2708 747 Didymotichi
2741 694 2866 733 cum
2921 681 3071 735 aliud
3127 683 3194 737 de
3224 683 3557 752 imperatore

1981 765 2182 820 marito
2211 767 2350 821 nihil
2370 771 2751 839 comperisset,
2789 772 2895 826 nisi
2933 773 3077 842 apud
3111 774 3429 831 Berrhmam
3465 792 3560 830 ur-

1982 856 2107 927 bem
2166 856 2479 913 dedititiam
2547 874 2706 927 esse,
2763 862 3060 931 episcopus
3118 865 3395 919 nuntiavit
3445 867 3556 936 jam

1979 944 2333 1001 Cbalcidiceu
2386 951 2733 1018 pervenisse,
2765 952 2855 1006 cui
2884 954 3068 1007 statim
3107 954 3367 1024 adjuncta
3401 956 3558 1022 liilcs,

1978 1038 2432 1108 quandoquidem
2483 1040 2623 1094 nihil
2674 1056 2784 1095 non
2832 1057 3088 1112 magnum
3141 1045 3212 1100 de
3241 1060 3307 1099 eo
3355 1046 3560 1101 sentie-

1980 1126 2136 1196 bant,
2193 1138 2248 1184 et
2290 1135 2351 1185 t'tt
2380 1140 2742 1188 venturorum
2774 1135 3024 1189 omnium
3058 1137 3293 1206 provido
3323 1139 3559 1208 diligen-

1982 1229 2066 1275 ter
2123 1222 2508 1280 attendebant.
2584 1225 2837 1294 Aguntur
2907 1242 3033 1281 mox
3092 1228 3281 1291 feria),
3333 1231 3559 1298 plausus

1978 1314 2176 1380 edunt,
2204 1323 2261 1370 et
2295 1316 2537 1371 reditum
2563 1317 2915 1384 imperatoris
2945 1320 3055 1375 Deo
3081 1321 3341 1391 impensa:
3371 1332 3556 1390 gratu-

1977 1406 2180 1478 lantur.
2232 1409 2360 1464 Post
2386 1410 2530 1464 diem
2577 1415 2799 1466 tertium
2833 1412 3086 1467 Muzalon
3119 1415 3187 1469 ab
3220 1416 3553 1484 imperatore

1977 1502 2299 1561 adveniens.
2337 1504 2521 1557 omnia
2550 1512 2611 1557 ut
2663 1515 2813 1574 gesta
2866 1514 3025 1560 erant
3068 1508 3381 1570 recensuit;
3432 1524 3553 1562 tur-

1976 1609 2213 1664 sumque
2279 1595 2431 1652 ferite
2466 1607 2523 1651 et
2561 1596 2787 1666 quidem
2842 1580 3196 1653 constantius
3243 1600 3553 1653 celebratae.

1975 1685 2244 1756 Georgius
2268 1696 2450 1741 autem
2472 1687 2691 1749 Glabas.
2718 1704 2863 1743 unus
2888 1689 3274 1759 prtefectorum
3307 1692 3550 1760 praesidii

1978 1778 2501 1850 Didymmichcnsis,
2528 1781 2849 1849 episcopum
2873 1782 3236 1848 conveniens,
3264 1791 3325 1836 ut
3346 1783 3448 1836 sibi
3484 1784 3552 1837 ad

1976 1871 2366 1941 imperatorem
2417 1873 2734 1942 profecturo
2771 1873 2912 1928 bene
2961 1882 3280 1943 precaretur
3311 1877 3552 1945 peteleat,

1974 1964 2122 2032 quod
2149 1979 2209 2018 se
2240 1964 2435 2017 timere
2461 1964 2683 2019 diceret
2702 1981 2770 2019 ne
2796 1975 2924 2021 ante
2956 1965 3106 2020 illius
3136 1966 3366 2025 reditum
3410 1984 3557 2021 mor-

1976 2065 2125 2119 tuus,
2152 2056 2479 2110 suavissimo
2500 2058 2620 2126 ejus
2640 2067 2862 2124 aSpectu
2890 2061 3224 2127 privaretur.
3250 2059 3555 2128 EpiscOptzs

1973 2164 2099 2202 eum
2127 2147 2397 2216 protirisci
2425 2148 2699 2217 permisit,
2723 2148 2978 2204 hortatus
3001 2149 3147 2205 bono
3173 2157 3319 2204 esset
3341 2151 3552 2216 animo,

1974 2242 2218 2294 \isurum
2247 2240 2660 2310 imperatorem,
2681 2249 2735 2294 et
2764 2240 2985 2310 quidem
3013 2240 3067 2295 in
3092 2256 3154 2295 ea
3179 2243 3291 2310 ipsa
3317 2243 3470 2298 urbe.
3497 2253 3554 2298 ct

1972 2331 2027 2385 in
2053 2332 2382 2401 quibusdam
2410 2331 2790 2387 {unctionibus
2820 2332 3029 2396 utiliter
3050 2336 3099 2388 ei
3122 2332 3285 2405 574Ι
3315 2335 3553 2388 inservi-

1976 2435 2183 2479 turum.
2230 2425 2523 2495 litterjecto
2546 2435 2730 2480 autem
2761 2426 3032 2480 nonnullo
3060 2434 3333 2496 tempore.
3378 2427 3468 2481 ubi
3492 2444 3553 2483 se

1971 2502 2269 2572 viderit'ad
2304 2504 2440 2583 illud
2460 2518 2685 2573 caeleste
2717 2519 2958 2573 tribunal
2988 2532 3306 2584 evocatum,
3339 2537 3554 2589 praepa-

1972 2622 2057 2665 ret
2089 2610 2335 2664 auimutn
2365 2617 2422 2663 ut
2455 2611 2619 2679 paulo
2661 2620 2787 2679 post
2830 2611 2950 2680 ipse
2982 2626 3205 2681 quoque
3250 2613 3554 2666 mortalita-

1975 2710 2084 2756 tem
2118 2700 2443 2769 evpieturus
2479 2717 2494 2753 :
2525 2700 2608 2754 sic
2632 2701 2778 2753 enim
2803 2699 2983 2753 visunt
3019 2699 3151 2754 Deo.
3201 2699 3324 2755 lla~c
3345 2710 3404 2753 ut
3430 2716 3554 2768 pro-

1969 2791 2221 2845 nuntiata
2244 2800 2400 2856 sunt,
2427 2788 2500 2842 ita
2531 2800 2853 2844 evenerunt.
2883 2790 3218 2858 imperatore
3247 2800 3428 2847 autem
3453 2791 3555 2846 I‘e-

1970 2882 2298 2937 ritheorium
2357 2880 2682 2946 obsidente,
2716 2882 3006 2950 sealasquc
3046 2891 3098 2936 et
3149 2883 3430 2937 machinas
3473 2884 3543 2937 ad

1970 2986 2159 3025 muros
2213 2969 2613 3040 oppugnandos
2662 2980 3041 3039 comparante,
3105 2973 3313 3026 Sancta
3347 2973 3458 3027 Pax
3495 2982 3552 3027 et

277 3055 667 3126 τειχομαχίαν,
694 3057 762 3107 τὰ
796 3057 853 3107 ὲν
879 3057 944 3126 τῇ
978 3056 1209 3126 Μερόπῃ
1244 3058 1481 3127 φρούρια
1510 3059 1865 3130 προσεχώρη-

1973 3062 2249 3125 Pobisdus
2300 3060 2526 3115 castella
2580 3059 2832 3129 Meropes
2896 3061 3009 3130 (29)
3057 3076 3118 3117 se
3167 3063 3549 3127 tradiderunt,

285 3165 409 3214 σαν,
443 3149 564 3215 ἥτε
618 3146 777 3215 ’Δγία
810 3148 1003 3216 είρήνη
1057 3151 1631 3218 προσαγορευόμενον,
1680 3153 1776 3204 καὶ
1839 3156 1866 3207 ὁ

1970 3168 2205 3222 quorum
2241 3152 2435 3206 incola:
2463 3151 2749 3206 venientes
2777 3153 3095 3221 praefectum
3123 3153 3226 3207 sibi
3259 3154 3372 3207 dari
3394 3169 3547 3223 roga-

284 3239 572 3304 Ιῐοϐισδὸς.
637 3241 746 3294 Καὶ
796 3241 1043 3305 ἐλθόντες
1113 3243 1252 3312 πρὸς
1312 3243 1561 3312 βασιλέα,
1617 3247 1866 3316 ἡγεμόνα

1971 3246 2120 3298 bant.
2151 3242 2493 3298 Dedidcrunt
2523 3257 2724 3297 secum
2750 3243 2861 3297 illis
2917 3252 2971 3297 et
3009 3243 3101 3297 alii
3130 3243 3353 3313 quidam
3392 3259 3550 3313 agre-

284 3334 501 3388 ἑδέοντο
551 3334 737 3397 αὐτοῖς
797 3334 1237 3405 πορασχεθῆναι,
1272 3337 1370 3389 σὺν
1422 3339 1635 3400 τούτοις
1681 3339 1737 3391 δὲ
1770 3339 1866 3393 καὶ

1970 3352 2100 3402 stes,
2129 3337 2192 3391 ad
2225 3336 2476 3391 eumdem
2515 3344 2755 3389 montem
2781 3334 2931 3390 vicos
2952 3335 3071 3390 sine
3095 3322 3269 3392 inuris
3297 3336 3548 3391 habitan-

281 3427 468 3496 ἕτεροι
519 3426 751 3495 νομάδες
783 3426 843 3478 τὸ
887 3427 1018 3478 αὐτὸ
1062 3428 1341 3490 οἰκοῦντες
1372 3429 1498 3497 ὅρος
1542 3430 1597 3483 έν
1644 3431 1864 3499 κώμαις

279 3517 614 3589 ἀτειχίστοις
637 3534 650 3547 ·
675 3517 725 3569 οἳ
757 3518 845 3570 διὰ
876 3519 979 3587 τὴν
1008 3520 1144 3588 πρὸς
1170 3521 1402 3574 Βασιλέα
1431 3522 1668 3576 εὔνοιαν·
1699 3520 1863 3595 (ἦσαν

287 3608 395 3680 γὰρ
427 3610 521 3663 καὶ
556 3608 822 3679 πρότερον
855 3609 947 3660 ὑπ’
975 3611 1184 3663 ἐκεῖνον
1216 3615 1557 3686 ⁵τεταγμένοι
1599 3614 1862 3684 βασιὶέως

292 3701 637 3772 ’Λνδρονίκου
658 3700 737 3752 ἔτι
764 3702 1085 3771 περιόντος),
1113 3703 1220 3755 τῶν
1250 3704 1428 3758 ἄλλων
1455 3706 1659 3776 πρῶτοι
1689 3724 1861 3776 παρε-

279 3793 527 3861 γένοντο,
551 3794 645 3844 καὶ
682 3796 943 3863 παρεῖχον
977 3794 1201 3857 ἑαυτοὺς
1223 3794 1442 3859 ἑκόντες
1470 3798 1703 3867 βασιλεῖ.
1732 3801 1865 3852 Σκε-

280 3884 539 3955 πτομένῳ
562 3884 621 3937 δὲ
653 3885 782 3954 περὶ
815 3884 996 3936 αὐτῶν
1045 3887 1181 3958 πρὸς
1239 3888 1267 3938 ὃ
1314 3905 1367 3940 τι
1426 3893 1711 3959 χρήσαιτο,
1765 3890 1862 3945 καὶ

275 3977 405 4030 τίνα
436 3975 787 4044 ὲπιστήσειεν
820 3977 1058 4047 ἄρχοντα
1086 3978 1291 4041 αὐτοῖς,
1322 3980 1500 4032 ἐδόκει
1545 3981 1655 4035 δεῖν
1681 3983 1862 4051 Μομι-

276 4067 449 4139 τζίλῳ
480 4068 580 4139 τὴν
614 4065 788 4138 ἀρχὴν
814 4067 995 4121 αὐτῶν
1030 4068 1314 4138 παρέχειν,
1360 4070 1420 4121 οὺ
1470 4070 1629 4139 μόνον
1671 4071 1762 4126 διὰ
1800 4073 1861 4124 τὸ

278 4159 553 4229 ὁμόφυλον
595 4161 825 4227 νομίσας
856 4160 1232 4214 διακείσεσθαι
1263 4160 1414 4230 αὑτῷ
1441 4162 1703 4226 εὐνοϊκῶς
1732 4163 1861 4225 τοὺς

278 4253 503 4323 νομίδας
531 4252 794 4315 ἐκείνους,
831 4252 944 4305 ἀλλ’
974 4254 1057 4306 ὅτι
1106 4255 1200 4307 καὶ
1233 4253 1498 4324 εὐψυχίας
1529 4256 1625 4307 καὶ
1653 4255 1860 4325 τόλμης

281 4344 423 4414 πρὸς
449 4347 551 4406 τὰς
587 4346 764 4416 μάχας
796 4345 949 4401 οὐδὲν
982 4345 1196 4398 ἐνέλιπε
1218 4361 1232 4375 '
1281 4346 1376 4398 καὶ
1409 4345 1548 4415 προς
1600 4346 1858 4418 λῃστείας

1969 3438 2070 3489 tes,
2102 3429 2194 3499 qui
2251 3437 2478 3499 propter
2512 3427 2943 3499 prepensionem
2978 3443 3103 3497 erga
3153 3428 3544 3498 imperatorem

1969 3523 2096 3594 (sub
2126 3536 2193 3576 eo
2214 3522 2362 3575 enim
2391 3527 2577 3585 antea,
2605 3519 2734 3575 vivo
2759 3519 2941 3574 adhuc
2966 3519 3285 3575 Andronico
3312 3521 3550 3590 imperar-

1969 3623 2113 3678 tore,
2168 3613 2561 3684 militaverant)
2593 3628 2705 3682 prae
2743 3611 2956 3667 caeteris
2998 3612 3062 3666 ad
3093 3627 3220 3667 eum
3250 3612 3546 3667 venerunt.

1963 3704 2064 3761 Cui
2103 3704 2364 3775 cogitanti
2406 3703 2542 3774 quid
2577 3703 2658 3758 eis
2687 3702 2894 3774 negotii
2933 3702 3261 3772 imponeret,
3294 3710 3351 3757 et
3378 3718 3541 3772 quem

1964 3799 2289 3870 praeficeret,
2327 3796 2695 3851 Momitzilum
2727 3795 3011 3864 praeﬁcere
3048 3796 3276 3864 placuit,
3322 3810 3432 3848 non
3457 3810 3546 3850 so-

1964 3892 2078 3946 lum
2122 3890 2252 3958 quia
2292 3896 2517 3958 propter
2552 3885 3003 3940 communionem
3052 3886 3233 3955 gentis
3276 3885 3541 3940 ruszicani

1965 3982 2041 4036 illi
2074 3996 2199 4035 cum
2232 3977 2571 4046 complexuri
2600 3984 2808 4036 essent,
2835 3974 2930 4030 sed
2953 3976 3100 4043 quod
3125 3975 3290 4030 etiam
3315 3974 3368 4029 iu
3404 3990 3543 4042 prte-

1960 4071 2035 4125 lio
2093 4069 2304 4122 nullum
2361 4082 2391 4120 a
2432 4082 2494 4121 se
2552 4064 3020 4133 magnanimitatis
3070 4078 3165 4121 ac—
3198 4064 3542 4120 fortitudinis

1961 4161 2204 4217 cilicium
2251 4157 2556 4215 desiderari
2599 4166 2905 4227 pateretur,
2934 4156 3001 4211 ad
3040 4157 3414 4226 praedandum,
3450 4173 3536 4212 ra-

1959 4254 2338 4325 piendumque
2386 4248 2908 4304 exercitatissimus.
2959 4250 3089 4303 Erat
3146 4250 3294 4304 enim
3340 4263 3540 4320 genere

1966 4344 2191 4407 Moesus,
2224 4349 2281 4394 et
2309 4348 2534 4409 propter
2574 4354 2668 4393 cas
2694 4353 2834 4408 quas
2866 4338 2979 4392 dixi
3006 4347 3155 4393 artes
3184 4337 3535 4409 proﬂigatus,

284 4405 384 4491 καὶ
405 4405 891 4507 ήὰρπαγάξᾶριστα
918 4437 1211 4507 ὲξήσκητο.
1232 4433 1343 4490 Ἤν
1373 4405 1482 4508 γὰρ
1518 4405 1581 4508 δὴ
1608 4405 1856 4507 ὁῃΜομιξ

1970 4435 2028 4490 ad
2065 4435 2342 4488 Romanos
2379 4447 2437 4485 se
2466 4431 2841 4500 applicavcrat
2863 4470 2877 4494 ,
2911 4444 3150 4498 eumque
3182 4430 3537 4486 Andronicus

284 4527 466 4592 τζίλος
494 4519 647 4590 οὗτος
709 4526 769 4580 τὸ
797 4529 953 4595 γένος
986 4526 1085 4595 μὲν
1125 4528 1332 4590 Μυσὸς,
1380 4528 1468 4580 διὰ
1510 4529 1566 4580 δὲ
1607 4528 1862 4600 λῃστείας

286 4617 382 4670 καὶ⁵
430 4617 684 4685 ἁρπαγὰς
718 4616 932 4669 ὲκεῐθυν
983 4617 1220 4680 ὲλαθεπς,
1271 4618 1407 4686 πρὸς
1465 4618 1775 4685 Ῥωμαίους
1801 4635 1860 4669 τε

282 4708 522 4776 ἐγένετο,
557 4708 649 4761 καὶ
698 4708 802 4760 ὑπο
851 4707 1113 4776 βασιλέως
1177 4708 1521 4777 Ἀνδρονίκου
1550 4710 1660 4770 τοῖς
1696 4726 1850 4778 στρα-

280 4798 507 4862 τιώταις
547 4800 867 4869 κατελέχθη.
927 4800 1150 4870 Χαίρων
1200 4801 1255 4853 δὲ
1303 4803 1391 4853 ἀεὶ
1451 4801 1734 4872 λῃστείαις
1768 4803 1858 4853 καὶ

286 4889 459 4944 πολλά
501 4890 599 4960 τὴν
639 4890 857 4944 Μυσίαν
911 4890 1237 4960 κακουργῶν
1266 4891 1352 4944 διά
1382 4890 1444 4943 τὺ
1478 4892 1714 4961 μάλιστα
1760 4890 1858 4960 ἔμ-

284 4998 479 5051 πειρον
516 4981 626 5034 τῶν
658 4982 839 5035 τόπων
869 4976 1035 5043 εἶναι,
1070 4983 1366 5050 παρηνεῖῑο
1409 4981 1510 5051 μὲν
1557 4981 1725 5036 πολλὰ
1756 4982 1861 5035 ὑπὸ

280 5072 480 5125 τῶντά
507 5070 738 5141 μεθόρια
765 5071 863 5141 τῆς
882 5071 1083 5125 Μυσῶν
1111 5074 1206 5127 καὶ
1239 5072 1531 5142 Ῥωμαίων
1563 5072 1859 5145 ἡγεμονίας

280 5164 560 5233 ἀρχόντων
602 5165 677 5233 μὴ
711 5165 936 5217 τοιαῦτα
989 5168 1320 5235 κακουργεῖν
1369 5165 1613 5218 σπονδῶν
1658 5167 1856 5230 οὐσῶν,

281 5256 380 5308 καὶ
411 5253 651 5322 πόλεμον
694 5256 886 5310 κινεῖν,
928 5253 988 5309 Ὀ
1015 5257 1073 5309 δὲ
1122 5257 1187 5309 ,οὐ
1228 5256 1372 5309 πάνυ
1423 5255 1704 5309 πείθεσθαι
1729 5258 1856 5326 ἠδύ-

279 5361 413 5399 νατο
441 5362 456 5378 ο
486 5346 605 5399 ἀλλ’
634 5348 726 5399 ἐπί
759 5364 881 5401 τινα
909 5350 1102 5420 χρόνον
1128 5348 1452 5420 ἡσυχάζων,
1498 5348 1612 5410 τοῖς
1648 5349 1857 5419 ὁμοίοις

279 5437 450 5491 πάλιν
488 5439 788 5509 ἐπεχείρει.
846 5441 1071 5493 Μέλλων
1114 5440 1171 5494 δὲ
1221 5440 1321 5511 ήδη
1358 5439 1458 5510 τῆς
1517 5442 1856 5511 κακουργίας

1962 4529 2263 4597 imperator
2317 4524 2371 4577 itt
2422 4522 2608 4577 album
2663 4521 3231 4575 militum'retulerat.
3261 4521 3364 4586 Qui
3409 4537 3535 4576 cum

1962 4618 2163 4691 przedis
2223 4615 2461 4685 agundis
2507 4628 2727 4683 semper
2770 4613 3160 4677 delectaretur,
3205 4621 3263 4667 et
3290 4613 3491 4667 Mwsiat
3518 4652 3537 4678 ,

1964 4718 2155 4779 utpote
2196 4709 2446 4761 locorum
2501 4704 2894 4774 peritissimus,
2937 4718 3045 4757 non
3086 4718 3275 4772 parum
3328 4703 3538 4756 incom-

1967 4802 2219 4857 modaret
2247 4841 2260 4864 ,
2325 4813 2467 4867 saepe
2521 4798 2849 4853 mouebatur
2882 4796 2950 4850 ab
2984 4797 3070 4852 his
3113 4797 3206 4867 qui
3239 4796 3533 4851 Moesorum

1963 4895 2454 4962 Romanorumque
2485 4890 2740 4945 conﬁniis
2777 4891 2996 4945 tuendis
3040 4898 3336 4959 pra-crant,
3370 4904 3440 4942 ne
3480 4888 3533 4941 iu

1962 4985 2170 5040 iwdere
2198 4981 2516 5052 huiusmodi
2546 4983 2814 5037 maleﬁcia
2852 4982 3190 5051 designaret,
3232 4991 3287 5034 et
3330 4981 3533 5034 bellum

1962 5076 2231 5131 irritaret.
2266 5074 2514 5141 Quorum
2548 5076 2780 5129 vocibus
2814 5074 2905 5128 ille
2949 5089 3056 5126 nott
3103 5073 3323 5141 penitus
3360 5087 3535 5141 cxpuo
3616 5082 3619 5085 '

1963 5168 2260 5239 gnabatur,
2302 5154 2407 5220 'sed
2460 5166 2529 5220 ad
2590 5175 2806 5235 tempus
2853 5166 3170 5234 quiescens,
3221 5165 3533 5221 intermissa

1964 5259 2269 5331 repetebat.
2300 5257 2529 5326 Jamque
2562 5258 2829 5311 scelerum
2873 5272 3097 5311 suorum
3128 5258 3363 5326 pretium
3394 5258 3532 5311 latu-

1959 5367 2081 5414 rus,
2123 5348 2386 5419 quoniant
2427 5356 2486 5401 et
2515 5346 2700 5403 Marsis
2729 5357 2956 5417 propter
2991 5346 3283 5401 latrocinia
3321 5348 3535 5401 invisus

1957 5453 2096 5507 erat,
2123 5449 2179 5495 et
2228 5440 2491 5494 Romanis
2540 5455 2665 5494 eum
2701 5439 3177 5510 comprehendere
3219 5440 3531 5496 volentibus

1507 5571 1722 5633 Jacobi
1764 5575 2030 5637 Pontani
2068 5580 2252 5634 uotae.

353 5696 465 5769 (‘29)
491 5695 703 5753 Meton:
732 5698 829 5770 fuit
860 5668 966 5753 uita
994 5715 1057 5753 ea:
1093 5700 1390 5770 provinciis,
1417 5714 1507 5754 seu
1546 5697 1840 5767 regionibus
1879 5700 2110 5757 Thracia:
2141 5701 2277 5755 sicut
2300 5699 2564 5771 Rhodope.
