4062 6290
498 300 642 370 1095

1687 260 2565 345 JOANNlSCANTACUZENI

3615 258 3761 328 1096

498 423 623 476 dam
651 409 1204 479 Philadelphienscm.
1242 416 1405 473 quem
1439 400 1856 455 Cantacuzenus
1881 395 1948 450 ad
2006 394 2093 449 di-

2227 384 2840 460 Δλέξανδρος,ἀπῄτουν
2869 373 3014 436 οὗτοι
3032 376 3130 448 τὴν
3160 376 3482 447 συμμαχίαν
3504 377 3649 431 κατὰ
3664 387 3765 440 τας

499 490 751 566 mensum
786 504 840 557 in
873 501 990 555 dies
1022 498 1251 554 Amurio
1282 491 1635 564 praebendum
1693 488 2083 550 constituerat,

502 596 791 665 promissis
829 588 1135 646 .uberrimis
1186 580 1424 654 aggressi
1480 586 1628 641 sunt,
1661 583 1722 630 ut
1773 575 1955 643 aliqua
1989 587 2083 625 ra-

507 695 654 744 tione
687 685 868 742 Persis
889 681 1215 735 reditioncm
1249 675 1304 728 in
1340 672 1522 727 Asiam
1558 668 1935 739 persuaderet,
1961 678 2087 720 cum

506 784 732 849 propter
764 788 882 824 eam
915 766 1250 821 funetiouem
1310 761 1444 829 ipsis
1468 760 1579 828 jam
1615 754 1904 809 familiaris
1932 751 2089 804 vide-

509 843 754 927 retur,et
785 860 928 931 quod
961 857 1180 911 Persice
1210 854 1559 921 loquebatur,
1595 848 1759 902 etiam
1792 847 1859 899 ab
1899 843 2091 897 iisdem
2142 856 2147 861 '

512 974 615 1031 pro
656 953 926 1008 benevolo
970 951 1292 1002 haberetur.
1326 942 1428 996 Hic
1489 942 1812 995 diuturnam
1855 953 1883 990 a
1922 937 2094 1005 patria

514 1030 813 1107 a':sentiam
851 1043 957 1096 illis
1003 1040 1286 1094 molestam
1348 1050 1469 1090 esse
1506 1034 1829 1103 conjiciens,
1869 1030 2098 1083 ducibus

513 1138 858 1209 potissimum
908 1126 1184 1185 exercitus
1244 1124 1535 1179 consilium
1566 1122 1660 1175 dat
1692 1136 1800 1173 non
1835 1129 2092 1187 oportere

514 1243 622 1286 tam
658 1227 954 1296 longinquo
990 1232 1234 1289 tempore
1267 1215 1581 1271 domesticis
1630 1210 1916 1283 neglectis,
1949 1223 2099 1277 pere-

514 1339 606 1394 gre
638 1321 806 1374 vitam
838 1317 1096 1369 miseram
1129 1311 1380 1379 exigere,
1404 1309 1495 1361 sed
1517 1305 1677 1359 simul
1702 1318 1894 1358 omnes
1925 1301 2098 1354 Amu-

518 1415 658 1466 rium
684 1407 1001 1469 convenire,
1044 1405 1112 1457 ab
1138 1416 1315 1470 eoque
1364 1398 1600 1453 reditum
1638 1394 1905 1464 ﬂagitare,
1951 1406 2103 1445 asse-

532 1508 834 1570 wrar’eque
868 1513 926 1553 se
967 1501 1017 1549 in
1053 1494 1255 1549 exteris
1292 1493 1429 1546 locis
1488 1491 1632 1543 ultra
1689 1503 1796 1540 non
1832 1500 1992 1555 posse
2023 1483 2105 1534 vi.

519 1611 668 1656 vere,
701 1606 824 1646 eum
888 1585 1186 1643 domestica
1243 1580 1631 1653 procuratione
1678 1577 1909 1631 maxime
1963 1574 2108 1628 indir-

521 1695 682 1754 geant
734 1680 889 1735 llaud
923 1679 1068 1732 enim
1119 1690 1185 1728 ea
1230 1673 1548 1727 conditione
1580 1671 1688 1722 huc
1712 1667 2013 1738 profectos,
2045 1670 2108 1718 ut

2190 484 2495 553 συνθήκας.
2556 479 2614 532 '0
2645 478 2688 528 δ’
2723 477 2933 543 ἔφασκε
2973 470 3051 541 μὴ
3088 469 3373 535 δύνασθαι,
3430 469 3591 538 ἄχρις
3622 470 3690 524 ἂν
3714 472 3766 523 οῖ

2188 576 2398 645 Πέρσαι
2429 568 2807 640 ἐνδιατρίϐωσι
2851 568 2918 636 τῇ
2954 564 3146 636 Θράκῃ
3173 579 3188 595 ο
3222 561 3289 616 ἂν
3348 561 3407 615 δέ
3449 579 3558 616 τινι
3584 563 3770 632 τροπῳ

2189 667 2450 719 δύνωνται
2485 660 2695 715 πείθειν
2728 657 3034 726 ἀποχωρεῖν
3052 656 3134 718 εἰς
3163 653 3262 724 τὴν
3291 651 3505 717 Ἀσίαν,
3531 653 3642 707 τότ’
3670 655 3771 725 ἤδη

2194 752 2647 824 Καντακουζηνῷ
2661 750 3121 819 ἐπιστρατεύσειν
3152 746 3572 817 προθυμότατα.
3600 744 3770 801 Τοῦτο

2197 852 2295 920 μὲν
2323 845 2418 902 οὖν
2459 848 2660 917 ἑτέρας
2715 844 2894 897 ἐδεῖτο
2954 840 3330 912 παρασκευῆς,
3359 840 3468 895 ’καὶ
3518 857 3776 910 πραγμα.

2193 939 2345 1002 τείας
2371 939 2430 990 οὑ
2459 937 2558 1005 τῆς
2588 934 2882 1004 τυχούσης.
2910 932 3103 1001 Ὅμως
3133 932 3233 984 οὑκ
3266 931 3481 999 ἔχοντες
3508 931 3617 1001 ὅτῳ
3642 931 3776 1001 χρή·-

2199 1048 2381 1084 σονται
2428 1028 2624 1097 ἑτέρῳ,
2693 1025 3012 1095 ἐτράπησαν
3067 1025 3156 1076 ἐπί
3206 1022 3389 1087 τοῦτο,
3451 1023 3546 1075 καὶ
3594 1021 3778 1092 κρύφα

2198 1122 2676 1190 προσπέμποντες,
2694 1118 3003 1185 διελέγοντο
3049 1116 3111 1167 ’Δ
3123 1115 3222 1184 μοὺ
3231 1132 3280 1183 ρ,
3301 1116 3563 1185 χρήματα
3592 1113 3781 1166 δώσειν

2200 1212 2668 1282 ἐπαγγελλόμενοι
2697 1209 2892 1274 πολλὰ,
2932 1210 2982 1262 εί
3012 1207 3339 1276 πειθόμενος
3386 1206 3574 1270 αὑτοῖς
3600 1206 3783 1258 οἶκαδε

2200 1304 2630 1374 ἀναχωρήσειεν.
2675 1301 2764 1364 Ὠς
2795 1302 2850 1354 δέ
2873 1299 3026 1353 οὐδὲν
3047 1301 3154 1352 τῶν
3187 1298 3633 1369 βεϐουλευμένων
3658 1296 3785 1367 ἡδύ-

2204 1413 2365 1451 ναντο
2397 1396 2606 1458 ἀνύειν,
2636 1394 2738 1456 τὰς
2772 1394 3027 1455 τοιαύτας
3080 1391 3413 1461 ὑποσχέσεις
3451 1391 3667 1460 ψόφους
3702 1406 3788 1441 κερ

2204 1490 2329 1550 νοὺς
2360 1485 2572 1539 ἐκείνου
2596 1484 2979 1554 λογισομένου,
3001 1484 3086 1551 ἐφ’
3110 1484 3305 1552 ἑτέραν
3333 1483 3643 1551 ἐτράποντο
3670 1482 3786 1533 ἐπι-

2204 1573 2424 1643 ϐουλήν.
2470 1573 2576 1625 Καὶ
2621 1570 3045 1642 Μαυρομμάτην
3103 1573 3229 1626 τινὰ
3282 1573 3346 1624 ἐκ
3390 1570 3787 1639 Φιλαδελφείας

2207 1666 2355 1730 ὅντα,
2395 1664 2453 1728 ὃς
2487 1664 2591 1718 ὑπὸ
2616 1661 3074 1729 Καντακουζηνοῦ
3116 1663 3209 1716 τοῦ
3241 1662 3514 1733 βασιλέως
3535 1663 3790 1731 προσετέ-

526 1749 907 1842 iinperatorem
944 1774 1208 1835 perpetuo
1253 1768 1680 1822 assectarentur,
1724 1757 1820 1813 sed
1871 1765 1931 1811 ut
1973 1770 2103 1811 cum

2225 1773 2379 1810 ιακτο
2406 1755 2504 1826 τὴν
2559 1753 2682 1807 καθ’
2711 1755 2929 1824 ἡμέραν
2968 1754 3078 1806 τῶν
3117 1754 3443 1824 ἐπιτηδείων
3483 1756 3681 1823 χρείαν
3710 1753 3788 1822 τῷ

526 1870 573 1915 et
616 1869 884 1930 quantum
936 1856 1132 1908 liceret
1185 1851 1433 1906 subsidio
1484 1851 1738 1913 fuissent,
1765 1847 1988 1900 domum
2015 1859 2104 1899 re-

494 1956 792 2006 "mearent.
822 1947 978 2001 Nunc
1023 1960 1129 1997 non
1157 1958 1346 2014 parum
1378 1941 1472 1995 diu
1501 1950 1644 1995 totos
1676 1939 1886 1992 scilicet
1913 1936 2105 1990 decem

531 2057 746 2099 nen'ses
778 2042 832 2093 in
871 2037 986 2092 solo
1027 2038 1278 2090 Romano
1307 2034 1550 2089 haesisse.
1582 2030 1739 2098 Quod
1786 2032 1830 2084 si
1860 2043 1955 2083 eos
1981 2028 2107 2082 diu—

531 2140 640 2191 tins
682 2137 920 2189 retinere
955 2143 1266 2191 conaretur,
1301 2116 1366 2181 ne
1382 2126 1848 2194 obtemperarent,
1876 2119 2112 2174 ulterio-

530 2243 757 2297 remque
818 2239 1024 2281 moram
1089 2222 1258 2275 libere
1334 2224 1743 2272 aversarentur.
1822 2212 2108 2267 Amurium

532 2323 733 2391 quippe.
759 2320 1017 2374 statuisse
1045 2315 1234 2370 tandiu
1266 2313 1355 2378 hic
1380 2309 1523 2380 apud
1553 2309 1945 2377 imperatorem
1977 2319 2109 2374 per-

534 2429 810 2476 severare,
832 2410 1011 2481 quoad
1044 2422 1168 2462 eum
1196 2405 1455 2459 hostibus
1487 2402 1824 2470 superiorem
1843 2396 2113 2459 effecerit,

538 2515 593 2559 et
621 2507 675 2558 in
713 2504 814 2557 hoc
837 2503 954 2556 solo
1001 2500 1229 2552 multam
1267 2511 1455 2549 curam
1513 2506 1859 2554 consumere,
1882 2489 2114 2545 salutem

540 2612 766 2649 suorum
842 2594 1078 2647 militum
1138 2589 1506 2655 laborumque
1570 2586 1899 2638 levationem
1977 2577 2117 2633 nihil

540 2689 693 2757 pensi
738 2688 964 2740 habere.
1002 2683 1056 2735 Si
1096 2682 1386 2750 penuriam
1444 2676 1669 2730 navium
1715 2674 1918 2741 quibus
1957 2672 2013 2723 in
2050 2668 2121 2723 A-

542 2782 674 2832 siam
719 2774 990 2845 trajieiant
1018 2769 1303 2831 obtendat,
1331 2782 1388 2820 se
1419 2766 1541 2819 illos
1562 2779 1628 2818 ex
1664 2764 1766 2815 ista
1799 2758 2121 2813 dillicultate

541 2869 965 2937 capiieaturum,
1009 2859 1267 2929 Byzantio
1318 2857 1524 2912 etenim
1576 2853 1889 2921 complures
1931 2848 2122 2911 affore,

542 2961 742 3031 quibus
768 2971 917 3010 mare
949 2954 1341 3007 transmittant.
1377 2948 1453 3001 Ad
1485 2948 1602 3000 haec
1631 2945 1860 3014 gratiam
1895 2940 2001 2994 illis
2030 2941 2126 2993 ha-

546 3053 740 3110 hitum,
784 3056 836 3100 et
869 3044 1157 3114 pecuniam
1192 3052 1397 3111 quanto
1433 3052 1570 3106 opus
1604 3039 1673 3089 sit
1713 3033 2121 3103 suppeditatum

2218 1846 2277 1902 ’Δ
2290 1847 2433 1918 ptoin
2486 1846 2864 1915 ἀποπληροῦν,
2894 1845 3084 1898 τοῦτον
3115 1845 3180 1916 δὴ
3219 1844 3441 1898 ἔπεισαν
3467 1846 3790 1915 ὑποσχέσεσι

2210 1941 2479 2009 μεγάλαις
2506 1937 2608 2007 τὴν
2641 1935 2872 2006 Περσῶν
2917 1938 3181 2008 στρατιὰν
3217 1938 3409 2009 τρόπῳ
3446 1938 3510 2007 δή
3537 1956 3647 1990 τινι
3680 1939 3792 1990 πεί-

2209 2029 2323 2082 θειν
2354 2029 2657 2098 ἀναχωρεῖν
2688 2027 2825 2097 πρὸς
2860 2027 2959 2098 τήν
2987 2026 3217 2084 οἰκείαν.
3265 2024 3333 2080 '0
3365 2027 3442 2092 δὲ,
3472 2029 3579 2098 ἤδη
3604 2027 3792 2097 turdi-

2208 2117 2355 2179 δειός
2401 2133 2461 2169 τε
2501 2111 2641 2169 εἷναι
2685 2117 2945 2185 ’Πέρσαις
2974 2116 3148 2169 δοκῶν
3197 2116 3285 2169 διά
3324 2117 3422 2186 τὴν
3452 2118 3785 2188 ὑπηρεσίαν,

2211 2208 2389 2271 ἄλλως
2445 2207 2604 2260 θ’ὃτι
2653 2207 2747 2259 καὶ
2810 2209 3066 2276 περσιστὶ
3134 2208 3544 2277 διαλεγόμενος,
3597 2209 3786 2271 εὔνους

2213 2299 2399 2361 αὑτοῖς
2418 2298 2612 2362 ἐδόκει,
2671 2297 3072 2368 στοχαζόμενος
3134 2299 3210 2362 ὡς
3277 2299 3531 2370 ἄχθοιντο
3576 2302 3667 2354 διὰ
3703 2304 3795 2372 τὴν

2216 2389 2443 2459 χρονίαν
2485 2387 2592 2441 τῶν
2643 2388 3205 2459 οἰκιῶνλάποδημίαν,
3273 2391 3634 2444 συνεϐούλευε
3687 2395 3794 2456 τοῖς

2216 2481 2544 2555 ἡγουμένοις
2606 2479 2847 2549 μάλιστα
2912 2482 3024 2543 τοῖς
3088 2482 3379 2551 στρατιᾶς,
3465 2485 3544 2546 ὡς
3575 2485 3636 2537 οὑ
3684 2485 3797 2537 δέον

2218 2570 2362 2622 οὑτω
2389 2569 2641 2623 τοσοῦτον
2673 2570 2859 2639 χρόνον
2914 2569 3286 2641 ταλαιπωρεῖν
3332 2573 3428 2624 ἐπὶ
3480 2575 3585 2641 τῆς
3621 2575 3795 2646 ξένης,

2220 2661 2610 2731 ἀμελήσαντας
2650 2663 2760 2714 τῶν
2787 2662 2952 2727 οἴκοι,
2983 2661 3100 2714 ἀλλ’
3140 2663 3257 2731 ἆμα
3307 2665 3521 2727 πάντας
3566 2669 3797 2737 προσελ-

2223 2753 2414 2816 θόντας
2443 2752 2520 2822 τῷ
2571 2753 2784 2822 Ἀμοὺρ
2834 2753 3041 2806 δεῖσθαι
3072 2754 3200 2823 περὶ
3247 2755 3552 2809 ἐπανόδους
3595 2760 3801 2830 ἰσχυρίο

2225 2843 2415 2907 (satis!
2445 2860 2502 2895 τε
2534 2844 2610 2907 ὡς
2650 2844 2835 2897 οὑκέτι
2855 2844 3091 2898 δύναιντ’
3129 2844 3199 2897 ἂν
3238 2847 3331 2899 ἐπὶ
3360 2848 3661 2920 τῆς-’ξένης
3691 2852 3798 2904 δια-

2224 2937 2454 3006 τρίϐειν,
2494 2937 2603 2989 τῶν
2657 2937 2795 2990 οἴκοι
2846 2938 3084 3006 μάλιστα
3137 2941 3460 3008 ἐπιμελείας
3506 2943 3793 3012 δεομένων.

2229 3027 2301 3078 Οὑ
2335 3027 2445 3096 γὰρ
2480 3029 2570 3078 ἐπὶ
2597 3027 2807 3090 τούτοις
2833 3030 3070 3083 ἐνταῦθα
3105 3032 3434 3100 ἀφικέσθαι,
3465 3032 3605 3087 ὥστε
3638 3036 3796 3108 μέχρι

547 3145 636 3197 iri.
672 3142 908 3194 llieraut
942 3139 1195 3191 hortatus
1232 3131 1663 3193 Maurommatis,
1690 3128 1782 3207 qui
1817 3142 1917 3179 nec
1949 3125 2123 3189 Persia

2233 3119 2434 3179 παντὸς
2479 3122 2720 3173 συνεῖναι
2773 3120 3003 3189 βασιλεῖ,
3035 3122 3150 3175 ἀλλ’
3197 3103 3657 3195 ἐπιμαχήσαντας
3685 3103 3801 3180 ὅσον

547 3234 935 3302 (ίιειιιίοιθὶωιι.
995 3230 1161 3300 578
1232 3227 1307 3280 Ad
1372 3233 1644 3292 satrapam
1725 3221 1893 3290 igitur
1967 3231 2129 3270 suum

544 3327 770 3387 adeunt,
829 3336 995 3392 super
1039 3321 1220 3375 reditu
1272 3331 1372 3370 suo
1420 3312 1888 3384 quemadmodum
1923 3324 1953 3363 a
1986 3308 2129 3362 Mau-

550 3424 816 3469 rommate
868 3413 1048 3467 edocti
1092 3413 1334 3471 fuerant,
1373 3408 1540 3461 verba
1598 3403 1825 3457 faciunt.
1872 3400 2135 3455 Amurius

554 3507 829 3576 principio
859 3519 926 3558 eo
955 3517 1210 3556 sermone
1244 3500 1600 3552 vehementer
1628 3496 2045 3563 obstupescere,
2077 3502 2135 3547 et

554 3596 767 3658 mirari,
794 3594 886 3661 qni
912 3593 1015 3646 ista
1044 3605 1140 3645 eos
1163 3589 1419 3658 cogitatio
1450 3588 1728 3641 subiissct.
1753 3583 1957 3639 Deinde
1998 3580 2134 3638 eniti

557 3697 617 3739 nt
643 3687 763 3740 illos
793 3686 858 3738 ad
890 3688 1278 3753 imperatorem
1321 3694 1484 3748 porro
1514 3676 1882 3748 adiuvandum
1932 3674 2136 3728 retine-

557 3788 637 3830 iet
670 3794 683 3829 :
714 3774 1075 3829 necessariam
1135 3772 1283 3826 enim
1344 3784 1536 3824 eorum
1590 3784 1711 3824 esse
1765 3766 2133 3837 praesentiam,

556 3868 648 3937 qui
683 3868 726 3921 si
766 3866 1112 3930 recesserint,
1142 3880 1238 3934 per
1257 3878 1395 3932 quos
1422 3862 1693 3932 prmeipue
1722 3859 2134 3921 defenderetur,

559 3961 745 4013 hostes
782 3973 908 4011 mox
951 3956 1240 4011 confertim
1297 3957 1559 4024 impetum
1613 3954 1668 4008 in
1715 3968 1841 4008 eum
1876 3951 2136 4005 facturos.

558 4052 664 4104 Sed
696 4050 800 4104 hoc
833 4059 945 4103 erat
980 4049 1210 4102 nebulas
1240 4047 1633 4109 ditierberare;
1678 4045 1854 4113 palam
1903 4055 2140 4110 namque

561 4140 980 4208 profitebantur,
1018 4137 1120 4191 nisi
1164 4152 1288 4190 cum
1325 4136 1456 4204 ipsis
1481 4135 1710 4204 patriam
1762 4140 2053 4202 repeteret,
2081 4144 2141 4184 se

562 4228 882 4298 Byzantium
928 4227 1206 4296 profectos
1242 4227 1424 4293 (unde
1458 4228 1566 4295 iam
1595 4224 1937 4289 accepissent
1977 4221 2139 4275 litem

566 4320 864 4388 publicam,
900 4333 1008 4386 quo
1073 4317 1253 4370 securi
1308 4328 1497 4369 essent
1528 4316 1545 4384 )
1582 4315 1712 4368 inde
1741 4315 1794 4380 in
1833 4313 2139 4382 Bithyniam

2234 3210 2468 3275 ἔξεστιν,
2507 3208 2666 3274 αὖθις
2702 3212 3084 3284 ἀναστρέφειν.
3132 3215 3268 3268 Νυνὶ
3316 3216 3372 3269 δὲ
3433 3215 3574 3271 εἶναι
3618 3219 3680 3271 οὑ
3711 3236 3802 3288 με-

2234 3300 2387 3369 τρίαν
2420 3300 2517 3369 τὴν
2536 3301 2819 3369 διατριϐὴν
2843 3304 2932 3354 ἐπὶ
2949 3292 3079 3355 δέκα
3124 3306 3295 3372 μησὶ*
3318 3305 3470 3375 ἐνστῇ
3515 3305 3799 3375 Ῥωμαίων

2235 3394 2605 3460 γεγενημένην
2637 3407 2651 3421 ο
2682 3391 2748 3462 ἢν
2777 3392 2820 3445 δ’
2839 3393 3090 3464 ἐπιχειρῇ
3114 3398 3206 3448 καὶ
3237 3393 3415 3460 αὖθις,
3444 3374 3678 3464 ἔφασκε,
3708 3413 3800 3449 κα-

2233 3482 2435 3550 τέχειν,
2486 3481 2601 3533 ἀλλ’
2634 3483 2792 3552 ὑμεῖς
2820 3485 2895 3554 μὴ
2923 3484 3196 3548 πείθεσθε,
3242 3485 3359 3538 ἀλλ’
3380 3487 3800 3556 ἀπαγορεύσατε

2238 3574 2489 3645 φανερῶς
2517 3575 2615 3645 τὴν
2648 3562 2912 3637 ἐπιᾶτλέον
2933 3578 3241 3649 διατριϐήν.
3266 3578 3471 3650 Ἀμοὺρ
3499 3581 3609 3650 γὰρ
3638 3580 3699 3633 οὑ
3712 3598 3805 3643 τως

2236 3667 2495 3734 ἔγνωκεν,
2530 3668 2607 3731 ὼς
2633 3668 2872 3722 ἐνταῦθα
2935 3664 3296 3740 συνεσόμενος
3329 3670 3565 3740 βασιλεῖ,
3600 3671 3708 3729 ἕως
3745 3672 3808 3724 ἀν

2236 3759 2345 3810 τῶν
2373 3759 2648 3828 πολεμίων
2683 3763 3088 3833 παρασκευάσῃ
3122 3762 3531 3833 περιγενέσθαι,
3564 3765 3665 3817 καὶ
3690 3765 3808 3816 τού-

2237 3866 2330 3902 του
2358 3851 2523 3918 μόνου
2556 3851 2755 3922 πολλὴν
2788 3855 3026 3907 ποιεῖται
3063 3855 3158 3924 τὴν
3208 3853 3486 3925 φροντίδα.
3527 3856 3809 3925 Σωτηρίας

2237 3943 2294 3995 δὲ
2326 3943 2480 4012 ὑμῶν
2507 3929 2610 3996 καὶ
2670 3946 2958 4016 ἀνακωχῆς
3013 3946 3120 3998 τῶν
3158 3947 3332 4000 πόνων
3391 3947 3556 4014 λόγος
3583 3948 3755 4009 οὐδεὶς
3792 3961 3806 3977 ⁸

2243 4032 2309 4084 ἂν
2337 4031 2394 4084 δὲ
2426 4034 2560 4084 νεῶν
2587 4033 2825 4101 ἀπορίαν
2873 4035 3284 4105 προφασίζηται
3343 4041 3399 4090 ἐν
3428 4031 3522 4097 αἷς
3543 4034 3811 4090 ἀποπλεύ-

2242 4139 2374 4191 σητε
2407 4125 2488 4186 είς
2522 4123 2733 4191 Ἀσίαν,
2764 4124 2873 4193 ἐγὼ
2908 4126 3036 4196 ὑμῖν
3065 4129 3161 4180 καὶ
3199 4128 3407 4198 ταύτην
3439 4128 3543 4197 τὴν
3584 4129 3811 4197 ἀπορίαν

2241 4213 2408 4266 λύσω.
2459 4214 2554 4269 Ἐκ
2591 4216 2889 4280 Βυζαντίου
2955 4218 3062 4289 γὰρ
3113 4219 3432 4273 ἐλεύσονται
3476 4219 3698 4284 πολλαὶ,
3751 4222 3804 4271 ἐν

2244 4304 2331 4368 αἶς
2365 4307 2766 4376 περαιώσεσθε,
2810 4310 2945 4379 πρὸς
2974 4309 3049 4379 τῷ
3080 4312 3175 4363 καὶ
3209 4311 3370 4381 χάριν
3401 4310 3651 4374 ἐκείνους
3684 4311 3805 4381 ὑμῖν

565 4412 1009 4476 Soluturos,‘post
1038 4423 1134 4476 per
1160 4408 1472 4476 Phrygiam,
1500 4406 1553 4457 et
1581 4403 1794 4458 Cariam
1832 4404 1884 4455 in
1932 4402 2123 4455 Ionian

2249 4396 2493 4460 εἰδέναι,
2563 4398 2658 4450 καὶ
2708 4401 2966 4469 χρήματα
3039 4402 3419 4471 παρασχέσθαι
3501 4401 3598 4470 τῆς
3685 4404 3797 4454 ἀνα-

568 4512 848 4553 ι’ριιίιιΐυδ.
882 4498 1204 4567 interrogati
1230 4512 1464 4567 quonam
1499 4495 1580 4549 usi
1612 4496 1841 4559 arbitro,
1872 4511 1965 4548 seu
1989 4494 2138 4562 paci-

566 4592 790 4644 lic:.torc
824 4604 948 4642 cum
987 4589 1262 4659 Byzantiis
1287 4587 1463 4641 foedus
1493 4585 1846 4655 pepigissent,
1883 4585 2001 4653 ejus
2034 4597 2133 4636 no-

566 4698 689 4735 men
721 4696 777 4734 se
812 4680 1057 4733 edituros
1090 4688 1448 4748 negaverunt,
1493 4678 1712 4744 quando
1762 4675 1810 4727 ei
1860 4673 2137 4727 silentium

562 4773 888 4842 juraverint.
926 4771 1004 4824 Ad
1047 4771 1356 4841 qui’ndcnos
1418 4769 1640 4842 omnino
1672 4766 1790 4819 dies
1843 4766 2126 4825 Amurius,

566 4879 691 4917 eum
729 4863 910 4917 Persis
946 4863 1293 4915 continenter
1340 4866 1549 4929 agendo
1624 4857 2027 4924 Iaborandoque
2074 4871 2142 4909 ne

569 4955 624 5006 in
677 4953 859 5007 Asiam
910 4954 1237 5022 cogitarent,
1277 4950 1638 5016 consumpsit.
1670 4946 1773 5000 Ubi
1812 4959 1871 4999 se
1914 4943 2144 4999 mortuis

569 5045 954 5098 roncionatum
980 5044 1135 5104 vidit,
1170 5055 1433 5110 perquam
1485 5028 1655 5091 tri!tis
1691 5037 2009 5106 imperatori
2030 5052 2145 5091 om-

570 5135 661 5187 nia
686 5135 960 5202 exposuit,
994 5134 1164 5186 Deum
1185 5142 1417 5185 testatur
1447 5145 1503 5185 se
1531 5129 1752 5199 quidem
1776 5129 1840 5182 ad
1877 5129 2056 5198 ipsum
2081 5143 2145 5184 eo

568 5240 738 5293 seopo
772 5226 1090 5287 ι’θιιὶεεο,ιιι
1111 5232 1237 5275 ante
1262 5224 1470 5275 exitum
1504 5221 1629 5275 belli
1660 5220 1821 5289 hujus
1851 5219 1917 5272 ah
1946 5234 2010 5273 eo
2038 5234 2146 5271 non

570 5312 901 5377 discederet,
958 5330 1010 5369 et
1062 5331 1159 5369 eos
1217 5314 1509 5379 delegisse,
1547 5328 1684 5381 quos
1717 5314 1769 5365 in
1803 5312 1996 5380 primis
2026 5326 2149 5379 pro-

571 5417 693 5477 pter
724 5409 1030 5460 aniniorum
1064 5410 1115 5458 in
1149 5420 1208 5459 se
1241 5404 1665 5473 propensionem
1699 5403 1877 5457 cuivis
1907 5402 2151 5470 periculo

571 5514 736 5566 pares
765 5499 976 5552 futuros
1001 5496 1349 5567 speravisset.
1386 5496 1542 5550 Nunc
1559 5511 1784 5571 prorsus
1806 5503 1995 5548 contra
2025 5507 2152 5546 eve-

573 5588 736 5642 uisse.
776 5590 1088 5644 Exercitum
1146 5589 1293 5642 enim
1347 5603 1376 5641 a
1410 5586 1769 5641 clandestinis
1823 5584 2151 5654 quibusdam

578 5675 938 5742 ituperatrieis
992 5677 1300 5733 fautoribus
1363 5686 1708 5747 corruptum,
1737 5684 1792 5731 et
1835 5675 1901 5729 ad
1949 5673 2153 5743 patrias

2255 4488 2571 4555 χωρήσεως.
2621 4488 2863 4542 Τοιαῦτὰ
2925 4507 2984 4542 τε
3039 4491 3267 4563 παρῄνει
3318 4493 3416 4545 καὶ
3438 4493 3648 4556 ἔπειθε,
3681 4492 3809 4545 κατά

2246 4582 2475 4648 γνώμην
2505 4579 2635 4633 ὅντα
2662 4584 2758 4633 καλ⁸
2788 4582 2997 4645 αὑτοῖςκ
3026 4583 3134 4635 Καὶ
3162 4583 3239 4652 τῷ
3279 4583 3532 4654 σφετέρῳ
3564 4583 3810 4652 σατράπῃ

2241 4671 2627 4740 προσελθόντες
2655 4673 2881 4743 Ἀμοὺρ,
2914 4676 3042 4744 περὶ
3079 4675 3175 4744 τῆς
3205 4676 3466 4729 ἐπανόδου
3493 4675 3811 4743 δ·ελέγοντοι

2243 4763 2430 4833 ὥσπερ
2478 4763 2581 4815 ὑπὸ
2612 4766 3023 4834 Μαυρομμάτου
3082 4766 3462 4835 ἐδιδάχθησαν.
3502 4768 3711 4837 ’Δμοὺρ
3760 4765 3811 4818 δὲ

2245 4854 2442 4922 πρῶτα
2495 4854 2594 4919 μὲν
2637 4851 3014 4922 ἐξεπέπληκτο
3070 4853 3260 4916 δεινῶς
3288 4856 3417 4917 τοὺς
3452 4855 3670 4923 λόγους,
3725 4856 3811 4908 καὶ

2250 4944 2560 5014 ἐθαύμαζεν
2586 4943 2706 4998 ὅθεν
2725 4947 2804 5009 είς
2817 4946 3040 4999 τοιαῦτα
3064 4948 3407 5017 προαχθεῖεν.
3438 4948 3670 5001 Ἔπειτα
3693 4948 3813 4999 ἐπει

2247 5038 2417 5107 χείρει
2446 5039 2678 5104 πείθειν,
2719 5038 2794 5100 ὡς
2844 5039 2960 5090 δέον
2991 5038 3071 5091 ἔτι
3106 5039 3427 5109 περιμένειν
3471 5038 3816 5109 ἐπικουρεῖν-.-

2249 5146 2345 5191 τας
2372 5129 2619 5198 βασιλεῖ·
2654 5130 2959 5193 ἀναγκαίαν
3006 5130 3116 5199 γὰρ
3159 5127 3298 5182 εἶναι
3344 5130 3446 5200 τὴν
3488 5130 3669 5185 αὑτῶν
3712 5147 3813 5181 πα·-

2257 5220 2497 5289 ρουσίαν,
2532 5214 2741 5272 πολλῶν
2779 5221 2984 5272 αὐτίκα
3028 5221 3464 5290 ἐπικεισομένων
3522 5221 3811 5290 πολεμίων,

2252 5313 2317 5365 ἂν
2354 5313 2508 5364 αὑτοὶ
2541 5313 2885 5382 ἀναχωρῶσι,
2924 5314 3161 5381 μάλιστα
3188 5312 3255 5365 δι’
3285 5313 3481 5377 αὐτοὺς
3545 5313 3812 5384 ἀμυνομέ-

2254 5418 2382 5456 νων-
2421 5404 2550 5473 ἤνυε
2602 5404 2659 5456 δὲ
2698 5404 2871 5459 οὐδέν.
2910 5404 3160 5473 Ἐφασαν
3202 5407 3310 5475 γὰρ
3369 5406 3706 5475 ἀναφανδὸν,
3741 5404 3813 5465 ὡς

2256 5497 2306 5546 εἰ
2349 5500 2422 5563 μὴ
2453 5496 2697 5566 βούλοιτο
2739 5498 2834 5550 σὺν
2869 5499 3055 5560 αὑτοῖς
3087 5503 3343 5561 κὶκείνος
3372 5498 3564 5551 οἴκαδε
3609 5500 3815 5566 ἀναχω·

2260 5589 2391 5656 ρεῖν,
2446 5588 2562 5640 ἀλλ’
2615 5589 2770 5642 αὑτοὶ
2799 5590 2934 5659 πρὸς
2969 5589 3264 5652 Βυζάντιον
3308 5590 3577 5653 ἐλθόντες
3610 5577 3813 5648 πίστεις

2257 5677 2364 5747 γὰρ
2424 5678 2612 5732 λαϐεῖν
2652 5681 2864 5733 ἐκεῖθεν
2921 5679 3014 5733 τοῦ
3077 5682 3149 5750 μὴ
3211 5681 3663 5750 ἐπιϐουλευθῆναι
3721 5672 3813 5730 ὑπ’
