4062 6290
261 386 399 450 1091

1394 384 1936 446 HiSTORIARUNI
1979 386 2208 445 LIBER
2259 387 2366 447 ill.

3368 396 3384 456 l
3396 397 3495 456 833

247 499 455 561 αὐτῶν,
485 501 880 566 περαιωσονται
915 501 1051 567 nisi,
1091 495 1347 550 υ.ουνίαν
1374 512 1388 527 ⁸
1416 493 1534 549 εἶτα
1570 496 1658 548 διὰ
1686 497 1820 565 Φρυ‹

1928 497 2088 551 sedes
2114 498 2432 565 repetendas
2469 498 2754 566 Impulsum
2787 513 2926 554 esse.
2957 501 3204 570 Cumque
3247 520 3342 572 per
3388 515 3502 561 «ειυς

251 591 378 657 γίας
428 589 522 639 καί¹
554 587 766 659 Καρίας
799 586 1078 656 ἀφίξονται
1117 591 1199 651 είς
1234 588 1470 643 Ἰωνίαν.
1524 589 1818 657 Ἐρομένου

249 683 308 735 δὲ
342 679 507 734 αὐτοῦ
547 681 650 732 τίνι
680 681 956 748 χρώμενοι
983 678 1274 749 διαλλακτῇ
1310 678 1411 742 τὰς
1443 681 1580 747 πρὸς
1609 677 1819 741 Βυζαν-

249 774 402 834 τίους
427 771 761 838 ποιήσαιντο
812 769 1108 838 συνθήκας.
1157 771 1255 823 οὐκ
1289 771 1494 838 ἔφασαν
1526 770 1822 838 κατάδηλον

257 863 506 931 ποιήσειν
536 861 890 928 ὀμωμοκότες
927 861 1320 930 ἀποκρύπτειν.
1364 861 1491 914 Ἐπὶ
1537 863 1823 914 πεντεκαίο

245 953 382 1005 δέκα
414 953 513 1020 μὲν
547 947 641 1004 οὖν
674 952 910 1022 ἡμέραις
937 953 966 1002 ὁ
998 952 1200 1020 Ἀμοὺρ
1235 955 1346 1014 τοῖς
1383 953 1618 1022 Πέρσαις
1651 952 1822 1005 διετέ-

249 1045 372 1096 λεσε
403 1043 818 1112 διαλεγόμενος.
851 1043 948 1095 καί⁷
983 1043 1195 1097 πείθειν
1225 1045 1520 1115 ἐπιχειρῶν
1560 1045 1632 1114 μὴ
1655 1045 1821 1096 ἀπαί-

249 1150 368 1201 ρειν
397 1133 476 1193 είς
504 1129 710 1184 Ἀσίαν.
743 1131 893 1183 Ἐπεὶ
907 1131 964 1184 δὲ
987 1132 1221 1202 ἀνήνυτα
1245 1135 1421 1186 πονῶν
1451 1132 1620 1203 ἐώρα.
1645 1135 1822 1202 ἀπήγ-

247 1224 409 1291 γελλε
443 1224 622 1276 πάντα
683 1213 898 1291 βασιλεῖ
945 1223 1083 1292 μετὰ
1145 1225 1347 1294 πολλῆς
1410 1225 1508 1292 τῆς
1532 1223 1771 1294 ἀθυμίας
1803 1240 1819 1255 '

251 1317 346 1369 καὶ
379 1312 720 1384 ἐμαρτύρετο
746 1314 906 1376 Θεὸν,
934 1319 1011 1378 ὡς
1042 1314 1202 1378 αὐτὸς
1240 1317 1341 1384 μὲν
1367 1314 1592 1386 τοιαύτῃ
1626 1313 1818 1386 γνώμῃ

249 1409 389 1476 πρὸς
418 1405 585 1459 αὐτὸν
614 1405 886 1476 ἀφίκοιτο,
923 1406 999 1470 ὡς
1025 1407 1176 1475 αὐτῷ
1221 1406 1616 1478 συνδιατρίψων
1661 1408 1820 1477 ἄχρις

248 1499 318 1552 ἄν
355 1516 408 1551 τι
437 1498 531 1552 τοῦ
565 1499 685 1550 νυνὶ
709 1498 950 1567 πολέμου
987 1498 1159 1568 πέρας
1191 1498 1421 1566 γένοιτο,
1448 1499 1542 1550 καὶ
1569 1498 1646 1561 ὡς
1677 1489 1821 1551 ὲκεί-

245 1607 376 1654 νους
437 1589 713 1656 έκλέξοιτο
754 1591 993 1644 συνεῖναι
1041 1585 1125 1652 οἷς
1178 1590 1413 1658 μάλιστα
1466 1590 1822 1661 etiamnam

247 1682 430 1735 πάντα
466 1681 711 1734 κίνδυνον
737 1680 1132 1750 ύποστήσονται
1157 1681 1255 1750 τῆς
1281 1683 1357 1745 είς
1396 1683 1557 1735 αὐτὸν
1583 1682 1816 1746 εὐνοίας.

245 1770 386 1824 Νυνὶ
415 1771 472 1823 δὲ
517 1769 822 1824 τούναντίον
871 1769 1022 1823 ἅπαν
1048 1770 1395 1840 γεγενῆσθαι.
1424 1772 1496 1822 Τὸ
1518 1772 1626 1838 γὰρ
1654 1788 1819 1841 στρα-

1929 587 2241 660 quindeeim
2287 602 2382 642 eos
2423 587 2660 644 retinere
2708 590 2942 644 annixus
2991 590 3179 656 fuerit,
3209 597 3383 649 satius
3420 600 3502 651 ni-

1930 678 2039 732 hilo
2068 679 2282 739 feeisse.
2316 678 2586 733 universis
2628 679 2697 733 ad
2741 681 2978 734 reditum
3034 684 3225 738 audaci
3267 689 3499 755 quodam

1927 783 1992 823 ac
2051 768 2340 823 temerario
2384 769 2589 836 impetu
2622 770 2929 834 concitatis,
2969 788 3071 827 nec
3115 789 3172 828 se
3217 786 3499 833 auctorem

1928 860 2092 930 hujus
2122 859 2357 918 consilii.
2381 862 2734 928 quantumvis
2760 863 2907 917 serio
2933 863 3326 932 inquirentem,
3349 869 3502 923 inve-

1927 954 2046 1008 nire
2080 953 2188 1006 ullo
2239 953 2400 1006 modo
2438 955 2700 1022 potuisse.
2737 953 2807 1010 Se
2839 957 3021 1026 itaque
3064 960 3239 1014 solum
3267 974 3500 1026 restare,

1928 1049 2199 1095 carentem
2244 1041 2510 1103 exercitu,
2543 1043 2788 1112 ineptum
2839 1047 3117 1114 negotium
3158 1051 3498 1110 existimare.

1927 1131 2068 1196 Quid
2105 1133 2251 1185 enim
2299 1147 2397 1190 sua
2439 1135 2602 1189 unius
2651 1139 2942 1204 praesentia
2993 1142 3364 1198 conduxerit?
3396 1146 3492 1201 Sin

1927 1221 2042 1289 ipse
2075 1224 2261 1278 utilius
2311 1233 2551 1290 censeat,
2588 1241 2798 1296 suoque
2839 1230 3098 1301 sutl‘ragio
3124 1238 3410 1302 approbet,
3440 1255 3499 1292 se
3602 1252 3611 1260 '

1926 1311 2147 1366 domum
2182 1313 2234 1366 in
2263 1329 2502 1383 praesens
2530 1331 2656 1370 cum
2680 1318 2855 1387 copiis
2887 1320 3281 1388 discessurum,
3314 1325 3500 1396 ibique.

1927 1405 2070 1474 quod
2125 1405 2386 1462 facillime
2447 1408 2641 1477 possit,
2693 1425 2884 1478 poenas
2929 1413 3017 1466 sui
3064 1423 3122 1467 et
3152 1415 3498 1482 imperatoris

1927 1495 2126 1564 proditi
2152 1511 2312 1565 quam
2341 1499 2714 1553 severissimas
2737 1509 3132 1569 expetiturum.
3166 1505 3359 1560 Postea
3404 1509 3502 1561 do-

1927 1603 2016 1642 mo
2043 1603 2137 1643 sua
2171 1590 2308 1644 bene
2343 1591 2665 1659 composita,
2697 1593 3050 1662 etprdtnata,
3075 1597 3347 1664 praefectis
3366 1616 3496 1668 pro.

1927 1672 2119 1734 vincia:
2145 1689 2198 1734 et
2222 1682 2635 1737 successoribus
2669 1693 2789 1752 pest
2821 1696 3049 1740 mortem
3091 1669 3244 1742 suam
3275 1691 3497 1746 institu-

1929 1771 1996 1826 tis
2026 1771 2160 1840 (non
2210 1771 2356 1826 enim
2393 1771 2534 1826 intra
2560 1773 2724 1829 breve
2760 1786 2972 1845 tempus
3010 1778 3064 1832 in
3105 1779 3290 1836 Asiam
3317 1798 3498 1838 rever-

244 1861 480 1914 τόπεδον
522 1859 627 1914 ὐπύ
656 1876 817 1913 τινων
849 1857 1090 1913 ἐνταῦθα
1139 1859 1205 1912 τὰ
1247 1859 1518 1930 βασιλίδος
1559 1862 1817 1931 φρονούν-

1924 1877 2134 1927 surum,
2167 1861 2262 1917 sed
2302 1870 2396 1916 aut
2442 1863 2642 1917 bellum
2688 1878 2811 1919 cum
2865 1881 2930 1921 eo
2971 1869 3372 1934 confecturum,
3403 1884 3499 1928 aut

244 1967 362 2003 των
417 1948 765 2020 διεφθάρθαι,
823 1950 917 2002 καὶ
958 1948 1096 2018 πρὸς
1151 1951 1250 2019 τὴν
1289 1951 1496 2004 οἰκείαν
1522 1952 1820 2022 ἀναχωρεῖν

1924 1953 2009 2007 hic
2037 1952 2092 2006 in
2122 1952 2238 2007 acie
2275 1952 2718 2023 occubiturum),
2758 1969 2886 2009 cum
2914 1957 3034 2010 aliis
3059 1957 3218 2028 longe
3247 1959 3499 2016 ﬁdelissi-

247 2041 576 2095 πεπεῖσθαι.
623 2040 802 2094 Πολλὰ
834 2040 891 2095 δὲ
920 2042 978 2093 ὲν
1009 2039 1399 2095 πεντεκαίδεκα
1433 2041 1665 2110 ἡμέραις
1698 2043 1820 2112 περὶ

1924 2043 2044 2108 mis,
2081 2057 2408 2112 semperque
2440 2057 2627 2098 secum
2653 2046 2890 2102 militare
2940 2049 3270 2119 volentibus,
3297 2053 3496 2109 celeri-

248 2134 348 2188 τοῦ
379 2134 564 2205 μένειν
591 2133 774 2195 αὐτοῖς
803 2131 1179 2202 διαλεχθέντα,
1225 2131 1390 2200 μηδὲν
1421 2132 1586 2184 πλέον
1623 2133 1820 2200 ὴνυκέι

1924 2127 2002 2188 ter
2030 2142 2406 2188 reventurum.

248 2243 368 2290 vat,
399 2227 619 2280 πάντων
649 2223 790 2294 ὁμοῦ
819 2225 959 2295 πρὸς
989 2223 1090 2294 τὴν
1128 2224 1388 2278 ἐπάνοδον
1414 2224 1558 2295 ὁρμῇ
1612 2240 1720 2278 τινι
1751 2225 2189 2293 κατασχεθέντων
2223 2226 2518 2297 παραϐόλῳ
2545 2243 2559 2256 ·
2593 2228 2922 2293 ἐξετάσαντα
2960 2231 3017 2284 δὲ
3047 2233 3378 2308 πολλα-περὶ
3400 2237 3493 2290 τοῦ

250 2320 486 2375 τοιαῦτα
517 2318 866 2384 πεπεικότος,
894 2318 1158 2390 μηδαμῶς
1215 2317 1512 2388 δυνηθῆναι
1539 2319 1799 2391 ἐξευρεῖν.
1864 2321 1938 2373 Τὸ
1964 2321 2065 2390 μὲν
2106 2318 2205 2375 οὖν
2263 2322 2425 2375 αὐτὸν
2471 2324 2630 2392 μόνον
2665 2325 3004 2395 παραμένειν
3031 2327 3372 2396 ἀπελθούσης
3398 2329 3494 2397 τῆς

248 2417 539 2485 στρατιᾶς,
569 2411 890 2482 ἀσύμφορον
963 2412 1233 2482 ἡγεῖσθαι.
1285 2412 1527 2482 Οὐδεμία
1553 2416 1662 2482 γάρ
1701 2411 1943 2481 ὠφέλειά
1968 2431 2052 2476 τις
2097 2413 2251 2468 ἔσται
2284 2414 2384 2484 τῆς
2412 2415 2714 2485 παρουσίας
2740 2417 2836 2484 τῆς
2854 2415 3046 2470 αὐτοῦ.
3082 2419 3146 2470 Εἰ
3166 2418 3210 2470 δ’
3236 2418 3383 2490 αὐτῷ
3404 2419 3496 2472 λυο

249 2511 628 2582 σιτελέστερον
654 2512 820 2574 δοκεῖ,
851 2508 948 2562 καὶ
1020 2509 1416 2580 ὲπιψηφίσαιτο
1455 2511 1552 2564 καὶ
1581 2510 1744 2572 αὐτὸς
1787 2513 1848 2563 τὸ
1878 2509 1973 2564 νῦν
2004 2510 2104 2580 μὲν
2160 2511 2304 2582 ἔχον,
2339 2513 2424 2574 είς
2480 2513 2577 2580 τὴν
2610 2514 2819 2566 οίκείαν
2887 2514 3206 2567 ἐπανελθεῖν
3227 2517 3364 2584 μετὰ
3389 2517 3486 2583 τῆς

243 2607 547 2676 στρατιᾶςο
571 2607 688 2658 ἐκεῖ
707 2606 764 2659 δὲ
800 2607 956 2669 δίκας
987 2603 1087 2667 τὰς
1123 2602 1358 2672 ἐσχάτας
1390 2603 1522 2674 παρ’
1554 2602 1734 2658 αὐτῶν
1769 2603 1868 2671 τῆς
1898 2603 1978 2666 είς
2011 2603 2174 2656 αὐτὸν
2219 2604 2316 2657 καὶ
2347 2604 2578 2673 βασιλέα
2625 2604 2858 2658 λαϐόντα
2898 2607 3217 2676 προδοσίαςο
3257 2609 3494 2677 μάλιστα

247 2697 364 2767 γὰρ
389 2699 504 2751 ἐκεῖ
541 2697 698 2752 τοῦτο
747 2694 888 2752 εῖναι
924 2697 1152 2752 ἀνυστὸν
1195 2695 1366 2766 αὐτῷ,
1403 2695 1596 2749 ἔπειτα
1625 2697 1849 2765 ἑτέρους
1888 2696 2079 2766 ἔχοντα
2126 2698 2254 2759 τοὺς
2287 2697 2521 2766 μάλιστα
2563 2699 2940 2764 πιστοτάτους,
2976 2701 3070 2752 καὶ
3105 2701 3266 2770 μέχρι
3293 2702 3492 2763 παντὸς

243 2793 401 2863 αὐτῷ
433 2794 861 2864 βουλησομένους
923 2791 1386 2860 συγκινδυνεύειν,
1444 2793 1586 2846 κατὰ
1654 2793 1815 2862 τάχος
1857 2793 2158 2863 ἐπανήκειν
2197 2791 2258 2847 εὖ
2297 2793 2618 2863 διαθέμενον
2669 2793 2740 2846 τὰ
2809 2794 2952 2847 κατὰ
2983 2795 3081 2866 τὴν
3115 2797 3318 2860 οἰκίαν,
3377 2797 3498 2851 ἔπι.

246 2889 482 2955 τρόπου,
531 2887 954 2958 καταστήσαντα
981 2888 1080 2956 τῆς
1140 2887 1333 2958 ἀρχῆς,
1376 2885 1472 2940 καὶ
1511 2887 1786 2956 διαδόχους
1873 2887 2009 2956 μετὰ
2075 2886 2352 2956 τελευτὴν,
2421 2885 2499 2950 ὡς
2545 2887 2607 2940 οὐ
2647 2887 2856 2957 ταχέως
2905 2886 3061 2952 αὖθις
3133 2889 3492 2960 ὲπανήξοντα,

255 2980 372 3036 ἀλλ’
407 2980 1047 3051 ῆσυγκατεργασόμενον
1084 2979 1176 3033 τὸν
1231 2979 1490 3049 πόλεμον,
1553 2977 1585 3049 ἢ
1633 2980 1693 3031 έν
1743 2978 1819 3048 τῷ
1861 2978 2128 3049 μάχεσθαι
2153 2979 2510 3049 πεσούμενον.

1531 3117 1696 3189 579
1732 3106 1960 3172 CAPUT
2003 3116 2212 3173 van.

250 3216 472 3273 Amurio
507 3220 708 3288 gratias
745 3219 1188 3288 agitiimperator,
1219 3216 1532 3288 legationem
1563 3218 1626 3288 de
1667 3231 1794 3288 pace
1821 3213 2157 3288 Byzantium
2210 3218 2760 3288 mittendamsnadet,
2785 3235 2885 3287 quo
2911 3221 2980 3272 ad
3013 3222 3290 3274 discessum
3316 3237 3495 3272 neces-

236 3319 240 3324 -
321 3289 471 3358 saria
499 3286 802 3358 suppetunt.
854 3286 1274 3358 [lepra/tenditur
1314 3286 1768 3358 Constantinopoli
1797 3286 2065 3358 Amugrius,
2095 3303 2196 3354 quo
2239 3303 2294 3338 se
2327 3288 2465 3358 apud
2511 3286 2934 3358 Cantucuaenum
2990 3290 3144 3342 nimis
3197 3291 3409 3357 abjiciat
3444 3300 3495 3341 et

324 3352 795 3428 abjeceriifNaves
822 3368 871 3409 et
908 3352 1182 3428 pecuniam
1222 3356 1270 3408 ei
1299 3357 1634 3424 promittunt.
1662 3352 1720 3408 'Is
1745 3371 1799 3407 se
1831 3364 1880 3407 et
1919 3352 2293 3422 imperatorem
2343 3352 2594 3425 defendit.
2626 3356 2795 3411 Locus
2833 3357 3047 3428 elegans
3093 3362 3154 3412 de
3188 3352 3493 3412 discrimine

320 3429 604 3482 servitutis.
637 3427 843 3480 Petitur
875 3431 939 3478 ab
969 3441 1028 3479 eo
1055 3427 1334 3480 discessus.

322 3572 588 3635 Βασιλεὺς
638 3571 694 3624 δὲ
749 3560 938 3640 ἠνιᾶτο
990 3571 1090 3639 μὲν
1137 3569 1274 3640 πρὸς
1318 3568 1415 3640 τὴν
1467 3571 1887 3638 ἀναχωρησινο

247 3669 486 3728 εκείνου,
525 3664 642 3736 ᾔδει
692 3663 801 3733 γὰρ
847 3663 1275 3732 ὲπιθησομένους
1322 3662 1657 3732 πανταχόθεν
1684 3664 1819 3715 πάν-

1992 3568 2288 3638 lmperator
2314 3568 2380 3624 de
2412 3569 2515 3624 hoc
2546 3571 2792 3626 discessu
2840 3570 3100 3630 indoluit.
3133 3572 3277 3641 quod
3304 3588 3361 3625 se
3392 3589 3496 3625 uu-

1919 3656 2086 3726 dique
2134 3657 2434 3726 appetitum
2490 3657 2551 3710 iri
2605 3669 2874 3713 cerneret.
2933 3657 3248 3726 lntelligens
3309 3670 3492 3714 autem

1921 3749 2113 3803 Persas
2151 3748 2219 3802 ad
2261 3749 2493 3802 reditum
2530 3758 2810 3819 tantopere
2847 3750 3212 3804 inﬂammatos
3245 3762 3304 3805 ut
3334 3753 3492 3807 cohi-

245 3777 370 3821 τας.
421 3757 594 3824 Ὁρῶν
626 3755 682 3808 δὲ
715 3755 792 3817 ὡς
823 3754 1086 3808 ἀδύνατον
1119 3756 1217 3814 τὴν
1251 3754 1473 3824 Περσῶν
1505 3755 1816 3824 παρακατέ-

247 3870 369 3923 χειν
397 3851 680 3921 στρατιὰν,
715 3851 849 3921 πρὸς
882 3850 982 3921 τὴν
1017 3851 1277 3904 ἐπάνοδον
1324 3852 1425 3922 ήδη
1453 3850 1814 3921 ὡρμημένην,

260 3944 472 4013 ’Δμούρ
501 3944 601 4012 μὲν
627 3944 725 4012 τῆς
757 3945 836 4006 είς
869 3944 1031 3996 αὐτὸν
1059 3943 1274 4007 εὐνοίας
1316 3943 1516 4005 πολλὰς
1549 3935 1817 4012 ὡμολόγει

248 4038 508 4106 χάριτας,
564 4034 920 4088 συνεϐούλευε
967 4033 1024 4087 δὲ
1071 4037 1192 4086 ἐπεὶ
1245 4033 1318 4103 μὴ
1367 4033 1572 4086 πείθειν
1603 4028 1711 4096 οἷός
1759 4051 1816 4085 τε

249 4128 494 4196 ἐγένετο,
527 4127 824 4196 πρεσϐείαν
867 4127 1003 4196 πρὸς
1049 4125 1300 4196 βασιλίδα
1333 4125 1572 4196 πέμπειν
1601 4127 1682 4187 είς
1719 4126 1818 4178 Βυ-

249 4219 492 4286 ζάντιον,
531 4219 624 4271 καὶ
657 4217 878 4289 ὁμοίους
908 4219 1020 4280 τοῖς
1051 4217 1340 4288 προτέροις
1370 4217 1499 4286 περὶ
1537 4217 1638 4282 τῆς
1667 4217 1817 4286 είρήο

251 4328 355 4382 νης
388 4309 661 4363 ποιεῖσθαι
707 4309 922 4378 λόγους,
957 4303 1052 4362 καὶ
1098 4309 1196 4378 τὴν
1234 4306 1492 4360 ἀϐουλίαν
1539 4308 1818 4372 ὀνειδίζειν

237 4402 461 4465 αὐτοῖς,
488 4401 570 4454 ὅτι
598 4399 687 4454 διὰ
716 4399 926 4470 ταύτην
955 4402 1024 4470 τῇ
1075 4399 1363 4467 Ῥωμαίων
1390 4400 1657 4470 ἡγεμονίᾳ
1686 4399 1817 4452 πο).-

247 4495 367 4556 λοῖς
391 4493 555 4546 αἴτιοι
585 4493 910 4562 γεγένηνται
943 4490 1181 4560 φθορᾶς·
1226 4491 1318 4543 καὶ
1345 4491 1423 4542 ἔτι
1453 4492 1718 4559 πλείονος,
1752 4491 1817 4544 ἂν

251 4587 331 4657 μὴ
356 4586 674 4648 πείθωνται,
689 4584 1032 4652 γενήσονταιο
1053 4583 1338 4652 παραινεῖν
1353 4599 1412 4635 τε
1438 4566 1593 4646 αὖθις
1614 4581 1703 4634 τὸν
1724 4583 1795 4634 πό
1817 4611 1820 4614 λ

249 4678 311 4730 λε
319 4695 418 4747 μον
433 4677 598 4730 κατα)
610 4677 667 4729 ύε
678 4694 743 4740 ιν,
760 4675 856 4729 καὶ
877 4674 952 4746 μὴ
977 4675 1064 4728 διὰ
1077 4675 1405 4744 φιλονεικίαν
1418 4673 1542 4746 ἔχου
1550 4691 1648 4728 σαν
1667 4673 1818 4727 οὐδὲν

250 4769 426 4838 ὑγιὲς,
457 4770 722 4840 περιορᾷν
751 4767 1022 4838 ὁσημέραι
1057 4767 1181 4830 τούς
1212 4766 1521 4836 ὁμοφύλους
1554 4765 1816 4838 ἐξανδρα-

251 4863 667 4932 ποδιξομένους,
729 4862 825 4915 καὶ
873 4859 1280 4929 κτεινομένους,
1341 4860 1436 4912 καὶ
1488 4859 1557 4912 τὰ
1612 4859 1817 4928 ἔσχατα

248 4955 641 5021 ὑπομένοντας.
704 4953 932 5006 Ἐκεῖνοι
980 4951 1061 5017 δὲ,
1096 4952 1191 5005 καὶ
1245 4950 1350 5020 γὰρ
1403 4950 1591 5005 οὐδένα
1640 4947 1820 5014 αὖθιι,

249 5045 442 5117 ὥσπερ
468 5048 564 5100 καὶ
599 5046 865 5117 πρότερον
894 5047 1210 5118 ποιήσονται
1245 5045 1342 5114 τῆς
1374 5045 1599 5115 εἰρήνης
1639 5043 1820 5115 λόγον,

249 5140 346 5191 ἐπὶ
370 5138 430 5188 τὸ
465 5136 679 5190 πείθειν
710 5138 876 5190 αὐτὸν
905 5126 1102 5190 αὐτίκα
1152 5136 1440 5206 τρέψονται
1487 5136 1820 5204 ἀφίστασθαι

250 5229 469 5282 ἐκείνου
489 5245 507 5262 ο
540 5230 634 5282 καὶ
659 5228 975 5298 πέμψαντες
1010 5227 1312 5298 ἀξιόχρεών
1342 5244 1486 5291 τινα,
1519 5226 1576 5278 ὃν
1608 5227 1821 5294 οτήσον-

249 5338 342 5372 ται
395 5319 559 5373 τοῦτο
618 5320 1057 5389 κατεργάσεσθαι
1112 5318 1439 5390 δυνήσεσθαι
1494 5318 1821 5386 παρέξονται

253 5415 346 5464 καὶ
374 5414 634 5482 χρήματα
669 5412 841 5465 πολλά
887 5411 987 5480 τῆς
1031 5411 1435 5481 ἀναχωρήσεως
1476 5409 1689 5478 μισθὸν,
1727 5410 1822 5464 καὶ

251 5502 386 5566 ναῦς
437 5497 521 5564 αἷς
566 5503 830 5573 χρήσεται
884 5501 1019 5572 πρὸς
1060 5500 1160 5572 τὴν
1199 5499 1480 5552 διάϐασιν
1519 5499 1614 5551 καὶ
1661 5501 1726 5568 τῇ
1758 5517 1815 5551 τε

255 5595 488 5664 στρατιᾷ
518 5594 579 5644 τὸ
631 5593 1066 5661 σπουδαζόμενον
1101 5592 1254 5644 ἔσται
1309 5590 1525 5658 ἠνυκὼς
1549 5631 1564 5653 ,
1627 5591 1722 5642 καὶ
1753 5593 1820 5643 τὰ

255 5685 518 5756 χρήματα
546 5683 730 5736 λαϐὼν
757 5683 1050 5751 ἀμείψεται
1079 5682 1204 5743 τοὺς
1252 5681 1548 5750 προθύμως
1581 5697 1818 5750 συστρα-

251 5775 644 5846 τευσαμένους.
681 5774 757 5826 υύ
791 5773 900 5842 γὰρ
932 5773 1141 5824 δίκαιον
1171 5771 1371 5840 ὁμοίως
1403 5774 1570 5825 πᾶσιν
1599 5772 1813 5842 ὀργίζε-

499 5872 767 5932 ΡΑτιωι.
802 5870 916 5927 Gn.
958 5867 1154 5927 CLlll.

1921 3836 2039 3892 beri
2071 3852 2178 3891 non
2206 3847 2451 3906 possent,
2485 3839 2712 3892 Amurio
2739 3838 2805 3892 de
2856 3849 2960 3892 tam
2999 3841 3208 3908 prolixa
3262 3855 3390 3909 erga
3431 3857 3492 3896 se

1920 3930 2199 3984 voluntate
2248 3931 2448 3998 gratias
2503 3930 2617 3997 agit
2669 3930 3057 3998 amplissimas,
3093 3933 3376 4001 suasitque
3411 3942 3490 3998 nt,

1919 4020 2178 4090 quoniam
2204 4020 2432 4072 militem
2482 4033 2640 4072 suum
2666 4018 2888 4073 ﬂectere
2918 4020 3274 4088 nequivisset,
3310 4032 3494 4076 orato-

1922 4129 2007 4167 res
2037 4113 2356 4182 Byzantium
2381 4111 2447 4164 ad
2477 4109 2878 4179 imperatricem
2911 4110 3174 4169 mitteret,
3215 4111 3307 4179 qui
3343 4112 3496 4167 simi-

1919 4203 2064 4268 liter,
2103 4210 2162 4256 ut
2195 4202 2449 4262 antehac,
2483 4199 2549 4254 de
2587 4214 2719 4268 pace
2749 4199 3107 4266 dissererent,
3147 4200 3365 4269 illisque
3394 4203 3494 4256 de.

1922 4291 2182 4348 mentiam
2224 4291 2640 4362 exprobrarent,
2672 4305 2768 4360 per
2811 4305 2973 4360 quam
3009 4290 3258 4346 Romano
3293 4293 3495 4362 princi-

1921 4397 2070 4468 patui
2101 4395 2330 4452 exitium
2366 4410 2622 4466 magnum
2650 4393 2985 4456 invexerint,
3023 4408 3088 4447 ac
3117 4393 3222 4448 nisi
3260 4396 3312 4448 in
3348 4394 3492 4449 viam

1923 4492 2167 4556 redeant,
2216 4491 2391 4562 majus
2445 4487 2713 4542 invecturi
2759 4486 2889 4540 sint.
2919 4484 3282 4541 llortarentur
3310 4499 3493 4542 autem

1922 4601 2112 4641 rursus
2154 4583 2354 4639 bellum
2407 4581 2632 4634 missum
2671 4581 2932 4641 facerent,
2970 4595 3075 4635 neu
3124 4579 3194 4632 ob
3231 4579 3498 4640 insipien-

1924 4688 2030 4733 tem
2060 4677 2217 4732 istam
2244 4672 2671 4735 contentionem,
2703 4671 2951 4741 quotidie
2984 4687 3094 4725 sua:
3126 4672 3304 4740 gentis
3345 4685 3496 4724 mor-

1925 4771 2060 4825 tales
2096 4769 2150 4824 in
2191 4770 2513 4825 servitutem
2556 4765 2759 4834 abripi,
2801 4764 3084 4828 trucidari,
3112 4771 3168 4818 et
3197 4762 3263 4816 ad
3299 4777 3497 4817 aerum-

1928 4877 2023 4916 nas
2047 4861 2220 4930 redigi
2266 4861 2528 4915 sim-rent.
2563 4859 2689 4913 lllos
2715 4872 2865 4921 vero,
2911 4865 2967 4910 ut
3001 4855 3136 4909 alias
3182 4854 3391 4909 nullum
3423 4855 3491 4910 de

1922 4969 2058 5024 pace
2086 4953 2314 5008 verbum
2369 4953 2675 5013 locuturos,
2709 4949 2802 5003 sed
2849 4948 3186 5018 persuadere
3234 4948 3493 5001 cnixuros
3536 4949 3557 5019 τ’

1928 5044 2006 5098 ιιιὶ
2053 5024 2458 5112 quamprimum
2498 5057 2528 5094 a
2576 5040 2956 5095 Cantacuzeno
3005 5053 3064 5092 se
3113 5037 3408 5105 disjungat,
3442 5046 3496 5089 et

1927 5137 2094 5190 misso
2129 5134 2382 5204 quopiam
2436 5133 2565 5187 huic
2619 5129 2830 5184 muneri
2867 5129 3081 5189 idoneo,
3122 5141 3371 5194 magnam
3403 5143 3494 5196 pc-

1926 5225 2102 5280 cuniae
2130 5225 2262 5288 vim,
2297 5224 2574 5278 discessus
2612 5220 2945 5282 mercedem,
2982 5235 3045 5272 ac
3073 5227 3329 5286 pmterea
3358 5219 3496 5272 clas-

1925 5331 2039 5370 sem
2087 5313 2552 5384 suppeditatnrus.
2588 5311 2675 5364 Sic
2717 5320 2772 5364 et
2806 5309 2948 5378 quod
2987 5307 3263 5366 exercitus
3321 5321 3494 5374 usque

1919 5403 2058 5457 adeo
2089 5400 2470 5462 contenderet,
2504 5397 2805 5468 perfectum
2835 5398 2972 5463 fore,
3001 5406 3056 5449 ct
3088 5396 3239 5448 illum
3271 5403 3492 5462 accepta

1921 5492 2156 5564 pecunia
2207 5491 2444 5546 libenter
2507 5487 2610 5543 sub
2664 5503 2722 5541 se
2792 5486 3088 5540 militantes
3149 5484 3494 5538 remunerari

1918 5599 2097 5654 posse.
2128 5582 2244 5637 Non
2279 5581 2426 5634 enim
2473 5593 2688 5646 aequum
2749 5576 2908 5629 irasci
2962 5575 3166 5643 pariter
3211 5573 3492 5635 omnilius,

1921 5678 2014 5732 sed
2043 5675 2311 5746 superbiae
2338 5683 2393 5726 et
2417 5669 2777 5727 contumaciae
2803 5668 3117 5722 incentorcs
3150 5666 3362 5719 modice
3395 5681 3494 5732 pn-

1922 5769 2167 5826 niendos.
2228 5781 2295 5820 ne
2360 5765 2498 5820 alios
2548 5760 2941 5832 impudentiam
2987 5760 3238 5828 exemplo
3264 5771 3360 5811 suo
3387 5756 3509 5810 don

3069 5850 3149 5912 35
