4062 6290
599 359 740 426 1039

1766 356 2092 441 JOANNIS
2133 354 2669 420 CANTACUZENI

3727 359 3861 416 llUU

590 487 752 534 eeant
786 494 800 532 :
831 473 1060 547 reliquis
1094 471 1490 529 convenienter
1505 469 1759 527 laborum
1797 471 2014 525 meritis
2036 485 2176 540 prm-

2287 472 2411 526 σθαι
2442 475 2530 528 καὶ
2560 473 2718 538 δίκας
2744 475 3027 540 ἀπαιτεῖν,
3058 471 3196 529 ἀλλά
3227 472 3355 537 τοὺς
3389 467 3490 541 μὲν
3529 469 3742 532 αἰτίους
3768 468 3861 534 τῆς

592 575 701 628 mia
741 569 1126 642 persolvenila,
1162 576 1223 622 ut
1250 577 1308 622 ct
1338 565 1612 636 supplicio
1643 563 2024 635 improborum
2057 572 2170 617 ter-

591 674 730 730 reat,
764 674 822 719 et
845 661 1226 718 beneﬁcentiae
1257 658 1442 714 studio
1472 657 1610 713 alios
1637 660 1703 711 ad
1738 671 1794 712 se
1831 654 2170 726 diligendum

591 755 816 811 alliciat.
853 754 1116 808 Amurius
1145 751 1420 822 extemplo
1444 757 1623 820 paret,
1650 757 1706 803 et
1741 749 1809 804 de
1841 747 2175 802 admonitio.

591 864 661 902 ne
689 845 1007 917 imperatori
1035 844 1240 916 gratias
1263 845 1396 914 agit,
1423 842 1634 912 legatos
1665 840 1733 896 ad
1765 839 2172 911 imperatriccm

590 940 775 994 denuo
805 937 875 992 de
910 950 1045 1006 pace
1073 945 1256 991 actum
1299 933 1492 989 mittit.
1526 932 1891 1003 Apocauehus
1943 945 2176 1001 magnus

588 1029 703 1084 dnx
749 1037 806 1084 et
869 1027 1095 1098 collegae
1121 1026 1189 1081 de
1218 1041 1354 1096 pace
1383 1025 1547 1080 silent
1576 1023 1822 1094 penitus,
1850 1023 2178 1077 Amuriutm

589 1139 699 1194 que
731 1123 972 1192 primum
1025 1117 1460 1189 reprehendunt,
1491 1115 1639 1186 quod
1686 1123 2014 1184 satrapa,.et
2064 1121 2175 1167 tam

588 1225 807 1286 potens,
837 1222 1004 1282 atque
1035 1211 1180 1281 apud
1213 1209 1492 1265 Romanos
1517 1210 1672 1278 juxta
1707 1223 1771 1263 ac
1814 1206 2085 1262 barbaros
2119 1206 2176 1260 in

589 1316 741 1362 tanta
776 1305 1163 1368 admiratione,
1215 1302 1475 1373 mancipii
1511 1304 1685 1356 instar
1726 1301 2175 1357 Cantacuzenum

589 1412 877 1469 sequatur,
917 1396 1128 1451 tamdiu
1175 1396 1226 1450 in
1257 1395 1422 1450 terris
1457 1394 1765 1465 peregrinis
1807 1392 1996 1457 miser,
2027 1391 2176 1445 nullo

578 1491 762 1552 lucro,
798 1505 926 1544 cum
961 1487 1261 1560 ignominia
1291 1495 1478 1540 autem
1540 1499 1774 1548 summa,
1844 1499 1968 1553 qua:
2019 1483 2177 1537 illum

589 1583 856 1638 scientem
883 1581 1274 1650 volentemque
1297 1579 1610 1648 .cooperuit.
1649 1577 1770 1632 1am
1803 1575 1936 1630 illud
1973 1575 2179 1644 turpis-

588 1676 794 1730 simum
839 1689 960 1729 esse
1024 1671 1189 1742 580
1224 1670 1372 1742 quod
1426 1681 1481 1725 et
1522 1669 1775 1726 satellitis
1811 1670 1993 1724 locum
2031 1666 2176 1738 apud

586 1771 1031 1827 Cantacuzcnum
1069 1776 1258 1820 tenere
1283 1780 1390 1819 non
1412 1763 1723 1829 erubuerit,
1756 1762 1822 1817 ad
1855 1762 2013 1834 cujus
2037 1775 2179 1830 pra:-

591 1864 794 1919 torium
824 1869 990 1914 noctu
1030 1857 1336 1922 excubarit,
1361 1864 1420 1910 ut
1453 1857 1568 1925 ipse
1605 1856 1754 1911 omni
1785 1865 1931 1910 metu
1966 1855 2181 1911 solutus

588 1961 869 2012 sterteret.
909 1953 1036 2006 Haec
1091 1949 1259 2020 igitur
1314 1949 1448 2004 tanti
1476 1949 1637 2019 plena
1682 1948 1974 2004 dedecoris
1999 1947 2045 2002 si
2075 1947 2180 2017 ipsi

588 2054 740 2116 grata
768 2045 899 2109 sint,
943 2057 1045 2097 nec
1071 2041 1201 2106 sibi,
1226 2041 1358 2112 quid
1387 2044 1439 2096 ei
1459 2039 1672 2096 foedum
1709 2049 1875 2112 atque
1895 2040 2180 2110 indignum

588 2137 801 2192 accidat
833 2149 980 2190 cura:
1010 2132 1283 2188 futurum.
1319 2132 1481 2188 Nunc
1513 2132 1558 2186 si
1595 2141 1703 2186 tam
1732 2133 1879 2203 longi
1911 2130 2181 2202 temporis

592 2228 645 2281 in
672 2236 864 2281 extero
897 2223 1016 2278 solo
1058 2224 1426 2280 incommodis
1458 2223 1712 2288 satiatus,
1752 2223 1820 2278 ad
1849 2223 2009 2278 sedes
2054 2237 2181 2277 suas

591 2315 792 2368 reverti
831 2313 1215 2384 “concupiscat,
1255 2327 1315 2368 se
1363 2328 1585 2382 quoque
1619 2312 1800 2383 ipsum
1837 2313 1890 2366 in
1937 2312 2043 2367 hoc
2072 2327 2179 2366 non

589 2405 790 2460 leviter
840 2403 1156 2475 adjuturos.
1211 2403 1341 2458 Sive
1411 2404 1561 2458 enim
1615 2419 1713 2472 per
1765 2404 2075 2475 Bithyniam
2127 2414 2182 2460 et

589 2496 880 2568 Phrygiam
911 2497 966 2549 in
1009 2495 1216 2550 Ioniam
1247 2496 1328 2549 ire
1371 2505 1549 2565 paret,
1578 2504 1755 2550 tutum
1788 2497 1896 2552 iter
1929 2513 2028 2568 per
2051 2495 2182 2551 "('1‘

589 2589 927 2658 lespontum,
959 2597 1055 2642 aut
1110 2603 1208 2658 per
1260 2585 1465 2641 l‘retum
1511 2587 1872 2658 Byzantinum
1901 2589 2179 2658 praestitu-

594 2692 716 2744 rns;
769 2679 884 2732 sive
943 2687 1091 2732 recta
1139 2679 1194 2731 in
1255 2692 1410 2732 suam
1449 2677 1790 2747 provinciam
1827 2679 2180 2749 abnavigarc,

594 2770 852 2824 triremes
904 2784 960 2824 et
1014 2769 1120 2822 alia
1159 2767 1376 2838 navigia
1415 2768 1668 2835 daturos,
1708 2784 1831 2839 qua:
1873 2771 2180 2825 exercitum

597 2861 910 2931 deportent.
944 2859 1007 2914 lit
1041 2860 1172 2929 quia
1209 2875 1436 2916 necesse
1466 2861 1685 2927 habeat,
1711 2863 1879 2917 etiam
1906 2863 2181 2933 stipendia

595 2952 712 3007 suis
741 2962 851 3007 tam
902 2952 998 3007 diu
1032 2952 1302 3008 militibus
1347 2953 1580 3016 solvere,
1609 2963 1878 3023 quantum
1916 2954 2181 3014 debeatur

593 3044 907 3116 largiturus.
939 3044 1064 3100 llaec
1092 3060 1323 3125 magnus
1349 3044 1459 3100 dux
1503 3045 1686 3115 legato
1735 3046 2039 3114 respondit.
2079 3046 2182 3102 Ve-

600 3139 1011 3194 rumenimvero
1067 3133 1345 3194 barbarus
1411 3139 1622 3193 domini
1688 3139 2177 3210 reprehensionem

597 3247 703 3286 non
749 3232 955 3295 ferens,
1005 3230 1279 3286 Videmini
1311 3231 1468 3297 mihi,
1505 3233 1707 3303 inquit,
1746 3242 1962 3288 tantum
1992 3233 2178 3290 odisse

595 3326 821 3391 multos,
847 3324 1078 3396 diligere
1105 3325 1403 3379 neminem.
1430 3323 1586 3391 Quod
1606 3325 1653 3380 si
1681 3341 1842 3382 secus
1867 3337 2033 3390 esset,
2067 3342 2176 3382 non

596 3419 672 3470 ita
701 3418 768 3470 ad
801 3417 1082 3470 machinas
1131 3424 1188 3471 et
1226 3415 1459 3470 insidias
1487 3425 1678 3472 contra
1724 3419 1915 3474 hostes
1961 3421 2181 3491 excogi-

597 3509 789 3562 tandas
830 3506 1073 3577 expediti
1107 3508 1331 3574 essetis,
1377 3507 1567 3577 lingua
1617 3506 1753 3580 largi
1787 3510 1854 3565 ad
1890 3521 2180 3568 contume-

595 3601 722 3663 lias,
751 3613 815 3652 ac
862 3599 908 3652 si
947 3597 1069 3650 ideo
1127 3611 1248 3650 eam
1294 3597 1675 3666 possideretis,
1712 3607 1768 3652 et
1801 3615 1964 3654 omne
2005 3617 2179 3671 genus

597 3690 963 3760 nequitiarnm
1012 3697 1355 3752 exercentes,
1412 3689 1714 3743 amicorum
1769 3700 1953 3746 autem
1990 3693 2175 3749 ollicia

595 3782 846 3838 funditus
891 3781 1221 3836 nescientes.
1255 3780 1373 3834 Prae
1422 3780 1618 3833 horum
1656 3795 1850 3851 magna
1899 3783 2176 3854 imperitia

596 3877 879 3930 dominum
917 3889 1100 3928 meum
1135 3873 1211 3928 rei
1265 3872 1551 3946 cujusdam
1600 3874 1814 3930 servilis
1845 3886 1901 3931 et
1932 3877 2178 3948 ingloriaa

593 3968 914 4034 accusastis,
943 3967 1089 4038 quod
1120 3967 1514 4036 imperatorem
1539 3975 1666 4021 ante
1700 3969 1818 4038 ejus
1853 3969 2178 4024 tabernacu-

593 4061 708 4115 lum
742 4059 1044 4121 excubans,
1099 4057 1168 4113 ab
1219 4058 1658 4124 iiisidiatori..tts,
1691 4060 1785 4132 qui
1835 4062 1993 4116 multi
2021 4069 2178 4117 erant

593 4153 939 4217 custodierit,
959 4154 1140 4206 victus
1163 4152 1376 4206 Scilicet
1397 4169 1584 4208 amore
1613 4153 1782 4219 illius,
1813 4165 1867 4210 et
1887 4157 2175 4211 alit-ctione

592 4245 708 4298 sola
742 4243 989 4297 omnium
1019 4240 1372 4296 allectionum
1406 4243 1833 4314 jucundissima,
1864 4255 1920 4300 et
1957 4246 2025 4300 ab
2054 4262 2177 4301 om-

597 4338 758 4392 nibus
784 4336 1093 4406 expetenda
1131 4335 1421 4391 subactus.
1457 4334 1818 4407 lnterrogabo
1853 4350 2040 4394 autem
2083 4357 2178 4397 \‘OS

596 4440 719 4484 uter
749 4428 945 4484 melius
993 4428 1063 4482 de
1102 4427 1325 4493 decoro,
1356 4436 1413 4482 et
1455 4427 1523 4482 de
1575 4429 1726 4498 justo
1773 4440 1829 4485 et
1873 4431 2177 4489 honorifico

2282 565 2578 630 αὐθαδείας
2606 568 2806 640 μέτρια
2835 565 3116 634 κολάζειν,
3148 567 3237 620 ἵνα
3261 567 3337 637 μὴ
3368 564 3732 635 παράδειγμα
3757 563 3861 622 τοῖς

2276 655 2463 720 ἄλλοις
2487 659 2746 726 γίνωνται
2770 661 3190 730 ἀναισχυντίας,
3217 659 3345 722 τοὺς
3369 658 3425 710 δὲ
3452 657 3679 718 λοιποὺς
3704 655 3859 719 ἀξίως

2279 748 2616 818 ἀμείϐεσθαι
2668 750 2778 805 τῶν
2827 752 3030 816 πόνων,
3089 751 3178 805 ἵνα
3209 753 3297 822 ,τῇ
3362 767 3423 804 τε
3480 750 3710 802 κολάσει
3760 746 3858 798 τῶν

2277 841 2618 908 ἀγνωμόνων
2648 843 2882 914 ἐκφοϐῇ,
2911 844 3008 898 καὶ
3032 845 3098 913 τῇ
3134 843 3265 914 περὶ
3292 842 3388 906 τὰς
3416 841 3746 910 εὐεργεσίας
3774 857 3856 906 φι-

2277 928 2501 1001 λοτιμίᾳ
2529 933 2667 1004 πρὸς
2701 933 2918 989 εὔνοιαν
2956 935 3282 1006 ἐφέλκηται.
3329 934 3390 988 Ὀ
3435 935 3536 996 μὲν
3586 928 3685 986 οὖν
3724 933 3860 984 ἐπεί-

2279 1021 2403 1076 θετο
2430 1024 2674 1092 αὐτίκα,
2727 1027 2825 1080 καὶ
2872 1029 2971 1095 τῆς
3022 1028 3404 1099 παραινέσεως
3459 1028 3859 1098 εὐχαριστήσας

2280 1112 2531 1183 βασιλέα,
2564 1116 2865 1187 πρεσϐείαν
2895 1118 3114 1190 ἔπεμπε
3146 1119 3282 1190 πρὸς
3321 1115 3599 1189 βασιλίδα,
3635 1121 3734 1171 καί⁵
3765 1119 3858 1169 διε·

2281 1208 2471 1275 λέγετο
2504 1209 2633 1278 περὶ
2676 1209 2906 1280 εἰρήνης
2935 1207 3114 1274 αὖθις.
3167 1211 3509 1280 Ἀπόκαυχος
3547 1211 3604 1262 δὲ
3631 1211 3660 1263 ὁ
3700 1211 3859 1279 μέγας

2279 1298 2406 1363 δοὺξ
2465 1300 2608 1369 μετὰ
2645 1301 2755 1352 τῶν
2800 1302 3176 1371 συναρχόντων
3208 1301 3338 1371 περὶ
3379 1300 3480 1370 μέν
3513 1304 3611 1369 τῆς
3650 1301 3860 1369 είρήπς

2281 1391 2475 1444 οὐδένα
2499 1391 2658 1459 λόγον
2701 1394 3055 1462 ἐποιήσαντο,
3094 1393 3234 1446 ἀλλὰ
3271 1393 3492 1464 πρῶτον
3523 1394 3623 1464 μὲν
3660 1394 3856 1444 ἐκείνου

2280 1471 2646 1554 ἷιατηγόρουν,
2682 1485 2763 1537 ὅτι
2799 1485 3086 1554 σατράπης
3119 1485 3216 1549 ὣν,
3261 1487 3356 1538 καὶ
3397 1486 3637 1554 δύναμιν
3675 1485 3858 1537 τοσαύ-

2279 1593 2383 1646 την
2412 1578 2774 1649 κεκτημένος,
2812 1582 2904 1631 ναὶ
2938 1583 3092 1648 παρὰ
3127 1579 3415 1650 Ῥωμαίων
3448 1559 3859 1648 καῖ’βαρϐαρων

2281 1668 2596 1738 τιμώμενος
2652 1670 2951 1737 τοσοῦτον,
3009 1671 3203 1739 ὥσπερ
3269 1671 3608 1740 ἀνδράποδον
3683 1672 3860 1723 ἐποιτο

2283 1760 2750 1832 Καντακουζηνῷ,
2784 1764 3040 1816 τοσοῦτον
3087 1763 3280 1834 χρόνον
3327 1765 3422 1814 ἐπὶ
3474 1763 3638 1831 ξένης
3689 1762 3860 1814 ταλαι-

2213 1831 2256 1890 B
2290 1852 2510 1923 πωρῶν,
2536 1831 2843 1924 ἐπὶίκέρδει
2887 1855 2989 1924 μὲν
3021 1831 3222 1918 οὐδενὶ,
3258 1854 3446 1924 ἀδοξίᾳ
3479 1853 3539 1905 δὲ
3587 1854 3791 1923 ἐσχάτῃ

2283 1947 2689 2018 περιϐέϐληκεν
2737 1950 2903 2002 αὑτὸν
2953 1949 3115 2004 ἑκών.
3163 1949 3239 2002 ’Ῐδ
3287 1949 3345 2002 δὲ
3385 1949 3451 2018 δὴ
3497 1948 3764 2018 μέγιστον
3789 1951 3860 2000 ὅτι

2282 2040 2375 2093 καὶ
2424 2041 2728 2112 δορυφόρου
2781 2042 2937 2106 τάξιν
2985 2044 3210 2113 ἐπέχειν
3264 2042 3364 2094 οὐκ
3419 2041 3676 2112 ᾐσχύνθη
3737 2041 3861 2109 πρὸς

2281 2133 2768 2203 Καντακουζηνδν,
2817 2134 2936 2188 ἀλλ’
2963 2136 3054 2188 ἐπὶ
3087 2135 3187 2206 τὴν
3217 2135 3434 2188 ἐκείνου
3472 2134 3690 2205 σκηνὴν
3719 2135 3861 2203 ἐρχό-

2284 2240 2467 2293 μενος,
2500 2225 2814 2298 ἀγρυπνοίη
2879 2225 3118 2297 νύκτωρ,
3173 2227 3250 2290 ὡς
3308 2227 3378 2280 ἂν
3430 2229 3648 2289 ἐκεῖνος
3699 2227 3859 2298 pem

2286 2315 2454 2385 μηδὲν
2487 2316 2842 2386 ὑφορώμενος
2867 2317 3062 2371 δεινόν.
3097 2316 3287 2371 Ταῦτα
3320 2319 3420 2389 μὲν
3449 2317 3546 2372 οὖν
3573 2319 3657 2380 εἰς
3688 2318 3859 2371 10305-

2283 2422 2376 2459 τον
2406 2406 2628 2471 ἀδοξίας
2660 2408 2866 2476 ἄγοντα
2899 2409 3088 2475 αὑτὸν,
3125 2412 3174 2461 εί
3222 2409 3380 2478 φίλον
3410 2411 3613 2479 ἐκείνῳ
3649 2409 3861 2462 τοιαῦτα

2284 2498 2604 2566 ὑπομένειν,
2669 2500 2780 2554 οὐδ’
2805 2503 2991 2563 αὐτοῖς
3051 2504 3312 2571 μελήσειν
3359 2503 3490 2572 περὶ
3526 2502 3628 2570 τῆς
3660 2501 3862 2554 ἐκείνου

2284 2589 2517 2662 ὕϐρεως.
2553 2591 2694 2666 Νυνὶ
2723 2592 2780 2645 δὲ
2816 2596 2866 2646 εί
2906 2593 3156 2662 ἀρκοῦσα
3194 2593 3374 2658 ἔδοξεν
3405 2597 3438 2664 ἡ
3469 2595 3567 2646 ἐπὶ
3611 2593 3862 2647 τοσοῦτον

2281 2685 2474 2754 χρόνον
2503 2685 2610 2738 ἐπὶ·
2640 2688 2737 2754 τῆς
2775 2687 2934 2757 ξένης
2967 2687 3321 2757 ταλαιπωρία
3364 2690 3460 2742 καὶ
3491 2687 3676 2739 δέοιτο
3706 2689 3864 2738 ἐπαν-

2283 2777 2458 2830 ελθεῖν
2485 2778 2622 2848 πρὶς
2649 2777 2748 2849 τὴν
2770 2779 3003 2843 οἰκείαν,
3038 2777 3403 2848 ξυλλήψεσθαι
3448 2778 3554 2830 οὐκ
3581 2778 3745 2844 ὀλίγα
3777 2779 3863 2829 καὶ

2284 2867 2507 2930 αὐτούς.
2538 2868 2663 2922 Εἴτε
2695 2870 2804 2939 γὰρ
2827 2869 2917 2923 διὰ
2941 2869 3196 2931 Βιθυνίας
3246 2873 3342 2924 καὶ
3376 2870 3625 2938 Φρυγίας
3656 2872 3750 2922 ἐπὶ
3775 2871 3863 2938 τὴν

2296 2959 2505 3014 Ἰωνίαν
2546 2960 2794 3030 βούλοιτο
2828 2961 3027 3024 ἐλθεῖν,
3065 2962 3196 3015 ἀδεᾶ
3231 2962 3322 3014 τὸν
3356 2963 3525 3031 πόρον
3563 2963 3864 3030 παρασχεῖν

2240 3089 2244 3093 ~
2284 3052 2480 3116 αὐτοὺς
2511 3054 2604 3105 ἐπὶ
2640 3054 2732 3106 τὸν
2777 3052 3191 3123 Ἑλλήσποντον,
3222 3053 3369 3125 ῆτδν
3396 3052 3540 3106 κατά
3569 3057 3633 3106 τὸ
3669 3053 3866 3116 Βυςεν-

2283 3161 2402 3196 τιον
2432 3142 2718 3215 πορθμὸνο
2773 3145 2885 3198 εἴτε
2935 3147 3098 3198 ναυσὶ
3157 3147 3294 3215 πρὸς
3332 3144 3432 3215 τὴν
3473 3146 3693 3198 οἰκείαν
3734 3149 3865 3197 ἀπο-

2284 3233 2542 3298 πλεῦσαι,
2598 3234 2852 3305 τριήρεις
2901 3234 3287 3305 παρασχέσθαι
3344 3240 3436 3289 καί
3483 3235 3621 3297 ναῦς
3679 3238 3865 3304 ἑτέρας

2284 3327 2386 3396 τὴν
2425 3327 2692 3397 στρατιὰν
2743 3319 3119 3398 διῗνησομένας
3171 3327 3559 3393 ὑποδέξασθαι.
3617 3331 3774 3383 Ἐπεὶ
3809 3331 3864 3384 δὲ

2279 3419 2441 3490 χρεία
2499 3419 2595 3473 καὶ
2633 3420 2939 3492 χρημάτων
2996 3421 3147 3492 αὐτῷ
3196 3421 3528 3492 ἀμείϐεσθαι
3581 3428 3715 3487 τοὺς
3773 3426 3863 3477 ἐπὶ

2279 3509 2536 3564 τοσοῦτον
2565 3511 2717 3581 αὐτῷ
2760 3511 2953 3582 χρόνον
3003 3515 3566 3584 συστρατευομένους.
3606 3516 3864 3586 παρέξων

2284 3597 2385 3650 ὅσα
2411 3597 2446 3652 ὃ.
2479 3596 2756 3668 συμϐῶσι.
2794 3598 3033 3652 Τοιαῦτα
3079 3601 3177 3669 μὲν
3203 3604 3230 3653 ό
3264 3603 3435 3670 μέγας
3479 3604 3611 3669 δοὺξ
3638 3607 3867 3676 ἀπεκρί-

2280 3707 2412 3742 νατο
2445 3690 2582 3759 πρὸς
2604 3690 2702 3759 τὴν
2734 3690 3052 3760 πρεσϐείαν.
3097 3693 3154 3746 '0
3182 3691 3460 3763 βάρϐαρος
3489 3697 3548 3748 δὲ
3593 3698 3736 3769 πρὸς
3771 3701 3865 3771 τὴν

2283 3781 2426 3834 κατὰ
2452 3781 2546 3834 τοῦ
2583 3782 2852 3836 δεσπότου
2902 3786 3242 3856 κατηγορίαν
3290 3785 3623 3858 βουλόμενος
3658 3792 3863 3844 ἐνίστα-

2283 3874 2663 3943 σθαι,Δοκεῖτε
2698 3894 2813 3946 μοι,
2843 3877 2972 3945 ἔφη,
2992 3877 3242 3948 πολέμιοι
3272 3883 3433 3951 μόνον
3462 3877 3607 3936 εἶναι
3636 3885 3858 3947 milia,

2281 3968 2425 4037 φίλοι
2456 3969 2512 4022 δὲ
2541 3969 2772 4032 οὐδενός.
2797 3972 2858 4024 Εἰ
2891 3972 2998 4042 γὰρ
3028 3973 3103 4043 μὴ
3141 3973 3300 4026 τοῦτο
3328 3969 3416 4044 ἦν,
3455 3975 3558 4028 ούκ
3594 3977 3664 4028 ἂν
3694 3979 3858 4041 οὕτως

2281 4056 2378 4128 ἦτε
2415 4063 2641 4132 πόριμοι
2666 4064 2910 4134 μηχανὰς
2948 4065 3049 4134 μὲν
3076 4067 3167 4118 καὶ
3199 4066 3496 4131 ἐπιϐουλὰς
3521 4068 3858 4140 ἐξευρίσκειν

2284 4155 2423 4208 κατὰ
2448 4153 2556 4207 τῶν
2589 4156 2892 4224 πολεμίων,
2926 4159 2992 4227 τῇ
3030 4174 3088 4210 τε
3137 4157 3352 4229 γλώττῃ
3389 4165 3676 4230 χρώμενοι
3703 4165 3857 4232 ἀτει-

2287 4243 2393 4306 δῶς
2435 4245 2572 4315 πρὸς
2607 4245 2814 4314 ὕϐρεις,
2857 4246 3046 4318 ὥσπερ
3091 4249 3178 4302 διὰ
3223 4248 3384 4302 τοῦτο
3415 4252 3627 4322 ταύτην
3671 4272 3858 4324 κεκτη-

2284 4336 2463 4406 μένοι,
2497 4338 2593 4390 καὶ
2628 4339 2807 4389 πᾶσαν
2855 4337 3024 4408 ἀλλην
3077 4339 3519 4408 ἐπιδεικνύμενοι
3567 4345 3852 4411 πονηρίαν,

2280 4427 2388 4480 τῶν
2409 4426 2466 4479 δὲ
2497 4428 2671 4495 φίλοις
2697 4429 3086 4498 προσηκόντων
3109 4430 3470 4495 ἐπιστάμενοι
3493 4432 3671 4485 οὐδέν.
3699 4434 3854 4486 Ὅθεν

593 4522 790 4588 sensit,
817 4531 1036 4590 satrapa
1067 4519 1328 4574 dominus
1354 4535 1530 4587 meus,
1563 4522 1656 4590 qui
1689 4539 1756 4578 ex
1793 4525 2035 4579 amicitia
2058 4539 2174 4580 tan-

2281 4519 2386 4572 ὑπὸ
2417 4521 2516 4590 τῆς
2555 4519 2697 4588 ἄγαν
2752 4520 2878 4590 περὶ
2917 4518 3104 4572 «ταῦτα
3158 4521 3420 4590 ἀπειρίας
3457 4525 3555 4577 καὶ
3600 4526 3695 4579 τοῦ
3726 4528 3852 4594 ἐμοῦ

596 4623 830 4683 tumpro
853 4614 1185 4682 imperatore
1214 4612 1458 4666 laborem
1493 4624 1548 4667 et
1586 4613 1828 4669 dedecus
1857 4617 2173 4684 capessivit.

595 4719 655 4762 ut
687 4709 887 4770 d.citis,
913 4723 980 4760 an
1015 4722 1112 4761 vos
1144 4706 1237 4776 qui
1268 4706 1648 4774 compluribus
1692 4718 1747 4761 et
1777 4709 2176 4766 excellentibus

594 4795 873 4855 beneliciis
899 4801 966 4852 ab
995 4814 1062 4852 eo
1088 4797 1293 4862 allecti,
1322 4797 1522 4852 deinde
1553 4801 1798 4852 omnium
1819 4801 1969 4855 velut
1991 4802 2173 4866 obliti,

593 4909 692 4964 per
716 4891 1134 4962 improbitatem
1181 4899 1236 4944 et
1267 4891 1467 4961 ingrati
1505 4891 1675 4946 animi
1714 4893 1930 4961 vitium,
1968 4881 2081 4949 imo
2118 4905 2176 4950 et

602 5004 700 5057 per
727 4985 1031 5040 calumnias
1072 4991 1130 5038 et
1164 4985 1550 5056 sycophantias
1605 4986 1812 5042 bellum
1867 4989 2171 5055 excitastis,

593 5080 737 5150 quod
765 5093 938 5148 usque
971 5078 1136 5134 hodie
1170 5087 1250 5132 tot
1277 5077 1434 5133 malis
1464 5093 1560 5134 vos
1584 5082 1907 5148 cumulavit,
1929 5092 1980 5137 et
2001 5099 2175 5153 quan-

543 5187 552 5194 ·
596 5186 711 5226 tum
752 5185 1016 5239 auguror,
1043 5169 1298 5240 pluribus
1329 5170 1655 5224 cumulabit.
1701 5171 1815 5227 Nec
1845 5173 1948 5227 hoc
1979 5175 2171 5230 saltem

594 5263 1052 5327 animadwrtitis,
1079 5272 1138 5316 ut
1162 5261 1341 5317 insani
1367 5263 1640 5326 videlicet,
1675 5265 1954 5334 quomodo
1977 5283 2173 5323 carnes

595 5366 808 5412 vestras
836 5354 940 5425 ipsi
987 5352 1286 5409 devoretis.
1319 5353 1399 5406 An
1435 5354 1642 5408 clarum
1693 5363 1798 5422 est,
1831 5355 2009 5424 ipsum
2045 5356 2172 5425 qui-

597 5449 724 5503 dem
793 5447 1092 5517 ingenuum
1171 5454 1240 5522 ‘et
1314 5445 1753 5514 magnanimum,
1808 5446 2171 5516 gerendisque

597 5536 852 5593 amicitia:
878 5551 989 5590 non
1020 5537 1335 5605 imperitum
1363 5535 1563 5589 imitari
1592 5537 1960 5600 voluisse,vos
1986 5547 2170 5590 autem

596 5631 1130 5700 improbissimorum
1164 5645 1227 5685 ac
1259 5630 1582 5685 stolidorum
1639 5644 1839 5692 mores,
1900 5638 1955 5682 et
2001 5644 2168 5683 unum

591 5721 856 5777 dontaxat
882 5737 992 5776 non
1021 5722 1161 5776 male
1187 5724 1450 5787 scientes,
1482 5721 1705 5791 quosvis
1740 5736 2058 5792 oppugnare
2111 5730 2169 5777 et

596 5814 926 5882 interﬁcere,
955 5815 1091 5871 nulli
1124 5823 1304 5871 autem
1336 5815 1638 5884 prodesse?
1673 5814 1772 5870 llic
1800 5830 2030 5886 magnus
2057 5814 2168 5871 dux

2279 4609 2546 4664 δεσπότου
2580 4611 3002 4680 κατηγορήκατε
3047 4610 3287 4676 ἀδοξίαν.
3323 4615 3405 4666 ὅτι
3448 4619 3589 4684 πρὸς
3621 4623 3719 4688 τὴν
3761 4623 3853 4691 βα-

2279 4700 2474 4764 σιλέως
2531 4701 2742 4772 σκηνὴν
2797 4702 3003 4767 ἐλθὼν,
3063 4705 3173 4757 ἀπὸ
3226 4705 3336 4760 τῶν
3390 4709 3853 4765 ἐπιϐουλευόντων

2278 4793 2494 4846 πολλῶν
2525 4794 2695 4847 ὄντων
2728 4797 3029 4863 ἀγρυπνῶν
3069 4796 3395 4866 ἐφύλαττεν,
3448 4802 3554 4855 ὑπὸ
3589 4806 3687 4874 τῆς
3735 4810 3854 4876 περὶ

2279 4886 2509 4957 βασιλέα
2578 4889 2897 4957 ἡττώμενος
2927 4889 3182 4958 ςεύνοίας,
3235 4891 3332 4944 καὶ
3366 4893 3533 4948 πάθει
3567 4899 3716 4968 μόνῳ
3750 4901 3854 4952 τῶν

2277 4979 2498 5033 πάντων
2531 4979 2720 5032 παθῶν
2749 4981 2950 5051 ἡδίστῳ
2979 4999 3038 5035 τε
3070 4983 3186 5052 ἅμα
3213 4985 3308 5036 καὶ
3335 4985 3567 5057 ζηλωτῴ
3599 4989 3854 5045 δεδουλω-

2278 5072 2464 5142 μένος.
2512 5071 2806 5142 Ἐρωτήσω
2852 5072 2910 5125 δέ
2963 5073 3128 5143 ὑμᾶς,
3156 5075 3238 5134 τίς
3294 5076 3505 5145 βέλτιον
3536 5084 3663 5151 περί
3694 5100 3760 5134 τε
3793 5083 3850 5134 τὸ

2277 5168 2559 5234 προσῆκον
2594 5167 2692 5218 καὶ
2721 5165 2780 5218 τὸ
2808 5165 3020 5219 δίκαιον
3056 5169 3151 5219 καὶ
3190 5169 3326 5238 πρὸς
3359 5172 3676 5242 φιλοτιμίαν
3698 5175 3855 5228 ἐϐονο

2275 5260 2530 5326 λεύσατο,
2565 5260 2851 5332 σατράπης
2913 5263 2942 5314 ὁ
2988 5261 3118 5332 ἐμὸς
3172 5262 3469 5329 δεσπότης,
3521 5267 3579 5330 ὃς
3630 5273 3729 5340 τῆς
3775 5275 3852 5334 εἰς

2279 5353 2506 5423 βασιλέα
2548 5355 2714 5408 ἕνεκα
2768 5352 2952 5423 φιλίας
3004 5354 3260 5412 τοσοῦτον
3319 5355 3496 5409 εἵλετο
3546 5361 3707 5412 πόνον
3759 5363 3851 5414 καὶ

2275 5447 2518 5512 ἀδοξίαν,
2545 5445 2622 5508 ὡς
2655 5446 2814 5515 ὑμεῖς
2845 5461 3005 5514 φατε,
3039 5445 3070 5515 ἢ
3115 5445 3274 5514 ὑμεῖς
3302 5447 3352 5498 οί
3382 5447 3598 5503 πολλῶν
3628 5451 3721 5503 καὶ
3754 5468 3851 5519 με-

2275 5539 2460 5606 γάλων
2523 5537 2960 5601 ἀπολελαυκότες
3024 5537 3288 5608 βασιλέως
3341 5541 3807 5612 εὐεργετημάτων
3832 5559 3846 5574 ·

2276 5633 2468 5684 ἔπειτα
2518 5631 2739 5684 πάντων
2793 5627 2983 5698 ὥσπερ
3028 5628 3469 5697 ἐπιλελησμένοι,
3518 5636 3612 5684 καὶ
3650 5634 3847 5700 πολλὴν

2279 5721 2679 5792 ἐπιδειξάμενοι
2717 5705 3114 5790 ἀγνωμοσύνην
3143 5722 3236 5772 καὶ
3285 5725 3635 5791 ἀχαριστίαν,
3666 5725 3848 5776 6-46.-

2278 5817 2396 5880 λαῖς
2451 5813 2792 5886 χρησάμενοι
2847 5811 2942 5866 καὶ
3005 5815 3415 5882 συκοφαντῐπις,
3463 5815 3552 5870 τὸν
3617 5814 3848 5884 πόλεμον
