4062 6290
537 371 670 431 1103

1725 353 2048 416 JOANNIS
2087 345 2614 410 CAN'I‘ACUZENI

3652 329 3795 392 llOi

533 493 638 538 ret.
671 480 839 534 Nocte
874 477 930 530 in
955 475 1078 530 vico
1108 473 1328 529 deserto
1359 469 1547 540 paucis
1573 466 1751 523 adhuc
1781 466 2104 519 rimuiarum

2236 460 2328 512 τῶν
2355 458 2602 527 Περσῶν,
2636 453 2885 518 ἐϐάδιζεν
2916 451 2996 515 είς
3025 443 3439 519 Κουμουτζηνά,
3489 442 3580 496 διὰ
3604 442 3665 495 τδ
3697 460 3800 511 μη.

539 571 826 644 parietinis
873 566 1217 622 exstantibus
1279 568 1620 617 manserunt.
1691 558 1894 612 Eadem
1948 562 2110 608 nocte

538 667 828 721 Persarum
857 659 1102 728 peditum
1137 671 1328 709 manus
1363 671 1429 708 ex
1460 652 1586 707 Asia
1614 651 1679 704 ad
1708 649 1898 702 eadem
1925 647 2110 700 littora

541 750 912 823 populationis
944 763 1076 817 ergo
1125 745 1446 815 appellitur.
1504 740 1862 811 Egredientes
1907 737 1972 789 ad
2022 751 2114 788 eu-

540 844 774 898 stodiatn
819 840 1042 893 navium
1080 848 1346 891 centenos
1377 835 1718 903 relinquunt,
1766 830 1857 884 alii
1891 829 2114 883 circiter

543 934 692 986 mille
741 941 955 997 raptum
1000 927 1228 980 vadunt.
1283 926 1426 980 Cum
1468 939 1535 978 eo
1573 920 1991 993 processissent,
2023 915 2113 969 ubi

548 1027 844 1092 imperatur
883 1019 1259 1090 pernectabat,
1296 1019 1416 1071 foco
1451 1017 1731 1069 luculento
1769 1011 1957 1082 procul
1989 1024 2121 1063 con-

542 1125 753 1184 specto,
795 1115 1023 1183 prepius
1072 1110 1137 1164 ad
1180 1112 1360 1165 locum
1393 1109 1746 1180 pededenlim
1793 1115 1848 1160 et
1904 1117 2121 1158 summo

543 1205 788 1260 silentio.
826 1212 885 1257 ut
915 1205 1177 1266 laterent,
1208 1202 1499 1265 accedunt,
1533 1207 1872 1268 speculatum
1919 1195 2120 1248 videli-

546 1307 655 1359 eet,
690 1297 915 1364 quinam
965 1295 1032 1348 ad
1085 1310 1274 1364 pyram
1324 1294 1471 1346 illam
1523 1291 1786 1345 mortales
1817 1297 2022 1349 essent,
2063 1285 2120 1340 id

547 1387 696 1458 quod
725 1387 827 1455 ipsi
861 1393 1048 1454 postea
1075 1390 1461 1437 narrat-erunt.
1494 1382 1560 1435 Et
1587 1395 1714 1435 ecce
1745 1379 1935 1432 vident
1961 1391 2123 1431 exer-

548 1481 750 1540 citum,
809 1491 930 1541 suo,
985 1484 1045 1529 ut
1094 1475 1378 1544 putabant,
1435 1472 1607 1525 multo
1657 1462 2122 1524 numerosiorem.

548 1571 704 1624 Illico
733 1569 927 1622 timore
960 1565 1364 1634 corripiuntur,
1409 1579 1477 1618 ne
1512 1563 1621 1616 illis
1673 1571 1822 1615 tanto
1875 1559 2125 1630 pluribus

552 1676 669 1716 rem
725 1657 1117 1722 sentientibus,
1175 1671 1300 1708 cum
1353 1655 1455 1725 ipsi
1517 1653 1584 1707 ad
1627 1653 1989 1706 resistemlum
2045 1649 2127 1703 iu-

553 1751 695 1806 ﬁrmi
726 1759 934 1814 essent,
974 1747 1101 1801 victi
1130 1745 1574 1800 conciderentur.
1605 1745 1734 1798 Post
1772 1743 1864 1797 ubi
1899 1757 1956 1796 se
1987 1756 2126 1795 non-

553 1844 684 1898 dum
706 1841 904 1897 sentiri
929 1839 1462 1903 animadverterunt,
1482 1836 1885 1906 quadripartito
1911 1833 2128 1903 agmine

553 1935 756 1989 castris
792 1933 1172 1994 circumdatis,
1203 1929 1469 1999 undique
1513 1929 1580 1984 de
1625 1930 1929 1998 improviso
1974 1927 2026 1979 iu
2067 1925 2130 1978 il-

557 2028 643 2082 los
699 2043 913 2080 tri-uere
962 2025 1330 2078 constituunt.
1372 2021 1682 2076 Credebant
1727 2019 1873 2074 enim
1922 2019 2132 2087 impetu

554 2117 841 2185 inopinato
887 2108 1310 2176 consternatos,
1359 2110 1613 2181 quamvis
1667 2109 1853 2179 plures
1903 2107 2128 2171 forent,

557 2218 934 2280 superaturos.
1001 2202 1225 2258 Barbari
1273 2201 1442 2272 igitur
1509 2201 1800 2256 consilium
1865 2197 2136 2268 explican-

567 2312 670 2365 tes,
702 2309 880 2353 castra
914 2299 1169 2367 cingunt,
1204 2295 1271 2349 ad
1322 2294 1615 2348 invadendi
1650 2292 1867 2362 signum
1912 2290 2130 2344 intenti.

512 2400 515 2408 '
558 2394 629 2448 At
662 2405 792 2444 vero
839 2390 952 2442 dux
997 2387 1278 2448 arbitrari,
1332 2401 1457 2441 cum
1503 2387 1672 2462 tantis
1701 2384 1876 2453 copiis
1907 2396 2014 2436 non
2057 2381 2132 2435 ita

565 2473 772 2539 temere
801 2483 1202 2542 dimicandum.
1235 2478 1454 2550 quando
1477 2493 1578 2531 nec
1603 2477 1771 2540 unde,
1794 2491 1898 2530 nec
1917 2485 2134 2544 quantae

560 2577 780 2630 tandem
832 2575 964 2638 sint,
997 2573 1128 2627 satis
1172 2580 1408 2626 constet.
1447 2570 1594 2624 Duos
1650 2568 1717 2622 ad
1762 2569 2134 2636 propinquum

568 2679 624 2722 et
668 2675 859 2719 notum
910 2664 1022 2718 illis
1071 2663 1276 2716 fontem
1327 2670 1586 2730 aquatum
1638 2659 1825 2726 mittit,
1862 2659 2135 2726 simulque

565 2756 793 2811 mandat
836 2764 896 2809 ut
921 2773 950 2808 e
977 2754 1173 2807 castris
1207 2754 1470 2822 aliquem,
1506 2752 1548 2804 si
1591 2751 1825 2820 possint,
1857 2750 2133 2820 captivum

563 2847 861 2906 adducant,
907 2860 972 2898 ex
1007 2859 1117 2911 quo
1164 2843 1300 2895 certi
1347 2841 1628 2910 quippiam
1679 2841 1746 2893 de
1796 2857 1861 2892 eo
1889 2840 2135 2894 exercitu

564 2939 908 3006 exsculpant.
941 2934 1129 2988 Militis
1155 2933 1441 3001 cujusdam
1483 2932 1736 2984 servulus
1777 2930 1845 2984 ad
1876 2929 2133 2984 baurien-

565 3032 695 3084 dum
744 3027 981 3088 act-edit,
1031 3025 1248 3078 barbari
1289 3033 1513 3092 propter
1562 3024 1767 3076 fontem
1817 3023 1869 3075 in
1919 3022 2135 3075 insidiis

2221 551 2415 618 δεμίαν
2445 553 2501 600 ἐν
2533 547 2610 617 τῷ
2638 544 2840 615 μεταξὺ
2891 541 3168 610 πολεμίων
3203 535 3537 590 ὑποπτεύειν
3588 534 3801 600 ἔξοδον.

2235 641 2390 694 Ἐπεὶ
2413 641 2468 692 δέ
2501 638 2796 706 ἐπεγένετο
2839 638 2874 706 ἠ
2901 635 3017 698 νὺξ.
3053 633 3350 702 ηὐλίσαντο
3384 629 3480 682 ἐπί
3501 644 3613 679 τινι
3642 625 3804 693 κώμῃ

2221 731 2486 800 ἀοικήτῳ,
2510 729 2743 796 λείψανα
2777 726 2876 795 τῆς
2907 724 3145 794 ἀρχαίας
3179 720 3458 780 συνοικίας
3491 716 3654 783 ὀλίγα
3685 717 3806 766 τινα

2222 820 2444 892 ἐχούσῃ.
2498 818 2703 882 Συνέϐη
2733 815 2790 868 δὲ
2815 815 2914 884 τῆς
2943 814 3111 879 αὐτῆς
3145 811 3339 873 νυκτὸς
3365 809 3635 880 στρατιὰν
3664 807 3802 875 Περ·

2223 911 2333 964 σῶν
2381 910 2555 980 πεζὴν
2597 907 2723 977 ἄρτι
2783 905 3186 976 περαιωθεῖσαν
3240 904 3303 954 ἐκ
3361 901 3463 967 τῆς
3497 899 3690 959 Ἀσίας
3715 901 3804 949 ἐπὶ

2225 997 2396 1066 λείαν,
2428 1003 2544 1063 τοῖς
2583 1001 2706 1051 ἐκεῖ
2757 998 3022 1064 αἰγιαλοῖς
3057 995 3336 1065 προσχεῖν
3387 991 3683 1044 ἀποϐᾶσαν
3725 989 3803 1053 δὲ,

2225 1095 2317 1146 ἐπὶ
2350 1093 2451 1162 μὲν
2487 1091 2597 1146 τῶν
2636 1091 2770 1143 νεῶν
2794 1089 2894 1160 τὴν
2923 1087 3170 1156 φυλακὴν
3229 1084 3420 1138 ἐκατδν
3455 1081 3804 1142 καταλιπεῖν,
3841 1074 3844 1076 ’

2222 1189 2352 1248 τοὺς
2387 1185 2704 1245 ἐπιλοίπους
2733 1182 2788 1235 δὲ
2817 1183 2975 1244 ὄντας
3009 1181 3138 1248 περὶ
3170 1178 3402 1249 χιλίους,
3443 1176 3538 1228 ἐπὶ
3593 1174 3696 1245 τὴν
3719 1174 3807 1225 λεο

2223 1279 2456 1350 ηλασίαν
2511 1276 2769 1340 ἐξελθεῖνο
2807 1273 3135 1342 γενομένους
3189 1270 3246 1323 δέ
3299 1267 3429 1320 ἔνθα
3479 1265 3737 1336 ηὐλίζετο
3781 1267 3807 1316 ὁ

2225 1369 2500 1439 βασιλεὺς,
2561 1370 2653 1420 καὶ
2705 1363 2989 1436 πόρρωθεν
3015 1360 3270 1432 ἡμμένην
3325 1359 3506 1428 πυράν
3579 1356 3806 1414 ἰδόντας,

2228 1463 2406 1514 ἐλθεῖν
2435 1461 2526 1514 ἐπὶ
2560 1459 2621 1511 τδ
2642 1459 2863 1528 χωρίον,
2915 1457 3098 1508 πᾶσαν
3132 1454 3501 1519 ποιουμένους
3542 1449 3808 1520 πρόνοιαε

2225 1551 2764 1622 ἀγνοηθῆναι,·ὦστε
2801 1546 3276 1615 κατασκέψασθαι,
3331 1545 3535 1605 οἵτινες
3608 1537 3722 1595 εἷεν
3756 1543 3805 1594 οἱ

2229 1645 2506 1716 χρώμενοι
2535 1643 2730 1711 ἐκείνῳ
2755 1641 2833 1712 τῷ
2864 1639 3017 1709 πυρὶ,
3040 1637 3303 1706 οὑτωγάρ
3334 1637 3498 1688 αὐτοὶ
3522 1634 3805 1703 διηγοῦντο

2234 1738 2483 1804 ὕστερον.
2522 1735 2673 1787 Ἐπεὶ
2717 1733 2775 1786 δὲ
2828 1733 3076 1799 ἐγένοντο
3129 1731 3315 1797 ἐγγὺς,
3371 1727 3635 1798 στρατιὰν
3681 1727 3806 1778 ἰδεῖν

2234 1830 2433 1898 πλήθει
2464 1827 2870 1897 ὑπερέχουσαν,
2901 1824 2978 1887 ὠς
2995 1822 3172 1887 ἔδοξεν
3206 1821 3385 1876 αὑτῶν
3412 1819 3572 1873 πολύ.
3630 1820 3802 1879 Εὑοὺς

2237 1922 2338 1991 μὲν
2371 1921 2464 1974 οὑν
2489 1919 2792 1989 είσῄειδέος
2824 1917 2898 1988 μὴ
2929 1917 3274 1985 αἰσθομένοις
3324 1916 3508 1974 αὑτοῖς
3534 1912 3803 1967 τοσούτοις

2233 2013 2406 2076 οὖσιν,
2430 2013 2529 2082 οὑχ
2581 2005 2684 2064 οἷοί
2713 2027 2769 2062 τε
2794 2003 2927 2063 ὦσιν
2954 2009 3248 2076 ἀντισχεῖν,
3295 2004 3428 2058 ἀλλά
3468 2001 3805 2072 διαφθαρῶσι

2237 2105 2618 2174 κρατηθέντες.
2677 2101 2909 2154 Ἔπειτα
2968 2100 3044 2161 ὼς
3085 2097 3379 2169 ᾐσθάνοντο
3425 2093 3804 2163 ἀγνοηθέν-τες,

2234 2197 2624 2252 ἐϐουλεύσαντο
2671 2193 2972 2262 διελόμενοι
3006 2191 3243 2260 τετραχῆ
3276 2189 3367 2241 καὶ
3427 2184 3804 2255 περιελθόντες

2235 2291 2297 2344 τὸ
2325 2287 2704 2358 στρατόπεδον,
2740 2282 3101 2354 προσϐάλλειν
3126 2280 3560 2350 ἀπροσδοκήτοις
3609 2291 3808 2327 παντα-

2236 2381 2414 2453 χόθεν.
2450 2379 2712 2449 Οίηθῆναι
2740 2376 2848 2445 γάρ
2888 2374 2976 2427 διὰ
2999 2374 3057 2426 τὸ
3091 2371 3502 2442 ἀπροσδόκητον
3531 2368 3808 2435 καταπλή-

2205 2529 2213 2544 ,
2239 2475 2436 2540 ξαντας
2461 2469 2848 2543 περιγενέσθαι
2873 2468 2968 2521 καὶ
2997 2465 3255 2518 πλειόνων
3281 2463 3473 2516 ὄντων.
3511 2464 3574 2515 0i
3601 2461 3804 2531 βάρϐα-

2241 2585 2323 2641 ροι
2363 2568 2462 2637 μέν
2520 2561 2612 2618 οὖν
2659 2562 2877 2615 ἐποίουν
2931 2561 3071 2613 κατὰ
3118 2558 3185 2609 τά
3243 2555 3668 2626 βεϐουλευμένα,
3721 2554 3807 2604 καὶ

2239 2658 2636 2731 περιεκάθηντο
2662 2656 2722 2708 τὸ
2752 2652 3134 2726 στρατοπεδον,
3161 2650 3530 2718 ἀναμένοντες
3588 2645 3652 2698 τὸ
3686 2645 3806 2696 σύν-

2238 2753 2409 2822 Θημα.
2435 2749 2524 2818 Τῷ
2550 2747 2948 2818 στρατηγοῦντι
2999 2745 3055 2798 δέ
3110 2743 3293 2797 αὐτῶν
3352 2742 3526 2795 ἐδόκει
3560 2743 3640 2810 μὴ
3679 2740 3807 2808 πρὸς

2235 2843 2505 2911 τοσαύτην
2539 2839 2819 2910 στρατιὰν,
2842 2839 2985 2890 οὑτω
3025 2833 3451 2890 διακινδυνεύειν
3482 2831 3804 2900 ἀγνοοῦντα.

2235 2935 2357 2988 ὅθεν
2381 2949 2438 2984 τε
2473 2933 2558 3001 εἴη
2595 2931 2687 2982 καὶ
2732 2930 2822 2981 τὸν
2857 2928 3110 2998 ἀριθμὸν,
3169 2929 3264 2981 καὶ
3310 2926 3535 2994 πέμψας
3571 2926 3666 2977 δύο
3707 2925 3808 2976 τῶν

2238 3027 2531 3098 βαρϐἑιρων
2561 3023 2695 3093 πρὸς
2733 3020 2793 3074 τὸ
2828 3021 2974 3090 ὓδωρ
3029 3020 3248 3090 (ᾔδεσαν
3302 3019 3410 3088 γὰρ
3464 3018 3632 3070 οὖσαν
3693 3020 3810 3068 ἐκεῖ

569 3124 806 3174 latentes
848 3119 914 3172 ad
963 3131 1088 3170 cum
1137 3115 1432 3168 tenendum
1459 3113 1618 3182 583
1649 3113 1960 3181 prosiliunt.
2011 3110 2129 3176 Quo

2236 3115 2460 3187 πηγὴν),
2493 3115 2740 3166 ἐκέλευον
2769 3114 2815 3165 εἰ
2837 3111 3082 3164 δύναιντο
3110 3113 3216 3163 τῶν
3241 3112 3304 3162 ἐκ
3327 3108 3420 3162 τοῦ
3447 3109 3808 3176 στρατοπέδου

568 3212 695 3279 l‘uga
729 3208 938 3275 elapso.
975 3206 1100 3259 duci
1151 3204 1294 3273 quod
1344 3205 1644 3264 acciderat,
1688 3211 1747 3254 ut
1773 3204 1882 3272 jam
1927 3201 2133 3270 proditi

567 3308 898 3356 memorant.
931 3298 1069 3350 Tum
1101 3313 1228 3351 vero
1263 3294 1514 3349 barbaris
1541 3295 1730 3349 multis
1752 3293 2006 3364 partibus
2037 3310 2136 3346 nu-

567 3404 723 3442 mero
778 3387 1092 3454 superiores
1124 3425 1138 3449 ,
1192 3393 1246 3436 ct
1309 3384 1425 3438 solo
1483 3394 1706 3452 aspectu
1762 3381 2135 3435 formidabiles

571 3487 979 3548 apparuerunt.
1006 3476 1185 3541 Quare
1215 3475 1378 3528 etiam
1421 3489 1764 3542 nequaquam
1799 3472 2138 3526 adoriundos

567 3569 911 3632 sentiebant,
940 3567 1069 3620 boni
1105 3566 1435 3628 consulturi,
1470 3566 1516 3618 si
1564 3563 1691 3617 inde
1735 3579 1962 3632 corpora
1997 3563 2138 3618 inte-

569 3677 664 3730 gra
720 3660 1027 3713 auferrent.
1088 3657 1276 3726 itaque
1322 3657 1460 3710 nillil
1517 3666 1871 3720 attentantes,
1923 3655 2136 3708 abitum

569 3755 943 3808 Romanorum
989 3751 1402 3817 exspectabant.
1445 3748 1746 3816 imperator
1793 3747 2035 3801 caculam
2075 3747 2139 3802 il-

569 3844 685 3900 lum
737 3855 886 3901 luctu
938 3843 1231 3900 attonitum
1283 3851 1686 3905 occurrentem,
1733 3847 1788 3894 et
1835 3855 1942 3908 quo
1979 3846 2137 3908 pacto

569 3939 718 4009 apud
767 3939 974 3992 fontem
1027 3938 1206 4007 ipsum
1241 3937 1462 4005 quidam
1497 3933 1730 3989 insecuti
1774 3931 2138 4016 essent.rel'e-

569 4038 807 4093 rentem,
856 4028 1328 4096 alﬁrmantemque
1368 4026 1561 4081 Persas
1607 4041 1766 4090 esse,
1822 4036 1880 4080 ut
1924 4037 2139 4095 spcctro

572 4119 761 4186 aliquo
806 4119 1139 4187 exagitatam
1181 4118 1412 4179 dimisit,
1453 4117 1650 4187 jubcus
1683 4116 1794 4170 Deo
1842 4117 2141 4171 matutinos

573 4210 811 4281 hymnos
857 4211 1182 4278 depromere
1213 4209 1348 4280 ('50),
1382 4209 1656 4276 siquidem
1680 4209 1791 4278 jam
1836 4208 2141 4264 dilucesce-

576 4303 691 4355 bat.
743 4302 815 4355 lis
849 4301 1114 4355 absolutis
1162 4315 1334 4370 equos
1368 4301 1770 4364 conscendunt,
1807 4302 1931 4356 loco
1975 4318 2136 4358 exce-

575 4395 733 4456 dunt,
762 4394 962 4462 quibus
997 4393 1152 4446 malis
1185 4391 1416 4461 proximi
1447 4390 1679 4446 fuissent
1725 4405 1953 4460 prorsus
1985 4392 2141 4463 igno-

2237 3205 2648 3274 συλλαμϐάνειν
2722 3204 2863 3267 τινὰ,
2921 3203 3062 3254 ὥστε
3121 3201 3251 3269 παρ’
3275 3201 3440 3253 αὑτοῦ
3491 3218 3548 3252 τι
3601 3201 3808 3270 βέϐαιον

2237 3316 2366 3366 περι
2384 3297 2477 3367 τῆς
2508 3297 2760 3364 στρατιᾶς
2777 3294 2988 3364 μαθεῖν.
3008 3295 3069 3346 Οἱ
3094 3294 3192 3362 μὲν
3216 3290 3310 3347 οὖν
3327 3291 3499 3354 οὑτως
3523 3295 3808 3363 ἐνήδρευον

2236 3392 2371 3456 πρὸς
2399 3391 2462 3459 τῇ
2482 3391 2654 3458 πηγῇ·
2673 3388 2884 3439 παιδίου
2906 3386 2962 3443 δέ
2989 3385 3105 3449 ἐνὸς
3124 3385 3234 3438 τῶν
3285 3385 3497 3454 βασιλεῖ
3535 3388 3802 3438 συνόντων

2238 3482 2480 3542 ἐλθόντος
2503 3481 2595 3531 ἐπὶ
2624 3479 2686 3531 τὸ
2705 3478 3035 3548 ἀρύσασθαι,
3058 3478 3324 3547 ὥρμησαν
3351 3478 3451 3545 μέν
3471 3477 3522 3528 οἱ
3548 3475 3806 3548 βάρϐαρο·

2239 3575 2558 3643 κατασχεῖν.
2585 3572 2677 3642 Μὴ
2703 3570 3023 3640 δυνηθέντες
3051 3570 3107 3622 δέ
3137 3571 3224 3624 διὰ
3253 3569 3314 3622 τὸ
3345 3569 3635 3639 διαδράναι
3665 3573 3807 3639 φυγῇ

2238 3666 2616 3736 χρησάμενον,
2665 3662 2801 3732 πρὸς
2833 3661 2924 3713 τὸν
2972 3662 3278 3731 στρατηγὸν
3328 3661 3599 3724 ἐλθόντες,
3633 3661 3812 3728 ἀπήγ-

2239 3757 2430 3824 γελλον
2463 3756 2522 3807 τὸ
2547 3752 2760 3823 συμϐὰν
2793 3752 2868 3816 ὡς
2897 3751 3000 3822 ἤδη
3028 3753 3395 3822 ἐγνωσμένον.
3445 3753 3576 3815 Τοῖς
3612 3753 3812 3823 βαρϐἀο

2243 3864 2355 3918 ροις
2408 3845 2464 3897 δὲ
2515 3845 2636 3897 τότε
2691 3843 2891 3914 μᾶλλον
2947 3843 3124 3908 ἔδοξεν
3161 3845 3192 3913 ἡ
3223 3845 3455 3914 στρατιά
3502 3845 3705 3915 πλήθει
3751 3863 3809 3897 τε

2240 3939 2421 3992 αὑτῶν
2453 3936 2798 4007 ὑπερέχουσα
2853 3934 3038 4006 πολλῷ
3079 3935 3175 3989 καὶ
3227 3935 3337 3990 ἀπὸ
3381 3937 3558 4006 μάνης
3608 3937 3808 4007 φοϐερά

2239 4031 2335 4101 τῆς
2373 4030 2573 4101 ὅψεως,
2623 4028 2764 4082 ὥστε
2805 4029 2901 4084 καὶ
2951 4030 3331 4096 ἀπεγίνωσκον
3380 4029 3443 4081 τὸ
3478 4030 3571 4082 διὰ
3630 4033 3808 4100 μάχης

2241 4127 2424 4188 αὑτοῖς
2445 4126 2606 4188 ἱέναι,
2625 4123 2909 4192 ἀγαπητὸν
2931 4121 3223 4191 ἡγούμενοι
3245 4121 3313 4174 ἂν
3337 4122 3552 4175 ἐκεῖθεν
3578 4123 3806 4184 ἀπαθεῖς

2241 4217 2430 4271 κακῶν
2459 4213 2847 4282 ἁπαλλαγῶσι,
2879 4217 2975 4266 καὶ
2999 4213 3293 4283 ἡσύχαζον,
3325 4215 3424 4281 τὴν
3458 4215 3807 4285 ἀναχώρησιν

2241 4310 2632 4378 περιμένοντες
2685 4310 2783 4378 τῆς
2830 4309 3109 4378 στρατιᾶς.
3161 4308 3425 4372 Βασιλεὺς
3473 4309 3534 4362 δὲ
3586 4311 3710 4362 ἐπεὶ
3754 4309 3809 4361 τὸ

2245 4401 2459 4454 παιδίον
2499 4399 2936 4470 τεθορυϐημένον
2965 4399 3120 4454 ἐλθὸν
3147 4401 3520 4471 ἀπήγγελλεν,
3559 4400 3640 4466 ὡς
3675 4403 3803 4472 πρὸς

577 4495 779 4538 rantes.
818 4484 970 4536 llaud
1008 4484 1242 4537 multum
1294 4484 1567 4552 progressi
1603 4483 1900 4536 tumultum
1933 4461 2132 4537 clamo~

2246 4497 2316 4565 τῇ
2349 4499 2502 4565 πηγῇ
2541 4461 2792 4548 riui-mne
2816 4495 2924 4548 ὑπό
2951 4512 3136 4560 τινων,
3180 4461 3395 4564 Πέρσας
3441 4461 3663 4560 δὲ’τοὺς

579 4591 778 4644 resque
808 4575 1157 4642 Persarume
1186 4575 1442 4630 tentoriis
1479 4573 1804 4628 exaudiunt.
1837 4575 2141 4645 Imperator

575 4668 644 4720 de
669 4668 932 4721 comitatu
979 4681 1080 4720 suo
1125 4667 1266 4721 duos
1298 4666 1491 4722 Persas
1540 4667 1730 4733 mittit,
1774 4667 1869 4736 qui
1917 4672 2142 4737 prepius

578 4760 773 4828 pedem
809 4758 1009 4822 ferant,
1037 4768 1091 4811 et
1115 4759 1339 4827 quinam
1366 4760 1498 4824 siut,
1531 4773 1597 4814 ex
1627 4759 1759 4829 ipsis
1785 4771 2140 4828 cognoscant.

577 4841 692 4906 llli's
720 4853 772 4903 in
807 4851 906 4905 hos
942 4851 1381 4916 incurrentibus,
1420 4852 1558 4905 alter
1591 4851 1827 4921 capitur,
1860 4853 2000 4906 alter
2027 4856 2148 4907 vul-

581 4951 811 4995 neratus
839 4941 1001 5007 redit,
1038 4956 1102 4994 ac
1142 4941 1364 4994 nuntiat
1403 4942 1811 4997 multitudinem
1853 4959 1973 4998 esse
2019 4943 2150 4998 Per-

580 5050 688 5097 sas,
723 5043 778 5086 et
808 5032 1032 5102 quidem
1067 5048 1340 5102 magnam,
1377 5034 1522 5101 quod
1555 5033 1878 5089 nescissent.
1898 5035 2147 5103 Barbari,

581 5141 704 5178 cum
758 5125 825 5179 de
872 5125 1088 5193 captivo
1138 5124 1466 5178 didicissent
1524 5125 1969 5180 Cantacuzenum
2037 5129 2146 5183 illic

580 5217 975 5287 quinquaginta
1024 5217 1288 5272 duntaxat
1322 5216 1591 5271 militibus
1641 5195 1904 5287 stipatum
1950 5219 2143 5286 fuisse,

2225 4603 2444 4657 ,κοντας
2490 4583 2629 4639 εἶναι
2671 4586 2944 4655 οἰηθῆναι,
2977 4587 3036 4639 τὸ
3069 4587 3168 4654 μὲν
3204 4587 3572 4658 ἀπεπέμψατο
3605 4591 3682 4654 ὡς
3712 4591 3809 4644 ὑπὸ

2252 4680 2536 4747 φάσματος
2570 4695 2715 4741 τινος
2771 4679 3243 4749 ἐκπεπληγμένον.
3305 4681 3560 4735 Ἐκέλευε
3599 4683 3657 4737 δὲ
3689 4685 3809 4746 τοὺς

2254 4771 2512 4833 ἑωθινοὺς
2563 4767 2765 4838 ὕμνους
2810 4768 2958 4839 ᾄδειν
2991 4769 3130 4838 Θεῷ,
3164 4770 3265 4840 ἢδη
3297 4772 3407 4842 γὰρ
3445 4774 3576 4842 περὶ
3623 4774 3808 4845 ὄρθρον

2248 4858 2317 4933 ἦν
2349 4864 2380 4931 ἡ
2413 4861 2530 4925 νύξ.
2577 4861 2731 4916 Ἐπεὶ
2779 4861 2836 4913 δέ
2885 4863 3082 4914 ἐκεῖνοι
3125 4861 3430 4928 ἐτελοῦντο,
3477 4867 3589 4918 τῶν
3635 4868 3807 4919 ῖπτοων

2249 4949 2538 5013 ἐπιϐάντες
2570 4947 2879 5020 ἀνεχώρουν
2923 4948 3017 5000 τοῦ
3047 4952 3272 5020 χωρίου,
3306 4952 3474 5021 μηδὲν
3506 4955 3618 5008 τῶν
3663 4973 3810 5023 περι-

2250 5040 2485 5107 σχόντων
2530 5038 2713 5090 κακῶν
2751 5039 2973 5099 είδότες.
3020 5038 3162 5107 Ἤδη
3195 5037 3251 5090 δέ
3287 5041 3438 5102 ὄντες
3469 5040 3534 5091 ού
3572 5045 3803 5111 μακρὰν,

2251 5129 2483 5197 θορύϐου
2507 5129 2703 5197 ἧκουον
2732 5131 2825 5181 καὶ⁵
2842 5127 3159 5198 ἀλαλαγμοῦ
3182 5129 3406 5198 Περσῶν
3434 5131 3518 5197 ἐφ’
3545 5125 3604 5182 οὑ
3626 5133 3811 5199 ἐστραο

2245 5219 2600 5272 τοπεδεὺοντο
2623 5218 2844 5289 χωρίου.
2874 5218 3137 5282 Βασιλεὺς
3154 5219 3212 5274 δέ
3235 5220 3460 5289 πέμψας
3480 5223 3607 5282 τοὺς
3629 5224 3806 5274 συνονο

1839 5360 2053 5420 Jacobi
2092 5361 2355 5421 Pontani
2383 5367 2572 5422 noue.

661 5485 770 5555 (30)
821 5483 1095 5555 Nusquam
1139 5484 1316 5536 minor
1365 5482 1525 5555 hodie
1557 5522 1572 5549 ,
1634 5499 1794 5553 quam
1851 5483 1902 5535 in
1953 5485 2147 5538 castris

584 5553 806 5626 pietatis
846 5554 1088 5626 ducitur_
1109 5556 1248 5606 ratio
1279 5571 1292 5604 :
1328 5553 1427 5626 nec
1456 5554 1622 5606 ullum
1677 5568 1816 5626 pene
1843 5569 2014 5626 genus
2045 5556 2143 5606 lto-

585 5623 790 5677 ininum
844 5625 1022 5676 minus
1063 5624 1230 5677 Deum
1264 5625 1430 5690 colit,
1481 5632 1576 5676 aut
1628 5623 1840 5692 gravius
1891 5625 2143 5686 ollendit,

579 5710 744 5760 quam
782 5694 1001 5746 milites.

659 5760 833 5812 JVulla
867 5762 990 5812 ﬁdes
1017 5766 1286 5830 pietasque
1307 5763 1450 5827 viris,
1487 5763 1575 5830 qui
1621 5770 1790 5815 castra
1830 5771 2135 5830 sequuntur.

2255 5487 2325 5540 At
2356 5486 2485 5566 olim
2517 5487 2719 5566 dabant
2744 5502 2958 5556 operam
3000 5489 3186 5552 duces,
3222 5497 3278 5543 ut
3332 5487 3613 5544 caelestem
3654 5503 3799 5566 opem

2254 5557 2508 5623 precibus
2541 5557 2860 5624 imploraret
2891 5570 3184 5622 exercitus,
3236 5568 3292 5611 et
3330 5575 3548 5612 omnem
3576 5557 3801 5614 victoria:

2251 5640 2405 5691 spem
2439 5627 2488 5678 in
2529 5628 2638 5680 Deo
2668 5639 2912 5695 poneret.
2949 5643 3056 5679 non
3084 5629 3136 5681 in
3170 5628 3376 5681 viribus
3413 5639 3466 5682 et
3489 5630 3651 5684 armis
3673 5631 3798 5688 suis,

2248 5711 2279 5762 q
2292 5712 2358 5750 uo
2398 5701 2673 5764 pertinent
2698 5698 2858 5750 ctiam
2887 5699 3068 5766 hymni
3093 5699 3364 5752 matutini.
