4062 6290
309 363 331 424 i
350 361 449 422 105

1457 360 1999 423 HISTORIMIUM
2037 364 2271 424 LIBER
2311 367 2432 428 Ill.

3417 374 3550 436 iit-6
3599 435 3614 440 _

302 494 400 538 τας
429 475 522 528 δύο
571 477 806 546 Πέρσας,
839 476 1062 530 ἐκέλευε
1107 473 1335 547 πλησίον
1369 476 1694 546 γενομένους
1740 494 1875 546 μανι

1986 477 2454 549 obstupescentcs,
2487 481 2674 538 divina
2694 498 2822 538 eum
2847 490 3168 553 protegente
3194 484 3418 540 dextera
3443 497 3550 542 tam

302 570 508 632 θάνειν,
549 568 745 630 οἵτινες
796 565 908 620 εἷεν
970 567 1104 640 παρ’
1136 567 1339 622 αὐτῶν.
1382 567 1501 620 Τῶν
1550 568 1608 620 δὲ
1647 568 1872 638 ἐπιδρα-

305 661 534 726 μόντων,
566 660 594 711 ὁ
620 660 808 729 ἔτερος
841 658 942 728 μὲν
988 659 1130 713 ὲάλω
1182 659 1290 712 τῶν
1328 660 1688 729 πεμφθέντων
1715 675 1727 688 ·
1760 661 1788 711 ό
1820 659 1877 712 δὲ

302 751 489 812 λοιπὸς
537 751 1081 820 τετραυματισμένος
1132 750 1470 814 ἐπανελθὼν,
1525 752 1876 821 ἀπήγγελλεν

301 843 378 905 ὡς
414 843 498 911 εἴη
532 843 761 912 στρατιά
795 840 1017 910 Περσῶν
1055 841 1247 912 πολλὴ,
1274 843 1612 914 ἀγνοουμένη
1650 843 1743 896 ὑπ’
1784 844 1880 896 αὐ-

301 933 434 985 τῶνθ
475 934 524 985 οῖ
568 934 667 1002 μέν
716 950 798 985 τοι
835 933 1107 1003 βάρϐαροι
1154 934 1305 1004 παρά
1354 933 1448 987 τοῦ
1508 935 1878 1004 κρατηθέντος

304 1023 548 1090 γνόντες,
581 1024 656 1086 ὡς
688 1023 776 1088 εἴη
823 1022 1078 1092 βασιλεὺς
1112 1025 1139 1076 ό
1173 1022 1630 1093 Καντακουξηνδς
1676 1031 1877 1098 πεντήο

303 1133 472 1169 κοντα
510 1115 706 1182 μόνους
734 1115 884 1182 ἄγων
910 1115 1276 1184 στρατιώτας.
1315 1115 1707 1186 ὲξεπὶήττοπιτὸ
1731 1135 1788 1171 τε
1817 1118 1878 1172 τὸ

303 1207 697 1276 γεγενημένον,
720 1207 818 1258 καὶ
847 1207 980 1259 Θεὸν
1004 1204 1176 1276 ᾤοντο
1202 1209 1367 1260 αὑτοῦ
1397 1209 1555 1277 χεῖρα
1585 1208 1877 1280 ὑπερέχειν

304 1300 400 1352 καὶ
458 1296 686 1368 ῥύεσθαι
729 1296 871 1348 οὕτω
901 1297 1169 1350 κινδὶνων
1199 1297 1476 1366 χαλεπῶν.
1520 1297 1782 1360 Βασιλεὺς
1818 1299 1877 1351 δὲ

303 1389 461 1443 οὐδέν
518 1390 679 1442 πλέον
741 1390 936 1458 μαθεῖν
989 1390 1370 1460 δεδυνημένος,
1417 1391 1450 1463 ἢ
1504 1393 1586 1446 ὅτι
1634 1393 1878 1464 Περσικὴ

305 1486 538 1556 στρατιὰ
568 1486 601 1556 ὴ
635 1485 943 1538 ἐπελθοῦσα
997 1480 1089 1554 ἦν,
1131 1481 1296 1556 ἦλθεν
1349 1486 1429 1548 είς
1476 1485 1879 1556 Κουμουτζηνὰ

304 1577 442 1646 πρὸς
499 1577 588 1628 τὸν
643 1577 780 1630 υἱόν.
840 1576 951 1629 Καὶ
1005 1578 1274 1647 ὁμιλήσας
1335 1577 1436 1630 ὅσα
1477 1577 1608 1641 ἔδει,
1665 1578 1874 1648 ταχέως

305 1667 713 1737 ἐπανέστρεφεν
767 1670 848 1730 είς
903 1668 964 1720 τὸ
1013 1669 1392 1738 στρατόπεδον.
1471 1669 1776 1723 Ἐπανιόντι
1819 1669 1877 1722 δὲ

302 1757 602 1826 ἠγγέλλετο
634 1757 710 1820 ὼς
741 1760 807 1811 ὲκ
837 1757 1134 1823 Βυζαντίου
1159 1760 1306 1828 ψιλοὶ
1335 1761 1552 1826 τοξόται
1580 1762 1640 1813 ἐν
1679 1779 1877 1829 πεντη-

305 1848 582 1918 κοντόροις
615 1850 910 1918 τέσσαρσιν
961 1830 1230 1914 ἐλθόντες,
1279 1854 1372 1904 καὶ
1415 1851 1618 1921 ἑτέρων
1667 1855 1729 1905 ἐκ
1779 1853 1876 1922 τῆς

301 1943 525 2015 Θρᾴκης
547 1945 950 2012 ἐπιγενομένων
973 1944 1177 2008 πεζῶν,
1199 1945 1515 2014 Ἀσώματον
1543 1949 1600 2000 τὸ
1619 1947 1878 2018 φρούριον

309 2034 671 2102 πολιορκοῖεν.
712 2036 921 2090 Ἐδόκει
952 2037 1017 2106 δὴ
1045 2034 1138 2091 οὖν
1167 2038 1285 2108 ἅμα
1328 2041 1442 2102 τοῖς
1477 2038 1698 2092 συνοῦσι
1750 2057 1879 2091 πενη·

305 2129 566 2198 τήκοντα,
607 2129 822 2200 βοηθεῖν
849 2131 943 2182 ἐπὶ
977 2132 1105 2194 τοὺς
1139 2132 1199 2184 τὸ
1231 2131 1492 2200 φρούριον
1518 2131 1876 2201 πολιορκοῦν-

307 2237 428 2282 τας.
465 2220 698 2274 Ἐκεῖνοι
721 2222 780 2276 δὲ
809 2224 935 2275 ἐπεὶ
967 2223 1228 2277 ἐπιοῦσαν
1263 2219 1404 2277 εἶδον
1449 2224 1548 2294 τὴν
1589 2223 1874 2294 στρατιὰν,

305 2315 402 2364 ἐπὶ
428 2315 706 2382 γεωλόφου
737 2316 883 2378 τινὸς
901 2315 1174 2385 ἠμύνοντο
1197 2317 1532 2380 ἀνελθόντες·
1562 2320 1654 2372 καὶ
1675 2321 1723 2370 oi
1749 2319 1879 2390 napi

310 2404 538 2472 βασιλέα
575 2406 658 2468 δὶς
687 2409 782 2460 καὶ
825 2409 944 2476 τρὶς
973 2409 1447 2478 ἐπιχειρήσαντες,
1493 2410 1706 2462 ἐκείνου
1738 2413 1880 2464 ἀπα-

309 2495 635 2565 γορεύοντος
662 2497 752 2552 διὰ
781 2498 840 2550 τὸ
877 2499 952 2568 μὴ
977 2499 1251 2568 μάχεσθαι
1285 2500 1422 2568 μετά
1447 2503 1715 2564 συνέσεως
1749 2520 1880 2572 πρε-

308 2587 519 2657 πούσης
554 2593 887 2659 στρατιώτῃ,
927 2591 1027 2643 οὑκ
1079 2591 1426 2661 ἠδυνήθησαν
1482 2596 1755 2663 κρατῆσαι
1789 2596 1879 2648 διὰ

304 2679 408 2745 τὴν
433 2681 497 2730 ὲκ
527 2678 621 2730 τοῦ
653 2680 821 2732 τόπου
853 2679 1183 2749 ὀχυρότητα.
1226 2682 1321 2732 καὶ
1345 2682 1407 2732 τό
1438 2682 1744 2751 ἀμύνεσθαι
1779 2685 1876 2734 αὑ⁴

307 2770 434 2830 τοὺς
460 2771 574 2832 τοῖς
607 2769 786 2839 βέλεσι
844 2773 1080 2839 συχνοῖς.
1123 2771 1208 2834 Ὠς
1238 2771 1293 2824 δὲ
1321 2774 1783 2842 ὲτραυματίζοντο
1829 2776 1881 2828 οἶ

305 2875 372 2912 τε
404 2859 563 2914 ἵπποι
616 2863 711 2930 καὶ
747 2863 795 2914 oi
852 2862 1212 2932 στρατιῶται,
1267 2864 1518 2919 ἐκέλευεν
1561 2867 1588 2918 ό
1627 2865 1879 2935 βασιλεὺς

311 2953 544 3007 ἕπεσθαι
578 2954 744 3024 αὐτῷ,
787 2957 835 3008 εἰ
890 2955 1168 3024 βούλοιντο
1221 2960 1443 3027 κρατεῖν
1492 2959 1602 3011 τῶν
1662 2963 1880 3014 ἀντιτεο

311 3045 636 3114 ταγμένων·
689 3049 785 3101 καλ⁸
832 3048 1053 3102 ἐδόκουν
1101 3051 1405 3120 ἀναχωρεῖν
1459 3052 1876 3117 καταλιπόντες.

1978 571 2189 626 exitiali
2243 575 2491 642 periculo
2529 584 2782 644 ereptum
2841 587 3203 630 censuerunt.
3249 577 3554 646 Imperator
3611 600 3614 603 ·

1979 677 2106 717 cum
2141 664 2264 734 plus
2308 666 2615 735 comperire
2654 681 2764 720 non
2812 667 3103 736 potuisset.
3143 684 3310 737 quam
3357 669 3554 725 Persas

1978 765 2035 809 et
2103 757 2390 825 praedones
2436 773 2580 823 esse,
2633 757 2973 814 Cumntzena
3027 762 3093 812 ad
3151 761 3323 815 lilium
3379 763 3554 824 venit,

1979 863 2217 916 quocum
2253 866 2375 920 quae
2419 862 2637 920 tempus
2680 853 2938 907 monebat
2985 853 3321 918 collocutus,
3372 865 3557 913 castra

1980 954 2106 993 mox
2133 941 2375 1010 repetiit.
2410 942 2467 997 In
2509 942 2708 998 itinere
2743 944 2950 998 certior
2998 943 3076 1006 lit,
3117 945 3380 1013 Byzantio
3416 946 3562 1000 levis

1978 1039 2278 1086 armatura:
2324 1033 2958 1104 sagittariosk'l‘hreicio
3005 1037 3264 1103 adjuncto
3307 1037 3552 1105 peditatu

1981 1123 2050 1176 ad
2093 1121 2418 1178 Asomatum
2467 1124 2754 1178 castellum
2803 1126 3225 1194 expugnandum
3283 1126 3556 1195 quinqua-

1979 1211 2133 1282 ginta
2216 1228 2500 1267 rcmorum
2581 1213 2848 1268 actuariis
2932 1226 3171 1284 quatuor
3245 1218 3550 1272 advenisse.

1979 1303 2183 1360 Statuit
2258 1305 2426 1374 igitur
2497 1304 2951 1362 Asomatensibus
3015 1321 3138 1360 cum
3204 1309 3320 1362 suis
3385 1309 3551 1378 quin-

1979 1399 2240 1469 quaginta
2291 1399 2594 1454 comitibus
2642 1414 2992 1454 succurrere.
3044 1400 3241 1454 llostes
3293 1401 3411 1455 viso
3451 1415 3549 1470 ap-

1979 1490 2473 1564 propinquantiqu
2536 1490 2702 1559 globo
2762 1490 2819 1544 in
2898 1490 3093 1544 collem
3171 1490 3551 1559 confugientes

1977 1591 2037 1632 se
2055 1578 2370 1634 tuebantur.
2407 1578 2766 1648 imperatoria
2786 1578 2984 1632 cohors
3028 1578 3112 1634 bis
3143 1587 3200 1632 et
3237 1588 3318 1634 ter
3345 1580 3552 1649 impetu

1979 1670 2120 1724 facto
2171 1671 2290 1742 (illo
2337 1679 2595 1735 vetante,
2656 1670 2805 1740 quod
2863 1671 3130 1726 adversus
3196 1671 3550 1739 prudentiam

1980 1763 2272 1816 militarem
2332 1770 2658 1832 pugnarent,
2690 1760 2952 1831 quoniam
3000 1762 3306 1816 adversarii
3361 1771 3556 1820 natura

1984 1854 2091 1908 loci
2113 1853 2502 1907 muniebantur
2531 1853 2666 1924 (3i),
2683 1862 2739 1907 et
2765 1854 3070 1908 subeuntes
3089 1854 3300 1906 crebris
3319 1852 3554 1906 telorum

1979 1945 2222 2014 jactibus
2251 1944 2604 2014 repellebant)
2639 1945 2705 1999 iis
2739 1945 2902 2013 potiri
2939 1960 3047 1998 non
3080 1945 3361 1998 valebant.
3415 1943 3552 1998 Cum

1985 2035 2155 2105 igitur
2205 2044 2263 2090 et
2317 2035 2468 2104 equi,
2518 2044 2572 2090 et
2626 2034 2829 2088 milites
2887 2035 3334 2098 vulnerarentur,
3385 2033 3560 2089 edixit

1986 2127 2288 2197 imperator
2342 2143 2402 2182 se
2462 2137 2876 2196 sequerentur,
2925 2125 2975 2180 si
3037 2127 3244 2181 vellent
3308 2127 3553 2180 vincere.

1987 2217 2126 2288 Ergo
2157 2233 2214 2272 se
2245 2219 2356 2272 illis
2383 2218 2588 2272 relictis
2616 2219 2768 2274 abire
2795 2219 3080 2273 simulant.
3112 2217 3311 2271 llostes
3336 2232 3443 2271 non
3467 2217 3559 2270 in-

1987 2311 2202 2366 tellecta
2255 2311 2490 2372 fallacia,
2553 2311 2766 2380 ratique
2823 2328 2918 2366 eos
2948 2325 3144 2380 pugnze
3188 2309 3554 2377 desperantes

1985 2403 2295 2466 discedere,
2352 2404 2492 2458 colle
2528 2403 2774 2472 degressi
2829 2411 3246 2473 navespetunt.
3281 2401 3421 2456 Tum
3458 2401 3558 2471 qui
3655 2432 3663 2441 ι

1986 2497 2209 2560 abibant
2235 2498 2489 2552 conversi
2521 2498 2575 2550 iu
2614 2513 2709 2552 eos
2738 2513 2896 2567 aequo
2926 2511 3121 2566 campo
3155 2497 3338 2551 statim
3371 2495 3560 2550 incur-

1987 2597 2136 2650 runt,
2173 2589 2374 2644 multos
2407 2588 2692 2654 occidunt,
2723 2589 2915 2658 paucis
2943 2596 3096 2658 terga
3123 2586 3406 2650 dantibus,
3437 2601 3559 2640 ma-

1982 2681 2158 2750 jorem
2189 2689 2399 2748 partem
2435 2680 2677 2748 capiunt.
2716 2679 2881 2750 584.
2929 2679 3228 2748 Imperator
3279 2677 3335 2731 in
3382 2684 3560 2731 castra

1988 2769 2394 2840 Trajauopolim
2431 2785 2706 2834 reversus,
2737 2777 3022 2839 postquam
3049 2778 3106 2822 ct
3145 2783 3338 2822 manus
3372 2767 3488 2833 illa,
3525 2783 3557 2821 ει

1986 2876 2096 2929 qua
2141 2873 2325 2925 noctu,
2381 2870 2441 2914 ut
2497 2859 2705 2914 dictum
2767 2870 2874 2924 est,
2923 2859 3135 2914 obsessi
3197 2859 3414 2913 lucrant
3490 2858 3560 2911 ad

1986 2953 2275 3006 Amurium
2311 2967 2368 3006 se
2399 2951 2651 3015 contulit,
2681 2966 2804 3020 quae
2829 2951 2933 3005 sibi
2968 2951 3304 3016 evenissent,
3334 2958 3391 3004 et
3420 2965 3557 3018 quo-

1987 3047 2149 3102 modo
2173 3062 2298 3100 cum
2353 3049 2468 3102 suis
2509 3033 2800 3112 universis,
2866 3047 2976 3101 Deo
3019 3049 3283 3112 secundo,
3324 3047 3560 3100 manife-

326 3137 553 3189 Ἐκεῖνοι
579 3137 635 3191 δὲ
666 3139 727 3190 οὒ
763 3139 1064 3204 συνιδόντες
1096 3141 1196 3211 τὴν
1226 3141 1469 3213 ἀπάτην,
1502 3145 1594 3197 καὶ
1622 3147 1874 3215 νομίσαν.

1987 3147 2130 3194 stum
2167 3138 2468 3193 discrimen
2517 3139 2805 3202 evasisset,
2869 3139 3143 3193 narravit.
3206 3138 3411 3193 Omnes
3461 3153 3561 3208 pro

310 3244 402 3289 τες
436 3228 769 3293 ἀπειπόντας
796 3232 893 3298 τὴν
926 3231 1060 3300 πρὸς
1094 3233 1290 3295 αὐτοὺς
1339 3235 1522 3303 μάχην
1551 3237 1879 3308 ἀναχωρειν,

311 3318 404 3369 τοῦ
444 3320 607 3382 λόφου
634 3321 1013 3386 κατελθόντες,
1044 3322 1288 3392 ἐχώρουν
1309 3325 1401 3377 ἐπὶ
1429 3326 1528 3388 τὰς
1559 3327 1712 3391 ναῦςο
1746 3331 1794 3381 οἱ
1825 3330 1881 3382 δὲ

314 3411 513 3465 αὐτίκα
544 3413 964 3482 ἐπιδραμόντες,
1005 3417 1128 3469 ἐπεὶ
1186 3416 1324 3485 πρὸς
1375 3417 1435 3469 τὸ
1489 3417 1668 3470 πεδίον
1716 3416 1879 3490 ἦσαν,

315 3503 643 3556 ἀπέκτεινάν
671 3521 731 3556 τε
767 3505 866 3558 οὐκ
900 3505 1140 3573 ὀλίγους,
1180 3506 1274 3558 καὶ
1313 3506 1441 3570 τοὺς
1468 3507 1753 3570 πλείστους
1783 3510 1882 3562 αὖ·

315 3595 426 3647 τῶν
465 3590 627 3660 εΓΛον,
683 3597 881 3664 ὀλίγων
935 3599 1101 3651 τινῶν
1145 3600 1434 3668 διαφυγεῖν
1487 3600 1882 3671 δεδυνημένων.

319 3686 582 3749 Βασιλεὺς
606 3687 662 3739 δὲ
688 3689 766 3750 εἰς
790 3690 849 3742 τὸ
878 3690 1241 3759 στρατόπεδον
1274 3691 1412 3760 πρὸς
1445 3693 1884 3762 Τραϊανούπολιν

319 3777 654 3842 ἐπανελθὼν,
686 3780 810 3831 ἐπεὶ
839 3782 934 3833 καὶ
965 3782 996 3850 ὴ
1029 3783 1260 3852 στρατιὰ
1291 3782 1476 3854 ἐκείνη
1521 3786 1553 3855 ὴ
1581 3790 1884 3859 περικαθη-

319 3868 456 3936 μένη
486 3868 582 3937 τῆς
608 3870 822 3933 νυκτὸς,
856 3870 1044 3941 ῶσπερ
1082 3873 1295 3944 είρητο,
1331 3869 1432 3946 ἧκε
1475 3877 1612 3946 πρὸς
1652 3879 1879 3951 Ἀμοὺρ,

317 3961 592 4030 γνωρίσας
621 3959 709 4014 οἷα
739 3963 981 4033 πμὸαίη
1011 3966 1141 4034 περὶ
1175 3965 1358 4031 αὑτὸν,
1386 3967 1480 4020 καὶ
1513 3969 1659 4032 ὅπως
1685 3971 1748 4023 ἐκ
1775 3987 1887 4024 κιν-

315 4054 487 4107 δύνων
517 4055 768 4124 φανερῶν
821 4056 927 4110 ὑπὸ
958 4057 1094 4110 Θεοῦ
1135 4058 1358 4130 ρυσθείη
1405 4059 1567 4122 αὐτός
1599 4077 1658 4112 τε
1691 4064 1785 4115 καὶ
1832 4063 1884 4116 οῖ

318 4163 386 4196 πε
396 4148 447 4210 pi
477 4148 638 4200 αὑτὸν
661 4146 921 4212 ἀπαντες,
947 4149 1148 4212 πολλὰς
1165 4149 1480 4218 ὡμολόγουν
1507 4151 1737 4222 χάριτας
1763 4152 1886 4224 Θεῷ

317 4238 416 4308 τῆς
448 4239 722 4309 σωτηρίας
756 4241 848 4292 καὶ
897 4241 996 4309 τῆς
1030 4242 1288 4311 προνοίας
1320 4243 1421 4312 τῆς
1477 4245 1605 4313 περὶ
1657 4245 1881 4308 αὐτούς.

323 4330 562 4400 ΙΙαρῄνει
589 4349 648 4384 τε
682 4333 710 4384 ό
738 4332 992 4402 βασιλεὺς
1027 4335 1139 4396 τοῖς
1173 4334 1390 4388 συνοῦσι
1421 4337 1692 4406 μηδέποτε
1740 4340 1882 4408 ἀμε-

319 4422 434 4475 λεῖν
464 4426 562 4492 τῆς
612 4425 882 4496 φυλακῆς,
915 4425 1152 4492 μάλιστα
1190 4428 1404 4490 νυκτὸς,
1451 4429 1566 4491 τοῖς
1613 4429 1887 4502 συμϐεϐη-

1987 3242 2180 3283 eorum
2208 3229 2384 3282 salute
2444 3228 2646 3282 divinae
2679 3228 3038 3296 providentia:
3071 3229 3274 3298 gratias
3305 3237 3558 3298 egerunt.

1989 3319 2327 3374 Hortabatur
2356 3327 2540 3374 autem
2567 3333 2698 3374 suos
2727 3319 3025 3389 imperator
3057 3336 3126 3375 nc
3157 3336 3396 3385 unquam
3423 3320 3562 3391 vigi-

1990 3410 2114 3477 lias,
2147 3410 2454 3480 praisertim
2486 3414 2798 3478 jnocturnas
2839 3411 3202 3481 negligerent,
3240 3413 3562 3467 recentissi-

1989 3515 2187 3569 moque
2207 3499 2456 3574 exemplo
2471 3499 2539 3555 ad
2555 3501 3027 3555 conﬁrmationem
3050 3501 3324 3556 utebatur.
3351 3500 3486 3555 Nam
3509 3503 3558 3561 si

1991 3591 2094 3660 ipsi
2117 3607 2227 3646 non
2255 3591 2444 3647 conﬁsi
2458 3591 2524 3646 ad
2568 3591 2974 3664 TrajanOpolim
3000 3593 3353 3656 metantibus,
3380 3609 3560 3662 neque

1989 3679 2057 3734 iis
2084 3679 2178 3749 qui
2207 3679 2565 3736 Cumutzenis
2592 3690 2750 3738 erant
2781 3697 2908 3736 cum
2957 3680 3088 3745 tilio,
3115 3698 3216 3750 pro
3251 3697 3333 3747 se,
3371 3695 3430 3736 ut
3463 3699 3561 3752 par

1990 3773 2189 3837 fuerat,
2237 3774 2503 3835 excubias
2531 3775 2800 3844 egissent,
2843 3775 2898 3828 in
2947 3789 3138 3828 casum
3181 3775 3562 3844 hujuscemodi

1990 3867 2328 3922 deventuros
2359 3882 2467 3921 non
2506 3865 2696 3930 fuisse,
2738 3881 2848 3935 quo
2885 3866 2985 3919 nisi
3022 3867 3162 3920 Dens
3193 3868 3426 3937 benigne
3462 3887 3562 3925 eos

1991 3958 2370 4026 respexisset,
2415 3955 2576 4024 digna
2637 3955 2894 4024 lacrymis
2950 3955 3326 4024 pertulissent.
3380 3958 3562 4030 Atque

1991 4049 2109 4102 base
2136 4047 2240 4102 isto
2287 4044 2450 4100 modo
2499 4047 2873 4115 contigerunt.
2926 4046 3188 4102 Amurius
3213 4057 3271 4101 ut
3300 4047 3562 4118 Byzantio

1993 4139 2244 4194 triremes
2273 4138 2339 4191 ad
2373 4137 2573 4194 [Euam
2605 4152 2726 4191 cum
2763 4136 2982 4206 triginta
3024 4136 3090 4191 de
3121 4139 3236 4192 suis
3263 4138 3561 4208 aﬂuerunt,

1989 4230 2269 4302 pollicitus
2303 4229 2641 4299 imperatori,
2675 4228 2992 4297 quindecim
3019 4229 3219 4284 diebus
3245 4231 3559 4288 subsidium

1993 4321 2315 4385 missurum,
2354 4333 2410 4375 et
2436 4336 2495 4375 se
2523 4335 2742 4389 quoque
2776 4321 2954 4384 brevi,
2985 4321 3305 4376 domesticis
3337 4323 3566 4378 ordina-

1995 4415 2064 4470 tis
2096 4423 2262 4483 atque
2293 4411 2634 4482 compositis,
2676 4427 3047 4477 reversurum,
3079 4428 3406 4484 semperque
3435 4431 3564 4470 cum
3618 4411 3624 4413 Α

325 4515 446 4568 κόσι
480 4515 890 4585 παραδείγμασι
923 4517 1246 4586 χρωμένοις.
1282 4518 1344 4570 Εἰ
1371 4516 1481 4587 γὰρ
1515 4517 1590 4589 μὴ
1624 4519 1881 4590 θαρροῦν-

1995 4524 2085 4570 eo,
2135 4507 2312 4561 donec
2370 4505 2572 4560 bellum
2633 4503 2873 4566 ﬁniatur,
2926 4520 3273 4570 mansurum,
3304 4507 3564 4579 dictaque

324 4621 418 4665 τες
452 4604 609 4658 αὐτοὶ
654 4607 768 4669 τοῖς
796 4623 854 4657 τε
887 4608 943 4659 ὲν
979 4606 1252 4675 Τραϊανοῦ
1309 4609 1892 4679 στρατοπεδευομένοις

325 4697 422 4748 καὶ
439 4698 549 4759 τοῖς
585 4698 641 4748 ὲν
663 4698 1107 4767 Κουμουτζηνοῖς
1140 4699 1276 4766 μετά
1308 4699 1400 4752 τοῦ
1423 4699 1540 4753 υἱοῦ
1565 4702 1666 4772 τὴν
1689 4704 1895 4774 προσή-

329 4798 532 4834 κουσαν
562 4783 771 4835 ἑαυτῶν
801 4785 1088 4838 ἐποιοῦντο
1125 4787 1392 4857 φυλακὴν,
1424 4791 1608 4844 οὐκᾶν
1633 4793 1895 4856 τοιούτοις

326 4873 691 4942 περιέπιπτον
716 4876 1004 4941 κινδύνοις,
1023 4871 1096 4931 ὧν
1121 4879 1169 4930 εί
1195 4879 1270 4947 μὴ
1292 4879 1424 4942 Θεὸς
1451 4882 1680 4951 ἐρρύετο
1702 4884 1895 4948 φιλαν-

326 4962 585 5029 θρώπως,
606 4964 710 5018 κᾶν
735 4965 1068 5029 πεπονθότες
1096 4962 1237 5036 ἦσαν
1266 4967 1391 5033 ἀξια
1414 4968 1684 5038 δακρύων.
1705 4969 1890 5024 Ταῦτα

335 5052 434 5119 μὲν
466 5051 560 5106 οὖν
609 5054 700 5106 τὸν
731 5054 938 5124 τρόπον
974 5055 1162 5109 τοῦτον
1201 5057 1528 5127 συνηνέχθη.
1573 5059 1779 5129 ’Δμοῦρ
1833 5061 1892 5113 δὲ

329 5144 453 5194 ἐπεὶ
489 5143 551 5196 αἶ
599 5161 658 5198 τε
705 5145 1075 5214 Βυζαντίηθεν
1110 5148 1360 5217 τριήρεις
1398 5142 1555 5220 ἧκον,
1607 5153 1701 5203 καὶ
1739 5151 1893 5220 τριά-

329 5249 497 5285 κοντα
535 5235 598 5286 ὲκ
658 5234 768 5287 τῶν
829 5238 1108 5305 σφετέρων
1159 5240 1239 5299 τίς
1293 5239 1394 5307 τὴν
1442 5235 1624 5301 Λίνον,
1683 5239 1894 5309 βασιλεῖ

329 5325 797 5395 ἐπαγγειλάμενος
841 5329 899 5380 ἐν
941 5328 1333 5383 πεντεκαίδεκα
1379 5329 1620 5402 ἡμέραις
1653 5331 1892 5402 πέμψειν

1993 4601 2192 4666 salute,
2248 4599 2396 4653 illico
2446 4595 2626 4651 solvit.
2675 4595 2820 4651 Intra
2873 4595 2991 4650 dies
3046 4597 3310 4656 tredecim
3359 4599 3566 4655 adsunt

1991 4694 2162 4764 copim
2189 4707 2327 4762 quas
2358 4688 2701 4761 promiserat.
2733 4689 2945 4754 Amurii
2973 4689 3234 4744 discessio
3261 4692 3432 4746 multa
3460 4692 3562 4745 im-

1993 4785 2232 4854 peratori
2267 4782 2612 4837 incommoda
2637 4796 2924 4851 generasse
2955 4781 3067 4835 visa
3091 4791 3194 4850 est,
3230 4799 3352 4852 qua:
3379 4792 3562 4838 tamen

1993 4877 2114 4942 ipsa
2173 4874 2542 4944 postmodum,
2597 4889 2763 4943 quam
2804 4873 2851 4927 is
2889 4874 3001 4928 Deo
3044 4889 3190 4942 cuca:
3233 4885 3398 4938 esset,
3449 4891 3560 4931 non

1991 4966 2101 5021 levi
2161 4967 2490 5020 docmnento
2539 4963 2661 5018 fuit.
2698 4963 2978 5020 Triremes
3021 4981 3258 5034 namque
3315 4977 3558 5036 quatuor

1992 5074 2158 5128 supra
2193 5058 2386 5128 viginti
2422 5057 2630 5112 Latinae
2666 5071 2796 5111 cum
2832 5057 3171 5112 Rhodiorum
3223 5067 3278 5112 et
3325 5060 3560 5116 aliorum

1990 5150 2360 5220 quorumdam
2431 5150 2712 5203 instructae
2779 5147 3064 5216 Smyrnam
3136 5150 3560 5219 adnavigarunt,

1991 5239 2391 5308 castellumque
2431 5239 2482 5291 in
2515 5247 2672 5305 portu
2704 5249 2993 5307 ceperunt,
3029 5249 3086 5292 et
3115 5255 3283 5294 naves
3316 5241 3563 5297 Persicas

1993 5330 2308 5401 complures
2354 5338 2708 5384 exusserant.
2741 5329 3005 5383 Amurius
3039 5345 3300 5399 pnescus,
3336 5347 3401 5386 ac
3433 5337 3562 5388 totis

1564 5488 1777 5551 Jacobi
1807 5491 2071 5552 Pontani
2101 5496 2286 5550 notm.

405 5631 517 5703 (3|)
575 5633 865 5688 nocuimus
920 5634 1073 5701 alibi,
1135 5642 1390 5703 quantam
1454 5634 1892 5690 commoditatem

331 5702 556 5772 italu-ret
601 5705 652 5755 in
689 5705 870 5767 prmlio
923 5705 1074 5758 locus
1102 5702 1363 5772 superior.
1399 5705 1584 5758 Livius
1623 5705 1718 5758 lib.
1763 5721 1835 5758 vn
1873 5721 1887 5758 :

334 5770 438 5825 Put
459 5783 535 5824 ter
560 5776 794 5826 virtutem
829 5774 966 5827 locus
1007 5770 1204 5848 quogu‘c
1236 5775 1460 5844 adjuvit,
1497 5783 1550 5828 ut
1579 5775 1687 5847 pila
1713 5777 1889 5828 omnia

1994 5636 2261 5708 basimque
2299 5645 2400 5708 non
2429 5638 2687 5708 tanquam
2715 5647 2779 5684 ea:
2819 5647 2964 5708 {aqua
3000 5635 3186 5708 missa,
3226 5653 3362 5689 vana
3395 5641 3556 5708 (quod

1993 5699 2300 5779 plerumque
2329 5699 2408 5766 ﬁt)
2428 5701 2674 5753 caderent
2706 5717 2722 5754 :
2748 5702 2838 5754 sed
2868 5703 3047 5758 omnia
3085 5705 3280 5760 librata
3310 5699 3556 5779 ponderi—

1994 5777 2088 5827 bas
2126 5772 2428 5841 ﬁgerentur.
