4062 6290
331 287 474 352 ιιοο
509 241 546 256 Ι

1462 305 2007 371 ΙΠΞἸῸΒΙΑΒΟΜ
2053 310 2286 370 LIBER
2329 310 2440 372 Πῐ.

3443 314 3580 377 1110

325 403 542 454 ἐκεῖνον
562 400 825 472 ἄρασθαι.
859 398 966 457 Ἤν
1013 405 1124 478 γὰρ
1154 408 1253 480 ἤδη
1304 411 1361 462 ἐν
1401 413 1547 484 λόγῳ
1583 416 1692 498 1:121
1732 418 1759 470 δ
1789 419 1897 473 Μο-

2005 421 2155 476 tione
2183 421 2349 491 igitur
2373 423 2731 494 temperabat,
2766 423 2910 494 quod
2953 440 3116 480 manu
3145 434 3200 481 et
3229 428 3395 482 armis
3432 428 3584 483 inex-

328 493 596 559 μιτζίλος.
621 493 718 546 καὶ
737 494 972 566 δύναμιν
997 499 1467 572 περιϐεϐλημένος
1501 493 1721 577 ίκανῆν.
1742 508 1900 563 Οὕτω

328 583 427 649 μὲν
459 579 554 634 οὖν
583 585 610 634 ό
647 584 882 654 πόλεμος
929 590 1268 659 πανταχόθεν
1301 590 1528 659 βασιλέα
1557 597 1900 664 περιΐστατο,

325 675 422 726 καὶ
453 674 788 729 ὑποπτεύειν
802 677 954 732 δεινά
975 680 1174 751 εἰσῄει.
1201 683 1372 747 Αὐτὸς
1398 684 1454 738 δὲ
1472 687 1663 758 ὥσπερ
1685 689 1899 754 είωθεν,

334 766 424 826 ἀεὶ
479 767 618 834 πρὸς
668 769 794 829 τοὺς
849 768 1127 833 κινδύνους
1187 774 1607 845 μεγαλοψυχῶν,
1655 777 1750 831 καὶ
1797 777 1906 832 τῶν

323 855 518 907 δεινῶν
549 857 648 918 τὰς
680 857 950 928 ἐπιφορὰς
980 859 1202 929 ὁμαλῶς
1232 863 1329 916 καὶ
1381 865 1572 935 πράως
1605 867 1903 935 διαφέρων,

329 950 464 1015 πρὸς
500 948 604 1016 μὲν
640 949 994 1019 Ἀλέξανδρον
1015 949 1104 1004 τὸν
1127 953 1331 1006 Μυσῶν
1353 955 1577 1025 βασιλέα
1597 957 1905 1028 πρεσϐείαν

325 1041 588 1106 ἐποιεῖτο,
623 1043 719 1094 καὶ
758 1044 994 1114 παρῄνει
1027 1046 1258 1116 ἡσυχίαν
1293 1047 1470 1116 ἄγειν,
1510 1049 1586 1111 ὠς
1616 1049 1676 1101 ού
1714 1049 1896 1118 πολλῷ

323 1130 559 1201 ὕστερον
590 1134 786 1202 ἐκείνῳ
836 1137 1012 1189 αίτίου
1048 1140 1346 1208 συμφορῶν
1389 1141 1600 1193 πολλῶν
1635 1142 1731 1195 τοῦ
1763 1143 1905 1212 πρὸς

324 1224 492 1276 αὐτὸν
530 1226 772 1294 πολέμου
835 1230 1230 1297 γενησομένου.
1290 1232 1460 1294 Αὐτὸς
1506 1233 1562 1284 δὲ
1607 1233 1904 1302 γενόμενος

322 1314 464 1383 πρὸς
497 1317 596 1385 τὴν
642 1317 1016 1390 Χαλκηδικὴν,
1071 1319 1169 1390 τὴν
1229 1321 1529 1391 Γρατιανοῦ
1586 1323 1747 1376 πόλιν
1778 1327 1904 1376 ἐπο-

322 1404 531 1473 λιόρκει
571 1400 736 1459 οὖσαν
772 1407 842 1458 ού
896 1407 1162 1478 μεγάλην,
1211 1409 1566 1480 ὀχυρωτάτην
1604 1412 1684 1474 δέ,
1733 1412 1796 1465 ἐκ
1842 1430 1902 1466 τε

325 1493 544 1558 φύσεως
571 1494 667 1547 τοῦ
687 1497 856 1549 τόπου
889 1499 985 1552 καὶ⁹
1009 1499 1120 1553 τῶν
1150 1501 1347 1570 τειχῶν
1379 1503 1476 1570 τῆς
1519 1506 1894 1573 κατασκευῆς·

325 1585 504 1646 ἄλλως
558 1589 613 1642 δὲ
657 1591 878 1658 εὐφυῶς
919 1591 1056 1658 πρὸς
1095 1593 1272 1646 πάντα
1293 1593 1552 1664 ἔχουσαν.
1583 1596 1680 1650 καὶ
1707 1598 1899 1667 ὥσπερ

327 1681 664 1748 μητρόπολιν
693 1679 864 1736 οὖσαν
894 1685 992 1751 τῆς
1042 1685 1415 1753 Χαλκηδικῆς.
1464 1685 1608 1754 Πρδς
1664 1688 1764 1756 μὲν
1800 1687 1895 1741 οὖν

322 1771 684 1841 τειχομαχίαν
741 1773 861 1826 οὐκ⁹
893 1775 1211 1846 ἐπεχείρει·
1273 1778 1391 1848 ᾔδει
1443 1781 1551 1849 γὰρ
1613 1782 1888 1836 ἀνάλωτον
1927 1757 1966 1811 Β

317 1860 516 1924 ὅπλοις
545 1866 640 1915 καὶ
686 1863 886 1933 χειρῶν
931 1865 1023 1936 βία
1053 1869 1340 1939 ἐσομένην·
1383 1871 1680 1938 δεσμωτῶν
1709 1874 1766 1926 δέ
1795 1876 1898 1927 οὐκ

319 1950 522 2019 ὀλίγων
551 1953 617 2007 ἐκ
668 1955 778 2007 τῶν
831 1957 1068 2010 πολιτῶν
1117 1960 1175 2012 ἐν
1226 1963 1292 2032 τῇ
1345 1961 1554 2031 ταύτης
1604 1965 1898 2035 ἀκροπόλει

317 2046 753 2114 φρουρουμένων
771 2048 861 2101 διὰ
879 2048 979 2118 τὴν
1000 2053 1138 2119 πρὸς
1171 2054 1382 2106 ἐκεῖνον
1404 2052 1640 2117 εὔνοιαν,
1668 2056 1896 2126 πέμψας

319 2135 531 2205 κρύφα,
564 2137 836 2207 διελέγετο
873 2141 1078 2205 αὐτοῖς,
1103 2142 1152 2195 εί
1197 2142 1471 2210 δύναιντο,
1513 2148 1900 2216 κρατήσαντες

319 2227 420 2294 τῆς
451 2228 822 2296 ἀκροπόλεως,
849 2232 1202 2301 παραδιδόναι
1234 2233 1333 2304 τὴν
1373 2235 1528 2288 πόλιν
1547 2254 1560 2267 ·
1594 2238 1690 2291 καὶ
1718 2239 1890 2308 ἐπηγ.

321 2317 579 2384 γέλλοντο
607 2322 706 2374 καὶ
734 2322 890 2376 αὐτοὶ
927 2325 1227 2394 προθύμως
1260 2326 1518 2380 ὑπελθεῖν
1556 2327 1657 2398 τὴν
1686 2327 1892 2397 ἐπιχεί-

2008 516 2356 584 pttgnabilem
2383 515 2570 570 sciret.
2600 514 2659 569 ln
2709 517 2865 586 cujus
2893 530 3022 570 arce
3057 531 3182 572 cum
3214 519 3368 571 multi
3408 520 3578 581 cives,

2009 604 2154 671 quod
2208 605 2288 659 illi
2336 605 2478 659 bene
2513 606 2734 672 vellent,
2780 605 2946 660 vincti
2998 615 3341 672 tenerentur,
3374 624 3470 678 per
3500 609 3581 661 in-

2010 691 2348 745 ternuntium
2396 693 2537 747 clam
2573 707 2698 747 cum
2729 693 2798 747 iis
2829 695 2962 764 egit,
2997 705 3059 749 ut
3088 695 3132 750 si
3167 705 3414 765 possent,
3453 713 3582 751 arce

2007 776 2187 849 potiti,
2219 783 2407 837 urbem
2441 783 2548 839 sibi
2605 784 2907 839 traderent.
2963 785 3306 840 l‘ron‘tittunt
3345 787 3579 857 impigre

2006 886 2064 927 se
2096 883 2410 936 conaturos,
2468 883 2524 929 et
2575 883 2841 930 tesseram
2882 875 3002 930 sive
3055 877 3295 946 signum,
3333 880 3476 933 unde
3521 889 3580 934 et

2008 965 2156 1034 ipsos
2203 964 2318 1032 jam
2362 979 2501 1034 opus
2531 966 2773 1036 aggredi.
2822 975 2880 1020 et
2939 980 2999 1021 se
3045 967 3306 1020 accersiri
3366 980 3610 1030 nosset,

2006 1063 2170 1109 noctu
2204 1055 2423 1124 quidem
2461 1057 2733 1112 sublatam
2766 1055 2940 1110 facem
2972 1057 3107 1127 (32),
3141 1056 3306 1128 586
3333 1056 3576 1112 interdiu

2006 1155 2192 1200 autem
2225 1146 2434 1200 fumum
2475 1147 2845 1202 constituunt.
2879 1147 2991 1201 Hac
3028 1147 3094 1201 de
3123 1162 3290 1201 causa
3334 1148 3578 1217 impera-

2007 1247 2093 1293 tor
2127 1253 2440 1309 quanquam
2487 1239 2741 1294 hostibus
2774 1239 3020 1309 undique
3051 1239 3392 1294 instantibus
3429 1242 3580 1293 obsi-

2005 1330 2222 1383 dionem
2250 1331 2561 1395 continuat,
2595 1338 2653 1384 et
2678 1329 2937 1384 omnibus
2969 1345 3125 1400 atque
3161 1333 3421 1384 resistere
3447 1345 3579 1386 con-

2005 1423 2198 1476 tendit.
2229 1423 2386 1477 Circa
2419 1423 2562 1476 idem
2599 1431 2836 1491 tempus,
2890 1422 3128 1491 panlove
3160 1431 3286 1490 post
3315 1437 3428 1491 quo
3464 1422 3578 1477 hsce

2005 1512 2231 1577 ﬂebant,
2283 1512 2461 1566 Latini
2509 1511 2796 1581 Smyrnam
2827 1522 3066 1582 quatuor
3097 1522 3154 1567 ct
3183 1513 3375 1581 viginti
3409 1513 3576 1566 trire-

2002 1603 2182 1658 mibus
2231 1603 2552 1658 invaserunt
2605 1611 2660 1656 et
2705 1613 3109 1672 expugnarunt.
3162 1603 3230 1658 Et
3262 1617 3386 1658 cum
3429 1604 3576 1673 apud

2003 1691 2283 1755 Pallenen,
2329 1691 2395 1746 ad
2427 1701 2648 1760 portum
2691 1692 2987 1762 quemdam
3020 1691 3292 1762 indigenis
3325 1692 3574 1763 Longum

1994 1781 2348 1849 appellatum,
2403 1796 2569 1836 naves
2617 1783 2864 1837 Persicas
2911 1781 3196 1850 sexaginta
3247 1781 3458 1836 delatas
3486 1798 3575 1836 re-

1995 1873 2255 1935 scissent,
2291 1871 2344 1926 in
2399 1887 2497 1926 eos
2542 1887 2707 1929 cursu
2745 1874 2978 1938 directo,
3011 1875 3202 1928 vacuis
3231 1874 3387 1944 potiti
3422 1885 3572 1930 sunt.

1995 1964 2175 2019 Persae
2223 1964 2496 2034 siquidem
2545 1964 2722 2019 navali
2771 1966 2960 2035 prmlio
3009 1965 3276 2031 imbelles,
3309 1976 3469 2021 terrae
3501 1984 3564 2022 se

1989 2045 2314 2118 credentes,
2350 2069 2518 2110 naves
2561 2059 2615 2110 in
2665 2057 2786 2111 solo
2818 2056 3208 2122 destitui-rant,
3241 2061 3444 2127 quibus
3475 2059 3575 2113 La-

1998 2145 2096 2199 tini
2126 2144 2411 2199 subductis
2444 2154 2500 2201 et
2556 2147 2817 2202 crematis
2851 2159 3221 2203 recesserunt.
3267 2149 3448 2204 Persae
3478 2165 3574 2204 na-

1993 2238 2158 2292 vibus
2208 2233 2482 2302 carentes,
2536 2237 2952 2294 Cherronesum
2991 2239 3236 2295 Thraciae
3286 2255 3384 2310 per
3439 2255 3574 2296 con-

1996 2329 2258 2384 tinentem
2311 2327 2555 2384 eundum
2588 2367 2604 2395 ,
2678 2338 2735 2383 et.
2811 2329 2940 2384 inde
3011 2332 3236 2386 navium
3312 2331 3574 2386 facultate

317 2426 506 2480 ρησιν,
543 2414 638 2464 καὶ
673 2412 924 2484 σύνθημα
952 2415 1050 2486 τῆς
1078 2415 1266 2482 ἐφόδου
1293 2416 1506 2483 ἔδοσαν,
1541 2419 1734 2482 νυκτὸς
1790 2421 1891 2490 μὲν

1998 2417 2405 2488 suppeditante,
2460 2416 2516 2472 in
2572 2417 2758 2474 Asiam
2813 2417 2918 2473 sibi
2975 2419 3356 2490 trajiciendum
3384 2419 3573 2476 existi-

317 2505 562 2573 φρυκτὸν
591 2504 852 2576 ἀνίσχειν,
885 2509 1103 2578 ἡμέρας
1130 2510 1188 2562 δὲ
1224 2511 1431 2564 καπνδν
1471 2511 1744 2564 δεικνύειν
1785 2514 1888 2582 τῆς
1997 2519 2236 2565 marunt.

318 2597 718 2667 ἐπιχειρήσεως
771 2601 1018 2670 σημεῖον.
1075 2603 1174 2655 Διὰ
1229 2601 1436 2674 ταύτην
1491 2604 1591 2673 μὲν
1641 2599 1734 2658 οὖν
1780 2603 1880 2675 τὴν
1914 2601 2096 2658 αἰτίαν
2149 2605 2179 2655 ὁ
2226 2601 2503 2674 βασιλεὺς,
2538 2601 2717 2656 καίτοι
2745 2604 3174 2674 περιρῤεόμενος
3221 2601 3571 2672 πανταχόθεν

316 2689 424 2742 ὑπὸ
487 2688 582 2742 τοῦ
631 2691 907 2760 πολέμου,
955 2693 1055 2744 οὐκ
1108 2693 1365 2747 ἀνίστατο
1406 2696 1469 2746 ἐκ
1506 2695 1608 2765 τῆς
1671 2694 2010 2764 πολιορκίας,
2062 2693 2180 2748 ἀλλ’
2244 2693 2574 2762 ἐφιλονείκει
2634 2697 2772 2766 πρὸς
2840 2695 3022 2749 πάντα
3069 2695 3570 2751 ἀντικαθίστασθαι

316 2772 542 2856 ὁμοίως.
585 2788 709 2855 Ὑφ’
757 2788 815 2841 ὃν
861 2790 920 2841 δὲ
960 2791 1131 2842 ταῦτα
1185 2791 1376 2860 χρόνον
1411 2793 1670 2856 ἐτελεῖτο,
1706 2793 1799 2845 καὶ
1845 2793 1880 2863 ἡ
1917 2789 2185 2858 Δατινικὴ
2221 2789 2452 2858 δύναμις
2516 2790 2552 2861 ἠ
2584 2789 2753 2860 ὀλίγῳ
2783 2787 3014 2860 ὕστερον
3040 2789 3346 2843 ἐπελθοῦσα
3403 2792 3570 2860 hspit-

316 2893 452 2948 τησε
485 2881 834 2950 τειχομαχίᾳ,
868 2881 926 2932 ἐν
956 2882 1220 2952 τέσσαρσι
1275 2883 1372 2936 καὶ
1427 2884 1602 2938 είκοσι
1629 2886 1886 2956 τριήρεσι
1925 2883 2057 2952 περὶ
2089 2883 2377 2954 Παλλήνην
2439 2885 2793 2953 πεπυσμένοι
2861 2882 3002 2951 πρός
3033 2898 3156 2935 τινα
3196 2881 3395 2951 λιμένα
3429 2883 3572 2949 Λογο

316 2974 415 3038 γὴν
470 2972 748 3041 ἐγχωρίως
805 2976 1354 3043 προσαγορευόμενον
1411 2976 1543 3040 ναῦς
1613 2977 1880 3047 ἐξήκοντα
1919 2977 2186 3046 ἐφορμεῖν
2218 2975 2518 3045 Περσικὰς,
2548 2974 2811 3028 ἐπέθεντό
2866 2990 2927 3026 τε
2962 2973 3060 3027 καὶ
3120 2974 3434 3044 ἐκράτησαν
3469 2974 3569 3026 αὐ-

317 3061 427 3114 τῶν
450 3065 644 3118 κενῶν.
671 3064 744 3116 Τὸ
770 3066 881 3136 γὰρ
907 3065 1197 3134 Περσικὸν,
1235 3067 1311 3137 μὴ
1373 3069 1673 3138 δυνάμενον
1731 3067 2220 3122 ἀντικαθίστασθαι
2271 3067 2410 3138 πρὸς
2448 3067 2786 3137 ναυμαχίαν,
2823 3066 2925 3130 τὰς
2981 3064 3112 3128 ναῦς
3158 3064 3568 3128 καταλιπόντες,

315 3155 640 3218 διεσώζοντο
677 3158 758 3218 είς
801 3157 900 3227 τὴν
947 3158 1070 3226 γῆν.
1106 3159 1327 3213 Λατῖνοι
1379 3160 1436 3212 δὲ
1484 3160 1887 3224 ἀνελκύσαντες
1925 3162 2025 3224 τὰς
2053 3159 2188 3224 ναῦς
2219 3159 2317 3214 καὶ
2346 3161 2487 3232 πυρὶ
2518 3158 2889 3230 παραδόντες,
2949 3157 3284 3224 ἀνεχώρουν.
3317 3157 3380 3208 Ol
3433 3156 3569 3225 Πέρ-

319 3267 408 3303 σαι
443 3251 499 3304 δὲ
546 3249 971 3321 ἀπολειφθέντες
1005 3253 1212 3326 ἀπορία
1264 3255 1422 3321 νεῶν,
1477 3255 1722 3324 ἔγνωσαν
1770 3257 1882 3310 δεῖν
1920 3258 2018 3311 ἐπὶ
2057 3257 2406 3328 Χερρόνησον
2451 3253 2553 3324 τῆς
2617 3253 2844 3324 Θρᾴκης
2889 3250 2978 3304 διὰ
3011 3249 3111 3318 τῆς
3143 3249 3375 3320 ἠπείρου
3435 3249 3568 3303 ἁνα-

313 3348 537 3419 χωρείν,
598 3348 674 3412 ὠς
713 3348 926 3403 ἐκεῖθεν
965 3350 1044 3414 είς
1084 3349 1273 3404 Ἀσίαν
1315 3353 1756 3424 περαιωσόμενοι
1791 3353 2204 3426 εὐπορήσαντες
2239 3349 2393 3404 νεῶν.

1707 3550 1939 3609 CAPUT
1980 3551 2170 3608 LXIX.

318 3643 612 3718 Persarum
644 3655 690 3700 et
725 3644 1402 3718 Triballorumicertamen.
1443 3647 1616 3702 Persa:
1642 3657 1762 3703 astu
1794 3650 2027 3718 quodam
2067 3650 2302 3716 vincunt,
2341 3657 2390 3701 et
2433 3659 2589 3718 pacta
2632 3651 2864 3704 mercede
2909 3649 3278 3718 Cautacuzeno
3311 3645 3564 3718 serviunt.

392 3716 782 3788 Gratianopolis
817 3718 1047 3786 capitur.
1081 3717 1348 3788 Quomodo
1377 3717 1674 3788 Angelitzes
1705 3716 1980 3788 prtefectus
2015 3720 2292 3787 pecuniam
2324 3716 2679 3788 suppeditarit
2733 3736 2837 3774 non
2903 3721 3187 3774 modicam.
3235 3716 3420 3788 Obitus
3449 3717 3566 3784 epi-

386 3788 527 3852 scopi
560 3785 1054 3854 Didymotichensis.
1087 3785 1389 3840 Alexander
1410 3785 1596 3842 Missus
1631 3785 1893 3842 Mo'rrltam

391 3857 543 3926 fugit.
590 3855 797 3926 Legatis
833 3857 1111 3925 respondet

1998 3785 2217 3857 pressus,
2262 3785 2604 3858 imperatoris
2649 3790 2878 3844 aduentu
2922 3791 3128 3850 audito,
3153 3797 3302 3841 trans
3336 3785 3569 3840 Hebrum

389 4001 612 4070 Κράλης
643 3997 701 4052 δὲ
752 3999 810 4050 ἐν
857 3996 1025 4069 Ζίχνα
1062 3998 1638 4068 ἐστρατοπεδευμένος,
1696 4015 1886 4070 ωσπερ

2059 3998 2178 4053 iam
2238 4011 2371 4052 vero
2412 3997 2598 4052 Crales
2645 3996 2768 4051 fixis
2807 3995 2949 4065 apud
2997 3995 3237 4049 Zicbnas
3289 3995 3564 4056 tentoriis.

317 4093 669 4162 ἔφημεν,,έπγ
714 4089 793 4160 τῷ
851 4088 1288 4161 Καντακουξηνῷ
1349 4087 1428 4158 τῷ
1481 4089 1694 4158 βασιλεῖ
1732 4091 1891 4142 πολε-

1998 4106 2098 4161 quo
2127 4105 2253 4144 cum
2297 4089 2682 4143 Cantaruzeno
2725 4087 3084 4157 conﬂigeret.
3139 4086 3566 4141 utdcmonstra-

322 4189 464 4256 μεῖν,
503 4184 624 4236 ἐπεὶ
676 4182 903 4235 πύθοιτο
958 4180 1020 4235 τὺ
1079 4185 1209 4250 περὶ
1239 4183 1364 4244 τοὺς
1399 4181 1612 4250 Πέρσας
1647 4181 1886 4248 συμϐὰν,

1998 4193 2101 4238 tum
2129 4191 2234 4244 est,
2271 4189 2332 4234 ut
2366 4180 2434 4234 de
2466 4179 2760 4234 Persarum
2795 4188 3021 4245 eventu,
3053 4187 3110 4232 et
3145 4178 3266 4232 illac
3298 4178 3350 4230 in
3379 4176 3561 4232 Cher-

320 4279 412 4329 καὶ
435 4276 510 4338 ὡς
537 4275 625 4328 διὰ
665 4275 763 4342 τῆς
794 4274 963 4344 αὐτῆς
995 4273 1116 4326 ὁδοῦ
1153 4274 1245 4327 ἐπὶ
1290 4272 1636 4343 Χερρόνησον
1668 4273 1892 4341 μέλλου-

321 4385 404 4420 σιν
435 4369 593 4432 ίέναι,
625 4368 684 4418 τδ
726 4368 1020 4435 κράτιστον
1052 4364 1152 4433 τῆς
1189 4365 1322 4434 περ)⁵
1353 4363 1518 4416 αὑτὸν
1547 4361 1890 4432 ἀπολεξὶμε-

318 4477 408 4522 νος
442 4461 722 4529 στρατιᾶς,
749 4459 842 4511 καὶ
883 4455 1190 4528 στρατηγὸν
1229 4456 1416 4518 αὐτοῖς
1451 4457 1756 4524 ἐπιστήσας
1797 4457 1891 4508 τὸν

318 4550 550 4622 εὐψυχίᾳ
583 4549 676 4603 καλ⁵
707 4549 881 4621 τόλμῃ
933 4549 1029 4601 καὶ
1088 4547 1354 4617 ἐμπειρίᾳ
1406 4546 1514 4600 τῶν
1570 4547 1703 4617 παρ’
1743 4545 1894 4618 αὐτῷ

318 4641 563 4694 δυνατῶν
613 4639 878 4694 δοκοῦντα
941 4640 1230 4708 ὑπερέχειν
1279 4637 1632 4716 Πρεὰλιμτιον
1679 4637 1898 4708 ὠνομα-

322 4731 517 4799 σμένον
541 4731 796 4783 ἐκέλευσε
825 4731 1234 4797 συμπλέκεσθαι
1262 4733 1373 4791 τοῖς
1401 4724 1894 4800 βαρδάροις,οἷπερ

321 4822 388 4875 ἂν
418 4822 748 4892 συντύχωσι,
776 4824 871 4875 καὶ
897 4822 1035 4892 πρός
1067 4839 1192 4875 τινα
1234 4821 1396 4874 τόπον
1439 4820 1782 4890 Στεφανιανὰ
1809 4821 1897 4874 λε-

1985 4286 2238 4326 ronesum
2272 4269 2377 4323 iter
2416 4270 2657 4322 tacturos
2680 4268 2911 4332 audivit,
2949 4267 3180 4322 delectis
3209 4267 3278 4321 de
3313 4269 3564 4321 exercitu

1987 4377 2088 4417 suo
2135 4361 2475 4423 fortissimis,
2523 4359 2762 4429 datoque
2799 4360 2909 4414 illis
2954 4361 3118 4423 duce,
3141 4361 3234 4428 qui
3277 4361 3559 4430 praestanti

1989 4456 2173 4510 animo
2215 4466 2270 4510 et
2315 4471 2416 4509 usu
2451 4455 2594 4509 inter
2629 4437 2888 4524 proceres
2909 4453 3278 4509 Triballorum
3311 4455 3560 4509 eminere

1989 4546 2304 4611 videbatur,
2355 4547 2725 4616 Prcalimpum
2785 4547 3080 4611 vocabulo,
3126 4561 3252 4600 cum
3301 4546 3558 4601 barbaris

1991 4636 2172 4690 obviis
2199 4651 2376 4705 pugna
2408 4635 2695 4690 decertare
2715 4636 2900 4706 jussit.
2935 4635 3126 4706 Itaque
3168 4635 3288 4690 loco
3314 4635 3553 4704 quodam

1991 4727 2359 4797 Stephaniana
2387 4727 2537 4782 dicto
2587 4729 2639 4782 in
2690 4743 2788 4782 eos
2835 4727 3170 4793 incidentes,
3216 4727 3284 4781 ad
3314 4741 3552 4796 pugnam

1992 4821 2400 4892 aggrediuntur.
2460 4821 2660 4884 Persae,
2711 4830 2772 4875 ut
2819 4821 2873 4875 in
2925 4821 3156 4892 planitie
3205 4819 3456 4890 equitum
3493 4820 3565 4873 ti-

1555 5005 1773 5070 Jacobi
1813 5007 2081 5070 Pontani
2114 5015 2301 5072 notos.

393 5132 504 5204 (δε)
535 5133 658 5206 Dari
697 5142 863 5206 noctu
921 5134 1136 5206 signum
1171 5132 1390 5206 ignibus
1406 5132 1616 5206 Ajactjs,
1675 5141 1768 5186 aut
1800 5131 1879 5186 fa-

319 5201 662 5257 cilius'elatis
691 5204 948 5256 usitatum
976 5201 1067 5258 est
1117 5201 1342 5256 militiae.
1402 5201 1493 5256 Sic
1521 5201 1780 5257 Sinonem
1818 5211 1875 5254 et

320 5273 577 5327 Helenam
601 5272 806 5326 Gnecis
833 5273 1047 5326 dedisse
1078 5273 1295 5341 signum
1327 5272 1558 5341 navibus
1584 5271 1877 5341 redeundi,

320 5351 377 5396 et
421 5341 635 5409 Troiam
681 5343 1020 5411 occupandi,
1063 5340 1281 5411 auctor,
1307 5351 1392 5395 est
1447 5340 1878 5411 Trypbtodorus,

321 5412 416 5533 bis.
440 5414 719 5533 iversibus,
760 5408 1082 5486 utiquidem
1121 5427 1152 5465 a
1188 5409 1462 5482 Xylandro
1511 5408 1702 5464 Latine
1752 5417 1882 5463 sunt

321 5497 400 5533 ret
422 5501 435 5533 ι
460 5489 518 5533 ιιι
547 5499 560 5533 :
1441 5516 1462 5523 ο

320 5482 518 5535 redditi
547 5499 560 5533 :
933 5481 939 5486 ”
1242 5481 1249 5482 “
1441 5516 1462 5523 -

392 5550 539 5604 Ilicet
574 5549 987 5620 AEacidazJuxta
1015 5550 1230 5604 sublime
1261 5548 1557 5620 sepulcrum

396 5620 640 5672 Exhibuit
669 5617 877 5689 signum
901 5621 1091 5673 lucenti
1115 5620 1360 5688 lampade
1390 5617 1570 5672 Graiis

393 5690 694 5753 .Iz‘sonidrs,
749 5691 913 5744 tacita
941 5692 1242 5758 monuitque
1271 5705 1540 5743 recurrere
1574 5693 1760 5744 classe.

2062 5132 2298 5204 {’ervigil
2331 5137 2446 5202 ipsa
2479 5136 2646 5188 etiam
2680 5151 2707 5188 e
2737 5134 2870 5190 celso
2893 5134 3126 5204 formosa
3150 5131 3314 5186 cubiti

2061 5202 2334 5273 Purpureo
2365 5205 2532 5256 socios
2552 5205 2765 5258 hortata
2797 5214 2872 5258 est
2897 5202 3162 5273 Tyndaris
3193 5204 3303 5273 igni

1990 5269 2064 5324 De
2089 5269 2290 5325 Helena
2321 5287 2577 5342 expresse
2601 5273 2834 5327 aliirmat
2863 5269 3028 5326 etiam
3055 5271 3200 5326 Maro
3230 5272 3368 5342 libro
3391 5285 3441 5326 vt
3465 5287 3488 5325 :-

2510 5343 2785 5412 ﬂammam
2811 5342 2978 5395 media
3004 5343 3116 5412 ipsa
3141 5341 3346 5394 tenebat

2061 5410 2350 5479 Ingentem,
2380 5421 2426 5464 et
2456 5427 2662 5463 summa
2692 5411 2903 5464 Danaos
2930 5428 2993 5468 ex
3026 5410 3148 5467 arce
3177 5417 3414 5463 vocabat.

1992 5481 2199 5534 Arabes
2230 5496 2446 5550 quoque
2474 5479 2776 5550 adventum
2819 5480 3058 5550 hostium
3108 5481 3347 5550 interdiu
3384 5479 3557 5546 fumo,

1989 5559 2168 5674 ηοοῑιὲ
2184 5548 2308 5619 igne
2345 5548 2684 5622 signiﬁcasse
2727 5557 2958 5604 testatur
2992 5548 3286 5605 Frontinus
3337 5549 3434 5603 lib.
3494 5565 3557 5617 ιι,

1989 5636 2108 5674 can.
2180 5661 2191 5673 .

1987 5636 2108 5689 cap.
2137 5636 2191 5674 ε).
