4062 6290
612 275 743 342 illi

1777 290 2100 352 JOANNIS
2141 291 2668 358 CANTACUZENI

3663 305 3762 370 illi

608 399 823 444 mentes
885 391 1202 459 incursum,
1260 393 1314 448 in
1367 405 1608 452 montem
1658 397 1898 454 vicinum
1945 414 2003 456 et
2056 401 2174 456 loca

2157 417 2174 456 ε
2213 405 2257 461 Δ
2285 404 2518 474 γόμενον
2549 410 2950 480 περιτυχόντες,
3001 408 3323 464 καθίσταντο
3353 409 3482 481 πρὶς
3525 414 3683 486 μάχην.
3717 420 3761 471 0i

609 479 870 548 impedita
925 482 1481 540 secedunt.-Triballi
1533 486 1784 544 dillicilcs
1831 489 2018 546 aditus
2052 507 2172 546 cer-

609 578 823 626 nentes.
857 573 1091 640 ratique,
1145 573 1190 627 si
1235 588 1334 642 per
1362 577 1644 644 angustias
1677 580 2014 648 penetrando
2053 595 2175 636 sese

609 660 952 730 impellerent
1028 673 1083 718 et
1142 677 1527 735 coarctarent,
1603 685 1776 740 equos
1862 672 2176 741 complures

608 749 741 804 hinc
780 751 904 805 inde
947 753 1166 822 sagittis
1208 758 1458 813 coutixos
1500 774 1532 812 a
1577 758 1829 814 barbaris
1871 761 2170 830 perituros,

611 855 782 910 seque
840 843 976 897 nihil
1028 845 1133 900 nisi
1178 848 1406 904 vulnera
1448 859 1850 920 reportaturos,
1901 851 1969 907 de
2016 852 2176 921 equis

611 932 1031 997 descendentes,
1065 937 1299 1005 pedibus
1323 956 1421 1009 per
1458 943 1684 997 acclivia
1710 957 1942 1012 Operose
1974 958 2038 998 ac
2064 943 2173 998 dif-

610 1026 843 1091 ﬁculter,
904 1043 1182 1082 armorum
1234 1032 1474 1100 pondere
1531 1034 1814 1101 retardati,
1885 1035 1936 1088 in
1991 1035 2178 1090 hostes

609 1117 782 1171 ibant.
857 1119 1112 1174 Videntes
1151 1121 1330 1175 Persae
1377 1123 1644 1179 Triballos
1688 1125 1825 1180 adeo
1879 1140 1974 1194 per
2020 1127 2170 1181 invia

608 1209 932 1273 cluctantes,
966 1213 1228 1280 quiddam
1280 1216 1560 1271 curiosum
1597 1218 1770 1286 magis
1813 1233 1977 1286 quam
2008 1233 2178 1289 gene-

608 1315 799 1353 rosum
850 1302 1028 1357 facere
1077 1304 1404 1370 decernunt,
1434 1318 1491 1360 et
1536 1307 1660 1378 fuga
1691 1309 1944 1363 simulata
1974 1310 2176 1365 montis

611 1391 871 1446 ulteriora
905 1405 1118 1462 petunt.
1153 1397 1384 1452 'l‘riballi
1418 1397 1630 1453 fraudis
1653 1399 1827 1470 ignari
1845 1410 2172 1470 sequuntur.

610 1482 710 1546 Qui
743 1494 1028 1552 postquam
1059 1487 1128 1541 ab
1161 1489 1337 1557 equis.
1371 1489 1550 1558 iisque
1579 1505 1686 1544 non
1719 1491 1908 1560 paucis
1939 1491 2172 1548 destite-

611 1583 758 1634 runt.
813 1576 989 1631 Persae
1041 1579 1221 1634 denuo
1272 1581 1646 1649 agglomerati,
1701 1582 1909 1638 directe
1950 1584 2174 1652 quidem

611 1665 772 1736 587
804 1681 996 1722 contra
1041 1685 1136 1724 eos
1163 1687 1272 1726 non
1317 1673 1743 1739 contenderunt,
1777 1675 1872 1728 sed
1899 1675 1968 1729 ab
1997 1676 2168 1730 altera

2279 497 2484 567 Πέρσαι
2515 498 2573 552 δὲ
2603 503 2727 556 ἐπεὶ
2770 502 2951 556 πεδίον
2976 497 3045 574 ἦν
3073 501 3162 571 ἐφ’
3193 495 3250 554 οὗ
3283 502 3554 572 Τριϐαλοῖς
3593 505 3762 575 ἔμελλον

2281 587 2419 641 ἰέναι
2446 589 2504 652 ἐς
2552 590 2652 653 τὰς
2699 593 2908 662 χεῖρας,
2937 592 3217 655 δείσαντες
3244 593 3342 663 τὴν
3383 592 3558 662 ἔφοδον
3586 595 3676 648 τῶν
3703 599 3766 650 ἰτ-

2278 681 2447 746 πέων,
2480 682 2791 752 ἀνεχώρουν
2822 684 2958 754 πρὸς
2984 685 3046 737 τὸ
3076 685 3203 754 δρος
3230 685 3322 738 καὶ
3350 685 3446 747 τὰς
3475 686 3758 757 δυσχωρίας·

2275 768 2344 841 ἦν
2374 773 2483 841 γὰρ
2522 773 2712 840 ἐγγύς.
2757 773 3024 844 Ὀρῶντες
3052 775 3107 828 δέ
3147 776 3196 828 οἰ
3226 775 3480 846 Τριϐαλοῖ
3532 775 3764 846 δυσπρόσο

2275 862 2365 915 δον
2402 865 2463 917 τὸ
2515 865 2732 934 χωρίον,
2769 867 2865 919 καὶ
2916 865 3241 933 νομίσαντες
3271 868 3318 918 εἰ
3365 864 3450 918 διὰ
3481 863 3579 917 τῶν
3617 865 3768 918 ctuti-ti

2279 954 2554 1006 εἰσωθοῖεν
2582 955 2831 1021 ἑαυτοὺς,
2861 955 3058 1016 ῖππους
3090 973 3149 1008 τε
3179 955 3400 1009 ἀπολεῖν
3431 953 3633 1017 πολλοὺς
3657 973 3767 1023 περι-

2275 1043 2664 1112 τοξευομένους
2695 1044 2800 1097 ὑπὸ
2827 1045 2935 1099 τῶν
2973 1045 3287 1116 βαρϐάρων,
3315 1045 3409 1098 καὶ
3441 1045 3617 1105 αὐτοὺς
3641 1062 3765 1114 spe-ac

2283 1135 2735 1205 ματισθήσεσθαι,
2761 1135 3065 1200 ἀποϐάντες
3091 1137 3201 1189 τῶν
3231 1137 3430 1201 ἵππων,
3458 1135 3674 1200 ἐϐάδιζον
3693 1153 3766 1188 1t:-

2277 1228 2362 1291 ζοὶ
2415 1229 2506 1281 ἐπὶ
2539 1230 2664 1292 τοὺς
2697 1227 3012 1298 πολεμίους,
3055 1229 3338 1297 δυσέργως
3384 1227 3475 1281 καί⁵
3523 1227 3643 1296 μετά
3681 1227 3769 1295 βίας

2277 1320 2372 1372 ἐπὶ
2406 1319 2466 1372 τὺ
2499 1320 2726 1382 ἄναντες
2753 1321 2926 1383 ἰόντες
2955 1318 3043 1373 διὰ
3079 1319 3362 1390 βαρύτητα
3395 1319 3500 1371 τῶν
3535 1318 3700 1372 ὅπλων.
3725 1317 3770 1370 Οἰ

2279 1411 2486 1480 Πέρσαι
2519 1410 2575 1464 δὲ
2615 1411 2815 1472 ἰδόντες
2837 1410 2981 1464 οὕτω
3010 1409 3208 1473 πεζοὺς
3237 1410 3330 1463 ἐπὶ
3373 1409 3469 1477 τὴν
3500 1407 3657 1462 ἄνοδον
3682 1408 3768 1477 βια-

2279 1502 2561 1570 ζομένους,
2600 1501 3022 1572 περιεργότερόν
3049 1517 3104 1555 τι
3147 1501 3350 1570 μᾶλλον
3379 1499 3624 1566 ἔγνωσαν,
3650 1498 3676 1568 ἢ
3699 1503 3766 1552 ἁν-

2277 1593 2584 1662 δρειότερον
2614 1595 2816 1646 ποιεῖν·
2856 1593 2949 1646 καὶ
2996 1591 3430 1661 ὑποκρινάμενοι
3459 1590 3637 1661 φυγὴν,
3669 1591 3766 1660 μᾶλ-

2279 1681 2370 1734 λον
2421 1682 2729 1752 ἀνεχώρουν
2781 1683 2918 1751 πρὸς
2975 1682 3035 1733 τὸ
3069 1680 3213 1751 ὅρος,
3243 1681 3294 1734 οἰ
3327 1681 3368 1734 δ’
3403 1681 3691 1747 ἐφείποντο,
3719 1681 3770 1749 μὴ

611 1766 766 1824 parte
783 1752 1206 1826 ‘circumventis,
1237 1763 1305 1817 ad
1336 1779 1507 1832 equos
1539 1764 1757 1818 illorum
1786 1777 2173 1829 cucurrerunt,
2208 1763 2215 1818 l

2164 1806 2173 1829 ι
2208 1763 2250 1819 Β
2282 1773 2588 1833 συνιδόντες
2620 1774 2721 1844 τὴν
2752 1773 2993 1841 ἀπάτην.
3037 1773 3190 1826 Ἐπεὶ
3216 1771 3275 1825 δὲ
3303 1774 3604 1841 ἀπέστησαν
3631 1771 3768 1824 ἑκάτε-

612 1856 671 1900 et
699 1849 824 1916 quia
855 1851 1021 1907 armis
1054 1869 1163 1907 non
1195 1856 1577 1924 gravabantur,
1610 1865 2020 1913 antevertentes
2051 1859 2174 1912 Trio

611 1938 788 1995 ballos
847 1945 1289 2001 conscenderunt
1357 1965 1370 2002 :
1441 1949 1535 2017 qui
1610 1950 1768 2020 equis
1830 1951 2045 2020 spoliati
2109 1951 2177 2005 ad

611 2031 814 2085 caedem
849 2038 1143 2102 Opportuni
1175 2047 1351 2101 erant,
1382 2040 1813 2110 cecideruutque
1844 2042 2176 2111 complures,

612 2136 715 2174 nec
744 2128 901 2190 pauci
929 2129 1070 2194 capti
1101 2137 1249 2193 sunt,
1280 2130 1478 2199 reliqui
1512 2146 1609 2199 per
1637 2141 1879 2186 montem
1913 2132 2023 2187 huc
2047 2133 2178 2188 illuc

613 2212 907 2282 fugientes,
940 2233 1082 2287 aegre
1132 2235 1190 2274 se
1243 2223 1404 2276 morti
1449 2223 1854 2279 subduxerunt.
1886 2223 2073 2280 Crales
2111 2224 2180 2279 de

612 2321 841 2362 suorum
897 2309 1050 2365 clade
1104 2322 1328 2382 accepto
1371 2315 1588 2380 nuntio,
1625 2315 1790 2369 etiam
1824 2315 1950 2384 jipse
1995 2331 2180 2371 reces-

612 2400 706 2466 sit,
745 2414 969 2473 propter
995 2405 1386 2473 calamitatem,
1421 2407 1547 2462 belli
1583 2408 1636 2460 in
1664 2409 2048 2478 imperatorem
2081 2410 2181 2463 im-

612 2510 859 2573 memor.
906 2499 1024 2553 Non
1076 2509 1254 2554 tamen
1308 2517 1422 2556 rem
1471 2503 1693 2572 penitus
1727 2504 2054 2574 negligebat,
2085 2503 2182 2559 sed

611 2599 668 2642 et
697 2590 842 2644 domi
893 2591 1093 2647 sedens
1136 2593 1540 2650 bellaturiebat.
1585 2595 1766 2651 Persae
1819 2598 2058 2652 victores
2113 2597 2181 2651 ad

610 2680 1052 2737 Lantacuzenum
1107 2683 1539 2756 Gratianopolim
1582 2687 1922 2743 obsidentem
1975 2689 2184 2760 legatos

612 2773 856 2834 mittunt.
895 2791 1061 2830 naves
1087 2791 1215 2831 suas
1242 2777 1630 2839 inflammatas.
1665 2790 1720 2834 et
1744 2779 2014 2834 Triballos
2039 2781 2107 2836 ab
2127 2797 2186 2836 se

611 2866 791 2920 victos
823 2866 1089 2933 indicant,
1139 2879 1194 2922 et
1228 2884 1286 2924 se
1337 2870 1479 2924 illius
1524 2871 1752 2940 cupidos
1781 2871 2183 2927 Cherronesum

612 2966 820 3026 petere,
859 2967 916 3011 ut
949 2957 1074 3012 inde
1105 2958 1160 3012 in
1188 2959 1370 3014 Asiam
1405 2961 1684 3031 navigent.
1715 2962 1888 3016 Orant
1919 2963 2085 3017 etiam
2117 2980 2186 3019 ne

612 3047 744 3116 quid
777 3048 881 3102 sibi
919 3065 1017 3118 per
1053 3051 1173 3119 ejus
1211 3051 1494 3120 regionem
1521 3053 1882 3110 ambulaturis
1909 3055 2185 3111 molestia-

614 3156 735 3194 rum
777 3142 1121 3199 exhibeatur.
1155 3144 1331 3211 'Quod
1377 3145 1422 3200 si
1475 3147 1609 3217 quid
1675 3147 1810 3217 ipsis
1841 3157 2033 3204 contra
2076 3149 2181 3205 bo-

613 3244 726 3288 stes
785 3245 1017 3304 egeret,
1059 3238 1381 3306 promittere
1441 3254 1499 3293 se
1553 3251 1859 3310 promptam
1918 3256 2162 3311 operam,

612 3323 658 3378 si
717 3326 991 3394 stipendia
1047 3337 1200 3397 pacta
1267 3338 1628 3384 numerentur
1677 3347 1690 3384 :
1769 3340 1927 3387 erant
1995 3341 2178 3388 autem

612 3424 696 3469 ter
750 3417 897 3470 mille
941 3427 996 3471 et
1053 3429 1296 3474 centum.
1360 3421 1679 3490 imperatori
1737 3422 2041 3477 subsidium
2078 3424 2180 3479 hoc

613 3518 878 3571 perquam
949 3516 1360 3574 opportunum.
1409 3526 1870 3580 summopereque
1931 3527 2184 3568 necessa-

615 3594 756 3648 rium
784 3596 980 3660 videri,
1018 3613 1141 3652 cum
1176 3599 1363 3654 hestcs
1388 3609 1493 3654 tam
1523 3602 1702 3664 multi,
1729 3611 1950 3672 tamque
1986 3612 2181 3670 polen-

617 3709 700 3753 ιθε
730 3690 1148 3747 incumberent:
1177 3692 1422 3746 nondum
1449 3693 1594 3746 enim
1624 3693 2052 3750 CralesZichnis
2086 3696 2184 3750 do—

617 3802 765 3842 mum
801 3785 1148 3839 discesserat.
1202 3783 1440 3837 Pecunia
1465 3792 1645 3838 autem
1683 3800 1790 3838 non
1833 3795 2179 3857 suppetente,

617 3879 759 3934 haud
818 3890 1010 3946 parum
1073 3873 1445 3927 cruciabatur.
1515 3873 1770 3929 Attamen
1829 3876 2045 3931 donatis
2106 3877 2177 3930 le-

616 3970 756 4040 gatis
788 3982 885 4022 eos
915 3963 1163 4027 adduxit,
1197 3973 1260 4018 ut
1297 3964 1352 4017 in
1399 3965 1734 4035 stipendium
1767 3977 1978 4022 eertum
2022 3984 2184 4023 exer-

614 4064 757 4116 citus
827 4058 976 4112 illius
1041 4053 1423 4108 commilitium
1497 4071 1681 4110 secum
1746 4058 2180 4126 paciscerentur,

618 4167 792 4222 usque
821 4151 886 4204 ad
936 4149 1052 4203 dies
1094 4147 1475 4218 quadraginta.
1528 4147 1682 4214 Quod
1715 4165 1782 4204 ne
1813 4150 1999 4204 statim
2029 4160 2182 4220 pete-

618 4253 760 4309 rent,
795 4243 891 4298 sed
920 4251 1040 4312 post
1066 4242 1245 4296 lucem
1282 4240 1551 4302 decimam
1586 4242 1858 4311 quintam,
1884 4257 1949 4296 ex
1977 4258 2086 4311 quo
2115 4243 2181 4297 ad

615 4355 678 4394 se
705 4335 1063 4391 accessissent
1091 4349 1108 4387 :
1135 4333 1354 4388 volebat
1386 4333 1536 4387 enim
1563 4333 1768 4388 interea
1795 4333 2183 4404 Didymoticho

2284 1883 2366 1933 ροι
2398 1866 2506 1918 τῶν
2541 1866 2722 1919 ἵππων
2748 1865 2847 1918 οὐκ
2869 1863 3070 1932 ὀλίγον,
3099 1864 3150 1916 οἱ
3185 1865 3395 1934 Πέρσαι
3423 1863 3772 1933 συστραφέντες,

2279 1957 2520 2010 ἐναντίον
2547 1957 2646 2026 μὲν
2679 1956 2782 2010 οὐκ
2816 1955 3056 2026 ἐχώρουν
3101 1955 3408 2024 Τριϐαλῶν,
3450 1955 3554 2006 ἀλλ’
3600 1955 3770 2021 ἐκπερι-

2281 2047 2530 2109 ελθόντες
2560 2047 2921 2118 ἑκατέρωθεν,
2957 2045 3110 2099 ἔθεον
3143 2047 3236 2099 ἐπὶ
3271 2047 3394 2109 τοὺς
3427 2045 3608 2107 ῖππους
3629 2060 3640 2074 ·
3683 2043 3772 2097 ἀνο-

2282 2140 2404 2193 πλοι
2435 2139 2492 2192 δὲ
2525 2139 2620 2192 καὶ
2674 2132 2866 2207 κυῦφοι
2925 2139 3101 2204 ὄντες,
3137 2139 3447 2207 φθάσαντες
3492 2138 3604 2198 τοὺς
3625 2133 3776 2204 Τριϐα·

2281 2230 2427 2295 λοὺς,
2476 2229 2791 2299 ἐκράτησαν
2821 2230 2930 2282 τῶν
2961 2230 3166 2296 ἵππων,
3201 2231 3298 2282 καὶ
3330 2229 3591 2296 ἐπέϐησαν
3628 2225 3774 2280 αὐτοῖο

2285 2321 2548 2392 Τριϐαλοί
2585 2321 2642 2374 δέ
2678 2321 2788 2376 τῶν
2832 2321 3018 2376 ἵππων
3047 2322 3424 2394 ἀφῃρημένων
3455 2321 3641 2388 ἕτοιμοι
3673 2311 3778 2386 ἦσαν

2283 2413 2423 2481 πρὸς
2451 2413 2692 2481 σφαγήν.
2728 2413 2966 2466 Ἐπεσον
3003 2412 3112 2482 γὰρ
3155 2415 3203 2465 οἰ
3237 2411 3462 2474 πλείους
3509 2408 3777 2477 κτεινόμενοι

2279 2505 2392 2559 ὑπὸ
2410 2505 2518 2558 τῶν
2557 2506 2804 2577 Περσῶν,
2837 2505 3085 2560 ἐάλωσάν
3113 2523 3172 2558 τε
3206 2507 3312 2560 οὐκ
3334 2507 3500 2574 ὀλίγοι
3521 2522 3534 2535 °
3567 2506 3608 2557 οἰ
3645 2499 3778 2555 λοιποὶ

2283 2599 2338 2652 δὲ
2371 2598 2523 2668 μόλις
2552 2598 2889 2668 διεσώθησαν
2924 2597 3082 2662 πεζοί
3129 2601 3222 2652 ἐπὶ
3274 2600 3342 2652 τὸ
3395 2599 3512 2668 ὅρος
3552 2594 3776 2650 διασκεδα-

2287 2692 2527 2755 σθέντες.
2587 2691 2810 2763 Κράλης
2862 2690 2919 2744 δὲ
2974 2692 3097 2743 ἐπεὶ
3129 2692 3369 2744 ἐπύθετο
3408 2690 3502 2761 τὴν
3541 2684 3686 2760 ἧτταν
3707 2685 3776 2753 τῆς

2285 2783 2488 2846 οἰκείας
2519 2784 2802 2853 στρατιᾶς.
2847 2782 3048 2846 δείσας,
3094 2784 3364 2854 ἀνεχώρει
3413 2786 3502 2838 καὶ
3529 2783 3684 2846 αὑτὸς,
3709 2778 3777 2834 τοῦ

2287 2873 2426 2943 πρὸς
2455 2872 2681 2944 βασιλέα
2718 2872 2955 2942 πολέμου
2987 2874 3418 2946 ἐπιλελησμένος
3445 2874 3527 2927 διά
3552 2875 3636 2942 τὴν
3673 2886 3776 2938 συμ-

2288 2968 2462 3021 ϐᾶσαν
2503 2966 2810 3036 συμφοράν.
2841 2966 2914 3020 Οὐ
2950 2966 3057 3036 μὴν
3091 2964 3289 3035 ἠμέλει
3320 2981 3402 3032 γε,
3433 2963 3560 3017 ἀλλά
3583 2961 3661 3014 καὶ
3681 2957 3780 3011 olm

2289 3058 2598 3129 καθήμενος
2627 3057 2904 3127 ἐπολέμει.
2947 3057 3010 3110 Οἱ
3057 3057 3266 3126 Πέρσαι
3301 3058 3358 3110 δέ
3393 3056 3523 3126 μετά
3554 3055 3637 3119 τὴν
3664 3051 3778 3116 νίκην

2289 3151 2583 3218 πυθόμενοι
2618 3149 3072 3218 Καντακουζηνὺν
3097 3148 3188 3201 τὸν
3216 3148 3446 3218 βασιλέα
3476 3147 3566 3216 τὴν
3604 3145 3637 3196 Γ
3641 3156 3777 3214 parts-

2288 3241 2381 3296 νοῦ
2417 3241 2746 3311 πολιορκεῖν,
2777 3241 3078 3312 πρεσϐείαν
3131 3240 3469 3310 πέμψαντες,
3511 3240 3591 3291 τόν
3623 3252 3672 3288 τε
3707 3234 3776 3301 ἐμ·

2291 3333 2544 3401 πρησμδν
2573 3332 2681 3384 τῶν
2713 3332 2846 3385 νεῶν
2878 3332 3096 3402 ἐδήλουν
3128 3333 3238 3386 τῶν
3277 3333 3569 3400 σφετέρων,
3607 3326 3683 3378 καὶ
3709 3321 3778 3388 τὴν

2287 3421 2462 3494 ἧτταν
2513 3423 2817 3492 Τριϐαλῶν,
2849 3422 2942 3476 καὶ
2971 3423 3046 3485 ὡς
3079 3424 3233 3476 αύτοί
3295 3422 3484 3492 φιλίως
3513 3417 3779 3484 διακείμενοι

2290 3513 2427 3583 πρὸς
2467 3512 2650 3577 αὑτὸν,
2688 3513 2780 3564 ἐπὶ
2825 3512 3170 3582 Χερρόνησον
3201 3511 3474 3580 ἐγνώκασι
3517 3509 3700 3578 χωρεῖν,
3732 3499 3780 3552 ἶν’

2291 3606 2500 3658 ἐκεῖθεν
2533 3601 2915 3675 περαιωθῶσιν
2966 3605 3045 3666 εἰς
3093 3604 3282 3658 Ἀσίαν
3307 3605 3536 3674 ἠξίουν
3574 3617 3625 3652 τε
3659 3593 3781 3667 μηδὲν

2293 3699 2475 3759 αὐτοῖς
2504 3695 2857 3766 παρενοχλεῖν
2881 3696 3132 3766 μέλλουσι
3153 3695 3240 3754 διὰ
3266 3697 3368 3765 τῆς
3390 3696 3570 3762 ἐκείνῳ
3595 3687 3780 3758 ὑπηκόῡυ

2291 3789 2504 3842 διιέναι.
2540 3789 2600 3840 Εἰ
2626 3788 2680 3840 δέ
2723 3805 2777 3840 τι
2821 3787 2994 3840 δέοιτο
3029 3787 3206 3841 αὐτῶν
3251 3787 3399 3840 κατά
3429 3786 3530 3838 τῶν
3569 3776 3782 3847 πολεμίων

2293 3879 2604 3950 προθύμους
2661 3874 2800 3934 εἶναι
2859 3881 3190 3948 συμμαχεῖν,
3259 3881 3591 3949 εἰςχρήματα
3650 3868 3783 3938 παρά·

2294 3972 2621 4040 σχοιτο,ι¹ὅσα
2661 3972 2727 4024 ἂν
2780 3969 3100 4038 συμϐῶσιν*
3134 3966 3276 4039 ἦσαν
3331 3971 3388 4025 δὲ
3430 3966 3688 4040 τρισχίλιοι
3717 3958 3783 4014 καὶ

2291 4063 2507 4116 ἑκατόν.
2540 4061 2758 4114 Βασιλεῖ
2781 4062 2881 4130 μὲν
2912 4057 3004 4115 οὖν
3051 4061 3224 4115 ἐδόκει
3256 4061 3641 4129 ἀναγκαιοτάτη
3683 4052 3782 4106 illa!

2292 4155 2446 4224 ἡτῆς
2476 4153 2752 4223 Περσικῆς
2800 4153 3086 4223 συμμαχία
3133 4155 3419 4223 στρατιᾶς,
3470 4153 3558 4205 καὶ
3603 4147 3783 4219 μάλιστα

2291 4248 2382 4298 ἐπὶ
2416 4244 2606 4315 καιρὸν
2637 4242 3004 4312 γεγενημένη,
3044 4243 3317 4298 τοσούτων
3363 4244 3622 4312 πολεμίως
3655 4234 3783 4288 ἐπιόν-

2291 4353 2398 4389 των
2428 4335 2693 4390 πάντοθεν
2731 4336 2824 4388 καὶ
2868 4333 3013 4388 οὕτω
3038 4335 3282 4388 δυνατῶν
3307 4350 3323 4368 ο
3362 4335 3564 4388 οὐδέπω
3590 4331 3678 4400 γὰρ
3701 4325 3783 4397 ᾖδει

616 4443 810 4484 curare
843 4425 1153 4495 pecuniam.
1215 4423 1306 4478 Sic
1340 4425 1509 4492 igitur
1540 4439 1667 4478 cum
1699 4413 2185 4495 legatis'pactione

2174 4442 2185 4478 ε
2221 4445 2262 4500 ι’)
2296 4424 2520 4496 Κράλην
2546 4424 2680 4494 πρὸς
2699 4424 2797 4492 τὴν
2817 4423 3025 4476 οἰκείαν
3049 4425 3105 4476 ἐν
3128 4424 3338 4494 Ζιχνῶν
3363 4417 3778 4492 ἀνακεχωρηκότα·

531 4554 549 4586 ι.
617 4520 893 4581 confecta,
921 4531 1020 4572 eos
1053 4516 1119 4569 ad
1154 4525 1333 4570 castra
1366 4515 1600 4581 remisit,
1647 4531 1882 4587 cumque
1915 4518 1982 4571 iis
2015 4535 2183 4572 ttuutn

616 4611 684 4664 tle
738 4611 891 4674 suis,
962 4609 1054 4678 qui
1098 4609 1235 4673 ,illas
1297 4608 1486 4676 copias
1549 4608 1806 4663 celeriter
1863 4609 2182 4665 adduceret.

617 4702 889 4761 Postridie
948 4703 1001 4754 in
1049 4715 1175 4754 arce
1230 4699 1736 4767 Gratianopolitaua
1796 4701 2013 4764 vincti,
2089 4715 2187 4754 ους

617 4793 872 4849 studibus
928 4791 1159 4844 meridie
1223 4791 1430 4858 impetu
1494 4789 1640 4844 facto
1701 4789 2009 4860 iugulatis,
2082 4791 2187 4844 im-

620 4892 928 4949 peratorem
995 4879 1127 4932 fumi
1199 4880 1354 4948 signo
1429 4894 1492 4931 ex
1544 4879 1849 4948 composito
1889 4879 2182 4941 advocant.

617 4988 729 5043 quo
757 4971 875 5026 viso
897 4970 1184 5025 confestim
1227 4984 1349 5021 cum
1391 4969 1594 5022 auxilio
1647 4985 1970 5037 accurrens,
2003 4986 2182 5027 arcem

622 5075 900 5150 totamque
949 5063 1140 5116 urbem
1196 5061 1363 5130 capit,
1411 5071 1465 5116 et
1517 5071 1744 5116 caetera
1777 5063 1990 5118 laetatus
2039 5065 2185 5134 quod

623 5161 814 5210 urbem
871 5166 976 5209 tam
1029 5155 1313 5225 pulchram
1375 5155 1525 5207 nullo
1590 5155 1776 5208 labore
1829 5155 2187 5224 periculoque

620 5250 994 5313 obtinuisset,
1052 5249 1215 5303 etiam
1293 5247 1552 5316 grandem
1622 5247 1964 5314 pecuniam,
2021 5263 2186 5316 quam

623 5343 854 5395 maxime
914 5339 1216 5408 indigebat,
1257 5338 1484 5391 invenit.
1541 5338 1855 5407 Angelitzcs
1883 5339 2029 5392 enim
2061 5338 2188 5408 quin

619 5435 768 5495 dum,
827 5431 1076 5502 abjectus
1133 5440 1188 5484 ct
1239 5429 1506 5484 obscurus
1545 5429 1704 5492 civis,
1742 5436 1901 5484 antea
1941 5429 2183 5482 thesauri

621 5525 821 5593 reperti
879 5523 1191 5592 suspicione
1255 5523 1571 5584 laborabat,
1629 5522 1764 5585 cui,
1829 5537 1886 5575 re
1943 5520 2186 5574 nondum

625 5635 637 5658 ‹
657 5626 793 5673 ιιι-ιιι,
832 5617 1106 5681 negotium
1137 5629 1296 5668 nemo
1337 5612 1657 5666 lacessebat.
1687 5615 1752 5665 At
1783 5628 1912 5666 vero
1945 5621 2187 5678 tempore

625 5702 790 5775 huius
819 5707 944 5758 saevi
976 5705 1107 5760 belli
1140 5706 1306 5758 rebus
1333 5704 1584 5759 omnibus
1614 5705 1666 5758 in
1701 5705 2034 5759 contrarium
2071 5722 2185 5758 mu~

2292 4517 2590 4586 χρημάτων
2645 4514 2700 4566 δὲ
2735 4515 2836 4567 οὐκ
2890 4513 3160 4584 εὐπορῶν,
3205 4514 3266 4566 ού
3331 4513 3561 4584 μετρίως
3609 4505 3779 4577 ⁴ἰπνιιῑτο·

2290 4605 2437 4672 ὅμως
2465 4605 2577 4665 τοῖς
2604 4601 3001 4673 πρεσϐεύσουσι
3021 4601 3171 4672 δῶρα
3195 4615 3622 4672 παρασχομενος,
3644 4596 3781 4648 ἔπεισε

2291 4695 2582 4749 συνθέσθαι
2617 4696 2708 4746 ἐπὶ
2738 4695 2984 4764 χρήμασι
3025 4696 3211 4764 ῥητοῖς
3248 4695 3548 4764 συμμαχεῖν
3576 4679 3783 4754 αὐτῷτὴι

2292 4787 2548 4856 στρατιὰν
2588 4786 2798 4856 ἡμέρας
2835 4785 3264 4856 τεσσαράκοντα,
3301 4787 3370 4838 τὰ
3403 4784 3639 4853 χρήματα
3664 4776 3706 4827 δὲ
3730 4769 3782 4839 μὴ

2288 4877 2487 4931 αὐτίκα
2535 4877 2812 4942 ἀπαιτεῖν,
2841 4876 2978 4930 ἀλλὰ
3033 4877 3173 4944 μετά
3219 4873 3684 4937 πεντεκαιδεκάτῳ
3713 4865 3784 4925 τῆς

2291 4973 2532 5040 ἀφίξεως
2559 4972 2776 5041 ἡμέραν
2795 4988 2809 5003 ⁸
2839 4973 3066 5041 γνώμην
3091 4970 3149 5023 δὲ
3181 4966 3324 5040 εἶχεν
3351 4969 3424 5030 ὡς
3453 4968 3508 5018 ἐν
3537 4964 3720 5021 ταύταις
3739 4958 3784 5007 ἐκ

2290 5064 2674 5132 Διδυμοτείχου
2713 5063 3229 5131 μεταπεμψάμενος.
3261 5060 3416 5115 Οὕτω
3459 5059 3550 5129 μὲν
3578 5053 3658 5108 οὖν
3681 5044 3785 5120 μετὰ

2289 5155 2398 5207 τῶν
2444 5152 2729 5223 πρέσϐεων
2774 5152 3073 5220 συμϐάσεις
3105 5152 3348 5221 θέμενος,
3384 5152 3613 5220 ἔπεμπεν
3639 5146 3705 5204 είς
3740 5153 3784 5191 το

2291 5245 2656 5316 στρατόπεδον
2709 5245 2806 5298 καὶ
2855 5244 2967 5297 τῶν
3015 5244 3231 5297 οἰκείων
3292 5239 3653 5309 συνεκπέμψας
3696 5230 3783 5289 ἕνα»

2289 5337 2429 5390 ὥστε
2468 5336 2606 5391 κατὰ
2635 5337 2800 5406 τάχος
2830 5335 3057 5403 ἀγαγεῖν
3082 5335 3217 5404 πρὸς
3248 5334 3408 5389 αὑτὸν
3432 5330 3524 5400 τὴν
3545 5319 3784 5404 “pater

2290 5432 2370 5492 είς
2399 5429 2496 5500 τὴν
2547 5429 2842 5498 ὑστεραίαν
2872 5427 2928 5480 δὲ
2987 5426 3127 5496 μετά
3178 5425 3287 5478 τῶν
3320 5422 3590 5495 πρέσϐεων
3623 5414 3705 5483 τὴν
3737 5408 3784 5460 δι

2293 5521 2558 5590 βασιλέως
2587 5519 2935 5591 ἀναχώρησιν
2983 5521 3031 5573 οἱ
3061 5521 3120 5571 ἐν
3154 5517 3445 5588 ἀκροπόλει
3471 5516 3560 5581 τῆς
3598 5509 3782 5602 Γρατια·

2294 5618 2385 5668 νοῦ
2418 5613 2692 5683 δεσμῶται
2724 5615 2837 5674 τοῖς
2874 5612 3201 5679 φυλάττουσι
3228 5609 3396 5678 μέσης
3425 5605 3616 5675 ἡμέρας
3639 5590 3783 5683 ἐπιθε-

2298 5723 2445 5777 μενοι
2515 5708 2605 5758 καί
2646 5687 3018 5774 κρατήσαντες
3079 5701 3306 5755 ἐκάλουν
3362 5694 3572 5770 βασιλέα
3628 5678 3783 5743 καπνὸν
