4062 6290
312 274 450 337 I113
1437 283 1983 376 HIST‘ORIARUM
2026 289 2258 350 LIBER
2305 291 2419 352 IlI.
3416 305 3553 371 ιιῑεί

309 389 734 452 ἐπιδεικνύντες,
794 391 982 462 ὥσπερ
1015 386 1083 464 ἦν
1138 396 1569 466 συντεθειμένοι).
1612 398 1913 464 Βασιλεὺςγ

1977 401 2126 467 tatis,
2158 411 2212 457 et
2241 394 2596 472 optimatibus
2624 407 2844 478 quidem
2877 410 3081 482 ubique
3125 415 3318 484 pulsis,
3359 417 3414 472 In
3434 432 3554 477 cart-

310 483 364 533 δὲ
398 483 520 534 ἐπεὶ
546 485 606 536 τὸ
631 484 882 553 σύνθημα
934 482 1098 550 εἶδεν,
1130 487 1298 551 ὀξέως
1331 489 1724 558 ἐπιϐοηθήσας,
1759 485 1872 542 εἷλε

1971 504 2264 561 eeremque
2309 494 2608 561 conjectis,
2667 497 2832 568 588
2885 482 3164 570 praefectis
3217 482 3398 561 autem
3452 507 3553 564 im-

307 575 406 641 τὴν
432 575 588 626 πόλιν
616 577 679 628 ἐκ
712 577 808 645 τῆς
841 576 1016 647 ἄκρας
1036 593 1050 607 ⁸
1083 575 1178 631 κοιλν
1205 579 1272 632 τά
1295 597 1354 643 τε
1377 581 1513 634 ἀλλα
1535 580 1698 652 ἥσθη,
1729 579 1873 634 οὕτω

1973 579 2161 648 probis
2217 596 2282 636 ac
2329 582 2470 638 nihil
2523 600 2551 638 a
2602 587 2743 655 vulgi
2788 590 3104 647 conditione
3145 594 3545 670 differentibus,

309 666 465 720 1:5).w
493 668 664 738 καλὴν
685 671 920 740 ἀπονητὶ
951 671 1040 723 καὶ
1071 673 1239 741 χωρὶς
1273 673 1534 728 κινδύνων
1560 673 1870 744 κατασχὼν,

2015 670 2138 724 tiam
2177 673 2486 742 Angelitzes
2519 676 2619 732 iste
2649 679 2939 747 praefectus
2964 682 3389 756 Gratianopolis,
3421 666 3554 758 pro;
3613 694 3619 714 ⁴

260 819 262 822 ι
307 761 402 811 καὶ
433 761 734 828 χρημάτων
788 761 1100 831 εὐπόρησεν
1145 762 1246 817 οὐκ
1277 763 1495 832 ὀλίγων,
1523 758 1599 818 ὧν
1639 765 1864 835 μάλιστα

1975 769 2098 830 pter
2121 761 2310 818 odium
2343 766 2488 834 quod
2519 768 2572 822 in
2619 768 3062 828 Cantacuzenum
3097 778 3346 844 gerebat,
3403 781 3557 835 desi~

305 852 496 905 ἐδεῖτο.
534 851 888 924 Ἀγγελίτζης
911 855 1018 924 γάρ
1043 873 1128 919 τις
1158 857 1221 910 ὲκ
1245 857 1353 910 τῶν
1379 857 1598 926 φαύλων
1625 861 1719 912 καὶ
1743 860 1878 926 ἀσή-

1975 864 2170 920 gnatus
2200 867 2302 910 est.
2352 857 2490 916 Tum
2547 862 2898 917 occasionem
2926 875 3139 932 nactus,
3193 869 3403 924 divitiis
3436 871 3548 927 suis

309 960 427 1013 μ’,υν
455 943 707 1008 πολιτῶν,
741 946 1010 1017 πρότερον
1039 950 1395 1003 ὑπωπτεύετο
1429 949 1700 1021 θησαυρὸν
1737 969 1878 1023 χρη-

1979 943 2058 996 ιιιὶ
2089 944 2196 998 frui
2231 949 2416 1016 ctepit,
2449 957 2503 1002 et
2553 952 2701 1020 quod
2737 954 2890 1021 prius
2925 957 3296 1025 suspiciosum
3332 969 3450 1014 erat
3479 957 3550 1017 de

311 1034 499 1103 μάτων
532 1037 859 1106 εὑρηκέναι·
893 1039 1088 1108 ἀδήλου
1127 1043 1183 1094 δὲ
1221 1042 1372 1106 ὄντος
1401 1043 1496 1096 τοῦ
1529 1045 1875 1115 πράγματος,

1978 1035 2258 1101 thesauro,
2309 1048 2436 1094 tunc
2469 1040 2622 1110 plane
2662 1060 2855 1100 verum
2901 1049 3178 1117 apparuit.
3216 1050 3549 1120 Imperatore

309 1127 484 1189 οἰδεὶς
509 1127 738 1197 ἠνώχλει
763 1145 775 1158 '
814 1131 954 1183 κατὰ
983 1130 1040 1184 δὲ
1065 1131 1158 1185 τὸν
1193 1134 1383 1202 χρόνον
1417 1137 1610 1188 τούτου
1645 1137 1738 1189 τοῦ
1771 1137 1880 1190 δει-

1978 1135 2157 1181 autem
2209 1128 2344 1184 urbe
2375 1132 2572 1200 potito,
2625 1136 2752 1203 quia
2803 1153 2916 1192 rem
2965 1140 3102 1194 adeo
3125 1141 3239 1209 jam
3274 1143 3550 1212 vulgatam

311 1215 402 1267 vi;
435 1217 692 1286 πολέμου,
729 1221 809 1284 είς
847 1221 1159 1276 τούναντίον
1201 1223 1346 1278 ἅπαν
1385 1227 1492 1278 τῶν
1537 1228 1878 1298 πραγμάτων

1978 1233 2173 1289 negare
2207 1237 2316 1276 non
2345 1223 2567 1290 licebat,
2611 1227 2806 1283 ablatis
2841 1230 3100 1287 omnibus
3117 1233 3291 1302 cepiis
3320 1235 3436 1306 ejus
3466 1236 3554 1290 fa-

311 1310 787 1378 πῖριτραπέντων,
824 1311 918 1365 καὶ
945 1313 1053 1366 τῶν
1106 1315 1204 1382 μὲν
1233 1316 1471 1385 ἀρίστων
1504 1317 1878 1387 ἐκϐληθέντων

1979 1310 2310 1379 miliaribus,
2337 1313 2515 1384 iisque
2554 1332 2662 1371 non
2714 1320 2968 1385 modicis,
2998 1322 3225 1391 insuper
3259 1325 3326 1378 de
3362 1326 3552 1380 occul-

310 1400 405 1452 καὶ
432 1402 767 1471 εἰργομένων
795 1404 1133 1474 ἁπανταχοῦ,
1180 1407 1458 1477 ἀρχόντων
1489 1410 1546 1462 δὲ
1585 1411 1694 1465 τῶν
1735 1413 1880 1481 φαύ-

1982 1409 2092 1455 tata
2131 1405 2364 1471 pecunia
2397 1407 2764 1476 examinatus,
2817 1426 2934 1464 eam
2977 1421 3032 1466 et
3062 1415 3292 1466 multam
3322 1415 3540 1483 quidem

307 1487 438 1550 λων,
469 1491 564 1540 καὶ
593 1490 712 1542 οὐδὲ
747 1491 972 1561 ἄμεινον
998 1495 1108 1546 τῶν
1134 1494 1345 1547 πολλῶν
1374 1496 1757 1567 διακειμένων,
1783 1503 1877 1554 καὶ

1983 1501 2209 1568 protulit
2241 1519 2254 1554 :
2292 1517 2412 1571 qua:
2451 1503 2790 1572 imperatori,
2833 1513 2944 1558 tum
2995 1505 3061 1559 ad
3109 1506 3242 1560 alias
3273 1505 3548 1575 impensas

304 1583 334 1633 ὁ
370 1582 722 1652 Ἀγγελίτζης
760 1576 914 1646 οὗτος
945 1585 1127 1656 ἄρχων
1153 1587 1452 1657 ἀπεδείχθη
1502 1589 1601 1657 τῆς
1645 1590 1877 1661 Γρατια-

1983 1592 2348 1656 necessarias,
2393 1603 2506 1647 tum
2541 1593 2606 1647 nd
2657 1595 2921 1649 solvenda
2947 1595 3129 1652 Persis
3159 1597 3425 1666 promissa
3453 1594 3544 1650 sti-

302 1671 398 1722 νοῦ
423 1671 510 1724 διά
559 1671 620 1723 τὸ
670 1670 808 1740 πρὸς
837 1672 1291 1744 Καντακουξηνδν
1341 1675 1433 1728 τὸν
1474 1675 1697 1747 βασιλέα
1732 1681 1874 1744 ἔθος.

1985 1679 2179 1746 pendia
2211 1679 2455 1735 suffecit.
2485 1681 2599 1736 Sub
2633 1683 2777 1738 idem
2811 1693 3024 1754 tempus
3057 1689 3349 1756 episcopus
3383 1685 3545 1755 Didy-

303 1764 515 1834 Καιροῦ
543 1764 596 1818 δὲ
627 1767 826 1834 τυχὼν,
860 1767 1058 1837 ἐχρῆτο
1105 1767 1182 1833 τῷ
1233 1769 1468 1841 πλούτῳ,
1510 1775 1604 1826 καὶ
1643 1778 1875 1846 φανερδς

1940 1755 2341 1824 ιῐηοιίοὶιειιεῖς
2410 1773 2648 1826 animam
2701 1751 3016 1838 amisitaet
3062 1751 3151 1830 die
3202 1751 3393 1846 quinto
3424 1751 3544 1846 post

303 1855 373 1928 ἦν
412 1856 570 1926 ἔχων,
609 1856 798 1927 ὥσπερ
828 1859 1182 1913 ὑπωπτεύετο
1217 1863 1309 1915 τὸν
1349 1863 1648 1935 θησαυρόν.
1700 1871 1879 1922 Κατα-

1981 1857 2178 1913 Glabas
2209 1860 2520 1924 Scuterius,
2550 1871 2610 1915 ut
2643 1863 2731 1918 ille
2763 1864 3111 1932 praedixerat.
3140 1867 3217 1921 Ex
3248 1866 3402 1920 obitu
3428 1867 3546 1938 epi—

306 1952 529 2020 σχόντος
554 1950 608 2002 δὲ
641 1951 738 2020 τὴν
766 1952 922 2004 πόλιν
949 1952 1235 2020 βασιλέως,
1271 1956 1390 2008 ἐπεὶ
1426 1955 1502 2026 μὴ
1542 1959 1670 2022 ἐξῆν
1701 1961 1880 2032 ἀρνεῖ-

1981 1950 2131 2018 scopi
2170 1951 2466 2020 imperator
2502 1969 2756 2022 magnum
2807 1956 2988 2009 animo
3025 1955 3268 2009 dolorem
3316 1955 3547 2026 accepit,

306 2042 456 2107 σθαι,
498 2043 591 2094 τοῦ
636 2042 966 2112 πράγματος
1015 2043 1158 2098 οὕτω
1191 2048 1430 2114 φανεροῦ
1475 2055 1874 2121 γεγενημένου,

1980 2041 2277 2111 plurimum
2328 2044 2474 2096 enim
2529 2046 2704 2099 virum
2737 2046 3095 2101 reverebatur
3144 2056 3198 2100 et
3237 2059 3424 2104 sancte
3448 2063 3546 2104 νεα

307 2135 448 2201 μετά
480 2135 538 2186 τὸ
567 2137 745 2186 πάντα
771 2135 870 2186 ὅσα
899 2130 966 2206 ἦν
998 2137 1053 2186 ὲν
1085 2138 1148 2205 τῇ
1177 2137 1324 2205 οἰκίᾳ
1355 2139 1720 2210 ἀφαιρεθῆναι
1745 2144 1875 2196 ὄντα

1981 2133 2296 2188 nerabatur.
2343 2136 2652 2191 Alexander
2690 2139 2983 2192 Moesorum
3025 2156 3140 2204 rex,
3196 2149 3256 2194 ut
3297 2151 3547 2197 oratores

303 2227 405 2278 οὐκ
428 2225 608 2293 ὀλίγα,
643 2227 736 2277 καὶ
765 2227 890 2296 περὶ
921 2225 1028 2278 τῶν
1055 2229 1450 2299 κρυπτομένων
1470 2233 1758 2301 ἠρευνᾶτο.
1784 2239 1878 2288 καὶ

1977 2223 2340 2294 Cantacuzeni
2369 2228 2498 2296 quid
2531 2228 2808 2282 venissent
2842 2240 3235 2296 exposuerunt,
3273 2231 3411 2286 nihil
3460 2248 3547 2286 re-

304 2316 616 2385 παρέσχετο
650 2317 843 2369 πολλά.
883 2318 948 2369 Ἃ
985 2318 1250 2388 ἐξήρκεσε
1288 2319 1500 2389 βασιλεῖ
1532 2308 1668 2392 πρός
1695 2343 1754 2378 τε
1781 2327 1874 2379 ἄ).-

1977 2316 2202 2384 Spondit
2231 2333 2245 2370 :
2298 2332 2420 2371 cum
2461 2319 2702 2372 exercitu
2733 2328 2916 2374 autem
2959 2319 3230 2374 Morrhaut
3261 2323 3538 2392 ingressus

302 2407 403 2470 λας
434 2409 681 2471 δαπάνας
714 2410 1038 2476 ἀναγκαίας,
1073 2413 1167 2464 καὶ
1214 2413 1351 2482 πρὸς
1391 2415 1451 2467 τὸ
1484 2417 1724 2485 Πέρσαις
1764 2423 1876 2483 τοῖς

1976 2416 2079 2468 est,
2135 2406 2391 2474 Oppidula
2449 2407 2559 2462 illic
2607 2407 2920 2476 imperatori
2960 2410 3227 2479 subjecta,
3260 2411 3305 2464 si
3337 2421 3545 2482 posset,

307 2501 620 2569 συμμάχοις
655 2500 951 2554 ἀποδοῦναι
999 2501 1057 2554 ὃν
1095 2503 1366 2573 ὑπέσχετο
1401 2506 1613 2574 μισθόν.
1655 2507 1790 2562 Ὑπὸ
1820 2511 1874 2563 δὲ

1976 2497 2324 2552 subacturus.
2357 2498 2540 2554 Unum
2601 2515 2764 2568 porro
2803 2499 2869 2554 de
2907 2500 3036 2565 illis,
3081 2501 3543 2572 Ilyperpyracium

304 2592 396 2646 ’τὸν
455 2594 645 2662 χρόνον
681 2593 892 2658 τοῦτον,
924 2594 1019 2645 καὶ
1068 2597 1095 2646 ὁ
1142 2596 1528 2666 Διδυμοτείχου
1591 2599 1874 2670 ἐτεθνήκει

1976 2594 2223 2657 nomine,
2280 2594 2443 2648 etiam
2499 2607 2627 2648 ante
2682 2594 2976 2648 Alexandri
3023 2597 3319 2650 adventum
3353 2597 3541 2667 praefe-

305 2683 620 2753 ἀρχιερεύς.
656 2684 889 2754 Πέμπτῃ
916 2683 970 2736 δὲ
1001 2684 1186 2754 ἡμέρᾳ
1219 2688 1358 2756 μετὰ
1396 2687 1495 2757 τὴν
1542 2689 1753 2742 ἐκείνου
1782 2709 1871 2744 τε-

1975 2692 2121 2736 ctum
2158 2683 2226 2737 ab
2259 2699 2325 2737 eo
2377 2679 2607 2739 missum
2659 2693 2999 2753 susceperat,
3049 2697 3100 2740 et
3158 2696 3274 2740 erat
3323 2701 3543 2756 quoque

302 2779 522 2848 λευτὴν,
558 2783 652 2834 καὶ
680 2780 896 2848 Γραδάς
921 2782 950 2834 ὁ
999 2782 1325 2852 Σκουτέριος
1355 2783 1658 2853 ἐτεθνήκει,
1687 2785 1872 2853 ὥσπερ

1975 2775 2287 2845 praesidium
2321 2785 2734 2845 suscepturum.
2787 2776 3115 2844 Imperator,
3145 2788 3204 2831 ut
3233 2779 3340 2831 hoc
3367 2794 3433 2832 ex
3471 2779 3549 2834 le-

303 2868 373 2944 ἧν
397 2873 424 2925 ὁ
461 2874 751 2944 ἀρχιερεὺς
776 2873 1149 2944 προειρηκὼς,
1184 2873 1211 2926 ὃ
1243 2875 1479 2943 μάλιστα
1510 2877 1600 2929 ὲλύ
1614 2894 1749 2945 πησε
1781 2877 1872 2930 τὸν

1973 2870 2111 2939 gatis
2141 2869 2354 2934 didicit,
2383 2872 2510 2940 quia
2545 2881 2599 2925 et
2629 2868 2910 2925 Persicum
2941 2871 3250 2926 subsidium
3278 2871 3540 2935 habebat,

307 2964 559 3034 βασιλέα.
583 2961 692 3017 Ἦν
725 2966 834 3034 γὰρ
868 2966 996 3035 περὶ
1023 2966 1232 3018 ἐκεῖνον
1254 2965 1455 3036 πολλὴν
1489 2967 1586 3038 τὴν
1617 2969 1750 3020 αἰδῶ
1779 2968 1871 3020 καὶ

1973 2970 2028 3016 et
2059 2960 2271 3015 Cralem
2302 2971 2526 3030 propter
2553 2963 2764 3031 plagam
2797 2971 3076 3032 acceptam
3113 2963 3166 3016 in
3200 2963 3539 3032 provinciam

305 3057 368 3107 τὸ
399 3056 560 3118 σέϐας
596 3058 960 3123 κεκτημένος.
999 3055 1345 3125 Ἀλέξανδρος
1374 3057 1432 3110 δὲ
1481 3059 1508 3110 ὁ
1541 3059 1747 3112 Μυσῶν
1775 3059 1869 3129 βα·
1898 3112 1909 3129 Α

1936 3110 1937 3124 ,
1974 3068 2250 3107 reversum
2280 3053 2549 3118 audierat,
2585 3054 2868 3120 hilaratus,
2895 3054 3144 3109 Matthan
3180 3057 3290 3109 tilio
3327 3053 3540 3111 Gratia-

306 3147 509 3212 σιλεὺς,
530 3106 651 3200 έπεὶ
671 3149 719 3200 οί
746 3106 1199 3214 Ιῖαντακουζηνοῦ
1216 3106 1310 3199 τοῦ
1332 3147 1598 3218 βασιλέως
1613 3106 1867 3220 πρέσὸΓεις
1897 3111 1910 3160 1

1965 3143 2190 3212 ,ηοροιίε
2213 3209 2218 3211 μ
2238 3106 2579 3213 aliarumque
2615 3106 3283 3200 uti}...'i;;'c1;.‘i.i..};.‘
3305 3106 3543 3216 sini};

300 3235 439 3310 ἧκον
469 3238 604 3308 πρὸς
631 3238 813 3300 αὐτὸν,
845 3240 939 3291 καὶ
961 3236 1305 3306 ἀπήγγελλον
1327 3239 1397 3292 τά
1419 3240 1516 3308 τῆς
1545 3257 1646 3311 πρε
1658 3241 1877 3306 σϐείας,’

1976 3233 2214 3287 rentium
2281 3234 2543 3303 praefecto
2610 3234 2846 3300 relicto,
2914 3235 2968 3288 in
3022 3236 3294 3290 Morrham
3345 3249 3537 3292 contra

303 3330 463 3398 λόγον
518 3331 617 3404 μὲν
647 3330 834 3384 οὐδένα
882 3331 1177 3402 ἐποιήσατο
1241 3331 1381 3399 πρὸς
1437 3334 1506 3386 τὰ
1558 3333 1862 3403 εἰρημένα*

1963 3323 2171 3378 -Μωεοε
2206 3332 2470 3393 quantum
2506 3324 2705 3394 potuit,
2754 3327 3088 3395 properavit.
3145 3327 3222 3382 Eo
3255 3329 3535 3385 intellecto

304 3422 563 3492 στρατιὰν
596 3422 653 3476 δὲ
697 3422 860 3492 ἔχων,
893 3419 1056 3493 ἦλθεν
1094 3423 1219 3492 ἄχρι
1251 3423 1497 3494 Μόρρας,
1527 3424 1598 3476 τὰ
1630 3426 1748 3476 ἐκεῖ
1773 3442 1868 3476 1:0-

1971 3413 2302 3482 Alexander,
2355 3415 2616 3485 quoniam
2649 3416 2767 3472 acie
2793 3418 3048 3473 resistere
3082 3420 3368 3489 nequibat,
3401 3422 3541 3475 mira

301 3511 507 3580 λίχνια,
563 3513 611 3563 εί
655 3511 892 3572 δύναιτο,
936 3512 1424 3582 παραστησόμενος
1477 3513 1696 3582 ὑπήκοα
1733 3514 1864 3566 ὄντα

1973 3505 2319 3561 festinatione
2352 3515 2408 3561 et
2440 3507 2800 3577 incomposite
2857 3517 3022 3578 atque
3075 3509 3302 3564 confuse
3357 3511 3577 3575 llcbro,

304 3601 534 3670 βασιλεῖ.
569 3603 663 3654 Ἐν
692 3601 747 3654 δὲ
774 3601 952 3655 αὐτῶν
981 3603 1422 3672 ’Υπερπυράκιον
1453 3602 1859 3674 ὠνομασμένον,

1974 3598 2224 3661 transito,
2261 3608 2435 3653 castra
2472 3599 2625 3664 fecit,
2677 3609 2937 3668 tanquam
2982 3600 3209 3656 flumine
3243 3602 3539 3671 imperato-

301 3692 396 3744 καὶ
442 3691 572 3761 πρὶν
602 3693 809 3743 ἐκεῖνον
839 3691 1016 3761 ἥκειν,
1066 3693 1303 3760 ἄρχοντα
1340 3693 1675 3757 εἰσεδέξαντο
1723 3711 1864 3763 πεμ-

1974 3703 2088 3743 rem
2127 3689 2462 3758 impeditura
2506 3691 2736 3755 scilicet,
2766 3705 2836 3746 ne
2878 3690 3000 3746 illos
3023 3706 3214 3748 secu-n
3245 3708 3542 3749 conserere

300 3781 504 3847 φθέντα
530 3781 680 3850 παρά
710 3780 1080 3853 ’Λλεξὶι-ῖδρου,
1116 3783 1340 3852 ἔμελλον
1362 3783 1417 3835 δὲ
1447 3786 1540 3837 καὶ
1579 3786 1824 3855 φρουράν
1847 3802 1862 3816 '

1973 3797 2170 3838 manus
2227 3783 2609 3853 compelleret.
2679 3785 2962 3840 Submersi
3011 3793 3140 3839 sunt
3195 3785 3250 3840 in
3305 3788 3542 3843 transitu

296 3872 334 3926 ἃ
363 3874 512 3942 ποιρά
543 3873 651 3926 τῶν
699 3871 984 3944 πρέσϐεων
1021 3872 1209 3944 μαθὼν
1239 3873 1266 3926 ὁ
1305 3873 1582 3944 βασιλεὺς,
1624 3876 1866 3948 ὲπεζκαὶ

1975 3875 2182 3929 milites
2213 3876 2424 3944 aliquot
2487 3885 2544 3930 et
2573 3877 2696 3944 equi
2724 3878 3038 3944 complures
3072 3896 3084 3930 :
3120 3879 3351 3933 sarcina:
3402 3879 3535 3935 item

296 3968 332 4036 ὴ
372 3965 599 4034 στρατιά
642 3967 824 4037 παρῆν
860 3967 894 4037 ἡ
943 3967 1209 4036 Περσικὴ,
1243 3969 1338 4019 καὶ
1389 3970 1518 4036 περὶ
1549 3965 1641 4018 τοῦ
1673 3966 1863 4036 Κράλη

1972 3975 2028 4020 et
2085 3966 2469 4034 impedimenta
2517 3981 2628 4019 non
2681 3967 2740 4020 in
2784 3967 3011 4021 ﬂumine
3057 3969 3241 4034 modo,
3281 3971 3374 4024 sed
3434 3971 3538 4028 hac

297 4059 654 4126 ἐπυνθάνετο,
682 4061 757 4123 ὡς
786 4058 1179 4130 ἀναστρέψειεν
1197 4061 1278 4124 είς
1305 4060 1402 4131 τὴν
1430 4060 1637 4113 οἰκείαν
1663 4060 1752 4112 διὰ
1767 4059 1864 4130 τὴν

1972 4053 2134 4108 etiam
2167 4053 2234 4107 de
2274 4069 2442 4108 causa
2487 4055 2707 4118 amissa,
2744 4055 2889 4122 quod
2923 4057 2977 4110 in
3018 4057 3306 4127 principiis
3339 4061 3407 4114 ab
3437 4060 3538 4114 im-

299 4149 514 4218 πληγὴν
542 4149 640 4218 τῆς
673 4150 952 4219 στρατιᾶς,
983 4148 1218 4219 εὔθυμος
1247 4151 1563 4218 γενόμενος,
1595 4149 1689 4201 καὶ
1716 4150 1866 4202 Ματ-

1971 4153 2226 4215 peratore
2255 4145 2444 4212 locati,
2474 4144 2673 4199 Mmsos
2708 4146 2893 4201 adhuc
2932 4156 3303 4214 transeuntes,
3335 4168 3364 4206 a
3386 4162 3537 4225 tergo

299 4241 451 4294 θαίον
481 4241 574 4294 τὸν
605 4241 720 4293 υίὺν
758 4241 997 4309 ἄρχοντα
1043 4239 1141 4308 τῆς
1179 4255 1239 4291 τε
1275 4237 1578 4309 Γρατιανοῦ
1610 4238 1704 4290 καὶ
1755 4236 1864 4291 τῶν

1972 4235 2106 4304 ipsis
2129 4237 2393 4289 instantes
2416 4235 2804 4305 perurgebant.
2831 4237 3295 4310 Ilyperpyracium
3325 4253 3533 4314 autem,

297 4331 495 4397 ἄλλων,
521 4331 577 4385 αἶ
601 4332 828 4400 ὑπήκοοι
854 4326 994 4402 ἦσαν
1014 4332 1068 4383 ὲν
1091 4333 1157 4401 τῇ
1183 4330 1497 4400 Χαλκηδικῇ
1519 4329 1860 4396 καταλιπὼν,

1973 4326 2252 4396 praefecto,
2296 4343 2458 4396 quem
2508 4327 2814 4381 Alexander
2872 4328 3204 4396 instituerat,
3255 4335 3418 4390 simul
3470 4353 3535 4392 ac

297 4425 373 4487 ὼς
399 4419 511 4494 εἶχε
540 4423 762 4492 τάχους,
789 4423 924 4492 πρὸς
956 4425 1181 4493 Μύρραν
1211 4423 1303 4476 ἐπὶ
1328 4424 1452 4485 τοὺς
1482 4423 1702 4485 Μυσοὺς
1732 4423 1866 4493 ὲχώ-
1899 4459 1901 4509 1

1930 4463 1939 4504 ,
1971 4417 2314 4486 imperatoris
2340 4417 2633 4472 adventum
2654 4417 2862 4472 audivit
2886 4419 3046 4488 fugae,
3067 4422 3196 4491 quia
3213 4434 3452 4492 poterat,
3475 4443 3534 4483 se

302 4534 409 4585 ρει.
439 4515 772 4586 Δίσθὸμενος
806 4516 862 4568 δὲ
906 4505 1432 4585 ’.ιλ>.έξαι.ρδρος,ἰέπε)⁵
1469 4514 1544 4584 μὴ
1578 4514 1863 4568 ἀντικαθί-
1899 4505 1906 4510 ’

1968 4511 2283 4570 mandante,
2314 4516 2591 4578 receptum
2623 4517 2725 4563 est.
2779 4508 3092 4564 Alexander
3126 4529 3292 4582 porro
3323 4515 3533 4585 legatos

299 4607 532 4661 στασθαι
563 4607 792 4677 ἠδύνατο
851 4606 988 4678 πρὸς
1041 4609 1243 4676 μάχην,
1281 4606 1486 4677 σπουδῇ
1541 4607 1710 4676 πολλῇ
1754 4605 1865 4658 διέ-

1966 4610 2091 4649 mox
2140 4610 2403 4664 responso
2457 4596 2608 4662 dato,
2668 4598 2924 4666 factoque
2975 4599 3184 4657 {uadere
3229 4604 3530 4670 dimittens,

297 4701 450 4753 δαινε
505 4700 597 4752 τὸν
647 4699 851 4769 Ἕϐρον
895 4687 1146 4760 ἀτάκτως
1199 4697 1294 4751 καὶ
1346 4697 1716 4766 πεφυρμένος,
1773 4697 1866 4750 καὶ

1962 4687 2278 4757 addensque
2310 4689 2446 4744 nihil
2485 4706 2543 4745 se
2575 4708 2672 4762 per
2698 4693 2959 4764 injuriam
2990 4696 3353 4760 commisisse,
3383 4698 3529 4766 quod

295 4791 786 4861 ἐστρατοπεδεύετο
817 4792 952 4856 ἐκεῖ,
989 4791 1063 4850 ὼς
1095 4789 1188 4842 τοῦ
1232 4787 1482 4860 ποταμοῦ
1521 4789 1863 4851 κωλύσοντος

1962 4780 2259 4848 imperator
2301 4783 2502 4836 merito
2538 4783 2858 4853 ulciscatur,
2893 4787 2948 4841 in
2999 4804 3224 4858 regnum
3280 4804 3440 4844 suum
3473 4803 3533 4844 se

297 4883 521 4954 βασιλέα
586 4883 665 4953 μὴ
725 4880 1132 4953 συμπλέκεσθαι
1180 4882 1383 4944 αὐτοῖς.
1445 4881 1753 4934 Ἀπώλοντο
1806 4880 1862 4932 δὲ
1927 4874 2198 4943 -recepit.
2675 4871 2677 4874 ’

295 4976 439 5031 κατὰ
465 4977 554 5030 τὸν
601 4976 786 5046 πόρον,
839 4971 1166 5043 στρατιῶταί
1218 4989 1276 5025 τε
1329 4972 1525 5041 ὀλίγοι,
1564 4972 1660 5024 xui.
1705 4971 1862 5024 ἵπποι
1899 4968 2160 5035 πλεῖστοι,
2196 4968 2293 5022 καὶ
2355 4968 2692 5023 ἀποσκευαί·
2725 4969 2785 5022 ού
2830 4969 2991 5038 μόνον
3027 4969 3130 5023 ὑπὸ
3157 4971 3250 5024 τοῦ
3286 4971 3531 5042 ῥείθρου,

294 5074 411 5129 ἀλλ’
439 5074 520 5127 ὅτι
559 5071 654 5126 καὶ
683 5072 732 5124 οί
761 5072 819 5142 ἐν
854 5071 1178 5142 προτάκτοις
1227 5068 1332 5122 ὑπὸ
1375 5067 1640 5138 βασιλέως
1696 5065 2022 5135 τεταγμένοι
2046 5065 2260 5118 έτιτῶν
2321 5066 2525 5120 Μυσῶν
2547 5066 2927 5120 διαόαινὸντων
2987 5067 3266 5120 ἐπέκειντο
3325 5067 3532 5130 αὐτοῖς.

308 5165 753 5235 Ὑπερπυράκιον
787 5140 846 5214 δὲ
900 5140 1063 5225 αὖθις
1103 5161 1413 5215 ἀνεσώσατο
1468 5163 1496 5214 ὁ
1522 5159 1800 5230 βασιλεὺς,
1848 5158 1942 5211 ’τοῦ
1979 5157 2131 5229 παρά
2175 5156 2528 5229 Ἀλεξάνδρου
2583 5159 2842 5228 ἄρχοντος
2883 5159 3166 5228 διαδράναι
3212 5159 3544 5229 δυνηθέντος

297 5260 414 5330 ἅμα
460 5259 537 5330 τῷ
599 5259 866 5313 πυθέσθαι
913 5257 1135 5328 βασιλέα
1205 5259 1427 5329 ἥκοντα.
1470 5256 1817 5326 Ἀλέξανδρος
1866 5255 1924 5308 δὲ
1962 5258 2072 5318 τοῖς
2127 5253 2388 5324 βασιλέως
2443 5254 2739 5325 πρέσϐεσιν
2793 5255 2995 5309 αὐτίκα
3037 5256 3405 5326 χρηματίσας,
3439 5259 3552 5312 καὶ.

295 5355 515 5424 θέμενο,
548 5352 804 5418 σπονδὰς,
839 5351 1113 5422 ἐξέπεμψε
1181 5352 1346 5422 μηδὲν
1377 5350 1706 5422 ’ἠδικηκέναι
1739 5347 1999 5420 εἰρηκὼς,
2019 5347 2084 5402 δι’
2111 5347 2140 5400 ὃ
2169 5347 2394 5412 δικαίως
2428 5349 2715 5419 ἀμυνεῖται
2751 5348 3026 5420 βασιλεὺς,
3059 5351 3150 5402 καὶ
3200 5349 3552 5421 ἀνέστρεφεν·

298 5447 380 5509 εἰς
408 5445 507 5516 τὴν
535 5444 762 5499 οἰκείαν.
