4062 6290
543 289 677 355 1115

1720 291 2047 354 JOANNIS
2084 291 2611 353 CANTACUZENI

1853 449 2017 519 539
2050 446 2278 502 CAPUT
2319 447 2482 504 Lxx.

538 539 862 596 Momitzilus
911 549 1016 596 tres
1063 559 1221 598 naues
1251 541 1492 596 Persicas
1522 544 1712 596 exurit.
1754 543 1932 597 Persa:
1983 540 2173 606 reliqui
2229 543 2424 602 socios,

3658 284 3791 352 lilii

2503 559 2595 596 uos
2629 542 2693 596 ab
2743 539 2924 595 eodem
2960 538 3152 592 occisos
3209 535 3348 659 {also
3392 534 3793 597 intellexerant,

2503 630 2539 659 )-
2577 628 2830 659 niannum
2877 609 2988 659 adit
3025 609 3200 659 pericu
3232 623 3342 659 um.
3373 614 3419 658 et
3447 609 3556 658 suis
3593 607 3793 659 fuaien-

611 612 790 683 ulcisci
830 613 1034 665 ardent.
1066 611 1364 678 Imperator
1392 613 1455 666 de
1488 614 1769 682 improvise
1799 612 2201 683 superveniente
2229 607 2540 683 Momitailo,
2577 628 2830 683 magnum
2877 609 2988 683 adit
3023 607 3556 683 periculurit,_et_suis
3592 607 3797 674 fugien-

610 681 764 742 tibus,
799 692 986 734 contra
1015 675 1340 751 insequentes
1363 675 1575 752 strenue
1625 699 1680 735 se
1733 675 1986 752 defendit.
2021 679 2328 752 Lanlzareti
2360 680 2590 748 ﬁdelitas
2627 675 2751 751 erga
2783 675 3051 732 dominum
3090 693 3261 752 Aquam
3293 675 3522 752 ﬁdeliter
3557 689 3797 752 remane-

610 761 762 822 ratur
790 753 1098 816 imperator.
1141 746 1478 822 "Montitzilus
1508 753 1727 822 despota
1771 746 1834 805 ab
1881 751 2218 820 imperatrice
2257 746 2490 822 creatur.
2526 753 2610 804 cui
2657 746 2864 804 vcniam
2908 748 3102 818 petenti
3140 747 3436 814 imperator
3476 746 3718 816 ignoscit,
3750 751 3797 795 et

607 821 720 886 eius
751 821 1063 891 dignitatem
1093 831 1269 890 auget.
1302 821 1480 876 Persa:
1509 839 1572 876 ea:
1607 832 1760 893 pacto
1788 823 2087 877 missionem
2115 827 2321 890 petunt,
2351 830 2399 874 et
2433 821 2492 874 in
2516 822 2699 875 Asiam
2734 826 3092 874 revertuntur.

615 960 910 1026 Imperator
958 973 1081 1012 cum
1142 967 1196 1012 et
1231 937 1945 1014 Alexandrum'submotum
1984 971 2106 1010 esse

2280 953 2542 1018 Βασιλεὺς
2564 954 2621 1008 δέ
2653 953 2907 1023 ἀσμένως
2933 949 3459 1018 ἀποσκευασάμενος
3505 949 3601 1000 καὶ
3640 947 3788 1000 Ἀλέ-

538 1051 836 1120 gauderet,
897 1050 1329 1116 lleraeleenses,
1394 1049 1740 1120 imperatoris
1794 1048 2113 1103 adolescen-

541 1142 608 1195 lis
667 1140 940 1194 studiosos
999 1139 1256 1194 invadere
1323 1139 1567 1208 parabat,
1625 1153 1749 1192 cum
1792 1137 2116 1191 Momitzilus

538 1250 566 1286 τι
606 1232 875 1302 Byzantiis
902 1232 956 1284 in
993 1248 1119 1284 eum
1147 1232 1414 1296 irritatus,
1446 1240 1504 1284 ut
1554 1230 1990 1300 Didymoticlmm
2023 1245 2114 1283 re-

539 1325 752 1376 venisse
801 1322 1075 1393 cognovit,
1129 1322 1416 1376 Abderitas
1442 1322 1662 1382 invasit,
1725 1322 1819 1375 ubi
1867 1320 2113 1391 quiudeé

537 1415 645 1466 cini
677 1431 842 1467 naves
877 1415 945 1466 ab
997 1413 1222 1464 Amnrio
1274 1414 1338 1465 ad
1397 1412 1781 1481 imperaton
1833 1412 2116 1483 suppetias

542 1505 723 1558 missae
754 1506 972 1560 stabant
1003 1505 1056 1558 in
1085 1505 1290 1570 littore,
1317 1519 1449 1572 quas
1477 1503 1694 1558 ducenti
1719 1503 2115 1574 quinquaginta

540 1595 720 1650 Persa:
739 1595 1143 1658 custodiebant,
1185 1595 1409 1663 reliquis
1455 1595 1849 1662 imperatorem
1877 1610 2116 1664 sequen-

542 1692 710 1744 tibus.
755 1689 830 1742 Ex
881 1689 967 1742 his
1028 1688 1354 1742 Momitzilus
1386 1687 1479 1741 illo
1524 1687 1729 1755 impetu
1785 1687 1965 1741 hostili
2007 1695 2116 1740 tres

549 1780 820 1845 incendit,
857 1794 1020 1832 nemo
1049 1788 1227 1832 tamen
1269 1777 1560 1831 Persarum
1587 1778 1812 1831 interiit.
1853 1776 1993 1830 Tum
2029 1794 2118 1833 re-

543 1871 727 1939 liquis,
750 1871 840 1939 qui
875 1869 1016 1940 apud
1073 1870 1462 1939 imperatorem
1507 1877 1668 1922 erant
1697 1866 1898 1930 Persis,
1928 1869 2116 1922 nescio

541 1961 665 2028 quis
692 1961 986 2023 nuntiavit,
1020 1959 1378 2015 Momitzilum
1428 1974 1597 2013 naves
1635 1961 1700 2012 ad
1751 1976 1914 2014 unam
1950 1975 2116 2014 exus-

541 2052 699 2114 sisse,
728 2060 782 2106 et
807 2052 1062 2106 custodes
1093 2053 1159 2105 ad
1212 2067 1381 2105 unum
1415 2051 1794 2116 obtruncasse,
1840 2051 2115 2106 neminem

541 2143 778 2214 cli'ugere
833 2143 1098 2213 potuisse.
1151 2142 1256 2209 Qui
1320 2143 1568 2212 protinus
1625 2159 1774 2196 arma
1834 2144 2117 2214 capientes

542 2247 667 2286 eum
700 2227 906 2286 adoriri
955 2231 1283 2302 gestiebant,
1333 2241 1386 2285 et
1429 2231 1749 2300 imperatori
1786 2240 1976 2286 contra
2013 2247 2115 2285 ve-

2217 1046 2460 1118 ξάνδρον,
2480 1048 2926 1119 παρεσκευάζετο
2956 1048 3031 1110 ὡς
3060 1048 3173 1108 τοῖς
3202 1045 3283 1107 είς
3320 1043 3657 1114 Ἡράκλειαν
3681 1044 3797 1095 ἐπι-

2217 1139 2567 1211 στρατεύσων
2601 1138 2720 1208 ἅμα
2753 1138 2831 1208 τῷ
2866 1137 2974 1208 νέῳ
3005 1135 3226 1188 συνοῦσι
3259 1134 3472 1205 βασιλεῖ
3498 1150 3512 1163 ·
3579 1133 3794 1200 Μομιτ-

2216 1232 2361 1296 ζίλος
2390 1231 2447 1284 δὲ
2485 1231 2590 1284 ὑπὸ
2622 1230 2733 1283 τῶν
2765 1232 2821 1282 ἐν
2859 1228 3138 1298 Βυζαντίῳ
3182 1226 3535 1294 πεπυσμένος
3562 1225 3797 1293 πόλεμον

2215 1321 2452 1392 ἄρασθαι
2485 1321 2623 1392 πρὸς
2657 1319 2908 1390 βασιλέα,
2931 1319 3052 1371 ἐπεὶ
3075 1320 3154 1379 είς
3181 1315 3575 1383 Διδυμότειχον
3600 1313 3798 1384 ᾔσθετο

2216 1413 2540 1482 ἀφιγμένον,
2581 1411 2906 1480 Λύδηρίταις
2952 1409 3418 1479 ἐπεστράτευσεν,
3453 1407 3514 1457 ἐν
3563 1400 3646 1467 οἷς
3690 1403 3798 1472 ὡρ-

2220 1505 2436 1575 μίζοντο
2456 1504 2512 1556 αί
2541 1503 2806 1574 πρότερον
2843 1501 3213 1572 παράἈμοῦρ
3245 1498 3650 1552 πεντεκαίδεκα
3674 1496 3796 1565 νῆες

2217 1596 2352 1665 προς
2384 1594 2606 1665 βασιλέα
2659 1593 2803 1647 κατά
2838 1592 3157 1663 συμμαχίαν
3206 1590 3535 1660 ἀφιγμέναι,
3565 1590 3633 1651 ἀς
3669 1589 3799 1656 ἐφύ·

2215 1686 2411 1739 λαττον
2447 1689 2792 1755 πεντήκοντα
2823 1685 2920 1738 καὶ
2944 1684 3208 1737 διακόσιοι
3246 1683 3473 1754 Περσῶν
3497 1700 3526 1734 ε.
3547 1684 3597 1735 οἱ
3622 1682 3798 1734 λοιποὶ

2217 1777 2273 1828 δὲ
2306 1779 2546 1848 συνῆσαν
2581 1776 2794 1846 βασιλεῖ
2817 1794 2828 1808 ·
2873 1775 2932 1842 ἐξ
2980 1768 3056 1828 ῶν
3081 1776 3109 1828 6
3149 1772 3484 1843 Μομιτζίλος
3526 1772 3674 1825 κατά
3701 1772 3798 1838 τὴν

2218 1866 2406 1934 εφοδον
2436 1867 2652 1936 ἐκείνην
2681 1865 2954 1936 ἐνέπρησε
2998 1865 3169 1941 τρεῖς,
3199 1863 3308 1915 τῶν
3342 1863 3522 1916 ἀλλων
3555 1878 3798 1931 neptem-

2217 1956 2437 2020 θεισῶν,
2494 1957 2719 2025 Περσῶν
2778 1956 2836 2008 δὲ
2871 1955 3120 2009 ἀπώλετο
3167 1955 3364 2015 οὐδείς.
3405 1956 3550 2025 Πρὸς
3580 1956 3641 2008 δέ
3669 1954 3799 2022 ,τοὺς

2220 2051 2430 2119 βασιλεῖ
2462 2051 2720 2114 συνόντας
2761 2068 2848 2114 τις
2880 2049 3073 2116 ἐλθὼν,
3114 2049 3190 2112 ὡς
3220 2047 3353 2111 ναῦς
3380 2065 3439 2100 τε
3492 2049 3794 2118 συμπάσας

2218 2141 2520 2212 ἐμπρήσειε
2567 2141 2903 2212 Μομιτζίλος
2954 2139 3197 2194 ἐπελθὼν
3235 2140 3330 2194 καὶ
3370 2139 3497 2202 τοὺς
3550 2139 3800 2207 φύλακας

2219 2239 2585 2302 ἀποκτείνειε,
2616 2237 2898 2304 διαδράναι
2922 2235 3242 2304 δυνηθέντος
3261 2232 3486 2304 μηδενὸς
3513 2233 3799 2303 ἀπήγγελ-

541 2324 743 2385 nienti,
802 2324 1118 2393 dicentique
1169 2333 1294 2392 post
1347 2323 1586 2377 reditum
1633 2323 1700 2377 ab
1756 2321 2014 2378 Heraclea
2062 2322 2119 2376 in

2221 2330 2329 2384 λεν.
2365 2331 2426 2381 Ol
2459 2329 2505 2380 δ’
2534 2324 2673 2399 ἦσαν
2723 2303 2780 2380 ἐν
2811 2329 2923 2390 τοῖς
2953 2303 3140 2389 ὅπλοις
3183 2303 3368 2388 εὐθὺς,
3407 2326 3502 2378 καὶ
3537 2323 3802 2394 ὥρμηντο

540 2427 666 2464 eum
702 2427 805 2480 qua
839 2427 933 2479 par
981 2419 1124 2465 esset
1175 2427 1309 2464 cura
1365 2420 1420 2466 et
1451 2412 1633 2466 studio
1663 2413 1889 2484 pugnari
1935 2427 2116 2482 posse,

541 2510 598 2554 et
643 2503 1046 2571 expeditionem
1107 2502 1524 2557 Heracleensem
1581 2504 1765 2558 nmltis
1817 2505 1885 2558 de
1937 2505 2120 2558 causis

543 2593 714 2663 magis
762 2593 934 2648 videri
987 2593 1352 2648 necesSariam
1404 2595 1735 2657 ostendenti,
1791 2595 1868 2648 illi
1930 2603 2119 2649 contra

544 2685 947 2753 respondebant
985 2685 1118 2740 ni'..il
1145 2695 1251 2738 tam
1271 2685 1638 2738 necessarium
1661 2699 1718 2738 se
1741 2692 1932 2754 putare
1954 2700 2118 2754 quam

543 2789 766 2827 suorum
799 2774 1003 2828 civium
1051 2791 1238 2830 necem
1267 2775 1478 2829 ulcisci.
1513 2774 1855 2844 l’erspieiens
1884 2775 2122 2843 impera-

545 2875 630 2918 tur
661 2879 759 2919 eos
790 2865 1031 2920 cohiberi
1073 2881 1180 2918 non
1229 2881 1407 2935 posse,
1440 2881 1544 2919 una
1581 2865 1890 2935 manipulos
1927 2865 2122 2920 Roma-

543 2971 642 3012 nos
668 2957 853 3023 mittit,
895 2957 1060 3012 simul
1095 2967 1150 3010 ut
1199 2958 1572 3028 regiunculam
1632 2958 1914 3013 Momitzili
1972 2959 2122 3014 velut

542 3049 716 3117 aperti
762 3047 1064 3102 desertoris
1122 3049 1590 3119 deprawlarentur,
1629 3047 1791 3102 simul
1826 3051 1952 3119 quia
1995 3051 2119 3104 bar-

543 3135 688 3190 bar’s
715 3136 1014 3200 metuebat,
1076 3153 1146 3190 ne
1195 3139 1262 3191 ab
1311 3137 1403 3190 illo
1448 3136 1654 3205 justum
1715 3138 1826 3206 jam
1891 3140 2118 3194 habenti

541 3227 880 3293 exercitum,
933 3238 988 3282 et
1051 3230 1282 3283 ducibus
1357 3229 1500 3284 illius
1561 3231 1738 3284 :rtatis
1795 3231 2018 3286 audacia
2064 3240 2122 3285 et

542 3319 710 3373 animi
779 3321 1105 3376 celsitudine
1175 3321 1310 3375 nihil
1361 3322 1733 3390 concedente,
1786 3325 2115 3380 delerentur.

549 3409 880 3465 Momitzilus
920 3413 971 3466 id
1023 3413 1168 3481 quod
1199 3413 1382 3468 evenit
1412 3415 1726 3483 suSpit-ione
1767 3418 2116 3486 praecipiens,

543 3518 662 3556 eam
697 3503 958 3557 nimirum
993 3503 1242 3570 injuriam
1289 3505 1672 3573 imperatorem
1717 3508 1948 3562 inultam
2008 3525 2116 3562 non

542 3607 854 3663 passurum,
890 3593 982 3647 sed
1011 3609 1228 3646 manum
1267 3605 1459 3648 contra
1505 3610 1564 3648 se
1611 3597 1931 3660 missurum,
1965 3612 2120 3666 spar-
2148 3631 2195 3695 ο

543 3701 634 3740 sos
664 3699 759 3755 per
815 3686 1094 3754 regionem
1131 3695 1374 3754 agrestes
1410 3686 1464 3740 in
1517 3687 1736 3756 Oppida
1793 3698 1848 3742 et
1901 3689 2122 3744 castella

543 3775 834 3838 contraxit,
863 3789 1089 3842 seseque
1131 3779 1197 3828 ad
1227 3773 1578 3842 prmliandum
1615 3775 1892 3850 instruxit.
1923 3777 2123 3832 Verum

544 3870 634 3922 ubi
675 3869 1051 3922 animadvertit
1090 3886 1154 3920 ex
1193 3868 1377 3922 Persis
1430 3880 1484 3923 et
1530 3869 1793 3923 [tertianis
1861 3881 2124 3925 constan-

543 3973 653 4015 tem
691 3964 988 4014 exercitum
1025 3961 1342 4014 validiorem
1365 3976 1506 4026 esse,
1535 3977 1698 4032 quam
1750 3970 1809 4016 ut
1842 3963 1892 4016 ei
1927 3978 1986 4016 se
2025 3964 2122 4017 de-

543 4057 701 4111 beret
732 4071 854 4109 cum
890 4053 1133 4123 periculo
1179 4053 1437 4122 objicere,
1487 4053 1540 4106 in
1589 4055 1878 4124 prtesentia
1928 4056 2122 4123 coeptis

543 4143 1030 4214 Stiperscdendutn,
1057 4157 1357 4211 eorumque
1383 4142 1677 4212 direptioni
1705 4144 2118 4214 indulgendum,

544 4237 929 4292 recedentibus
962 4246 1142 4290 autem
1191 4235 1594 4298 inluerendum,
1626 4245 1681 4290 et
1719 4237 1761 4290 si
1787 4252 1895 4304 quo
1946 4238 2122 4306 possit

543 4330 742 4382 damno
787 4327 1107 4381 mactandos
1159 4327 1336 4380 duxit.
1371 4326 1508 4380 Cum
1571 4325 1684 4380 suis
1740 4341 1904 4395 porro
1943 4327 2121 4396 copiis

543 4418 968 4484 Peritheorium,
1007 4418 1168 4488 590
1195 4434 1315 4487 quae
1340 4417 1520 4472 adhuc
1549 4418 1604 4470 in
1640 4417 1743 4470 (ide
1776 4417 2119 4487 imperatoris

541 4510 818 4576 manebat,
877 4509 984 4563 illic
1043 4511 1282 4564 hostium
1353 4509 1650 4562 discessum
1701 4517 2120 4575 expectaturus

543 4603 841 4658 concessit.
877 4604 1150 4657 Caeterum
1195 4599 1513 4670 imperatori
1551 4609 1606 4652 et
1641 4598 1742 4667 ipsi
1768 4597 2119 4652 Camulzenis

541 4697 775 4750 reditum
839 4709 1064 4748 suorum
1127 4692 1502 4762 prmstolanti,
1553 4692 1728 4744 visum
1781 4690 2116 4760 aliquantum

541 4787 1028 4858 progrediendum,
1059 4785 1104 4839 si
1139 4785 1275 4838 forte
1310 4782 1622 4852 quampiam
1654 4782 1720 4836 de
1747 4781 1853 4837 illis
1877 4783 2120 4860 auditio-

541 4894 670 4932 nem
699 4879 992 4948 acciperet,
1025 4884 1080 4930 et.
1104 4891 1279 4943 usque
1320 4874 1390 4930 ad
1415 4875 1604 4929 urbem
1641 4874 1918 4943 antiquam
1943 4875 2116 4929 Mese-
2146 4878 2154 4886 '

2221 2418 2541 2490 Μομιτζίλῳ
2568 2418 2781 2471 ἐπιέναι
2807 2433 2822 2450 ο
2868 2416 3139 2486 βασιλέως
3168 2414 3225 2468 δέ
3254 2414 3486 2467 κωλύειν
3514 2415 3797 2483 πειρωμέ-

2220 2526 2336 2575 νου,
2363 2509 2439 2571 ὼς
2473 2506 2610 2576 μετὰ
2635 2506 2736 2574 τὴν
2763 2505 2822 2572 ἐξ
2864 2505 3194 2575 Ἡρακλείας
3222 2503 3483 2558 ἐπάνοδον
3532 2505 3798 2574 ἐπιστρα-

2220 2601 2516 2662 τεύσοντας
2545 2598 2740 2667 ἐκείνῳ
2767 2597 2908 2669 μετά
2938 2597 3035 2666 τῆς
3056 2595 3444 2667 προσηκούσης
3474 2596 3800 2663 ἐπιμελείας

2220 2693 2316 2744 καὶ
2347 2689 2608 2759 σπουδῆς,
2643 2690 2738 2742 καὶ
2771 2689 3210 2757 ἀναγκαιοτέραν
3243 2685 3341 2755 τὴν
3366 2688 3447 2746 είς
3464 2685 3800 2753 Ἡράκλειαν

2225 2779 2519 2852 στρατείαν
2551 2781 2615 2832 ἐκ
2643 2777 2854 2832 πολλῶν
2881 2777 3328 2840 ἀποδεικνύντος,
3361 2776 3481 2829 οὐδὲ
3505 2775 3800 2842 ἀναγκαιόο

2217 2861 2378 2942 ττερον
2413 2872 2621 2940 ἔφασαν
2641 2872 2839 2924 ἐκεῖνοι
2874 2869 2966 2922 τοῦ
3004 2867 3307 2938 ἀμύνεσθαι
3329 2867 3469 2935 ὑπὲρ
3505 2864 3603 2918 τοῦ
3641 2868 3798 2934 φόνου

2219 2965 2326 3017 τῶν
2352 2961 2662 3032 ὁμοφύλων.
2700 2961 2876 3031 Ὀρῶν
2908 2960 2964 3013 δὲ
3001 2961 3028 3012 6
3056 2957 3332 3030 βασιλεὺς,
3369 2958 3446 3020 ὡς
3480 2958 3559 3027 μὴ
3583 2957 3801 3009 δύναιτο

2222 3057 2500 3123 κατέχειν,
2523 3053 2618 3105 καὶ
2647 3051 2746 3120 τὴν
2777 3051 3066 3121 Ῥωμαίων
3097 3049 3477 3119 συνεξέπεμπε
3513 3049 3798 3117 στρατιὰν,

2222 3148 2338 3217 ἅμα
2367 3146 2467 3214 μὲν
2501 3142 2862 3199 κακώσουσαν
2916 3142 2987 3194 τά
3033 3139 3368 3211 Μομιτζίλου
3399 3139 3502 3210 ήδη
3549 3138 3798 3208 φανερῶς

2221 3237 2604 3308 ἀφεστηκότος,
2632 3237 2746 3306 ἄμα
2767 3236 2822 3289 δέ
2849 3234 2943 3288 καὶ
2963 3235 3089 3304 περὶ
3109 3233 3221 3286 τῶν
3240 3232 3534 3304 βαρϐάρων
3548 3229 3797 3292 δεδοικὼς

2225 3328 2302 3401 μὴ
2325 3328 2700 3399 διαφθαρῶσιν
2730 3327 2822 3381 ὑπ’
2851 3326 3080 3389 ἐκείνου,
3111 3324 3408 3394 ἀξιόμαχον
3433 3322 3800 3392 στρατόπεδον

2221 3423 2324 3493 ήδη
2385 3413 2728 3491 κεκτημένου
2769 3421 2864 3472 καὶ
2892 3419 3030 3489 πρὸς
3059 3417 3262 3486 τόλμαν
3295 3415 3390 3469 καὶ
3420 3415 3689 3484 εὐψυχίαν
3712 3417 3800 3467 06-

2221 3515 2371 3578 δενδς
2399 3515 2506 3567 τῶν
2529 3515 2653 3566 τότε
2685 3512 3038 3580 λειπομένου.
3066 3507 3398 3579 Μομιτζίλος
3429 3506 3487 3559 δὲ
3510 3507 3652 3575 ὅπερ
3677 3505 3800 3572 ἐγέ-

2223 3623 2346 3660 νετο
2376 3602 2777 3666 ύπωπτευκὼς,
2807 3601 2882 3665 ὡς
2903 3603 3004 3654 οὐκ
3034 3601 3101 3654 ἀν
3137 3601 3427 3670 ἀνάσχοιτο
3455 3597 3558 3668 τὴν
3583 3597 3744 3667 ῠὸριν
3773 3597 3801 3648 6

2229 3698 2505 3770 βασιλεὺς,
2547 3696 2661 3750 ἀλλ’
2711 3694 2798 3747 ἐπ’
2839 3695 3003 3748 αὑτὸν
3035 3692 3243 3762 πέμψοι
3286 3691 3573 3762 στρατιὰν,
3614 3691 3717 3760 τήν
3745 3706 3801 3741 τε

2225 3792 2409 3862 χώραν
2437 3789 2774 3844 συνέστειλεν
2809 3790 2887 3849 εἰς
2917 3787 3015 3849 τάς
3069 3786 3276 3848 πόλεις,
3317 3785 3412 3838 καὶ
3436 3785 3507 3836 τά
3557 3784 3797 3854 φρούρια

2225 3889 2320 3940 καὶ
2351 3885 2514 3948 αὐτὸς
2565 3883 3003 3954 παρεσκεύαστο,
3032 3879 3106 3943 ὡς
3141 3879 3236 3931 ἐπὶ
3285 3878 3488 3949 μάχην.
3529 3877 3708 3948 Ὁρῶν
3745 3879 3799 3931 δὲ

2224 3979 2322 4049 τὴν
2380 3978 2604 4048 Περσῶν
2638 3978 2732 4030 καὶ
2773 3973 3060 4042 Ῥωμαίων
3093 3972 3356 4042 στρατιὰν
3409 3970 3798 4040 δυνατωτέραν

2223 4068 2409 4132 οὖσαν,
2436 4067 2468 4137 ἢ
2500 4065 2641 4119 ὥστε
2677 4062 3099 4118 διακινδυνεύειν
3129 4062 3262 4132 πρὶς
3284 4059 3477 4129 αὐτὴν,
3501 4061 3563 4112 τὸ
3587 4060 3683 4112 νῦν
3706 4059 3800 4123 μὲν

2224 4159 2370 4228 ἔχον,
2406 4157 2549 4226 ἐγνω
2577 4155 2897 4227 ἡσυχάζειν,
2936 4153 3030 4207 καὶ
3055 4154 3148 4205 ἐπὶ
3176 4151 3472 4220 λεηλασίαν
3501 4152 3796 4221 τρέπεσθαι

2222 4252 2340 4320 ἐᾷν,
2371 4249 2778 4318 ἀναστρέφωσι
2819 4245 2875 4299 δὲ
2913 4243 3257 4298 ἐπιτίθεσθαι
3289 4245 3382 4296 καὶ
3417 4241 3707 4312 βλάπτειν,
3735 4242 3795 4310 ἦν

2220 4359 2272 4394 τι
2299 4339 2521 4409 δύνηται
2548 4355 2561 4369 ο
2603 4338 2698 4391 καλ⁸
2730 4337 2830 4406 τὴν
2887 4335 3146 4406 στρατιάν
3193 4335 3354 4404 ἔχων,
3383 4337 3533 4386 κατά
3556 4335 3619 4387 τὸ
3647 4336 3794 4404 Περι-

2221 4430 2449 4502 θεώριον
2475 4409 2579 4482 ύπδ
2602 4428 2845 4498 βασιλίδα
2875 4427 2956 4478 ἔτι
2975 4425 3163 4479 τελοῦν
3186 4425 3456 4496 διέτρ.6εν
3487 4425 3684 4489 ἐλθὼν,
3707 4427 3794 4478 καὶ

2219 4525 2318 4592 τὴν
2359 4521 2646 4590 ἀνάζευξιν
2682 4519 2976 4589 περιέμενε
3013 4519 3114 4590 τῆς
3172 4519 3455 4588 στρατιᾶς.
3495 4519 3718 4572 Βισιλεῖ
3742 4519 3793 4570 δὲ

2219 4613 2298 4685 τῷ
2332 4611 2780 4680 Καντακουςηνῷ
2837 4613 2893 4662 ὲν
2945 4609 3355 4680 Κουμουζηνοῖ,
3388 4611 3488 4669 τὴν
3540 4611 3792 4663 ἐπάνοδον

2222 4705 2324 4773 τῆς
2364 4702 2619 4772 στρατιᾶς
2652 4701 2746 4753 καὶ
2785 4698 2934 4768 αύτῴ
2963 4698 3302 4768 ἐκδεχομένῳ
3329 4698 3506 4750 ἐδόκει
3535 4698 3650 4751 δεῖν
3671 4714 3794 4767 προ-

2222 4794 2397 4847 ελθεῖν
2421 4793 2511 4846 ἐπὶ
2544 4793 2760 4863 μικρὸν,
2790 4792 2842 4844 ετ
2883 4808 3000 4854 πως
3029 4792 3269 4858 ἐγένοιτο
3313 4790 3465 4860 παρά
3488 4791 3642 4843 τουτὶ
3671 4791 3794 4859 περὶ

2221 4885 2320 4953 τῆς
2358 4885 2618 4954 στρατιᾶς
2654 4882 2920 4936 πυθέσθαι
2946 4891 2962 4906 ⁸
2993 4881 3090 4936 καὶ
3122 4881 3390 4952 προῆλθεν
3433 4881 3563 4955 ἄχρι
3593 4883 3793 4944 πόλεως

542 4985 674 5035 nen,
727 4970 839 5040 jam
892 4968 1025 5022 olim
1082 4967 1344 5032 dirutam,
1397 4981 1522 5021 cum
1583 4965 1844 5020 comitatu
1899 4966 2119 5020 circiter

2225 4979 2481 5046 Μεσήνης
2514 4977 2752 5039 παλαιᾶς
2781 4979 2844 5029 ἐκ
2872 4975 3082 5028 πολλῶν
3123 4975 3260 5029 ἐτῶν
3305 4976 3791 5046 κατεσκαμμένης.

543 5061 824 5131 sexaginta
876 5060 1108 5114 militum
1155 5067 1343 5114 vectus
1373 5067 1476 5112 est.
1529 5057 1608 5113 lbi
1669 5073 1790 5110 eum
1847 5057 1914 5111 ab
1968 5058 2122 5125 cquis

543 5155 983 5219 descendissent,
1041 5152 1223 5209 missis
1285 5152 1437 5222 prius
1503 5151 1957 5223 speculatoribus,
2022 5152 2118 5220 qui

543 5247 732 5318 procul
754 5247 1132 5307 observarent.
1163 5260 1356 5300 somno
1410 5246 1711 5314 obrepente
1745 5244 1996 5298 dormivit
2019 5243 2120 5297 ali-

541 5341 812 5410 quandiu,
843 5349 1007 5407 atque
1036 5337 1180 5393 inter
1213 5337 1599 5394 dormiendum
1634 5341 1772 5393 hanc
1793 5353 1981 5392 vocem
2015 5352 2116 5390 au-

545 5433 668 5494 diit,
701 5450 720 5483 ι
749 5431 1156 5501 Expergiscere,
1185 5430 1278 5498 qui
1312 5430 1538 5496 dormis,
1569 5439 1624 5485 et
1652 5443 1870 5499 resurge
1900 5444 1930 5483 a
1961 5444 2110 5483 mor-

544 5525 674 5588 tuis,
697 5532 754 5577 et
777 5521 1172 5576 iiluminabitte
1200 5520 1502 5576 Christus.»
1540 5521 1655 5588 Qua
1685 5537 1818 5577 voce
1850 5523 2112 5577 confusus

542 5616 738 5681 animi,
770 5623 994 5684 repente
1024 5614 1287 5680 surrexit,
1334 5620 1389 5668 et
1437 5629 1551 5669 rem
1581 5615 1945 5686 praesentibus
1972 5613 2118 5669 indi.

543 5704 710 5759 cavit.
740 5705 951 5762 Adsunt
994 5705 1122 5761 item
1171 5703 1561 5775 speculatores,
1595 5715 1882 5763 narrantes
1910 5705 2123 5764 exerci-

2223 5071 2347 5123 ὅσον
2372 5069 2639 5138 ἐξήκοντα
2670 5067 2806 5137 ἔχων
2831 5067 3132 5137 ἑπομένους
3162 5068 3524 5137 στρατιώτας.
3569 5069 3719 5123 Ἐκεί
3740 5068 3792 5120 δέ

2217 5161 2310 5213 τοῦ
2342 5161 2507 5213 ἵππου
2541 5161 2678 5230 μετά
2710 5159 2818 5211 τῶν
2863 5158 3133 5210 συνόντων
3160 5157 3397 5223 ἀποϐάς,
3429 5159 3666 5220 σκοποὺς
3699 5157 3793 5227 μὲν

2215 5251 2434 5320 ἔπεμπε
2485 5251 2750 5321 πρότερον
2801 5249 3093 5318 φυλάττειν
3147 5247 3464 5319 πόρρωθεν·
3502 5247 3797 5318 νυσταγμῷ

2215 5343 2273 5396 δὲ
2308 5340 2556 5412 ληφθεὶς,
2617 5339 2898 5393 ὓπνωττεν
2932 5340 3026 5392 ἐπὶ
3086 5339 3284 5410 μικρόν
3311 5355 3328 5370 ο
3371 5339 3705 5392 ύπνώττοντι
3738 5337 3790 5388 δέ

2217 5433 2447 5503 ἠκούετο
2498 5433 2730 5500 λέγουσα
2761 5430 2910 5501 φωνή
2936 5430 3280 5498 ·ιἜγειραι,
3309 5431 3338 5482 6
3365 5428 3665 5494 καθεύδων,
3703 5427 3792 5479 καὶ

2221 5524 2427 5578 ἀνάστα
2446 5521 2627 5576 ἐκτῶν
2641 5521 2874 5591 νεκρςῖλν,
2903 5523 2996 5571 καὶ
3027 5517 3319 5585 ἐπιφαύσει
3343 5533 3425 5570 σοι
3447 5519 3477 5570 6
3507 5517 3784 5586 Χριστός.ι

2241 5616 2470 5684 ’Δνέστη
2499 5599 2598 5684 μὲν
2623 5611 2718 5667 οὖν
2748 5611 2973 5676 αὐτίκα,
2997 5611 3100 5663 ὑπὸ
3127 5611 3224 5679 τῆς
3252 5605 3437 5680 φωνῆς
3455 5609 3788 5682 θορυϐηθεὶς,

2239 5709 2333 5763 καὶ
2385 5707 2496 5769 τοῖς
2528 5703 2765 5775 παροῦσι
2802 5702 3054 5772 διηγεῖτο.
3093 5702 3245 5770 ’Λμα
3281 5701 3337 5754 δὲ
3385 5700 3479 5754 καὶ
3517 5701 3568 5753 οἱ
3613 5698 3788 5754 σκοποὶ
