4062 6290
289 348 425 414 liii

285 459 632 530 ἀπήγγελλον
687 457 934 516 ἐλθόντες
959 495 973 520 ,

285 552 533 624 ἀκριϐῶς
569 549 627 604 δέ
659 549 758 602 οὐκ
791 544 936 616 εἶχον
963 544 1160 599 εἰδέναι
1190 544 1313 599 ὅθεν
1345 543 1460 612 εἴη.
1495 541 1763 604 Βασιλεὺς
1795 539 1855 593 δὲ

285 647 383 700 καὶ
436 645 486 698 οἱ
521 643 652 713 περὶ
685 641 849 693 αὑτὸν
902 638 1164 709 ᾠήθησαν
1204 637 1305 706 μέν
1331 628 1472 689 εἶναι
1503 636 1603 704 τὴν
1645 633 1855 686 οἰκείαν

285 735 737 804 ὑποστρέφονσαν
795 731 860 782 ἐκ
911 729 1013 798 τῆς
1044 727 1357 798 λεηλασίας.
1388 726 1580 795 Ὅμως
1622 723 1730 776 ὑπὸ
1759 723 1857 790 τῆς

286 827 432 881 κατὰ
479 824 606 886 τοὺς
645 820 846 884 ὕπνους
875 817 1316 888 τεθορυϐημένος
1373 815 1584 885 φωνῆς,
1614 812 1742 876 τούς
1798 829 1856 865 τε

287 914 626 988 νεμομένους
665 915 866 974 ἵππους
905 912 1023 964 ἐκεῖ
1050 911 1149 979 τῆς
1182 909 1445 979 στρατιᾶς
1485 905 1704 960 ἐκέλευε
1732 908 1858 968 τοὺς

290 1008 492 1076 νομέας
524 1005 760 1072 ἁπάγειν
789 1004 869 1064 είς
895 999 1318 1078 Κουμουτζηνὰ,
1360 997 1456 1051 καὶ
1481 995 1746 1065 Μανουὴλ.
1767 995 1858 1046 τὸν

291 1099 483 1168 Ταρχα
517 1096 716 1164 ειώτην
769 1095 833 1146 ἐκ
871 1093 980 1146 τῶν
1033 1091 1318 1162 παρόντων
1351 1089 1567 1157 ὀλίγους
1607 1087 1859 1140 ἐκέλευεν

290 1189 723 1258 ἀπολεξάμενον,
753 1186 883 1240 εὐθὺ
903 1185 1004 1254 τῆς
1030 1183 1332 1253 ἐρχομένης
1356 1182 1616 1250 στρατιάς
1636 1179 1859 1249 χωρεῖν,

294 1285 390 1336 καὶ
427 1278 902 1335 κατασκάπτεσθαι
930 1271 1049 1331 ὅθεν
1075 1277 1160 1348 εἴη
1190 1293 1202 1304 ·
1235 1274 1396 1337 αὐτὸς
1434 1274 1490 1327 δέ
1518 1271 1858 1342 ἀνελάμϐανε

291 1377 363 1427 τὰ
399 1374 540 1426 ὅπλα
575 1371 715 1441 μετὰ
751 1371 860 1423 τῶν
888 1369 1181 1423 συνόντων.
1214 1367 1384 1422 Οὔπω
1415 1367 1472 1419 δὲ
1498 1364 1862 1434 ὡπλισμένων

293 1465 575 1528 παντελῶς
601 1463 1036 1533 τεθορυϐημένος
1067 1460 1341 1530 ἐπανῆκεν
1371 1462 1396 1513 ὁ
1417 1456 1859 1528 Ταρχανειώτης,

294 1557 607 1626 πολεμίους,
661 1551 801 1608 εἶναι
834 1553 1057 1622 φάσκων
1084 1555 1210 1616 τοὺς
1265 1555 1539 1611 ἐπιόντας.
1597 1549 1764 1605 Οὔπω
1807 1547 1864 1600 δὲ

295 1652 410 1703 πᾶν
438 1652 622 1719 εἴρητο
657 1648 804 1710 ἐπος,
845 1649 941 1700 καὶ
968 1648 1018 1700 of.
1060 1647 1312 1718 πολέμιοι
1361 1647 1635 1717 παρῆσαν.
1671 1639 1780 1697 Ἦν
1809 1642 1865 1695 δὲ

297 1744 326 1793 ὁ
367 1741 718 1810 Μομιτζὶλος,
745 1738 948 1808 χιλίους
971 1740 1121 1805 ἄγων
1149 1738 1494 1801 ἐπιλέκτους,
1523 1736 1675 1806 παρά
1705 1748 1866 1786 τινων

298 1832 686 1894 κατασκόπων,
721 1829 814 1894 οὓς
845 1829 1092 1899 ἔπεμψεν
1121 1830 1283 1893 αὐτὸς
1314 1831 1444 1901 περὶ
1479 1829 1745 1900 βασιλέως
1778 1843 1868 1877 πε-

296 1923 600 1992 πυσμένος,
631 1923 712 1976 ὅτι
745 1925 802 1976 ἐν
833 1923 1060 1994 Μεσήνῃ
1094 1923 1155 1976 τὸ
1189 1922 1283 1976 νῦν
1309 1921 1431 1992 ἔχον
1464 1915 1868 1990 διατρίϐει.⁹Ην

297 2018 411 2086 γὰρ
439 2014 618 2082 ὀλίγον
649 2017 706 2068 ἐν
740 2008 784 2083 ᾧ
837 2015 1004 2081 διεῖχε
1029 2014 1394 2085 Περιθεώριον
1435 2014 1716 2082 Μεσήνης.
1765 2013 1870 2064 Βα-

301 2110 487 2173 σιλεὺς
520 2109 618 2178 μέν
647 2107 744 2163 οὖν
773 2111 902 2170 τοὺς
942 2113 1073 2180 περὶ
1102 2110 1266 2163 αὐτὸν
1314 2108 1662 2177 συναγαγὼν,
1689 2107 1871 2161 ἐϐάδι-

300 2202 396 2265 ζεν
425 2201 703 2263 εὐτάκτως
737 2202 826 2254 διὰ
858 2203 1116 2271 Μεσήνης
1148 2202 1247 2268 τὴν
1311 2201 1553 2268 ἄγουσαν
1603 2200 1683 2261 είς
1726 2200 1869 2251 Κου-

303 2292 608 2362 μουτζηνά.
649 2292 821 2362 Ὁρῶν
855 2291 913 2344 δέ
965 2295 991 2344 ὀ
1045 2291 1380 2361 Μομιτζίλος
1435 2291 1536 2344 οὐκ
1588 2291 1746 2350 εὐθὺς
1778 2289 1872 2341 ἐπὶ⁵

299 2382 482 2451 φυγὴν
534 2385 861 2452 τραπέντας,
920 2383 1056 2437 ἀλλὰ
1122 2383 1292 2454 βάδην
1360 2383 1456 2436 καὶ
1519 2384 1872 2451 τεταγμένως

299 2474 588 2536 ἀπιόντας,
646 2474 817 2527 ἔδεισε
878 2477 951 2544 μή
1009 2492 1170 2528 τινων
1229 2475 1616 2548 ἐνεδρευόντων
1670 2475 1729 2525 ἐν
1761 2476 1872 2536 τοῖς

301 2565 569 2634 ἐρειπίοις
591 2565 690 2632 τῆς
719 2565 924 2627 πόλεως
945 2566 1120 2634 τροπὴ
1142 2565 1366 2634 γένηται
1395 2566 1525 2635 περὶ
1549 2565 1873 2628 αὐτδνάτά-

209 2692 212 2694 -
303 2674 459 2720 κτοις
502 2659 593 2710 καὶ
621 2657 1094 2726 διεσκεδασμένοις
1135 2657 1334 2728 ἁθρόον
1387 2660 1748 2725 ἐπελθόντων,
1780 2659 1876 2711 καὶ

305 2751 524 2818 συνεῖχε
578 2748 674 2802 καὶ
713 2748 878 2810 αὐτὸς
907 2747 1006 2817 τὴν
1041 2749 1306 2817 στρατιὰν
1340 2750 1608 2818 αχολαίως
1647 2767 1878 2819 πορευο-

309 2843 481 2911 μένην
513 2843 570 2892 ὲν
623 2840 804 2908 λόγοις
858 2841 1059 2910 τρισίν.
1103 2841 1254 2894 Ἐπεὶ
1292 2843 1361 2895 -δέ
1403 2844 1656 2913 βασιλεὺς
1697 2844 1792 2896 καὶ
1827 2844 1877 2896 οἱ

307 2937 442 3004 περὶ
501 2932 664 2985 αὐτὸν
717 2933 821 2998 ἔξω
850 2933 962 2987 τῶν
1001 2933 1260 3003 ἐρειπίων
1310 2929 1470 3003 ἦσαν,
1505 2937 1601 2988 καὶ
1656 2935 1879 3004 ἐνέδρας

307 3015 514 3090 ὑποψία
544 3023 770 3092 οὐδεμία
802 3019 892 3094 ἦν,
929 3023 1163 3094 ἤλαυνον
1184 3025 1232 3077 οί
1264 3026 1390 3095 περὶ
1425 3025 1758 3093 Μομιτζίλον
1789 3026 1876 3076 ἐπ’

310 3114 555 3176 ἐκείνους
592 3117 868 3186 ἀκρατῶς.
898 3116 1268 3186 Τραπομένων
1297 3117 1354 3169 δέ
1390 3117 1645 3170 ἁπάντων
1673 3119 1750 3178 είς
1783 3135 1880 3185 φυ-

309 3209 440 3274 γὴν,
494 3209 617 3261 ἐπεὶ
667 3209 716 3260 oi
778 3209 1192 3278 προδραμόντες
1222 3209 1331 3262 τῶν
1388 3208 1663 3278 πολεμίων
1713 3209 1880 3276 ἐγγὺς

311 3295 454 3366 ἦσαν
495 3298 776 3369 βασιλέως,
836 3299 948 3352 τῶν
991 3300 1168 3354 ἄλλων
1202 3302 1308 3370 γὰρ
1366 3283 1528 3363 αὐτὸς
1572 3300 1882 3363 τελευταῖος

316 3393 664 3453 ὑπελείπετο,
701 3393 1036 3462 συστραφεὶς
1068 3393 1308 3462 ἠμύνετο
1344 3395 1459 3455 τοῖς
1484 3391 1716 3462 πρώτως
1742 3392 1881 3459 (pini-

317 3502 468 3549 σασι,
504 3487 600 3538 καὶ
629 3486 860 3538 ἔπιπτεν
895 3490 922 3538 ὀ
964 3485 1228 3555 βασιλέως
1258 3486 1422 3548 ἵππος
1456 3487 1568 3546 τοῖς
1600 3487 1882 3552 πολεμίοις

316 3573 704 3644 συμϐαλόντος.
741 3575 860 3627 Τῶν
883 3575 1108 3628 οἰκετῶν
1135 3576 1192 3628 δέ
1218 3569 1299 3638 εἷς
1331 3573 1542 3644 παρὼν,
1569 3573 1881 3643 Λαντζαρέ-

315 3684 408 3730 τος
445 3667 634 3737 ὄνομα,
670 3666 762 3720 τοῦ
806 3668 975 3719 ἵππου
1007 3667 1218 3730 ἀποϐάς
1255 3666 1554 3736 παρείχετο
1588 3666 1680 3720 τὸν
1713 3668 1882 3718 ἵππον

214 3823 219 3829 ί
318 3757 564 3827 βασιλεῖ·
623 3757 738 3827 ἅμα
766 3759 946 3812 δὲκαὶ
982 3758 1254 3828 συνήρατο
1307 3757 1584 3826 ἐπιὸἦναι.
1632 3756 1884 3810 Ἐπιῦαί-

319 3867 477 3901 νοντα
506 3850 559 3903 δέ
589 3850 732 3918 ξίφει
759 3867 843 3908 τις
875 3849 1107 3917 ἔπληξεν
1147 3848 1379 3910 ἐπιστὰς
1415 3849 1559 3901 κατὰ
1587 3849 1686 3916 τῆς
1715 3865 1887 3915 κεφα-

316 3940 438 4006 λῆς,
471 3939 706 3994 ἔϐλαπτε
736 3941 790 3993 δέ
823 3941 999 4005 οὐδὲν,
1049 3941 1144 3993 τοῦ
1181 3941 1414 4009 κράνους
1445 3940 1578 4010 πρὸς
1619 3939 1718 4010 τὴν
1752 3938 1886 4007 πλη-

275 4061 277 4063 ι
317 4032 423 4100 γὴν
445 4032 711 4100 γενναίως
737 4033 1106 4102 άντισχόντος.
1145 4033 1236 4098 Ἐξ
1257 4032 1468 4085 ἐκείνου
1504 4031 1560 4084 δὲ
1589 4033 1677 4084 διὰ
1705 4032 1886 4100 πάσης

319 4123 667 4193 ἀμυνόμενος
715 4125 814 4192 τῆς
867 4123 989 4176 ὁδοῦ
1033 4125 1130 4201 καὶ
1186 4123 1557 4193 πληττόμενος
1588 4122 1887 4192 (παρῆλθον

320 4213 430 4281 γὰρ
458 4205 621 4266 αὒτδν
651 4213 836 4267 πολλοὶ
868 4213 977 4267 τῶν
1005 4215 1330 4285 πολεμίων),
1350 4210 1512 4284 ἦλθεν
1533 4216 1613 4275 είς
1639 4214 1887 4280 Κουμου-

317 4306 513 4373 τζηνὰ,
538 4306 856 4377 παραδόξως
881 4307 1189 4372 διασωθείς.
1224 4306 1600 4376 Λαντζαρέτον
1629 4305 1684 4358 δέ
1709 4304 1887 4373 ξίφεσι

323 4399 417 4452 καὶ
433 4398 620 4470 δόρασι
651 4400 1264 4469 κατατραυματίσαντες
1286 4400 1384 4453 καὶ
1407 4397 1726 4468 νομίσαντες
1759 4398 1880 4450 ἁπε-

1425 335 1968 401 HISTORIARUM
2008 334 2245 397 LIBER
2283 333 2402 397 IlI.

1033 454 1110 517 ὡς
1168 452 1524 524 προσελαύνει
1580 465 1812 520 στρατια
1830 464 1845 480 ο

1980 461 2068 500 um
2105 446 2400 500 adventare
2424 481 2439 507 ,
2486 455 2587 498 nec
2621 451 2772 498 certo
2819 455 3042 498 noscere
3082 442 3323 511 potuisse
3363 450 3534 498 unde-

3392 329 3530 398 1118

1962 555 2090 596 nam
2119 541 2396 596 adventet.
2425 537 2725 609 Imperator
2749 555 2872 594 cum
2915 538 3208 594 comitibus
3253 541 3532 610 proprium

1964 649 2106 698 esse,
2141 643 2197 688 et
2224 648 2255 686 a
2287 631 2642 702 populatione
2671 631 2852 686 redire
2883 639 3071 687 censet
3098 648 3114 686 :
3147 633 3530 687 Verumtamen

1965 739 2097 779 voce
2121 724 2176 777 in
2203 722 2413 778 somnis
2443 722 2627 777 audita
2657 722 2929 786 turbatus,
2965 731 3020 776 et
3039 735 3213 793 equos
3243 722 3535 793 praesidia-

1964 819 2172 871 riorum
2214 816 2321 870 illic
2352 823 2639 883 pascentes
2667 815 2935 869 reducere
2979 814 3316 890 Cumutzena
3353 827 3538 885 pasto-

1967 908 2122 961 ribus
2171 905 2470 964 mandavit,
2528 913 2583 957 et
2643 903 2946 959 Manuelem
2993 903 3411 961 Tarchaniotam
3469 920 3532 958 ex

1967 998 2324 1067 praesentibus
2377 1011 2580 1067 paucos
2642 995 2916 1065 deligere,
2979 995 3326 1050 venientibus
3382 1002 3534 1048 recta

1968 1105 2282 1154 occurrere,
2316 1088 2457 1142 unde
2482 1087 2739 1142 venirent
2773 1085 3265 1156 specularijussit;
3305 1087 3421 1155 ipse
3448 1084 3533 1138 in-

1970 1181 2128 1238 terim
2177 1195 2326 1234 arma
2385 1194 2506 1234 cum
2539 1176 2701 1231 sociis
2756 1177 2955 1232 induit.
3013 1177 3120 1232 Sed
3163 1177 3397 1232 necdum
3454 1178 3539 1232 his

1973 1271 2128 1340 plane
2189 1270 2432 1335 armatis,
2490 1268 2857 1324 Tarcbaniota
2921 1271 3165 1339 trepidus
3221 1272 3536 1337 revertitur,

1971 1363 2156 1416 hostes
2185 1361 2444 1416 advenire
2494 1361 2591 1415 ait.
2621 1361 2715 1415 Vix
2754 1361 2990 1424 ﬁnierat,
3045 1370 3100 1416 ct
3145 1377 3280 1418 ecce
3315 1364 3536 1418 adsunt.

1975 1453 2212 1507 Ducebat
2239 1462 2419 1506 autem
2469 1451 2792 1507 Momttzilus
2822 1453 3058 1509 selectos
3091 1455 3260 1520 mille,
3303 1471 3400 1524 per
3444 1471 3540 1510 ex-

1971 1543 2274 1612 ploratores
2327 1556 2456 1596 suos
2520 1539 2722 1595 certior
2770 1540 2990 1605 factus,
3042 1542 3428 1611 imperatorem
3483 1545 3539 1599 in

1971 1632 2258 1702 praasentia
2285 1632 2350 1686 ad
2381 1631 2633 1686 Mesenen
2666 1630 2880 1695 sedere,
2909 1631 3176 1702 siquidem
3200 1634 3540 1690 Peritbeorio

1975 1723 2193 1777 Mesene
2249 1737 2416 1792 parvo
2469 1723 2753 1781 intervallo
2807 1726 3017 1781 aberat.
3074 1725 3328 1781 Collectis
3376 1723 3540 1794 igitur

1971 1815 2108 1880 suis,
2140 1815 2503 1883 ordinatoque
2524 1816 2741 1886 agmine
2775 1816 2860 1870 via
2888 1832 2987 1886 per
3017 1815 3276 1871 Mesenen
3302 1814 3540 1868 ducente

1970 1907 2303 1960 Cumutzena
2343 1905 2500 1959 redit.
2533 1906 2769 1961 Cernem
2804 1906 3134 1963 Momitzilus
3179 1921 3290 1960 non
3330 1913 3543 1959 extem-

1972 1997 2061 2064 plo
2088 1995 2313 2064 fugisse,
2343 1995 2439 2049 sed
2492 1995 2757 2066 gradatim
2801 2007 2856 2052 et
2897 1996 3185 2052 ordinatim
3236 1995 3542 2058 discedere.

1975 2086 2284 2154 timensque
2317 2099 2387 2138 ne
2416 2085 2741 2154 quibusdam
2773 2085 2913 2141 inter
2937 2086 3135 2140 rudera
3166 2095 3222 2140 et
3247 2085 3544 2155 parietinas

1972 2175 2122 2233 urbis
2175 2176 2434 2231 insidiose
2477 2175 2795 2246 latentibus,
2858 2177 3200 2247 densataque
3233 2185 3444 2231 caterva
3483 2178 3540 2229 in

1971 2281 2100 2321 suos
2147 2280 2245 2320 nec
2284 2265 2565 2320 ordinatos
2625 2275 2682 2321 et
2735 2281 2958 2336 sparsos
3015 2267 3354 2325 irruentibus
3413 2267 3536 2338 fuga

1972 2359 2148 2424 ﬁeret,
2180 2373 2276 2412 eos
2319 2357 2482 2411 etiam
2541 2358 2656 2426 ipse
2702 2357 2978 2428 tripartito
3008 2358 3348 2424 distributos,
3392 2357 3544 2412 lento

1974 2465 2134 2520 passu
2168 2449 2424 2504 incedere
2467 2447 2618 2504 fecit.
2664 2448 2764 2503 Ast
2809 2449 2900 2504 ubi
2949 2448 3270 2504 insidiarum
3302 2447 3543 2518 suspicio

1973 2539 2225 2605 cessavit,
2263 2539 2588 2609 impotenter
2617 2555 2676 2595 se
2727 2540 2780 2594 in
2831 2540 3157 2596 recedentes
3214 2539 3541 2594 intulerunt.

1974 2632 2184 2697 Quibus
2239 2632 2492 2686 omnibus
2544 2631 2598 2686 in
2649 2631 2830 2704 fugam
2861 2647 2922 2687 se
2965 2630 3390 2695 eil‘undentibus,
3418 2645 3543 2685 cum

1976 2727 2069 2792 qui
2105 2739 2172 2776 ex
2205 2723 2456 2779 hostibus
2485 2723 2647 2794 primi
2678 2723 3060 2787 accurrebant,
3094 2720 3424 2792 imperatori
3446 2734 3548 2789 ap-

1979 2814 2411 2884 pr0pinquareut
2451 2815 2722 2885 (ultimum
2765 2813 2912 2869 enim
2961 2827 3153 2883 agmen
3205 2810 3537 2876 claudebat),

1980 2907 2376 2978 aggloiueratus
2409 2921 2533 2961 cum
2564 2907 2755 2976 paucis
2781 2921 2840 2962 se
2873 2905 3149 2961 tuebatur.
3179 2903 3424 2972 Cumque
3446 2901 3548 2957 sub

1982 3012 2049 3052 eo
2107 3013 2284 3066 equus
2334 2997 2622 3053 confossus
2681 2996 2997 3061 cecidisset,
3050 3009 3274 3052 unus.,e
3335 2991 3550 3047 fatuulis

1985 3087 2341 3143 Lantzaretus
2401 3087 2682 3152 vocabulo,
2738 3102 2896 3142 suum
2942 3087 3209 3157 praebuit,
3275 3094 3438 3153 atque
3492 3083 3549 3136 in

1982 3196 2106 3234 eum
2137 3179 2376 3234 sustulit.
2403 3177 2806 3232 Ascendentem
2839 3177 2996 3246 591
3030 3175 3250 3244 quidam
3288 3172 3550 3226 advolaus

1985 3285 2117 3324 ense
2147 3270 2202 3322 in
2235 3279 2397 3337 caput
2431 3267 2580 3331 ferit,
2624 3267 2720 3322 sed
2771 3268 3030 3321 ﬁrmitate
3060 3265 3225 3336 galea:
3261 3264 3402 3317 ictus
3429 3263 3550 3315 ina--

1981 3363 2068 3416 nis
2117 3360 2244 3414 fuit.
2295 3359 2425 3413 lnde
2471 3367 2584 3413 toto
2621 3357 2817 3413 itinere
2877 3356 3065 3412 multis
3117 3353 3450 3410 irruentibus
3495 3363 3552 3407 et

1983 3453 2198 3506 candens
2251 3459 2306 3506 et
2355 3465 2529 3507 caesus
2577 3452 2910 3505 Cumutzena
2943 3447 3264 3502 mirabiliter
3304 3454 3552 3500 servatus

1984 3544 2151 3598 venit.
2220 3541 2603 3596 Lantzaretum
2643 3556 2775 3594 vero
2831 3539 3022 3611 gladiis
3071 3547 3127 3594 et
3187 3535 3355 3591 hastis
3408 3536 3555 3589 ecci-

1985 3636 2150 3690 dendi
2197 3649 2359 3690 causa
2408 3633 2822 3689 consauciatum
2861 3629 3189 3703 (octodecim
3235 3627 3381 3684 enim
3440 3625 3555 3680 vul-

1984 3745 2116 3784 nera
2161 3728 2212 3783 ei
2259 3726 2600 3796 inﬂixeruut)
2638 3726 2939 3796 spirantem
2973 3721 3151 3777 adhuc
3197 3719 3554 3788 reliquerunt.

1984 3820 2287 3889 Imperator
2327 3819 2512 3888 itaque
2551 3834 2582 3872 c
2639 3827 2789 3872 tanto
2836 3814 3152 3869 discrimine
3198 3820 3397 3880 praeter
3433 3825 3556 3863 om-

1985 3912 2136 3965 nium
2183 3912 2651 3980 exspectationem
2691 3907 2933 3970 emersit,
2979 3913 3035 3959 et
3077 3901 3407 3957 Montitzilus
3439 3900 3558 3955 sine

1986 4017 2140 4056 mora
2166 4001 2436 4055 discessit.
2473 3999 2856 4053 Lantzaretum
2903 3997 3196 4066 imperator
3225 3992 3557 4047 seminecem

1985 4092 2322 4158 Cumutaena
2363 4089 2672 4146 vehendum
2705 4088 2937 4150 curavit,
2975 4084 3068 4156 qui
3111 4085 3261 4140 brevi
3309 4092 3556 4152 tempore

1987 4185 2277 4240 sedulitate
2339 4181 2674 4236 medicorum
2722 4191 2910 4247 sospes
2942 4185 2997 4231 et
3043 4172 3356 4236 incolumis,
3406 4171 3556 4226 nulla

1987 4287 2140 4345 parte
2167 4273 2416 4343 corporis
2435 4272 2658 4336 amissa,
2681 4279 2764 4326 est
2785 4269 3054 4335 redditus,
3079 4276 3132 4323 et
3160 4267 3365 4336 majore
3392 4264 3556 4320 etiam

1987 4383 2152 4438 quam
2170 4367 2240 4422 ob
2269 4366 2600 4420 declaratum
2651 4378 2780 4434 erga
2828 4361 3114 4417 dominum
3165 4372 3408 4414 amorem
3444 4371 3562 4411 me—

321 4447 568 4542 κτονέῑαι
593 4447 964 4561 (δεκάκιςΐγὰρ
990 4447 1394 4560 ἐτραυμάτισαν
1417 4447 1552 4557 πρὸς
1568 4490 1674 4550 τοῖς
1699 4485 1876 4554 ὀκτὼ),

1993 4459 2168 4514 ruisse
2188 4458 2492 4524 videbatur,
2535 4456 2676 4525 apud
2703 4469 2827 4510 eum
2873 4453 3050 4521 gratia
3106 4452 3425 4520 honoreque
3463 4447 3562 4501 Ilo-

322 4580 590 4633 ἀπέλιπον
620 4583 944 4656 ἐμπνέοντα.
1005 4582 1271 4645 Βασιλεὺς
1319 4582 1417 4651 μὲν
1475 4575 1570 4634 οὖν
1610 4578 1783 4640 οὕτως
1822 4579 1888 4631 ἐκ

319 4671 416 4722 τοῦ
447 4672 703 4725 τοσούτου
738 4673 986 4726 κινδύνου
1030 4674 1260 4743 μηδενὸς
1307 4675 1374 4728 ἂν
1410 4671 1888 4742 προσδοκήσαντος

313 4763 628 4827 διεσώζετο.
669 4767 776 4818 Καὶ
811 4768 838 4818 ὁ
883 4766 1212 4836 Μομιτζίλος
1260 4766 1381 4820 οὺδέ
1417 4765 1591 4834 βραχὺ
1619 4761 1890 4834 προσμεί-

324 4872 443 4918 νας,
485 4856 768 4927 άνεχώρει.
803 4859 1152 4928 Λατζαρέτον
1200 4858 1256 4910 δέ
1290 4857 1512 4926 πέμψας
1551 4858 1578 4910 ὁ
1614 4855 1886 4925 βασιλεὺς,

326 4946 533 5015 ἢγαγεν
570 4949 645 5010 είς
679 4949 1076 5018 Κουμουτζηνὰ
1123 4950 1432 5018 ἐμπνέοντα
1482 4949 1562 5000 ἐτι
1587 4963 1600 4978 ·
1637 4948 1734 5000 καὶ
1765 4946 1892 4999 πολ-

326 5036 426 5105 λῆς
463 5037 719 5104 ἀξιωθεὶς
752 5041 1093 5110 ἐπιμελείας,
1135 5045 1192 5094 ἐν
1226 5042 1393 5113 ὀλίγῳ
1426 5043 1604 5111 χρόνῳ
1646 5041 1804 5108 ὑγιής
1829 5055 1890 5091 τε

328 5128 424 5181 καί⁸
455 5131 592 5193 σῶος
620 5127 778 5196 αὖθις
812 5129 900 5203 ἦν,
937 5133 1102 5203 μηδὲν
1141 5134 1250 5187 τῶν
1281 5133 1459 5203 μελῶν
1487 5133 1589 5185 ὑπὸ
1619 5131 1728 5186 τῶν
1753 5131 1893 5199 πλη-

323 5220 436 5287 γῶν
463 5221 772 5288 ἀποϐαλὼν,
799 5224 998 5294 πολλῆς
1031 5241 1092 5277 τε
1123 5225 1413 5294 εὐμενείας
1439 5225 1535 5277 καὶ
1563 5223 1730 5294 τιμῆς
1756 5220 1894 5275 ἀπέ-

285 5335 288 5338 -
324 5310 459 5362 λαυε
495 5311 644 5379 παρὰ
685 5313 968 5382 βασιλέως,
1011 5315 1108 5369 καὶ
1142 5314 1410 5384 μειζόνων
1440 5315 1473 5380 ἢ
1511 5313 1776 5383 ἐτύγχανε
1805 5312 1886 5364 δο-

325 5402 438 5454 κῶν
478 5399 618 5456 εἶναι
647 5405 968 5475 ἀξιώτερος,
1006 5407 1095 5461 διὰ
1142 5407 1242 5477 τὴν
1272 5406 1721 5476 ἐπιδεδειγμένην
1755 5405 1894 5477 πρὸς

323 5496 532 5547 ἐκεῖνον
557 5494 791 5550 εὔνοιαν.
818 5499 1055 5551 Ἕπεσον
1085 5499 1138 5550 δέ
1167 5499 1260 5551 καὶ
1285 5499 1393 5552 τῶν
1417 5497 1590 5551 ἄλλων
1609 5496 1889 5564 τέτταρες,

325 5580 404 5639 ὧν
434 5582 514 5650 εἷς
546 5588 574 5640 ό
603 5587 888 5658 Βρυέννιος
917 5589 1136 5658 Μιχαὴλ
1164 5586 1252 5660 ἦν,
1282 5583 1326 5656 ᾧ
1357 5591 1543 5642 πεσεῖν
1580 5587 1892 5658 μαχόμενον

323 5677 637 5747 ἔμπροσθεν
663 5678 925 5748 βασιλέως
943 5681 970 5731 ό
991 5680 1374 5750 Διδυμοτείχου
1394 5679 1684 5751 ἀρχιερεὺς
1709 5676 1891 5746 πολλῷ

325 5771 504 5843 χρόνῳ
552 5771 814 5843 πρότερον
851 5774 1107 5841 προεῖπεν
1131 5790 1143 5804 ·
1183 5772 1425 5828 ἑάλωσαν
1475 5773 1530 5826 δὲ
1563 5774 1656 5827 καὶ
1711 5773 1889 5825 ἐτεοοι

1988 4553 2115 4606 ruit.
2148 4550 2478 4606 Ceciderunt
2511 4556 2690 4604 autem
2721 4555 2981 4617 quatuor,
3006 4559 3240 4614 quorum
3274 4556 3414 4596 unus
3462 4539 3561 4594 Mi-

1988 4643 2140 4699 chael
2175 4642 2500 4714 Bryennius,
2535 4638 2626 4693 cui
2677 4646 2806 4692 ante
2855 4633 3200 4704 imperatoris
3250 4633 3416 4702 pedes
3459 4646 3562 4700 pu-

1988 4745 2238 4806 gnnntem
2265 4734 2665 4796 occubiturum,
2697 4730 2869 4784 multo
2913 4736 3041 4783 ante
3065 4721 3424 4796 Didymotichi
3449 4722 3564 4790 epi-

1990 4844 2188 4898 scepus
2274 4827 2644 4897 prredixerat,
2689 4822 2914 4877 totidem
2973 4819 3140 4889 capti.
3224 4813 3562 4870 Momitzilus

1990 4920 2151 4990 paulo
2179 4929 2300 4989 post
2353 4933 2515 4988 quam
2571 4930 2766 4970 manus
2823 4913 2912 4967 illa
2958 4909 3300 4982 praedatoria,
3339 4907 3408 4960 de
3453 4918 3560 4974 qua

1991 5026 2178 5081 supra,
2210 5009 2483 5075 discessit,
2524 5009 2661 5062 duos
2699 5007 2768 5060 de
2824 5002 3076 5072 captivis,
3111 4999 3466 5068 Apehnenem
3495 5003 3552 5048 et

1993 5103 2341 5164 Theodorum
2397 5099 2760 5156 Caballarium
2802 5100 2867 5151 ad
2900 5096 3110 5148 Annam
3157 5088 3554 5159 imperatriccm

1991 5195 2154 5268 legat,
2197 5191 2474 5252 societatis
2530 5201 2582 5246 et
2635 5188 2805 5260 prarlii
2857 5201 2981 5242 cum
3041 5183 3159 5252 ejus
3205 5181 3362 5235 hoste
3405 5193 3560 5234 com-

1993 5289 2146 5344 missi
2175 5286 2455 5358 praemium
2504 5283 2662 5353 petit.
2713 5282 2844 5347 Quae
2891 5276 3156 5348 petitione
3213 5273 3449 5327 libenter
3470 5269 3568 5322 ad-

1993 5381 2183 5443 missa,
2235 5373 2712 5445 despotam'illum
2761 5378 2932 5426 creat.
2958 5368 3080 5437 Ipse
3113 5379 3328 5437 quoque
3383 5361 3554 5415 misso

1996 5475 2062 5525 ad
2117 5470 2504 5538 imperatorem
2570 5468 2812 5524 oratore,
2858 5460 3023 5530 hujus
3069 5455 3385 5513 stoliditatis
3450 5467 3564 5507 suae

1996 5574 2052 5619 et
2082 5563 2224 5617 male
2264 5562 2407 5616 bene
2446 5557 2644 5612 merito
2669 5570 2769 5610 suo
2798 5553 2982 5609 relata:
3011 5551 3201 5621 gratia:
3230 5548 3444 5603 veniam
3474 5560 3567 5615 pc-

2000 5657 2085 5719 tit,
2122 5669 2185 5710 ac
2211 5656 2278 5709 de
2304 5660 2502 5707 caetero
2546 5647 2770 5704 meliora
2819 5644 3108 5717 prom'ttit.
3135 5642 3434 5711 Imperator
3477 5639 3568 5693 in-

2001 5745 2252 5816 telligens
2279 5753 2331 5799 et
2361 5741 2600 5799 vindicta
2636 5738 2831 5808 punire
2881 5734 3234 5791 Mom'ttzilum
3271 5747 3436 5803 quam
3481 5745 3571 5786 es»
