4062 6290
540 290 675 353 ιω

1716 279 2044 342 JOANNIS
2084 280 2612 345 CANTACUZENI

3654 269 3813 359 nio,

535 413 620 457 svt
655 397 892 459 diliicile,
920 405 977 451 et
998 395 1211 451 hostem
1258 392 1482 459 habere,
1520 391 1614 462 qui
1643 392 1853 448 ‘obesse
1878 392 2122 464 graviter

2225 391 2487 446 τοσοῦτοι.
2513 390 2848 463 Μομιτζίλος
2871 390 2931 444 δέ
2967 389 3106 460 μετὰ
3141 387 3341 460 μικρὸν
3361 387 3462 459 τῆς
3494 385 3646 456 αὐτῷ
3669 388 3798 440 ἐπε-

537 502 761 565 posset,
816 504 982 560 quam
1054 501 1244 557 parum
1326 484 1496 547 utile,
1563 492 1780 553 tempus
1852 482 2115 538 idoneum

538 593 891 656 exspectans,
925 595 984 635 se
1017 576 1379 634 reconciliari.
1408 591 1604 646 passus
1632 582 1736 640 est,
1786 583 1843 629 et
1881 575 2114 647 ignovit,

541 676 877 744 audiensque
900 672 968 726 ab
1012 668 1364 740 imperatrice
1406 668 1774 723 renuntiatum
1808 666 2113 737 despotam,

541 765 992 825 sebastocratoris
1034 762 1245 816 honore
1290 761 1409 830 ejus
1441 760 1760 827 dignitatem
1791 758 2112 814 cumulavit.

540 860 608 914 Et
659 858 808 912 visus
857 861 942 908 est
988 852 1150 920 hujus
1181 866 1341 920 quam
1390 847 1758 919 imperatricis
1782 846 2113 912 studiosior,

538 952 778 1020 binique
797 955 1105 1010 consulere,
1128 946 1228 1000 sub
1244 945 1628 1014 imperatorem
1653 940 1934 996 redactum
1963 954 2113 1004 esse,

541 1044 637 1099 sed
662 1056 771 1098 non
803 1041 918 1102 diu,
959 1048 1019 1093 ut
1038 1053 1166 1093 mox
1194 1037 1428 1092 dicetur.
1458 1032 1657 1103 Elapso
1685 1032 1892 1087 interea
1918 1031 2112 1100 spatio,

542 1150 652 1202 quo
681 1148 743 1190 se
779 1130 998 1186 barbari
1051 1126 1372 1198 imperatori
1427 1125 1757 1179 militaturos
1795 1122 2114 1193 spoponde-

543 1237 688 1293 rant,
724 1225 1062 1283 mentionem
1112 1221 1320 1282 reditus
1353 1209 1623 1274 iecerunt.
1669 1215 1885 1282 Quibus
1939 1216 2115 1285 impe-

542 1330 694 1376 utor
725 1326 786 1372 ut
843 1315 985 1370 ultra
1037 1318 1324 1366 manervnt
1378 1321 1507 1363 cum
1568 1318 1675 1359 non
1724 1306 2107 1375 persuaderet,

543 1420 875 1478 operamque
927 1401 1157 1468 luderet,
1193 1414 1288 1454 eos
1335 1396 1563 1463 dimisit,
1598 1404 1655 1452 et
1682 1394 1755 1451 ita
1791 1410 1891 1466 per
1934 1394 2110 1449 Helle-

543 1511 799 1571 spontum
827 1499 882 1554 in
912 1497 1097 1553 Asiam
1122 1494 1532 1563 reuavigarunt.

2208 484 2446 555 λθούσης
2478 482 2743 555 στρατιᾶς
2774 480 3293 553 άνακεχωρηκυίας,
3326 479 3441 532 τῶν
3470 479 3797 532 ἑαλωκότων

2209 575 2325 642 δύο,
2352 576 2446 630 τόν
2469 592 2532 628 τε
2566 574 2892 644 Ἀπελμενέ.
2929 573 3027 626 καὶ
3053 571 3331 639 Θεόδωρον
3372 569 3467 622 τὸν
3507 567 3797 622 Καϐαλλά-

2214 685 2331 739 ριον
2368 667 2508 737 πρὸς
2567 666 2819 737 βασιλίδα
2868 666 2968 736 τὴν
3025 665 3228 717 Ἄνναν
3257 662 3507 731 πέμψας,
3568 662 3796 732 μισθοῦς

2211 759 2334 831 ᾔτει
2363 760 2463 825 τῆς
2497 760 2845 830 συμμαχίας,
2883 757 2979 811 καὶ
3036 755 3139 825 τῆς
3201 754 3341 820 πρδς
3393 754 3492 806 τὸν
3535 751 3796 822 πολέμιον

2211 850 2360 921 αύτῷ
2387 851 2771 921 γεγενημένης
2813 849 3014 919 μάχης.
3056 847 3124 900 Ἦ
3170 845 3228 899 δέ
3272 834 3549 916 ’ἀσμένως
3578 862 3641 898 τε
3688 844 3797 898 ἐδέ-

2209 960 2335 1013 χετη
2363 944 2465 1014 τὴν
2512 941 2732 1012 αἴτησιν
2771 941 2869 995 καὶ
2906 941 3174 1010 δεσπότην
3221 939 3577 994 ἀπεδείκνυε.
3627 938 3799 1008 Πρεσ-

2209 1033 2368 1108 ϐείαν
2419 1034 2477 1089 δέ
2507 1035 2601 1088 καὶ
2634 1033 2773 1103 πρὸς
2830 1032 3055 1103 βασιλέα
3103 1030 3333 1102 πέμψας
3366 1031 3545 1083 ἐδεῖτο
3613 1030 3797 1099 τυχεῖν

2213 1125 2568 1196 συγγνώμης,
2594 1123 2865 1194 ἀγνώμων
2895 1124 3038 1179 οὕτω
3063 1124 3277 1193 φανεὶς,
3302 1122 3400 1176 καὶ
3426 1122 3626 1183 κακῶς
3650 1122 3753 1188 ἀμε
3776 1147 3799 1160 -

2207 1217 2452 1288 ψάμενος
2508 1216 2603 1268 τὸν
2658 1215 2990 1286 εὐεργέτην·
3057 1213 3432 1283 ἐπηγγέλλετό
3499 1230 3559 1266 τε
3632 1214 3796 1284 μηδὲν

2216 1307 2625 1378 ἀγνωμονήσειν
2651 1306 2753 1361 ἔτι.
2777 1306 3039 1370 Βασιλεὺς
3063 1307 3120 1360 δέ
3144 1306 3206 1359 τό
3234 1323 3294 1359 τε
3319 1306 3689 1376 τιμωρεῖσθαι
3727 1305 3798 1369 ὡς

2221 1398 2502 1467 ἀμήχανον
2530 1396 2693 1468 ὁρῶν,
2717 1398 2811 1449 καὶ
2840 1398 2900 1449 τὸ
2934 1396 3199 1466 πολέμιον
3245 1397 3392 1468 ἔχειν
3449 1395 3788 1466 Μομιτζίλον

2145 1484 2188 1539 Β
2221 1488 2485 1557 βλάπτειν
2522 1488 2824 1558 δυνάμενον
2855 1488 2958 1559 ἠδη
2986 1488 3326 1551 ἀλυσιτελὲς.
3362 1488 3721 1556 διηλλάττετό
3742 1508 3799 1543 τε

543 1594 641 1648 καὶ
682 1588 975 1663 παρείχετο
1009 1588 1363 1657 συγγνώμην,
1417 1586 1774 1657 προσήκοντα
1830 1583 2120 1654 ὑπομένων
2156 1582 2239 1653 τῷ
2274 1581 2475 1651 καιρῷ,
2543 1580 2895 1652 πεπυσμένος
2939 1582 2998 1636 δὲ
3027 1581 3193 1634 αὐτὸν
3256 1581 3355 1634 καὶ
3399 1581 3557 1652 παρά
3592 1580 3801 1651 βασιλί-

544 1691 633 1748 δος
665 1688 929 1757 δεσπότην
962 1685 1267 1753 γεγονέναι,
1299 1682 1397 1752 τὴν
1438 1682 1945 1752 σεϐαστοκράτορος
1977 1678 2139 1741 αὐτὸς
2178 1677 2474 1747 παρείχετο
2535 1677 2720 1742 ἀξίαν,
2755 1679 2851 1730 καὶ
2880 1676 3027 1741 ἔδοξε
3077 1678 3146 1731 τὰ
3207 1676 3401 1729 τούτου
3443 1677 3711 1749 μᾶλλονῆ
3739 1678 3804 1730 τὰ

549 1783 821 1854 βασιλίδος
880 1779 1227 1851 προελέσθαι,
1262 1777 1357 1831 καὶ
1403 1776 1629 1845 ἔστεργε
1658 1777 1718 1830 τὸ
1749 1774 1855 1829 ὑπὸ
1901 1774 2115 1845 βασιλεῖ
2150 1772 2414 1843 τετάχθαι
2443 1770 2607 1839 δῆθεν
2643 1773 2730 1824 ἐπ’
2758 1771 2939 1839 ὀλίγον
3005 1771 3222 1840 χρόνον.
3255 1768 3365 1822 Τοῦ
3399 1770 3603 1842 χρόνου
3662 1771 3719 1824 δέ
3747 1772 3802 1823 ἐν

546 1882 757 1944 τούτοις
787 1876 1200 1950 παρῳχηκότος,
1230 1877 1287 1929 ὃν
1319 1879 1367 1928 oi
1405 1874 1669 1945 βάρϐαροι
1702 1872 2108 1943 ἐπηγγείλαντο
2149 1869 2560 1940 συμμαχήσειν
2591 1868 2817 1938 βασιλεῖ,
2880 1868 3157 1938 ἐμέμνητο
3191 1867 3477 1921 ἐπανόδου.
3540 1867 3801 1930 Βασιλεὺς

547 1977 605 2030 δὲ
674 1978 767 2029 καὶ
840 1972 998 2037 αὖθις
1059 1973 1336 2044 ἐπεχείρει
1367 1973 1608 2025 συνεῖναι
1645 1970 1876 2034 πείθειν,
1918 1968 1994 2040 μὴ
2040 1966 2406 2036 πειθομένους
2453 1964 2510 2019 δὲ
2554 1964 2783 2030 ἀπέλυε,
2821 1963 2918 2018 καὶ
2964 1961 3324 2033 ἐπεραιοῦντο
3370 1963 3452 2025 είς
3497 1960 3694 2017 Ἀσίαν
3737 1958 3801 2014 δι’

561 2069 985 2141 Ἑλλησπόντου.

1835 2153 1995 2224 592
2033 2150 2262 2208 CAPUT
2301 2150 2498 2208 Lxxr.
2594 2172 2597 2173 ί

548 2247 850 2323 Imperator
898 2249 1228 2323 Pata'ologus
1276 2257 1502 2323 a'grotus
1530 2249 1846 2320 Byzantium
1906 2250 2061 2302 redit.
2098 2247 2291 2323 Moesus
2340 2248 2647 2323 faedifragus
2697 2252 3011 2323 Apocaucho
3063 2250 3328 2323 auxilium
3370 2250 3557 2323 mittit.
3618 2248 3806 2323 Empg—

576 2336 595 2357 δ
623 2317 788 2377 ihium
830 2322 1094 2376 obsidetur
1135 2317 1372 2389 'frustra.
1406 2317 1825 2392 Aibimiperatore
1855 2327 1929 2392 ‘ut
1976 2317 2266 2392 versipellis
2313 2317 2364 2392 et
2408 2317 2647 2392 mendas;
2692 2317 3113 2392 reprelienditur.
3152 2319 3420 2375 Callidum
3467 2320 3806 2392 imperatoris

619 2391 916 2446 comitium.
952 2391 1122 2447 Gener
1148 2387 1453 2459 Apocauchi
1477 2391 1534 2442 in
1569 2389 1744 2442 Hebro
1782 2388 2175 2460 submerqitur.
2198 2387 2466 2454 Profectio
2496 2387 2762 2459 ejusdcm'
2790 2392 3213 2460 Didymotichum
3257 2406 3373 2443 cum
3410 2387 3671 2443 exercitu.
3703 2387 3808 2441 Ιιιιο

620 2470 836 2530 perator
866 2476 928 2513 ea:
951 2455 1233 2530 composito
1264 2460 1640 2530 cataphractus
1667 2466 1957 2528 exspectat.
1988 2455 2342 2530 Repelluntur
2361 2460 2451 2524 qui
2475 2455 2835 2528 oppugnatum
2857 2455 3132 2514 venerant.
3160 2458 3509 2528 Apocauctius
3533 2459 3806 2513 Manlian

625 2525 817 2585 uastat.
852 2525 1172 2584 Motuitzilus
1204 2535 1265 2583 ab
1297 2525 1633 2600 imperatrice
1661 2537 1709 2581 et
1743 2525 2076 2597 imperatore
2098 2525 2294 2594 deﬁcit,
2327 2543 2388 2580 ac
2416 2525 2689 2598 proprium
2721 2531 3080 2600 principatum
3108 2525 3343 2583 molitur.

619 2667 725 2722 Per
763 2668 909 2722 idem
967 2674 1184 2733 tempus
1239 2666 1541 2734 imperator
1578 2665 1911 2737 Palaeologus
1952 2664 2118 2720 Hera-

2290 2666 2399 2719 Ka‘t
2444 2666 2701 2735 βασιλεὺς
2750 2669 2780 2721 ὁ
2845 2669 2965 2728 νέος
3024 2665 3387 2735 Παλαιολόγος
3436 2666 3707 2736 ἐνόσησεν
3752 2671 3806 2721 ἐν

547 2761 687 2813 eleae
712 2759 906 2813 morbo
934 2758 1164 2827 ancipiti
1194 2758 1495 2821 laborabat,
1535 2771 1697 2826 quem
1728 2757 2039 2826 patriarcha
2065 2764 2125 2811 et

2225 2759 2399 2829 τούτῳ
2418 2758 2497 2827 τῷ
2517 2759 2693 2829 χρόνῳ
2716 2758 2853 2812 κατὰ
2880 2758 2979 2827 τὴν
3012 2757 3351 2827 Ἡράκλειαν
3372 2757 3594 2826 νόσημα
3615 2741 3802 2822 δεινὸν,

555 2850 805 2907 nonnulli
842 2864 1101 2919 proceres
1131 2849 1445 2920 Byzantium
1472 2849 1827 2902 reduxerunt.
1869 2849 2121 2915 Apocau-

2225 2847 2282 2903 ὃν
2333 2848 2472 2917 ἔχων
2523 2851 2551 2903 ὁ
2600 2849 2946 2920 πατριάρχης
2982 2851 3123 2916 μετά
3177 2866 3345 2902 τινων
3394 2850 3803 2919 συγκλητικῶν,

555 2945 889 2998 chusautem
961 2956 1195 3009 magnus
1247 2940 1354 2994 dux
1411 2954 1536 2993 cum
1589 2940 1832 2994 exercitu
1878 2953 2126 3007 summus

2226 2942 2308 3004 είς
2336 2939 2634 3005 Βυζάντιον
2663 2942 3015 3011 ἀνέστρεφεν.
3060 2930 3400 3010 Ἀπόκάυχος
3449 2939 3510 2999 δὲ
3556 2943 3587 2994 ὸ
3636 2942 3805 3010 μέγας

554 3030 801 3101 ejusdem
856 3030 1156 3100 imperator
1214 3030 1442 3085 relictus
1484 3029 1552 3085 ad
1609 3029 2124 3101 Didymoticheuses

2226 3031 2352 3097 δοὺξ
2411 3031 2550 3101 μετά
2600 3032 2698 3101 τῆς
2739 3033 2998 3099 στρατιᾶς
3051 3030 3380 3085 ὑπελείπετο
3443 3030 3801 3101 αὐτοκράτωρ

555 3123 952 3194 oppugnandos
999 3136 1123 3178 sese
1172 3121 1547 3191 comparabat,
1598 3121 1869 3191 siquidem
1932 3120 2126 3176 Persas

2234 3124 2548 3192 στρατηγός
2568 3138 2583 3152 ’
2617 3107 2714 3177 καὶ
2735 3124 3184 3193 παρεσκευάζετο
3208 3123 3283 3185 ὡς
3307 3123 3389 3185 είς
3417 3122 3802 3193 Διδυμότειχον

555 3218 1000 3273 Cantacuzenum
1068 3216 1381 3273 deseruisse
1448 3225 1753 3286 acceperat.
1827 3216 2123 3270 Mmsorum

2230 3214 2508 3283 ἐμϐαλών.
2525 3215 2789 3269 Ἐπύθετο
2805 3219 2912 3287 γάρ
2932 3217 3391 3286 Καντακουζηνοῦ
3412 3218 3512 3270 τοῦ
3541 3218 3803 3289 βασιλέως

554 3311 683 3365 item
710 3324 804 3364 rex
833 3311 1013 3366 soluto
1038 3309 1246 3366 findere
1272 3310 1537 3365 auxilium
1578 3309 1628 3364 ei
1679 3309 1971 3379 pollicitus,
2015 3323 2125 3363 non

554 3398 730 3454 multo
758 3409 879 3468 post
902 3399 1074 3454 misit.
1105 3398 1413 3469 Imperator
1458 3398 1594 3453 nihil
1621 3398 1812 3453 borum
1853 3399 2126 3463 nesciens,

555 3504 658 3558 pro
697 3489 957 3544 facultate
982 3504 1042 3542 se
1090 3504 1309 3559 quoque
1357 3490 1424 3545 ad
1479 3474 1692 3544 hostem
1743 3489 2126 3560 excipiendum

557 3580 921 3651 preparabat,
964 3580 1264 3651 relictoque
1296 3581 1354 3635 in
1377 3582 1694 3637 Chalcidice
1729 3580 1983 3636 Mattbaeo
2017 3581 2130 3635 tilio

561 3686 688 3726 cum
724 3685 887 3725 manu
910 3679 1171 3741 quantam
1209 3670 1432 3726 rebatur
1460 3672 1594 3726 satis
1623 3685 1767 3735 esse,
1805 3670 2012 3725 Joanne
2033 3687 2133 3725 au-

559 3772 669 3816 tem
704 3763 884 3817 Asane
915 3762 1104 3817 uxoris
1131 3762 1298 3817 fratre
1340 3761 1615 3832 oppidulis
1644 3762 1698 3816 in
1743 3761 1956 3817 llorrlia
1980 3761 2136 3817 dedi-

562 3853 699 3909 titiis
724 3852 983 3924 praefecto
1017 3854 1270 3910 instituto
1316 3867 1441 3909 cum
1483 3853 1776 3926 prasidiis,
1825 3854 1943 3923 ipse
2005 3869 2129 3909 cum

558 3946 777 4003 caeteris
811 3946 1253 4019 Didymoticbum
1293 3947 1473 4002 inivit.
1526 3945 1754 4018 Magnus
1801 3948 1909 4002 dux
1935 3958 2134 4018 potens

2232 3306 2606 3378 ἀποχωρῆσαν
2626 3308 2687 3361 τὸ
2708 3307 2999 3378 Περσικόν.
3026 3308 3181 3378 ’Δμα
3206 3308 3263 3361 δὲ
3295 3311 3389 3362 καὶ
3410 3313 3438 3363 ὁ
3464 3310 3579 3364 τῶν
3605 3311 3803 3365 Μυσῶν

2232 3397 2483 3468 βασιλεὺς
2515 3398 2785 3468 ὑπέσχετο
2815 3400 3229 3469 συμμαχήσειν,
3266 3400 3367 3462 τὰς
3396 3401 3538 3471 πρὸς
3580 3402 3804 3471 βασιλέα

2231 3486 2492 3550 διαλύσας
2546 3490 2803 3557 σπονδὰς,
2855 3490 2951 3544 καὶ
3005 3490 3224 3561 ἔπεμπε
3273 3491 3391 3562 μετ’
3431 3493 3497 3545 ού
3544 3494 3682 3546 πολὺ
3710 3496 3804 3559 τὴν
3856 3560 3863 3564 ,

2238 3580 2576 3652 συμμαχίαν.
2618 3581 2882 3645 Βασιλεὺς
2925 3583 2984 3637 δὲ
3029 3585 3139 3637 τῶν
3205 3584 3546 3653 γιγνομὲνων
3599 3586 3805 3655 ἀγνοῶν

2233 3672 2407 3738 οῦδὲν,
2434 3673 2508 3736 ὡς
2529 3673 2654 3742 ἐνῆν
2675 3673 2766 3726 καὶ
2792 3672 2953 3735 αὐτὸς
2976 3674 3112 3745 πρὸς
3131 3675 3232 3744 τὴν
3255 3675 3441 3741 ἔφοδον
3460 3692 3537 3727 πα
3547 3677 3805 3745 ρεσκευά·

2233 3761 2379 3827 ζετο,
2413 3765 2506 3816 καὶ
2532 3763 2813 3818 Ματθαϊον
2846 3764 2946 3829 μὲν
2978 3765 3071 3818 τὸν
3118 3766 3233 3817 υίδν
3263 3766 3356 3819 ἐπὶ
3393 3767 3498 3835 τῆς
3533 3769 3805 3839 Χαλκηδι-

2236 3853 2343 3921 κῆς
2372 3852 2688 3908 καταλιπὼν
2718 3856 2857 3924 μετά
2894 3857 3160 3926 στρατιᾶς
3190 3857 3322 3926 ὅσης
3361 3856 3504 3927 ᾤετο
3528 3860 3803 3929 ἀρκέσειν,

2237 3944 2292 3997 εἴ
2317 3961 2463 4010 τινες
2505 3945 2656 4011 αὐτῷ
2703 3946 2934 4013 ἐπίοιεν,
2995 3947 3252 4018 Ἰωάννην
3307 3948 3366 4001 δὲ
3427 3949 3671 4021 ’Δσάνην
3718 3953 3803 4004 τὸν

562 4039 726 4095 totius
762 4038 994 4094 Romani
1040 4032 1330 4104 exercitus,
1374 4037 1634 4094 Heraclea
1674 4039 1969 4103 excedens,
2005 4039 2126 4093 Em-

2234 4037 2499 4106 γυναικ¹ς
2553 4036 2784 4104 ἀδελφὸν
2835 4040 2951 4101 τοῖς
3013 4040 3073 4091 ἐν
3121 4039 3322 4110 Μὸῤῥα
3373 4043 3803 4114 προσχωρήσασι

557 4120 810 4200 pythium
838 4130 1125 4184 castellum
1151 4128 1443 4185 obsidione
1474 4127 1856 4193 circumdedit,
1884 4136 1941 4181 et
1959 4126 2133 4203 muris

558 4228 831 4274 toruunta
875 4219 1265 4290 machinasque
1297 4219 1557 4284 admovit,
1601 4218 1657 4272 in
1703 4232 1807 4286 qua
1855 4233 2134 4288 oppugna-

560 4311 713 4365 tione
739 4312 940 4368 multos
970 4326 1194 4367 suorum
1230 4310 1430 4366 amisit.
1461 4309 1593 4364 Erat
1628 4308 1895 4378 siquidem
1924 4308 2131 4363 castel-

562 4401 677 4454 lum
712 4399 843 4456 illud
884 4417 1161 4457 murorum
1188 4411 1470 4458 structura
1504 4399 1663 4468 longe
1679 4397 2130 4463 munitissimum,

557 4496 763 4553 Videns
802 4498 967 4568 igitur
995 4497 1048 4551 vi
1079 4495 1198 4565 capi
1220 4510 1333 4550 non
1364 4506 1526 4564 posse
1562 4494 1709 4563 (nam
1737 4500 1794 4546 et
1820 4491 2001 4545 victus
2035 4490 2133 4545 ob-

559 4589 728 4644 sessis
752 4589 966 4644 abunde
990 4586 1360 4658 suppetebat),
1392 4583 1738 4640 obsidionem
1777 4580 1963 4637 solvit.
1992 4579 2131 4636 Dum

560 4681 677 4735 inec
706 4688 989 4750 geruntur,
1016 4678 1347 4732 Momitzilus
1377 4675 1722 4746 dignitatem,
1771 4687 1879 4741 qua
1916 4672 1987 4728 ab
2029 4672 2133 4726 imo

558 4770 828 4840 peratt'ice
877 4769 1171 4839 insignitus
1224 4767 1433 4831 iuerat,
1483 4766 1751 4836 potiorem
1796 4764 2025 4831 ducens,
2075 4774 2133 4821 et

560 4864 841 4930 despotam
871 4874 931 4915 se
952 4857 1263 4925 nominans,
1304 4859 1611 4913 instaurata
1648 4856 1915 4913 adversus
1962 4857 2136 4928 impe-

557 4964 796 5008 ratorem
830 4953 993 5020 bello,
1044 4952 1208 5007 urbes
1240 4951 1295 5006 in
1340 4950 1646 5011 Chalcidica
1684 4959 1848 5005 vexat
1871 4964 1973 5021 pro
1998 4950 2130 5005 viri-

561 5046 686 5099 bus.
733 5042 956 5115 Magnus
1001 5052 1186 5098 autem
1236 5042 1346 5097 dux
1389 5042 1738 5113 Synadenum
1774 5043 2014 5113 legatum
2063 5042 2133 5098 ad

561 5131 952 5200 imperatorem
981 5133 1115 5189 mitt-
1136 5146 1221 5194 ns,
1251 5146 1413 5200 quem
1431 5138 1487 5186 et
1521 5141 1683 5186 antea
1721 5130 2037 5187 Berrbosam
2069 5132 2134 5187 ad

564 5220 819 5275 eumdem
868 5220 1115 5287 miserat,
1172 5221 1466 5292 signiﬁcat,
1521 5223 1738 5278 tametsi
1777 5223 2134 5295 Empythium

559 5313 847 5369 castellum
907 5313 1162 5377 obsidere
1205 5323 1263 5370 et
1307 5317 1626 5385 Oppugna're
1667 5314 1958 5386 cogitarit,
2014 5329 2137 5386 pos-

486 5420 492 5427 ·
559 5407 743 5477 sitque
774 5407 820 5462 si
866 5406 997 5463 velit
1042 5422 1312 5478 occupare
1344 5409 1620 5475 facillime,
1678 5417 1862 5466 tamen
1927 5409 2135 5465 veteris

563 5497 749 5554 adhuc
802 5498 1204 5556 benevolentiae
1255 5501 1309 5556 in
1376 5501 1529 5557 illum
1592 5515 1892 5556 memorem
1964 5501 2131 5556 nolle.

569 5590 725 5651 Nunc
746 5591 790 5645 si
833 5593 996 5647 etiam
1028 5593 1131 5662 ipsi
1184 5594 1469 5662 probetur,
1500 5593 1637 5650 velle
1663 5608 1787 5647 eum
1820 5592 2136 5655 convenire,

2235 4128 2532 4197 πολιχνίοις
2562 4128 2802 4200 ἄρχοντα
2842 4130 3171 4198 ἐπιστήσας,
3213 4132 3308 4183 καὶ
3343 4132 3599 4201 φρουρὰς
3631 4134 3801 4201 ἀφεὶς,

2233 4217 2396 4282 αὐτὸς
2424 4220 2501 4281 είς
2521 4220 2903 4291 Διδυμοτειχον
2931 4219 3071 4289 μετὰ
3085 4220 3196 4274 τῶν
3222 4222 3524 4276 ἐπιλοίπων
3540 4224 3797 4292 ἐπανῆκε.

2233 4309 2367 4375 Δοὺξ
2414 4309 2474 4363 δὲ
2527 4312 2556 4363 ὁ
2602 4310 2799 4379 μέγας,
2841 4311 3134 4381 σύμπασαν
3186 4312 3326 4383 ἔχων
3359 4312 3462 4384 τὴν
3519 4313 3798 4384 Ῥωμαίων

2235 4403 2520 4472 στρατιὰν,
2555 4403 2614 4470 ἐξ
2651 4403 2979 4474 Ἡρακλείας
3004 4406 3083 4467 είς
3121 4405 3428 4473 Ἐμπυθίου
3456 4407 3519 4459 τὸ
3549 4405 3799 4475 φρούριον

2232 4488 2360 4565 ἦκε,
2392 4496 2487 4548 καὶ
2521 4496 3289 4566 περιστρατοπεδευσάμενος,
3322 4496 3677 4567 ἐπολιόρκει·
3713 4498 3797 4550 καὶ

2233 4587 2597 4658 τειχομαχίας
2648 4590 2908 4654 ἐποιεῖτο,
2952 4588 3049 4642 καὶ⁵
3100 4589 3350 4658 προσῆγε
3408 4589 3682 4658 μηχανάς.
3719 4589 3800 4641 Ἕν

2234 4672 2324 4741 αἷς
2349 4678 2537 4730 πολλοὶ
2565 4678 2677 4731 τῶν
2708 4679 2907 4743 ἔξωθεν
2936 4678 3265 4749 μαχομένων
3291 4677 3531 4731 ἔπιπτον
3550 4694 3563 4706 ·
3594 4674 3663 4749 ἦν
3697 4678 3797 4747 γὰρ

2234 4769 2652 4840 καρτερώτατον
2679 4771 2740 4823 τὸ
2768 4770 3028 4840 φρούριον
3058 4772 3124 4823 ἐκ
3152 4770 3261 4823 τῶν
3290 4770 3488 4840 τειχῶν
3511 4770 3613 4839 τῆς
3644 4787 3803 4824 κατα-

2236 4862 2462 4932 σκευῆς.
2496 4860 2673 4931 Ὁρῶν
2695 4862 2750 4915 δὲ
2782 4865 2857 4925 ὼς
2883 4863 2983 4915 οὐκ
3011 4862 3077 4915 ἂν
3104 4862 3190 4932 εἴη
3225 4861 3319 4933 βίᾳ
3347 4863 3584 4927 ἀλωτδν,
3613 4862 3800 4928 ἀπεγί·

2235 4970 2409 5007 νωσκε
2441 4953 2538 5006 καὶ
2569 4953 2669 5025 τὴν
2704 4953 3048 5023 πολιορκίαν.
3086 4953 3210 5006 Τῶν
3246 4955 3356 5022 γὰρ
3392 4952 3715 5023 ἐπιτηδείων
3742 4952 3789 5003 ot

2233 5043 2686 5113 πολιορκούμενοι
2718 5044 3012 5112 εὐπόρουν.
3043 5043 3262 5095 Τούτων
3285 5043 3344 5095 δέ
3382 5043 3783 5112 πραττομένων,
3876 5066 3895 5091 ο

2235 5134 2328 5186 καὶ
2357 5134 2385 5185 ὀ
2412 5133 2746 5203 Μομιτζίλος
2795 5129 2953 5197 αὖθις
3000 5134 3311 5201 ἐπολέμησε
3362 5134 3503 5203 πρὸς
3545 5132 3781 5203 βασιλέα,

2236 5226 2456 5289 καὶτὰς
2492 5226 2550 5279 ἐν
2583 5226 2906 5297 Χαλκηδικῇ
2953 5227 3159 5281 ἐκάκου
3208 5226 3417 5289 πόλεις,
3471 5225 3799 5279 ὗσαδυνατά

2234 5315 2335 5388 τὴν
2366 5320 2433 5371 ἐκ
2467 5316 2744 5387 βασιλίδος
2781 5318 3148 5388 προελόμενος
3180 5319 3366 5384 ἀξίαν,
3418 5320 3515 5372 καὶ
3543 5317 3797 5384 δεσπότην

2243 5409 2439 5463 ἐαυτὸν
2490 5409 2966 5481 προσαγορεύσας.
3015 5413 3075 5464 Ὀ
3109 5411 3282 5482 μέγας
3332 5413 3390 5465 δὲ
3419 5411 3549 5477 δοῦξ
3590 5409 3795 5481 πέμψας

2245 5501 2383 5574 πρὸς
2416 5501 2640 5571 βασιλέα
2674 5503 2779 5556 τὸν
2805 5503 3112 5574 Συναδηνδν
3145 5503 3524 5574 πρεσϐευτὴν,
3568 5503 3630 5567 δς
3677 5500 3796 5571 πρόο

2244 5611 2402 5666 τερον
2430 5595 2526 5649 καὶ
2559 5594 2792 5667 Βερῤοίᾳ
2820 5595 3210 5666 ἐνδιατρίσοντι
3239 5595 3524 5666 ἐπέμφθη.
3554 5596 3791 5667 ἐμήνυεν,

569 5688 632 5731 ει
685 5679 845 5749 593
904 5683 971 5738 de
1015 5684 1337 5753 quibusdam
1380 5684 1768 5742 secretioribus
1830 5683 2126 5755 neminiqut

2250 5686 2325 5751 ὡς
2357 5687 2404 5740 εἰ
2436 5688 2525 5742 καὶ
2553 5686 2734 5756 δοκοίη
2764 5686 3094 5758 πολιορκεῖν,
3131 5688 3224 5743 καὶ
3251 5688 3616 5760 τειχομαχίας
3646 5687 3793 5741 ποιεῖ-
