4062 6290
359 275 493 343 1121

1498 276 2044 346 IIISTORIARUM
2075 280 2318 354 LIBER
2364 281 2475 344 lli.

3474 289 3606 356 “22

356 395 482 448 σθαι
509 390 646 462 πρὶς
669 391 729 445 τὸ
762 390 1064 462 Ἐμπυθίου
1088 391 1350 464 φρούριον
1368 411 1382 425 ·
1409 393 1527 448 ἀλλ’
1556 395 1617 447 οὐ
1640 395 1916 466 βούλεσθιι1

2032 396 2444 450 committendis
2502 409 2814 452 sermonem
2881 381 3152 454 conferre.
3214 399 3602 462 Verumtamen

354 486 545 539 λαϐεῖν
600 484 682 537 ἔτι
733 485 833 554 τῆς
896 487 1132 555 ἀρχαίας
1169 487 1383 548 εὐνοίας
1435 489 1558 558 ίχνη
1601 487 1926 552 ἀποσὼζων,

358 578 668 647 βουλομένῳ
689 576 795 644 γὰρ
825 577 998 646 ῥᾷστα
1017 577 1084 630 ἂν
1107 577 1380 647 ἡλίσκετο.
1405 578 1540 632 Νυνὶ
1562 580 1617 631 δέ
1638 579 1925 648 βούλεσθαι

356 667 506 736 αὐτῷ
559 667 940 735 συγγίνεσθαι,
1001 670 1098 721 καὶ
1159 671 1289 737 περί
1351 687 1514 724 τινων
1582 670 1928 738 διαλέγεσθαι

355 761 708 828 ἀπορρήτων,
739 753 814 810 ὧν
842 759 941 810 οὐκ
969 757 1152 822 ἔξεστι
1182 760 1494 830 χρήσασθαι
1519 762 1728 828 ἑτέροις
1753 781 1894 833 μηνυ
1912 794 1926 804 ο

353 853 496 913 ταῖς,
554 851 668 917 εῐγε
726 850 819 902 καὶ
871 851 1023 920 αὐτῷ
1081 851 1291 920 βέλτιον
1339 852 1546 922 δοκοίη.
1584 853 1658 906 Τὸ
1691 854 1790 922 μὲν
1834 850 1928 908 οὖν

353 943 528 1003 οὕτως
585 943 660 1003 ὡς
690 942 804 1010 ἔχει
851 942 1147 1010 βασιλικῶς
1186 946 1578 1015 ἐσκευασμένῳ
1619 948 1924 1015 συντυχεῖν,

353 1035 415 1087 οὐ
445 1035 632 1104 ῥᾴδιον
666 1035 851 1101 αύτῷ⁸
902 1035 962 1086 τὸ
999 1035 1042 1086 δ’
1084 1033 1239 1100 αὖθις
1283 1037 1560 1106 ἰδιωτικὴν
1601 1037 1927 1107 μεταλαϐεῖν

255 1151 269 1160 -
352 1127 580 1195 ἐσθῆτα,
607 1127 708 1178 οὐκ
742 1125 808 1179 ἂν
837 1127 998 1179 αὐτὸν
1031 1128 1242 1182 οίεσοαι
1271 1129 1650 1200 βουλήσεσθαι.
1693 1132 1826 1200 Περὶ
1849 1123 1926 1183 ὧν

355 1217 690 1270 σκέπτεσθαι
737 1217 928 1288 ἐδήλου
962 1219 1108 1280 ὅπως
1160 1219 1398 1290 ἐκάτερα
1443 1220 1619 1273 ἔσται.
1662 1222 1926 1285 Βασιλεὺς

350 1309 409 1362 δέ
442 1309 578 1377 πρὸς
606 1308 674 1360 τά
703 1309 933 1363 τοιαῦτα
975 1311 1274 1380 πλάσματα
1316 1311 1624 1381 ἀχθεσθεὶς,
1683 1314 1924 1384 ἀντεμή-

353 1416 504 1464 νυεν,
555 1400 629 1462 ὡς
679 1401 740 1452 οὐ
791 1400 910 1452 δέον
965 1400 1104 1471 πρὸς
1158 1401 1321 1455 αὐτὸν
1368 1402 1649 1455 ἐπιπλεῖον
1697 1403 1924 1472 ψεύδεσι

352 1489 588 1559 χρῆσθαι
628 1492 721 1544 καὶ
754 1492 1028 1554 ἁπάταιςυ
1073 1495 1273 1562 πεῖραν
1300 1494 1407 1563 γάρ
1437 1494 1600 1548 αὐτοῦ
1632 1496 1730 1565 ήδη
1765 1497 1925 1564 ἐσχη-

349 1582 506 1632 κέναι
558 1583 616 1633 ἐν
665 1581 901 1644 πολλοῖς,
945 1581 1070 1634 ὅθεν
1117 1581 1213 1635 καὶ
1252 1583 1607 1636 παντάπασιν
1643 1586 1919 1636 ἀπιστεῖν.

367 1671 506 1723 Ἀλλ’
565 1673 614 1722 εί
640 1710 646 1716 .
673 1672 876 1741 μᾶλλον
925 1673 1142 1726 δύναιτο
1199 1674 1343 1726 ἑλεῖν
1385 1675 1446 1726 τδ
1504 1674 1784 1746 φρούριον,
1846 1676 1920 1747 μὴ

350 1763 573 1831 ἀμελεῖν
595 1778 608 1792 ·
639 1763 700 1815 οὑ
734 1763 844 1833 γὰρ
872 1764 938 1816 ἂν
966 1765 1052 1834 εῖη
1083 1765 1376 1828 λυσιτελῶς
1402 1765 1831 1836 βεϐουλευμένος
1856 1771 1920 1838 τῇ

275 1922 287 1928 _
350 1855 518 1923 ἀρχῇ,
544 1855 613 1919 εί,
639 1855 811 1923 παρὸν
839 1857 965 1918 τοὺς
993 1857 1286 1928 πολεμίους
1317 1857 1598 1928 βλάπτειν,
1626 1860 1923 1928 ἀπόσχοιτο

349 1945 513 2000 ἑκών.
565 1948 706 1999 Ἀλλ’
736 1948 835 2000 οὐκ
870 1949 933 2002 ἂν
968 1951 1180 2002 οἴεσθαι
1206 1954 1318 2011 τοῖς
1348 1952 1568 2005 συνοῦσι
1598 1953 1751 2021 φίλον
1779 1949 1920 2006 εἶναι

349 2037 412 2088 τὸ
460 2041 830 2107 τειχομαχεῖν,
881 2040 1098 2103 πολλοῖς
1136 2043 1411 2112 ὁσημέραι
1456 2042 1919 2112 ἀποθνήσκουσιν.

353 2130 474 2184 Ὅτι
517 2132 574 2183 δὲ
619 2131 932 2202 βουλομένῳ
968 2137 1250 2203 συντυχεῖν
1308 2136 1368 2186 οὑ
1405 2135 1584 2205 ῥᾴδιόν
1614 2136 1730 2186 ἐστι
1765 2133 1920 2204 βασιο

349 2221 518 2285 λικῶς
568 2222 999 2291 ἐσκευασμένον,
1041 2225 1135 2276 καὶ
1173 2223 1337 2277 αὑτὸν
1387 2225 1588 2276 εἰδέναι
1641 2225 1917 2294 μάλισταο

349 2313 472 2365 οὐδὲ
512 2314 621 2382 γὰρ
648 2314 768 2366 οὐδὲ
801 2316 910 2376 τοῖς
941 2315 1317 2385 ὀφθαλμιῶσιν
1349 2315 1572 2369 εὔκολον
1605 2318 1741 2384 πρὸς
1767 2317 1920 2388 ἦλιον

349 2404 646 2468 ἀτενίζειν,
682 2407 803 2458 ἀλλ’
832 2408 860 2459 ὁ
908 2405 1070 2474 ζόφος
1117 2407 1214 2477 res
1246 2409 1340 2461 καὶ
1372 2410 1434 2461 τὸ
1481 2410 1763 2479 καμμύειν
1794 2411 1919 2472 τοὺς

348 2495 666 2565 ὀφθαλμοὺς
699 2498 976 2560 ἀδυνάτως
1007 2499 1226 2567 ἔχουσιν
1270 2499 1407 2568 ὀρᾷν
1441 2500 1502 2551 τὸ
1533 2499 1682 2568 φῶς·
1735 2499 1830 2553 τοῦ
1861 2501 1918 2554 δὲ

354 2587 590 2654 μάλιστα
620 2589 678 2640 ἐν
707 2590 977 2660 ἐπιθυμίᾳ
1022 2587 1160 2642 εἶναι
1193 2592 1290 2660 τῆς
1321 2591 1543 2662 είρήνης
1569 2592 1782 2662 ἐρῶντα
1819 2595 1918 2655 τὰς

351 2679 726 2747 περισχούσας
756 2680 884 2743 τοὺς
943 2680 1251 2750 Ῥωμαίους
1281 2683 1594 2752 συμφορὰς,
1625 2685 1832 2738 οἴεσθαι
1860 2685 1917 2736 δὲ

353 2771 428 2840 μὴ
450 2771 584 2840 πρὸς
611 2773 779 2840 μηδὲν
803 2773 900 2845 τὴν
920 2774 1214 2843 συντυχίαν
1237 2777 1426 2844 φέρειν
1448 2775 1577 2829 ἄλλο
1598 2775 1698 2845 τὴν
1715 2776 1912 2840 αὐτῶν,

349 2863 594 2915 ἐπίνοιάν
650 2880 772 2915 τινα
840 2863 1176 2935 ἐξευρήσειν,
1243 2866 1312 2918 δι’
1376 2862 1444 2938 ἦς
1503 2868 1664 2930 αὑτός
1698 2885 1757 2921 τε
1815 2871 1915 2922 οὐκ

348 2954 539 3022 ὄψεται
584 2956 745 3007 αὐτὸν
804 2956 1096 3025 βασιλικῶς
1142 2958 1568 3028 ἐσκευασμένον,
1597 2961 1690 3012 καὶ
1740 2961 1905 3019 αὐτὸς

2033 488 2390 558 imperatorio
2417 489 2716 552 schemate,
2765 498 2826 544 ιιι
2875 498 3014 553 erat,
3069 491 3356 560 praeditum
3407 511 3607 550 conve—

2031 580 2155 634 nire
2227 581 2330 634 sibi
2405 595 2528 635 esse
2602 581 2854 647 diliicile;
2925 581 3132 635 cultum
3207 598 3338 637 vero
3409 587 3606 655 privati

2031 681 2375 740 sumpturum
2401 687 2507 725 non
2535 681 2750 741 putare.
2781 673 3171 726 Consideraret
3192 673 3360 742 igitur
3391 686 3605 730 utrum-

2031 777 2156 828 que.
2187 763 2488 831 Imperator
2516 772 2888 818 commentum
2935 766 3076 819 istuc.
3124 766 3347 836 indigne
3400 765 3602 832 ferens,

2031 859 2222 903 contra
2255 851 2328 903 illi
2366 851 2672 906 renuntiari
2702 853 2880 921 jubet,
2915 854 3209 917 nihilcsse,
3245 872 3344 909 cur
3371 860 3512 928 apud
3544 875 3604 913 se

2030 941 2314 997 fraudibus
2379 952 2434 997 et
2494 944 2792 998 mendaciis
2830 946 2894 998 de
2925 956 3127 998 cretero
3156 957 3409 1002 uteretur
3441 967 3454 1002 :
3492 952 3603 1018 jam

2027 1035 2172 1087 enim
2223 1035 2495 1090 multoties
2551 1036 2830 1104 ingenium
2887 1037 3003 1105 ejus
3062 1041 3290 1107 cngnovi
3325 1055 3402 1106 se,
3435 1057 3604 1110 quare

2027 1139 2129 1179 nec
2153 1127 2414 1180 tantillum
2455 1127 2503 1181 ei
2557 1127 2716 1181 fidem
2768 1127 2990 1182 habere.
3038 1128 3092 1182 Si
3127 1130 3408 1183 castellum
3454 1131 3606 1185 subi-

2025 1231 2154 1286 gere
2195 1218 2390 1287 possit,
2426 1233 2494 1273 ne
2524 1221 2762 1285 omittat;
2797 1236 2902 1273 non
2933 1220 3079 1275 enim
3121 1223 3314 1277 melius
3369 1223 3602 1292 imperio

2026 1310 2424 1374 consulturum,
2450 1309 2493 1363 si
2529 1326 2649 1364 cum
2688 1311 2924 1364 hostiqu
2957 1312 3324 1367 lzedendcrum
3368 1316 3600 1369 facultas

2025 1399 2118 1465 sit,
2141 1400 2255 1468 ipse
2287 1401 2397 1455 illis
2450 1404 2633 1455 sciens
2680 1415 2744 1455 ac
2784 1402 2976 1456 volens
3018 1413 3226 1471 parcat.
3264 1405 3375 1458 Sed,
3401 1416 3601 1474 putare

2025 1503 2086 1544 se
2115 1489 2262 1543 illam
2292 1490 2776 1559 oppugnationem,
2825 1491 3090 1546 militibus
3141 1492 3262 1562 ejus
3314 1496 3602 1563 compluri-

2024 1579 2128 1634 bus
2181 1581 2427 1649 quoririe
2487 1581 2912 1646 intereuntibus,
2963 1599 3154 1651 parum
3200 1595 3406 1652 gratam
3455 1601 3598 1640 esse.

2024 1670 2195 1727 Porro
2223 1672 2300 1726 illi
2325 1687 2510 1726 secum
2543 1672 3024 1740 colloquivolenti,
3068 1675 3290 1730 difﬁcile
3339 1691 3460 1730 esse
3499 1677 3602 1730 im-

2027 1761 2317 1833 peratoriis
2336 1763 2676 1818 ornamentis
2703 1764 2966 1817 nitentem
2992 1767 3264 1834 aspicere,
3301 1781 3358 1820 se
3381 1782 3599 1835 quoque

2024 1854 2564 1924 minimeignorare;
2597 1870 2777 1924 neque
2815 1855 2960 1910 enim
3004 1855 3165 1911 facile
3213 1872 3335 1911 esse
3364 1858 3600 1928 lippien-

2025 1947 2170 2001 tibus
2208 1947 2377 2002 solem
2433 1963 2496 2001 ac
2542 1947 2721 2002 lucem
2750 1949 2986 2013 obtueri,
3021 1951 3114 2003 sed
3152 1949 3454 2018 jucundum
3489 1966 3594 2019 po-

2022 2037 2133 2104 tius
2169 2041 2484 2100 connivere,
2545 2049 2598 2092 et
2633 2040 2688 2091 in
2745 2040 2985 2094 tenebris
3041 2042 3266 2094 versari.
3323 2041 3591 2108 Quoniam

2023 2142 2158 2182 vero
2187 2130 2339 2197 pacis
2361 2127 2714 2181 conficiendae
2757 2127 3027 2180 desiderio
3059 2127 3370 2182 incredibili
3399 2137 3594 2198 captus

2022 2220 2112 2284 sit,
2134 2236 2257 2275 cum
2287 2221 2538 2290 aspiciat,
2587 2235 2709 2289 quae
2753 2219 3093 2275 calamitates
3124 2218 3399 2274 Romanos
3433 2221 3596 2274 inun-

2021 2312 2173 2377 dant,
2212 2312 2574 2381 opineturque
2609 2313 2849 2380 ipsorum
2890 2327 3242 2382 congressum
3287 2327 3392 2366 non
3426 2312 3593 2366 alior-

2020 2419 2164 2469 sum,
2195 2418 2358 2473 quam
2391 2403 2457 2460 ad
2495 2419 2684 2472 pacem
2736 2411 3006 2472 spectare.
3055 2402 3593 2480 excogitasse'ratim

2020 2511 2166 2562 nem,
2205 2511 2308 2566 qua
2336 2497 2402 2550 ab
2439 2497 2530 2549 illo
2571 2496 2692 2548 sine
2739 2495 3090 2564 imperatorio
3129 2503 3323 2548 ornatu
3365 2481 3595 2563 cenSpi-

2019 2590 2216 2653 ciatur,
2248 2588 2474 2658 iiseque
2523 2588 2696 2641 nihilo
2745 2589 2946 2652 minus,
2987 2596 3044 2641 ut
3100 2597 3249 2649 ante,
3299 2592 3596 2656 imperator

2017 2689 2259 2733 maneat.
2292 2677 2430 2732 Esse
2465 2688 2646 2732 autem
2694 2679 2858 2742 hanc,
2907 2687 2968 2732 ut
3013 2678 3350 2747 cataphracti
3387 2692 3591 2732 conve-

2017 2773 2196 2834 niant,
2235 2781 2290 2825 et
2325 2772 2492 2841 pedes
2521 2770 2741 2840 quidem
2769 2771 2945 2824 ocreis
2979 2769 3199 2833 ferreis,
3235 2779 3399 2839 caput
3442 2769 3593 2839 galea

2017 2861 2702 2932 contegant,reliquumque
2727 2875 2926 2931 corpus
2941 2861 3188 2916 similiter
3205 2877 3360 2916 cornu
3385 2861 3565 2916 uniant
3579 2901 3594 2925 ,

2017 2965 2077 3008 ut
2113 2956 2409 3008 nesciatur.
2448 2952 2866 3023 imperatoriam
2898 2969 2964 3005 an
3011 2953 3214 3020 privata
3257 2953 3419 3006 vestis
3444 2953 3594 3006 intus

349 3047 502 3100 οὐδὲν
530 3042 690 3118 ἦττον
726 3047 757 3117 ἢ
805 3048 1070 3118 πρότερον
1100 3050 1253 3101 ἔσται
1304 3049 1583 3119 βασιλεύς.
1618 3051 1829 3122 Ταύτην
1860 3053 1915 3105 δὲ

2019 3057 2259 3115 geratur.
2315 3043 2552 3098 Probato
2601 3043 2831 3098 consilio
2863 3059 3090 3113 magnus
3141 3045 3249 3098 dux
3281 3045 3354 3098 ita
3415 3059 3475 3100 se
3527 3061 3591 3099 ex

349 3138 491 3192 εἶναι
543 3140 601 3192 τὸ
655 3140 1080 3209 καταφράκτους
1127 3141 1375 3208 ἀλλήλοις
1429 3147 1737 3212 συντυχεῖν,
1774 3144 1917 3196 ὥστε

349 3233 462 3293 τοίς
494 3232 620 3283 ποσὶ
655 3231 752 3300 μὲν
790 3233 1060 3301 κνημῖδας
1096 3231 1466 3302 περικεῖσθαι,
1503 3234 1693 3301 κράνει
1737 3233 1791 3286 δὲ
1821 3233 1919 3304 τὴν

351 3322 595 3390 κεφαλὴν
661 3324 1112 3394 περικαλύπτειν,
1149 3323 1242 3374 καὶ
1285 3322 1344 3375 τὸ
1396 3323 1526 3376 ἄλλο
1573 3319 1714 3376 εἶναι
1745 3324 1918 3377 ὠπλι-

354 3414 548 3480 σμένον
614 3415 795 3481 σῶμα,
863 3414 1001 3466 ὥστε
1076 3413 1396 3481 ἀγνοεῖσθαι
1455 3416 1564 3466 εἴτε
1631 3415 1916 3485 βασιλικὴν

350 3506 556 3575 ἐσθῆτα
601 3507 748 3559 ἔνδον
778 3508 916 3577 ἔχει,
962 3508 994 3576 ἦ
1037 3509 1335 3578 ἰδιωτικήν.
1379 3508 1597 3579 Ἐπῄνει
1639 3509 1736 3578 μέν
1767 3509 1858 3563 οὖν
1890 3511 1918 3562 ὁ

354 3597 530 3665 μέγας
559 3598 684 3661 δοὺξ
713 3599 813 3667 τὴν
847 3598 1092 3668 γνώμην,
1126 3600 1219 3652 καὶ
1267 3601 1638 3670 ἐπηγγέλλετο
1672 3603 1916 3673 ποιήσειν

350 3692 492 3744 κατά
519 3691 585 3743 τὰ
632 3691 1040 3759 συντεθειμένα.
1082 3694 1170 3744 Ἐν
1203 3693 1378 3763 τούτῳ
1425 3695 1479 3746 δὲ
1509 3694 1586 3763 τῷ
1619 3695 1792 3765 χρόνῳ
1822 3699 1916 3750 καὶ

349 3785 788 3852 πρωτοστράτωρ
816 3785 843 3835 δ
863 3784 1110 3853 γαμϐρὸς
1139 3785 1417 3855 ἀπεπνίγη
1444 3786 1580 3854 πρὸς
1620 3787 1699 3856 τῷ
1731 3787 1917 3858 Ἕϐρῳ

346 3874 700 3944 πολιορκοῦσι
751 3876 819 3927 τὸ
887 3874 1184 3944 Ἐμπυθίου
1245 3876 1540 3947 φρούριονο
1606 3878 1745 3929 κατά
1807 3879 1915 3947 γὰρ

353 3965 704 4036 μεσημϐρίαν
743 3966 936 4034 θέρους
964 3965 1063 4036 ήδη
1091 3952 1375 4034 λήγοντος,
1409 3966 1799 4036 διανηχόμενος
1823 3968 1915 4019 τὸν

350 4058 594 4126 ποταμὸν
626 4058 683 4108 ἐν
719 4057 984 4123 παιδιαῖς,
1017 4056 1300 4124 ἀπεπνίγη
1333 4055 1412 4126 τῷ
1441 4055 1678 4126 ῥεύματι
1712 4074 1914 4128 συναρ.

354 4151 596 4214 πασθείς.
628 4150 908 4220 Μεγίστην
948 4149 1050 4220 μέν
1079 4145 1172 4204 οὖν
1203 4151 1424 4220 ἐνόμισε
1477 4152 1764 4223 συμφορὰν
1817 4152 1912 4206 τοῦ

349 4242 604 4312 γαμϐροῦ
638 4243 737 4314 τὴν
767 4243 1047 4312 τελευτὴν,
1099 4243 1195 4296 καὶ
1239 4241 1542 4314 ἐπένθησεν
1579 4245 1664 4314 ἐφ’
1705 4245 1913 4300 ἱκανόν.

363 4337 557 4405 Ὀλίγῳ
585 4335 641 4388 δὲ
687 4335 914 4404 ὕστερον
959 4335 1270 4404 ἀναστήσας
1320 4333 1419 4404 τὴν
1467 4336 1749 4404 στρατιὰν,
1785 4339 1912 4391 ἐπο-

352 4428 540 4498 ρεύετο
569 4429 649 4489 εἰς
687 4425 1066 4496 Διδυμότειχον
1107 4465 1121 4479 .
1160 4426 1297 4493 Πρὶν
1326 4425 1383 4478 δὲ
1413 4427 1582 4494 ἐγγὺς
1623 4423 1784 4491 εἶναι,
1819 4430 1911 4482 τὸν

349 4518 592 4586 Μάκρης.
607 4517 872 4586 ἀρχιερέα
900 4514 1036 4584 πρὸς
1078 4513 1303 4583 βασιλέα
1334 4515 1579 4585 πέμψας,
1607 4517 1795 4586 ἐδήλου
1829 4519 1910 4572 ὅτι

349 4609 596 4676 ἀφίξοιτο
638 4609 776 4677 μετά
814 4608 1032 4677 μικρὸν,
1055 4608 1116 4659 οὐ
1161 4607 1360 4675 μᾶλλον
1388 4609 1641 4676 πολέμιος
1670 4609 1703 4680 ἢ
1738 4609 1910 4678 φίλος,

349 4697 439 4746 καὶ
487 4688 892 4762 διαλεξόμενος,
947 4695 1076 4766 περὶ
1117 4687 1192 4746 ὧν
1254 4695 1520 4766 πρότερον
1584 4698 1906 4767 μηνύσειεν·

349 4787 565 4855 ἔπεμπέ
611 4805 669 4839 τε
711 4789 809 4840 καὶ
844 4789 1014 4859 κηρὸν
1056 4790 1496 4859 ἐσφραγισμένον
1528 4789 1604 4860 τῷ
1646 4781 1912 4859 βασιλέως

323 4878 635 4946 -δακτυλίῳ,
661 4879 720 4932 δν
741 4873 887 4949 εἶχεν
905 4881 1239 4949 ἀφελόμενος
1260 4881 1425 4943 αὐτὸς
1450 4882 1584 4950 μετά
1612 4882 1715 4933 τῶν
1737 4883 1911 4936 ἄλλων

348 4974 408 5024 ἐν
445 4972 521 5040 τῷ
560 4972 652 5025 τοῦ
677 4974 916 5043 πολέμου
935 4975 1110 5044 χρόνῳ
1146 4990 1161 5006 ο
1196 4976 1381 5046 ὥσπερ
1405 4994 1462 5028 τι
1517 4977 1768 5047 ἐνέχυρον
1793 4981 1912 5030 ὲκε-

297 5125 322 5137 ⁴
348 5061 559 5130 χειρίας
602 5064 696 5116 καὶ
744 5065 1034 5138 ἀνακωχῆς
1083 5064 1349 5134 πολέμου.
1403 5064 1664 5127 Βασιλεὺς
1697 5065 1752 5118 δὲ
1781 5067 1912 5136 ἀλη-

349 5151 526 5204 θεύειν
578 5153 786 5206 ἐκεῖνον
844 5153 1073 5224 οἰηθεὶς,
1124 5153 1401 5208 ὡπλίσατο
1459 5155 1584 5225 μὲν,
1611 5155 1798 5224 ὥσπερ
1843 5153 1909 5226 ἦν

349 5243 783 5313 συντεθειμένον,
838 5248 934 5297 καὶ
988 5245 1279 5315 περιέμενε
1319 5246 1417 5316 τὴν
1467 5246 1677 5298 ἐκείνου
1720 5264 1910 5299 συντυ-

345 5334 489 5400 χίαν,
537 5334 750 5398 ὀλίγους
795 5336 948 5395 τινὰς
999 5335 1104 5398 ἔξω
1135 5333 1474 5396 καταλιπὼν,
1507 5335 1605 5404 τῆς
1644 5335 1688 5388 δ’
1739 5336 1907 5405 ἄλλης

344 5427 604 5492 στρατιᾶς
637 5426 839 5495 μηδένα
874 5426 1071 5495 τειχῶν
1111 5427 1363 5478 ἐκέλευεν
1394 5426 1498 5490 ἔξω
1527 5422 1688 5491 εἶναι,
1721 5426 1905 5489 δεδιὼς

343 5516 420 5583 μὴ
453 5519 605 5587 παρά
637 5518 783 5575 τινός
812 5535 865 5571 τι
895 5519 1004 5573 τῶν
1033 5519 1313 5587 νεωτέρων
1339 5520 1421 5571 το)
1437 5521 1606 5590 μηθῇ,
1639 5521 1730 5572 καὶ
1765 5521 1904 5590 πρό-

340 5623 504 5675 φασις
534 5607 745 5674 γένοιτο
778 5607 872 5660 τοῦ
904 5608 978 5678 μὴ
1011 5610 1100 5660 τὸν
1140 5609 1374 5677 πόλεμον
1403 5609 1798 5678 καταλυθῆναι.
1845 5610 1901 5665 Ὀ

343 5700 518 5768 μέγας
548 5700 600 5751 δὲ
643 5699 788 5764 δοὺξ,
821 5701 952 5768 πρὶν
997 5699 1092 5770 τῆς
1141 5701 1350 5761 πόλεως
1379 5701 1545 5769 ἐγγὺς
1586 5700 1762 5756 ἐλθεῖν
1792 5700 1900 5753 τῶν

2022 3144 2308 3204 compacto
2357 3134 2625 3187 facturum
2695 3132 2966 3202 promisit.
3025 3133 3131 3187 Per
3183 3133 3326 3187 idem
3381 3144 3594 3203 tempus

2019 3243 2128 3298 quo
2182 3227 2526 3296 Empythium
2573 3225 2965 3288 obsidebatur,
3021 3226 3183 3278 etiam
3247 3240 3416 3295 gener
3472 3227 3592 3296 ejus

2020 3328 2378 3389 protostrator
2438 3318 2490 3370 iu
2549 3316 2727 3370 llebro
2786 3317 3113 3385 prtefocatus
3178 3326 3278 3371 est.
3333 3318 3589 3373 Extrema

2019 3424 2252 3477 namque
2301 3415 2512 3474 testate,
2558 3407 2688 3460 dum
2748 3406 2977 3461 meridie
3021 3422 3118 3475 per
3149 3406 3335 3480 ludum
3387 3406 3588 3461 flumen

2021 3510 2218 3562 tranat,
2259 3500 2524 3555 undarum
2551 3499 2755 3569 impetu
2785 3501 3042 3568 abreptus
3079 3499 3307 3553 interiit.
3339 3498 3420 3554 0b
3444 3499 3590 3555 hanc

2019 3594 2202 3663 generi
2263 3603 2497 3653 mortem
2550 3601 2610 3646 ut
2659 3591 2762 3652 sibi
2793 3593 3150 3657 vehementer
3195 3593 3588 3654 ralamitosam,

2018 3687 2105 3740 ille
2129 3686 2222 3740 diu
2278 3685 2334 3739 in
2392 3685 2540 3740 luctu
2599 3693 2654 3739 et
2701 3686 2951 3754 squalore
2999 3683 3122 3737 fuit.
3183 3682 3302 3738 Non
3359 3685 3586 3738 multum

2015 3777 2222 3831 efﬂuxit
2277 3777 2560 3845 temporis,
2625 3791 2747 3829 cum
2802 3775 3102 3829 exercitum
3149 3773 3587 3844 Didymotichum

2015 3868 2262 3922 adduxit.
2290 3867 2611 3934 Priusquam
2647 3875 2828 3918 autem
2875 3865 2942 3918 ad
2993 3864 3250 3933 oppidum
3289 3869 3588 3936 appropin-

2015 3968 2229 4030 quaret,
2264 3959 2458 4012 Macrte
2505 3956 2808 4010 antistitem
2857 3957 2922 4008 ad
2957 3957 3335 4024 imperatorem
3396 3959 3584 4023 mittit,

2014 4051 2106 4122 qui
2165 4050 2377 4112 doceat,
2430 4049 2605 4117 ipsum
2661 4045 2808 4099 brevi
2857 4045 3192 4110 aliuturum,
3253 4061 3362 4100 non
3417 4050 3587 4119 magis

2016 4143 2226 4197 hostem
2264 4155 2424 4208 quam
2459 4139 2718 4199 amicum,
2757 4145 2812 4190 et
2845 4136 3264 4199 collocuturum,
3297 4139 3363 4192 de
3387 4139 3586 4208 quibus

2015 4243 2174 4289 antea
2216 4231 2554 4301 significarit.
2602 4227 2848 4283 Mittebat
2895 4231 3114 4296 insuper
3164 4244 3343 4283 ceram
3382 4231 3586 4286 annulo

2016 4324 2362 4394 imperatoris
2387 4318 2708 4391 impressam
2742 4323 2924 4388 (quam
2958 4319 3104 4372 inter
3151 4319 3258 4373 alia
3291 4321 3414 4375 belli
3445 4331 3583 4376 tem-

1943 4384 1990 4442 θ
2020 4384 2149 4485 pore
2179 4414 2521 4480 abstulerat),
2575 4426 2671 4463 ceu
2725 4410 2920 4479 pignus
2969 4410 3235 4478 quoddam
3267 4411 3586 4473 vacationis

2017 4517 2071 4561 et
2119 4506 2456 4560 induciarum
2502 4502 2770 4556 videlicet.
2801 4500 2962 4572 594.
2993 4502 3289 4570 Imperator
3331 4504 3586 4571 Opinatus

2013 4595 2165 4650 illum
2194 4610 2318 4648 vera
2351 4593 2520 4662 loqui,
2557 4597 2856 4647 secundum
2902 4601 3171 4646 conventa
3229 4607 3287 4646 se
3332 4597 3582 4658 ornabat,

2011 4686 2236 4756 ejusque
2264 4699 2611 4754 congressum
2651 4685 3020 4754 exspectabat,
3044 4682 3412 4752 militibusque
3446 4700 3584 4754 pau-

2011 4777 2093 4832 cis
2123 4775 2447 4845 quibusdam
2479 4775 2611 4829 loris
2636 4775 2862 4837 relictis,
2902 4789 2972 4828 ne
2999 4775 3120 4843 quis
3146 4782 3464 4827 caeterorum
3497 4791 3582 4828 ea-

2015 4875 2096 4922 tra
2129 4883 2313 4922 muros
2338 4867 2579 4938 prodiret
2611 4867 2879 4931 edicebat,
2905 4876 3158 4921 metuens
3196 4869 3476 4929 nimirum,
3511 4881 3580 4920 ne

2011 4958 2286 5028 quippiam
2319 4976 2498 5013 rerum
2551 4975 2814 5014 novarum
2853 4961 3231 5026 designarctur
3278 4959 3346 5012 ab
3374 4959 3579 5024 aliquo,

2015 5045 2158 5098 unde
2211 5047 2426 5099 occasio
2472 5045 2598 5100 belli
2661 5048 2900 5100 nondum
2958 5046 3180 5099 ﬁniendi
3231 5058 3575 5099 nascere-tur.

2010 5133 2181 5189 Porro
2231 5152 2459 5206 magnus
2506 5138 2634 5202 dux,
2686 5148 2977 5206 antequam
3027 5137 3215 5190 urbem
3266 5138 3578 5204 attingerrt,
3657 5150 3663 5155 '

2012 5227 2196 5284 missis
2218 5226 2515 5296 sagittariis
2559 5227 2766 5295 aliquot
2828 5235 2882 5280 et
2925 5226 3236 5295 manipulis,
3272 5225 3579 5294 Dydimoti-

2015 5321 2101 5376 chi
2157 5327 2587 5388 prOpugnatores
2645 5313 2844 5370 adoriri
2915 5317 3102 5384 jussit.
3147 5316 3248 5381 Qui
3291 5315 3577 5370 confertim

2013 5411 2302 5472 instantes,
2344 5407 2446 5461 tela
2478 5406 2666 5461 crebra
2701 5407 2994 5476 iaciebant.
3055 5407 3321 5460 l"r2eterea
3379 5405 3578 5459 subur-

2011 5501 2150 5555 bana
2184 5498 2407 5552 aedilicia
2441 5496 2704 5564 conjectis
2743 5497 2958 5564 ignibus
2996 5497 3380 5549 incendebant.
3419 5495 3576 5550 llum:

2010 5591 2062 5644 in
2087 5589 2304 5644 modum
2341 5588 2479 5642 facto
2515 5587 2582 5640 ab
2613 5587 2718 5639 illis
2759 5586 3234 5654 pugnandi‘initio,
3274 5585 3574 5654 Didymoti-

2005 5683 2231 5738 chcnses
2257 5689 2566 5750 erumpunt,
2615 5678 2899 5745 mult‘sque
2927 5676 3329 5731 eonvulnmazis
3368 5695 3395 5729 a
3444 5692 3579 5730 ιιιαιο
