4062 6290
341 336 481 402 11°25

1461 331 2008 397 HISTORIARUM
2054 330 2282 392 LIBER
2323 333 2375 391 Il
2392 331 2440 393 ῐ.

3453 323 3588 390 11⁵Ξὸ

332 449 532 519 ἐχώρει
572 447 708 520 προς
742 446 1060 513 Βυζάντιον,
1102 447 1212 501 τῶν
1255 445 1434 502 ἄλλων
1480 445 1741 500 ἁπάντων
1771 445 1909 512 ἀμε-

2028 441 2175 496 εειίῑιο
2227 441 2631 511 in.pcratricetu
2687 439 2978 495 saluta'um
3040 437 3270 492 accessit
3309 479 3323 502 ,
3381 441 3476 493 sed
3533 441 3589 492 in

334 541 532 609 λήσεις.
571 541 726 596 Ἐπεὶ
771 541 827 594 δὲ
860 537 928 609 ἦν
959 542 1131 606 ὲντὺς,
1167 541 1230 594 οὐ
1281 539 1417 610 πρὸς
1465 538 1710 610 βασιλίδα
1754 532 1909 604 ἧκεν.

337 632 531 702 ὥσπερ
559 632 727 700 εἴωθε
776 633 1263 703 προσαγορεύσων,
1294 631 1411 684 ἀλλ’
1437 632 1497 682 ὲν
1549 628 1913 699 Ὀδηγητρίας

335 724 436 793 τῆς
465 711 804 793 ’θεομήτορος
840 724 1133 794 γενόμενος
1185 705 1262 792 ’ἷῷ
1325 722 1544 792 τεμένει
1593 720 1688 773 καὶ
1742 734 1913 788 προσ-

337 817 604 887 κυνήσας,
641 816 839 868 ἔπειτα
861 816 941 878 είς
968 817 1061 869 τὸν
1099 816 1156 867 ὲν
1186 815 1503 884 Μαγγάνοις
1542 807 1643 882 ἧκε
1680 811 1910 881 πύργον,

335 907 394 958 δν
450 906 734 975 περιόντος
781 905 879 975 μὲν
938 904 1282 972 Ἀνδρονίκου
1326 903 1422 956 τοῦ
1469 902 1730 972 βασιλέως
1777 897 1911 969 εἶχε,

337 997 434 1051 τοῦ
483 995 784 1061 Βυζαντίου
831 997 1122 1068 περιϐόλου
1169 996 1300 1050 ὂντα
1354 995 1474 1058 ἕνα,
1508 996 1565 1046 ὲν
1592 992 1648 1047 δὲ
1677 993 1790 1055 τοῖς
1817 991 1911 1044 τοῦ

345 1089 613 1161 ἐμφυλίου
654 1088 893 1158 πολέμου
950 1088 1163 1158 χρόνοις
1210 1086 1607 1149 ἐπισκευάσας,
1651 1083 1748 1138 καὶ
1789 1083 1918 1153 ὀχυ-

344 1181 585 1252 ρώτατον
616 1179 1100 1250 ἀπεργασάμενος,
1132 1181 1206 1252 ὡς
1238 1178 1472 1248 μάλιστα
1500 1178 1650 1246 ἐνῆν,
1688 1177 1826 1229 ὅπλα
1856 1193 1914 1228 τε

342 1253 650 1340 ἐνθέμενος¹
678 1271 774 1324 καὶ
813 1270 883 1324 τὰ
911 1270 1047 1324 ἄλλα
1080 1271 1386 1340 ἐπιτήδεια,
1416 1268 1558 1322 ὥστε
1585 1266 1914 1334 δυνήσεσθαι

343 1365 435 1417 καὶ
485 1364 623 1434 πρὸς
676 1363 988 1433 πολιορκίαν
1041 1365 1138 1417 καὶ
1169 1363 1530 1434 τειχομαχίας
1563 1362 1916 1433 ἀντισχήσειν

340 1455 560 1523 κατεῖχε
600 1455 844 1523 φρουρὰν
888 1453 1239 1521 εἰσαγαγών·
1277 1453 1404 1505 τότε
1458 1452 1514 1504 δὲ
1565 1454 1645 1514 εἰς
1705 1452 1918 1503 ἐκεῖνον

345 1544 542 1608 ἐλθὼν,
595 1544 826 1615 διήγαγε
879 1546 978 1614 τὴν
1033 1544 1220 1599 νύκτα.
1279 1546 1372 1607 Et;
1405 1546 1504 1614 τὴν
1533 1543 1828 1613 ὑστεραίαν
1862 1542 1919 1595 δὲ

346 1635 441 1688 τοῦ
491 1637 832 1706 πατριάρχου
869 1635 1000 1707 πρὸς
1043 1637 1207 1689 αὐτὸν
1258 1635 1526 1700 ἐλθόντος,
1576 1637 1767 1704 πρῶτα
1819 1635 1918 1704 μὲν

357 1726 608 1791 ὠνείδιζε
641 1726 738 1795 τὴν
779 1713 1031 1781 εὐκολίαν
1079 1729 1171 1780 καὶ
1207 1728 1306 1797 τὴν
1332 1729 1467 1799 πρὸς
1495 1727 1657 1782 αὐτὸν
1690 1727 1920 1797 μεταδο-

356 1818 475 1888 λὴν.
522 1819 744 1873 Οἷεσθαι
792 1819 900 1890 γὰρ
947 1819 1154 1887 ἔφασκε
1201 1821 1297 1883 τὰς
1348 1820 1678 1892 ἀμφοτέρων
1723 1837 1922 1874 συντα⁴

347 1910 544 1973 κεὶσας
607 1909 784 1980 ψυχὰς
839 1912 1118 1981 ἑκατέρων
1173 1913 1241 1964 τὰ
1298 1911 1530 1982 σώματα
1587 1916 1779 1977 κινεῖν,
1827 1913 1922 1967 καὶ

346 2000 524 2054 ταυτα
575 2003 670 2052 καὶ
728 1999 816 2052 ἴσα
871 2001 1216 2072 ἀμφοτέρους
1265 2003 1358 2055 καὶ
1416 2003 1765 2073 βουλεύεσθαι
1825 2004 1922 2058 καὶ

348 2093 641 2165 αἱρεῖσθαι·
675 2094 793 2146 νυνὶ
827 2095 881 2147 δὲ
909 2095 1220 2149 τούναντίον
1252 2096 1398 2151 am
1429 2098 1750 2167 πεφηνέναι·
1784 2099 1923 2166 ἀκη-

349 2187 539 2240 κοέναι
596 2184 707 2258 γὰ⁰ρ
744 2186 1038 2239 πεπεῖσθαι
1104 2189 1198 2240 καὶ
1259 2189 1422 2242 αὐτὸν
1473 2192 1587 2254 τοῖς
1643 2193 1771 2258 περὶ
1823 2191 1922 2260 τῆς

351 2279 489 2348 πρὸς
545 2277 998 2348 Καντακουζηνδν
1035 2279 1264 2350 εἰρήνης
1313 2280 1739 2351 διαλεγομένοις,
1779 2282 1922 2352 ἅπερ

348 2369 453 2422 οὐκ
510 2370 679 2440 ἐχρῆν
730 2373 929 2434 ποιεῖν,
974 2372 1174 2425 εἰδέναι
1239 2372 1347 2443 γὰρ
1389 2377 1704 2441 σαφέστατα
1734 2374 1920 2441 αὑτὸν,

356 2462 434 2524 ὡς
464 2463 514 2514 εί
551 2462 627 2532 μὴ
650 2464 856 2528 ἐκεῖνος
879 2461 980 2515 τοῦ
1021 2463 1156 2532 πρὸς
1187 2464 1641 2535 Καντακουζηνδν
1685 2466 1776 2518 πο)
1789 2467 1923 2535 έμου

352 2559 574 2624 ἱλρχετο,
604 2555 774 2607 πολλὰ
828 2557 1415 2625 πραγματευσάμενος,
1472 2559 1566 2610 καὶ
1609 2559 1790 2611 πᾶσαν
1823 2573 1927 2628 μη-

354 2645 528 2716 χανὴν
560 2644 870 2716 κεκινηκὼς
897 2684 912 2711 ,
965 2647 1133 2700 πάλαι
1181 2648 1246 2701 ἂν
1300 2647 1615 2718 ἐπεκάθητο
1661 2650 1928 2719 Παλαμᾶς

353 2738 468 2799 τοῖς
513 2741 935 2809 πατριαρχικοτς
978 2738 1210 2808 θρόνοις,
1268 2738 1436 2792 αὐτοῦ
1488 2739 1935 2811 ἐκϐεϐλημένου.

354 2829 492 2884 Νυνὶ
537 2829 596 2882 δὲ
650 2831 786 2899 πρὸς
837 2829 916 2899 τῷ
948 2831 1046 2900 τῆς
1084 2830 1408 2901 Ἐκκλησίας
1447 2832 1658 2902 ἄρχειν,
1695 2833 1926 2886 καὶτῶν

355 2919 650 2974 πολιτικῶν
701 2921 1048 2990 πραγμάτων
1109 2921 1263 2976 οὐδὲν
1313 2917 1477 2993 ἧττόν
1537 2925 1657 2976 ἐστι
1710 2923 1924 2995 κύριος,

356 3011 718 3082 περίϐλεπτος
755 3015 841 3090 ’ἐν
894 3015 1028 3066 πᾶσι
1065 3013 1361 3083 Ῥωμαίοις
1405 3017 1798 3087 γεγενημένος,
1832 3017 1926 3070 καὶ

356 3103 540 3174 πατὴρ
592 3106 687 3158 καὶ
738 3105 996 3174 κηδεμὼν
1051 3105 1316 3176 βασιλέως
1351 3113 1919 3180 προσαγορευὶμενος,
1948 3117 1991 3177 c

354 3191 394 3246 ἃ,
443 3197 608 3266 ἐχρῆν
650 3197 895 3262 σκοπεῖν,
956 3197 1051 3249 καὶ
1110 3197 1187 3268 μὴ
1249 3199 1705 3270 προσδοκωμένης
1750 3201 1923 3254 ἄλλων
1975 3260 1986 3264 _

356 3285 649 3354 ὠφελείας,
696 3286 797 3358 τὴν
846 3287 1058 3342 οἰκείαν
1101 3287 1392 3359 προίεσθαι
1439 3292 1739 3361 σωτηρίαν.
1789 3293 1927 3356 Πρὶν

359 3377 460 3446 μὲν
491 3379 598 3449 γὰρ
636 3379 730 3433 τὸν
769 3380 1007 3450 πόλεμον
1061 3381 1411 3452 κεκινῆσθαι,
1453 3382 1616 3453 μέχρι
1663 3383 1929 3453 καθαιρέ-

361 3485 501 3533 σεως
533 3469 762 3540 ἔστησεν
794 3470 860 3524 ἂν
902 3471 998 3542 τὴν
1021 3471 1193 3542 ὀργὴν
1234 3474 1261 3524 ὁ
1287 3472 1762 3542 Καντακουζηνός.
1790 3473 1928 3525 Νυνὶ

356 3561 414 3614 δὲ
473 3562 612 3631 μετὰ
659 3564 721 3615 τὸ
753 3560 992 3616 τοσαῦτα
1039 3563 1247 3616 ἐκεῖνον
1278 3563 1582 3633 ὲφύὸριστα
1629 3565 1723 3616 κα)⁸
1775 3565 1926 3620 δεινὰ

359 3649 861 3719 ὑπομεμενηκέναι,
915 3644 1299 3719 ὦν,ἐφασκεν,
1335 3652 1487 3706 οὐδὲν
1541 3648 1704 3726 ἧττον
1757 3653 1928 3715 αίτιος

355 3739 502 3814 ἦσθα
527 3746 621 3798 καὶ
656 3745 840 3811 αὐτὸς,
872 3745 946 3815 μὴ
969 3745 1359 3817 φιλάνθρωπόν
1389 3763 1512 3800 τινα
1569 3748 1664 3800 καὶ
1694 3748 1929 3818 ἀνεκτὴν

355 3832 474 3886 οἵου
503 3834 612 3887 τῶν
648 3835 920 3888 τοσούτων
973 3836 1161 3889 κακῶν
1219 3836 1439 3890 ἔσεσθαι
1489 3838 1587 3905 τὴν
1636 3841 1967 3908 τιμωρίαν,-

358 3925 495 3978 am
533 3925 762 3979 θάνατόν
791 3943 850 3980 τε
887 3925 1216 3996 ὲφύόριστον
1248 3926 1592 4002 σαυτοῦηκα).
1615 3927 1710 3979 τοῦ
1738 3927 1930 3994 γένους

357 4016 615 4082 ἐξώλειαν
645 4019 871 4082 παντός.
923 4019 1081 4073 Οὕτω
1107 4019 1215 4089 γὰρ
1248 4019 1572 4089 ἀκηκόαμεν
1609 4020 1674 4070 ὲκ
1719 4017 1929 4072 πολλῶν

357 4109 468 4162 τῶν
514 4111 724 4162 ἐκεῖθεν
778 4110 1120 4181 ἀφιγμένων,
1167 4111 1242 4175 ὡς
1303 4110 1551 4181 μεγάλην
1609 4110 1732 4162 καθ’
1771 4109 1930 4180 ἡμῶν

360 4201 470 4256 τῶν
499 4203 962 4273 πεπολεμηκότων
1009 4203 1121 4273 ἔχει
1156 4203 1254 4274 τὴν
1284 4203 1608 4272 ἀπέχθειαν.
1648 4201 1726 4255 Δι’
1769 4202 1807 4257 ἃ.
1835 4203 1933 4255 αὑ-

363 4299 452 4360 τός
485 4313 540 4348 τε
572 4297 790 4364 ἔγνωκα
841 4297 1004 4366 μέχρι
1039 4296 1237 4359 παντὸς
1279 4295 1479 4364 ἐκείνῳ
1514 4293 1798 4362 πολεμεῖν,
1835 4293 1932 4347 καὶ

365 4389 449 4441 σοὶ
507 4390 576 4441 τὰ
635 4387 729 4441 ῐσα
764 4387 1151 4457 συμϐουλεύω,
1203 4387 1299 4439 καὶ
1347 4387 1423 4456 μὴ
1468 4385 1536 4437 τὰ
1589 4385 1776 4456 πόρρω
1835 4385 1931 4438 καὶ

2017 531 2354 601 llodegetria:
2389 531 2628 602 lieipara:
2677 532 2878 600 templo
2903 530 3037 584 fusis
3077 530 3332 599 precibus
3369 530 3423 583 in
3464 546 3591 598 pro-

2014 624 2375 694 pugnaculum
2423 639 2521 678 seu
2579 622 2856 677 castellum
2892 621 2945 674 in
3003 621 3286 689 Manganis
3315 621 3593 688 (planities

2015 724 2098 769 cst
2147 724 2300 769 extra
2341 715 2680 784 Byzantium)
2725 715 2868 783 quod
2927 713 3222 782 superstite
3275 713 3439 766 etiam
3483 714 3592 766 An-

2015 804 2244 859 dronico
2293 805 2620 874 imperatore
2671 803 2926 865 habebat,
2963 802 3196 856 durante
3236 811 3418 856 autem
3454 801 3594 856 bello

2017 897 2122 951 hoc
2152 897 2499 960 instaurarat,
2519 904 2574 950 et
2603 896 2814 965 magnis
2844 893 3102 962 cperibus
3132 892 3592 956 communiverat,

2017 1005 2281 1058 armaque
2312 996 2370 1048 rt
2402 989 2504 1043 alia
2537 988 2806 1042 obsidioni
2853 986 3184 1041 sustinenda:
3233 985 3426 1040 idonea
3469 1001 3592 1040 cum

2017 1081 2272 1149 praesidio
2301 1080 2371 1135 ibi
2402 1081 2712 1136 collocarat.
2768 1079 2826 1134 lu
2869 1080 2992 1140 hoc.
3039 1082 3278 1146 inquam,
3307 1080 3592 1134 Castellum

2017 1174 2328 1238 concessit,
2395 1182 2450 1228 et
2495 1173 2613 1230 illic
2663 1181 2884 1228 noctem
2942 1173 3140 1243 exegit.
3213 1172 3479 1226 Postridie
3534 1187 3594 1226 se

2021 1265 2218 1320 visenti
2249 1265 2577 1335 patriarcha:
2609 1265 2884 1319 levita2em
2919 1275 2974 1319 et
3016 1265 3435 1318 inconstantiam
3467 1278 3593 1332 erga

2019 1371 2078 1410 se
2109 1357 2244 1410 vitio
2271 1358 2384 1411 dat.
2433 1355 2743 1410 Cl‘l‘didi5\e
2789 1355 3014 1410 realitas
3049 1355 3332 1409 adherant
3381 1353 3594 1408 animas

2021 1448 2305 1516 utriusque
2335 1463 2534 1516 corpus
2559 1463 2744 1515 regere
2773 1447 3071 1515 eademque
3097 1447 3285 1501 ambas
3309 1455 3361 1500 et
3395 1445 3590 1507 multi,
3651 1510 3658 1518 '

2021 1545 2076 1590 et
2107 1536 2294 1605 sequi;
2327 1551 2473 1590 nunc
2502 1546 2690 1589 contra
2726 1549 2949 1604 prorsus
2994 1535 3257 1589 evenisse.
3295 1533 3410 1588 Sibi
3447 1519 3590 1586 enim

2021 1627 2358 1691 nuntiatum,
2418 1627 2595 1695 ipsum
2644 1641 2857 1695 quoque
2906 1641 3189 1678 assensum
3239 1624 3322 1689 iis,
3377 1639 3496 1693 qum
3529 1625 3595 1677 de

2022 1735 2156 1789 pace
2186 1735 2308 1773 cum
2350 1719 2738 1772 Cantacuzeno
2768 1716 3116 1783 suscipienda
3159 1717 3432 1785 disputata
3475 1716 3595 1769 fue-

2024 1811 2155 1867 rint.
2200 1810 2256 1864 Id
2289 1809 2433 1880 quod
2462 1825 2568 1863 non
2616 1807 2888 1868 debuerit.
2928 1822 3050 1861 cum
3095 1805 3403 1861 indubitata
3436 1808 3594 1868 sciat,

2022 1902 2131 1956 nisi
2163 1903 2279 1970 ipse
2329 1901 2530 1956 bellum
2573 1901 2839 1954 adversus
2896 1899 3362 1964 Cantacuzenum,
3414 1898 3598 1952 nmltis

2023 1994 2228 2050 idcirco
2288 1993 2524 2064 negoriis
2551 1992 2875 2062 implicitus,
2934 2001 2989 2046 et
3024 1991 3279 2047 omnibus
3327 1991 3598 2046 machinis

2026 2087 2248 2141 tentatis
2293 2084 2714 2146 introduxis~et,
2743 2084 3067 2154 jampridem
3097 2099 3163 2138 eo
3214 2083 3408 2152 cjeeto,
3441 2083 3599 2137 Pala~

2022 2157 2165 2228 niam
2227 2175 2283 2228 in
2351 2174 2470 2242 ejus
2533 2177 2730 2228 throno
2790 2174 3159 2244 patriarchico
3223 2173 3597 2228 collocandum

2023 2265 2216 2322 fuisse.
2249 2265 2404 2320 Nunc
2438 2275 2792 2336 praeterquam
2823 2247 2979 2335 quod'
2998 2265 3252 2320 Ecclesiae
3285 2265 3597 2334 praesideat,

2023 2358 2186 2413 etiam
2231 2356 2543 2425 reipublicae
2589 2371 2711 2410 esse
2756 2356 3044 2410 dominum
3099 2363 3405 2426 spectatum
3453 2355 3600 2409 inter

2026 2448 2300 2502 ltontanos
2328 2462 2540 2508 omnes,
2565 2457 2884 2518 patremque
2906 2463 2970 2502 ac
2998 2456 3228 2502 tutorem
3254 2446 3600 2517 imperatoris

2025 2539 2374 2608 appellatum,
2432 2555 2552 2608 qua:
2599 2541 2956 2609 perpendere,
3015 2555 3118 2594 nec
3181 2540 3310 2595 dum
3367 2539 3599 2592 aliorum

2025 2632 2284 2701 quaeritur
2329 2631 2554 2697 utvlitas,
2612 2633 2841 2686 salutem
2873 2633 3150 2703 propriam
3201 2633 3254 2684 in
3310 2631 3602 2700 postremis

2026 2738 2312 2778 numerare
2375 2725 2695 2793 oportuerit.
2750 2723 2885 2777 Nam
2957 2732 3084 2778 ante
3135 2723 3358 2788 bellum,
3401 2721 3599 2791 inquit,

2027 2828 2198 2883 usque
2227 2817 2292 2867 ad
2313 2812 2808 2868 exauctoradonem
2854 2822 3001 2866 tuam
3021 2813 3436 2868 Cantaruzcnus
3461 2812 3598 2866 iram

2027 2906 2378 2961 ostendisset.
2411 2908 2551 2970 iam,
2587 2907 2712 2976 quia
2745 2903 2872 2960 "tam
2910 2905 3074 2977 596
3114 2907 3283 2960 multa
3315 2917 3602 2961 contume-

2028 2995 2165 3052 liosa
2216 3006 2271 3052 et
2313 3000 2494 3067 gravia
2545 3007 2597 3052 te
2632 3012 2849 3067 quoque
2890 2998 3222 3052 allaborante
3262 3013 3456 3067 passus
3494 3007 3600 3062 est,

2028 3102 2160 3143 cave
2210 3088 2491 3143 existimes
2521 3128 2536 3152 ,
2597 3099 2865 3142 tantarum
2917 3089 3240 3158 injuriarum
3306 3092 3600 3143 humanam

2027 3180 2265 3247 aliquam
2325 3195 2389 3233 ac
2435 3180 2795 3242 tolerabilem,
2830 3180 2962 3250 quin
3015 3181 3200 3250 potius
3233 3190 3380 3234 tuam
3429 3180 3602 3249 ipsius
3679 3195 3685 3198 ·

2029 3269 2443 3341 ignominiosam
2511 3285 2725 3337 necem,
2773 3279 2828 3324 et
2875 3270 3094 3337 generis
3141 3271 3307 3325 totius
3351 3271 3600 3324 exsilium

2026 3376 2243 3431 pmnam
2275 3362 2410 3416 fore.
2445 3361 2533 3416 Sic
2568 3362 2711 3414 enim
2755 3362 2908 3416 umlti
2940 3361 3069 3416 inde
3095 3362 3162 3417 ad
3188 3377 3290 3417 nos
3321 3362 3604 3416 venientes

2028 3463 2252 3509 narrant
2285 3469 2410 3510 eum
2442 3455 2498 3509 in
2540 3470 2660 3519 nos,
2695 3470 2727 3510 a
2754 3454 2952 3524 quibus
2981 3463 3067 3509 est
3115 3455 3258 3508 bello
3289 3453 3601 3519 lacessitus,

2028 3544 2254 3598 immani
2289 3545 2416 3600 odio
2453 3543 2702 3616 ﬂagrare.
2742 3545 3109 3610 Quamobrem
3151 3545 3284 3599 mihi
3332 3544 3603 3600 sententia

2029 3646 2114 3691 est
2157 3636 2304 3690 illum
2337 3652 2654 3708 oppugnare
2684 3647 2963 3708 perpetuo,
3011 3646 3068 3691 et
3124 3647 3176 3692 te
3227 3637 3370 3692 idem
3425 3637 3605 3692 facere

2031 3727 2192 3796 cupio
2233 3743 2558 3797 moneoque,
2593 3745 2659 3784 ne
2707 3730 2866 3800 longe
2898 3729 3096 3799 positis
3128 3729 3374 3798 nihilque
3417 3729 3604 3799 profu-

2033 3829 2169 3874 tur.s
2193 3822 2409 3875 curiose
2431 3831 2484 3875 te
2507 3820 2842 3884 immisceas,
2873 3821 2966 3875 sed
2988 3823 3262 3890 quomodo
3283 3823 3604 3891 nosmetipsi

2031 3923 2316 3963 serventur
2385 3909 2714 3977 provideas,
2780 3909 2925 3978 quod
2990 3909 3208 3978 quidem
3275 3909 3433 3964 aliter
3495 3926 3609 3964 non

2031 4002 2234 4067 licebit,
2271 4003 2372 4056 nisi
2414 4003 2616 4057 bellum
2649 4003 2793 4060 istuc
2829 4005 3154 4060 continuum
3185 4019 3306 4058 esse
3329 4003 3608 4058 studueri-

2033 4106 2174 4150 mus.
2204 4091 2337 4146 Nam
2370 4109 2473 4162 pax
2511 4094 2615 4148 ista
2642 4111 2762 4163 qua:
2805 4094 3026 4159 dicitur,
3072 4093 3205 4148 mihi
3236 4095 3417 4156 crede,
3469 4093 3606 4148 nihil

2032 4194 2116 4240 est
2144 4184 2290 4238 aliud
2313 4201 2473 4255 quam
2494 4194 2549 4240 et
2577 4198 2780 4244 nostra.
2799 4196 2854 4239 et
2884 4187 3118 4241 ﬁliorum
3139 4186 3601 4256 propinquorum-

2033 4295 2138 4349 qnc
2186 4289 2500 4335 nostrorum
2555 4281 2856 4335 certissima
2892 4281 3144 4350 perditio.
3207 4280 3318 4336 lloc
3349 4293 3599 4334 sermone

2035 4372 2406 4440 patriarcham
2429 4387 2532 4426 nec
2568 4372 2741 4442 ipsum
2786 4387 2976 4440 pacem
3018 4373 3173 4427 valde
3211 4372 3599 4440 suspirautem,

363 4481 533 4551 μηδὲν
575 4444 848 4550 ὀνήσοντα1
873 4444 1373 4549 πολυπραγμονεῖν,
1410 4444 1544 4530 ’ἀλλ’
1750 4476 1928 4530 αὐτῶν

2036 4465 2129 4519 sed
2156 4465 2385 4520 aliorum
2416 4465 2628 4535 placitis
2667 4469 2974 4520 necessario
3001 4466 3388 4536 sull'ragautem
3424 4461 3590 4532 cepit.

363 4570 621 4638 πρόνοιαν
686 4569 960 4624 ποιεῖσθαι
1007 4571 1154 4632 ὅπως
1220 4568 1617 4638 σωθησόμεθα·
1669 4568 1827 4620 τοῦτο
1873 4567 1930 4620 δὲ

366 4664 487 4714 κατ’
513 4662 704 4715 οὐδένα
758 4663 959 4731 τρόπον
1015 4661 1202 4731 ἕτερον
1237 4660 1542 4730 περιέσται,
1574 4659 1606 4728 ἢ
1650 4661 1737 4712 ἀεὶ
1771 4674 1936 4712 σπου-

361 4747 582 4810 δάζουσι
618 4749 710 4799 τὸν
755 4748 890 4818 πρὸς
943 4749 1149 4800 ἐκεῖνον
1209 4742 1348 4800 εἶναι
1389 4749 1648 4818 πόλεμον.
1684 4749 1794 4818 Τὴν
1823 4751 1934 4820 γὰρ

362 4839 660 4909 λεγομένην
691 4841 936 4909 εἰρήνην,
969 4839 1138 4909 μηδὲν
1172 4838 1362 4909 ἕτερον
1411 4838 1526 4894 οἴου
1557 4835 1723 4904 εἶναι,
1757 4838 1790 4908 ἢ
1824 4857 1934 4905 φα-

363 4932 526 4998 νερὰν
582 4933 741 5000 ἡμῶν
796 4915 854 4983 τε
907 4931 1090 4984 αὐτῶν
1153 4930 1249 4982 καὶ
1314 4931 1521 4983 παίδων
1576 4929 1673 4983 καὶ
1717 4930 1936 4983 οἰκείων

363 5022 682 5091 διαφθοράν.
731 5021 970 5075 Τοιαῦτα
1030 5021 1129 5092 μὲν
1181 5021 1334 5090 ἔλεγε
1383 5021 1522 5091 πρὸς
1564 5022 1934 5092 πατριάρχην,

363 5119 455 5167 καὶ
489 5114 702 5166 ἔπειθεν
733 5153 747 5178 ,
783 5114 895 5166 οὐδ’
955 5115 1118 5167 αὑτὸν
1179 5114 1317 5180 πρὸς
1360 5114 1457 5184 τὴν
1512 5115 1738 5183 εἰρήνην
1789 5115 1934 5166 πάνυ

361 5205 732 5275 ὡρμημένον,
773 5206 910 5259 ἀλλὰ
961 5206 1181 5275 λέγουσι
1235 5209 1349 5270 τοῖς
1398 5206 1582 5269 ἄλλοις
1619 5205 1936 5272 ἀναγκαίως

365 5297 752 5366 συνεπόμενον.
796 5299 1026 5351 Ἔπειτα
1075 5299 1276 5368 ἐχρῆτο
1345 5300 1440 5351 καὶ
1490 5298 1643 5367 πρὸς.
1687 5296 1934 5366 βασιλίδα

366 5391 704 5460 πρεσϐευτῇ,
739 5390 944 5459 ἐμήνυέ
973 5406 1033 5442 τε
1078 5390 1312 5460 βασιλίδι
1356 5390 1423 5442 δι’
1456 5390 1646 5454 αὑτοῦ,
1690 5390 1767 5453 ὡς
1802 5389 1939 5443 ἀπο-

367 5485 487 5552 ροίη
520 5483 642 5536 ὅτου
675 5484 839 5536 ἓνεκα
873 5483 1035 5546 αὐτὸς
1071 5484 1170 5553 μὲν
1222 5483 1364 5552 ὑπὲρ
1402 5482 1571 5552 αὐτῆς
1606 5483 1701 5534 καὶ
1730 5482 1936 5534 παίδων

365 5577 542 5628 ἒλοιτο
573 5576 749 5628 πάντα
780 5574 1025 5628 κίνδυνον
1060 5575 1156 5628 καὶ
1188 5575 1368 5640 πόνον,
1403 5574 1588 5634 αὐτοῖς
1621 5573 1680 5627 δὲ
1715 5574 1791 5642 μὴ
1836 5573 1936 5644 τὴν

362 5669 487 5737 ἴσην
553 5668 699 5732 εδοξε
767 5669 1003 5738 σπουδὴν
1054 5667 1460 5722 ἐπιδείκνυσθαι
1517 5669 1648 5738 περὶ
1702 5666 1932 5723 ἑαυτῶν.

361 5763 533 5825 Abt-5;
588 5763 695 5832 γὰρ
752 5762 914 5825 εὐθὺς
974 5762 1112 5830 μετᾶ
1167 5760 1264 5832 τὴν
1309 5761 1571 5832 βασιλέως
1625 5760 1882 5830 τελευτὴν
1915 5798 1930 5828 ,

2039 4556 2243 4612 Deinde
2260 4556 2659 4626 imperatricem
2679 4572 2896 4626 quoque
2918 4571 3015 4628 per
3041 4558 3274 4627 legatum
3294 4557 3590 4627 appellans,

2037 4648 2393 4704 vehementer
2438 4665 2496 4703 se
2523 4651 2704 4704 mirari
2733 4650 2888 4712 dixit,
2938 4651 3064 4719 quid
3105 4651 3210 4704 hoc
3257 4664 3422 4716 esset,
3461 4650 3606 4719 quod

2037 4755 2159 4796 cum
2191 4743 2312 4811 ipse
2342 4757 2442 4813 pro
2479 4742 2569 4797 illa
2609 4751 2664 4797 et
2709 4742 2897 4798 liberis
2929 4742 3048 4811 ejus
3083 4742 3287 4796 nullum
3315 4743 3611 4813 periculum

2038 4835 2459 4903 molestiamque
2504 4835 2886 4901 detrectasset,
2938 4850 3048 4889 non
3111 4835 3245 4905 ipsis
3291 4835 3464 4888 vismu
3520 4834 3610 4900 sit,

2037 4943 2137 4997 pro
2193 4942 2254 4982 se
2303 4938 2360 4982 et
2428 4928 2737 4998 patriarcha
2784 4929 3024 4983 tutandis
3065 4928 3306 4982 vicissim
3339 4927 3492 4980 eniti.
3547 4927 3616 4981 Se

2039 5020 2243 5090 quippe
2276 5021 2460 5074 statim
2489 5028 2548 5073 ut
2572 5018 2899 5082 observarit,
2955 5013 3402 5072 Cantacuz'enum
3440 5017 3615 5086 impe-

2039 5122 2222 5167 ratore
2249 5121 2485 5179 mortuo,
2525 5112 2711 5182 iniqua
2741 5119 2799 5166 et
2834 5111 3071 5164 \iulenta
3099 5125 3334 5180 coquere
3361 5109 3611 5174 comitia,

2040 5206 2286 5274 velleque
2353 5206 2527 5275 ipsam
2592 5220 2717 5260 cum
2782 5205 2906 5259 ﬁliis
2953 5220 3065 5260 non
3117 5205 3350 5274 imperio
3407 5213 3613 5258 tantum

2040 5297 2298 5366 dejicere,
2351 5297 2444 5351 sed
2475 5297 2585 5351 vita
2632 5312 2849 5367 quoque
2882 5313 3102 5364 exuere,
3166 5297 3380 5352 tametsi
3432 5298 3617 5352 multis

2041 5398 2199 5441 antea
2229 5385 2511 5441 beneficiis
2542 5388 2612 5441 ab
2666 5401 2732 5441 eo
2761 5387 3034 5448 affectum,
3075 5397 3239 5456 atque
3289 5388 3354 5440 ad
3385 5386 3613 5457 gratiam

2040 5476 2238 5546 quovis
2263 5477 2578 5532 discrimine
2611 5480 2729 5545 ejus
2768 5491 2932 5530 causa
2960 5478 3248 5531 subeundo
3273 5478 3612 5531 referendam

2040 5571 2360 5642 obligatum,
2414 5569 2674 5624 maluisse
2710 5585 2806 5636 pro
2865 5569 3016 5639 ipsis.
3052 5569 3366 5638 periculose
3412 5570 3612 5635 facere,

2039 5680 2201 5735 quam
2237 5666 2446 5734 primos
2472 5664 2612 5734 apud
2642 5663 2792 5716 illum
2824 5663 3058 5717 honores
3087 5662 3338 5732 adipisci,
3363 5680 3617 5718 exsecra-

2042 5768 2156 5815 tum
2190 5757 2398 5814 scilicet
2451 5756 2822 5829 improborum
2851 5756 3292 5814 communionem
3324 5757 3614 5827 factorum,
