4062 6290
569 271 703 333 11.7

1745 269 2071 332 JOANNIS
2106 268 2635 331 CANTACUZENI

3643 272 3755 338 i198

564 385 792 453 aliisque
824 384 1082 439 omnibus
1135 392 1281 437 metu
1337 398 1399 438 ac
1435 383 1661 437 horrore
1715 383 1834 452 ejus
1877 381 2168 452 potentiae,

2161 393 2204 448 Α
2237 381 2361 436 ἰδὼν
2397 383 2486 435 τὸν
2544 380 2997 453 Καντακουζηνδν
3044 380 3203 434 ἄδικα
3245 381 3338 434 καὶ
3389 379 3532 449 βίαια
3565 381 3757 438 διανοού-

567 476 864 540 iteterritis,
895 476 1071 546 palam
1114 475 1164 528 ei
1204 473 1401 528 bellum
1445 473 1728 538 indixisse,
1771 489 1944 544 eoque
1974 489 2144 542 angu-

475 561 511 636 ’ῗξ
568 568 797 620 suarum
867 565 1218 636 compulissc,
1259 573 1319 618 ut
1365 565 1519 635 prius
1566 565 1949 629 Triballorum,
1999 578 2148 618 nunc

492 655 510 718 ’;
572 659 790 711 tandem
846 656 1136 712 Persarum
1202 656 1402 710 auxilia
1466 656 1793 726 implorarit.
1834 657 1906 711 Se
1957 668 2137 711 autem

569 750 847 818 diligentia
883 757 938 803 et
970 749 1192 802 solertia
1242 764 1335 802 sua
1391 748 1596 802 factum
1650 749 1913 804 infectum
1957 749 2056 810 illi,
2095 759 2149 804 ct

485 906 496 910 δ
571 857 669 908 pro
705 840 866 893 sociis
889 840 1073 894 hostes
1097 839 1421 903 reddidisse,
1451 839 1671 908 jamque
1702 840 1765 894 ad
1799 855 1891 894 eas
1918 838 2148 894 difﬁcul-

573 940 712 985 tates
739 931 1012 984 hominem
1055 930 1324 1000 adegisse,
1377 940 1436 986 ut
1472 931 1707 1002 imperio
1746 947 1805 988 se
1849 932 2146 996 abiturum,

572 1023 950 1091 privatamque
1001 1022 1168 1075 vitam
1227 1022 1501 1076 victurum
1552 1023 1883 1092 promiserit.
1919 1023 2148 1088 Quando

575 1122 755 1167 autem
789 1116 904 1181 ipse
931 1123 1049 1181 post
1079 1121 1150 1167 tot
1181 1113 1412 1177 labores,
1436 1122 1725 1183 tantasque
1747 1114 2146 1177 contentiones,

576 1213 630 1257 et
657 1212 802 1256 tanta
833 1203 1144 1261 discrimina
1171 1212 1397 1257 conatus
1417 1218 1545 1258 suos
1569 1205 1713 1258 bono
1737 1203 1844 1258 ﬁne
1865 1203 2150 1258 concluse-

576 1301 666 1359 rit,
717 1305 826 1350 tum
873 1298 1017 1365 ipsos
1067 1297 1423 1365 incogitantia
1476 1313 1570 1351 sua
1625 1296 1809 1350 omnia
1865 1295 2146 1351 evertisse.

576 1388 710 1440 Nam
753 1388 846 1440 ubi
879 1388 1125 1458 cognorit
1155 1388 1276 1442 illos
1305 1388 1373 1441 de
1425 1403 1556 1456 pace
1593 1397 1648 1442 et
1683 1387 1884 1442 foedere
1931 1402 2052 1441 cum
2083 1401 2150 1440 eo

575 1479 812 1532 ineundo
831 1479 1159 1543 deliberare,
1191 1488 1250 1532 ut
1281 1480 1583 1548 imperator
1623 1481 1694 1532 sit
1740 1479 1914 1532 nihilo
1946 1479 2148 1543 minus,

575 1568 804 1638 abjeCIis
872 1570 1127 1623 omnibus
1189 1569 1298 1623 huc
1354 1569 1635 1624 advolasse
1670 1607 1685 1632 ,
1741 1579 1795 1623 et
1847 1569 1994 1624 domi
2037 1570 2150 1638 jam

577 1661 786 1712 futuras
816 1660 1060 1713 miserias
1081 1673 1262 1713 secum
1290 1660 1670 1713 commentari.
1700 1658 1972 1714 Timuisse
1989 1673 2150 1728 porro

2251 492 2430 543 μενον,
2477 476 2572 528 καὶ
2601 475 2673 528 οὺ·
2695 476 2854 544 μόνον
2883 473 3187 544 βασιλείας,
3227 472 3364 526 ἀλλὰ
3412 474 3504 526 καὶ
3534 475 3659 545 ζωῆς
3683 480 3760 530 αὑ-

2245 565 2344 634 τῆς
2401 567 2723 636 ἀποστερεῖν
2771 565 3100 636 βουλόμενον
3135 565 3307 634 αὐτὴν
3340 566 3433 616 καὶ
3465 566 3661 628 παῖδας,
3688 571 3759 619 καί

2247 675 2327 710 τοι
2367 658 2534 710 πολλὰ
2583 659 2847 727 πρότερον
2888 655 2982 710 ὑπ’
3016 656 3225 710 ἐκείνου
3288 655 3760 726 εὖεργετηθεὶς,καὶ

2246 751 2448 813 δίκαιος
2476 749 2551 802 ὢν
2591 750 2731 820 ὑπὲρ
2770 749 2983 802 ἐκείνου
3011 749 3193 803 πάντα
3237 747 3482 800 κίνδυνον
3512 750 3758 817 αίρείσθαι.

2247 841 2611 909 ἀμειϐόμενος
2660 841 2762 909 τῆς
2825 840 3120 902 εὐποιϊας,
3169 841 3195 892 ὁ
3257 838 3314 891 δὲ
3381 838 3573 906 μᾶλλον
3629 840 3762 893 εἵλετο

2249 935 2387 1002 ὑπὲρ
2442 933 2620 986 αὐτῶν
2651 930 3101 991 διακινδυνεύειν.
3151 931 3181 1000 ἢ
3228 929 3398 997 τιμὰς
3444 929 3539 992 τὰς
3585 931 3761 998 πρώτας

2251 1021 2598 1091 καρποῦσθαι
2641 1021 2771 1091 παρ’
2803 1019 2974 1090 αὐτῷ,
3002 1019 3112 1071 τῶν
3152 1018 3368 1073 ἀτόπων
3401 1017 3567 1086 ἔργων
3592 1019 3762 1088 βδελυτ-

2249 1115 2476 1182 τόμενος
2526 1113 2627 1183 τὴν
2681 1113 3000 1166 κοινωνίαν·
3051 1110 3292 1180 πόλεμόν
3347 1127 3406 1162 τε
3465 1111 3619 1178 ἤρατο
3661 1112 3763 1178 1:96;

2251 1203 2455 1254 ἐκεῖνον
2492 1203 2762 1270 φανερῶς,
2799 1201 2906 1254 τῶν
2958 1201 3136 1254 ἄλλων
3187 1201 3406 1254 πάντων
3440 1200 3760 1253 ἀποκνούντιιλν

2251 1295 2345 1345 καὶ
2376 1294 2472 1362 τὴν
2503 1294 2734 1361 δύναμιν
2762 1294 3134 1361 πεφρικότων,
3171 1293 3268 1345 καὶ
3306 1294 3363 1354 ὲς
3392 1292 3640 1360 τοσαύτην
3670 1309 3764 1343 συν-

2251 1384 2449 1453 ήλασεν
2476 1385 2734 1455 ἀπορίαν,
2793 1386 2932 1437 ὥστε
2987 1384 3251 1454 πρότερόν
3275 1401 3336 1435 τε
3369 1383 3639 1453 Τριδαλῶν
3665 1385 3764 1453 πρὸς

2254 1477 2576 1546 ἐπικουρίαν
2618 1476 2899 1547 δεηθῆναι,
2939 1478 3037 1528 καὶ
3074 1477 3143 1528 τὰ
3189 1477 3481 1529 τελευταῖα
3536 1475 3620 1528 νῦν
3661 1477 3765 1545 Περ·

2255 1566 2384 1620 σῶν.
2420 1567 2595 1630 Αὐτὸς
2653 1567 2710 1618 δὲ
2763 1566 2970 1636 σπουδῇ
3026 1565 3197 1634 πολλῇ
3258 1568 3356 1618 καὶ
3416 1565 3661 1635 ἀγχινοίᾳ,
3707 1566 3764 1621 ti;

2254 1656 2565 1709 τούναντίον
2591 1655 2741 1725 αὐτῷ
2764 1655 2981 1708 ἅπαντα
3016 1655 3372 1725 περιτρέψαι,
3408 1657 3500 1713 καὶ
3524 1655 3764 1724 πολεμῖους

579 1751 646 1804 ad
703 1765 822 1804 eam
875 1751 1154 1814 accedere,
1205 1765 1297 1814 ne,
1329 1765 1449 1818 quae
1488 1751 1712 1804 absente
1737 1765 1796 1805 sc
1847 1751 2032 1805 verbis
2065 1749 2160 1805 dc-

2159 1752 2230 1805 ηΒ
2263 1746 2409 1814 αὐτῷ
2450 1747 2569 1800 ἀντὶ
2629 1747 2935 1817 συμμάχων
2991 1746 3201 1810 πάντας
3248 1747 3548 1813 ἀποδεῖξαι,
3589 1750 3668 1799 καὶ
3695 1747 3763 1798 νῦν

581 1843 880 1906 creverint,
929 1841 1088 1910 597
1145 1850 1414 1908 praesente
1466 1859 1522 1895 re
1559 1841 1886 1910 compleant,
1938 1849 1992 1894 et
2029 1842 2154 1910 quia

579 1930 886 1994 dissentiat,
911 1930 1032 1984 ideo
1059 1928 1463 1999 pereat.Quare
1494 1931 1538 1984 si
1563 1930 1751 1984 isthaec
1777 1939 1838 1984 ut.
1859 1930 2154 2000 plurimum

580 2025 972 2077 detrimentosa
1005 2022 1312 2087 omiserint,
1348 2022 1658 2090 bellumque
1703 2031 1761 2076 ut
1806 2037 1836 2076 a
1881 2023 2156 2092 principio

581 2126 774 2168 contra
810 2113 1252 2168 Cantacuzenum
1285 2114 1539 2183 persequi
1566 2113 1835 2168 voluerint
1856 2115 1981 2183 (hoc
2008 2116 2154 2168 enim

582 2205 933 2260 utilissimum
961 2203 1124 2272 fore),
1158 2215 1214 2258 et
1246 2219 1304 2258 se
1332 2216 1579 2273 paratum
1609 2219 1749 2268 esse,
1806 2205 1911 2260 ﬁde
1962 2205 2030 2260 ab
2065 2205 2156 2260 illa

583 2296 730 2359 data,
790 2293 926 2348 nihil
983 2296 1194 2348 adversi
1255 2309 1572 2363 passurum,
1625 2310 1749 2348 cum
1803 2295 1922 2351 aliis
1976 2296 2157 2350 moliri

583 2403 918 2457 quaecunque
947 2388 1257 2442 conducere
1295 2387 1612 2456 judicarint.
1651 2387 1708 2439 Si
1735 2386 2156 2440 aluei-animata

585 2481 657 2531 sit
686 2492 981 2546 pacemque
1015 2477 1307 2530 multarum
1340 2477 1470 2546 ipsis
1512 2484 1567 2530 et
1593 2476 1884 2546 insignium
1935 2477 2159 2529 calami-

590 2578 758 2621 tatum
807 2568 1043 2621 futuram
1095 2569 1443 2622 seminariqu
1495 2566 1636 2621 bello
1695 2567 2043 2636 praetulerit,
2100 2581 2160 2622 re

586 2659 854 2722 discussa,
885 2673 945 2712 se
978 2674 1195 2727 quoque
1239 2659 1560 2712 utilitatibus
1592 2658 1706 2712 suis
1735 2659 1962 2712 minime
2004 2660 2160 2713 delu-

588 2762 766 2805 turum
799 2769 813 2804 :
853 2750 1077 2803 cumino
1113 2751 1258 2804 enim
1291 2765 1349 2804 se
1381 2765 1611 2819 quoque,
1644 2760 1698 2804 et
1747 2751 1962 2804 facilius
1994 2765 2157 2820 quam

587 2841 721 2894 alios
749 2855 908 2908 posse
942 2842 1102 2894 rebus
1131 2839 1246 2895 suis
1276 2841 1416 2894 bene
1447 2841 1756 2894 consulere.
1792 2839 1917 2896 [hac
1945 2842 2034 2895 ille
2065 2857 2160 2910 per

589 2932 948 2999 patriaicltant
1020 2933 1087 2985 ad
1166 2931 1592 3000 imperztricem.
1664 2931 1857 2986 Postea
1913 2949 2036 2986 tutu
2106 2942 2162 2986 rt

590 3039 820 3092 magnus
848 3023 1120 3092 lugotheta
1146 3008 1379 3077 Gabalas
1413 3039 1534 3076 eum
1570 3023 1791 3088 viseret,
1833 3024 2059 3077 miriﬁce
2104 3027 2156 3077 in

591 3130 657 3167 eo
697 3129 753 3168 se
781 3115 1064 3183 deceptum
1111 3115 1280 3178 dixit,
1324 3114 1619 3169 arbitratus
1653 3114 1985 3182 intelligendi
2031 3131 2158 3170 acu-

592 3207 736 3260 mine
775 3222 1060 3276 rerumque
1109 3222 1423 3276 magnarum
1470 3223 1569 3260 usu
1607 3207 1780 3276 ipsum
1827 3208 1962 3263 alios
2007 3221 2159 3263 ante-

590 3298 808 3350 cellere.
835 3297 970 3352 Nam
993 3300 1136 3367 quod
1163 3313 1309 3352 nunc
1331 3298 1602 3367 epinetur,
1631 3315 1751 3352 cum
1776 3301 2159 3355 Cautacuzeno

594 3391 761 3441 tantis
810 3391 1018 3442 meritis
1050 3391 1363 3454 obstrictus,
1395 3391 1594 3444 bellum
1644 3392 1818 3445 eidem
1847 3401 1900 3446 et
1937 3393 2160 3448 insidias

594 3478 816 3531 molitus
859 3479 950 3542 sit,
981 3479 1136 3546 eique
1166 3479 1397 3547 plurima
1455 3489 1510 3532 et
1554 3483 1894 3550 gravissima,
1935 3485 1980 3537 si
2011 3485 2162 3552 quis-

593 3587 755 3639 quam
801 3570 960 3634 alius,
991 3572 1336 3625 incommoda
1365 3574 1654 3638 creaverit,
1677 3589 1824 3626 nunc
1858 3575 1994 3629 faeta
2027 3591 2161 3645 pacc

598 3671 940 3714 mansuetum
985 3669 1146 3730 atque
1193 3661 1517 3716 Clettteutem
1561 3673 2000 3730 experturum,et
2052 3682 2160 3720 non

595 3756 779 3820 potius
838 3767 1005 3821 seque
1053 3767 1314 3822 suamque
1342 3752 1598 3806 familiam
1634 3754 1877 3809 inaudito
1928 3757 2160 3824 quodam

598 3842 758 3893 modo
807 3851 861 3894 et
911 3850 969 3893 ut
1017 3840 1174 3895 factis
1232 3842 1308 3896 illi
1369 3843 1710 3898 contumeliis
1763 3844 1983 3914 dignum
2040 3857 2158 3910 est,

601 3935 928 4002 periturum,
961 3949 1149 4002 parum
1187 3950 1597 4004 sapere,uequc
1629 3937 1784 4005 lbene
1815 3938 2164 4007 ratiocinari;

595 4024 755 4096 longe
807 4028 951 4080 enim
1003 4026 1238 4094 amplius
1295 4027 1493 4081 bellum
1543 4029 1694 4096 ipsis,
1753 4043 1914 4097 quam
1977 4045 2164 4098 pacem

597 4119 1084 4172 commodaturum.
1115 4118 1248 4172 Nam
1275 4120 1318 4173 si
1349 4120 1552 4174 bellum
1582 4120 1790 4188 ge‘raut,
1821 4121 1999 4176 salvos
2021 4136 2166 4176 sem-

597 4223 696 4277 per
740 4219 796 4262 et
854 4211 1217 4278 itnperatnros
1244 4210 1380 4265 fore.
1428 4210 1583 4275 Quod
1627 4213 1672 4266 si
1717 4212 1787 4265 ob
1842 4212 1898 4265 id
1955 4212 2166 4280 imperii

599 4299 1035 4353 inuniuutionem
1072 4303 1365 4370 patiantur,
1402 4317 1508 4357 non
1546 4303 1670 4357 ideo
1735 4303 1961 4358 salutem
1995 4304 2168 4375 negli-

599 4390 858 4459 gendam,
895 4393 1334 4462 quandoquidem
1365 4395 1538 4449 satius
1566 4395 1637 4448 sit
1671 4396 1937 4466 imperare
1957 4397 2165 4465 paucis,
2201 4430 2248 4490 ι)

599 4499 760 4552 quant
795 4500 861 4538 eo
895 4486 1224 4554 ampliﬁcata
1246 4487 1470 4541 subesse
1499 4486 1640 4548 aliis,
1665 4501 1717 4541 et
1747 4488 1976 4556 ingloria
1997 4499 2171 4544 morte

601 4578 844 4647 defungi.
895 4579 1110 4632 Etenim
1158 4581 1203 4634 si
1249 4595 1438 4649 pacem
1497 4595 1619 4634 cum
1680 4578 1774 4633 illo
1805 4581 2168 4650 paciscantur,

601 4686 708 4723 non
761 4685 884 4725 esse
919 4671 1064 4739 quod
1085 4671 1206 4724 illos
1229 4687 1258 4724 a
1282 4672 1526 4740 periculo
1545 4681 1688 4726 tutos
1705 4681 1921 4740 praestet
1941 4679 1996 4726 et
2018 4673 2171 4726 inco-

602 4763 794 4816 lutues.
877 4762 1204 4816 llortabatur
1287 4765 1472 4832 itaque
1531 4762 1793 4817 Gabalam
1870 4777 1929 4816 se
1993 4764 2173 4818 denuo

603 4869 790 4909 secum
813 4854 1192 4922 conjungeret,
1215 4852 1415 4906 bellum
1439 4852 1809 4915 resuscitat-et,
1839 4861 1896 4906 et
1922 4862 2173 4907 mutuum

602 4955 1000 5001 sacramentum
1039 4954 1374 5011 renovaret;
1430 4944 1593 4999 ﬁliam
1649 4944 1770 5013 ejus
1817 4959 2042 4998 uxorem
2075 4945 2175 4999 du-

603 5049 791 5099 ceret:
825 5039 1031 5108 pariter
1047 5038 1114 5094 ad
1139 5038 1340 5092 bellqu
1370 5037 1766 5100 incumberent,
1798 5045 1852 5090 et
1871 5036 2172 5093 Romanum

605 5133 896 5202 imperium
917 5132 1388 5186 administrarent.
1422 5129 1520 5184 His
1545 5131 1727 5185 verbis
1755 5129 1909 5184 illum
1943 5130 2176 5186 irrctivit

605 5237 660 5280 et
676 5225 1022 5280 concorditer
1051 5225 1248 5278 bellqu
1272 5224 1654 5278 decreverunt.
1677 5221 1945 5277 Jurabaut
1968 5232 2173 5290 autem,

607 5315 840 5369 Gabalas
872 5314 1092 5382 quidem
1124 5314 1188 5365 ad
1221 5313 1422 5366 bellum
1453 5326 1647 5380 magno
1694 5311 1818 5364 duci
1848 5325 2003 5379 opem
2035 5307 2174 5363 latu-

611 5422 752 5468 rum,
812 5416 866 5460 et.
894 5406 959 5461 de
992 5419 1123 5474 pace
1157 5419 1258 5458 nec
1291 5419 1349 5458 se
1387 5404 1566 5472 aliquo
1599 5403 1757 5456 modo
1787 5403 2172 5471 cogitaturum,

610 5515 711 5553 nec
743 5500 864 5552 aliis
923 5497 990 5553 de
1040 5513 1102 5559 ea
1154 5497 1550 5562 disserentibus
1597 5510 1979 5559 assensurum;
2035 5495 2181 5561 Apo-

613 5592 852 5644 cauclius
884 5605 1036 5652 vero,
1070 5591 1233 5644 ﬁliam
1268 5590 1318 5644 ei
1368 5604 1593 5643 uxorem
1638 5589 1892 5655 daturum
1918 5588 2176 5654 nulloque

613 5692 877 5750 pretextu
931 5682 1148 5749 nuptias
1199 5681 1518 5750 impeditum
1568 5681 1673 5746 iri,
1725 5666 1974 5752 quamvis
2025 5695 2178 5736 sacer

2189 3083 2230 3135 C

2257 1838 2338 1898 είς
2368 1838 2624 1889 τοσοῦτον
2662 1838 2897 1906 ἀπορίας
2929 1838 3181 1904 ἀγαγεῖν,
3211 1836 3356 1890 ὥστε
3391 1837 3762 1905 ἐπαγγείλασθαι

2254 1930 2353 1999 τὴν
2403 1929 2685 1998 βασιλείαν
2729 1928 3090 1998 ἀποθέμενον,
3134 1929 3248 1999 βίον
3297 1929 3503 1982 ἰδιώτου
3533 1929 3638 1999 ζῇν.
3666 1930 3762 1980 Ὅτε

2253 2019 2309 2073 δὲ
2345 2021 2517 2072 πολλὰ
2551 2019 2744 2089 καμὼν
2791 2020 2888 2071 καὶ
2933 2019 3376 2088 ἀγωνισάμενος,
3410 2021 3500 2073 καὶ
3537 2018 3763 2079 κινδύνους

2255 2113 2547 2174 τοσούτους
2576 2109 2880 2180 ὑπομείνας
2913 2111 3122 2180 ἢγαγεν
3179 2112 3262 2172 είς
3310 2111 3462 2173 τέλος
3490 2111 3669 2177 ἀγαθὸν
3690 2110 3761 2176 τὴν

2256 2204 2608 2274 ἐπιχείρησιν
2630 2243 2643 2267 ,
2680 2202 2789 2254 τότ’
2828 2202 2984 2254 αὐτοὶ
3034 2201 3127 2254 ὑπ’
3164 2201 3429 2265 ἀϐουλίας
3467 2202 3656 2255 ἅπαντα
3679 2203 3764 2253 ἀνέ-

2255 2295 2482 2364 τρεψαν.
2546 2297 2858 2362 Πυθόμενον
2917 2295 3026 2364 γὰρ
3076 2295 3280 2359 αὑτὸν,
3333 2294 3407 2356 ώς
3449 2293 3766 2362 βουλεύσαιντο

2257 2389 2483 2456 εἰρήνην
2513 2386 2765 2438 τίθεσθαι
2805 2387 2944 2456 πρὸς
2976 2387 3183 2437 ἐκεῖνον
3215 2387 3314 2437 καὶ
3338 2386 3576 2451 σπονδὰς,
3611 2385 3686 2436 ἐπὶ
3710 2383 3765 2451 τῷ

2260 2479 2486 2550 βασιλέα
2525 2476 2685 2544 εἶναι,
2727 2478 2905 2531 πάντα
2972 2477 3351 2533 καταλιπόντα
3399 2477 3576 2529 ἐνθάδε
3612 2475 3765 2544 ἥκειν,

2259 2573 2354 2625 καὶ
2391 2571 2530 2623 οἶκοι
2559 2573 2850 2639 γενόμενον
2878 2569 2939 2621 τὸ
2971 2569 3166 2638 μέλλον
3195 2571 3546 2622 ἀποσκοπεῖν.
3579 2566 3764 2620 Δεδιὲναι

2259 2663 2367 2731 γὰρ
2409 2662 2568 2732 ,πρὸς
2619 2661 2788 2732 αὐτὴν
2847 2659 3061 2724 ἐλθεῖν,
3122 2661 3239 2730 μὴ,
3295 2660 3333 2714 ἃ
3388 2659 3547 2714 αὐτοῦ
3589 2661 3766 2718 ἀπόντος

2262 2753 2438 2820 λόγοις
2470 2753 2823 2822 ἐψηφίσαντο,
2873 2750 3059 2822 ἔργοις
3109 2752 3387 2822 παρόντος
3447 2751 3766 2820 τελεσθῇ,καὶ

2261 2848 2532 2917 ἀπόληται
2565 2847 2748 2908 αὐτὸς,
2773 2847 2870 2914 τὴν
2905 2848 3158 2900 ἐναντίαν
3179 2847 3412 2918 γνώμην
3448 2847 3592 2916 ἔχων.
3622 2845 3674 2899 El
3695 2844 3766 2911 μὲν

2261 2938 2354 2992 οὖν
2383 2981 2398 3004 ,
2444 2940 2672 3005 ἔφασκε,
2723 2939 2834 2990 τῶν
2875 2939 3136 2992 τοιούτων
3195 2938 3275 3001 ὡς
3339 2937 3766 2990 ὰλυσιτελεστάτων

2267 3028 2580 3096 ἁπόσχησοε
2637 3030 2730 3079 καὶ
2788 3029 2966 3091 αὐτοὶ,
3025 3029 3119 3081 καὶ
3173 3028 3266 3080 τὸν
3323 3029 3585 3097 πόλεμον,
3627 3024 3765 3090 ὥσπερ

2267 3121 2530 3190 ἐξαρχῆς,
2585 3122 2798 3174 ἕλοισθε
2820 3121 2977 3190 επρὸς
3021 3121 3480 3196 Καντακουζηνδν
3504 3118 3658 3191 (τοῦτο
3685 3115 3762 3185 γὰρ

2266 3216 2397 3283 ἡμῖν
2436 3214 2878 3266 λυσιτελέστατόν
2904 3212 3066 3280 ἐστι),
3100 3214 3196 3265 καὶ
3238 3213 3406 3266 αὑτὸν
3448 3213 3642 3280 ἕτοιμον
3663 3205 3763 3262 εἶναι

2268 3306 2484 3365 πίστεις
2539 3303 2669 3374 παρ’
2736 3305 2909 3368 αὐτῆς
2972 3303 3313 3373 δεξάμενον,
3354 3304 3430 3366 ὡς
3487 3303 3622 3356 οὐδὲν
3660 3299 3764 3366 αὐτῴ

2270 3398 2588 3466 ἀπαντήσει,
2605 3395 2889 3465 δυσχερὲς,
2931 3396 3189 3465 πράττειν
3225 3397 3368 3465 μετὰ
3396 3396 3500 3448 τῶν
3531 3395 3677 3448 ἄλλων
3697 3393 3766 3443 ὅσα

2269 3488 2337 3540 ἂν
2377 3486 2596 3540 οἴωνται
2637 3488 2962 3556 συμφέρειν.
3024 3487 3085 3540 El
3132 3487 3176 3539 δ’
3221 3487 3334 3558 ἄρα
3385 3489 3553 3549 ἄλλως
3588 3486 3766 3552 ἔγνωκεν

2273 3579 2434 3650 αὑτὴ,
2490 3580 2587 3632 καὶ
2635 3581 2733 3646 τὴν
2779 3581 3004 3650 εἰρήνην
3052 3582 3256 3650 αἱροῖτο
3293 3579 3572 3650 μᾶλλον,ἥ
3613 3576 3768 3628 πολλῶν

2269 3675 2403 3744 ἡμῖν
2442 3673 2596 3725 ἔσται
2649 3674 2741 3725 καὶ
2803 3673 3057 3742 μεγάλων
3092 3675 3241 3726 αίτὶα
3273 3672 3583 3743 συμφορῶν,
3612 3668 3766 3735 σκεψά-

2272 3783 2433 3835 μενον
2468 3770 2560 3819 καὶ
2590 3764 2752 3817 αὑτὸν
2771 3804 2785 3830 ,
2823 3767 3082 3836 πράττειν
3109 3767 3135 3818 ὅ
3173 3782 3226 3818 τι
3258 3766 3328 3819 ἂν
3358 3767 3482 3834 δοκῇ
3513 3761 3766 3816 λυσιτελεί·.·

2271 3858 2489 3919 πάντως
2525 3857 2579 3908 δὲ
2627 3857 2887 3909 δύνασθαι
2934 3858 3030 3909 καὶ
3069 3857 3236 3909 αὐτον
3269 3857 3467 3925 μᾶλλον
3511 3854 3609 3907 τῶν
3636 3850 3768 3904 ἄλλων

2271 3945 2331 4000 εὖ
2364 3948 2647 4001 διαθέσθαι
2672 3949 2740 4001 τὰ
2765 3947 2888 4001 καθ’
2913 3949 3129 4002 ἑαυτόν.
3163 3950 3401 4026 Τοιαῦτα
3444 3949 3539 4020 μὲν
3567 3949 3648 4000 καὶ
3673 3946 3768 4013 apt;

2275 4039 2536 4110 βασιλίδα
2562 4040 2651 4092 διὰ
2694 4040 2790 4093 τοῦ
2821 4042 3166 4112 πατριάρχου
3218 4041 3596 4112 ὲπρεσὸεύετο.
3632 4041 3770 4105 Παρι-

2273 4134 2576 4203 γενομένου
2617 4133 2674 4186 δὲ
2715 4133 2808 4187 καὶ
2858 4135 3078 4188 Γαϐαλᾶ
3127 4135 3223 4187 τοῦ
3279 4135 3515 4206 μεγάλου
3544 4132 3768 4200 λογουέτον

2273 4225 2412 4294 πρὸς
2437 4226 2620 4289 αὑτὸν,
2645 4225 2713 4278 τὰ
2754 4225 2988 4294 μέγιστα
3025 4224 3265 4293 ἔφασκεν
3294 4223 3652 4297 ἐξηπατῆσθαι
3676 4217 3768 4286 περὶ

2275 4315 2469 4382 αὐτοῦ,
2503 4316 2742 4386 νομίζων
2776 4318 2910 4371 πολὺ
2937 4319 3062 4380 τοὺς
3092 4318 3284 4380 ἄλλους
3311 4318 3650 4389 παρελαύνειν
3682 4326 3768 4362 σνν-

2275 4408 2388 4460 ἐσει
2425 4425 2484 4461 τε
2513 4411 2605 4461 καὶ
2636 4411 2701 4480 τῇ
2738 4409 2871 4478 περὶ
2893 4411 2954 4462 τὸ
2984 4415 3277 4480 πράγμασι
3312 4410 3560 4481 μεγάλοις
3588 4405 3768 4476 χρῆσθαι

2273 4501 2563 4570 ἐμπειρίᾳο
2590 4501 2664 4553 Ὗδ
2709 4502 2818 4571 γὰρ
2865 4501 3030 4554 αὑτὸν
3095 4502 3202 4554 ὑπὸ
3247 4495 3677 4566 Καντακουζηνοὺ
3712 4510 3772 4543 το-

2275 4593 2451 4646 σαῦτα
2507 4594 2965 4663 εὐεργετηθέντα,
2994 4593 3091 4647 ἐπε
3103 4611 3191 4648 ιτα
3214 4595 3304 4646 τὸν
3345 4593 3462 4647 κατ’
3493 4590 3677 4644 ἐκείνου
3705 4582 3770 4636 πό-

2273 4684 2436 4754 λεμον
2461 4686 2960 4753 συσκευασάμενον,
2993 4687 3085 4738 καὶ
3121 4687 3220 4756 τὴν
3249 4684 3538 4754 ἐπιϐουλὴν
3567 4682 3649 4735 καὶ
3673 4679 3768 4730 πολ-

2272 4776 2380 4828 λῶν
2408 4774 2577 4846 αὐτῷ,
2615 4778 2709 4828 καὶ
2743 4778 2996 4846 μεγάλων
3046 4778 3370 4831 αἰτιώτατον
3407 4772 3672 4846 συμφορῶν
3705 4770 3770 4820 καὶ

2275 4866 2485 4937 ὓϐρεων
2517 4869 2905 4937 γεγενημένον,
2943 4869 3139 4921 ἔπειτα
3167 4871 3261 4923 νῦν
3283 4870 3511 4933 οἴεσθαι,
3540 4867 3584 4918 εί
3609 4861 3768 4931 γένοιτο

2275 4962 2464 5031 εἰρήνη
2490 4961 2627 5032 πρὸς
2657 4963 2841 5024 αὑτὸν.
2869 4962 3080 5032 ἡμέρου
3128 4961 3486 5032 πειράσεσθαι
3531 4958 3615 5010 καὶ
3636 4963 3778 5030 προσο.

2277 5053 2461 5123 ηνοῦς,
2507 5053 2642 5107 ἀλλὰ
2695 5054 2770 5124 μὴ
2803 5053 2966 5106 αὑτὸν
2987 5056 3081 5106 καὶ
3108 5054 3267 5121 γένος
3300 5052 3466 5120 καινῷ
3509 5066 3604 5102 τινι
3630 5044 3770 5114 τρόπῳ

2279 5149 2372 5199 καὶ
2415 5147 2578 5209 ἀξίως
2627 5146 2724 5214 τῆς
2756 5145 2894 5215 πρὸς
2927 5146 3138 5198 ἐκεῖνον
3167 5143 3374 5215 ὕϐρεως
3403 5139 3696 5208 διαφθερεῖν,
3724 5131 3766 5180 οὐ

2279 5239 2685 5307 σωφρονοῦντος
2725 5239 2791 5290 ἂν
2819 5253 2900 5299 τις
2942 5236 3141 5306 τιθείη,
3169 5236 3289 5288 οὐδὲ
3333 5234 3502 5304 ὀρθῶς
3541 5232 3601 5282 τὰ
3631 5224 3766 5293 πράΥ’

2285 5347 2426 5396 ματα
2491 5327 2872 5395 λογιζομένου.
2903 5327 3042 5378 Πολὺ
3100 5328 3211 5394 γὰρ
3251 5326 3450 5393 μᾶλλον
3507 5321 3666 5377 αὐτοῖς
3702 5313 3766 5360 τὸν

2279 5422 2519 5491 πόλεμον
2573 5420 2896 5484 λυσιτελεῖν,
2929 5419 2961 5488 ἢ
2989 5419 3086 5487 τὴν
3119 5419 3365 5489 εἰρήνην.
3403 5412 3670 5481 Πολεμοῦσι
3695 5403 3766 5472 μὲν

2278 5515 2386 5581 γὰρ
2413 5512 2629 5574 ἐξέσται
2655 5509 3022 5572 διασώζεσθαι
3053 5508 3215 5578 μέχρι
3267 5505 3484 5568 παντὸς,
3516 5501 3598 5553 καὶ
3624 5497 3765 5563 ἄρχειν

2279 5607 2384 5655 τῶν
2416 5602 2889 5673 πραγμάτων.“Αν
2905 5599 2948 5653 δ’
2979 5601 3188 5653 ἐλάσσω
3209 5599 3457 5667 γίνωνται
3486 5595 3581 5646 τῶν
3620 5588 3760 5638 ὄντων

2283 5698 2342 5749 ού
2379 5697 2484 5765 χρὴ
2516 5697 2602 5748 δια
2633 5694 2791 5747 τοῦτο
2819 5695 2915 5763 τὴν
2944 5692 3152 5747 οἰκείαν
3178 5692 3371 5754 αὐτοὺς
3406 5673 3763 5754 καταπροῖεσθιι
