4062 6290
626 250 763 316 1131

1818 245 2145 309 JOANNIS
2180 240 2709 302 CANTACUZENI

3740 237 3867 303 li32

627 376 963 441 imperaret,
997 373 1054 426 in
1111 374 1294 428 odium
1351 369 1593 432 caderet,
1649 377 1701 423 et
1755 366 1827 419 illi
1885 365 2179 430 imrerator

2309 355 2678 428 προσκρούειν
2725 355 2869 424 ὁρῶν
2934 354 3116 417 αὐτοῖς
3179 354 3244 408 τὰ
3297 353 3607 426 πράγματα
3664 355 3867 408 ὑπενδς-

623 480 784 532 quam
838 466 939 519 sibi
1004 465 1236 519 subesse
1285 470 1667 533 prwoptarent.
1729 451 1896 512 Porro
1946 470 2071 509 cmn
2123 453 2190 508 de

623 557 858 625 pristina
898 556 1223 610 auctoritate
1270 570 1378 607 non
1432 568 1620 623 parum
1656 565 1715 604 se
1766 547 2024 602 amisisse
2067 558 2189 599 cer-

623 657 801 708 neret,
839 647 1002 716 599
1032 654 1085 700 et
1112 661 1169 699 sc
1201 644 1265 698 in
1302 656 1578 715 posterum
1608 649 1698 695 aut
1721 655 1850 710 pace
1878 633 2187 700 conciliata,

623 745 718 789 aut
747 737 865 789 aliis
891 751 988 789 suo
1011 736 1128 789 loco
1151 734 1546 802 imperantibus
1572 733 1910 791 damnatum,
1947 728 2189 781 [traditus

624 828 927 896 periturum
970 827 1312 890 formidaret,
1346 824 1704 895 imperatrici,
1741 822 2085 891 patriarcbte,
2134 827 2191 871 et

621 919 739 971 aliis
788 917 1117 987 persuadere
1142 918 1427 971 constituit
1479 915 1555 970 uti
1604 915 1928 984 legationem
1984 911 2051 965 ad
2084 911 2189 962 im-

621 1018 924 1077 peratorem
956 1024 1122 1079 super
1155 1008 1386 1078 imperio
1458 1007 1785 1076 deponendo
1827 1004 1997 1075 (quod
2044 1004 2189 1058 vide-

620 1098 749 1153 licet
813 1098 915 1167 ipsi
989 1098 1349 1167 promisisset)
1409 1099 1743 1164 mitterent;
1811 1111 1919 1165 quo
1983 1095 2186 1149 interea

596 1173 905 1260 'temporis,
941 1200 1196 1260 tanquam
1235 1191 1288 1243 in
1316 1190 1546 1244 induciis
1574 1205 1695 1244 cum
1729 1186 2058 1258 quibusdam
2089 1201 2187 1255 pro

620 1282 949 1350 imperatore
977 1282 1180 1335 vinctis
1210 1290 1392 1352 ageret
1447 1280 1512 1336 de
1561 1280 1968 1337 conditionibus
1995 1321 2009 1346 ,
2049 1289 2108 1334 ut
2142 1278 2184 1332 si

621 1380 742 1435 post
774 1372 1096 1440 legationem
1144 1386 1335 1426 rursus
1371 1387 1580 1427 summa
1609 1384 1792 1426 rerum
1845 1372 1917 1437 ei,
1975 1379 2029 1426 et
2080 1385 2185 1425 una

618 1461 821 1514 bellum
857 1464 1295 1517 committeretur
1325 1461 1505 1532 (norat
1544 1463 1686 1517 enim
1728 1463 1863 1516 nihil
1905 1477 1963 1517 se
1993 1477 2183 1516 sanum

616 1554 864 1622 dixisse),
899 1554 1038 1607 nihil
1091 1565 1398 1609 moveretur
1454 1570 1645 1610 eorum
1700 1571 1822 1624 qua:
1889 1556 2185 1609 constituta

616 1655 822 1709 essent,
860 1646 951 1697 sed
994 1646 1131 1698 bello
1207 1657 1266 1699 ut
1313 1647 1380 1699 ab
1435 1645 1591 1699 initio
1621 1647 1774 1698 daret
1806 1661 2064 1714 operam;
2098 1645 2179 1699 sin

2297 449 2492 515 66wat',
2547 451 2638 502 καὶ
2673 447 3131 516 Καντακουζηνὺν
3165 446 3540 517 αὐξανόμενον
3583 446 3676 499 τὶν
3722 448 3863 518 βασι-

2295 539 2415 605 λέα,
2456 540 2529 609 μὴ
2574 538 2916 609 τραχύτερον
2969 537 3254 607 χρώμενος
3306 540 3376 607 τῇ
3422 540 3596 607 ἀρχῇ.
3630 532 3861 611 ἐπαχθὴς

2297 631 2409 702 εἴη,
2446 633 2541 684 καὶ
2567 630 2883 700 βουληθεῖεν
2929 629 3034 681 ὑπὸ
3066 628 3332 698 βασιλέως
3371 630 3575 698 μᾶλλον
3608 629 3859 699 ἄρχεσθιι

2295 723 2328 790 ἢ
2379 720 2565 774 αὐτοῦ.
2623 720 2857 782 Ἐκεῖνος
2915 719 2972 772 δὲ
3032 719 3154 771 ἐπεὶ
3235 717 3385 789 ἑώρα
3431 719 3536 772 οὐκ
3564 720 3747 788 ὀλίγον
3773 725 3858 791 τῆς

2295 816 2425 883 πρ“ν
2455 812 2812 883 ἀφῃρημένος
2842 810 3113 877 ἐξουσίας,
3144 812 3240 865 καὶ
3265 812 3394 882 περὶ
3424 813 3536 865 τῶν
3567 814 3855 883 μελλόντων

2293 901 2481 965 δεδιὼς
2532 905 2607 972 μὴ
2661 904 2975 958 παντάπασι
3032 903 3446 970 καταγνωσθεὶς
3504 904 3852 972 ἀπόληται,ῆ

2295 996 2520 1067 εἰρήνης
2557 995 2694 1064 πρὸς
2732 993 2963 1062 βασιλέα
3007 994 3333 1065 γενομένης.
3387 995 3420 1064 ἢ
3493 994 3704 1066 ἑτέρων
3756 996 3853 1048 ἀντ’

2295 1087 2465 1143 αὐτοῦ
2494 1087 2797 1159 ἀρχόντων,
2848 1087 3118 1155 ἐσκέψατο
3153 1086 3404 1156 βασιλίδα
3454 1088 3551 1138 καὶ
3595 1088 3852 1156 πατριάρ-

2294 1197 2399 1252 χην
2439 1180 2674 1241 πείθειν,
2712 1179 2810 1232 καὶ
2862 1179 2990 1242 τοὺς
3033 1179 3226 1240 ἄλλους
3256 1180 3561 1248 πρεσϐείαν
3596 1182 3852 1232 ποιεῖσθαι

2294 1274 2435 1342 πρὸς
2471 1271 2703 1344 βασιλέα
2746 1273 2875 1342 περὶ
2940 1270 3035 1323 τοῦ
3092 1269 3390 1324 ἀποθέσθαι
3431 1273 3535 1340 τὴν
3568 1270 3850 1342 βασιλείαν,

2292 1366 2483 1436 ὥσπερ
2522 1365 2682 1436 δῆθεν
2732 1366 2869 1435 πρὸς
2922 1364 3087 1416 αὐτὸν
3120 1365 3409 1433 ὑπέσχετο,
3448 1362 3524 1424 ὡς
3569 1364 3630 1414 ἐν
3661 1363 3737 1431 τῷ
3775 1381 3856 1433 με·

2291 1460 2423 1523 ταξὺ
2457 1459 2553 1527 τῆς
2584 1457 2883 1527 πρεσϐείας
2926 1457 3124 1526 χρόνῳ,
3160 1455 3349 1524 ὥσπερ
3376 1455 3525 1516 τινὸς
3558 1456 3889 1523 ἐκεχειρῐας-
3936 1469 3943 1474 ‘

2291 1551 2485 1618 οὔσης,
2505 1550 2617 1602 τισὶ
2646 1551 2753 1601 τῶν
2779 1548 2918 1619 ὑπὲρ
2953 1546 3215 1616 βασιλέως
3240 1545 3547 1614 δεδεμένων
3572 1548 3704 1612 αιιεερτ⁶
3737 1561 3856 1609 συμ-

2292 1645 2504 1696 ϐάσεων
2552 1640 2848 1709 διαλεχθῇ,
2892 1641 2966 1702 ὠς
3003 1638 3069 1708 ἢν
3123 1637 3220 1707 μὲν
3257 1636 3399 1705 μετὰ
3436 1638 3537 1705 τὴν
3570 1636 3853 1706 πρεσϐείαν

618 1747 798 1787 autem
828 1735 1128 1788 ludibrium
1168 1736 1339 1800 ﬁeret,
1377 1744 1430 1788 et
1466 1737 1939 1791 administratione
1974 1738 2180 1803 imperii

2292 1737 2456 1790 πάλιν
2491 1732 2641 1803 αὐτῷ
2680 1708 2751 1785 τὰ
2786 1708 3091 1800 πράγματα
3138 1727 3460 1799 ἐγχειρισθῇ
3486 1770 3504 1793 ,
3540 1728 3639 1781 καὶ
3678 1728 3706 1779 6
3736 1730 3853 1798 πρὸς

618 1827 967 1893 Spoliaretur,
994 1827 1313 1895 imperatori
1347 1828 1613 1882 studeret.
1633 1828 1748 1881 Tali
1782 1829 2012 1883 consilio
2042 1829 2184 1882 dicta

622 1919 1000 1980 confirmabat,
1058 1927 1111 1972 et
1164 1918 1565 1988 imperatricem
1598 1935 1658 1973 ac
1699 1935 1952 1988 proceres
2002 1920 2067 1974 ad
2114 1921 2190 1975 le-

616 2011 888 2076 gationem
957 2008 1287 2064 inllectebat.
1356 2011 1561 2064 Delecti
1624 2011 1783 2080 legati
1855 2015 1923 2065 ab
1996 2012 2184 2066 iisdem

620 2099 886 2171 Georgius
908 2099 1340 2171 Pepagomenus,
1392 2112 1445 2154 et
1489 2100 1827 2170 Syradvnus,
1881 2103 1973 2171 qui
2026 2111 2185 2158 antea

618 2192 748 2245 item
768 2192 1207 2261 Didymoticbum
1238 2207 1265 2244 a
1292 2207 1484 2262 magno
1503 2193 1639 2247 duce
1663 2194 1727 2247 ad
1749 2192 2186 2248 Cantacuzenum

615 2284 819 2335 missus
870 2283 1047 2336 fuerat
1094 2299 1107 2335 :
1164 2283 1233 2337 ab
1267 2283 1507 2337 Ecclesia
1555 2294 1732 2338 autem
1772 2295 1824 2339 et
1874 2287 2183 2354 patriarcha

615 2375 1070 2442 metropolitanus
1117 2375 1545 2445 Philippopolis,
1599 2388 1660 2431 et
1711 2377 1914 2430 sacellii
1966 2386 2186 2431 curator

614 2463 896 2517 Cabasilas
973 2463 1085 2534 (55)
1124 2503 1139 2528 ,
1203 2466 1651 2534 scripseruntque
1712 2466 2006 2533 separatim
2067 2483 2187 2538 quae

613 2555 819 2607 vellent
837 2554 1057 2623 collegae
1075 2564 1125 2607 et
1147 2568 1374 2620 magnus
1390 2554 1520 2617 dux,
1541 2554 1828 2622 separatim
1853 2556 2181 2624 patriarcha,

615 2655 671 2699 et
698 2640 777 2698 ‘ad
824 2659 918 2698 eas
970 2643 1231 2713 epistolas
1286 2644 1341 2697 in
1392 2653 1637 2699 extremo
1691 2645 1811 2699 lidei
1859 2660 2022 2700 causa
2083 2662 2183 2701 sua

619 2735 844 2789 nomina
896 2736 1356 2805 subscripserunt.
1407 2735 1742 2790 Archontum
1798 2739 2014 2806 quidem
2050 2753 2184 2793 con-

612 2834 772 2896 cepta
797 2834 916 2880 erat
941 2828 993 2881 in
1033 2829 1145 2881 haec
1181 2828 1348 2882 verba
1381 2843 1396 2880 :
1437 2825 1795 2896 Posteaquam
1838 2829 2182 2900 temetipsum

612 2916 963 2982 damnavisti,
990 2928 1045 2971 et
1071 2925 1217 2972 recte
1248 2917 1492 2986 quidem,
1525 2917 1671 2986 quod
1700 2918 1771 2972 ita
1803 2918 2179 2989 imposSibilia,

2291 1828 2517 1896 βασιλέα
2553 1826 2791 1893 πόλεμος
2822 1823 2960 1892 (ᾔδει
2992 1822 3101 1892 γὰρ
3132 1822 3286 1895 οὐδὲν
3320 1821 3475 1887 ὑγιὲς
3512 1820 3739 1887 statim),
3763 1837 3855 1887 μη-

2288 1921 2375 1974 δὲν
2403 1918 2581 1986 κινοίη
2623 1918 2730 1970 τῶν
2753 1913 3113 1983 δεδογμένων,
3140 1912 3256 1966 ἀλλ’
3282 1912 3460 1981 ἔχοιτο
3484 1913 3581 1965 τοῦ
3631 1912 3854 1981 πολέμου

2289 2008 2474 2073 ὥσπερ
2504 2006 2773 2075 ἐξαρχῆςο
2802 2004 2867 2075 ἢν
2913 2003 2968 2056 δὲ
3009 2002 3493 2073 προπηλακίζηται
3550 2004 3663 2071 καὶ,
3706 2003 3856 2065 deat-

2292 2103 2453 2172 ρῆται
2486 2098 2587 2169 τὴν
2625 2098 2801 2168 ἀρχὴν
2828 2136 2842 2160 ,
2881 2098 2949 2149 τὰ
2991 2095 3255 2166 βασιλέως
3312 2094 3573 2165 πράττοι.
3628 2092 3856 2165 Τοιαυτῃ

2290 2193 2388 2262 μὲν
2423 2191 2487 2261 δὴ
2536 2191 2731 2259 γνώμῃ
2778 2188 3028 2240 ἐϐεϐαίου
3088 2189 3155 2239 τὰ
3218 2187 3512 2256 εἰρημένα,
3558 2184 3658 2238 καὶ
3687 2186 3853 2236 ἔπειθε

2290 2283 2537 2354 βασιλίδα
2566 2282 2660 2335 καὶ
2687 2282 2815 2344 τοὺς
2860 2282 3051 2339 ἄλλους
3081 2280 3384 2352 πρεσϐείαν
3412 2279 3697 2333 ποιεῖσθαι
3734 2279 3855 2348 πρὸς

2285 2377 2378 2429 τὸν
2419 2376 2664 2445 βασιλέα.
2720 2375 2833 2427 Καὶ
2886 2373 3117 2445 ᾑροῦντο
3163 2373 3424 2443 πρέσϐεις
3486 2374 3553 2425 ἐκ
3595 2371 3855 2441 βασιλίδος

2290 2467 2390 2536 μὲν
2429 2469 2523 2520 καὶ⁴
2555 2467 2653 2533 τῆς
2689 2464 2997 2534 συγκλήτου
3056 2463 3331 2533 Γεώργιός
3359 2481 3420 2517 τε
3451 2464 3479 2514 6
3515 2463 3853 2529 ῐιεπαγωμέ-

2287 2577 2376 2622 νος
2421 2560 2517 2612 καὶ
2560 2560 2587 2610 6
2621 2556 2954 2627 Συναδηνὺς,
2987 2555 3045 2619 ὃς
3090 2558 3187 2608 καὶ
3224 2556 3491 2624 πρότερον
3532 2555 3676 2623 πρὸς
3712 2555 3851 2606 Διδυ-

2289 2653 2537 2722 μότειχον
2571 2650 2649 2710 είς
2693 2646 2920 2714 βασιλέα
2963 2642 3066 2719 ἦκε
3124 2646 3276 2714 παρὰ
3314 2647 3411 2699 τοῦ
3465 2646 3715 2715 μεγάλου
3741 2648 3850 2698 ὅου-

2285 2742 2379 2804 κὸς
2412 2737 2715 2808 πεμφθείςο
2736 2734 2885 2804 παρὰ
2919 2736 2973 2788 δὲ
2996 2736 3093 2804 τῆς
3125 2735 3450 2806 Ἐκκλησίας
3483 2737 3578 2788 καὶ
3597 2737 3853 2805 πατριάρο

2284 2848 2379 2902 χον
2444 2832 2472 2883 6
2501 2830 2601 2900 τῆς
2636 2827 2904 2882 Φιλίππου
2937 2827 3363 2899 μητροπολίτης,
3387 2827 3482 2881 καὶ
3512 2829 3543 2881 6
3572 2828 3851 2881 σακελλίου

2284 2921 2630 2983 Καϐάσιλας.
2670 2918 2953 2990 Ἐγραφόν
2983 2934 3044 2972 τε
3097 2919 3192 2972 καὶ
3242 2919 3312 2972 τὰ
3359 2917 3782 2989 πρεσϐευόμενα
3801 2918 3850 2970 ὲν

610 3019 669 3064 et
710 3007 944 3064 nefanda
977 3023 1266 3081 aggressus
1298 3009 1397 3074 sis,
1431 3008 1707 3080 pestisque
1741 3018 1833 3065 tua
1871 3026 2037 3082 opera
2073 3011 2180 3068 Ro-

2283 3015 2608 3084 γράμμασιν
2647 3011 2755 3083 ίδίᾳ
2787 3011 2888 3081 μὲν
2915 3010 3281 3080 συνάρχοντες
3308 3009 3446 3078 μετὰ
3481 3008 3580 3061 τοῦ
3617 3008 3848 3078 μεγάλου

609 3102 790 3157 manis
835 3102 1632 3173 comparatmtmagnitudinem
1678 3113 1960 3173 reputans,
1998 3107 2180 3175 petisti

596 3193 903 3265 imperium
938 3194 1235 3263 deponere,
1268 3203 1324 3249 et
1361 3192 1557 3263 privati
1600 3194 1840 3249 habitum
1880 3211 2177 3263 resumere,

610 3297 670 3340 ut
709 3287 866 3342 nobis
906 3301 1135 3357 magnus
1196 3290 1302 3341 dux
1342 3286 1547 3358 optimo
1583 3299 1637 3342 et
1675 3289 2039 3344 sacratissimo
2076 3292 2175 3345 im-

608 3379 849 3449 peratori
889 3389 1078 3433 nostro
1117 3377 1474 3433 charissimus
1507 3390 1560 3434 et
1591 3380 1936 3436 ﬁdelissimus
1968 3383 2178 3438 indica-

609 3469 705 3532 vit,
742 3484 858 3523 rem
884 3470 1108 3537 justam,
1141 3479 1203 3541 οι,
1220 3484 1341 3522 cum
1374 3470 1716 3541 tibimetipsi,
1750 3481 1862 3526 tum
1889 3473 2008 3528 aliis
2049 3473 2177 3528 fru-

606 3574 855 3613 ctuosam
885 3571 935 3614 te
964 3561 1296 3630 propositam
1324 3562 1525 3617 habere
1554 3564 1947 3629 existimantes,
1972 3567 2039 3621 de
2071 3575 2177 3622 tam

582 3651 755 3729 bono
785 3650 1014 3704 consilio
1050 3661 1103 3704 te
1144 3653 1669 3720 commendavimus,
1700 3666 1754 3709 et
1788 3658 1927 3710 hanc
1959 3638 2179 3728 legatio-

609 3730 733 3794 nem
779 3741 1050 3806 misimus,
1095 3750 1157 3795 ut
1195 3742 1337 3811 quod
1385 3744 1505 3811 ipse
1547 3745 1811 3815 petivisti,
1849 3748 1900 3801 id
1947 3751 2058 3804 tiat.
2100 3751 2179 3807 Nc

608 3844 793 3888 autem
865 3841 988 3904 post
1022 3834 1218 3903 privati
1259 3812 1627 3890 conditionerri
1663 3838 1972 3906 repetitam,
2007 3845 2178 3898 mole-

606 3933 749 3981 stum
797 3934 886 3979 aut
931 3926 1083 3980 triste
1126 3926 1328 3994 aliquid
1370 3927 1465 3981 tibi
1512 3939 1835 3984 eventurum
1873 3935 2175 4003 suspicere,

608 4018 773 4071 hasce
822 4017 1032 4069 litteras
1074 4016 1375 4083 mittimus;
1412 4019 1632 4087 quibus,
1664 4036 1770 4089 quo
1814 4030 1929 4075 rata
1973 4034 2175 4090 essent,

607 4119 661 4161 et
703 4119 756 4161 tu
803 4123 1054 4162 securum
1109 4116 1159 4162 te
1208 4108 1326 4163 fore
1373 4112 1647 4166 conlidere
1691 4129 1913 4183 posses,
1958 4119 2176 4170 nomina

611 4205 797 4251 nostra
836 4198 1285 4267 subscripsimus.
1340 4200 1543 4255 Deinde
1583 4212 1637 4256 et
1678 4204 1972 4272 pensiones
2017 4215 2176 4259 nota-

608 4298 758 4354 runt,
787 4303 920 4357 quas
951 4289 1066 4358 ipse
1098 4306 1221 4344 cum
1255 4291 1397 4354 ﬁliis,
1425 4302 1479 4346 et
1505 4294 1825 4364 propinquis
1848 4296 1915 4350 de
1941 4298 2174 4366 publicis

609 4380 965 4449 vectigalibus
995 4392 1237 4452 caperet.
1270 4383 1446 4453 Attlue
1478 4384 1578 4440 ista
1612 4387 1947 4443 Archontum
1981 4390 2174 4446 litteris

606 4472 1050 4527 continebantur.
1098 4476 1430 4530 Patriarchce
1484 4476 1713 4546 epistola
1766 4480 1868 4534 hoc
1925 4485 2175 4551 exemplo

606 4565 913 4634 conscripta
961 4576 1076 4620 erat
1108 4582 1121 4620 :
1153 4566 1477 4623 Benedictus
1531 4569 1706 4634 Duos,
1756 4571 1847 4639 qui
1897 4588 2002 4628 non
2061 4575 2175 4629 vult

606 4663 836 4707 mortem
881 4657 1206 4724 peccatoris,
1245 4659 1339 4713 sed
1387 4668 1445 4712 ut
1496 4661 1664 4730 magis
1713 4673 2082 4730 convertatur,
2123 4677 2177 4720 et

607 4742 771 4795 vivat.
818 4742 989 4809 Quam
1036 4748 1176 4800 male
1223 4748 1289 4802 de
1327 4756 1398 4811 te,
1433 4750 1659 4818 aliisque
1703 4753 1987 4816 merueris,
2032 4754 2173 4809 bello

602 4831 657 4885 in
692 4835 793 4887 hac
825 4851 930 4889 una
994 4840 1293 4907 cadentque
1321 4850 1480 4908 gente
1512 4842 1765 4904 excitato,
1807 4842 2059 4897 violando
2084 4844 2201 4913 ju-~

610 4935 911 4980 ramcntum
942 4928 1255 4997 imperatori
1288 4938 1505 4984 mortuo
1529 4932 1735 5001 datum,
1766 4933 1929 5008 600
1955 4945 2010 4990 et
2040 4938 2174 4990 ami-

2282 3104 2493 3170 δουκὸς,
2528 3103 2636 3175 ἰδίᾳ
2680 3103 2738 3158 δὲ
2769 3105 2797 3156 6
2830 3102 3194 3172 πατριάρχης.
3264 3102 3373 3155 Καὶ
3433 3101 3849 3171 ὕπεσημήναντο

2280 3197 2506 3258 οἰκείαις
2567 3196 2915 3265 ὑπογραφαῖς
2974 3194 3042 3246 τὰ
3098 3194 3428 3265 γράμματα,
3467 3189 3609 3265 Ni;
3670 3192 3845 3245 πιστὰ.

2280 3284 2461 3341 Ἦσαν
2483 3287 2540 3340 δὲ
2570 3287 2637 3341 τὰ
2677 3287 2778 3355 μὲν
2826 3286 2936 3340 τῶν
2975 3286 3251 3356 ἀρχόντων
3279 3283 3454 3348 οὕτως
3492 3284 3711 3354 ἔχοντα·
3768 3284 3849 3343 Ὡς

2280 3383 2404 3436 ἐπεὶ
2448 3381 2633 3442 καλῶς
2698 3377 2869 3431 ποιῶν
2930 3378 3137 3440 αὐτὸς,
3189 3378 3262 3438 ὡς
3315 3377 3611 3439 ἀδυνάτοις
3658 3380 3848 3447 ἐπιχει-

2284 3472 2503 3542 ροῦντος
2534 3473 2629 3524 καὶ
2678 3471 2959 3540 ἀθεμίτοις
2993 3507 3009 3532 ,
3041 3470 3320 3536 κατέγνως
3352 3468 3587 3522 σεαυτοῦ
3626 3470 3721 3521 καὶ
3757 3469 3847 3537 τῆς

2280 3564 2652 3633 γεγενημένης
2703 3562 2794 3614 διὰ
2861 3562 2919 3613 σὲ
2984 3560 3190 3631 φθορᾶς
3258 3558 3320 3614 ἶν
3377 3564 3491 3624 τοῖς
3557 3562 3848 3631 Ῥωμαίοις

2279 3657 2475 3708 ὲννοῶν
2521 3653 2579 3706 τὺ
2620 3654 2870 3722 μέγεθος,
2912 3652 3121 3723 ᾔτησας
3173 3653 3272 3722 τὴν
3330 3651 3615 3722 βασιλείαν
3655 3654 3847 3705 ἁποθέ-

2282 3746 2428 3813 σθαι,
2481 3745 2575 3797 καὶ
2621 3746 2699 3807 είς
2739 3744 2946 3796 ἰδιώτου
2989 3745 3175 3814 σχῆμα
3234 3744 3623 3812 μεταϐάλλειν,
3667 3743 3848 3813 ὥσπερ

2280 3841 2414 3908 ἡμῖν
2448 3836 2711 3906 ἐγνώρισε
2750 3837 2939 3905 σαφῶς
2988 3839 3015 3890 6
3068 3837 3444 3909 περιπόθητος
3491 3841 3590 3890 καὶ
3618 3840 3847 3909 γνησιιὲν-

2280 3947 2441 3993 τατος
2467 3930 2544 3999 τῷ
2577 3928 2856 4004 ξιρατίστῳ
2883 3928 2978 3981 καὶ
3009 3928 3150 3998 ἁγίῳ
3174 3927 3384 3998 βασιλεῖ
3411 3928 3574 3998 ἡμῶν
3610 3933 3640 3981 ὀ
3678 3931 3844 3997 μέγας

2278 4023 2425 4088 δουξ,
2452 4020 2641 4073 δίκαιὰ
2675 4036 2731 4072 τε
2771 4020 2903 4089 ὁμοῦ
2987 4023 3081 4073 καὶ
3122 4021 3471 4090 συμφέροντα
3521 4020 3623 4075 καὶ
3676 4022 3843 4090 σαυτῷ

2279 4112 2533 4171 καὶτοῖς
2601 4110 2783 4172 ἄλλοις
2850 4110 3237 4179 βεϐουλεῦσθαι
3306 4115 3616 4183 κρίναντες,
3662 4114 3843 4187 ἐπῃνέ-

2281 4202 2454 4271 σαμέν
2490 4217 2550 4253 τε
2602 4201 2700 4270 τῆς
2741 4198 3029 4265 εὐϐουλίας
3058 4241 3074 4267 ,
3114 4204 3209 4257 καὶ
3253 4204 3352 4275 τὴν
3403 4205 3713 4275 πρεσϐείαν
3755 4223 3841 4259 πε-

2281 4289 2554 4360 ποιήμεθα
2582 4290 2809 4359 ταύτην·
2842 4284 2909 4341 ἵν’
2939 4291 3075 4359 ὅπερ
3116 4291 3325 4370 ᾔτησας
3372 4293 3560 4358 αὐτὸς,
3591 4295 3654 4346 τὸ
3679 4297 3843 4365 πέρας

2205 4352 2248 4409 θ
2276 4352 2434 4452 λάϐήῖ
2489 4380 2607 4433 Ἵνα
2635 4381 2691 4433 δὲ
2726 4352 2994 4451 μηδεμίαν
3200 4352 3469 4452 Eneti/latr,
3514 4352 3592 4450 (:6;
3632 4405 3681 4440 τι

2273 4472 2370 4542 τὴν
2426 4472 2699 4525 ίδ.ωτείαν
2751 4474 3057 4545 ἀπαντήσει
3115 4476 3397 4547 δυσχερὲς,
3453 4480 3487 4549 ῆ
3545 4481 3840 4552 δυνάμενον

2272 4565 2481 4630 λυπεῖν,
2532 4564 2602 4617 τὰ
2663 4566 2969 4634 γράμματα
3026 4567 3202 4622 ταῦτα
3245 4570 3712 4639 ἀπεστάλκαμεν,
3758 4574 3841 4626 καὶ

2274 4658 2392 4718 ταῖς
2418 4656 2715 4725 ἡμετέραις
2738 4658 3085 4726 ὑπογραφαῖς
3130 4659 3222 4711 ἐπὶ
3266 4660 3642 4730 βεϐαιωθέντα
3669 4666 3836 4732 ἀστρα-

2274 4748 2423 4811 λείας
2473 4747 2659 4800 ἕνεκα
2704 4750 2801 4801 καὶ
2855 4749 2950 4801 τοῦ
2993 4750 3218 4822 θαρῤεῐν
3249 4753 3439 4816 αὐτοῖς
3493 4756 3571 4818 ὡς
3618 4757 3838 4825 ἀκίνητα

2281 4850 2452 4921 μενεῖ.
2536 4849 2778 4912 Επειτα.
2830 4853 2925 4907 καὶ
2972 4850 3255 4916 συντάξεις
3303 4852 3368 4905 ἐκ
3416 4852 3527 4905 τῶν
3576 4852 3839 4923 δημοσίων

2280 4946 2544 5016 ἔγραφον,
2575 4939 2655 5008 οἷς
2678 4945 2946 5014 χρήσεται
2976 4943 3137 5006 αὐτὸς
3165 4945 3260 4998 καὶ
3283 4944 3496 5012 παῖδες,
3520 4946 3617 4998 καὶ
3637 4946 3837 4999 οἰκεῖοι.

1826 5103 2047 5168 Jacobi
2080 5106 2351 5170 Pontani
2392 5114 2579 5170 notae.

675 5219 786 5292 (55)
817 5219 1049 5275 Curator
1079 5222 1286 5276 sacellii
1321 5231 1420 5287 est,
1463 5224 1555 5292 qui
1590 5235 1786 5292 prmest
1815 5228 2055 5283 curando
2081 5245 2169 5283 sa-

606 5290 787 5355 rellio,
820 5305 929 5359 quo
961 5292 1127 5345 verbo
1154 5308 1242 5346 res
1271 5308 1458 5358 sacrm,
1479 5290 1564 5348 _ct
1591 5290 1713 5350 loca
1756 5312 1930 5360 sacra,
1964 5308 2021 5352 ut
2072 5301 2170 5351 do-

603 5375 751 5422 nius,
791 5370 841 5437 et
870 5362 1088 5437 templa,
1122 5372 1181 5437 et
1207 5364 1570 5437 monasteria
1599 5367 1998 5437 intelliguntur,
2036 5369 2174 5422 dici—

602 5432 848 5505 turque_6
877 5430 972 5484 τοῦ
1002 5432 1303 5505 σαξελλίου,
1340 5434 1460 5487 sine
1486 5430 1811 5501 adjectiorre,
1846 5453 1964 5505 quae
1988 5430 2172 5491 tamen

600 5500 951 5566 subauditur,
984 5508 1039 5555 et
1071 5501 1265 5556 Latine
1324 5500 1664 5558 saccllarius.
1694 5500 1932 5560 Vocatur
1981 5510 2175 5561 eodem

601 5570 818 5644 nomine
842 5572 957 5644 qui
981 5573 1176 5636 sacris,
1213 5582 1266 5627 et
1300 5572 1412 5627 Deo
1452 5577 1651 5629 dicatis
1682 5576 2004 5629 hominibus
2038 5592 2175 5644 prae-

598 5636 778 5694 fectus
806 5636 907 5698 est.
941 5642 1002 5697 ln
1052 5645 1249 5708 codice.
1271 5644 1587 5713 Augustano
1622 5644 1965 5716 Par-bymerii
2000 5636 2175 5702 histo-

2269 5231 2404 5301 riam
2439 5230 2758 5301 continente
2816 5230 2892 5285 ita
2926 5230 3187 5300 scriptum
3222 5240 3308 5285 est
3362 5246 3378 5284 :
3419 5230 3778 5301 Σακελλάριος
3812 5230 3841 5280 ὀ

2270 5299 2544 5352 παιδεύων
2606 5303 2731 5361 τοὺς
2799 5299 3174 5362 ἀτακτοῦντας
3240 5304 3350 5354 τῶν
3405 5299 3694 5369 μοναχὼνή.
3752 5304 3838 5351 καὶ

2275 5370 2466 5438 ἱερέων
2520 5373 2616 5422 καὶ
2646 5370 2955 5440 ἐπιστατῶν
2991 5375 3377 5440 μοναστηρίοις
3409 5373 3526 5432 τοῖς
3552 5369 3835 5437 ἀνδριξωις,

2272 5442 2367 5490 καὶ
2408 5440 2762 5503 γυναικείοις.
2802 5439 3165 5504 Sacellarius,‘
3188 5439 3278 5511 qui
3298 5442 3578 5507 compescit
3601 5442 3834 5511 ρεικίειιιο

2276 5518 2349 5560 tes
2388 5511 2688 5570 monac/ros,
2726 5519 2774 5561 et
2807 5510 3136 5578 sacerdotes,
3176 5508 3226 5564 et
3274 5520 3462 5578 prwest
3513 5508 3834 5565 monasteriis

2276 5578 2551 5646 utriusque
2584 5595 2758 5634 sexus.
