4062 6290
342 227 477 292 1133

1526 228 2311 290 IIIS'I‘ORIARUMHBER
2355 230 2470 289 III.

3470 223 3602 289 1134

344 337 584 391 Τοιαῦτα
625 337 725 402 μὲν
758 337 825 390 τὰ
855 337 962 390 τῶν
992 339 1273 408 ἀρχόντων
1305 343 1547 410 περιεῖχε
1583 345 1909 412 γράμματα.

2036 341 2141 394 :itia
2182 343 2268 395 illa
2311 357 2538 412 prorsus
2585 340 2843 412 singulari
2893 339 3060 407 (unde
3095 339 3272 410 quoad
3307 339 3395 394 ille
3430 342 3594 407 vixit,

343 425 452 478 Τοῦ
486 425 828 495 πατριάρχου
867 427 924 478 δὲ
961 423 1102 497 ἦσαν
1138 428 1335 491 οὕτως*
1377 430 1681 499 Εὐλογητὸς
1715 432 1742 482 ὁ
1791 429 1923 493 Θεὸς

344 518 372 569 ό
415 516 489 583 μὴ
549 517 723 569 Θέλων
777 517 1008 570 Θάνατον
1056 517 1152 571 τοῦ
1192 520 1542 590 ἀμαρτωλοῦ,
1594 522 1670 585 ὡς
1703 521 1766 574 τὸ
1803 521 1928 574 ἐπι-

349 607 622 677 στρέψαι,
677 608 776 660 καὶ
827 607 928 678 ζῇν
987 610 1174 664 αὐτόν.
1219 611 1345 681 Ὀτι
1401 612 1503 680 μὲν
1571 615 1682 682 γὰρ
1735 613 1925 676 κακῶς

349 696 561 766 σεαυτῷ
610 698 812 766 ὁμοίως
868 698 963 750 καὶ
998 701 1109 760 τοῖς
1138 698 1321 762 ἄλλοις
1353 699 1664 753 ἐϐουλεύσω
1691 701 1782 753 τὸν
1820 704 1923 772 ἐμ-

347 787 538 854 φύλιον
585 787 828 854 πόλεμον
869 785 1212 854 κεκινηκὼς,
1275 788 1551 856 ἀθετήσας
1591 789 1690 857 μὲν
1725 791 1926 859 ὅρκους

345 881 473 942 τοὺς
524 879 664 947 πρὸς
698 878 947 946 βασιλέα.
997 878 1094 932 καὶ
1143 880 1242 949 τὴν
1306 879 1488 948 φιλίαν
1550 881 1770 952 ἐκείνην
1825 883 1926 948 τὴν

350 970 694 1040 θαυμαστὴν,
719 971 810 1038 ὐφ’
829 966 897 1040 ἦς
923 971 1057 1040 παρ’
1081 973 1202 1025 ὅλον
1227 972 1318 1024 τὸν
1341 972 1550 1025 ἐκείνου
1581 973 1694 1041 βίον
1716 973 1926 1026 πολλῶν

347 1061 667 1122 ὰπέλαυσσς
703 1063 797 1114 καὶ
839 1060 1092 1128 μεγάλων
1149 1063 1396 1128 ἀγαθῶν,
1441 1065 1535 1116 καὶ
1591 1066 1707 1125 τοῖς
1737 1065 1926 1120 παισὶν

348 1149 744 1210 ἐπιϐουλεύσας
802 1150 934 1217 περὶ
997 1150 1097 1219 τῆς
1147 1153 1344 1222 ἀρχῆς,
1389 1155 1502 1215 τοῖς
1546 1151 1844 1220 Ῥωμαίοις
1871 1153 1925 1204 δὲ

349 1241 562 1294 πολλῶν
611 1245 703 1294 καὶ
747 1241 999 1310 μεγάλων
1035 1242 1208 1305 αἴτιος
1267 1245 1543 1314 κατέστης
1596 1244 1921 1315 συμφορῶν,

345 1326 420 1385 ὧν
447 1333 536 1384 διὰ
563 1332 794 1400 μέγεοος
835 1334 944 1386 οὐδ’
977 1335 1024 1386 οἱ
1081 1336 1138 1386 ἐν
1177 1335 1459 1406 ἐσχατιαῖς
1501 1337 1782 1400 οἰκοῦντες
1823 1337 1925 1405 γῆς

345 1424 570 1492 ἀνήκοοί
617 1425 758 1477 εἰσιν
793 1463 807 1487 ,
845 1425 954 1476 οὐδ’
984 1425 1144 1486 αὐτὸς
1195 1427 1431 1494 ἀγνοεῖς.
1481 1428 1698 1496 Ἐπειδὴ
1727 1429 1783 1481 δὲ
1818 1428 1927 1480 τῶν

347 1515 771 1584 τετολμημένων
823 1517 902 1577 εἰς
964 1516 1320 1585 συναίσθησιν
1388 1517 1600 1581 ἐλθὼν,
1663 1520 1758 1570 καὶ
1815 1519 1924 1571 τῶν

349 1610 568 1662 ἀτόπων
633 1609 1032 1678 ἐπιχειρήσεων
1085 1609 1312 1661 σεαυτοῦ
1360 1611 1724 1678 κατεγνωκὼς
1767 1630 1926 1681 μετε-

355 1700 618 1770 μεὶήοης.
655 1700 750 1752 καὶ
783 1700 1149 1769 ὑποστρέφεις
1183 1702 1389 1766 καλῶς,
1415 1701 1536 1754 ὅθεν
1568 1701 1794 1770 ἐξῆλθες
1825 1720 1926 1755 κα-

358 1791 469 1853 κῶς
522 1793 621 1861 τὴν
649 1791 928 1860 βασιλείαν
963 1791 1130 1844 αἰτῶν
1167 1781 1691 1856 ἀποσκευάσασοαί,
1725 1796 1820 1846 καὶ
1850 1795 1926 1856 εἰς

357 1882 566 1935 ἰδιώτου
592 1883 778 1950 σχῆμα
807 1882 1154 1950 μεταϐαλεῖν,
1177 1883 1364 1953 ὥσπερ
1389 1883 1631 1953 ἀκριϐῶς
1654 1886 1930 1953 ἐξεγένετο

359 1975 550 2042 μαθεῖν
610 1975 759 2043 παρά
827 1972 923 2026 τοῦ
983 1975 1352 2044 περιποθήτου
1407 1979 1501 2028 καὶ
1557 1977 1930 2046 γνησιωτάτου

354 2064 433 2132 τῷ
487 2063 764 2133 κρατίστῳ
799 2064 895 2141 καὶ
919 2065 1058 2134 ἀγὶῳ
1083 2083 1186 2132 μου
1214 2066 1587 2137 αὐτοκράτορι
1617 2068 1712 2121 τοῦ
1752 2069 1924 2138 μεγά-

355 2156 448 2208 λου
488 2157 699 2219 δουκὸς,
742 2156 905 2219 αὐτός
934 2173 994 2208 τε
1024 2157 1218 2228 ἡδονῆς
1284 2159 1563 2229 ἐπλήσθην
1591 2200 1606 2226 ,
1662 2161 1793 2230 ὅσης
1841 2161 1933 2214 ἐπὶ

351 2246 769 2310 τοίς-τοιυύτοις
828 2247 1002 2309 εἰκὸς,
1043 2249 1139 2300 καὶ
1201 2251 1234 2319 ἡ
1292 2248 1414 2303 τοῦ³
1452 2249 1588 2303 Θεοῦ
1632 2250 1934 2320 Ἐκκλησία

354 2342 453 2404 τὰς
487 2340 735 2408 ἀγκάλας
761 2340 931 2409 αὐτῆς
963 2339 1296 2407 διανοίξασα,
1324 2341 1538 2411 δέχεταί
1580 2359 1640 2395 σε
1667 2343 1807 2412 μετά
1833 2344 1938 2397 πά-

359 2448 459 2498 σης
515 2432 903 2500 πνευματικῆς
959 2433 1182 2502 ἀγάπης
1245 2434 1338 2486 καὶ
1401 2435 1637 2504 ἡδονῆς,
1679 2433 1934 2486 καὶ-ὅσον

359 2520 514 2575 οὔπω
544 2522 694 2591 ἥξειν
722 2527 816 2574 καὶ
848 2523 908 2575 σὲ
945 2524 1340 2594 προσδοκῶμεν
1371 2527 1450 2586 εἰς
1482 2525 1660 2593 ἡμᾶς,
1689 2525 1755 2577 ἵν’
1795 2522 1934 2593 ὁμοῦ

359 2613 483 2682 τεὴ
522 2613 618 2665 τοῦ
655 2614 936 2681 ἐπιτιμίου
967 2613 1120 2678 λύσις
1138 2615 1362 2680 γένηται
1399 2608 1444 2683 ᾧ
1483 2614 1934 2684 καθυπεϐλήθης,

357 2705 452 2758 καὶ
505 2693 753 2772 ἀλλῆλοις
802 2706 1160 2774 συνησθῶμεν
1229 2706 1374 2760 κατά
1434 2686 1494 2759 sb
1527 2707 1757 2776 ἀρχαῖον
1814 2705 1937 2770 ἐθος

359 2797 742 2869 ὁμιλήσαντες.
791 2797 1036 2852 Τοιαῦτα
1078 2798 1175 2868 μὲν
1225 2798 1434 2868 ἐγραφε
1473 2801 1570 2852 καὶ
1602 2802 1631 2852 ὁ
1666 2799 1935 2870 πατριάρ-

361 2908 485 2960 χης.
535 2890 600 2944 Ui
647 2891 906 2960 πρέσϐεις
960 2890 1018 2943 δὲ
1069 2888 1195 2943 ἐπεὶ
1245 2888 1546 2958 Παμφύλου
1581 2890 1709 2959 ἄχρι
1747 2885 1934 2960 ἦλθον,

2028 433 2216 486 multis
2265 434 2582 504 magnisque
2635 432 2794 487 bonis
2845 441 3037 486 auctus
3085 432 3166 500 es)
3206 447 3269 485 ac
3313 431 3436 486 liliis
3475 434 3601 500 ejus

2025 541 2125 593 per
2164 525 2392 580 insidias
2433 525 2722 594 imperium
2757 522 3008 577 conando
3039 521 3254 590 eripere
3285 537 3298 574 :
3331 536 3603 590 quamque

2025 617 2302 671 Romanos
2333 617 2540 682 multis,
2577 625 2633 670 et
2671 615 2808 670 diris
2841 613 3245 667 calamitatibus
3285 612 3598 676 involveris,

2026 724 2255 777 quarum
2313 707 2630 778 gravitatem
2679 708 2842 760 etiam
2901 705 3075 758 ultimi
3136 712 3408 759 terrarum
3468 703 3604 757 ﬁnes

2026 796 2375 860 audiverunt,
2411 811 2520 848 non
2568 805 2617 849 te
2660 795 2816 864 Iugit.
2851 795 2947 847 Ast
2996 793 3086 847 ubi
3135 792 3437 846 facinorum
3485 801 3604 845 tuo-

2027 903 2147 941 rum
2185 886 2520 940 conscientia
2568 885 2915 953 perstrictus,
2948 883 3333 949 damnatisque
3379 881 3605 935 ausibus

2027 994 2055 1031 a
2089 980 2304 1032 ratione
2333 977 2530 1031 alienis
2560 977 2625 1030 ad
2649 976 3024 1045 pmnitentiam
3058 984 3108 1028 te
3136 974 3351 1034 dedisti,
3378 983 3434 1027 et
3459 973 3606 1028 unde

2027 1068 2170 1120 male
2214 1067 2454 1126 exivisti.
2500 1066 2690 1119 eodem
2744 1065 2883 1119 bene
2930 1064 3243 1126 reverteris,
3281 1061 3508 1131 imperio
3552 1070 3606 1116 te

2029 1160 2282 1214 abdicare
2343 1160 2604 1225 cupiens,
2652 1173 2715 1210 ae
2763 1159 2830 1210 de
2877 1163 3075 1208 cattero
3121 1155 3284 1208 vitam
3339 1153 3603 1220 privatam

2028 1249 2268 1319 exigere,
2307 1248 2763 1317 quemadmodum
2809 1245 3094 1314 perspicue
3141 1243 3367 1313 cognovi
3414 1257 3442 1294 a
3486 1257 3604 1295 ma—

2028 1358 2135 1412 gno
2176 1342 2336 1403 duce,
2379 1339 2469 1407 qui
2513 1340 2722 1406 optimo
2769 1346 2824 1389 ct
2870 1335 3247 1389 sacratissimo
3290 1333 3605 1402 imperatori

2030 1431 2701 1516 nostro.amabiliSsimus
2744 1445 2828 1483 ac
2855 1423 3202 1481 lideliSsimus
3247 1435 3350 1488 est,
3389 1435 3444 1479 et
3490 1423 3606 1494 ipse

2029 1508 2278 1592 expletus
2327 1537 2445 1575 smn
2497 1531 2646 1573 tanto
2689 1520 2905 1589 gaudio,
2940 1529 3146 1586 quanto
3180 1534 3265 1570 me
3296 1519 3348 1570 in
3390 1515 3606 1585 negotio
3700 1508 3706 1513 ”

2031 1614 2411 1684 hujuscemodi
2448 1612 2655 1680 expleri
2701 1612 2904 1673 decuit,
2940 1621 2992 1664 et
3025 1611 3114 1663 Dei
3152 1609 3392 1664 Ecclesia
3431 1607 3607 1662 obviis

2034 1705 2176 1756 ulnis
2207 1717 2330 1755 cum
2373 1701 2522 1754 omni
2565 1700 2853 1761 charitate,
2887 1706 2943 1750 et
2968 1697 3309 1766 jut-uuditate
3337 1694 3607 1766 spirituali

2036 1804 2086 1848 te
2119 1793 2518 1861 complectitur;
2561 1801 2826 1858 tuumque
2856 1790 3152 1842 adventum
3184 1789 3250 1841 ad
3286 1803 3386 1841 nos
3409 1789 3465 1841 in
3490 1787 3608 1841 dies

2033 1867 2435 1955 exspectamus,
2469 1898 2578 1951 quo
2614 1891 2669 1935 et
2715 1882 2914 1934 inllicta
2959 1894 3120 1949 pmna
3163 1879 3390 1942 levaris,
3426 1887 3483 1935 et
3529 1878 3610 1931 vi-

2033 1979 2357 2032 cissitudine
2389 1991 2703 2030 sermonum
2739 1989 2835 2044 pro
2863 1971 3033 2027 veteri
3073 1969 3472 2025 consuetudine
3505 1983 3609 2024 nos

2034 2069 2389 2123 oblectemus.
2423 2068 2548 2120 llaec
2591 2064 2922 2134 patriarcha.
2958 2061 3144 2130 Legati
3179 2057 3462 2126 Pamphilo
3503 2057 3609 2109 im-

2034 2173 2340 2234 peratorem
2375 2163 2813 2214 (iantacuzenum
2863 2172 3026 2226 super
3065 2155 3304 2208 adventu
3357 2166 3457 2206 suo
3483 2165 3612 2204 cer-

2036 2255 2231 2310 tiorem
2279 2252 2508 2315 iaciunt,
2553 2251 2871 2317 adduntque
2889 2247 3012 2301 sibi
3057 2245 3371 2300 mandatum
3409 2257 3478 2296 ne
3519 2241 3606 2308 ip-

2036 2360 2156 2399 sum
2203 2344 2258 2397 in
2303 2356 2598 2411 congressu
2645 2341 3034 2409 imperatorem
3083 2336 3375 2405 appellent.
3415 2331 3530 2388 Hoc
3563 2332 3609 2387 si

2037 2435 2148 2506 pati
2194 2442 2389 2502 queat,
2439 2433 2598 2486 iaciat
2642 2441 2701 2484 ut
2753 2430 2929 2484 sciant
2980 2443 3090 2497 quo
3142 2426 3290 2480 illum
3343 2425 3610 2479 adeuntes

2038 2542 2270 2581 munere
2311 2541 2410 2579 suo
2441 2525 2858 2594 perfungautur.
2891 2521 2988 2575 Sin
3017 2536 3111 2576 eos
3143 2520 3378 2588 superbe
3409 2524 3465 2572 et
3496 2518 3611 2572 ira-

2037 2619 2217 2674 cunde
2269 2617 2592 2686 repulsurus
2642 2615 2743 2679 sit,
2791 2613 3108 2682 neutiquam
3158 2623 3510 2675 accessuros,
3554 2617 3613 2662 et

2037 2712 2320 2781 Pamphilo
2359 2712 2582 2766 domum
2615 2721 2953 2763 reversuros.
2997 2705 3297 2775 Imperator
3329 2703 3492 2758 etiam
3529 2709 3614 2756 at-

2039 2817 2147 2872 que
2179 2801 2346 2856 etiam
2385 2800 2726 2860 desiderans.
2763 2812 2886 2852 cum
2937 2795 3069 2849 viris
3114 2793 3397 2848 honoratis
3439 2808 3472 2848 e
3507 2790 3612 2860 By-

2040 2892 2225 2948 zantio
2252 2892 2320 2947 de
2361 2891 2522 2945 rebus
2551 2889 2664 2943 suis
2695 2887 2953 2941 omnibus
2993 2883 3250 2951 colloqui,
3281 2891 3336 2937 et
3375 2897 3470 2936 eos
3514 2881 3615 2936 do.

365 2981 680 3051 πέμψαντες
739 2981 959 3050 ἐδήλουν
1024 2979 1272 3050 βασιλεῖ,
1331 2980 1405 3041 ὡς
1452 2981 1638 3050 ἥκοιεν
1695 2982 1796 3050 μὲν
1845 2983 1932 3034 ἐπὶ

2042 2999 2186 3046 cere,
2222 2999 2281 3037 se
2321 2998 2348 3034 a
2385 2980 2832 3035 criminatoribus
2864 2976 3095 3039 traduci,
3130 2991 3232 3029 nec
3267 2974 3430 3028 ullam
3473 2972 3612 3028 bello

367 3075 654 3145 πρεσϐεία,
695 3074 1086 3145 προσταχθεῖεν
1117 3073 1174 3126 δὲ
1211 3073 1364 3141 παρά
1396 3074 1504 3126 τῶν
1542 3073 1932 3142 πεπομφότων,

371 3169 445 3238 μὴ
516 3168 742 3238 βασιλέα
805 3165 1240 3237 προσαγορεύειν
1320 3168 1380 3219 ἐν
1457 3167 1575 3229 ταῖς
1625 3166 1936 3238 ⁵διαλέξεσιν

367 3259 568 3313 αὐτῶν.
597 3258 658 3312 El
691 3258 793 3328 μὲν
831 3255 924 3312 οὖν
961 3260 1022 3310 τὸ
1052 3257 1296 3310 τοιοῦτον
1327 3257 1555 3309 ἀνεκτὸν
1584 3256 1754 3326 αὐτῷ,
1779 3257 1936 3326 δῆλον

368 3354 560 3414 ποιεῖν,
592 3351 656 3404 ἵν’
680 3351 930 3414 ἐλθόντες
970 3350 1358 3418 ἀπαγγέλλωσι
1391 3349 1458 3402 τὰ
1489 3351 1588 3418 τῆς
1616 3336 1933 3419 πρεσϐείας·

367 3444 416 3495 εἰ
467 3443 524 3494 δὲ
581 3443 766 3513 μέλλοι
808 3443 896 3496 διὰ
935 3445 1032 3512 τὴν
1087 3441 1393 3511 ὑπεροψίαν
1431 3440 1765 3494 ἀπελαύνειν
1799 3439 1939 3510 πρὸς

368 3535 578 3605 ὀργὴν,
622 3535 759 3604 μηδὲ
815 3537 914 3604 τὴν
953 3534 1129 3603 ἀρχὴν
1175 3531 1526 3601 ἀφικνεῖσθαι
1571 3532 1708 3602 πρὸς
1748 3530 1935 3596 αὐτὸν,

371 3625 490 3677 ἀλλ’
537 3623 902 3692 ἀναστρέφειν
986 3624 1048 3674 ἐκ
1114 3620 1429 3688 Παμφίλου.
1462 3621 1522 3673 '0
1577 3620 1828 3689 βασιλεὺς
1883 3621 1941 3674 δὲ

371 3714 697 3782 ποιούμενος
765 3715 895 3781 περὶ
927 3714 1186 3766 πλείστου
1227 3713 1288 3764 τὸ
1342 3715 1406 3765 ἐκ
1449 3711 1743 3776 Βυζαντίου
1797 3714 1942 3765 τισὶν

375 3805 676 3873 ἀξιολόγοις
730 3807 1016 3874 συντυχεῖν
1068 3804 1163 3856 καὶ
1222 3803 1578 3872 διαλεχθῆναι
1645 3807 1775 3873 περὶ
1833 3804 1942 3856 τῶν

374 3898 495 3950 κατ’
520 3898 682 3951 αὐτὸν
723 3897 978 3950 ἁπάντων
1002 3936 1018 3962 ,
1051 3897 1134 3949 ὅτι
1168 3913 1227 3949 τε
1281 3897 1388 3948 ὐπὸ
1442 3896 1794 3963 συκοφαντῶν
1831 3895 1946 3948 δια-

376 3989 622 4060 ϐληθείη,
661 3990 758 4043 καὶ
796 3989 1054 4058 οὐδεμίαν
1106 3988 1384 4055 πρόφασιν
1440 3987 1601 4048 αὐτὸς
1669 3985 1943 4054 παράσχοι

375 4081 455 4151 τῷ
506 4080 768 4152 πολέμῳ,
808 4081 922 4134 ἀλλ’
975 4083 1038 4134 ἐκ
1099 4079 1324 4150 πρώτης
1382 4080 1599 4150 ἡμέρας
1655 4079 1784 4146 ἄχρι
1851 4076 1945 4128 νῦν

377 4173 689 4241 ἀναγκαίως
756 4174 898 4244 ὑπὲρ
1001 4172 1278 4242 σωτηρίας
1335 4171 1497 4224 αὐτοῦ
1574 4188 1632 4222 τε
1681 4169 1946 4239 ἀμύνεται

381 4263 477 4316 καὶ
521 4263 629 4316 τῶν
671 4263 980 4327 συνόντων,
1038 4263 1156 4330 ἀμα
1193 4263 1248 4315 δὲ
1297 4265 1392 4314 καὶ
1443 4261 1670 4324 ἐλπίσας
1722 4260 1947 4329 εἰρήνης

2041 3089 2227 3130 ansam
2277 3073 2510 3135 dedisse,
2551 3071 2647 3126 sed
2688 3086 2718 3124 a
2758 3070 2936 3140 primo
2982 3067 3068 3121 die
3111 3080 3286 3134 usque
3330 3078 3475 3118 nunc
3515 3079 3614 3133 pro

2041 3182 2137 3221 sua
2185 3179 2519 3232 suorumque
2567 3163 2741 3216 salute
2795 3159 3284 3230 propugnationem
3337 3157 3614 3226 suscipere

2041 3272 2264 3314 necesse
2300 3255 2589 3318 habuisse;
2623 3268 2686 3306 ac
2739 3251 2901 3305 simul
2947 3264 3170 3318 sperans
3216 3263 3312 3303 eos
3361 3247 3614 3317 paciﬁca-

2042 3345 2211 3400 tionis
2262 3359 2394 3412 ergo
2442 3341 2660 3402 venire,
2716 3339 2960 3408 neglecto
3009 3338 3352 3410 imperatoris
3390 3334 3614 3390 nomino

2043 3435 2276 3490 adeundi
2329 3434 2414 3488 sui
2456 3432 2668 3502 copiam
2715 3431 2865 3484 facit.
2901 3429 3035 3486 Nam
3079 3429 3127 3483 si
3172 3428 3226 3483 id
3263 3443 3294 3484 e
3336 3427 3615 3497 republica

2044 3529 2290 3584 futurum
2318 3527 2410 3581 sit.
2443 3541 2552 3579 non
2580 3523 2704 3578 talia
2738 3523 3024 3586 duntaxat,
3054 3521 3148 3576 scd
3178 3529 3234 3575 et
3259 3520 3530 3584 convicia,
3559 3528 3617 3574 et

2045 3621 2089 3677 si
2135 3621 2263 3689 quid
2317 3619 2562 3673 odiosius
2602 3615 2890 3678 conviciis,
2934 3629 3088 3683 aequo
3137 3613 3320 3667 animo
3367 3612 3436 3667 ab
3485 3612 3618 3681 ipsis

2046 3725 2458 3784 perpessurum.
2489 3709 2603 3762 lmo
2633 3707 2679 3761 si
2711 3706 2763 3760 id
2797 3704 3057 3758 Romanis
3090 3704 3421 3768 commodet,
3452 3703 3618 3757 etiam

2045 3806 2249 3874 gratias
2282 3818 2390 3855 non
2427 3802 2679 3868 vulgares
2731 3807 3002 3851 acturum.
3045 3795 3142 3848 Sin
3189 3795 3457 3849 deteriora
3496 3794 3620 3848 vin--

2046 3903 2194 3959 cant,
2230 3903 2286 3946 et
2334 3892 2533 3946 inlecta
2579 3904 2708 3958 pace
2759 3888 3066 3949 discedant,
3112 3901 3213 3941 nec
3269 3887 3349 3940 sic
3399 3886 3619 3955 aliquod

2047 3986 2150 4040 sibi
2195 3985 2433 4039 dedecus
2477 3997 2542 4034 ex
2587 3980 2940 4048 simplicitate
2986 3977 3364 4046 appellationis
3403 3978 3624 4032 relictu-

2047 4091 2159 4130 ros.
2210 4075 2325 4130 Ilac
2381 4073 2699 4128 conditione
2759 4070 2918 4139 legati
2973 4068 3621 4139 veniunttlegationetu

2047 4176 2349 4237 exponunt,
2387 4167 2597 4220 litteras
2649 4162 2906 4225 reddunt,
2941 4170 3243 4229 caventque
3283 4174 3352 4213 ne
3395 4161 3624 4230 impera-
3701 4167 3716 4226 ’ᾗ

2055 4269 2227 4314 torem
2266 4268 2481 4313 vocent.
3709 4243 3714 4253 ’

386 4355 548 4407 ἕνεκα
596 4353 775 4423 ἥκειν,
815 4352 1066 4406 ἐκέλευεν
1141 4353 1438 4419 ἀφικέσθαι
1497 4351 1633 4421 πρὸς
1708 4353 1897 4417 αὑτὸν,
1938 4353 2012 4414 ῶς
2051 4355 2243 4406 οὐδένα
2307 4355 2462 4420 λόγον
2511 4352 2610 4421 τῆς
2657 4344 3033 4421 προσηγορίας
3073 4349 3459 4416 ποιησόμενος.
3511 4347 3623 4402 Τοῦ
3724 4398 3731 4404 _

383 4450 492 4518 γὰρ
557 4450 710 4517 κοινῇ
756 4445 1162 4509 λυσιτελοῦντος
1206 4448 1369 4501 ἕνεκα
1410 4448 1470 4500 οὐ
1535 4448 1761 4503 τοιαῦτα
1830 4452 1992 4520 μόνον
2029 4451 2246 4520 ἕτοιμος
2323 4446 2463 4503 εἶναι
2513 4450 2829 4519 ὑπομένειν,
2875 4449 3014 4502 ἀλλά
3066 4450 3159 4502 καὶ
3200 4448 3490 4519 λοιδορίας,
3531 4448 3625 4500 καὶ
3720 4496 3722 4498 τ

384 4545 520 4597 εἴτι
566 4540 946 4612 χαλεπώτερον
993 4539 1180 4608 ἕτερον
1225 4540 1393 4594 δοκεῖ.
1440 4542 1502 4594 Εἰ
1546 4544 1646 4612 μὲν
1697 4546 1804 4614 γὰρ
1835 4545 2089 4602 ἀπὸτῶν
2159 4545 2419 4597 τοιούτων
2478 4544 2671 4612 ὃφελός
2727 4561 2778 4596 τι
2848 4543 3060 4610 γένοιτο
3123 4541 3420 4611 Ῥωμαίοις
3449 4579 3464 4603 ,
3522 4544 3616 4593 καὶ

386 4636 587 4704 πολλὴν
638 4635 822 4691 αὐτοῖς
879 4631 1116 4700 εἰδήσειν
1150 4633 1313 4702 χάριν
1361 4633 1502 4701 ὑπὲρ
1549 4633 1755 4687 τούτων
1783 4650 1795 4663 ”
1861 4638 1909 4688 εἰ
1945 4636 1989 4688 δ’
2030 4637 2138 4705 ἄρα
2180 4637 2272 4687 καί
2318 4637 2386 4688 τὰ
2421 4635 2648 4704 δεύτερα
2686 4633 2860 4704 νικῴη
2906 4635 3000 4687 καὶ
3039 4633 3348 4701 ἀσύμϐατοι
3415 4632 3630 4698 ἀναχω-

387 4727 589 4797 ρῶσιν,
641 4725 751 4778 οὐδ’
788 4723 960 4786 οὕτως
1016 4722 1166 4790 αὐτῷ
1204 4739 1327 4776 τινα
1379 4723 1596 4790 ἀδοξίαν
1635 4726 1746 4779 ἀπὸ
1799 4727 1898 4794 τῆς
1958 4727 2332 4798 προσηγορίας
2381 4719 2902 4794 ἀπολείψειν.Ἶ1κον
2971 4725 3066 4796 μὶν
3119 4724 3210 4778 οὖν
3263 4724 3312 4776 οἱ
3373 4723 3632 4792 πρέσϐεις

386 4820 481 4871 ἐπὶ
501 4819 737 4883 τούτοις,
773 4817 868 4868 καὶ
899 4815 1333 4886 ἀπήγγελλοντά
1363 4816 1508 4869 κατὰ
1570 4818 1670 4888 τὴν
1731 4821 2048 4889 πρεσϐείαν·
2090 4822 2206 4892 ἅμα
2253 4822 2310 4874 δὲ
2379 4823 2475 4875 καὶ
2545 4822 2616 4874 τὰ.
2666 4819 2970 4890 γράμματα
3044 4819 3302 4889 παρεῖχον
3333 4860 3346 4884 ,
3385 4817 3632 4887 παρετή-

395 4927 521 4983 ρουν
549 4922 609 4963 τε
661 4909 720 4962 τὸ
755 4909 832 4979 μὴ
865 4906 1092 4974 βασιλέα
1136 4908 1193 4961 ἐν
1227 4910 1344 4972 ταῖς
1385 4908 1651 4976 διαλέξεσι
1681 4914 2133 4981 προσαγορεύειν.

1651 5027 1808 5095 60],
1853 5026 2080 5083 CAPUT
2127 5028 2360 5082 LXXIV.

395 5119 464 5175 In
494 5132 611 5176 acta
645 5121 980 5193 imperatoris
1000 5120 1315 5193 .inquiri_tur,
1338 5127 1385 5193 et
1411 5118 1536 5171 bene
1553 5121 1766 5193 gessisse
1801 5121 2172 5193 rempublicam
2210 5125 2502 5177 ostenditur
2535 5141 2552 5178 :
2584 5123 2880 5179 adversarii
2918 5123 3279 5193 confutantur.
3312 5121 3635 5191 Responsum

472 5190 806 5261 imperaturis
838 5192 905 5244 ad
939 5191 1156 5260 legatos.
1185 5190 1828 5262 Exprobratprincipibus
1856 5192 2235 5262 ignobilitatem
2265 5201 2312 5245 et
2336 5194 2790 5262 imprudentiam;
2826 5190 3024 5245 statum
3052 5192 3350 5262 reipublicte
3373 5190 3634 5261 deplorat.

473 5259 840 5330 Apocauchum
866 5259 1121 5332 exagitat,
1154 5267 1202 5332 et
1231 5259 1430 5325 objecta
1458 5259 1554 5332 sibi
1583 5260 1808 5332 crimina
1836 5260 2009 5325 diluit,
2046 5279 2163 5313 cum
2200 5259 2630 5317 recriminatione
2659 5265 2713 5316 in
2748 5265 3137 5332 patriarcham.
3167 5259 3494 5332 Repetuntur
3521 5282 3640 5325 aure

470 5329 608 5383 inter
640 5334 809 5402 ipsum
835 5340 882 5381 et
908 5329 1293 5402 imperatricem
1329 5343 1485 5393 super
1511 5329 1746 5402 imperio
1776 5329 2101 5402 deponendo.
2137 5349 2198 5384 ac
2237 5332 2528 5402 recipiendo
2574 5329 2758 5386 eodem
2789 5334 3093 5402 patriarcha
3138 5329 3466 5402 internuntio
3519 5344 3639 5387 arta

472 5413 596 5482 suit.
629 5401 766 5482 item
788 5415 932 5482 quia.
955 5397 1302 5482 interhipsum‘
1327 5407 1373 5482 et
1395 5397 1796 5482 patriai-cllum,
1847 5410 1901 5480 ut
1939 5400 2049 5478 ejus
2081 5401 2299 5466 perﬁdia
2335 5397 2538 5468 pateat.
2596 5397 2847 5482 Queritur
2877 5405 3033 5454 etiam
3059 5402 3121 5454 de
3159 5401 3342 5472 legatis
3371 5405 3476 5454 suis
3507 5402 3644 5455 Con-

471 5471 819 5549 shtantinoiioli
857 5468 1497 5549 injuriasitsimehabitis.
1531 5475 1578 5517 ct
1605 5468 1666 5518 de
1691 5469 1968 5549 iniquitate
1995 5470 2046 5549 in
2077 5486 2150 5549 se.
2171 5477 2556 5524 dcmmtstrata.
2597 5471 2898 5540 Separatim
2930 5468 3296 5541 Apocauchum
3328 5474 3639 5528 insectatur.

473 5541 847 5592 Patriarcham
874 5554 988 5609 cum
1026 5538 1131 5590 suis
1164 5547 1430 5609 auctorem
1479 5551 1585 5588 esse
1639 5539 1975 5609 calamitatis
2007 5538 2154 5609 belli
2188 5549 2415 5608 accepta:
2456 5538 2675 5609 probat,
2719 5551 2766 5594 et
2811 5538 2981 5607 quam
3021 5541 3298 5609 multiplex
3344 5558 3404 5593 ea
3456 5544 3638 5609 fuerit.

471 5609 638 5663 docet.
669 5609 855 5677 Rejicit
889 5608 1050 5664 etiam
1089 5605 1225 5675 quod
1255 5607 1560 5679 patriarcha
1591 5607 1893 5674 scripserat,
1925 5607 2191 5663 abdicanti
2254 5605 2330 5671 se,
2381 5618 2424 5662 et
2457 5605 2728 5680 pwnitenti
2780 5605 2978 5663 viscera
3026 5605 3273 5666 Ecclesia:
3310 5605 3495 5681 aperta
3526 5628 3642 5667 esse
