4066 6298
538 167 680 231 U35

1729 157 1912 216 ΙΟΑΝ
1927 157 1972 214 Ν
1987 154 2051 214 IS
2093 154 2616 216 (ZAN'l'A(,LUZENl

3630 165 3740 230 1136

605 291 653 336 et
684 295 892 348 poenam
927 268 1358 330 cbndonaudum.
1394 272 1526 348 [rem
1559 271 1619 322 de
1649 271 1697 348 vi
1727 266 2280 348 exeamnuncii-ationis
2312 265 2539 348 disserit.
2570 266 2846 348 Concludit
2876 284 2962 320 eos
3003 267 3264 321 malorum
3297 269 3528 322 omnium
3563 288 3742 328 causam

612 337 890 415 exstitisse,
922 355 969 400 et
999 345 1274 414 imperium
1308 343 1528 404 anteire,
1563 341 1806 410 pacisque
1836 337 2433 390 summumdcoiilerium
2464 337 2632 389 denuo
2657 338 2940 407 signiﬁcat.

605 467 825 524 Auditis
888 465 1190 533 legatorum
1249 459 1429 514 verbis
1450 499 1464 524 ,
1493 457 1859 528 perlectisque
1891 452 2109 516 litteris,

2292 453 2551 515 Βασιλεὺς
2587 453 2644 507 δὲ
2692 455 2810 506 ἐπεὶ
2867 454 2976 507 τῶν
3027 471 3086 506 τε
3140 455 3318 522 λόγων
3373 457 3664 527 ἡκουε,καὶ
3695 464 3746 515 τὰ

534 561 604 629 ad
632 574 806 630 nugas
845 556 957 610 illic
989 555 1198 624 positas
1229 553 1285 604 in
1328 552 1497 604 risum
1527 550 1738 604 solutus
1788 547 2106 614 imperator,

539 649 891 719 tumquidem
921 662 1016 701 eos
1073 646 1138 698 ad
1174 659 1374 713 corpus
1423 643 1566 705 cibo,
1603 656 1667 694 ac
1699 654 1892 693 somno
1941 637 1994 690 in
2027 636 2110 688 di-

539 744 781 798 versorio
821 737 1177 793 reficiendum
1214 735 1458 788 dimittit.
1494 733 1590 786 Die
1618 731 1792 787 altero
1823 727 2057 783 concilio
2079 739 2109 778 e

537 816 901 905 praesentibus
927 829 1041 884 suis
1065 835 1279 889 coacto,
1311 825 1520 894 legatos
1567 823 1736 876 etiam
1771 821 2024 880 admcat,
2047 831 2110 870 ac

537 928 856 996 priusquam
888 922 969 976 eis
1028 919 1348 988 respondet,
1391 931 1613 970 causam
1653 929 1832 976 suam,
1865 912 1933 965 ad
1961 926 2109 979 qum-

535 1016 768 1070 Stionem
810 1011 879 1065 de
911 1025 975 1064 ea
1009 1007 1376 1062 exeriendam
1431 1007 1487 1058 in
1548 1002 1789 1056 medium
1833 999 2106 1069 proponit.

537 1105 835 1174 Inquiritur
885 1103 942 1156 in
996 1110 1115 1154 acta
1165 1100 1285 1169 ejus
1340 1098 1554 1158 omnia,
1610 1103 1731 1164 post
1810 1088 2107 1146 Andronici

537 1195 882 1266 imperatoris
912 1193 1120 1247 obitum
1157 1210 1170 1244 :
1205 1199 1259 1244 et
1322 1189 1510 1258 legatis
1546 1187 1876 1250 ostenditur,
1917 1184 2106 1254 prole,

532 1290 698 1359 juste,
737 1294 786 1339 cl
838 1300 960 1338 cum
1014 1298 1228 1338 summa
1291 1292 1404 1334 tum
1455 1279 1688 1332 filiorum
1741 1274 2130 1356 imperatoris,-

539 1389 651 1432 tum
739 1376 1118 1430 llornanorum
1181 1372 1425 1424 omnium
1490 1370 1727 1423 utilitate
1791 1367 2108 1435 reipublicae

537 1470 841 1540 praefuisse.
900 1465 1064 1522 Jubet
1103 1467 1233 1520 item
1294 1480 1390 1518 eos
1421 1463 1691 1532 intrepide
1739 1460 2006 1530 proferre,
2063 1457 2109 1511 si

536 1561 669 1632 quid
698 1562 967 1616 haberent
999 1558 1427 1628 reprehendere,
1463 1566 1522 1610 ut
1565 1555 1834 1608 rationem
1862 1551 2108 1607 omnium

539 1653 874 1708 redditurus.
911 1651 1020 1705 lllis
1055 1649 1305 1719 quaedam
1365 1649 1563 1701 horum
1611 1653 1670 1699 ut
1704 1645 1909 1712 injusta
1941 1657 2108 1696 accu-

537 1745 806 1808 santibus,
840 1742 908 1795 ad
943 1741 1155 1811 singula
1194 1739 1511 1808 respondet.
1535 1737 1590 1790 In
1626 1737 1729 1790 ista
1763 1737 1976 1790 actione
2012 1748 2107 1786 sex

2218 544 2525 611 γράμματα
2553 545 2786 611 ἀνέγνω,
2821 547 2956 612 πρὸς
2988 549 3116 608 τοὺς
3168 549 3643 615 ἐγγεγραμμένους
3667 552 3746 621 λή-

2219 651 2344 702 ρους
2366 634 2666 704 διαχυθεὶς,
2697 634 2792 687 νῦν
2852 635 2948 702 μὲν
2979 636 3182 687 ἀπέλυε
3211 636 3345 696 τοὺς
3370 638 3618 706 πρέσϐεις
3638 642 3747 692 ἀνα·-

2216 726 2429 794 παύλης
2459 725 2603 787 τινος
2659 728 2844 796 τυχεῖν
2879 726 2964 794 ἐφ’
3002 723 3069 797 ἦς
3104 727 3411 791 ὲξενίζοντο
3449 730 3642 783 οἰκίας·
3687 737 3746 793 εἰς

2216 817 2314 885 τὴν
2351 818 2645 886 ὑστεραίαν
2675 819 2731 870 δὲ
2761 817 3058 884 ἐκκλησίαν
3084 820 3148 870 ἐκ
3175 820 3284 870 τῶν
3319 821 3597 889 παρόντων
3624 839 3747 892 ποιη-

2218 908 2476 973 σάμενος,
2519 909 2872 976 μετεκαλεῖτο
2897 907 2990 959 καὶ
3023 908 3148 969 τοὺς
3188 907 3478 977 πρέσϐεις.
3523 912 3621 963 Καὶ
3647 918 3746 980 πρὶν

2216 997 2512 1063 ἀπολογίαν
2543 999 2663 1050 τινὰ
2689 999 2815 1066 περὶ
2847 991 2924 1049 ὧν
2954 999 3294 1066 ἐπρέσϐευον
3331 1003 3664 1068 ποιήσασθαι,
3698 1009 3750 1056 τᾶ

2217 1084 2340 1136 κατ’
2372 1084 2534 1136 αὐτὸν
2561 1088 2640 1146 εἰς
2671 1085 2835 1153 μέσον
2876 1083 3157 1153 προύτίθει
3191 1088 3445 1155 ἑρευνᾷν.
3478 1087 3578 1138 Καὶ
3605 1089 3748 1139 πάντα

2218 1176 2508 1245 ἐξητάζετο
2552 1177 2690 1243 μετά
2741 1176 2840 1246 τὴν
2897 1175 3165 1244 βασιλέως
3222 1177 3510 1245 τελευτὴν,
3557 1180 3635 1244 ἐφ’
3687 1173 3749 1240 οἷς

2217 1268 2572 1321 ἀπεδείκνυεν
2623 1267 2806 1326 αὐτὸν,
2843 1269 2933 1320 ἐπὶ
2985 1267 3095 1320 τῶν
3156 1268 3442 1339 πρέσδεων
3493 1271 3648 1338 ὀρθῶς
3679 1277 3748 1323 καί

2217 1361 2466 1424 δικαίως,
2499 1362 2594 1414 καὶ
2629 1365 2738 1423 τοῖς
2768 1378 2824 1413 τε
2853 1360 3329 1429 βασιλέως-παισὶ,
3369 1368 3461 1414 καὶ
3483 1367 3584 1424 τοῖς
3604 1364 3748 1428 ἄλλοις

2219 1453 2391 1505 ἅπασι
2443 1451 2738 1520 Ῥωμαίοις
2783 1452 3022 1520 μάλιστα
3051 1451 3347 1514 λυσιτελῶς
3381 1454 3744 1523 πεπολιτευμέ-

2217 1561 2326 1597 νον.
2369 1543 2623 1596 Ἐκέλευέ
2677 1560 2734 1594 τε
2771 1543 3021 1605 καὶτοὺς
3063 1543 3329 1613 πρέσϐεις
3371 1545 3540 1606 ἀδεῶς
3581 1545 3746 1611 λέγειν,

2217 1635 2345 1688 εἴτι
2385 1636 2562 1710 ἔχοιεν
2597 1637 2947 1704 κατηγορεῖν,
2981 1635 3055 1695 ὡς
3082 1636 3242 1703 λόγον
3273 1637 3415 1705 ὑπὲρ
3437 1641 3637 1690 πάντων
3661 1656 3748 1689 ποια

2219 1727 2509 1796 ησόμενος.
2547 1728 2656 1780 Καὶ
2692 1727 2778 1778 ἐπ’
2813 1726 2982 1787 ὲνίοις
3033 1727 3432 1794 ἀντιλεγόντων
3482 1730 3569 1780 καὶ
3617 1731 3748 1794 ἐγκα-

537 1804 802 1904 deinceps
843 1833 963 1888 dies
1014 1804 1236 1886 contriti
1288 1804 1456 1894 sunt;
1521 1828 1885 1898 pluribusque
1943 1841 2108 1894 argu-

2216 1815 2479 1880 λούντων,
2509 1813 2544 1868 ἀ
2575 1815 2828 1883 ἐνόμιζον
2853 1814 3083 1880 ἀδικεῖν,
3119 1816 3264 1886 ὑπὲρ
3300 1818 3516 1870 πάντων
3556 1820 3746 1870 ἐποιεῖτο

537 1925 740 1984 mentis
797 1933 853 1978 et
916 1923 1339 1992 probationibus
1389 1921 1824 1996 dempnstratum
1878 1917 2112 1986 injurias

537 2014 927 2083 imperatorem
1008 2012 1288 2080 accepisse
1345 2011 1508 2080 longe
1565 2008 1998 2080 indignissimas,
2055 2013 2112 2060 et

536 2121 792 2176 magnum
826 2103 1047 2169 ducem,
1076 2103 1322 2172 aliosque
1375 2103 1503 2157 belli
1539 2113 1752 2157 satores
1809 2118 1920 2156 non
1951 2116 2114 2171 syco-

535 2197 771 2267 phantas
804 2195 1002 2260 solum,
1037 2203 1092 2248 et
1145 2193 1199 2246 in
1250 2208 1377 2248 eum
1414 2194 1771 2248 vehementer
1840 2195 2110 2266 ingratos,

537 2301 596 2351 et
625 2294 886 2358 quantum
918 2286 1024 2340 dici
1049 2300 1159 2339 non
1180 2293 1360 2354 potest
1381 2286 1680 2340 sceleratos
1704 2305 1718 2353 ;
1752 2287 1848 2342 sed
1875 2287 2110 2346 caadiitm

536 2397 776 2450 quoque,
823 2388 876 2433 et
920 2377 1225 2440 servitutis,
1254 2389 1310 2432 et
1359 2393 1732 2434 aerumnarum
1775 2379 2109 2448 ingentium,

533 2489 658 2542 qua:
685 2471 808 2530 belli
842 2481 1089 2538 tempore
1117 2470 1394 2524 Romanos
1422 2472 1750 2535 obruerunt,
1789 2471 2110 2540 primariam

537 2579 761 2620 causam
810 2563 1112 2616 exstitisse.
1142 2561 1273 2616 Post
1322 2562 1468 2618 diem
1531 2571 1748 2616 sextum
1781 2562 1974 2632 legatis
2026 2577 2114 2616 re-

538 2668 799 2724 sponsum
839 2653 971 2707 dare
1022 2651 1339 2718 instituens,
1371 2652 1445 2707 ita
1508 2667 1668 2708 orsus
1701 2662 1807 2708 est.
1832 2653 1991 2710 Nulla
2022 2670 2113 2710 res

537 2755 594 2800 et
633 2744 822 2800 urbem
857 2743 1106 2812 populari
1145 2753 1387 2798 utentem
1440 2753 1734 2814 potestate,
1773 2758 1829 2800 et
1858 2763 2110 2817 regnum,

535 2850 634 2890 seu
669 2832 1044 2888 monarchiam
1077 2833 1132 2887 in
1167 2834 1359 2902 primis
1392 2843 1499 2888 tam
1523 2835 1682 2890 facile
1712 2837 1930 2902 evertit,
1950 2853 2112 2906 quam

533 2942 568 2981 a
592 2924 979 2995 prudentibus,
1001 2933 1057 2978 et
1087 2933 1397 2994 opportune
1417 2926 1834 2982 consulentibus
1856 2929 2106 2984 solitudo.

535 3017 754 3074 Etenim
782 3016 829 3072 si
853 3015 1054 3071 talibus
1091 3026 1187 3071 aut
1217 3016 1430 3071 civibus
1459 3001 1679 3084 civitas,
1715 3031 1809 3073 aut
1836 3021 2112 3090 prmfectis

537 3125 764 3179 regnum
791 3107 1173 3174 abundaverit,
1209 3107 1460 3177 quamvis
1493 3125 1618 3164 casu
1667 3112 1900 3180 quodam
1929 3112 2108 3166 oﬂ'en—
2138 3148 2180 3206 ο

528 3201 740 3267 .derint,
798 3214 967 3270 parvo
1013 3200 1237 3270 negotio
1291 3199 1357 3254 ad
1418 3201 1707 3270 pristinam
1791 3204 2110 3259 felicitatem

535 3291 786 3348 revocari
855 3300 1138 3361 poterunt.
1199 3290 1298 3345 Sin
1326 3301 1509 3365 autem
1565 3293 1700 3348 tales
1753 3296 1899 3349 viros
1944 3297 2110 3350 semel

529 3383 846 3448 amiserint,
881 3383 1042 3452 602
1075 3383 1212 3437 nihil
1245 3383 1496 3452 profecto
1530 3385 1789 3451 celerem,
1826 3396 1882 3440 et
1933 3396 2113 3441 extre-

539 3490 684 3536 mam
768 3489 962 3528 eorum
1038 3473 1318 3527 miseriam
1393 3477 1778 3530 remorabitur.
1847 3477 2112 3542 Quocirca

534 3569 845 3622 Romanum
893 3565 1181 3633 imperium
1211 3580 1312 3636 ego
1353 3568 1728 3637 maximopere
1759 3569 1939 3640 lugeo,
1969 3572 2110 3637 quod

537 3657 725 3713 multis
755 3665 914 3710 antea
948 3655 1081 3712 viris
1137 3657 1557 3712 admirabilihus
1585 3660 1896 3726 abundans,
1950 3666 2112 3718 modo

535 3749 722 3816 omnia
755 3747 1075 3813 conficiens,
1113 3757 1168 3803 et
1214 3763 1549 3803 consumens
1581 3760 1827 3806 vetustas
1861 3767 1926 3807 eo
1957 3755 2112 3807 redeu

537 3841 634 3912 git,
669 3849 730 3895 ut
761 3854 1032 3896 summam
1063 3840 1184 3909 ejus
1216 3848 1458 3904 teneant,
1491 3857 1631 3910 quos
1659 3857 1688 3896 e
1726 3844 1910 3898 medio
1936 3845 2110 3914 impe-

537 3933 654 3987 rita:
684 3931 984 4002 plebecula:
1012 3930 1282 3999 prodiisse
1308 3931 1482 3988 dicas.
1517 3933 1656 3986 Nam
1690 3921 1858 4004 Super
1909 3936 2110 3991 talibus

538 4025 864 4095 legationem
895 4023 1136 4085 mittere,
1164 4032 1218 4077 et
1243 4022 1311 4076 ad
1341 4038 1430 4077 me
1461 4009 1702 4089 mittere,
1723 4027 1816 4094 qui
1857 4028 1990 4097 ipsis
2018 4029 2108 4082 diu

533 4114 1005 4185 janiimperavi,et
1021 4113 1179 4182 cujus
1199 4113 1363 4183 (absit
1383 4116 1545 4170 verbo
1562 4117 1792 4188 invidia)
1823 4120 1909 4174 vel
1938 4121 2108 4189 placi-

539 4207 693 4262 diore
724 4215 951 4276 aspectu
988 4204 1216 4274 dignati,
1248 4205 1302 4258 in
1335 4207 1472 4260 coelo
1512 4208 1619 4261 sibi
1663 4223 1783 4262 esse
1844 4211 2108 4265 videban-

541 4308 666 4353 tur:
704 4297 903 4352 deinde
931 4296 1069 4350 nihil
1103 4311 1280 4366 neque
1335 4298 1710 4366 anquirentes,
1766 4317 1947 4371 neque
1998 4303 2108 4355 cir-

539 4389 987 4459 cuiuspicienlcs,
1050 4389 1185 4443 adeo
1266 4389 1602 4454 inconsulto,
1660 4401 1713 4444 ct
1769 4395 2109 4450 confidenter

2217 1905 2390 1973 λόγον.
2446 1905 2619 1959 Τοῦτο
2662 1905 2762 1975 μὲν
2806 1901 2902 1960 οὖν
2953 1907 3032 1968 είς
3095 1907 3270 1977 ἕκτην
3321 1909 3514 1976 ἐφεξῆς
3573 1911 3746 1978 ἡμέραν

2215 1997 2472 2065 ἐτελεῖτο,
2501 1997 2597 2051 καὶ
2624 1996 2712 2050 διὰ
2737 1997 2948 2050 πολλῶν
2983 1997 3091 2050 τῶν
3118 1999 3456 2064 ἀποδείξεων
3487 2002 3551 2052 τὰ
3578 2002 3744 2069 ἔσχατα

2215 2089 2543 2159 ἠδικημένος
2561 2090 2922 2142 ἀπεδείκνυτο
2943 2090 2970 2140 ὁ
2991 2090 3272 2159 βασιλεύς.
3292 2091 3428 2155 Δοὺξ
3456 2092 3511 2143 δὲ
3531 2093 3556 2144 ὁ
3585 2094 3742 2158 μέγας,

2216 2181 2310 2233 καὶ
2358 2181 2406 2232 οἱ
2435 2180 2588 2235 ἄλλοι
2622 2183 2670 2234 οἱ
2701 2180 2794 2234 τὸν
2850 2180 3090 2251 πόλεμον
3138 2183 3498 2253 κεκινηκότες
3527 2183 3582 2234 οὐ
3617 2199 3743 2236 συκο-

2217 2273 2416 2340 φάνται
2451 2273 2611 2342 μόνον
2643 2273 2738 2326 καὶ
2762 2274 3081 2343 ἀγνώμονες
3109 2275 3300 2338 δεινῶς
3327 2277 3459 2347 περὶ
3487 2277 3746 2340 adtonita).

2219 2365 2523 2436 μοχθηρίας
2569 2367 2878 2438 ὑπερϐολὴν
2909 2367 3283 2431 ἐλλελοιπότες
3326 2367 3594 2437 οὐδεμίαν,
3638 2369 3745 2425 ἀλλὰ

2217 2459 2452 2511 καὶτῶν
2494 2459 2669 2526 φόνων
2723 2459 2818 2512 καὶ
2868 2460 2975 2512 τῶν
3010 2461 3488 2530 ἀνδραποδισμῶν,
3539 2463 3622 2515 καὶ
3662 2462 3744 2513 τῶν

2219 2551 2474 2620 μεγάλων
2533 2550 2852 2622 συμφορῶν,
2892 2551 2950 2604 αἳ
3015 2552 3337 2621 Ῥωμαίους
3396 2553 3743 2621 κατέσχονὲπί

2215 2640 2324 2693 τῶν
2357 2641 2564 2711 χρόνων
2593 2639 2689 2692 τοῦ
2741 2641 2982 2710 πολέμου
3019 2643 3262 2711 μάλιστα
3291 2642 3592 2696 αἰτιώτατοι
3616 2661 3743 2712 γεγεο

2219 2733 2465 2801 νημένοι.
2506 2734 2662 2786 Μετὰ
2719 2733 2776 2786 δὲ
2807 2734 2905 2804 τὴν
2961 2736 3128 2805 ἕκτην
3192 2736 3334 2806 πρὸς
3361 2737 3460 2807 τὴν
3493 2737 3742 2804 ἀπολογίαν

2216 2827 2515 2880 καθίστατο
2545 2827 2644 2894 τὴν
2667 2827 2798 2895 περὶ
2819 2829 2918 2896 τῆς
2951 2828 3271 2909 πρεσϐείας,
3305 2831 3400 2883 καὶ
3438 2827 3552 2883 εἶπε
3579 2831 3738 2883 τοιάδι’

2217 2919 2384 2972 Οὐδὲν
2416 2918 2558 2997 οὕτω
2591 2919 2684 2971 καὶ
2712 2919 2870 2972 πόλιν
2925 2905 3458 2992 δημοκρατουμένην
3489 2924 3575 2975 καὶ
3617 2905 3740 2992 βασι·

2216 3009 2367 3061 λείαν
2440 3011 2662 3078 μάλιστ’
2716 3011 2782 3064 ἂν
2845 3011 3043 3082 ῥαδίως
3099 3015 3400 3067 καταλύειν
3442 3015 3653 3078 δύναιτο,
3681 3013 3738 3074 ὡς

2218 3102 2427 3170 ἀνδρῶν
2454 3104 2695 3156 ἀπουσία
2726 3105 2964 3155 συνετῶν
2997 3106 3089 3156 καὶ
3122 3106 3188 3158 τὰ
3237 3107 3426 3160 δέοντα
3468 3106 3740 3176 βουλευομέ-

2215 3212 2343 3248 νων.
2375 3196 2440 3248 Εἰ
2503 3195 2601 3262 μὲν
2631 3197 2742 3264 γὰρ
2793 3195 3116 3266 τοιούτω·λῆ
3171 3198 3411 3250 πολιτῶν
3464 3199 3669 3268 ἡπόλις,
3711 3197 3734 3264 ἦ

2214 3289 2489 3358 ἀρχόντων
2523 3290 2554 3358 ή
2587 3289 2840 3357 βασιλεία
2872 3290 3158 3358 εὐποροίη,
3198 3291 3306 3361 κᾷν
3336 3293 3470 3361 τύχῃ
3504 3291 3599 3343 τινὶ
3631 3307 3736 3356 σφας

2213 3381 2366 3444 λῶσι,
2405 3380 2603 3449 ῥᾳδίως
2629 3381 2867 3433 δύναιντ’
2892 3381 2957 3434 ἂν
2989 3383 3368 3446 ἐπανασώζειν
3396 3386 3489 3453 τὴν
3515 3383 3736 3453 προτέραν

2211 3470 2423 3538 τύχην·
2459 3470 2524 3523 ἂν
2580 3471 2623 3522 δ’
2655 3473 2804 3536 ἅπαξ
2856 3473 3278 3543 ἁποστερηθῶσι
3335 3476 3440 3528 τῶν
3507 3474 3734 3534 τοιούτων,

2213 3562 2367 3634 οὐδέν
2400 3561 2555 3614 ἔσται
2609 3562 2840 3630 κώλυμα
2879 3563 2952 3632 μὴ
2985 3563 3064 3622 είς
3119 3563 3350 3634 ἔσχατον
3403 3561 3764 3630 κακοπραγία;’

2212 3653 2443 3721 τάχιστα
2473 3653 2723 3722 ἀφῖχθαι.
2761 3654 2827 3705 Ὃ
2856 3653 2949 3705 νῦν
2967 3653 3078 3721 ἐγὼ
3104 3654 3202 3724 τὴν
3239 3655 3522 3724 Ῥωμαίων
3547 3655 3737 3724 μάλιστα

2212 3745 2479 3815 ὀδύρομαι
2529 3747 2850 3814 ἡγεμονίαν,
2905 3747 2990 3798 ὅτι
3053 3747 3270 3800 πολλῶν
3321 3751 3415 3802 καὶ
3468 3731 3786 3816 θαυμασίων

2214 3837 2422 3906 ἀνδρῶν
2470 3837 2735 3906 πρότερον
2765 3837 3124 3908 εὐποροῦσαν,
3161 3837 3261 3892 νῦν
3316 3841 3396 3900 εἰς
3444 3837 3588 3892 τοῦτο
3613 3851 3736 3903 περι-

2213 3934 2443 3999 έστησεν
2469 3933 2496 3982 ὁ
2524 3931 2703 3983 πάντα
2743 3932 3030 3982 καταλύων
3053 3932 3270 4001 χρόνος,
3306 3932 3446 3984 ὥστε
3499 3929 3731 4000 ἡγεμόνας

2210 4023 2319 4075 τῶν
2350 4023 2695 4090 πραγμάτων
2730 4022 2879 4092 ἔχειν
2943 4023 3110 4092 μηδὲν
3160 4023 3387 4092 ἄμεινον
3428 4025 3530 4078 τῶν
3563 4019 3733 4074 πολλῶν

2209 4115 2609 4183 διακειμένους.
2653 4115 2726 4167 Τὸ
2767 4116 2876 4184 γὰρ
2919 4116 3058 4185 ὑπὲρ
3107 4115 3442 4184 τηλικούτων
3487 4113 3731 4185 πρεσίείαν

2211 4209 2585 4277 ποιουμένους,
2622 4210 2714 4260 καὶ
2750 4210 2884 4277 πρὸς
2913 4210 3010 4279 ἐμὲ
3028 4210 3118 4262 τὸν
3148 4210 3316 4262 πολὺν
3346 4211 3444 4279 ἤδη
3467 4212 3636 4279 χρόνον
3659 4205 3734 4268 ἀρ-

2213 4299 2379 4364 ξαντα
2419 4303 2619 4364 αὐτῶν,
2669 4301 2762 4354 καὶ
2788 4294 2849 4353 οὗ
2898 4305 2948 4353 εἰ
2995 4303 3068 4372 μὴ
3113 4303 3404 4370 ἐπίφθονον
3441 4305 3618 4362 εἰπεῖν,
3662 4294 3732 4348 καὶ

2213 4391 2528 4461 βλέμματος
2587 4392 2882 4443 ἀπολαύειν
2910 4391 3218 4460 προσηνοῦς
3273 4393 3331 4444 ἐν
3357 4373 3603 4460 μεγίστης
3629 4381 3731 4454 ἦγον

537 4481 800 4550 quidquid
840 4480 893 4534 in
926 4480 1151 4534 buccam
1182 4481 1332 4534 venit
1361 4483 1627 4548 scribere,
1664 4499 1773 4537 non
1831 4495 1939 4538 tam
1971 4487 2100 4552 illis,

2216 4482 2464 4550 εὐτυχίας
2521 4483 2700 4550 μέρει,
2730 4481 2922 4534 ἔπειτα
2983 4482 3148 4550 μηδὲν
3184 4483 3320 4552 μήτε
3354 4482 3726 4551 ἐρευνήσαντας,

535 4569 682 4636 quod
717 4581 775 4622 se
808 4567 1033 4638 dignum
1057 4576 1138 4622 est
1202 4569 1556 4636 facientibus,
1592 4572 1868 4642 quispiam
1918 4592 2111 4646 repre-

538 4659 813 4725 henderit,
838 4677 1000 4730 quam
1029 4660 1240 4716 illustre
1269 4662 1444 4732 prius,
1476 4673 1532 4718 et
1581 4665 1803 4719 beatum
1833 4666 2111 4725 Romano-

537 4769 655 4806 rum
687 4751 975 4822 imperium
998 4768 1146 4806 nunc
1171 4754 1240 4807 ab
1265 4755 1600 4826 huiusmodi,
1639 4758 1775 4826 proh
1808 4758 1980 4814 Deum
2011 4761 2113 4815 im-

537 4845 846 4908 mortalem,
884 4845 1170 4914 mancipiis
1231 4846 1598 4917 gubernatum
1645 4847 1946 4906 deﬂeverit.
2001 4851 2110 4908 Sed

535 4938 602 4992 de
625 4938 733 4992 illis
762 4936 900 4992 nihil
930 4937 1108 4993 dicam
1135 4940 1390 5009 amplius,
1424 4954 1560 5009 quos
1583 4941 1706 4995 talis
1744 4943 2016 5011 conditio,
2051 4954 2107 5000 et

536 5031 686 5100 pejor
725 5031 888 5084 etiam
923 5029 1082 5085 decet
1132 5048 1147 5085 :
1193 5031 1509 5101 Apocauchi
1568 5031 1811 5101 praefecti
1866 5036 2106 5092 cubiculi

534 5137 642 5176 non
672 5121 1076 5191 improbitatem
1108 5123 1292 5188 modo,
1343 5123 1752 5194 mentiendique
1795 5125 2103 5193 libidinem,

532 5213 628 5268 sed
662 5215 1025 5269 temeritatem
1061 5229 1280 5284 quoque
1310 5224 1366 5268 et
1397 5216 1791 5284 impudentiam
1819 5219 2102 5286 admiror;

530 5305 645 5374 qui,
670 5307 919 5376 quamvis
950 5321 1058 5360 non
1093 5307 1278 5375 paucis
1317 5318 1373 5360 ct
1408 5308 1768 5376 apertissimis
1835 5313 2101 5382 exemplis

528 5396 936 5451 mendaciorum
968 5396 1223 5451 convinci
1255 5397 1452 5466 possit,
1484 5409 1662 5453 tamen
1683 5415 1750 5454 ne
1786 5399 1988 5457 frustra
2036 5419 2102 5459 ac

530 5486 647 5540 sine
678 5502 842 5541 causa
877 5486 1080 5542 bellum
1110 5490 1502 5554 commovisse,
1537 5506 1713 5559 neque
1738 5491 1978 5547 inaniter
2010 5489 2099 5548 la:

529 5574 722 5633 borare
762 5579 1035 5648 videatur,
1065 5578 1266 5634 ﬂuvam
1296 5581 1522 5651 gloriam
1567 5582 1837 5641 dedecore
1870 5587 1926 5641 in
1971 5602 2092 5642 om-

2217 4576 2353 4644 μήτε
2380 4574 2754 4642 σκεψαμένους
2767 4572 2941 4636 οὕτως
2960 4575 3381 4644 ἀπερισκέπτως
3420 4575 3510 4626 καὶ
3534 4570 3730 4640 θρασέως

2210 4669 2280 4722 τὰ
2311 4667 2611 4720 ἐπελθόντα
2641 4667 2897 4738 γράφειν,
2953 4667 3054 4720 οὐκ
3109 4669 3332 4720 ἐκείνων
3359 4665 3561 4736 μάλιστ’
3590 4665 3645 4717 ἀν
3668 4673 3730 4716 τις

2214 4762 2620 4838 κατηγορήσειε
2663 4763 3013 4831 προσήκοντα
3057 4762 3435 4832 εἰργασμένων
3472 4748 3726 4815 ἑαυτοῖςνῆ

2211 4854 2322 4923 ὅσῳ
2384 4854 2484 4923 τὴν
2512 4855 2788 4922 περιφανῆ
2823 4853 3086 4923 πρότερον
3118 4853 3210 4906 καὶ
3257 4851 3454 4921 εὐτυχῆ
3490 4843 3727 4914 Ῥωμαίων

2213 4945 2510 5016 θρηνήσειν
2563 4942 2889 5015 ἠγεμονίαν,
2927 4946 3032 4998 ὑπὸ
3075 4944 3361 5008 τοιούτοις,
3391 4941 3510 5012 φεῦ,
3565 4936 3726 5002 ἀνδρα*

2213 5036 2396 5100 πόδοις
2426 5035 2729 5103 ἀγομένην.
2764 5036 2902 5104 Περὶ
2926 5037 3024 5104 μὲν
3058 5032 3152 5089 οὖν
3177 5035 3400 5088 ἐκείνων
3445 5032 3605 5099 ὀλίγος
3628 5021 3724 5090 ἐμοὶ

2209 5130 2365 5196 λόγος
2401 5129 2599 5196 γένοιτ’
2648 5129 2734 5193 ἂν,
2767 5127 2994 5180 τοιαῦτα
3033 5129 3126 5180 καὶ
3163 5128 3468 5196 φαυλότερα
3509 5121 3724 5193 πράττειν

2211 5218 2360 5275 οὖσιν
2399 5221 2608 5291 ἀξίοις
2643 5220 2983 5290 Ἀποκαύχου
3015 5221 3072 5273 δὲ
3104 5221 3199 5271 τού
3250 5213 3718 5290 παρακοιμωμένου.

2215 5318 2273 5369 οὐ
2305 5316 2403 5384 τὴν
2461 5315 2769 5385 μοχθηρίαν
2803 5316 2988 5383 μόνον,
3050 5297 3187 5367 ἁλλᾶ
3219 5315 3310 5366 καὶ
3337 5314 3432 5381 τὴν
3466 5302 3719 5374 ἰταμότητα

2211 5410 2306 5461 καὶ
2335 5409 2432 5476 τὴν
2487 5406 2878 5474 ἀναισχυντίαν
2934 5407 3113 5458 ἔπεισι
3176 5406 3488 5476 θαυμάζειν,
3512 5404 3582 5454 ὅτι
3626 5393 3721 5448 xui-

2215 5517 2297 5552 τμι
2351 5500 2559 5567 μέλλων
2611 5501 2704 5551 ἐπὶ
2761 5499 3036 5552 τοσούτων
3087 5501 3399 5568 ἐλέγχεσθαι
3457 5493 3719 5560 σαφέστατα

2202 5591 2557 5661 ψευδόμενος,
2593 5591 2744 5660 ὅμως
2776 5592 2868 5645 ἐπὶ
2895 5592 2969 5662 τῷ
3001 5591 3076 5662 μὴ
3107 5591 3282 5644 δοκεῖν
3312 5589 3429 5656 είκῆ
3459 5585 3547 5638 καὶ
3574 5581 3716 5650 μάτην
