4066 6298
363 462 497 525 117

1491 476 2038 539 HISTORIARUM
2083 482 2314 545 LlBER
2360 486 2478 547 IlI.

3462 495 3599 561 1133

351 578 443 628 τὸν
499 579 742 650 πόλεμον
795 586 1166 655 κεκινηκέναι,
1227 588 1347 659 μηδ’
1397 590 1642 662 ἀνήνυτα
1697 596 1912 657 πονεῖν,

2030 613 2152 654 nem
2178 602 2343 657 vitam
2373 611 2636 660 duraturo
2669 608 2940 664 redimere
2964 608 3154 665 voluit.
3192 601 3395 666 Veru'm
3424 629 3602 684 neque

352 669 527 722 είλετο
552 668 651 743 τῆξ
679 672 767 726 ἐπ’
800 673 981 743 ὀλίγον
1001 677 1245 745 εὐδοξίας
1272 679 1372 752 τὴν
1399 683 1488 737 διὰ
1515 683 1633 753 βίου
1660 686 1926 758 αἰσχύνην

353 760 842 819 ἀνταλλάττεσθαι.
871 767 1002 821 Δέον
1027 769 1214 838 μέντοι
1273 773 1409 843 μηδὲ
1442 773 1501 827 τὸ
1529 776 1745 830 ἐκείνου
1777 779 1925 832 πάνυ

357 849 674 917 θαυμαστὸν
714 854 985 924 ἡγεῖσθαι.
1020 850 1090 930 ’ᾯ
1123 860 1241 931 γὰρ
1265 862 1294 915 ὁ
1324 860 1439 931 βίος
1467 862 1587 928 ὅλος
1619 865 1928 936 πανουργία

356 942 452 995 καὶ
474 944 735 1014 ἐπιορκία
779 948 874 1000 καὶ
896 947 1106 1019 ἀπάτη,
1134 954 1228 1006 καὶ
1263 954 1393 1024 ῥᾷον
1447 954 1516 1009 ἀν
1561 957 1927 1013 ἀναπνεύσειε

354 1034 525 1104 χωρίς
555 1036 738 1106 ἀέρος,
763 1034 1211 1110 ἢτούτων,”οὑδὲν
1234 1041 1551 1114 θαυμαστὸν
1571 1049 1620 1100 εί
1641 1047 1778 1102 Θεὸν
1793 1051 1927 1120 ψευ-

353 1123 581 1194 δόμενος
616 1125 905 1196 διηνεκῶς,
949 1129 1127 1184 εἵλετο
1177 1132 1273 1186 καὶ
1325 1135 1464 1206 πρὸς
1489 1136 1819 1207 ἀνθρώπους
1845 1139 1925 1211 τῷ

258 1208 261 1213 ’
351 1211 537 1282 ψεύδει
569 1217 831 1287 χρῆσθαι.
885 1220 1042 1291 Ἐμοὶ
1070 1223 1115 1276 δ’
1145 1224 1384 1296 ὲξαρχῆς
1425 1244 1484 1280 τε
1516 1229 1784 1300 ᾑρημένῳ
1814 1208 1916 1301 τὴν

352 1306 636 1378 ἀλήθειαν,
669 1311 764 1364 καὶ
787 1313 869 1376 είς
907 1314 1028 1367 τόδε
1058 1317 1256 1386 χρόνου
1286 1321 1416 1387 περὶ
1447 1320 1700 1375 πλείστου
1733 1340 1921 1376 ποιου-

354 1399 523 1470 μένῳ,
556 1401 654 1454 καὶ
683 1402 866 1474 πάσης
890 1406 1056 1477 ἄλλης
1083 1408 1434 1481 ἀνθρωπίνης
1462 1414 1765 1483 εὐημερίας
1792 1433 1926 1485 προ-

352 1492 857 1566 τιμῶντι,ιτάληθὲς
892 1499 1678 1578 εἰρήσεται.Συμμαρτυρήσει
1736 1509 1793 1562 δὲ
1830 1511 1925 1564 καὶ

358 1584 656 1656 Συναδηνδς
707 1584 884 1657 οὗτος,
934 1591 992 1655 ὃς
1044 1595 1167 1663 ἐμοὶ
1214 1598 1341 1661 τοὺς
1396 1597 1590 1666 λόγους
1648 1600 1918 1667 σύνοιδεν,

355 1677 653 1748 ἀξιόχρεως
674 1678 748 1733 ὢν
773 1682 909 1752 πρὸς
938 1685 1142 1751 πίστιν,
1168 1687 1299 1758 παρ’
1331 1690 1543 1744 ἐκείνου
1561 1690 1670 1762 γὰρ
1694 1692 1917 1762 ἀφῖκτο.

359 1769 434 1822 Τὸ
472 1771 582 1840 γάρ
624 1772 926 1842 Ἐμπυθίου
972 1778 1233 1848 φρούριον
1269 1782 1599 1853 πολιορκῶν,
1621 1786 1920 1857 πρεσϐείαν

355 1876 414 1912 τε
449 1861 590 1930 πρός
612 1879 680 1931 με
709 1863 798 1917 διὰ
823 1866 1016 1920 τούτου
1046 1871 1304 1938 ἐποιεῖτο,
1325 1874 1419 1927 καὶ
1448 1873 1740 1943 βούλεσθαι
1762 1877 1918 1947 ἔλεγε

358 1954 645 2022 συντυχεῖν
665 1955 798 2025 περί
832 1974 994 2013 τινων
1022 1959 1423 2033 διαλεξόμενος,
1468 1966 1794 2038 κακούργως
1822 1970 1922 2024 καὶ

351 2042 523 2096 ταῦτα
540 2044 634 2098 καὶ
651 2045 818 2119 ἀξίως
840 2049 1038 2105 ἑαυτοῦ
1057 2052 1509 2124 ὑποκρινόμενος,
1539 2058 1615 2122 ὡς
1643 2060 1923 2116 ἐδείκνυτο

351 2132 542 2198 σαφῶς
567 2133 676 2187 ἀπὸ
698 2135 808 2187 τῶν
841 2142 1253 2209 πραττομένων.
1287 2144 1628 2216 Συνθεμένου
1682 2149 1740 2201 δὲ
1783 2150 1922 2221 ἐμοῦ

353 2220 563 2310 (ᾠήθην
590 2226 888 2296 γάράὺτδν
922 2232 1053 2301 περὶ
1081 2234 1305 2305 εἰρήνης
1325 2236 1536 2294 ἐθέλειν
1552 2220 1921 2310 διαλέγεσθαι,

352 2307 421 2383 ἧς
451 2314 562 2383 ἐγὼ
621 2318 856 2388 μάλιστα
904 2323 1155 2393 ἐπιθυμῶ
1213 2327 1306 2379 καὶ
1358 2327 1463 2383 τῶν
1515 2331 1646 2400 περὶ
1703 2307 1919 2403 ἐκείνης

352 2405 545 2475 λόγων,
578 2408 680 2464 κᾶν
700 2428 802 2467 ωσι
825 2412 960 2485 πρὸς
982 2417 1197 2490 ἀπάτην
1223 2425 1732 2494 συνεσκευασμένοι,
1764 2427 1921 2496 ὀλίγα

350 2499 829 2589 πολυπραγμονῶν
860 2505 1140 2580 ἐξέχομαι)
1176 2511 1250 2583 μή
1281 2511 1543 2570 δύνασθαι
1574 2518 1736 2583 αὐτὸς
1765 2519 1919 2589 ἔλεγε

349 2588 647 2659 βασιλικῶς
673 2592 1065 2669 ἐσκευασμένῳ
1096 2602 1494 2671 συντυγχάνειν
1518 2619 1532 2635 ·
1573 2588 1918 2660 ἀδυνατώτε-

351 2698 445 2750 ρον
472 2682 531 2736 δὲ
559 2680 700 2738 εἶναι
721 2686 883 2751 πάλιν
902 2688 1001 2761 τὴν
1026 2691 1314 2765 βασιλικὴν
1339 2696 1537 2768 σκευὴν
1559 2699 1918 2755 ἀποτίθεσθαι

347 2772 453 2843 ἐμέ
481 2791 495 2806 ο
528 2775 662 2845 πρὸς
690 2775 726 2831 ει
749 2779 996 2836 ἐπίνοιάν
1019 2799 1141 2838 τινα
1168 2786 1336 2841 ἐδεῖτο
1372 2788 1735 2858 ἐξευρίσκειν.
1774 2793 1919 2860 Ἐγὼ

345 2863 394 2919 δ’
422 2866 559 2937 ὅπερ
575 2867 711 2938 ἔφην
729 2870 825 2938 τῆς
853 2872 1079 2945 εἰρήνης
1103 2876 1203 2946 τῆς
1225 2877 1520 2951 ἐπιθυμίας
1552 2881 1737 2949 ἕνεκα,
1754 2884 1917 2940 ’Δλλά

347 2958 446 3030 τὴν
472 2960 726 3031 ἀπορίαν,
757 2958 932 3031 εἷπον,
952 2967 1128 3038 ῥᾷστα
1167 2969 1432 3043 ἰασαίμην
1461 2972 1537 3027 ἂν
1556 2973 1688 3043 ἐγώ.
1730 2976 1917 3031 Ὤπλι-

351 3049 536 3119 σμένοι
568 3051 679 3124 γὰρ
712 3055 1056 3128 συμμίξομεν
1083 3058 1334 3130 ἀλλήλοις
1350 3063 1707 3147 ἀγνοούμενοι
1733 3067 1783 3119 εἰ
1816 3067 1916 3136 βα·

348 3140 563 3206 τιλικάς
605 3142 640 3213 ἢ
680 3145 955 3209 ἰδιωτικὰς
1000 3147 1146 3202 ἔνδον
1203 3149 1402 3222 ἔχομεν
1437 3140 1692 3225 ἐσθῆτας.
1725 3154 1790 3212 Εἰ
1820 3155 1915 3211 οὖν

2037 693 2138 749 hoc
2194 695 2336 750 illius
2395 697 2607 753 facinus
2650 708 2758 753 tam
2810 702 2971 756 valde
3006 702 3318 759 mirandum
3377 719 3599 763 censeo.

2027 784 2198 856 Cujus
2224 787 2370 842 enim
2408 789 2514 865 vita
2571 791 2753 846 omnis
2794 791 2930 846 nihil
2986 801 3092 859 est,
3155 794 3261 850 nisi
3327 796 3597 865 valrities,

2029 877 2353 947 rerjurium,
2378 863 2698 950 impostura,
2734 882 2939 953 quique
2976 883 3192 940 facilius
3235 886 3356 941 sine
3386 888 3567 957 aspira

2030 969 2176 1024 tione
2194 970 2356 1033 aeris.
2382 970 2546 1041 quam
2599 974 2718 1028 sine
2742 974 2831 1030 his
2892 974 3144 1044 spiritum
3177 976 3414 1042 duxerit,
3451 976 3595 1033 haud

2027 1062 2222 1116 mirum
2281 1064 2325 1117 si
2360 1063 2470 1118 Deo
2502 1065 2782 1121 mentiens
2832 1066 3076 1130 assidue,
3137 1067 3282 1138 apud
3342 1069 3598 1126 homines

2026 1167 2243 1223 quoque
2272 1154 2566 1209 vanitatem
2615 1170 2881 1227 usurpare
2919 1160 3196 1213 statuerit.
3231 1159 3353 1227 Ego
3386 1175 3523 1215 vero
3564 1176 3598 1213 κ

2026 1255 2197 1313 puero
2234 1245 2483 1301 veritatis
2512 1261 2725 1310 amans,
2765 1256 2820 1302 et
2862 1264 3035 1319 usque
3070 1251 3232 1306 hodie
3288 1252 3420 1306 tanti
3473 1266 3595 1308 eam

2028 1332 2249 1398 iaciens,
2286 1344 2346 1391 ut
2370 1337 2571 1391 nullam
2605 1339 2652 1392 ei
2689 1339 2980 1393 humanam
3013 1342 3441 1411 prosperitatem
3494 1356 3598 1396 an-

2029 1433 2302 1495 teponam,
2364 1428 2509 1495 quod
2536 1444 2723 1482 verum
2771 1440 2854 1483 est
2907 1430 3149 1500 eloquar.
3192 1430 3598 1487 Testimonium

2026 1521 2155 1575 mihi
2187 1522 2333 1576 dicet
2365 1523 2528 1576 etiam
2559 1523 2881 1592 Synadenus
2909 1527 3016 1591 hic,
3036 1541 3280 1581 meorum
3302 1529 3597 1583 verborum

2025 1613 2297 1678 conscius,
2325 1624 2379 1667 ct
2411 1614 2565 1668 testis
2599 1615 2700 1669 ﬁde
2752 1616 2970 1686 dignus,
3003 1617 3096 1688 qui
3146 1618 3215 1672 ab
3244 1618 3338 1673 illo
3394 1621 3461 1674 ad
3502 1634 3593 1674 me

2023 1706 2193 1759 venit.
2224 1694 2358 1759 Nam
2426 1706 2553 1759 dum
2587 1707 2871 1762 caStellum
2924 1709 3267 1778 Empytbium
3294 1709 3594 1771 obsideret.

2026 1796 2261 1866 legatum
2285 1796 2431 1852 hunc
2455 1797 2522 1851 ad
2548 1812 2635 1851 me
2665 1798 2814 1851 misit
2847 1816 2860 1851 :
2894 1807 2947 1852 et
2990 1798 3276 1855 aiiirmavit
3334 1815 3393 1856 se
3432 1801 3577 1856 collo

1951 1923 1994 1981 Β
2024 1888 2222 1957 quendi
2249 1888 2420 1959 gratia
2475 1902 2565 1941 me
2614 1897 2944 1943 conventum
2975 1892 3489 1960 cupere,‘ncquiter
3540 1898 3597 1947 ct

2024 1979 2186 2045 istuc,
2222 1987 2384 2048 atque
2421 1989 2481 2033 ιιι
2504 1978 2617 2035 suis
2644 1980 2887 2035 moribus
2915 1981 3140 2050 dignum
3163 1991 3284 2037 erat
3305 1982 3595 2051 simulans,

2024 2072 2168 2141 quod
2200 2071 2345 2126 facto
2374 2072 2520 2126 clare
2550 2072 2746 2141 patuit.
2788 2073 3080 2131 Annucntc
3135 2079 3318 2128 autem
3358 2088 3445 2128 me
3476 2077 3596 2146 (co-

2023 2164 2257 2234 gitabam
2289 2164 2433 2218 enim
2471 2163 2539 2216 de
2564 2166 2696 2233 pa‘ce
2732 2178 2947 2219 mecum
3000 2175 3275 2225 acturum.
3314 2166 3476 2234 cujus
3505 2179 3595 2220 me

2023 2255 2461 2326 cupidissimum,
2497 2264 2551 2309 et
2579 2270 2897 2310 sermonum
2944 2255 3014 2310 de
3048 2270 3112 2310 ea
3152 2255 3281 2310 licet
3332 2257 3398 2310 ad
3444 2254 3597 2311 frau-

2024 2349 2146 2404 dem
2171 2349 2596 2418 compositorum
2652 2363 2843 2418 parum
2882 2349 3163 2403 curiosum
3220 2360 3590 2405 scrutatorem

2023 2439 2193 2494 fuisse
2225 2439 2512 2505 conﬁteor)
2542 2448 2701 2508 atque
2732 2440 2789 2493 in
2832 2439 3073 2495 laetitiam
3125 2438 3320 2507 effuso,
3362 2442 3475 2510 ipse
3505 2456 3595 2495 me

2023 2532 2221 2602 alloqui
2252 2531 2308 2585 in
2337 2541 2485 2585 veste
2526 2531 2790 2601 imperiali
2829 2546 2989 2601 posse
3011 2531 3269 2601 negavit;
3303 2532 3440 2586 mihi
3493 2548 3592 2586 au-

2026 2635 2132 2680 tem
2164 2624 2283 2679 fore
2314 2624 2487 2677 multo
2519 2622 2791 2677 dili‘wilius
2838 2633 3092 2678 ornatum
3122 2624 3269 2678 hunc
3291 2622 3570 2692 deponere

2020 2716 2180 2788 603
2216 2716 2445 2785 ideoque
2498 2717 2765 2770 rationem
2791 2715 3029 2784 aliquam
3098 2729 3295 2770 novam
3351 2714 3589 2769 inveniri

2012 2809 2385 2869 desiderabat.
2415 2823 2519 2877 qua
2549 2808 3027 2879 congrederemur.
3065 2802 3203 2861 Tum
3242 2820 3344 2876 ego
3380 2806 3596 2876 cupidi-

1982 2909 1987 2914 ·
2024 2910 2133 2955 tate
2164 2902 2314 2971 pacis
2356 2899 2756 2965 inﬂammatus,
2790 2906 2850 2952 ut
2903 2897 3178 2966 dicebam,
3247 2897 3397 2968 atqui
3448 2897 3597 2952 hanc

2020 2992 2416 3056 dillicultatem,
2459 2991 2704 3061 inquam,
2733 3004 2846 3046 non
2903 2989 3121 3046 diliicile
3153 2993 3430 3046 sustulero
3464 3005 3478 3042 :
3506 3004 3596 3042 ar-

2021 3084 2152 3138 mati
2220 3082 2368 3138 enim
2415 3083 2823 3147 conveniomus,
2875 3089 2933 3136 ut
2991 3082 3442 3151 imperatorione,
3521 3094 3595 3134 an

2022 3173 2232 3242 privato
2266 3173 2464 3226 vestitu
2487 3171 2634 3225 intus
2659 3170 2789 3225 tecti
2824 3170 3018 3233 simus,
3055 3170 3361 3240 ignoretur.
3393 3168 3597 3224 Utrum

347 3231 509 3287 τοῦτο
544 3235 783 3306 συνθήκη
813 3238 905 3292 τοῦ
935 3238 1034 3305 τὴν
1061 3232 1344 3310 βασιλείαν
1395 3245 1548 3299 ἐστὶν
1573 3246 1915 3317 ἀποθέμενον

2023 3231 2186 3336 igitur
2225 3265 2329 3320 hoc
2361 3273 2577 3334 pactum
2628 3266 2701 3318 sit
2760 3231 3010 3332 aliquod,
3043 3231 3276 3332 imperio
3335 3259 3595 3330 deposito

351 3324 639 3391 ἰδιωτικῶς
672 3327 795 3400 ζῇν,
829 3328 1021 3402 ὥσπερ
1060 3332 1284 3396 Ἐκεῖνος
1331 3336 1751 3405 καταψεύδεται,
1793 3341 1914 3410 κρίς

350 3430 474 3465 νατε
506 3413 705 3485 ὑμεῖς..
730 3418 793 3471 Εἰ
828 3417 873 3471 δ’
904 3420 1107 3491 ἑτέρως
1166 3423 1198 3493 ἢ
1229 3422 1417 3494 ὥσπερ
1451 3425 1615 3492 αὐτὸς
1665 3430 1914 3507 είρήκειν

347 3503 482 3574 ἔχει,
511 3506 539 3558 ὁ
570 3506 869 3578 Συναδηνὸς
911 3511 1105 3583 παρὼν
1160 3512 1519 3586 ὲξελεγχέτω·
1562 3519 1679 3574 ἀλλ’
1710 3503 1813 3576 οὐκ
1843 3523 1911 3578 ἂν

344 3593 582 3650 δύναιτο.
618 3596 760 3666 Πρὸς
788 3599 887 3667 μὲν
913 3598 1004 3652 οὖν
1051 3601 1177 3666 τοὺς
1227 3603 1665 3676 ὀνομαζομένους
1717 3609 1914 3681 ἄρχον-

345 3704 465 3752 τας,
485 3689 534 3741 οἶ
553 3688 894 3760 δικαιότερον
922 3692 989 3746 ἂν
1026 3693 1228 3763 μᾶλλον
1259 3696 1569 3767 ἀνδράποδα
1603 3700 1700 3755 καὶ
1732 3703 1913 3760 δοῦλοι

345 3775 617 3846 καλοῖντο,
669 3781 765 3834 καὶ
817 3781 918 3852 τὴν
971 3789 1476 3859 παρακοιμωμένου
1534 3792 1913 3863 ψευδολογίαν,

343 3869 572 3939 ἀρκέσει
620 3872 716 3926 καὶ
749 3871 818 3927 τά
869 3875 1137 3945 εἰρημένα
1178 3879 1282 3949 τήν
1329 3897 1391 3935 τε
1438 3882 1627 3938 ἄνοιαν
1685 3886 1914 3939 ἐκείνων

346 3966 446 4018 καὶ
478 3967 810 4037 φαυλότητα,
846 3987 940 4024 και
970 3973 1069 4044 τὴν
1100 3977 1311 4030 ικείνου
1339 3978 1645 4048 μοχθηρίαν
1676 3983 1914 4055 ἀπελέγιᾱ

342 4073 482 4151 χειν.
516 4058 660 4129 Πρὸς
704 4060 760 4113 δὲ
790 4062 888 4134 τὴν
917 4066 1061 4135 πρὸς
1098 4069 1446 4141 πατριάρχην
1482 4072 1782 4143 ἀπολογίαν
1806 4078 1909 4151 ἤδη

342 4150 640 4240 τρέψομαι.
676 4153 776 4208 “Av
804 4153 852 4209 δ’
906 4155 1011 4210 ὑπὸ
1037 4157 1145 4211 τῶν
1168 4159 1345 4230 λόγων
1374 4163 1754 4236 ἀπελέγχηται
1779 4170 1912 4240 ψευ-

340 4238 567 4312 δόμενος
600 4243 696 4298 καὶ
740 4246 1019 4318 ἐπιορκῶν
1050 4248 1240 4317 αὐτὸς,
1275 4253 1369 4306 καὶ
1398 4254 1507 4310 τῶν
1532 4238 1911 4326 αἰμάτωνήκαὶ

341 4331 453 4389 τῶν
503 4332 682 4400 φόνων
713 4334 888 4399 αἴτιος
939 4338 1037 4391 καλ⁵
1064 4341 1174 4394 τῶν
1205 4343 1415 4412 μυρίων
1473 4346 1684 4415 κακῶν,
1717 4349 1754 4402 ἃ
1779 4353 1909 4414 τοὺς

341 4421 719 4492 ταλαιπώρους
765 4425 1072 4496 Ῥωμαίους
1103 4431 1358 4485 τοσοῦτον
1388 4433 1490 4505 ἤδη
1521 4426 1743 4509 κατέχει
1786 4443 1909 4511 χρό-

340 4531 456 4578 νον,
485 4508 557 4569 ὦν
588 4517 749 4580 αὐτὸς
793 4518 850 4572 ὲν
896 4521 1009 4584 τοίς
1040 4521 1365 4592 γράμμασιν
1415 4528 1588 4581 αἴτιον
1618 4508 1717 4599 ἐμὲ
1748 4508 1909 4601 γεγε-

2024 3355 2361 3426 privatorum
2419 3367 2572 3408 more
2599 3352 2845 3421 vivendi,
2883 3361 2944 3408 ut
3004 3352 3096 3408 ille
3150 3353 3434 3416 mentitur,
3491 3366 3595 3407 vos

2017 3448 2341 3520 judicatote.
2385 3444 2441 3499 Si
2474 3444 2632 3499 aliter
2666 3453 2751 3499 est
2804 3458 2870 3499 ac
2916 3444 3057 3509 dico,
3118 3443 3440 3515 Synadenus
3498 3442 3589 3497 hic

2023 3553 2260 3610 praesens
2283 3552 2372 3591 me
2401 3536 2634 3599 refellat,
2671 3535 2817 3606 quod
2842 3549 2950 3590 non
2975 3535 3193 3604 poterit.
3228 3534 3311 3589 Ad
3356 3549 3452 3589 eos
3492 3532 3595 3602 igi-

2022 3639 2130 3696 tur,
2166 3631 2257 3700 qui
2285 3631 2579 3684 archontes
2627 3639 2892 3695 vocantur
2930 3626 3152 3699 (melius
3213 3625 3508 3695 mancipia,
3537 3633 3592 3679 et

2022 3724 2162 3780 servi
2189 3723 2622 3794 nominarentur)
2668 3730 2723 3777 et
2786 3720 2854 3776 ad
2916 3718 3397 3786 mendaciloquum
3450 3731 3592 3786 prte-

2022 3815 2224 3871 fectum
2255 3813 2517 3876 cubiculi,
2551 3813 2616 3865 ad
2646 3812 2904 3875 illorsnm,
2926 3810 3170 3877 inquam,
3200 3807 3586 3871 stoliditatem,

2020 3916 2076 3961 et
2100 3905 2398 3971 inscitiam,
2432 3913 2489 3959 et
2525 3903 2688 3973 hujus
2725 3901 3144 3971 perversitatem
3164 3897 3588 3970 coarguendam,

2019 4001 2153 4056 satis
2181 3999 2388 4053 dictum
2437 4005 2541 4052 est.
2572 3995 2833 4064 Sequitur
2884 4004 2946 4048 ut
2978 3992 3305 4064 patriarchae
3364 4005 3595 4059 respona

2019 4092 2226 4146 deam:
2277 4101 2440 4158 quem
2506 4083 2551 4140 si
2604 4084 2949 4147 mendacem,
3001 4097 3067 4136 ac
3122 4080 3426 4152 periurum,
3483 4093 3589 4133 cano

2017 4180 2299 4249 diumque,
2326 4184 2385 4231 et
2436 4174 2595 4230 eﬂusl
2635 4173 2941 4245 sanguinis,
2992 4182 3049 4227 et
3095 4172 3241 4226 mille
3293 4171 3584 4234 malorum,

2018 4286 2141 4342 qua;
2165 4269 2411 4325 infelices
2432 4265 2708 4321 Romanos
2743 4265 2934 4333 tandiu
2979 4262 3297 4334 opprimunt
3327 4261 3591 4332 (quorum

2019 4381 2105 4421 me
2127 4354 2369 4435 .propter'
2388 4360 2603 4431 imperii
2659 4358 2975 4428 cupidinem
3031 4370 3252 4411 causam
3306 4355 3478 4410 fuisse
3527 4354 3588 4408 in

2018 4456 2216 4511 litteris
2243 4456 2700 4518 autumat),reum
2730 4449 3061 4517 probavero,
3085 4460 3155 4500 ne
3185 4445 3256 4500 ob
3305 4459 3427 4499 eam
3461 4457 3588 4513 pro-

2020 4547 2317 4608 bationem,
2361 4541 2827 4615 ignominiamque
2858 4538 2927 4592 ad
2978 4551 3037 4592 se
3101 4550 3169 4590 ex
3226 4534 3414 4590 verbis
3444 4533 3585 4587 meis

347 4606 540 4673 ν’ἡσθαι
567 4605 717 4676 λέγει
751 4609 1169 4682 ἐπιθυμήσαντα
1202 4615 1299 4683 τῆς
1330 4592 1907 4694 βασιλείαςίμὴνὲμοὶ

2784 4630 2860 4685 illi
2920 4643 2951 4683 a
3002 4643 3112 4698 quo
3160 4625 3271 4680 huc
3314 4624 3586 4680 deductus

270 4758 273 4759 ν
342 4695 434 4750 τὸν
463 4696 682 4768 ἔλεγχον
726 4699 1184 4770 προσλογίζεσθαι
1215 4705 1308 4757 καὶ
1367 4708 1465 4777 τὴν
1505 4711 1770 4783 αἰσχύνην
1807 4715 1908 4784 τὴν

341 4789 452 4842 ἀπὸ
481 4790 593 4842 τῶν
624 4790 818 4859 λόγων,
850 4791 965 4845 ἀλλ’
999 4795 1194 4867 ἐκείνῳ
1223 4796 1299 4867 τῷ
1320 4800 1455 4869 πρὸς
1482 4801 1707 4868 τούτους
1734 4823 1909 4860 κατα-

342 4879 622 4946 στήσαντι.
660 4882 827 4950 Λέγει
859 4885 1060 4952 τοίνυν,
1094 4885 1168 4950 ὡς
1197 4887 1307 4957 ἐγὼ
1340 4890 1468 4954 τοὺς
1507 4878 1644 4963 πρὸς
1683 4894 1911 4965 βασιλέα

339 4971 537 5039 ὅρκους
561 4973 845 5043 παραϐὰς,
872 4978 965 5029 καὶ
996 4977 1095 5049 τὴν
1121 4978 1442 5053 θαυμαστὴν
1472 4985 1689 5055 εκείνην
1719 4988 1909 5056 φιλίαν

341 5061 639 5132 ἀθετήσας,
669 5064 761 5135 ὑφ’
794 5060 865 5138 ἦς
896 5068 1050 5139 παρά
1085 5069 1264 5125 πάντα
1288 5073 1380 5125 τὸν
1405 5076 1612 5129 ἑκείνου
1643 5077 1757 5148 βίον
1785 5079 1912 5133 πολ-

341 5152 451 5208 λῶν
505 5156 789 5212 ἀπέλαυσα
822 5159 919 5213 καὶ
972 5161 1233 5231 μεγάλων
1259 5165 1507 5233 ἀγαθῶν,
1543 5168 1911 5224 ἐπεϐούλευσα

341 5519 377 5589 ή
411 5517 569 5588 ὕϐρις
597 5522 677 5586 εἰς
704 5522 763 5576 τὸ
790 5525 950 5595 σῶμα
1001 5527 1288 5593 διαϐαίνει,
1317 5533 1524 5601 ήνεγκα
1569 5535 1634 5587 ἂν
1666 5539 1790 5605 σιγῇ
1811 5536 1910 5606 τὴν

340 5612 680 5682 κατηγορίαν
710 5616 850 5669 αἰδοῖ
894 5620 960 5688 τῇ
1013 5622 1152 5689 πρὸς
1190 5623 1353 5675 αὐτόν
1384 5641 1396 5653 ⁸
1435 5626 1485 5677 εἰ
1516 5625 1560 5676 δ’
1622 5626 1909 5698 ἐπιορκίας

340 5698 550 5769 δ.ὠκει,
577 5704 611 5776 η
636 5706 791 5761 οὐδὲν
836 5709 1092 5774 ἀσεϐείας
1143 5713 1450 5784 διενήνοχεν
1484 5717 1755 5787 (ἐπιορκία
1781 5719 1910 5791 γὰρ,

2006 4749 2112 4804 est,
2145 4737 2433 4792 irascatur.
2474 4726 2564 4780 Ait
2592 4723 2777 4793 igitur,
2810 4736 2897 4775 me
2916 4719 3233 4791 iuramento
3264 4716 3587 4771 Andronico

2011 4823 2327 4902 imperatori
2358 4826 2624 4888 concepto
2659 4813 3043 4879 deiicientem,
3077 4820 3132 4867 et
3173 4808 3587 4902 memorabile,"

2012 4898 2161 4976 illam
2184 4913 2504 4973 amicitiam,
2537 4923 2603 4963 es
2637 4921 2744 4975 qua
2766 4904 2946 4976 quoad
2998 4903 3091 4958 ille
3127 4898 3408 4973 superstes
3458 4899 3581 4962 fuit,

2013 4970 2317 5080 complura,
2340 5013 2397 5058 et
2429 4970 2723 5071 singularia
2756 4970 2912 5053 bona.
2920 4997 3023 5052 sim
3049 4996 3300 5065 adeptus,
3331 4993 3585 5047 dissuen-

2013 5112 2144 5164 tem,
2171 5106 2292 5169 post
2321 5094 2534 5150 obitum
2562 5092 2740 5155 uxori,
2776 5096 2834 5145 et
2860 5088 3048 5144 liberis
3074 5086 3196 5156 ejus
3227 5084 3455 5171 in‘sidias
3487 5098 3585 5153 pa-

2013 5193 2241 5247 ravisse.
2299 5186 2356 5241 Si
2415 5202 2502 5239 me
2555 5181 3012 5252 intemperantiae,
3072 5178 3334 5250 stuporis,
3380 5177 3587 5232 timidi.

2018 5280 2166 5342 tatis,
2194 5284 2290 5331 aut
2316 5273 2546 5342 alicujus
2572 5286 2789 5338 eorum,
2826 5285 2946 5340 quae
2970 5271 3357 5339 temporariam
3381 5266 3584 5321 habent

1884 5382 1911 5395 ·
2020 5364 2528 5437 reprehensionem,
2564 5371 2620 5415 et
2671 5376 2903 5431 quorum
2931 5360 3259 5415 contumelia
3289 5360 3356 5413 ad
3385 5373 3584 5427 corpus

2019 5458 2251 5521 transit,
2300 5460 2606 5518 accusaret,
2672 5466 2774 5521 ego
2817 5451 3219 5505 accusationem
3277 5449 3582 5503 reverentia

2016 5548 2159 5603 illius
2194 5546 2438 5602 tulissem
2477 5544 2695 5598 tacitus.
2732 5542 2868 5607 Quia
2914 5557 3047 5596 vero
3074 5541 3299 5610 periurii
3352 5540 3583 5595 insimu-

2017 5641 2132 5702 lat,
2166 5654 2286 5707 qua:
2356 5635 2490 5690 nihil
2545 5635 2613 5689 ab
2684 5631 2959 5702 impietate
3020 5630 3203 5687 diﬂ‘ert
3258 5631 3582 5702 (periurium

2016 5728 2186 5792 enim,
2220 5726 2412 5796 inquit,
2441 5734 2524 5780 est
2552 5722 2765 5794 negatio
2794 5719 2895 5776 Dei
2927 5719 3088 5793 [36]),
3114 5721 3241 5794 quid
3272 5730 3458 5787 restat,
3476 5723 3581 5778 nisi

1568 5835 1786 5896 Jacobi
1828 5838 2093 5902 Pontani
2120 5850 2305 5905 nota}.

420 5919 534 5987 (Elii
569 5921 665 5978 Est
694 5922 745 5977 in
778 5927 1061 5982 sententiis
1090 5930 1414 5987 Nazianzeni
1445 5936 1776 5991 tetrastichis
1810 5943 2172 5997 tetrametris:

875 6017 1093 6084 Ὅρκον
1119 6023 1185 6075 δὲ
1239 6026 1418 6095 φεῦγε
1444 6026 1657 6080 mirm'
1694 6027 1817 6094 πῶς
1847 6025 1958 6084 οὖν
2008 6034 2299 6101 πείσομεν
2328 6049 2345 6095 ;
