4066 6298
564 434 704 503 1139

1757 449 2078 514 JOANNIS
2117 451 2642 523 CANTACUZENI

3634 465 3746 541 illi)

567 568 623 613 ut
661 560 874 631 objecta
904 552 1134 617 crimina
1174 562 1414 618 refellam
1453 563 1647 631 libere,
1684 565 1976 637 ipsumque
2013 577 2173 631 tan-4

2160 570 2207 631 Α
2239 578 2428 644 φησὶν,
2461 578 2693 650 ἄρνησις
2728 578 2910 653 Θεοῦ),
2931 581 2986 636 τί
3024 581 3229 648 λοιπὸν,
3259 585 3292 654 ἢ
3321 585 3454 655 μετά
3485 592 3743 663 παρῤησίας

564 660 836 708 ῑιιηιοεεεθ
872 654 1114 724 perjurio
1143 653 1489 725 implicitum,
1528 665 1793 726 quantum
1830 673 1927 715 me,
1970 660 2045 715 ab
2065 675 2133 716 eo

2238 668 2575 722 ἀπολύεσθαι
2602 669 2671 722 τά
2701 670 3047 741 ἐγκλήματα,
3086 674 3182 727 καὶ
3225 675 3387 731 αὐτὸν
3418 680 3744 740 ἀποδεικνύναι

565 748 874 818 sejunctum
895 747 1300 802 demonstrem?
1318 746 1471 814 Quod
1496 748 1657 819 igitur
1668 749 1858 806 attinet
1875 751 1943 807 ad
1965 753 2137 808 beatae

2136 780 2137 801 ι
2237 760 2498 813 τοσοῦτον
2526 764 2594 832 τῇ
2639 763 2896 835 ἐπιορκία
2936 765 3283 835 ἐνεχόμενον,
3318 768 3350 837 ἢ
3386 769 3501 822 ὅσον
3548 773 3742 841 ἐμαυτὸν

570 840 850 895 memorias
898 839 1282 908 imperatorem
1331 838 1503 915 illum,
1556 840 1801 896 omnium
1839 843 1975 898 mihi
2005 845 2137 900 cha-

540 929 866 993 rissimum,
916 937 972 985 et
1005 930 1125 1001 ipsa
1151 922 1484 986 anima’mea
1522 931 1902 1000 pretiosiorem
1949 934 2136 1006 (quem

564 1028 623 1075 et
650 1020 927 1076 viventem
973 1021 1398 1092 complectebar,
1428 1031 1480 1078 et
1522 1023 1768 1093 quemvis
1820 1041 1919 1094 pro
1959 1042 2024 1082 eo
2058 1028 2138 1082 la—

562 1108 751 1163 berem
780 1107 1007 1162 delicias
1036 1111 1379 1179 reputabam,
1422 1112 1689 1184 cujusque
1712 1114 1955 1171 defuncti
1976 1116 2138 1175 inde-

561 1197 780 1253 lebilem
835 1200 1155 1254 memoriam
1188 1201 1534 1273 circumfero)
1586 1220 1766 1275 neque
1803 1207 2019 1274 jurasse
2053 1224 2138 1264 me

562 1290 643 1345 illi
695 1290 949 1358 dixerim,
998 1308 1176 1362 neque
1231 1294 1550 1364 ppjerasse;
1584 1297 1852 1367 siquidem
1889 1315 1961 1355 ne
2004 1302 2136 1372 quid

565 1381 635 1437 de
698 1398 789 1437 me
845 1383 1132 1439 sinistrum
1196 1388 1590 1456 suspicaretur,
1648 1390 1972 1459 juramentis
2002 1396 2139 1450 meis

563 1486 845 1542 nunquam
881 1473 1132 1543 indiguit,
1163 1491 1287 1530 cum
1332 1479 1675 1547 quotidiana:
1727 1484 1974 1540 actiones
2004 1502 2139 1542 mea:

569 1564 640 1618 ad
683 1565 870 1629 fidem,
921 1576 976 1621 et
1002 1584 1320 1639 germanum
1351 1586 1590 1629 amorem
1620 1590 1797 1628 meum
1831 1591 1956 1647 erga
1987 1577 2136 1635 illum

564 1655 932 1725 prodendum,
965 1658 1110 1713 mille
1137 1654 1465 1728 iuramentis
1493 1665 1899 1725 antecellerent.
1926 1668 2137 1726 Etenim

566 1761 680 1801 non
700 1762 816 1813 eos,
842 1763 871 1800 a
899 1750 1097 1818 quibus
1121 1767 1285 1821 grave
1311 1753 1382 1806 nil
1414 1756 1689 1822 timemus,
1700 1759 1803 1826 sed
1823 1761 1989 1833 604.
2013 1764 2140 1833 qui-

564 1837 668 1892 bus
699 1839 939 1895 maxime
967 1840 1267 1898 difﬁdimus
1288 1845 1354 1900 ad
1372 1845 1665 1914 jurandum
1687 1865 1884 1920 cogere
1907 1869 2139 1910 consue-

564 1928 770 1985 vimus.
803 1930 927 1985 Non
967 1940 1148 1987 tamen
1217 1946 1505 2004 propterea
1565 1940 1886 1997 criminibus
1908 1960 1993 2000 me
2042 1948 2140 2001 ab-
2172 1917 2218 1972 Β

567 2021 707 2076 salvi
770 2022 912 2089 volo,
946 2024 993 2079 si
1035 2025 1253 2079 interim
1291 2029 1438 2085 illius
1478 2030 1601 2087 filiis
1647 2042 1772 2103 post
1800 2034 1920 2104 ejus
1947 2053 1979 2092 e
2034 2039 2144 2094 vita

569 2111 880 2170 discessum
940 2117 1231 2186 insidiatus
1265 2120 1470 2175 videar.
1510 2123 1769 2195 Perarque
1813 2130 1957 2183 enim
2004 2130 2144 2200 inju-

570 2205 737 2260 stitite
769 2206 928 2276 culpa
963 2218 1206 2276 tenetur,
1237 2209 1282 2264 si
1306 2212 1428 2281 quis
1459 2212 1749 2283 injuratus,
1779 2226 1836 2271 ut
1857 2218 1902 2274 si
1929 2220 2146 2288 juratus

570 2295 779 2364 injuste
822 2300 1019 2368 egerit.
1054 2299 1162 2355 Sed
1203 2302 1308 2357 hoc
1341 2304 1503 2373 quale
1545 2306 1639 2372 sit,
1690 2316 1813 2375 post
1860 2310 2148 2366 refutatio-

567 2403 694 2442 nem
724 2389 924 2458 objecti
959 2390 1260 2460 juramenti
1289 2394 1807 2453 considerabimus:
1847 2416 1992 2456 nunc
2044 2403 2148 2458 hoc

567 2477 748 2549 ipsum
809 2482 1179 2553 patriarcbam
1236 2485 1572 2543 calumniose
1617 2491 1833 2545 mentiri
1867 2493 1973 2558 aio,
2002 2494 2148 2563 quod

568 2587 658 2626 me
690 2572 876 2628 datum
911 2574 1227 2645 imperatori
1252 2577 1626 2645 juramentum
1654 2582 1908 2639 habuisse
1933 2585 2147 2640 irritum

569 2662 787 2718 asserit.
815 2662 871 2717 Si
899 2665 1214 2734 juramenta
1251 2669 1520 2740 inti-lligit,
1551 2687 1672 2742 quae
1710 2675 2042 2743 imperatrici
2089 2687 2146 2733 et

568 2754 884 2822 imperatori
909 2755 1347 2824 filiojuraverim,
1368 2762 1602 2829 primum
1637 2764 1853 2837 quidem
1882 2782 1983 2821 uec
2016 2768 2155 2837 ipsis

564 2842 773 2913 juravi,
807 2860 933 2901 cum
958 2848 1011 2901 id
1045 2848 1193 2904 nulla
1221 2851 1522 2907 necessitas
1542 2855 1866 2924 requireret,
1895 2866 1951 2913 et
1973 2860 2039 2914 ad
2064 2876 2152 2916 me

571 2936 982 2995 defendendum
1008 2941 1256 2997 eamdem
1314 2944 1617 3001 orationem
1674 2949 1856 3007 valere
1900 2964 2152 3022 oportere

572 3029 723 3093 dico.
766 3048 873 3103 qua
903 3032 972 3090 de
1002 3035 1339 3107 imperatore
1363 3055 1494 3095 usus
1550 3056 1671 3096 sum
1723 3058 1738 3096 :
1773 3046 1917 3113 quod
1953 3061 2151 3117 nempe

572 3124 738 3179 etiam
793 3126 913 3181 sine
941 3127 1255 3197 juratnento
1282 3146 1384 3186 nec
1419 3133 1526 3189 illis
1576 3135 1849 3205 quispiam
1900 3138 2151 3194 insidiari

2242 849 2476 921 μάλιστα
2535 853 2887 925 ἀφεστηκότα
2916 870 2935 921 ;
2967 856 3112 926 Πρὸς
3163 858 3261 928 μὲν
3313 858 3404 912 οῦν
3439 860 3639 931 βασιλέα
3674 866 3745 920 τὸν

2242 943 2517 1013 μακάριον
2549 946 2760 999 ἐκεῖνον
2795 945 2889 1000 τδν
2924 947 3086 1002 πάντ’
3138 948 3263 1019 ἐμοὶ
3298 949 3544 1020 φίλτατον
3565 956 3644 1007 καὶ
3673 974 3747 1009 κε.

2240 1035 2419 1106 φαλῆς
2475 1038 2801 1109 τιμιώτερον
2836 1041 3045 1111 ἀὐτῆς,
3094 1036 3157 1097 οὗ
3206 1044 3299 1096 καὶ
3325 1040 3518 1107 ζῶντος
3557 1047 3748 1114 μάλιστα

2242 1130 2625 1201 περιειχόμην,
2652 1135 2748 1185 καὶ
2780 1132 2960 1187 πάντα
2987 1135 3148 1188 πόνον
3180 1134 3319 1204 ὑπὲρ
3351 1136 3550 1189 ἐκείνου
3576 1140 3747 1208 τρυφὴν

2240 1221 2514 1293 ἡγούμην,
2551 1224 2646 1277 καὶ
2686 1225 2827 1294 μετά
2874 1225 2975 1296 τὴν
3011 1226 3270 1298 τελευτὴν
3306 1229 3638 1300 ἀνεπίληστον
3673 1233 3749 1301 τὴν

2245 1313 2469 1383 μνήμην
2494 1314 2803 1384 περιφέρω,
2836 1314 2949 1368 οὔτ’
2984 1317 3338 1387 ὀμωμοκέναι
3369 1318 3527 1390 φαίην
3558 1320 3633 1383 ἂν,
3664 1321 3750 1375 οὔτ’

2240 1406 2696 1476 ἐπιωρκηκέναι·
2748 1407 2870 1461 οὐδὲ
2904 1408 3015 1479 γὰρ
3040 1408 3221 1478 ὅρκων
3271 1409 3460 1481 ἐδεήθη
3511 1412 3645 1475 ποτὲ,
3680 1413 3749 1467 τοῦ

2243 1498 2412 1567 μηδὲν
2452 1498 2660 1565 φαῦλον
2694 1498 3026 1554 ὑποπτεύειν
3054 1500 3219 1554 ἕνεκα
3250 1503 3376 1571 περὶ
3406 1500 3551 1570 ἐμοῦ.
3585 1502 3641 1554 Ai
3669 1501 3751 1572 γὰρ

2243 1586 2570 1657 καθημέραν
2626 1588 2856 1659 πράξεις
2894 1591 3103 1662 μυρίων
3146 1592 3328 1663 ὅρκων
3364 1588 3499 1663 ἦσαν
3530 1593 3752 1660 ίσχυρότε-

2246 1694 2361 1748 ραι,
2393 1678 2493 1747 τὴν
2524 1677 2663 1749 πρδς
2695 1681 2905 1734 ἐκεῖνον
2928 1682 3064 1750 ἐμοῦ
3098 1680 3284 1735 πίστιν
3314 1683 3406 1735 καί⁸
3431 1681 3603 1751 ,φιλίαν
3621 1681 3753 1734 καθα·

2245 1769 2346 1839 ρὰν
2360 1769 2770 1825 ἀποδεικνῦσαι.
2787 1772 2925 1835 Τοὺς
2944 1772 3053 1842 γάρ
3068 1774 3289 1843 ὅρκους,
3307 1772 3367 1825 οὐ
3385 1764 3505 1840 παρ’
3525 1765 3590 1826 ὧν
3611 1772 3755 1841 δυσχε-

2249 1861 2338 1932 ρὲς
2356 1862 2748 1932 εὖποπτεύομεν
2765 1865 2942 1931 οὐδὲν,
2967 1864 3084 1917 ἀλλ’
3103 1858 3185 1925 οἷς
3215 1865 3448 1934 μάλιστα
3475 1863 3753 1931 ἀπιστοῦμεν

2247 1954 2521 2025 εἰώθαμεν
2563 1955 2845 2010 ποιεῖσθαι
2903 1955 3408 2026 προσαναγκάζειν.
3448 1957 3520 2009 Οὐ
3559 1957 3650 2024 μὴν
3689 1955 3754 2007 διὰ

2242 2046 2405 2101 τοῦτο
2433 2048 2797 2118 ἐγκλημάτων
2819 2047 3158 2103 ἀπολύεσθαι
3182 2046 3406 2112 δικαιῶ,
3438 2048 3500 2102 ἂν
3527 2048 3626 2111 τοῖς
3649 2046 3757 2100 iusin

2246 2155 2340 2195 νου
2373 2140 2660 2211 φαίνωμαι
2689 2141 2846 2194 παισὶ
2905 2142 3045 2211 μετά
3096 2142 3196 2211 τὴν
3246 2142 3498 2211 τελευτὴν
3527 2140 3757 2193 ἐπιϐεϐου-

2247 2230 2480 2295 λευκώς.
2528 2231 2764 2301 Ὁμοίως
2795 2231 2926 2315 γὰρ⁴
2939 2231 3006 2287 ἀν
3063 2249 3147 2296 τις
3178 2233 3421 2303 ἐνέχοιτο
3452 2234 3554 2295 τοῖς
3597 2231 3756 2299 ἐγκλῄ·

2249 2340 2385 2394 μασι
2405 2324 2506 2396 τῆς
2522 2324 2737 2389 ἀδικίας
2762 2324 2828 2380 ἄν
2850 2325 2900 2378 τ’
2914 2324 3250 2396 ὀμωμοκὼς,
3270 2326 3338 2379 ἀν
3354 2342 3413 2378 τε
3438 2326 3591 2393 χωρὶς
3618 2325 3757 2391 ὅρκων

2245 2416 2486 2487 ἀδικοίη.
2510 2415 2683 2472 Τοῦτο
2707 2418 2810 2485 μὲν
2833 2415 2926 2470 οῦν
2960 2419 3100 2487 μετά
3132 2418 3246 2472 τῶν
3274 2418 3450 2489 ὅρκων
3476 2417 3565 2486 τὴν
3589 2414 3759 2468 ἀπόδει-

2249 2510 2332 2576 ξιν
2360 2508 2714 2580 ἐξετάσομεν.
2748 2510 2889 2565 Νυνὶ
2935 2511 2982 2563 δ’
3037 2510 3170 2564 αὐτὸ
3194 2510 3360 2565 τοῦτο
3400 2509 3663 2579 ψεύδεσθαι
3690 2508 3763 2604 καὶ

2250 2602 2613 2669 συκοφαντεῖν
2645 2600 2738 2655 τὺν
2790 2600 3143 2671 πατριάρχην
3200 2602 3371 2672 φαίην
3417 2599 3480 2655 ἂν
3533 2599 3759 2668 φάσκοντά

2248 2693 2581 2763 ὴθετηκέναι
2639 2694 2769 2757 τοὺς
2798 2692 2938 2764 πρὸς
2974 2693 3201 2764 βασιλέα
3237 2694 3456 2764 ὅρκους.
3508 2695 3566 2746 Ei
3589 2693 3639 2747 δὲ
3666 2692 3761 2751 τοὺς

2250 2780 2388 2851 πρὸς
2425 2780 2676 2848 βασιλίδα
2709 2780 2861 2848 λέγει
2893 2782 2990 2835 καὶ
3024 2780 3257 2853 βασιλέα
3285 2782 3376 2837 τὸν
3432 2781 3561 2847 υίὸν,
3592 2780 3761 2849 πρῶτον

2253 2873 2351 2943 μὲν
2381 2872 2490 2927 οὐδ’
2522 2873 2708 2936 αὐτοῖς
2730 2871 2999 2945 πρότερον
3016 2872 3312 2944 ὀμώμοκε..
3342 2874 3475 2927 οὐδὲ
3499 2872 3601 2951 γάρη
3620 2869 3759 2922 ἐκάλει

2251 2965 2412 3038 χρεία
2448 2983 2553 3029 τις.
2592 2966 2699 3020 Τὸν
2735 2966 2851 3021 ἴσον
2886 2966 2945 3020 δέ
2968 2966 3128 3035 λόγον
3157 2966 3260 3022 καὶ
3286 2969 3414 3037 περὶ
3439 2965 3600 3020 αὐτῶν
3617 2962 3762 3028 ὥσπερ

2252 3058 2350 3113 καὶ
2377 3059 2508 3129 περὶ
2536 3056 2803 3127 βασιλέως
2831 3076 2904 3129 φη
2917 3059 2980 3129 μὶ
3008 3059 3218 3115 δίκαιον
3269 3057 3408 3115 εἶναι
3443 3056 3699 3122 σώζεσθαι,
3718 3052 3761 3104 ti

2253 3149 2348 3204 καὶ
2373 3151 2545 3220 χωρὶς
2571 3151 2752 3218 ὅρκων
2807 3150 2935 3204 τινὰ
2975 3150 3114 3220 μηδὲ
3153 3152 3343 3214 αὐτοῖς
3373 3150 3562 3216 ἐξεῖναι
3586 3145 3760 3201 ἐπιδου-

574 3226 764 3286 queat,
800 3232 979 3289 neque
1030 3206 1262 3292 imperio
1319 3239 1416 3280 eos
1473 3240 1728 3292 movere,
1773 3230 1874 3284 nisi
1927 3231 2180 3290 manife-i

2177 3249 2223 3310 α
2255 3206 2471 3306 usus},
2493 3206 2630 3312 μηδέ
2669 3206 3070 3312 παραιρεῖσθαι
3103 3243 3206 3311 τὴν
3256 3206 3448 3312 ἀρχὴν,
3483 3242 3528 3292 εί
3556 3237 3621 3309 μὴ
3642 3250 3761 3301 φανε-

571 3317 720 3363 otum
756 3311 937 3366 scelus
969 3312 1256 3383 designare
1283 3315 1538 3372 voluerit.
1583 3317 1676 3372 Sin
1716 3320 1784 3374 de
1822 3321 2152 3391 juramentis

2259 3334 2370 3404 ρῶς
2419 3311 2627 3404 αἱροῖτο
2661 3311 2890 3390 ἀδικεῖν.
2924 3333 2988 3388 Et
3038 3333 3096 3387 δὲ
3124 3334 3257 3399 τοὺς
3291 3311 3513 3403 ὕστερον
3536 3330 3613 3384 ἐπ’
3638 3322 3759 3381 αὐτοῦ

569 3398 813 3470 loquitur
833 3443 849 3469 ,
891 3419 1011 3472 quae
1041 3403 1144 3474 ipsi
1173 3415 1363 3475 postea
1392 3410 1743 3478 (patriarchae
1778 3413 2023 3484 inquam)
2055 3415 2150 3471 de-

573 3491 772 3556 derim,
796 3494 1050 3563 equidem
1099 3496 1378 3552 hominem
1413 3502 1704 3569 reveritus,
1740 3505 1946 3559 nullum
1985 3523 2151 3578 super

574 3583 644 3638 iis
674 3584 901 3639 verbum
935 3585 1100 3640 edere
1149 3588 1535 3658 cogitaveram.
1592 3593 1728 3659 Quia
1775 3613 1904 3653 vero
1937 3599 2057 3668 ipse
2085 3616 2151 3658 ea

574 3676 632 3727 in
689 3690 919 3754 examen
974 3678 1122 3742 cogit
1170 3679 1463 3746 deducere,
1499 3684 1543 3737 si
1588 3688 1758 3757 magis
1792 3689 1919 3744 inde
1969 3691 2147 3762 ipsum

573 3767 850 3838 peierasse
880 3770 1141 3836 docuero,
1169 3773 1224 3827 in
1270 3776 1464 3829 bonam
1498 3787 1706 3847 partem
1738 3784 1990 3853 accipiat.
2036 3785 2150 3858 Ego

574 3875 817 3931 namque
870 3866 1080 3918 recenti
1120 3867 1465 3935 imperatoris
1505 3871 1680 3939 obitu,
1739 3890 1862 3928 cum
1911 3877 2149 3934 viderem

574 3967 697 4006 eum
754 3955 825 4009 ad
868 3957 1261 4026 rempublicam
1309 3963 1644 4018 tractandam
1684 3980 1743 4021 se
1797 3966 2062 4039 ingerere,
2098 3982 2150 4027 et

574 4044 882 4100 ambitione
937 4058 1105 4116 atque
1141 4049 1448 4121 imperandi
1509 4056 1679 4125 gloria
1726 4062 1983 4129 prurire;
2048 4078 2153 4119 nec

576 4136 909 4205 ignorarem,
934 4156 1098 4209 quam
1130 4144 1267 4197 nilul
1312 4147 1598 4225 prodesset
1645 4149 1958 4220 hujusmodi
1989 4171 2155 4225 appe-

575 4230 759 4285 titioui
797 4231 1077 4303 indulgere
1107 4224 1355 4305 (multam
1402 4239 1548 4293 enim
1586 4241 1712 4296 inde
1749 4224 2147 4302 discordiarum

573 4336 643 4378 ac
661 4324 994 4378 seditionum
1021 4328 1305 4383 materiam
1334 4331 1665 4386 exerituram
1684 4337 2149 4408 pratsentiebam),

576 4415 754 4485 palam
799 4426 981 4471 autem
1008 4419 1126 4489 ejus
1151 4430 1406 4475 conatum
1441 4422 1737 4494 infringere
1789 4426 2150 4497 invidiosum,

576 4519 642 4559 ac
676 4506 968 4575 tyrannicae
999 4508 1282 4576 cujusdam
1330 4511 1701 4568 aﬂectationis
1722 4514 1890 4571 videri
1920 4557 1936 4583 ,
1964 4519 2152 4577 istius-

576 4596 724 4650 modi
761 4597 990 4653 iucertis
1021 4614 1085 4652 ac
1112 4599 1297 4654 dubiis
1319 4602 1739 4671 cogitationibus
1767 4605 1859 4661 diu
1893 4607 2153 4678 luctatus,

578 4688 800 4744 tandem
833 4690 882 4746 si
908 4706 1020 4746 non
1044 4694 1380 4762 reipublicae,
1418 4704 1475 4749 at
1528 4705 1676 4751 certe
1714 4698 1964 4756 mihimet
2027 4716 2161 4770 pro-

579 4778 953 4849 spiciendum,
983 4790 1039 4837 et
1067 4784 1230 4838 vitam
1260 4799 1439 4839 meam
1467 4802 1499 4841 a
1529 4787 1868 4856 publicorum
1914 4792 2159 4863 negotio-

578 4887 701 4926 rum
736 4873 966 4941 strepitu
996 4884 1284 4940 remmam,
1309 4876 1437 4941 Lotio
1465 4875 1720 4943 honesto,
1752 4882 2160 4950 tranquillitati-

579 4980 689 5034 que
742 4968 999 5020 mandare
1028 4966 1274 5031 decrevi,
1309 4982 1380 5024 ne
1435 4968 1698 5025 Romanis
1756 4972 2156 5028 teterrimorum

580 5057 1052 5112 incommodorum
1097 5066 1285 5127 caput,
1317 5068 1373 5113 et
1408 5062 1561 5130 origo
1592 5060 1869 5116 exstitisse
1910 5073 2156 5133 putarer.

582 5148 764 5214 Quare
817 5151 1010 5205 eodem
1059 5151 1393 5223 ususlegato
1439 5153 1507 5205 ad
1556 5154 1876 5223 Augustam,
1936 5155 2157 5224 imperii

583 5244 976 5313 procuratione
1027 5260 1116 5299 me
1163 5244 1431 5299 abdicari.
1483 5245 1615 5310 Quae
1646 5246 1921 5333 auditione
1954 5247 2158 5316 impro~

587 5332 702 5387 visa
749 5333 1149 5404 obstupefacta,
1175 5334 1686 5406 abdicationemque
1714 5332 1887 5391 meam
1915 5352 2162 5393 commu-

587 5438 713 5480 nem
743 5425 1098 5496 interpretata
1123 5426 1397 5483 miseriam
1418 5466 1435 5495 ,
1486 5428 1546 5482 in
1593 5428 1774 5483 omnia
1831 5443 1890 5484 se
1921 5440 2157 5495 vertens,

2259 3425 2665 3495 γεγενημένους
2717 3424 2888 3493 λέγει,
2942 3424 3054 3493 ἐγὼ
3091 3424 3193 3494 μὲν
3218 3425 3409 3479 οὐδένα
3438 3423 3557 3493 περὶ
3592 3418 3762 3474 ἐκείνων

2259 3518 2533 3571 ποιεῖσθαι
2569 3516 2729 3585 λόγον
2779 3515 3088 3586 ἐϐουλόμην
3145 3517 3294 3569 αίδοῖ
3343 3520 3408 3587 τῇ
3467 3515 3589 3582 πρὸς
3615 3507 3757 3563 αὐτόν·

2256 3611 2306 3664 εί
2339 3610 2387 3663 δ’
2415 3610 2627 3670 ἐκεῖνος
2666 3607 2967 3675 ἀναγκάζει
2997 3608 3105 3662 τῶν
3150 3609 3415 3662 τοιούτων
3457 3608 3547 3675 τὴν
3569 3603 3765 3670 ἐξέτασιν

2259 3704 2308 3755 εί
2348 3701 2555 3772 μᾶλλον
2588 3701 2795 3762 ἐκεῖνος
2814 3698 2923 3753 ἀπὸ
2948 3698 3059 3752 τῶν
3083 3697 3345 3754 τοιούτων
3372 3697 3598 3768 φαίνοιτο
3621 3697 3764 3759 ἐπιορ-

2258 3794 2390 3859 κῶν,
2427 3792 2676 3862 στέργειν
2730 3791 2958 3845 δίκαιον.
3025 3790 3173 3857 Ἐγὼ
3213 3790 3327 3862 γὰρ
3358 3788 3492 3858 μετά
3519 3786 3607 3855 τὴν
3649 3782 3766 3854 βασι-

2257 3887 2398 3949 λέως
2449 3884 2706 3953 τελευτὴν
2767 3883 2936 3952 ὀλίγῳ
2991 3881 3244 3952 ὕστερον,
3305 3881 3447 3953 ὀρῶν
3500 3877 3642 3932 αὐτὸν
3685 3871 3764 3924 τῶν

2262 3976 2557 4031 πολιτικῶν
2615 3973 2963 4045 πραγμάτων
3003 3972 3195 4043 ἄρχειν
3260 3967 3645 4041 ἐπιχειροῦντα,
3696 3956 3766 4012 καὶ

2259 4067 2687 4137 ὕποκνιζόμενον
2718 4067 2798 4129 είς
2831 4063 3149 4134 φιλοτιμίαν
3174 4062 3451 4126 καὶδόξαν
3492 4048 3766 4129 ἀρχικὴν,τό

2257 4180 2315 4214 τε
2366 4160 2627 4214 ἐνδιδόναι
2657 4157 2795 4229 πρὸς
2842 4157 2941 4229 τὴν
2971 4156 3157 4226 ἔφεσιν
3186 4156 3265 4220 ὡς
3325 4152 3616 4213 ἀλυσιτελὲς
3663 4143 3767 4215 ὁρῶν

2259 4252 2608 4325 (ὑπώπτευον
2666 4251 2777 4319 γάρ
2816 4252 2884 4304 ἐκ
2917 4248 3110 4303 τούτου
3163 4249 3369 4311 πολλὰς
3421 4235 3765 4343 ἀναφυήσεσθιι

2257 4342 2627 4413 διχοστασίας,
2659 4341 2757 4394 καὶ
2782 4339 3024 4403 στάσεως
3071 4338 3354 4411 ἀφορμάς)
3396 4337 3455 4392 τό
3503 4351 3559 4405 τε
3587 4330 3765 4384 κωλύειν

2258 4433 2507 4505 φανερῶς
2534 4433 2634 4504 τὴν
2673 4432 3025 4503 ἐπιχείρησιν
3057 4430 3324 4503 φθονερὸν
3360 4431 3452 4484 καὶ
3497 4417 3765 4521 μοναρχιιῇΙ

2256 4523 2473 4586 δοκοῦν,
2510 4522 2606 4576 καὶ
2627 4521 2894 4584 τοιούτοις
2925 4520 3253 4591 ἀμφιϐόλοις
3282 4519 3559 4590 λογισμοῖς
3586 4507 3764 4569 ἐπιπολὺ

2262 4614 2554 4680 παλαίσας,
2583 4613 2735 4676 τέλος
2763 4612 2919 4678 ἔδοξα
2949 4610 3148 4681 μᾶλλον
3172 4613 3222 4664 εί
3254 4612 3354 4665 καὶ
3394 4610 3468 4679 μὴ
3493 4607 3597 4696 τοῖς
3634 4598 3767 4696 πράξ-

2262 4721 2450 4776 μασιν,
2488 4701 2607 4757 ἀλλ’
2657 4702 2883 4776 ἐμαυτῷ
2926 4701 3253 4767 λυσιτελεῖν,
3334 4694 3649 4769 ἀποσχέσθαι
3688 4694 3767 4739 τῶν

2259 4774 2607 4864 πραγμάτων
2645 4793 2745 4860 τῆς
2775 4774 2976 4863 ἀρχῆς,
3023 4793 3121 4846 καὶ
3174 4790 3387 4860 διάγειν
3411 4786 3527 4844 κατ’
3561 4776 3767 4854 ἐμαυτδνο

2259 4886 2355 4938 καὶ
2405 4885 2480 4955 μὴ
2506 4887 2616 4949 τοῖς
2655 4883 2950 4955 Ῥωμαίοις
2999 4884 3171 4947 αἴτιος
3204 4883 3395 4937 κακῶν
3420 4879 3633 4950 ὀφθῆναι
3669 4871 3769 4955 avt;-

2262 4944 2497 5033 κέστίυν.
2559 4944 2666 5030 Kal.
2713 4944 2887 5048 αύτῷ,
2916 4944 3266 5046 χρησάμενος
3326 4944 3616 5042 πρεσδευτῇ
3667 4944 3769 5028 πρὸς

2262 5053 2534 5138 βασιλίδα,
2555 5068 2881 5138 ἀπειπάμην
2910 5067 3010 5138 τὴν
3039 5068 3238 5151 ἀρχήν.
3274 5065 3344 5119 Ἢ
3371 5064 3447 5151 δέ,
3471 5060 3552 5151 τῷ-
3569 5051 3765 5118 ἀδοκήτῳ

2259 5159 2360 5231 τὴν
2388 5159 2557 5230 ἀκοὴν
2580 5159 3020 5229 καταπλαγεῖσα,
3051 5160 3149 5211 καὶ
3203 5150 3302 5225 τῆς
3333 5149 3647 5246 κατεχούης

2262 5253 2440 5321 φορᾶς
2466 5253 2567 5304 οὐκ
2621 5248 2963 5303 ἀποδέουσαν
3017 5247 3292 5318 νομίσασα
3330 5246 3428 5314 τὴν
3459 5236 3583 5308 ἐμοῦ
3608 5235 3767 5321 int-th

2261 5316 2610 5410 πραγμάτων
2634 5341 3009 5411 ἀναχώρησιν,
3038 5316 3268 5390 παντοία
3312 5329 3382 5404 ἢν
3405 5326 3636 5422 δεομένην

2267 5431 2512 5500 δίζουσα,
2534 5430 2951 5501 παρακαλοῦσα,
2993 5430 3172 5483 πάντα
3202 5425 3425 5481 κινοῦσα
3454 5417 3634 5479 κάλων,
3661 5411 3768 5460 ω³τ⁶

1823 5569 2039 5632 Jacobi
2076 5571 2338 5632 Pontani
2373 5578 2560 5635 notae.

1115 5699 1286 5770 ᾼόγῳ
1323 5698 1519 5770 τρόπῳ
1552 5707 1616 5748 τε
1646 5696 1761 5770 eos:
1789 5698 1976 5770 λόγον
2006 5699 2408 5770 armat/vneror,

1118 5764 1406 5836 ’Δρνησίς
1431 5765 1563 5817 ἐστι
1594 5764 1697 5817 τοῦ
1729 5765 1878 5819 Θεοῦ
1907 5764 2256 5836 ψεύδορκίιὶ.

591 5859 998 5915 Cantacuzenus
1035 5859 1287 5927 ἐπιορκῖα
1344 5860 1521 5926 posuit
1556 5873 1653 5926 pro
1698 5859 2015 5930 ψευδορκία,
2073 5877 2197 5918 secu

1792 5860 2015 5930 ιδορκία,
2073 5877 2229 5919 secus
2267 5880 2424 5933 quam
2457 5879 2644 5922 versus
2674 5861 3016 5934 requirebat;
3055 5871 3109 5919 et
3137 5861 3270 5919 idem
3299 5864 3398 5915 cst.
