4066 6298
228 427 368 495 iiii

1376 410 1921 477 IIISTORIARUM
1963 405 2187 468 LIBEP
2237 399 2350 460 ίΙΙ.

3343 376 3475 455 tua

232 541 443 594 πείθειν
459 535 569 590 τῶν
589 532 930 604 πραγμάτων
949 527 1107 589 αὖθις
1129 524 1367 596 ἔχεσθαι.
1387 526 1496 578 Καὶ
1507 525 1614 577 τῶν
1632 524 1804 575 τοιού-

1934 531 2052 569 tunc
2082 526 2290 583 rogare,
2356 518 2498 560 nunc
2527 498 2883 569 exprobrare,
2928 499 2982 547 et
3014 498 3071 544 ut
3107 489 3286 544 brevis
3329 489 3426 540 sint
3462 525 3476 547 ,

2274 601 2284 604 ‘
2837 599 2928 604 κυΑ
3000 597 3084 604 ..-Α
3145 581 3207 604 -.1
3263 579 3473 604 ξηιηΑ-ζε

230 649 343 685 των
364 628 581 683 πάντων
605 624 769 683 αὐτὸς
795 618 865 693 ἦν
908 618 1402 688 παρ”ἁμφοτέρων
1437 615 1798 685 πρεσϐευτής.

242 721 398 775 Ἐπεὶ
426 720 484 772 δέ
507 719 613 771 an»
640 715 751 769 τῶν
768 711 980 765 πολλῶν
1001 709 1214 777 ἐκείνης
1232 708 1406 777 λόγων
1429 706 1803 769 ἐπικλασθεὶς,

233 813 330 868 καὶ
357 810 493 880 πρὸς
505 808 603 878 τὴν
622 805 892 877 ὀρφανίαν
912 801 1023 855 τῶν
1051 800 1258 855 παίδων
1282 797 1548 869 βασιλέως
1573 797 1803 863 ἀπιδὼν,

237 905 331 959 καὶ
362 899 593 974 χηρείαν
644 898 747 970 τὴν
778 896 1020 964 ἐκείνης,
1073 896 1170 946 καὶ
1208 892 1282 954 ὡς
1317 891 1551 961 μάλιστα
1606 888 1809 957 πολλῆς

238 995 453 1051 δέονται
467 992 569 1060 τῆς
589 987 931 1060 ’προστασίας
952 986 1022 1055 ἦν
1035 985 1062 1035 ἐ
1071 983 1141 1054 μὲ
1161 983 1370 1036 δίκαιον
1394 979 1805 1034 ἐπιδείκνυσθαι

238 1085 396 1150 ἀξίας
436 1082 654 1153 βασιλεῖ
678 1080 780 1150 τῆς
812 1079 996 1149 φιλίας
1024 1078 1256 1149 χάριτας
1282 1075 1383 1145 τὴν
1410 1076 1488 1136 είς
1520 1075 1647 1133 τοὺς
1679 1073 1807 1125 παῖ-

238 1178 339 1242 δας
378 1176 697 1231 ἀποδιδόντα
742 1172 1092 1242 κηδεμονίαν,
1133 1168 1236 1223 κᾶν
1264 1170 1311 1225 εί
1345 1167 1595 1236 μέλλοιμι
1626 1164 1808 1218 κινδύ-

239 1286 351 1332 νοις
386 1267 767 1338 περιπίπτειν,
818 1263 1118 1331 ἐπειθόμην
1173 1261 1273 1332 μέν
1305 1275 1321 1291 ο
1370 1259 1431 1311 οὐ
1473 1258 1579 1329 μὴν
1635 1255 1811 1319 οὕτως

238 1360 687 1430 ἀπερισκέπτως,
742 1355 871 1409 ὥσθ’
917 1355 1145 1426 ὓστερον
1194 1354 1318 1407 τινὰ
1375 1349 1811 1419 καταγινώσκειν

240 1453 386 1523 ἔχειν
408 1451 686 1507 ἀδουλίαν.
722 1449 884 1503 Ἀλλά
909 1448 1004 1501 καὶ
1034 1447 1374 1516 πατριάρχου
1402 1444 1809 1512 συμπαρόντος,

241 1542 416 1598 πολλὰ
472 1542 742 1612 πρότερον
792 1538 1094 1608 διειλέχθην
1154 1537 1387 1607 βασιλίδι
1442 1534 1692 1604 περὶτοῦ
1736 1533 1813 1603 μὴ

240 1638 352 1690 δεῖν
395 1634 687 1705 προσέχειν
739 1632 1133 1701 συκοφάνταις,
1169 1628 1220 1682 οἳ
1271 1627 1461 1681 πολλοὶ
1514 1626 1812 1697 φυήσονται

242 1726 501 1791 διαϐολὰς
527 1727 623 1782 καὶ
658 1725 1033 1794 συκοφαντίας
1065 1722 1188 1777 κατ’
1211 1721 1349 1788 ἐμοῦ
1383 1720 1810 1791 συρράπτοντες.

243 1819 321 1872 Οὐ
354 1819 464 1888 γὰρ
498 1819 650 1872 ἐάσει
687 1834 751 1885 γε
790 1817 819 1870 ὁ
871 1815 1064 1885 φθόνος
1097 1817 1350 1885 ἠρεμεῖν,
1383 1812 1504 1865 ἀλλ’
1539 1813 1587 1863 εί
1633 1810 1733 1881 μέν
1761 1827 1813 1861 τι

243 1907 490 1964 τοιοῦτον
522 1910 902 1979 κατηγοροῖεν,
958 1909 1140 1960 ὁποῖον
1173 1907 1240 1961 ἂν
1274 1907 1367 1960 καὶ
1399 1904 1570 1974 αὐτὴν
1605 1905 1670 1957 ἐκ
1701 1902 1812 1954 τῶν

244 2001 558 2069 λεγομένων
608 1999 671 2052 τὸ
700 1999 897 2070 ψεῦδος
931 1998 1185 2061 συνιδεῖν,
1219 1996 1647 2066 ἀποπέμπεσθαι
1681 1995 1815 2065 πρὸς

245 2092 443 2162 ὀργὴν,
474 2092 565 2144 καὶ
591 2094 772 2159 μισεῖν
794 2091 919 2154 τοὺς
951 2090 1314 2158 συκοφάντας.
1353 2088 1453 2143 Ἂν
1487 2087 1532 2141 δ’
1569 2086 1819 2155 ἐφάπτη-

242 2177 700 2274 ται-τῆς-ψυχῆς
756 2178 851 2231 και
902 2179 1237 2248 ἀμφιϐολίαν
1293 2179 1516 2248 ἐμποιῇ,
1580 2176 1659 2247 μὴ
1708 2162 1816 2246 ἄρα

248 2268 427 2340 άληθῆ
458 2270 526 2324 τὰ
574 2271 1002 2342 κατηγορημένα
1048 2271 1157 2340 εἴη,
1217 2270 1291 2340 μὴ
1341 2268 1815 2340 καταψηφίζεσθαι

204 2429 207 2432 ν
251 2361 476 2427 αὐτίκα,
506 2362 643 2434 μηδὲ
673 2362 811 2433 πρὸς
840 2362 898 2416 τὺ
932 2361 1238 2432 ἀμύνεσθαι
1280 2363 1501 2431 χωρεῖν,
1531 2359 1666 2413 ἀλλὰ
1716 2376 1814 2412 κα-

251 2455 369 2507 λεῖν
427 2456 520 2507 ἐπὶ
577 2454 675 2524 τὴν
727 2453 904 2523 δίκην,
964 2454 1057 2506 καὶ
1117 2452 1631 2524 καιρὸν-παρέχειν
1680 2451 1817 2521 πρὸς

251 2544 573 2612 ἀπολογίαν.
594 2522 715 2597 Κᾶν
743 2522 847 2613 μὲν
861 2545 1061 2598 ἀδικῶν
1084 2547 1177 2597 κει)⁵
1192 2522 1467 2613 ἐπιορδκῶν
1483 2544 1817 2614 ἐλέγχωμαι,

255 2637 460 2689 διδόναι
481 2635 636 2699 δίκας
669 2654 683 2668 ο
721 2635 786 2690 ἂν
815 2636 862 2689 δ’
883 2636 1208 2707 ἀπολύωμαι
1231 2636 1299 2689 τὰ
1328 2634 1671 2705 ἐγκλήματα,
1695 2638 1820 2699 τοὺς

257 2729 602 2800 κατηγόρους
655 2728 803 2783 τοῦτ’
829 2729 971 2799 ὅπερ
1001 2729 1141 2783 είσὶν
1174 2729 1425 2800 ἡγεῖσθαι
1454 2728 1820 2797 συκοφάντας.

266 2817 337 2874 Ἦ
367 2820 581 2891 βασιλὶς
621 2822 721 2891 μὲν
757 2816 852 2876 οὖν
880 2821 1018 2890 πρὸς
1045 2821 1171 2884 τοὺς
1196 2820 1390 2888 λόγους
1413 2820 1514 2874 οὐκ
1546 2818 1820 2884 ἐπείθετο,

256 2913 383 2968 οὐδὲ
405 2914 570 2968 δικῶν
597 2912 806 2982 ἔφασκε
855 2912 951 2967 καὶ
969 2913 1209 2984 ἐλέγχων
1226 2913 1364 2984 πρὸς
1387 2912 1488 2982 ἐμέ
1506 2911 1821 2982 δεήσεσθαι,

260 3005 382 3059 ἀλλ’
411 3004 781 3060 ἀνυπεύθυνον
824 3004 1120 3076 παρείχετο
1166 3003 1266 3076 τὴν
1312 3004 1514 3075 ἀρχήν.
1555 3003 1723 3074 Ἔμοῦ
1768 3003 1826 3057 δέ

260 3096 363 3150 οὐκ
394 3097 656 3162 ἀνιέντος,
691 3097 826 3151 άλλά
872 3095 1199 3165 βιαζομένου
1243 3095 1351 3164 τὴν.
1374 3094 1504 3166 περὶ
1543 3095 1641 3164 τῆς
1670 3095 1827 3162 δίκης

262 3191 620 3258 ἐπαγγελίαν,
684 3188 930 3242 ἐπείθετο
975 3189 1415 3257 ἀναγκασθεῖσα,
1479 3188 1575 3242 καὶ
1631 3189 1901 3265 ὄρκουςρ

267 3278 517 3351 ἀλλήλοις
546 3280 925 3351 παρειχόμεθα
957 3282 1049 3333 ἐπὶ
1076 3280 1170 3341 τοῦ
1208 3281 1569 3351 πατριάρχου,
1607 3279 1705 3350 τὴν
1734 3280 1831 3349 μὲν

273 3374 546 3444 μηδεμίαν
599 3374 721 3427 κατ’
775 3373 910 3444 ἐμοῦ
975 3374 1252 3442 ἀπόφασιν
1319 3373 1625 3440 ἐξενεγκεῖν
1700 3389 1830 3425 ποτε

268 3465 592 3549 πεισθεῖσαν
610 3464 1000 3534 συκοφάνταις,
1030 3465 1147 3519 ἀλλ’
1180 3466 1272 3517 ἐπὶ
1299 3467 1397 3536 τὴν
1431 3464 1588 3535 δίκην
1622 3464 1827 3527 καλεῖν,

268 3557 367 3611 καὶ
402 3556 656 3626 ἐλέγχους
705 3556 980 3610 ποιεῖσθαι
1039 3554 1147 3609 τῶν
1197 3555 1594 3625 ἀδικημάτωνο
1636 3554 1733 3623 ἐμὲ
1778 3551 1834 3605 δέ

271 3648 546 3718 μηδέποτε
581 3650 710 3718 περὶ
742 3648 915 3719 αὐτὴν
984 3648 1418 3717 ἀγνωμονήσειν,
1464 3646 1585 3716 μηδ’
1618 3645 1834 3698 ἐπιδου-

267 3738 485 3791 λεύσειν
514 3739 650 3808 αὐτῇ
679 3738 910 3800 καὶτοῖς
943 3737 1101 3789 παισὶ
1148 3735 1282 3807 πρὸς
1307 3735 1404 3804 τὴν
1445 3735 1622 3805 ἀρχήν
1651 3750 1664 3765 ·
1699 3733 1835 3787 ἀλλὰ
1861 3734 1870 3743 ’

240 3831 384 3884 ’πᾶν
409 3829 591 3881 ὁτιοῦν
632 3828 777 3899 ὑπέρ
803 3846 863 3882 τε
899 3828 1078 3881 αὐτῶν
1111 3829 1205 3880 καὶ
1238 3828 1335 3896 τῆς
1361 3831 1512 3897 κοινῇ
1549 3826 1836 3886 Ῥωμαίων

273 3918 546 3987 ὡφελείας
587 3918 870 3988 πράττειν.
900 3917 1042 3986 Ἐγὼ
1069 3917 1125 3970 δὲ
1151 3918 1245 3970 καὶ
1268 3917 1471 3970 τούτων
1506 3918 1649 3970 οὕτω
1677 3933 1839 3970 κατε-

277 4011 690 4079 σκευασμένων,
728 4009 809 4063 ἔτι
832 4009 933 4079 τῂν
958 4011 1277 4078 γυναικείαν
1306 4008 1493 4069 δεδιὼς
1528 4008 1836 4073 ἀσθένειαν,

279 4103 358 4173 μὴ
382 4103 477 4173 οὐχ
504 4102 592 4156 οἴα
606 4119 665 4155 τε
762 4099 905 4156 οὕτω
937 4101 1419 4172 μεγαλοφροσύνην
1448 4101 1542 4154 καὶ
1563 4101 1840 4169 λογισμῶν

279 4194 691 4248 ἐπιδείκνυσθαι
717 4193 1059 4264 περιοσσίαν,
1097 4193 1212 4245 ἀλλ’
1246 4193 1546 4261 ἀπατηλοῖς
1573 4194 1667 4245 καὶ
1692 4209 1844 4262 περι-

278 4288 467 4356 έργοις
502 4285 703 4353 λόγοις,
756 4286 851 4338 καὶ
883 4284 1273 4351 συκοφαντίαις
1321 4283 1664 4353 παραχθείσα
1708 4283 1844 4352 πρὸς

279 4376 375 4428 τὸν
408 4375 530 4428 κατ’
562 4376 696 4445 ἐμοῦ
726 4374 961 4446 πόλεμον
990 4375 1207 4446 ὁρμηοῇ
1255 4376 1288 4445 ἡ
1337 4374 1548 4441 βασιλὶς
1571 4415 1585 4437 ,
1619 4375 1708 4428 τὸν
1743 4393 1847 4427 πα-

278 4469 550 4538 τριάρχην
586 4468 749 4537 μόνον
773 4466 1129 4538 παραλαϐὼν,
1158 4469 1253 4520 καὶ
1282 4467 1493 4519 πολλῶν
1522 4468 1845 4538 ὑπομνήσας

1906 620 2121 661 omnem
2189 601 2471 655 rudentem
2530 605 2766 651 movere,
2826 599 2935 655 quo
3000 597 3088 637 me
3143 581 3212 634 ad
3263 579 3476 648 imperii

1889 690 2256 750 moderamen
2310 691 2612 741 revocaret.
2649 680 2829 747 Atque
2864 675 3092 727 istarum
3148 681 3330 723 rerqu
3356 681 3477 717 orn-

1908 786 2063 839 nium
2130 782 2250 851 ipse
2296 786 2410 833 erat
2491 767 2881 828 internuntius.
2947 762 3229 816 Postremo
3294 754 3480 809 multis

1907 845 2258 929 sermonibus
2298 867 2416 931 ejus
2448 866 2816 931 expugnatus,
2845 851 3191 916 filiorumque
3220 845 3478 909 orbitate,

1907 976 1958 1019 et
2005 962 2151 1017 illius
2212 958 2474 1014 viduitate
2527 948 2907 1007 considerata,
2963 941 3165 1011 quibus
3236 937 3485 1003 utrisque

1908 1062 2162 1117 curator,
2219 1057 2274 1105 et
2342 1054 2614 1118 patronus
2669 1022 2998 1106 magnopere
3051 1040 3201 1085 esset
3229 1042 3485 1082 necessa-

1912 1145 2065 1208 rius,
2138 1114 2299 1209 quem
2346 1114 2451 1189 -me
2519 1130 2621 1184 illis
2667 1134 2964 1197 praestare
3021 1132 3237 1189 aequum
3286 1114 3478 1176 foret,

1909 1234 2071 1307 605
2114 1208 2168 1287 si,
2199 1229 2391 1285 vellem
2426 1219 2865 1280 sollicitudinem,
2897 1222 2955 1269 et
2979 1225 3164 1267 curam
3197 1208 3357 1262 istam
3395 1220 3486 1258 ere

1910 1342 1974 1398 ga
2007 1325 2162 1388 tilios,
2196 1317 2449 1375 amicitize
2494 1313 2693 1385 gratias
2739 1302 3054 1377 imperatori
3104 1306 3319 1353 mortuo
3358 1311 3485 1366 per-

1911 1417 2119 1473 solvere
2152 1430 2166 1466 :
2203 1421 2513 1480 quanquam
2566 1414 2846 1457 cernerem
2880 1395 3078 1465 quibus
3108 1405 3195 1444 me
3229 1386 3486 1458 periculis

1904 1509 2263 1578 objectarem,
2326 1511 2520 1553 manus
2567 1493 2714 1556 dedi,
2761 1490 2860 1545 etsi
2915 1502 3020 1540 non
3062 1484 3136 1537 ita
3186 1476 3489 1548 improvide

1914 1608 1974 1653 ut
2024 1596 2313 1666 quisquam
2369 1599 2558 1660 postea
2596 1577 3074 1638 inconsiderantiam:
3127 1589 3213 1627 me
3261 1568 3491 1649 arguere

1916 1661 2118 1760 posset.
2157 1661 2297 1752 Quin
2335 1691 2391 1736 et
2419 1680 2676 1734 audiente
2724 1669 3035 1742 patriarcha
3086 1664 3270 1719 verbis
3316 1661 3492 1731 pluri-

1918 1782 2021 1835 bus
2070 1773 2474 1847 imperatricem
2505 1765 2691 1822 monui
2743 1777 2814 1816 ne
2863 1753 3360 1814 calumniatoribus.
3398 1750 3493 1818 qui

1843 1858 1889 1916 ’Β
1920 1886 2027 1925 non
2091 1845 2250 1937 pauci
2299 1869 2486 1931 essent
2532 1853 2824 1916 emersuri,
2869 1859 2923 1904 et
2978 1845 3260 1902 mendacia
3306 1851 3496 1896 contra

1924 1977 2008 2015 me
2036 1955 2319 2014 consuturi
2343 1953 2490 2022 (quia
2516 1948 2771 2003 videlicet
2799 1941 2999 1997 invidia
3027 1954 3135 1992 non
3165 1951 3259 1989 eos
3292 1933 3497 1987 sineret

1923 2047 2231 2120 quiescere)
2266 2059 2428 2099 aures
2461 2043 2635 2097 daret.
2691 2036 2798 2090 Sed
2846 2034 2889 2088 si
2947 2030 3076 2099 quid
3124 2024 3389 2096 ejusmodi
3442 2023 3497 2075 in

1924 2116 2011 2196 me
2039 2144 2382 2201 accusarent,
2415 2131 2559 2203 quod
2603 2140 2659 2184 et
2695 2129 2784 2181 illa
2816 2126 2963 2179 dictu
2996 2121 3191 2175 falsum
3224 2116 3496 2182 intellige-
3540 2154 3549 2161 .

1926 2243 2026 2296 ret,
2058 2246 2180 2289 cum
2217 2226 2501 2303 stomacho
2531 2219 2935 2277 accusationem
2963 2212 3235 2281 rejicerct,
3258 2222 3321 2261 ac
3343 2222 3498 2276 syco-

1927 2323 2158 2392 phantas
2206 2299 2431 2373 odisset.
2471 2314 2566 2367 Sin
2601 2319 2784 2365 antem
2836 2308 3156 2375 penetraret
3205 2298 3326 2366 ejus
3374 2297 3500 2348 ani-

1927 2424 2098 2472 mum,
2136 2414 2191 2460 et
2238 2404 2635 2459 dubitationem
2684 2396 2927 2460 haberet,
2978 2404 3045 2444 an
3101 2402 3287 2441 verum
3331 2393 3499 2448 esset,

1930 2497 2074 2567 quod
2107 2496 2432 2555 deferretur,
2470 2505 2539 2543 ne
2574 2484 2720 2543 illico
2754 2486 3064 2542 damnaret,
3102 2494 3205 2532 neu
3240 2476 3304 2530 ad
3338 2476 3499 2527 ultio-

1931 2605 2054 2644 nem
2101 2584 2558 2657 progrederetur;
2615 2578 2708 2632 sed
2754 2572 2965 2645 judicio
2999 2576 3319 2628 arcesseret,
3360 2575 3500 2619 tem-

1932 2693 2141 2751 pusque
2171 2655 2237 2731 ad
2267 2671 2641 2729 defensionem
2665 2663 3062 2736 praescriberet.
3094 2659 3173 2712 Ac
3202 2657 3245 2712 si
3281 2655 3504 2726 quidem

1933 2769 2232 2840 improbus,
2274 2780 2339 2820 ac
2393 2762 2646 2834 periurus
2698 2755 2997 2820 invenirer,
3041 2764 3227 2821 pmnas
3280 2748 3508 2810 darem;

1934 2861 2021 2918 sin
2081 2855 2495 2916 criminationes
2563 2849 2942 2908 dissolverem,
3014 2848 3364 2898 accusatores
3448 2835 3513 2890 id

1934 2951 2081 3023 quod
2140 2957 2346 3009 essent,
2401 2924 2749 3017 sycophantae
2805 2936 3092 3001 nimirum,
3146 2931 3513 2987 haberentur.
3574 2995 3580 3003 ν

1933 3017 2252 3113 Ιιιιιιοηιτίι
2288 3039 2396 3093 hac
2442 3037 2689 3091 oratione
2732 3026 2870 3085 nihil
2908 3033 3075 3087 mota,
3119 3021 3265 3077 haud
3298 3017 3521 3088 judicio

1937 3144 1990 3189 et
2020 3110 2435 3202 probationibus
2464 3126 2755 3179 adversum
2784 3134 2872 3173 me
2916 3130 3054 3184 Opus
3086 3127 3205 3167 esse
3240 3110 3415 3173 dixit;
3451 3118 3508 3161 ct

1934 3198 2144 3293 unperii
2176 3217 2619 3292 gubernitionem
2654 3212 2727 3266 ita
2761 3206 3019 3271 reddidit,
3052 3212 3112 3259 ut
3140 3218 3169 3256 a
3202 3198 3511 3255 referendis

1935 3289 2238 3365 rationibus
2272 3306 2486 3377 penitus
2533 3315 2618 3354 me
2672 3295 3000 3352 absolveret.
3047 3289 3130 3343 Me
3164 3302 3292 3340 vero
3323 3297 3508 3353 perse-

1936 3408 2170 3465 verante
2213 3407 2268 3452 et
2330 3401 2578 3464 urgente,
2610 3398 2671 3444 ut
2710 3385 2974 3456 judicium
3017 3378 3378 3452 promitteret,
3413 3387 3515 3426 no-

1938 3486 2058 3550 lens
2090 3490 2320 3555 annuit;
2353 3496 2409 3541 et
2453 3482 2693 3539 vicissim
2729 3486 2998 3551 praesente
3028 3468 3334 3543 patriarcha
3358 3466 3515 3535 jura-

1939 3588 2138 3649 vimus,
2182 3584 2294 3652 ipsa
2328 3578 2573 3650 quidem,
2606 3585 2884 3642 nunquam
2931 3565 3169 3636 impulsu
3204 3560 3511 3633 sycophan-

1942 3688 2117 3734 tarum
2153 3684 2343 3730 contra
2388 3686 2474 3725 me
2520 3665 2847 3723 sententiam
2882 3657 3381 3731 pronuntiaturam.
3414 3649 3507 3703 sed

1941 3764 2296 3834 probationes
2348 3757 2642 3813 criminum
2681 3749 3084 3820 requisituram,
3135 3751 3190 3797 et
3233 3739 3512 3812 judieibus

1941 3871 2055 3909 rem
2090 3855 2354 3922 integram
2392 3854 2828 3905 reservaturam;
2873 3853 2972 3907 ego
3020 3845 3202 3889 autem
3235 3845 3510 3898 nunquam

1943 3946 1993 3996 ei
2018 3943 2265 4011 iniquum
2299 3938 2563 3998 futurum,
2594 3946 2770 4002 neque
2794 3927 2897 3998 ipsi
2925 3936 2979 3981 et
3001 3922 3185 3979 liberis
3210 3922 3329 3989 ejus
3355 3932 3517 3989 prop-

1946 4048 2026 4091 ter
2083 4032 2370 4102 imperium
2424 4026 2652 4082 insidias
2705 4023 3058 4078 moliturum;
3120 4014 3218 4070 sed
3273 4010 3515 4080 quidvis,
3674 4030 3678 4041 ι

1944 4124 2087 4192 quod
2116 4139 2182 4176 ex
2228 4122 2348 4187 ejus
2384 4134 2507 4181 usu,
2555 4125 2610 4170 ct
2660 4112 2935 4182 republica
2973 4108 3064 4170 sit,
3106 4112 3515 4172 suscepturum.

1947 4215 2043 4269 liis
2080 4214 2152 4267 ita
2180 4209 2578 4283 gestis,’adhuc
2606 4204 2928 4259 muliebrem
2964 4200 3110 4254 illius
3141 4194 3515 4251 infirrnit:-.t--m

1948 4307 2173 4370 veritus,
2226 4320 2293 4357 ne
2347 4302 2556 4357 scilicet
2624 4311 2818 4367 parum
2890 4301 3156 4362 Przestans
3209 4287 3519 4343 excelsitate

1946 4397 2137 4460 animi,
2175 4404 2229 4449 et
2279 4390 2589 4446 maturitate
2635 4385 2872 4446 consilii,
2922 4381 3197 4437 fallacibus
3247 4389 3302 4433 et
3352 4377 3519 4431 artiﬁ-

1954 4488 2117 4544 ciosis
2149 4483 2604 4542 calumniatorum
2651 4476 2836 4530 delusa
2881 4470 3245 4530 sermonibus,
3301 4467 3366 4520 ad
3405 4467 3520 4519 bel-

282 4563 740 4634 εὐεργετημάτων
766 4525 1138 4634 ὑπηργμένων
1158 4564 1288 4632 παρ’
1310 4560 1468 4631 ἐμοῦ,
1488 4525 1679 4615 ἔπειτα
1707 4525 1832 4617 ἐιδεόζ

1954 4525 2117 4544 “om
2150 4525 2604 4542 υς.............ν--...
2655 4525 2801 4530 ---η
2882 4525 2926 4526 ρ
3235 4525 3243 4530 _

1960 4581 2065 4635 lum
2100 4584 2288 4632 contra
2317 4587 2403 4626 me
2431 4571 2750 4637 insurgeret,
2783 4578 2905 4618 cum
2939 4559 3241 4631 patriarcha
3276 4571 3519 4612 seorsum

286 4674 397 4727 μην
426 4656 533 4709 τῶν
563 4654 703 4725 ὑπὲρ
735 4655 870 4724 ἐμοῦ
904 4653 1128 4707 δικαίων
1164 4653 1424 4723 ἔχεσθαι·
1461 4654 1554 4706 καὶ
1614 4654 1851 4724 βασιλίδι

286 4749 598 4817 παραινεῖν,
636 4747 758 4799 ἐπεὶ
809 4747 1048 4798 συνεῖναι
1094 4743 1184 4797 τὸν
1222 4745 1397 4798 πάντα
1433 4745 1623 4814 χρόνον
1667 4744 1851 4814 μέλλει

288 4838 568 4909 Βυζαντίῳ
596 4837 970 4907 ἐνδιατρίὸων,
1007 4836 1080 4907 μὴ
1114 4836 1399 4890 πείθεσθαι
1424 4838 1534 4898 τοῖς
1576 4837 1852 4905 συκοφάν-

287 4946 431 4994 ταις,
477 4928 612 4998 μηδὲ
642 4928 749 4998 πρὸ
769 4927 923 4996 δίκης
954 4926 1089 4997 ἐμοῦ
1120 4925 1617 4995 καταψηφίζεσθαι,
1651 4929 1725 4989 ὡς
1747 4928 1848 4995 τῆς

291 5027 358 5078 ἐκ
377 5022 570 5077 τούτου
597 5020 862 5091 ὠφελείας
889 5020 990 5073 οὐκ
1012 5019 1093 5082 είς
1127 5019 1288 5089 μόνον
1320 5018 1423 5089 ὲμέ
1445 5018 1852 5087 διαδαινούσης,

290 5116 409 5171 ἀλλ’
446 5116 526 5176 είς
559 5113 806 5177 ἅπαντας
836 5117 990 5182 κοινῇ
1034 5110 1359 5180 Ῥωμαίους.
1408 5110 1497 5165 Ὧν
1528 5110 1736 5164 δίκαιον
1762 5111 1860 5163 αὑ-

293 5213 387 5265 τὸν
424 5210 681 5265 ἁπάντων
712 5209 983 5278 προνοεῖν,
1026 5205 1264 5274 ποιμένα
1298 5206 1389 5257 καὶ
1437 5203 1711 5273 κηδεμόνα
1764 5200 1859 5253 καὶ

295 5303 613 5359 διδάσκαλον
637 5301 744 5355 ὑπὸ
767 5299 903 5353 Θεοῦ
928 5295 1463 5368 κεχειροτονημένον.
1505 5296 1569 5348 Ὃ
1595 5293 1637 5346 δ’
1659 5292 1860 5346 αὐτίκα

297 5398 515 5465 ὢμνυεν
546 5392 810 5458 ἀναστὰς,
847 5390 921 5453 ὡς
956 5389 1110 5442 οὐδὲν
1153 5381 1317 5459 ἦττον
1364 5385 1396 5456 ἢ
1446 5385 1631 5454 πατὴρ
1670 5383 1862 5446 παιδὸς

300 5488 647 5559 προνοήσειε
673 5483 900 5554 γνησίου
928 5499 943 5515 ο
990 5479 1229 5534 καὶτῶν
1272 5478 1410 5549 ὑπὲρ
1458 5476 1592 5547 ἐμοῦ
1636 5475 1863 5529 δικαίων

298 5583 475 5643 οὕτως
507 5576 815 5641 ἀνθέξεται,
859 5574 1049 5642 ὥσπερ
1102 5573 1169 5625 ἂν
1211 5571 1269 5625 εί
1309 5569 1470 5632 αὐτὸς
1525 5568 1725 5637 παρῆν,
1770 5567 1866 5619 καὶ

300 5672 430 5734 τοὺς
483 5668 850 5737 συκοφάντας,
881 5664 935 5717 εί
985 5680 1129 5725 τινες
1179 5661 1414 5730 όφθεῐεν,
1475 5659 1714 5730 μάλιστα
1770 5657 1868 5726 μὲν

304 5760 629 5829 ἀπελέγξειν
673 5757 1061 5828 ψευδομένους,
1113 5755 1206 5806 κοιλ¹
1246 5754 1410 5805 παντὶ
1468 5750 1643 5803 σθένει
1678 5748 1779 5816 τῆς
1807 5749 1869 5798 ἐκ

216 5899 220 5902 .
308 5857 515 5908 ratier
558 5852 761 5921 βλάϐης
809 5846 1103 5919 ἀπείρατον
1146 5844 1515 5915 διατηρήσειν.
1569 5842 1628 5893 ΕΞ
1679 5838 1721 5889 δ’
1755 5833 1866 5901 οὖν,

1955 4669 2082 4741 egi;
2122 4664 2439 4721 meritorum
2475 4674 2507 4712 a
2539 4672 2626 4712 me
2674 4655 2818 4710 ultro
2859 4651 2935 4707 illi
2990 4647 3357 4720 praestiterutn
3411 4660 3521 4698 n'e-

1958 4760 2185 4815 rnoriam
2220 4755 2269 4811 ei
2316 4765 2608 4817 renovqns,
2641 4758 2697 4804 et
2747 4758 2909 4800 omns
2958 4741 3031 4795 nti
3088 4754 3303 4795 causam
3346 4751 3522 4789 meant

1959 4862 2202 4909 tueretur
2232 4867 2248 4916 ;
2280 4855 2335 4903 et
2368 4845 2689 4916 Augustam,
2737 4851 2844 4907 qua
2880 4848 3004 4890 cum
3040 4828 3275 4901 Byzantii
3311 4835 3520 4893 semper

1958 4951 2104 5001 esset
2128 4942 2394 5002 victurus,
2425 4935 2744 4991 admoneret
2776 4943 2859 4985 ne
2882 4921 3232 4998 sycophantis
3257 4918 3520 4980 crederet,

1945 5051 2097 5091 neve
2143 5042 2268 5087 ante
2318 5027 2584 5100 judicium
2637 5037 2723 5077 me
2778 5018 3189 5093 condemnaret,
3224 5009 3440 5080 quando
3474 5006 3525 5059 id

1961 5122 2238 5181 nonmihi
2282 5120 2405 5184 soli,
2454 5116 2547 5172 sed
2577 5114 2952 5186 Romanorum
3002 5099 3343 5158 universitati
3393 5113 3534 5166 qun-

1962 5232 2069 5288 que
2128 5212 2471 5282 profuturum
2526 5214 2704 5269 esset;
2766 5201 2964 5270 quibus
3026 5193 3278 5248 omnibus
3328 5191 3415 5244 ille
3472 5198 3525 5241 n°

1964 5315 2170 5379 pastor,
2211 5310 2267 5357 et
2296 5308 2462 5363 tutor,
2513 5303 2568 5348 et
2602 5292 2856 5369 magister
2885 5305 2913 5343 a
2952 5287 3061 5340 Deo
3091 5285 3319 5340 electus,
3354 5278 3533 5349 prori-

1965 5399 2096 5454 dere
2147 5402 2309 5463 atque
2349 5386 2636 5443 consulere
2684 5383 2926 5437 deberet.
2980 5377 3071 5431 llle
3102 5393 3131 5430 e
3166 5376 3362 5428 throno
3412 5386 3534 5423 sur-

1968 5502 2123 5561 gens,
2158 5499 2283 5538 mor
2328 5478 2566 5533 vicissim
2608 5472 2829 5543 iurabat
2876 5485 2984 5523 non
3017 5467 3195 5520 minus
3224 5475 3383 5530 quam
3439 5475 3535 5527 pa-

1968 5550 2176 5635 rentem
2227 5587 2324 5643 pro
2375 5580 2630 5641 germano
2690 5562 2797 5616 filio
2859 5557 3144 5613 sollicitum
3199 5555 3332 5615 foe,
3376 5550 3541 5621 606

1970 5681 2024 5728 et
2050 5671 2140 5740 jus
2185 5682 2365 5722 meum
2404 5662 2475 5715 ita
2509 5658 2885 5715 defensurum,
2920 5658 2980 5703 ut
3028 5648 3070 5702 si
3118 5647 3231 5712 ipsc
3265 5643 3533 5703 adessem,

1973 5764 2166 5819 melius
2201 5774 2306 5814 non
2350 5768 2564 5826 possem
2591 5769 2604 5816 ;
2637 5746 3129 5820 syc0pbantasqne,
3167 5738 3207 5790 si
3240 5735 3331 5806 qni
3363 5734 3542 5802 prodi-

1977 5865 2118 5919 rcnt,
2171 5864 2226 5907 ut
2276 5849 2564 5905 mendaces
2600 5837 2997 5898 maniiedarius
3039 5830 3252 5903 egregie
3300 5826 3547 5908 confuta-
