4066 6298
402 560 433 579 ρ’

576 327 716 392 1143

1741 336 2069 398 JOANNIS
2106 333 2637 398 CANTACUZENI

3677 337 3817 405 llﬂ

568 454 772 500 turum.
806 442 861 498 Si
907 444 960 499 id
1002 461 1109 500 non
1142 446 1334 516 possit,
1371 448 1475 503 hoc
1503 426 1720 518 quidem
1749 451 1912 520 plane
1942 450 2132 506 obten-

2239 448 2375 502 ἀλλά
2408 447 2567 500 τοῦτό
2599 463 2664 514 γε
2716 446 2936 511 πάντως
2981 445 3109 517 ἐμοὶ
3147 446 3427 517 φυλάξειν,
3464 449 3528 503 ea
3589 450 3669 521 μὴ
3714 453 3818 523 πρὸ

569 544 772 599 turum,
806 550 873 590 ne
909 536 1110 590 indicta
1141 552 1302 592 causa
1336 538 1755 593 condemnarcr.
1787 540 2034 609 Cumque
2068 540 2136 594 de

567 622 758 678 iisdem
791 624 954 678 etiam
992 624 1316 690 secundum,
1348 633 1405 680 et
1439 626 1658 680 tertium
1704 626 1846 681 inter
1899 640 1998 681 nos
2037 640 2137 681 ne-

2237 540 2393 608 δίκης
2425 538 2941 609 καταψηφισθῆναι.
2980 540 3194 611 Δεῆσαν
3218 540 3276 594 δὲ
3315 541 3414 596 καὶ
3446 542 3530 607 δὶς
3563 543 3663 597 καὶ
3694 546 3816 616 τρὶς

2237 630 2370 701 περὶ
2396 629 2506 683 τῶν
2537 630 2720 683 αύτῶν
2756 629 3137 701 διαλεχθῆναι,
3164 631 3495 697 τοσαυτάκις
3524 632 3712 703 ὤμνυε
3743 637 3811 691 τὰ

564 714 807 770 cessario
831 713 1293 784 colloqueremur,
1329 716 1490 771 toties
1523 717 1692 780 idem,
1723 732 1830 771 non
1866 717 2044 772 solum
2078 725 2132 770 ut

2236 720 2332 776 ίσα
2355 722 2455 793 οὐχ
2497 721 2703 792 ἱερεῦσι
2733 723 2895 793 μόνον
2916 722 3224 793 πρᾶποντα.
3275 725 3413 780 ἀλλὰ
3439 727 3540 781 καὶ
3570 726 3813 792 ἰδιώταις

564 805 842 867 sacerdos,
896 806 991 860 sed
1041 814 1098 860 ut
1151 804 1416 876 profanus
1467 821 1685 877 quoque
1730 807 1969 877 iurabat.
2035 805 2135 862 Hic

564 900 732 971 igitur
776 898 1160 968 suspiciendus
1203 899 1431 970 iustitiae
1485 908 1773 969 patronus,
1813 909 1868 952 et
1925 907 2133 959 custos,

562 993 879 1063 priusquam
909 991 1027 1048 dies
1054 994 1241 1047 decem
1273 1000 1395 1062 post
1426 1006 1606 1045 meum
1640 991 1897 1063 Byzantio
1930 991 2138 1045 disces-

563 1099 685 1139 sum
716 1084 1021 1148 eﬂluerent,
1067 1102 1096 1137 a
1140 1084 1396 1154 praefecto
1442 1085 1680 1141 cubiculi
1718 1100 2012 1152 persuasus
2044 1099 2132 1139 me

564 1175 740 1244 ipsum
774 1175 841 1230 de
877 1176 1075 1231 throno
1107 1177 1400 1232 deturbare
1428 1177 1585 1242 velle,
1621 1186 1676 1231 et
1701 1175 1972 1230 Palamam
2009 1176 2138 1231 sub-

562 1267 943 1332 introdncere;
1029 1285 1345 1338 quanquam
1410 1270 1716 1324 luculenter
1793 1269 1959 1324 sciret
2016 1284 2138 1325 esse

563 1375 769 1414 meram
817 1361 1169 1427 calumniam,
1216 1361 1358 1416 bello
1409 1361 1536 1416 huic
1569 1360 1897 1431 principium
1928 1361 2134 1416 attulit.

566 1448 637 1507 Ut
687 1461 867 1507 autem
901 1468 1075 1507 meam
1113 1455 1164 1507 in
1190 1468 1273 1519 se,
1306 1468 1467 1523 quam
1516 1455 1760 1522 putabat,
1792 1453 2134 1522 iniquitatem

562 1543 874 1613 puniretur,
907 1544 1307 1613 imperatricem
1338 1558 1552 1613 quoque
1589 1543 1681 1616 (id
1705 1543 1849 1613 quod
1875 1544 2015 1598 alius
2038 1559 2139 1599 ne-

562 1647 653 1686 mo
681 1633 968 1702 potuisset)
998 1633 1233 1703 decepit,
1272 1643 1328 1687 et
1359 1650 1506 1687 arma
1534 1633 1834 1700 suscitavit,
1864 1635 2000 1703 prob
2041 1634 2138 1689 do-

563 1723 666 1788 lor,
701 1726 766 1788 is,
799 1726 891 1794 qui
923 1725 1044 1780 aliis
1071 1740 1263 1794 pacem
1292 1735 1466 1790 curat,
1529 1725 1742 1794 paciﬁci
1769 1734 1826 1780 et
1860 1726 2135 1781 mansueti

563 1817 809 1886 magistri
871 1818 1212 1883 discipulus;
1267 1834 1445 1886 neque
1520 1819 1906 1891 iusiurandum
1975 1819 2137 1874 toties

564 1908 880 1977 nuperrime
924 1909 1167 1979 juratum
1215 1900 1488 1964 reveritus
1509 1950 1525 1977 ,
1559 1925 1739 1980 neque
1766 1910 2136 1965 Romanorum

564 1998 950 2063 calamitatem,
987 2015 1151 2069 quam
1194 2000 1333 2054 bello
1378 2002 1690 2070 perpessuri
1733 2007 1919 2056 essent
1950 2014 2134 2055 secum

563 2091 847 2162 cogitans;
881 2091 979 2147 sed
1008 2105 1176 2144 unum
1209 2090 1309 2144 hoc
1353 2091 1616 2145 duntaxat
1653 2091 1757 2146 sibi
1807 2106 2135 2162 proponens,

566 2190 630 2235 ut
662 2197 748 2235 me
778 2180 1063 2235 innoxium
1091 2196 1122 2235 ο
1151 2181 1332 2235 medio
1363 2181 1609 2237 tolleret:
1639 2190 1742 2236 nec
1770 2197 1945 2252 usque
1972 2182 2139 2237 hodie

564 2273 883 2327 insidiarum
918 2279 975 2327 et
1003 2271 1464 2328 obtrectationum
1528 2276 1752 2330 satietas
1789 2272 1938 2330 illum
1968 2276 2137 2347 capit,

561 2363 692 2433 Quin
723 2373 1061 2433 posttanlam
1093 2364 1414 2422 eﬂusionem
1446 2366 1745 2438 sanguinis,
1773 2378 1894 2437 post
1914 2368 2139 2424 miseros

563 2453 835 2511 Romanos
865 2458 919 2511 in
950 2456 1267 2512 servitutem
1286 2459 1611 2522 abstractos,
1639 2459 2137 2528 postdireptiones,

561 2562 627 2603 ac
647 2549 1447 2619 popnlationes,communeque
1461 2559 1517 2605 et
1533 2550 1975 2622 ultimum,prope
1992 2554 2141 2608 dixe-

562 2639 915 2704 rim,exitium
938 2656 1045 2694 non
1072 2640 1679 2706 adlcommiserationem
1701 2641 1869 2698 ﬂexus
1891 2652 1970 2698 est
1991 2661 2003 2710 ;
2028 2657 2137 2699 non

562 2731 798 2801 aliquam
838 2732 1199 2786 humanitatis
1239 2733 1693 2801 signiﬁcationem
1735 2750 1862 2804 erga
1893 2735 2137 2806 perditos

560 2822 729 2886 dedit,
760 2824 853 2878 sed
878 2825 1061 2877 omnia
1094 2824 1198 2889 illi,
1233 2840 1394 2894 quam
1444 2841 1547 2895 pax
1605 2842 1837 2893 mecum,
1878 2827 2138 2882 tolerabi-

560 2914 694 2969 liora
727 2915 968 2972 fuerunt.
998 2916 1163 2986 Atqui
1201 2917 1348 2972 dicet
1388 2916 1618 2971 fortasse
1644 2918 2133 2987 (quemadmodum

563 3006 749 3061 dicere
781 3007 931 3062 illum
961 3008 1145 3072 audio,
1177 3017 1238 3063 ut
1266 3008 1598 3079 imperatrici
1629 3010 1695 3065 ad
1721 3011 1922 3065 bellum
1955 3012 2131 3067 calcar

2235 815 2439 884 ὅρκων.
2481 814 2542 868 ’0
2585 810 2680 869 οὖν
2723 815 3042 885 θαυμαστὸς
3070 807 3229 879 οὗτος
3263 816 3521 888 κηδεμὼν
3570 819 3671 871 καὶ
3716 819 3810 874 τοῦ

2235 905 2444 959 δικαίου
2477 904 2675 974 φύλαξ,
2736 907 2867 975 πρὶν
2901 905 3036 959 δέκα
3094 904 3312 976 ἐξήκειν
3375 907 3618 977 ἡμέρας,
3675 911 3813 978 μετὰ

2235 999 2338 1066 τὴν
2396 997 2536 1068 ἐμὴν
2585 998 2650 1049 ἐκ
2702 995 2999 1060 Βυζαντίου
3048 997 3504 1070 ἀναχώρησιντῷ
3535 1017 3807 1071 παρακοι-

2240 1087 2481 1157 μωμένῳ
2539 1087 2784 1148 πεισθεὶς
2848 1091 3348 1159 συκοφαντήσαντι,
3409 1091 3493 1145 ὅτι
3550 1092 3814 1162 βούλομαι

2238 1179 2502 1247 κατάγειν
2532 1179 2693 1232 αὐτὸν
2719 1179 2814 1233 τοῦ
2850 1179 3065 1251 θρόνου,
3100 1183 3197 1234 καὶ
3238 1182 3593 1251 ἀντεισάγειν
3623 1185 3805 1239 Παλα-

2241 1272 2370 1341 μᾶν,
2394 1271 2670 1324 ἐκίνειτὸν
2710 1271 2977 1342 ἐμφύλιον
3004 1273 3241 1343 πόλεμον
3274 1275 3462 1339 αὐτός’
3491 1278 3810 1347 σαφέστατα

2237 1360 2391 1425 εἰδὼς
2423 1362 2500 1425 ὡς
2539 1365 2893 1433 συκοφαντεῖ.
2933 1364 3301 1434 Ἀμυνόμενος
3341 1366 3402 1418 δὲ
3452 1367 3557 1437 ἐμὲ
3605 1369 3707 1437 τῆς
3736 1372 3812 1433 είς

2236 1454 2417 1517 αὑτὸν,
2439 1453 2514 1516 ὡς
2538 1453 2698 1525 ᾤετο,
2717 1454 3133 1524 ἀγνωμοσύνης,
3163 1455 3260 1510 καὶ
3295 1455 3546 1525 βασιλίδα
3566 1459 3812 1527 ἐξηπάτα

2237 1545 2329 1598 ὑπ’
2365 1546 2578 1609 οὐδενὸς
2625 1546 2815 1616 ἐτέρου
2859 1546 3169 1616 δυναμένην
3204 1545 3364 1600 τοῦτο
3416 1549 3679 1619 πάσχειν,
3720 1553 3813 1605 καὶ

2237 1637 2330 1691 τὸν
2361 1637 2604 1708 πόλεμον
2636 1637 2827 1703 ἐκίνει,
2865 1637 2989 1706 φεῦ,
3037 1640 3065 1691 ό
3094 1637 3193 1709 τὴν
3224 1639 3457 1709 εἰρήνην
3490 1643 3608 1703 τοῖς
3635 1640 3813 1705 ἄλλοις

2241 1730 2522 1800 παρέχων,
2560 1730 2658 1783 καὶ
2703 1731 2800 1783 τοῦ
2849 1729 3128 1801 εἰρηνικοῦ
3177 1733 3275 1785 καὶ
3314 1730 3497 1801 πράου
3537 1731 3811 1802 μαθητής.

2244 1822 2385 1892 μήτε
2414 1823 2613 1899 ὅρκους
2643 1820 2935 1886 αἰδεσθεὶς,
2986 1821 3082 1885 οὒς
3139 1821 3267 1892 χθὲς
3299 1822 3396 1875 καὶ
3426 1823 3628 1893 πρώην
3669 1823 3816 1893 ὀμω-

2243 1910 2424 1980 μόκει,
2479 1912 2618 1981 μήτε
2656 1910 2754 1979 τῆς
2788 1910 3078 1980 Ῥωμαίων
3113 1913 3426 1981 συμφορᾶς,
3477 1906 3547 1983 ἦς
3588 1912 3813 1981 ἔμελλον

2242 2001 2331 2055 διὰ
2358 1988 2450 2055 τὸν
2484 2001 2722 2070 πόλεμον
2774 2000 3139 2071 πειράσεσθαι
3191 2001 3270 2064 είς
3318 2000 3534 2055 ἔννοιαν
3597 2002 3807 2056 ἐλθών·

2238 2091 2376 2146 ἀλλὰ
2412 2093 2549 2162 πρὸς
2602 2092 2660 2145 ἓν
2713 2093 2876 2164 μόνον
2927 2093 3161 2164 βλέπων,
3190 2094 3339 2157 ὅπως
3388 2094 3489 2165 ἐμὲ
3520 2094 3691 2167 ἀνέλῃ
3724 2095 3812 2149 τὸν

2239 2182 2393 2237 οὐδὲν
2425 2183 2744 2251 ἠδικηκότα.
2794 2184 2903 2238 Καὶ
2943 2184 3066 2237 οὐδὲ
3096 2185 3257 2255 μέχρι
3283 2183 3380 2237 νῦν
3413 2185 3582 2255 κόρον
3611 2185 3820 2257 ἔσχηκε

2241 2275 2350 2328 τῶν
2380 2274 2682 2330 ἐπιϐουλῶν
2729 2275 2824 2329 καὶ
2865 2278 3265 2343 συκοφαντιῶν,
3317 2276 3458 2332 ἀλλὰ
3507 2281 3610 2331 καὶ
3673 2279 3808 2349 μετά

2242 2367 2342 2437 τὴν
2370 2366 2644 2436 τοσαύτην
2676 2366 2784 2420 τῶν
2814 2367 3066 2436 αίμάτων
3098 2366 3276 2436 χύσιν,
3312 2368 3409 2423 καὶ
3453 2369 3557 2439 τὴν
3605 2371 3807 2440 αἰχμα-

2239 2456 2442 2511 λωσίαν
2464 2456 2571 2511 τῶν
2597 2454 2878 2526 δυστυχῶν
2911 2456 3221 2526 Ῥωμαίων,
3248 2460 3343 2512 καὶ
3359 2458 3461 2522 τὰς
3474 2460 3807 2531 διαρπαγὰς,

2239 2548 2335 2601 καὶ
2360 2548 2458 2611 τὰς
2480 2547 2800 2625 λεηλασίας,
2824 2548 2920 2601 καὶ
2948 2547 3046 2620 τὴν
3081 2549 3267 2620 κοινὴν
3301 2550 3709 2620 πανωλεθρίαν,
3736 2552 3808 2615 ὡς

2239 2639 2438 2704 εἰπεῖν,
2465 2640 2525 2693 οὐ
2552 2640 2688 2711 πρὸς
2706 2638 2854 2692 ἔλεον
2877 2640 3274 2710 κατεκάμφθηο
3294 2641 3415 2695 οὐδὲ
3444 2637 3631 2697 οἶκτον
3651 2642 3806 2696 ἔλασε

2237 2729 2358 2783 τινὰ
2373 2729 2483 2782 τῶν
2502 2729 2867 2799 ἀτυχούντων,
2887 2729 3024 2784 ἀλλὰ
3050 2732 3226 2784 πάντα
3249 2731 3451 2800 μᾶλλον
3470 2734 3804 2803 φορητότερα

2237 2819 2404 2889 αὐτῷ,
2424 2820 2457 2889 ἠ
2481 2821 2514 2890 ή
2535 2821 2670 2891 πρὸς
2685 2820 2786 2890 ἐμὲ
2802 2821 3016 2891 εἰρήνη.
3036 2821 3176 2874 Ἀλλ’
3193 2823 3323 2887 ίσως
3341 2823 3457 2893 ἐρεῖ
3470 2823 3661 2891 ῶσπερ
3678 2825 3804 2893 δῆτα

2237 2910 2583 2981 πυνθάνομαι
2614 2910 2710 2966 καὶ
2746 2911 2931 2980 λέγειν
2960 2913 3287 2983 βουλόμενος
3318 2905 3580 2984 βασιλίδα
3602 2916 3799 2987 μᾶλλον

2239 3001 2508 3069 ἐρεθίζειν
2543 3001 2677 3070 πρὸς
2701 3001 2792 3055 τὸν
2811 3002 3068 3073 πόλεμον,
3090 3004 3164 3067 ὡς
3185 3005 3290 3068 ἕως
3319 3005 3419 3076 μὲν
3449 3006 3631 3077 ὀρθοῖς
3662 3008 3801 3076 ἐώρα

561 3099 759 3168 addat)
810 3114 871 3154 se
919 3100 1163 3170 quandiu
1194 3110 1365 3164 recta,
1400 3101 1647 3168 etittsta
1691 3105 2043 3173 cOg'tantem,
2078 3112 2132 3159 et

2237 3094 2330 3147 καὶ
2345 3093 2575 3157 δικαίοις
2594 3093 2692 3161 ἐμὲ
2713 3091 2995 3164 χρώμενον
3012 3094 3315 3165 λογισμοῖς,
3330 3097 3426 3151 καὶ
3444 3098 3516 3150 τὰ
3537 3099 3799 3151 συνοίσον-

560 3187 691 3244 ﬁliis
722 3189 1072 3258 imperatoris
1119 3189 1429 3245 studentem
1476 3189 1699 3257 viderit,
1737 3192 1873 3246 mihi
1908 3191 2127 3259 favisse,

559 3293 617 3335 et
645 3281 829 3350 jurata
857 3278 1158 3335 factitasse.
1190 3281 1272 3336 Ab
1294 3281 1454 3335 oﬁicii
1479 3291 1660 3337 autem
1690 3283 1882 3338 semita
1915 3282 2131 3339 detorto

559 3388 670 3437 me,
701 3381 757 3427 et
804 3371 860 3426 in
891 3373 1072 3427 scelus
1100 3372 1360 3434 abeunte,
1385 3373 1509 3443 jure
1559 3388 1622 3429 ac
1670 3374 1866 3428 merito
1893 3373 2128 3444 impera-

562 3463 695 3517 toris
746 3462 886 3517 ﬁlios
935 3471 1126 3517 contra
1174 3478 1264 3517 me
1315 3461 1635 3518 defendere.
1675 3463 1893 3526 Verum,
1921 3479 1953 3519 o
1988 3466 2129 3521 bane

561 3554 665 3619 vir,
697 3568 932 3623 quonam
967 3555 1107 3607 istuc
1135 3555 1494 3623 argumento?
1527 3554 1584 3608 Si
1618 3557 1763 3609 enim
1793 3554 2130 3611 sulﬁcittan-

563 3655 675 3698 tum
701 3643 994 3709 afﬁrmare,
1027 3643 1212 3698 ethoc
1242 3643 1310 3697 ad
1348 3660 1458 3698 rem
1484 3646 1959 3700 demonstrandam
1999 3648 2131 3700 satis

466 3754 479 3761 ·
559 3750 683 3790 esse
713 3734 1019 3790 existimari
1065 3736 1248 3799 debet,
1297 3752 1380 3792 na:
1427 3746 1485 3792 tu
1524 3737 1690 3793 homo
1727 3737 1974 3807 insignis,
2008 3740 2130 3795 lon-

559 3841 733 3897 geque
762 3825 1113 3883 felicissimus
1163 3841 1256 3893 es,
1292 3829 1384 3897 qui
1411 3828 1548 3883 adeo
1576 3828 1710 3884 citra
1742 3828 1981 3885 laborem
2029 3830 2130 3885 ho-

560 3918 739 3973 st;bus
786 3917 897 3973 tuis
945 3920 1141 3974 evadas
1195 3919 1462 3989 superior.
1505 3920 1576 3974 At
1615 3920 1760 3974 enim
1811 3921 2131 3992 quotidiana

560 4008 817 4079 ﬁgmenta
865 4016 978 4073 tua,
1017 4020 1071 4065 et
1120 4026 1391 4080 perversae
1421 4011 1690 4076 actiones,
1718 4011 1774 4065 in
1808 4011 2008 4080 quibus
2034 4012 2130 4066 de-

560 4102 868 4171 prehensus
903 4117 983 4167 es,
1041 4101 1182 4172 apud
1236 4103 1433 4156 multos
1472 4101 1612 4157 hanc
1664 4110 1717 4156 te
1757 4102 1957 4156 habere
2012 4103 2132 4173 cpi-

560 4195 779 4248 nionem
821 4210 929 4247 non
984 4194 1187 4249 sinent.
1248 4193 1344 4247 Sin
1396 4203 1576 4248 autem
1621 4194 1762 4248 istuc
1815 4208 1924 4246 non
1951 4194 2128 4249 solum

559 4287 731 4356 loqui,
768 4285 864 4341 sed
889 4295 945 4341 et
973 4295 1164 4355 putare
1193 4285 1510 4339 insanorum
1544 4294 1649 4349 est,
1685 4286 2030 4354 relinquitur.
2072 4297 2130 4340 ut

460 4371 467 4389 '
561 4378 919 4441 probationes
969 4375 1259 4431 aﬁ‘crcndze
1316 4377 1445 4430 sint.
1501 4373 1680 4440 Quare
1740 4376 1785 4429 si
1845 4376 2129 4446 quidpiam

2235 3201 2305 3238 τα
2323 3186 2434 3245 τοῖς
2456 3185 2717 3257 βασιλέως
2747 3185 3135 3257 βουλευόμενον
3164 3189 3375 3252 παισὶν,
3400 3188 3593 3250 εὔνους
3614 3185 3681 3260 ἦν
3711 3190 3798 3244 καὶ

2236 3274 2426 3344 αὐτδςε
2440 3277 2532 3329 καὶ
2554 3276 2776 3346 ἐνέμενε
2813 3278 2923 3340 τοῖς
2946 3277 3126 3355 ὅρκοις
3149 3294 3165 3310 ο
3189 3279 3681 3351 ἐπειδΊξετράπην
3698 3281 3799 3334 τῶν

2234 3365 2460 3420 δεόντων
2485 3367 2581 3422 καὶ
2605 3368 2829 3436 εἱλόμην
2847 3368 3071 3433 ἀδικεῖν,
3084 3368 3268 3423 δίκαια
3286 3370 3458 3424 ποιῶν
3482 3372 3645 3436 αὐτὸς
3665 3370 3800 3441 ἀμύ-

2236 3472 2388 3509 νεται
2422 3457 2564 3527 ὑπὲρ
2590 3457 2699 3511 τῶν
2731 3456 2996 3526 βασιλέως
3023 3459 3255 3513 παίδων.
3289 3460 3400 3515 Καὶ
3425 3461 3511 3524 τίς
3537 3462 3742 3515 τούτων
3764 3464 3796 3531 ἡ

2235 3545 2531 3612 ἀπόδειξις,
2545 3542 2589 3601 ὦ
2606 3547 2755 3617 ’γαθέ
2773 3566 2788 3616 ;
2815 3550 2875 3603 Ei
2893 3550 2994 3619 μὲν
3012 3550 3119 3622 γὰρ
3140 3552 3300 3621 ἀρκεῖ
3323 3553 3486 3623 μόνον
3501 3555 3800 3617 είπεϊν,καὶ

2234 3637 2581 3709 τοῦτ’ἀρκείν
2598 3639 2850 3710 ήγεῖσθαι
2880 3642 3018 3712 πρὸς
3034 3643 3311 3708 ἀπόδειξιν
3328 3643 3425 3697 τοῦ
3445 3645 3798 3717 πράγματος,

2233 3729 2308 3792 ὼς
2340 3729 2590 3800 λαμπρὸς
2621 3726 2694 3796 εἴ,
2742 3732 2836 3785 καὶ
2867 3732 2936 3786 τὰ
2988 3734 3225 3804 μέγιστα
3255 3735 3596 3807 εύτύχηκας,
3635 3738 3800 3801 οὕτως

2236 3815 2448 3880 ἀπόνως
2469 3816 2579 3870 τῶν
2608 3817 2814 3888 ἐχθρῶν
2846 3822 3283 3891 περιγινόμενος.
3315 3824 3461 3879 Ἀλλ’
3491 3828 3555 3879 οὐ
3588 3844 3798 3897 συγχω-

2239 3907 2468 3978 ρήσουσι
2517 3909 2587 3962 τά
2639 3908 2962 3981 καθημέραν
2992 3912 3316 3983 πλάσματα,
3350 3915 3448 3969 καὶ
3476 3915 3543 3969 τδ
3574 3916 3712 3988 πρὸς
3735 3916 3799 3969 τὰ

2237 3998 2417 4068 φαῦλα
2447 3999 2775 4070 κατάφωρον
2800 4000 2910 4055 τῶν
2948 4002 3130 4072 ἔργων
3168 4004 3427 4077 τοιαύτην
3469 4006 3623 4076 ἔχειν
3648 4007 3799 4071 δόξαν

2236 4092 2391 4161 παρᾶ
2416 4095 2530 4153 τοῖς
2565 4092 2802 4158 πολλοῖς.
2847 4094 2912 4148 Εἰ
2936 4096 2993 4149 δὲ
3015 4097 3178 4149 τοῦτο
3212 4097 3314 4166 μὲν
3351 4099 3799 4170 μελαγχολῶντσς

2236 4185 2333 4254 οὐχ
2362 4186 2442 4245 ὅτι
2471 4186 2673 4256 λέγειν,
2706 4185 2847 4239 ἀλλὰ
2889 4188 2981 4240 καί
3012 4188 3245 4255 οἴεσθαι,
3272 4189 3458 4244 λοιπὸν
3487 4192 3673 4245 τοίνυν
3700 4211 3799 4262 χω-

2239 4278 2356 4346 ρεῖν
2386 4276 2523 4347 πρὸς
2554 4279 2680 4342 τοὺς
2720 4279 2999 4349 ἐλέγχους.
3029 4280 3103 4332 El‘
3127 4283 3226 4350 μὲν
3259 4278 3353 4335 οὖν
3381 4282 3510 4352 ἐμοί
3542 4300 3600 4337 τι
3634 4282 3798 4336 σύνοιο

2236 4368 2325 4421 δεν
2354 4368 2515 4432 αὐτὸς
2537 4369 2802 4435 τοιοῦτον,
2834 4371 3170 4442 ἐξελεγχέτω
3208 4375 3487 4444 φανερῶς·
3517 4377 3570 4428 εί
3608 4375 3654 4428 δ’
3687 4375 3795 4429 tti-

561 4466 938 4535 hujuscemodi
986 4467 1053 4521 dc
1097 4481 1184 4520 me
1213 4464 1384 4530 novit,
1433 4464 1607 4535 palam
1653 4478 1739 4518 me
1786 4468 2127 4537 redarguat:

2237 4476 2346 4529 ρων
2410 4462 2577 4529 φησιν
2604 4461 2924 4531 ἀκηκοέναι,
2962 4462 3260 4534 παραγέτω
3321 4464 3451 4527 τοὺς
3486 4464 3793 4537 μάρτυρας·

557 4562 721 4633 607
783 4560 864 4614 sin
905 4559 973 4615 ab
1011 4559 1117 4614 alio
1161 4572 1219 4613 se
1259 4557 1540 4627 accepisse
1583 4556 1747 4623 dicat,
1790 4565 1957 4612 testes
2002 4574 2132 4628 pro-

559 4656 746 4718 ducat,
795 4652 937 4723 quod
972 4666 1083 4705 non
1129 4650 1333 4720 poterit
1377 4665 1393 4702 :
1428 4647 1535 4703 nisi
1577 4664 1793 4702 rursum
1823 4664 1933 4703 non
1970 4664 2130 4719 argu—

563 4744 815 4807 mentari,
850 4743 945 4797 sed
984 4741 1365 4812 sycophantari
1414 4740 1788 4795 tantummodo
1825 4740 1975 4795 velit.
2018 4741 2131 4811 Ego

561 4850 692 4890 vero
741 4849 809 4890 ex
848 4834 963 4902 ipsa
1009 4848 1067 4886 re
1096 4832 1496 4885 ﬁrmamentum
1548 4840 1729 4901 petam
1784 4831 2131 4888 evidentissi-

561 4939 732 4987 mum.
765 4921 950 4992 Neque
974 4921 1123 4979 enim
1144 4928 1436 4990 antequam
1467 4920 1664 4975 bellum
1695 4921 1770 4975 illi
1799 4921 2129 4985 excitarunt,

560 5032 739 5084 neque
767 5015 954 5069 statim
1005 5025 1064 5067 nt
1117 5012 1446 5077 excitarunt,
1492 5014 1574 5067 vel
1624 5014 1938 5068 meditatum
1988 5029 2128 5079 esse,

563 5105 647 5160 vel
678 5104 875 5159 fecisse
912 5103 1208 5173 quidquam
1256 5100 1573 5157 insidiarum
1625 5101 1750 5155 ﬁliis
1785 5101 2132 5172 imperatoris

560 5197 778 5251 ostendi
806 5205 986 5265 potest
1022 5213 1036 5250 :
1084 5194 1181 5248 sed
1224 5202 1343 5263 post
1376 5193 1569 5248 matris
1607 5193 1979 5262 meeeﬁliique
2015 5209 2133 5248 car-

560 5302 777 5353 cerem;
808 5295 935 5356 post
984 5300 1228 5340 mearum
1262 5284 1598 5339 fortunarum
1641 5283 2130 5355 despoliationem;

558 5388 683 5450 post
735 5380 1058 5442 amicorum,
1126 5385 1591 5449 cognatorumque
1654 5377 2129 5446 proscriptionem,

561 5488 668 5527 non
702 5473 769 5527 ad
804 5472 1186 5527 ulcisdendum
1218 5467 1339 5525 sum
1373 5484 1680 5539 aggressus,
1714 5468 1809 5522 sed
1834 5468 2130 5536 aspiciens,

560 5579 668 5634 quo
687 5564 952 5618 malorum
970 5563 1170 5618 bellum
1190 5571 1438 5616 mutuum
1457 5559 1732 5625 evaderet,
1750 5556 2129 5628 doluiq'uidcm

559 5655 626 5708 ab
644 5654 804 5709 initio
821 5664 1002 5710 natum
1024 5662 1228 5719 es-e,et
1245 5651 1375 5708 illud
1391 5652 1539 5721 quasi
1565 5650 1832 5704 ﬂammam
1857 5650 2131 5714 irritantes

560 5745 794 5813 graviter
816 5760 1045 5813 peccare
1065 5744 1195 5798 duxi
1218 5759 1232 5796 :
1251 5747 1368 5814 ipse
1391 5750 1805 5813 vero,quantum
1827 5743 1881 5797 in
1902 5758 1987 5798 me
2006 5743 2109 5799 fuit

2233 4550 2472 4604 ἀλλὀὐκ
2509 4552 2576 4604 ἂν
2605 4551 2744 4621 ἔχοι,
2795 4554 2845 4606 εί
2905 4555 2980 4624 μὴ
3028 4558 3388 4623 συκοφαντεῖν
3420 4551 3581 4619 αὖθις
3619 4557 3795 4622 ἀνεξέ-

2234 4640 2442 4708 λεγκτα
2472 4641 2671 4697 ἐθέλοι.
2716 4642 2860 4710 Ἐγὼ
2907 4644 2964 4697 δέ
3013 4645 3111 4715 τὴν
3144 4645 3253 4699 ἀπὸ
3282 4646 3393 4699 τῶν
3422 4647 3605 4717 ἔργων
3635 4648 3792 4719 παρέ-

2235 4731 2396 4801 ξομαι
2419 4733 2827 4805 ἐναργεστάτην
2862 4735 3199 4806 μαρτυρίαν.
3232 4735 3373 4790 Οὔτε
3410 4738 3522 4807 γὰρ
3553 4740 3684 4805 πρὶν
3707 4740 3790 4793 τὸν

2234 4824 2473 4894 πόλεμον
2499 4825 2790 4895 κινηθῆναι
2815 4827 2943 4898 παρ’
2975 4828 3327 4896 αύτῶν,ὀῠτε
3353 4830 3789 4901 βεϐουλευμένος,

2235 4914 2357 4969 οὔτε
2391 4916 2604 4987 πράξας
2627 4935 2683 4970 τι
2718 4919 2855 4988 πρὸς
2899 4919 3197 4993 ἐπιϐουλὴν
3226 4923 3337 4976 τῶν
3378 4922 3646 4993 βασιλέως
3675 4923 3792 4976 παί-

2233 5006 2338 5060 δων
2373 5008 2440 5061 ἂν
2473 5010 2723 5081 φανείην,
2783 5009 2898 5065 οὔτ’
2948 5011 3112 5075 εὐθὺς
3143 5013 3451 5084 ἠργμένον·
3492 5016 3631 5070 ἀλλὰ
3665 5015 3792 5086 μετᾶ

2232 5099 2332 5168 τὴν
2367 5102 2465 5169 τῆς
2519 5104 2724 5175 μητρὸς
2781 5104 2877 5156 καὶ
2933 5103 3030 5156 τοῦ
3091 5105 3212 5158 υἱοῦ
3271 5106 3527 5179 εἱρκτὴν,
3578 5110 3669 5162 καὶ
3704 5108 3793 5176 τὴν

2232 5193 2598 5264 ἀποστέρησιν
2638 5194 2747 5248 τῶν
2778 5195 2968 5264 ὄντων,
3019 5197 3113 5249 καὶ
3145 5196 3244 5267 τὴν
3275 5198 3546 5269 δήμευσιν
3580 5200 3687 5253 τῶν
3713 5200 3791 5268 cpio

2232 5284 2359 5350 λων,
2389 5285 2613 5341 καὶτῶν
2644 5287 2949 5355 συγγενῶν,
2981 5289 3042 5342 οὐ
3066 5288 3203 5359 πρὸς
3227 5289 3289 5342 τὸ
3315 5290 3624 5359 ἀμύνεσθαι
3651 5293 3793 5361 ἐτρε-

2233 5375 2441 5446 πύμην,
2475 5377 2588 5430 ἀλλ’
2612 5378 2756 5448 ὀρῶν
2788 5382 2837 5432 οἱ
2864 5379 3053 5433 κακῶν
3088 5381 3116 5432 ό
3157 5381 3296 5448 πρὸς
3324 5381 3592 5452 ἀλλήλους
3617 5383 3792 5436 τελευ·

2231 5466 2387 5534 τήσει
2417 5466 2675 5536 πόλεμος,
2707 5468 2953 5538 ἠχθόμην
2988 5469 3089 5538 μὲν
3139 5473 3498 5538 κινουμένου,
3537 5473 3636 5524 καὶ
3678 5472 3793 5533 τοὺς

2233 5556 2631 5626 παροξύνοντας
2677 5560 2735 5610 ἐν
2778 5559 2982 5621 αἰτίαις
3008 5556 3183 5629 ἦγον
3229 5561 3392 5626 αὐτὸς
3442 5561 3503 5614 δὲ
3551 5562 3629 5627 ὡς
3659 5556 3794 5631 εἶχον

2235 5648 2471 5718 μάλιστα
2498 5644 2833 5714 ἐσπούδαζον
2868 5650 3185 5714 καταλύειν,
3218 5651 3313 5703 καὶ
3338 5652 3646 5720 πρεσϐείαν
3666 5652 3796 5723 ὑπὲρ

2233 5741 2331 5811 τῆς
2368 5741 2588 5812 εἰρήνης
2634 5741 2959 5815 ἐποιούμην.
3015 5742 3127 5799 Καὶ
3174 5745 3275 5814 τήν
3315 5743 3477 5815 δίκην
3533 5744 3797 5817 ἀπῄτουν,
