4066 6298
482 433 619 500 lii?

1646 427 1975 489 JOANNIS
2018 426 2552 487 CANFACUZENI

3598 428 3732 493 1H3

485 558 617 602 aute
643 560 746 599 nec
782 554 908 615 post
965 546 1259 615 quidquam
1312 543 1589 614 probabile
1635 534 1892 597 actitasse
1929 558 2059 596 con-

2165 541 2302 609 μήτε
2360 542 2646 611 πρότερον,
2711 539 2840 610 μήθ’
2881 540 3109 611 ὔστερον
3145 540 3256 594 τῶν
3303 540 3533 595 δεόντων
3567 544 3732 611 μηδὲν

483 648 611 694 stat.
654 637 720 692 Et
762 638 1020 706 quoniam
1055 637 1362 707 patriarcha
1394 636 1524 690 mihi
1545 635 1753 691 cladem
1801 636 1930 690 belli
1964 638 2055 691 ad-

482 731 692 794 scribit,
743 741 799 784 et
838 731 944 784 hoc
978 745 1065 783 me
1119 728 1348 784 crimine
1398 729 1658 799 aspergit,
1702 744 1824 799 age,
1862 739 1983 784 uter
2020 744 2054 784 e

485 822 698 875 duobus
723 823 879 875 istius
894 822 1065 875 cladis
1091 822 1271 891 potius
1299 830 1490 876 auctor
1510 821 1602 884 sit,
1625 822 2052 879 consideremus.

486 909 753 965 Primum.
781 914 927 964 enim
975 912 1189 980 opinor,
1225 927 1669 982 unumquemque
1724 913 1936 980 culpam
1970 914 2055 968 in-

486 1004 894 1056 commodorum
952 1003 1072 1056 belli
1126 1002 1179 1056 in
1212 1018 1337 1058 eum
1372 1003 1688 1070 transferre,
1724 1018 1752 1058 a
1785 1020 1893 1073 quo
1937 1004 2056 1059 bel-

485 1094 595 1147 lum
627 1093 929 1160 profectum
958 1100 1043 1146 est
1068 1111 1082 1147 :
1104 1108 1229 1148 nam
1257 1091 1449 1148 salutis
1510 1109 1674 1148 causa
1705 1110 1826 1149 sese
1860 1095 2055 1160 tuenti,

483 1199 645 1237 nemo
674 1184 856 1238 adhuc
889 1184 1067 1238 dicam
1119 1185 1360 1253 scripsit.
1416 1185 1621 1240 Deinde
1659 1186 1933 1256 sigillatim
1970 1186 2059 1240 in-

484 1276 788 1343 quiramus,
819 1291 849 1328 a
884 1277 1084 1345 quibus
1116 1277 1383 1330 honorum
1414 1276 1831 1346 publicationes,
1860 1278 2056 1343 cades,

485 1364 699 1427 exsilia,
741 1381 1013 1431 carceres,
1069 1369 1266 1422 eculei.
1333 1368 1523 1423 Nonne
1558 1371 1626 1423 ab
1670 1370 1841 1439 ipsis?
1877 1386 2060 1425 nonne

486 1455 764 1525 lacryrnis,
827 1474 1012 1512 nonne
1109 1461 1396 1515 cruoribus
1451 1461 1736 1517 universas
1814 1463 2063 1517 civitates

488 1549 885 1615 repleverunt?
915 1550 1111 1606 Nonne
1163 1568 1266 1607 ceu
1318 1568 1637 1609 communes
1693 1554 2061 1609 Romanorum

490 1640 678 1695 hostes
715 1642 937 1711 impune
983 1645 1295 1712 volitantes,
1331 1646 1533 1715 ubi‘que
1592 1646 1881 1714 eptimates
1934 1662 2066 1702 cen-

489 1732 873 1788 trutidarunt?
908 1751 1091 1791 nonne
1121 1738 1419 1806 publicam,
1457 1738 1834 1809 privatamque
1868 1740 2068 1795 Roma-

490 1839 689 1877 norum
724 1826 1009 1894 pecuniam
1050 1828 1103 1880 in
1151 1843 1237 1882 res
1268 1828 1419 1883 nihili
1452 1829 1859 1898 profuderunt?
1910 1831 2061 1886 Mitto

493 1912 640 1965 enim
689 1915 872 1970 dicere
898 1925 1165 1981 nostram,
1205 1917 1341 1971 adeo
1387 1918 1706 1980 immanem,
1741 1936 1901 1990 quam
1953 1921 2056 1975 nisi

494 2004 597 2072 ipsi
648 2004 788 2058 bello
838 2018 1114 2061 commoto
1148 2007 1508 2077 dissipassent
1545 2009 1756 2080 (Deum
1792 2013 2062 2082 inspecto-

496 2105 610 2144 rem
668 2092 1031 2158 occultorum,
1084 2096 1506 2168 abditerumque
1566 2102 1809 2156 omnium
1868 2114 2058 2162 testem

493 2182 696 2253 laudo)
729 2184 783 2237 in
812 2188 1089 2240 communi
1137 2188 1373 2244 utilitate
1424 2191 1689 2248 collocare
1738 2204 2058 2254 statueram.

494 2270 685 2328 Nonne
741 2278 922 2341 urbes,
972 2278 1105 2334 alias
1162 2280 1382 2349 quidem
1448 2281 1634 2338 Moesis
1698 2286 2059 2354 tradiderunt,

496 2365 630 2418 alias
656 2366 888 2423 libentes
919 2369 1172 2427 Triballis
1202 2372 1605 2440 permiserunt?
1636 2377 1831 2432 Nonne
1857 2378 2062 2435 Barba-

497 2472 589 2513 ros
623 2459 723 2528 ipsi
766 2462 924 2530 primi
963 2463 1224 2520 Romanis
1255 2466 1616 2535 induxerunt,
1666 2470 2063 2528 Macedoniam-

495 2566 605 2620 que
639 2552 1010 2615 incursarunt,
1052 2564 1107 2608 et
1147 2555 1201 2610 in
1234 2558 1558 2613 servitutem
1595 2560 1858 2628 plurimos
1889 2566 2062 2619 abdu-

496 2642 734 2696 xerunt?
768 2643 960 2698 Nonne
1000 2645 1289 2701 Thraciam
1321 2650 1486 2703 tetam
1533 2652 1739 2707 crebris
1766 2658 2065 2725 expeditio-

499 2733 657 2788 nibus
687 2735 833 2788 velut
867 2737 1106 2792 hostium
1133 2742 1480 2807 provinciam
1509 2755 1740 2810 vastam,
1772 2762 1838 2802 ac
1881 2749 2065 2805 deser-

502 2833 614 2877 tam
646 2824 1037 2882 reddiderunt?
1069 2827 1261 2884 Nonne
1285 2833 1661 2891 recentissime
1684 2835 1984 2903 Merrham,
2006 2849 2068 2895 ut

498 2928 531 2966 a
558 2927 645 2968 me
667 2921 927 2978 stantem,
950 2914 1380 2973 deformarunt?
1428 2919 1623 2981 Nonne
1643 2927 1949 2995 communia
1972 2942 2067 2982 ve-

495 3007 713 3078 ctigalia
735 3008 916 3065 omnia
947 3010 1284 3067 sustulerunt
1301 3012 1324 3066 ?
1340 3010 1529 3069 Nonne
1547 3017 1818 3074 exercitus
1855 3030 2064 3089 partem

498 3099 717 3169 quilem
740 3111 798 3156 ut
817 3103 1182 3165 adversariam
1216 3105 1315 3175 ipsi
1340 3107 1737 3174 contriverunt,
1754 3111 1920 3181 609
1941 3127 2064 3182 par-

2157 632 2483 702 φαινόμενος
2521 637 2716 687 ποιεῖν.
2763 634 2915 686 Ἐπεὶ
2945 634 3000 687 δέ
3041 651 3130 703 μοι
3161 634 3256 687 καὶ
3302 634 3399 702 τὴν
3435 636 3734 703 γεγενημέ-

2160 742 2258 793 νην
2293 724 2500 795 φθορὰν
2546 725 2654 779 ὑπὸ
2705 727 2798 780 τοῦ
2859 725 3097 793 πολέμου
3130 724 3532 795 προστρίϐεται
3568 728 3597 778 ό
3631 743 3735 778 πα-

2155 818 2446 886 τριάρχης,
2467 815 2796 886 σκεψώμεθα
2821 817 2903 878 τίς
2932 819 3109 879 αῖτιος
3142 817 3333 884 αὐτῆς.
3365 817 3593 885 Πρῶτον
3628 818 3728 885 μὲν

2158 908 2267 978 γὰρ
2297 909 2481 977 οἴομαι
2504 909 2687 962 πάντα
2708 908 2949 962 ὁντινοῦν
3003 908 3082 974 τῷ
3105 909 3329 977 ἄρχοντι
3362 908 3606 976 πολέμου
3635 908 3737 979 τὴν

2159 1000 2335 1053 αἰτίαν
2363 1002 2469 1053 τῶν
2509 1000 2811 1069 γινομένων
2851 1000 3149 1070 ἀναθήσειν
3179 1017 3193 1032 ο
3234 1000 3570 1069 ἀμυνομένῳ
3618 1000 3729 1069 γὰρ

2157 1092 2414 1146 οὐδέποτε
2468 1092 2644 1156 οὐδεὶς
2694 1091 3033 1156 ἐνεκάλεσεν,
3064 1093 3147 1145 ὅτι
3202 1091 3459 1156 διασώζει
3515 1092 3735 1145 ἐαυτόν·

2159 1184 2348 1237 ἔπειτα
2409 1183 2755 1250 ἐξετάσωμεν
2785 1185 2882 1237 καὶ
2907 1183 2973 1235 τὰ
2995 1183 3136 1236 κατά
3172 1184 3359 1252 μέρος,
3391 1184 3545 1251 παρά
3568 1184 3736 1235 τίνων

2160 1277 2452 1346 δημεύσεις
2482 1278 2576 1329 καὶ
2603 1276 2834 1344 σφαγαὶ,
2865 1277 2959 1330 καὶ
2982 1275 3212 1343 ἐξορίαι.
3244 1279 3339 1330 καὶ
3358 1276 3735 1344 δεσμωτήρια,
3764 1280 3779 1285 ’

2162 1370 2258 1422 καὶ
2292 1367 2679 1438 στρεϐλώσεις.
2714 1367 2849 1438 Οὐχὶ
2908 1368 3039 1437 παρ’
3097 1366 3309 1431 αὑτῶν;
3364 1367 3428 1418 οὑ
3478 1366 3737 1435 δακρύων

2162 1459 2468 1529 ἐνέπλησαν
2524 1459 2623 1522 τὰς
2675 1458 2859 1521 πόλεις
2905 1459 3113 1522 πάσας,
3170 1458 3269 1527 οὐχ
3309 1458 3597 1527 αἱμάτωνς
3640 1457 3738 1527 οὐχ

2160 1550 2353 1619 ὥσπερ
2408 1550 2577 1603 κοινοὶ
2634 1548 2744 1602 τῶν
2802 1549 3091 1619 Ῥωμαίων
3145 1549 3396 1616 πολέμιοι
3450 1548 3737 1617 περιόντες

2164 1643 2288 1704 τοὺς
2316 1640 2623 1710 ἑκασταχοῦ
2674 1639 2931 1709 ἀρίστους
3006 1639 3442 1708 διαφθείρουσινς
3474 1639 3536 1691 ού
3574 1639 3643 1692 τά
3678 1656 3739 1691 τε

2166 1733 2322 1787 κοινὰ
2357 1733 2450 1786 καὶ
2499 1733 2568 1786 τὰ
2612 1733 2717 1786 ῖδια
2742 1734 2850 1785 τῶν
2894 1731 3185 1801 Ῥωμαίων
3230 1731 3495 1801 χρήματα
3526 1732 3742 1785 ἀνάλω-

2170 1838 2292 1884 σαν,
2351 1822 2430 1883 είς
2481 1820 2631 1873 οὐδὲν
2664 1819 2823 1886 δέον;
2868 1818 2972 1870 Ἐὦ
3013 1819 3122 1888 γάρ
3154 1819 3335 1887 λέγειν
3378 1822 3448 1872 τὰ
3495 1819 3742 1890 ἡμέτερα

2161 1912 2401 1969 τοσαῦτα
2431 1911 2581 1976 ὄντα,
2609 1911 2645 1965 ἀ
2681 1913 2728 1963 εί
2764 1910 2839 1980 μὴ
2867 1910 3025 1964 αὐτοὶ
3049 1909 3356 1980 διέφθειρον
3381 1909 3473 1962 τὸν
3499 1910 3739 1978 πόλεμον

2162 2004 2542 2074 κεκινηκότες,
2569 2001 2710 2072 ὑπὲρ
2737 2001 2835 2070 τῆς
2868 2001 3055 2070 κοινῆς
3078 2001 3347 2068 ὠφελείας
3370 2000 3440 2054 ἂν
3467 2001 3739 2065 ἀνάλωτο,

2162 2097 2350 2166 ὥσπερ
2381 2092 2897 2166 παρεσκευαζόμην,
2954 2094 3086 2148 ἴστω
3120 2095 3252 2159 Θεὸς
3298 2097 3327 2149 ό
3376 2093 3599 2148 πάντων
3632 2096 3741 2149 τῶν

2169 2189 2383 2257 ἀδήλων
2413 2188 2510 2242 καὶ
2543 2189 2790 2259 κρυφίων
2826 2189 3095 2257 γνὼστης.
3125 2190 3201 2242 Οὐ
3260 2188 3462 2255 πόλεις,
3499 2190 3601 2248 τάξ
3644 2189 3744 2258 μὲν

2173 2280 2327 2333 αὐτοὶ
2357 2280 2780 2349 παραδεδώκασι
2814 2280 3036 2343 Μυσοῖς,
3068 2280 3167 2342 τὰς
3199 2279 3245 2333 δ’
3278 2281 3457 2333 ἑκοντὶ
3487 2283 3742 2350 προεῖντο

2176 2370 2465 2441 Τριϐαλοῖς
2492 2372 2604 2435 ςΟύ
2660 2370 2972 2441 βαρϐάρους
3003 2370 3159 2422 αὐτοὶ
3201 2370 3408 2439 πρῶτοι
3453 2374 3570 2431 τοῖς
3613 2371 3746 2424 ’[’ω-

2169 2463 2346 2533 μαίοις
2405 2463 2685 2532 ἐπήγαγον
2737 2462 3082 2516 Μακεδονίαν
3133 2462 3592 2531 κατατρέχοντες,
3645 2463 3743 2516 καί⁵

2166 2552 2738 2623 ἐξανδραποδιζόμενοι
2764 2554 2838 2614 ὼς
2862 2553 3127 2621 πολεμίαν
3149 2570 3165 2618 ;
3189 2554 3262 2607 Οὐ
3295 2553 3521 2625 Θρᾴκην
3562 2558 3744 2608 πᾶσαν

2164 2647 2283 2707 ταῖς
2319 2647 2539 2714 συχναῖς
2574 2645 2729 2698 αὐτοὶ
2758 2647 3067 2715 στρατείαις
3112 2646 3370 2715 ἀοίκητον
3398 2647 3740 2713 ἀπέδειξαν;

2170 2737 2247 2789 Οὐ
2282 2737 2407 2805 χθὲς
2439 2738 2535 2790 καὶ
2557 2736 2747 2807 πρώην
2776 2737 3003 2807 Μόρῤαν
3032 2737 3363 2810 διέφθειρον,
3395 2737 3474 2801 ὡς
3496 2739 3593 2791 ὑπ’
3614 2739 3742 2808 ἐμοὶ

2165 2825 2465 2892 τελοῦσαν;
2501 2826 2563 2878 οὐ
2579 2826 2677 2888 τὰς
2710 2826 2897 2887 κοινὰς
2934 2825 3225 2896 προσόδους
3251 2827 3435 2891 πάσας
3470 2829 3742 2899 ἐποίησαν

2168 2917 2495 2982 ἀπολιπεῖν;
2548 2917 2620 2969 υύ
2675 2914 2775 2984 τῆς
2815 2917 3075 2988 στρατιᾶς
3119 2916 3181 2969 τὸ
3214 2914 3315 2988 μὲν
3350 2916 3428 2980 ὡς
3479 2918 3742 2987 πολέμιον

2166 3010 2321 3064 αὐτοὶ
2374 3008 2703 3088 διέφθειραν,
2734 3008 2826 3061 τοῦ
2883 3008 2941 3062 δέ
2986 3008 3274 3079 ἠμέλησαν
3328 3009 3406 3072 ὡς
3455 3009 3733 3065 ὑπόπτου·

2168 3101 2343 3169 ὀλίγον
2375 3100 2431 3154 δὲ
2460 3101 2538 3154 ἔτι
2563 3101 2623 3152 τὸ
2650 3100 2971 3169 λειπόμενον
3001 3103 3093 3152 καὶ
3122 3099 3364 3170 φαῦλον;
3409 3102 3571 3173 Ἐμοὶ
3604 3104 3660 3157 δὲ
3688 3105 3740 3157 τί

522 3205 608 3245 em
654 3203 713 3245 ut
740 3203 1050 3262 suspectam
1096 3196 1435 3265 reliquerunt
1470 3212 1484 3248 :
1519 3214 1640 3266 quae
1671 3209 1849 3254 autem
1885 3201 2061 3255 adhuc

2165 3193 2402 3246 τοιοῦτον
2456 3193 2746 3263 εἴργασται
2777 3208 2791 3255 ;
2828 3191 2967 3259 πλὴν
3019 3194 3102 3245 ὅτι
3142 3193 3425 3263 ἀμύνομαι
3483 3197 3738 3260 ἐπιόντας

500 3292 694 3345 restat.
726 3300 786 3339 ca
816 3294 873 3340 et
904 3301 1157 3355 numero,
1203 3297 1258 3342 et
1303 3304 1503 3357 genere
1536 3289 1748 3344 inlirma
1777 3293 1897 3345 est?
1926 3292 2063 3358 Quid

500 3388 602 3444 ego
628 3375 846 3430 simile?
877 3378 982 3431 nisi
999 3382 1141 3447 quell
1176 3378 1442 3435 blmsoset
1459 3382 1726 3437 Triballos
1745 3385 2066 3442 invadentes

499 3467 703 3534 repello
741 3482 1015 3534 :cumque
1042 3469 1171 3523 istas
1199 3469 1563 3524 Romanorum
1593 3474 1847 3543 reliquias
1878 3491 2063 3530 eorum

447 3578 450 3581 λ
499 3557 676 3625 cepiis
701 3572 813 3611 non
849 3558 1050 3625 possim
1087 3574 1385 3628 oppenere,
1427 3566 1736 3618 necessario
1756 3565 2022 3621 Barbaros
2050 3605 2066 3631 ,

501 3648 715 3703 illorum
750 3649 994 3705 imitatus
1028 3652 1356 3719 exemplum,
1410 3656 1589 3710 socios
1641 3658 1772 3711 mihi
1807 3659 2062 3729 adjuugo.

503 3737 620 3793 Utri
667 3740 826 3810 igitur
860 3741 1267 3811 populationum
1322 3744 1570 3807 istarum,
1612 3763 1675 3801 ac
1706 3751 1874 3817 pestis
1907 3767 2067 3806 causa

500 3834 830 3888 exstiterunt
864 3849 875 3883 :
908 3834 991 3889 vel
1027 3835 1209 3904 potius
1235 3836 1340 3890 utti
1371 3839 1718 3907 populatores
1740 3841 1979 3905 fuerunt,
2005 3861 2070 3900 ac

500 3935 708 3995 pestem
739 3927 954 3995 ipsimet
974 3927 1285 3983 dederunt?
1314 3927 1504 3985 Nonne
1547 3931 1693 4000 ipsi?
1722 3932 1919 4001 quibus
1947 3950 2069 4002 prr—

466 4029 470 4032 ‘
503 4019 629 4072 inde
684 4019 974 4088 contingit,
1035 4029 1092 4073 ut
1129 4020 1176 4074 si
1207 4022 1330 4088 quis
1361 4021 1413 4075 in
1446 4025 1642 4078 coelum
1675 4025 1941 4093 jaculans,
1975 4042 2069 4095 po-

498 4123 615 4165 Stea
665 4111 784 4163 telis
829 4111 884 4164 in
933 4126 991 4165 se
1021 4112 1402 4168 decidentibus
1430 4115 1768 4178 vulneratus,
1797 4132 1906 4171 neu
1936 4118 2065 4181 sibi,

499 4204 594 4255 sed
638 4203 778 4257 coelo
815 4219 1032 4257 causam
1090 4205 1369 4273 plagarqu
1422 4207 1707 4263 tribueret.
1757 4209 1862 4263 Eos
1909 4209 2069 4278 igitur

502 4293 762 4346 Romanis
789 4295 1111 4362 oppidatim,
1133 4305 1336 4365 quanta
1361 4299 1541 4352 verbis
1570 4300 1825 4367 explicari
1857 4301 2064 4369 nequit,

497 4385 859 4438 calamitatem
895 4384 1190 4446 invexisse,
1226 4394 1413 4456 totque
1456 4390 1816 4456 captivorum.
1849 4399 2067 4457 tamque

2170 3289 2263 3340 καὶ
2293 3284 2513 3347 Μυσοὺς
2539 3286 2633 3338 καὶ
2660 3283 2983 3353 Τριϐαλούςυ
3018 3285 3112 3339 καὶ
3137 3286 3235 3356 τὴν
3282 3286 3579 3353 Ῥωμαίων
3608 3290 3739 3344 ὐπο-

2167 3377 2501 3447 λειπομένην
2548 3378 2813 3445 ἐπάγουσι
2868 3378 3093 3448 δύναμιν
3149 3378 3223 3448 μὴ
3256 3379 3555 3449 δυνάμενος
3596 3383 3739 3434 ἀντι·

2169 3471 2568 3536 καθίστασθαι,
2604 3470 2663 3534 ἐξ
2721 3471 2971 3539 ἀνάγκης
3030 3469 3341 3540 βαρϐάρους
3411 3474 3741 3543 συμμάχους

2170 3562 2821 3633 προσκαλοῦμαι,ὦσπερ
2851 3563 3137 3633 ἐδιδάχθην
3168 3564 3259 3617 ὑπ’
3285 3565 3493 3619 αὐτῶν.
3511 3566 3739 3621 Ὁπότε.

2170 3672 2259 3720 ρος
2290 3652 2383 3709 οὖν
2415 3658 2511 3725 τῆς
2543 3655 2750 3726 φθορᾶς
2779 3656 2874 3729 καὶ
2901 3656 2998 3724 τῆς
3029 3655 3323 3725 λεηλασίας
3358 3656 3560 3725 αῖτιος,
3606 3660 3742 3728 μᾶλ-

2166 3749 2256 3801 λον
2287 3749 2344 3802 δὲ
2376 3749 2672 3819 αὐτουργός
2704 3765 2719 3813 ;
2754 3750 2865 3818 Οὐχ
2908 3742 3086 3812 οὗτοις
3114 3748 3411 3818 Συμϐαίνει
3444 3750 3503 3804 δέ
3556 3753 3741 3815 αὐτοῖς

2166 3840 2357 3909 ὥσπερ
2383 3840 2448 3894 ἂν
2480 3841 2535 3893 εἰ
2570 3858 2655 3905 τις
2687 3843 2765 3903 είς
2793 3840 3020 3910 οὐρανὸν
3049 3840 3308 3907 τοξεύων,
3342 3842 3541 3896 ἔπειτα
3587 3861 3744 3913 περι-

2169 3933 2492 4002 πειρόμενος
2544 3933 2650 3986 ὑπὸ
2684 3932 2985 3985 κατιόντων
3015 3933 3123 3985 τῶν
3155 3934 3350 4004 βελῶν,
3382 3938 3480 4007 οὐχ
3538 3939 3740 4009 ἐαυτῷ,

2167 4021 2284 4077 ἀλλ’
2321 4024 2534 4092 ούρανῴ
2564 4023 2975 4092 προσλογίξοιτο
3004 4024 3103 4095 τὴν
3135 4026 3317 4079 αἰτίαν
3368 4027 3468 4097 τῆς
3499 4031 3737 4099 πληγῆς.

2172 4112 2293 4164 Ὀτι
2343 4115 2441 4182 μὲν
2495 4110 2589 4166 οὖν
2619 4116 2717 4183 τήν
2778 4131 2840 4167 τε
2903 4114 3047 4169 κατὰ
3083 4116 3183 4179 τάς
3219 4117 3407 4182 πόλεις
3456 4121 3738 4190 ἀμύθητον

2179 4204 2467 4272 Ῥωμαίων
2493 4206 2791 4275 δυστυχίαν
2822 4207 2978 4260 αὐτοὶ
3005 4209 3354 4278 είργάσαντο,
3390 4212 3487 4264 καὶ
3523 4214 3621 4266 τοῦ
3652 4217 3739 4266 ἀν·

2168 4296 2569 4365 δραποδισμοῦ,
2602 4299 2699 4350 καὶ
2752 4297 2852 4365 τῆς
2888 4298 3179 4367 λεηλασίας
3220 4300 3321 4370 τῆς
3348 4302 3517 4372 ἄλλης
3555 4305 3735 4374 χώρας

2171 4387 2479 4440 αίτιώτατοι
2542 4388 2718 4452 αὐτοὶ,
2753 4388 2878 4458 μηδ’
2913 4390 3104 4459 ἄκροις
3155 4390 3260 4443 ὠσὶ
3300 4394 3732 4465 παραδεχόμενοι

499 4474 730 4544 direptae
775 4475 1011 4543 regionis
1059 4474 1295 4528 maxime
1336 4493 1459 4531 reos
1502 4493 1640 4539 esse,
1689 4494 1874 4546 pacem
1919 4479 2062 4533 auri-

2169 4477 2266 4547 τὴν
2300 4480 2546 4547 εἰρήνην,
2580 4477 2646 4530 ἵν’
2681 4476 2781 4547 ἐμὲ
2815 4478 3048 4531 ἀνέλωσι
3092 4479 3279 4546 μόνον,
3315 4482 3382 4536 ἐκ
3410 4484 3622 4538 τούτων
3644 4486 3733 4554 δῆ-

499 4567 601 4623 bus
652 4580 1000 4651 respuentes,
1037 4579 1249 4626 tantum
1282 4578 1339 4625 ut
1392 4586 1478 4624 tne
1518 4571 1828 4639 perderent,
1862 4588 1928 4625 ex
1978 4573 2062 4627 his

2168 4570 2282 4622 λον.
2327 4570 2548 4623 Ἐπεισι
2573 4569 2629 4621 δέ
2665 4587 2755 4638 μοι
2783 4569 2878 4624 τοῦ
2909 4572 3279 4642 πατριάρχου,
3311 4576 3359 4627 εἰ
3380 4575 3464 4629 δεῖ
3489 4578 3568 4648 μὴ
3598 4580 3731 4647 μᾶλ-

494 4658 690 4729 iiquet.
746 4662 903 4716 Subit
951 4672 1134 4717 autem
1189 4661 1511 4732 patriarcha
1555 4664 1854 4731 nequitiam
1893 4667 2063 4735 magis

495 4752 617 4823 (sic
664 4754 813 4809 enim
865 4756 1036 4825 magis
1066 4755 1308 4810 vocanda
1346 4755 1473 4825 est)
1520 4770 1679 4825 quam
1727 4755 2070 4811 incuriosita-

495 4851 605 4898 tem
637 4843 692 4896 in
727 4845 961 4912 negotiis
994 4846 1275 4909 admirari,
1304 4846 1447 4913 quod
1477 4862 1600 4900 cum
1650 4861 1792 4915 saepe
1838 4862 1899 4900 ac
1927 4846 2069 4900 mul-

497 4942 613 4988 tutn
649 4950 835 5006 pacem
869 4939 1195 5006 rogaverim,
1230 4948 1281 4993 et
1306 4938 1482 5007 ipsum
1516 4940 1813 5007 praesertim
1842 4949 1902 4993 ut
1930 4955 2067 5006 prte-

494 5028 665 5083 sidem
706 5044 772 5083 ac
803 5040 1089 5099 patronum
1153 5032 1325 5101 pacis.
1358 5040 1412 5085 et
1442 5032 1691 5101 quotidie
1738 5048 1925 5101 pacem
1972 5049 2067 5103 ap-

495 5130 813 5189 precantotn
858 5123 1133 5189 erunibus,
1185 5132 1295 5177 tum
1344 5123 1562 5191 quidem
1618 5123 1873 5192 precibus
1917 5141 2063 5179 nun-

495 5228 659 5282 quam
711 5213 954 5279 cesserit,
1002 5230 1182 5285 neque
1238 5215 1444 5271 viscera
1498 5215 1794 5270 Ecclesiam
1852 5220 2064 5287 aperire

496 5304 718 5369 dixerit,
753 5305 847 5358 sed
877 5315 1037 5360 erant
1072 5308 1288 5361 duriora
1323 5306 1569 5377 chalybe,
1617 5320 1761 5360 nunc
1790 5309 1880 5361 ubi
1910 5322 2062 5361 com-

497 5405 680 5451 menta
711 5405 766 5451 et
797 5396 1076 5451 mendacia
1112 5398 1351 5466 pra-fecti
1384 5398 1621 5453 cubiculi
1676 5399 1915 5464 audivit,
1946 5400 2066 5469 qui-

494 5488 598 5542 bus
644 5487 745 5556 ipsi
779 5489 914 5542 nihil
943 5497 1025 5543 est
1052 5490 1365 5559 jucundius,
1393 5500 1615 5560 repente
1645 5491 1789 5545 mitis
1820 5506 1882 5545 ac
1912 5506 2063 5544 man-

499 5588 690 5633 suetus
720 5578 1057 5648 apparuerit.
1096 5580 1332 5634 Tametsi
1375 5581 1768 5650 interrogarem
1806 5579 2059 5644 libenter,

494 5684 787 5739 q'tamnam
822 5671 961 5724 hanc.
996 5671 1293 5724 Ecclesiam
1344 5672 1510 5725 dicat.
1561 5671 1615 5724 Si
1668 5672 1811 5724 enim
1847 5672 2064 5725 univcr-

496 5773 612 5812 sam
646 5759 1031 5826 episcoporum
1078 5759 1495 5823 fratrruitatmn,
1556 5760 1693 5814 sciat
1730 5760 1869 5813 illam
1926 5777 2062 5813 nun-

496 5863 660 5917 quam
710 5847 917 5902 viscera
966 5848 1251 5913 clausisse,
1296 5849 1391 5903 scd
1446 5861 1631 5917 aperta
1697 5850 1981 5920 hucusque
2028 5866 2058 5905 a

2169 4664 2258 4714 λον
2292 4662 2390 4732 τὴν
2434 4662 2699 4732 πονηρίαν
2732 4662 2764 4733 ἢ
2811 4663 3242 4736 ἀπραγμοσύνην
3271 4666 3481 4736 λέγειν,
3514 4669 3726 4739 θαυμά-

2168 4754 2303 4819 ζειν,
2332 4754 2416 4807 ὅτι
2456 4753 2630 4806 πολλὰ
2659 4753 2917 4818 πολλάκις
2943 4756 3079 4824 ἐμοῦ
3114 4757 3245 4826 περὶ
3270 4759 3496 4829 εἰρήνης
3517 4760 3726 4830 δεηθέν-

2166 4861 2278 4910 το·,
2319 4845 2413 4897 καὶ
2445 4845 2679 4912 μάλιστα
2709 4844 2876 4898 αὐτοῦ
2922 4839 3011 4897 οἷα
3063 4844 3129 4915 δὴ
3178 4848 3491 4916 προστάτου
3533 4851 3629 4919 τῆς
3659 4854 3728 4903 εί-

2168 4938 2357 5005 ρήνης,
2395 4937 2488 4989 καὶ
2544 4936 2871 5006 καθημέραν
2901 4936 3129 5006 εἰρήνην
3161 4939 3329 4991 πᾶσιν
3364 4939 3721 5008 ἐπιλέγοντος,

2164 5028 2285 5080 τότε
2349 5027 2449 5097 μὲν
2495 5027 2753 5081 οὐδέποτε
2800 5027 3086 5096 ἐκάμφθη,
3147 5029 3271 5081 οὐδέ
3324 5030 3393 5084 τὰ
3444 5035 3721 5102 σπλάγχνα

2166 5120 2407 5188 ἔφασκεν
2433 5119 2746 5187 ἀνοιγνύναι
2760 5118 2875 5188 τῆν’
2900 5118 3238 5188 Εκκλησίαν,
3258 5122 3379 5175 ἀλλ’
3401 5119 3545 5195 ἦσαν
3570 5127 3721 5192 σκλη-

2169 5212 2364 5282 ρότερα
2396 5211 2625 5279 χαλκοῦ,
2682 5212 2802 5264 νυνὶ
2849 5211 2896 5263 δ’
2951 5212 3043 5265 ὅτε
3094 5213 3207 5267 τῶν
3260 5215 3599 5287 πλασμάτων
3634 5219 3720 5272 καὶ

2162 5303 2531 5374 ψευδολογιῶν
2586 5302 2797 5374 ἀκήκοε
2858 5306 3406 5374 παρακοιμωμένου,
3470 5311 3554 5363 ὅτι
3605 5311 3702 5363 καθ

2164 5393 2357 5462 ἡδονὴν
2410 5390 2648 5459 μάλιστά
2707 5392 2847 5444 είσιν
2909 5392 3077 5462 αὐτῷ,
3114 5394 3376 5465 ἐξαίφνης
3410 5401 3585 5466 πρᾶος
3631 5398 3718 5450 καὶ

2162 5486 2371 5557 ἥμερος
2424 5484 2690 5551 ἀνεφάνη.
2743 5484 2937 5537 Καίτοι
2983 5502 3047 5553 γε
3083 5487 3314 5556 ἐροίμην
3344 5489 3510 5542 αὐτὸν
3538 5491 3715 5543 ὁπηξειν

2163 5578 2285 5630 τινὰ
2312 5578 2458 5644 λέγει
2492 5576 2590 5645 τὴν
2630 5571 2957 5647 Ἐκκλησίαν
2985 5577 3210 5645 ταύτην.
3248 5581 3309 5631 Ei
3347 5584 3446 5648 μὲν
3493 5583 3599 5649 γὰρ
3629 5587 3713 5648 τὴν

2164 5670 2392 5723 καθόλου
2418 5668 2529 5720 τῶν
2557 5668 2874 5721 ἐπισκόπων
2906 5669 3263 5741 ἀδελφότητα,
3294 5670 3430 5724 ίστω
3460 5674 3713 5742 μηδέποτε

2164 5760 2287 5829 ἐμοὶ
2326 5763 2395 5812 τά
2431 5760 2719 5828 σπλάγχνα
2753 5760 3046 5814 κλείσασαν
3084 5763 3321 5832 ἐκείνην,
3374 5764 3492 5815 ἀλλ’
3522 5767 3713 5833 ἀνεῳγ-

2167 5856 2302 5923 μένα
2344 5870 2432 5924 μοι
2463 5855 2540 5915 εἰς
2569 5855 2686 5907 τόδε
2720 5854 2953 5925 ἐξαρχῆς
2986 5854 3344 5924 διατηροῦσαν
3372 5874 3385 5885 ·
3418 5858 3471 5908 οί
3509 5858 3711 5917 πλείους
