4066 6298
241 269 378 334 1153

1372 264 1918 331 HlSTOBtARUM
1958 266 2192 325 LIBER
2236 266 2354 326 III.

3355 271 3492 334 1154

239 381 337 437 τοῦ
391 384 457 433 τὸ
510 378 663 448 ξίφος
701 377 935 449 ὥθησεν.
986 378 1062 430 Ού
1112 376 1226 448 γὰρ
1273 378 1552 440 Διονύσιος
1584 382 1611 431 ὁ
1647 380 1802 449 μέγας

1908 362 1985 432 ἰιι
2040 380 2295 449 praeclare
2337 378 2599 448 scriptum
2640 390 2819 434 exstat
2865 382 3008 451 apud
3042 398 3296 454 magnum
3359 387 3490 443 Dio-

234 469 466 526 ξπεσθαι
522 468 657 537 φησὶ
699 469 759 521 τὸ
802 469 947 522 θεῖον
1010 471 1130 532 ταῖς
1173 468 1511 538 παραλόγοις
1559 469 1670 523 τῶν
1699 470 1815 538 ἀρ-

239 550 473 635 χιερέων
500 561 721 632 ὁρμαῖς.
751 560 813 612 El
836 560 893 612 δέ
914 577 999 623 τις
1039 560 1157 613 δέον
1180 556 1320 613 εἶναι
1341 561 1514 628 λέγοι,
1537 559 1641 613 κᾶν
1665 560 1814 623 ὅπως

232 657 367 709 ποτε
394 649 507 725 εἶχε
555 653 627 707 τὰ
651 648 746 706 τοῦ
779 652 1137 723 πράγματος,
1175 651 1458 720 φροντίδος
1485 651 1645 716 ἀξίαν
1672 649 1816 719 ἡγή-

234 753 435 804 σασθαι
460 747 558 820 τὴν
589 746 936 817 ἐπιτίμησιν,
969 747 1064 799 καὶ
1087 747 1220 817 περὶ
1244 747 1347 816 τὴν
1373 745 1618 799 διάλυσιν
1643 759 1814 797 σπου·-

230 840 328 910 δὴν
379 839 585 911 πολλὴν
634 839 991 906 εἰσενεγκεῖν,
1048 838 1166 890 ἀλλ’
1199 839 1324 906 ἐμοὶ
1369 840 1473 907 κᾲν
1499 837 1672 907 τούτῳ
1704 835 1814 890 τῶν

230 932 464 985 δεόντων
498 927 932 999 παραλέλειπται
996 928 1152 980 οὐδέν
1178 944 1193 958 '
1223 927 1359 981 ἀλλὰ
1407 928 1576 981 πολλὰ
1605 927 1813 981 ,πολλὰ-

235 1041 325 1086 κις
360 1023 619 1091 περὶτῶν
649 1022 914 1076 τοιούτων
938 1022 1205 1092 δεηθέντι,
1236 1022 1393 1075 οὐδὲν
1423 1023 1634 1075 οὐδέπω
1686 1021 1812 1074 οὔτε

241 1114 511 1186 πρότερον
567 1113 694 1168 οὔτε
741 1116 839 1169 νῦν
888 1116 1129 1178 ἐπιεικὲς
1196 1115 1433 1185 ἐλέχθη(
1457 1115 1545 1176 Ὠς
1584 1115 1683 1183 μὲν
1719 1110 1812 1166 οὖν

232 1205 397 1268 εὐθὺς
442 1205 680 1274 ἐξαρχῆς
734 1204 845 1273 ἐγώ
890 1221 951 1257 τε
981 1204 1050 1257 τὰ
1100 1195 1584 1281 δίκαια-είλὸμην,
1621 1201 1813 1255 καὶτὰ

238 1300 396 1369 κοινῇ
429 1295 815 1351 λυσιτελοῦντα
849 1297 1140 1365 ἔπραττον,
1175 1297 1271 1350 καὶ
1301 1290 1450 1350 οὗτοι
1485 1295 1689 1356 πολλὰς
1718 1312 1813 1347 συ-

234 1380 541 1455 κοφαντίας
594 1389 690 1441 καὶ
737 1388 993 1452 διαϐολὰς
1045 1389 1388 1458 πλασάμενοι
1423 1389 1515 1441 τὸν
1570 1390 1811 1457 πόλεμον

231 1480 575 1550 κεκινήκασι,
606 1479 698 1532 καὶ
741 1480 910 1533 πολλὰ
949 1478 1254 1549 Ῥωμαίους
1281 1467 1613 1549 εἰργάσαντο
1639 1481 1807 1546 κακὰ,

237 1551 441 1640 μᾶλλον
490 1569 546 1623 δὲ
595 1572 931 1639 συμπάντων
977 1572 1144 1624 αἴτιοι
1196 1571 1565 1640 κατέστησαν,
1606 1573 1675 1625 τὰ
1710 1572 1809 1639 μὲν

241 1662 559 1733 αὐτοχειρίᾳ
587 1664 948 1735 πεποιηκότες
976 1664 1150 1727 αὐτοὶ,
1184 1664 1251 1717 τὰ
1276 1664 1319 1716 δ’
1346 1664 1446 1732 ἐμὲ
1469 1662 1808 1732 ἀναγκάζον-

229 1769 323 1815 τες
348 1753 451 1806 οὐκ
489 1752 770 1816 ἐθέλοντα,
801 1738 1018 1823 peneia
1053 1754 1118 1808 ἄν
1149 1771 1231 1816 τις
1267 1755 1332 1807 ὲκ
1357 1754 1468 1807 τῶν
1501 1755 1808 1824 εἰρημένων

230 1844 548 1911 σαφέστατα
583 1844 817 1898 κατίδοι.
851 1845 974 1899 Ὀτι
1015 1846 1071 1899 δὲ
1103 1846 1196 1898 καὶ
1231 1845 1325 1899 νῦν
1354 1847 1414 1900 οὐ
1450 1847 1554 1917 τὴν
1583 1847 1808 1917 εἰρήνην

230 1936 526 2006 ᾑρημένοι.
568 1934 678 1988 οὐδ’
704 1935 852 1989 ἔλεόν
885 1953 1005 1990 τινα
1047 1937 1305 2001 λαϐόντες
1337 1939 1450 1992 τῶν
1498 1942 1808 1993 πιπτόντων

230 2025 578 2097 καθημέραν,
628 2025 744 2080 ἀλλ’
790 2027 892 2097 ἐμὲ
942 2028 1081 2100 πρὸς
1111 2031 1226 2094 τοῖς
1271 2029 1451 2093 ἄλλοις
1487 2030 1808 2101 ὑποχείριον

226 2117 418 2172 λαϐεῖν
469 2116 807 2187 βουλόμενοι,
858 2120 955 2174 καὶ
1001 2121 1103 2190 τὴν
1149 2120 1442 2191 σύμπασαν
1472 2123 1628 2175 αὐτοὶ
1669 2120 1808 2176 Ῥωο

231 2208 414 2277 μαίων
445 2209 624 2281 ἀρχὴν
657 2210 805 2281 ἔχειν
855 2210 1036 2281 (τοῦτο
1071 2212 1179 2287 γὰρ
1229 2215 1413 2275 αὐτοῖς
1449 2214 1807 2278 σπουδάζεται

225 2302 361 2370 περὶ
391 2300 671 2368 πλείστου,
705 2301 896 2372 ἓτερον
918 2303 976 2356 δὲ
1004 2304 1207 2374 οὐδὲν),
1229 2306 1331 2374 τὴν
1356 2307 1652 2377 πρεσϐείαν
1679 2323 1809 2359 ταυ-

226 2394 357 2462 τηνὶ
386 2394 736 2463 πεποίηνται,
768 2397 834 2448 ὲκ
862 2395 973 2448 τῶν
1004 2397 1467 2466 πρεσϐευομένων
1497 2397 1681 2451 αὐτῶν
1708 2396 1807 2468 δῆ-

177 2470 183 2477 ’
231 2481 348 2535 λον.
382 2482 446 2535 El
484 2481 594 2552 γάρ
628 2500 683 2536 τι
715 2485 960 2548 ἐπιεικὲς
994 2487 1091 2541 καὶ
1123 2487 1403 2550 λυσιτελὲς
1452 2490 1698 2542 ἐνενόουν
1728 2488 1804 2558 τῷ

238 2571 431 2644 κοινῷ,
469 2573 568 2626 οὐκ
597 2573 664 2628 ἂν
694 2575 866 2638 οὕτως
895 2577 1090 2647 ἐκείνῳ
1124 2578 1202 2648 τῷ
1249 2580 1561 2654 συκοφάντῃ
1591 2582 1683 2633 καὶ
1716 2581 1805 2633 ἀεὶ

225 2663 696 2735 καταψευδομένῳ
742 2668 917 2738 ῥᾷστα
948 2668 1267 2739 πειθόμενοι
1302 2671 1535 2740 ὑπάγειν
1584 2670 1804 2740 ἐπεχείο

228 2769 360 2823 ρουν
387 2754 622 2821 ἑαυτοῖς,
645 2759 742 2813 καὶ
765 2758 1132 2813 καταδουλοῦν
1157 2760 1259 2829 ἐμέ
1275 2776 1291 2791 ⁸
1317 2760 1375 2824 ὃς
1394 2762 1443 2814 εί
1473 2762 1546 2830 μή
1575 2779 1628 2814 τι
1651 2760 1800 2829 ἄλλο,

226 2845 323 2898 διὰ
350 2848 414 2899 τὸ
448 2845 580 2913 γοῦν
610 2847 705 2900 ἐπὶ
735 2848 990 2902 τοσοῦτον
1025 2849 1218 2920 χρόνον
1239 2851 1306 2905 τὰ
1354 2849 1646 2918 Ῥωμαίων
1669 2851 1804 2905 διοι-

224 2936 374 3001 κεῖν,
429 2935 640 3006 βέλτιον
689 2938 757 2991 ἂν
799 2941 921 3002 ποῖς
975 2940 1265 3009 πράγμασι
1312 2943 1631 3013 χρησαίμην
1706 2944 1801 2999 καὶ

222 3025 671 3099 λυσιτελέστερον
728 3030 931 3085 αὐτῶν.
964 3032 1285 3104 Πατρίαρχῃ
1314 3033 1416 3103 μὲν
1444 3030 1536 3087 οὖν
1561 3037 1656 3088 καὶ
1687 3038 1800 3097 τοῖς
1824 3064 1870 3126 η

225 3118 416 3182 ἄλλοις
495 3121 709 3184 οὐδενὸς
755 3121 1026 3193 ἐμέλησεν
1079 3123 1291 3193 ἑτέρου,
1342 3125 1376 3197 ἡ
1427 3123 1455 3176 ὃ
1496 3123 1798 3196 προῦθεντο

220 3209 468 3280 ὶξαρχῆς
518 3212 709 3278 εὐθὺς,
742 3213 804 3264 τὸ
851 3212 1189 3283 διαφθείρειν
1235 3215 1338 3283 ἐμὲ
1383 3218 1477 3270 καὶ
1509 3217 1686 3269 ποιεῖν
1735 3216 1799 3268 ἐκ

225 3300 419 3370 μέσου,
453 3301 520 3356 ἶν’
556 3301 755 3373 ἄρχειν
799 3304 969 3367 ἀδεῶς
1003 3305 1176 3375 ἔχοιεν
1207 3306 1383 3360 αὐτοί.
1426 3306 1569 3374 Ἐγὼ
1597 3307 1653 3359 δὲ
1703 3304 1797 3359 τοῦ

222 3394 380 3462 κοινῇ
414 3392 816 3457 λυσιτελοῦντος
847 3395 1011 3448 ἕνεκα
1055 3394 1243 3466 ὥσπερ
1275 3397 1372 3451 καὶ
1428 3398 1517 3450 ἀεὶ
1556 3398 1649 3450 καὶ
1677 3395 1799 3467 βού-

226 3485 398 3554 λομαί
435 3503 495 3538 τε
528 3489 623 3540 καὶ
651 3490 781 3558 περὶ
811 3488 1077 3543 πλείστου
1107 3490 1224 3556 ἄγω
1246 3491 1346 3557 τὴν
1369 3492 1617 3559 εἰρήνην,
1652 3491 1705 3541 εἴ
1733 3505 1796 3557 γε

225 3577 509 3648 βούλοιντο
532 3584 625 3634 καὶ
647 3581 804 3633 αὐτοὶ
821 3581 930 3633 τῶν
951 3581 1287 3651 πλασμάτων
1311 3581 1410 3633 καὶ
1427 3580 1797 3649 ψευδολογιὼν

223 3669 567 3734 ἀποστάντες
600 3673 1104 3742 παρακοιμωμένου
1138 3672 1412 3735 διαλύσεις
1437 3672 1706 3726 τίθεσθαι.
1733 3672 1796 3725 Εἰ

218 3762 268 3815 δ’
300 3760 458 3826 αὖθις
480 3764 635 3816 αὐτοὶ
663 3768 755 3818 τ’,ν
784 3765 1024 3834 πόλεμον
1057 3767 1287 3832 κινοῖεν,
1325 3767 1399 3836 μὴ
1430 3765 1555 3832 ἐμοὶ
1589 3769 1657 3819 τὰ
1682 3767 1795 3818 ἐσό-

234 3870 376 3923 μενα
423 3855 570 3907 κακὰ
610 3856 674 3908 ὲκ
719 3856 814 3909 τοῦ
851 3857 1094 3926 πολέμου
1147 3856 1627 3927 προσλογίζεσθαι,
1677 3857 1796 3910 ἀλλ’

221 3945 462 4013 ἑαυτοῖς,
499 3946 683 4016 πολλῴ
728 3948 839 4001 τῶν
878 3949 1363 4018 προϋπηργμένων
1390 3949 1692 4018 δεινότερα,
1717 3948 1791 4010 ὡς

225 4036 364 4106 ὁρῶ,
416 4038 673 4108 ἐσόμενα.
715 4039 943 4092 Ἐκεῖνοι
999 4039 1102 4108 μὲν
1146 4043 1256 4109 γὰρ
1299 4039 1504 4101 Μυσοῖς
1541 4039 1635 4090 καὶ
1664 4039 1795 4108 ἰ’ρι-

221 4127 414 4191 δαλοῖς
430 4129 615 4192 πόλεις
640 4130 737 4182 καὶ
780 4130 965 4200 χώρας
988 4132 1447 4201 καταπροῖἑμενοι
1466 4130 1794 4199 συμμάχους

225 4222 587 4290 ἐποιήσαντο,
633 4217 714 4283 οἷς
754 4221 841 4273 ἐπ’
872 4223 974 4291 ἐμὲ
1016 4222 1349 4276 διανοοῦνται
1393 4222 1668 4292 χρῆσθαιο
1711 4215 1792 4284 οἷς

219 4310 586 4367 ἀνθίστασθαι
633 4300 734 4366 οὐκ
777 4313 844 4366 ἂν
876 4314 1146 4384 δυναίμην
1184 4315 1323 4384 μετὰ
1359 4313 1649 4384 Ῥωμαίων
1677 4313 1788 4366 τῶν

1917 470 2157 540 nysium.
2206 471 2451 525 divinum
2506 486 2712 524 numen
2764 488 2889 526 cum
2928 474 3141 529 ratione
3184 490 3492 544 pugnantes

1914 554 2300 631 episcoporum
2333 560 2653 618 affectiones
2701 578 2807 617 non
2859 564 3127 633 sequitur.
3166 566 3223 621 Si
3250 570 3373 637 quis
3399 585 3493 625 oc-

1915 663 2123 716 currat,
2157 663 2217 707 ut
2245 662 2304 707 ιιι
2331 668 2390 707 se
2413 668 2500 707 res
2534 653 2753 716 habeat,
2778 671 2886 709 non
2909 671 3030 710 esse
3063 661 3208 724 parvi
3245 664 3492 727 penden-

1914 743 2038 797 dam
2072 744 2213 796 illam
2248 760 2462 812 poenam
2521 746 2973 810 ecclesiasticam,
3010 751 3105 804 sed
3146 761 3205 805 ut
3255 767 3318 806 ea
3378 753 3491 807 sol-
3542 808 3549 815 κ

1912 849 2062 897 vare,
2093 835 2323 889 multum
2366 835 2423 889 in
2469 837 2747 892 eo-studii
2803 841 3142 907 ponendum,
3179 842 3289 906 aio,
3321 844 3487 898 etiam

1913 927 1968 999 in
2017 928 2121 980 hoc
2148 942 2393 981 mearum
2427 930 2662 997 partium
2697 930 2831 984 nihil
2880 934 3295 999 praetermisisse
3329 951 3343 988 :
3391 936 3488 991 sed

1914 994 2077 1088 stripe.
2108 1029 2165 1072 et
2200 1020 2445 1090 impense
2476 1021 2526 1074 id
2556 1032 2825 1087 orantem,
2866 1024 3073 1078 nullum
3114 1041 3352 1095 unquam
3389 1028 3492 1082 hu-

1913 1125 2120 1189 cusque
2171 1125 2491 1177 responsum
2541 1128 2603 1165 ex
2656 1130 2814 1182 aequo
2841 1125 2899 1168 et
2948 1115 3095 1170 bono
3142 1116 3486 1186 impetrasse.

1912 1201 2381 1279 Quentalmodum
2431 1202 2597 1270 igitur
2647 1219 2745 1272 ego
2781 1205 2905 1259 inde
2937 1222 3109 1275 usque
3153 1224 3181 1260 a
3217 1209 3490 1278 principio

1913 1309 1943 1347 a
1995 1294 2206 1362 justitia
2250 1310 2358 1348 non
2398 1294 2731 1359 deﬂexerim,
2791 1307 2844 1350 et
2895 1314 3017 1366 qua:
3075 1303 3140 1352 ad
3195 1316 3488 1354 commune

1914 1386 2343 1439 emolumentum
2389 1396 2702 1455 spectarent
2751 1386 2998 1454 feet-ritu,
3051 1389 3137 1444 isti
3172 1407 3300 1445 vero
3330 1409 3488 1462 syco-

1913 1479 2175 1548 phantiis,
2200 1489 2256 1533 et
2273 1478 2758 1533 obtrectationibus
2778 1490 2883 1534 tam
2909 1482 3117 1536 crebris
3140 1483 3340 1538 bellum
3365 1501 3487 1539 con-

1911 1568 2180 1633 ﬂaverint,
2204 1568 2581 1638 Romanosque
2630 1571 2788 1625 malis
2832 1571 3079 1640 plurimis
3133 1574 3484 1643 involverint,

1915 1675 2028 1715 mo
2048 1674 2178 1714 vero
2199 1660 2462 1713 malorum
2484 1662 2726 1714 omnium
2751 1660 3010 1725 lontes,et
3031 1665 3240 1718 radices
3258 1664 3483 1725 iuerint.

1820 1724 1880 1791 ιθ
1909 1760 1963 1803 ει
1998 1751 2103 1803 alia
2122 1749 2341 1818 quidem
2363 1765 2459 1819 per
2484 1764 2542 1803 se
2568 1750 2994 1811 intulerint,alia
3021 1768 3107 1807 me
3134 1753 3335 1809 inferre
3359 1771 3486 1811 coe-

1911 1841 2110 1911 gerint,
2135 1856 2201 1894 ex
2225 1840 2383 1894 dictis
2404 1840 2713 1910 perspicere
2736 1841 3051 1895 lat‘illimum
3075 1852 3183 1897 est.
3208 1844 3360 1910 Quod
3384 1862 3486 1898 au-

1912 1942 2023 1987 tem
2046 1948 2190 1987 nunc
2207 1948 2422 2003 quoque
2447 1934 2592 1988 haud
2619 1948 2807 2003 pacem
2835 1934 3082 2004 cupiant,
3118 1953 3220 1993 nec
3241 1941 3427 2008 quotid
3452 1954 3488 1994 e

1909 2022 2262 2092 pereuntium
2307 2022 2689 2078 misericordia
2742 2032 3039 2092 tangantur
3066 2026 3208 2081 :ised
3234 2044 3318 2081 nte
3345 2043 3483 2096 pra:-

1909 2123 1991 2167 tcr
2029 2122 2254 2167 caeteras
2282 2113 2512 2182 injurias
2537 2112 2593 2166 in
2620 2122 2947 2183 potestatem
2980 2116 3230 2186 redigere
3262 2118 3481 2173 deside-

1909 2213 2032 2258 rent
2065 2215 2123 2258 ut
2156 2204 2256 2274 ipsi
2304 2204 2361 2257 in
2416 2213 2590 2258 totum
2639 2206 2934 2275 imperium
2961 2206 3269 2263 Romanum
3309 2205 3484 2264 domi-

1907 2307 2110 2352 nentur
2133 2299 2271 2367 (hoc
2305 2297 2450 2353 enim
2475 2297 2638 2367 612
2668 2298 2833 2353 etiam
2867 2309 3027 2366 atque
3059 2301 3220 2356 etiam
3255 2313 3484 2358 conten-

1905 2389 2040 2444 dunt
2069 2405 2083 2441 :
2116 2406 2217 2445 nec
2261 2391 2366 2444 alia
2394 2390 2463 2445 de
2497 2405 2660 2445 causa
2693 2389 2838 2445 hanc
2871 2391 3197 2461 legationem
3229 2394 3480 2450 institue-

1906 2490 2036 2535 runt
2070 2481 2088 2550 )
2121 2482 2281 2536 exiis
2308 2498 2430 2551 qua:
2460 2484 2740 2552 postulant
2762 2485 2981 2553 planum
3027 2487 3229 2541 evadit.
3264 2487 3397 2541 Nam
3433 2489 3477 2542 si

1904 2571 2033 2640 quid
2070 2572 2434 2636 moderatum,
2464 2581 2519 2625 et
2551 2570 2866 2641 reipublica:
2908 2574 3254 2630 fructuosum
3307 2577 3481 2631 medi-

1906 2668 2175 2724 tarentur,
2212 2675 2325 2713 non
2369 2669 2478 2715 tam
2511 2673 2761 2730 prompte
2818 2663 2890 2716 illi
2948 2666 3243 2720 vanissimo
3293 2668 3479 2720 crimi-

1905 2752 2084 2805 natori
2132 2751 2521 2818 obsequentes,
2582 2767 2670 2806 me
2722 2752 2829 2807 sibi
2875 2754 3173 2823 subjicere,
3206 2766 3369 2826 atque
3421 2767 3481 2812 ut

1903 2858 2122 2898 servum
2153 2843 2451 2913 subjugare’
2482 2845 2843 2901 tcntavisseut
2884 2864 2898 2901 :
2934 2849 3026 2916 qui
3070 2849 3116 2903 si
3162 2865 3271 2903 non
3312 2850 3481 2916 aliud,

1903 2945 2052 2990 certe
2080 2936 2299 3003 quidem
2329 2937 2478 3006 quod
2510 2937 2699 2993 tandiu
2734 2953 2847 2992 rem
2883 2937 3188 2994 Romanam
3244 2943 3482 2996 admini-

1904 3025 2096 3091 stravi,
2125 3026 2339 3088 melius,
2367 3036 2425 3082 et
2457 3026 2648 3080 utilius
2673 3043 2835 3095 quam
2865 3027 2966 3097 ipsi
3003 3029 3107 3082 hoc
3130 3045 3328 3095 munus
3361 3030 3480 3085 obi-

1904 3131 2039 3170 rem.
2099 3117 2427 3172 Patriarchaa
2485 3120 2684 3188 igitur,
2738 3128 2796 3173 et
2841 3119 3008 3174 sociis
3055 3121 3188 3174 nihil
3237 3123 3382 3175 aliud
3424 3122 3479 3175 in

1898 3211 2080 3263 studo
2111 3211 2233 3275 luit,
2281 3226 2445 3278 quam
2485 3211 2632 3280 quod
2656 3211 2761 3265 sibi
2789 3228 2819 3265 a
2863 3212 3136 3282 principio
3184 3227 3481 3283 preposue-

1900 3312 2045 3364 runt,
2101 3317 2189 3357 me
2239 3303 2502 3357 nimirum
2542 3302 2667 3357 hac
2716 3304 2838 3359 luce
2895 3306 3143 3374 privare,’
3201 3322 3309 3374 quo
3374 3309 3475 3376 ipsi

1898 3393 2148 3447 securius
2184 3393 2457 3462 imperare
2486 3403 2706 3463 queant.
2737 3396 2836 3449 Ast
2870 3409 2970 3465 ego
2997 3396 3125 3450 boui
3183 3400 3479 3454 :omutuuis

1899 3485 2282 3552 gratia,-qu0tl
2329 3487 2570 3554 spectavi
2627 3501 2865 3552 semper.
2926 3488 3077 3556 pacis
3125 3502 3246 3543 sum
3282 3506 3478 3558 percu-

1898 3575 2072 3643 pidus,
2132 3589 2364 3646 eamque
2418 3576 2561 3633 facio
2625 3577 2844 3631 maximi
2899 3581 2991 3632 :si
3038 3580 3202 3634 modo
3255 3591 3312 3634 et
3362 3582 3477 3651 ἰριε

1896 3681 1926 3720 a
1964 3667 2260 3736 ﬁgmentis,
2300 3676 2356 3723 et
2388 3670 2686 3724 mendaciis
2733 3670 2982 3739 praefecti
3046 3671 3283 3728 cubiculi
3329 3688 3479 3729 rece-

1897 3760 2113 3822 dentes,
2145 3776 2262 3813 eam
2302 3761 2596 3830 complecti
2628 3762 2815 3816 velint.
2873 3763 2928 3816 Si
2965 3764 3165 3819 bellum
3203 3766 3476 3821 instaura-

1897 3853 2026 3917 rint,
2067 3867 2138 3906 ne
2166 3852 2297 3906 mihi
2321 3868 2597 3907 emersura
2656 3853 2784 3908 inde
2829 3854 2966 3910 mala
3019 3858 3474 3925 pra-cedentibus,

1899 3954 1959 3999 ut
2002 3961 2265 4013 auguror,
2322 3945 2482 4015 longe
2537 3947 2809 4014 graviora,
2859 3948 2955 4002 sed
3008 3949 3114 4003 sibi
3171 3952 3414 4005 tribuant
3457 3971 3473 4007 :

1848 4066 1868 4091 -.
1896 4020 2116 4105 quando
2157 4038 2257 4106 ipsi
2300 4036 2490 4092 Moesis
2523 4048 2579 4091 et
2638 4037 2894 4094 Triballis
2942 4042 3107 4097 urbes
3136 4051 3189 4097 et
3222 4044 3474 4115 regiones

1894 4130 2047 4200 quasi
2079 4131 2313 4199 praedam
2345 4120 2688 4198 obiecerunt,
2716 4141 2768 4185 et
2813 4133 3096 4187 adversum
3133 4150 3219 4188 me
3254 4138 3476 4192 auxila-

1897 4239 1987 4277 res
2013 4222 2328 4276 asciverunt
2362 4237 2376 4273 :
2413 4222 2612 4291 quibus
2643 4220 2769 4290 quia
2806 4223 3066 4279 resistere
3120 4242 3244 4280 cum
3276 4227 3474 4282 Roma-

1894 4316 1982 4368 nis
2009 4329 2148 4383 quos
2193 4313 2335 4368 duco
2382 4329 2492 4367 non
2540 4314 2715 4378 valeo,
2746 4325 3002 4384 superest
3034 4327 3091 4372 ut
3120 4328 3173 4372 et
3206 4320 3343 4373 mibi
3374 4336 3473 4374 au-

227 4405 544 4474 παρόντωνσ
579 4403 829 4457 λείπεται
873 4405 939 4476 δὴ
966 4407 1113 4475 κάμὲ
1144 4406 1460 4475 συμμαχίαν
1487 4403 1662 4474 ἐαυτῷ
1694 4421 1793 4457 πο-

1900 4406 2024 4461 xilia
2048 4407 2117 4459 ad
2143 4406 2329 4460 hostes
2365 4419 2515 4459 meos
2541 4404 2900 4459 debellandos
2936 4405 3091 4460 ﬁrma
3119 4422 3467 4477 comparem;

220 4496 418 4566 ρίζειν,
435 4497 471 4568 ἢ
492 4498 606 4559 τοῖς
626 4496 957 4566 πολεμοῦσιν
977 4500 1358 4566 ἀντιστήσεται
1377 4499 1471 4550 καὶ
1486 4496 1790 4567 διαφθερεῖ.

221 4588 303 4641 Οὐ
334 4586 444 4657 γὰρ
480 4588 622 4641 ἑκὼν
653 4585 797 4641 εἶναι
828 4591 1140 4659 προήσομαι
1165 4592 1261 4658 τὴν
1287 4589 1527 4660 ἐμαυτοῦ
1560 4590 1654 4642 καὶ
1685 4588 1794 4642 τῶν

220 4679 498 4733 συνόντων
550 4680 845 4752 σωτηρίαν.
886 4675 1051 4753 Ἀὕτη
1103 4681 1160 4735 δὲ
1211 4682 1515 4751 οὐδαμόθεν
1567 4681 1793 4737 ἄλλοθεν

214 4758 491 4841 παρῖσται
530 4770 566 4841 ἢ
588 4772 652 4838 ἐξ
677 4773 859 4835 ’Δοίας
880 4773 1148 4843 Περσική·
1172 4774 1223 4827 οἳ
1250 4773 1528 4844 Βάρϐαροί
1553 4789 1614 4825 τε
1639 4772 1794 4835 ὄντες

213 4863 315 4913 καὶ
362 4859 694 4924 ἀπεναντξας
760 4863 894 4931 ἡμῖν
945 4863 1076 4934 περὶ
1113 4863 1176 4914 τὸ
1223 4863 1386 4925 σέϐας
1431 4861 1791 4932 διακείμενοι,

216 4950 482 5021 οὐδεμίαν
520 4952 691 5021 φειδὼ
738 4955 1062 5022 ποιήσονται
1106 4952 1215 5007 τῶν
1248 4953 1636 5022 ἐμπιπτόντων
1670 4953 1793 5014 ταῖς

209 5034 615 5113 χερσὶν,’ἁλλὰ
652 5042 781 5105 τοὺς
821 5042 922 5114 μὲν
986 5042 1348 5098 ἀποκτενοῦσι
1374 5081 1390 5109 ,
1435 5043 1564 5105 τοὺς
1598 5041 1656 5095 δὲ
1696 5040 1794 5094 ἐπὶ

209 5133 434 5204 δουλείᾳ
481 5132 878 5189 ἀποδώσονται.
917 5134 986 5188 Εί
1032 5134 1133 5208 μέν
1179 5152 1301 5188 τινα
1330 5135 1442 5187 τῶν
1485 5133 1792 5203 μελλόντων

208 5225 626 5295 διαφθείρεσθαι
658 5226 808 5279 ἔλεον
835 5226 1089 5288 λαϐόντες
1121 5227 1257 5297 πρὸς
1288 5225 1384 5298 τὴν
1411 5227 1636 5298 εἰρήνην
1668 5225 1790 5278 toe-

211 5317 353 5369 λωσι
398 5314 783 5387 χωρεῖν,κάγὼ
833 5319 1067 5388 μάλιστα
1104 5318 1392 5388 βουλοίμην
1438 5318 1526 5383 ἂν,
1577 5318 1674 5372 καὶ
1730 5320 1789 5372 ἐν

212 5405 458 5479 ⁴ἡμέραις
488 5408 883 5462 πεντεκαίδεκα
925 5411 1293 5478 πεμπέτωσαν
1341 5411 1463 5473 τοὺς
1508 5411 1786 5481 ἐροῦντας,

210 5503 299 5553 ὅτι
327 5496 643 5554 διαλύεσθαι
705 5499 1013 5564 συνέθεντο,
1034 5500 1111 5563 ὡς
1140 5500 1205 5553 ἂν
1238 5500 1459 5570 πέμψας
1487 5501 1640 5570 κάγὼ
1666 5516 1789 5557 ’κω-

211 5590 366 5645 λύσω
391 5590 519 5652 τοὺς
539 5589 854 5665 Βαρϐἁρους
885 5592 959 5663 μὴ
981 5593 1338 5662 περαιοῦσθαι
1364 5594 1498 5664 πρὸς
1519 5585 1624 5667 τὴν
1647 5596 1788 5668 Θρᾴ-

214 5698 358 5755 κην*
403 5684 916 5756 παρεσκευασμένοι
950 5682 1060 5756 γάρ
1093 5686 1253 5741 εἰσιν.
1299 5687 1567 5757 Ὕστερον
1602 5688 1657 5741 δὲ
1698 5689 1784 5758 ἐφ’

1897 4496 2027 4550 nolo
2057 4495 2260 4564 quippe
2303 4511 2505 4560 meam,
2536 4509 2897 4564 meorumque
2945 4497 3178 4551 salutem
3214 4500 3468 4567 prodere.

1893 4589 1967 4642 Ea
2014 4604 2144 4642 vero
2189 4588 2394 4642 auxilia
2436 4603 2543 4641 non
2598 4588 2822 4654 aliunde
2867 4603 3032 4656 quam
3069 4587 3358 4643 Persarum
3401 4607 3473 4646 ex

1887 4666 2020 4735 Asia
2062 4680 2490 4749 suppeditabunt
2519 4695 2533 4732 :
2566 4681 2658 4748 qui
2711 4687 2768 4733 et
2800 4678 3044 4744 Barbari,
3078 4689 3134 4734 et
3186 4694 3468 4735 sacrorum

1891 4774 2041 4827 cultu
2099 4773 2261 4826 nobis
2316 4771 2633 4837 dissimiles,
2683 4771 2862 4826 obviis
2913 4787 3026 4826 non
3077 4783 3323 4842 parcent,
3373 4775 3469 4830 srd

1890 4864 2026 4919 alios
2083 4861 2302 4933 quidem
2363 4862 2734 4927 trucidabant,
2802 4861 2942 4917 alios
3026 4865 3083 4918 in
3147 4866 3468 4919 Servitutezn

1891 4956 2152 5012 vendent.
2197 4955 2380 5021 Quare
2429 4955 2475 5009 si
2528 4955 2898 5026 periturorum
2929 4957 3283 5012 miseratione
3314 4972 3467 5011 com-

1892 5048 2046 5114 moti,
2074 5047 2142 5103 ad
2172 5062 2361 5118 pacem
2384 5046 2519 5129 dare
2542 5062 2603 5101 se
2638 5047 2845 5110 volent,
2874 5047 2927 5101 id
2955 5062 3056 5121 ego
3080 5063 3297 5117 quoque
3320 5062 3470 5101 smn-

1891 5152 2138 5210 mopere,
2167 5141 2633 5209 vehementerque
2674 5140 2859 5205 velim,
2900 5148 2957 5193 et
3000 5140 3196 5194 diebus
3233 5141 3467 5208 quimle-

1886 5233 1998 5287 cim
2027 5232 2268 5295 mittant,
2295 5231 2387 5300 qui
2414 5245 2501 5284 me
2524 5231 2592 5284 de
2616 5246 2894 5285 consensu
2928 5230 3144 5284 illorum
3178 5245 3343 5300 super
3366 5231 3466 5285 hac

1891 5340 1949 5379 re
1977 5323 2266 5378 certiorem
2300 5322 2465 5377 faciat
2499 5337 2514 5374 :
2542 5333 2603 5376 ut
2633 5324 2749 5391 ipse
2781 5323 3034 5377 similiter
3062 5324 3295 5386 mittam,
3335 5324 3464 5376 Bar-

1891 5415 2163 5484 bat-Osque
2196 5415 2309 5482 jam
2353 5421 2593 5483 paratos,
2651 5414 2706 5465 in
2757 5412 3042 5467 Thraciam
3093 5415 3462 5480 transmittere

1892 5521 1961 5563 ne
1995 5507 2197 5562 sinam.
2243 5508 2320 5561 De
2364 5506 2777 5560 conditionibus
2809 5516 2996 5577 postea
3028 5507 3170 5562 inter
3203 5522 3305 5561 nos
3332 5522 3463 5559 con—

1893 5592 2095 5655 veniet.
2143 5598 2237 5651 Sin
2286 5612 2554 5651 renovare
2603 5598 2802 5652 bellum
2847 5597 3138 5658 mavolent,
3196 5612 3259 5654 ac
3323 5597 3461 5652 nihil

1892 5690 2321 5761 respondebunt,
2376 5689 2626 5760 equidem
2690 5699 2814 5758 post
2871 5688 3012 5743 diem
3071 5689 3454 5759 praszitutum,
