4066 6298
374 272 512 337 1157

1511 266 2059 329 I-IlSTORlARUM
2100 268 2347 330 LIBER
2376 270 2488 333 ΙΙΙ.

3493 271 3628 341 Ῑιῖϐ

365 391 430 443 τό
482 406 541 443 τε
577 389 810 443 ἄστατον
838 392 936 461 τῆς
963 392 1072 444 τῶν
1103 391 1406 460 ἀνθρώπων
1463 391 1635 461 τύχης
1701 388 1942 460 συνορῶν

2050 390 2283 447 fortuna:
2322 394 2735 449 mutabilitatem
2766 396 3110 466 perpendens
3143 394 3269 465 (qui
3295 394 3443 451 enim
3475 397 3628 466 prius

370 483 443 554 (oi
480 483 589 553 γὰρ
623 483 752 550 πρὶν
789 484 1001 553 μεγάλα
1035 483 1336 551 φυσῶντες,
1369 486 1460 538 καὶ
1489 482 1596 536 οὐδ’
1620 484 1810 552 ἄκροις
1842 484 1946 535 ὠσὶ

364 573 642 643 δεχόμενοι
681 575 781 644 τὴν
820 575 925 627 cna
972 577 1185 644 βασιλεί
1222 575 1499 641 δουλείαν,
1542 575 1679 629 ἀλλά
1725 577 1817 628 καὶ
1855 576 1945 627 τὸν

365 666 708 735 πρεσόευτὴν
749 665 917 737 ὠμῶς
959 668 1052 721 καὶ
1094 667 1476 738 ἀπανθρώπως
1519 668 1940 735 κατατεμόντες,

368 757 463 809 καὶ
504 757 703 828 πολλὴν
735 759 1135 829 ἐπιδειξάμενοι
1172 760 1460 815 αὐθάδειαν
1483 758 1575 813 καὶ
1602 759 1940 830 θρασύτητα,

366 846 462 900 νῦν
490 848 687 919 ἥκουσι
716 856 964 905 ταπεινοὶ
996 854 1090 906 καὶ
1123 853 1514 922 δεδακρυμένοι
1551 852 1654 905 ὑπὸ
1691 853 1983 922 μεγάλων.

367 940 684 1004 πιεσθέντες
715 944 1009 1011 συμφορῶν
1037 945 1128 997 καὶ
1159 944 1401 1012 δεόμενοι
1434 946 1619 997 ἐκεῖνα
1637 984 1652 1005 ,
1680 944 1715 997 ἃ
1746 947 1793 997 εἰ
1821 946 1943 997 τότε

367 1028 531 1081 αὐτοῦ
557 1031 1020 1100 συμϐουλεύοντος
1047 1035 1352 1098 ἐπείθοντο,
1377 1035 1474 1087 οὒκ
1497 1035 1566 1089 ἂν
1589 1037 1670 1098 είς
1691 1035 1945 1097 τοιαύτας

366 1121 711 1190 κατέστησαν
745 1124 1011 1195 ἀνάγκας)
1036 1139 1050 1152 ’
1089 1125 1280 1178 ἔπειτα
1320 1126 1516 1179 ἐννοῶν
1552 1129 1647 1179 καὶ
1688 1126 1805 1184 οἵας
1842 1126 1944 1179 πός

366 1211 500 1275 λεως
535 1213 717 1267 πάντα
751 1216 980 1285 ἀρίστης
1015 1220 1046 1286 ἡ
1087 1215 1377 1286 Ῥωμαίων
1411 1219 1677 1289 ἡγεμονία
1712 1221 1941 1271 ἀποστε-

370 1303 578 1372 ρεῖσθαι
605 1305 811 1376 μέλλει,
836 1309 1103 1377 ἐδάκρυσε
1133 1311 1230 1379 μὲν
1256 1313 1347 1362 ἐπὶ
1374 1312 1573 1381 μικρόν
1592 1330 1603 1342 ·
1635 1309 1754 1365 εἶτα
1779 1314 1943 1383 ἐχρη-

371 1394 563 1462 μάτισε
611 1399 723 1458 τοῖς
774 1399 1068 1469 πρέσϐεσι,
1121 1404 1215 1454 καὶ
1265 1402 1371 1455 τῶν
1421 1419 1479 1454 τε
1538 1404 1942 1474 ἡμαρτημένων

371 1486 662 1555 παρείχετο
693 1487 1048 1558 συγγνώμην,
1077 1492 1169 1542 καὶ
1198 1492 1540 1562 χρηστότερα
1574 1493 1813 1558 ἐλπίζειν
1841 1497 1941 1548 ὑπ-

368 1576 568 1639 ετίθει,
605 1577 678 1640 ὡς
718 1581 825 1632 πᾶν
856 1580 1036 1633 ὁτιοῦν
1073 1582 1214 1650 ὑπὲρ
1249 1583 1427 1635 αὐτῶν
1460 1585 1722 1654 ποιήσων.
1763 1588 1939 1640 Ἐκεί-

364 1683 489 1730 νους
526 1669 626 1734 μὲν
657 1669 750 1723 οὖν
780 1669 952 1736 οὕτως
987 1671 1333 1744 ἐψυχαγώγει
1367 1674 1548 1743 λόγοις
1582 1678 1644 1729 ὲκ
1676 1678 1774 1745 τῆς
1808 1679 1936 1731 πολ-

364 1760 461 1829 λῆς
507 1762 745 1830 ἀθυμίας
790 1763 1196 1833 ἀνακτώμενος.
1246 1768 1387 1830 Τοὺς
1432 1769 1496 1821 ἐκ
1542 1767 1836 1833 Βυζαντίου
1883 1772 1939 1824 δὲ

361 1851 518 1916 αὖθις
544 1854 802 1925 πρέσϐεις
832 1857 1590 1930 μετακαλεσάμενο;,⁹ορᾶτε,
1614 1858 1786 1927 εἶπεν,
1815 1864 1941 1918 οἴων

364 1947 666 2017 συμφορῶν
705 1948 875 2012 αίτιος
908 1949 1197 2017 Ῥωμαίοις
1218 1953 1244 2005 ό
1267 1952 1499 2022 πόλεμος
1532 1956 1801 2022 κατέστη;
1841 1956 1939 2019 τὰς

365 2037 472 2107 γὰρ
488 2039 771 2109 ἑσπερίους
789 2038 889 2109 ἤδη
910 2040 1280 2107 πάσαςπόλεις
1294 2045 1616 2116 ἐποιήσαντο
1630 2045 1716 2114 ὑφ’
1731 2048 1939 2111 ἑαυτοῖς

359 2127 410 2178 ei
439 2126 718 2195 Τριὸαλοί.
747 2130 973 2184 Δέδοικα
998 2131 1054 2184 δὲ
1085 2132 1160 2203 μὴ
1186 2133 1376 2186 τούτου
1412 2136 1816 2204 μηκυνομένου,
1844 2140 1939 2193 καὶ

361 2217 699 2282 Μακεδονίας
734 2219 940 2290 ἄρξωσι
975 2226 1342 2278 παντάπασιν.
1375 2226 1515 2295 Ἤδη
1549 2229 1655 2296 γὰρ
1689 2230 1791 2283 οὐκ
1826 2231 1936 2283 ὀλί-

359 2320 462 2372 γας
503 2304 707 2375 έχουσι.
738 2309 959 2378 Φεραῖοι
996 2309 1076 2375 δὲ,
1103 2309 1293 2382 ὥσπερ
1333 2315 1605 2382 ἠκούσατε
1647 2312 1937 2389 παρὰ“τῶν

362 2396 677 2464 πρέσϐεων,
711 2399 760 2451 εί
794 2401 867 2469 μή
900 2417 1044 2464 τινος
1073 2402 1208 2470 παρ’
1231 2403 1388 2473 ἡμῶν
1416 2408 1737 2478 ἐπικουρίας
1766 2412 1941 2481 τύχω-

363 2503 470 2549 σιν,
502 2486 603 2539 οὐκ
633 2486 699 2541 ἂν
729 2488 807 2541 ἔτι
840 2491 976 2561 πρὸς
1005 2492 1098 2545 τὸν
1130 2494 1366 2563 πόλεμον
1394 2496 1637 2566 ἀντέχειν
1666 2499 1935 2568 δύναιντο,

362 2573 509 2644 λιμῷ
552 2578 648 2631 καὶ
686 2577 975 2651 πολιορκίᾳ
998 2582 1357 2648 πιεσθέντες.
1387 2586 1638 2652 Ἔξεστιν
1676 2590 1770 2643 οὖν
1812 2594 1936 2661 ὑμῖν

362 2662 467 2733 ἤδη
499 2666 558 2716 τὸ
589 2664 683 2717 τοῦ
725 2667 965 2737 πολέμου
1002 2669 1195 2738 κέρδος
1230 2676 1482 2745 συνορᾷν.
1525 2677 1664 2744 Ἐγὼ
1697 2680 1752 2732 δὲ
1786 2681 1938 2751 ὑμῶν

364 2753 650 2823 θαυμάξω,
681 2755 802 2810 ὅθεν
830 2758 1006 2812 οἴεσθε
1036 2760 1097 2813 δύ
1112 2761 1295 2816 [ασθαι
1326 2756 1606 2834 βασιλείαν
1635 2770 1800 2839 ἔχειν,
1829 2773 1938 2825 τῶν

362 2850 693 2919 ωνεχθὲντων
738 2850 908 2922 αὐτὴν
955 2853 1315 2924 εὐποροῦντες
1360 2857 1594 2923 οὐδενός.
1644 2860 1782 2916 Οὔτε
1829 2868 1893 2933 γὲ
1905 2882 1937 2933 ρ

359 2940 509 2993 ἐστιν
539 2941 596 2993 ἐν
624 2941 785 3012 ὑμῖν,
814 2940 877 3007 ὃς
902 2944 970 2997 ἂν
999 2946 1109 2998 τῶν
1140 2945 1316 3000 ἄλλων
1343 2950 1534 3019 ἄρχειν
1561 2951 1810 3019 δύναιτο,
1843 2958 1939 3010 καὶ

2047 484 2297 553 superbia
2324 485 2514 551 inﬂati,
2553 502 2655 541 nec
2701 489 2927 542 verbum
2972 488 3162 542 audire
3191 489 3257 541 de
3289 488 3628 558 subiectione

2046 576 2441 641 sustinuerant,
2471 580 2602 648 quin
2627 580 2789 634 etiam
2822 580 3059 648 legatum
3085 580 3398 640 crudeliter.
3431 579 3628 633 imma-

2047 657 2301 736 niterque
2333 668 2726 736 dissecuerant,
2762 680 2817 724 et
2861 684 2919 725 se
2963 683 3624 738 perquamcontumaces,
3701 660 3707 666 ’

2044 771 2108 810 ac
2133 757 2478 825 praeﬁdentes
2505 761 2879 827 ostenderant,
2928 761 3095 832 614
3128 761 3163 814 ii
3191 776 3337 815 nunc
3370 762 3624 827 humiles,

2045 855 2098 899 et
2128 846 2330 914 perfusi
2365 847 2635 916 lacrymis,
2669 850 2842 918 pressi
2877 851 3275 917 calamitatibus
3307 851 3623 914 veniebant,

2045 948 2101 991 et
2138 937 2223 990 illa
2263 940 2542 1006 petebant,
2579 941 2630 991 in
2663 941 2864 1009 quibus
2909 942 2952 994 si
2987 950 3113 996 tunc
3146 942 3352 996 utiliter
3376 942 3628 998 suadenti

2046 1030 2542 1100 obtemperassent,
2569 1032 2622 1085 in
2657 1042 2762 1085 tam
2786 1034 3013 1088 acerbos
3041 1050 3201 1090 casus
3239 1050 3517 1104 nunquam
3542 1037 3627 1089 in—

2044 1122 2356 1194 cidissent),
2381 1125 2581 1179 deinde
2598 1128 2948 1182 considerans
2965 1129 3177 1197 qualem
3201 1132 3411 1191 urbem,
3431 1144 3629 1198 nempe

2045 1216 2221 1269 modis
2253 1218 2507 1272 ormuibus
2544 1221 3066 1288 praestantissimam,
3105 1219 3408 1275 Romanum
3450 1222 3625 1289 impe-

2044 1309 2184 1360 rium
2218 1309 2511 1372 amitteret,
2530 1310 2811 1366 continere
2837 1312 3100 1382 lacrymas
3128 1329 3234 1367 non
3263 1315 3459 1383 potuit.
3486 1312 3623 1368 Tum

2046 1398 2234 1467 legatis
2283 1401 2657 1467 respondens,
2715 1401 2926 1453 veniam
2978 1400 3393 1455 commissorum
3452 1402 3623 1463 dedit,

2044 1489 2299 1558 bonoque
2343 1491 2524 1543 animo
2551 1506 2673 1545 esse
2707 1491 2897 1559 jussit,
2935 1507 2993 1545 se
3029 1508 3217 1545 eorum
3251 1507 3412 1547 causa
3449 1493 3624 1546 factu-

2043 1596 2163 1634 rum
2195 1583 2400 1638 omnia.
2429 1582 2737 1636 Istiusmodi
2770 1584 2950 1637 verbis
2975 1600 3070 1638 eos
3101 1583 3422 1645 deliniebat,
3470 1591 3525 1636 et
3558 1598 3623 1637 ex
3670 1598 3673 1599 '

2044 1673 2254 1743 magnis
2287 1673 2581 1741 angoribus
2632 1690 2696 1727 ac
2756 1674 3135 1743 desperatione
3174 1676 3489 1740 recreabat;
3524 1676 3625 1728 ite-

2044 1780 2273 1832 rumque
2306 1765 2632 1833 Byzantinos
2664 1766 2871 1835 legatos
2900 1781 3191 1820 accersens
3218 1783 3231 1817 :
3269 1765 3495 1831 Videtis,
3542 1768 3626 1818 in-

2041 1856 2282 1925 quiebat,
2314 1872 2448 1924 quas
2480 1872 2751 1911 aerumnas
2794 1858 3052 1910 Romanis
3090 1858 3286 1910 bellum
3329 1859 3431 1912 hoc
3466 1873 3628 1927 gene-

2041 1948 2207 2001 rarit?
2239 1947 2604 2001 occidentales
2632 1949 2777 2001 enim
2806 1949 2969 2002 urbes
3001 1950 3284 2001 universas
3318 1963 3431 2003 sua:
3463 1948 3621 2002 ditio-

2042 2038 2126 2090 nis
2152 2053 2215 2090 ac
2245 2038 2529 2106 potestatis
2563 2036 2785 2092 Triballi
2820 2039 3103 2103 fecerunt;
3138 2039 3325 2100 timeo,
3363 2054 3430 2092 ne
3460 2040 3622 2092 et‘am

2041 2135 2150 2180 tota
2186 2127 2495 2182 Macedonia
2536 2130 2834 2197 potiantur,
2868 2129 3028 2198 cujus
3068 2131 3265 2197 oppida
3300 2130 3350 2183 in
3387 2146 3625 2199 prasens

1992 2241 1999 2248 -
2040 2233 2149 2271 non
2190 2234 2360 2286 pauca
2389 2219 2658 2272 obtinent.
2698 2220 2766 2273 At
2805 2219 3038 2280 Pheraei,
3066 2220 3218 2290 quod
3246 2236 3311 2274 ex
3347 2235 3443 2275 ore
3475 2221 3625 2289 lcga-

2041 2318 2217 2362 torum
2254 2308 2596 2377 percepistis,
2639 2324 2667 2361 a
2723 2309 2869 2364 fame
2897 2318 2951 2365 et
2984 2311 3141 2366 hoste
3179 2310 3340 2366 simul
3387 2311 3621 2367 obsessi.

2039 2399 2143 2454 nisi
2184 2414 2214 2452 a
2245 2399 2404 2453 nobis
2434 2410 2808 2466 succurratur,
2839 2401 3044 2457 diutius
3071 2417 3129 2456 se
3162 2402 3299 2457 tueri
3328 2418 3438 2456 non
3474 2413 3625 2472 poto-

2041 2498 2188 2545 runt.
2249 2491 2399 2545 Licet
2444 2491 2607 2559 igitur
2654 2493 2802 2561 jam,
2861 2502 3126 2560 quantum
3213 2493 3348 2558 Lucri
3399 2510 3430 2549 e
3481 2496 3623 2550 bello

2040 2583 2242 2637 factum
2285 2583 2375 2647 sit,
2425 2585 2658 2637 discere.
2710 2583 2974 2651 Equidem
3020 2584 3192 2638 miror
3232 2585 3374 2639 unde
3416 2588 3619 2655 putetis

2040 2690 2202 2740 posse
2250 2690 2346 2729 vos
2382 2675 2674 2742 imperium
2708 2676 2972 2738 retinere,
3020 2691 3144 2729 cum
3176 2677 3269 2745 qui
3312 2679 3487 2747 ipsum
3521 2679 3619 2732 de-

2037 2767 2245 2830 tendat,
2309 2776 2365 2821 et
2408 2774 2713 2832 conservet,
2770 2766 3021 2822 habeatis
3073 2770 3387 2836 neminem;
3444 2786 3624 2839 neque

2039 2858 2186 2912 enim
2214 2857 2358 2912 inter
2403 2873 2499 2913 vos
2544 2866 2646 2923 est,
2678 2857 2768 2928 qui
2800 2872 3037 2926 praeesse
3076 2858 3218 2922 aliis,
3249 2869 3305 2914 et
3347 2863 3622 2917 communi

2041 2949 2328 3020 providere
2374 2948 2533 3011 sciat,
2576 2948 2682 3003 nisi
2724 2949 2963 3003 fortasse
3020 2949 3336 3018 prasl‘ectum
3386 2953 3623 3006 cubiculi

361 3032 619 3098 πρόνοιαν
644 3033 912 3087 ποιεῖσθαι
936 3035 1045 3088 τῶν
1069 3038 1288 3104 κοινῶν,
1316 3043 1363 3093 εί
1393 3042 1467 3112 μή
1525 3045 1627 3096 πού
1654 3062 1717 3111 γε
1744 3049 1940 3116 φαίητε

2047 3042 2359 3097 nominetis.
2404 3042 2537 3096 Nam
2592 3056 2697 3095 nec
2753 3041 3063 3111 imperator,
3101 3051 3324 3111 propter
3375 3044 3624 3112 impube-

360 3124 879 3196 παρακοιμώμενον.
906 3128 1046 3182 Οὔτε
1075 3130 1183 3202 γὰρ
1211 3131 1458 3200 βασιλεὺς
1491 3134 1579 3189 διὰ
1604 3137 1701 3207 τὴν
1724 3139 1942 3206 ἡλικίαν

358 3213 457 3285 τὴν
491 3216 777 3287 Ῥωμαίων
818 3219 970 3287 ἄγειν
1012 3221 1234 3298 δύναται
1277 3224 1469 3293 ἀρχὴν,
1498 3227 1531 3296 ἦ
1557 3244 1616 3279 τε
1658 3228 1762 3297 βασ
1787 3230 1867 3295 λὶς
1907 3234 1939 3303 ἡ

252 3319 272 3337 ⁴
358 3309 549 3361 τούτου
588 3310 770 3381 μήτηρ
827 3313 888 3364 οὗ
923 3312 1013 3365 διὰ
1042 3315 1140 3384 τὴν
1170 3319 1488 3376 γυναικείαν
1519 3317 1806 3374 ἀσθένειαν
1843 3324 1941 3392 μό-

363 3419 487 3467 νον,
514 3403 573 3455 οὐ
614 3406 723 3474 γὰρ
758 3405 824 3458 ἂν
857 3402 1110 3477 ἐξαρκοίη
1147 3409 1281 3477 πρὸς
1314 3410 1566 3463 τοσοῦτον
1600 3416 1941 3481 πραγμάτων

362 3493 546 3562 δγκον,
578 3497 714 3549 ἀλλά
745 3498 838 3549 καὶ
874 3499 935 3550 τὸ
969 3499 1068 3569 τὴν
1101 3497 1350 3563 ἐξουσίαν
1386 3502 1489 3554 ὑπὸ
1524 3504 1630 3556 τῶν
1664 3506 1941 3575 ἀρχόντων

362 3586 988 3659 περιῃρῆσθαι,.ίὶ›σπερ
1040 3591 1096 3641 ἐν
1146 3593 1359 3661 φρουρᾷ
1406 3592 1580 3660 διάγει
1627 3600 1737 3658 τοῖς
1788 3598 1941 3667 βασι-

362 3678 548 3742 λείοις,
577 3680 756 3748 ὀλίγον
786 3681 1087 3733 ἀποδέουσα
1118 3681 1225 3734 τῶν
1255 3684 1312 3735 ἐν
1339 3684 1697 3757 δεσμωτηρῖῳ
1727 3689 1940 3756 διαγόν-

363 3788 490 3823 των.
522 3770 586 3824 Τί
617 3774 724 3842 γὰρ
755 3774 981 3826 ἐκείνων
1006 3773 1332 3844 διενήνοχεν,
1365 3777 1414 3828 εί
1449 3779 1615 3847 μηδὲν
1648 3780 1784 3851 μήτε
1819 3780 1943 3849 βου-

366 3864 658 3917 λεύσασθαι
679 3906 693 3930 ,
731 3867 868 3934 μήτε
901 3867 1103 3932 πρᾶξαι
1129 3868 1237 3919 τῶν
1263 3868 1493 3922 δεόντων
1519 3871 1772 3937 δύναται,
1806 3875 1942 3927 ἀλλά

362 3955 473 4017 τοῖς
514 3954 899 4023 ἐψηφισμένοις
923 3957 1028 4008 ὑπὸ
1065 3957 1172 4009 τῶν
1213 3959 1487 4026 ἀρχόντων
1526 3960 1942 4032 ἕπεσθαι-ἀνάγ-

365 4063 468 4117 κην
525 4048 673 4116 ἔχει;
707 4048 820 4109 Τάς
849 4066 906 4100 τε
938 4051 1121 4111 πόλεις
1151 4050 1525 4102 ἀπολωλέκατε
1547 4091 1563 4114 ,
1594 4052 1689 4114 τὰς
1719 4056 1817 4121 μὲν
1844 4057 1941 4108 αὖ·

363 4141 474 4200 τοῖς
517 4141 724 4202 Μυσοῖς
766 4140 1246 4209 παραδεδωκότες,
1283 4140 1349 4192 ἵν’
1372 4142 1487 4210 ἔχοι
1519 4159 1577 4194 τε
1622 4146 1943 4215 συμμάχους

365 4232 451 4282 ἐπ’
474 4231 595 4301 ἐμὲ,
628 4234 735 4284 τῶν
761 4232 806 4285 δ’
831 4233 936 4285 ὑπὸ
962 4233 1253 4301 Τριόαλοῖς
1281 4233 1710 4304 δεδουλωμένων.
1745 4240 1853 4292 Καὶ
1883 4241 1940 4293 αί

364 4322 682 4391 λειπόμεναι
707 4323 787 4386 δὲ,
814 4324 894 4377 ἔτι
927 4323 1057 4393 πρὸς
1087 4325 1186 4394 ἐμέ
1213 4343 1268 4378 τε
1298 4330 1390 4379 καὶ
1420 4328 1562 4395 ὑμᾶς
1577 4329 1913 4402 διῃρημέναι

364 4415 433 4467 τά
468 4417 566 4485 μὲν
595 4416 757 4468 αὐταὶ
788 4417 872 4485 ἐφ’
900 4418 1119 4479 ἑαυταῖς
1153 4418 1543 4482 στασιάζουσαι
1575 4423 1666 4474 καὶ
1695 4423 1937 4492 διαφθει-

372 4508 593 4577 ρόμεναι
613 4551 628 4574 ,
658 4509 727 4559 τὰ
759 4509 803 4561 δ’
829 4507 918 4576 ὑφ’
944 4508 1100 4578 ἡμῶν
1131 4509 1329 4575 ἔξωθεν
1360 4511 1814 4581 πολιορκούμεναι
1848 4519 1943 4570 καὶ

365 4596 970 4666 ὲξανδραποδιζόμεναι,
1008 4600 1099 4652 καὶ
1133 4600 1200 4651 τὰ
1231 4599 1514 4654 δεινότατα
1549 4604 1940 4673 ὑπομένουσαι,

365 4688 444 4749 εἰς
483 4689 722 4760 ἐσχάτην
755 4690 986 4760 ἀπορίαν
1023 4691 1262 4759 ῆλασαν,
1297 4692 1391 4744 καὶ
1431 4691 1613 4761 ὀλίγου
1653 4696 1975 4760 ἀποδέουσι,

364 4780 474 4831 τῶν
506 4780 609 4833 ὑπὸ
641 4782 919 4852 πολεμίοις
948 4775 1274 4852 γενομένων.
1306 4784 1620 4855 Χρημάτων
1662 4803 1721 4839 τε
1772 4789 1939 4858 πόρος

364 4871 664 4941 οὐδαμόθεν
684 4890 697 4904 ’
725 4877 794 4928 τά
822 4891 882 4926 τε
914 4878 1023 4945 γὰρ
1051 4875 1387 4944 ἀποκείμενα
1415 4875 1716 4943 ἀνάλωται,
1749 4881 1843 4932 καὶ
1872 4879 1944 4931 τὰ

366 4963 631 5034 κειμήλια
661 4964 974 5018 ἀποδέδοται
1014 4965 1268 5032 βασιλικά
1305 4966 1383 5028 είς
1415 4967 1542 5030 τοὺς
1576 4967 1775 5032 καλοὺς
1810 4971 1945 5023 dum

368 5056 589 5119 στόλους
610 5095 626 5120 ,
659 5056 782 5110 ὅθεν
814 5056 999 5128 ὄνησις
1036 5056 1259 5126 οὐδεμία
1304 5057 1645 5126 περιγίνεται
1703 5058 1944 5130 (ἐῶ-γὰρ

1920 4376 1934 4402 ’
1971 4383 2013 4438 l)

2046 3150 2159 3189 rem
2215 3140 2432 3187 :etatem
2477 3133 2786 3186 Romanum
2838 3133 3202 3201 principatum
3254 3135 3454 3187 rexerit
3506 3151 3520 3164 ·
3569 3147 3625 3189 et

2043 3227 2283 3295 Angusta
2329 3225 2450 3293 eius
2522 3235 2704 3277 mater
2777 3239 2889 3276 non
2948 3224 3123 3277 solum
3190 3233 3410 3293 prepter
3466 3224 3623 3279 fetui-

2044 3332 2202 3369 neam
2237 3315 2665 3369 imbecillitatem
2700 3324 2861 3371 tantae
2906 3329 3093 3368 rerum
3132 3316 3260 3368 moli
3290 3317 3625 3380 sustinenda:

2044 3409 2221 3478 impar
2250 3420 2354 3473 est,
2381 3410 2478 3461 sed
2514 3407 2676 3461 etiam
2710 3416 2977 3477 potestate
3008 3407 3076 3460 ab
3112 3407 3469 3461 arcltontibus
3493 3422 3624 3477 spe-

2048 3501 2198 3565 liata,
2235 3501 2290 3554 in
2322 3499 2521 3570 palatio
2547 3514 2655 3553 non
2685 3513 2845 3554 secus
2869 3508 3032 3568 atque
3063 3499 3116 3552 iu
3144 3499 3392 3554 custodia
3423 3516 3563 3553 mam
3583 3512 3622 3563 t,

2044 3608 2345 3663 parumque
2395 3592 2462 3646 ab
2499 3591 2563 3646 iis
2597 3590 2799 3656 diﬂert,
2830 3591 2923 3659 qui
2980 3592 3031 3643 in
3080 3605 3301 3645 carcere
3352 3590 3623 3644 victitant.

2043 3684 2185 3750 Quid
2217 3685 2363 3738 enim
2408 3682 2644 3747 diﬂ‘erat,
2675 3684 2888 3748 amabo,
2930 3684 2975 3738 si
3004 3683 3054 3736 ei
3095 3682 3231 3737 nihil
3277 3696 3455 3750 neque
3494 3697 3626 3737 con-

2044 3780 2268 3840 sultare,
2299 3791 2477 3846 neque
2507 3790 2669 3846 agerc
2700 3777 2843 3844 quod
2880 3790 3016 3844 opus
3048 3775 3120 3827 sit
3148 3774 3486 3835 conceditur.
3526 3778 3620 3828 setl

2044 3868 2258 3922 illorum
2309 3869 2524 3920 decreta
2569 3866 2803 3934 probare
2849 3874 2903 3918 et
2944 3864 3401 3933 sequicngitur?
3450 3865 3628 3919 Urbes

2042 3969 2220 4011 autem
2262 3956 2606 4025 perdidistis;
2650 3972 2776 4008 nam
2826 3956 2963 4007 alias
3008 3953 3110 4022 ipsi
3155 3953 3340 4008 Moesis
3388 3955 3622 4021 pretium

2044 4050 2322 4105 societatis
2348 4060 2541 4103 contra
2572 4063 2659 4102 me
2712 4047 2961 4111 d-distis,
3018 4049 3157 4102 alias
3189 4047 3413 4102 Triballi
3461 4050 3627 4103 sube-
3698 4119 3708 4128 .

2044 4148 2262 4211 gerunt,
2314 4138 2538 4207 reliquis
2584 4139 2727 4192 inter
2777 4154 2865 4192 me
2916 4154 3123 4207 vosque
3167 4139 3376 4203 divisis,
3434 4155 3623 4193 carum

2044 4232 2243 4300 partim
2299 4228 2572 4283 intestinis
2618 4230 2895 4298 agitantur
2940 4228 3253 4295 discordiis,
3306 4237 3363 4284 et
3408 4230 3627 4284 sibimet

2044 4322 2210 4379 exitio
2255 4335 2383 4376 sunt
2415 4338 2429 4375 :
2463 4322 2657 4391 partim
2695 4337 2725 4376 a
2757 4321 3088 4375 nobis'l’oris
3130 4322 3388 4385 obsessae,
3433 4325 3623 4392 jugum

2042 4416 2288 4485 accipere
2306 4424 2535 4477 coactae,
2550 4413 2996 4484 gravissimisque
3019 4413 3217 4467 attrita:
3233 4413 3616 4472 incommodis.

2041 4511 2095 4566 in
2145 4520 2419 4565 extremas
2458 4507 2803 4571 ditllcultates
2845 4508 3108 4576 conjecta:
3157 4517 3327 4561 sunt:
3361 4523 3465 4562 nec
3521 4509 3626 4561 alia

2041 4602 2159 4657 fere
2186 4598 2498 4655 conditione
2517 4607 2667 4662 sunt,
2698 4612 2860 4661 quam
2892 4597 2938 4651 si
2960 4601 3027 4652 ab
3051 4598 3302 4653 hostibus
3326 4599 3629 4668 subiugata:

2043 4692 2247 4748 forent.
2266 4689 2520 4745 Pecunia:
2541 4688 2776 4744 facultas
2804 4689 2972 4743 nulla.
3002 4688 3137 4742 Nam
3169 4696 3227 4743 et
3255 4690 3511 4743 azrariutn
3541 4700 3623 4743 est

2047 4784 2432 4839 exinanitum:
2479 4791 2534 4836 et
2583 4781 2825 4835 thesauri
2866 4780 3163 4850 absumpti,
3193 4789 3621 4849 ornamentaque

2049 4875 2395 4945 imperatoria
2428 4872 2704 4928 divendita
2736 4868 2947 4942 (i5),et
2973 4872 3026 4924 in
3056 4870 3300 4941 egregias
3326 4869 3459 4926 intus
3491 4870 3631 4925 clas-

2050 4984 2159 5033 ses,
2199 4969 2343 5023 unde
2380 4965 2529 5021 nulla
2578 4965 2743 5021 rediit
2787 4962 3028 5029 utilitas.
3075 4965 3323 5034 impensa
3365 4965 3632 5027 sunttde
3707 5008 3711 5013 .

2051 5070 2239 5115 nostra
2267 5056 2417 5112 enim
2454 5065 2564 5111 tam
2596 5055 2859 5110 immensa
2894 5056 3124 5125 pecunia
3160 5052 3544 5124 taceo)615
3574 5066 3630 5107 ct

1644 5245 1879 5307 Jacobi“
1902 5243 2167 5306 Pontani
2207 5248 2397 5304 notua.

445 5374 558 5445 (45)
602 5375 879 5445 Κειμήλια
926 5373 1206 5444 βασιλικά,
1262 5385 1392 5445 qua;
1426 5370 1493 5445 ab
1527 5366 1952 5445 imperatoribus

369 5439 738 5502 iu'tlicsauris
774 5439 1165 5514 "reponuntur,
1217 5439 1835 5517 peculiariaquatdam,
1891 5445 1952 5517 ut

372 5524 504 5573 sunt
562 5529 785 5590 gemina:
818 5510 947 5578 {et
1011 5528 1132 5590 quae
1207 5510 1687 5590 Germanicolatini
1720 5514 1951 5590 'vgcant

372 5577 646 5641 clenodia.
710 5577 971 5638 Dicuntur
1020 5577 1148 5638 item
1206 5584 1475 5650 sitimque
1526 5579 1608 5632 vel
1671 5577 1943 5650 σύμϐολα.

375 5658 468 5710 Sic
497 5654 715 5709 Graecia:
747 5665 966 5726 prmtor,
997 5646 1550 5726 quemrlieuitclavitts
1571 5658 1723 5726 saepe
1747 5646 1952 5714 produ-

372 5731 471 5796 cit,
504 5726 599 5792 ait,
644 5719 865 5794 recepta
894 5719 1374 5792 COtIStantinopoli
1410 5719 1625 5777 venisse
1674 5719 1730 5771 in
1759 5730 1953 5771 manus

2051 5367 2365 5422 Gnccoi'um
2419 5370 2771 5437 imperatoria
2818 5366 3066 5423 Balduini
3113 5366 3161 5422 ll
3209 5365 3470 5435 symbo'a,
3510 5380 3630 5434 qmc

2050 5437 2272 5505 quidem
2308 5442 2421 5493 tneo
2470 5441 2675 5492 fuerint
2702 5457 2717 5493 :
2749 5439 3028 5509 Calyptra,
3061 5439 3248 5509 forma:
3277 5438 3486 5509 Latinis
3518 5444 3639 5490 usti

2055 5516 2200 5572 latae,
2233 5515 2287 5560 et
2313 5509 2608 5563 unionibus
2637 5508 2916 5572 distincta,
2944 5523 3067 5562 cum
3097 5508 3280 5575 lapillo
3306 5508 3458 5559 rubri
3480 5511 3629 5561 color.

2052 5579 2128 5631 ris
2160 5578 2213 5629 in
2249 5578 2453 5633 vertice
2485 5579 2719 5648 capitis;
2774 5578 3142 5648 calceamenta
3197 5592 3365 5629 cocco
3417 5577 3627 5642 tincta;

2052 5649 2296 5719 gladius,
2334 5651 2525 5719 vagina
2554 5646 2642 5705 wde
2688 5646 2931 5704 coccinei
2984 5648 3185 5701 coloris
3241 5647 3418 5701 serico
3463 5648 3627 5713 facta,

2074 5728 2324 5774 VCSlllllS.
