4066 6298
576 218 717 283 1159

1749 219 2079 280 JOANNIS
2117 216 2650 278 CANTACUZENI

3614 228 3714 297 1160

572 328 787 399 publica
818 325 1101 399 vectigalia
1130 337 1338 384 vastata
1370 328 1595 400 regione
1623 328 1964 383 defecerunt.
1992 327 2145 382 Adde

2255 325 2316 379 τὰ
2360 327 2605 397 ἡμέτερα.
2649 324 2882 379 τοσαῦτα
2925 327 3055 381 ὄντα
3097 327 3289 395 λέγειν,
3327 334 3410 386 καὶ
3444 337 3494 388 αἱ
3524 342 3717 409 πρόσοδοι

574 434 704 486 nuc,
732 420 877 488 quod
905 420 1169 492 apulenti,
1212 430 1267 476 et
1303 420 1650 490 imperatoris
1683 421 1924 476 deluncti
1963 421 2017 473 in
2048 435 2147 490 gu-

573 512 853 567 bernando
888 512 1217 574 administri,
1248 514 1337 569 alii
1369 514 1514 583 quod
1558 514 1689 569 ntihi
1726 515 1947 577 vellent,
1980 528 2147 583 pecu-

575 603 681 657 niis
721 604 960 673 spoliati,
1003 614 1060 658 et
1108 605 1274 658 variis
1323 616 1483 660 antea
1529 605 1710 660 vexati
1750 605 1950 669 modis,
1993 618 2145 658 nunc

575 710 823 751 carceres
866 694 1156 749 incolunt:
1190 695 1281 748 alii
1339 696 1594 765 quoniam
1645 704 1936 752 cernentes
1977 709 2150 764 quan-

2250 418 2594 470 ἐκλελοίπασι
2632 417 2743 469 τῶν
2787 419 2979 470 κοινῶν
3020 420 3121 489 τῆς
3163 419 3338 491 χώρας
3379 425 3717 502 διεφθαρμένης,

2249 508 2394 577 Πρὸς
2427 508 2641 569 τούτοις
2672 508 2729 561 δὲ
2764 509 2857 562 καὶ
2889 510 2940 562 οἱ
2978 510 3119 577 μέγα
3153 511 3422 582 δυνάμενοι
3456 519 3541 571 καὶ·
3564 518 3720 589 βασιλεῖ

2252 600 2700 669 συμπράττοντες
2729 603 2864 671 πρὸς
2890 602 2989 669 τὴν
3016 602 3223 672 ἀρχὴν,
3253 605 3301 656 οἱ
3333 607 3450 674 μὲν,
3473 608 3548 663 διὰ
3570 612 3646 682 τὴν
3666 620 3723 676 εἰς

2249 691 2350 761 ἐμὲ
2398 690 2611 744 εὔνοιαν
2662 692 2956 762 χρημάτων
3004 694 3468 763 ἀποστερηθέντες,
3512 702 3587 752 καὶ
3625 705 3725 770 προς

579 795 687 838 tam
716 785 837 853 ,vim
875 785 1346 839 incommodorum
1379 787 1483 841 hoc
1523 786 1723 842 bellqu
1765 796 1911 840 esset
1942 787 2150 855 paritu-

2255 786 2445 852 πεῖραν
2471 783 2678 836 πολλῶν
2704 784 2967 853 πρότερον
2992 784 3177 837 κακῶν
3202 785 3449 860 ἐλθόντες,
3471 789 3552 843 νῦν
3570 794 3724 848 οἰκοῦσι

576 890 697 928 rum
729 876 1070 943 (quanquam
1114 876 1360 945 ejusdem
1407 876 1648 945 primarii
1687 884 1939 930 auctores
1985 876 2147 930 iidem

578 966 680 1036 ipsi
719 965 990 1034 fuissent)
1039 966 1193 1035 pacis
1239 969 1572 1021 mentionem
1627 968 1959 1027 intulissent,
2002 968 2149 1022 domi

512 1124 515 1129 _
575 1073 742 1122 nunc,
768 1059 926 1126 jussu
976 1060 1216 1126 praefecti
1257 1059 1493 1114 cubiculi
1534 1060 1746 1125 sedent,
1777 1059 1919 1129 quod
1943 1068 1998 1114 et
2026 1076 2153 1129 pro-

577 1151 854 1219 tostratori
887 1150 1052 1204 modo
1097 1150 1391 1222 contigisse
1433 1151 1709 1221 intelligo;
1747 1161 1800 1204 et
1835 1166 1960 1220 pars
1996 1166 2152 1206 exer-

573 1241 735 1304 citus,
763 1256 883 1310 quae
915 1242 1049 1295 mihi
1086 1242 1267 1297 lavere
1300 1244 1416 1297 visa
1447 1252 1552 1306 est,
1580 1243 1777 1313 periit;
1810 1244 1979 1297 altera
2000 1258 2149 1311 pars,

578 1340 636 1383 ut
661 1338 941 1399 suspecta,
975 1333 1388 1398 contemnitur;
1422 1349 1544 1401 quae
1580 1340 1768 1394 restat,
1803 1333 2015 1387 modica
2044 1341 2149 1388 est.

577 1420 729 1475 Unde
753 1422 955 1492 gigitur,
985 1440 1192 1493 quaeso,
1250 1424 1541 1494 imperium
1581 1423 1933 1497 constituetis
1964 1440 2028 1477 ac
2062 1423 2153 1476 [ir-

576 1514 818 1577 mabitis,
847 1531 971 1569 cum
1001 1517 1145 1586 quod
1170 1532 1265 1571 vos
1296 1517 1435 1571 tueri
1463 1532 1526 1571 ac
1564 1530 1784 1571 servare
1815 1514 1985 1586 possit
2014 1514 2153 1569 nihil

575 1606 856 1662 habeatis?
890 1610 1020 1674 Quae
1049 1610 1233 1663 omnia
1263 1618 1317 1664 et
1345 1623 1447 1665 vos
1482 1609 1808 1679 ponderare,
1841 1618 1897 1663 et
1928 1609 2155 1677 impera-

2248 873 2597 944 δεσμωτήρια
2620 890 2636 903 ο
2668 877 2717 927 οἱ
2750 875 2793 926 δ’
2814 876 2896 927 ὅτι
2927 876 3275 944 ἐμνήσθησαν
3303 880 3529 950 εἰρήνης,
3552 885 3727 952 ὁρῶντες

2249 960 2306 1016 οἴ
2342 964 2523 1017 κακῶν
2557 965 2586 1015 ὁ
2628 964 2859 1035 πόλεμος
2921 966 3202 1037 χωρήσει,
3238 969 3409 1022 καίτοι
3456 987 3513 1039 γε
3549 975 3729 1028 κάκεῖνοι

2249 1054 2438 1107 τούτου
2475 1044 2781 1108 αἱτιῶτατοι
2817 1058 3211 1126 γεγενημένοι,
3247 1060 3498 1128 ἄπρακτοι
3526 1065 3728 1132 κάθηνται

2251 1146 2308 1197 ὲν
2336 1150 2455 1209 ταῖς
2484 1148 2713 1213 οἰκίαις,
2742 1147 2886 1200 οὕτω
2916 1150 3382 1219 προστεταγμένον
3411 1151 3502 1204 ὑπό
3533 1171 3732 1224 περικοι-

2243 1239 2548 1313 μωμένουο
2580 1237 2771 1308 ὥσπερ
2825 1238 3010 1293 ἀκούω
3064 1239 3159 1293 καὶ
3211 1243 3621 1312 πρωτοστράτορα
3662 1246 3727 1298 τόν

2251 1330 2555 1397 Συναδηνὸν
2585 1330 2909 1383 πεπονθέναι
2943 1330 3055 1385 νῦν.
3086 1333 3194 1385 Καὶ
3223 1334 3257 1401 ἡ
3291 1335 3502 1402 στρατιά
3527 1336 3590 1399 δὲ,
3615 1338 3640 1404 ἠ
3663 1340 3732 1405 μὲν

2252 1420 2541 1490 διέφθαρτο
2564 1418 2795 1472 δοκοῦσα
2819 1422 3021 1474 εὐνοεῖν
3077 1424 3225 1490 ἐμοὶ.
3246 1424 3278 1491 ἡ
3300 1423 3353 1475 δὲ
3400 1425 3730 1494 ὑποπτευομένῃ

2253 1511 2559 1581 ἀμελεῖται.
2586 1511 2659 1563 Τὸ
2683 1510 3003 1580 λειπόμενον
3027 1512 3082 1565 δὲ
3108 1513 3306 1579 ὀλίγον.
3335 1514 3489 1566 Πόθεν
3509 1511 3586 1568 οὖν
3605 1517 3733 1568 οἴεσθε

2252 1602 2351 1672 τὴν
2382 1601 2559 1671 ἀρχὴν
2590 1602 2949 1671 συστήσεσθαι
2984 1604 3112 1673 ὑμῖν
3143 1605 3307 1674 μηδὲν
3335 1606 3529 1674 ἔχοντες
3555 1607 3642 1659 τῶν
3664 1608 3737 1660 σύ·

575 1700 720 1763 trici,
754 1715 817 1755 ac
851 1703 1193 1770 patriarchae,
1227 1701 1551 1770 caeterisque
1592 1699 1870 1765 nuntiare,
1900 1713 2150 1754 commu-

2255 1692 2366 1759 ζειν
2387 1692 2696 1764 δυναμένων
2712 1695 2805 1760 ;‘A
2828 1695 3004 1749 πάντα
3021 1695 3126 1765 χρὴ
3147 1697 3239 1749 καὶ
3262 1697 3398 1766 ὑμᾶς
3423 1698 3736 1766 σκεψαμένους,

575 1791 826 1859 niterque
879 1805 1066 1859 pacein
1122 1791 1461 1855 decernere,
1513 1804 1615 1845 nec
1674 1790 1866 1844 insano
1922 1786 2151 1842 consilio

576 1880 739 1934 etiam
792 1896 988 1949 parvas
1040 1884 1173 1936 istas
1226 1882 1566 1952 principatus
1617 1880 1851 1936 Romani
1895 1878 2151 1947 reliquias

575 1969 892 2038 disperdere
919 1980 1153 2040 oportet.
1181 1970 1316 2026 Cum
1344 1971 1502 2042 legati
1543 1970 1596 2025 in
1633 1985 1742 2024 uno
1772 1977 1983 2024 tantum
2015 1979 2152 2021 con-

575 2061 963 2127 tradixissent,
1009 2062 1517 2132 allirmassentque,
1576 2062 1979 2132 imperatricetn
2038 2070 2151 2112 non

573 2155 712 2208 ιιιοί
747 2155 1114 2209 renuntiatum
1157 2165 1322 2219 esset,
1358 2156 1426 2208 ab
1466 2154 1790 2209 arcltontum
1846 2149 2055 2222 judicio
2086 2161 2152 2202 ac

573 2247 847 2302 sententia
895 2248 1134 2318 pendere
1160 2263 1180 2301 :
1214 2249 1309 2303 sed
1351 2264 1448 2318 per
1483 2263 1541 2303 se
1580 2262 1706 2304 esse
1754 2260 1937 2301 rerum
1966 2244 2152 2341 ‘dom-

577 2355 702 2393 nam
727 2379 741 2400 ,
769 2355 996 2408 quaeque
1029 2339 1133 2393 sibi
1166 2339 1485 2393 viderentur
1509 2378 1524 2403 ,
1554 2354 1619 2393 ea
1654 2337 1861 2400 facere,
1893 2336 2150 2390 omnibus

575 2434 624 2487 ei
655 2443 907 2487 accurate
953 2433 1335 2486 obedientibits
1360 2447 1375 2484 :
1404 2432 1472 2484 At
1497 2446 1618 2501 ego,
1651 2431 1846 2498 inquit,
1867 2428 1967 2482 nisi
1994 2428 2155 2496 liqui-

574 2525 798 2579 dissitne
822 2525 1103 2578 scivissem
1128 2525 1259 2594 quid
1282 2525 1542 2589 dicerem,
1571 2523 1707 2577 nihil
1754 2522 1958 2576 frustra
1981 2533 2153 2576 tenne-

577 2629 746 2684 reque
774 2617 1139 2684 protulissem.
1169 2618 1327 2682 Quod
1356 2617 1399 2670 si
1442 2632 1536 2671 vos
1572 2616 1856 2685 ignoratis,
1896 2616 1973 2669 rei
2003 2615 2152 2684 peri-

576 2709 758 2761 culum
790 2708 1007 2761 faciam.
1043 2708 1409 2779 Cltrysobergi
1436 2710 1582 2763 enim
1623 2711 1800 2778 legato
1839 2721 1961 2763 meo
1997 2720 2151 2762 com-

577 2795 815 2855 mittam,
847 2810 967 2863 qua:
999 2796 1152 2849 solus
1182 2798 1284 2850 soli
1311 2797 1640 2865 imperatrici
1676 2798 1899 2861 indicet,
1928 2796 2074 2866 quod
2098 2807 2154 2850 et

577 2886 715 2939 alias
761 2887 1040 2940 consuevi.
1069 2887 1124 2941 Si
1164 2902 1226 2941 ea
1270 2887 1451 2942 facere
1500 2889 1570 2942 ab
1617 2888 1750 2957 ipsis
1792 2888 2153 2943 arcbomibus

579 2979 966 3047 pertnittetur,
1000 2988 1211 3033 certum
1251 2980 1378 3045 erit,
1416 2981 1582 3036 licere
1619 2983 1668 3034 ei
1698 2997 1820 3050 quae
1863 2981 2010 3036 velit.
2048 2979 2147 3034 Sin

2236 1786 2353 1840 ικαὶ
2382 1785 2642 1857 βασιλίδι,
2672 1787 2763 1838 καὶ
2793 1788 3140 1858 πατριάρχῃ,
3171 1790 3268 1841 καὶ
3297 1790 3401 1851 τοῖς
3428 1788 3583 1852 ἄλλοις
3606 1790 3736 1856 ἀπαγ-

2257 1879 2560 1947 γείλαντας,
2601 1877 2698 1948 τὴν
2738 1879 2963 1949 εἰρήνην
3004 1879 3349 1949 ψηφίσασθαι
3389 1884 3547 1950 κοινῇ,
3580 1882 3656 1933 καὶ
3688 1878 3741 1949 μὴ

2255 1969 2348 2024 διὰ
2374 1969 2736 2022 κακοδουλίαν
2783 1970 2878 2022 καὶ
2902 1971 2970 2023 τὰ
2996 1971 3168 2041 μικρὰ
3195 1970 3419 2039 λείψανα
3441 1971 3603 2034 ταῦτα,
3625 1969 3654 2023 α
3671 1972 3739 2038 τῆς

2272 2058 2558 2128 Ῥωμαίων
2593 2058 2974 2111 ὑπολέλειπται
3012 2044 3637 2130 ijytpovia;,6tapeeipat.
3653 2058 3740 2111 '1'th

2258 2151 2547 2222 πρέσϐεων
2590 2150 2670 2214 δὲ,
2712 2151 2847 2221 πρὸς
2891 2152 3044 2205 οὐδὲν
3087 2152 3275 2221 ἕτερον
3317 2152 3636 2205 ἀντειπόντων
3664 2150 3743 2202 τῶν

2258 2245 2585 2314 εἰρημένων,
2607 2244 2641 2315 ἢ
2665 2245 2748 2296 ὅτι
2771 2247 2803 2313 ὴ
2834 2242 3043 2312 βασιλὶς
3066 2244 3162 2314 οὐχ
3188 2245 3373 2315 ὥσπερ
3395 2243 3599 2315 ἢγγελιο
3617 2241 3742 2311 αὐτῷ,

2258 2340 2369 2401 τοῖς
2393 2338 2724 2408 βουλεύμασι
2744 2336 2852 2390 τῶν
2872 2339 3149 2407 ἀρχόντων
3171 2337 3400 2392 ἕπεσθαι
3418 2337 3630 2404 ἀνάγκην
3644 2335 3743 2403 ἔχει,

2258 2428 2375 2499 ἀλλξ
2395 2429 2534 2499 αὑτὴ
2561 2428 2670 2481 τῶν
2699 2428 3043 2498 πραγμάτων
3073 2428 3207 2482 οὖσα
3240 2430 3401 2499 κυρία
3419 2471 3434 2493 ,
3462 2428 3523 2480 τὰ
3545 2424 3745 2478 δοκοῦντα

2259 2523 2525 2593 πράττει,
2571 2522 2788 2576 πάντων
2831 2522 3193 2575 δουλευόντων
3241 2517 3664 2592 ἀκριϐῶς,οὺδὲν
3682 2514 3746 2576 ἂν,

2258 2611 2411 2668 εἶπεν
2444 2616 2565 2685 εἰκῇ
2602 2616 2698 2668 καὶ
2734 2615 2911 2685 μάτην
2947 2614 3269 2684 ἐξενήνεκτο
3301 2612 3427 2683 παρ’
3450 2611 3601 2682 ἐμοῦ,
3628 2610 3666 2661 ει
3694 2604 3747 2675 μὴ

2261 2706 2575 2776 σαφέστατα
2600 2707 2745 2776 ᾔδειν
2770 2705 2958 2775 ὥσπερ
2984 2707 3096 2775 ἔχει
3120 2706 3488 2777 εἰρησόμενον.
3511 2702 3568 2755 Et
3585 2701 3624 2752 δ’
3638 2697 3750 2752 αὐτοὶ

2259 2800 2505 2866 ἀγνοεῖτε
2525 2838 2539 2863 ,
2569 2801 2763 2867 πεῖραν
2789 2797 2900 2866 ἐγὼ
2930 2799 3224 2869 ποιήσομαι
3256 2797 3348 2850 τοῦ
3382 2797 3690 2867 πράγματος,
3709 2786 3750 2849 ἐξ

2257 2884 2328 2960 ἦς
2360 2889 2511 2944 ἔσται
2540 2889 2634 2943 καὶ
2663 2890 2790 2960 ὑμῖν
2820 2892 3127 2959 καταφανὲς
3155 2890 3444 2961 εἰρημένον
3468 2887 3629 2955 ὥσπερ
3652 2884 3748 2951 ἔχει.

2259 2983 2625 3055 Χρυσοὸέργῃ
2656 2984 2764 3051 γὰρ
2795 2982 2873 3052 τῷ
2910 2982 3041 3053 παρ’
3070 2983 3206 3051 ἐμοῦ
3244 2979 3581 3052 πρεσϐεύοντι
3608 2976 3749 3040 λόγους

577 3069 646 3123 ad
694 3082 755 3122 se
785 3070 977 3124 referri
1022 3070 1308 3140 jusserint,
1344 3087 1455 3126 non
1486 3072 1590 3125 alia
1635 3072 1884 3141 probatio
1907 3073 2153 3140 require-

2258 3074 2517 3143 ἀναθήσω
2562 3076 2745 3138 τινὰς,
2792 3071 2921 3126 ὥστ’
2951 3072 3145 3134 αὐτοὺς
3194 3075 3359 3141 μόνος
3406 3070 3536 3140 μόνῃ
3580 3061 3751 3135 βασιλίδι

580 3171 690 3221 tur,
716 3174 822 3227 qua
851 3174 940 3213 me
978 3174 1168 3213 verum
1197 3160 1267 3214 de
1293 3161 1382 3215 illa
1405 3162 1614 3216 dixisse
1643 3164 2000 3231 cognoscatis.
2031 3161 2157 3217 ﬂmc

576 3249 816 3315 locutus,
861 3250 1026 3305 simul
1053 3266 1178 3305 eum
1205 3251 1310 3307 illis
1339 3252 1767 3323 Chrysobergetu
1813 3253 1998 3318 mittit,
2045 3253 2157 3307 die-

581 3342 685 3395 bus
735 3342 1046 3410 quindecim
1084 3343 1154 3398 ad
1200 3343 1612 3399 deliberandum
1664 3343 1978 3413 praeﬁnitis;
2029 3345 2155 3398 dein

578 3431 773 3486 Pheris
814 3433 1129 3501 praelectum
1159 3435 1431 3506 designat,
1459 3444 1517 3489 ct
1544 3436 1753 3490 Craletn
1788 3452 1883 3505 per
1911 3447 2156 3491 oratores

578 3523 805 3578 foederis
832 3526 1381 3598 juramentorumque
1421 3529 1712 3595 admonet;
1745 3544 1805 3582 se
1830 3544 1893 3583 ea
1935 3545 2156 3585 servare

579 3615 764 3675 docet,
793 3615 910 3683 ipse
939 3630 1011 3669 ne
1036 3616 1223 3680 violet,
1252 3625 1405 3686 rogat
1438 3636 1453 3671 :
1480 3617 1578 3671 sed
1601 3633 1630 3670 a
1663 3617 2016 3672 Pheraeorum
2043 3619 2154 3687 jam

579 3703 683 3756 sibi
714 3704 1018 3759 deditorum
1054 3709 1459 3777 Oppugnatione
1502 3709 1736 3774 desinat,
1779 3719 1835 3763 et
1881 3710 2024 3765 bello
2071 3720 2175 3765 at-‘

579 3795 840 3862 tenuatis,
864 3811 961 3865 pro
991 3812 1058 3852 eo
1085 3815 1151 3852 ac
1178 3800 1373 3868 possit,
1402 3801 1699 3870 opituletur
1729 3818 1742 3855 :
1776 3801 2038 3856 Pheraeos
2059 3817 2157 3872 spe

583 3885 724 3941 bona
767 3889 977 3957 implet,
1021 3891 1151 3945 dum
1203 3906 1263 3947 se
1312 3892 1466 3947 brevi
1503 3896 1573 3949 ad
1622 3908 1717 3949 eos
1760 3904 2071 3960 venturum,
2103 3902 2158 3947 et

579 3989 852 4048 quatenus
883 3983 1202 4055 indigeant,
1249 3986 1316 4041 iis
1354 3988 1731 4042 consulturum
1779 3988 2032 4056 spondet.
2063 3990 2159 4040 At-

579 4090 688 4144 que
724 4091 848 4131 cutn
900 4079 1001 4132 hac
1050 4082 1346 4149 sponsione
1386 4091 1442 4136 et
1488 4083 1607 4136 illos
1649 4081 1858 4152 legatos
1905 4081 2155 4149 dimittit.

583 4166 862 4222 Momitzili
879 4180 1058 4223 autem
1076 4171 1276 4224 milites
1293 4173 1390 4226 abe
1399 4174 1618 4227 nutibus
1634 4183 2008 4237 occurrentes,
2032 4188 2155 4242 par-

582 4269 692 4314 tem
720 4274 913 4313 corum
949 4273 1229 4330 ceperunt,
1257 4278 1322 4317 ac
1356 4265 1517 4319 rebus
1545 4265 1736 4318 ablatis
1763 4273 1949 4332 postea
1981 4266 2157 4318 nudos

582 4352 953 4407 dimiserunt:
988 4369 1111 4424 pars
1161 4356 1330 4409 altera
1375 4355 1628 4411 omnibus
1674 4356 1881 4412 relictis
1922 4357 2155 4426 impedi-

583 4445 801 4506 mentis,
830 4460 956 4499 cum
986 4447 1071 4501 vix
1095 4447 1398 4517 cllugisset,
1428 4449 1493 4502 ad
1519 4449 1902 4513 imperatorem
1937 4462 2154 4503 reversa

580 4545 686 4590 est.
709 4536 877 4607 616
909 4538 1012 4602 Qui
1043 4539 1300 4608 majorem
1337 4542 1393 4593 in
1429 4539 1647 4593 modum
1682 4541 1927 4594 irascens
1952 4577 1967 4605 ,
2008 4543 2152 4608 quod

584 4629 736 4682 urbis
767 4628 1066 4698 periculum
1103 4630 1339 4695 videbat,
1371 4631 1648 4700 quomodo
1680 4630 1937 4701 injuriam
1983 4631 2156 4685 maxi-

583 4737 726 4777 mam
757 4738 788 4777 a
828 4722 1123 4779 Montitzilo
1164 4735 1583 4796 persequeretur
1615 4724 1913 4793 quaerebat.
1944 4720 2155 4793 Byzan-

584 4812 682 4866 tini
711 4812 875 4883 legati
905 4814 974 4868 ad
1019 4815 1317 4885 Augustam
1367 4817 1592 4880 reversi,
1627 4813 1985 4869 archontibus
2012 4814 2171 4885 lega--

578 4904 786 4960 tionem
828 4905 1231 4970 renuntiarunt,
1263 4919 1428 4978 atque
1473 4906 1638 4961 etiam
1681 4905 1889 4961 litteras
1923 4907 2157 4976 patriar-

582 4996 703 5059 cha
751 4997 1126 5053 reddiderunt.
1176 4998 1282 5064 Qui
1341 5015 1403 5052 se
1458 4998 1602 5053 felici
1649 5013 1809 5068 quem
1863 4998 2157 5069 sperabant

583 5102 838 5145 successu
864 5090 1152 5147 frustratos
1183 5092 1497 5147 doluerunt.
1535 5091 1962 5162 Cbrysobergem
1992 5106 2154 5161 porro

581 5182 902 5237 advocatum
955 5185 1383 5253 interrogaruut,
1433 5184 1476 5237 si
1522 5199 1660 5254 quos
1694 5184 1919 5239 nuntios
1967 5185 2153 5239 ferret.

585 5274 889 5345 Respondit
920 5274 1031 5340 ille,
1078 5276 1145 5331 de
1175 5278 1452 5331 communi
1490 5292 1684 5332 eorum
1724 5279 1993 5350 legatione
2041 5292 2154 5331 non

585 5368 706 5437 plus
735 5369 936 5424 habere
967 5383 1026 5424 se
1057 5370 1201 5439 quod
1228 5372 1526 5436 nuntiaret,
1551 5387 1713 5442 quam
1750 5372 1806 5427 in
1844 5370 2038 5426 litteris
2061 5385 2154 5439 po-

583 5459 748 5513 situm
800 5472 942 5516 esset
984 5479 998 5516 :
1050 5461 1341 5531 separatim
1384 5462 1604 5530 habere,
1650 5478 1771 5531 qua:
1821 5457 2153 5531 itnperatrici

585 5551 750 5614 dicat.
799 5568 918 5622 qum
961 5554 1146 5622 jussus
1192 5553 1262 5608 sit
1306 5553 1428 5621 soli,
1461 5558 1677 5609 nemine
1731 5554 1838 5608 alio
1889 5562 2154 5623 praesente

587 5643 790 5699 dicere.
841 5645 919 5698 llli
950 5645 1174 5713 instant,
1216 5657 1275 5700 ut
1306 5646 1409 5703 sibi
1443 5661 1508 5703 ea
1562 5662 1758 5702 arcana
1798 5648 2011 5718 detegat
2046 5664 2060 5697 :
2099 5655 2153 5700 et

2258 3167 2647 3234 ἀπαγγέλλειν,
2681 3165 2870 3237 ὥσπερ
2903 3165 3067 3218 εῐωθα
3099 3168 3195 3218 καὶ⁹
3232 3167 3492 3235 πρότερον
3522 3159 3680 3211 ποιεῖν.
3704 3151 3748 3204 Εἰ

2262 3258 2359 3327 μὲν
2396 3252 2490 3309 οὖν
2526 3255 2775 3309 ὑπδ’τῶν
2813 3258 3089 3327 ἀρχόντων
3122 3254 3287 3309 τοῦτο
3324 3257 3567 3325 πράττειν
3598 3259 3755 3314 συγχω-

2259 3349 2422 3419 ρηθῇ,
2465 3346 2688 3418 εὔδηλον
2731 3347 2805 3410 ὠς
2848 3349 3055 3413 ἔξεστιν
3097 3349 3239 3420 αὐτῇ
3282 3349 3533 3416 πράττειν
3566 3343 3676 3395 ista.
3706 3335 3751 3385 ἂν

2258 3443 2416 3514 ὲθέλῃ
2444 3459 2460 3475 ·
2490 3446 2554 3496 ἂν
2581 3442 2626 3496 δ’
2648 3441 2744 3512 ,ἐπ’
2767 3443 2944 3497 αὐτῶν
2977 3441 3244 3495 κελεύωσι
3274 3441 3400 3503 τοὺς
3430 3439 3600 3504 λόγους
3625 3434 3755 3490 ἀπατ-

2258 3536 2487 3604 γέὶ,λειν,
2509 3535 2776 3605 μηδεμίαν
2798 3535 2881 3587 ἑτέ
2892 3550 2990 3603 ραν
3011 3531 3286 3596 ἀπόδειξιν
3305 3531 3481 3599 ζητεῖν
3499 3525 3581 3577 τοῦ
3599 3514 3754 3586 τάληθῆ

2259 3628 2390 3699 περὶ
2421 3627 2592 3696 αὐτῆς
2624 3625 2894 3697 εἰρῆσθαι.
2928 3622 3163 3677 Τοιαῦτα
3196 3620 3388 3683 εἰπὼν,
3422 3615 3757 3679 συνεξέπεμπεν

2259 3721 2442 3784 αὐτοῖς
2466 3721 2583 3788 ἄμα
2609 3720 2702 3772 καὶ
2727 3718 2816 3771 τὸν
2839 3716 3258 3788 Χρυσοϐἐργην,
3283 3708 3645 3765 πεντεκαίδεκα
3665 3712 3759 3788 πρέ-

2260 3812 2490 3882 θεσμίοιν
2510 3786 2748 3880 Ῠὴμερῶν
2783 3786 2918 3879 πρὸς
2950 3808 3238 3875 διάσκεψιν
3269 3803 3462 3865 διδούς.
3496 3797 3695 3852 Ἐκεῖνος
3718 3786 3758 3839 δὲ

2256 3908 2503 3977 Φεραίου
2531 3922 2592 3957 τε
2623 3905 2857 3973 ἄρχοντα
2887 3904 3081 3971 ἐφίστη
3110 3941 3126 3967 ,
3160 3901 3259 3954 καὶΙ
3290 3894 3572 3968 πρεσόείαν
3596 3890 3756 3982 £3:st"

2259 4000 2397 4069 πρὸς
2426 3998 2651 4067 Κράλην
2669 4037 2684 4063 ν
2714 3998 2810 4049 καὶ
2839 3994 3229 4063 ὑπεμίμνησκε
3259 3991 3368 4044 τῶν
3395 3990 3562 4059 ὄρχων
3584 3984 3664 4034 καὶ
3683 3986 3759 4069 τον

2260 4091 2544 4162 συνθηκῶν
2565 4088 2673 4143 τῶν
2696 4088 2831 4158 πρὸς
2855 4088 3038 4141 αὐτόν.
3065 4080 3160 4147 Οἷς
3184 4085 3352 4146 αὐτὸς
3378 4080 3630 4151 ἐμμένων,
3650 4068 3759 4166 ἠξίον

2258 4184 2506 4235 κάκεῖνον
2531 4182 2604 4251 μὴ
2627 4180 2884 4243 διαλύειν,
2909 4178 3026 4231 ἀλλ’
3040 4180 3379 4246 ἀφίστασθαι
3421 4170 3639 4243 Φεραίων
3654 4165 3761 4224 αὑτίι)

2258 4272 2796 4344 προσχωρησάντων,
2827 4271 2921 4322 καὶ
2956 4271 3092 4339 μήτε
3123 4269 3416 4338 πολεμεῖν,
3446 4263 3571 4319 ἀλλὰ
3597 4258 3673 4311 καὶ
3692 4255 3759 4350 ὄσξ

2257 4365 2460 4419 δυνατὰ
2512 4363 2859 4434 συναίρεσθαι
2908 4362 3079 4414 πολλά
3126 4360 3536 4430 κεκακωμένοις
3580 4350 3665 4405 ὑπὸ
3697 4358 3761 4396 του

2260 4455 2497 4525 πολέμου
2518 4472 2533 4486 θ
2568 4454 2749 4517 αὐτοῖς
2780 4470 2840 4506 τε
2873 4452 3122 4522 Φεραίοις
3156 4451 3385 4512 ἐλπίδας
3419 4443 3645 4501 ὑπετίθει
3669 4449 3763 4525 {pti-

2259 4549 2546 4618 στοτέρας,
2581 4547 2656 4610 ὼς
2688 4547 2920 4615 τάχιστα
2952 4544 3285 4613 ἀφιξόμενος
3318 4539 3451 4610 παρ’
3474 4536 3673 4592 αὐτοὺς.
3699 4522 3764 4576 καὶ

2256 4639 2514 4709 προνοίας
2543 4639 2641 4706 τῆς
2679 4635 2904 4707 δεούσης
2939 4634 3209 4699 ἀξιώσων.
3241 4631 3486 4687 Τοιαῦτα
3526 4627 3612 4697 μὲν
3640 4624 3765 4709 ἐπαγ·

2256 4707 2577 4801 γὲιλάμενος
2608 4728 2884 4800 ἐξέπεμπε
2914 4729 3221 4791 κάκείνους.
3252 4727 3321 4780 Ol
3350 4728 3417 4779 εκ
3440 4722 3532 4777 τοῦ
3560 4707 3766 4785 Mopsii‘

2256 4826 2350 4879 λου
2375 4822 2679 4878 cumcum
2706 4823 3081 4893 συντυχόντες,
3107 4822 3237 4886 τοὺς
3264 4819 3370 4889 μὲν
3421 4817 3512 4870 καὶ
3535 4801 3769 4904 curvas?”

2255 4918 2457 4984 αύτιῖν,
2488 4917 2582 4981 οὒς
2615 4916 2842 4985 ὕστερον
2869 4915 3144 4970 ἀπέλυσαν
3174 4912 3422 4983 γυμνούς
3440 4927 3456 4942 ·
3486 4910 3533 4963 οἱ
3562 4904 3630 4965 δὲ.
3658 4898 3799 4972 μόλις.

2255 5009 2536 5079 διαῷᾶναι
2561 5008 2899 5074 δυνηθέντες,
2928 5004 3083 5067 abst;
3113 5004 3251 5074 πρὸς
3283 5001 3506 5072 βασιλέα
3534 4993 3768 5058 ἐπανῆκσί

2259 5105 2442 5158 πᾶσαν
2472 5102 2838 5163 ἀπολέσαντες
2871 5098 3203 5168 ἀποσκευὴν,
3236 5095 3329 5166 ἀφ’
3351 5089 3433 5159 οἷς
3464 5096 3594 5161 ἀγαν
3619 5081 3771 5154 ἤχθετο

2255 5194 2286 5247 ὁ
2313 5193 2560 5266 βασιλεὺς
2589 5191 2728 5264 ὁρῶν
2754 5191 2854 5260 τὴν
2880 5191 3033 5243 πόλιν
3059 5188 3500 5251 κινδυνεύουσαν,
3528 5181 3613 5234 καὶ
3633 5175 3772 5238 ﬁt?“

2256 5287 2403 5349 ὅπως
2444 5284 2703 5354 ἀμύνοιτο
2740 5282 3070 5353 Μομιτζίλον
3111 5282 3425 5352 βλάπτοντα
3462 5275 3528 5329 τά
3567 5270 3769 5354 Firmi?-

2258 5373 2321 5425 Οί
2360 5375 2425 5425 ὲκ
2465 5350 2759 5440 Βυζαντίου
2792 5350 2848 5423 δέ
2884 5350 3232 5441 πρεσϐευταὶ,
3253 5369 3381 5423 ἐπεὶ
3417 5366 3548 5435 πρὸς
3577 5350 3773 5451 βασιλίδα

2257 5464 2912 5534 ἐπανῆκονγάπήγγελλόν
2945 5480 3001 5517 τε
3035 5467 3146 5526 τοῖς
3188 5462 3426 5533 ἄρχουσι
3458 5457 3526 5510 τά
3565 5450 3675 5517 περὶ
3700 5453 3773 5507 ﬁl;

2258 5555 2547 5626 πρεσϐείας
2570 5595 2584 5617 ,
2618 5557 2709 5606 καὶ
2743 5554 2809 5605 τά
2842 5553 2976 5622 πρὸς
3010 5553 3360 5623 πατριάρχην
3391 5549 3673 5619 γράμματα
3699 5546 3775 5583 πε·

2261 5646 2520 5715 ρείχοντοι
2566 5647 2627 5698 υἱ
2689 5644 2743 5697 δὲ
2785 5638 3014 5715 ἤχθοντο
3058 5646 3427 5713 ἀποτυχόντες
3467 5637 3541 5695 ὧν
3574 5626 3770 5699 ἐνόμιξίν
