4066 6298
307 311 436 390 1161

1435 311 1982 374 ΗῙΞΤΟΒΙΑΒΗΜ
2025 313 2263 375 LIBER
2302 315 2418 377 III.

3416 319 3553 388 1162

301 424 751 496 κατωρθωκέναι.
789 423 1295 494 Ἀιῐεταπεμψάμενοι
1333 423 1388 477 δὲ
1429 428 1521 478 καὶ
1565 425 1851 497 Χρυσοϐέρ

1991 443 2050 482 ne
2082 427 2261 496 inepte
2302 435 2556 497 conetur,
2604 430 2746 500 quod
2790 429 3022 485 obtineri
3073 447 3184 486 non
3236 434 3431 502 possit.
3479 437 3559 491 Eo

298 534 406 588 γην
429 517 679 587 ἠρώτων,
710 518 836 570 εἴτι
863 518 1232 586 ἀπαγγέλλειν
1261 517 1395 588 ἔχει.
1428 519 1486 571 Ὀ
1515 519 1592 584 δέ,
1621 519 1749 591 περὶ
1778 520 1876 589 μέν

298 610 396 676 ’.τῆς
425 608 613 676 κοινῆς
639 607 740 677 ἔφη
770 606 1070 678 πρεσϐείας
1095 608 1248 660 οὐδὲν
1271 607 1417 677 ἐχειν
1447 609 1608 662 πλέον
1632 608 1742 662 τῶν
1766 611 1877 672 τοῖς

300 703 622 771 γράμμασιν
665 699 1138 769 ἐγγεγραμμένων
1179 699 1568 768 ἀπαγγέλλειν.
1603 700 1731 771 ’ἰδία
1756 702 1880 770 μέν-

299 808 381 844 τοι
417 792 551 860 πρὸς
584 791 829 859 βασιλίδα
860 792 1050 859 λόγους
1080 792 1231 854 τινὰς
1261 791 1426 862 ἔχειν,
1459 791 1552 856 οὒς
1584 793 1877 863 ἐκελεύσθη

306 883 532 950 μηδενὸς
577 882 765 949 ἐτέρου
810 882 1113 952 παρόντος,
1153 882 1289 954 πρὸς
1333 882 1503 952 μόνην
1539 882 1754 952 ἐκείνην
1787 882 1878 935 λέ-

301 991 442 1042 γειν.
485 975 548 1026 0i.
593 974 636 1026 δ’
667 975 946 1039 ἐκέλευον,
986 973 1169 1041 λέγειν
1212 973 1352 1044 πρὸς
1394 973 1621 1039 αὐτοὺς,
1665 975 1759 1028 καὶ
1805 975 1880 1046 μὴ

300 1064 508 1135 ληρεῖν,
541 1066 776 1119 ἀδύνατα
808 1066 1080 1132 ἀξιοῦντα.
1115 1066 1223 1120 Τοῦ
1266 1067 1323 1119 δὲ
1379 1067 1548 1137 μηδὲν
1599 1067 1678 1138 τῷ
1711 1069 1881 1137 ἐτέρῳ

301 1158 537 1222 ἐξειπεῖν
578 1158 644 1214 ἂν
685 1158 1191 1230 διῖσχυριξομένου,
1239 1161 1500 1230 ἠπείλουν
1549 1162 1879 1231 μαστιγοῦν,

302 1237 398 1304 καὶ
449 1250 654 1322 ἐκφορα
704 1253 772 1306 τά
819 1254 1109 1326 ἀπόρρητα
1155 1257 1330 1308 ποιεῖν
1377 1255 1878 1325 προσαναγκάσειν.

306 1346 403 1407 Ὦς
445 1344 502 1396 δέ
543 1344 699 1397 οὐδὲν
741 1344 973 1398 ἐνεδίδου
1022 1346 1158 1415 πρὸς
1199 1347 1300 1409 τὰς
1345 1347 1599 1412 ἀπειλὰς,
1645 1348 1739 1400 καὶ
1783 1349 1883 1411 τὰς

303 1434 522 1502 πληγὰς
560 1435 788 1504 ἐπῆγον.
829 1431 887 1489 ’0
924 1433 968 1488 δ’
995 1435 1149 1490 οὐδὲν
1179 1431 1342 1507 ἦττον
1375 1438 1612 1507 ἔφασκεν
1643 1439 1886 1508 ἀποκρύ-

298 1523 424 1590 ψειν
472 1522 538 1576 ἄν
588 1526 681 1576 καὶ
728 1525 1010 1596 δεινότερα
1055 1527 1351 1597 τολμῶσιν.
1400 1529 1593 1583 Εἰδὸτα
1642 1530 1752 1599 γὰρ
1797 1527 1887 1586 οἷα

303 1614 443 1684 πρὸς
473 1615 717 1685 Βρουλᾶν
741 1616 842 1686 τῆς
873 1617 1096 1688 εἰρήνης
1127 1618 1295 1674 ἕνεκα
1327 1623 1594 1692 πρότερον
1620 1623 1888 1692 τετόλμη-

300 1722 394 1758 ται
428 1706 648 1760 ἐλθόντα
670 1746 685 1772 ,
717 1707 889 1772 οὕτως
912 1711 1070 1781 ἥκειν
1102 1715 1620 1783 παρεσκευασμένον
1642 1714 1748 1778 ,ὡς
1784 1715 1888 1768 πᾶ-

303 1813 407 1849 σαν
430 1799 642 1852 οἴσοντα
668 1802 912 1856 κάκωσιν
937 1804 1031 1856 καὶ
1057 1807 1365 1875 παροινίαν.
1388 1806 1449 1880 _'0
1477 1805 1578 1876 μὲν
1598 1803 1692 1861 οὖν
1711 1807 1886 1870 οὕτως
1918 1779 1960 1837 Β

301 1889 576 1960 ἀπτδητος
600 1892 800 1960 ὡρᾶτο,
829 1895 924 1947 καὶ
949 1894 1086 1965 πρὸς
1111 1897 1409 1969 καρτερίαν
1432 1899 1888 1970 παρεσκευασμέ-

300 1999 394 2043 νος
428 1982 536 2036 τῶν
569 1985 780 2042 δεινῶν.
814 1989 882 2042 Οἱ
917 1988 963 2041 δ’
987 1990 1110 2043 ἐπεὶ
1141 1990 1330 2062 ἐώρων
1363 1991 1648 2054 ἀδυνάτοις
1682 1993 1889 2061 ἐπιχει-

302 2075 566 2144 ροῦντες,
605 2079 776 2133 πο).λά
813 2081 896 2144 είς
936 2083 1101 2136 αὑτὸν
1135 2086 1230 2136 καὶ
1264 2083 1355 2136 τὸν
1392 2083 1696 2153 πέμψαντα
1733 2083 1888 2154 ὑϐρί-

301 2184 522 2234 σαντες,
573 2169 764 2226 ἐπειτα
816 2172 1112 2244 ἐξήλαυνον
1158 2177 1259 2246 τῆς
1309 2175 1538 2241 πόλεως,
1575 2175 1888 2246 αὐθημερὸν

1982 527 2353 581 asseverante,
2380 520 2514 574 nulli
2543 521 2698 576 alteri
2743 522 3176 587 enuntiaturum,
3212 521 3436 594 ﬂagellis
3469 541 3560 582 se-

1983 619 2128 664 creta
2160 609 2246 664 illa
2268 626 2632 682 expressuros
2660 613 3098 668 interminantur.
3124 613 3258 670 Cum
3288 615 3354 670 ad
3386 617 3563 671 minas

1983 709 2153 754 staret
2189 701 2611 769 imperterritus,
2647 703 2828 773 plagas
2864 704 3159 759 incutiunt.
3193 705 3242 760 Is
3275 706 3562 761 nihilomi-

1984 806 2105 855 nus,
2156 792 2404 861 quamvis
2443 794 2718 849 acerbiora
2765 796 3051 862 auderent,
3095 811 3154 852 se
3196 812 3393 851 arcana
3421 797 3566 851 cela-

1990 895 2168 939 turum
2202 885 2511 942 afﬁrmabat
2538 905 2551 940 :
2581 887 2962 958 scientemque
2986 889 3156 960 prob'e
3189 905 3309 960 quae
3331 890 3386 943 in
3422 890 3568 944 Bru-

1984 977 2093 1030 Iam
2132 978 2200 1032 de
2231 993 2361 1047 pace
2406 977 2638 1051 legatum
2672 988 2830 1035 antea
2881 981 3279 1053 designassent,
3317 983 3384 1036 ad
3431 997 3567 1051 qua-

1987 1070 2313 1140 Iemcunqne
2386 1086 2577 1126 eorum
2659 1073 3004 1129 vexationem
3091 1073 3565 1144 petulantiamque

1986 1159 2354 1217 suiferendam
2396 1173 2708 1234 promptum
2763 1174 2816 1219 et
2858 1165 3094 1219 alacrem
3139 1165 3347 1220 venire.
3391 1165 3568 1237 Chry-

1987 1254 2246 1326 soberges
2279 1255 2414 1310 adeo
2437 1255 2746 1327 intrepidus
2799 1265 2856 1311 et
2904 1256 2970 1311 ad
3015 1256 3300 1311 horribilia
3337 1273 3569 1328 quzeque

1985 1345 2305 1415 excipienda
2318 1356 2540 1416 paratus
2555 1357 2692 1402 erat.
2706 1347 3013 1403 Archontes
3034 1359 3091 1403 ut
3110 1349 3164 1402 in
3182 1363 3306 1404 aere
3323 1364 3380 1404 se
3397 1349 3570 1419 pisca-

1986 1433 2033 1486 ri
2056 1433 2328 1498 viderunt,
2360 1435 2559 1505 ipsum,
2591 1445 2647 1491 et
2671 1451 2824 1506 aquo
2838 1438 3113 1502 veniebat,
3139 1438 3322 1493 multis
3354 1440 3569 1511 probris

1990 1513 2379 1580 conSeiderunt
2405 1545 2418 1581 :
2445 1527 2780 1599 homineque
2797 1529 2989 1583 eodem
3022 1529 3109 1584 die
3131 1530 3355 1585 civitate
3386 1530 3569 1601 pulso,

1987 1617 2058 1672 de
2108 1631 2175 1671 eo
2219 1617 2396 1687 legato
2447 1619 2593 1688 apud
2649 1619 3054 1689 impcratricem
3101 1637 3170 1676 ne
3237 1621 3574 1677 mutiverunt

1990 1709 2229 1779 quidem.
2281 1710 2374 1765 Ille
2419 1711 2486 1765 ad
2521 1712 2906 1782 imperatorem
2958 1728 3232 1778 reversus,
3291 1714 3419 1782 quid
3463 1715 3569 1771 sibi

1987 1803 2273 1858 accidisset
2292 1803 2552 1859 narravit.
2585 1803 2688 1870 Qui
2712 1807 2860 1874 pacis
2890 1821 2985 1876 spe
3005 1805 3270 1876 proiecta,
3298 1807 3570 1863 Garellam

1985 1911 2112 1950 eum
2151 1896 2322 1966 COpIIS
2363 1897 2520 1966 abiit,
2549 1898 2706 1967 cujus
2757 1899 3049 1969 praefectus
3093 1899 3572 1971 Contostepbanus

1985 2002 2095 2042 non
2127 1987 2398 2042 illibenter
2428 1990 2478 2042 ei
2512 2004 2572 2044 se
2601 2005 2724 2044 cum
2759 1991 2958 2061 oppido
2987 1991 3208 2047 tradidit
3238 2032 3253 2058 ,
3289 1993 3344 2047 in
3380 2008 3489 2063 quo
3518 2003 3574 2047 et

1985 2077 2224 2134 Joannes
2256 2079 2660 2137 Cantaholcnus
2707 2098 2847 2136 unus
2889 2098 2919 2138 e
2959 2084 3270 2144 domesticis
3311 2087 3571 2153 Augusta:

1987 2169 2258 2224 ministris
2290 2171 2558 2226 adductus
2590 2183 2694 2228 est.
2729 2174 2900 2240 Quem
2935 2176 3141 2240 subito,
3174 2176 3321 2230 nulla
3353 2191 3411 2230 re
3443 2191 3571 2246 spo-

302 2260 513 2329 μηδένα
542 2264 670 2332 περὶ
697 2262 797 2333 τῆς
826 2266 1119 2336 πρεσϐείας
1147 2268 1302 2337 λόγον
1327 2269 1708 2338 ποιησάμενοι.
1741 2267 1801 2322 'U
1826 2267 1884 2321 δέ

1991 2261 2200 2326 liatum,
2225 2263 2544 2334 Byzantium
2563 2265 2804 2330 mittens,
2826 2283 3042 2322 rursum
3075 2279 3228 2339 rogat
3257 2268 3456 2323 bellum
3485 2283 3572 2323 se-

299 2354 445 2424 πρὸς
495 2354 722 2424 βασιλέα
771 2359 839 2414 τὰ
893 2362 1238 2433 γεγενημένα
1292 2362 1637 2433 ἀπήγγελλεν
1691 2361 1883 2415 ἐλθών.

1992 2356 2131 2422 dari,
2165 2367 2220 2411 et
2258 2373 2326 2413 ne
2357 2373 2453 2429 per
2485 2370 2734 2414 mutuam
2770 2375 2960 2415 eorum
3019 2361 3430 2416 contentionem
3465 2360 3572 2414 Ro~

298 2447 576 2511 Κάκεῖνος
622 2449 724 2519 ήδη
767 2451 868 2522 τὴν
912 2453 1138 2524 εἰρήνην
1181 2455 1476 2522 ἀπογνοὺς,
1525 2455 1886 2525 ἐστράτευσεν

1995 2450 2141 2504 mani
2177 2450 2393 2506 damnis
2434 2460 2742 2508 mactentur
2780 2454 3252 2525 irreparabilibus.
3300 2453 3571 2510 Caeterum

299 2536 400 2589 ἐπὶ
445 2537 740 2608 Γαρέλλαν.
784 2543 1225 2613 Κοντοστέφανος
1267 2546 1324 2598 δέ
1364 2548 1392 2600 ὁ
1429 2548 1633 2618 ταύτης
1671 2547 1876 2616 ἄρχων,

1991 2542 2295 2614 patriarcha
2323 2552 2376 2598 et
2411 2544 2601 2615 reliqui
2641 2546 2866 2610 bellum,
2917 2556 2975 2602 ut
3014 2563 3250 2618 semper,
3277 2547 3571 2602 malebant.

295 2632 730 2704 προσεχώρησεν
767 2635 911 2690 ἐκὼν
941 2637 1016 2707 τῷ
1051 2637 1299 2708 βασιλεῖ,
1333 2640 1427 2694 καὶ
1464 2640 1753 2709 παρέδωκε
1785 2638 1886 2710 τὴν
1925 2638 2083 2692 πόλιν
2107 2655 2121 2668 ·
2150 2638 2208 2690 ἐν
2300 2637 2395 2691 καὶ⁸
2423 2638 2804 2709 Καταόοληνὸς
2865 2641 3118 2711 Ἰωάννης
3147 2645 3283 2712 πρὸς
3347 2642 3575 2712 βασιλέα

297 2723 486 2796 ἤχθη.
522 2729 635 2782 τῶν
704 2732 933 2786 οἰκετῶν
1001 2733 1100 2803 τῆς
1140 2735 1414 2804 βασιλίδος
1453 2734 1548 2788 ὢν.
1583 2737 1680 2789 Ὃν
1714 2735 1960 2806 ἔπεμπεν
2001 2734 2081 2798 είς
2117 2732 2408 2796 Βυζάντιον
2442 2733 2664 2802 αὐτίκα,
2705 2736 2932 2806 μηδενὸς
2978 2730 3054 2790 ὧν
3089 2735 3232 2808 εἶχεν
3264 2742 3576 2810 ἀποστερη-

297 2817 683 2891 θέντα,ὴξέου
730 2841 788 2903 τε
836 2821 992 2890 αὖθις
1038 2827 1407 2884 καταλύεσθαι
1453 2829 1545 2883 τὸν
1592 2829 1848 2900 πόλεμον,
1889 2831 1982 2883 καὶ
2038 2828 2113 2898 μὴ
2169 2827 2257 2881 διὰ
2285 2830 2384 2899 τὴν
2448 2829 2584 2898 πρὸς
2613 2829 2874 2899 ἀλλήλους
2904 2830 3084 2884 αὐτῶν
3150 2832 3480 2900 φιλονεικίαν
3509 2817 3579 2888 τά

301 2913 586 2983 ἀνήκεστα
626 2919 774 2974 δεινὰ
811 2923 1116 2994 Ῥωμαίους
1159 2924 1474 2995 ὑπομένειν.
1521 2926 1878 2998 Πατριάρχης
1950 2925 2009 2979 δὲ
2049 2925 2143 2978 καὶ
2185 2926 2236 2976 οί
2316 2926 2496 2978 λοιποὶ
2549 2925 2702 2980 οὐδὲν
2763 2922 2925 2998 ἦττον
2966 2928 2998 2998 ἢ
3044 2929 3309 3000 πρότερον
3347 2931 3578 3002 ᾑροῦντο

306 3010 441 3062 πολε
451 3016 592 3082 μεῖν.

1678 3136 1910 3194 CAPUT
1953 3137 2188 3192 LXXVI.

303 3247 548 3327 Castalio
589 3251 1000 3327 dedita._Causa
1028 3255 1328 3327 defectionis
1359 3263 1410 3309 et
1441 3256 1719 3311 deditionis
1748 3255 2009 3312 Batatzw.
2044 3258 2414 3312 Remuneratio
2460 3255 2602 3327 illius
2631 3262 2679 3307 et
2701 3265 3071 3327 cognatorum.
3101 3255 3315 3311 Sullani
3342 3265 3576 3327 satrapa:

385 3318 749 3397 beneﬁcentia.
783 3318 1127 3397 Consuetudo
1161 3327 1381 3397 diliculo
1407 3327 1729 3397 prandendi.
1762 3328 1954 3382 Chares
1983 3331 2116 3397 cives
2152 3338 2306 3381 terra:
2334 3335 2476 3379 motu
2505 3325 2571 3397 ob‘
2598 3318 3020 3379 maledicentiam
3068 3329 3380 3397 puniuntur.
3420 3318 3577 3397 Igno-

384 3392 552 3466 scitur
580 3390 742 3466 iis.o_b
776 3394 1119 3461 imperatore.
1146 3396 1286 3450 Muri
1311 3390 1501 3450 eam
1527 3396 1945 3464 rea'diﬁcantur.
1983 3396 2217 3451 Studiosi
2259 3393 2598 3466 imperatoris
2642 3390 3095 3462 exterminantur',
3141 3406 3189 3452 et
3237 3401 3307 3451 ad
3335 3390 3576 3466 impcra-

389 3463 568 3514 tricem
603 3463 821 3516 reditur.

388 3607 652 3671 Βασιλεὺς
687 3607 743 3662 δέ
781 3611 875 3663 καὶ
904 3609 1004 3680 τὴν
1038 3612 1281 3682 μεγάλην
1313 3606 1424 3665 εἷλε
1463 3613 1691 3684 Καρύαν
1728 3613 1890 3683 φρού-

2071 3611 2369 3679 Imperator
2403 3609 2687 3666 castellum
2732 3609 3002 3680 quoddam
3057 3625 3307 3682 magnam
3341 3611 3573 3684 Caryam

303 3702 433 3775 ριόν
482 3719 535 3755 τι
585 3701 866 3773 ὁμολογίᾳ.
917 3702 1086 3757 Ἔνθα
1137 3705 1467 3776 διατρίϐοντι
1535 3707 1628 3759 καὶ
1681 3723 1893 3779 πρωτοο

309 3795 552 3867 κυνηγὸς
597 3797 624 3848 ὁ
671 3795 951 3864 Βατάτζης
996 3796 1388 3869 προσεχώρησε
1435 3799 1573 3868 μετά
1610 3799 1720 3852 τῶν
1763 3815 1892 3867 συγ-

306 3890 489 3957 γενῶν
513 3889 680 3941 δντων
709 3887 810 3941 οὐκ
859 3889 1058 3956 ὀλίγων
1080 3906 1093 3920 ·
1130 3891 1225 3944 καὶ
1251 3892 1370 3942 τότε
1441 3890 1743 3943 Πολύϐοτον
1796 3892 1892 3943 πό-

305 3981 399 4033 λιν
428 3978 707 4052 Θρᾳκικὴν
738 3977 844 4032 ὑπὸ
871 3979 979 4032 τῶν
1011 3980 1290 4048 συγγενῶν
1314 3981 1687 4050 κατεχομένην
1720 3995 1892 4049 προσ-

305 4070 421 4141 ῆγε
473 4069 701 4140 βασιλεῖ,
732 4071 824 4124 καὶ
855 4072 1184 4140 Τηρὲστασιν
1215 4073 1275 4125 τὸ
1325 4071 1584 4142 φρούριον
1612 4071 1640 4125 ὃ
1697 4071 1892 4142 πρότε-

309 4181 413 4235 ρον
447 4164 628 4229 αὐτὸς,
663 4163 743 4218 ἐτι
768 4164 1030 4238 βασιλέως
1073 4163 1414 4238 Ἀνδρονίκου
1455 4165 1775 4233 περιόντος,
1810 4167 1888 4217 ol-

307 4256 488 4319 κσίοις
513 4256 865 4328 ἀναλώμασιν
895 4256 1192 4327 ἐτείχισεν·
1225 4257 1428 4326 ἔφασκέ
1462 4273 1516 4309 τε
1569 4257 1643 4318 ὤς
1698 4257 1756 4309 ἐν
1791 4253 1890 4326 μὲν

307 4347 438 4408 ταῖς
467 4345 663 4416 ἀρχαῖς
687 4345 782 4399 τοῦ
810 4345 1052 4416 πολέμου
1085 4346 1342 4416 μάλιστα,
1373 4345 1601 4414 νομίσας
1630 4347 1756 4416 περὶ
1803 4345 1894 4417 βα-

314 4433 476 4490 σιλέα
505 4435 980 4507 ὴγνωμονηκέναι,
1015 4436 1109 4492 καὶ
1134 4439 1247 4500 τοῖς
1272 4437 1482 4491 ἐκείνου
1533 4439 1721 4491 παισὶν
1777 4436 1894 4491 ἀδί-

310 4543 432 4590 κως
486 4527 879 4594 ἐπιϐουλεύειν,
955 4530 1049 4582 καὶ
1103 4528 1492 4600 παραιρεῖσθαι
1537 4526 1636 4600 τὴν
1690 4529 1889 4600 ἀρχὴν,

310 4619 622 4689 ἀποστῆναί
656 4637 715 4673 τε
745 4619 910 4674 αὑτοῦ
963 4621 1051 4674 διὰ
1071 4620 1182 4675 τῶν
1216 4621 1590 4692 νομιζομένων
1655 4620 1890 4687 ἀδικίαν,

312 4710 418 4763 καὶ
449 4711 706 4779 πολεμεῖν
734 4712 922 4783 ἁπάσῃ
947 4712 1197 4782 δυνάμειο
1222 4712 1317 4766 τοῦ
1383 4713 1579 4784 χρόνου
1621 4713 1677 4766 δέ
1709 4713 1894 4783 τριϐο-

315 4801 488 4871 μένου
519 4803 611 4855 καὶ
648 4803 756 4854 τῶν
796 4801 1084 4873 Ῥωμαίων
1119 4804 1504 4873 ἀπολλυμένων
1533 4804 1741 4867 ἀκλεῶς
1789 4803 1895 4857 ὑπὸ

309 4889 416 4944 τοῦ
447 4891 706 4960 πολέμου,
742 4891 883 4960 ὀρῶν
908 4891 982 4955 ὡς
1014 4893 1224 4964 βασιλεῖ
1249 4894 1346 4963 μὲν
1387 4894 1454 4946 τά
1476 4911 1534 4947 τε
1602 4893 1894 4962 Ῥωμαίοις

1993 3703 2271 3758 deditione
2344 3700 2602 3771 acquirit.
2649 3701 3062 3767 Itlic_,versanti
3137 3712 3193 3758 et
3248 3715 3574 3760 venatorum

1993 3795 2244 3864 princeps
2275 3792 2521 3848 Batatzes
2544 3808 2666 3848 cum
2699 3795 2942 3864 cognatis
2970 3793 3134 3863 617
3161 3809 3270 3847 non
3300 3795 3490 3864 paucis
3517 3811 3576 3851 se

1993 3885 2242 3956 permisit
2273 3906 2284 3939 :
2317 3893 2372 3939 et
2414 3883 2736 3954 Polybotum
2771 3885 2960 3938 urbem
2991 3883 3279 3938 Thraciam
3314 3900 3344 3938 a
3376 3900 3569 3941 neces-

1993 3977 2152 4033 sariis
2201 3976 2314 4030 suis
2351 3983 2691 4043 occupatam,
2722 3974 2774 4028 in
2811 3975 3056 4045 ejusdem
3093 3974 3254 4030 ﬁdem
3289 3977 3518 4032 adduxit
3554 3999 3566 4032 :

1992 4065 2360 4123 etTeristasin
2393 4064 2734 4135 oppidulum,
2752 4067 2895 4136 quod
2927 4066 3043 4136 ipse
3075 4067 3228 4135 prius
3249 4067 3568 4138 imperamr,

1992 4157 2116 4212 vivo
2144 4155 2476 4219 Andronico,
2507 4169 2606 4210 suo
2653 4164 2868 4225 sumptu
2911 4156 3082 4211 muris
3114 4157 3570 4214 circumdederat.

1995 4249 2095 4304 IIic
2133 4248 2381 4303 Batatzes
2417 4246 2709 4312 fatebatur,
2756 4263 2815 4303 se
2864 4249 2918 4303 in
2958 4249 3257 4320 primordio
3296 4249 3425 4306 belli
3463 4251 3570 4305 hu-

1991 4341 2100 4411 jus,
2133 4356 2258 4396 cum
2290 4349 2506 4409 putaret
2551 4355 2675 4395 cum
2713 4341 2768 4395 in
2809 4345 3191 4411 imperatorem
3221 4340 3570 4400 demortuum

1995 4449 2116 4489 esse
2145 4431 2600 4504 ingratissimum,
2631 4441 2683 4486 et
2706 4432 2825 4502 ejus
2855 4432 2978 4487 ﬁliis
3005 4434 3266 4490 scelerate
3301 4434 3572 4498 insidiari.

1997 4529 2170 4598 iisque
2221 4527 2509 4597 imperium
2570 4527 2816 4597 eripere,
2859 4542 2918 4582 se
2961 4529 3031 4583 ab
3077 4543 3143 4584 eo
3193 4528 3478 4594 defecisse,
3518 4539 3574 4582 et

1997 4627 2187 4672 contra
2215 4626 2477 4686 quantum
2515 4616 2776 4672 valuisset
2799 4614 3146 4688 pugnavisse.
3181 4616 3450 4686 Tempore
3479 4632 3574 4670 au-

2000 4720 2107 4766 tem
2139 4710 2375 4774 labente,
2406 4719 2461 4764 et
2492 4707 2754 4763 Romanis
2783 4709 2927 4762 nulla
2965 4723 3086 4763 cum
3124 4707 3282 4763 laude
3314 4707 3456 4762 bello
3488 4707 3573 4759 in-

1998 4800 2494 4863 tereuntibus,cum
2528 4799 2865 4862 observaret,
2886 4797 2988 4867 ipsi
3017 4813 3338 4852 communes
3371 4797 3572 4851 Itoma-

2001 4908 2193 4947 norum
2247 4901 2303 4946 et
2328 4891 2625 4946 liberorum
2672 4890 3018 4962 imperatoris
3052 4891 3291 4944 rationes
3319 4890 3467 4944 cordi
3512 4906 3574 4944 ac

311 4984 476 5052 κοινῇ
506 4984 840 5050 συνοίσοντα,
889 4986 984 5037 καὶ
1044 4986 1156 5048 τοῖς
1210 4985 1474 5054 βασιλέως
1534 4985 1890 5048 σπουδάζεται

2001 4983 2180 5038 studio
2216 4999 2368 5050 esse;
2402 4981 2661 5053 praefecto
2706 4993 2886 5038 autem
2931 4981 3206 5044 cubiculi,
3257 4991 3311 5036 et
3336 4981 3480 5046 aliis,
3519 4981 3574 5034 iu

312 5077 501 5142 παισὶ,
569 5079 1053 5147 παρακοιμωμένῳ
1109 5076 1166 5130 δέ
1218 5075 1334 5130 καῖ’
1372 5079 1482 5140 τοῖς
1535 5077 1716 5141 ἄλλοις
1786 5081 1896 5141 τοῖς

312 5168 516 5234 ἄγουσι
544 5169 649 5223 τῶν
707 5168 996 5237 Ῥωμαίων
1047 5169 1146 5238 τὴν
1196 5169 1517 5239 ἡγεμονίαν,
1577 5171 1730 5223 οὐδέν
1780 5172 1893 5224 ἐστι

312 5256 626 5326 προύργου,
658 5259 690 5330 ἢ
723 5261 928 5322 πάντας
959 5260 1376 5332 διαφθείραντας
1422 5263 1661 5326 ἐκείνους
1683 5262 1893 5332 ἄρχειν,

315 5347 590 5418 βασιλέως
625 5351 682 5403 δέ
711 5349 805 5404 τοῦ
837 5352 1022 5417 παιδὸς
1049 5352 1225 5422 ὀλίγα,
1251 5353 1283 5424 ἢ
1309 5353 1458 5406 οὐδὲν
1487 5352 1891 5424 φροντίζοντας,

311 5442 418 5494 καὶ
453 5441 549 5510 τῆς
586 5443 694 5496 τῶν
725 5443 900 5497 ἄλλων
951 5446 1244 5518 σωτηρίας,
1283 5444 1506 5499 συνιδών
1561 5464 1620 5499 τε
1673 5447 1735 5499 ἐκ
1785 5446 1894 5499 τῶν

310 5533 645 5602 γινομένων,
681 5535 756 5598 ὡς
816 5537 1014 5589 ἐκεῖνοι.
1076 5537 1308 5590 ἀδικοῖεν
1371 5538 1462 5590 καὶ
1531 5537 1894 5605 διαφθείροιεν

313 5623 626 5695 φαυλότητι
653 5627 872 5695 τρόπων
899 5627 999 5696 τὴν
1021 5628 1194 5698 ἀρχὴν
1231 5628 1542 5699 Ῥωμαίων,
1589 5627 1894 5696 ἀποστῆναί

315 5731 382 5768 τε
413 5716 656 5781 ἐκείνων,
683 5717 778 5768 καὶ
831 5719 1225 5788 προσχωρῆσαι
1257 5720 1486 5790 βασιλεῖ·
1509 5722 1682 5775 καίτοι
1710 5737 1771 5788 γε
1800 5736 1897 5788 μι-

611 5811 883 5870 ΡΑτιιοι..
922 5813 1038 5872 (in.
1073 5811 1280 5873 CLIII.

1997 5090 2230 5144 quorum
2265 5090 2426 5128 manu
2457 5084 2603 5130 esset
2630 5075 2941 5144 imperium,
2974 5073 3106 5126 nihil
3132 5087 3254 5128 esse
3287 5081 3393 5126 tam
3420 5081 3567 5142 opta-

2000 5173 2136 5230 tum,
2176 5181 2336 5235 quam
2381 5174 2442 5219 ut
2480 5166 2677 5220 occisis
2707 5166 2962 5220 omnibus
2992 5164 3092 5234 ipsi
3129 5173 3441 5236 regnarent,
3473 5165 3577 5217 im-

1997 5259 2267 5326 peratoris
2319 5272 2451 5310 vero
2501 5257 2657 5326 pueri
2705 5266 2760 5310 et
2816 5267 3137 5313 caeterorum
3187 5258 3420 5312 salutem
3479 5273 3574 5312 eos

1996 5349 2144 5419 parvi
2177 5357 2269 5402 aut
2302 5347 2457 5401 nihili
2493 5348 2731 5416 pendere
2763 5368 2774 5400 :
2802 5363 2925 5403 cum
2971 5348 3101 5402 item
3132 5363 3196 5401 ex
3230 5349 3385 5404 factis
3415 5357 3575 5402 nota-

2001 5452 2101 5502 ret,
2129 5454 2250 5493 esse
2293 5437 2540 5492 homines
2577 5438 2870 5504 improbos,
2901 5447 2956 5492 et
2981 5439 3289 5506 ivitiositate
3323 5454 3418 5493 sua
3466 5442 3574 5492 im-

1999 5530 2210 5602 perium
2244 5528 2549 5583 Romanum
2582 5529 2832 5598 perdere,
2863 5529 2931 5582 ab
2964 5529 3071 5582 illis
3097 5527 3163 5582 ad
3194 5529 3368 5600 ipsum
3396 5539 3575 5583 trans-

1999 5623 2164 5687 iisse,
2233 5621 2483 5691 quamvis
2545 5635 2738 5675 causas
2785 5620 2918 5688 ipsis
2967 5621 3219 5675 studendi
3271 5637 3380 5676 non
3425 5622 3574 5680 leves

2000 5718 2248 5772 hiberet.
2277 5712 2412 5768 Nam
2443 5722 2496 5767 et
2525 5713 2634 5769 ﬁlio
2658 5729 2758 5769 suo
2789 5713 3106 5784 patriarchae
3133 5713 3298 5770 tiliam
3329 5715 3567 5788 despon-

3125 5807 3205 5866 37
