4066 6298
632 248 765 313 1163

1811 243 2139 305 JOANNIS
2178 242 2703 305 CANTACUZENI

3680 248 3786 318 1164

617 359 795 423 derat,
828 370 883 414 et
912 375 1065 414 suam
1105 358 1285 430 magni
1324 359 1478 415 ducis
1509 358 1618 414 ﬁlio
1644 360 2027 428 conjunxerat.
2077 356 2184 412 Sed
2213 390 2223 419 λ

2177 359 2184 410 I
2213 363 2259 419 Α
2289 360 2458 426 γάλας
2495 360 2748 430 ἀφορμὰς
2773 360 2910 430 ἔχων
2953 359 3050 429 τῆς
3072 359 3207 433 πρὸς
3253 360 3439 425 αὐτοὺς
3487 362 3700 428 εὖνοίας⁸
3727 369 3783 433 τῷ

607 448 860 521 quamvis
902 451 1162 506 aﬂinitate
1213 460 1268 507 et
1304 452 1711 507 necessitudine
1736 466 1858 505 eum
1894 449 1959 503 iis
1992 450 2063 504 ita
2099 464 2192 503 co-

609 539 832 611 pulatus
883 550 1060 605 esset,
1114 548 1293 593 tamen
1348 553 1528 594 mores
1578 554 1766 593 eorum
1825 537 2188 602 detestatum,

608 633 794 689 facere
845 634 914 689 ab
959 634 1288 704 imperatore
1330 634 1506 689 malle.
1563 634 1863 705 Imperator
1911 636 2086 690 virum
2130 636 2193 689 Ii-

616 728 813 782 benter
843 727 1073 795 accipit,
1098 736 1154 780 et
1186 736 1297 780 tum
1331 726 1396 781 de
1422 726 1667 781 oratione
1699 728 1830 792 hac,
1872 737 1987 782 tum
2013 729 2081 781 de
2105 728 2192 797 ju-

611 819 756 873 dicio
785 818 985 889 gratias
1020 817 1148 887 agit,
1176 833 1411 886 eumque
1451 833 1548 887 pro
1587 819 1691 872 isto
1748 834 1873 889 erga
1900 835 1957 873 se
1985 820 2188 886 animo,

612 919 667 964 et
712 908 856 979 quod
894 908 960 962 ad
1008 924 1135 963 snas
1174 920 1355 978 partes
1404 908 2185 973 accessisset,.remunerans,

610 1016 866 1070 magnum
900 1001 1400 1070 Stratopedarcham
1431 1012 1617 1069 creat;
1644 1002 1887 1072 cognatis
1921 1002 2040 1056 aliis
2071 1003 2184 1057 cui-

608 1107 715 1160 que
756 1107 853 1161 pro
880 1092 1129 1161 portione
1164 1094 1401 1149 honores
1445 1102 1500 1147 et
1548 1108 1758 1147 annuas
1794 1093 2072 1148 mercedes
2102 1104 2187 1148 at-

612 1181 818 1234 tribuit.
850 1179 977 1235 Post
1002 1198 1125 1236 cum
1161 1183 1254 1237 illo
1292 1180 1593 1237 Teristasin
1627 1182 1873 1244 veniens.
1901 1183 2183 1237 castellum

609 1287 675 1325 eo
720 1272 968 1326 tradente
1011 1282 1257 1342 occupat.
1305 1273 1558 1328 Finitima
1602 1288 1816 1343 quoque
1856 1274 2074 1329 castella
2132 1285 2186 1330 et

607 1358 865 1428 Oppidula
918 1376 975 1414 se
1029 1361 1254 1416 dedunt.
1303 1363 1618 1432 Callinpolis
1683 1362 1753 1418 et'
1798 1365 2182 1432 licxamilium,

607 1448 1285 1520 qnalemcunquc.potius
1360 1452 1701 1508 obsidionem
1767 1454 2180 1521 sustinendam,

608 1557 770 1612 quam
789 1542 1120 1598 deditionem
1144 1544 1191 1597 ei
1213 1543 1510 1599 faciendam
1537 1545 1877 1612 arbitrantia,
1897 1547 2178 1603 resistunt.

610 1633 807 1687 Adhuc
851 1633 906 1688 in
953 1634 1297 1690 Chersoneso
1341 1636 1624 1700 manebat,
1680 1652 1802 1691 cum
1867 1636 2182 1693 Sulimanus

2295 467 2354 502 τε
2391 450 2500 519 γὰρ
2536 450 2635 521 υἱῷ
2685 451 2952 521 συνῴκισε
3014 452 3109 504 τοῦ
3180 453 3503 521 πατριάρχου
3550 454 3783 526 θυγατέρα,

2293 541 2389 594 καὶ
2417 541 2511 611 τὴν
2543 542 2707 595 αὑτοῦ
2742 540 2819 613 τῷ
2849 542 3084 611 μεγάλου
3111 541 3295 605 δουκδς
3322 542 3419 612 υἱῷ
3458 543 3658 609 ἐξέδωκε
3685 551 3784 615 πρὶν,

2293 629 2490 697 γάμον,
2519 629 2655 683 ἀλλά
2682 631 2775 685 καὶ
2821 632 2992 689 οὕτως
3023 632 3163 700 ἔχων
3217 634 3525 699 συγγενείας
3562 636 3676 702 πρὸς
3713 639 3782 690 αὖ·

2301 723 2433 785 τοὺς
2461 723 2554 776 καὶ
2585 722 2935 790 οἰκειότητος,
2975 722 3324 792 βδελύξασθαί
3347 740 3405 776 τε
3453 727 3566 788 τοὺς
3586 727 3785 795 τρόπουτ,

2293 814 2390 865 καὶ
2426 812 2526 880 τὴν
2568 812 2719 882 παρά
2750 813 2958 883 βασιλεῖ
3010 814 3291 883 διατριϐὴν
3343 813 3549 865 ἑλέσθαι
3601 818 3777 883 μᾶλλον.

2290 902 2552 967 Βασιλεὺς
2575 903 2630 956 δὲ
2656 902 2906 972 ἀσμένως
2933 920 2991 955 τε
3029 904 3265 967 ἐδέξατο,
3292 903 3384 957 xui.
3421 905 3521 958 τῶν
3568 922 3621 957 τε
3655 907 3786 974 λόγων

2294 996 2390 1047 καὶ
2413 995 2509 1064 τῆς
2536 994 2770 1064 κρίσεως
2802 994 2961 1066 χάριν
2993 994 3261 1065 ὡμολόγει
3286 1011 3301 1027 ’
3328 995 3530 1064 καὶτῆς
3562 997 3631 1057 είς
3669 998 3789 1049 αὐτον

2288 1084 2500 1146 εὐνοίας
2533 1086 2626 1137 καὶ
2657 1084 2753 1138 τοῦ
2795 1084 3317 1154 προσκεχωρηκέναι
3340 1084 3684 1156 ἀμειϐόμενος,
3718 1087 3789 1139 αὖ-

2290 1176 2370 1246 τῷ
2424 1178 2523 1247 μὲν
2580 1177 2678 1248 τὴν
2741 1178 2979 1248 μεγάλου
3038 1176 3505 1248 στρατοπεδάρχου
3558 1179 3790 1247 παρείχετο

2291 1270 2450 1335 ἀξίαν
2478 1288 2493 1305 ο
2524 1273 2640 1334 τοῖς
2669 1270 2849 1335 ἄλλοις
2881 1272 2939 1324 δὲ
2971 1271 3080 1323 τῶν
3125 1270 3423 1339 συγγενῶν,
3472 1270 3659 1338 ἑκάστῳ
3694 1272 3790 1323 ἁνα-

2285 1362 2460 1430 λόγως
2485 1363 2579 1415 xu‘t
2607 1363 2773 1432 τιμὰς
2803 1362 3117 1433 παρείχετο,
3141 1367 3237 1416 xui.
3265 1350 3545 1431 προσόδους
3576 1363 3788 1429 ἐτησίους.

2287 1447 2407 1507 εἶτα
2446 1454 2541 1505 σὺν
2575 1454 2770 1524 ἐκείνῳ
2792 1454 2871 1516 είς
2897 1453 3234 1525 Τηρίστασιν
3285 1452 3473 1517 ἐλθὼν,
3527 1454 3709 1523 ἐκείνην
3746 1470 3789 1504 τε

2286 1545 2702 1615 παρελάμϐανεν
2727 1588 2742 1610 ,
2785 1546 2992 1599 ἐκείνου
3053 1545 3455 1617 παραδιδόντος,
3495 1546 3580 1599 καὶ
3610 1545 3666 1598 τὰ
3700 1544 3792 1614 περὶ

2286 1639 2455 1707 αὐτὴν
2482 1638 2729 1707 πολίχνια
2758 1637 2850 1690 καὶ
2881 1638 2950 1690 τά
2976 1637 3209 1708 φρούρια
3266 1635 3640 1707 προσεχώρουν.
3669 1636 3791 1688 lia).-

606 1740 749 1778 unus
780 1740 848 1778 ex
878 1725 1019 1779 Asiae
1042 1727 1295 1796 satrapis,
1328 1728 1417 1797 qui
1451 1727 1505 1780 in
1538 1743 1655 1781 eam
1692 1728 2029 1797 peninSnlatn
2058 1746 2178 1783 cum

2216 1699 2257 1756 Β
2286 1699 2568 1792 λιούυπολις
2695 1731 2790 1784 xui.
2811 1699 3131 1798 Ἐξαμίλιον
3155 1699 3421 1799 ἀντεῖχον,
3439 1699 3528 1781 xui
3549 1729 3696 1781 πᾶσαν
3713 1727 3791 1780 δεῖν

606 1814 851 1868 exercitu
884 1815 1193 1885 traiecerat,
1225 1815 1598 1887 EgOSpotami
1634 1818 1690 1872 in
1725 1819 2056 1888 colloquium
2091 1838 2181 1875 ve-

608 1905 791 1971 niens,
834 1921 1025 1976 equos,
1062 1922 1212 1961 arma
1269 1918 1323 1962 et
1357 1924 1466 1963 non
1500 1910 1751 1980 exiguam
1799 1910 2032 1965 militum
2072 1928 2183 1966 ina-

610 2010 742 2050 num
768 1996 837 2052 ad
862 1997 1119 2053 auxilium
1144 1998 1193 2052 ei
1217 1999 1458 2055 donavit.
1487 2000 1531 2054 Α
1558 2017 1666 2070 quo
1694 2000 1927 2056 vicissim
1955 2003 2184 2057 comiter

606 2096 887 2159 acceptus,
945 2088 997 2143 in
1047 2090 1230 2145 Asiam
1268 2090 1447 2145 rediit.
1501 2092 1800 2161 Inzperator
1838 2093 2046 2163 reliqua
2088 2110 2185 2164 op.

604 2179 731 2248 pida
758 2180 812 2233 in
841 2189 1165 2250 potestatem
1194 2181 1442 2247 adduxit,
1474 2190 1529 2236 et
1557 2182 1881 2256 Myriophyti
1905 2186 1960 2240 in
1991 2186 2185 2256 amplis

604 2270 834 2337 aedibus,
864 2271 999 2326 duas
1039 2272 1476 2344 contignationes
1521 2274 1850 2332 habentibus
1897 2288 2185 2347 pernocta-

606 2365 706 2419 \it.
767 2364 1141 2420 Consueverat
1191 2375 1372 2421 autem
1424 2377 1648 2438 propter
1700 2370 2024 2426 brevitatem
2075 2371 2184 2426 (1ἱοὶ

606 2454 701 2523 (ιιι
733 2455 980 2510 hibernis
1010 2457 1325 2529 mensibus)
1353 2465 1408 2513 et
1437 2459 1583 2528 quod
1609 2474 1837 2516 necesse
1871 2471 1990 2516 erat
2017 2477 2188 2534 usque

608 2548 677 2602 ad
710 2556 924 2603 noctem
972 2563 1113 2618 equo
1173 2550 1415 2606 insidere
1450 2551 1619 2623 618
1659 2554 1804 2624 (non
1846 2557 1988 2610 enim
2032 2556 2188 2613 inve-

607 2638 858 2701 niebant,
883 2638 974 2691 ubi
1003 2638 1399 2695 descendentes
1428 2644 1784 2711 prenderent,
1820 2653 1929 2697 tota
1957 2645 2187 2701 Thracia

607 2728 666 2784 in
690 2728 1064 2795 solitudinem,
1098 2739 1292 2799 praeter
1338 2733 1525 2797 urbes,
1567 2734 1706 2788 bello
1749 2736 2026 2806 redacta),
2066 2753 2188 2792 mox

609 2819 729 2886 ipso
761 2818 999 2873 diluculo
1030 2821 1293 2889 prandere
1313 2861 1328 2887 ,
1358 2832 1410 2876 et
1448 2824 1531 2878 sic
1563 2825 1705 2879 diem
1750 2828 2054 2884 traducere.
2085 2830 2185 2885 Co-

608 2908 838 2963 mitibus
870 2908 1053 2978 itaque
1076 2909 1144 2963 ad
1169 2909 1567 2966 observandam
1600 2920 2050 2972 consuetudinem
2086 2921 2185 2974 im-

608 2996 957 3065 pellentibus,
1007 3012 1115 3050 non
1147 3000 1362 3067 paruit,
1406 3000 1529 3055 cibo
1571 3019 1630 3056 se
1674 3005 1891 3072 quidem
1947 3008 2187 3078 indigere

607 3085 903 3152 affirmans,
934 3101 964 3139 a
991 3089 1286 3157 semetipso
1315 3096 1495 3143 autem
1527 3092 1593 3144 ad
1628 3091 1927 3149 discessum
1963 3100 2139 3168 urgeri
2166 3124 2179 3156 ι

497 3233 502 3236 ,
607 3178 902 3246 Statimque
934 3176 1075 3247 jussi
1106 3193 1278 3248 equos
1333 3184 1799 3250 conscenderunt,
1837 3197 1892 3241 et
1924 3190 1992 3243 ad
2029 3195 2184 3262 oppi-

610 3267 801 3323 dulum
824 3268 992 3333 aliud,
1025 3267 1258 3324 Choratn
1286 3269 1516 3337 dictum,
1543 3273 1885 3348 Myriophyto
1915 3295 2023 3334 nun
2056 3298 2183 3351 pro-

607 3360 700 3414 cul
737 3370 1030 3426 remotum,
1078 3362 1224 3431 quod
1269 3365 1509 3419 nonduin
1563 3382 1621 3420 se
1666 3368 1967 3436 dediderat,
2020 3389 2183 3428 rene-

609 3459 762 3506 runt.
796 3449 1101 3519 Imperator
1142 3465 1238 3521 per
1282 3454 1697 3510 caduceatorem
1748 3459 1894 3514 cives
1922 3462 2180 3531 _salut;tt,

609 3554 813 3610 eosque
856 3540 922 3594 ad
959 3540 1296 3596 deditionem
1332 3545 1597 3600 hortatur.
1628 3548 1710 3602 Illi
1748 3566 1847 3619 pro
1879 3568 1964 3616 eo,
2017 3564 2074 3608 ut
2103 3572 2185 3609 re-

608 3630 934 3695 salutarent,
960 3630 1103 3683 malo
1130 3629 1242 3685 {ato
1273 3632 1450 3701 ipsum
1482 3638 1770 3692 advenisse
1793 3641 1946 3695 aiunt
1974 3663 1986 3695 :
2019 3658 2063 3696 sn
2093 3661 2185 3699 eos

607 3730 906 3792 Oppugnet,
941 3735 970 3774 a
1004 3719 1174 3775 muris
1207 3720 1579 3793 impigerrime
1611 3743 1668 3782 se
1706 3729 2048 3787 defensuros.
2080 3735 2185 3790 Ca-

610 3810 890 3868 dueeatori
959 3825 1053 3865 eos
1104 3812 1556 3882 reprehendenti,
1604 3820 1750 3887 quod
1807 3821 2186 3891 imprudenter

610 3917 775 3977 atque
815 3905 1153 3961 conﬁdenter
1202 3907 1517 3979 imperatori
1564 3913 1820 3970 salutanti
1875 3923 2185 3989 responde—

614 4009 759 4065 rent,
789 3997 954 4054 alium
985 4014 1043 4054 se
1078 3999 1280 4056 habere
1314 4001 1699 4073 imperatorem
1729 4009 2002 4080 inquiunt,
2044 4014 2185 4069 Can-

613 4101 935 4145 tacuzenum
966 4090 1114 4146 nullo
1139 4091 1259 4147 loco
1291 4094 1492 4150 ducere
1524 4114 1538 4150 :
1569 4114 1802 4171 moxque
1824 4107 2186 4161 contumelias

613 4182 670 4235 in
714 4182 861 4235 illum
895 4181 1251 4251 ingeminant.
1287 4183 1431 4249 Quas
1480 4201 1602 4241 cuiu
1647 4190 1829 4246 adhuc
1870 4192 2185 4262 funderent,

617 4286 760 4328 terra
795 4273 975 4328 tremit
1010 4273 1344 4328 horribilitcr
1374 4291 1387 4330 :
1412 4291 1521 4346 quo
1562 4289 1797 4335 tremore
1841 4284 2041 4338 tumnia
2086 4302 2186 4356 op-

2283 1820 2452 1894 ῷοντο
2487 1820 2689 1883 μᾶλλον
2746 1822 3039 1892 ὑπομένειν
3087 1820 3424 1890 πολιορκίαν,
3463 1821 3791 1889 ῆπροσχωρεῖν

2282 1911 2360 1980 τῷ
2388 1911 2614 1982 βασιλεῖ.
2644 1912 2765 1964 Ἔτι
2795 1912 2851 1965 δὲ
2878 1911 3023 1980 αὐτῷ
3047 1910 3176 1980 περὶ
3205 1911 3539 1981 Χερρόνησον
3560 1907 3793 1977 διατρίϐονο

2283 2021 2356 2070 τι,
2387 2004 2656 2074 Σουλιμάν
2681 2005 2787 2057 τῶν
2824 2003 2966 2057 κατά
2999 2003 3100 2074 τὴν
3162 2003 3352 2057 Ἀσίαν
3410 1989 3674 2074 σατραπῶν
3716 1994 3789 2062 εἷς,

2285 2098 2365 2159 είς
2396 2096 2741 2166 Χερρόνησον
2776 2096 2913 2164 μετά
2945 2097 3203 2166 στρατιᾶς
3246 2095 3584 2164 περαιωθεὶς,
3636 2092 3793 2159 cumi-

2286 2205 2408 2241 νετο
2435 2188 2514 2258 τῷ
2541 2189 2750 2259 βασιλεῖ
2775 2188 2834 2240 ὲν
2880 2187 3042 2256 Αἰγὸς
3110 2190 3398 2257 ποταμοῖς,
3429 2187 3519 2241 xui.
3558 2188 3721 2247 ἵππους
3750 2200 3792 2236 τε

2287 2278 2601 2347 παρείχετο,
2631 2278 2727 2331 xui.
2757 2278 2897 2331 ὅπλα
2922 2278 3073 2348 δῶρα
3101 2278 3196 2332 xui.
3220 2276 3479 2347 στρατιὰν
3523 2277 3612 2331 οὐκ
3654 2275 3794 2341 ὀλίγηί

2289 2371 2598 2438 συμμαχεῖν
2621 2384 2636 2398 ·
2668 2367 3084 2437 φιλοφρονηθείς
3106 2367 3164 2420 δὲ
3207 2366 3318 2420 ὑπὸ
3354 2365 3597 2438 βασιλέως
3620 2365 3696 2417 καὶ
3724 2365 3792 2415 ati-

2287 2460 2400 2526 τὸς,
2448 2461 2777 2528 ἀνέστρεφεν
2828 2460 2905 2522 είς
2970 2458 3068 2531 τὴν
3134 2459 3354 2513 Ἀσίαν.
3389 2458 3624 2523 Βασιλεὺς
3666 2459 3711 2512 δὲ
3745 2457 3793 2510 τί

2292 2556 2456 2622 μήπω
2485 2552 2953 2621 προσχωρήσαντα
3001 2549 3252 2620 πολίχνια
3283 2550 3458 2622 ἐπῄει,
3482 2551 3567 2603 xui
3603 2549 3796 2602 κατεδου-

2290 2642 2465 2709 λοῦτο,
2495 2642 2587 2695 xui.
2615 2641 2761 2710 πρὸς.
2828 2640 3178 2710 Μυριόιρυτον
3219 2640 3414 2705 ἐλθὼν,
3455 2641 3680 2712 ηὐλίσατο
3724 2639 3793 2707 τὴν

2290 2732 2460 2787 νύκτα
2509 2734 2567 2785 ὲν
2600 2731 2748 2802 οἰκίᾳ
2790 2730 3003 2803 μεγάλῃ
3030 2729 3287 2801 διωρόφῳ
3313 2747 3329 2761 ο
3366 2732 3558 2785 εἴθιστο
3580 2733 3628 2785 δὲ
3653 2731 3723 2784 διά
3750 2745 3791 2781 τι

2290 2826 2390 2896 τὴν
2418 2822 2732 2894 βραχύτητα
2757 2823 2855 2893 τῆς
2884 2823 3120 2892 ἡμέρας,
3146 2824 3356 2891 χειμὼν
3377 2824 3482 2895 γάρ
3507 2821 3585 2896 ἦν,
3640 2824 3716 2877 καὶ
3752 2820 3792 2872 τὸ

2290 2918 2541 2985 ἀνάγκην
2569 2915 2713 2985 ἔχειν
2742 2916 2869 2985 ἄχρι
2903 2913 3100 2975 νυκτὸς
3124 2912 3370 2983 ἔφιππον
3392 2914 3543 2981 εἶναι,
3567 2917 3618 2969 ού
3638 2915 3721 2984 γὰρ
3745 2909 3791 2983 ἦν

2290 3011 2413 3063 ὅποι
2454 3009 2563 3061 τῶν
2592 3009 2775 3062 ἶππων
2812 3008 3130 3071 ἀποϐάντας,
3173 3009 3404 3077 ἄριστον
3427 3007 3686 3079 αἱρεῖσθαι,
3723 3005 3792 3070 τῆς

2289 3100 2510 3171 Θρᾴκης
2530 3099 2746 3169 άπάσης
2766 3099 2872 3153 ὑπὸ
2899 3100 2993 3154 τοῦ
3026 3101 3271 3172 πολέμου
3303 3101 3548 3169 ἀοικήτου
3564 3097 3792 3167 γενομένης

2288 3188 2429 3258 πλὴν
2454 3189 2563 3242 τῶν
2593 3189 2824 3254 πόλεων,
2857 3190 3168 3262 ἀρχομένης
3198 3190 3364 3254 εὐθὺς
3386 3189 3585 3261 ἡμέρας
3602 3185 3792 3259 ἀριστᾷν,

2290 3281 2385 3333 xui.
2422 3277 2566 3334 οὕτω
2594 3281 2940 3352 διημερεύειν
2962 3300 2977 3315 ο
3003 3284 3053 3335 οί
3078 3284 3208 3350 περὶ
3242 3285 3411 3337 αὑτὸν
3433 3284 3488 3336 δὲ
3506 3282 3629 3337 κατά
3647 3282 3692 3333 τὸ
3707 3277 3791 3337 ἔθος

2285 3372 2688 3439 ἀναγκάζοντες
2740 3375 2935 3438 ποιεῖν,
2960 3374 3059 3427 οὐκ
3087 3375 3328 3445 ἠθέλησε
3348 3392 3362 3407 ·
3381 3376 3577 3428 δεῖσθαι
3597 3372 3678 3440 μὲν
3707 3384 3789 3438 τρο·

2286 3465 2393 3533 φῆς
2420 3463 2613 3527 εἰπὼν,
2650 3466 2954 3535 ἀναχωρεῖν
2985 3467 3042 3519 δὲ
3067 3467 3395 3535 ἐπείγεσθαι
3423 3466 3583 3530 οὕτως
3609 3461 3789 3531 αὐτομά·

2286 3572 2396 3618 τως
2421 3572 2435 3587 ·
2463 3556 2664 3609 αὐτίκα
2689 3573 2749 3608 τε
2774 3557 3053 3628 ἐπέδησαν
3099 3558 3208 3611 τῶν
3270 3561 3453 3613 ἵππων
3508 3558 3790 3612 κελεύσαντος

2290 3650 2525 3713 ἐκείνου,
2558 3650 2807 3720 καὶπρὸς
2831 3650 3025 3720 ἑτέραν
3050 3652 3315 3722 πολίχνην
3360 3654 3419 3705 ού
3478 3652 3600 3705 πολὺ
3641 3647 3789 3717 διέχονο

2289 3755 2388 3791 σαν
2428 3740 2806 3811 Μυριοφύτου,
2858 3740 3059 3810 Χώραν
3104 3742 3637 3812 προσαγορευομένην
3668 3732 3786 3807 ἦλθον

2288 3830 2368 3883 ἔτι
2398 3830 2567 3900 μήπω
2622 3832 3096 3902 προσχωρήσασαν
3120 3849 3132 3863 ⁸
3184 3832 3411 3902 πέμψας
3438 3850 3491 3885 τε
3521 3834 3546 3885 ὁ
3572 3827 3786 3899 βασιλεύ.

2287 3908 2661 3995 προσηγόρευε
2691 3927 2818 3988 τοὺς
2852 3926 3095 3991 πολίτας,
3120 3926 3213 3982 xui
3240 3926 3475 3999 παρῄνει
3504 3920 3786 3995 προσχωρεῖν

2290 4013 2340 4064 ci
2371 4013 2419 4064 δ’
2458 4013 2577 4066 ἀντὶ
2597 4016 2992 4085 προσηγορίας,
3025 4018 3211 4078 κακῶς
3237 4018 3399 4087 ἥκειν
3437 4017 3627 4085 ἔφασαν
3655 4007 3786 4065 αὐτόν*

2290 4103 2489 4166 αὐτοὺς
2512 4104 2569 4157 δὲ
2591 4105 2919 4175 ἀμυνεῖσθαι
2945 4106 3340 4177 προθυμότατα
3371 4107 3436 4161 ἂν
3463 4108 3582 4176 inin
3601 4103 3689 4156 ἀπὸ
3708 4096 3783 4149 τῶν

2288 4194 2507 4265 τειχῶν.
2537 4194 2645 4249 Τοῢ
2674 4197 3112 4268 πρεσϐευομένου
3156 4199 3212 4252 δὲ
3269 4197 3690 4267 κατηγοροῦντοξ,
3733 4190 3787 4242 δτι

2288 4288 2532 4357 ἀνοήτως
2572 4288 2667 4341 καὶ
2699 4288 2944 4360 θρασέως
2988 4291 3376 4363 ἀποκρίνοιντο
3435 4291 3627 4361 βασιλεί
3661 4297 3782 4354 προτ·

612 4366 725 4434 pidi
760 4364 1186 4434 procubuerunt,
1223 4367 1618 4439 domorumque
1651 4373 1881 4442 amplius
1910 4374 2029 4429 dua:
2055 4392 2181 4445 par-

2176 4408 2181 4419 ι
2218 4376 2260 4430 1)
2289 4381 2627 4453 αγορεύοντι,
2665 4381 2854 4453 ἕτερον
2897 4383 3113 4452 ἔφασαν
3170 4386 3379 4438 ἐκεῖνοι
3418 4382 3629 4454 βασιλέα
3666 4376 3782 4445 ἔχειν.

615 4467 721 4521 tes,
750 4466 806 4511 et
833 4455 1028 4525 sepulti
1058 4455 1213 4510 ruina
1241 4457 1438 4511 mdium
1480 4476 1544 4513 ac
1576 4462 1835 4517 mmnium
1873 4466 2057 4533 plures
2084 4478 2187 4521 trc-

617 4548 809 4603 ccntis.
843 4548 944 4613 Qui
990 4548 1123 4600 salvi
1170 4549 1467 4617 restabant,
1504 4561 1654 4607 extra
1695 4555 1955 4624 oppidum
1995 4576 2183 4615 accur-

614 4655 737 4694 rere
762 4640 1129 4708 obtestarique
1159 4654 1231 4693 ne
1258 4654 1316 4694 se
1344 4656 1468 4694 cum
1508 4641 1697 4699 liberis
1727 4648 1779 4698 in
1815 4649 2128 4704 servitutem
2156 4668 2184 4705 a

613 4729 865 4783 Barbaris
904 4726 1251 4795 abripicndos
1282 4729 1515 4782 deserat.
1571 4728 1770 4784 Eadem
1805 4733 1959 4796 hora.
1995 4735 2184 4789 eodem

625 4828 785 4872 terra:
834 4825 982 4869 motu
1024 4815 1167 4868 aedes
1202 4814 1255 4868 in
1290 4816 1484 4885 quibus
1524 4831 1890 4887 pernoctant-at,
1928 4838 1958 4877 a
1995 4824 2187 4878 funda-

620 4909 821 4964 tuentis
851 4914 1196 4972 corruerunt,
1228 4906 1520 4975 diyinaque
1549 4909 1889 4976 providentia
1921 4914 2064 4967 circa
2092 4918 2189 4969 int-

619 5008 927 5071 peratorem
957 4994 1151 5059 eluxit,
1179 5011 1299 5064 quae
1327 5006 1479 5050 certo
1508 4998 1750 5066 periculo
1780 5001 1956 5070 ipsum
1987 5004 2189 5057 libera-

626 5092 722 5143 m.
756 5087 811 5140 Si
856 5086 999 5139 enim
1049 5085 1280 5139 comites
1327 5088 1607 5142 hortantes
1647 5090 1896 5156 audiens,
1931 5092 2038 5148 illic
2071 5095 2191 5149 cibo

619 5195 819 5249 corpus
862 5175 1165 5241 refecisset,
1199 5193 1320 5233 cum
1356 5194 1465 5233 non
1508 5183 1697 5250 paucis
1731 5184 1797 5238 de
1842 5188 1955 5241 suis
1996 5190 2188 5257 procul

621 5274 786 5324 dubio
815 5271 1046 5325 obtritus
1071 5270 1327 5339 periisset
1353 5287 1367 5336 ;
1404 5272 1541 5328 adeo
1584 5274 1746 5331 breve
1777 5287 1991 5349 tempus
2021 5279 2192 5335 inter-

622 5371 879 5417 cesserat.
905 5359 1023 5414 Jam
1059 5377 1191 5417 vero
1233 5377 1357 5418 cum
1386 5365 1541 5422 miles
1570 5369 1824 5438 oppidum
1859 5371 2095 5426 Choram
2136 5384 2195 5428 ut

619 5455 815 5509 hostile
853 5452 1011 5507 τουτὶ
1037 5452 1293 5524 diripere,
1329 5463 1383 5510 et
1412 5454 1590 5513 Persa:
1618 5464 1760 5529 quod
1786 5463 2049 5534 reliquum
2076 5477 2193 5522 erat

618 5548 817 5601 civium
859 5546 1129 5615 captivum
1174 5546 1375 5603 ducere
1421 5538 1870 5623 aggrederentur,
1902 5560 2194 5629 imperator

618 5637 1006 5707 supervenit-ns
1056 5641 1263 5708 \‘ctuit,
1297 5643 1664 5716 oppidumque
1701 5649 1961 5706 intactum
2005 5667 2193 5709 serva-

690 5734 713 5761 ‘\
2124 5758 2129 5765 .

2290 4474 2451 4528 αὐτὸν
2479 4475 2537 4528 δέ
2561 4477 2619 4527 ἓν
2647 4475 2875 4529 οὐδένων
2907 4476 3064 4544 άγειν
3099 4476 3290 4546 μοίρᾳ,
3320 4478 3414 4530 καὶ
3440 4475 3609 4544 ὖόρεις
3645 4467 3787 4524 αὐτίκα

2290 4565 2546 4634 κατέχεον
2576 4566 2740 4620 αὐτοῦ
2772 4568 2991 4630 πολλάς.
3014 4568 3135 4621 Ἐτι
3168 4569 3225 4621 δὲ
3249 4573 3376 4641 περὶ
3402 4568 3497 4631 τὰς
3520 4555 3789 4634 ὖὸρεκὲκεὶ-

2292 4674 2396 4711 νων
2426 4656 2617 4722 ὄντων,
2663 4658 2886 4726 σεισμὸς
2942 4658 3155 4724 ὲγί-.ετο
3198 4660 3434 4724 ιξαίσιος
3475 4654 3596 4718 οἷος,
3629 4650 3702 4705 καὶ
3742 4644 3788 4695 τά

2288 4764 2351 4799 τε
2423 4749 2579 4818 τείχη
2636 4750 2937 4802 κατέπιπτε
2967 4752 3068 4821 τῆς
3125 4750 3357 4814 πόλεως,
3398 4754 3492 4803 xui
3552 4746 3646 4798 τῶν
3690 4739 3789 4792 οξκι·

2291 4839 2367 4891 ὧν
2408 4840 2550 4911 ὑπὲρ
2574 4841 2673 4903 τὰς
2700 4840 2792 4893 δύο
2825 4841 3039 4911 μοίρας,
3075 4844 3170 4894 καὶ
3204 4838 3619 4910 κατεχώσθησαν
3644 4830 3727 4885 ὑπὸ
3747 4841 3789 4877 τι

2290 4931 2399 4985 τῶν
2424 4931 2620 5001 τειχῶν
2649 4932 2741 4984 xui.
2779 4932 2888 4985 τῶν
2920 4933 3109 4986 οἰκιῶν
3134 4935 3273 5004 ὑπὲρ
3303 4929 3644 5003 τριακοσίους.
3676 4922 3794 4973 Ὅτι*

2292 5023 2350 5076 δὲ
2376 5023 2634 5090 διέφυγον
2658 5023 2751 5077 τὸν
2783 5024 3053 5090 κίνδυνον,
3092 5025 3309 5094 βασιλεῖ
3344 5022 3689 5093 προσέδραμον
3728 5012 3791 5073 ιξσ

2293 5112 2560 5178 ελθόντες,
2602 5114 2698 5168 καὶ
2731 5114 2940 5168 ἐδέοντο
2981 5114 3058 5186 μὴ
3085 5116 3224 5183 σφᾶς
3254 5116 3352 5167 xui.
3387 5113 3544 5166 τέκνα
3591 5101 3793 5176 περιῖδεῖν

2295 5202 2397 5254 ὑπὸ
2428 5201 2537 5255 τῶν
2570 5202 2859 5275 βαρϐάρων
2886 5204 3408 5276 ἀνδραποδισθέντας
3436 5204 3515 5258 ἄν.
3548 5199 3645 5268 Τῆς
3667 5191 3793 5256 αδῖῆς

2294 5291 2352 5345 δὲ
2390 5292 2571 5362 ὥρας,
2601 5296 2705 5347 ὑπὸ
2734 5293 2830 5348 τοῦ
2865 5295 3090 5365 σεισμοῦ
3116 5296 3325 5348 ἐκείνου
3355 5298 3449 5348 xui.
3472 5297 3503 5363 ὴ
3530 5288 3655 5344 οίκία
3671 5285 3732 5344 εἰς
3745 5279 3791 5348 ἧν

2294 5385 2557 5453 ηὐλίσατο
2584 5387 2612 5438 ὁ
2648 5386 2903 5456 βασιλεὺς
2926 5387 3023 5456 τὴν
3051 5387 3243 5451 νύκτα,
3278 5378 3570 5439 κατέπεσεν
3593 5382 3649 5431 ἐκ
3673 5376 3791 5440 θείω

2294 5476 2444 5543 λίων,
2474 5478 2569 5531 καὶ
2598 5481 2630 5547 ἡ
2677 5479 2807 5549 περὶ
2843 5480 3066 5549 βασιλέα
3093 5479 3185 5532 τοῦ
3225 5478 3361 5531 Θεοῦ
3392 5477 3604 5546 πρόνοια
3632 5467 3788 5534 ἐγίνετο

2297 5571 2634 5639 καταφανὴς,
2662 5569 2835 5633 οὕτως
2855 5573 2919 5622 ἐκ
2950 5571 3214 5639 προδήλου
3243 5571 3485 5624 κινδύνου
3522 5556 3786 5636 ρυααμὲνσν

2300 5661 2349 5711 εί
2392 5660 2499 5730 γὰρ
2569 5660 2755 5731 ἇσπερ
2808 5662 2857 5713 Ol
2896 5662 3021 5751 περὶ
3067 5662 3228 5714 αύτὸν
3286 5660 3436 5730 πορῄ
3465 5673 3569 5720 ουν,
3623 5641 3786 5719 ἄριστόν
