4066 6298
433 378 456 444 l
469 381 569 448 169

1549 381 2095 444 HISTORIARUM
2135 383 2368 444 LIBER
2410 384 2512 445 Ill.

3534 385 3670 450 11το

425 489 747 560 ἁναπαύλης
792 488 1179 552 ἀπολαύεαντι,
1203 487 1326 542 ούδέ
1354 489 1558 560 ταύτην
1599 508 1680 543 σοι
1709 491 1808 560 τὴν
1838 491 1992 563 χάριν

2102 505 2382 564 praestare.
2419 493 2546 550 Haec
2582 494 2888 563 rescripsit,
2926 502 2982 548 et
3012 503 3203 562 quarta
3234 495 3358 550 luce
3394 495 3672 552 Heraclea:

427 582 722 652 ἀπολνήσω
747 580 1088 634 καταθεῖναι.
1113 579 1349 632 Τοιαῦτα
1379 581 1478 650 μὲν
1531 582 1844 652 ἀντέγραφε
1900 583 1996 636 καὶ

428 672 699 743 βασιλεύς·
736 672 873 742 μετά
917 671 974 725 δὲ
1021 672 1288 742 τετάρτην
1330 672 1390 738 ἐξ
1439 673 1655 743 ἐκείνης
1705 669 1867 743 ἦλθεν
1918 675 1998 736 είς

427 763 786 835 ⁶Ηράκλειαν,
817 763 911 816 καὶ
929 761 1244 830 περιέμεινε
1291 763 1399 832 πρὸ
1435 764 1559 816 ’τῶν
1590 763 1778 816 πυλῶν
1831 765 1998 827 ἑστὼς

423 856 509 926 ἐφ’
553 856 753 909 ἱκανόν·
795 855 917 907 ἐπεὶ
949 857 1005 906 δὲ
1043 853 1220 916 οὐδεὶς
1283 854 1636 926 ἀντεπεξῄει,
1699 855 1760 908 τὸ
1811 856 1998 910 λοιπὸν

432 947 656 1009 ὁδεύσας
685 947 786 1014 τῆς
821 945 1055 1016 ἡμέρας,
1084 946 1345 1014 ηὐλίσατο
1375 948 1474 1016 τήν
1502 949 1671 1001 νύκτα
1703 948 1856 1018 παρά
1902 967 1999 1002 πο-

421 1041 599 1108 ταμὸν
630 1040 1180 1110 προσαγορευόμενον
1211 1041 1506 1110 Ἀλμυρὸν,
1539 1042 1743 1111 μεταξὺ
1785 1043 2000 1112 Σηλυμ-

427 1131 584 1202 ἳρίας
608 1132 701 1183 καὶ
729 1130 1078 1201 Ἡρακλείας.
1114 1132 1208 1194 Et;
1237 1131 1336 1202 τὴν
1368 1134 1663 1204 ὑστεραίαν
1690 1134 1744 1188 δὲ
1795 1136 1996 1203 ἐστρα-

421 1221 758 1275 -υοπέδευσαν
794 1222 946 1289 παρὰ
965 1223 1025 1274 τὸ
1047 1223 1334 1290 Δαφνίδιον
1361 1224 1676 1292 λεγόμενον,
1734 1223 1863 1279 ἔνθα
1902 1224 1997 1295 βα-

425 1317 610 1378 σιλεὺς
660 1315 760 1384 μὲν
792 1314 971 1385 ἔμεινε
999 1316 1150 1386 παρά
1179 1316 1239 1368 τὸ
1268 1317 1633 1385 στρατόπεδον
1657 1317 1773 1385 ἃ.μά
1791 1317 1996 1385 ὀλίγοις

419 1407 528 1459 τῶν
565 1405 878 1476 Ῥωμαίων·
913 1408 946 1474 ή
977 1406 1215 1477 λοιπὴδέ
1239 1407 1471 1476 στρατιὰ
1501 1407 1640 1476 μετά
1671 1409 1770 1478 τῆς
1802 1409 1998 1477 Περσι-

421 1501 524 1568 κῆς
573 1502 639 1552 τὰ
710 1501 837 1569 περὶ
894 1498 1188 1562 Βυζάντιον
1249 1499 1594 1570 κατέδραμον
1624 1500 1821 1566 ,πάντα
1862 1503 1995 1573 ἄχρι

420 1590 800 1661 Προποντίδος,
830 1591 924 1642 καὶ
970 1591 1257 1644 ἐκάκωσαν
1308 1591 1366 1652 ἐς
1405 1590 1472 1643 τά
1521 1590 1776 1660 μάλιστα.
1807 1592 1996 1646 "Ans-

399 1684 633 1760 ,κτεινίν
659 1699 719 1736 τε
745 1683 852 1751 γὰρ
875 1683 923 1736 οἱ
946 1682 1210 1753 βάρϐαροι
1232 1683 1516 1746 πλείστους
1556 1684 1652 1738 καὶ
1668 1683 1992 1754 ἠνδραποδί-

421 1791 605 1827 σαντο.
635 1773 934 1843 Φεύγοντές
967 1792 1026 1827 τε
1043 1775 1178 1845 πρὸς
1208 1775 1308 1846 τὴν
1340 1775 1623 1829 Θάλασσαν
1647 1776 1742 1830 καὶ
1767 1776 1992 1839 πλείους

2099 595 2228 640 ante
2279 595 2462 654 portas
2490 587 2756 647 constitit,
2794 587 2977 656 ibique
3008 587 3099 640 diu
3135 587 3350 641 hostem
3379 599 3671 656 exspecta-

2099 678 2197 732 vit.
2232 677 2462 732 Nemine
2494 679 2559 732 ad
2595 694 2832 748 pugnam
2872 679 3524 748 prodeunte,,reliquum
3557 680 3669 732 diei

2101 769 2152 821 in
2206 769 2403 823 itinere
2457 785 2694 838 ponens,
2732 778 2892 823 novte
2937 769 3004 822 ad
3051 767 3274 822 ﬂuvium
3330 769 3665 839 Halmyrnm,

2101 857 2400 930 Selybriam
2433 860 2574 914 inter
2620 869 2678 914 et
2742 858 3057 913 Heracleam
3094 859 3363 913 consedit.
3399 859 3670 912 Postridie

2095 937 2306 1006 inloco
2365 951 2726 1020 Daphnidium
2782 952 3054 1019 appellato
3106 951 3356 1014 tetendit,
3417 952 3506 1024 ubi
3555 952 3671 1018 ipse

2098 1057 2222 1097 cum
2247 1042 2437 1111 paucis
2469 1041 2730 1096 Romanis
2757 1057 2817 1096 se
2847 1043 3042 1096 castris
3073 1042 3347 1097 continuit
3377 1059 3390 1096 :
3424 1043 3668 1112 reliquus

2099 1136 2372 1190 exercitus
2399 1149 2464 1190 ex
2497 1135 2680 1190 Persis
2711 1135 3072 1190 auxiliaribus
3099 1135 3216 1189 loca
3248 1137 3430 1190 omnia
3460 1136 3668 1206 Byzan-

2098 1227 2179 1280 tio
2211 1226 2442 1281 ﬁnitima
2490 1242 2662 1297 usque
2697 1228 2762 1282 ad
2806 1226 3202 1298 Propontidem
3232 1245 3356 1283 cum
3403 1231 3669 1283 extremis

2095 1317 2339 1373 cladibus
2379 1317 2695 1374 incursavit.
2745 1316 3080 1374 Deciderunt
3119 1322 3262 1374 enim
3311 1329 3367 1373 et
3423 1319 3670 1388 captivos

2079 1415 2397 1478 -rapnerunt
2449 1408 2524 1462 illi
2581 1407 2806 1463 Barbari
2856 1410 3113 1464 mortales
3163 1425 3325 1478 quam
3359 1411 3665 1478 plurimos:

2096 1500 2312 1568 pecoris
2343 1515 2563 1570 quoque
2593 1502 2702 1555 vim
2748 1500 3026 1570 ingentem
3063 1502 3382 1572 abegerunt,
3436 1513 3490 1556 et
3520 1502 3669 1555 vicos

2097 1605 2292 1659 magno
2308 1606 2539 1644 numero
2567 1601 2922 1646 exusserant.
2955 1592 3058 1656 Qui
3088 1591 3154 1646 ad
3181 1608 3333 1648 mare
3364 1592 3666 1662 fugiebant,

2096 1696 2219 1735 cum
2252 1682 2305 1735 in
2339 1682 2550 1738 lembos
2618 1684 2891 1738 insilirent
2939 1685 3144 1754 plures,
3179 1700 3342 1755 quam
3393 1685 3521 1740 l‘erri
3559 1701 3671 1754 po-

2101 1780 2300 1835 terant,
2333 1773 2399 1826 ad
2438 1774 2552 1827 haec
2583 1774 2752 1828 etiam
2795 1790 2906 1843 pra:
2938 1777 3180 1830 tumultu
3212 1791 3275 1830 ac
3311 1777 3671 1846 trepidatione

418 1863 782 1931 ἐμπίπτοντες
811 1866 869 1916 ἐν
896 1866 1008 1927 τοῖς
1033 1843 1278 1934 λέμϐοις,
1335 1867 1367 1935 ἢ
1401 1867 1555 1928 ὅσους
1614 1865 1804 1936 φέρειν
1853 1863 1991 1936 ἦσαν

2095 1864 2340 1918 ordinem
2377 1865 2583 1918 nullum
2619 1875 2889 1932 tenerent,
2940 1867 3046 1921 illis
3093 1867 3299 1922 eversis
3355 1868 3672 1938 submerge-

420 1955 660 2022 δυνατοὶ,
683 1956 858 2017 ἄλλως
891 1974 948 2008 τε
975 1958 1071 2009 καὶ
1103 1957 1208 2010 ὑπὸ
1230 1957 1323 2010 τοῦ
1353 1957 1584 2028 θορύϐου
1606 1958 1988 2023 ἀτακτοῦντες,

423 2045 791 2114 ἀπεπνίγοντο
827 2045 1280 2116 ἀνατρεπόμενοι·
1317 2048 1414 2101 καὶ
1447 2050 1700 2110 παντοῖος
1728 2043 1796 2117 ἦν
1825 2049 1852 2099 ὁ
1872 2049 1990 2100 ὗλεα

420 2137 547 2203 θρος
595 2133 737 2188 κατὰ
759 2135 856 2204 τήν
887 2134 1076 2205 ἔφοδον
1105 2119 1345 2206 ἐκείνην·
1372 2137 1739 2208 βοσκημάτων
1790 2155 1849 2190 τε
1884 2139 1992 2207 γὰρ

419 2226 626 2301 ήλασαν
653 2226 855 2293 πλῆθος
891 2229 990 2281 οὐκ
1027 2228 1208 2298 ὀλίγον
1233 2231 1326 2283 καὶ
1357 2228 1679 2298 ἀνθρώπους
1709 2227 1993 2298 αἰχμαλώ-

419 2333 546 2380 τους
579 2319 636 2370 τὸ
661 2317 1011 2388 βαρϐαρικόν·
1051 2321 1147 2372 καὶ
1187 2320 1286 2383 τάς
1335 2319 1594 2383 πλείστας
1646 2320 1756 2372 τῶν
1789 2317 1993 2388 κωμῶν

419 2409 747 2478 ἐνέπρησαν.
779 2411 942 2463 Αίτία
976 2409 1032 2464 δέ
1067 2411 1303 2480 μάλιστα
1334 2414 1431 2480 τῆς
1458 2410 1732 2480 τοσαύτης
1783 2411 1993 2482 φθορᾶς

421 2499 642 2567 ἐγένετο
692 2504 719 2553 ὁ
747 2501 921 2570 μέγας
967 2501 1112 2568 δούξ.
1153 2502 1333 2556 Πολλά
1390 2503 1500 2573 γὰρ
1563 2501 1994 2572 μεγαλαυχήσας

420 2592 515 2644 καὶ
541 2597 791 2662 φυσήσας
827 2595 914 2646 ὅτε
941 2592 1206 2664 ἐξήλαυνε
1263 2591 1587 2658 Βυζαντίου,
1640 2595 1734 2648 καὶ
1765 2593 1992 2665 θαρῤεἶν

420 2683 703 2748 κελεύσας,
736 2684 811 2748 ὡς
851 2686 1030 2750 οὐδεὶς
1073 2687 1464 2758 ἀντιστήσεται
1512 2687 1621 2739 τῶν
1691 2685 1990 2756 πολεμίων,

420 2775 560 2829 ἀλλά
593 2779 807 2841 πάντας
861 2776 1034 2849 ἄρδην
1093 2779 1380 2847 ἐπιφανεὶς
1409 2778 1715 2848 διαφθερεῖ,
1758 2777 1878 2831 ἐπεὶ
1905 2780 1993 2830 ἐν-

418 2867 638 2930 αντίως,
678 2868 712 2940 ἢ
750 2870 916 2930 αὐτὸς
945 2869 1314 2938 ἐπηγγέλλετο
1341 2870 1626 2932 ἀπέϐαινε,
1656 2869 1748 2923 καὶ
1802 2866 1994 2938 τειχή-

425 2975 524 3026 ρης
558 2959 697 3012 κατά
729 2961 828 3029 τὴν
870 2957 1204 3029 Ἢράκλειαν
1252 2963 1492 3029 ἐγένετο,
1537 2958 1715 3013 καίτοι
1754 2959 1992 3026 δυνάμε-

421 3067 505 3111 νος
544 3050 641 3121 τὴν
709 3053 1102 3124 προσήκουσαν
1151 3054 1282 3123 περὶ
1324 3052 1423 3123 τὴν
1475 3052 1662 3124 χώραν
1725 3053 1992 3122 πρόνοιαν

423 3145 692 3197 ποιεῖσθαι
757 3144 854 3213 τὴν
883 3144 1068 3213 ἔφοδον
1100 3145 1486 3213 ἀπαγγέλλων,
1561 3147 1588 3197 ὁ
1649 3144 1695 3198 δ’
1726 3144 1881 3197 οὐδὲν
1936 3144 1992 3195 ἐ-

419 3235 563 3288 ποίει
594 3236 704 3289 τῶν
733 3236 984 3302 δεόντων,
1017 3237 1207 3307 ὥσπερ
1230 3237 1487 3297 δεδοικὼς
1514 3237 1589 3305 μὴ
1611 3235 1719 3288 τῶν
1752 3235 1989 3305 πολεμί-

416 3346 492 3381 ων
521 3329 696 3398 ἧττων
727 3331 1010 3397 γεγονέναι
1041 3328 1426 3384 ὑποπτεύοιτο·
1477 3331 1572 3385 καὶ
1605 3329 1693 3382 διὰ
1743 3329 1841 3398 τὴν
1877 3343 1992 3380 τοι·

420 3419 592 3487 αύτην
620 3421 802 3473 ἄνοιαν
837 3420 1053 3485 πολλοῖς
1102 3423 1274 3486 αἴτιος
1307 3425 1526 3490 ἐγένετο
1569 3421 1823 3491 μεγάλων
1851 3437 1991 3489 συμ-

421 3510 624 3580 φορῶν.
669 3512 908 3576 Ἐκεῖνος
969 3513 1164 3582 δὲτὴν
1194 3516 1291 3585 μὲν
1349 3517 1429 3579 εἰς
1485 3515 1776 3577 Βυζάντιον
1830 3511 1992 3565 αὐτοῦ

418 3600 672 3654 ἐπάνοδον
703 3601 938 3672 νομίζων
978 3605 1286 3672 ἀναγκαίαν
1341 3602 1504 3668 εἴναι,
1559 3604 1881 3658 ὑποπτεύων
1936 3602 1994 3657 δὲ

417 3691 514 3758 τὴν
544 3692 792 3762 ήπειρον,
816 3693 890 3756 ώς
924 3693 1127 3763 μεστὴν
1161 3694 1424 3748 κινδύνων
1469 3694 1556 3748 διὰ
1587 3696 1647 3747 τὸ
1676 3695 1994 3764 ἐπικρατεῖν

416 3783 542 3845 τοὺς
570 3783 883 3851 πολεμίους,
915 3783 1004 3836 διὰ
1034 3785 1134 3855 τῆς
1162 3785 1437 3856 θαλάσσης
1481 3787 1783 3856 ἀνέστρεφε
1839 3787 1992 3857 τριή-

419 3887 525 3940 ρει,
577 3874 676 3943 τὴν
714 3873 978 3944 στρατιὰν
1039 3875 1153 3928 ἐκεῖ
1203 3876 1538 3929 καταλιπών·
1572 3879 1669 3929 καὶ
1729 3877 1990 3947 αἰσχίστη

418 3961 596 4029 ἔδοξεν
641 3965 673 4033 ἡ
723 3964 1090 4035 ἀναχώρησις,
1139 3966 1232 4018 καὶ
1294 3967 1604 4020 ἀποδέουσα
1651 3967 1832 4036 πολλῷ
1885 3967 1994 4020 τῶν

415 4053 672 4110 ἀπειλῶν.
711 4055 971 4120 Βασιλεὺς
994 4057 1048 4109 δέ
1081 4057 1224 4110 ὀκτὼ
1258 4057 1469 4128 ἡμέρας
1505 4062 1633 4128 περὶ
1689 4059 1749 4110 τὸ
1781 4058 2004 4123 sum-

418 4162 530 4198 τιον
555 4147 860 4216 διατρίψας,
887 4149 980 4200 καὶ
1009 4149 1264 4213 κακώσας
1306 4152 1363 4213 ἐς
1418 4151 1490 4203 τὰ
1551 4149 1807 4222 μάλιστα,
1870 4151 1994 4204 ἀνέ-

421 4255 651 4309 στρεφεν
680 4242 759 4302 είς
790 4240 1034 4312 Θρᾴκην,
1059 4241 1152 4295 καὶ
1183 4242 1352 4294 πᾶσαι
1386 4241 1569 4304 πόλεις
1592 4241 1788 4296 αὐτίκα
1831 4259 1998 4311 προσ-

419 4331 676 4401 εχώρουν,
716 4333 813 4403 τὴν
842 4336 903 4386 ἐκ
928 4333 1222 4398 Βυζαντίου
1287 4334 1537 4404 βοήθειαν
1586 4333 1998 4403 ἀπογινώσκου-

420 4435 530 4483 σαι,
559 4421 695 4491 πλὴν
714 4421 875 4476 Αἴνου
909 4425 1004 4475 καὶ
1035 4422 1350 4494 Ἐξαμιλίου
1382 4425 1478 4476 καὶ
1501 4423 1737 4477 Καλλίου
1767 4424 1993 4487 πόλεως.

2097 1957 2314 2021 bantur,
2361 1957 2668 2027 licebatque
2699 1973 2760 2012 ea
2813 1959 3130 2013 incursione
3175 1959 3424 2028 aspicere
3462 1960 3670 2013 variam

2096 2049 2408 2104 szevissima:
2440 2051 2770 2105 calamitatis
2800 2051 3114 2120 imaginem.
3148 2051 3325 2121 Hujus
3356 2060 3518 2105 tanta!
3547 2067 3672 2120 per-

2095 2140 2321 2195 ditionis
2379 2141 2537 2209 culpa
2592 2157 2762 2212 penes
2809 2159 3064 2213 magnum
3116 2144 3310 2198 ducem
3359 2141 3482 2197 fuit.
3531 2143 3669 2196 Cum

2094 2233 2240 2286 enim
2274 2233 2536 2304 Byzantio
2571 2232 2881 2305 egrediens.
2925 2235 3182 2303 superbia
3220 2236 3463 2298 tumidus
3492 2235 3671 2289 Thra-

2095 2323 2285 2378 sonica
2309 2324 2470 2379 verba
2497 2323 2753 2392 iactaret,
2781 2325 3112 2395 juberetque
3148 2327 3424 2381 conﬁdere
3455 2328 3668 2381 nullum

2094 2416 2337 2472 hostium
2368 2432 2427 2472 se
2469 2419 2876 2487 oppositurum,
2911 2419 3004 2474 sed
3035 2435 3136 2474 suo
3185 2428 3396 2474 tantum
3433 2436 3671 2489 conspe-

2095 2516 2188 2562 ctu
2249 2523 2441 2562 omnes
2493 2524 2552 2563 se
2602 2510 2669 2563 ad
2734 2525 2902 2563 unum
2951 2510 3318 2579 perditurum,
3379 2519 3668 2580 postquam

2096 2615 2258 2654 secus
2289 2599 2494 2665 evenit,
2527 2615 2686 2668 quam
2711 2602 3058 2670 promiserat,
3093 2610 3148 2654 et
3187 2599 3462 2656 Heracleae
3496 2602 3668 2658 muris

2095 2704 2155 2744 se
2210 2690 2345 2742 texit
2419 2689 2689 2758 (quamvis
2755 2698 2939 2758 posset
2997 2691 3393 2746 convenienter
3458 2694 3667 2762 regioni

2095 2779 2403 2850 providere,
2441 2787 2496 2832 et
2539 2779 2795 2834 hostilem
2846 2782 3140 2835 adventum
3185 2782 3531 2850 denuntiare)
3579 2785 3669 2837 ni-

2097 2873 2284 2942 hilque
2341 2887 2407 2925 ex
2459 2870 2638 2926 ollicio
2698 2887 2798 2926 suo
2854 2871 2984 2926 fecit
3036 2871 3251 2942 (utpote
3309 2874 3550 2937 timens,
3602 2889 3670 2928 ne

2095 2965 2347 3019 hostibus
2374 2963 2600 3019 inferior
2630 2964 2956 3034 videretur),
2997 2973 3054 3020 et
3093 2979 3193 3034 per
3225 2978 3344 3018 eam
3376 2954 3670 3020 amentiam

2095 3057 2361 3127 plurimos
2397 3055 2636 3111 reddidit
2670 3057 3032 3112 miserrimos.
3081 3057 3219 3111 Cum
3259 3057 3534 3126 judicaret
3575 3073 3672 3111 au—

2097 3159 2226 3214 tem,
2271 3151 2638 3204 reversionem
2673 3164 2828 3204 suam
2871 3149 3192 3220 Byzantium
3237 3165 3362 3203 esse
3405 3164 3670 3204 necessa-

2095 3243 2265 3306 riam,
2328 3247 2382 3296 et
2436 3241 2810 3295 continentem
2861 3249 2920 3294 ut
2974 3239 3387 3294 infestissimam
3446 3249 3670 3309 propter

2095 3333 2283 3386 hostes
2315 3340 2604 3398 metueret,
2638 3330 2814 3400 cepiis
2851 3330 2924 3384 ibi
2977 3329 3207 3394 relictis,
3250 3327 3347 3400 per
3383 3346 3533 3384 mare
3569 3333 3669 3384 tri-

2094 3422 2228 3477 remi
2285 3422 2444 3477 rediit
2475 3439 2490 3477 :
2523 3423 2750 3492 visaque
2779 3423 2978 3477 reditio
3017 3421 3351 3491 turpissima,
3385 3429 3440 3475 et
3493 3422 3671 3475 mina-

2093 3531 2214 3570 rum
2264 3515 2480 3569 illarum
2511 3515 2813 3570 terroribus
2845 3515 3005 3586 longe
3036 3514 3336 3570 dissimilis.
3364 3514 3668 3583 Imperator

2093 3615 2220 3662 octo
2247 3605 2441 3662 diebus
2471 3621 2642 3676 prope
2668 3605 2989 3677 Byzantium
3025 3606 3385 3676 consumptis,
3415 3615 3472 3660 et
3499 3606 3669 3661 detri-

2094 3699 2296 3754 mentis
2334 3699 2664 3754 immanibus
2711 3699 2899 3764 lllatis,
2948 3698 3001 3752 in
3032 3697 3321 3753 Thraciam
3359 3713 3666 3769 regressus,

2095 3792 2358 3847 continuo
2383 3805 2573 3845 omnes
2608 3789 2790 3851 urbes,
2819 3789 3040 3843 auxiliis
3069 3804 3100 3843 e
3127 3789 3382 3860 Byzantio
3411 3791 3670 3861 despera-

2096 3884 2165 3937 tis
2185 3925 2199 3948 ,
2221 3892 2416 3952 pneter
2437 3881 2636 3935 Enum
2670 3890 2725 3936 et
2756 3881 3114 3935 ilexamilium
3147 3891 3196 3936 et
3233 3883 3572 3952 Calliopolim
3608 3901 3668 3938 se

2095 3975 2451 4043 subjicientes
2522 3974 2754 4042 accepit.
2822 3973 3150 4028 Convocatis
3208 3988 3370 4043 porro
3418 3975 3667 4028 omnium

2098 4066 2363 4137 pra-factis
2407 4066 2570 4136 622
2618 4065 2687 4119 ab
2733 4065 2977 4135 Augusta
3022 4066 3320 4131 institutis,
3389 4068 3668 4136 multaque

2097 4157 2325 4212 lenitate
2386 4172 2449 4211 ac
2500 4157 2923 4210 mansuetudine
2976 4157 3241 4226 exceptis,
3301 4159 3668 4228 mandatoque

2098 4265 2166 4303 ne
2223 4265 2384 4318 quam
2445 4262 2628 4302 rerum
2697 4264 2920 4303 suarum
2978 4249 3248 4319 iacturam
3306 4259 3664 4320 paterentur,

2096 4339 2419 4408 quibusdam
2478 4337 2606 4392 item
2640 4337 2981 4392 tenuioribus
3028 4338 3230 4392 viatico
3268 4347 3323 4392 et
3353 4339 3506 4407 equis
3541 4355 3668 4407 sup-

2105 4426 2382 4497 peditatis,
2431 4426 2752 4497 Byzantium
2792 4441 2888 4480 eos
2921 4426 3150 4489 dimisit.
3200 4427 3364 4482 etiam
3407 4435 3518 4482 tum
3573 4444 3667 4497 pa-

417 4511 554 4574 Τοὺς
581 4514 638 4565 ἐν
669 4514 906 4576 ἁπάσαις
942 4515 999 4567 δὲ
1050 4516 1317 4585 ἄρχοντας
1371 4515 1716 4584 συναγαγὼν,
1765 4515 1814 4569 οἳ
1842 4517 1991 4588 παρά

2097 4537 2216 4575 cem
2276 4535 2473 4590 rogans
2535 4535 2645 4573 non
2722 4519 3123 4589 imperatricem
3188 4522 3401 4585 solum,
3462 4523 3556 4575 sed
3611 4532 3668 4575 et

423 4603 691 4671 βασιλίδος
718 4601 860 4675 σαν
888 4609 1350 4680 ἐπιτετραμμένοι
1393 4612 1490 4674 τὰς
1529 4613 1722 4682 ἀρχὰς,
1749 4615 1844 4666 καὶ
1861 4613 1990 4665 πολ-

418 4695 516 4764 λὴν
545 4700 674 4767 περὶ
716 4700 914 4762 αὐτοὺς
944 4702 1242 4755 ἐπιείκειαν
1287 4705 1378 4757 καὶ
1424 4705 1740 4774 ήμερότητα
1788 4705 1991 4758 ἐπιδει-

417 4785 670 4852 ξάμενος,
702 4789 968 4854 κελεύσας
1003 4809 1060 4845 τε
1108 4794 1334 4863 μηδενὸς
1379 4795 1820 4866 ἀποστερηθῆναι
1881 4793 1990 4847 τῶν

415 4876 662 4940 ἐνόντων,
691 4879 854 4942 ἐνίοις
893 4880 950 4933 δέ
1009 4884 1101 4935 καὶ
1131 4882 1460 4954 ἀναλώματα
1516 4887 1613 4938 καὶ
1656 4885 1856 4948 ἵππους
1886 4901 1992 4937 πα-

417 4967 745 5038 ρασχόμενος
774 4971 889 5023 ὅσοι
929 4973 1003 5042 μὴ
1029 4973 1292 5044 εὐπόρουν
1317 4976 1395 5038 είς
1430 4975 1723 5039 Βυζάντιον
1743 4976 1993 5047 ἀπέπεμ-

415 5075 502 5118 πε,
533 5061 778 5131 περὶτῆς
802 5064 1026 5135 εἰρήνης
1045 5061 1201 5130 αὖθις
1231 5069 1293 5122 οὐ
1326 5067 1595 5136 βασιλίδος
1628 5070 1808 5138 μόνον,
1854 5069 1992 5122 ἀλλὰ

413 5151 508 5201 καὶ
572 5154 911 5224 πατριάρχου
987 5158 1078 5210 καὶ
1150 5159 1325 5212 ἄλλων
1393 5160 1644 5230 δεόμενος
1691 5160 1990 5230 ἀρχόντων,

409 5243 814 5300 τάναντιώτατα
839 5251 950 5312 τοῖς
981 5251 1156 5302 ἐκεῖσε
1187 5250 1410 5321 ἄρχουσι
1438 5253 1527 5305 διά
1570 5252 1808 5322 σπουδῆς
1862 5250 1992 5304 πολ-

411 5333 510 5403 λῆς
546 5336 830 5405 τιθέμενος
863 5344 1056 5395 ποιεῖν.
1110 5342 1368 5397 Ἐκείνων
1415 5345 1524 5415 γὰρ
1569 5345 1627 5396 ού
1662 5344 1821 5414 μόνον
1861 5343 1992 5406 τοὺς

411 5427 660 5494 φανερῶς
698 5433 950 5487 τάκείνου
981 5434 1311 5505 ᾑρημένους,
1366 5435 1503 5490 ἀλλὰ
1531 5437 1625 5488 καὶ
1651 5437 1703 5489 εί
1734 5454 1817 5500 τις
1861 5432 1990 5506 ἦθος

414 5517 698 5586 ύποφαίνοι
729 5523 867 5591 πρὸς
901 5524 969 5576 τά
996 5526 1342 5596 πραττόμενα
1375 5527 1833 5596 ἀγανακτοῦντος,
1879 5543 1966 5579 πι-

408 5607 557 5674 κρῶς
588 5611 680 5663 καὶ
706 5614 1084 5684 ἀπανθρώπως
1148 5617 1504 5683 κολαζόντων,
1534 5611 1687 5681 οὗτος
1716 5620 1827 5682 τοῖς
1863 5618 1990 5671 συλ-

409 5695 846 5772 λαμϐανομένοις
878 5708 941 5759 ἐκ
975 5709 1082 5762 τῶν
1113 5710 1530 5781 προσκειμένων
1563 5710 1819 5779 βασιλίδι,
1845 5727 1987 5780 παρ-

409 5787 585 5856 είχετο
610 5793 702 5846 καὶ
732 5797 899 5866 δῶρα,
937 5801 1026 5852 καὶ
1062 5803 1197 5870 πρὸς
1229 5801 1412 5874 ὕϐρεις
1435 5802 1662 5874 αἰσχρὰς
1712 5802 1802 5858 καὶ
1865 5803 1986 5856 ἀνε-

2095 4611 2461 4682 patriarcham
2502 4619 2558 4666 et
2597 4611 2890 4666 archontas
2941 4611 3098 4676 alios,
3159 4627 3226 4666 ex
3270 4613 3536 4667 diametro
3581 4612 3668 4667 di-

2094 4720 2249 4761 versa
2307 4705 2374 4758 ab
2408 4704 2514 4758 illis
2563 4704 2745 4758 facere
2797 4704 3170 4773 maximopere
3230 4705 3470 4759 enitens.
3533 4704 3667 4759 Nam

2097 4811 2219 4849 cum
2278 4795 2355 4849 illi
2415 4810 2520 4848 non
2572 4795 2735 4849 modo
2773 4809 2870 4850 eos
2927 4795 3018 4864 qui
3065 4804 3251 4865 aperte
3285 4785 3668 4852 (Iantactizeno

2098 4883 2364 4945 faverent,
2403 4883 2498 4938 sed
2538 4883 2584 4938 si
2623 4882 2746 4954 quis
2775 4885 2857 4938 vel
2895 4883 3149 4939 arrectum
3191 4887 3569 4940 tantummodo
3597 4891 3668 4942 ob

2094 4974 2183 5028 illa
2220 4989 2341 5043 qua:
2375 4974 2576 5028 fiebant
2614 4974 2852 5029 dolentis
2877 4975 3335 5042 subostendisset,
3373 4977 3666 5047 indignan-

2096 5072 2176 5119 tes
2222 5063 2482 5119 atrociter
2523 5065 2672 5118 illum
2745 5075 2799 5118 et
2834 5067 3210 5120 inhumaniter
3243 5068 3545 5136 punircnt:
3577 5071 3664 5124 hic

2093 5153 2268 5222 captis
2313 5154 2405 5222 qui
2463 5156 2531 5208 ab
2597 5153 2946 5223 imperatrice
3008 5164 3252 5216 starent,
3303 5157 3464 5210 etiam
3522 5159 3664 5212 dona

2094 5245 2448 5315 largiebatur.
2501 5245 2748 5315 Cumque
2802 5247 2876 5299 illi
2933 5247 3000 5300 ad
3067 5246 3211 5301 lmda
3263 5257 3319 5302 et
3374 5249 3663 5306 illiberalia

2096 5334 2344 5390 convicia
2395 5344 2451 5389 et
2501 5335 2608 5405 ipsi
2660 5346 3134 5401 converterentur,
3175 5347 3231 5392 et
3289 5339 3426 5392 alios
3470 5355 3664 5394 omnes

2094 5426 2388 5481 incitarent
2421 5442 2435 5478 :
2470 5425 2640 5492 hunc,
2681 5427 2729 5480 si
2763 5428 2887 5496 quis
2919 5439 3014 5482 aut
3047 5430 3101 5483 in
3152 5429 3518 5497 patriarcham
3571 5441 3666 5485 aut

2095 5521 2152 5576 in
2211 5536 2469 5592 magnum
2536 5521 2755 5582 ducem,
2817 5532 2912 5575 aut
2967 5523 3129 5576 alium
3184 5524 3250 5578 de
3304 5524 3664 5579 archontibus

2097 5612 2550 5668 contumeliosius
2599 5613 2880 5682 quidpiam
2928 5613 3192 5677 dixisset,
3254 5615 3661 5670 severissimum

2096 5702 2494 5773 experiebatur.
2529 5703 2939 5772 lmperatriccm
2995 5720 3212 5773 quoque
3246 5715 3301 5760 ct
3328 5707 3446 5774 ejus
3491 5706 3659 5760 ﬁlium

2095 5799 2502 5868 imperatorem,
2536 5797 2652 5867 ipso
2681 5797 2934 5868 jubente,
2962 5812 3173 5868 semper
3218 5798 3656 5856 honoriﬁcentis-
