4066 6298
341 488 481 553 H73

1474 488 1843 549 HISTORIA
1857 486 2022 547 RUM
2065 487 2297 548 LIBER
2336 488 2450 549 III.

3444 488 3585 555 1174

332 604 441 660 ὑπὸ
466 603 660 672 Βράνῳ
697 595 788 671 ἧν,
841 601 934 653 καὶ
992 602 1101 663 τοῖς
1143 599 1442 669 πράττουσι
1500 603 1569 654 τά
1616 599 1903 670 βασιλίδος.

2014 612 2125 652 non
2183 598 2360 653 solum
2411 612 2634 669 propter
2689 601 3103 659 frustrationem
3153 604 3425 665 civitatis.
3490 612 3587 662 sed

329 694 443 746 Καὶ
467 691 810 759 ’Δπόκαυχον
850 692 943 742 τὸν
972 689 1122 758 σφῶν
1153 691 1389 759 ἄρχοντα
1416 690 1736 759 πέμψαντες
1765 691 1904 761 ἧγαο

323 774 430 852 ἦνον
459 784 524 834 ἐκ
550 780 844 834 Βουκέλου.
872 780 1138 843 Βασιλεὺς
1171 781 1229 833 δέ
1288 782 1409 833 ἐπεὶ
1450 782 1681 836 ἐπύθετο
1717 782 1784 836 τά
1814 799 1904 850 γε·

328 875 630 942 γενημένα,
652 871 714 925 οὐ
748 871 982 941 μετρίως
998 870 1226 940 ἡχθετο,
1257 873 1317 925 οὐ
1367 873 1529 943 μόνον
1562 866 1662 943 τῆς
1694 873 1902 937 πόλεως

331 961 644 1031 ἀποτυχὼν,
682 959 819 1014 ἀλλά
851 962 944 1013 καὶ
1007 961 1118 1014 τῶν
1175 962 1346 1031 φίλων
1397 963 1785 1034 ἀπολλυμένων
1841 966 1905 1018 ἐκ

327 1055 427 1124 τῆς
470 1052 746 1116 ἀϐουλίας.
782 1054 1123 1123 Ἀπόκαυχος
1163 1054 1220 1108 δὲ
1249 1055 1506 1125 Μανουὴλ
1536 1057 1564 1108 ό
1593 1056 1688 1110 τοῦ
1735 1059 1906 1126 μεγάο

331 1145 424 1198 λοῦ
450 1145 638 1207 δουκὸς
670 1145 804 1210 υίὸς,
838 1144 971 1214 πρὸς
1008 1145 1232 1214 βασιλέα
1258 1147 1443 1216 κρύφα
1478 1148 1721 1218 πέμψας,
1752 1149 1905 1220 πρῶ·

331 1256 422 1291 τον
449 1238 545 1307 μὲν
574 1237 780 1306 ἔφασκε
816 1238 909 1289 καὶ
955 1238 1118 1292 αὐτὸν
1167 1234 1433 1293 ἀκούοντα
1492 1242 1642 1311 παρά
1698 1259 1758 1294 τε
1795 1243 1905 1296 τῶν

330 1324 507 1380 ἄλλων
540 1326 634 1380 καὶ
666 1325 762 1379 τοῦ
797 1328 1001 1396 πατρδς
1032 1327 1197 1384 αὐτοῦ
1238 1330 1409 1383 πολλὰ
1456 1331 1550 1387 καὶ
1588 1332 1744 1386 δεινᾶ
1770 1350 1905 1387 κατ-

329 1417 713 1489 ηγορούντων,
766 1418 1049 1472 πείθεσθαι
1117 1422 1211 1473 καὶ
1264 1421 1469 1489 αὐτὸν,
1519 1423 1613 1477 καὶ
1665 1425 1906 1494 νομίζειν

331 1511 574 1573 ἐκείνους
594 1509 902 1581 ἀληθεύειψ
932 1513 1109 1583 χρόνῳ
1137 1512 1194 1565 δέ
1220 1515 1486 1585 πρότερον
1512 1516 1714 1586 πολλῷ,
1748 1519 1906 1588 ἀκρι-

330 1601 441 1664 σῶς
470 1603 577 1653 τῶν
607 1603 908 1672 γινομένων
936 1605 1034 1666 τὰς
1067 1604 1246 1668 αἰτίας
1295 1605 1644 1674 ἐξετάζοντα,
1715 1611 1904 1665 τοῦτον

332 1690 432 1760 μὲν
460 1691 659 1754 ἀδίκως
698 1694 1098 1764 πολεμούμενον
1119 1695 1397 1765 εὑρίσκειν
1427 1741 1443 1766 ,
1477 1701 1721 1765 ἐκείνους
1752 1701 1810 1755 δὲ
1838 1703 1905 1755 τὰ

330 1781 534 1851 ἔσχατα
562 1783 881 1846 ἀδικοῦντας
903 1786 1001 1837 οὐκ
1032 1787 1195 1839 αὐτὸν
1232 1787 1414 1856 μόνον,
1440 1790 1578 1843 ἀλλά
1626 1794 1719 1844 καὶ
1762 1792 1904 1862 σύμ-

329 1891 540 1936 παντας
580 1872 881 1944 Ῥωμαίους
914 1875 1085 1940 οὕτως
1151 1878 1773 1951 ἐξανδραποδιξομένους
1810 1886 1905 1938 καὶ

328 1967 733 2034 ἀπολλυμένους
766 1969 936 2040 ἄρδην
963 1961 1051 2023 δῖᾶ
1078 1973 1180 2042 τὴν
1215 1974 1440 2027 ἐκείνων
1470 1978 1763 2047 φιλαρχίαν
1807 1978 1901 2031 καὶ

329 2059 724 2132 ἀγνωμοσύνην
756 2079 769 2092 ο
827 2062 950 2117 ὅθεν
999 2065 1093 2117 καὶ
1141 2065 1471 2133 ἀγανακτεῖν
1509 2069 1609 2121 οὐκ
1661 2071 1904 2132 ἀνεκτῶς

331 2153 469 2222 πρὸς
497 2155 607 2206 τῶν
644 2156 1036 2225 πραττομένων
1090 2158 1189 2225 τὴν
1229 2158 1481 2213 ἀτοπίαν.
1545 2159 1812 2226 Ἐλπίζων
1844 2161 1901 2214 δέ

336 2262 459 2298 τινα
491 2246 705 2315 ταχέως
736 2247 890 2300 λύσιν
915 2248 1021 2302 τῶν
1071 2250 1259 2304 κακῶν
1312 2251 1665 2322 γενήσεσθαι,
1716 2253 1905 2323 φέρειν

328 2338 429 2407 τὴν
467 2337 585 2407 μετ’
618 2337 844 2391 ἐκείνων
893 2339 1199 2411 διατριϐήν.
1246 2342 1383 2395 Νυνὶ
1417 2342 1476 2396 δὲ
1526 2344 1753 2397 ἐκείνων
1805 2347 1904 2414 μὲν

324 2430 535 2500 ὁρῶντα
567 2430 665 2498 τὴν
696 2431 975 2496 ἀπόνοιαν,
1008 2433 1104 2484 καὶ
1150 2432 1224 2495 ὡς
1256 2433 1375 2488 οὐδέ
1434 2435 1543 2489 τῶν
1590 2437 1777 2491 κακῶν
1803 2438 1908 2508 ἤδη

332 2521 711 2590 περιστάντων
737 2523 804 2575 τά
835 2522 1023 2575 δέοντα
1050 2524 1175 2595 περί
1198 2541 1257 2577 τε
1294 2526 1445 2594 σφῶν
1470 2526 1649 2580 αὐτῶν
1673 2529 1769 2580 καὶ
1797 2529 1905 2581 τῶν

332 2616 512 2668 ἄλλων
554 2614 800 2684 ἔγνωσαν
841 2616 1214 2686 βουλεύεσθαι,
1267 2618 1384 2671 ἀλλ’
1405 2619 1753 2675 ἀπωθοῦνται
1806 2622 1905 2694 τὴν

330 2707 579 2774 εἰρήνην,
609 2706 843 2774 μάλιστα
870 2705 961 2759 ὐπ’
984 2708 1148 2761 αὐτοῦ
1189 2711 1672 2783 παρακαλούμενοι
1700 2714 1790 2767 τοῦ
1823 2732 1908 2768 το-

327 2797 500 2850 σαῦτα
558 2798 655 2852 καὶ
707 2799 973 2871 πρότερον
1019 2803 1141 2856 καὶ⁶
1168 2802 1331 2873 μέχρι
1380 2804 1475 2857 νῦν
1522 2806 1903 2877 ἀδικουμένου,

327 2890 424 2941 καὶ
451 2888 559 2943 τῶν
585 2891 665 2953 είς
692 2891 853 2943 αὐτὸν
879 2891 1158 2946 τοσούτων
1216 2895 1312 2947 καὶ
1349 2895 1686 2963 τηλικούτων
1714 2900 1906 2954 δεινῶν

325 2983 710 3051 γεγενημένων
748 2984 1128 3053 παρεχομένου
1157 2986 1500 3059 ἀμνηστίαν,
1531 2991 1633 3061 τήν
1663 3008 1724 3046 τε
1761 2993 1906 3046 ἐκεί·

326 3092 435 3126 νων
459 3073 849 3145 βδελυξάμενον
870 3077 1290 3149 ἀγνωμοσύνην,
1317 3083 1410 3134 καὶ
1431 3083 1531 3153 τὴν
1571 3084 1740 3139 αὐτοῦ
1775 3087 1905 3139 θαυ-

324 3182 366 3234 μ
382 3167 576 3219 ἐσαντα
601 3166 1004 3238 μεγαλοψυχίαν
1021 3168 1114 3223 καὶ
1137 3172 1634 3245 καρτερίαν,καὶίτὸ
1651 3176 1792 3232 οὕτω
1805 3180 1906 3250 τῆς

2011 688 2174 743 etiam
2205 695 2432 760 propte’r
2460 691 2669 746 amicos
2694 693 3056 760 ipsorummet
3079 693 3309 748 stultitia
3339 694 3583 763 perditos

2008 792 2358 847 summopere
2399 778 2596 835 doluit.
2647 781 2727 836 Ad
2772 798 2935 852 quem
2967 782 3184 838 Manuel
3217 785 3585 852 Apocaucbus

2008 866 2178 932 misit,
2206 868 2300 936 qui
2351 867 2401 921 ei
2447 871 2562 923 suis
2608 871 2793 925 verbis
2838 871 3065 934 diceret,
3117 887 3176 927 se
3207 888 3430 942 quoque
3472 883 3585 927 tum

2007 966 2217 1027 patrem
2269 962 2466 1029 ipsum,
2497 972 2612 1015 tum
2643 962 2780 1017 alios
2809 964 3040 1017 multum
3067 970 3124 1017 et
3154 965 3396 1033 graviter
3422 963 3577 1019 illum

2010 1058 2332 1104 accusantes
2397 1051 2716 1107 audientem
2775 1053 3099 1120 credidisse,
3154 1069 3220 1109 ac
3282 1068 3411 1109 vera
3463 1053 3589 1108 illos

2007 1136 2157 1207 loqui
2194 1139 2494 1208 putavisse.
2529 1139 2801 1196 Caeterum
2831 1143 3155 1214 jampridem
3184 1145 3367 1200 causis
3403 1160 3588 1200 rerum

2009 1240 2267 1285 accurate
2293 1230 2581 1297 discussis,
2616 1233 2891 1289 invenisse
2915 1233 3093 1304 ipsum
3121 1234 3269 1289 nulla
3301 1251 3396 1290 sua
3424 1236 3586 1305 culpa

2008 1319 2153 1374 bello
2204 1321 2402 1377 lacessi
2433 1337 2446 1375 :
2478 1321 2600 1377 illos
2637 1330 2816 1377 autem
2857 1323 3017 1393 longe
3067 1322 3465 1393 iniquissimos,
3512 1325 3583 1378 ob

2008 1426 2250 1467 amorem
2303 1413 2647 1476 dominandi,
2686 1423 2740 1469 et
2794 1415 3199 1487 improbitatem
3251 1432 3407 1472 suam
3471 1434 3583 1472 non

2011 1503 2184 1574 ipsum
2239 1505 2421 1570 modo,
2456 1505 2554 1560 sed
2608 1506 2888 1561 Romanos
2927 1523 3121 1563 omnes
3155 1508 3209 1562 in
3263 1509 3584 1563 servitutem

2012 1606 2067 1651 et
2115 1608 2424 1651 extremum
2463 1599 2688 1653 exiliunt
2722 1601 2907 1654 conari
2950 1600 3312 1671 prmeipitare.
3353 1601 3433 1655 Ex
3475 1618 3586 1672 quo

2014 1698 2121 1742 tam
2152 1688 2365 1744 nefario
2400 1706 2591 1744 eorum
2633 1702 2831 1746 conatu
2861 1692 2960 1747 sibi
2997 1693 3341 1748 stomachum
3376 1693 3586 1749 moveri

2016 1775 2516 1832 vehementissime.
2553 1778 2718 1849 624
2750 1778 2888 1846 Quia
2920 1795 3053 1836 vero
3094 1782 3435 1848 conlidisset,
3475 1784 3585 1839 cito

2014 1866 2169 1920 malis
2219 1867 2702 1934 lineml'uturum,
2746 1870 2799 1923 in
2845 1885 3038 1925 eorum
3098 1872 3349 1928 sodalitio
3394 1889 3586 1944 perse-

2021 1970 2264 2011 verasse.
2316 1955 2474 2013 Nunc
2512 1960 2637 2029 quia
2681 1974 2872 2015 eorum
2928 1962 3233 2017 vecordiam
3269 1963 3585 2034 perspiciat,

2005 2047 2098 2117 qui
2134 2063 2314 2118 neque
2364 2050 2520 2105 malis
2553 2051 2663 2121 jam
2714 2065 2879 2120 supra
2928 2062 3094 2123 caput
3139 2056 3450 2111 astantibus
3481 2057 3584 2111 sibi

2005 2139 2234 2208 aliisque
2283 2142 2682 2197 consulendum
2725 2145 3056 2212 statuerint,
3091 2146 3187 2201 sed
3242 2162 3433 2212 pacem
3483 2163 3584 2204 re-

2009 2231 2257 2299 pudient,
2287 2232 2356 2287 ab
2385 2248 2451 2288 eo
2482 2234 2829 2304 petissimum
2856 2236 3093 2303 invitati,
3124 2237 3217 2307 qui
3249 2246 3358 2293 tam
3384 2238 3582 2294 multas

2006 2333 2061 2377 ct
2107 2340 2298 2396 graves
2346 2324 2575 2395 injurias
2628 2328 2910 2398 hucusque
2964 2330 3064 2385 sibi
3112 2330 3393 2401 impositas
3458 2347 3583 2401 per-

2008 2426 2171 2486 petua
2228 2416 2504 2472 oblivione
2548 2418 2858 2475 deleturum
2903 2421 3210 2491 promittat,
3269 2432 3327 2478 et
3389 2437 3584 2478 eorum

2007 2496 2600 2574 scelus‘exsecratum,
2645 2520 2702 2566 et
2747 2511 2868 2582 ejus
2914 2513 3191 2568 excelsum
3237 2514 3481 2569 animum
3517 2530 3582 2570 ac

2009 2599 2353 2654 tolerantiam
2403 2601 2753 2668 admiratum,
2807 2612 2864 2658 et
2910 2604 3054 2673 quod
3101 2604 3232 2660 boni
3272 2611 3583 2661 communis

2007 2689 2178 2759 gratia
2210 2705 2300 2745 res
2320 2706 2449 2747 suas
2472 2692 2609 2748 adeo
2636 2708 2745 2747 non
2774 2694 2942 2749 invite
2971 2695 3245 2765 projiciat,
3280 2711 3393 2750 non
3420 2712 3582 2767 posse

2007 2777 2076 2832 de
2114 2787 2313 2833 caetero
2351 2779 2684 2850 imperatrici
2716 2782 2903 2837 favere
2931 2822 2947 2848 ,
2981 2783 3077 2839 sed
3105 2783 3224 2853 ejus
3253 2795 3438 2856 partes
3466 2801 3586 2840 am-

2007 2869 2226 2938 plexum
2258 2871 2462 2940 potius,
2494 2871 2562 2925 ab
2591 2872 2695 2927 hac
2726 2872 2845 2944 ipsa
2886 2875 3022 2930 hora
3055 2875 3131 2930 illi
3162 2891 3330 2947 opera
3356 2877 3583 2933 inservi-

2015 2982 2220 3040 tnrum,
2251 2989 2458 3044 proque
2507 2974 2601 3030 illo
2646 2985 2701 3031 et
2751 2976 2969 3047 justitia
3015 2978 3227 3034 nullum
3281 2979 3580 3036 discrimen

2008 3074 2409 3119 recusaturum.
2457 3064 2585 3121 Ilaec
2622 3065 2715 3121 ille
2760 3066 3093 3123 clanculum.
3140 3070 3237 3125 Cui
3282 3071 3582 3141 imperator

2006 3164 2061 3207 ct
2105 3152 2173 3208 de
2222 3162 2431 3208 mutato
2480 3154 2710 3209 consilio
2755 3155 2972 3211 laudem
3029 3159 3348 3228 impertivit,
3405 3171 3460 3216 et
3510 3161 3580 3216 de

325 3259 508 3326 κοινῆς
540 3258 804 3325 ὠφελείας
822 3259 984 3313 ἕνεκα
1000 3263 1067 3314 τὰ
1100 3262 1223 3315 καθ’
1254 3263 1444 3317 ἑαυτὸν
1463 3267 1751 3336 προΐεσθαι
1769 3245 1903 3324 ἑτοί-

2010 3245 2196 3299 auimo
2227 3260 2352 3315 erga
2399 3259 2458 3298 se
2491 3253 2600 3298 tam
2649 3245 2868 3316 egregio
2914 3248 3114 3317 gratias
3169 3250 3302 3320 egit,
3345 3258 3404 3306 et
3432 3253 3579 3322 quod

325 3366 463 3416 μως,
500 3351 574 3419 μὴ
598 3351 832 3416 ἐκείνοις
865 3352 1133 3407 ἐπιπλὲον
1168 3353 1433 3409 δύνασθαι
1455 3362 1716 3413 συνεῖναιο
1774 3363 1909 3416 ἀλλά

322 3444 393 3492 τὰ
418 3442 578 3494 αὐτοῦ
596 3443 830 3513 ᾑρῆσθαι
850 3444 1073 3515 μᾶλλον,
1090 3445 1184 3499 καὶ
1199 3447 1258 3513 ἐξ
1274 3450 1442 3520 αὐτῆς
1462 3450 1530 3504 τὰ
1547 3450 1711 3506 αὐτοῦ
1734 3456 1909 3524 πράτ-

322 3549 459 3597 τειν,
484 3536 577 3587 καὶ
595 3537 1031 3605 προκινδυνεύειν
1044 3539 1210 3591 αὐτοῦ
1244 3540 1475 3609 μάλιστα
1505 3543 1790 3613 βούλεσθαι
1814 3548 1907 3602 καὶ

324 3622 418 3674 τοῦ
469 3623 699 3680 δικαίου.
734 3625 973 3680 Τοιαῦτα
1001 3628 1102 3698 μὲν
1134 3628 1468 3703 ’Δπόκαυχος
1497 3635 1525 3687 ό
1549 3634 1643 3687 τοῦ
1665 3638 1905 3704 μεγάλου

321 3713 509 3777 δουκὺς
542 3717 654 3779 υἰδς
676 3717 812 3787 πρὸς
837 3716 1064 3788 βασιλέα
1087 3721 1274 3792 κρύφα
1298 3723 1589 3794 διελέγετο.
1638 3727 1904 3793 Βασιλεὺς

320 3806 378 3859 δὲ
407 3806 606 3877 ὁμοίως
631 3810 820 3879 ἐπῄνει
859 3828 918 3864 τε
953 3813 1055 3883 τῆς
1094 3816 1357 3885 αἱρέσεως
1388 3817 1482 3872 τοῦ
1532 3820 1742 3890 ἀγαθοῦ
1767 3862 1783 3887 ,
1809 3826 1904 3878 καὶ

324 3900 555 3969 χάριτας
580 3902 681 3971 τῆς
712 3904 793 3965 εἰς
824 3903 989 3958 αὐτὸν
1014 3906 1232 3971 εὐνοίας
1264 3909 1554 3979 ὡμολόγει,
1601 3915 1695 3967 καὶ
1733 3915 1904 3983 ἀφορ-

328 3994 437 4062 μάς
459 3993 753 4066 παρείχετο
784 3995 881 4049 τοῦ
914 3997 1175 4068 πράττειν
1207 4000 1236 4053 ὅ
1268 4017 1322 4054 τι
1374 4001 1594 4058 δύναιτο
1620 4004 1764 4077 ὑπὲρ
1812 4008 1904 4060 αὐ·

322 4082 422 4136 τοῦ
461 4085 780 4157 προθύμως.
814 4089 948 4143 Μετ’
972 4091 1032 4144 οὐ
1083 4091 1286 4156 πολλὰς
1351 4093 1409 4148 δὲ
1459 4096 1698 4166 ἡμέρας,
1751 4098 1902 4152 ἀπο-

325 4175 527 4230 στάντα
555 4179 690 4247 πρὸς
723 4179 910 4248 αὐτὸν,
964 4182 1089 4238 ἐπεὶ
1121 4184 1199 4254 μὴ
1229 4187 1327 4240 καὶ
1353 4186 1454 4257 τὴν
1487 4189 1645 4253 πόλιν
1668 4188 1900 4259 ἠδύνατο

325 4269 651 4337 προσάγειν,
678 4270 804 4334 τοὺς
855 4275 1284 4345 συναιρομένους
1335 4279 1438 4331 οὐκ
1484 4279 1624 4350 ἔχων
1674 4282 1811 4353 πρὸς
1840 4282 1900 4336 τὸ

323 4359 509 4430 ἔργον,
567 4363 839 4434 πρότερον
872 4365 982 4437 γάρ
1025 4368 1194 4441 ὀλίγῳ
1244 4369 1487 4435 ἅπαντες
1539 4374 1588 4426 ot
1631 4372 1898 4441 βασιλέως

325 4449 471 4518 φίλοι
497 4451 589 4505 ὐπ’
621 4454 807 4519 ἀνοίας
836 4455 1237 4528 διεφθάρησαν,
1292 4461 1548 4531 ἀσμένως
1588 4480 1648 4517 τε
1680 4466 1897 4532 ἐδέξατο

322 4543 351 4593 ὁ
377 4542 654 4647 βασιλεὺς,
696 4548 790 4647 καὶ
821 4549 988 4618 τιμῆς
1019 4550 1219 4619 ἠξίωσε
1267 4556 1360 4607 καὶ
1404 4556 1693 4625 εὐμενείας
1744 4560 1894 4613 πλεί-
1925 4591 1966 4647 D

323 4646 476 4702 στης.
511 4634 665 4688 Μετά
697 4635 857 4691 τοῦτο
881 4638 939 4692 δὲ
981 4643 1105 4695 ἐπεὶ
1137 4645 1168 4712 ἡ
1198 4640 1487 4715 Ἀδριανοῦ
1536 4648 1891 4720 ἀνεπιχείρη-

320 4738 411 4784 τος
437 4724 651 4793 ,ἐδόκεη
694 4728 862 4801 Βιζύῃ
917 4731 1357 4802 ἐπεστράτευσεν
1408 4739 1436 4789 ὁ
1467 4737 1742 4808 βασιλεὺς,
1801 4744 1896 4796 καὶ

321 4814 547 4885 ἐπόρθει
576 4821 677 4888 τὴν
711 4819 917 4891 χώραν’
952 4825 1251 4893 πρεσϐείαν
1300 4829 1357 4882 δὲ
1382 4828 1600 4899 ἔπεμπε
1635 4833 1770 4900 πρὸς
1795 4833 1894 4903 τὴν

323 4906 504 4973 πόλιν,
540 4911 829 4978 παραινῶν
869 4914 1019 4984 αὐτῷ
1052 4918 1429 4988 παραδιδόναι,
1480 4924 1576 4976 καὶ
1608 4924 1682 4992 μὴ
1730 4925 1895 4992 κενῆς

323 4998 538 5062 ἐλπίδος
572 4999 735 5055 ἕνεκα
771 5005 1041 5077 τοσαύτην
1076 5008 1290 5078 ζημίαν.
1337 5011 1631 5081 ὑπομένειν
1654 5015 1896 5083 διαφθει-

320 5090 566 5158 ρομένων
588 5090 699 5144 τῶν
726 5092 933 5163 ἀγρῶιν
972 5099 1111 5166 μετά
1141 5101 1252 5170 γὰρ
1279 5100 1390 5154 τῶν
1424 5103 1610 5156 κακῶν
1634 5105 1733 5174 τὴν
1773 5107 1895 5158 ἐπι-

320 5181 960 5253 φορὰν,παραδώσουσιν
1012 5190 1226 5264 ἀνάγκῃ
1278 5194 1623 5260 πιεσθέντες.
1687 5198 1894 5263 Βιζύῖοι

321 5273 399 5339 δέ,
426 5274 551 5328 οὐτε
577 5276 985 5347 ἐπηγγέλλοντο
1036 5286 1181 5353 σφᾶς
1210 5285 1407 5350 αὐτοὺς
1469 5292 1563 5343 καὶ
1588 5292 1688 5358 τὴν
1739 5290 1894 5345 πόλιν

322 5365 700 5435 παραδιδόναι,
730 5369 857 5425 οὐτε
899 5373 1038 5443 πρὸς
1067 5374 1165 5446 τὴν
1197 5376 1453 5432 εἰωθυῖαν
1505 5381 1895 5452 ἀναισχυντίαν

321 5457 628 5528 ἐτράποντο
660 5462 757 5516 καὶ⁵
791 5466 888 5527 τὰς
924 5465 1135 5536 ὐσρειςο
1196 5468 1314 5522 ἀλλ’
1341 5470 1599 5540 εὐφήμως
1641 5475 1737 5527 καὶ
1788 5494 1894 5533 σω-

2013 3346 2196 3406 posset
2220 3352 2318 3408 pro
2349 3353 2409 3393 se
2438 3338 2671 3408 impigre
2697 3336 2933 3393 faciendi
2978 3341 3321 3397 occasionem
3360 3344 3578 3411 praesti-

2008 3429 2097 3483 tit.
2133 3429 2336 3485 Diebus
2362 3430 2572 3500 aliquot
2600 3430 2952 3497 intermissis,
2991 3447 3113 3486 cum
3144 3433 3210 3487 ad
3236 3448 3360 3488 eum
3395 3443 3577 3490 trans-

2009 3518 2136 3583 iret,
2184 3518 2348 3572 simul
2397 3527 2579 3573 autem
2626 3519 2816 3574 urbem
2858 3521 3077 3575 tradere
3111 3522 3386 3591 nequiret,
3430 3523 3579 3592 quod

2007 3608 2345 3663 administris
2394 3609 2558 3679 hujus
2604 3611 2786 3679 cperis
2830 3621 3043 3667 careret
3073 3613 3273 3684 (nuper
3309 3615 3580 3684 siquidem

2006 3714 2199 3754 eumes
2237 3700 2585 3771 imperatoris
2612 3703 2772 3757 amici
2808 3719 2905 3773 per
2950 3704 3321 3775 insipientiam
3354 3705 3580 3760 interie-

2008 3792 2173 3863 rant),
2217 3791 2452 3848 libenter
2488 3793 2639 3848 illum
2678 3794 2907 3864 accepit,
2927 3809 3252 3861 summoque
3278 3797 3489 3852 honore
3522 3806 3582 3852 et

2003 3896 2171 3967 gratia
2213 3897 2467 3966 dignatus
2500 3906 2603 3953 est.
2652 3897 2860 3953 Deinde
2898 3900 3158 3968 quoniam
3187 3900 3577 3972 Adriauopolis

2003 3985 2306 4040 invadenda
2339 4001 2451 4040 non
2499 3984 2806 4053 videbatur,
2856 3987 3073 4059 Bizyam
3127 3989 3317 4055 movit,
3356 4006 3579 4062 agrum-

2001 4091 2108 4146 que
2167 4077 2422 4134 vastavit.
2482 4076 2779 4148 Legatione
2834 4094 3000 4150 porro
3055 4080 3125 4136 ad
3173 4082 3322 4137 cives
3384 4084 3575 4150 inissa,

2003 4169 2254 4224 hortatus
2302 4178 2387 4225 est
2424 4185 2544 4234 eos,
2577 4171 2651 4226 uti
2689 4186 2811 4226 sese
2857 4171 3143 4239 dederent,
3183 4189 3323 4229 neve
3353 4185 3575 4245 propter

2003 4260 2216 4315 inanem
2251 4275 2405 4331 spem
2447 4269 2597 4317 tanta
2643 4263 2789 4330 agris
2818 4262 3148 4318 detrimenta
3179 4264 3371 4320 inferri
3404 4266 3574 4322 susti-

2001 4359 2201 4407 nerent
2233 4367 2249 4405 :
2282 4367 2349 4407 eo
2402 4352 2550 4407 enim
2595 4353 2941 4422 compulsum
2984 4353 3074 4422 iri,
3125 4363 3183 4408 ut
3225 4356 3391 4412 etiam
3447 4367 3576 4429 post

1998 4440 2358 4496 vastationem
2395 4457 2461 4497 se
2507 4442 2790 4497 dederent.
2828 4442 3121 4514 Bizyenses
3168 4460 3348 4516 neque
3386 4464 3448 4504 se
3480 4464 3574 4503 ur-

1998 4532 2123 4587 bem
2179 4532 2465 4588 dedituros
2522 4532 2834 4604 spondere,
2904 4549 3080 4604 neque
3132 4536 3202 4591 ad
3272 4540 3575 4595 solemnem

1996 4621 2386 4693 impudentiam
2423 4630 2479 4678 et
2514 4622 2871 4678 contumelias
2895 4621 3189 4694 confugere
3228 4664 3244 4688 ,
3289 4623 3385 4679 sed
3424 4625 3575 4696 lega-

1997 4718 2201 4769 tionem
2231 4713 2462 4769 honeste
2512 4713 2866 4785 modesteqne
2894 4714 3143 4783 rejicere.
3187 4714 3360 4770 Batus
3387 4726 3572 4777 autem

1995 4806 2295 4874 imperator
2359 4805 2693 4876 agnitionem
2741 4807 2995 4878 beneﬁcii
3039 4808 3367 4880 principium
3422 4808 3574 4867 dedi-

1997 4908 2160 4963 tionis
2214 4907 2331 4963 l‘ore
2360 4908 2710 4978 (observabat
2743 4912 2891 4966 enim
2928 4922 3153 4983 propter
3186 4913 3571 4969 assiduitatem

1995 5000 2372 5057 incursionnm
2402 5003 2861 5073 vexationumque
2922 5006 3180 5075 paulatim
3211 5021 3308 5063 eos
3339 5005 3409 5061 de
3444 5020 3569 5074 per-

1996 5091 2195 5144 tinacia
2230 5091 2507 5145 remittere
2546 5106 2610 5146 ac
2654 5093 3218 5161 cedere).exercitum
3260 5110 3423 5164 quam
3459 5110 3557 5150 ce-

1993 5182 2212 5237 lerrime
2272 5181 2672 5237 removendum
2732 5186 2993 5249 censuit.
3060 5193 3119 5238 ut
3177 5200 3355 5256 neque
3417 5188 3571 5255 regio

1992 5283 2320 5339 vastaretur,
2352 5274 2514 5342 paulo
2547 5284 2670 5344 post
2704 5275 2758 5329 in
2804 5292 2957 5333 suam
2984 5276 3244 5332 ditionem
3294 5287 3523 5331 ventura
3550 5319 3567 5342 ,

1994 5374 2051 5421 et
2108 5363 2210 5433 ipsi
2262 5364 2612 5418 securitatem
2648 5365 2855 5435 adepti,
2903 5367 3143 5422 salubria
3192 5368 3298 5424 sibi
3335 5370 3567 5424 medita—

1998 5467 2207 5522 rentur,
2241 5465 2294 5511 et
2332 5455 2509 5525 Apros
2549 5459 2791 5513 revertit.

320 5550 538 5621 φρόνως
580 5552 890 5610 ἀπείπαντο
934 5557 1031 5629 τὴν
1075 5559 1395 5630 πρεσϐείαν.
1455 5563 1710 5634 Νομίσας
1746 5568 1805 5622 δέ
1862 5575 1891 5627 ὁ
1932 5569 2186 5645 βασιλεὺς
2217 5568 2395 5639 ἀρχὴν
2463 5569 2912 5640 προσχωρήσεως
2953 5565 3218 5640 εἶναιτὴν
3286 5572 3566 5645 εὐγνωμο·

325 5646 522 5715 σύνην,
569 5645 822 5719 συνεώρα
896 5651 1007 5722 γὰρ
1048 5652 1427 5718 ὐπενδιδόντας
1489 5656 1628 5727 πρὸς
1698 5662 1800 5726 τὰς
1874 5667 2121 5736 συνεχεῖς
2179 5663 2402 5733 ἐφόδους
2459 5665 2559 5718 καὶ
2631 5662 2730 5733 τὴν
2795 5662 3060 5729 κάκωσιν,
3111 5664 3252 5733 ἔγνω
3302 5667 3413 5723 δεῖν
3464 5672 3564 5740 τὴν

323 5738 585 5810 στρατιὰν
605 5740 840 5810 ἀπάγειν
895 5743 994 5814 τὴν
1043 5748 1327 5818 ταχίστην,
1364 5749 1452 5803 ἴνα
1493 5751 1632 5819 μήτε
1670 5752 1704 5822 ἠ
1738 5753 1893 5825 χώρα
1929 5755 2315 5825 διαφθείροι-το,
2338 5754 2609 5825 μέλλουσα
2639 5754 2885 5825 γίνεσθαι
2944 5755 3067 5833 μετ’
3097 5756 3275 5826 ὀλίγον
3315 5759 3408 5813 ὐπ’
3464 5738 3536 5820 αὐ

322 5836 439 5901 τὸν,
476 5835 632 5891 αὐτοί
669 5852 731 5890 τε
793 5837 1051 5908 τυχόντες
1098 5840 1303 5910 ἀδείας,
1359 5846 1429 5899 τά
1457 5843 1646 5899 δέοντα
1678 5848 2060 5915 βουλεύσαιντο
2103 5850 2232 5919 περὶ
2267 5850 2435 5918 σφῶν,
2466 5851 2559 5903 καὶ
2579 5849 2912 5919 ἀνέστρεφεν
2945 5851 3021 5914 είς
3062 5849 3314 5922 Ἀ.ττριῖ’›ν.⁴
