4066 6298
266 378 406 448 ΜΠ

1396 379 1948 444 HISTORIARUM
1989 385 2222 459 LIBER
2267 388 2384 450 HI.

3388 388 3528 455 1178

259 495 354 551 δύο
409 508 469 548 τε
522 491 630 547 τῶν
662 491 902 563 ἀρίστων
961 491 1378 566 ἀπολεξάμενοι,
1416 496 1511 551 καὶ
1541 495 1636 551 τοῦ
1666 496 1838 567 δήμου

1948 506 2328 573 unpemm'e‘m
2366 502 2607 570 mittunt,
2640 509 2697 558 et
2733 499 2920 557 urbem
2975 497 3195 556 tradunt
3223 516 3238 554 :
3266 498 3526 558 fatentur-

259 590 358 645 καὶ
391 588 489 657 τῆς
515 585 845 655 Ἐκκλησίας
872 586 1160 651 τοσούτους
1187 587 1432 659 ἐτέρους,
1452 588 1586 659 πρὸς
1620 588 1845 659 βασιλέα

261 677 528 750 πρέσϐεις
552 676 821 745 ἔπεμπον,
852 677 948 731 καὶ.
976 677 1076 749 τὴν
1126 677 1280 731 πόλιν
1312 679 1670 750 παρεδίδουνο
1709 679 1847 750 ἐφα-

266 787 370 825 σαν
413 769 470 824 δὲ
502 769 600 823 καὶ
631 770 787 823 αὐτοὶ
819 769 1086 841 πρότερον
1127 768 1228 841 μὲν
1281 770 1388 831 ὑπὸ
1421 771 1529 825 τῶν
1563 772 1846 843 ἀρχόντων

261 861 697 933 ἐξηπατημένοι,
730 860 1132 933 ἀγνωμοσύνην
1184 878 1245 915 τε
1283 861 1449 917 αὐτοῦ
1496 864 1844 934 κατηγορεῖν,

264 954 359 1008 καὶ
387 951 682 1021 ἐπιϐουλὴν
722 953 820 1006 καὶ
851 952 1147 1023 προδοσίαν
1174 953 1432 1023 ἐγκαλεῖν
1452 953 1562 1008 τῶν
1582 954 1846 1026 βασιλέως

268 1044 498 1098 παίδων.
556 1044 710 1097 Ἐπεὶ
766 1043 823 1098 δὲ
870 1044 963 1098 τοῦ
995 1045 1190 1117 χρόνου
1245 1045 1593 1117 τριϐομένου,
1648 1047 1845 1100 ἐκεῖνοι

267 1134 735 1205 συκοφαντοῦντες
777 1137 1169 1194 ἀπεδείκνυντο
1213 1138 1310 1194 καὶ
1346 1139 1418 1195 τά
1462 1139 1700 1211 μέγιστα
1723 1140 1849 1213 ἠδιο

266 1227 523 1297 κηκότες,
557 1225 719 1294 αὐτὸς
750 1226 807 1280 δὲ
832 1227 1192 1297 ἀδικούμενος
1211 1229 1307 1283 καὶ
1336 1228 1847 1300 ἐπιϐουλευόμενος,

266 1316 365 1369 κοιλ⁸
393 1315 548 1368 οὐδὲν
582 1316 828 1380 ἐπιεικὲς
863 1317 1104 1387 ἀκούων,
1162 1318 1356 1375 ἔπειτα
1398 1321 1495 1375 καλ⁸
1524 1320 1626 1390 τὴν
1657 1319 1847 1391 κοινὴν

264 1406 503 1477 ἐρῶντες
553 1407 975 1481 πανωλεθρίαν,
1036 1409 1070 1481 ἢ
1122 1410 1304 1481 ὀλίγου
1377 1412 1492 1467 δεῖν
1541 1410 1848 1482 Ῥωμαίους

265 1496 514 1561 ἅπαντας
542 1497 874 1571 διέφθειρεν,
895 1500 1188 1567 ἀκούοντές
1217 1521 1278 1558 τε
1309 1504 1401 1559 καὶ
1430 1505 1597 1560 αὐτὸν
1619 1505 1707 1559 ἀεὶ
1739 1504 1850 1558 δεό-

269 1602 436 1654 μενον
493 1589 623 1658 περὶ
669 1591 918 1661 εἰρήνης,
972 1592 1218 1659 ἐκείνους
1261 1595 1321 1649 δὲ
1354 1596 1717 1668 αἱρουμένους
1754 1595 1847 1650 τὸν

263 1678 537 1733 τοσούτων
572 1680 746 1735 αίτιον
773 1681 1010 1754 πόλεμον
1040 1686 1249 1753 κακῶν,
1276 1686 1428 1741 δεινά
1455 1687 1554 1759 μὲν
1588 1686 1845 1760 ἡγεῖσθαι

265 1771 336 1823 τὰ
367 1770 741 1842 πραττόμενα,
784 1773 878 1829 καὶ
933 1776 1356 1848 προθυμεῖσθαι,
1379 1780 1449 1833 ἐί
1498 1796 1583 1845 τις
1612 1779 1845 1850 δύναμις

266 1861 421 1930 ἐνῆν,
462 1860 614 1914 λύσιν
662 1864 784 1919 τινὰ
819 1864 1158 1939 ἐξευρίσκειν
1205 1869 1314 1924 τῶν
1344 1871 1555 1928 κακῶν.
1609 1871 1769 1927 Ἐπεὶ
1798 1871 1843 1925 δ’

265 1956 454 2015 αὐτοῖς
479 1952 638 2006 τοῦτο
667 1955 770 2009 οὐκ
804 1957 862 2010 ἐν
890 1958 1119 2029 ἐφικτῷ,
1156 1961 1283 2025 τοὺς
1316 1961 1420 2032 μὲν
1449 1962 1645 2029 ἄλλους
1666 1962 1843 2018 ἃπαν-

263 2059 366 2106 τας
399 2043 497 2112 τῆς
531 2049 821 2118 συμφορᾶς
849 2050 1163 2121 οἰκτείρειν.
1195 2052 1389 2117 αὐτοὺς
1417 2054 1474 2108 δέ
1500 2057 1569 2109 τὰ
1591 2053 1843 2124 λυσιτελῆ

266 2135 692 2208 βουλευομένους
722 2141 938 2210 ἑαυτοῖς
960 2186 973 2208 ,
1006 2144 1267 2218 ψήφισμα
1317 2146 1650 2219 ποιήσασθαι
1673 2163 1846 2218 προσ-

263 2230 467 2299 χωρεῖν
509 2230 757 2297 ἑκόντας,
798 2234 894 2289 καὶ
936 2236 1038 2309 τὴν
1059 2238 1212 2292 πόλιν
1243 2240 1615 2311 παραδιδόναι,
1644 2241 1738 2294 καὶ
1768 2239 1844 2312 μὴ

262 2321 364 2391 τῆς
393 2322 596 2392 ἐτέρων
622 2325 810 2391 ἀνοίας
843 2328 1123 2384 ἀποτίνειν
1172 2333 1372 2396 αὐτοὺς
1399 2332 1578 2396 δίκας.
1607 2332 1845 2397 Τοιαῦτα

270 2413 370 2483 μέν
400 2415 450 2469 oi
473 2417 680 2481 Βιζύῖοι
720 2422 1075 2492 ἐπρέσϐευον.
1110 2426 1378 2491 Βασιλεὺς
1428 2427 1487 2480 δὲ
1519 2427 1622 2498 τῆς
1648 2428 1844 2481 εὐϐου-

266 2503 389 2569 λίας
419 2505 735 2575 ἐπαινέσας,
766 2515 887 2575 τοῖς
911 2530 971 2567 τε
1005 2517 1273 2587 πρέσϐεσι
1319 2518 1467 2588 δῶρα
1518 2518 1840 2590 παρασχὼν,

265 2592 402 2667 ἦλθε
457 2600 592 2669 πρὸς
624 2602 722 2674 τὴν
777 2605 977 2671 πόλιν,
1038 2610 1344 2678 ἑπομένους
1393 2610 1535 2681 ἔχων
1589 2611 1845 2676 καὶτοὺς

268 2690 551 2760 πρέσϐεις,
584 2696 677 2747 καὶ
701 2698 728 2750 ὁ
748 2696 919 2767 δῆμος
946 2700 1090 2764 ἄπας
1120 2701 1260 2770 μετά
1284 2700 1393 2755 τῶν
1426 2702 1664 2774 ἀρίστων
1690 2703 1847 2774 ἐξῆλ-

269 2781 361 2836 θεν
408 2784 752 2855 ὑπαντήσων.
806 2789 962 2845 Ἐπεὶ
1018 2791 1078 2845 δέ
1143 2793 1363 2861 ἐγένετο
1409 2793 1580 2862 ἐγγὺς
1636 2794 1842 2863 πυλῶν,

268 2876 463 2945 πρῶτα
490 2879 588 2947 μὲν
621 2881 873 2935 ἐκέλευεν
904 2884 1109 2938 Ἀνναν
1138 2884 1238 2956 τὴν
1271 2884 1519 2956 βασιλίδα
1549 2887 1845 2959 εὐφημεῖν,

267 2967 365 3020 καὶ
393 2971 510 3036 μετ’
536 2971 753 3042 ἐκείνην
781 2972 1009 3043 βασιλέα
1062 2977 1156 3030 τὸν
1203 2978 1341 3043 υἱὸν,
1393 2979 1609 3050 τρίτους
1635 2981 1692 3034 δὲ
1724 2983 1844 3052 μετ’

270 3058 531 3126 ἐκείνους,
565 3063 726 3118 αὐτόν
754 3081 815 3118 τε
843 3067 937 3120 καὶ
974 3068 1213 3138 Είρήνην
1248 3068 1496 3140 βασιλίδα
1522 3073 1624 3144 τὴν
1657 3075 1846 3140 γυναῖ-

1950 609 2057 665 que
2080 602 2138 650 et
2164 595 2291 665 ipsi,
2316 610 2376 651 se
2410 596 2564 666 prius
2586 609 2616 649 a
2648 592 2918 665 prarfectis
2951 591 3101 646 illum
3135 607 3230 660 pro
3258 591 3527 664 improbo,

1947 696 2003 742 et
2043 686 2384 754 insidiatore,
2445 695 2501 742 et
2554 683 2899 756 imperatoris
2957 683 3192 737 filiorum
3253 683 3577 754 proditore,

1947 778 2335 835 accusantibus
2391 778 2610 834 delusos
2661 791 2804 831 esse.
2827 774 2896 828 At
2943 782 3229 843 postquam
3282 781 3528 843 tempore

1946 872 2278 942 procedente
2306 871 2426 926 illos
2472 869 2896 926 calumniatores
2921 866 3093 923 fuisse
3119 864 3526 934 iuiquissimos,

1947 966 2237 1036 ipsumque
2270 962 2533 1032 injuriose
2570 969 2627 1017 et
2651 961 2911 1017 insidiose
2954 966 3243 1013 tractatum
3274 964 3331 1012 et
3358 956 3526 1010 male-

1948 1057 2111 1114 dictis
2167 1054 2440 1111 confixum
2507 1053 2885 1125 apparuisset,
2956 1064 3192 1122 cumque
3261 1048 3531 1104 vidissent

1947 1165 2297 1208 communem
2345 1156 2580 1220 pestem,
2629 1162 2736 1216 qua
2779 1144 3012 1201 Romani
3044 1158 3186 1214 pene
3215 1156 3407 1197 omnes
3440 1141 3530 1194 in-

1944 1241 2218 1307 'terierint,
2249 1248 2305 1294 et
2336 1237 2827 1307 audissent’ipsum
2860 1249 3048 1307 pacem
3083 1234 3204 1289 sine
3244 1228 3528 1286 intermis-

1948 1334 2102 1391 sione
2155 1332 2419 1401 ﬂagitare,
2473 1329 2597 1384 illos
2646 1336 2838 1384 contra
2887 1325 3086 1381 bellum
3132 1330 3210 1379 tot
3260 1321 3526 1377 malorum

1948 1426 2168 1480 causam
2198 1421 2320 1493 paci
2363 1420 2644 1492 praeferre,
2685 1416 2925 1490 graviter
2954 1416 3165 1478 tulisse,
3200 1421 3532 1487 paratosque

1948 1518 2016 1571 ad
2050 1514 2350 1570 remedium
2388 1512 2554 1567 tantis
2577 1510 2840 1565 arumnis
2883 1508 3227 1564 afferendum
3258 1504 3449 1569 fuisse,
3483 1501 3531 1556 si

1948 1606 2113 1663 modo
2145 1605 2313 1660 ullum
2350 1600 2600 1658 invenire
2636 1599 2965 1671 potuissent.
2990 1596 3098 1652 Sed
3128 1593 3385 1666 quoniam
3419 1604 3532 1645 non

1949 1712 2013 1753 ea
2063 1703 2209 1751 esset
2268 1695 2511 1764 ipsorum
2565 1691 2814 1756 facultas,
2863 1689 3096 1742 aliorum
3156 1676 3403 1739 omnium
3457 1680 3533 1734 ita

1950 1789 2275 1846 amictorum
2309 1783 2688 1843 misericordia
2730 1780 3063 1837 commoveri
3091 1795 3106 1832 :
3134 1785 3191 1833 et
3227 1788 3287 1832 ut
3315 1773 3534 1829 sibimet

1952 1881 2351 1954 prospicerent,
2411 1876 2723 1933 decrevisse
2789 1875 2847 1930 in
2913 1873 3036 1943 ejus
3091 1886 3151 1927 se
3208 1872 3532 1940 potestatem

1952 1974 2097 2031 ultro
2124 1987 2251 2028 cum
2274 1970 2405 2025 urbe
2442 1968 2678 2032 tradere,
2712 1981 2783 2021 ne
2828 1964 3019 2020 alienae
3052 1960 3305 2017 amentia:
3344 1971 3535 2028 poenas

1944 2065 2123 2127 luant.
2155 2061 2278 2117 Haec
2308 2061 2626 2132 Bizyenses.
2666 2057 2970 2128 Imperator
3009 2056 3242 2124 probato
3274 2060 3382 2104 tam
3416 2049 3530 2103 lau-

1951 2157 2116 2213 dabili
2152 2154 2382 2210 consilio
2412 2155 2620 2224 legatos
2648 2155 2990 2211 muneratur,
3021 2154 3076 2200 et
3100 2143 3165 2199 iis
3189 2154 3531 2212 prosequen-

1952 2250 2097 2307 tibus
2145 2249 2215 2305 ad
2258 2249 2449 2305 urbem
2503 2245 2715 2300 fertur:
2748 2243 2838 2297 cui
2888 2240 3043 2312 plebs
3104 2237 3355 2294 universa
3404 2248 3531 2288 cum

1951 2343 2307 2417 optimatibus
2333 2354 2393 2396 se
2419 2338 2637 2395 obviam
2679 2335 2928 2391 effundit.
2951 2331 3055 2388 Ubi
3086 2330 3153 2386 ad
3180 2338 3363 2417 portas
3407 2325 3530 2417 fuit,

1950 2411 2188 2507 primum
2248 2428 2470 2501 quidem
2520 2425 2693 2482 Annae
2746 2419 3115 2494 imperatrici,
3172 2414 3370 2471 deinde
3422 2411 3534 2465 filio

1952 2504 2070 2597 ejus
2100 2522 2438 2593 imperatori,
2479 2527 2755 2591 postremo
2805 2514 2905 2569 sibi
2951 2521 3006 2567 et
3040 2508 3194 2564 uxori
3229 2521 3341 2562 sua:
3360 2504 3533 2559 lreua:

1952 2595 2194 2673 faustum
2230 2611 2516 2667 acelamari
2573 2607 2758 2680 jussit,
2808 2604 2955 2675 quod
3006 2601 3272 2656 fecerunt.
3326 2595 3531 2649 Eodem

1953 2707 2115 2762 modo
2149 2720 2250 2775 per
2294 2703 2427 2759 alias
2461 2701 2623 2756 urbes
2671 2698 2812 2762 fieri,
2844 2705 2898 2751 et
2941 2695 3085 2750 inter
3115 2685 3531 2747 sacrificandum

1952 2797 2207 2853 similiter
2237 2795 2633 2865 imperatorum
2670 2790 3004 2845 mentionem
3037 2781 3302 2840 celebrari
3337 2777 3529 2835 voluit.

1954 2890 2150 2947 Statim
2187 2889 2351 2959 igitur
2381 2900 2489 2941 non
2520 2897 2689 2954 pauca
2708 2880 2762 2935 in
2799 2879 3033 2935 circuitu
3058 2874 3255 2946 oppida
3278 2882 3530 2926 accesse-

1952 2991 2101 3046 runt,
2165 2981 2365 3051 quibus
2408 2976 2637 3048 singulis
2692 2975 2986 3044 imperator
3033 2966 3317 3039 pmfectos
3363 2960 3530 3022 dedit.

1951 3087 2251 3143 earumque
2296 3080 2496 3127 statum
2538 3082 2658 3138 quae
2688 3065 2894 3136 Optima
2933 3062 3048 3117 visa
3069 3067 3155 3114 est
3182 3057 3392 3111 ratione
3414 3053 3531 3108 for-

396 3154 487 3249 καὶ
519 3154 750 3249 ἐτελεῖτο
783 3158 817 3226 ἠ
853 3157 1099 3230 εὐφημία
1127 3163 1269 3215 κοιτά
1299 3163 1367 3216 τὰ
1406 3165 1841 3236 κεκελευσμένα.

1952 3166 2143 3224 mavit.
2181 3163 2358 3235 Byzia:
2407 3159 2714 3215 Manuelem
2744 3158 3005 3219 Asanem,
3035 3148 3222 3205 uxoris
3271 3161 3384 3202 suae
3417 3144 3529 3199 fra-

268 3240 376 3296 Τδν
416 3242 528 3296 ίσον
550 3244 607 3298 δέ
633 3246 833 3315 τρόπον
862 3251 969 3301 κάν
1013 3252 1135 3313 ταῖς
1168 3251 1359 3317 ἄλλαις
1388 3254 1609 3307 πόλεσιν
1636 3254 1842 3308 ἐποίει·

267 3332 364 3386 καὶ
396 3334 534 3403 μετὰ
563 3335 661 3398 τὰς
710 3338 863 3407 ίεράς
913 3343 1306 3411 μυσταγωγίας
1353 3346 1556 3415 ὁμοίως
1595 3347 1692 3416 τὴν
1733 3347 1844 3400 τῶν

270 3425 537 3494 βασιλέων
572 3430 794 3501 μνήμην
825 3432 1042 3486 ἐκέλευε
1089 3436 1385 3492 ποιεῖσθαι.
1415 3436 1594 3501 Εὐθὺς
1627 3440 1726 3508 μὲν
1752 3438 1845 3492 οῦν

270 3520 660 3590 προσεχώρουν
687 3524 780 3577 καὶ
818 3523 885 3578 τὰ
921 3527 1050 3596 περὶ
1082 3526 1286 3599 Βιζύην
1318 3529 1570 3600 πολίχνια
1598 3529 1727 3585 ὄντα
1747 3533 1846 3585 οὐκ

265 3610 446 3680 ὀλίγα,
492 3616 586 3667 καὶ
634 3616 801 3668 πᾶσιν
845 3616 874 3669 ό
907 3616 1164 3687 βασιλεὺς
1211 3619 1405 3690 ἐφίστη
1457 3623 1704 3692 ἡγεμόνα
1753 3626 1848 3679 καὶ

267 3701 478 3773 διῴκει,
574 3705 727 3777 αὐτῷ
776 3706 949 3761 ἐδόκει
992 3708 1214 3779 ἄριστα.
1262 3710 1466 3782 Βιζύης
1500 3712 1566 3785 δὴ
1603 3715 1846 3785 ἄρχοντα

267 3798 571 3870 κατέστησε
601 3801 693 3854 τὸν
741 3804 1003 3870 γυναικὸς
1063 3804 1290 3875 ἀδελφὸν
1335 3806 1568 3874 Ἀσάνην
1596 3807 1689 3860 τὸν
1723 3808 1846 3861 Μα-

266 3890 451 3961 νουήλ.
481 3886 590 3944 Ἦν
615 3892 723 3964 γάρ
749 3909 873 3946 τινα
904 3895 999 3949 καὶ
1037 3896 1349 3968 οίκειότητα
1384 3897 1522 3969 πρὸς
1556 3898 1662 3969 τὴν
1688 3899 1846 3951 πόλιν

268 3983 508 4053 ἀρχαίαν
524 3984 684 4056 ἔχων.
716 3986 1165 4073 Πρωτρστράτωρ
1187 3989 1296 4060 γάρ
1321 3990 1349 4042 ὁ
1372 3992 1565 4043 τούτου
1583 3989 1847 4060 πενθερὸς

267 4076 387 4127 ἐκεῖ
410 4074 508 4146 τὴν
538 4078 717 4130 οίκίαν
762 4077 902 4148 ἔχων
948 4078 1206 4151 ἐξαρχῆς,
1242 4081 1467 4152 κτήσεις
1495 4098 1555 4136 τε
1586 4079 1846 4145 πλείστας

270 4166 366 4219 καὶ
400 4169 644 4238 μεγάλας
667 4167 814 4242 εἶχεν
843 4172 902 4225 ἐν
936 4174 1099 4246 αὐτῇ,
1146 4174 1240 4227 καὶ
1265 4173 1376 4229 τῶν
1403 4175 1709 4244 συγγενῶν,
1749 4180 1846 4230 καὶ

268 4260 380 4313 τῶν
435 4263 649 4316 οἰκείων
694 4266 814 4318 ἐκεῖ
853 4264 1042 4319 πολλοὶ.
1094 4264 1400 4337 κατῴκουν,
1434 4267 1524 4337 ὑφ’
1573 4261 1649 4322 ὧν
1680 4269 1845 4340 ἤγετο

271 4347 459 4418 σχεδὸν
488 4351 520 4420 ή
546 4352 720 4415 πόλις.
767 4352 868 4407 Διά
899 4354 1105 4425 ταύτην
1133 4356 1196 4426 δὴ
1222 4356 1324 4427 τὴν
1351 4357 1669 4427 οἰκειότητα
1705 4359 1845 4428 πρὸς

271 4440 756 4511 πρωτοστράτορα,
786 4442 882 4494 τὸν
910 4442 1162 4514 γαμϐρὸν
1193 4445 1378 4508 αὐτοῖς
1409 4446 1711 4516 ἐπέστησεν
1737 4446 1842 4517 ἄρ-

1949 3270 2087 3315 trem
2139 3255 2452 3327 praefectum
2498 3249 2734 3318 delegit,
2775 3245 2863 3302 cui
2909 3252 3068 3298 vetus
3112 3239 3358 3310 quaedam
3403 3250 3525 3290 cum

1945 3351 2161 3407 civibus
2193 3347 2302 3402 illis
2329 3341 2643 3412 conjunctio
2677 3333 3095 3394 consuetudinis
3126 3327 3522 3385 intercedebat.

1944 3441 2107 3513 627
2138 3438 2511 3494 Protostrator
2555 3433 2757 3504 quippe
2802 3428 2924 3497 ejus
2968 3440 3128 3480 socer
3160 3423 3272 3478 illic
3301 3419 3529 3475 domici-

1945 3511 2078 3590 lium
2113 3531 2181 3587 ab
2224 3529 2404 3591 initio,
2437 3527 2753 3594 multasque
2791 3527 2848 3576 et
2899 3517 3106 3587 amplas
3154 3511 3528 3584 possessiones

1946 3624 2202 3681 habebat.
2238 3620 2508 3674 Praeterea
2559 3619 2919 3685 cognatorum
2947 3616 3002 3662 et
3032 3601 3379 3660 familiarium
3409 3598 3528 3668 ejus

1947 3719 2257 3789 complures
2317 3713 2391 3769 ibi
2423 3711 2760 3772 incolebant,
2795 3722 2825 3761 a
2873 3704 3073 3774 quibus
3120 3699 3294 3755 ferme
3337 3695 3528 3751 civitas

1947 3786 2453 3865 administrabatur.
2511 3802 2596 3856 Ob
2656 3801 2798 3853 hanc
2853 3795 3021 3865 igitur
3098 3786 3524 3845 familiaritatem

1947 3900 2196 3972 conjugis
2245 3911 2358 3953 suae
2407 3906 2727 3966 germanum
2778 3885 3079 3943 blanueiem
3114 3882 3348 3936 Asanem
3389 3890 3528 3946 prte-
3582 3864 3587 3869 ’

1946 3969 2149 4049 fectum
2203 3989 2355 4059 ipsis,
2388 3998 2449 4042 ut
2498 3985 2836 4044 dicebamus,
2870 3975 3174 4032 constituit.
3206 3969 3340 4024 Nam
3397 3982 3525 4035 pro-
3620 4010 3629 4025 τ

1949 4057 2377 4150 ιοειταιοτ-βοει
2431 4074 2801 4133 secessionem
2854 4070 2924 4124 ab
2987 4068 3317 4134 imperatore
3378 4057 3524 4129 apud

1946 4174 2417 4246 Gynaecocastrum
2464 4181 2496 4222 a
2532 4178 2731 4233 magno
2759 4164 2900 4217 duce
2936 4156 3156 4229 egregie
3195 4152 3524 4214 ludificatus,

1946 4244 2009 4324 et
2029 4267 2171 4320 inter
2210 4260 2487 4332 principes
2534 4257 2832 4311 amicorum
2884 4259 3195 4321 cooptatus,
3251 4244 3525 4317 pauloque

1946 4368 2071 4432 post
2127 4351 2579 4427 protovestiarius
2625 4348 2952 4410 declaratus,
3005 4349 3192 4412 postea
3238 4334 3382 4393 domi
3411 4348 3524 4387 sua:

1946 4424 2213 4511 inclusus,
2242 4452 2297 4501 et
2327 4442 2569 4498 tenebris
2592 4439 2844 4497 similiter
2887 4443 2947 4489 ut
2974 4432 3064 4488 alii
3095 4429 3337 4497 ejusdem
3363 4424 3523 4481 ducis

269 4546 386 4600 χειν
418 4531 757 4601 Ἀσάνηντὸν
782 4533 1060 4606 Μανουήλ.
1099 4536 1543 4608 Πρωτοστράτωρ
1563 4537 1672 4610 γὰρ
1702 4537 1840 4608 μετά

1949 4539 2107 4596 amici
2142 4539 2450 4597 damnatus,
2502 4534 2577 4588 ita
2623 4530 2812 4602 perdiu
2860 4529 2914 4583 in
2944 4526 3157 4582 aedibus
3188 4521 3308 4577 suis
3334 4527 3523 4574 custo-

268 4618 369 4688 τὴν
422 4621 481 4673 ὲν
514 4622 977 4701 Γυναικοκάστρῳ
1015 4627 1110 4680 τοῦ
1168 4631 1436 4700 βασιλέως
1487 4632 1841 4703 ἀναχώρησιν

1948 4635 2114 4697 ditus,
2140 4632 2358 4686 tandem
2395 4640 2560 4699 egens
2608 4632 2663 4679 et
2691 4619 2912 4677 infamis
2942 4633 3008 4674 ex
3037 4616 3255 4686 copioso
3281 4622 3338 4669 et
3395 4612 3526 4666 illu-

271 4710 378 4764 ὐπδ
434 4714 669 4783 μεγάλου
723 4715 918 4781 δουκὸς
976 4719 1150 4774 πολλὰ
1213 4724 1584 4792 φενακισθεὶς,
1620 4726 1714 4780 καὶ
1764 4727 1844 4789 είς

269 4804 398 4864 τοὺς
429 4804 681 4875 πρώτους
706 4808 815 4861 τῶν
855 4808 1026 4878 φίλων
1051 4813 1406 4882 τεταγμένος,
1435 4816 1845 4886 πρωτοϐεστιά-

270 4896 388 4965 ριός
411 4913 469 4950 τε
517 4898 953 4972 ὀλίγφύστερον
1004 4904 1367 4975 ἀναδειχθεὶς,
1415 4907 1608 4964 ἔπειτα
1640 4911 1721 4972 είς
1744 4909 1844 4981 τὴν

269 4988 450 5042 οίκίαν
475 4992 856 5064 κατεκλείσθη,
886 4995 980 5049 καὶ
1007 4997 1175 5066 ζόφον
1198 4998 1498 5071 κατεκρίθη
1525 5004 1640 5064 τοῖς
1661 5003 1845 5068 ἄλλοις

270 5080 474 5147 ὁμοίως
505 5082 680 5149 φίλοις
705 5122 722 5149 ,
767 5086 861 5139 καὶ
893 5087 1085 5157 χρόνον
1138 5086 1285 5142 οὕτω
1339 5091 1536 5160 συχνὸν
1587 5093 1845 5158 διανύσας

272 5173 680 5244 φρουρούμενος
702 5178 758 5227 ὲν
785 5180 850 5247 τῇ
885 5179 1055 5249 οίκίᾳ,
1088 5178 1319 5253 ὕστερον
1363 5182 1708 5255 ἐτελεύτησε,
1745 5186 1844 5237 πέ-

270 5280 367 5333 νης
393 5265 487 5319 καὶ
529 5266 723 5337 ἄτιμος
757 5269 819 5335 ἐξ
854 5271 1091 5343 εὐπόρου
1123 5274 1219 5328 καὶ
1253 5274 1588 5345 περιφανοῦς
1620 5291 1847 5345 γεγενη-

271 5355 454 5425 μένος.
484 5357 807 5432 Πατριάβχῃ
839 5361 898 5414 δὲ
925 5361 1003 5432 τῷ
1039 5361 1430 5435 Ἱεροσολύμων
1467 5365 1595 5436 ἄρτι
1629 5364 1751 5417 τότε
1781 5367 1845 5418 ἐκ

268 5447 567 5511 Βυζαντίου
623 5451 899 5524 διαδρὰντι
926 5492 942 5519 ,
1003 5455 1433 5528 ὐποπτευομένιρ
1472 5460 1566 5510 καὶ
1610 5457 1845 5527 πάσχειν

269 5538 523 5608 μέλλοντι
547 5542 757 5608 κακῶς,
789 5545 885 5599 καὶ
910 5545 1202 5618 ἀφιγμένῳ
1231 5548 1370 5615 πρὸς
1396 5547 1585 5612 αὐτὸν,
1634 5550 1662 5602 ό
1686 5547 1843 5617 βασι.

268 5628 396 5692 λεύς
436 5630 536 5701 τὴν
589 5632 790 5703 Βιεύης
829 5636 1179 5708 ἐνεχείρησεν
1211 5638 1560 5705 Ἐκκλησίαν,
1608 5638 1751 5692 ὥστε
1778 5641 1846 5693 τά

267 5724 385 5787 τοῖς
424 5724 590 5792 ἱεροῖς
633 5727 854 5781 κανόσιν
882 5728 1200 5799 ἐνδεδομένα
1240 5731 1520 5801 πράττειν,
1556 5732 1680 5785 ἐπεὶ
1710 5732 1845 5787 ταύ-

271 5830 371 5884 της
398 5817 425 5868 ὁ
463 5816 753 5887 ἀρχιερεὺς
786 5819 1063 5891 ἀπεχώρει
1100 5822 1197 5894 τὴν
1225 5822 1487 5894 βασιλέως
1518 5824 1843 5895 ἀποσειόμε-

1947 4728 2042 4783 stri
2068 4733 2316 4780 mortuus
2336 4731 2436 4777 est.
2456 4715 2781 4775 Patriarcba:
2801 4722 2981 4768 autem
3007 4708 3526 4778 Hierosolymorum,

1945 4819 2037 4890 qui
2070 4825 2356 4886 suSpectus
2417 4820 2472 4867 et
2522 4822 2711 4880 poenas
2755 4806 2981 4861 daturus
3036 4813 3226 4857 recens
3267 4796 3526 4867 Byzantio

1944 4912 2014 4969 ad
2056 4924 2115 4966 se
2170 4905 2522 4976 confugerat,
2555 4904 2848 4972 imperator
2885 4895 3199 4968 Bizyensem
3224 4890 3524 4947 Ecclesiam

1945 5014 2230 5059 sacrorum
2279 5010 2550 5054 canonum
2600 5005 2863 5049 concessu
2915 4987 3203 5060 regendam
3245 4996 3525 5039 commen-

1945 5094 2096 5148 davit
2142 5109 2157 5147 :
2215 5084 2659 5159 quandoquidem
2711 5084 2832 5153 ejus
2884 5080 3193 5150 episcOpus,
3225 5075 3522 5129 adventqu

1946 5184 2120 5255 ipsius
2173 5189 2476 5243 aversatus,
2500 5176 2804 5248 aufugerat.
2851 5173 2988 5228 Toto
3017 5168 3165 5223 orbis
3200 5177 3346 5223 statu
3377 5180 3525 5220 com-

1947 5274 2148 5345 posito,
2180 5269 2549 5340 ChariOpolim
2584 5284 2646 5323 se
2675 5266 2910 5337 recepit,
2940 5274 2995 5319 et
3032 5262 3233 5334 oppida
3265 5258 3526 5319 restantia

1950 5366 2015 5421 ad
2062 5363 2398 5420 deditionem
2433 5360 2630 5430 partim
2665 5359 2837 5414 armis
2890 5357 3087 5429 coegit,
3149 5354 3346 5425 partim
3404 5365 3529 5405 ora-

1951 5462 2098 5516 tione
2159 5458 2226 5513 ad
2292 5455 2730 5530 persuadendum
2790 5454 3197 5508 accommodata
3253 5449 3525 5506 invitavit.

1946 5552 2068 5609 Jam
2103 5566 2231 5617 vero
2264 5565 2496 5620 magnus
2548 5550 2654 5602 dux
2682 5554 2873 5616 captus
2915 5548 3054 5601 intra
3106 5545 3291 5599 urbem
3322 5541 3533 5597 latendi

1948 5644 2168 5700 fastidio
2191 5641 2331 5713 (alia
2360 5638 2627 5709 siquidem
2655 5637 3034 5693 Cantacuzeno
3054 5649 3114 5691 se
3137 5635 3545 5706 permiseram,

1950 5736 2068 5791 aliae
2097 5734 2333 5789 obsessae
2381 5740 2437 5786 et
2465 5728 2799 5800 quotidianis
2829 5725 3275 5800 pepulatiouibus
3305 5725 3539 5780 divexa-

1954 5838 2019 5882 tu:
2054 5825 2340 5890 nutabant,
2371 5839 2495 5880 cum
2523 5822 2825 5888 subsidium
2853 5823 2918 5879 ab
2958 5820 3048 5875 illo
3084 5819 3543 5889 nullum,quamr
