4066 6298
186 378 316 447 1181

1302 385 1858 452 HISTORIARUM
1900 392 2143 456 LIBER
2181 395 2302 459 III.

3297 404 3452 473 1182'

182 495 429 563 σαρκίας,
491 491 675 548 ἔπειθε
715 495 970 565 μεγάλοις
1004 498 1219 569 μισθοῖς
1244 494 1247 497 ’
1271 502 1747 574 ἐπαγγελλόμενον

1860 506 2181 568 Collocutus
2221 512 2386 583 igitur
2440 528 2569 570 cum
2618 515 2857 585 quodam
2918 516 3154 584 medico,
3223 520 3313 588 qui
3372 539 3441 576 ex

179 586 270 639 καὶ
318 584 501 649 αὐτὸν,
554 584 812 647 εὐσταλὲς
843 585 902 639 τὸ
945 588 1102 658 σῶμα
1142 591 1237 645 καὶ
1288 591 1606 663 σύμμετρόν
1646 612 1757 648 τισι

179 678 421 744 ποιήσειν
453 677 849 746 φαρμακείαις,
900 680 997 733 καὶ
1028 679 1092 750 δὴ
1127 682 1295 737 τᾶλλα
1324 683 1501 738 πάντα
1529 684 1758 755 δεύτερα

175 765 497 833 ἡγούμενος,
534 768 782 837 λουτροῖς
807 770 1068 841 ἐσχόλαζε
1097 775 1192 827 καὶ
1220 775 1438 844 ἐμέτοις
1466 777 1560 830 καὶ
1590 776 1758 830 κενώ-

177 874 292 909 σεσι
350 859 587 929 γαστρίις
652 853 798 934 ᾖτῷ
862 860 1033 933 ἰατρῷ
1093 864 1286 931 ἐδόκει,
1343 867 1641 941 ὀλιγοσιτίᾳ
1696 887 1755 924 τε

176 951 464 1019 προσεῖχε,
507 951 602 1003 καὶ
660 951 828 1005 τᾶλλα
865 953 1040 1007 πάντα
1072 955 1420 1027 ἐπετήδευεν,
1464 960 1568 1015 ὅσα
1616 961 1756 1032 πρὸς

174 1036 475 1109 λεπτότητα
511 1040 848 1109 συναίρεται.
883 1042 974 1107 Ἐξ
1007 1039 1081 1099 ὧν
1112 1047 1293 1116 ἠτόνει
1326 1049 1425 1119 μὲν
1456 1052 1552 1105 καὶ
1584 1053 1754 1122 ἁδρα-

173 1131 266 1199 νὴς
296 1127 384 1200 ἦν,
415 1131 509 1185 καὶ
540 1132 843 1201 παρελύετο
870 1135 967 1205 τῆν
1002 1138 1216 1211 ῥώμην,
1248 1141 1280 1210 ἡ
1313 1143 1529 1214 γαστὴρ
1561 1145 1616 1197 δὲ
1644 1144 1751 1198 ὀλί-

172 1236 244 1286 γα
272 1222 412 1290 πρὸς
442 1223 532 1274 τὸν
556 1222 721 1290 ὄγκον
746 1224 999 1280 ἐνεδίδου.
1021 1228 1405 1296 Ὑποπτεύσας
1434 1233 1490 1286 δὲ
1524 1237 1551 1288 6
1578 1235 1755 1305 μέγας

171 1309 313 1373 δοὺξ,
338 1311 412 1374 ὡς
441 1310 668 1382 ὕστερόν
708 1332 836 1367 ποτε
876 1317 1266 1386 ἀπαγορεύσας
1305 1322 1442 1394 πρὸς
1473 1324 1572 1387 τὰς
1618 1344 1756 1398 φαρ-

176 1401 411 1467 μακείας
452 1404 661 1456 εἵσεται
698 1404 882 1474 σαφῶς
927 1407 1028 1477 τὴν
1064 1410 1347 1478 εἰρωνείαν
1373 1453 1388 1478 ,
1442 1415 1536 1467 καὶ
1574 1415 1754 1480 δείσας

175 1491 251 1561 μὴ
283 1493 372 1545 διὰ
398 1494 459 1545 τὸ
489 1496 845 1565 περιορᾶσθαι
874 1498 1011 1567 πρὸς
1041 1500 1131 1552 τὸν
1164 1502 1285 1555 κατ’
1313 1504 1480 1558 αὑτοῦ
1517 1506 1753 1577 πόλεμον

172 1580 322 1648 αὖθις
355 1588 603 1656 ἐκτραπῇ
633 1589 728 1640 καὶ
757 1589 919 1660 πείσῃ
955 1591 1207 1661 βασιλίδα
1241 1594 1488 1650 τίθεσθαι
1518 1598 1754 1660 σπονδὰς

171 1680 308 1746 πρὸς
358 1679 813 1746 Καντακουζηνὸν
856 1683 948 1735 τὸν
987 1684 1212 1754 βασιλέα
1272 1688 1404 1756 περὶ
1445 1689 1753 1759 εἰρήνης,οὸ

168 1770 274 1820 τῶν
303 1770 572 1823 κινδύνων
604 1771 752 1840 αὐτῷ
786 1773 813 1823 6
844 1774 1222 1845 φοϐερώτατος
1256 1777 1455 1845 ἐδόκει,
1483 1779 1751 1849 ἐσκέψατο

167 1858 355 1927 τρόπῳ
370 1859 434 1929 δή
460 1877 568 1912 τινι
596 1860 938 1934 διαφθείρειν
961 1865 1053 1918 καὶ
1076 1867 1141 1919 αὑ
1154 1868 1238 1920 τόν
1257 1883 1271 1899 ·
1310 1871 1404 1922 καὶ
1430 1870 1539 1922 τῶν
1571 1889 1752 1925 συνει-
1781 1845 1826 1906 Β

165 1947 335 2001 δότων
364 1950 432 2002 τὰ
461 1951 749 2021 ἀπόρρητα
785 1954 933 2024 αὑτῷ
963 1973 1117 2019 τινας
1142 1959 1499 2030 προσέπεμπε
1520 1961 1751 2030 μηνύον-

165 2057 264 2102 τας
286 2040 359 2093 δι’
382 2042 598 2095 εὔνοιαν
632 2045 793 2113 δῆθεν
824 2046 900 2116 τῷ
927 2047 1150 2118 μεγάλῳ
1172 2048 1455 2124 λογοθέτῃ,
1479 2053 1560 2105 ὅτι
1594 2053 1751 2123 βασι-

178 2133 262 2193 λὶς
290 2132 529 2202 μάλιστα
550 2133 826 2205 ὀργίζοιτο
862 2136 1035 2206 αὐτῷ,
1067 2139 1165 2206 τὴν
1191 2140 1247 2192 δὲ
1286 2142 1465 2195 αἰτίαν
1498 2142 1711 2210 ἀγνοεῖν
1732 2161 1746 2175 -

165 2222 213 2273 οἶ
243 2224 336 2274 καὶ
359 2223 586 2276 τοιαῦτα
621 2226 1131 2295 προσαγγέλλοντες
1162 2229 1477 2298 ἐξεφόϐουν.
1518 2233 1749 2287 Ἔπειτα

166 2318 261 2369 καὶ
285 2316 487 2385 ὅρκους
516 2314 746 2387 ᾐτοῦντο
779 2317 937 2386 δῆθεν
974 2320 1116 2390 ὑπὲρ
1153 2322 1244 2373 τού
1278 2322 1476 2393 μηθενὶ
1506 2326 1746 2395 καταδή-

166 2406 288 2470 λους
319 2409 501 2460 ποιεῖν
537 2407 664 2470 τοὺς
704 2409 774 2461 τὰ
822 2410 1116 2481 ἀπόρρητα
1174 2412 1541 2481 μηνύσαντας.
1592 2414 1748 2469 Οὕτω

167 2502 263 2569 μὲν
293 2495 393 2552 οὖν
448 2500 647 2552 ἐκεῖνοι
691 2501 1068 2570 ἐκακούργουν
1100 2502 1199 2573 τὴν
1232 2506 1628 2576 πεπλασμένην
1655 2507 1752 2577 δή-

163 2588 326 2644 λωσιν
364 2591 473 2643 τῶν
503 2590 853 2661 ἀπορρήτων.
898 2592 1148 2656 Γαϐαλᾶς
1193 2594 1249 2646 δέ
1312 2597 1558 2666 οἰόμενος
1605 2593 1746 2652 εῖναι

164 2682 338 2752 ἀληθῆ
372 2684 438 2735 τὰ
471 2682 760 2754 είρημένα,
803 2685 1144 2753 πανταχόθεν
1173 2687 1504 2757 ἐκυμαίνετο
1530 2690 1624 2743 καὶ
1646 2707 1746 2744 πε-

170 2774 472 2842 ριηντλεῖτο
503 2774 807 2844 λογισμοῖς,
845 2776 939 2829 καί
975 2777 1201 2840 σύννους
1238 2781 1333 2831 καλ⁸
1377 2779 1555 2850 ὠχρὸς
1587 2781 1746 2850 ἐφαί-

167 2885 305 2936 νετο,
335 2871 432 2923 καὶ
460 2873 577 2932 ταῖς
596 2871 840 2947 φροντίσι
863 2873 1228 2941 συντετηκὼς.
1248 2873 1387 2940 Δοὺξ
1417 2875 1473 2927 δέ
1498 2876 1526 2928 6
1551 2876 1745 2946 μέγας,

166 2960 275 3013 τῶν
327 2963 719 3032 πραττομένων
758 2962 981 3029 ἄγνοιαν
1029 2964 1502 3036 ὑποκρινόμενος,
1559 2967 1747 3037 ἠρώτα

166 3054 264 3122 τὴν
286 3053 469 3106 αἰτίαν
495 3054 592 3122 τῆς
624 3055 873 3118 συννοίας
900 3057 995 3107 καὶ
1020 3055 1122 3125 τῆς
1179 3056 1524 3128 ὼχριάσεως.
1570 3061 1629 3113 Ὀ
1667 3060 1743 3128 δὲ,

1857 601 2013 657 Italia
2068 619 2239 674 nuper
2283 592 2526 672 venerat,
2553 607 2620 662 de
2676 607 2778 663 ista
2825 609 3190 680 corpulentia.
3229 611 3436 682 ingenti

1859 695 2118 751 mercede
2163 710 2286 750 eum
2325 697 2604 763 demulsit,
2628 708 2688 752 et
2732 698 2779 754 is
2829 714 2889 755 se
2923 715 3125 771 corpus
3158 700 3276 771 ejus
3313 701 3438 771 qni-

1856 785 2086 841 busdam
2135 787 2418 843 medicinis
2460 788 2527 844 ad
2558 789 2807 845 decorem
2854 802 2908 845 et
2939 791 3293 862 gracilitatem
3329 801 3443 846 ιη.

1857 879 2148 935 ducturum
2201 881 2512 951 spepondit.
2542 882 2663 937 Mox
2695 882 3023 951 posthabitis
3066 883 3342 947 omnibus,
3368 884 3438 939 ad

1857 972 2237 1042 praescriptum
2288 972 2483 1027 medici
2524 972 2756 1038 balneis,
2785 974 3198 1034 vomitionibus.
3221 975 3435 1031 crebris

1859 1064 1962 1118 alvi
1993 1063 2342 1119 ductionibus
2380 1065 2474 1118 dat
2524 1080 2768 1134 operam,
2813 1080 3006 1135 parum
3045 1066 3152 1120 cibi
3178 1074 3234 1120 et
3259 1066 3437 1136 potio-

1855 1154 1946 1211 nis
1988 1154 2229 1221 adhibet,
2286 1164 2588 1225 caeteraque
2640 1159 2821 1210 omn’a
2887 1156 2955 1211 ad
3004 1157 3253 1227 corporis
3286 1168 3442 1212 exte-

1856 1246 2177 1301 nuationem
2235 1245 2469 1301 valentia
2534 1247 2724 1302 sedulo
2779 1258 3028 1317 usurpat.
3091 1248 3170 1303 Ex
3239 1248 3439 1318 quibus

1855 1338 2102 1410 languor,
2126 1338 2489 1401 imbecillitas,
2511 1353 2919 1409 nervorumque
2950 1339 3236 1395 dissolutio
3292 1339 3439 1394 exsi-

1856 1430 2054 1495 stebat,
2079 1437 2135 1482 at
2165 1429 2371 1483 ventris
2403 1428 2574 1483 moles
2604 1444 2791 1497 parum
2816 1429 3260 1485 imminuebatur.
3290 1428 3440 1483 Veri-

1856 1530 1945 1575 tus
1997 1529 2181 1574 autem
2229 1535 2459 1590 magnus
2523 1520 2654 1585 dux,
2714 1536 2784 1574 ne
2842 1522 3056 1576 tandem
3124 1519 3437 1591 pbarmacis

1857 1609 2209 1679 defatigatus,
2256 1610 2513 1663 technam
2565 1610 2904 1679 perspiceret
2944 1629 2958 1665 :
2997 1619 3056 1664 et
3104 1610 3303 1664 timens
3339 1624 3431 1676 ne,

1855 1701 1984 1770 quia
2016 1710 2365 1770 contemptus
2400 1710 2562 1761 esset,
2607 1716 2798 1756 rursus
2851 1716 3002 1754 arma
3036 1708 3225 1754 contra
3254 1700 3432 1770 ipsum

1854 1792 2047 1855 ferret,
2089 1801 2252 1861 atque
2297 1782 2701 1860 imper'atricem
2740 1792 2809 1845 ad
2845 1791 3024 1845 foedus
3075 1806 3197 1845 cum
3229 1789 3434 1845 Canta-

1853 1898 2062 1937 cuzcno
2090 1882 2420 1951 patrandum
2460 1882 2784 1952 impelleret,
2815 1896 2925 1949 quo
2973 1881 3183 1936 nullum
3215 1881 3432 1950 pericu-

1852 1975 1962 2029 lum
2000 1973 2303 2043 impensius
2329 1975 2624 2038 metuebat,
2653 1973 2798 2029 illius
2826 1989 3045 2042 quoque
3066 1973 3436 2030 interﬁciendi

1848 2066 2117 2121 rationem
2168 2064 2519 2135 excogitavit.
2545 2064 2681 2118 Nam
2713 2064 2982 2133 quosdam
3008 2064 3108 2117 sibi
3145 2080 3175 2118 a
3206 2065 3436 2119 secretis

1849 2158 2022 2222 misit,
2062 2157 2179 2226 qui,
2239 2166 2297 2209 ut
2348 2170 2549 2227 magno
2603 2156 2912 2225 logothetae.
2936 2155 3206 2210 benevolo
3250 2155 3435 2210 animo

1850 2245 2184 2310 indicarent,
2210 2247 2508 2315 Augustam
2544 2244 2593 2299 ei
2638 2244 2832 2298 iratam
2874 2259 2995 2298 esse
3035 2243 3385 2299 vehementer
3416 2261 3430 2298 :

1849 2352 2068 2393 causam
2096 2352 2154 2391 se
2182 2336 2414 2391 nescire.
2441 2336 2664 2390 Talibus
2692 2336 2905 2390 nuntiis
2940 2336 3219 2391 hominem
3247 2345 3432 2390 exter-

1850 2432 2062 2486 rebant.
2115 2429 2324 2485 Deinde
2374 2438 2431 2483 et
2468 2428 2841 2497 jurameutum
2890 2428 3203 2497 exigebant,
3233 2427 3431 2482 borum

1849 2537 2173 2579 arcanorum
2223 2522 2427 2577 indices
2468 2518 2675 2575 nemini
2727 2519 3094 2589 proditurum.
3128 2518 3222 2574 Sic
3259 2520 3428 2591 629

1850 2615 2012 2671 ilii‘in
2050 2612 2447 2670 commentitiil
2494 2610 3135 2681 secretissigniticandis
3182 2625 3243 2665 se
3273 2612 3431 2666 mali-

1851 2706 1992 2762 tiose
2043 2704 2325 2777 gerebant.
2358 2702 2590 2757 Gabalas
2642 2701 2987 2757 mendacium
3034 2700 3260 2756 minime
3284 2700 3432 2757 olfa-

1850 2799 2025 2860 ciens,
2059 2797 2305 2865 undique
2352 2794 2748 2866 cogitationum
2799 2792 3061 2848 [luctibus
3102 2791 3430 2861 iactabatur,

1849 2886 2296 2948 meditabuudus,
2360 2884 2593 2954 pallidus
2661 2891 2718 2937 et
2797 2897 2909 2951 prae
2974 2880 3435 2935 sollicitudinibus

1849 2979 2262 3036 contabescens.
2288 2975 2514 3047 Magnus
2535 2982 2717 3030 autem
2747 2973 2877 3039 dux,
2896 2972 2980 3028 rei
3018 2981 3185 3043 gestae
3214 2972 3433 3040 ignora-

1851 3073 2055 3127 tionem
2112 3085 2225 3139 prae
2288 3084 2348 3125 se
2384 3067 2591 3132 ferens,
2643 3064 2884 3120 tristitiae
2924 3072 2977 3118 et
3005 3063 3230 3133 palloris
3266 3063 3433 3134 hujus

162 3147 317 3199 οὐδὲν
344 3147 720 3210 ὑπωπτευκὼς
750 3147 878 3216 περὶ
900 3146 1112 3200 ἐκείνου
1169 3150 1399 3217 φαῦλον,
1435 3145 1522 3204 οἷα
1550 3151 1613 3221 δὴ
1642 3168 1738 3221 κη·

1850 3177 2070 3218 causam
2127 3161 2474 3231 exquirebat.
2524 3157 2664 3212 Tum
2714 3155 2948 3211 Gabalas
3009 3154 3262 3213 candide.
3308 3162 3430 3207 tan-

162 3237 322 3308 δεστῇ
345 3238 442 3290 καὶ
464 3237 762 3307 ἀλγήσαντι
789 3240 930 3308 ὑπὲρ
953 3239 1184 3307 ἐκείνου,
1211 3242 1317 3294 πᾶν
1342 3240 1401 3295 τὸ
1425 3243 1740 3315 ἀπόρρητον

163 3328 439 3395 ἐξέφαινε,
495 3331 591 3382 καὶ
647 3330 967 3398 ἐπικουρίας
998 3333 1184 3401 τυχεῖν
1217 3350 1363 3396 τινος
1414 3335 1609 3398 ἐδεῖτο,
1647 3339 1742 3389 καὶ

166 3422 395 3492 γνώμην
427 3423 792 3493 εἰσηγεῖσθαι,
900 3426 1247 3496 χρησάμενος
1282 3425 1386 3491 ἔξω
1437 3426 1590 3480 ἔσται
1636 3427 1743 3480 τῶν

162 3513 451 3568 κινδύνων.
485 3515 646 3567 Οὐδὲν
677 3516 783 3586 γὰρ
809 3511 875 3588 ῆν
916 3518 979 3568 τὸ
1008 3501 1298 3587 μέσον’τοῦ
1330 3516 1742 3589 ὑποπτευθῆναι

161 3606 282 3657 τότε
304 3607 402 3659 καὶ
428 3605 814 3679 διαφθαρῆναι.
868 3608 1006 3674 Δοὺξ
1036 3609 1093 3662 δὲ
1144 3609 1172 3660 ὁ
1209 3610 1381 3679 μέγας
1407 3608 1616 3678 ἔφασκε
1645 3609 1744 3679 μὲν

159 3697 388 3751 τοιαῦτα
417 3699 512 3751 καὶ
542 3700 706 3762 αὐτὸς
740 3700 1039 3769 ἀκηκοέναι
1093 3703 1223 3770 περὶ
1256 3701 1445 3768 αὐτοῦ,
1488 3701 1743 3771 ἡγεῖσθαι

160 3786 216 3840 δὲ
267 3790 342 3858 μὴ
392 3788 592 3858 ἀληθῆ,
638 3791 785 3858 ὅμως
811 3791 1052 3845 ὑπετίθει
1102 3793 1200 3863 τὴν
1222 3794 1410 3846 οὐσίαν
1448 3794 1598 3865 παρὰ
1623 3795 1738 3853 ττιτῖ

160 3879 336 3945 φίλοις
365 3880 660 3935 ἐκτιθέναι.
696 3883 807 3949 Τὴν
837 3883 943 3953 γὰρ
974 3884 1400 3955 πολιτευομένην
1440 3886 1559 3939 νυνὶ
1591 3898 1744 3955 παρα

171 3969 468 4040 Ῥωμαίοις
497 3972 702 4039 ἔφασκε
730 3975 1093 4042 συκοφαντίαν
1126 3978 1219 4030 καὶ
1252 3977 1529 4046 διαϐολὴν,
1563 3976 1741 4031 πάντα

157 4061 404 4114 ὁντινοῦν
449 4062 810 4130 φυλάττεσθαι
866 4067 1065 4135 χρεών.
1123 4067 1234 4120 Καὶ
1287 4067 1394 4138 γὰρ
1442 4067 1605 4131 αὐτὸς
1634 4068 1743 4122 τῶν

158 4153 357 4206 κοινῶν
392 4154 647 4218 ἁπάντων
677 4155 882 4225 ἄρχων,
915 4159 1007 4209 καὶ
1035 4151 1131 4227 τῆς
1156 4158 1379 4227 πρώτης
1413 4160 1564 4228 παρᾶ
1603 4159 1738 4211 Ῥω-

160 4244 346 4312 μαίοις
370 4245 666 4299 ἀπολαύων
690 4246 856 4317 τιμῆς
896 4251 989 4301 καὶ
1020 4249 1348 4319 εὐπραγίας,
1383 4249 1445 4302 οὐ
1502 4249 1739 4319 μάλιστα

158 4335 346 4397 αὐτοῖς
384 4336 632 4407 θαρρεῖν,
681 4338 815 4391 ἀλλὰ
848 4340 915 4393 τὰ
960 4339 1127 4394 πλείω
1178 4342 1270 4394 καὶ
1308 4341 1744 4410 πολυτελέστερα

154 4426 266 4477 τῶν
296 4427 503 4489 ὄντων,
535 4427 592 4480 ἐν
626 4445 686 4482 τε
727 4430 1044 4495 Ἐπιϐἀτειις
1069 4432 1147 4504 τῷ
1169 4433 1440 4504 φρουρίῳ,
1479 4434 1573 4487 καὶ
1604 4435 1745 4503 πρὸς

1845 3266 2006 3319 quam
2067 3264 2260 3304 socero
2321 3256 2376 3301 ct
2429 3246 2602 3300 vicem
2639 3259 2793 3300 suam
2846 3244 3101 3307 doliture,
3144 3257 3430 3307 arcanum,

1847 3351 1907 3396 ut
1955 3351 2095 3405 erat,
2130 3347 2358 3404 reserat,
2407 3337 2639 3407 ejusque
2673 3350 2833 3405 opem
2868 3334 3106 3403 aliquam
3157 3343 3212 3388 et
3238 3334 3429 3389 consi-

1847 3431 1985 3484 lium
2029 3429 2308 3498 implorat,
2342 3443 2451 3497 quo
2502 3443 2635 3483 usus
2674 3427 2964 3482 discrimen
3020 3426 3253 3493 evadat;
3300 3441 3431 3481 nam

1845 3530 1976 3576 tunc
2031 3520 2175 3575 inter
2221 3528 2534 3589 suspectum
2586 3534 2707 3575 esse
2745 3528 2801 3574 et
2861 3518 3098 3589 jugulari
3132 3518 3272 3572 nihil
3299 3526 3422 3574 erat

1845 3615 2115 3671 medium.
2159 3611 2259 3667 Hic
2304 3627 2538 3683 magnus
2581 3612 2713 3676 dux,
2739 3627 2800 3667 se
2840 3627 3062 3681 quoque
3091 3610 3207 3666 haec
3231 3610 3301 3666 de
3336 3610 3432 3665 illo

1844 3705 2156 3770 audivisse;
2192 3711 2388 3774 putare
2419 3715 2602 3759 tamen
2640 3719 2776 3759 vera
2828 3720 2937 3759 non
2973 3718 3113 3759 esse.
3142 3702 3433 3758 Nihilomi-

1846 3811 1953 3850 nus
1986 3797 2065 3849 uti
2092 3795 2380 3851 facultates
2409 3810 2536 3851 suas
2556 3794 2746 3849 amicis
2778 3795 3154 3859 concrederet,
3182 3807 3428 3848 monere.

1847 3884 1980 3950 Quae
2019 3883 2168 3938 enim
2201 3899 2351 3938 nunc
2392 3883 2535 3953 apud
2591 3884 2867 3936 Romanos
2919 3896 3145 3952 regnum
3180 3888 3430 3935 tenerent

1847 3973 2203 4046 sycophantia
2230 3982 2284 4027 et
2314 3972 2611 4035 calumnia.
2635 3987 2731 4028 eas
2765 3987 2961 4027 cavere
2984 3986 3431 4041 unumquemque

1848 4074 2126 4134 Oportere.
2164 4064 2300 4119 Nam
2357 4073 2413 4119 et
2468 4079 2565 4128 se,
2596 4066 2761 4119 totius
2804 4063 3112 4133 reipublicae
3159 4072 3323 4132 caput
3362 4076 3429 4117 ac

1848 4154 2152 4226 principem
2184 4193 2198 4218 ,
2234 4152 2644 4221 honoribusque
2672 4168 2736 4207 ac
2765 4151 3022 4206 felicitate
3052 4150 3192 4204 inter
3224 4150 3428 4205 Roma-
3458 4204 3464 4210 ,

1846 4262 1948 4302 nos
1973 4246 2327 4316 praecipuum,
2355 4245 2674 4312 neutiquam
2700 4244 2809 4299 illis
2840 4244 3028 4307 fidere,
3053 4241 3145 4298 sed
3169 4243 3429 4312 majorem

1847 4352 1911 4391 ac
1952 4337 2326 4406 pretiosiorem
2358 4348 2575 4407 partem
2625 4352 2807 4391 rerum
2843 4352 3069 4393 suarum
3104 4336 3343 4406 Epibatis
3373 4335 3430 4390 in

1849 4425 2094 4488 castello,
2119 4436 2175 4480 et
2201 4440 2325 4481 arce
2356 4427 2410 4480 in
2445 4426 2724 4496 Manganis
2752 4426 3140 4482 recondidisse.
3171 4426 3277 4496 Ipsi
3301 4444 3431 4483 vero

154 4517 234 4586 τῷ
264 4521 323 4571 ἐν
378 4520 696 4588 Μαγκάνοις
748 4523 944 4593 πύργῳ
978 4523 1140 4593 ἔχειν.
1190 4524 1361 4577 Αὐτὸν
1395 4525 1453 4577 δὲ
1505 4526 1627 4578 ἐπεὶ
1666 4528 1743 4596 μὴ

1852 4517 2111 4586 quoniam
2145 4517 2371 4573 castello
2400 4526 2635 4582 careret,
2676 4534 2783 4587 quo
2822 4518 2877 4572 in
2909 4519 3219 4577 istiusmodi
3246 4536 3430 4575 rerum

157 4612 408 4683 συμϐαίη
442 4613 697 4683 φρούριόν
732 4631 781 4666 τι
805 4613 969 4682 ἔχειν,
995 4609 1037 4681 ᾧ
1073 4615 1345 4685 χρήσαιτο
1376 4615 1512 4685 πρὸς
1562 4614 1748 4670 τοιαύ-

148 4720 250 4765 τας
290 4704 408 4756 τῶν
460 4705 800 4774 πραγμάτων
835 4706 1157 4773 μεταῦολὰς,
1200 4706 1375 4776 ἑτέρῳ
1406 4706 1595 4778 τρόπῳ
1640 4707 1748 4760 τινὶ

150 4795 252 4864 τῆς
278 4795 476 4857 οὐσίας
521 4797 783 4864 προνοεῖν,
819 4795 885 4848 ἵν’
932 4796 985 4847 εἴ
1014 4814 1067 4850 τι
1095 4797 1340 4866 συμϐαίη
1373 4796 1658 4867 δυσχερὲς,
1682 4798 1745 4850 ού

152 4885 266 4953 γὰρ
300 4885 485 4953 μάτην
538 4885 688 4955 παρὰ
718 4885 986 4954 βασιλίδος
1020 4886 1447 4952 ὑποπτεύεσθαι,
1483 4890 1583 4957 τὴν
1611 4890 1743 4958 γοῦν

150 4974 347 5026 οὐσίαν
380 4974 502 5045 ἔχῃ,
536 4979 627 5027 καὶ
690 4977 764 5046 μὴ
810 4978 1140 5047 ἀμφοτέρων
1178 4978 1367 5041 οὐσίας
1402 4995 1461 5031 τε
1501 4979 1618 5049 ἅμα
1651 4982 1746 5033 καὶ

147 5064 330 5133 ἀρχῆς
364 5064 477 5115 τῶν
527 5066 867 5134 πραγμάτων
924 5068 1298 5140 ἁποστερηθῇ.
1374 5069 1434 5122 '0
1494 5071 1594 5140 μὲν
1650 5070 1745 5123 οὖν

146 5156 385 5209 τοιαῦτα
413 5156 785 5210 συνεϐούλευε.
814 5157 1118 5231 Λογοοέτης
1143 5160 1195 5212 δὲ
1229 5162 1255 5212 6
1299 5160 1475 5229 μέγας
1501 5162 1599 5233 τὴν
1623 5162 1747 5214 ἐπι-

145 5245 357 5315 ϐουλὴν
420 5247 492 5315 μὴ
532 5246 777 5311 συνιδὼν,
811 5248 1059 5301 ἐπείθετό
1094 5265 1176 5313 τε,
1215 5248 1403 5303 καὶτὰ
1431 5249 1560 5302 ὄντα
1604 5248 1741 5317 πρὸς

144 5339 279 5399 τοὺς
304 5324 506 5404 φίλους
531 5336 780 5401 ἐξετίθει.
828 5337 886 5392 ’0
911 5338 956 5392 δ’
985 5340 1185 5392 αὐτίκα
1224 5342 1585 5411 προσέπεμπε
1617 5341 1742 5402 τοὺς

145 5427 397 5498 βασιλίδι
451 5428 518 5481 τὰ
565 5430 912 5500 πραττόμενα
947 5430 1310 5500 μηνύσοντας,
1349 5432 1423 5493 ὡς
1455 5429 1620 5485 αὑτοῦ
1660 5431 1738 5503 μὴ

146 5517 487 5580 συνειδότος.
555 5521 836 5592 Παρῄνουν
890 5540 950 5574 τε
981 5524 1032 5575 οἱ
1084 5524 1604 5594 προσαγγέλλοντες,
1665 5524 1739 5595 μὴ

142 5609 389 5662 τοιαῦτα
421 5611 713 5680 περιορᾷνο
746 5612 805 5664 οὐ
834 5612 943 5681 γὰρ
970 5613 1055 5665 ἐπ’
1084 5614 1276 5683 ἀγαθῷ
1302 5615 1401 5684 τὴν
1427 5615 1618 5668 οὒσίαν
1646 5616 1738 5667 τὸν

145 5700 332 5768 μέγαν
364 5698 659 5769 λογοθέτην
702 5702 978 5756 ἐκτιθέναι
998 5719 1011 5732 °
1045 5705 1159 5759 ἀλλ’
1190 5706 1222 5776 ἢ
1283 5707 1476 5761 στάσιν
1507 5707 1735 5777 βουλεύ-

145 5789 309 5844 εσθαι
370 5792 545 5843 ποιεῖν
584 5791 679 5845 ἐπὶ
710 5791 785 5862 τῷ
829 5795 1279 5868 Κανῖακουζηνδν
1324 5798 1545 5870 βασιλέα
1572 5800 1729 5872 δέχε-

1853 4608 2380 4663 contmutationibus
2405 4617 2668 4672 uteretur,
2693 4608 2795 4662 alio
2827 4608 3232 4677 quodammodo
3260 4608 3431 4662 facul-

1854 4708 1994 4753 tates
2038 4715 2165 4754 suas
2214 4700 2446 4754 tuendas
2483 4716 2498 4754 :
2544 4708 2603 4752 ut
2658 4699 2700 4753 si
2729 4700 2858 4769 quid
2897 4699 3183 4754 adversum
3218 4700 3429 4755 accidat

1854 4792 1987 4862 (non
2018 4790 2163 4845 enim
2199 4790 2398 4845 frustra
2445 4790 2590 4860 apud
2635 4790 3037 4860 imperatriccm
3072 4790 3124 4844 in
3155 4791 3428 4861 suspicio-

1848 4899 1973 4938 nem
2009 4882 2319 4953 cecidisse),
2356 4883 2547 4937 saltem
2607 4899 2703 4937 sua
2745 4886 2996 4949 retineat,
3035 4899 3105 4937 ne
3135 4884 3296 4938 simul
3323 4884 3431 4939 illis

1850 4985 2070 5046 tamque
2131 4978 2311 5044 ampfo
2366 4976 2680 5046 magistratu
2730 4978 2995 5046 privetur.
3025 4976 3247 5049 Magnus
3271 4977 3427 5047 logo-

1852 5067 2000 5121 theta
2033 5082 2142 5121 non
2174 5067 2469 5122 intellectis
2496 5067 2713 5123 insidiis
2740 5078 2913 5138 paret,
2943 5076 2998 5122 et
3026 5067 3274 5122 fortunas
3296 5082 3426 5122 suas

1847 5159 1988 5228 apud
2017 5159 2219 5213 amicos
2257 5158 2510 5213 collocat.
2547 5160 2690 5225 Quid
2729 5162 2937 5215 multa?
2968 5159 3164 5216 Subito
3197 5175 3428 5230 magnus

1850 5252 1961 5306 dux
1996 5251 2207 5313 .mittit,
2233 5251 2345 5315 qui,
2395 5251 2535 5319 qnod
2574 5251 2854 5320 agebatur,
2885 5250 3237 5321 imperatrici,
3268 5251 3426 5319 quasi

1848 5358 1907 5397 se
1943 5342 2167 5395 minime
2222 5342 2464 5407 conscio,
2501 5341 2871 5410 patefacerent
2904 5361 2917 5396 :
2955 5353 3008 5397 et
3064 5340 3425 5396 hortabantur

1843 5435 1938 5504 qui
1972 5432 2318 5490 nuntiabant.
2351 5447 2419 5486 ne
2450 5448 2567 5486 rem
2596 5434 2758 5487 istam
2784 5434 3113 5504 negligeret;
3136 5447 3246 5486 non
3276 5431 3423 5486 enim

1847 5540 2101 5596 magnum
2156 5524 2486 5594 logothctam
2540 5524 2753 5578 sincero
2809 5524 2915 5578 ilne
2960 5539 3049 5578 res
3107 5538 3234 5578 suas
3274 5523 3425 5592 apud

1846 5615 2049 5668 amicos
2078 5613 2414 5682 deposuise,
2447 5613 2539 5667 sed
2573 5619 2667 5666 aut
2697 5613 3018 5667 seditionem
3052 5612 3118 5666 ad
3154 5611 3426 5666 Cantacu-

1845 5718 2042 5757 zenum
2075 5703 2450 5773 recipientium
2495 5701 2820 5768 machinari,
2851 5709 2944 5755 aut
2994 5701 3061 5756 ad
3096 5700 3244 5755 illum
3269 5700 3427 5773 cogi-

1844 5806 1961 5851 tare
1994 5793 2274 5879 .tleﬁccre.
2337 5792 2655 5879 lmpcratrix
2711 5794 2851 5849 dicta
2898 5794 3238 5861 examinans,
3276 5803 3337 5847 ut
3385 5808 3427 5851 ι
