4066 6298
675 417 818 484 1153

1855 415 2178 479 JOANNlS
2219 414 2748 476 CANTACUZENI

3786 409 3901 472 1184

659 532 850 589 multis
881 547 1005 586 vera
1027 543 1148 586 esse
1186 529 1395 587 audivit
1446 529 1608 600 (clam
1639 527 1904 599 siquidem
1936 543 1966 582 a
2005 526 2238 582 consciis

2346 525 2488 589 σθαι,
2531 524 2564 593 ἢ
2622 521 2954 592 ἀφίστασθαι
3003 520 3328 576 διανοεῖσθαι
3383 521 3524 590 πρὸς
3578 522 3806 576 ἐκεῖνον.
3847 524 3900 576 Ἥ

658 624 842 692 magni
899 622 1077 684 ducis,
1133 635 1200 676 eo
1250 620 1302 674 id
1340 629 1610 683 struente,
1642 621 1696 673 in
1733 619 1932 674 multo:
1965 630 2237 674 secretum

658 713 1073 769 d'sseininatum
1122 711 1341 781 fuerat),
1362 713 1555 767 acerbe
1603 711 1744 777 tulit,
1785 709 2239 781 manifestamque

658 805 1022 860 defectionem
1060 813 1198 867 rata,
1230 804 1358 873 quid
1387 819 1670 872 poenarum
1698 805 1753 856 in
1797 817 1918 857 eum
1953 808 2236 866 statueret,

657 895 1026 950 deliberabat.
1051 894 1188 947 Cum
1221 894 1431 948 insidiae
1471 893 1890 964 processissent,
1920 901 1976 948 et
2010 907 2238 964 magnus

662 985 930 1054 lcgotheta
963 983 1198 1039 Gabalas
1245 983 1596 1038 facultatibus
1642 982 1766 1037 alibi
1795 983 2056 1053 depositis
2085 983 2238 1037 sede-

656 1088 762 1141 ret,
794 1090 1178 1145 carceremque
1199 1083 1562 1144 exspectaret,
1588 1083 1643 1128 et
1669 1075 1908 1144 Augusta
1941 1083 1998 1127 ut
2029 1073 2236 1144 perfido

663 1169 1016 1232 irasceretur,
1046 1181 1278 1234 magnus
1325 1167 1431 1220 dux
1464 1165 1715 1220 simulata
1749 1165 2072 1220 necessitate
2103 1180 2238 1235 qua-

661 1257 784 1309 dam
835 1256 1076 1332 publica,
1110 1255 1355 1320 Hierum,
1387 1255 1530 1324 quod
1575 1264 1661 1310 est
1691 1255 1950 1324 oppidum
1989 1257 2056 1311 ad
2096 1257 2235 1312 ostia

660 1346 841 1408 Ponti,
890 1346 1054 1417 630
1098 1347 1307 1401 triremi
1362 1361 1664 1402 conscensa
1705 1347 2002 1417 navigavit,
2033 1348 2237 1417 quique

660 1437 896 1507 primum
951 1437 1239 1508 logothetae
1297 1438 1432 1492 iram
1486 1438 1852 1508 imperatricis
1905 1439 2232 1505 indicarunt,

660 1542 754 1580 eos
775 1527 840 1580 ad
872 1527 1032 1581 ﬁnem
1065 1527 1283 1598 negotio
1306 1528 1696 1597 imponendum
1732 1528 1970 1598 reliquit.
1995 1528 2234 1583 Rursum

662 1618 825 1688 igitur
867 1619 1192 1672 accedentes
1252 1618 1354 1683 illi,
1389 1619 1704 1688 perfusique
1750 1619 2023 1688 lacrymis,
2056 1629 2111 1674 et
2140 1620 2236 1673 de-

658 1709 824 1775 jectis
854 1708 1005 1762 humi
1041 1707 1304 1772 vultibus,
1353 1707 1640 1762 certiorem
1694 1708 1920 1772 faciunt,
1956 1709 2045 1763 illa
2077 1721 2236 1765 nocte

663 1801 721 1854 in
751 1814 964 1852 summo
1005 1799 1318 1854 discrimine
1357 1779 1622 1862 futurum:
1651 1800 1999 1870 imperatrice
2027 1801 2236 1856 scilicet

663 1889 948 1944 iracundia
1005 1891 1395 1945 effervescente
1450 1905 1464 1943 :

662 1979 968 2049 prevideat.
1005 1979 1382 2034 Subornarant
1434 1980 1651 2035 interim
1704 1995 1770 2035 ex
1805 1981 1908 2035 alia
1957 1983 2242 2052 conSpira-

663 2069 830 2134 tione,
863 2071 950 2138 qui
999 2071 1192 2125 eadem
1232 2071 1363 2124 hora
1390 2071 1458 2125 ad
1509 2071 1627 2140 ejus
1661 2072 1808 2126 aedes
1880 2073 2156 2138 venirent,
2189 2081 2244 2128 et

661 2161 782 2216 sine
814 2161 1058 2226 nomine,
1087 2177 1215 2215 num
1271 2161 1390 2230 ipse
1417 2171 1559 2216 esset
1615 2162 1763 2216 intus
1813 2162 2244 2228 sciscitarentur,

659 2253 812 2304 velut
847 2251 933 2304 his
965 2251 1148 2305 verbis
1175 2251 1438 2306 horribile
1469 2250 1730 2320 quiddam
1773 2251 2247 2322 praesignificanti-

661 2343 800 2410 bus;
857 2358 968 2397 non
1029 2344 1179 2397 enim
1217 2344 1352 2399 alias
1399 2343 1478 2397 sic
1523 2352 1756 2398 tractare
1803 2343 1955 2397 illum
1991 2341 2243 2411 Romani,

662 2433 761 2488 sed
812 2435 978 2488 multa
1032 2450 1155 2488 cum
1205 2433 1551 2489 observantia
1594 2444 1652 2489 et
1695 2434 2062 2489 assentatione
2117 2450 2249 2489 con-

667 2536 982 2580 sueverant.
1013 2525 1244 2580 Gabalas
1292 2526 1546 2580 omnibus
1575 2525 1793 2580 indiciis
1832 2541 2024 2580 necem
2055 2526 2159 2580 sibi
2191 2527 2246 2580 in

663 2616 872 2671 foribus
895 2633 1014 2671 csse
1042 2617 1369 2687 conjiciens,
1395 2627 1450 2670 et
1481 2617 1784 2672 formidans
1810 2633 1878 2672 ne
1906 2616 2243 2687 quibusdam

663 2723 730 2762 ex
760 2707 884 2762 odio
929 2708 984 2761 in
1019 2723 1077 2763 se
1132 2708 1470 2763 irruentibus
1519 2708 1658 2763 male
1709 2709 1934 2778 periret,
1965 2723 2092 2763 cum
2136 2717 2247 2763 tre-

663 2813 814 2854 more
857 2814 922 2852 ac
977 2813 1177 2868 pavore
1224 2814 1420 2869 magno
1455 2801 1511 2852 in
1547 2800 1808 2869 templum
1854 2800 2094 2869 Sophim,
2130 2808 2249 2854 tan-

663 2905 825 2958 quam
861 2890 928 2944 ad
978 2892 1184 2960 asylum
1229 2891 1370 2945 facta
1421 2891 1565 2960 fuga,
1596 2891 1855 2959 quoniam
1902 2907 1970 2946 ne
2009 2892 2090 2946 sic
2127 2892 2249 2960 qui-

665 2979 790 3033 dem
825 2993 882 3034 se
930 2980 1140 3033 salvum
1177 2979 1292 3034 fore
1323 2981 1602 3046 credebat,
1635 2993 1691 3037 et
1737 2983 2042 3052 producere
2080 2984 2246 3039 vitam

665 3087 772 3124 non
799 3071 1150 3127 mediocriter
1178 3071 1455 3141 cupiebat,
1480 3073 1733 3129 monachi
1763 3075 2008 3129 habitum
2044 3076 2244 3144 induit,

1519 1900 1572 1946 et
1626 1866 1935 1956 hortantur,
1996 1903 2054 1948 ut
2131 1866 2310 1950 sibiB

2342 615 2553 686 βασιλὶς
2576 613 2631 667 δὲ
2663 614 2730 666 τὰ
2752 614 2881 683 περὶ
2920 614 3153 683 μεγάλου
3185 613 3469 681 λογοθέτου
3499 613 3769 682 εἰρημένα
3799 615 3898 678 ἔξεο

2341 707 2600 772 τάξουσα,
2637 706 2710 768 ὡς
2742 705 3074 759 ἐπυνθάνετο
3117 706 3268 773 παρά
3297 705 3514 758 πολλῶν
3548 701 3694 758 εἶναι
3726 706 3901 774 ἀληθῆ,

2341 799 2526 869 κρύφα
2583 801 2692 869 γὰρ
2752 798 2903 868 παρὰ
2960 797 3071 850 τῶν
3123 797 3440 851 συνειδότων
3497 796 3639 866 πρὸς
3693 796 3906 858 πολλοὺς

2338 889 2544 960 διεδόθη
2576 891 2637 942 τὸ
2667 890 2999 961 ἀπόρρητον,
3025 889 3120 940 τοῦ
3159 888 3399 956 μεγάλου
3432 887 3626 947 δουκὺς
3659 886 3798 938 οὓτω
3827 903 3904 945 συ-

2340 981 2727 1042 σκευάσαντος,
2747 977 3070 1048 ἠγανάκτει,
3113 981 3203 1031 καὶ
3232 977 3579 1030 ἀποστασίαν
3608 972 3755 1028 εἶναι
3785 975 3902 1044 ῷετο

2337 1072 2398 1125 τὸ
2428 1074 2660 1143 πρᾶγμα
2685 1071 2970 1138 φανερῶς·
3021 1072 3114 1123 καὶ
3144 1068 3458 1122 ἐϐουλεύετο
3514 1070 3542 1122 ὅ
3573 1086 3629 1120 τι
3654 1067 3762 1120 δέοι
3786 1070 3899 1136 χρῆ-

2340 1166 2463 1220 σθαι
2482 1167 2561 1236 τῷ
2597 1165 2818 1235 μεγάλῳ
2844 1163 3124 1234 λογοθέτῃ.
3167 1161 3322 1213 Ἐπεὶ
3350 1160 3407 1213 δέ
3431 1160 3536 1229 ήδη
3570 1161 3754 1228 πέρας
3776 1154 3901 1227 εἶχεν

2335 1256 2370 1326 ἠ
2395 1256 2678 1325 ἐπιϐουλή,
2711 1256 2802 1308 καὶ
2836 1252 3130 1322 λογοθέτης
3171 1268 3230 1304 τε
3261 1252 3290 1303 6
3324 1249 3501 1319 μέγας
3547 1252 3742 1303 πᾶσαν
3765 1250 3901 1303 ἐκθέο

2341 1364 2498 1418 μενος
2525 1347 2625 1415 τὴν
2660 1346 2870 1410 οὐσίαν,
2900 1343 3136 1413 ἐκάθητο
3166 1341 3547 1411 δεσμωτήριον
3579 1340 3898 1409 περιμένων,

2340 1437 2434 1491 καὶ
2459 1440 2492 1508 ἠ
2539 1437 2750 1508 βασιλὶς
2774 1436 3041 1506 ὠργίζετο
3085 1435 3222 1506 πρὸς
3259 1435 3357 1501 τὴν
3390 1432 3764 1495 ἀποστασίαν,
3794 1432 3903 1485 πλεο

2340 1531 2572 1598 σάμενος
2592 1529 2620 1580 6
2654 1529 2823 1599 μέγας
2846 1528 2971 1594 δούξ
3005 1543 3129 1580 τινα
3160 1525 3269 1578 τῶν
3297 1525 3575 1594 δημοσίων
3604 1524 3818 1594 χρείαν,
3840 1524 3904 1583 εἰς

2350 1617 2518 1687 Ἰερδν
2541 1618 2603 1670 τὺ
2626 1618 2759 1686 πρὸς
2793 1616 3032 1685 ἐμϐολὰς
3056 1613 3149 1666 τοῦ
3177 1613 3378 1667 Πόντου
3402 1612 3654 1666 ἀπέπλεε
3683 1613 3904 1680 τριήρει,

2336 1707 2463 1770 τοὺς
2491 1706 2557 1776 δὴ
2586 1707 2802 1775 πρῶτον
2822 1705 2920 1776 τὴν
2945 1703 3214 1775 βασιλίδος
3243 1703 3404 1772 δῆθεν
3429 1702 3608 1773 ὀργὴν
3647 1701 3908 1771 μηνύσανο

2336 1813 2459 1860 τας,
2495 1797 2572 1865 τῷ
2611 1797 2828 1866 μεγάλῳ
2855 1796 3118 1868 λογοθέτῃ
3144 1794 3431 1848 κατέλιπεν
3466 1791 3749 1844 ἐπιθεῖναι
3773 1792 3906 1854 τέλος

2341 1891 2407 1958 τῇ
2436 1887 2733 1958 ἐπιϐουλῇ·
2767 1887 3155 1959 προσελθόντες
3199 1886 3308 1956 γὰρ
3361 1887 3564 1939 ἐκεῖνοι
3595 1885 3760 1947 αὖθις
3781 1886 3910 1938 δεδα-

2345 1983 2605 2050 κρυμένοι
2637 1984 2731 2033 καὶ
2756 1984 3039 2050 κατηφεῖς,
3080 1980 3316 2049 ἐμήνυον
3357 1979 3430 2040 ὡς
3463 1979 3654 2048 ἐκείνῃ
3685 1981 3752 2046 τῇ
3779 1978 3911 2031 νυκτὶ

2345 2073 2482 2141 πρὸς
2507 2072 2735 2141 ἔσχατον
2759 2071 3002 2125 κινδύνου
3026 2069 3142 2140 ἣξει
3161 2109 3177 2135 ,
3208 2070 3479 2140 βασιλίδος
3509 2069 3752 2139 μάλιστα
3775 2069 3912 2137 ἐξωρ-

2344 2162 2634 2231 γισμένης,
2667 2161 2760 2215 καὶ
2800 2160 3056 2228 πρόνοιάν
3090 2176 3212 2212 τινα
3255 2159 3421 2212 αὑτοῦ
3459 2160 3720 2212 ἐκέλευον
3760 2160 3907 2211 ποιεί·

2348 2251 2470 2302 σθαι
2490 2267 2504 2281 ·
2542 2251 2644 2319 τῆς
2669 2250 2837 2318 αὐτῆς
2864 2250 2918 2302 δὲ
2950 2249 3097 2318 ὧρας
3124 2251 3214 2301 καὶ
3243 2249 3464 2318 ἐτέρους
3492 2251 3556 2301 ἐκ
3587 2249 3907 2317 συνθήματος

2351 2343 2768 2412 παρεσκεύαζον
2797 2342 3231 2411 ἀφικνουμένους
3287 2342 3440 2412 παρά
3472 2343 3575 2412 τὴν
3607 2343 3790 2395 οἰκίαν
3834 2344 3910 2408 τὴν

2348 2434 2588 2500 ἐκείνου,
2619 2434 2916 2503 ἀνωνύμως
2960 2433 3134 2497 οὕτως
3158 2435 3206 2486 εἰ
3246 2433 3407 2495 αὐτὸς
3437 2433 3634 2486 αύτόθι
3667 2425 3762 2504 ἒῐη
3794 2437 3906 2502 ἐρω-

2346 2526 2469 2594 τᾷν,
2487 2523 2561 2588 ὥς
2588 2542 2639 2578 τι
2667 2525 2838 2577 δεινὸν
2867 2525 2957 2577 τοῦ
2990 2525 3150 2591 λόγου
3183 2525 3686 2595 προσημαίνοντος.
3723 2526 3795 2578 Οὐ
3817 2527 3903 2593 γὲιρ

2348 2616 2608 2668 εἰώθεσαν
2640 2617 2832 2684 ἐκείνῳ
2874 2617 3136 2686 πρότερον
3166 2615 3306 2668 οὕτω
3335 2616 3756 2685 προσφέρεσθαι
3792 2616 3904 2668 Ῥω-

2351 2709 2520 2776 μαῖοι,
2552 2706 2686 2760 ἀλλὰ
2710 2707 2914 2775 πολλὴν
2941 2707 3036 2777 τὴν
3061 2707 3357 2778 θεραπείαν
3380 2710 3671 2774 προσῆγον
3702 2709 3795 2760 καὶ
3827 2706 3906 2775 τὴν

2349 2797 2660 2851 κολακείαν.
2694 2798 2732 2850 Γ
2737 2797 2943 2860 αϐαλᾶς
2991 2799 3047 2851 δὲ
3082 2797 3183 2868 ήδη
3216 2799 3308 2851 τὸν
3357 2797 3586 2867 ὄλεθρον
3613 2799 3683 2850 ἐκ
3715 2799 3906 2852 πάντων

2346 2888 2801 2960 τεκμαιρόμενος,
2836 2890 2930 2942 καὶ¹
2955 2888 3138 2950 δείσας
3178 2889 3252 2957 μὴ
3287 2891 3381 2940 καὶ
3411 2889 3814 2955 παραπόλοιτο,
3842 2904 3905 2938 τις

2349 2979 2455 3032 νῶν
2472 2979 2607 3044 πρὸς
2631 2979 2830 3049 ἔχθραν
2850 2979 3204 3044 ἐπελθόντων,
3229 2980 3540 3048 ὑπότρομος
3557 2981 3654 3032 καὶ
3677 2978 3907 3049 περιδεὴς

2348 3072 2425 3130 εἰς
2457 3070 2545 3122 τὸν
2571 3070 2672 3138 τῆς
2713 3070 2849 3122 Θεοῦ
2879 3071 3076 3138 Σοφίας
3111 3071 3399 3138 γενᾶμενος
3433 3071 3593 3134 νεὼν,
3645 3070 3760 3122 οὐδ’
3790 3070 3908 3121 οὕτω

666 3160 754 3213 vix
794 3160 958 3215 etiam
1009 3160 1112 3215 hac
1161 3163 1374 3216 ratione
1426 3176 1487 3217 se
1527 3174 1805 3219 servatum
1859 3165 1926 3219 iri
1979 3181 2243 3236 sperans;

2350 3157 2617 3222 σώζεσθαι
2674 3159 2954 3212 ἐπείθετοο
3015 3159 3149 3212 ἀλλά
3209 3157 3523 3228 φιλοψυχῶν
3574 3158 3774 3222 πολλὰ,
3831 3157 3912 3224 τήν

667 3249 804 3303 adeo
845 3250 1009 3303 minis
1044 3247 1308 3305 attonitus
1335 3258 1390 3305 et
1419 3265 1722 3307 concussus
1765 3262 1884 3307 erat
1913 3255 2250 3311 medullitus.

668 3341 892 3411 Magnus
917 3341 1026 3395 dux
1057 3349 1228 3396 totum
1257 3342 1581 3398 maleﬁcium
1611 3359 1674 3398 ex
1697 3344 1968 3400 sententia
2001 3347 2252 3403 evenisse

667 3443 954 3503 pstquam
1005 3435 1298 3500 intellexit,
1347 3434 1512 3491 Hiero
1575 3452 1849 3502 reversus,
1891 3439 2037 3494 ilicet
2078 3440 2251 3496 aedem

671 3527 888 3594 Sophiae
927 3527 1082 3595 petit,
1113 3527 1446 3596 inventoque
1480 3527 1555 3583 ibi
1586 3529 1862 3600 logOtheta
1889 3546 2013 3585 cum
2048 3532 2251 3587 vestitu

672 3615 999 3676 monastico.
1029 3615 1235 3684 plangit
1257 3615 1457 3670 mirum
1489 3619 1545 3672 in
1579 3619 1824 3683 modum,
1848 3627 1904 3673 et
1927 3621 2250 3676 viduitatem

672 3705 794 3758 tiliae
826 3704 1150 3758 lamentatur
1183 3705 1320 3775 (46),
1366 3706 1622 3776 doletque
1671 3707 1911 3763 dolorem
1946 3709 2253 3764 inconsola-

672 3784 862 3849 bilcm.
898 3794 1196 3866 Logotheta
1232 3798 1354 3866 ejus
1389 3798 1590 3854 luctum
1629 3799 1810 3853 levare
1859 3800 2042 3855 multis
2071 3802 2252 3857 verbis

670 3887 889 3950 nititur,
937 3887 1140 3957 aitque,
1172 3889 1311 3944 nihil
1364 3891 1660 3961 contigisse
1708 3891 1855 3957 novi,
1899 3892 1944 3947 si
1997 3893 2252 3950 humanis

674 3981 840 4034 rebus
867 3995 1085 4048 semper
1127 3981 1287 4036 aliter
1317 3989 1373 4036 et
1406 3983 1564 4036 aliter
1601 3983 1941 4038 volventibus
1971 3993 2025 4039 et
2061 3985 2252 4039 incon-

674 4072 970 4138 stantibus,
1001 4089 1148 4127 nunc
1177 4074 1394 4142 quidem
1437 4075 1685 4140 meliora,
1717 4091 1861 4132 nunc
1895 4060 2167 4132 deteriora
2199 4085 2252 4130 et

675 4165 794 4233 ipse
824 4176 1084 4234 expertus
1129 4177 1297 4221 esset.
1335 4167 1399 4220 Et
1431 4167 1726 4236 apparebat
1763 4169 2150 4237 Apocauchum
2185 4168 2250 4222 ad

2353 3249 2556 3318 ἐσθῆτα
2584 3251 2808 3314 ἀποδὺς,
2839 3251 3026 3320 σχῆμα
3059 3250 3308 3320 μοναχῶν
3342 3249 3728 3320 περιεϐάλετο,
3755 3247 3908 3311 οὕτως

2354 3339 2599 3406 οἰόμενος
2661 3341 2813 3409 μόλις
2864 3341 3044 3410 ἐαυτῷ
3096 3342 3195 3409 τὴν
3245 3341 3522 3409 σωτηρίαν
3574 3342 3914 3408 ἐκπορίσεινο

2353 3429 2606 3483 τοσοῦτον
2638 3431 3014 3501 ἐξεπέπληκτο
3051 3434 3169 3495 ταῖς
3192 3433 3442 3496 ἀπειλαῖς
3470 3434 3566 3485 καὶ
3593 3433 3694 3496 τὰς
3735 3436 3914 3501 φρένας

2354 3523 2704 3593 κατεσείσθη.
2770 3525 2828 3578 '0
2861 3526 3036 3594 μέγας
3063 3525 3120 3577 δὲ
3151 3524 3276 3587 δοὺξ
3313 3525 3438 3577 ἐπεὶ
3475 3525 3710 3577 πύθοιτο
3755 3525 3914 3576 πᾶσαν

2354 3615 2496 3668 κατά
2545 3615 2672 3670 νοῦν
2727 3616 3065 3688 κακουργίαν
3125 3617 3432 3680 ἀποόᾶσαν,
3491 3619 3560 3670 ἐκ
3598 3615 3700 3669 τοῦ
3763 3613 3913 3684 Ἱεροῦ

2354 3707 2686 3772 ἐπανελθὼν,
2739 3709 2938 3763 αὐτίκα
2989 3711 3123 3778 πρὸς
3153 3709 3252 3778 τῆς
3294 3710 3388 3762 τοῦ
3441 3709 3582 3762 Θεοῦ
3613 3709 3817 3776 Σοφίας
3842 3709 3915 3760 τον

2352 3797 2487 3852 νεὼν
2509 3800 2727 3867 ἀφῖκτο,
2766 3798 2978 3852 καὶτὸν
3013 3799 3188 3869 μέγαν
3235 3798 3535 3868 λογοθέτην
3561 3797 3816 3867 εὑρηκὼς
3859 3794 3916 3847 τὰ

2356 3890 2605 3959 μοναχῶν
2659 3891 3052 3962 ἠμφιεσμένον,
3103 3890 3366 3944 ἐκόπτετο
3419 3889 3617 3951 πολλὰ,
3677 3891 3772 3943 καὶ
3825 3889 3909 3955 τὴν

2352 3984 2576 4053 χηρείαν
2598 3983 2916 4052 ἀπωδύρετο
2944 3985 3043 4052 τῆς
3101 3982 3387 4052 θυγατρὸς,
3423 3981 3520 4034 καὶ
3569 3979 3922 4050 ἀπαραμύθη-

2353 4086 2419 4124 τα
2449 4069 2685 4125 ἐπένθει.
2722 4071 3028 4141 Λογοθέτης
3061 4071 3118 4124 δὲ
3155 4072 3182 4123 6
3211 4073 3382 4142 μέγας
3419 4071 3645 4134 πολλοῖς
3677 4087 3915 4139 παρεμυο

2355 4161 2500 4214 θεῖτο
2527 4161 2728 4230 λόγοις,
2784 4162 2936 4215 οὐδὲν
2991 4163 3176 4215 καινὸν
3220 4162 3634 4232 συμδεὸηκέναι
3689 4165 3915 4230 φάσκων.

675 4256 794 4308 haec
842 4256 1179 4325 aliquantum
1227 4261 1596 4326 acquiescere.
1643 4259 1814 4312 Paulo
1864 4269 1988 4328 post
2023 4274 2243 4330 magnus

2361 4256 2412 4306 ei
2477 4253 2584 4306 τῶν
2639 4254 2994 4324 ἀνθρωπίνων
3057 4257 3144 4308 ἀεὶ
3201 4255 3548 4325 πραγμάτων
3605 4255 3793 4306 ἄλλοτε
3836 4252 3918 4305 ἀλ-

675 4347 952 4416 logotheta
1002 4350 1364 4417 imperatricis
1403 4349 1558 4419 jussu
1603 4349 1668 4402 ad
1700 4350 2089 4405 monasterium
2135 4365 2243 4404 sani

2353 4345 2464 4408 λως
2522 4349 2847 4416 φερομένων
2902 4347 2997 4400 καὶ
3063 4346 3467 4412 ἀστατούντων,
3535 4345 3636 4398 νῦν
3696 4346 3790 4411 μὲν
3813 4344 3922 4411 $51-

677 4438 934 4493 ctissimm
987 4438 1226 4508 Virginis
1275 4438 1428 4494 abiit.
1488 4439 1546 4491 ln
1609 4437 1730 4507 fuga
1781 4447 1982 4503 autem,
2040 4439 2243 4508 abjectc

2353 4438 2570 4503 τιόνων,
2625 4437 2720 4492 νῦν
2769 4437 2826 4491 δὲ
2857 4439 3117 4509 χειρόνων
3166 4437 3436 4509 ἐπειράθη
3476 4439 3573 4490 καὶ
3595 4437 3787 4498 αὐτός’
3839 4434 3922 4485 καὶ

680 4528 931 4582 monachi
974 4529 1144 4591 cultu,
1173 4528 1490 4583 adornanda
1545 4527 1944 4596 deprehensus,
1979 4527 2036 4581 in
2067 4543 2243 4583 carce-

2357 4530 2532 4583 ὲδόκει
2591 4531 2652 4583 τὸ
2690 4531 2826 4583 πολὺ
2877 4533 2977 4599 τῆς
3022 4531 3198 4599 λύπης
3248 4530 3339 4583 διὰ
3366 4531 3467 4597 τὴν
3510 4529 3719 4582 ἐκείνου
3751 4543 3919 4595 παρα-

679 4635 793 4674 rem
829 4619 1007 4674 datur.
1041 4618 1133 4674 Sic
1188 4619 1354 4688 igitur
1404 4627 1460 4673 et
1511 4619 1656 4673 hunc
1706 4632 1769 4672 ex
1814 4619 1998 4672 medio
2029 4635 2243 4692 magnus

2358 4619 2554 4687 μυθίαν
2592 4621 2970 4676 ἀποτίθεσθαι.
3010 4622 3278 4687 ’Ὕστερον
3331 4623 3390 4675 δὲ
3439 4621 3608 4690 ὀλίγῳ
3661 4622 3796 4689 πρὸς
3829 4620 3918 4685 τὴν

677 4709 785 4763 dux
818 4711 1068 4773 removit,
1099 4710 1190 4778 qui
1219 4710 1420 4764 bellum
1451 4718 1636 4763 contra
1671 4707 2113 4764 Cantacuz‘enum
2144 4726 2243 4765 non

2355 4710 2456 4779 τῆς
2484 4713 2959 4782 παμμακαρίστου
2991 4711 3157 4782 μονήν
3185 4716 3212 4764 ὁ
3249 4713 3426 4780 μέγας
3466 4714 3671 4780 ἀφῖκτο
3718 4711 3920 4775 λογοθέ-

676 4802 982 4870 vulgariter
1009 4808 1397 4871 promoverat:
1442 4801 1764 4873 condignam
1809 4803 2066 4856 nimirum
2115 4819 2243 4857 mer-

2355 4817 2478 4871 της,
2499 4803 2594 4869 τῆς
2616 4801 2884 4870 βασιλίδος
2903 4803 3228 4872 κελευούσης
3250 4820 3264 4835 ⁸
3285 4805 3562 4874 φωραθεὶς
3580 4804 3638 4855 δὲ
3666 4802 3919 4868 διαδιδρα-

679 4894 866 4946 cedem
929 4909 1030 4963 pro
1080 4893 1352 4964 pestiferis
1387 4892 1629 4948 cladibus
1663 4909 1729 4948 eo
1759 4893 1903 4948 bello
1940 4893 2174 4950 invectis
2205 4897 2243 4950 ei

2357 4913 2512 4948 σκειν
2548 4897 2778 4965 μέλλων,
2801 4899 2894 4952 καὶ
2921 4902 2991 4951 τὰ
3031 4900 3283 4968 μοναχῶν
3311 4896 3823 4967 ἀπαμφιέννυεθαι,
3853 4896 3919 4951 εἰς

681 4986 1004 5054 τθβθηάθηδ·
2359 4988 2735 5058 δεσμωτήριον
2785 4989 3070 5060 ἐνεὸλήθη.
3131 4989 3289 5043 Οὕτω
3344 4991 3444 5057 μὲν
3476 4985 3572 5042 οὖν
3622 4989 3716 5041 καὶ
3743 4985 3918 5039 τοῦτον

679 5078 1099 5132 ἀπεσκευάσατο
1128 5078 1156 5128 6
1190 5077 1364 5147 μέγας
1412 5074 1562 5140 δοὺξ,
1600 5075 1813 5146 μεγάλα
1855 5077 1955 5144 μὲν
1985 5077 2120 5148 πρὸς
2158 5076 2250 5131 τὸν
2289 5078 2747 5150 Καντακουζηνοῦ
2776 5085 3156 5152 συναράμενον
3215 5083 3314 5135 τοῦ
3351 5082 3620 5152 βασιλέως
3678 5082 3917 5148 πόλεμον,

681 5173 848 5240 ἀξίων
892 5175 950 5227 δέ
988 5173 1401 5228 ἀπολελαυκότα
1447 5173 1577 5243 παρ’
1615 5173 1826 5225 ἐκείνου
1878 5173 2144 5243 ἀμοιϐῶν,
2187 5167 2253 5246 ἦς
2292 5175 2573 5245 ἐπήγαγεν
2610 5178 2892 5249 ἀμυθήτου
2918 5177 3119 5247 φθορᾶς
3143 5182 3170 5231 6
3200 5179 3436 5248 πόλεμος
3478 5179 3795 5247 Ῥωμαίοις.

1953 5313 2172 5380 Jacobi
2197 5314 2459 5376 Pontani
2511 5323 2698 5376 notze.

759 5435 868 5504 (L6)
907 5434 1018 5489 Cur
1051 5433 1386 5499 viduitatem,
1420 5449 1544 5489 cum
1579 5451 1688 5489 non
1721 5444 1865 5490 esset
1899 5436 2099 5490 vidua?
2147 5452 2248 5490 nec
2347 5437 2616 5503 Quoniam
2645 5441 2853 5496 scilicet
2886 5442 3047 5496 vidua
3071 5441 3214 5496 dicta
3245 5442 3316 5496 sit
3346 5451 3404 5495 ut
3436 5457 3648 5502 vecors,
3678 5450 3898 5491 vesanus

681 5508 833 5578 enim
864 5521 984 5560 cum
1013 5520 1286 5578 quoqu2m
1337 5515 1506 5574 nupta
1537 5506 1727 5578 fuerat.
1761 5506 1866 5578 Sed
1896 5506 2250 5574 iureconsulti
2347 5509 2440 5578 qui
2496 5510 2617 5566 sine
2661 5511 2851 5578 corde,
2895 5513 3014 5569 sine
3063 5511 3300 5567 sanitate
3346 5522 3539 5567 esset:
3573 5521 3630 5566 ct
3678 5509 3769 5565 illa
3809 5507 3916 5561 sint

680 5576 850 5630 «etiam
903 5577 1142 5631 nondum
1200 5584 1422 5645 nuptam
1466 5575 1740 5645 appellare
1784 5576 1963 5631 solent
2007 5578 2246 5632 viduam.
2351 5575 2580 5634 duitate.
