4066 6298
266 250 419 317 1185

1401 246 1945 310 HISTORIARUM
1989 247 2221 309 LIBER
2268 248 2390 312 III.
2474 270 2480 276 '

3382 237 3529 314 1186'

1537 380 1696 450 63],
1737 379 1964 435 CAPUT
2007 379 2244 436 LXXXI.

251 472 515 530 Orclmnis
543 473 720 544 Per_s_re
754 471 1054 544 societatem
1086 487 1194 544 pro:
1225 473 1560 544 irnperatrice
1592 473 1998 544 Cantacuzenns
2017 474 2233 528 obtinet.
2261 473 2432 544 Copta
2465 476 2528 528 ab
2560 489 2618 528 eo
2668 474 2860 542 oppida
2895 476 2965 528 ad
2999 474 3243 529 Pontum.
3277 474 3517 528 Mirabile

327 541 888 614 somniumjllanuelis
938 542 1058 614 ejus
1091 541 1211 606 ﬁlii.
1267 543 1566 610 Imperator
1616 545 1685 596 ad
1732 553 1914 614 partes
1965 543 2209 614 Byzantii
2257 541 2415 598 venit.
2472 541 2811 614 Apocauchus
2850 561 2988 614 cum
3037 546 3219 613 paucis
3281 561 3518 600 ear-essu:

330 614 545 682 refugit.
582 611 808 665 Romani
843 620 893 664 et
925 608 1105 663 Persa:
1137 608 1694 684 agrum,'imperatore
1722 608 1772 664 et
1807 608 2059 668 Romanis
2089 608 2603 680 commiserantibes,
2633 608 3046 684 depovulautur;

327 749 593 811 Βασιλεὺς
615 748 671 800 δὲ
711 751 738 801 ὁ
767 749 1222 819 Καντακουζηνδς
1269 751 1597 820 πυθόμενος,
1633 752 1709 815 ὡς
1738 753 1829 822 βα-

2019 753 2319 823 lmperator
2355 764 2414 808 ut
2463 755 2685 810 rescivit
2735 756 3139 825 imperatricem
3181 769 3342 809 missa
3372 756 3521 826 lega-

255 842 395 904 σιλὶς
435 838 740 909 πρεσϐείαν
782 841 988 892 ποιοῖτο
1031 839 1166 908 πρὸς
1233 841 1502 909 Ὀρχάνην
1535 841 1631 893 ἐπὶ
1691 856 1833 908 συμ-

257 932 452 1002 μαχίᾳ,
490 930 715 998 πέμψας
749 929 844 982 καὶ
905 930 1068 992 αὐτὸς
1097 931 1100 935 ’
1131 918 1425 1000 ἔπραττεν,
1492 931 1639 992 ὅπως
1683 928 1835 1000 αὐτῷ

255 1026 483 1094 μᾶλλον,
539 1025 632 1075 καὶ
677 1022 750 1092 μὴ
783 1022 1097 1086 Βυζαντίοις
1148 1022 1460 1090 πρόσθοιτο.
1515 1024 1626 1075 Καὶ
1663 1021 1837 1074 είλετο
1864 1046 1888 1072 δ

265 1117 532 1188 Ὀρχάνης
583 1118 683 1186 τὴν
739 1117 880 1185 πρὸς
943 1117 1402 1186 Καντακουζηνὺν
1457 1117 1548 1168 τδν
1605 1114 1832 1185 βασιλέα

255 1211 454 1280 μᾶλλον
479 1207 823 1278 συμμαχίαν.
855 1209 965 1260 Καὶ
993 1208 1218 1276 πέμψας
1262 1209 1483 1277 Χατζὴν
1517 1207 1608 1260 τὸν
1638 1206 1830 1259 εὐνοῦ-

249 1319 366 1373 χον,
401 1301 571 1352 ἐτέλει
603 1300 701 1362 τὰς
735 1300 993 1363 σπονδάς.
1033 1301 1224 1362 Ὀντος
1269 1299 1326 1352 δὲ
1376 1301 1436 1352 οὺ
1483 1299 1702 1369 μακρὰν
1734 1297 1834 1350 αὐ-

250 1393 366 1455 τοῦ,
410 1393 549 1446 ἀλλὰ
581 1395 680 1460 τῆς
717 1393 781 1444 ἐκ
822 1389 1204 1460 Παφλαγονίας
1235 1390 1362 1460 ἄχρι
1392 1390 1633 1460 Φρυγίας
1662 1407 1840 1460 παρα-

249 1487 369 1538 λίου
410 1483 698 1554 ἄρχοντος,
730 1483 926 1553 ῥᾳδίως
961 1483 1348 1552 μετεπέμπετο
1373 1482 1834 1548 Καντακουζηνὸς

249 1579 280 1630 ὁ
311 1576 566 1645 βασιλεὺς
601 1575 701 1644 τὴν
733 1574 1053 1644 συμμαχίαν
1086 1575 1253 1640 ἡνίκα
1288 1573 1395 1625 ἔδει
1417 1589 1432 1602 ⁶
1474 1572 1502 1625 ὃ
1539 1577 1635 1628 καὶ
1670 1573 1830 1640 μάλι-

253 1685 357 1720 στα
387 1667 638 1720 ἐκάκωσε
673 1666 739 1718 τὰ
758 1667 1060 1736 πράγματα
1089 1663 1381 1734 Ῥωμαίων
1403 1677 1417 1695 ·
1450 1662 1524 1725 ὡς
1558 1662 1834 1717 ἐπιπλεῖον

249 1761 362 1830 γὰρ
425 1760 518 1812 καὶ
571 1759 830 1829 βασιλέως
884 1758 958 1828 μὴ
1007 1757 1266 1828 δεομένου
1324 1755 1718 1826 περαιούμενοι
1781 1757 1830 1809 οἱ

247 1853 480 1921 Πέρσαι,
533 1851 628 1912 τὰς
657 1851 823 1919 μήπω
881 1848 1091 1918 βασιλεί
1131 1848 1609 1918 προσχωρησάσας
1647 1847 1833 1909 πόλεις

243 1944 506 2007 ἐκάκουν,
554 1943 628 2004 ὡς
688 1941 973 2010 πολεμίας.
1016 1942 1149 1994 Τότε
1187 1941 1243 1993 δὲ
1304 1942 1367 1993 ὲκ
1422 1941 1524 2008 τῆς
1593 1939 1831 2010 Ὀρχάνη

245 2036 510 2105 στρατιᾶς
551 2033 690 2102 ἔχων
747 2032 1090 2103 συμμαχίαν,
1142 2033 1262 2094 ταῖς
1301 2032 1434 2100 πρδς
1486 2031 1580 2082 τὸν
1626 2030 1828 2081 Πόντον

1943 845 2093 900 tione
2125 846 2389 900 Orchanis
2427 849 2742 901 societatem
2771 856 3050 916 expetere,
3085 846 3266 900 missis
3299 857 3354 901 et
3397 847 3517 916 ipse

1941 937 2260 992 oratoribus
2304 937 2355 991 id
2390 937 2520 1007 egit,
2576 944 2634 990 ut
2689 939 2755 990 ad
2799 951 2880 1001 se,
2935 951 3044 989 non
3104 935 3169 989 ad
3224 934 3518 1006 Byzantios

1939 1027 2141 1083 auxilia
2175 1029 2438 1082 mitteret.
2477 1029 2577 1093 Qui
2612 1027 2786 1097 legato
2812 1028 3017 1080 Clialze
3041 1027 3296 1080 eunucho
3331 1025 3512 1082 fmdus

1939 1135 2063 1174 cum
2097 1120 2485 1174 Cantacnzeno
2525 1119 2666 1173 iniit.
2699 1119 2944 1186 Cumque
2996 1132 3104 1172 non
3143 1117 3304 1188 longe
3342 1118 3518 1172 dista-

1941 1219 2045 1276 ret,
2095 1214 2188 1266 sed
2235 1227 2265 1265 a
2324 1211 2691 1282 Paphlagonia
2728 1209 3002 1263 maritima
3036 1224 3210 1278 usque
3247 1210 3301 1262 in
3342 1208 3515 1280 Phry-

1938 1302 2083 1372 giam
2126 1303 2491 1371 imperitaret,
2527 1301 2685 1356 facile
2731 1299 3145 1356 Cantacuzenus
3182 1302 3399 1370 quoties
3431 1303 3515 1354 in-

1938 1393 2156 1463 digebat
2191 1395 2476 1449 Persarum
2525 1408 2744 1448 manum
2797 1393 3136 1457 accersebat,
3168 1393 3262 1461 qui
3314 1391 3516 1446 Roma-

1936 1503 2037 1543 nas
2067 1488 2320 1558 regiones
2372 1486 2709 1542 infeSIabant
2755 1487 3090 1556 plurimum;
3121 1501 3245 1540 nam
3292 1485 3512 1555 saepius,

1935 1581 2265 1651 imperatore
2319 1581 2482 1634 etiam
2541 1595 2651 1633 non
2700 1587 2956 1648 rogante,
3001 1578 3361 1647 trajicientes,
3392 1593 3515 1647 quae

1934 1674 2176 1727 nondum
2206 1687 2264 1727 se
2295 1672 2619 1727 dediderant
2675 1672 2860 1738 urbes,
2897 1682 2955 1725 ut
2987 1671 3214 1725 hostiles
3248 1669 3518 1738 direptio:

1935 1765 2097 1819 nibus
2125 1762 2453 1834 aﬂligebant.
2489 1762 2644 1817 Tunc
2675 1776 2805 1817 vero
2842 1762 2910 1816 ab
2939 1761 3212 1816 Orchanis
3256 1760 3510 1814 exercitu

1938 1855 2146 1910 habens
2181 1853 2516 1919 subsidium,
2570 1862 2760 1908 contra
2810 1852 3010 1923 oppida
3061 1851 3125 1906 ad
3162 1866 3311 1906 oram
3357 1851 3514 1904 Ponti

1939 1944 2039 1999 sita
2075 1942 2381 2013 profectus,
2438 1941 2623 1995 omnia
2676 1952 2876 2011 praeter
2913 1939 3224 2010 Sozopolim
3275 1939 3512 2005 subegit.

1934 2032 2093 2102 Cepit
2136 2033 2265 2086 item
2301 2032 2563 2102 Oppidum
2597 2034 2652 2086 in
2693 2033 2860 2085 Dcrce
2894 2032 3114 2100 palude,
3143 2040 3197 2086 et
3230 2030 3513 2085 castellum

243 2128 470 2179 πόλεσιν
500 2125 927 2194 ἐπεστράτευσε,
965 2123 1062 2175 καὶ
1095 2117 1210 2176 εἷλε
1251 2123 1431 2183 πάσας
1464 2120 1606 2189 πλὴν
1653 2119 1829 2182 Σωζο-

1937 2124 2208 2194 quoddam
2267 2139 2376 2178 non
2415 2124 2606 2193 procul
2658 2122 2940 2193 Byzantio,
2977 2123 3295 2192 Empyriten
3342 2136 3511 2177 voca«

243 2219 477 2279 πόλεως.
512 2213 636 2270 Εἷλε
667 2216 739 2268 ’δὲ
766 2217 858 2268 καὶ
892 2216 992 2285 τὴν
1027 2216 1084 2269 ὲν
1116 2218 1181 2286 τῇ
1223 2215 1404 2286 Δέρκῃ
1432 2216 1495 2283 τῇ
1537 2213 1698 2282 λίμνῃ
1730 2211 1830 2263 πό-

243 2308 334 2362 λιν
354 2324 368 2338 °
406 2309 498 2361 καὶ
529 2308 788 2378 φρούριόν
834 2324 886 2359 τι
915 2307 1101 2376 ἕτερον
1133 2308 1193 2358 οὐ
1254 2306 1474 2375 μακρὰν
1505 2303 1826 2366 Βυζαντίου,

258 2398 600 2468 Ἐμπυρίτην
656 2398 1238 2467 προσαγορευόμενον·
1310 2391 1430 2449 εἶτα
1485 2397 1826 2465 ἀνέστρεφεν

246 2490 330 2551 εἰς
359 2490 456 2558 τὴν
482 2489 707 2542 οἰκείαν.
752 2488 888 2540 ’Υπδ
926 2487 983 2541 δὲ
1035 2489 1161 2550 τοὺς
1193 2487 1392 2549 αὐτοὺς
1447 2487 1694 2557 χρόνους,
1733 2484 1828 2538 καὶ

247 2580 511 2649 Μανουὴλ
563 2584 590 2634 ὁ
646 2580 913 2651 νεώτερος
945 2579 1054 2631 τῶν
1104 2580 1373 2650 βασιλέως
1415 2580 1547 2632 υἱῶν
1595 2579 1829 2650 Βερροίᾳ

247 2673 618 2742 ἐνδιατρίϐων,
655 2671 788 2740 ὄναρ
844 2669 1086 2740 ἔγραφεν
1137 2672 1266 2724 ίδεῖν
1307 2671 1581 2724 τοιοῦτον.
1619 2670 1827 2723 Ἐδόκει

248 2765 346 2816 ἐπὶ
395 2764 583 2832 κλίνης
626 2762 788 2825 αὐτὸς
827 2761 1080 2815 ἑστάναι·
1141 2762 1366 2831 βασιλέα
1399 2763 1454 2814 δὲ
1494 2762 1584 2816 τὸν
1615 2761 1828 2831 πατέρα

245 2854 507 2922 τήϐεννον
531 2852 722 2922 ἔχοντα
755 2852 850 2904 καὶ
883 2851 1087 2920 χιτῶνα
1111 2852 1523 2922 περιπόρφυρα,
1552 2851 1648 2904 καὶ
1675 2853 1826 2920 ἱερα-

249 2947 409 3000 τικὸν
441 2948 825 3016 ὲπιτραχήλιον
854 2945 1116 3015 χρυσοῦν,
1156 2946 1293 3016 πρὸς
1323 2947 1485 3000 αὑτὸν
1518 2945 1710 3010 ἐλθεῖν,
1737 2943 1830 2998 δύο

246 3039 308 3091 δὲ
342 3039 565 3109 ἑτέρους
593 3038 932 3108 ἑκατέρωθεν
957 3037 1104 3107 αὐτῷ
1128 3038 1492 3108 παρέπεσθαι,
1528 3032 1602 3090 ὧν
1632 3038 1826 3106 ἅτερος

251 3131 353 3200 μὲν
380 3131 440 3182 οὐ
473 3129 751 3201 γνώριμος
804 3125 873 3199 ἦν
901 3168 916 3193 ,
947 3124 1061 3199 εἶχε
1094 3129 1152 3181 δὲ
1185 3130 1244 3182 τὸ
1277 3130 1558 3200 προφήτου
1597 3127 1822 3182 Ἡσαΐου

249 3223 455 3293 βιϐλίον
485 3222 830 3290 ἀνεῳγμένον
855 3238 870 3252 ο
897 3221 1275 3290 Λαντζαρέτος
1315 3221 1370 3272 δὲ
1406 3221 1435 3272 ὁ
1462 3219 1714 3288 δεύτερος
1766 3217 1828 3270 τὸ

249 3313 520 3383 βασιλέως
569 3313 720 3382 ξίφος
769 3307 920 3382 ε’ἴχεν
954 3313 1012 3365 έν
1062 3311 1237 3382 χερσί.
1275 3311 1511 3364 Βασιλέα
1559 3311 1614 3363 δὲ
1656 3313 1828 3380 κηρὸν

245 3403 398 3473 αὐτῷ
428 3405 862 3474 παρεσχημένον,
913 3405 1007 3456 καὶ
1039 3402 1309 3472 σφραγῖδα
1335 3438 1350 3467 ,
1397 3402 1564 3470 ἄμφω
1597 3401 1826 3471 ἐρυθρὰ,

247 3498 587 3568 Σφράγισον,
626 3497 760 3568 πρὸς
801 3497 891 3549 τὸν
954 3497 1068 3548 υίὸν
1092 3491 1314 3548 ἐἰπεῖν.
1341 3493 1445 3546 Τοῦ
1475 3493 1533 3546 δὲ
1590 3494 1825 3563 σφραγί-

249 3604 462 3650 σαντος,
494 3586 672 3650 ζῶντα
694 3587 883 3639 λέοντα
921 3585 1297 3654 έντυπωθῆνκι
1325 3583 1403 3653 τῷ
1430 3583 1607 3653 κηρῷ,
1630 3583 1829 3652 ἄστρον

246 3679 632 3748 λαμπρότατον
661 3679 735 3748 τῷ
758 3677 916 3748 δεξιῷ
945 3678 1244 3746 κατέχοντα
1275 3675 1416 3739 ποδὶ,
1449 3677 1545 3728 καὶ
1580 3674 1714 3744 πρὸς
1752 3672 1828 3744 τῷ

246 3770 386 3840 ὥρῳ
416 3771 601 3839 ἕτερον
640 3770 834 3839 μικρὸν
862 3772 1054 3839 ἔχοντα
1085 3766 1563 3836 ὲγκεκολαμμένον
1607 3766 1827 3834 ἄστρον.

247 3862 484 3915 Βασιλέα
533 3861 590 3915 δὲ
627 3864 821 3925 εἰπεῖν,
879 3861 1204 3932 Ἀνάστησον
1261 3860 1454 3912 αὐτόν’
1486 3859 1831 3926 ἀναστήσαν-

247 3971 343 4018 τος
379 3954 434 4006 δὲ
483 3953 575 4006 τοῦ
623 3953 762 4017 υίοῦ,
787 3953 880 4005 τὸν
915 3953 970 4004 τὸ
999 3951 1200 4021 βιϐλίον
1245 3950 1465 4002 Ἡσαΐου
1524 3950 1828 4018 κατέχοντα

249 4044 447 4106 εἰπεῖν,
493 4061 512 4095 r
559 4041 618 4095 '0
678 4042 808 4104 Θεὸς
866 4043 1148 4112 ὡδήγησεν
1217 4040 1381 4092 αὐτὸν
1411 4041 1470 4105 ἐξ
1523 4039 1826 4107 Αἰγύπτου,

145 4133 156 4138 ’
246 4132 326 4195 ὡς
359 4133 514 4199 δόξαν
554 4131 923 4203 μονοκέρωτος
959 4130 1154 4196 αὑτοῦ,
1186 4131 1397 4183 ἕδεσθαι
1429 4130 1556 4201 ἔθνη
1616 4129 1828 4200 ἐχθρῶν

250 4227 457 4292 αὑτοῦ,
491 4226 585 4279 καὶ
625 4227 746 4287 ταῖς
792 4224 997 4294 βολίσιν
1042 4224 1224 4276 αὐτῶν
1261 4222 1673 4287 κατατοξεύσει,
1731 4223 1826 4276 καὶ

249 4318 326 4371 τὰ
358 4318 504 4387 πάχη
526 4318 707 4372 αὐτῶν
737 4317 1043 4387 έκμυελιεί.
1092 4314 1426 4378 ’Δνακλιθεὶς
1478 4314 1828 4369 ἁνεπαύσα;ο

251 4410 326 4470 ὡς
346 4408 500 4473 λέων,
528 4410 621 4462 καὶ
644 4408 718 4472 ὡς
749 4409 985 4478 σκύμνος
1011 4423 1023 4439 ⁶
1047 4407 1131 4470 τίς
1162 4409 1346 4478 ὲγερεί
1374 4407 1645 4472 αὐτόν;οἱ
1676 4406 1828 4459 εὐλο-

253 4494 479 4562 γοῦντές
505 4512 563 4548 σε
591 4496 971 4564 εὐλογημένοι,
1009 4495 1103 4549 καὶ
1136 4497 1186 4548 οἱ
1217 4493 1598 4566 καταρώμενοί
1638 4513 1698 4548 σε
1733 4513 1827 4548 κε-

251 4588 642 4658 κατήρανται.»
677 4587 861 4640 Ταῦτα
883 4587 938 4639 δὲ
967 4588 1140 4640 ἐδόκει
1172 4586 1249 4658 τῷ
1285 4587 1474 4658 βιϐλίῳ
1507 4589 1636 4639 ὄντα
1665 4589 1826 4656 ἐγγε-

249 4678 549 4748 γραμμένα
586 4675 998 4746 ἀναγινώσκειν.
1032 4677 1296 4738 Βασιλεὺς
1344 4675 1398 4728 δὲ
1429 4671 1584 4739 αὖθις
1615 4674 1690 4744 τῷ
1719 4673 1820 4744 υίῷ

1940 2219 2070 2275 bulo
2131 2231 2146 2277 :
2201 2218 2401 2274 deinde
2451 2216 2505 2270 in
2563 2215 2905 2285 provinciam
2957 2214 3142 2267 rediit.
3196 2212 3314 2267 Sub
3368 2211 3512 2266 idem

1941 2321 2158 2381 tempus
2207 2309 2421 2363 Manucl
2483 2307 2672 2377 junior
2724 2305 2866 2359 ﬁlius
2914 2305 3034 2374 ejus
3069 2303 3344 2357 Berrhmae
3393 2317 3514 2356 ma-

1938 2417 2102 2466 nens,
2151 2401 2258 2454 tale
2292 2403 2470 2454 visum
2506 2414 2603 2466 per
2631 2413 2885 2454 somnum
2926 2397 3028 2452 sibi
3081 2397 3323 2451 oblatum
3373 2395 3514 2450 scri-

1939 2495 2071 2565 psit.
2111 2491 2416 2547 Videbatur
2445 2492 2547 2547 sibi
2586 2492 2775 2546 sederc
2801 2505 2965 2559 super
3011 2491 3210 2545 lectulo
3243 2489 3380 2559 (47),
3419 2503 3514 2557 pa-

1940 2594 2074 2638 trem
2107 2594 2288 2638 autem
2340 2593 2515 2654 togam
2550 2593 2605 2637 et
2637 2584 2879 2636 tunicam
2935 2595 3174 2650 purpura
3213 2587 3512 2649 praetextas
3575 2581 3584 2588 '

1938 2676 2209 2741 indutum,
2248 2679 2659 2746 g‘estantemque
2689 2689 2718 2727 a
2748 2674 2886 2728 collo
2909 2673 3153 2743 pendens
3187 2671 3389 2728 monile
3420 2685 3512 2725 sa-

1936 2768 2210 2824 cerdotale
2259 2781 2485 2821 aureum
2526 2766 2808 2828 accedere,
2843 2765 3031 2818 dextra
3067 2763 3308 2831 larvaque
3345 2762 3514 2832 stipa-

1937 2869 2050 2916 tum
2087 2860 2319 2923 duobus,
2347 2873 2579 2928 quorum
2613 2856 2988 2928 alterignotus
3047 2854 3326 2924 prepheta:
3358 2853 3515 2908 Isaia:

1935 2954 2194 3009 volumen
2278 2959 2530 3021 apertum
2604 2949 2862 3012 tenebat;
2945 2948 3082 3000 alter
3155 2945 3512 2999 Lantzaretus

1935 3041 2170 3112 gladium
2213 3039 2560 3110 imperatoris
2591 3053 2758 3092 manu
2791 3037 3042 3106 portabat
3072 3051 3087 3100 ;
3121 3045 3175 3089 et
3205 3035 3383 3104 ipsum
3411 3035 3513 3087 im-

1935 3139 2245 3199 peratorem
2300 3142 2480 3182 ceram
2517 3135 2570 3180 et
2619 3125 2879 3195 sigillum,
2915 3127 3074 3177 ambo
3107 3124 3300 3187 rubra,
3332 3123 3512 3192 porri-

1934 3228 2148 3289 gentem
2212 3217 2593 3285 dicentemque
2630 3231 2644 3271 :
2695 3213 2879 3284 Signa.
2911 3213 3047 3268 Cum
3083 3215 3374 3283 signassct.
3430 3212 3510 3266 vi-

1934 3327 2061 3367 vum
2095 3310 2312 3364 leonem
2352 3308 2407 3360 in
2437 3321 2560 3361 cera
2603 3305 2929 3374 impressum
2985 3296 3268 3373 apparere,
3313 3303 3509 3356 dextro

1934 3403 2072 3475 pede
2104 3400 2317 3456 stellam
2349 3406 2628 3454 tenentem
2681 3396 3095 3460 lucidissimam,
3126 3402 3183 3448 et
3212 3395 3366 3464 juxta
3412 3409 3506 3447 ar-

1932 3511 2080 3551 mum
2115 3495 2273 3549 aliam
2305 3493 2520 3548 stellam
2545 3490 2837 3555 modicam,
2874 3488 3022 3543 velut
3053 3488 3378 3557 insculptam
3404 3487 3506 3541 lia-

1931 3590 2173 3644 bentem.
2209 3585 2350 3641 Tum
2399 3587 2790 3655 imperatorem
2825 3581 3030 3647 dicere,
3080 3580 3268 3634 Excita
3297 3580 3502 3650 ipsum.

1929 3679 2082 3746 Quod
2118 3693 2244 3733 eum
2289 3676 2515 3740 faceret,
2549 3673 2641 3744 qui
2689 3673 2885 3726 librum
2927 3671 3080 3725 Isaiae
3113 3672 3353 3736 tenebat,
3388 3671 3506 3724 haec

1932 3772 2058 3825 inde
2092 3770 2377 3825 videbatur
2431 3767 2690 3832 recitare,
2753 3781 2774 3817 ι
2807 3763 3074 3818 Dominus
3103 3764 3213 3816 dux
3247 3763 3369 3834 ejus
3400 3761 3506 3815 fuit

1929 3879 1993 3918 ex
2013 3861 2271 3932 IEgypto,
2302 3869 2361 3914 ut
2392 3858 2618 3927 gloriam
2647 3855 2932 3909 unieornis
2965 3853 3106 3922 ejus,
3147 3859 3207 3905 ut.
3248 3853 3507 3912 comedat

1929 3950 2490 4024 gentesinimicornm
2521 3947 2662 4016 ejus,
2701 3955 2755 4000 et
2779 3945 2981 4016 jaculis
3009 3958 3196 3997 eorum
3227 3943 3502 4013 jaculabi-

1931 4050 2037 4108 tur,
2059 4049 2114 4096 et
2133 4040 2435 4096 crassitiem
2467 4051 2658 4092 eorum
2695 4034 3068 4090 emedullabit.
3115 4033 3392 4087 Recubuit
3448 4041 3502 4089 et

1929 4133 2142 4204 quievit
2171 4140 2231 4186 ut
2276 4131 2382 4194 leo,
2419 4140 2474 4184 et
2503 4135 2563 4183 ut
2587 4127 2797 4182 catulus
2826 4126 3022 4190 leonis,
3069 4125 3193 4194 quis
3233 4124 3494 4178 excitabzt

1930 4223 2122 4279 illum?
2148 4221 2252 4288 Qui
2283 4221 2616 4276 benedicunt
2645 4219 2764 4284 tibi,
2810 4227 2938 4274 sunt
2970 4215 3274 4281 benedicti,
3323 4223 3379 4268 et
3406 4215 3500 4285 qui

1928 4316 2281 4380 maledicunt,
2324 4312 2658 4368 maledicti’.
2699 4330 2718 4363 ι
2749 4311 2910 4382 632
2949 4309 3070 4370 Haec
3117 4309 3210 4363 ille
3243 4308 3382 4362 libro
3420 4308 3501 4361 in-

1929 4408 2130 4477 scripta
2163 4405 2397 4460 recitare
2425 4404 2734 4459 videbatur.
2772 4403 3072 4471 lnrperator
3091 4414 3284 4454 rursus
3317 4399 3492 4454 ﬁlium

1926 4500 2143 4569 signare
2169 4497 2356 4568 jussit.
2409 4495 2542 4551 Cum
2591 4496 2884 4567 signasset,
2929 4505 3187 4561 expressa
3237 4499 3321 4543 est
3377 4489 3501 4544 viva

1927 4590 2185 4661 pardalis,
2214 4590 2388 4644 altero
2431 4589 2570 4660 pede
2613 4589 2860 4642 chartam
2903 4585 3186 4641 sustinens
3228 4598 3352 4637 cum
3399 4582 3504 4636 hac

1929 4681 2288 4751 inscriptione
2323 4699 2336 4736 :
2380 4698 2397 4731 ι
2433 4680 2573 4736 Ecce
2615 4679 2730 4735 fera
2777 4679 2951 4733 altera
2979 4683 3038 4730 ut
3069 4674 3292 4744 pardus,
3325 4681 3380 4727 et
3407 4687 3504 4742 po-

249 4771 586 4839 προσέταττε
641 4771 963 4838 σφραγίσαι.
1012 4767 1423 4838 Σφραγίσαντος
1458 4766 1516 4820 δὲ
1553 4767 1821 4838 πάρδαλις

1934 4780 2096 4828 testas
2126 4772 2175 4828 ei
2208 4774 2330 4828 data
2355 4774 2494 4828 est’.
2544 4790 2564 4825 ι
2603 4771 2851 4840 Cumque
2883 4771 3183 4839 imperator
3223 4767 3272 4821 ei
3304 4765 3396 4835 qui
3446 4763 3506 4817 li-

250 4861 447 4930 ἔξῆλθε
490 4862 659 4928 ζῶσα,
691 4863 785 4914 καὶ
815 4862 1024 4931 χάρτην
1049 4857 1163 4930 εἶχε
1197 4858 1410 4928 θατέρῳ
1444 4859 1552 4912 τῶν
1610 4859 1821 4925 ποδῶν,

246 4948 296 5022 ᾧ
320 4956 710 5025 ἐνεγέγραπτο,
734 4954 865 5007 Ἰδοὺ
896 4953 1084 5025 θηρίον
1130 4953 1317 5024 ἕτερον
1355 4953 1488 5005 ὡσεὶ
1517 4953 1782 5023 πάρδαλις
1805 4970 1821 4986 ο

248 5049 348 5101 κσιδ⁸
379 5047 603 5115 ἐξουσία⁸
624 5047 780 5117 ὲδῦθη
809 5047 975 5116 αὐτῷ.
1003 5065 1022 5097 ι
1061 5046 1433 5106 Κελεύσαντος
1464 5045 1519 5098 δὲ
1567 5045 1828 5115 βασιλέως

335 5209 351 5239 ³
390 5205 555 5263 Num.
587 5223 734 5274 xxxv,
769 5209 824 5273 8,
859 5207 915 5263 9.
991 5207 1012 5238 ²
1051 5205 1167 5260 Dan
1197 5221 1295 5270 vn,
1329 5205 1383 5261 6.

1937 4865 2096 4920 brum
2156 4866 2375 4920 tenebat
2432 4865 2812 4936 pracepisset,
2851 4871 2912 4917 ut
2975 4861 3104 4915 fera:
3160 4858 3504 4929 prophetiam

1934 4955 2159 5026 legeret,
2206 4959 2396 5011 eadem
2455 4957 2690 5028 legebat.
2744 4955 2992 5010 Tertium
3051 4955 3266 5024 signare
3320 4947 3508 5019 jussit,-

1936 5047 2185 5118 Cunique
2240 5047 2534 5119 signasset,
2579 5047 2702 5102 ielis
2747 5047 2908 5101 etiam
2956 5044 3077 5100 viva
3139 5041 3331 5106 exivit,
3388 5051 3508 5107 quae

1509 5343 1728 5406 Jacobi
1762 5344 2036 5406 Pontani
2067 5350 2256 5407 notae.

333 5474 445 5543 (47)
489 5471 563 5528 De
592 5472 694 5527 hoc
740 5485 953 5543 sommo
984 5467 1178 5543 viderit
1224 5467 1394 5543 lector
1439 5466 1568 5534 quid
1605 5465 1822 5543 sentiat,

255 5553 314 5598 et.
342 5535 629 5612 quomodo
663 5557 850 5596 verum
897 5540 988 5602 sit,
1037 5538 1182 5607 quod
1211 5539 1284 5612 ait
1320 5545 1509 5612 postca
1577 5535 1654 5589 sic
1693 5549 1826 5590 eve-

257 5607 432 5668 nisse.
464 5610 760 5668 Commista
788 5619 916 5665 sunt
953 5619 1135 5664 autem
1172 5609 1334 5662 verba
1377 5607 1672 5674 Scriptura:
1701 5619 1825 5660 san-

1934 5472 2057 5537 σιω,
2083 5474 2156 5539 _et
2190 5462 2565 5539 consarcinata
2596 5465 2904 5538 aliquoties,
2941 5466 3233 5524 utnescias
3270 5468 3399 5539 quid
3434 5484 3507 5523 ex
3596 5524 3600 5526 .

1932 5535 2045 5602 quo
2081 5533 2200 5587 loco
2238 5534 2560 5614 adducatur.
