4066 6298
265 254 404 322 1189

1403 251 1944 313 IIlSTORlARUM
1993 252 2224 312 ΗΒΕΙῖ
2267 253 2381 311 Ill-

3367 261 3498 326 1190

252 382 336 420 νοι
355 363 702 432 ἀνέστρεφον.
729 362 986 425 Βασιλεὺς
1008 363 1063 415 δέ
1092 363 1212 414 ἐπεὶ
1240 365 1366 432 περὶ
1389 364 1616 434 δείληνή
1650 365 1811 434 ἡμέρε

1933 373 2078 416 etum
2111 365 2395 430 alierebat,
2421 364 2516 419 sed
2545 366 2855 436 imperatori
2890 383 3126 438 quoque,
3161 379 3215 424 et
3237 371 3498 427 Romanis

251 453 352 525 ἥδη
381 449 470 524 ἦν,
506 452 658 521 παρὰ
684 453 780 524 τὴν
808 454 906 525 τῆς
928 453 1188 522 Καμήλου
1213 455 1556 524 καλουμένην
1580 454 1823 522 γέφυραν

251 545 787 612 ἐστρατοπεδεύσατο
811 544 1001 607 ἐλθὼν,
1037 545 1129 596 καὶ
1155 546 1234 606 είς
1252 544 1352 614 τὴν
1387 544 1680 613 ὑστεραίαν
1716 544 1823 595 ὀλί-

250 651 338 701 γοι
367 634 467 704 μὲν
495 636 572 697 είς
616 636 676 686 τὸ
709 637 1069 701 στρατόπεδον
1111 636 1250 705 μετὰ
1307 635 1574 705 βασιλέως
1607 633 1823 686 ὑπελεί-

252 741 448 777 ποντο·
492 724 552 776 τὸ
579 726 710 776 πολὺ
737 725 792 776 δὲ
822 724 920 793 τῆς
955 727 1216 792 στρατιᾶς
1255 725 1352 778 καὶ
1388 723 1698 794 Ῥωμαίων,
1731 724 1824 776 καὶ

251 816 474 886 Περσῶν
496 818 792 885 ἐτράποντο
819 818 912 868 ἐπὶ
940 816 1251 887 λεηλασίας.
1281 817 1390 870 Καὶ
1426 817 1688 884 Ῥωμαῖοι
1723 818 1826 885 μὲν

1925 455 2200 510 universis
2233 471 2444 525 magna:
2474 458 2814 512 miserationi
2844 468 2981 522 erat,
3011 477 3122 514 suae
3155 465 3334 530 gentis
3357 480 3498 517 mor-

1925 546 2060 599 tales
2092 546 2178 600 his
2203 546 2422 600 casibus
2452 561 2746 615 Oppressos
2787 549 3052 617 aspicere.
3103 550 3208 604 Sed
3241 568 3361 605 cum
3396 554 3498 622 By-

1923 638 2124 691 zantini
2184 654 2371 706 pacem
2443 653 2916 708 aspernarentur,
2971 643 3241 697 licentiam
3302 646 3499 698 milita--

1926 744 2042 782 rem
2092 728 2146 782 in
2177 730 2430 785 hostibus
2485 733 2784 786 necessitas
2816 735 3201 802 extorquebat,
3260 753 3368 790 non
3402 752 3498 789 vo-

1926 818 2135 872 luntas.
3122 839 3124 842 ·

251 909 568 979 βοσκήματα
621 913 716 966 καὶ
753 913 919 983 ἄλλην
951 914 1100 966 λείαν
1153 913 1388 982 ἤλαυνον
1410 929 1422 943 ·
1455 911 1516 964 τὸ
1547 912 1812 979 Περσικὸν
1850 910 1906 964 δὲ
1936 911 2324 980 ἠνδραπόδιζον
2349 916 2441 968 καὶ
2468 917 2590 977 τοὺς
2617 916 2958 985 ἀνθρώπους.
2987 921 3093 972 Καὶ
3119 897 3189 990 ἦν
3255 922 3314 972 οὐ
3382 926 3495 984 τοῖς

249 1004 520 1072 πάσχουσι
549 1003 710 1072 μόνον
743 1006 802 1057 τὸ
826 1005 992 1056 κακὸν
1038 1003 1507 1073 ἀπαραμύθητον
1557 1002 1691 1055 ἀλλὰ
1720 1003 1813 1054 καὶ
1852 1001 2101 1071 βασιλεῖ,
2154 1005 2248 1056 καὶ
2291 1009 2402 1068 τοῖς
2449 1007 2702 1058 συνοῦσιν
2745 1007 2917 1062 ἅπασι

2990 1013 3286 1077 Ῥωμαίοις
3348 1014 3496 1074 ἔλεος

249 1094 424 1158 δεινὸς
456 1095 654 1165 εἰσῄει,
693 1097 918 1150 τοιαῦτα
957 1096 1063 1148 τῶν
1091 1095 1376 1163 ὁμοφύλων
1417 1091 1841 1162 δυστυχούντων.
1894 1092 2231 1159 Ἀναγκαίως
2264 1095 2318 1146 δέ
2345 1096 2438 1148 τοῦ
2517 1097 2754 1166 πολέμου
2801 1101 3030 1170 εἴχοντο.
3066 1103 3333 1173 Πράττειν
3387 1105 3496 1182 γὰρ

250 1191 450 1259 ἑτέρως
499 1190 600 1242 οὐκ
627 1189 772 1259 ἐνῆν,
805 1189 912 1242 τῶν
947 1191 1002 1242 ἐν
1033 1188 1314 1259 Βυζαντίῳ
1339 1187 1438 1258 τὴν
1484 1178 1707 1257 είρῆυην
1751 1187 1810 1238 οὐ
1853 1188 2333 1257 παραδεχομένων.

1587 1324 1813 1381 CAPUT
1853 1325 2116 1381 LXXXII.

248 1424 456 1481 Galam
481 1425 742 1494 cupientes
769 1425 836 1476 de
887 1431 1100 1477 auctore
1148 1421 1271 1494 belli
1304 1429 1352 1475 el
1407 1437 1576 1474 causas
1611 1436 1946 1494 cognoscere,
1989 1421 2186 1494 legatos
2237 1424 2305 1476 ad
2346 1423 2772 1480 Cuutacuzenum
2819 1427 3134 1480 sciscitatum
3171 1429 3405 1483 mittunt.
3448 1429 3496 1483 Ii

319 1505 439 1548 sunt
493 1491 594 1567 duo
636 1495 1154 1567 mouachi,_qu_orum
1201 1493 1342 1545 alter
1393 1496 1563 1567 Amare
1620 1491 2294 1567 inaperatficislcognatus.
2339 1495 2678 1567 Responderi;
2731 1497 3022 1567 imperator
3069 1513 3180 1550 rem
3237 1517 3268 1551 a
3320 1501 3526 1567 capite'

318 1565 556 1627 arcessit,
609 1575 658 1617 et
687 1580 847 1634 quam
898 1558 1113 1634 indigna
1168 1576 1443 1634 perpessus
1495 1563 1564 1634 sit
1620 1561 1788 1612 docet.
1825 1558 1900 1611 De
1940 1561 2112 1634 Persis
2143 1565 2301 1615 etiam
2340 1558 2605 1634 advocatis
2655 1581 2710 1618 se
2759 1558 3006 1634 die/endit,
3061 1577 3111 1618 et
3165 1558 3494 1622 adversarios

315 1649 496 1686 eorum
530 1649 679 1702 apem
699 1629 912 1703 frustra
941 1629 1454 1697 implorassc'docet.
1493 1629 1765 1694 Quantum
1792 1631 2037 1698 temporis
2082 1631 2138 1683 in
2171 1641 2264 1684 hoc
2293 1633 2554 1704 colloquio
2585 1629 2951 1704 consumptum
2981 1635 3163 1703 fuerit.

320 1771 386 1824 Οἱ
414 1772 472 1822 ἐν
495 1769 715 1841 Γαλατᾷ
733 1771 790 1822 δὲ
822 1769 900 1839 τῷ
928 1769 1174 1839 φρουρίῳ
1200 1768 1352 1831 ὄντες
1381 1769 1622 1832 Λατῖνοι,
1650 1765 1811 1834 ὁρῶν·

1994 1763 2196 1820 Verum
2259 1769 2406 1822 enim
2459 1784 2593 1822 vero
2643 1770 2694 1822 in
2765 1770 2966 1839 oppido
3038 1769 3224 1825 Galata
3269 1771 3491 1840 Latinil,

243 1880 336 1926 τες
375 1862 471 1932 μὲν
506 1863 605 1933 τὴν
633 1863 735 1914 ὑπὸ
765 1863 858 1915 τοῦ
900 1861 1162 1931 ἐμφυλίου
1217 1861 1456 1931 πολέμου
1510 1863 1623 1922 τοῖς
1680 1859 1816 1912 Ῥω-

248 1956 429 2026 μαίοις
469 1957 826 2025 ἐγγινομένην
852 1956 1130 2026 ἀμύθητον
1157 1955 1384 2023 φθορὰν,
1410 1952 1729 2021 ἀγνοοῦντες
1760 1952 1815 2004 δὲ

245 2049 296 2100 εί
331 2047 529 2118 μᾶλλον
563 2049 612 2099 οι
638 2049 694 2101 ἐν
729 2047 1030 2115 Βυζαντίῳ,
1062 2046 1093 2116 ἢ
1123 2044 1570 2111 Καντακουζηνὸς
1602 2044 1630 2095 ὁ
1659 2043 1817 2112 βασι-

241 2137 372 2200 λεὺς
402 2137 702 2206 παρέχεται
747 2138 844 2198 τὰς
890 2136 1070 2198 αἰτίας
1107 2135 1202 2188 τοῦ
1251 2134 1527 2204 πολέμου,
1564 2136 1657 2186 καὶ
1703 2137 1816 2197 τοῖς

248 2230 350 2298 μὲν
373 2231 430 2282 ἐν
450 2229 730 2297 Βυζαντίῳ
755 2229 1006 2292 συνόντες
1027 2227 1319 2298 ὁσημέραι,
1345 2229 1436 2282 καὶ
1465 2227 1636 2280 πολλὰ
1666 2229 1814 2280 Καν-

245 2321 585 2392 τακουζηνοῦ
615 2321 706 2374 τοῦ
737 2319 1002 2390 βασιλέως
1030 2320 1320 2381 ἀκούοντες
1342 2317 1811 2388 κατηγορούντων,

244 2414 330 2466 ὅτι
365 2410 670 2482 βασιλεύειν
699 2412 1042 2482 ἐπιθυμήσας
1064 2413 1178 2473 τοῖς
1208 2410 1475 2480 βασιλέως
1498 2409 1816 2462 ἐπιϐουλεύ-

251 2523 365 2559 σειε
394 2507 572 2572 παισὶ,
604 2507 951 2576 πατριάρχης
989 2506 1045 2558 δέ
1087 2508 1220 2574 μετᾶ
1252 2503 1359 2557 τῶν
1389 2505 1685 2558 ἐπιλοίπων
1717 2506 1812 2558 ἁν-

250 2599 464 2669 τισταίη
514 2598 610 2651 καὶ
676 2597 937 2650 κωλύσειε
992 2597 1066 2666 μὴ
1117 2598 1207 2649 τὸν
1259 2597 1424 2649 παῖδα
1478 2595 1813 2666 διαφθείρειν

253 2691 588 2760 πολεμήσας,
629 2689 661 2759 ἢ
695 2689 845 2742 οὐδὲν
879 2688 946 2742 ἂν
991 2689 1196 2741 ἐκεῖνον
1238 2687 1445 2740 ἐκώλυε
1491 2687 1656 2740 πάλαι
1701 2688 1812 2739 διε-

250 2784 513 2854 φθάρθαι,
547 2779 995 2847 Καντακουζηνοῦ
1036 2781 1093 2832 δὲ
1120 2779 1214 2832 τοῦ
1255 2779 1514 2850 βασιλέως
1540 2779 1598 2831 ού
1649 2779 1812 2848 μόνον

247 2876 348 2946 τὴν
375 2876 508 2943 πρὸς
540 2873 763 2942 βασιλέα
809 2873 900 2924 τὸν
942 2871 1282 2941 Ἀνδρόνικον
1335 2870 1642 2932 ἐννοοῦντες
1670 2873 1810 2939 σύμ-

248 2985 462 3031 πνοιαν,
518 2967 652 3020 ἀλλὰ
704 2967 798 3018 καὶ
855 2965 953 3035 τὴν
1000 2963 1306 3036 προσοῦσαν
1362 2964 1663 3017 ἐπιείκειαν
1716 2962 1812 3016 καὶ

247 3059 585 3130 ἡμερότητα,
606 3058 698 3111 καὶ
727 3058 786 3109 τὸ
812 3059 975 3110 πᾶσιν
1005 3055 1196 3110 ἑαυτὸν
1229 3057 1560 3127 παρέχεσθαι
1593 3055 1721 3126 ἡδύν
1752 3071 1810 3106 τε

247 3154 306 3205 ἐν
336 3151 574 3222 ὁμιλίαις
609 3155 701 3202 καὶ
733 3147 1014 3217 φιλότιμον
1047 3147 1182 3216 πρὸς
1219 3149 1315 3210 τὰς
1347 3148 1684 3217 εὐεργεσίας,
1715 3145 1809 3200 καὶ

244 3243 350 3312 τῆς
379 3243 458 3303 είς
506 3240 666 3293 αὑτὸν
717 3240 932 3300 εὐνοίας
982 3239 1090 3291 τῶν
1136 3239 1302 3307 φίλων
1353 3237 1808 3310 μνημονευτικδν,

250 3336 344 3386 καὶ
379 3331 710 3404 νομίζοντες,
745 3332 849 3383 οὐκ
892 3331 957 3382 ἂν
990 3328 1132 3382 οὕτω
1171 3329 1368 3400 ῥᾳδίως
1415 3331 1540 3399 περὶ
1586 3329 1809 3398 βασιλέα

247 3425 339 3478 τὸν
379 3425 532 3492 φίλον
559 3421 1026 3493 ὴγνωμονηκέναι,
1076 3421 1354 3473 πιστεύειν
1390 3421 1488 3489 μὲν
1518 3421 1616 3473 οὐκ
1666 3417 1811 3489 εἶχον

245 3520 360 3581 τοῖς
392 3515 555 3570 αὑτοῦ
589 3514 953 3586 κατηγοροῦσι
995 3515 1064 3566 τὰ
1094 3513 1340 3577 τοιαῦτα,
1384 3513 1506 3567 οὔτε
1536 3517 1642 3586 μὴν
1675 3533 1810 3567 παν·

245 3613 484 3664 τάπασιν
535 3611 788 3662 ἀπιστεῖν
834 3611 946 3669 τοῖς
999 3606 1418 3677 θρυλλουμένοις
1469 3607 1640 3670 οὕτως
1706 3609 1810 3660 ὑπὸ

249 3705 482 3758 πολλῶν.
526 3703 626 3756 Διὰ
667 3703 729 3772 δὴ
761 3702 934 3756 ταῦτα
965 3702 1092 3769 περὶ
1125 3702 1378 3755 πλείστου
1415 3703 1684 3770 τιθέμενοι
1715 3720 1810 3754 σα-

247 3799 347 3866 φές
372 3814 427 3850 τι
455 3798 582 3865 περὶ
619 3794 710 3847 τοῦ
749 3795 896 3862 παρὰ
940 3795 1230 3864 Ῥωμαίοις
1265 3796 1622 3863 κεκινημένου
1655 3795 1810 3847 πολέ-

250 3905 353 3956 μου
381 3887 606 3955 γνῶναι,
635 3887 744 3938 δεῖν
789 3885 1057 3952 ἔγνωσαν,
1086 3885 1206 3936 ἐπεὶ
1241 3886 1404 3952 ἐγγὺς
1455 3881 1522 3955 ἦν
1554 3886 1802 3956 ἐστρατο-

249 3978 602 4049 πεδευμένος,
643 3979 882 4046 πέμπειν
929 3976 1063 4045 πρὸς
1097 3975 1258 4027 αὐτόν
1290 3993 1458 4038 τινας,
1488 3975 1536 4027 οἳ
1579 3975 1812 4038 arma.

251 4087 404 4140 μενοι
437 4071 534 4130 τὰς
583 4067 760 4128 αίτίας
787 4067 1023 4119 εἴσονται
1075 4066 1289 4134 σαφῶς,
1321 4065 1378 4130 ἐξ
1411 4059 1484 4117 ὧν
1519 4067 1546 4118 ὁ
1574 4066 1811 4135 πόλεμος

247 4163 524 4230 κεκίνητο.
557 4160 664 4213 Καὶ
697 4159 977 4228 πέμπουσι
1009 4157 1102 4210 δύο
1137 4158 1290 4218 τινὰς
1323 4158 1420 4226 τῆς
1460 4156 1568 4208 τῶν
1624 4173 1813 4225 μενου-

247 4251 382 4322 ρίων
407 4250 612 4314 τάξεως
648 4248 933 4319 μοναχοὺς,
967 4249 1220 4310 συνετοὺς
1259 4247 1358 4316 μὲν
1398 4247 1492 4300 καὶ
1516 4246 1711 4311 ἄλλως,
1749 4247 1810 4298 οὐ

251 4343 361 4414 μὴν
389 4343 526 4396 ἀλλὰ
558 4342 648 4394 καὶ
679 4341 871 4408 σοφίας
896 4341 996 4408 τῆς
1026 4341 1177 4409 παρὰ
1212 4337 1504 4407 Ῥωμαίοις
1535 4339 1614 4400 είς
1644 4341 1812 4407 ἄκρον

1924 1874 2048 1912 eum
2087 1858 2193 1912 hoc.
2221 1859 2363 1914 civili
2401 1860 2543 1914 bello
2574 1862 2850 1915 Romanos
2891 1863 3240 1918 incredibiles
3267 1864 3494 1918 calami-

1925 1958 2061 2003 tates
2094 1951 2389 2018 pertulisse
2419 1962 2732 2015 cerncrent,
2763 1963 2818 2006 et
2851 1955 3196 2022 ignorarent,
3246 1956 3494 2024 magisne

1920 2055 1951 2094 a
1983 2040 2319 2111 Byzantinis,
2370 2059 2436 2096 an
2473 2059 2501 2096 a
2534 2043 2918 2098 Cantacuzeno
2953 2048 3137 2097 datum
3192 2053 3340 2098 esset
3389 2045 3493 2098 ini.

1923 2132 2058 2186 tium
2100 2151 2114 2187 :
2155 2142 2212 2188 et
2245 2134 2561 2202 quatidiana
2597 2150 2718 2188 cum
2753 2135 2861 2189 illis
2907 2137 3232 2189 commercia
3288 2135 3493 2190 haben-

1923 2230 2024 2287 tes,
2066 2236 2160 2276 eos
2189 2222 2631 2278 Cantaeuzenum
2670 2226 2859 2279 multis
2890 2236 3208 2280 accusantes
3237 2228 3493 2281 audirent

1923 2308 2086 2379 (quod
2122 2313 2378 2365 nimirum
2411 2313 2676 2382 regnandi
2701 2313 3000 2381 cupiditate
3035 2312 3223 2366 liberis
3253 2313 3485 2381 impera-

1921 2401 2058 2455 toris
2093 2401 2449 2456 insidiaretur
2482 2420 2494 2456 :
2531 2403 2902 2471 patriarcham
2945 2419 3066 2456 cum
3101 2403 3312 2458 creteris
3343 2404 3490 2457 obsi-

1921 2504 2087 2560 stcre,
2127 2510 2198 2549 ne
2241 2511 2471 2566 puerum
2527 2497 2671 2551 bello
2707 2495 2880 2550 victor
2921 2495 3234 2561 occideret,
3284 2493 3488 2563 alioqui

1919 2585 2128 2654 pridem
2159 2586 2397 2641 occisum
2434 2586 2650 2655 fuisse),
2674 2595 2936 2656 praeterea
2963 2601 3084 2640 cum
3119 2584 3486 2640 Cantacuzcni

1918 2692 2028 2730 non
2062 2678 2253 2732 solum
2295 2694 2418 2732 cum
2475 2679 2735 2733 defuncto
2796 2679 3122 2747 imperatore
3173 2676 3488 2732 Andronico

1918 2770 2259 2824 voluntatum
2323 2771 2736 2840 studiorumque
2775 2785 3126 2833 consensum,
3158 2770 3254 2823 sed
3282 2777 3338 2822 et
3372 2783 3487 2822 mo-

1918 2877 2007 2916 res
2039 2861 2436 2932 placidissimos
2476 2870 2822 2932 reputarent,
2872 2871 2923 2916 et
2965 2861 3235 2931 quomodo
3277 2873 3336 2913 se
3370 2874 3488 2913 om-

1919 2955 2080 3008 nibus
2114 2953 2167 3006 in
2204 2969 2502 3025 congressu
2541 2969 2788 3017 suavem,
2821 2969 2886 3008 ac
2917 2952 3292 3008 benefaciendi
3326 2951 3486 3022 cupi-

1919 3045 2068 3108 dum,
2102 3044 2607 3114 benevolentiaeque
2644 3043 2946 3097 amicorum
2983 3057 3108 3112 erga
3176 3056 3234 3095 se
3273 3055 3483 3094 memo-

1915 3150 2028 3189 rem
2057 3135 2366 3205 praeberet;
2399 3135 2798 3188 arbitrarentur
2831 3135 2993 3188 etiam
3045 3147 3152 3186 non
3189 3141 3295 3185 tam
3325 3131 3483 3184 facile

1911 3227 1967 3279 in
2003 3226 2391 3296 imperatorem
2461 3225 2734 3292 ingratum
2781 3233 2946 3291 atque
2983 3221 3289 3291 improbum
3326 3236 3482 3289 repe-

1911 3316 2006 3369 riri
2041 3315 2286 3384 potuisse
2315 3332 2330 3368 :
2357 3329 2479 3368 cum
2540 3315 2677 3380 hare,
2725 3313 2967 3383 inquam,
3000 3315 3328 3383 cogitarent,
3378 3329 3482 3368 nec

1911 3407 2071 3461 ﬁdem
2101 3405 2516 3460 accusatoribus
2546 3405 2864 3476 adjungere,
2904 3419 3002 3459 nec
3031 3420 3256 3473 prorsus
3290 3405 3478 3458 detra-

1911 3501 2044 3553 here
2080 3507 2348 3568 poterant,
2385 3498 2528 3567 quod
2573 3498 2707 3551 adeo
2739 3511 2770 3550 a
2807 3495 2991 3550 multis
3021 3495 3473 3563 praedicarentnr.

1911 3590 2175 3655 Quocirca
2210 3597 2419 3644 eertum
2477 3589 2678 3658 aliquid
2733 3588 2801 3642 de
2855 3587 2981 3641 belli
3025 3601 3188 3640 causa
3223 3597 3276 3640 et
3308 3586 3482 3640 initiis

1911 3695 2242 3751 cognoscere
2276 3681 2580 3748 nimiopere
2611 3679 2914 3749 cupientes,
2944 3677 3381 3746 quandoquidem
3435 3678 3480 3744 is

1911 3788 2078 3842 prope
2104 3785 2284 3827 castra
2309 3773 2552 3835 haberet,
2583 3772 2847 3840 quosdam
2886 3785 3010 3822 eum
3061 3778 3471 3838 percunctatum

1911 3864 2209 3918 mittendos
2241 3871 2572 3926 statuerunt,
2610 3871 2668 3915 ut
2714 3860 2859 3929 quod
2893 3860 3171 3922 volebant,
3201 3861 3480 3927 explorate

1911 3957 2206 4010 discerent.
2240 3954 2460 4008 Mittunt
2522 3953 2686 4022 igitur
2746 3953 2882 4005 duos
2921 3952 3194 4004 Minorum
3244 3951 3478 4005 instituti

1914 4047 2230 4111 monachos,
2267 4045 2563 4114 eaeteroqui
2593 4043 2908 4114 prudentes,
2945 4053 3000 4098 et
3045 4041 3252 4096 Latinis
3283 4041 3479 4096 litteris

1911 4139 2332 4198 excultissimos,
2358 4136 2522 4208 634
2553 4145 2608 4189 et
2648 4135 2701 4188 in
2752 4134 3083 4188 Aristotelea
3127 4134 3476 4203 phil050phia

1915 4229 2420 4284 exercitatissimos.
2464 4227 2667 4282 Ilorum
2708 4242 2851 4280 unus
2885 4233 3005 4280 erat
3051 4225 3354 4289 Sabaudns,
3384 4241 3478 4294 pa-

1917 4333 2069 4378 terna
2103 4321 2425 4391 cognatione
2471 4323 2642 4373 Annae
2677 4318 3013 4387 imperatrici
3067 4318 3314 4386 junctus,
3352 4335 3472 4374 mo-

245 4412 600 4505 ἐληλακότας,
615 4436 708 4488 καὶ
735 4433 803 4486 τὰ
831 4431 1233 4503 Ἀριστοτέλους
1276 4429 1536 4484 κάλλιστα
1571 4429 1807 4499 ἐξησκη-

1916 4417 2213 4472 naehorum
2255 4415 2530 4469 minorum
2586 4412 2838 4467 antistes.
2890 4413 3234 4481 Quapmpter
3267 4422 3323 4467 ct
3363 4421 3476 4466 tum

250 4529 464 4596 μένους.
492 4526 600 4578 Ἦν
629 4525 686 4579 δέ
713 4525 742 4577 ὁ
779 4525 876 4594 μὲν
925 4524 1008 4576 Ere
1020 4540 1110 4593 ρος
1145 4522 1325 4575 αὐτῶν
1358 4523 1421 4575 ἐκ
1446 4521 1692 4583 Σαϐωἲας
1716 4522 1812 4591 τῆς

1915 4509 1983 4563 ab
2015 4507 2366 4576 homophylis
2392 4505 2458 4559 ad
2497 4504 2878 4573 imperatorem
2913 4503 3112 4558 missus
3133 4515 3240 4568 cst,
3283 4511 3341 4555 ut
3363 4504 3477 4556 ori-

247 4595 512 4690 πατρῴας
546 4617 722 4681 οἰκίας
757 4619 925 4690 Ἀννῃ
961 4618 1026 4687 τῇ
1080 4615 1335 4684 βασιλίδι,
1368 4615 1474 4668 τῶν
1510 4615 1811 4684 μενουρίων

1915 4602 2090 4670 ginem
2131 4599 2254 4654 belli
2283 4606 2539 4652 accurate
2570 4595 2869 4664 indagaret,
2920 4605 2977 4648 et
3010 4595 3217 4649 ratione
3258 4598 3477 4664 propin-

247 4710 608 4782 ήγούμενους.
640 4711 729 4764 Διὸ
762 4709 857 4763 καὶ
900 4710 1021 4761 τότε
1072 4708 1207 4777 πρὸς
1248 4707 1471 4776 βασιλέα
1507 4708 1656 4778 παρὰ
1701 4707 1810 4759 τῶν

244 4805 538 4873 ὁμοφύλων
567 4803 846 4872 ἐπέμφθη,
887 4803 952 4854 ἵν’
984 4801 1057 4863 ὡς
1097 4800 1326 4870 μάλιστα
1358 4801 1453 4862 τὰς
1483 4801 1661 4863 αἰτίας
1697 4800 1810 4864 ἐξε-

243 4898 390 4968 τάσῃ
438 4895 533 4948 τοῦ
583 4895 846 4963 πολέμου,
879 4896 945 4964 τῇ
1001 4892 1136 4962 πρὸς
1188 4891 1436 4961 βασιλίδα
1480 4891 1577 4961 τὴν
1613 4893 1810 4945 Ἀνναν

243 4989 632 5056 οίκειότητιού
675 4988 835 5057 μόνον
877 4986 1090 5056 βασιλεῖ
1135 4985 1208 5056 μὴ
1256 4985 1636 5056 χαριζόμενος,
1673 4987 1808 5040 ἀλλὰ

243 5083 344 5136 καὶ
378 5081 675 5149 ἀντιλέγων
720 5083 811 5135 δια)⁸
853 5080 1194 5148 ἁπελέγχων,
1243 5079 1345 5132 ὅσα
1379 5079 1596 5133 δυνατά.
1645 5077 1704 5132 Ὀ
1751 5079 1807 5131 δὲ

187 5215 190 5218 -
238 5174 432 5237 λοιπὸς
477 5175 588 5226 τῶν
608 5173 1008 5242 ἐξεταζομένων
1033 5171 1306 5241 ἀκροατὴς
1359 5173 1614 5240 ἐσόμενος
1646 5173 1806 5240 μόνον

235 5267 391 5336 ἥκει·
425 5265 512 5318 ἵνα
545 5264 618 5335 μὴ
648 5266 852 5326 ἐκεῖνος
875 5261 1031 5325 αὖθις
1059 5263 1416 5332 χαριζόμενος
1447 5261 1646 5330 ἐαυτῷ,
1673 5263 1807 5314 ἁπο-

237 5355 505 5427 κρύπτειν
535 5354 766 5426 ἐθελήσῃ
793 5353 1316 5424 τάληθῆ.⁹Ελθόντες
1346 5355 1400 5406 δὲ
1434 5354 1512 5414 είς
1554 5353 1613 5404 τὸ
1642 5369 1804 5423 στρα-

233 5447 482 5512 τόπεδον,
515 5449 609 5502 καὶ
639 5445 862 5515 βασιλέα
905 5445 1476 5515 προσαγορεύσαντες,
1509 5445 1668 5514 ἥκειν
1703 5445 1798 5514 μὲν

234 5539 448 5608 ἔφασαν
478 5540 572 5592 καὶ
600 5537 815 5608 ὁμιλίας
858 5538 1021 5591 ἕνεκα
1055 5537 1150 5590 καὶ
1197 5538 1488 5606 συντυχίας
1536 5537 1633 5605 τῆς
1660 5537 1797 5606 πρὸς

231 5628 422 5695 αὑτὸν,
454 5627 626 5692 οὔτως
657 5627 1431 5700 ἐγγὺς,ἐστρατοπεδευμένου.
1457 5629 1529 5682 Τὸ
1559 5628 1792 5698 μάλιστα

1913 4691 2140 4761 quitatis
2189 4704 2310 4744 cum
2373 4687 2746 4756 imperatriee,
2799 4701 2906 4740 non
2945 4686 3107 4740 modo
3157 4687 3474 4755 imperatori

1912 4784 2050 4839 nihil
2107 4779 2451 4842 concederet,
2481 4779 2574 4833 sed
2619 4778 2782 4832 etiam
2816 4776 3237 4841 contradiceret,
3291 4793 3470 4847 quan--

1914 4884 2138 4942 tumque
2185 4880 2394 4941 posset,
2455 4884 2578 4923 cum
2631 4867 2930 4923 refelleret.
2983 4869 3135 4923 Alter
3171 4879 3378 4924 tantum
3409 4879 3467 4924 ut

1911 4966 2073 5033 hujus
2106 4961 2466 5034 indagationis
2525 4961 2859 5014 attscullator
2886 4975 2950 5014 ac
2983 4962 3137 5015 testis
3193 4963 3463 5026 veniebat,

1911 5073 1975 5110 ne
2011 5067 2198 5124 postea
2225 5055 2410 5110 socius
2444 5051 2760 5120 imperatori
2797 5051 3149 5120 gratiﬁeatus,
3179 5055 3465 5108 veritatem

1907 5150 2134 5205 celaret.
2166 5147 2398 5216 lngressi
2433 5146 2602 5214 igitur
2646 5153 2846 5208 castra,
2877 5159 2935 5198 se
2961 5145 3078 5214 ejus
3105 5125 3470 5202 conveniendi

1905 5251 1958 5294 et
1991 5237 2304 5308 alloquendi
2337 5251 2522 5300 causa,
2554 5235 2775 5303 quando
2830 5244 2936 5288 tam
2984 5251 3155 5305 prope
3205 5238 3474 5303 tenderet,

1905 5329 2202 5384 advenisse
2231 5327 2506 5381 dixerunt.
2544 5325 2894 5380 Potissimum
2921 5338 3099 5382 autem
3147 5329 3350 5385 idcirco
3379 5348 3474 5386 ve-

1904 5423 2075 5484 nisse,
2105 5419 2249 5488 quod
2283 5417 2376 5470 diu
2420 5419 2530 5486 jam
2568 5417 2710 5470 bello
2741 5418 2842 5471 hoc
2877 5418 3016 5472 inter
3056 5419 3334 5476 Romanos
3365 5423 3472 5476 du-

1907 5520 2087 5574 rante,
2147 5518 2204 5563 et
2253 5508 2482 5562 vastatis
2532 5509 2777 5577 quotidie
2807 5510 3032 5564 urbibus
3062 5511 3204 5564 inter
3233 5526 3289 5566 se
3317 5511 3473 5565 dissi-

1907 5604 2186 5670 dentibus,
2223 5591 2544 5671 reliquaque
2571 5599 2794 5672 regione
2823 5616 2852 5656 a
2885 5601 3145 5658 Romanis
3174 5612 3228 5658 et
3268 5601 3470 5659 barba-
