4066 6298
529 251 668 322 119i

1710 231 2038 294 JOANNIS
2075 221 2609 289 CANTACUZENI

3649 212 3782 276 NQ!

527 316 1053 434 ris-prmdatoribus,
1086 349 1180 421 qui
1223 345 1482 418 pluribus
1538 349 1594 396 et
1647 338 2142 434 irrepa‘rabilibusi

2246 334 2493 387 ὲπεῖσαν
2525 316 2666 383 εἶναι
2713 326 3038 396 ἀφικέσθαι,
3085 327 3168 379 ὅτι
3219 326 3408 396 χρόνον
3433 325 3538 396 ἤδη
3587 335 3786 395 συχνὸν

2271 422 2297 434 ο
2414 421 2429 434 ι
2519 419 2594 434 οι.
2626 419 2671 434 0‘
2819 416 2925 434 ’τινε
2988 413 3119 434 εἷκε-
3163 415 3287 434 __‘\!
3373 433 3397 434 η
3464 432 3589 434 ,4.,,
3637 414 3662 434 6

535 428 656 512 eam
714 443 1065 506 detrimentis
1125 439 1470 501 atl‘ecissent,
1535 431 1830 500 multisque
1882 428 2103 484 assidue

533 546 706 615 captis
739 551 794 596 et
829 533 1166 603 interemptis
1194 528 1377 614 nullus
1435 525 1616 580 adhuc
1667 521 1934 576 malorum
1980 517 2104 615 finis

534 606 794 706 appareat
829 653 839 685 :
871 641 1049 694 neque
1097 624 1201 676 hoc
1237 609 1427 673 saltem
1462 629 1589 669 vere
1641 622 1978 682 cognoscere
2040 606 2108 706 li-

539 697 681 789 ceat,
719 724 861 777 unde
920 718 1123 774 bellum
1159 713 1396 783 primum
1453 707 1704 775 coeperit,
1739 711 1794 757 et
1843 714 1983 769 quas
2035 697 2106 752 ob

538 833 731 874 causas
763 827 932 881 usque
967 809 1128 862 hodie
1170 803 1349 858 sedari
1380 800 1713 868 nequiverit,
1747 793 1843 850 sed
1876 807 1986 846 non
2018 806 2106 846 se-

541 926 638 965 cus
673 921 833 977 quam
886 903 1075 956 furens
1112 897 1330 951 ﬂamina
1383 891 1568 946 omnia
1601 885 1864 959 pervadat
1909 893 1964 940 et
2016 883 2112 936 ab--

542 974 746 1056 sumat.
800 995 865 1049 Et
889 1004 1200 1062 quanquam
1239 1002 1303 1039 ex
1347 985 1470 1038 aliis
1501 980 1689 1035 multis
1719 979 1878 1031 aliter
1927 974 2112 1028 audie-

543 1094 674 1155 rint,
701 1099 760 1143 ut
791 1087 1028 1156 quisque
1057 1089 1150 1134 aut
1183 1080 1321 1133 bene
1345 1083 1439 1128 aut
1468 1072 1609 1128 male
1650 1072 1701 1122 in
1726 1071 2110 1137 imperatorem

546 1184 818 1236 animatus
845 1187 950 1240 est,
984 1185 1165 1228 tamen
1202 1171 1268 1224 iis
1297 1165 1630 1222 credendum
1663 1175 1772 1214 non
1795 1156 2110 1213 censuisse:

546 1275 660 1344 qui,
695 1267 968 1340 quomodo
1001 1264 1105 1333 ipsi
1131 1275 1325 1316 sensus
1350 1267 1405 1312 et
1439 1254 1795 1325 cogitationes
1835 1265 1964 1304 suas
1995 1263 2111 1301 mu.

559 1339 696 1425 tant,
715 1339 807 1418 sic
834 1361 996 1416 etiam
1033 1371 1120 1410 res
1138 1352 1332 1408 mutari
1371 1345 1570 1404 debere
1599 1345 1912 1414 Opinantur.
1937 1339 2116 1406 Quare

551 1476 609 1513 se
636 1471 825 1524 rogare
859 1461 1189 1521 magnOpere
1230 1454 1288 1498 ut
1341 1442 1458 1511 ipse
1495 1443 1763 1492 memoret
1803 1447 1913 1502 quo
1957 1438 2118 1502 pacto

553 1522 764 1620 singula
798 1560 855 1598 se
889 1539 1204 1599 habuerint,
1255 1534 1345 1604 qui
1384 1547 1447 1586 ea
1481 1544 1595 1598 prae
1625 1526 1883 1582 omnibus
1927 1522 2119 1578 certis-

552 1617 691 1698 simo
748 1636 913 1700 norit,
949 1641 1004 1688 et
1045 1631 1334 1683 veritatem
1371 1621 1650 1678 occultare
1708 1617 1879 1680 nolet,
1932 1617 2122 1682 utpote

2203 422 2300 475 τοῦ
2334 421 2473 490 πρὸς
2510 419 2778 487 ἀλλήλους
2819 413 3120 484 Ῥωμαίοις
3159 415 3401 485 πολέμου
3440 414 3662 468 τουτουῒ
3694 434 3787 469 κε-

2205 529 2330 580 κινη
2339 512 2527 582 μένου,
2553 508 2648 562 καὶ
2669 505 3131 576 διαφθειρομένων
3152 507 3423 577 ὁσημέραι
3451 506 3559 559 τῶν
3581 507 3790 560 πόλεων

2209 605 2300 658 ὑπ’
2334 603 2582 674 ἀλλήλων
2631 599 3059 663 στασιαζόντων,
3113 599 3206 650 καὶ
3243 599 3340 668 τῆς
3384 600 3554 668 ἄλλης
3608 598 3789 670 χώρας

2213 697 2316 751 ὐπὸ
2371 694 2661 764 Ῥωμαίων
2693 692 2788 745 καὶ
2837 690 3132 762 βαρϐάρων
3177 690 3284 742 τῶν
3313 694 3787 760 κατατρεχόντων,

2211 787 2306 840 καὶ
2337 787 2604 840 πλείστων
2627 783 2719 836 καὶ
2739 782 3054 851 ἀνηκέστων
3071 779 3431 848 τελουμένων,
3461 783 3555 833 καὶ
3583 781 3791 835 πολλῶν

2213 881 2338 935 καθ’
2369 880 2588 950 ἡμέραν
2623 874 2990 945 κτεινομένων
3025 877 3119 927 καὶ
3154 873 3789 942 ἐξανδραποδιζομένων,

2215 970 2341 1024 οὐτε
2389 968 2545 1030 λύσις
2573 965 2686 1019 τῶν
2729 964 2917 1016 κακῶν
2965 965 3192 1034 οὐδεμία
3237 951 3643 1034 ἐξευρίσκεται,
3683 962 3793 1014 οὐδ’

2217 1063 2348 1115 αὐτὸ
2399 1060 2558 1112 τοῦτο
2607 1057 2782 1123 ἔξεστι
2809 1056 3038 1125 τάληθὲς
3066 1056 3277 1125 μαθεῖν,
3305 1056 3426 1109 ὅθεν
3453 1071 3514 1106 τε
3539 1055 3746 1124 ἤρξατο
3770 1055 3798 1106 δ

2217 1153 2450 1220 πόλεμος
2466 1150 2530 1201 τδ
2553 1148 2793 1216 πρῶτον,
2813 1149 2920 1199 κάκ
2938 1147 3100 1199 τίνων
3121 1146 3230 1198 τῶν
3249 1148 3436 1199 αἰτίων
3458 1145 3617 1198 οὔπω
3637 1149 3796 1214 μέχρι

2221 1241 2318 1294 νῦν
2355 1239 2725 1309 καταλυθῆναι
2759 1237 3026 1307 ἠδυνήθη,
3053 1235 3354 1299 άλλόὐτως
3392 1239 3574 1290 ἔπεισι
3599 1239 3794 1298 πάντα,

2221 1329 2407 1398 ὥσπερ
2468 1329 2599 1398 φλὸξ
2655 1329 3090 1382 καταναλίσκων.
3149 1329 3341 1380 Καίτοι
3399 1345 3465 1395 γε
3499 1328 3795 1398 ἀκηκοέναι

2229 1425 2294 1476 ὲκ
2327 1419 2558 1481 πολλῶν,
2610 1419 2786 1473 ἄλλων
2823 1418 2998 1480 ἄλλως
3032 1419 3107 1481 ὡς
3157 1419 3388 1481 ἕκαστος
3431 1418 3792 1488 ἀπεχθείαςῆ

2225 1515 2436 1576 εὐνοίας
2471 1512 2605 1584 πρὸς
2635 1513 2779 1582 ὑμᾶς
2825 1510 2953 1574 τούς
2985 1510 3243 1580 βασιλέας
3274 1511 3463 1581 ἔχουσι
3491 1510 3764 1580 διηγουμέ

2226 1622 2352 1660 νωνο
2387 1599 2466 1668 οἷς
2495 1605 2555 1657 οὐ
2601 1605 2808 1658 δίκαιον
2843 1602 3124 1655 πιστεύειν
3155 1602 3475 1672 κεκρικέναι
3519 1603 3635 1664 τοῖς
3665 1617 3795 1670 σφε-

553 1676 691 1698 ωιιιυ
748 1676 913 1700 ..υ...,
951 1676 1004 1688 ν.
1419 1676 1429 1678 -
1866 1676 1874 1680 ν
1994 1676 2008 1682 _

552 1733 798 1804 ejusdem
843 1727 974 1782 inde
1002 1741 1031 1778 a
1060 1735 1257 1792 puero,
1319 1718 1461 1771 sicut
1495 1710 1831 1780 acceperint.
1883 1705 2123 1804 tenacis:

2246 1698 2412 1767 ιέροις
2436 1697 2616 1750 αὐτῶν
2650 1697 2848 1750 πάθεσι
2870 1693 3426 1763 συμμεταϐάλλεσθαι
3454 1692 3672 1757 ἀξιοῦσι
3707 1695 3797 1746 καὶ

2274 1790 2286 1804 .
2427 1789 2438 1804 .
2705 1787 2775 1804 ι.
2893 1787 3087 1804 ς..η
3186 1787 3277 1804 κη
3326 1802 3375 1804 Α
3450 1784 3608 1804 JH,
3649 1785 3766 1804 _._\

555 1793 728 1881 simus
759 1838 774 1876 :
805 1821 969 1887 idque
1001 1833 1066 1870 eo
1098 1813 1302 1872 minus,
1341 1806 1484 1877 quod
1522 1811 1737 1858 exstent
1771 1797 1994 1870 plurimi
2029 1793 2124 1865 qui

559 1931 692 1970 vera
758 1911 1121 1968 subticentem
1177 1903 1389 1972 possint
1438 1900 1783 1964 redarguere.
1827 1891 2128 1960 Imperator

561 2022 673 2063 non
715 2006 782 2061 de
814 2003 1051 2057 adventu
1085 1992 1487 2055 tantummodo,
1541 1988 1635 2042 sed
1671 1987 1838 2040 etiam
1876 1983 1944 2037 de
1993 1981 2128 2051 peti-

560 2103 711 2157 tione
765 2111 860 2150 eos
887 2090 1097 2154 laudat,
1151 2085 1462 2157 gratiasque
1523 2095 1744 2150 magnas
1798 2076 1930 2148 agit,
1984 2075 2130 2129 afﬁr-

561 2205 718 2248 mans
749 2186 956 2257 pridem
995 2189 1218 2251 optasse
1249 2177 1382 2232 tales
1415 2175 1517 2230 sibi
1547 2173 1888 2240 contingere,
1925 2170 2017 2238 qui
2060 2167 2130 2222 ad

563 2282 874 2340 veritatem,
931 2286 1043 2326 non
1077 2269 1143 2322 ad
1180 2268 1331 2320 litem
1377 2273 1432 2318 et
1487 2261 1899 2316 altercationem
1941 2257 2133 2312 audire

566 2372 784 2427 vellent.
818 2367 1018 2420 Prmter
1051 2360 1159 2414 alia
1189 2357 1392 2426 quippe
1429 2353 1570 2407 mala
1608 2366 1730 2419 qua:
1779 2349 1886 2405 sibi
1927 2347 2133 2427 bellum

566 2464 671 2517 hoc
723 2454 1012 2515 inflixerit,
1055 2448 1249 2505 ethoc
1301 2444 1595 2499 molestum
1653 2439 1937 2504 accidisse,
1987 2436 2134 2506 quod

567 2551 809 2608 nondum
847 2547 994 2599 viros
1023 2542 1234 2608 aliquos
1275 2535 1581 2606 prudentes
1605 2529 1896 2593 invenerit,
1927 2543 2018 2596 qut
2050 2527 2133 2597 ju-

567 2655 710 2702 stam
770 2639 837 2694 de
891 2636 1060 2690 armis
1117 2631 1237 2686 istis
1298 2627 1630 2683 sententiam
1688 2621 2136 2692 pronuntiarent.

568 2737 727 2792 Nunc
756 2729 890 2800 ipsis
932 2723 1228 2794 improviso
1261 2716 1679 2773 advenientibus
1703 2722 1759 2768 et
1797 2729 1910 2768 rem
1939 2709 2137 2781 exponi

577 2823 916 2895 rogantibus,
947 2830 1084 2886 quos
1115 2814 1230 2882 ipse
1269 2810 1513 2864 nancisci
1547 2807 1688 2861 votis
1719 2806 1947 2860 summis
1979 2814 2139 2872 opta-

572 2917 736 2977 verit,
768 2922 824 2966 et
853 2911 946 2980 qui
999 2909 1222 2974 insuper
1259 2902 1402 2970 apud
1443 2915 1500 2954 se
1531 2914 1641 2953 non
1682 2898 1856 2952 solum
1909 2896 1982 2949 ob
2012 2909 2142 2948 eru-

2232 1790 2300 1841 τὰ
2333 1789 2660 1859 πράγματα.
2693 1787 2786 1840 Διὸ
2821 1789 2915 1840 καὶ
2942 1787 3150 1841 δεῖσθαι
3181 1787 3415 1854 μάλιστα
3441 1784 3612 1837 αὐτοῦ
3639 1785 3803 1838 αὐτὸν

2233 1884 2632 1954 ἐξηγήσασθαι,
2657 1883 2732 1946 ὡς
2765 1883 2923 1950 ἐσμεν
2954 1883 3161 1934 ἕκαστα
3195 1880 3509 1948 σαφέστατά
3539 1896 3602 1932 τε
3627 1879 3804 1931 εἰδότα

2235 1980 2341 2032 τῶν
2367 1978 2558 2046 ίάλλων
2594 1977 2820 2047 μᾶλλον,
2871 1976 2964 2028 καί⁵
3008 1975 3239 2045 τάληθὲς
3286 1974 3346 2024 οὐ
3400 1973 3804 2042 βουλησόμενον

2236 2068 2642 2138 ἀποκρύπτειν,
2672 2063 2760 2119 οἷα
2811 2067 2876 2135 δὴ
2919 2065 3177 2136 ἀληθείας
3208 2081 3266 2117 τε
3297 2065 3580 2134 ἐχόμενον,
3618 2063 3806 2131 ὥσπερ

2237 2161 2508 2230 ἀκούομεν
2541 2159 2801 2228 ἐξαρχῆς,
2836 2159 3011 2221 ἄλλως
3039 2173 3099 2209 τε
3131 2157 3224 2210 καὶ
3259 2156 3469 2209 πολλῶν
3500 2155 3676 2208 ὄντων
3704 2154 3807 2205 τῶν

2238 2253 2618 2321 δυνησομένων
2672 2250 3027 2318 smmum,
3063 2247 3130 2302 ἂν
3177 2248 3436 2316 φαίνηται
3495 2247 3574 2315 μὴ
3633 2245 3809 2308 λέγειν

2241 2343 2518 2415 ᾑρημένος
2547 2342 2776 2413 τάληθῆ.
2819 2342 3083 2401 Βασιλεὺς
3127 2340 3208 2403 δὲ,
3237 2340 3299 2390 οὐ
3341 2337 3435 2390 τοῦ
3468 2338 3602 2407 παρ’
3655 2336 3810 2388 αὐτῦν

2245 2436 2474 2505 ἀφῖχθαι
2509 2434 2692 2504 μόνον,
2719 2433 2854 2486 ἀλλὰ
2897 2432 2991 2486 καὶ
3021 2432 3118 2500 τῆς
3165 2431 3440 2500 αἰτήσεως
3467 2428 3689 2498 ἐπῄνει,
3724 2431 3812 2480 καὶ

2243 2528 2476 2598 χάριτας
2499 2526 2558 2578 οὐ
2580 2524 2678 2589 τὰς
2708 2523 2978 2594 τυχούσας
3000 2523 3294 2592 ὡμολόγει.
3333 2521 3511 2574 Πάλαι
3542 2519 3655 2590 γὰρ
3683 2519 3810 2588 ἑφα-

2247 2635 2373 2670 σκεν
2412 2617 2704 2686 ἐπιθυμεῖν
2753 2617 2861 2668 τῶν
2902 2616 3040 2685 πρὸς
3075 2614 3362 2684 ἀλήθειαν,
3407 2613 3525 2667 ἀλλ’
3566 2613 3631 2666 οὐ
3683 2614 3815 2676 πρὶς

2246 2707 2362 2778 ἔριν
2404 2712 2499 2761 καὶ
2543 2705 2880 2773 φιλονεικίαν
2925 2706 3148 2759 ἀκούειν
3197 2705 3646 2775 βουλησομένων.
3679 2705 3815 2773 Πρὲς

2247 2799 2358 2868 γάρ
2386 2800 2494 2860 τοῖς
2531 2798 2713 2859 ἄλλοις
2747 2794 2829 2860 οἷς
2864 2799 3172 2866 ἐπήνεγκεν
3202 2799 3231 2850 ὁ
3275 2798 3513 2865 πόλεμος
3540 2796 3695 2865 αὐτῷ
3724 2814 3814 2847 κα·

2249 2892 2387 2955 κοῖς,
2419 2890 2699 2942 καὶτοῦτο
2730 2888 2836 2942 τῶν
2865 2889 3120 2959 ἐπαχθῶν
3150 2889 3432 2956 ἡγεῖσθαι,
3452 2889 3513 2941 τὸ
3545 2889 3815 2958 μηδέποτε

585 2977 888 3062 ditioneth
937 3007 1102 3067 atque
1197 2993 1542 3064 prudentiam
1604 2989 1850 3058 judicum
1943 3001 2142 3040 munus

2252 2981 2490 3032 συνετῶν
2517 2996 2677 3032 τινων
2707 2979 2996 3046 ἀκροατῶν
3024 2980 3206 3049 τυχεῖν
3236 2978 3287 3031 οἳ
3313 2979 3632 3030 δικάσουσιν
3674 2977 3817 3043 αὖτῴ

576 3097 726 3167 fungi
767 3090 1006 3164 possint,
1038 3086 1132 3142 sed
1154 3086 1223 3139 ob
1251 3083 1301 3137 id
1341 3085 1520 3152 ipsum
1547 3079 1822 3141 venerint,
1846 3087 1906 3132 ut
1930 3093 1994 3131 ex
2026 3077 2145 3147 eius

577 3201 674 3246 ore
699 3187 986 3242 veritatem
1042 3179 1111 3234 de
1155 3174 1318 3248 635
1350 3175 1455 3228 hoc
1516 3172 1660 3227 bello
1686 3172 2054 3241 perciperent,
2079 3171 2146 3224 li-

581 3275 903 3335 bentissime
974 3268 1158 3324 omnia
1217 3265 1613 3334 explicaturum
1648 3300 1662 3323 ,
1719 3270 1776 3315 et
1829 3260 2148 3330 petitionem

579 3370 723 3424 hanc
752 3369 807 3420 in
844 3362 1110 3418 memoria
1146 3359 1484 3412 habiturum.
1511 3353 1716 3408 Orabat
1744 3352 1927 3415 simul,
1978 3365 2046 3406 ne
2094 3365 2154 3405 se

582 3457 986 3530 reprehendere
1036 3458 1389 3510 vererentur,
1437 3447 1482 3500 si
1517 3461 1574 3499 se
1609 3453 1702 3498 aut
1731 3444 2029 3513 peierasse,
2059 3450 2153 3495 aut

585 3549 846 3619 iniurium
893 3544 1086 3603 fuisse,
1119 3548 1216 3594 aut
1247 3540 1456 3607 impera
1474 3538 1608 3591 toris
1641 3536 1802 3590 amici
1847 3534 1976 3589 ﬁliis
2015 3533 2152 3587 insi-

585 3642 706 3696 dias
732 3635 1130 3705 composuisse.
1189 3639 1285 3683 aut
1319 3629 1462 3684 bello
1487 3637 1762 3683 commoto
1810 3626 2151 3681 calamitates

588 3726 1009 3799 inexplicabiles
1063 3726 1337 3780 invexisse
1385 3720 1886 3790 deprehenderent.
1922 3717 2157 3772 Exorsus

586 3821 750 3891 igitur
783 3833 811 3870 a
846 3815 1138 3886 principio,
1171 3812 1368 3867 ordine
1398 3808 1611 3880 singula
1647 3807 1959 3871 recensuit,
1992 3822 2154 3875 quam

585 3907 832 3980 perfecte
866 3907 982 3974 ipse
1035 3913 1090 3959 et
1130 3901 1478 3956 Andronicus
1515 3901 1659 3954 inter
1685 3913 1742 3954 se
1787 3898 2107 3953 dilexissent
2140 3914 2154 3950 :

587 4009 642 4055 et
675 3995 950 4067 quomodo
977 4010 1044 4050 eo
1068 4003 1284 4048 mortuo
1309 4007 1416 4046 non
1451 3991 1603 4044 liberi
1629 3989 1827 4054 solum,
1859 3998 1914 4045 et
1935 3990 2158 4056 coniux,

587 4101 646 4149 et
701 4090 1018 4161 respublica
1068 4096 1235 4143 tanta:
1281 4087 1386 4142 sibi
1429 4102 1574 4142 curae
1604 4086 1828 4150 fuerint,
1877 4095 1938 4140 nt
1969 4100 2160 4140 eorum

589 4198 758 4238 causa
819 4197 931 4235 non
984 4179 1147 4234 modo
1188 4178 1501 4248 pecuniam,
1537 4178 1652 4242 sed,
1713 4177 1757 4232 si
1811 4192 1950 4246 opus
1995 4175 2155 4243 foret,

591 4277 760 4329 vitam
793 4287 1012 4342 quoque
1046 4271 1367 4340 impendere
1399 4277 1622 4339 paratus
1651 4276 1798 4324 esset
1832 4286 1844 4322 :
1886 4268 2160 4338 quomodo
2197 4306 2200 4310 λ

2252 3072 2381 3140 περὶ
2411 3071 2564 3124 τοῦδε
2590 3070 2682 3124 τοῦ
2720 3073 2982 3140 πολέμου.
3015 3071 3152 3124 Νυνὶ
3177 3071 3234 3123 δὲ
3264 3071 3450 3132 αὐτοῖς
3484 3071 3629 3122 κατὰ
3653 3070 3816 3138 τύχην

2253 3164 2603 3233 ἀφιγμένοις,
2641 3163 2981 3235 παρέχεσθαι
3008 3181 3069 3216 τε
3107 3163 3403 3231 δεομένοις,
3435 3157 3510 3217 ὧν
3542 3165 3707 3226 αὐτὸς
3731 3181 3819 3215 τυ-

2251 3259 2368 3325 χεῖν
2432 3257 2488 3309 ὲν
2535 3256 2800 3329 μεγίστης
2848 3257 3013 3326 εὐχῆς
3041 3251 3144 3326 ἦγε
3197 3257 3377 3326 μέρει,
3408 3255 3585 3319 ἄλλως
3629 3273 3692 3308 τε
3731 3259 3821 3309 καὶ

2253 3351 2576 3419 δυναμένοις
2609 3350 2776 3402 τόπον
2806 3348 3078 3402 δικαστῶν
3113 3350 3365 3419 κατέχειν
3393 3349 3525 3419 παρ’
3555 3348 3729 3417 αὐτῷ,
3762 3350 3821 3400 οὐ

2259 3441 2420 3510 μόνον
2447 3440 2535 3493 διὰ
2561 3438 2659 3510 τὴν
2688 3439 2882 3508 σοφίαν
2910 3441 3004 3492 καὶ
3029 3439 3130 3507 τὴν
3185 3441 3429 3503 σύνεσιν,
3472 3439 3589 3492 ἀλλ’
3621 3440 3707 3492 ὅτι
3736 3441 3825 3492 καὶ

2255 3529 2343 3583 ἐπ’
2390 3531 2538 3602 αὐτῷ
2567 3530 2742 3601 τούτῳ
2783 3530 2994 3600 ἥκοιεν,
3029 3531 3094 3584 ἶν’
3137 3532 3201 3584 ἐκ
3234 3530 3343 3583 τῶν
3374 3531 3698 3599 λεγομένων
3724 3532 3823 3582 τά·

2256 3622 2398 3693 ληθῆ
2423 3624 2552 3694 περὶ
2607 3621 2702 3674 τοῦ
2753 3622 2992 3692 πολέμου
3044 3623 3242 3690 γνοῖεν,
3274 3622 3476 3690 ἥκιστά
3495 3639 3557 3674 τε
3611 3622 3825 3675 ἅπαντα

2258 3716 2421 3769 αὐτὸν
2471 3714 2824 3784 ὲκθὴσεσθαι,
2854 3715 2946 3764 καὶ
2973 3712 3134 3782 χάριν
3154 3715 3386 3783 εἰδήσειν
3415 3714 3515 3784 τῆς
3541 3716 3824 3785 αίτήσεως.
3853 3738 3861 3744 -

2270 3805 2473 3858 Ἐδεῖτὸ
2497 3820 2554 3856 τε
2580 3804 2760 3858 αὐτῶν
2795 3801 2963 3872 μηδὲν
2996 3803 3490 3872 ὑποστειλαμένους
3526 3803 3828 3872 ἐξελέγχειν

2260 3897 2326 3951 ἂν
2359 3899 2618 3968 φαίνηται
2643 3895 2918 3965 ἐπιορκῶν
2953 3893 3050 3946 καὶ
3084 3895 3307 3961 ἀδικῶν,
3342 3897 3434 3948 καὶ
3463 3895 3498 3966 ἦ
3536 3900 3652 3957 τοῖς
3686 3899 3828 3964 βασι-

2259 3989 2396 4053 λέως
2430 3993 2590 4042 παισὶ
2626 3989 2722 4041 τοῦ
2753 3989 2909 4056 φίλου
2941 3987 3334 4051 ἐπιϐουλεύων,
3378 3986 3412 4053 ἢ
3460 3987 3560 4040 τοῦ
3595 3990 3827 4056 πολέμου

2261 4083 2456 4148 αἴτιος,
2493 4084 2589 4135 καὶ
2619 4083 2717 4150 τῆς
2759 4081 3049 4151 Ῥωμαίων
3098 4078 3386 4150 ἀμυθήτου
3433 4079 3650 4150 φθορᾶς
3687 4097 3827 4148 γεγε·

2263 4175 2559 4244 νημένους.
2601 4172 2940 4243 Ἀρξὰμενός
2967 4189 3026 4224 τε
3061 4173 3154 4225 ἀπ’
3188 4171 3363 4241 ἀρχῆς
3400 4170 3569 4232 εὐθὺς
3599 4172 3829 4240 διηγεῖτο

2262 4265 2488 4326 ἕκαστα,
2519 4264 2618 4333 τήν
2644 4279 2702 4314 τε
2732 4261 2897 4314 αὐτοῦ
2942 4263 3036 4315 καὶ
3063 4259 3327 4329 βασιλέως
3371 4259 3717 4330 ’Δνδρονίκου
3742 4259 3826 4310 εὐ-

593 4370 726 4422 item
762 4365 1013 4436 praefecti
1051 4363 1292 4420 cubiculi
1352 4363 1580 4416 insidias
1631 4360 1909 4415 immerito
1937 4376 2142 4432 perpes

2264 4372 2412 4408 νοιαν
2440 4356 2534 4407 καὶ
2552 4353 2736 4422 φιλίαν
2768 4353 2905 4424 πρὸς
2932 4352 3195 4422 ἀλλήλους
3223 4351 3455 4422 ἀκριϐῆ,
3481 4351 3578 4404 καὶ
3598 4351 3678 4414 ὡς
3701 4352 3828 4419 μετὰ

594 4476 688 4516 sus
717 4460 810 4522 sit,
849 4457 942 4526 qui
969 4471 1038 4510 ex
1077 4455 1284 4509 invidia
1316 4468 1506 4508 necem
1541 4452 1646 4506 sibi
1680 4467 1877 4522 parare
1923 4453 2160 4522 quaesie-

596 4554 690 4617 rit,
739 4559 800 4604 ut
852 4549 969 4618 ipse
1025 4561 1211 4601 rerum
1269 4546 1640 4615 principatum
1687 4545 1998 4609 obtineret;
2056 4559 2166 4612 quo

593 4644 756 4697 etiam
787 4647 948 4708 pacto
976 4635 1304 4690 commentis
1358 4649 1420 4688 ac
1473 4632 1845 4704 sycophantiis
1875 4633 2008 4698 suis,
2059 4633 2166 4686 im-

596 4729 851 4801 ponendo
907 4726 1032 4790 sibi,
1061 4724 1210 4794 quod
1265 4739 1546 4793 nunquam
1595 4724 1888 4792 cogitarat,
1925 4724 2162 4793 patriar-

598 4823 759 4876 cham
794 4819 1036 4885 aliosque
1067 4815 1350 4884 deceperit
1392 4833 1406 4866 :
1447 4829 1555 4882 qua
1596 4814 1807 4868 ratione
1841 4815 1942 4877 illi,
1973 4829 2168 4882 quam-

600 4914 686 4966 vis
723 4925 781 4965 se
820 4906 1040 4962 mentiri
1090 4915 1146 4960 et
1172 4904 1496 4959 calumniari
1554 4905 1760 4958 scirent
1791 4905 2171 4959 manifestissi-

605 5019 712 5070 me,
754 5002 920 5056 verbo
957 5013 1066 5068 pro
1124 4996 1478 5066 imperatrice
1525 5005 1581 5051 et
1625 4995 1752 5051 filiis
1813 4997 1955 5067 ejus,
1990 4998 2169 5067 reipsa

604 5111 703 5165 pro
735 5090 1038 5149 commodis
1069 5089 1181 5144 suis
1209 5090 1292 5157 (ut
1319 5089 1607 5157 putabant)
1645 5089 1818 5142 multa
1847 5104 1971 5143 cum
2007 5089 2165 5142 falla-

604 5187 688 5240 cia
722 5185 923 5239 bcllum
966 5181 1301 5236 concitarint
1334 5195 1346 5230 :
1384 5195 1656 5250 quamque
1725 5181 1957 5250 improbi
1999 5191 2051 5234 ct
2086 5183 2171 5234 in-

603 5274 822 5329 humani
848 5287 970 5326 cum
1009 5274 1060 5325 in
1098 5287 1178 5336 se,
1214 5279 1326 5324 tum
1374 5271 1426 5323 in
1467 5280 1690 5326 matrem
1744 5287 1900 5326 suam
1948 5279 2004 5325 et
2043 5286 2172 5339 pro-

602 5368 839 5436 pinquos
871 5362 1215 5427 exstiterint,
1273 5362 1488 5430 injuriis
1511 5377 1608 5417 eos
1646 5363 1962 5425 insolenter,
2001 5363 2173 5416 illibe-

605 5457 794 5510 raliter
825 5466 881 5509 et
936 5453 1151 5508 nefarie
1199 5455 1558 5522 exagitantcs,
1581 5463 1636 5508 ct
1671 5454 1887 5508 divitias
1925 5470 2051 5507 suas
2078 5471 2173 5526 per

607 5552 824 5604 ultimas
870 5538 1061 5604 mundi
1109 5557 1303 5618 gentes
1353 5548 1592 5613 auditas,
1643 5548 1707 5600 ad
1741 5547 1950 5601 nullum
1990 5563 2174 5616 operai

603 5639 842 5707 pretium
900 5645 1214 5705 temereque
1270 5637 1752 5706 consumpserint:
1787 5637 1879 5691 scd
1925 5646 1980 5691 et
2032 5639 2166 5690 amio

2263 4444 2360 4513 τὴν
2396 4444 2604 4496 ἐκείνου
2633 4443 2916 4512 τελευτὴν,
2953 4443 3158 4512 πολλὴν
3187 4443 3450 4512 πρόνοιαν
3482 4445 3649 4506 αὐτὸς
3684 4445 3827 4511 ποιή-

2267 4551 2444 4600 σαιτο,
2475 4534 2536 4586 οὐ
2565 4535 2674 4586 τῶν
2700 4533 2968 4603 βασιλέως
3015 4534 3176 4604 μόνον
3211 4533 3418 4587 παίδων
3452 4537 3550 4588 καὶ
3581 4538 3828 4603 γυναικκ

2264 4627 2362 4696 τῆς
2397 4624 2692 4695 βασιλίδος,
2722 4625 2859 4678 ἀλλὰ
2908 4626 3002 4676 καὶ
3051 4625 3154 4694 τῆς
3198 4624 3515 4695 ,Ῥωμαίων
3543 4627 3824 4695 ὠφελείας·

2267 4719 2328 4770 οὐ
2359 4719 2621 4788 χρήματα
2658 4718 2819 4788 μόνον
2848 4717 3065 4788 ἕτοιμος
3102 4718 3242 4787 ὑπὲρ
3268 4719 3495 4771 ἐκείνων
3523 4720 3828 4793 ἀναλίσκειν

2267 4811 2365 4880 ῶν,
2402 4811 2536 4865 ἀλλὰ
2569 4813 2664 4863 καὶ
2697 4809 2842 4878 ζωὴν
2873 4814 2970 4880 τὴν
2992 4811 3177 4882 φίλην,
3218 4813 3267 4863 εἰ
3299 4812 3488 4880 καιρὸς
3521 4813 3713 4878 καλοίη
3744 4813 3830 4880 ῥᾷ-

2271 4906 2375 4957 στα
2425 4905 2825 4975 προησόμενος,
2875 4907 3023 4968 ὅπως
3069 4921 3130 4956 τε
3181 4904 3284 4956 ὐπὸ
3338 4907 3828 4973 παρακοιμωμένω

2270 4994 2682 5062 ἐπιϐουλευθείη
2715 4996 2972 5065 οὐδεμιᾶς
3024 4996 3206 5058 αἰτίας
3243 4997 3429 5061 ἕνεκα,
3463 4999 3497 5068 ἢ
3543 4999 3830 5067 φθονήσαν-

2269 5102 2360 5148 τος
2398 5086 2547 5156 αὐτῷ
2578 5088 2672 5139 καὶ
2701 5087 2946 5156 φθείρειν
2977 5087 3377 5156 διανοηθέντος,
3408 5088 3477 5141 ἶν’
3505 5089 3669 5150 αὐτὸς
3696 5089 3830 5156 ἄρχῃ

2269 5179 2382 5231 τῶν
2420 5180 2782 5248 πραγμάτων·
2818 5179 2912 5232 καὶ
2953 5179 3027 5242 ὡς
3069 5179 3419 5249 πατριάρχην
3461 5182 3559 5232 καὶ
3595 5183 3720 5241 τούς
3750 5179 3832 5232 dl-

2273 5268 2398 5330 λους
2431 5271 2818 5336 ἐξαπατήσειε,
2845 5269 3016 5340 ψεύδη
3045 5269 3424 5336 πλασαμένους
3450 5270 3548 5320 καὶ
3579 5285 3811 5336 συκονραν

2274 5360 2418 5421 τίας,
2449 5359 2483 5412 ἃ
2531 5360 2651 5412 οὐδὲ
2687 5358 3022 5428 ἐνεθυμήθη,
3060 5361 3154 5411 καὶ
3184 5360 3259 5421 ὡς
3311 5359 3514 5410 ἐκεῖνοι
3551 5359 3662 5411 τῶν
3696 5357 3830 5408 ἰδίων

2273 5448 2460 5510 ἕνεκα,
2505 5451 2577 5512 ὡς
2606 5449 2778 5519 ᾤοντο
2817 5449 3090 5520 διαφορῶν
3138 5449 3461 5518 σαφέστατα
3501 5451 3721 5514 εἰδότες,
3757 5448 3829 5499 ὅτι

2278 5541 2566 5608 ψεύδονται
2613 5545 2706 5594 καὶ
2767 5539 3220 5611 συκοφαντοῦσιν.
3265 5539 3410 5610 ὑπὲρ
3443 5539 3711 5611 βασιλίδοῖ
3753 5541 3832 5606 δὴ·

2278 5636 2368 5686 θεν
2403 5635 2496 5687 καὶ
2525 5635 2632 5688 τῶν
2667 5637 2870 5688 παίδων
2904 5635 2994 5689 τὸν
3030 5632 3265 5702 πόλεμον
3297 5637 3502 5688 κινοῖεν
3531 5635 3696 5688 πολλὰ
3719 5632 3831 5696 ἐξα·
