  <div class='ocr_page' id='page_1' title='image "/cluster/home/n/w/nwhite01/storage/ocr_20150623/153/mdp.39015078384727/614.png"; bbox 0 0 4066 6298; ppageno 0'>
   <div class='ocr_carea' id='block_1_1' title="bbox 211 289 1817 368">
    <p class='ocr_par' dir='ltr' id='par_1_1' title="bbox 211 290 1817 352">
     <span class='ocr_line' id='line_1_1' title="bbox 211 290 1817 352; baseline -0.002 -2"><span class='ocrx_word' id='word_1_1' title='bbox 211 311 214 314; x_wconf 90' lang='grc'><strong>·</strong></span> <span class='ocrx_word' id='word_1_2' title='bbox 299 291 431 350; x_wconf 72' lang='grc'><strong>1191</strong></span> <span class='ocrx_word' id='word_1_3' title='bbox 1405 290 1817 352; x_wconf 63' lang='lat' dir='ltr'>HISTORIA“</span> 
     </span>
    </p>
   </div>
   <div class='ocr_carea' id='block_1_2' title="bbox 1923 289 3529 368">
    <p class='ocr_par' dir='ltr' id='par_1_2' title="bbox 1923 290 3529 368">
     <span class='ocr_line' id='line_1_2' title="bbox 1923 290 3529 368; baseline 0.011 -21"><span class='ocrx_word' id='word_1_4' title='bbox 1923 290 1946 346; x_wconf 69' lang='lat' dir='ltr'>i</span> <span class='ocrx_word' id='word_1_5' title='bbox 1992 291 2219 352; x_wconf 73' lang='lat' dir='ltr'>LIBER</span> <span class='ocrx_word' id='word_1_6' title='bbox 2264 294 2371 353; x_wconf 85' lang='lat' dir='ltr'>HI.</span> <span class='ocrx_word' id='word_1_7' title='bbox 3393 302 3529 368; x_wconf 70' lang='lat'><strong>1194</strong></span> 
     </span>
    </p>
   </div>
   <div class='ocr_carea' id='block_1_3' title="bbox 293 401 1899 483">
    <p class='ocr_par' dir='ltr' id='par_1_3' title="bbox 293 401 1876 474">
     <span class='ocr_line' id='line_1_3' title="bbox 293 401 1876 474; baseline -0.001 -17"><span class='ocrx_word' id='word_1_8' title='bbox 293 405 664 473; x_wconf 82' lang='grc' dir='ltr'>πατήσαντες,</span> <span class='ocrx_word' id='word_1_9' title='bbox 711 401 807 456; x_wconf 62' lang='grc' dir='ltr'>καὶ</span> <span class='ocrx_word' id='word_1_10' title='bbox 852 401 970 454; x_wconf 72' lang='grc' dir='ltr'>οἷαν</span> <span class='ocrx_word' id='word_1_11' title='bbox 1004 402 1401 474; x_wconf 73' lang='grc' dir='ltr'>ἀγνωμοσύνην</span> <span class='ocrx_word' id='word_1_12' title='bbox 1443 406 1538 458; x_wconf 81' lang='grc' dir='ltr'>καὶ</span> <span class='ocrx_word' id='word_1_13' title='bbox 1584 403 1876 474; x_wconf 84' lang='grc' dir='ltr'>ἀπανθρω-</span> 
     </span>
    </p>
   </div>
   <div class='ocr_carea' id='block_1_4' title="bbox 1922 401 3528 483">
    <p class='ocr_par' dir='ltr' id='par_1_4' title="bbox 1922 403 3528 483">
     <span class='ocr_line' id='line_1_4' title="bbox 1922 403 3528 483; baseline 0.009 -26"><span class='ocrx_word' id='word_1_14' title='bbox 1922 403 1946 457; x_wconf 67' lang='grc' dir='ltr'>ὶ</span> <span class='ocrx_word' id='word_1_15' title='bbox 1975 417 2187 469; x_wconf 85' lang='lat' dir='ltr'><strong>eorum,</strong></span> <span class='ocrx_word' id='word_1_16' title='bbox 2219 413 2273 459; x_wconf 90' lang='lat' dir='ltr'>et</span> <span class='ocrx_word' id='word_1_17' title='bbox 2303 421 2523 475; x_wconf 89' lang='lat' dir='ltr'><strong>quoquo</strong></span> <span class='ocrx_word' id='word_1_18' title='bbox 2549 409 2713 462; x_wconf 91' lang='lat' dir='ltr'><strong>modo</strong></span> <span class='ocrx_word' id='word_1_19' title='bbox 2741 409 2841 464; x_wconf 83' lang='lat' dir='ltr'>sibi</span> <span class='ocrx_word' id='word_1_20' title='bbox 2875 411 3182 466; x_wconf 79' lang='lat' dir='ltr'>deditorum</span> <span class='ocrx_word' id='word_1_21' title='bbox 3212 426 3343 483; x_wconf 89' lang='lat' dir='ltr'><strong>quot</strong></span> <span class='ocrx_word' id='word_1_22' title='bbox 3381 419 3528 470; x_wconf 82' lang='lat' dir='ltr'><strong>occi-</strong></span> 
     </span>
    </p>
   </div>
   <div class='ocr_carea' id='block_1_5' title="bbox 290 493 1896 574">
    <p class='ocr_par' dir='ltr' id='par_1_5' title="bbox 290 493 1856 574">
     <span class='ocr_line' id='line_1_5' title="bbox 290 493 1856 574; baseline -0.002 -26"><span class='ocrx_word' id='word_1_23' title='bbox 290 497 442 559; x_wconf 85' lang='grc' dir='ltr'>πίαν,</span> <span class='ocrx_word' id='word_1_24' title='bbox 489 494 548 546; x_wconf 88' lang='grc' dir='ltr'>ού</span> <span class='ocrx_word' id='word_1_25' title='bbox 596 494 722 562; x_wconf 74' lang='grc' dir='ltr'>περὶ</span> <span class='ocrx_word' id='word_1_26' title='bbox 775 493 940 546; x_wconf 81' lang='grc' dir='ltr'>αὐτὸν</span> <span class='ocrx_word' id='word_1_27' title='bbox 993 496 1153 562; x_wconf 90' lang='grc' dir='ltr'>μόνον</span> <span class='ocrx_word' id='word_1_28' title='bbox 1184 497 1275 547; x_wconf 73' lang='grc' dir='ltr'>καὶ</span> <span class='ocrx_word' id='word_1_29' title='bbox 1309 495 1543 574; x_wconf 83' lang='grc' dir='ltr'>μητέρα</span> <span class='ocrx_word' id='word_1_30' title='bbox 1588 496 1682 548; x_wconf 76' lang='grc' dir='ltr'>καὶ</span> <span class='ocrx_word' id='word_1_31' title='bbox 1729 494 1856 555; x_wconf 81' lang='grc' dir='ltr'>τοὺς</span> 
     </span>
    </p>
   </div>
   <div class='ocr_carea' id='block_1_6' title="bbox 1923 493 3529 574">
    <p class='ocr_par' dir='ltr' id='par_1_6' title="bbox 1963 498 3529 570">
     <span class='ocr_line' id='line_1_6' title="bbox 1963 498 3529 570; baseline 0.007 -20"><span class='ocrx_word' id='word_1_32' title='bbox 1963 498 2174 562; x_wconf 91' lang='lat' dir='ltr'><strong>derint,</strong></span> <span class='ocrx_word' id='word_1_33' title='bbox 2228 507 2284 551; x_wconf 76' lang='lat' dir='ltr'>et</span> <span class='ocrx_word' id='word_1_34' title='bbox 2337 510 2468 568; x_wconf 90' lang='lat' dir='ltr'><strong>quot</strong></span> <span class='ocrx_word' id='word_1_35' title='bbox 2502 517 2670 570; x_wconf 88' lang='lat' dir='ltr'><strong>usque</strong></span> <span class='ocrx_word' id='word_1_36' title='bbox 2717 519 2856 556; x_wconf 90' lang='lat' dir='ltr'><strong>nunc</strong></span> <span class='ocrx_word' id='word_1_37' title='bbox 2897 503 3168 558; x_wconf 85' lang='lat' dir='ltr'><strong>dirissime</strong></span> <span class='ocrx_word' id='word_1_38' title='bbox 3208 516 3263 558; x_wconf 90' lang='lat' dir='ltr'>et</span> <span class='ocrx_word' id='word_1_39' title='bbox 3304 506 3529 561; x_wconf 74' lang='lat' dir='ltr'><strong>vinculis</strong></span> 
     </span>
    </p>
   </div>
   <div class='ocr_carea' id='block_1_7' title="bbox 289 584 1895 655">
    <p class='ocr_par' dir='ltr' id='par_1_7' title="bbox 289 584 1856 655">
     <span class='ocr_line' id='line_1_7' title="bbox 289 584 1856 655; baseline -0.003 -15"><span class='ocrx_word' id='word_1_40' title='bbox 289 587 526 648; x_wconf 82' lang='grc' dir='ltr'>οἰκείους</span> <span class='ocrx_word' id='word_1_41' title='bbox 551 584 936 649; x_wconf 85' lang='grc' dir='ltr'>ἐπιδείξαιντο,</span> <span class='ocrx_word' id='word_1_42' title='bbox 972 584 1197 655; x_wconf 78' lang='grc' dir='ltr'>ὕϐρεσιν</span> <span class='ocrx_word' id='word_1_43' title='bbox 1236 586 1478 648; x_wconf 79' lang='grc' dir='ltr'>ἀτόποις,</span> <span class='ocrx_word' id='word_1_44' title='bbox 1506 587 1598 638; x_wconf 74' lang='grc' dir='ltr'>καὶ</span> <span class='ocrx_word' id='word_1_45' title='bbox 1631 585 1856 654; x_wconf 80' lang='grc' dir='ltr'>φαύλοις</span> 
     </span>
    </p>
   </div>
   <div class='ocr_carea' id='block_1_8' title="bbox 1925 584 3531 655">
    <p class='ocr_par' dir='ltr' id='par_1_8' title="bbox 1965 589 3531 650">
     <span class='ocr_line' id='line_1_8' title="bbox 1965 589 3531 650; baseline 0.004 -9"><span class='ocrx_word' id='word_1_46' title='bbox 1965 589 2343 644; x_wconf 72' lang='lat' dir='ltr'>insolubilibus</span> <span class='ocrx_word' id='word_1_47' title='bbox 2387 604 2684 646; x_wconf 85' lang='lat' dir='ltr'><strong>maceratos</strong></span> <span class='ocrx_word' id='word_1_48' title='bbox 2735 595 2787 646; x_wconf 91' lang='lat' dir='ltr'>in</span> <span class='ocrx_word' id='word_1_49' title='bbox 2836 597 3074 648; x_wconf 75' lang='lat' dir='ltr'><strong>custodia</strong></span> <span class='ocrx_word' id='word_1_50' title='bbox 3120 595 3440 650; x_wconf 68' lang='lat' dir='ltr'><strong>detineant:</strong></span> <span class='ocrx_word' id='word_1_51' title='bbox 3478 607 3531 649; x_wconf 89' lang='lat' dir='ltr'>et</span> 
     </span>
    </p>
   </div>
   <div class='ocr_carea' id='block_1_9' title="bbox 289 669 1895 748">
    <p class='ocr_par' dir='ltr' id='par_1_9' title="bbox 289 669 1853 748">
     <span class='ocr_line' id='line_1_9' title="bbox 289 669 1853 748; baseline -0.003 -16"><span class='ocrx_word' id='word_1_52' title='bbox 289 669 626 748; x_wconf 74' lang='grc' dir='ltr'>προσήκουσι</span> <span class='ocrx_word' id='word_1_53' title='bbox 652 677 744 727; x_wconf 74' lang='grc' dir='ltr'>καὶ</span> <span class='ocrx_word' id='word_1_54' title='bbox 763 675 1142 745; x_wconf 77' lang='grc' dir='ltr'>ἀνελευθέροις</span> <span class='ocrx_word' id='word_1_55' title='bbox 1167 677 1502 745; x_wconf 80' lang='grc' dir='ltr'>χρησάμενοι</span> <span class='ocrx_word' id='word_1_56' title='bbox 1526 675 1853 745; x_wconf 84' lang='grc' dir='ltr'>ἀνθρώποις,</span> 
     </span>
    </p>
   </div>
   <div class='ocr_carea' id='block_1_10' title="bbox 1923 669 3529 748">
    <p class='ocr_par' dir='ltr' id='par_1_10' title="bbox 1962 680 3529 748">
     <span class='ocr_line' id='line_1_10' title="bbox 1962 680 3529 748; baseline 0.006 -21"><span class='ocrx_word' id='word_1_57' title='bbox 1962 680 2236 743; x_wconf 88' lang='lat' dir='ltr'><strong>quomodo</strong></span> <span class='ocrx_word' id='word_1_58' title='bbox 2267 693 2582 734; x_wconf 85' lang='lat' dir='ltr'><strong>communes</strong></span> <span class='ocrx_word' id='word_1_59' title='bbox 2626 683 2825 736; x_wconf 84' lang='lat' dir='ltr'><strong>inimici</strong></span> <span class='ocrx_word' id='word_1_60' title='bbox 2859 684 3080 748; x_wconf 81' lang='lat' dir='ltr'><strong>fuerint,</strong></span> <span class='ocrx_word' id='word_1_61' title='bbox 3129 695 3240 737; x_wconf 91' lang='lat' dir='ltr'>tum</span> <span class='ocrx_word' id='word_1_62' title='bbox 3278 685 3380 745; x_wconf 90' lang='lat' dir='ltr'><strong>sui,</strong></span> <span class='ocrx_word' id='word_1_63' title='bbox 3419 695 3529 738; x_wconf 90' lang='lat' dir='ltr'>tum</span> 
     </span>
    </p>
   </div>
   <div class='ocr_carea' id='block_1_11' title="bbox 292 767 1898 841">
    <p class='ocr_par' dir='ltr' id='par_1_11' title="bbox 292 767 1851 837">
     <span class='ocr_line' id='line_1_11' title="bbox 292 767 1851 837; baseline -0.003 -14"><span class='ocrx_word' id='word_1_64' title='bbox 292 773 385 824; x_wconf 75' lang='grc' dir='ltr'>καὶ</span> <span class='ocrx_word' id='word_1_65' title='bbox 435 770 528 822; x_wconf 79' lang='grc' dir='ltr'>τὸν</span> <span class='ocrx_word' id='word_1_66' title='bbox 572 767 682 821; x_wconf 81' lang='grc' dir='ltr'>οὐδ’</span> <span class='ocrx_word' id='word_1_67' title='bbox 713 768 770 820; x_wconf 84' lang='grc' dir='ltr'>ἐν</span> <span class='ocrx_word' id='word_1_68' title='bbox 818 769 1098 837; x_wconf 73' lang='grc' dir='ltr'>ἐσχατιαῖς</span> <span class='ocrx_word' id='word_1_69' title='bbox 1130 768 1233 836; x_wconf 83' lang='grc' dir='ltr'>γῆς</span> <span class='ocrx_word' id='word_1_70' title='bbox 1273 767 1633 836; x_wconf 83' lang='grc' dir='ltr'>ἀγνοούμενον</span> <span class='ocrx_word' id='word_1_71' title='bbox 1681 767 1851 819; x_wconf 86' lang='grc' dir='ltr'>αὑτοῦ</span> 
     </span>
    </p>
   </div>
   <div class='ocr_carea' id='block_1_12' title="bbox 1922 767 3528 841">
    <p class='ocr_par' dir='ltr' id='par_1_12' title="bbox 1964 769 3528 841">
     <span class='ocr_line' id='line_1_12' title="bbox 1964 769 3528 841; baseline 0.005 -21"><span class='ocrx_word' id='word_1_72' title='bbox 1964 769 2244 834; x_wconf 80' lang='lat' dir='ltr'><strong>eptiniatis</strong></span> <span class='ocrx_word' id='word_1_73' title='bbox 2288 772 2551 841; x_wconf 81' lang='lat' dir='ltr'><strong>cujusque</strong></span> <span class='ocrx_word' id='word_1_74' title='bbox 2594 772 2824 827; x_wconf 76' lang='lat' dir='ltr'><strong>Romani</strong></span> <span class='ocrx_word' id='word_1_75' title='bbox 2862 793 2871 826; x_wconf 92' lang='lat'><strong>:</strong></span> <span class='ocrx_word' id='word_1_76' title='bbox 2905 789 3006 828; x_wconf 87' lang='lat' dir='ltr'>nec</span> <span class='ocrx_word' id='word_1_77' title='bbox 3039 775 3209 828; x_wconf 92' lang='lat' dir='ltr'><strong>solum</strong></span> <span class='ocrx_word' id='word_1_78' title='bbox 3245 775 3528 836; x_wconf 86' lang='lat' dir='ltr'><strong>nobilium,</strong></span> 
     </span>
    </p>
   </div>
   <div class='ocr_carea' id='block_1_13' title="bbox 292 855 1898 932">
    <p class='ocr_par' dir='ltr' id='par_1_13' title="bbox 292 857 1856 927">
     <span class='ocr_line' id='line_1_13' title="bbox 292 857 1856 927; baseline -0.004 -13"><span class='ocrx_word' id='word_1_79' title='bbox 292 861 546 924; x_wconf 81' lang='grc' dir='ltr'>πλοῦτον,</span> <span class='ocrx_word' id='word_1_80' title='bbox 589 859 669 922; x_wconf 79' lang='grc' dir='ltr'>είς</span> <span class='ocrx_word' id='word_1_81' title='bbox 698 857 999 927; x_wconf 81' lang='grc' dir='ltr'>ἀξιόχρεων</span> <span class='ocrx_word' id='word_1_82' title='bbox 1030 859 1204 923; x_wconf 82' lang='grc' dir='ltr'>οὐδὲν,</span> <span class='ocrx_word' id='word_1_83' title='bbox 1232 858 1348 912; x_wconf 57' lang='grc' dir='ltr'>ἀλλπ</span> <span class='ocrx_word' id='word_1_84' title='bbox 1377 859 1506 925; x_wconf 85' lang='grc' dir='ltr'>είκῆ</span> <span class='ocrx_word' id='word_1_85' title='bbox 1549 860 1644 911; x_wconf 75' lang='grc' dir='ltr'>καὶ</span> <span class='ocrx_word' id='word_1_86' title='bbox 1679 859 1856 926; x_wconf 80' lang='grc' dir='ltr'>μάτην</span> 
     </span>
    </p>
   </div>
   <div class='ocr_carea' id='block_1_14' title="bbox 1921 855 3527 932">
    <p class='ocr_par' dir='ltr' id='par_1_14' title="bbox 1963 855 3527 932">
     <span class='ocr_line' id='line_1_14' title="bbox 1963 855 3527 932; baseline 0.006 -26"><span class='ocrx_word' id='word_1_87' title='bbox 1963 855 2056 908; x_wconf 84' lang='lat' dir='ltr'>sed</span> <span class='ocrx_word' id='word_1_88' title='bbox 2102 865 2154 909; x_wconf 89' lang='lat' dir='ltr'>et</span> <span class='ocrx_word' id='word_1_89' title='bbox 2189 861 2598 932; x_wconf 81' lang='lat' dir='ltr'><strong>monachorum.</strong></span> <span class='ocrx_word' id='word_1_90' title='bbox 2633 870 2687 912; x_wconf 79' lang='lat' dir='ltr'>et</span> <span class='ocrx_word' id='word_1_91' title='bbox 2739 860 3140 930; x_wconf 86' lang='lat' dir='ltr'><strong>episcoporum,</strong></span> <span class='ocrx_word' id='word_1_92' title='bbox 3179 870 3236 916; x_wconf 84' lang='lat' dir='ltr'>et</span> <span class='ocrx_word' id='word_1_93' title='bbox 3276 864 3527 928; x_wconf 84' lang='lat' dir='ltr'><strong>militum,</strong></span> 
     </span>
    </p>
   </div>
   <div class='ocr_carea' id='block_1_15' title="bbox 287 939 1893 1020">
    <p class='ocr_par' dir='ltr' id='par_1_15' title="bbox 287 947 1856 1020">
     <span class='ocr_line' id='line_1_15' title="bbox 287 947 1856 1020; baseline -0.003 -16"><span class='ocrx_word' id='word_1_94' title='bbox 287 951 723 1020; x_wconf 58' lang='grc' dir='ltr'>διαᾳθείραντες,</span> <span class='ocrx_word' id='word_1_95' title='bbox 751 947 889 1003; x_wconf 85' lang='grc' dir='ltr'>ἀλλά</span> <span class='ocrx_word' id='word_1_96' title='bbox 921 950 1016 1001; x_wconf 78' lang='grc' dir='ltr'>καὶ</span> <span class='ocrx_word' id='word_1_97' title='bbox 1049 951 1179 1020; x_wconf 73' lang='grc' dir='ltr'>περὶ</span> <span class='ocrx_word' id='word_1_98' title='bbox 1211 950 1337 1012; x_wconf 76' lang='grc' dir='ltr'>τοὺς</span> <span class='ocrx_word' id='word_1_99' title='bbox 1367 949 1578 1018; x_wconf 82' lang='grc' dir='ltr'>φίλους,</span> <span class='ocrx_word' id='word_1_100' title='bbox 1607 948 1704 1001; x_wconf 73' lang='grc' dir='ltr'>καὶ</span> <span class='ocrx_word' id='word_1_101' title='bbox 1729 947 1856 1011; x_wconf 83' lang='grc' dir='ltr'>τοὺς</span> 
     </span>
    </p>
   </div>
   <div class='ocr_carea' id='block_1_16' title="bbox 1923 939 3529 1020">
    <p class='ocr_par' dir='ltr' id='par_1_16' title="bbox 1962 939 3529 1018">
     <span class='ocr_line' id='line_1_16' title="bbox 1962 939 3529 1018; baseline 0.006 -21"><span class='ocrx_word' id='word_1_102' title='bbox 1962 957 2018 998; x_wconf 84' lang='lat' dir='ltr'>et</span> <span class='ocrx_word' id='word_1_103' title='bbox 2066 946 2118 998; x_wconf 89' lang='lat' dir='ltr'>in</span> <span class='ocrx_word' id='word_1_104' title='bbox 2155 961 2371 1015; x_wconf 87' lang='lat' dir='ltr'><strong>quaque</strong></span> <span class='ocrx_word' id='word_1_105' title='bbox 2415 939 2702 1018; x_wconf 76' lang='lat' dir='ltr'><strong>republica</strong></span> <span class='ocrx_word' id='word_1_106' title='bbox 2752 951 3156 1006; x_wconf 76' lang='lat' dir='ltr'><strong>excellentium.</strong></span> <span class='ocrx_word' id='word_1_107' title='bbox 3185 952 3316 1017; x_wconf 63' lang='lat' dir='ltr'><strong>Quze</strong></span> <span class='ocrx_word' id='word_1_108' title='bbox 3347 954 3529 1007; x_wconf 83' lang='lat' dir='ltr'><strong>omnia</strong></span> 
     </span>
    </p>
   </div>
   <div class='ocr_carea' id='block_1_17' title="bbox 286 1039 1892 1111">
    <p class='ocr_par' dir='ltr' id='par_1_17' title="bbox 286 1039 1857 1110">
     <span class='ocr_line' id='line_1_17' title="bbox 286 1039 1857 1110; baseline -0.003 -15"><span class='ocrx_word' id='word_1_109' title='bbox 286 1043 646 1110; x_wconf 68' lang='grc' dir='ltr'>ὁπωσδήποτε</span> <span class='ocrx_word' id='word_1_110' title='bbox 679 1040 1046 1110; x_wconf 82' lang='grc' dir='ltr'>ἐπιτηδείους,</span> <span class='ocrx_word' id='word_1_111' title='bbox 1073 1041 1166 1093; x_wconf 76' lang='grc' dir='ltr'>καὶ</span> <span class='ocrx_word' id='word_1_112' title='bbox 1200 1042 1359 1103; x_wconf 73' lang='grc' dir='ltr'>ὅσους</span> <span class='ocrx_word' id='word_1_113' title='bbox 1387 1040 1569 1094; x_wconf 81' lang='grc' dir='ltr'>αὐτῶν</span> <span class='ocrx_word' id='word_1_114' title='bbox 1601 1039 1857 1093; x_wconf 84' lang='grc' dir='ltr'>ἀπέκτει-</span> 
     </span>
    </p>
   </div>
   <div class='ocr_carea' id='block_1_18' title="bbox 1925 1039 3531 1111">
    <p class='ocr_par' dir='ltr' id='par_1_18' title="bbox 1963 1040 3531 1111">
     <span class='ocr_line' id='line_1_18' title="bbox 1963 1040 3531 1111; baseline 0.009 -25"><span class='ocrx_word' id='word_1_115' title='bbox 1963 1047 2185 1104; x_wconf 88' lang='lat' dir='ltr'><strong>propter</strong></span> <span class='ocrx_word' id='word_1_116' title='bbox 2231 1049 2524 1106; x_wconf 71' lang='lat' dir='ltr'><strong>praesentes</strong></span> <span class='ocrx_word' id='word_1_117' title='bbox 2579 1040 2952 1111; x_wconf 71' lang='lat' dir='ltr'><strong>Romanorum</strong></span> <span class='ocrx_word' id='word_1_118' title='bbox 3016 1042 3268 1098; x_wconf 83' lang='lat' dir='ltr'><strong>miserias</strong></span> <span class='ocrx_word' id='word_1_119' title='bbox 3331 1045 3531 1100; x_wconf 86' lang='lat' dir='ltr'><strong>oblitus</strong></span> 
     </span>
    </p>
   </div>
   <div class='ocr_carea' id='block_1_19' title="bbox 287 1129 1893 1202">
    <p class='ocr_par' dir='ltr' id='par_1_19' title="bbox 287 1131 1849 1201">
     <span class='ocr_line' id='line_1_19' title="bbox 287 1131 1849 1201; baseline -0.004 -15"><span class='ocrx_word' id='word_1_120' title='bbox 287 1150 417 1198; x_wconf 88' lang='grc' dir='ltr'>ναν,</span> <span class='ocrx_word' id='word_1_121' title='bbox 457 1133 585 1192; x_wconf 76' lang='grc' dir='ltr'>τοὺς</span> <span class='ocrx_word' id='word_1_122' title='bbox 635 1131 691 1184; x_wconf 79' lang='grc' dir='ltr'>δὲ</span> <span class='ocrx_word' id='word_1_123' title='bbox 739 1133 798 1183; x_wconf 84' lang='grc' dir='ltr'>ἐν</span> <span class='ocrx_word' id='word_1_124' title='bbox 843 1131 1240 1201; x_wconf 78' lang='grc' dir='ltr'>δεσμωτηρίοις</span> <span class='ocrx_word' id='word_1_125' title='bbox 1292 1131 1504 1201; x_wconf 76' lang='grc' dir='ltr'>ἔχουσιν</span> <span class='ocrx_word' id='word_1_126' title='bbox 1553 1131 1682 1200; x_wconf 78' lang='grc' dir='ltr'>ἄχρι</span> <span class='ocrx_word' id='word_1_127' title='bbox 1731 1131 1849 1192; x_wconf 89' lang='grc' dir='ltr'>νῦν,</span> 
     </span>
    </p>
   </div>
   <div class='ocr_carea' id='block_1_20' title="bbox 1926 1129 3532 1202">
    <p class='ocr_par' dir='ltr' id='par_1_20' title="bbox 1962 1129 3532 1202">
     <span class='ocr_line' id='line_1_20' title="bbox 1962 1129 3532 1202; baseline 0.008 -24"><span class='ocrx_word' id='word_1_128' title='bbox 1962 1129 2052 1191; x_wconf 90' lang='lat' dir='ltr'><strong>sit,</strong></span> <span class='ocrx_word' id='word_1_129' title='bbox 2081 1142 2143 1180; x_wconf 86' lang='lat' dir='ltr'>ac</span> <span class='ocrx_word' id='word_1_130' title='bbox 2166 1142 2263 1196; x_wconf 89' lang='lat' dir='ltr'>pro</span> <span class='ocrx_word' id='word_1_131' title='bbox 2285 1129 2456 1183; x_wconf 77' lang='lat' dir='ltr'><strong>nihilo</strong></span> <span class='ocrx_word' id='word_1_132' title='bbox 2488 1131 2710 1199; x_wconf 87' lang='lat' dir='ltr'><strong>putarit,</strong></span> <span class='ocrx_word' id='word_1_133' title='bbox 2743 1147 3042 1202; x_wconf 79' lang='lat' dir='ltr'><strong>pacemque</strong></span> <span class='ocrx_word' id='word_1_134' title='bbox 3085 1150 3194 1188; x_wconf 86' lang='lat' dir='ltr'>non</span> <span class='ocrx_word' id='word_1_135' title='bbox 3221 1135 3412 1198; x_wconf 90' lang='lat' dir='ltr'><strong>semel,</strong></span> <span class='ocrx_word' id='word_1_136' title='bbox 3438 1146 3532 1190; x_wconf 86' lang='lat' dir='ltr'>aut</span> 
     </span>
    </p>
   </div>
   <div class='ocr_carea' id='block_1_21' title="bbox 291 1217 1897 1295">
    <p class='ocr_par' dir='ltr' id='par_1_21' title="bbox 291 1221 1856 1294">
     <span class='ocr_line' id='line_1_21' title="bbox 291 1221 1856 1294; baseline -0.001 -20"><span class='ocrx_word' id='word_1_137' title='bbox 291 1223 500 1294; x_wconf 77' lang='grc' dir='ltr'>μεγάλη</span> <span class='ocrx_word' id='word_1_138' title='bbox 547 1221 862 1292; x_wconf 84' lang='grc' dir='ltr'>δυσπραγίᾳ</span> <span class='ocrx_word' id='word_1_139' title='bbox 892 1223 986 1276; x_wconf 79' lang='grc' dir='ltr'>καὶ</span> <span class='ocrx_word' id='word_1_140' title='bbox 1031 1223 1251 1290; x_wconf 78' lang='grc' dir='ltr'>δεσμοῖς</span> <span class='ocrx_word' id='word_1_141' title='bbox 1303 1224 1566 1290; x_wconf 78' lang='grc' dir='ltr'>ἀφύκτοις</span> <span class='ocrx_word' id='word_1_142' title='bbox 1616 1239 1856 1292; x_wconf 79' lang='grc' dir='ltr'>προστα-</span> 
     </span>
    </p>
   </div>
   <div class='ocr_carea' id='block_1_22' title="bbox 1925 1217 3531 1295">
    <p class='ocr_par' dir='ltr' id='par_1_22' title="bbox 1962 1217 3531 1295">
     <span class='ocr_line' id='line_1_22' title="bbox 1962 1217 3531 1295; baseline 0.006 -25"><span class='ocrx_word' id='word_1_143' title='bbox 1962 1217 2179 1281; x_wconf 65' lang='lat' dir='ltr'><strong>iterum,</strong></span> <span class='ocrx_word' id='word_1_144' title='bbox 2212 1235 2275 1272; x_wconf 89' lang='lat' dir='ltr'>ac</span> <span class='ocrx_word' id='word_1_145' title='bbox 2297 1220 2457 1273; x_wconf 88' lang='lat' dir='ltr'><strong>tertio</strong></span> <span class='ocrx_word' id='word_1_146' title='bbox 2486 1262 2500 1285; x_wconf 90' lang='lat'>,</span> <span class='ocrx_word' id='word_1_147' title='bbox 2535 1222 2629 1276; x_wconf 89' lang='lat' dir='ltr'>sed</span> <span class='ocrx_word' id='word_1_148' title='bbox 2680 1223 2998 1292; x_wconf 68' lang='lat' dir='ltr'><strong>sepissime,</strong></span> <span class='ocrx_word' id='word_1_149' title='bbox 3031 1241 3152 1279; x_wconf 77' lang='lat' dir='ltr'><strong>mox</strong></span> <span class='ocrx_word' id='word_1_150' title='bbox 3193 1241 3222 1278; x_wconf 92' lang='lat' dir='ltr'>a</span> <span class='ocrx_word' id='word_1_151' title='bbox 3263 1227 3531 1295; x_wconf 89' lang='lat' dir='ltr'><strong>principio</strong></span> 
     </span>
    </p>
   </div>
   <div class='ocr_carea' id='block_1_23' title="bbox 288 1310 1894 1382">
    <p class='ocr_par' dir='ltr' id='par_1_23' title="bbox 288 1311 1856 1382">
     <span class='ocr_line' id='line_1_23' title="bbox 288 1311 1856 1382; baseline 0.001 -19"><span class='ocrx_word' id='word_1_152' title='bbox 288 1311 734 1382; x_wconf 83' lang='grc' dir='ltr'>λαιπωροῦντας·</span> <span class='ocrx_word' id='word_1_153' title='bbox 771 1311 862 1364; x_wconf 75' lang='grc' dir='ltr'>καὶ</span> <span class='ocrx_word' id='word_1_154' title='bbox 897 1312 974 1374; x_wconf 81' lang='grc' dir='ltr'>ὡς</span> <span class='ocrx_word' id='word_1_155' title='bbox 1003 1313 1174 1364; x_wconf 74' lang='grc' dir='ltr'>κοινοὶ</span> <span class='ocrx_word' id='word_1_156' title='bbox 1201 1311 1450 1381; x_wconf 84' lang='grc' dir='ltr'>πολέμιοι</span> <span class='ocrx_word' id='word_1_157' title='bbox 1496 1313 1715 1379; x_wconf 82' lang='grc' dir='ltr'>φανεῖεν</span> <span class='ocrx_word' id='word_1_158' title='bbox 1759 1313 1856 1364; x_wconf 83' lang='grc' dir='ltr'>αὖ·</span> 
     </span>
    </p>
   </div>
   <div class='ocr_carea' id='block_1_24' title="bbox 1924 1310 3530 1382">
    <p class='ocr_par' dir='ltr' id='par_1_24' title="bbox 1962 1310 3530 1379">
     <span class='ocr_line' id='line_1_24' title="bbox 1962 1310 3530 1379; baseline 0.006 -22"><span class='ocrx_word' id='word_1_159' title='bbox 1962 1319 2134 1374; x_wconf 88' lang='lat' dir='ltr'><strong>usque</strong></span> <span class='ocrx_word' id='word_1_160' title='bbox 2184 1322 2325 1360; x_wconf 87' lang='lat' dir='ltr'><strong>nunc</strong></span> <span class='ocrx_word' id='word_1_161' title='bbox 2357 1324 2452 1376; x_wconf 88' lang='lat' dir='ltr'>per</span> <span class='ocrx_word' id='word_1_162' title='bbox 2482 1310 2686 1379; x_wconf 80' lang='lat' dir='ltr'><strong>legatos</strong></span> <span class='ocrx_word' id='word_1_163' title='bbox 2719 1314 2994 1379; x_wconf 78' lang='lat' dir='ltr'><strong>petiverit.</strong></span> <span class='ocrx_word' id='word_1_164' title='bbox 3052 1313 3174 1367; x_wconf 90' lang='lat' dir='ltr'><strong>Illos</strong></span> <span class='ocrx_word' id='word_1_165' title='bbox 3209 1330 3320 1368; x_wconf 88' lang='lat' dir='ltr'>non</span> <span class='ocrx_word' id='word_1_166' title='bbox 3368 1317 3530 1370; x_wconf 88' lang='lat' dir='ltr'><strong>modo</strong></span> 
     </span>
    </p>
   </div>
   <div class='ocr_carea' id='block_1_25' title="bbox 287 1396 1893 1477">
    <p class='ocr_par' dir='ltr' id='par_1_25' title="bbox 287 1406 1850 1477">
     <span class='ocr_line' id='line_1_25' title="bbox 287 1406 1850 1477; baseline -0.001 -17"><span class='ocrx_word' id='word_1_167' title='bbox 287 1407 382 1460; x_wconf 83' lang='grc' dir='ltr'>τοῦ</span> <span class='ocrx_word' id='word_1_168' title='bbox 410 1424 467 1458; x_wconf 90' lang='grc' dir='ltr'>τε</span> <span class='ocrx_word' id='word_1_169' title='bbox 502 1407 597 1459; x_wconf 75' lang='grc' dir='ltr'>καὶ</span> <span class='ocrx_word' id='word_1_170' title='bbox 627 1406 738 1458; x_wconf 83' lang='grc' dir='ltr'>τῶν</span> <span class='ocrx_word' id='word_1_171' title='bbox 788 1406 943 1477; x_wconf 86' lang='grc' dir='ltr'>παρά</span> <span class='ocrx_word' id='word_1_172' title='bbox 984 1406 1282 1474; x_wconf 85' lang='grc' dir='ltr'>Ῥωμαίοις</span> <span class='ocrx_word' id='word_1_173' title='bbox 1335 1407 1574 1474; x_wconf 85' lang='grc' dir='ltr'>ἀρίστων</span> <span class='ocrx_word' id='word_1_174' title='bbox 1609 1407 1850 1468; x_wconf 85' lang='grc' dir='ltr'>πάντων,</span> 
     </span>
    </p>
   </div>
   <div class='ocr_carea' id='block_1_26' title="bbox 1919 1396 3525 1477">
    <p class='ocr_par' dir='ltr' id='par_1_26' title="bbox 1961 1396 3525 1472">
     <span class='ocr_line' id='line_1_26' title="bbox 1961 1396 3525 1472; baseline 0.008 -24"><span class='ocrx_word' id='word_1_175' title='bbox 1961 1396 2097 1448; x_wconf 87' lang='lat' dir='ltr'><strong>nihil</strong></span> <span class='ocrx_word' id='word_1_176' title='bbox 2151 1399 2392 1465; x_wconf 67' lang='lat' dir='ltr'><strong>aequitati</strong></span> <span class='ocrx_word' id='word_1_177' title='bbox 2448 1411 2874 1456; x_wconf 81' lang='lat' dir='ltr'><strong>consentaneum</strong></span> <span class='ocrx_word' id='word_1_178' title='bbox 2926 1405 3289 1472; x_wconf 85' lang='lat' dir='ltr'><strong>respondisse,</strong></span> <span class='ocrx_word' id='word_1_179' title='bbox 3337 1422 3525 1461; x_wconf 81' lang='lat' dir='ltr'><strong>verum</strong></span> 
     </span>
    </p>
   </div>
   <div class='ocr_carea' id='block_1_27' title="bbox 287 1486 1893 1566">
    <p class='ocr_par' dir='ltr' id='par_1_27' title="bbox 287 1491 1852 1566">
     <span class='ocr_line' id='line_1_27' title="bbox 287 1491 1852 1566; baseline 0.001 -18"><span class='ocrx_word' id='word_1_180' title='bbox 287 1499 346 1548; x_wconf 66' lang='grc' dir='ltr'>ού</span> <span class='ocrx_word' id='word_1_181' title='bbox 381 1497 544 1564; x_wconf 88' lang='grc' dir='ltr'>μόνον</span> <span class='ocrx_word' id='word_1_182' title='bbox 575 1498 700 1550; x_wconf 84' lang='grc' dir='ltr'>ὅσον</span> <span class='ocrx_word' id='word_1_183' title='bbox 726 1497 783 1546; x_wconf 84' lang='grc' dir='ltr'>ἐν</span> <span class='ocrx_word' id='word_1_184' title='bbox 814 1496 1001 1562; x_wconf 86' lang='grc' dir='ltr'>εύγενέ</span> <span class='ocrx_word' id='word_1_185' title='bbox 1012 1513 1100 1548; x_wconf 88' lang='grc' dir='ltr'>σιν</span> <span class='ocrx_word' id='word_1_186' title='bbox 1122 1491 1212 1566; x_wconf 75' lang='grc' dir='ltr'>ἦν,</span> <span class='ocrx_word' id='word_1_187' title='bbox 1240 1496 1374 1548; x_wconf 88' lang='grc' dir='ltr'>ἀλλά</span> <span class='ocrx_word' id='word_1_188' title='bbox 1403 1497 1494 1548; x_wconf 72' lang='grc' dir='ltr'>καὶ</span> <span class='ocrx_word' id='word_1_189' title='bbox 1537 1497 1852 1566; x_wconf 76' lang='grc' dir='ltr'>μονάζουσι,</span> 
     </span>
    </p>
   </div>
   <div class='ocr_carea' id='block_1_28' title="bbox 1921 1486 3527 1566">
    <p class='ocr_par' dir='ltr' id='par_1_28' title="bbox 1961 1486 3527 1564">
     <span class='ocr_line' id='line_1_28' title="bbox 1961 1486 3527 1564; baseline 0.009 -27"><span class='ocrx_word' id='word_1_190' title='bbox 1961 1487 2164 1554; x_wconf 81' lang='lat' dir='ltr'><strong>legatos</strong></span> <span class='ocrx_word' id='word_1_191' title='bbox 2198 1486 2420 1556; x_wconf 75' lang='lat' dir='ltr'><strong>insuper</strong></span> <span class='ocrx_word' id='word_1_192' title='bbox 2451 1491 2766 1545; x_wconf 75' lang='lat' dir='ltr'><strong>verberibus</strong></span> <span class='ocrx_word' id='word_1_193' title='bbox 2789 1494 3032 1561; x_wconf 86' lang='lat' dir='ltr'><strong>pulsasse</strong></span> <span class='ocrx_word' id='word_1_194' title='bbox 3065 1506 3121 1548; x_wconf 89' lang='lat' dir='ltr'>et</span> <span class='ocrx_word' id='word_1_195' title='bbox 3167 1496 3527 1564; x_wconf 70' lang='lat' dir='ltr'><strong>ignnniininse</strong></span> 
     </span>
    </p>
   </div>
   <div class='ocr_carea' id='block_1_29' title="bbox 287 1580 1893 1655">
    <p class='ocr_par' dir='ltr' id='par_1_29' title="bbox 287 1585 1854 1655">
     <span class='ocr_line' id='line_1_29' title="bbox 287 1585 1854 1655; baseline -0.003 -13"><span class='ocrx_word' id='word_1_196' title='bbox 287 1591 382 1642; x_wconf 70' lang='grc' dir='ltr'>καὶ</span> <span class='ocrx_word' id='word_1_197' title='bbox 403 1588 744 1650; x_wconf 78' lang='grc' dir='ltr'>ἐπισκόποις,</span> <span class='ocrx_word' id='word_1_198' title='bbox 767 1587 847 1638; x_wconf 78' lang='grc' dir='ltr'>ἔτι</span> <span class='ocrx_word' id='word_1_199' title='bbox 871 1586 925 1638; x_wconf 86' lang='grc' dir='ltr'>δὲ</span> <span class='ocrx_word' id='word_1_200' title='bbox 959 1587 1052 1638; x_wconf 73' lang='grc' dir='ltr'>καὶ</span> <span class='ocrx_word' id='word_1_201' title='bbox 1086 1585 1468 1655; x_wconf 72' lang='grc' dir='ltr'>στρατιώταις,</span> <span class='ocrx_word' id='word_1_202' title='bbox 1498 1586 1720 1647; x_wconf 74' lang='grc' dir='ltr'>καὶτοῖς</span> <span class='ocrx_word' id='word_1_203' title='bbox 1745 1585 1854 1638; x_wconf 81' lang='grc' dir='ltr'>τῶν</span> 
     </span>
    </p>
   </div>
   <div class='ocr_carea' id='block_1_30' title="bbox 1919 1580 3525 1655">
    <p class='ocr_par' dir='ltr' id='par_1_30' title="bbox 1962 1580 3525 1652">
     <span class='ocr_line' id='line_1_30' title="bbox 1962 1580 3525 1652; baseline 0.008 -24"><span class='ocrx_word' id='word_1_204' title='bbox 1962 1585 2262 1642; x_wconf 73' lang='lat' dir='ltr'><strong>tractasse;</strong></span> <span class='ocrx_word' id='word_1_205' title='bbox 2301 1580 2355 1632; x_wconf 92' lang='lat' dir='ltr'>in</span> <span class='ocrx_word' id='word_1_206' title='bbox 2403 1596 2464 1636; x_wconf 89' lang='lat' dir='ltr'>se</span> <span class='ocrx_word' id='word_1_207' title='bbox 2519 1591 2695 1636; x_wconf 85' lang='lat' dir='ltr'><strong>autem</strong></span> <span class='ocrx_word' id='word_1_208' title='bbox 2731 1585 2989 1652; x_wconf 83' lang='lat' dir='ltr'><strong>plaustris</strong></span> <span class='ocrx_word' id='word_1_209' title='bbox 3025 1587 3393 1642; x_wconf 68' lang='lat' dir='ltr'><strong>cenviciorum</strong></span> <span class='ocrx_word' id='word_1_210' title='bbox 3442 1590 3525 1642; x_wconf 83' lang='lat' dir='ltr'><strong>in-</strong></span> 
     </span>
    </p>
   </div>
   <div class='ocr_carea' id='block_1_31' title="bbox 288 1669 1894 1747">
    <p class='ocr_par' dir='ltr' id='par_1_31' title="bbox 288 1670 1853 1747">
     <span class='ocr_line' id='line_1_31' title="bbox 288 1670 1853 1747; baseline -0.005 -14"><span class='ocrx_word' id='word_1_211' title='bbox 288 1680 579 1733; x_wconf 80' lang='grc' dir='ltr'>πολιτειῶν</span> <span class='ocrx_word' id='word_1_212' title='bbox 610 1680 852 1746; x_wconf 78' lang='grc' dir='ltr'>ἑκάστης</span> <span class='ocrx_word' id='word_1_213' title='bbox 883 1678 1089 1740; x_wconf 83' lang='grc' dir='ltr'>πόλεως</span> <span class='ocrx_word' id='word_1_214' title='bbox 1121 1680 1470 1747; x_wconf 82' lang='grc' dir='ltr'>προέχουσιν.</span> <span class='ocrx_word' id='word_1_215' title='bbox 1507 1670 1606 1728; x_wconf 84' lang='grc' dir='ltr'>Ὧν</span> <span class='ocrx_word' id='word_1_216' title='bbox 1632 1678 1694 1744; x_wconf 74' lang='grc' dir='ltr'>δὴ</span> <span class='ocrx_word' id='word_1_217' title='bbox 1726 1677 1853 1727; x_wconf 68' lang='grc' dir='ltr'>τάν-</span> 
     </span>
    </p>
   </div>
   <div class='ocr_carea' id='block_1_32' title="bbox 1918 1669 3524 1747">
    <p class='ocr_par' dir='ltr' id='par_1_32' title="bbox 1961 1669 3524 1747">
     <span class='ocr_line' id='line_1_32' title="bbox 1961 1669 3524 1747; baseline 0.008 -29"><span class='ocrx_word' id='word_1_218' title='bbox 1961 1677 2159 1728; x_wconf 81' lang='lat' dir='ltr'><strong>vectos,</strong></span> <span class='ocrx_word' id='word_1_219' title='bbox 2193 1669 2294 1722; x_wconf 87' lang='lat' dir='ltr'><strong>isto</strong></span> <span class='ocrx_word' id='word_1_220' title='bbox 2325 1671 2502 1737; x_wconf 89' lang='lat' dir='ltr'><strong>potius</strong></span> <span class='ocrx_word' id='word_1_221' title='bbox 2519 1673 2676 1725; x_wconf 93' lang='lat' dir='ltr'><strong>modo</strong></span> <span class='ocrx_word' id='word_1_222' title='bbox 2706 1673 2770 1726; x_wconf 91' lang='lat' dir='ltr'>ad</span> <span class='ocrx_word' id='word_1_223' title='bbox 2807 1674 3130 1744; x_wconf 86' lang='lat' dir='ltr'><strong>legationem</strong></span> <span class='ocrx_word' id='word_1_224' title='bbox 3155 1680 3524 1747; x_wconf 58' lang='lat' dir='ltr'><strong>respondisse;</strong></span> 
     </span>
    </p>
   </div>
   <div class='ocr_carea' id='block_1_33' title="bbox 289 1748 1895 1840">
    <p class='ocr_par' dir='ltr' id='par_1_33' title="bbox 289 1748 1895 1840">
     <span class='ocr_line' id='line_1_33' title="bbox 289 1748 1895 1840; baseline -0.001 -18"><span class='ocrx_word' id='word_1_225' title='bbox 289 1788 397 1822; x_wconf 87' lang='grc' dir='ltr'>των</span> <span class='ocrx_word' id='word_1_226' title='bbox 423 1769 663 1836; x_wconf 76' lang='grc' dir='ltr'>ἔφασκεν</span> <span class='ocrx_word' id='word_1_227' title='bbox 692 1769 854 1840; x_wconf 72' lang='grc' dir='ltr'>αύτοῦ</span> <span class='ocrx_word' id='word_1_228' title='bbox 885 1769 974 1821; x_wconf 77' lang='grc' dir='ltr'>διὰ</span> <span class='ocrx_word' id='word_1_229' title='bbox 1001 1771 1098 1839; x_wconf 81' lang='grc' dir='ltr'>τὴν</span> <span class='ocrx_word' id='word_1_230' title='bbox 1144 1767 1515 1836; x_wconf 84' lang='grc' dir='ltr'>περισχοῦσαν</span> <span class='ocrx_word' id='word_1_231' title='bbox 1552 1769 1678 1830; x_wconf 71' lang='grc' dir='ltr'>τοὺς</span> <span class='ocrx_word' id='word_1_232' title='bbox 1725 1768 1856 1820; x_wconf 86' lang='grc' dir='ltr'>Ῥω·</span> <span class='ocrx_word' id='word_1_233' title='bbox 1888 1748 1895 1800; x_wconf 63' lang='grc' dir='ltr'><strong>Ι</strong></span> 
     </span>
    </p>
   </div>
   <div class='ocr_carea' id='block_1_34' title="bbox 1917 1748 3523 1840">
    <p class='ocr_par' dir='ltr' id='par_1_34' title="bbox 1917 1749 3523 1840">
     <span class='ocr_line' id='line_1_34' title="bbox 1917 1749 3523 1840; baseline 0.011 -32"><span class='ocrx_word' id='word_1_234' title='bbox 1917 1749 1928 1799; x_wconf 68' lang='grc' dir='ltr'>ι</span> <span class='ocrx_word' id='word_1_235' title='bbox 1961 1757 2094 1808; x_wconf 78' lang='lat' dir='ltr'><strong>nihil</strong></span> <span class='ocrx_word' id='word_1_236' title='bbox 2123 1773 2229 1810; x_wconf 92' lang='lat' dir='ltr'>non</span> <span class='ocrx_word' id='word_1_237' title='bbox 2267 1760 2576 1827; x_wconf 79' lang='lat' dir='ltr'><strong>patiendum</strong></span> <span class='ocrx_word' id='word_1_238' title='bbox 2607 1764 2777 1830; x_wconf 89' lang='lat' dir='ltr'><strong>prius,</strong></span> <span class='ocrx_word' id='word_1_239' title='bbox 2811 1781 2972 1832; x_wconf 88' lang='lat' dir='ltr'><strong>quam</strong></span> <span class='ocrx_word' id='word_1_240' title='bbox 3007 1766 3074 1820; x_wconf 89' lang='lat' dir='ltr'>de</span> <span class='ocrx_word' id='word_1_241' title='bbox 3115 1781 3246 1834; x_wconf 86' lang='lat' dir='ltr'><strong>pace</strong></span> <span class='ocrx_word' id='word_1_242' title='bbox 3298 1771 3523 1840; x_wconf 86' lang='lat' dir='ltr'><strong>loquen-</strong></span> 
     </span>
    </p>
   </div>
   <div class='ocr_carea' id='block_1_35' title="bbox 293 1837 1899 1930">
    <p class='ocr_par' dir='ltr' id='par_1_35' title="bbox 293 1837 1858 1930">
     <span class='ocr_line' id='line_1_35' title="bbox 293 1837 1858 1930; baseline -0.001 -17"><span class='ocrx_word' id='word_1_243' title='bbox 293 1861 485 1930; x_wconf 81' lang='grc' dir='ltr'>μαίους</span> <span class='ocrx_word' id='word_1_244' title='bbox 511 1837 796 1928; x_wconf 72' lang='grc' dir='ltr'>συμφοράν</span> <span class='ocrx_word' id='word_1_245' title='bbox 819 1837 1282 1930; x_wconf 86' lang='grc' dir='ltr'>ἀμνημονοῦντος,</span> <span class='ocrx_word' id='word_1_246' title='bbox 1304 1861 1399 1912; x_wconf 80' lang='grc' dir='ltr'>καὶ</span> <span class='ocrx_word' id='word_1_247' title='bbox 1416 1859 1702 1926; x_wconf 77' lang='grc' dir='ltr'>τιθεμένου</span> <span class='ocrx_word' id='word_1_248' title='bbox 1729 1862 1858 1929; x_wconf 83' lang='grc' dir='ltr'>παρ’</span> 
     </span>
    </p>
   </div>
   <div class='ocr_carea' id='block_1_36' title="bbox 1922 1837 3528 1930">
    <p class='ocr_par' dir='ltr' id='par_1_36' title="bbox 1958 1837 3528 1921">
     <span class='ocr_line' id='line_1_36' title="bbox 1958 1837 3528 1921; baseline 0.011 -23"><span class='ocrx_word' id='word_1_249' title='bbox 1958 1847 2086 1900; x_wconf 89' lang='lat' dir='ltr'>dum</span> <span class='ocrx_word' id='word_1_250' title='bbox 2116 1849 2510 1904; x_wconf 80' lang='lat' dir='ltr'><strong>audiendumve</strong></span> <span class='ocrx_word' id='word_1_251' title='bbox 2531 1854 2878 1908; x_wconf 81' lang='lat' dir='ltr'><strong>arbitrantes.</strong></span> <span class='ocrx_word' id='word_1_252' title='bbox 2909 1852 3279 1921; x_wconf 70' lang='lat' dir='ltr'><strong>Quod&#39;autem</strong></span> <span class='ocrx_word' id='word_1_253' title='bbox 3331 1837 3528 1916; x_wconf 79' lang='lat' dir='ltr'><strong>barba-</strong></span> 
     </span>
    </p>
   </div>
   <div class='ocr_carea' id='block_1_37' title="bbox 289 1939 1895 2021">
    <p class='ocr_par' dir='ltr' id='par_1_37' title="bbox 289 1951 1858 2021">
     <span class='ocr_line' id='line_1_37' title="bbox 289 1951 1858 2021; baseline 0 -17"><span class='ocrx_word' id='word_1_254' title='bbox 289 1953 462 2014; x_wconf 80' lang='grc' dir='ltr'>ούδέν,</span> <span class='ocrx_word' id='word_1_255' title='bbox 519 1955 612 2004; x_wconf 65' lang='grc' dir='ltr'>καὶ</span> <span class='ocrx_word' id='word_1_256' title='bbox 659 1953 759 2021; x_wconf 78' lang='grc' dir='ltr'>οὐχ</span> <span class='ocrx_word' id='word_1_257' title='bbox 815 1951 963 2016; x_wconf 64' lang='lat' dir='ltr'><strong>sua:</strong></span> <span class='ocrx_word' id='word_1_258' title='bbox 990 1952 1108 2003; x_wconf 82' lang='grc' dir='ltr'>οὐδὲ</span> <span class='ocrx_word' id='word_1_259' title='bbox 1142 1951 1223 2014; x_wconf 83' lang='grc' dir='ltr'>δίς</span> <span class='ocrx_word' id='word_1_260' title='bbox 1251 1953 1344 2004; x_wconf 78' lang='grc' dir='ltr'>καὶ</span> <span class='ocrx_word' id='word_1_261' title='bbox 1406 1953 1544 2021; x_wconf 66' lang='grc' dir='ltr'>τρῖς,</span> <span class='ocrx_word' id='word_1_262' title='bbox 1571 1953 1707 2004; x_wconf 83' lang='grc' dir='ltr'>ἀλλὰ</span> <span class='ocrx_word' id='word_1_263' title='bbox 1763 1955 1858 2004; x_wconf 84' lang='grc' dir='ltr'>καὶ</span> 
     </span>
    </p>
   </div>
   <div class='ocr_carea' id='block_1_38' title="bbox 1920 1939 3526 2021">
    <p class='ocr_par' dir='ltr' id='par_1_38' title="bbox 1960 1939 3526 2016">
     <span class='ocr_line' id='line_1_38' title="bbox 1960 1939 3526 2016; baseline 0.013 -28"><span class='ocrx_word' id='word_1_264' title='bbox 1960 1952 2049 1991; x_wconf 84' lang='lat' dir='ltr'>rus</span> <span class='ocrx_word' id='word_1_265' title='bbox 2083 1939 2345 1994; x_wconf 73' lang='lat' dir='ltr'><strong>adversus</strong></span> <span class='ocrx_word' id='word_1_266' title='bbox 2408 1943 2684 1996; x_wconf 86' lang='lat' dir='ltr'><strong>nationem</strong></span> <span class='ocrx_word' id='word_1_267' title='bbox 2751 1961 2904 2000; x_wconf 88' lang='lat' dir='ltr'><strong>suam</strong></span> <span class='ocrx_word' id='word_1_268' title='bbox 2959 1948 3288 2016; x_wconf 83' lang='lat' dir='ltr'><strong>induxisset,</strong></span> <span class='ocrx_word' id='word_1_269' title='bbox 3340 1953 3410 2007; x_wconf 85' lang='lat' dir='ltr'>ita</span> <span class='ocrx_word' id='word_1_270' title='bbox 3469 1971 3526 2008; x_wconf 77' lang='lat' dir='ltr'>se</span> 
     </span>
    </p>
   </div>
   <div class='ocr_carea' id='block_1_39' title="bbox 290 2027 1896 2113">
    <p class='ocr_par' dir='ltr' id='par_1_39' title="bbox 290 2043 1856 2113">
     <span class='ocr_line' id='line_1_39' title="bbox 290 2043 1856 2113; baseline 0 -17"><span class='ocrx_word' id='word_1_271' title='bbox 290 2045 554 2106; x_wconf 76' lang='grc' dir='ltr'>πολλάκις</span> <span class='ocrx_word' id='word_1_272' title='bbox 583 2045 936 2108; x_wconf 82' lang='grc' dir='ltr'>τοσαυτάκις,</span> <span class='ocrx_word' id='word_1_273' title='bbox 974 2043 1214 2112; x_wconf 76' lang='grc' dir='ltr'>ἐξαρχῆς</span> <span class='ocrx_word' id='word_1_274' title='bbox 1252 2059 1310 2094; x_wconf 90' lang='grc' dir='ltr'>τε</span> <span class='ocrx_word' id='word_1_275' title='bbox 1349 2043 1514 2106; x_wconf 82' lang='grc' dir='ltr'>εύοὺς</span> <span class='ocrx_word' id='word_1_276' title='bbox 1549 2046 1644 2097; x_wconf 73' lang='grc' dir='ltr'>καὶ</span> <span class='ocrx_word' id='word_1_277' title='bbox 1686 2047 1856 2113; x_wconf 79' lang='grc' dir='ltr'>μέχρι</span> 
     </span>
    </p>
   </div>
   <div class='ocr_carea' id='block_1_40' title="bbox 1918 2027 3524 2113">
    <p class='ocr_par' dir='ltr' id='par_1_40' title="bbox 1959 2027 3524 2112">
     <span class='ocr_line' id='line_1_40' title="bbox 1959 2027 3524 2112; baseline 0.012 -32"><span class='ocrx_word' id='word_1_278' title='bbox 1959 2027 2233 2096; x_wconf 86' lang='lat' dir='ltr'><strong>tuebatur,</strong></span> <span class='ocrx_word' id='word_1_279' title='bbox 2270 2046 2376 2085; x_wconf 87' lang='lat' dir='ltr'>non</span> <span class='ocrx_word' id='word_1_280' title='bbox 2409 2046 2468 2085; x_wconf 88' lang='lat' dir='ltr'>se</span> <span class='ocrx_word' id='word_1_281' title='bbox 2513 2034 2768 2102; x_wconf 78' lang='lat' dir='ltr'><strong>ccepissc,</strong></span> <span class='ocrx_word' id='word_1_282' title='bbox 2815 2037 2935 2091; x_wconf 87' lang='lat' dir='ltr'><strong>illos</strong></span> <span class='ocrx_word' id='word_1_283' title='bbox 2962 2039 3250 2094; x_wconf 61' lang='lat' dir='ltr'><strong>adversum</strong></span> <span class='ocrx_word' id='word_1_284' title='bbox 3282 2057 3341 2096; x_wconf 90' lang='lat' dir='ltr'>se</span> <span class='ocrx_word' id='word_1_285' title='bbox 3374 2045 3524 2112; x_wconf 88' lang='lat' dir='ltr'><strong>prius</strong></span> 
     </span>
    </p>
   </div>
   <div class='ocr_carea' id='block_1_41' title="bbox 290 2121 1896 2211">
    <p class='ocr_par' dir='ltr' id='par_1_41' title="bbox 290 2135 1856 2206">
     <span class='ocr_line' id='line_1_41' title="bbox 290 2135 1856 2206; baseline -0.001 -18"><span class='ocrx_word' id='word_1_286' title='bbox 290 2136 387 2188; x_wconf 79' lang='grc' dir='ltr'>νῦν</span> <span class='ocrx_word' id='word_1_287' title='bbox 420 2137 713 2205; x_wconf 80' lang='grc' dir='ltr'>πρεσσείας</span> <span class='ocrx_word' id='word_1_288' title='bbox 749 2135 1098 2201; x_wconf 81' lang='grc' dir='ltr'>ποιουμένου,</span> <span class='ocrx_word' id='word_1_289' title='bbox 1135 2135 1230 2187; x_wconf 74' lang='grc' dir='ltr'>καὶ</span> <span class='ocrx_word' id='word_1_290' title='bbox 1265 2135 1519 2203; x_wconf 81' lang='grc' dir='ltr'>δεομένου</span> <span class='ocrx_word' id='word_1_291' title='bbox 1549 2136 1677 2203; x_wconf 67' lang='grc' dir='ltr'>περὶ</span> <span class='ocrx_word' id='word_1_292' title='bbox 1707 2136 1856 2206; x_wconf 75' lang='grc' dir='ltr'>εἰρή-</span> 
     </span>
    </p>
   </div>
   <div class='ocr_carea' id='block_1_42' title="bbox 1918 2121 3524 2211">
    <p class='ocr_par' dir='ltr' id='par_1_42' title="bbox 1957 2121 3524 2198">
     <span class='ocr_line' id='line_1_42' title="bbox 1957 2121 3524 2198; baseline 0.012 -26"><span class='ocrx_word' id='word_1_293' title='bbox 1957 2121 2252 2186; x_wconf 80' lang='lat' dir='ltr'><strong>induxisse,</strong></span> <span class='ocrx_word' id='word_1_294' title='bbox 2305 2136 2409 2177; x_wconf 89' lang='lat' dir='ltr'>nec</span> <span class='ocrx_word' id='word_1_295' title='bbox 2455 2124 2558 2178; x_wconf 82' lang='lat' dir='ltr'><strong>isto</strong></span> <span class='ocrx_word' id='word_1_296' title='bbox 2588 2134 2817 2192; x_wconf 85' lang='lat' dir='ltr'><strong>tantum,</strong></span> <span class='ocrx_word' id='word_1_297' title='bbox 2845 2130 3010 2198; x_wconf 79' lang='lat'>636</span> <span class='ocrx_word' id='word_1_298' title='bbox 3042 2133 3136 2186; x_wconf 88' lang='lat' dir='ltr'>sed</span> <span class='ocrx_word' id='word_1_299' title='bbox 3171 2142 3227 2187; x_wconf 88' lang='lat' dir='ltr'>et</span> <span class='ocrx_word' id='word_1_300' title='bbox 3258 2135 3378 2191; x_wconf 89' lang='lat' dir='ltr'><strong>aliis</strong></span> <span class='ocrx_word' id='word_1_301' title='bbox 3409 2153 3524 2190; x_wconf 87' lang='lat' dir='ltr'><strong>nio-</strong></span> 
     </span>
    </p>
   </div>
   <div class='ocr_carea' id='block_1_43' title="bbox 288 2211 1894 2296">
    <p class='ocr_par' dir='ltr' id='par_1_43' title="bbox 288 2225 1853 2296">
     <span class='ocr_line' id='line_1_43' title="bbox 288 2225 1853 2296; baseline 0.001 -20"><span class='ocrx_word' id='word_1_302' title='bbox 288 2243 406 2294; x_wconf 76' lang='grc' dir='ltr'>νηο,</span> <span class='ocrx_word' id='word_1_303' title='bbox 432 2229 492 2278; x_wconf 83' lang='grc' dir='ltr'>ού</span> <span class='ocrx_word' id='word_1_304' title='bbox 529 2226 689 2296; x_wconf 87' lang='grc' dir='ltr'>μόνον</span> <span class='ocrx_word' id='word_1_305' title='bbox 712 2225 954 2286; x_wconf 78' lang='grc' dir='ltr'>ἐπιεικὲς</span> <span class='ocrx_word' id='word_1_306' title='bbox 983 2225 1137 2276; x_wconf 73' lang='grc' dir='ltr'>οὐδὲν</span> <span class='ocrx_word' id='word_1_307' title='bbox 1164 2225 1561 2293; x_wconf 67' lang='grc' dir='ltr'>ἀποκρίνασθαι</span> <span class='ocrx_word' id='word_1_308' title='bbox 1586 2226 1853 2288; x_wconf 84' lang='grc' dir='ltr'>ἐκείνους,</span> 
     </span>
    </p>
   </div>
   <div class='ocr_carea' id='block_1_44' title="bbox 1916 2211 3522 2296">
    <p class='ocr_par' dir='ltr' id='par_1_44' title="bbox 1957 2211 3522 2288">
     <span class='ocr_line' id='line_1_44' title="bbox 1957 2211 3522 2288; baseline 0.014 -27"><span class='ocrx_word' id='word_1_309' title='bbox 1957 2211 2043 2262; x_wconf 90' lang='lat' dir='ltr'>dis</span> <span class='ocrx_word' id='word_1_310' title='bbox 2084 2211 2440 2268; x_wconf 87' lang='lat' dir='ltr'><strong>barbarorum</strong></span> <span class='ocrx_word' id='word_1_311' title='bbox 2476 2229 2578 2284; x_wconf 87' lang='lat' dir='ltr'>Ope</span> <span class='ocrx_word' id='word_1_312' title='bbox 2619 2220 2692 2270; x_wconf 89' lang='lat' dir='ltr'>uti</span> <span class='ocrx_word' id='word_1_313' title='bbox 2740 2225 3004 2288; x_wconf 79' lang='lat' dir='ltr'><strong>coegisse.</strong></span> <span class='ocrx_word' id='word_1_314' title='bbox 3059 2224 3190 2277; x_wconf 76' lang='lat' dir='ltr'>Nam</span> <span class='ocrx_word' id='word_1_315' title='bbox 3227 2227 3348 2281; x_wconf 85' lang='lat' dir='ltr'><strong>illos</strong></span> <span class='ocrx_word' id='word_1_316' title='bbox 3397 2229 3522 2283; x_wconf 87' lang='lat' dir='ltr'><strong>data</strong></span> 
     </span>
    </p>
   </div>
   <div class='ocr_carea' id='block_1_45' title="bbox 289 2303 1895 2388">
    <p class='ocr_par' dir='ltr' id='par_1_45' title="bbox 289 2315 1895 2385">
     <span class='ocr_line' id='line_1_45' title="bbox 289 2315 1895 2385; baseline -0.001 -14"><span class='ocrx_word' id='word_1_317' title='bbox 289 2319 424 2371; x_wconf 82' lang='grc' dir='ltr'>ἀλλά</span> <span class='ocrx_word' id='word_1_318' title='bbox 450 2317 576 2379; x_wconf 84' lang='grc' dir='ltr'>τούς</span> <span class='ocrx_word' id='word_1_319' title='bbox 611 2333 669 2368; x_wconf 92' lang='grc' dir='ltr'>τε</span> <span class='ocrx_word' id='word_1_320' title='bbox 693 2316 952 2384; x_wconf 74' lang='grc' dir='ltr'>πρέσϐεις</span> <span class='ocrx_word' id='word_1_321' title='bbox 995 2315 1305 2378; x_wconf 73' lang='grc' dir='ltr'>αἰκίζεσθαι</span> <span class='ocrx_word' id='word_1_322' title='bbox 1337 2317 1432 2368; x_wconf 77' lang='grc' dir='ltr'>καὶ</span> <span class='ocrx_word' id='word_1_323' title='bbox 1482 2316 1731 2385; x_wconf 84' lang='grc' dir='ltr'>ἀτιμοῦν,</span> <span class='ocrx_word' id='word_1_324' title='bbox 1761 2319 1852 2370; x_wconf 77' lang='grc' dir='ltr'>καὶ</span> <span class='ocrx_word' id='word_1_325' title='bbox 1889 2371 1895 2378; x_wconf 74' lang='grc'>,</span> 
     </span>
    </p>
   </div>
   <div class='ocr_carea' id='block_1_46' title="bbox 1915 2303 3521 2388">
    <p class='ocr_par' dir='ltr' id='par_1_46' title="bbox 1955 2303 3521 2388">
     <span class='ocr_line' id='line_1_46' title="bbox 1955 2303 3521 2388; baseline 0.013 -36"><span class='ocrx_word' id='word_1_326' title='bbox 1955 2303 2208 2368; x_wconf 86' lang='lat' dir='ltr'><strong>pecunia,</strong></span> <span class='ocrx_word' id='word_1_327' title='bbox 2234 2314 2288 2358; x_wconf 91' lang='lat' dir='ltr'>et</span> <span class='ocrx_word' id='word_1_328' title='bbox 2322 2307 2550 2360; x_wconf 88' lang='lat' dir='ltr'><strong>urbibus</strong></span> <span class='ocrx_word' id='word_1_329' title='bbox 2579 2310 2899 2378; x_wconf 82' lang='lat' dir='ltr'><strong>propinatis,</strong></span> <span class='ocrx_word' id='word_1_330' title='bbox 2931 2321 2986 2366; x_wconf 85' lang='lat' dir='ltr'>et</span> <span class='ocrx_word' id='word_1_331' title='bbox 3019 2314 3264 2370; x_wconf 70' lang='lat' dir='ltr'><strong>Romano</strong></span> <span class='ocrx_word' id='word_1_332' title='bbox 3296 2320 3521 2388; x_wconf 64' lang='lat' dir='ltr'><strong>imp-tria</strong></span> 
     </span>
    </p>
   </div>
   <div class='ocr_carea' id='block_1_47' title="bbox 285 2394 1891 2480">
    <p class='ocr_par' dir='ltr' id='par_1_47' title="bbox 285 2406 1854 2478">
     <span class='ocr_line' id='line_1_47' title="bbox 285 2406 1854 2478; baseline -0.002 -14"><span class='ocrx_word' id='word_1_333' title='bbox 285 2413 506 2474; x_wconf 80' lang='grc' dir='ltr'>δεσμοῖς</span> <span class='ocrx_word' id='word_1_334' title='bbox 571 2410 850 2476; x_wconf 80' lang='grc' dir='ltr'>κατέχειν,</span> <span class='ocrx_word' id='word_1_335' title='bbox 913 2407 1009 2459; x_wconf 73' lang='grc' dir='ltr'>καὶ</span> <span class='ocrx_word' id='word_1_336' title='bbox 1093 2406 1257 2460; x_wconf 83' lang='grc' dir='ltr'>αὐτοῦ</span> <span class='ocrx_word' id='word_1_337' title='bbox 1308 2407 1508 2470; x_wconf 83' lang='grc' dir='ltr'>πολλὰς</span> <span class='ocrx_word' id='word_1_338' title='bbox 1563 2411 1854 2478; x_wconf 78' lang='grc' dir='ltr'>καταχέειν</span> 
     </span>
    </p>
   </div>
   <div class='ocr_carea' id='block_1_48' title="bbox 1915 2394 3521 2480">
    <p class='ocr_par' dir='ltr' id='par_1_48' title="bbox 1957 2394 3521 2480">
     <span class='ocr_line' id='line_1_48' title="bbox 1957 2394 3521 2480; baseline 0.013 -36"><span class='ocrx_word' id='word_1_339' title='bbox 1957 2394 2272 2462; x_wconf 81' lang='lat' dir='ltr'><strong>ingentibus</strong></span> <span class='ocrx_word' id='word_1_340' title='bbox 2322 2407 2379 2452; x_wconf 86' lang='lat' dir='ltr'>et</span> <span class='ocrx_word' id='word_1_341' title='bbox 2423 2399 2756 2455; x_wconf 87' lang='lat' dir='ltr'><strong>admirandis</strong></span> <span class='ocrx_word' id='word_1_342' title='bbox 2808 2403 3132 2471; x_wconf 86' lang='lat' dir='ltr'><strong>quibusdam</strong></span> <span class='ocrx_word' id='word_1_343' title='bbox 3184 2410 3342 2464; x_wconf 78' lang='lat' dir='ltr'><strong>bonis</strong></span> <span class='ocrx_word' id='word_1_344' title='bbox 3395 2429 3521 2480; x_wconf 84' lang='lat' dir='ltr'><strong>spo-</strong></span> 
     </span>
    </p>
   </div>
   <div class='ocr_carea' id='block_1_49' title="bbox 289 2481 1895 2571">
    <p class='ocr_par' dir='ltr' id='par_1_49' title="bbox 289 2499 1852 2571">
     <span class='ocr_line' id='line_1_49' title="bbox 289 2499 1852 2571; baseline 0 -19"><span class='ocrx_word' id='word_1_345' title='bbox 289 2501 496 2571; x_wconf 76' lang='grc' dir='ltr'>ῦῦρεις,</span> <span class='ocrx_word' id='word_1_346' title='bbox 543 2499 639 2551; x_wconf 80' lang='grc' dir='ltr'>καὶ</span> <span class='ocrx_word' id='word_1_347' title='bbox 667 2500 755 2552; x_wconf 77' lang='grc' dir='ltr'>διὰ</span> <span class='ocrx_word' id='word_1_348' title='bbox 801 2499 1060 2550; x_wconf 79' lang='grc' dir='ltr'>τοιούτων</span> <span class='ocrx_word' id='word_1_349' title='bbox 1103 2499 1203 2560; x_wconf 66' lang='grc' dir='ltr'>τὰς</span> <span class='ocrx_word' id='word_1_350' title='bbox 1235 2499 1527 2565; x_wconf 77' lang='grc' dir='ltr'>ἀπολογίας</span> <span class='ocrx_word' id='word_1_351' title='bbox 1580 2501 1852 2552; x_wconf 87' lang='grc' dir='ltr'>ποιεῖσθαι</span> 
     </span>
    </p>
   </div>
   <div class='ocr_carea' id='block_1_50' title="bbox 1909 2481 3515 2571">
    <p class='ocr_par' dir='ltr' id='par_1_50' title="bbox 1954 2481 3515 2570">
     <span class='ocr_line' id='line_1_50' title="bbox 1954 2481 3515 2570; baseline 0.013 -34"><span class='ocrx_word' id='word_1_352' title='bbox 1954 2481 1989 2536; x_wconf 89' lang='grc'>11</span> <span class='ocrx_word' id='word_1_353' title='bbox 2010 2495 2102 2551; x_wconf 85' lang='lat' dir='ltr'><strong>ito,</strong></span> <span class='ocrx_word' id='word_1_354' title='bbox 2121 2501 2231 2540; x_wconf 86' lang='lat' dir='ltr'>non</span> <span class='ocrx_word' id='word_1_355' title='bbox 2264 2489 2473 2543; x_wconf 75' lang='lat' dir='ltr'><strong>Ct‘alem</strong></span> <span class='ocrx_word' id='word_1_356' title='bbox 2503 2491 2768 2546; x_wconf 83' lang='lat' dir='ltr'><strong>duntaxat</strong></span> <span class='ocrx_word' id='word_1_357' title='bbox 2799 2494 3160 2550; x_wconf 77' lang='lat' dir='ltr'><strong>&#39;l&#39;riballorum</strong></span> <span class='ocrx_word' id='word_1_358' title='bbox 3195 2501 3515 2570; x_wconf 78' lang='lat' dir='ltr'><strong>principum,</strong></span> 
     </span>
    </p>
   </div>
   <div class='ocr_carea' id='block_1_51' title="bbox 291 2574 1897 2664">
    <p class='ocr_par' dir='ltr' id='par_1_51' title="bbox 291 2591 1852 2664">
     <span class='ocr_line' id='line_1_51' title="bbox 291 2591 1852 2664; baseline 0.001 -19"><span class='ocrx_word' id='word_1_359' title='bbox 291 2594 426 2663; x_wconf 77' lang='grc' dir='ltr'>πρὸς</span> <span class='ocrx_word' id='word_1_360' title='bbox 465 2596 591 2664; x_wconf 60' lang='grc' dir='ltr'>τούς</span> <span class='ocrx_word' id='word_1_361' title='bbox 628 2591 908 2661; x_wconf 80' lang='grc' dir='ltr'>πρέσϐεις,</span> <span class='ocrx_word' id='word_1_362' title='bbox 951 2591 1130 2644; x_wconf 87' lang='grc' dir='ltr'>πάντα</span> <span class='ocrx_word' id='word_1_363' title='bbox 1179 2592 1378 2661; x_wconf 79' lang='grc' dir='ltr'>μᾶλλον</span> <span class='ocrx_word' id='word_1_364' title='bbox 1429 2593 1632 2645; x_wconf 79' lang='grc' dir='ltr'>ἀνεκτᾶ</span> <span class='ocrx_word' id='word_1_365' title='bbox 1681 2597 1852 2663; x_wconf 73' lang='grc' dir='ltr'>ἡγου-</span> 
     </span>
    </p>
   </div>
   <div class='ocr_carea' id='block_1_52' title="bbox 1913 2574 3519 2664">
    <p class='ocr_par' dir='ltr' id='par_1_52' title="bbox 1953 2574 3519 2661">
     <span class='ocr_line' id='line_1_52' title="bbox 1953 2574 3519 2661; baseline 0.015 -36"><span class='ocrx_word' id='word_1_366' title='bbox 1953 2574 2050 2627; x_wconf 87' lang='lat' dir='ltr'>sed</span> <span class='ocrx_word' id='word_1_367' title='bbox 2078 2585 2133 2630; x_wconf 88' lang='lat' dir='ltr'>et</span> <span class='ocrx_word' id='word_1_368' title='bbox 2169 2577 2534 2633; x_wconf 71' lang='lat' dir='ltr'><strong>Alexandrum</strong></span> <span class='ocrx_word' id='word_1_369' title='bbox 2578 2581 2870 2636; x_wconf 68' lang='lat' dir='ltr'><strong>hltesorum</strong></span> <span class='ocrx_word' id='word_1_370' title='bbox 2898 2602 3100 2656; x_wconf 79' lang='lat' dir='ltr'><strong>regem,</strong></span> <span class='ocrx_word' id='word_1_371' title='bbox 3137 2598 3404 2647; x_wconf 86' lang='lat' dir='ltr'><strong>utrumvis</strong></span> <span class='ocrx_word' id='word_1_372' title='bbox 3427 2613 3519 2661; x_wconf 71' lang='lat' dir='ltr'>per</span> 
     </span>
    </p>
   </div>
   <div class='ocr_carea' id='block_1_53' title="bbox 295 2668 1901 2754">
    <p class='ocr_par' dir='ltr' id='par_1_53' title="bbox 295 2682 1850 2754">
     <span class='ocr_line' id='line_1_53' title="bbox 295 2682 1850 2754; baseline 0.002 -19"><span class='ocrx_word' id='word_1_373' title='bbox 295 2687 522 2752; x_wconf 88' lang='grc' dir='ltr'>μένους,</span> <span class='ocrx_word' id='word_1_374' title='bbox 571 2684 604 2754; x_wconf 78' lang='grc' dir='ltr'>ἦ</span> <span class='ocrx_word' id='word_1_375' title='bbox 661 2685 790 2753; x_wconf 71' lang='grc' dir='ltr'>περὶ</span> <span class='ocrx_word' id='word_1_376' title='bbox 835 2684 1059 2753; x_wconf 73' lang='grc' dir='ltr'>εἰρήνης</span> <span class='ocrx_word' id='word_1_377' title='bbox 1105 2682 1476 2750; x_wconf 85' lang='grc' dir='ltr'>διαλέγεσθαι,</span> <span class='ocrx_word' id='word_1_378' title='bbox 1527 2684 1559 2751; x_wconf 80' lang='grc' dir='ltr'>ἤ</span> <span class='ocrx_word' id='word_1_379' title='bbox 1608 2685 1850 2739; x_wconf 79' lang='grc' dir='ltr'>ἀκούειν.</span> 
     </span>
    </p>
   </div>
   <div class='ocr_carea' id='block_1_54' title="bbox 1915 2668 3521 2754">
    <p class='ocr_par' dir='ltr' id='par_1_54' title="bbox 1954 2668 3521 2747">
     <span class='ocr_line' id='line_1_54' title="bbox 1954 2668 3521 2747; baseline 0.013 -28"><span class='ocrx_word' id='word_1_380' title='bbox 1954 2682 2010 2719; x_wconf 88' lang='lat' dir='ltr'>sc</span> <span class='ocrx_word' id='word_1_381' title='bbox 2041 2668 2312 2723; x_wconf 76' lang='lat' dir='ltr'><strong>universis</strong></span> <span class='ocrx_word' id='word_1_382' title='bbox 2347 2670 2606 2726; x_wconf 79' lang='lat' dir='ltr'><strong>Romanis</strong></span> <span class='ocrx_word' id='word_1_383' title='bbox 2655 2673 2812 2728; x_wconf 83' lang='lat' dir='ltr'><strong>simul</strong></span> <span class='ocrx_word' id='word_1_384' title='bbox 2851 2691 3036 2744; x_wconf 86' lang='lat' dir='ltr'><strong>parem</strong></span> <span class='ocrx_word' id='word_1_385' title='bbox 3072 2684 3424 2747; x_wconf 73' lang='lat' dir='ltr'><strong>permnrisse,</strong></span> <span class='ocrx_word' id='word_1_386' title='bbox 3463 2697 3521 2738; x_wconf 90' lang='lat' dir='ltr'>ut</span> 
     </span>
    </p>
   </div>
   <div class='ocr_carea' id='block_1_55' title="bbox 290 2757 1896 2844">
    <p class='ocr_par' dir='ltr' id='par_1_55' title="bbox 290 2772 1854 2844">
     <span class='ocr_line' id='line_1_55' title="bbox 290 2772 1854 2844; baseline 0.003 -19"><span class='ocrx_word' id='word_1_387' title='bbox 290 2775 400 2842; x_wconf 82' lang='grc' dir='ltr'>Τῆς</span> <span class='ocrx_word' id='word_1_388' title='bbox 445 2792 503 2826; x_wconf 90' lang='grc' dir='ltr'>τε</span> <span class='ocrx_word' id='word_1_389' title='bbox 532 2772 884 2844; x_wconf 74' lang='grc' dir='ltr'>βαρϐαρικῆς</span> <span class='ocrx_word' id='word_1_390' title='bbox 915 2775 1052 2842; x_wconf 75' lang='grc' dir='ltr'>προς</span> <span class='ocrx_word' id='word_1_391' title='bbox 1101 2777 1228 2836; x_wconf 70' lang='grc' dir='ltr'>τοὺς</span> <span class='ocrx_word' id='word_1_392' title='bbox 1257 2775 1560 2844; x_wconf 76' lang='grc' dir='ltr'>ὁμοφύλους</span> <span class='ocrx_word' id='word_1_393' title='bbox 1611 2776 1854 2844; x_wconf 74' lang='grc' dir='ltr'>ἔφασκεν</span> 
     </span>
    </p>
   </div>
   <div class='ocr_carea' id='block_1_56' title="bbox 1913 2757 3519 2844">
    <p class='ocr_par' dir='ltr' id='par_1_56' title="bbox 1955 2757 3519 2838">
     <span class='ocr_line' id='line_1_56' title="bbox 1955 2757 3519 2838; baseline 0.014 -30"><span class='ocrx_word' id='word_1_394' title='bbox 1955 2757 2060 2810; x_wconf 83' lang='lat' dir='ltr'><strong>sibi</strong></span> <span class='ocrx_word' id='word_1_395' title='bbox 2095 2760 2283 2814; x_wconf 77' lang='lat' dir='ltr'><strong>hostes</strong></span> <span class='ocrx_word' id='word_1_396' title='bbox 2310 2762 2520 2816; x_wconf 78' lang='lat' dir='ltr'><strong>fierent.</strong></span> <span class='ocrx_word' id='word_1_397' title='bbox 2573 2764 2709 2817; x_wconf 86' lang='lat' dir='ltr'><strong>Hinc</strong></span> <span class='ocrx_word' id='word_1_398' title='bbox 2763 2781 2822 2820; x_wconf 89' lang='lat' dir='ltr'>se</span> <span class='ocrx_word' id='word_1_399' title='bbox 2857 2782 3074 2838; x_wconf 86' lang='lat' dir='ltr'><strong>quoque</strong></span> <span class='ocrx_word' id='word_1_400' title='bbox 3104 2782 3352 2828; x_wconf 90' lang='lat' dir='ltr'><strong>coactum</strong></span> <span class='ocrx_word' id='word_1_401' title='bbox 3400 2778 3519 2830; x_wconf 86' lang='lat' dir='ltr'><strong>bar-</strong></span> 
     </span>
    </p>
   </div>
   <div class='ocr_carea' id='block_1_57' title="bbox 287 2849 1893 2938">
    <p class='ocr_par' dir='ltr' id='par_1_57' title="bbox 287 2863 1852 2938">
     <span class='ocr_line' id='line_1_57' title="bbox 287 2863 1852 2938; baseline 0.001 -19"><span class='ocrx_word' id='word_1_402' title='bbox 287 2868 584 2934; x_wconf 75' lang='grc' dir='ltr'>ἐπλγωγῆς</span> <span class='ocrx_word' id='word_1_403' title='bbox 611 2867 712 2918; x_wconf 80' lang='grc' dir='ltr'>οὐκ</span> <span class='ocrx_word' id='word_1_404' title='bbox 755 2865 965 2919; x_wconf 84' lang='grc' dir='ltr'>ἐκεῖνον</span> <span class='ocrx_word' id='word_1_405' title='bbox 1003 2863 1242 2936; x_wconf 81' lang='grc' dir='ltr'>ἦρχθαι,</span> <span class='ocrx_word' id='word_1_406' title='bbox 1289 2866 1405 2920; x_wconf 85' lang='grc' dir='ltr'>ἀλλ’</span> <span class='ocrx_word' id='word_1_407' title='bbox 1434 2869 1654 2931; x_wconf 67' lang='grc' dir='ltr'>αὐτοὺς,</span> <span class='ocrx_word' id='word_1_408' title='bbox 1701 2869 1852 2938; x_wconf 54' lang='grc' dir='ltr'>πρώέ</span> 
     </span>
    </p>
   </div>
   <div class='ocr_carea' id='block_1_58' title="bbox 1908 2849 3514 2938">
    <p class='ocr_par' dir='ltr' id='par_1_58' title="bbox 1955 2849 3514 2932">
     <span class='ocr_line' id='line_1_58' title="bbox 1955 2849 3514 2932; baseline 0.014 -31"><span class='ocrx_word' id='word_1_409' title='bbox 1955 2849 2200 2905; x_wconf 86' lang='lat' dir='ltr'><strong>baricum</strong></span> <span class='ocrx_word' id='word_1_410' title='bbox 2228 2852 2481 2908; x_wconf 75' lang='lat' dir='ltr'><strong>invocare</strong></span> <span class='ocrx_word' id='word_1_411' title='bbox 2516 2857 2771 2910; x_wconf 81' lang='lat' dir='ltr'><strong>auxilium</strong></span> <span class='ocrx_word' id='word_1_412' title='bbox 2807 2898 2822 2923; x_wconf 89' lang='lat'>,</span> <span class='ocrx_word' id='word_1_413' title='bbox 2858 2875 2982 2914; x_wconf 89' lang='lat' dir='ltr'>cum</span> <span class='ocrx_word' id='word_1_414' title='bbox 3013 2867 3312 2930; x_wconf 67' lang='lat' dir='ltr'><strong>praesertim</strong></span> <span class='ocrx_word' id='word_1_415' title='bbox 3331 2870 3514 2932; x_wconf 88' lang='lat' dir='ltr'><strong>sciret,</strong></span> 
     </span>
    </p>
   </div>
   <div class='ocr_carea' id='block_1_59' title="bbox 287 2937 1893 3029">
    <p class='ocr_par' dir='ltr' id='par_1_59' title="bbox 287 2957 1852 3029">
     <span class='ocr_line' id='line_1_59' title="bbox 287 2957 1852 3029; baseline 0.006 -22"><span class='ocrx_word' id='word_1_416' title='bbox 287 2975 414 3018; x_wconf 84' lang='grc' dir='ltr'>τους</span> <span class='ocrx_word' id='word_1_417' title='bbox 461 2957 545 3007; x_wconf 89' lang='grc' dir='ltr'>ἐπ’</span> <span class='ocrx_word' id='word_1_418' title='bbox 573 2958 735 3009; x_wconf 70' lang='grc' dir='ltr'>αὐτὸν</span> <span class='ocrx_word' id='word_1_419' title='bbox 769 2958 1187 3024; x_wconf 83' lang='grc' dir='ltr'>ἐπενεγκόντας·</span> <span class='ocrx_word' id='word_1_420' title='bbox 1221 2957 1318 3010; x_wconf 74' lang='grc' dir='ltr'>καὶ</span> <span class='ocrx_word' id='word_1_421' title='bbox 1360 2959 1420 3010; x_wconf 90' lang='grc' dir='ltr'>ού</span> <span class='ocrx_word' id='word_1_422' title='bbox 1455 2962 1616 3029; x_wconf 89' lang='grc' dir='ltr'>μόνον</span> <span class='ocrx_word' id='word_1_423' title='bbox 1664 2969 1852 3016; x_wconf 83' lang='grc' dir='ltr'>τούτου</span> 
     </span>
    </p>
   </div>
   <div class='ocr_carea' id='block_1_60' title="bbox 1907 2937 3513 3029">
    <p class='ocr_par' dir='ltr' id='par_1_60' title="bbox 1956 2939 3513 3021">
     <span class='ocr_line' id='line_1_60' title="bbox 1956 2939 3513 3021; baseline 0.014 -30"><span class='ocrx_word' id='word_1_424' title='bbox 1956 2939 2078 2994; x_wconf 86' lang='lat' dir='ltr'><strong>illos</strong></span> <span class='ocrx_word' id='word_1_425' title='bbox 2113 2942 2398 2997; x_wconf 74' lang='lat' dir='ltr'><strong>adversum</strong></span> <span class='ocrx_word' id='word_1_426' title='bbox 2432 2961 2490 2999; x_wconf 85' lang='lat' dir='ltr'>se</span> <span class='ocrx_word' id='word_1_427' title='bbox 2525 2961 2590 3000; x_wconf 91' lang='lat' dir='ltr'>eo</span> <span class='ocrx_word' id='word_1_428' title='bbox 2619 2963 2832 3017; x_wconf 81' lang='lat' dir='ltr'><strong>usuros,</strong></span> <span class='ocrx_word' id='word_1_429' title='bbox 2873 2951 2917 3004; x_wconf 90' lang='lat' dir='ltr'>si</span> <span class='ocrx_word' id='word_1_430' title='bbox 2968 2952 3081 3021; x_wconf 86' lang='lat' dir='ltr'><strong>ipse</strong></span> <span class='ocrx_word' id='word_1_431' title='bbox 3121 2957 3208 3008; x_wconf 80' lang='lat' dir='ltr'><strong>uti.</strong></span> <span class='ocrx_word' id='word_1_432' title='bbox 3233 2959 3513 3014; x_wconf 81' lang='lat' dir='ltr'><strong>noluisset.</strong></span> 
     </span>
    </p>
   </div>
   <div class='ocr_carea' id='block_1_61' title="bbox 289 3031 1895 3130">
    <p class='ocr_par' dir='ltr' id='par_1_61' title="bbox 289 3047 1895 3129">
     <span class='ocr_line' id='line_1_61' title="bbox 289 3047 1895 3129; baseline 0.004 -27"><span class='ocrx_word' id='word_1_433' title='bbox 289 3051 474 3112; x_wconf 68' lang='grc' dir='ltr'>ἓνεκα,</span> <span class='ocrx_word' id='word_1_434' title='bbox 503 3049 634 3101; x_wconf 85' lang='grc' dir='ltr'>ἀλλά</span> <span class='ocrx_word' id='word_1_435' title='bbox 659 3050 750 3100; x_wconf 80' lang='grc' dir='ltr'>καὶ</span> <span class='ocrx_word' id='word_1_436' title='bbox 774 3047 1001 3118; x_wconf 88' lang='grc' dir='ltr'>τρόποις</span> <span class='ocrx_word' id='word_1_437' title='bbox 1033 3049 1242 3120; x_wconf 81' lang='grc' dir='ltr'>ἑτέροις</span> <span class='ocrx_word' id='word_1_438' title='bbox 1272 3051 1508 3120; x_wconf 80' lang='grc' dir='ltr'>χρῆσθαι</span> <span class='ocrx_word' id='word_1_439' title='bbox 1560 3057 1669 3117; x_wconf 82' lang='grc' dir='ltr'>τοῖς</span> <span class='ocrx_word' id='word_1_440' title='bbox 1716 3055 1820 3124; x_wconf 81' lang='grc' dir='ltr'>βαρ</span> <span class='ocrx_word' id='word_1_441' title='bbox 1877 3071 1895 3129; x_wconf 63' lang='grc' dir='ltr'><strong>ί</strong></span> 
     </span>
    </p>
   </div>
   <div class='ocr_carea' id='block_1_62' title="bbox 1907 3031 3513 3130">
    <p class='ocr_par' dir='ltr' id='par_1_62' title="bbox 1907 3031 3513 3130">
     <span class='ocr_line' id='line_1_62' title="bbox 1907 3031 3513 3114; baseline 0.014 -31"><span class='ocrx_word' id='word_1_442' title='bbox 1907 3072 1920 3092; x_wconf 89' lang='grc'>,</span> <span class='ocrx_word' id='word_1_443' title='bbox 1954 3031 2072 3085; x_wconf 77' lang='lat' dir='ltr'><strong>Non</strong></span> <span class='ocrx_word' id='word_1_444' title='bbox 2113 3035 2260 3088; x_wconf 88' lang='lat' dir='ltr'><strong>enim</strong></span> <span class='ocrx_word' id='word_1_445' title='bbox 2299 3052 2446 3092; x_wconf 88' lang='lat' dir='ltr'><strong>nunc</strong></span> <span class='ocrx_word' id='word_1_446' title='bbox 2480 3037 2602 3092; x_wconf 89' lang='lat' dir='ltr'><strong>ideo</strong></span> <span class='ocrx_word' id='word_1_447' title='bbox 2651 3039 3006 3096; x_wconf 81' lang='lat' dir='ltr'><strong>barbarorum</strong></span> <span class='ocrx_word' id='word_1_448' title='bbox 3056 3061 3218 3114; x_wconf 88' lang='lat' dir='ltr'><strong>opera</strong></span> <span class='ocrx_word' id='word_1_449' title='bbox 3266 3065 3360 3104; x_wconf 76' lang='lat' dir='ltr'>eos</span> <span class='ocrx_word' id='word_1_450' title='bbox 3406 3067 3513 3106; x_wconf 83' lang='lat' dir='ltr'>non</span> 
     </span>
     <span class='ocr_line' id='line_1_63' title="bbox 1907 3110 2546 3130; baseline 0 0"><span class='ocrx_word' id='word_1_451' title='bbox 1907 3110 1922 3130; x_wconf 86' lang='grc'><em>.</em></span> <span class='ocrx_word' id='word_1_452' title='bbox 2023 3126 2032 3130; x_wconf 81' lang='lat'>-</span> <span class='ocrx_word' id='word_1_453' title='bbox 2145 3127 2154 3130; x_wconf 87' lang='lat'>_</span> <span class='ocrx_word' id='word_1_454' title='bbox 2304 3128 2334 3130; x_wconf 93' lang='lat'>__</span> <span class='ocrx_word' id='word_1_455' title='bbox 2536 3128 2546 3130; x_wconf 31' lang='grc' dir='ltr'>μ</span> 
     </span>
    </p>
   </div>
   <div class='ocr_carea' id='block_1_63' title="bbox 290 3126 1896 3215">
    <p class='ocr_par' dir='ltr' id='par_1_63' title="bbox 290 3126 1896 3215">
     <span class='ocr_line' id='line_1_64' title="bbox 290 3126 1896 3215; baseline 0.006 -26"><span class='ocrx_word' id='word_1_456' title='bbox 290 3137 481 3207; x_wconf 75' lang='grc' dir='ltr'>δάροις</span> <span class='ocrx_word' id='word_1_457' title='bbox 563 3141 1109 3207; x_wconf 75' lang='grc' dir='ltr'>καταναγκάζοντας.</span> <span class='ocrx_word' id='word_1_458' title='bbox 1164 3142 1442 3211; x_wconf 83' lang='grc' dir='ltr'>Χρήματα</span> <span class='ocrx_word' id='word_1_459' title='bbox 1499 3147 1606 3215; x_wconf 84' lang='grc' dir='ltr'>γὰρ</span> <span class='ocrx_word' id='word_1_460' title='bbox 1654 3126 1896 3199; x_wconf 52' lang='grc' dir='ltr'>ἐκεῖνοκ</span> 
     </span>
    </p>
   </div>
   <div class='ocr_carea' id='block_1_64' title="bbox 1909 3126 3515 3215">
    <p class='ocr_par' dir='ltr' id='par_1_64' title="bbox 1909 3126 3515 3198">
     <span class='ocr_line' id='line_1_65' title="bbox 1909 3126 3515 3198; baseline 0.013 -23"><span class='ocrx_word' id='word_1_461' title='bbox 1909 3126 1921 3130; x_wconf 83' lang='grc'><em>’</em></span> <span class='ocrx_word' id='word_1_462' title='bbox 1957 3126 2033 3176; x_wconf 91' lang='lat' dir='ltr'>uti</span> <span class='ocrx_word' id='word_1_463' title='bbox 2069 3127 2192 3193; x_wconf 86' lang='lat' dir='ltr'><strong>quia</strong></span> <span class='ocrx_word' id='word_1_464' title='bbox 2226 3128 2426 3191; x_wconf 87' lang='lat' dir='ltr'><strong>nolint,</strong></span> <span class='ocrx_word' id='word_1_465' title='bbox 2455 3128 2551 3182; x_wconf 82' lang='lat' dir='ltr'>sed</span> <span class='ocrx_word' id='word_1_466' title='bbox 2581 3131 2724 3198; x_wconf 89' lang='lat' dir='ltr'><strong>quod</strong></span> <span class='ocrx_word' id='word_1_467' title='bbox 2767 3131 2832 3184; x_wconf 87' lang='lat' dir='ltr'>iis</span> <span class='ocrx_word' id='word_1_468' title='bbox 2857 3133 3235 3192; x_wconf 81' lang='lat' dir='ltr'><strong>Cautacuzeno</strong></span> <span class='ocrx_word' id='word_1_469' title='bbox 3279 3141 3515 3197; x_wconf 78' lang='lat' dir='ltr'><strong>militare</strong></span> 
     </span>
    </p>
   </div>
   <div class='ocr_carea' id='block_1_65' title="bbox 289 3216 1895 3309">
    <p class='ocr_par' dir='ltr' id='par_1_65' title="bbox 289 3232 1845 3309">
     <span class='ocr_line' id='line_1_66' title="bbox 289 3232 1845 3309; baseline 0.008 -29"><span class='ocrx_word' id='word_1_470' title='bbox 289 3232 677 3299; x_wconf 77' lang='grc' dir='ltr'>παρεχόμενοι,</span> <span class='ocrx_word' id='word_1_471' title='bbox 713 3232 810 3284; x_wconf 75' lang='grc' dir='ltr'>καὶ</span> <span class='ocrx_word' id='word_1_472' title='bbox 846 3233 1028 3296; x_wconf 86' lang='grc' dir='ltr'>πόλεις</span> <span class='ocrx_word' id='word_1_473' title='bbox 1069 3235 1409 3303; x_wconf 76' lang='grc' dir='ltr'>προϊέμενοι,</span> <span class='ocrx_word' id='word_1_474' title='bbox 1457 3239 1551 3290; x_wconf 65' lang='grc' dir='ltr'>καὶ</span> <span class='ocrx_word' id='word_1_475' title='bbox 1586 3238 1684 3309; x_wconf 77' lang='grc' dir='ltr'>τὴν</span> <span class='ocrx_word' id='word_1_476' title='bbox 1715 3239 1845 3292; x_wconf 85' lang='grc' dir='ltr'>Ῥω·</span> 
     </span>
    </p>
   </div>
   <div class='ocr_carea' id='block_1_66' title="bbox 1909 3216 3515 3309">
    <p class='ocr_par' dir='ltr' id='par_1_66' title="bbox 1951 3216 3515 3297">
     <span class='ocr_line' id='line_1_67' title="bbox 1951 3216 3515 3297; baseline 0.012 -29"><span class='ocrx_word' id='word_1_477' title='bbox 1951 3216 2300 3279; x_wconf 87' lang='lat' dir='ltr'><strong>malentibus,</strong></span> <span class='ocrx_word' id='word_1_478' title='bbox 2341 3219 2656 3272; x_wconf 86' lang='lat' dir='ltr'><strong>societatem</strong></span> <span class='ocrx_word' id='word_1_479' title='bbox 2699 3224 3031 3288; x_wconf 83' lang='lat' dir='ltr'><strong>persuadere</strong></span> <span class='ocrx_word' id='word_1_480' title='bbox 3077 3243 3364 3297; x_wconf 85' lang='lat' dir='ltr'><strong>nequeant.</strong></span> <span class='ocrx_word' id='word_1_481' title='bbox 3411 3233 3515 3287; x_wconf 78' lang='lat' dir='ltr'><strong>Rc-</strong></span> 
     </span>
    </p>
   </div>
   <div class='ocr_carea' id='block_1_67' title="bbox 291 3308 1897 3396">
    <p class='ocr_par' dir='ltr' id='par_1_67' title="bbox 291 3308 1852 3396">
     <span class='ocr_line' id='line_1_68' title="bbox 291 3308 1852 3396; baseline 0.007 -25"><span class='ocrx_word' id='word_1_482' title='bbox 291 3321 466 3390; x_wconf 84' lang='grc' dir='ltr'>μαίων</span> <span class='ocrx_word' id='word_1_483' title='bbox 512 3322 812 3390; x_wconf 74' lang='grc' dir='ltr'>ἠγεμονίαν</span> <span class='ocrx_word' id='word_1_484' title='bbox 866 3324 1111 3394; x_wconf 79' lang='grc' dir='ltr'>μεγάλην</span> <span class='ocrx_word' id='word_1_485' title='bbox 1173 3327 1270 3378; x_wconf 68' lang='grc' dir='ltr'>καὶ¹</span> <span class='ocrx_word' id='word_1_486' title='bbox 1321 3308 1646 3396; x_wconf 81' lang='grc' dir='ltr'>Θαυμασίων</span> <span class='ocrx_word' id='word_1_487' title='bbox 1690 3332 1852 3382; x_wconf 80' lang='grc' dir='ltr'>τινῶν</span> 
     </span>
    </p>
   </div>
   <div class='ocr_carea' id='block_1_68' title="bbox 1905 3308 3511 3396">
    <p class='ocr_par' dir='ltr' id='par_1_68' title="bbox 1956 3308 3511 3393">
     <span class='ocr_line' id='line_1_69' title="bbox 1956 3308 3511 3393; baseline 0.014 -34"><span class='ocrx_word' id='word_1_488' title='bbox 1956 3308 2272 3361; x_wconf 79' lang='lat' dir='ltr'><strong>centissime</strong></span> <span class='ocrx_word' id='word_1_489' title='bbox 2318 3311 2462 3362; x_wconf 84' lang='lat' dir='ltr'><strong>enim</strong></span> <span class='ocrx_word' id='word_1_490' title='bbox 2492 3311 2558 3364; x_wconf 91' lang='lat' dir='ltr'>ad</span> <span class='ocrx_word' id='word_1_491' title='bbox 2594 3309 2897 3370; x_wconf 87' lang='lat' dir='ltr'><strong>Orebanem</strong></span> <span class='ocrx_word' id='word_1_492' title='bbox 2935 3318 3149 3373; x_wconf 82' lang='lat' dir='ltr'><strong>Persam</strong></span> <span class='ocrx_word' id='word_1_493' title='bbox 3191 3322 3511 3393; x_wconf 79' lang='lat' dir='ltr'><strong>legationem</strong></span> 
     </span>
    </p>
   </div>
   <div class='ocr_carea' id='block_1_69' title="bbox 287 3398 1893 3491">
    <p class='ocr_par' dir='ltr' id='par_1_69' title="bbox 287 3412 1852 3491">
     <span class='ocr_line' id='line_1_70' title="bbox 287 3412 1852 3491; baseline 0.008 -30"><span class='ocrx_word' id='word_1_494' title='bbox 287 3412 741 3479; x_wconf 80' lang='grc' dir='ltr'>ἀποστεροῦντες,</span> <span class='ocrx_word' id='word_1_495' title='bbox 775 3413 836 3465; x_wconf 90' lang='grc' dir='ltr'>ού</span> <span class='ocrx_word' id='word_1_496' title='bbox 878 3415 1104 3486; x_wconf 79' lang='grc' dir='ltr'>Κράλην</span> <span class='ocrx_word' id='word_1_497' title='bbox 1133 3416 1294 3483; x_wconf 85' lang='grc' dir='ltr'>μόνον</span> <span class='ocrx_word' id='word_1_498' title='bbox 1341 3416 1568 3470; x_wconf 74' lang='grc' dir='ltr'>ἔπεισαν</span> <span class='ocrx_word' id='word_1_499' title='bbox 1607 3421 1696 3472; x_wconf 69' lang='grc' dir='ltr'>τὸν</span> <span class='ocrx_word' id='word_1_500' title='bbox 1724 3423 1852 3491; x_wconf 69' lang='grc' dir='ltr'>Τριο</span> 
     </span>
    </p>
   </div>
   <div class='ocr_carea' id='block_1_70' title="bbox 1909 3398 3515 3491">
    <p class='ocr_par' dir='ltr' id='par_1_70' title="bbox 1954 3398 3515 3486">
     <span class='ocr_line' id='line_1_71' title="bbox 1954 3398 3515 3486; baseline 0.012 -36"><span class='ocrx_word' id='word_1_501' title='bbox 1954 3398 2190 3462; x_wconf 87' lang='lat' dir='ltr'><strong>misisse,</strong></span> <span class='ocrx_word' id='word_1_502' title='bbox 2216 3401 2566 3471; x_wconf 75' lang='lat' dir='ltr'><strong>ormisseque</strong></span> <span class='ocrx_word' id='word_1_503' title='bbox 2606 3405 2902 3473; x_wconf 84' lang='lat' dir='ltr'><strong>suppetias.</strong></span> <span class='ocrx_word' id='word_1_504' title='bbox 2939 3412 3220 3477; x_wconf 88' lang='lat' dir='ltr'><strong>pecuniam</strong></span> <span class='ocrx_word' id='word_1_505' title='bbox 3246 3429 3515 3486; x_wconf 69' lang='lat' dir='ltr'><strong>pra-gran-</strong></span> 
     </span>
    </p>
   </div>
   <div class='ocr_carea' id='block_1_71' title="bbox 287 3489 1893 3580">
    <p class='ocr_par' dir='ltr' id='par_1_71' title="bbox 287 3489 1850 3580">
     <span class='ocr_line' id='line_1_72' title="bbox 287 3489 1850 3580; baseline 0.008 -27"><span class='ocrx_word' id='word_1_506' title='bbox 287 3501 468 3555; x_wconf 73' lang='grc' dir='ltr'>ϐαλῶν</span> <span class='ocrx_word' id='word_1_507' title='bbox 497 3502 786 3572; x_wconf 80' lang='grc' dir='ltr'>δυνάστην,</span> <span class='ocrx_word' id='word_1_508' title='bbox 817 3505 954 3558; x_wconf 85' lang='grc' dir='ltr'>ἀλλά</span> <span class='ocrx_word' id='word_1_509' title='bbox 982 3507 1078 3558; x_wconf 78' lang='grc' dir='ltr'>καὶ</span> <span class='ocrx_word' id='word_1_510' title='bbox 1121 3505 1468 3578; x_wconf 80' lang='grc' dir='ltr'>Ἀλέξανδρον</span> <span class='ocrx_word' id='word_1_511' title='bbox 1497 3509 1590 3562; x_wconf 83' lang='grc' dir='ltr'>τὸν</span> <span class='ocrx_word' id='word_1_512' title='bbox 1625 3489 1850 3580; x_wconf 75' lang='grc' dir='ltr'>βασιλέα</span> 
     </span>
    </p>
   </div>
   <div class='ocr_carea' id='block_1_72' title="bbox 1901 3489 3507 3580">
    <p class='ocr_par' dir='ltr' id='par_1_72' title="bbox 1950 3489 3507 3576">
     <span class='ocr_line' id='line_1_73' title="bbox 1950 3489 3507 3576; baseline 0.014 -35"><span class='ocrx_word' id='word_1_513' title='bbox 1950 3489 2070 3542; x_wconf 89' lang='lat' dir='ltr'>dem</span> <span class='ocrx_word' id='word_1_514' title='bbox 2123 3491 2464 3558; x_wconf 87' lang='lat' dir='ltr'><strong>pollicentes.</strong></span> <span class='ocrx_word' id='word_1_515' title='bbox 2517 3492 2718 3548; x_wconf 80' lang='lat' dir='ltr'><strong>Verum</strong></span> <span class='ocrx_word' id='word_1_516' title='bbox 2768 3497 2946 3566; x_wconf 90' lang='lat' dir='ltr'><strong>ipsum</strong></span> <span class='ocrx_word' id='word_1_517' title='bbox 2984 3501 3086 3555; x_wconf 86' lang='lat' dir='ltr'><strong>sibi</strong></span> <span class='ocrx_word' id='word_1_518' title='bbox 3113 3505 3300 3572; x_wconf 75' lang='lat' dir='ltr'><strong>gratis,</strong></span> <span class='ocrx_word' id='word_1_519' title='bbox 3349 3524 3507 3576; x_wconf 83' lang='lat' dir='ltr'>qqu</span> 
     </span>
    </p>
   </div>
   <div class='ocr_carea' id='block_1_73' title="bbox 287 3580 1893 3671">
    <p class='ocr_par' dir='ltr' id='par_1_73' title="bbox 287 3592 1848 3666">
     <span class='ocr_line' id='line_1_74' title="bbox 287 3592 1848 3666; baseline 0.005 -18"><span class='ocrx_word' id='word_1_520' title='bbox 287 3596 487 3648; x_wconf 85' lang='grc' dir='ltr'>Μυσῶν</span> <span class='ocrx_word' id='word_1_521' title='bbox 522 3596 670 3665; x_wconf 84' lang='grc' dir='ltr'>αὐτῷ</span> <span class='ocrx_word' id='word_1_522' title='bbox 702 3597 999 3666; x_wconf 85' lang='grc' dir='ltr'>πολεμίους</span> <span class='ocrx_word' id='word_1_523' title='bbox 1035 3592 1198 3664; x_wconf 77' lang='grc' dir='ltr'>εἶναι,</span> <span class='ocrx_word' id='word_1_524' title='bbox 1242 3599 1474 3653; x_wconf 74' lang='grc' dir='ltr'>ἕκαστον</span> <span class='ocrx_word' id='word_1_525' title='bbox 1502 3601 1626 3654; x_wconf 81' lang='grc' dir='ltr'>καθ’</span> <span class='ocrx_word' id='word_1_526' title='bbox 1658 3604 1848 3656; x_wconf 72' lang='grc' dir='ltr'>ἑαυτὸν</span> 
     </span>
    </p>
   </div>
   <div class='ocr_carea' id='block_1_74' title="bbox 1899 3580 3505 3671">
    <p class='ocr_par' dir='ltr' id='par_1_74' title="bbox 1949 3580 3505 3671">
     <span class='ocr_line' id='line_1_75' title="bbox 1949 3580 3505 3671; baseline 0.017 -39"><span class='ocrx_word' id='word_1_527' title='bbox 1949 3580 2055 3633; x_wconf 82' lang='lat' dir='ltr'><strong>illis</strong></span> <span class='ocrx_word' id='word_1_528' title='bbox 2106 3581 2331 3636; x_wconf 88' lang='lat' dir='ltr'><strong>immani</strong></span> <span class='ocrx_word' id='word_1_529' title='bbox 2389 3587 2639 3641; x_wconf 76' lang='lat' dir='ltr'><strong>mercede</strong></span> <span class='ocrx_word' id='word_1_530' title='bbox 2701 3593 2908 3646; x_wconf 88' lang='lat' dir='ltr'><strong>socium</strong></span> <span class='ocrx_word' id='word_1_531' title='bbox 2978 3611 3100 3650; x_wconf 89' lang='lat' dir='ltr'><strong>esse</strong></span> <span class='ocrx_word' id='word_1_532' title='bbox 3169 3602 3505 3671; x_wconf 62' lang='lat' dir='ltr'><strong>praeﬁgere.</strong></span> 
     </span>
    </p>
   </div>
   <div class='ocr_carea' id='block_1_75' title="bbox 283 3670 1889 3761">
    <p class='ocr_par' dir='ltr' id='par_1_75' title="bbox 283 3683 1846 3761">
     <span class='ocr_line' id='line_1_76' title="bbox 283 3683 1846 3761; baseline 0.006 -24"><span class='ocrx_word' id='word_1_533' title='bbox 283 3683 584 3755; x_wconf 80' lang='grc' dir='ltr'>ἀξιόχρεων</span> <span class='ocrx_word' id='word_1_534' title='bbox 631 3686 768 3754; x_wconf 83' lang='grc' dir='ltr'>πρὸς</span> <span class='ocrx_word' id='word_1_535' title='bbox 793 3688 976 3757; x_wconf 84' lang='grc' dir='ltr'>μάχην</span> <span class='ocrx_word' id='word_1_536' title='bbox 1010 3687 1140 3741; x_wconf 75' lang='grc' dir='ltr'>δντα</span> <span class='ocrx_word' id='word_1_537' title='bbox 1190 3689 1475 3758; x_wconf 86' lang='grc' dir='ltr'>σύμπασιν</span> <span class='ocrx_word' id='word_1_538' title='bbox 1519 3692 1660 3761; x_wconf 86' lang='grc' dir='ltr'>ὁμοῦ</span> <span class='ocrx_word' id='word_1_539' title='bbox 1712 3693 1846 3747; x_wconf 77' lang='grc' dir='ltr'>Ῥω-</span> 
     </span>
    </p>
   </div>
   <div class='ocr_carea' id='block_1_76' title="bbox 1901 3670 3507 3761">
    <p class='ocr_par' dir='ltr' id='par_1_76' title="bbox 1948 3670 3507 3754">
     <span class='ocr_line' id='line_1_77' title="bbox 1948 3670 3507 3754; baseline 0.017 -31"><span class='ocrx_word' id='word_1_540' title='bbox 1948 3670 2136 3741; x_wconf 79' lang='lat' dir='ltr'><strong>Neque</strong></span> <span class='ocrx_word' id='word_1_541' title='bbox 2180 3675 2326 3752; x_wconf 20' lang='lat' dir='ltr'><strong>[istuc</strong></span> <span class='ocrx_word' id='word_1_542' title='bbox 2359 3677 2557 3743; x_wconf 89' lang='lat' dir='ltr'><strong>solum,</strong></span> <span class='ocrx_word' id='word_1_543' title='bbox 2608 3682 2740 3750; x_wconf 92' lang='lat' dir='ltr'><strong>quin</strong></span> <span class='ocrx_word' id='word_1_544' title='bbox 2781 3693 2836 3738; x_wconf 89' lang='lat' dir='ltr'>et</span> <span class='ocrx_word' id='word_1_545' title='bbox 2875 3687 3036 3754; x_wconf 87' lang='lat' dir='ltr'><strong>paulo</strong></span> <span class='ocrx_word' id='word_1_546' title='bbox 3086 3701 3212 3745; x_wconf 84' lang='lat' dir='ltr'><strong>ante</strong></span> <span class='ocrx_word' id='word_1_547' title='bbox 3250 3670 3507 3749; x_wconf 81' lang='lat' dir='ltr'><strong>Isaacium</strong></span> 
     </span>
    </p>
   </div>
   <div class='ocr_carea' id='block_1_77' title="bbox 287 3765 1893 3848">
    <p class='ocr_par' dir='ltr' id='par_1_77' title="bbox 287 3769 1844 3848">
     <span class='ocr_line' id='line_1_78' title="bbox 287 3769 1844 3848; baseline 0.008 -25"><span class='ocrx_word' id='word_1_548' title='bbox 287 3777 491 3842; x_wconf 82' lang='grc' dir='ltr'>μαίοις,</span> <span class='ocrx_word' id='word_1_549' title='bbox 521 3775 614 3842; x_wconf 77' lang='grc' dir='ltr'>ὑφ’</span> <span class='ocrx_word' id='word_1_550' title='bbox 643 3769 718 3827; x_wconf 80' lang='grc' dir='ltr'>ὧν</span> <span class='ocrx_word' id='word_1_551' title='bbox 756 3777 892 3843; x_wconf 72' lang='grc' dir='ltr'>πρὸς</span> <span class='ocrx_word' id='word_1_552' title='bbox 922 3777 1171 3848; x_wconf 87' lang='grc' dir='ltr'>ἀνάγκην</span> <span class='ocrx_word' id='word_1_553' title='bbox 1207 3778 1302 3832; x_wconf 77' lang='grc' dir='ltr'>καὶ</span> <span class='ocrx_word' id='word_1_554' title='bbox 1331 3779 1496 3834; x_wconf 71' lang='grc' dir='ltr'>αὑτὸν</span> <span class='ocrx_word' id='word_1_555' title='bbox 1529 3781 1844 3835; x_wconf 82' lang='grc' dir='ltr'>συνελαυνό-</span> 
     </span>
    </p>
   </div>
   <div class='ocr_carea' id='block_1_78' title="bbox 1905 3765 3511 3848">
    <p class='ocr_par' dir='ltr' id='par_1_78' title="bbox 1946 3765 3511 3837">
     <span class='ocr_line' id='line_1_79' title="bbox 1946 3765 3511 3837; baseline 0.013 -22"><span class='ocrx_word' id='word_1_556' title='bbox 1946 3765 2182 3818; x_wconf 82' lang='lat' dir='ltr'><strong>Asanem</strong></span> <span class='ocrx_word' id='word_1_557' title='bbox 2214 3768 2769 3837; x_wconf 83' lang='lat' dir='ltr'><strong>panliypersebastum</strong></span> <span class='ocrx_word' id='word_1_558' title='bbox 2805 3773 2872 3826; x_wconf 86' lang='lat' dir='ltr'>ad</span> <span class='ocrx_word' id='word_1_559' title='bbox 2924 3776 3262 3831; x_wconf 91' lang='lat' dir='ltr'><strong>Sulimanum</strong></span> <span class='ocrx_word' id='word_1_560' title='bbox 3298 3779 3511 3837; x_wconf 71' lang='lat' dir='ltr'><strong>Cerasae</strong></span> 
     </span>
    </p>
   </div>
   <div class='ocr_carea' id='block_1_79' title="bbox 286 3853 1892 3944">
    <p class='ocr_par' dir='ltr' id='par_1_79' title="bbox 286 3865 1847 3944">
     <span class='ocr_line' id='line_1_80' title="bbox 286 3865 1847 3944; baseline 0.007 -29"><span class='ocrx_word' id='word_1_561' title='bbox 286 3882 468 3933; x_wconf 84' lang='grc' dir='ltr'>μενον,</span> <span class='ocrx_word' id='word_1_562' title='bbox 498 3868 563 3935; x_wconf 81' lang='grc' dir='ltr'>τῇ</span> <span class='ocrx_word' id='word_1_563' title='bbox 605 3865 894 3936; x_wconf 78' lang='grc' dir='ltr'>συμμαχίᾳ</span> <span class='ocrx_word' id='word_1_564' title='bbox 927 3869 1166 3936; x_wconf 76' lang='grc' dir='ltr'>χρῆσθαι</span> <span class='ocrx_word' id='word_1_565' title='bbox 1195 3871 1262 3939; x_wconf 78' lang='grc' dir='ltr'>τῇ</span> <span class='ocrx_word' id='word_1_566' title='bbox 1308 3869 1644 3944; x_wconf 70' lang='grc' dir='ltr'>βαρϐαρικῇο</span> <span class='ocrx_word' id='word_1_567' title='bbox 1674 3873 1758 3926; x_wconf 78' lang='grc' dir='ltr'>ἀλῐ·</span> <span class='ocrx_word' id='word_1_568' title='bbox 1772 3892 1847 3937; x_wconf 87' lang='grc' dir='ltr'>ως</span> 
     </span>
    </p>
   </div>
   <div class='ocr_carea' id='block_1_80' title="bbox 1906 3853 3512 3944">
    <p class='ocr_par' dir='ltr' id='par_1_80' title="bbox 1949 3853 3512 3937">
     <span class='ocr_line' id='line_1_81' title="bbox 1949 3853 3512 3937; baseline 0.012 -31"><span class='ocrx_word' id='word_1_569' title='bbox 1949 3853 2199 3926; x_wconf 70' lang='lat' dir='ltr'><strong>Phrygiae</strong></span> <span class='ocrx_word' id='word_1_570' title='bbox 2251 3865 2518 3927; x_wconf 82' lang='lat' dir='ltr'><strong>satrapam</strong></span> <span class='ocrx_word' id='word_1_571' title='bbox 2551 3872 2802 3930; x_wconf 74' lang='lat' dir='ltr'><strong>rogatum</strong></span> <span class='ocrx_word' id='word_1_572' title='bbox 2835 3863 3059 3929; x_wconf 86' lang='lat' dir='ltr'><strong>abiisse,</strong></span> <span class='ocrx_word' id='word_1_573' title='bbox 3093 3877 3152 3920; x_wconf 87' lang='lat' dir='ltr'>ut</span> <span class='ocrx_word' id='word_1_574' title='bbox 3182 3879 3404 3937; x_wconf 88' lang='lat' dir='ltr'><strong>accepto</strong></span> <span class='ocrx_word' id='word_1_575' title='bbox 3430 3871 3512 3925; x_wconf 92' lang='lat' dir='ltr'><strong>in-</strong></span> 
     </span>
    </p>
   </div>
   <div class='ocr_carea' id='block_1_81' title="bbox 278 3946 1884 4027">
    <p class='ocr_par' dir='ltr' id='par_1_81' title="bbox 278 3955 1845 4027">
     <span class='ocr_line' id='line_1_82' title="bbox 278 3955 1845 4027; baseline 0.007 -20"><span class='ocrx_word' id='word_1_576' title='bbox 278 3972 340 4007; x_wconf 85' lang='grc' dir='ltr'>τε</span> <span class='ocrx_word' id='word_1_577' title='bbox 377 3955 562 4022; x_wconf 69' lang='grc' dir='ltr'>σαφῶς</span> <span class='ocrx_word' id='word_1_578' title='bbox 593 3958 794 4021; x_wconf 70' lang='grc' dir='ltr'>εἰδότα,</span> <span class='ocrx_word' id='word_1_579' title='bbox 835 3957 910 4020; x_wconf 88' lang='grc' dir='ltr'>ὡς</span> <span class='ocrx_word' id='word_1_580' title='bbox 950 3959 999 4010; x_wconf 82' lang='grc' dir='ltr'>εί</span> <span class='ocrx_word' id='word_1_581' title='bbox 1041 3957 1322 4012; x_wconf 73' lang='grc' dir='ltr'>ἀπώσοιτο</span> <span class='ocrx_word' id='word_1_582' title='bbox 1369 3961 1556 4027; x_wconf 83' lang='grc' dir='ltr'>αὐτὸς,</span> <span class='ocrx_word' id='word_1_583' title='bbox 1605 3965 1845 4027; x_wconf 77' lang='grc' dir='ltr'>ἐκείνους</span> 
     </span>
    </p>
   </div>
   <div class='ocr_carea' id='block_1_82' title="bbox 1901 3946 3507 4027">
    <p class='ocr_par' dir='ltr' id='par_1_82' title="bbox 1946 3946 3507 4015">
     <span class='ocr_line' id='line_1_83' title="bbox 1946 3946 3507 4015; baseline 0.01 -18"><span class='ocrx_word' id='word_1_584' title='bbox 1946 3946 2093 4014; x_wconf 78' lang='lat' dir='ltr'><strong>genti</strong></span> <span class='ocrx_word' id='word_1_585' title='bbox 2133 3947 2306 4015; x_wconf 86' lang='lat' dir='ltr'><strong>pretio</strong></span> <span class='ocrx_word' id='word_1_586' title='bbox 2327 3948 2427 4002; x_wconf 87' lang='lat' dir='ltr'><strong>sibi</strong></span> <span class='ocrx_word' id='word_1_587' title='bbox 2455 3958 2643 4004; x_wconf 80' lang='lat' dir='ltr'><strong>contra</strong></span> <span class='ocrx_word' id='word_1_588' title='bbox 2692 3952 3133 4008; x_wconf 81' lang='lat' dir='ltr'><strong>Cantacuzenum</strong></span> <span class='ocrx_word' id='word_1_589' title='bbox 3173 3959 3336 4012; x_wconf 78' lang='lat' dir='ltr'><strong>ferret</strong></span> <span class='ocrx_word' id='word_1_590' title='bbox 3375 3964 3507 4014; x_wconf 88' lang='lat' dir='ltr'><strong>sub-</strong></span> 
     </span>
    </p>
   </div>
   <div class='ocr_carea' id='block_1_83' title="bbox 284 4037 1890 4124">
    <p class='ocr_par' dir='ltr' id='par_1_83' title="bbox 284 4047 1842 4124">
     <span class='ocr_line' id='line_1_84' title="bbox 284 4047 1842 4124; baseline 0 -25"><span class='ocrx_word' id='word_1_591' title='bbox 284 4050 659 4114; x_wconf 80' lang='grc' dir='ltr'>χρησομένους</span> <span class='ocrx_word' id='word_1_592' title='bbox 690 4047 776 4098; x_wconf 81' lang='grc' dir='ltr'>ἐπ’</span> <span class='ocrx_word' id='word_1_593' title='bbox 819 4047 1003 4099; x_wconf 86' lang='grc' dir='ltr'>αὐτόν.</span> <span class='ocrx_word' id='word_1_594' title='bbox 1057 4048 1132 4100; x_wconf 86' lang='grc' dir='ltr'>Ού</span> <span class='ocrx_word' id='word_1_595' title='bbox 1163 4049 1272 4118; x_wconf 82' lang='grc' dir='ltr'>γὰρ</span> <span class='ocrx_word' id='word_1_596' title='bbox 1315 4051 1401 4102; x_wconf 81' lang='grc' dir='ltr'>διὰ</span> <span class='ocrx_word' id='word_1_597' title='bbox 1431 4051 1490 4103; x_wconf 79' lang='grc' dir='ltr'>τὸ</span> <span class='ocrx_word' id='word_1_598' title='bbox 1539 4057 1613 4122; x_wconf 75' lang='grc' dir='ltr'>μη</span> <span class='ocrx_word' id='word_1_599' title='bbox 1656 4055 1842 4124; x_wconf 72' lang='grc' dir='ltr'>βούλε-</span> 
     </span>
    </p>
   </div>
   <div class='ocr_carea' id='block_1_84' title="bbox 1905 4037 3511 4124">
    <p class='ocr_par' dir='ltr' id='par_1_84' title="bbox 1949 4037 3511 4120">
     <span class='ocr_line' id='line_1_85' title="bbox 1949 4037 3511 4120; baseline 0.013 -30"><span class='ocrx_word' id='word_1_600' title='bbox 1949 4037 2173 4091; x_wconf 89' lang='lat' dir='ltr'><strong>sidium.</strong></span> <span class='ocrx_word' id='word_1_601' title='bbox 2206 4037 2319 4093; x_wconf 85' lang='lat' dir='ltr'>Nec</span> <span class='ocrx_word' id='word_1_602' title='bbox 2357 4041 2500 4094; x_wconf 74' lang='lat' dir='ltr'><strong>hunc</strong></span> <span class='ocrx_word' id='word_1_603' title='bbox 2528 4041 2724 4096; x_wconf 79' lang='lat' dir='ltr'><strong>ﬂexum</strong></span> <span class='ocrx_word' id='word_1_604' title='bbox 2755 4059 2896 4100; x_wconf 89' lang='lat' dir='ltr'><strong>esse.</strong></span> <span class='ocrx_word' id='word_1_605' title='bbox 2934 4048 3009 4100; x_wconf 81' lang='lat' dir='ltr'><strong>Ad</strong></span> <span class='ocrx_word' id='word_1_606' title='bbox 3036 4064 3194 4117; x_wconf 90' lang='lat' dir='ltr'><strong>quem</strong></span> <span class='ocrx_word' id='word_1_607' title='bbox 3226 4053 3511 4120; x_wconf 73' lang='lat' dir='ltr'><strong>pra-fectus</strong></span> 
     </span>
    </p>
   </div>
   <div class='ocr_carea' id='block_1_85' title="bbox 283 4129 1889 4214">
    <p class='ocr_par' dir='ltr' id='par_1_85' title="bbox 283 4135 1845 4207">
     <span class='ocr_line' id='line_1_86' title="bbox 283 4135 1845 4207; baseline 0.005 -22"><span class='ocrx_word' id='word_1_608' title='bbox 283 4135 407 4186; x_wconf 84' lang='grc' dir='ltr'>σθαι</span> <span class='ocrx_word' id='word_1_609' title='bbox 443 4135 684 4195; x_wconf 74' lang='grc' dir='ltr'>ἐκείνους</span> <span class='ocrx_word' id='word_1_610' title='bbox 717 4135 792 4203; x_wconf 79' lang='grc' dir='ltr'>μὴ</span> <span class='ocrx_word' id='word_1_611' title='bbox 827 4135 1063 4204; x_wconf 83' lang='grc' dir='ltr'>χρῆσθαι</span> <span class='ocrx_word' id='word_1_612' title='bbox 1091 4139 1205 4198; x_wconf 88' lang='grc' dir='ltr'>τοῖς</span> <span class='ocrx_word' id='word_1_613' title='bbox 1240 4137 1564 4207; x_wconf 82' lang='grc' dir='ltr'>βαρόάροις,</span> <span class='ocrx_word' id='word_1_614' title='bbox 1589 4140 1728 4193; x_wconf 81' lang='grc' dir='ltr'>ἀλλά</span> <span class='ocrx_word' id='word_1_615' title='bbox 1758 4141 1845 4193; x_wconf 71' lang='grc' dir='ltr'>διὰ</span> 
     </span>
    </p>
   </div>
   <div class='ocr_carea' id='block_1_86' title="bbox 1904 4129 3510 4214">
    <p class='ocr_par' dir='ltr' id='par_1_86' title="bbox 1946 4129 3510 4214">
     <span class='ocr_line' id='line_1_87' title="bbox 1946 4129 3510 4214; baseline 0.013 -33"><span class='ocrx_word' id='word_1_616' title='bbox 1946 4129 2180 4184; x_wconf 88' lang='lat' dir='ltr'><strong>cubiculi</strong></span> <span class='ocrx_word' id='word_1_617' title='bbox 2207 4133 2394 4185; x_wconf 86' lang='lat' dir='ltr'><strong>eadem</strong></span> <span class='ocrx_word' id='word_1_618' title='bbox 2435 4131 2502 4186; x_wconf 89' lang='lat' dir='ltr'>de</span> <span class='ocrx_word' id='word_1_619' title='bbox 2537 4148 2700 4188; x_wconf 88' lang='lat' dir='ltr'><strong>causa</strong></span> <span class='ocrx_word' id='word_1_620' title='bbox 2743 4137 3022 4204; x_wconf 80' lang='lat' dir='ltr'><strong>profectus</strong></span> <span class='ocrx_word' id='word_1_621' title='bbox 3060 4140 3148 4206; x_wconf 90' lang='lat' dir='ltr'><strong>sit,</strong></span> <span class='ocrx_word' id='word_1_622' title='bbox 3191 4151 3510 4214; x_wconf 83' lang='lat' dir='ltr'><strong>tantumth</strong></span> 
     </span>
    </p>
   </div>
   <div class='ocr_carea' id='block_1_87' title="bbox 281 4218 1887 4302">
    <p class='ocr_par' dir='ltr' id='par_1_87' title="bbox 281 4224 1844 4302">
     <span class='ocr_line' id='line_1_88' title="bbox 281 4224 1844 4302; baseline 0.006 -26"><span class='ocrx_word' id='word_1_623' title='bbox 281 4225 343 4276; x_wconf 74' lang='grc' dir='ltr'>τὸ</span> <span class='ocrx_word' id='word_1_624' title='bbox 371 4225 444 4294; x_wconf 81' lang='grc' dir='ltr'>μὴ</span> <span class='ocrx_word' id='word_1_625' title='bbox 473 4224 678 4276; x_wconf 85' lang='grc' dir='ltr'>πείθειν</span> <span class='ocrx_word' id='word_1_626' title='bbox 707 4225 970 4278; x_wconf 82' lang='grc' dir='ltr'>δύνασθαι</span> <span class='ocrx_word' id='word_1_627' title='bbox 1013 4226 1217 4295; x_wconf 80' lang='grc' dir='ltr'>μᾶλλον</span> <span class='ocrx_word' id='word_1_628' title='bbox 1251 4229 1443 4299; x_wconf 85' lang='grc' dir='ltr'>ἐκείνῳ</span> <span class='ocrx_word' id='word_1_629' title='bbox 1482 4231 1844 4302; x_wconf 77' lang='grc' dir='ltr'>αἱρουμένους</span> 
     </span>
    </p>
   </div>
   <div class='ocr_carea' id='block_1_88' title="bbox 1902 4218 3508 4302">
    <p class='ocr_par' dir='ltr' id='par_1_88' title="bbox 1947 4218 3508 4302">
     <span class='ocr_line' id='line_1_89' title="bbox 1947 4218 3508 4302; baseline 0.013 -30"><span class='ocrx_word' id='word_1_630' title='bbox 1947 4218 2212 4283; x_wconf 73' lang='lat' dir='ltr'><strong>abfuisse.</strong></span> <span class='ocrx_word' id='word_1_631' title='bbox 2249 4231 2309 4276; x_wconf 91' lang='lat' dir='ltr'>ut</span> <span class='ocrx_word' id='word_1_632' title='bbox 2338 4237 2394 4275; x_wconf 91' lang='lat' dir='ltr'>se</span> <span class='ocrx_word' id='word_1_633' title='bbox 2421 4225 2633 4277; x_wconf 77' lang='lat' dir='ltr'><strong>exorari</strong></span> <span class='ocrx_word' id='word_1_634' title='bbox 2667 4235 2966 4294; x_wconf 88' lang='lat' dir='ltr'><strong>pateretur,</strong></span> <span class='ocrx_word' id='word_1_635' title='bbox 3004 4239 3063 4285; x_wconf 89' lang='lat' dir='ltr'>ut</span> <span class='ocrx_word' id='word_1_636' title='bbox 3087 4247 3155 4287; x_wconf 92' lang='lat' dir='ltr'>ne</span> <span class='ocrx_word' id='word_1_637' title='bbox 3191 4233 3244 4286; x_wconf 92' lang='lat' dir='ltr'>in</span> <span class='ocrx_word' id='word_1_638' title='bbox 3274 4251 3508 4302; x_wconf 78' lang='lat' dir='ltr'><strong>conspe-</strong></span> 
     </span>
    </p>
   </div>
   <div class='ocr_carea' id='block_1_89' title="bbox 283 4315 1889 4392">
    <p class='ocr_par' dir='ltr' id='par_1_89' title="bbox 283 4317 1889 4392">
     <span class='ocr_line' id='line_1_90' title="bbox 283 4317 1889 4392; baseline 0.004 -24"><span class='ocrx_word' id='word_1_639' title='bbox 283 4319 618 4387; x_wconf 72' lang='grc' dir='ltr'>συμμαχεῖν.</span> <span class='ocrx_word' id='word_1_640' title='bbox 652 4317 818 4370; x_wconf 77' lang='grc' dir='ltr'>Ούπω</span> <span class='ocrx_word' id='word_1_641' title='bbox 859 4318 968 4388; x_wconf 87' lang='grc' dir='ltr'>γὰρ</span> <span class='ocrx_word' id='word_1_642' title='bbox 1011 4318 1140 4387; x_wconf 86' lang='grc' dir='ltr'>χθὲς</span> <span class='ocrx_word' id='word_1_643' title='bbox 1174 4323 1268 4372; x_wconf 73' lang='grc' dir='ltr'>καὶ</span> <span class='ocrx_word' id='word_1_644' title='bbox 1315 4323 1506 4391; x_wconf 84' lang='grc' dir='ltr'>πρώην</span> <span class='ocrx_word' id='word_1_645' title='bbox 1524 4324 1671 4392; x_wconf 59' lang='grc' dir='ltr'>,πρὸς</span> <span class='ocrx_word' id='word_1_646' title='bbox 1713 4324 1837 4392; x_wconf 85' lang='grc' dir='ltr'>Ὀρ-</span> <span class='ocrx_word' id='word_1_647' title='bbox 1882 4380 1889 4392; x_wconf 33' lang='grc' dir='ltr'><em>Α</em></span> 
     </span>
    </p>
   </div>
   <div class='ocr_carea' id='block_1_90' title="bbox 1901 4315 3507 4392">
    <p class='ocr_par' dir='ltr' id='par_1_90' title="bbox 1901 4315 3507 4392">
     <span class='ocr_line' id='line_1_91' title="bbox 1901 4315 3507 4392; baseline 0.014 -28"><span class='ocrx_word' id='word_1_648' title='bbox 1901 4380 1922 4392; x_wconf 27' lang='grc' dir='ltr'>κ</span> <span class='ocrx_word' id='word_1_649' title='bbox 1950 4323 2098 4366; x_wconf 92' lang='lat' dir='ltr'><strong>ctum</strong></span> <span class='ocrx_word' id='word_1_650' title='bbox 2127 4315 2344 4382; x_wconf 90' lang='lat' dir='ltr'><strong>quidem</strong></span> <span class='ocrx_word' id='word_1_651' title='bbox 2382 4316 2532 4370; x_wconf 87' lang='lat' dir='ltr'><strong>illum</strong></span> <span class='ocrx_word' id='word_1_652' title='bbox 2562 4319 2863 4376; x_wconf 87' lang='lat' dir='ltr'><strong>admiserit.</strong></span> <span class='ocrx_word' id='word_1_653' title='bbox 2897 4323 2992 4378; x_wconf 85' lang='lat' dir='ltr'><strong>His</strong></span> <span class='ocrx_word' id='word_1_654' title='bbox 3022 4331 3367 4384; x_wconf 87' lang='lat' dir='ltr'><strong>sermonibus</strong></span> <span class='ocrx_word' id='word_1_655' title='bbox 3391 4333 3507 4386; x_wconf 87' lang='lat' dir='ltr'><strong>dies</strong></span> 
     </span>
    </p>
   </div>
   <div class='ocr_carea' id='block_1_91' title="bbox 277 4379 1883 4478">
    <p class='ocr_par' dir='ltr' id='par_1_91' title="bbox 277 4379 1883 4478">
     <span class='ocr_line' id='line_1_92' title="bbox 277 4379 1883 4478; baseline 0.006 -23"><span class='ocrx_word' id='word_1_656' title='bbox 277 4379 450 4474; x_wconf 77' lang='grc' dir='ltr'>χάνην</span> <span class='ocrx_word' id='word_1_657' title='bbox 481 4379 574 4457; x_wconf 66' lang='grc' dir='ltr'>τὸν</span> <span class='ocrx_word' id='word_1_658' title='bbox 609 4407 823 4477; x_wconf 84' lang='grc' dir='ltr'>Πέρσην</span> <span class='ocrx_word' id='word_1_659' title='bbox 870 4379 1173 4476; x_wconf 59' lang='grc' dir='ltr'>πρεσξείαν</span> <span class='ocrx_word' id='word_1_660' title='bbox 1220 4379 1595 4478; x_wconf 54' lang='grc' dir='ltr'>πεποιημένοι,</span> <span class='ocrx_word' id='word_1_661' title='bbox 1634 4379 1841 4465; x_wconf 65' lang='grc' dir='ltr'>ἐδέοντο</span> <span class='ocrx_word' id='word_1_662' title='bbox 1875 4389 1883 4440; x_wconf 46' lang='grc' dir='ltr'><strong><em>έ</em></strong></span> 
     </span>
    </p>
   </div>
   <div class='ocr_carea' id='block_1_92' title="bbox 1901 4379 3507 4478">
    <p class='ocr_par' dir='ltr' id='par_1_92' title="bbox 1901 4380 3507 4477">
     <span class='ocr_line' id='line_1_93' title="bbox 1901 4380 3507 4477; baseline 0.012 -21"><span class='ocrx_word' id='word_1_663' title='bbox 1901 4380 2064 4463; x_wconf 72' lang='grc' dir='ltr'><strong>)111ιι.</strong></span> <span class='ocrx_word' id='word_1_664' title='bbox 2127 4416 2183 4459; x_wconf 90' lang='lat' dir='ltr'>et</span> <span class='ocrx_word' id='word_1_665' title='bbox 2237 4407 2556 4476; x_wconf 86' lang='lat' dir='ltr'><strong>plerumque</strong></span> <span class='ocrx_word' id='word_1_666' title='bbox 2617 4412 2812 4477; x_wconf 88' lang='lat' dir='ltr'><strong>noctis,</strong></span> <span class='ocrx_word' id='word_1_667' title='bbox 2870 4430 2994 4470; x_wconf 90' lang='lat' dir='ltr'>cum</span> <span class='ocrx_word' id='word_1_668' title='bbox 3049 4419 3170 4473; x_wconf 90' lang='lat' dir='ltr'><strong>luce</strong></span> <span class='ocrx_word' id='word_1_669' title='bbox 3229 4436 3293 4474; x_wconf 89' lang='lat' dir='ltr'>ac</span> <span class='ocrx_word' id='word_1_670' title='bbox 3347 4433 3507 4477; x_wconf 58' lang='lat' dir='ltr'><strong>nocte</strong></span> 
     </span>
    </p>
   </div>
   <div class='ocr_carea' id='block_1_93' title="bbox 279 4497 1885 4578">
    <p class='ocr_par' dir='ltr' id='par_1_93' title="bbox 279 4498 1848 4572">
     <span class='ocr_line' id='line_1_94' title="bbox 279 4498 1848 4572; baseline 0.006 -24"><span class='ocrx_word' id='word_1_671' title='bbox 279 4501 428 4563; x_wconf 72' lang='grc' dir='ltr'>σφίσι</span> <span class='ocrx_word' id='word_1_672' title='bbox 478 4499 808 4566; x_wconf 86' lang='grc' dir='ltr'>συμμαχεῖν,</span> <span class='ocrx_word' id='word_1_673' title='bbox 856 4498 1030 4550; x_wconf 84' lang='grc' dir='ltr'>πολλά</span> <span class='ocrx_word' id='word_1_674' title='bbox 1081 4499 1542 4569; x_wconf 76' lang='grc' dir='ltr'>ἐπαγγελλόμενοι</span> <span class='ocrx_word' id='word_1_675' title='bbox 1591 4505 1848 4572; x_wconf 79' lang='grc' dir='ltr'>παρέξειν</span> 
     </span>
    </p>
   </div>
   <div class='ocr_carea' id='block_1_94' title="bbox 1897 4497 3503 4578">
    <p class='ocr_par' dir='ltr' id='par_1_94' title="bbox 1947 4497 3503 4578">
     <span class='ocr_line' id='line_1_95' title="bbox 1947 4497 3503 4578; baseline 0.01 -31"><span class='ocrx_word' id='word_1_676' title='bbox 1947 4497 2301 4563; x_wconf 85' lang='lat' dir='ltr'><strong>sequentibus</strong></span> <span class='ocrx_word' id='word_1_677' title='bbox 2327 4508 2652 4568; x_wconf 87' lang='lat' dir='ltr'><strong>consumpta</strong></span> <span class='ocrx_word' id='word_1_678' title='bbox 2711 4511 2860 4566; x_wconf 89' lang='lat' dir='ltr'><strong>sunt,</strong></span> <span class='ocrx_word' id='word_1_679' title='bbox 2911 4503 3243 4573; x_wconf 87' lang='lat' dir='ltr'><strong>imperatore</strong></span> <span class='ocrx_word' id='word_1_680' title='bbox 3285 4512 3503 4578; x_wconf 87' lang='lat' dir='ltr'><strong>quidem</strong></span> 
     </span>
    </p>
   </div>
   <div class='ocr_carea' id='block_1_95' title="bbox 277 4589 1883 4665">
    <p class='ocr_par' dir='ltr' id='par_1_95' title="bbox 277 4589 1847 4665">
     <span class='ocr_line' id='line_1_96' title="bbox 277 4589 1847 4665; baseline 0.008 -28"><span class='ocrx_word' id='word_1_681' title='bbox 277 4591 558 4657; x_wconf 80' lang='grc' dir='ltr'>χρήματα.</span> <span class='ocrx_word' id='word_1_682' title='bbox 601 4589 706 4640; x_wconf 76' lang='grc' dir='ltr'>Τὸν</span> <span class='ocrx_word' id='word_1_683' title='bbox 746 4589 802 4642; x_wconf 81' lang='grc' dir='ltr'>δὲ</span> <span class='ocrx_word' id='word_1_684' title='bbox 853 4590 1053 4657; x_wconf 76' lang='grc' dir='ltr'>μᾶλλον</span> <span class='ocrx_word' id='word_1_685' title='bbox 1086 4591 1300 4644; x_wconf 79' lang='grc' dir='ltr'>ἑλέσθαι</span> <span class='ocrx_word' id='word_1_686' title='bbox 1329 4594 1388 4644; x_wconf 87' lang='grc' dir='ltr'>τὸ</span> <span class='ocrx_word' id='word_1_687' title='bbox 1419 4595 1611 4662; x_wconf 83' lang='grc' dir='ltr'>ἐκείνῳ</span> <span class='ocrx_word' id='word_1_688' title='bbox 1647 4600 1847 4665; x_wconf 82' lang='grc' dir='ltr'>προῖκα</span> 
     </span>
    </p>
   </div>
   <div class='ocr_carea' id='block_1_96' title="bbox 1901 4589 3507 4665">
    <p class='ocr_par' dir='ltr' id='par_1_96' title="bbox 1945 4591 3507 4658">
     <span class='ocr_line' id='line_1_97' title="bbox 1945 4591 3507 4658; baseline 0.008 -16"><span class='ocrx_word' id='word_1_689' title='bbox 1945 4598 2201 4642; x_wconf 81' lang='lat' dir='ltr'><strong>narrante</strong></span> <span class='ocrx_word' id='word_1_690' title='bbox 2231 4591 2608 4658; x_wconf 83' lang='lat' dir='ltr'><strong>probanteque</strong></span> <span class='ocrx_word' id='word_1_691' title='bbox 2649 4608 2708 4646; x_wconf 90' lang='lat' dir='ltr'>se</span> <span class='ocrx_word' id='word_1_692' title='bbox 2742 4595 2806 4648; x_wconf 90' lang='lat' dir='ltr'>ad</span> <span class='ocrx_word' id='word_1_693' title='bbox 2839 4612 2985 4650; x_wconf 88' lang='lat' dir='ltr'><strong>arma</strong></span> <span class='ocrx_word' id='word_1_694' title='bbox 3029 4601 3353 4656; x_wconf 81' lang='lat' dir='ltr'><strong>necessitate</strong></span> <span class='ocrx_word' id='word_1_695' title='bbox 3381 4605 3507 4657; x_wconf 81' lang='lat' dir='ltr'><strong>ada-</strong></span> 
     </span>
    </p>
   </div>
   <div class='ocr_carea' id='block_1_97' title="bbox 277 4669 1883 4760">
    <p class='ocr_par' dir='ltr' id='par_1_97' title="bbox 277 4679 1850 4756">
     <span class='ocr_line' id='line_1_98' title="bbox 277 4679 1850 4756; baseline 0.008 -26"><span class='ocrx_word' id='word_1_696' title='bbox 277 4683 608 4747; x_wconf 87' lang='grc' dir='ltr'>συμμαχεῖν,</span> <span class='ocrx_word' id='word_1_697' title='bbox 639 4679 672 4750; x_wconf 82' lang='grc' dir='ltr'>ἢ</span> <span class='ocrx_word' id='word_1_698' title='bbox 701 4679 870 4732; x_wconf 86' lang='grc' dir='ltr'>πολλά</span> <span class='ocrx_word' id='word_1_699' title='bbox 908 4681 1040 4748; x_wconf 82' lang='grc' dir='ltr'>παρ’</span> <span class='ocrx_word' id='word_1_700' title='bbox 1079 4683 1305 4734; x_wconf 85' lang='grc' dir='ltr'>ἐκείνων</span> <span class='ocrx_word' id='word_1_701' title='bbox 1338 4686 1596 4754; x_wconf 79' lang='grc' dir='ltr'>χρήματα</span> <span class='ocrx_word' id='word_1_702' title='bbox 1638 4687 1850 4756; x_wconf 78' lang='grc' dir='ltr'>λαμϐά-</span> 
     </span>
    </p>
   </div>
   <div class='ocr_carea' id='block_1_98' title="bbox 1898 4669 3504 4760">
    <p class='ocr_par' dir='ltr' id='par_1_98' title="bbox 1946 4669 3504 4760">
     <span class='ocr_line' id='line_1_99' title="bbox 1946 4669 3504 4760; baseline 0.008 -28"><span class='ocrx_word' id='word_1_703' title='bbox 1946 4669 2091 4732; x_wconf 86' lang='lat' dir='ltr'><strong>ctum</strong></span> <span class='ocrx_word' id='word_1_704' title='bbox 2131 4700 2142 4731; x_wconf 93' lang='lat'><strong>:</strong></span> <span class='ocrx_word' id='word_1_705' title='bbox 2186 4679 2393 4733; x_wconf 85' lang='lat' dir='ltr'><strong>Latinis</strong></span> <span class='ocrx_word' id='word_1_706' title='bbox 2431 4681 2496 4734; x_wconf 88' lang='lat' dir='ltr'>ad</span> <span class='ocrx_word' id='word_1_707' title='bbox 2520 4683 2765 4748; x_wconf 56' lang='lat' dir='ltr'><strong>quadam</strong></span> <span class='ocrx_word' id='word_1_708' title='bbox 2813 4689 3250 4752; x_wconf 89' lang='lat' dir='ltr'><strong>occurrentibus,</strong></span> <span class='ocrx_word' id='word_1_709' title='bbox 3309 4703 3362 4745; x_wconf 88' lang='lat' dir='ltr'>et</span> <span class='ocrx_word' id='word_1_710' title='bbox 3385 4711 3504 4760; x_wconf 71' lang='lat' dir='ltr'><strong>qua:</strong></span> 
     </span>
    </p>
   </div>
   <div class='ocr_carea' id='block_1_99' title="bbox 276 4769 1882 4850">
    <p class='ocr_par' dir='ltr' id='par_1_99' title="bbox 276 4771 1842 4850">
     <span class='ocr_line' id='line_1_100' title="bbox 276 4771 1842 4850; baseline 0.008 -30"><span class='ocrx_word' id='word_1_711' title='bbox 276 4787 407 4824; x_wconf 79' lang='grc' dir='ltr'>νειν.</span> <span class='ocrx_word' id='word_1_712' title='bbox 444 4773 515 4822; x_wconf 62' lang='lat' dir='ltr'>Ub</span> <span class='ocrx_word' id='word_1_713' title='bbox 551 4773 659 4840; x_wconf 72' lang='grc' dir='ltr'>μὴν</span> <span class='ocrx_word' id='word_1_714' title='bbox 716 4771 974 4825; x_wconf 72' lang='grc' dir='ltr'>ἀλλὰκαὶ</span> <span class='ocrx_word' id='word_1_715' title='bbox 1005 4775 1269 4844; x_wconf 86' lang='grc' dir='ltr'>πρότερον</span> <span class='ocrx_word' id='word_1_716' title='bbox 1297 4777 1462 4847; x_wconf 84' lang='grc' dir='ltr'>ὀλίγῳ</span> <span class='ocrx_word' id='word_1_717' title='bbox 1501 4780 1842 4850; x_wconf 71' lang='grc' dir='ltr'>τὸνἈσάνην</span> 
     </span>
    </p>
   </div>
   <div class='ocr_carea' id='block_1_100' title="bbox 1896 4769 3502 4850">
    <p class='ocr_par' dir='ltr' id='par_1_100' title="bbox 1947 4769 3502 4846">
     <span class='ocr_line' id='line_1_101' title="bbox 1947 4769 3502 4846; baseline 0.01 -25"><span class='ocrx_word' id='word_1_718' title='bbox 1947 4769 2184 4838; x_wconf 75' lang='lat' dir='ltr'><strong>Byzantii</strong></span> <span class='ocrx_word' id='word_1_719' title='bbox 2224 4771 2277 4822; x_wconf 89' lang='lat' dir='ltr'>in</span> <span class='ocrx_word' id='word_1_720' title='bbox 2301 4773 2506 4824; x_wconf 90' lang='lat' dir='ltr'><strong>crimen</strong></span> <span class='ocrx_word' id='word_1_721' title='bbox 2535 4783 2819 4839; x_wconf 85' lang='lat' dir='ltr'><strong>vocarent,</strong></span> <span class='ocrx_word' id='word_1_722' title='bbox 2851 4781 3276 4843; x_wconf 84' lang='lat' dir='ltr'><strong>producentibus</strong></span> <span class='ocrx_word' id='word_1_723' title='bbox 3301 4822 3316 4846; x_wconf 86' lang='lat'>,</span> <span class='ocrx_word' id='word_1_724' title='bbox 3351 4788 3502 4836; x_wconf 83' lang='lat' dir='ltr'><strong>dedi-</strong></span> 
     </span>
    </p>
   </div>
   <div class='ocr_carea' id='block_1_101' title="bbox 287 4859 1893 4942">
    <p class='ocr_par' dir='ltr' id='par_1_101' title="bbox 287 4863 1838 4942">
     <span class='ocr_line' id='line_1_102' title="bbox 287 4863 1838 4942; baseline 0.01 -30"><span class='ocrx_word' id='word_1_725' title='bbox 287 4863 554 4916; x_wconf 78' lang='grc' dir='ltr'>Ἰσαακιον</span> <span class='ocrx_word' id='word_1_726' title='bbox 585 4865 676 4915; x_wconf 82' lang='grc' dir='ltr'>τὸν</span> <span class='ocrx_word' id='word_1_727' title='bbox 707 4864 1225 4932; x_wconf 79' lang='grc' dir='ltr'>πανυπερσέὸαστον</span> <span class='ocrx_word' id='word_1_728' title='bbox 1258 4868 1394 4936; x_wconf 75' lang='grc' dir='ltr'>πρὸς</span> <span class='ocrx_word' id='word_1_729' title='bbox 1441 4870 1712 4942; x_wconf 83' lang='grc' dir='ltr'>Σουλιμᾶν</span> <span class='ocrx_word' id='word_1_730' title='bbox 1749 4875 1838 4927; x_wconf 84' lang='grc' dir='ltr'>τὸν</span> 
     </span>
    </p>
   </div>
   <div class='ocr_carea' id='block_1_102' title="bbox 1894 4859 3500 4942">
    <p class='ocr_par' dir='ltr' id='par_1_102' title="bbox 1949 4859 3500 4937">
     <span class='ocr_line' id='line_1_103' title="bbox 1949 4859 3500 4937; baseline 0.012 -28"><span class='ocrx_word' id='word_1_731' title='bbox 1949 4873 2108 4927; x_wconf 79' lang='lat' dir='ltr'><strong>taque</strong></span> <span class='ocrx_word' id='word_1_732' title='bbox 2165 4875 2328 4927; x_wconf 89' lang='lat' dir='ltr'><strong>opera</strong></span> <span class='ocrx_word' id='word_1_733' title='bbox 2377 4859 2815 4927; x_wconf 80' lang='lat' dir='ltr'><strong>lacundioribus,</strong></span> <span class='ocrx_word' id='word_1_734' title='bbox 2883 4874 2941 4918; x_wconf 92' lang='lat' dir='ltr'>ut</span> <span class='ocrx_word' id='word_1_735' title='bbox 3001 4868 3258 4937; x_wconf 83' lang='lat' dir='ltr'><strong>liquidius</strong></span> <span class='ocrx_word' id='word_1_736' title='bbox 3305 4878 3500 4927; x_wconf 70' lang='lat' dir='ltr'><strong>vi-riias</strong></span> 
     </span>
    </p>
   </div>
   <div class='ocr_carea' id='block_1_103' title="bbox 273 4951 2354 5028">
    <p class='ocr_par' dir='ltr' id='par_1_103' title="bbox 273 4951 2354 5028">
     <span class='ocr_line' id='line_1_104' title="bbox 273 4951 2354 5028; baseline 0.008 -22"><span class='ocrx_word' id='word_1_737' title='bbox 273 4956 506 5026; x_wconf 82' lang='grc' dir='ltr'>Καρασῆ</span> <span class='ocrx_word' id='word_1_738' title='bbox 557 4956 798 5028; x_wconf 80' lang='grc' dir='ltr'>Φρυγίας</span> <span class='ocrx_word' id='word_1_739' title='bbox 834 4957 1120 5026; x_wconf 86' lang='grc' dir='ltr'>σατράπην</span> <span class='ocrx_word' id='word_1_740' title='bbox 1149 4957 1445 5026; x_wconf 79' lang='grc' dir='ltr'>ἀφικέσθαι</span> <span class='ocrx_word' id='word_1_741' title='bbox 1481 4963 1576 5014; x_wconf 79' lang='grc' dir='ltr'>καὶ</span> <span class='ocrx_word' id='word_1_742' title='bbox 1627 4965 1836 5021; x_wconf 79' lang='grc' dir='ltr'>δεῖσθαι</span> <span class='ocrx_word' id='word_1_743' title='bbox 1942 4951 2354 5020; x_wconf 58' lang='grc' dir='ltr'>οοιυΡθητοιυΓο</span> 
     </span>
    </p>
   </div>
   <div class='ocr_carea' id='block_1_104' title="bbox 273 5047 3502 5141">
    <p class='ocr_par' dir='ltr' id='par_1_104' title="bbox 273 5047 3502 5141">
     <span class='ocr_line' id='line_1_105' title="bbox 273 5047 3502 5141; baseline 0.012 -46"><span class='ocrx_word' id='word_1_744' title='bbox 273 5047 439 5098; x_wconf 82' lang='grc' dir='ltr'>αὑτοῦ</span> <span class='ocrx_word' id='word_1_745' title='bbox 469 5049 727 5118; x_wconf 75' lang='grc' dir='ltr'>χρήματα</span> <span class='ocrx_word' id='word_1_746' title='bbox 763 5048 934 5102; x_wconf 84' lang='grc' dir='ltr'>πολλὰ</span> <span class='ocrx_word' id='word_1_747' title='bbox 968 5047 1203 5102; x_wconf 79' lang='grc' dir='ltr'>λαϐόντα</span> <span class='ocrx_word' id='word_1_748' title='bbox 1239 5056 1581 5122; x_wconf 78' lang='grc' dir='ltr'>συμμαχεῖν</span> <span class='ocrx_word' id='word_1_749' title='bbox 1627 5057 1715 5109; x_wconf 85' lang='grc' dir='ltr'>ἐπ’</span> <span class='ocrx_word' id='word_1_750' title='bbox 1778 5062 1985 5117; x_wconf 86' lang='grc' dir='ltr'>ἐκεῖνον</span> <span class='ocrx_word' id='word_1_751' title='bbox 2023 5078 2039 5096; x_wconf 78' lang='grc' dir='ltr'><strong>ο</strong></span> <span class='ocrx_word' id='word_1_752' title='bbox 2083 5062 2174 5114; x_wconf 76' lang='grc' dir='ltr'>τὸν</span> <span class='ocrx_word' id='word_1_753' title='bbox 2201 5063 2256 5115; x_wconf 86' lang='grc' dir='ltr'>δέ</span> <span class='ocrx_word' id='word_1_754' title='bbox 2303 5065 2437 5134; x_wconf 85' lang='grc' dir='ltr'>μηδὲ</span> <span class='ocrx_word' id='word_1_755' title='bbox 2483 5067 2646 5122; x_wconf 75' lang='grc' dir='ltr'>αὐτὸν</span> <span class='ocrx_word' id='word_1_756' title='bbox 2680 5063 3003 5136; x_wconf 78' lang='grc' dir='ltr'>πεπεῖσθαι.</span> <span class='ocrx_word' id='word_1_757' title='bbox 3061 5075 3168 5126; x_wconf 82' lang='grc' dir='ltr'>Καὶ</span> <span class='ocrx_word' id='word_1_758' title='bbox 3213 5073 3369 5141; x_wconf 80' lang='grc' dir='ltr'>αὖθις</span> <span class='ocrx_word' id='word_1_759' title='bbox 3413 5081 3502 5134; x_wconf 71' lang='grc' dir='ltr'>τὸν</span> 
     </span>
    </p>
   </div>
   <div class='ocr_carea' id='block_1_105' title="bbox 270 5141 3499 5233">
    <p class='ocr_par' dir='ltr' id='par_1_105' title="bbox 270 5141 3499 5233">
     <span class='ocr_line' id='line_1_106' title="bbox 270 5141 3499 5233; baseline 0.011 -44"><span class='ocrx_word' id='word_1_760' title='bbox 270 5141 772 5208; x_wconf 85' lang='grc' dir='ltr'>παρακοιμώμενον</span> <span class='ocrx_word' id='word_1_761' title='bbox 821 5143 920 5211; x_wconf 81' lang='grc' dir='ltr'>τῆς</span> <span class='ocrx_word' id='word_1_762' title='bbox 971 5143 1139 5212; x_wconf 76' lang='grc' dir='ltr'>αὐτῆς</span> <span class='ocrx_word' id='word_1_763' title='bbox 1183 5143 1348 5197; x_wconf 75' lang='grc' dir='ltr'>ἕνεκα</span> <span class='ocrx_word' id='word_1_764' title='bbox 1423 5150 1603 5210; x_wconf 86' lang='grc' dir='ltr'>αἰτίας</span> <span class='ocrx_word' id='word_1_765' title='bbox 1653 5151 1744 5203; x_wconf 78' lang='grc' dir='ltr'>ἐπὶ</span> <span class='ocrx_word' id='word_1_766' title='bbox 1795 5155 1885 5208; x_wconf 73' lang='grc' dir='ltr'>τὸν</span> <span class='ocrx_word' id='word_1_767' title='bbox 1923 5155 2084 5210; x_wconf 76' lang='grc' dir='ltr'>αὐτὸν</span> <span class='ocrx_word' id='word_1_768' title='bbox 2166 5155 2360 5208; x_wconf 81' lang='grc' dir='ltr'>ἐλθεῖν·</span> <span class='ocrx_word' id='word_1_769' title='bbox 2419 5157 2510 5210; x_wconf 83' lang='grc' dir='ltr'>τὸν</span> <span class='ocrx_word' id='word_1_770' title='bbox 2561 5159 2619 5212; x_wconf 78' lang='grc' dir='ltr'>δὲ</span> <span class='ocrx_word' id='word_1_771' title='bbox 2678 5162 2933 5216; x_wconf 86' lang='grc' dir='ltr'>τοσοῦτον</span> <span class='ocrx_word' id='word_1_772' title='bbox 2977 5166 3166 5233; x_wconf 74' lang='grc' dir='ltr'>δεῆσαι</span> <span class='ocrx_word' id='word_1_773' title='bbox 3218 5170 3499 5227; x_wconf 76' lang='grc' dir='ltr'>πείθεσθαι</span> 
     </span>
    </p>
   </div>
   <div class='ocr_carea' id='block_1_106' title="bbox 272 5230 3499 5336">
    <p class='ocr_par' dir='ltr' id='par_1_106' title="bbox 272 5230 3499 5336">
     <span class='ocr_line' id='line_1_107' title="bbox 272 5230 3499 5336; baseline 0.011 -57"><span class='ocrx_word' id='word_1_774' title='bbox 272 5231 442 5298; x_wconf 79' lang='grc' dir='ltr'>αύτῷ,</span> <span class='ocrx_word' id='word_1_775' title='bbox 464 5230 591 5283; x_wconf 84' lang='grc' dir='ltr'>ὥστ’</span> <span class='ocrx_word' id='word_1_776' title='bbox 618 5233 738 5284; x_wconf 75' lang='grc' dir='ltr'>οὐδὲ</span> <span class='ocrx_word' id='word_1_777' title='bbox 762 5234 890 5296; x_wconf 84' lang='grc' dir='ltr'>θέας</span> <span class='ocrx_word' id='word_1_778' title='bbox 913 5236 1042 5302; x_wconf 87' lang='grc' dir='ltr'>γοῦν</span> <span class='ocrx_word' id='word_1_779' title='bbox 1077 5235 1239 5305; x_wconf 71' lang='grc' dir='ltr'>ψιλῆς</span> <span class='ocrx_word' id='word_1_780' title='bbox 1263 5238 1577 5306; x_wconf 76' lang='grc' dir='ltr'>ἠξιωκέναι.</span> <span class='ocrx_word' id='word_1_781' title='bbox 1617 5242 1830 5315; x_wconf 83' lang='grc' dir='ltr'>Ἑκείνη</span> <span class='ocrx_word' id='word_1_782' title='bbox 1876 5249 1973 5316; x_wconf 70' lang='grc' dir='ltr'>μὲν</span> <span class='ocrx_word' id='word_1_783' title='bbox 2005 5245 2152 5316; x_wconf 73' lang='grc' dir='ltr'>οὒνὴ</span> <span class='ocrx_word' id='word_1_784' title='bbox 2188 5247 2370 5316; x_wconf 81' lang='grc' dir='ltr'>ἡμέρα</span> <span class='ocrx_word' id='word_1_785' title='bbox 2416 5249 2509 5301; x_wconf 75' lang='grc' dir='ltr'>καὶ</span> <span class='ocrx_word' id='word_1_786' title='bbox 2551 5252 2650 5304; x_wconf 71' lang='grc' dir='ltr'>οὐκ</span> <span class='ocrx_word' id='word_1_787' title='bbox 2682 5253 2862 5322; x_wconf 84' lang='grc' dir='ltr'>ὀλίγον</span> <span class='ocrx_word' id='word_1_788' title='bbox 2893 5258 2989 5324; x_wconf 81' lang='grc' dir='ltr'>τῆς</span> <span class='ocrx_word' id='word_1_789' title='bbox 3033 5230 3246 5324; x_wconf 74' lang='grc' dir='ltr'>νυκτὸς,</span> <span class='ocrx_word' id='word_1_790' title='bbox 3306 5264 3399 5314; x_wconf 72' lang='grc' dir='ltr'>καὶ</span> <span class='ocrx_word' id='word_1_791' title='bbox 3465 5269 3499 5336; x_wconf 75' lang='grc' dir='ltr'>η</span> 
     </span>
    </p>
   </div>
   <div class='ocr_carea' id='block_1_107' title="bbox 270 5327 3496 5426">
    <p class='ocr_par' dir='ltr' id='par_1_107' title="bbox 270 5327 3496 5426">
     <span class='ocr_line' id='line_1_108' title="bbox 270 5327 3496 5426; baseline 0.011 -50"><span class='ocrx_word' id='word_1_792' title='bbox 270 5327 502 5380; x_wconf 76' lang='grc' dir='ltr'>ἐπιοῦσα</span> <span class='ocrx_word' id='word_1_793' title='bbox 551 5328 731 5399; x_wconf 79' lang='grc' dir='ltr'>ἡμέρα</span> <span class='ocrx_word' id='word_1_794' title='bbox 774 5331 870 5381; x_wconf 80' lang='grc' dir='ltr'>καὶ</span> <span class='ocrx_word' id='word_1_795' title='bbox 926 5331 1024 5395; x_wconf 79' lang='grc' dir='ltr'>νὺξ</span> <span class='ocrx_word' id='word_1_796' title='bbox 1069 5333 1270 5402; x_wconf 87' lang='grc' dir='ltr'>ὁμοίως</span> <span class='ocrx_word' id='word_1_797' title='bbox 1317 5333 1557 5389; x_wconf 82' lang='grc' dir='ltr'>ἀνάλωτο</span> <span class='ocrx_word' id='word_1_798' title='bbox 1613 5341 1670 5392; x_wconf 86' lang='grc' dir='ltr'>ὲν</span> <span class='ocrx_word' id='word_1_799' title='bbox 1723 5345 1834 5403; x_wconf 80' lang='grc' dir='ltr'>τοῖς</span> <span class='ocrx_word' id='word_1_800' title='bbox 1872 5344 2154 5407; x_wconf 86' lang='grc' dir='ltr'>τοιούτοις,</span> <span class='ocrx_word' id='word_1_801' title='bbox 2187 5342 2453 5412; x_wconf 83' lang='grc' dir='ltr'>βασιλέως</span> <span class='ocrx_word' id='word_1_802' title='bbox 2520 5348 2616 5416; x_wconf 79' lang='grc' dir='ltr'>μὲν</span> <span class='ocrx_word' id='word_1_803' title='bbox 2645 5350 2710 5402; x_wconf 71' lang='grc' dir='ltr'>τὰ</span> <span class='ocrx_word' id='word_1_804' title='bbox 2771 5353 2891 5403; x_wconf 79' lang='grc' dir='ltr'>κατ’</span> <span class='ocrx_word' id='word_1_805' title='bbox 2925 5353 3086 5405; x_wconf 80' lang='grc' dir='ltr'>αὑτὸν</span> <span class='ocrx_word' id='word_1_806' title='bbox 3119 5355 3496 5426; x_wconf 83' lang='grc' dir='ltr'>διηγουμένου,</span> 
     </span>
    </p>
   </div>
   <div class='ocr_carea' id='block_1_108' title="bbox 272 5415 3498 5514">
    <p class='ocr_par' dir='ltr' id='par_1_108' title="bbox 272 5415 3498 5514">
     <span class='ocr_line' id='line_1_109' title="bbox 272 5415 3498 5514; baseline 0.01 -48"><span class='ocrx_word' id='word_1_807' title='bbox 272 5415 370 5467; x_wconf 81' lang='grc' dir='ltr'>καὶ</span> <span class='ocrx_word' id='word_1_808' title='bbox 422 5417 842 5502; x_wconf 72' lang='grc' dir='ltr'>ἀποδεικνύντος</span> <span class='ocrx_word' id='word_1_809' title='bbox 891 5421 1105 5486; x_wconf 71' lang='grc' dir='ltr'>ἐαυτὸν,</span> <span class='ocrx_word' id='word_1_810' title='bbox 1180 5426 1394 5496; x_wconf 84' lang='grc' dir='ltr'>ἀνάγκῃ</span> <span class='ocrx_word' id='word_1_811' title='bbox 1433 5429 1568 5496; x_wconf 64' lang='grc' dir='ltr'>πρὸς</span> <span class='ocrx_word' id='word_1_812' title='bbox 1638 5431 1730 5484; x_wconf 74' lang='grc' dir='ltr'>τὸν</span> <span class='ocrx_word' id='word_1_813' title='bbox 1775 5435 2015 5505; x_wconf 88' lang='grc' dir='ltr'>πόλεμον</span> <span class='ocrx_word' id='word_1_814' title='bbox 2083 5437 2403 5504; x_wconf 75' lang='grc' dir='ltr'>φερόμενον,</span> <span class='ocrx_word' id='word_1_815' title='bbox 2448 5415 2557 5490; x_wconf 80' lang='grc' dir='ltr'>τῶν</span> <span class='ocrx_word' id='word_1_816' title='bbox 2597 5441 2842 5494; x_wconf 87' lang='grc' dir='ltr'>Λατίνων</span> <span class='ocrx_word' id='word_1_817' title='bbox 2872 5443 2929 5494; x_wconf 84' lang='grc' dir='ltr'>δὲ</span> <span class='ocrx_word' id='word_1_818' title='bbox 2974 5415 3362 5514; x_wconf 61' lang='grc' dir='ltr'>ἀντιλεγοντιύν</span> <span class='ocrx_word' id='word_1_819' title='bbox 3409 5415 3498 5500; x_wconf 58' lang='lat' dir='ltr'><strong>im;</strong></span> 
     </span>
    </p>
   </div>
   <div class='ocr_carea' id='block_1_109' title="bbox 269 5513 3498 5608">
    <p class='ocr_par' dir='ltr' id='par_1_109' title="bbox 269 5513 3498 5608">
     <span class='ocr_line' id='line_1_110' title="bbox 269 5513 3498 5608; baseline 0.011 -44"><span class='ocrx_word' id='word_1_820' title='bbox 269 5513 458 5575; x_wconf 78' lang='grc' dir='ltr'>ἐνίοις,</span> <span class='ocrx_word' id='word_1_821' title='bbox 509 5515 604 5566; x_wconf 76' lang='grc' dir='ltr'>καὶ</span> <span class='ocrx_word' id='word_1_822' title='bbox 636 5515 672 5568; x_wconf 74' lang='grc' dir='ltr'>ἃ.</span> <span class='ocrx_word' id='word_1_823' title='bbox 703 5515 753 5565; x_wconf 78' lang='lat' dir='ltr'>oi.</span> <span class='ocrx_word' id='word_1_824' title='bbox 795 5517 852 5566; x_wconf 79' lang='grc' dir='ltr'>ἐν</span> <span class='ocrx_word' id='word_1_825' title='bbox 883 5517 1161 5590; x_wconf 76' lang='grc' dir='ltr'>Βυζαντίῳ</span> <span class='ocrx_word' id='word_1_826' title='bbox 1196 5522 1520 5590; x_wconf 84' lang='grc' dir='ltr'>ἐγκαλοῦσιν</span> <span class='ocrx_word' id='word_1_827' title='bbox 1545 5526 1876 5594; x_wconf 64' lang='grc' dir='ltr'>ἐπαγόντων,</span> <span class='ocrx_word' id='word_1_828' title='bbox 1915 5532 2008 5584; x_wconf 78' lang='grc' dir='ltr'>καὶ</span> <span class='ocrx_word' id='word_1_829' title='bbox 2047 5530 2455 5601; x_wconf 77' lang='grc' dir='ltr'>γυμναζόντων,</span> <span class='ocrx_word' id='word_1_830' title='bbox 2491 5534 2566 5598; x_wconf 83' lang='grc' dir='ltr'>ὡς</span> <span class='ocrx_word' id='word_1_831' title='bbox 2612 5537 2845 5604; x_wconf 83' lang='grc' dir='ltr'>μάλιστα</span> <span class='ocrx_word' id='word_1_832' title='bbox 2901 5539 2990 5590; x_wconf 73' lang='grc' dir='ltr'>τὸν</span> <span class='ocrx_word' id='word_1_833' title='bbox 3043 5513 3222 5608; x_wconf 85' lang='grc' dir='ltr'>λόγον,</span> <span class='ocrx_word' id='word_1_834' title='bbox 3273 5544 3361 5598; x_wconf 77' lang='grc' dir='ltr'>ἵνα</span> <span class='ocrx_word' id='word_1_835' title='bbox 3402 5546 3498 5598; x_wconf 85' lang='grc' dir='ltr'>τά-</span> 
     </span>
    </p>
   </div>
   <div class='ocr_carea' id='block_1_110' title="bbox 263 5607 1151 5684">
    <p class='ocr_par' dir='ltr' id='par_1_110' title="bbox 263 5607 1151 5684">
     <span class='ocr_line' id='line_1_111' title="bbox 263 5607 1151 5684; baseline 0.007 -24"><span class='ocrx_word' id='word_1_836' title='bbox 263 5607 432 5678; x_wconf 75' lang='grc' dir='ltr'>ληθὲς</span> <span class='ocrx_word' id='word_1_837' title='bbox 467 5611 542 5680; x_wconf 84' lang='grc' dir='ltr'>μὴ</span> <span class='ocrx_word' id='word_1_838' title='bbox 567 5612 848 5680; x_wconf 78' lang='grc' dir='ltr'>διαδρᾶναι</span> <span class='ocrx_word' id='word_1_839' title='bbox 875 5613 1126 5684; x_wconf 86' lang='grc' dir='ltr'>δυνηθείη</span> <span class='ocrx_word' id='word_1_840' title='bbox 1149 5662 1151 5666; x_wconf 90' lang='grc'>.</span> 
     </span>
    </p>
   </div>
   <div class='ocr_carea' id='block_1_111' title="bbox 514 5743 2120 5856">
    <p class='ocr_par' dir='ltr' id='par_1_111' title="bbox 514 5766 1217 5838">
     <span class='ocr_line' id='line_1_112' title="bbox 514 5766 1217 5838; baseline 0.021 -15"><span class='ocrx_word' id='word_1_841' title='bbox 514 5766 632 5825; x_wconf 71' lang='lat' dir='ltr'>Pu</span> <span class='ocrx_word' id='word_1_842' title='bbox 650 5786 792 5828; x_wconf 67' lang='grc' dir='ltr'>ποι..</span> <span class='ocrx_word' id='word_1_843' title='bbox 845 5771 960 5831; x_wconf 66' lang='lat' dir='ltr'><strong>Gn.</strong></span> <span class='ocrx_word' id='word_1_844' title='bbox 1013 5772 1217 5838; x_wconf 64' lang='lat' dir='ltr'><strong>CLTll.</strong></span> 
     </span>
    </p>
   </div>
   <div class='ocr_carea' id='block_1_112' title="bbox 1656 5743 3262 5856">
    <p class='ocr_par' dir='ltr' id='par_1_112' title="bbox 2631 5743 3262 5856">
     <span class='ocr_line' id='line_1_113' title="bbox 2631 5743 3262 5856; baseline 0.005 -95"><span class='ocrx_word' id='word_1_845' title='bbox 3084 5825 3088 5830; x_wconf 1' lang='grc' dir='ltr'>χ</span> <span class='ocrx_word' id='word_1_846' title='bbox 3185 5794 3262 5856; x_wconf 59' lang='lat'>38</span> 
     </span>
    </p>
   </div>
  </div>
