4066 6298
330 365 453 434 119⁸1

1448 347 1993 412 HISTORIARUM
2029 349 2261 410 LIBER
2296 350 2407 414 Ill.

3428 345 3565 413 “98

324 506 449 564 Νυνί
474 500 532 556 δέ
568 514 663 573 μοι
689 491 1004 565 τούναντίον
1031 490 1178 547 ἆπαν
1219 487 1507 558 περιέστη.
1539 486 1667 550 Τοῖς
1696 484 1889 558 τεγάρ

2009 485 2119 542 licii
2152 487 2443 560 exprobro.
2475 484 2541 541 Et
2577 488 2690 557 jam
2739 458 3082 548 immutatus,
3137 501 3203 541 ex
3256 485 3479 541 inimico
3510 492 3568 541 et

325 591 758 667 ἐγκωμιάζουσιν
785 587 1017 648 ἐκείνοις
1047 582 1150 637 οὐκ
1171 580 1334 649 ὀλίγα
1374 579 1688 651 μέμφομαι.
1716 576 1793 641 ὥς
1815 575 1887 663 ,τὸ

325 687 448 742 πολὺ
485 680 901 752 συγκρύπτουσι
949 674 1061 730 τῶν
1097 671 1341 742 ἀγαθῶν,
1377 668 1473 724 καὶ
1526 667 1752 740 ἰμαυτῷ
1784 668 1888 736 τῆς

325 776 585 851 ἀκρισίας.
625 774 737 828 Καὶ
768 770 835 841 δὴ
873 765 1195 839 μεταϐαλὼν
1222 763 1343 817 ἀντὶ
1373 759 1690 851 ἐχθροῦ-καί
1719 774 1888 851 κατηῗ

325 847 499 939 γάρου,
550 863 660 917 τῶν
690 878 751 914 τε
800 860 1041 931 μάλιστα
1085 852 1392 925 γεγένημαι
1429 849 1750 922 φιλούντων,
1793 847 1888 902 καὶ

328 959 530 1016 πολλῶν
560 958 653 1010 καί
686 950 1012 1023 θαυμασίων
1043 947 1153 1002 τῶν
1188 945 1427 999 ἐπαίνων
1464 941 1670 1014 κρίνων
1715 940 1889 1008 ἀξιον,

325 1052 380 1105 οὐ
409 1047 563 1117 παρά
599 1042 899 1112 Ῥωμαίοις
934 1037 1257 1108 διατρίϐων,
1288 1032 1425 1088 ἀλλά
1454 1033 1552 1086 καί
1597 1030 1889 1101 γενόμενος

328 1143 399 1204 εἰς
441 1137 695 1201 Ἰταλίαν,
724 1134 913 1203 ὥσπερ
948 1127 1274 1202 μετ’ὁλίγον
1307 1125 1514 1194 οἰομαι,
1536 1121 1636 1194 τὴν
1658 1120 1893 1192 προσοῦ⁴

330 1248 419 1286 σαν
452 1226 847 1300 μεγαλοφυῖαν,
875 1223 971 1276 καὶ
1021 1220 1122 1289 τήν
1165 1212 1616 1285 εὐγνωμοσύνην,
1650 1210 1748 1264 καὶ
1788 1208 1890 1300 τήν

328 1298 735 1390 ίπιτηδειὸτητα
760 1312 896 1383 πρὸς
930 1311 999 1367 τά
1034 1306 1179 1364 καλά
1201 1304 1424 1377 κηρύξω
1455 1302 1588 1357 πᾶσι
1616 1298 1889 1390 φανερῶς.

330 1389 595 1482 Περίμὲν
625 1406 719 1461 οὖν
762 1405 867 1457 τῶν
919 1401 1063 1456 κατά
1120 1399 1213 1453 τὸν
1265 1396 1503 1467 πόλεμον
1535 1393 1788 1482 ἁπάντων
1815 1389 1892 1482 ᾡς

327 1480 484 1567 εὐθὺς
515 1494 574 1566 ἐξ
602 1495 780 1567 ἀρχῆς
808 1496 937 1565 ἄχρι
964 1491 1062 1544 νῦν
1108 1486 1376 1558 οὐδεμίαν
1415 1487 1694 1556 πρόφασιν
1732 1480 1893 1542 αύτδς

330 1565 623 1665 παρέσχες.
791 1587 941 1641 ἄκων
967 1583 1061 1635 ὲπί
1089 1580 1263 1635 ταῦτα
1287 1577 1425 1650 πρὸς
1452 1575 1563 1630 τῶν
1595 1571 1895 1665 πολεμούν-

327 1662 429 1739 των
456 1679 697 1749 συνωθῇ.
732 1672 1036 1744 πέπεισμαι
1066 1688 1124 1725 τε
1164 1667 1433 1749 ἀκριϐῶς,
1486 1667 1581 1720 καὶ
1612 1664 1754 1749 πρὸς
1804 1662 1899 1716 ἀλ-

1993 588 2313 634 aceusatore
2356 578 2505 637 evasi
2550 579 2940 645 amicissimus,
2976 591 3138 652 teque
3181 577 3457 651 praelaris
3483 577 3568 633 di-

1991 686 2156 743 gnum
2178 669 2431 727 laudibus
2459 669 2646 741 judico
2681 689 2695 727 :
2737 686 2843 726 nec
2892 673 3067 727 solum
3127 667 3370 741 quandiu
3420 665 3593 738 apud-

1995 758 2271 817 Romanos
2295 778 2438 828 sum,
2463 763 2556 818 sed
2600 762 2654 817 in
2695 761 2848 817 Italia
2880 776 3119 833 quoque,
3152 776 3261 832 quo
3293 758 3447 814 brevi
3481 771 3569 813 me

1995 852 2368 925 profecturum
2444 854 2638 922 opinor
2669 894 2685 919 ,
2748 853 3092 909 altitudinem
3150 859 3207 907 et
3255 849 3569 919 aequitatem

1995 941 2164 998 animi
2214 944 2314 1007 tui,
2379 953 2436 999 et
2471 946 2538 999 ad
2594 961 2682 1001 res
2739 947 2982 1016 egregias
3019 952 3271 998 naturam
3319 941 3569 999 idoneam

1994 1033 2138 1105 apud
2167 1049 2359 1090 omnes
2420 1036 2593 1105 palam
2655 1036 3054 1107 depraedieabo.
3107 1034 3259 1104 Quod
3310 1033 3475 1105 igitur
3501 1018 3569 1087 ad

1999 1126 2197 1180 bellum
2230 1126 2447 1193 attinet,
2468 1143 2498 1182 a
2517 1127 2788 1200 principio
2818 1131 3099 1199 hucusque
3122 1127 3326 1182 nullam
3352 1123 3579 1205 penitus

1993 1232 2216 1273 causam
2247 1219 2364 1288 ipse
2395 1221 2674 1290 praebuisti
2710 1260 2727 1286 ,
2755 1222 2924 1293 638
2945 1222 3039 1276 sed
3062 1222 3266 1276 invitus
3296 1220 3367 1275 ab
3393 1220 3572 1275 hosti-

1998 1306 2102 1364 bus
2131 1311 2197 1363 ad
2228 1325 2382 1364 arma
2407 1312 2720 1383 compulsus
2747 1328 2842 1378 es;
2900 1312 3046 1382 quod
3076 1313 3211 1368 mihi
3239 1313 3402 1383 plane
3458 1327 3575 1380 per-

1999 1397 2224 1462 suadeo,
2259 1407 2316 1453 et
2348 1401 2402 1453 id
2428 1398 2570 1470 apud
2607 1400 2745 1456 alios
2771 1416 2871 1471 pro
2907 1410 2960 1457 te
2986 1402 3234 1457 conﬁteri
3272 1417 3382 1456 non
3411 1400 3574 1456 dubi-

1999 1487 2144 1542 tabo.
2169 1487 2304 1557 Quia
2334 1504 2467 1544 vero
2535 1491 2602 1546 de
2654 1486 2914 1562 omnibus
2960 1507 3081 1562 quas
3115 1492 3379 1548 vellemus
3401 1491 3576 1546 libere

2000 1579 2323 1651 interrogari
2353 1591 2402 1635 te
2419 1581 2793 1652 jussisti,quis
2822 1592 2928 1648 est,
2949 1599 3158 1655 quaeso,
3182 1593 3307 1639 tuus
3329 1599 3476 1639 nunc
3505 1581 3577 1639 de

2000 1688 2135 1745 pace
2165 1675 2401 1729 sensus?
2425 1691 2493 1729 an
2522 1675 2569 1731 si
2593 1675 2672 1729 illi
2707 1692 2924 1746 aequum
2965 1677 3353 1746 respondeant,
3387 1692 3577 1748 prom-

327 1776 448 1838 λους
489 1771 628 1843 ὑπὲρ
666 1768 761 1822 σοῦ
810 1763 1154 1837 διαλεχθείην
1203 1762 1272 1816 ἀν
1307 1758 1490 1822 αὑτός.
1536 1756 1693 1811 Ἐπεὶ
1719 1754 1764 1808 δ’
1799 1754 1898 1808 αὒ-

2009 1777 2094 1835 pte
2127 1780 2246 1820 eam
2274 1766 2456 1822 coles?
2490 1783 2561 1822 an
2606 1782 2799 1822 eorum
2840 1767 3166 1838 improbitas
3196 1770 3347 1831 facit,
3381 1777 3441 1822 ut
3480 1784 3581 1838 pa-

325 1866 414 1930 τὸς
444 1863 737 1924 ἰκέλευσας
769 1858 899 1928 περί
929 1857 1168 1914 πάντων,
1198 1845 1274 1906 ὢν
1301 1848 1370 1904 ἀν
1408 1848 1663 1918 θέλοιμεν
1692 1845 1897 1900 πυνθά-

2009 1854 2323 1913 ciiieationis
2359 1871 2511 1926 spem
2542 1871 2764 1912 onmem
2813 1857 3106 1928 repudies?
3154 1860 3458 1930 imperator
3509 1859 3579 1912 li-

328 1957 512 2015 νεσθαί
542 1972 636 2010 σου
670 1952 864 2016 ἀδεῶς,
891 1947 946 2003 τί
975 1946 1107 2019 περί
1143 1944 1241 2015 τῆς
1271 1943 1499 2014 εἰρήνης
1541 1940 1639 1994 νῦν
1665 1939 1851 2011 διανοῇ
1878 1955 1897 2008 ;

2009 1946 2268 2001 hcrtatcm
2315 1947 2441 2009 viri,
2492 1946 2876 2019 integrumque
2932 1963 2997 2003 ac
3051 1964 3239 2002 verum
3290 1948 3359 2004 de
3414 1949 3578 2003 rebus

332 2047 415 2122 ἆρ’
442 2048 674 2116 ἑτοίμως
725 2043 869 2113 ἔχεις
921 2039 1056 2110 apii;
1090 2037 1284 2107 αὐτὴν,
1340 2034 1392 2124 ες
1434 2048 1582 2096 τινος
1621 2030 1899 2124 ἐπιεικοῦς

2009 2035 2264 2104 iudicium
2303 2036 2553 2103 laudans,
2588 2046 2646 2091 et
2671 2051 2731 2092 se
2763 2043 2986 2108 propter
3033 2038 3375 2107 prudentiam
3414 2047 3470 2093 et
3497 2038 3580 2092 in-

328 2121 620 2208 ἀπολογίας
648 2133 909 2206 τύχοις,ἦ
943 2129 1082 2203 πρὸς
1110 2129 1209 2199 τήν
1240 2121 1464 2195 ἐκείνων
1501 2121 1904 2194 ἀγνωμοσύνην

2009 2128 2220 2199 genium
2249 2128 2317 2182 ad
2351 2127 2611 2182 virtutem
2642 2140 2829 2184 natum
2883 2127 3165 2184 redamare
3205 2129 3356 2201 illium
3389 2130 3581 2185 testiﬁ-

331 2229 680 2285 παντάπασιν
710 2226 962 2293 ἀπέγνως
997 2223 1133 2290 πρὸς
1164 2217 1263 2282 τὰς
1294 2216 1569 2277 διαλύσεις
1596 2214 1690 2269 καὶ
1714 2214 1896 2277 αὐτόςς

332 2319 591 2380 Βασιλεὺς
619 2318 675 2371 δὲ
706 2316 868 2370 αὑτὸν
898 2314 995 2381 τῆς
1024 2329 1083 2364 τε
1121 2308 1436 2383 παρρησίας
1466 2306 1786 2366 ἐπαινέσας.
1808 2303 1901 2356 καί

330 2416 425 2486 τῆς
454 2412 584 2483 περὶ
610 2412 678 2462 τι
709 2409 1010 2479 πράγματα
1059 2404 1251 2457 ἀδόλου
1284 2401 1497 2470 διαίτης
1528 2399 1623 2451 καὶ
1655 2397 1898 2459 δικαίας,

332 2506 422 2560 καὶ
451 2502 748 2572 ἀντιφιλεῖν
779 2499 939 2553 αὐτὸν
970 2496 1065 2550 καὶ
1097 2495 1260 2559 αύτδς
1290 2492 1463 2546 εἰπὼν
1480 2491 1567 2544 διά
1594 2493 1695 2560 τήν
1730 2504 1895 2557 πρςσς

332 2599 498 2653 οὖσαν
546 2594 760 2648 σύνεσιν
809 2592 903 2645 καί
951 2589 1050 2660 τήν
1085 2586 1315 2655 εὐφυΐαν
1346 2582 1444 2655 τήν
1473 2583 1613 2651 πρὸς
1640 2581 1710 2634 τὰ
1737 2581 1900 2645 καλὰ,

330 2685 448 2744 εἶτα
473 2685 813 2756 ἀπεκρίνατο
856 2680 952 2736 καί
989 2680 1118 2750 περί
1148 2677 1520 2750 τῆς,”εἰρήνης,
1547 2675 1625 2738 ὡς
1653 2673 1740 2726 ἔπ’
1762 2673 1904 2726 ὲκεί-

335 2800 444 2846 νοις
472 2782 560 2847 εῐη
586 2779 702 2840 τοῖς
733 2773 1037 2845 πολεμοῦσι
1070 2772 1165 2826 καὶ
1191 2772 1226 2842 ή
1259 2769 1353 2824 τοῦ
1393 2766 1635 2839 πολέμου
1678 2766 1773 2820 καὶ
1805 2767 1904 2835 τῆς

333 2875 558 2945 εἰρήνης
603 2871 836 2941 αἵρεσις.
873 2866 1045 2920 Αὐτόν
1076 2880 1135 2916 τε
1177 2866 1287 2933 γὰρ
1327 2857 1692 2930 συνθήσεσθαι
1728 2858 1905 2927 ῥᾷστα

335 2965 471 3038 πρὸς
499 2965 597 3027 τὰς
625 2960 902 3022 διαλύσεις
939 2958 1007 3013 ἀν
1054 2955 1314 3009 ἐθέλωσιν
1359 2953 1581 3017 ἐκεῖνοι,
1618 2950 1714 3002 καί
1744 2949 1903 3002 πολε·

336 3057 533 3131 μήσειν
556 3053 697 3108 κατά
716 3051 969 3122 δύναμιν,
987 3047 1054 3103 ἂν
1080 3049 1279 3101 ἐκεῖνοι
1299 3045 1369 3100 τὰ
1397 3041 1682 3131 δίκαιαᾲμὴ
1705 3039 1903 3131 θέλωτι

2002 2232 2159 2283 cans,
2190 2218 2510 2288 reSpondet,
2544 2218 2671 2273 belli
2717 2227 2776 2274 et
2809 2221 2962 2289 pacis
2991 2219 3316 2276 electionem
3355 2221 3411 2274 in
3435 2221 3581 2276 arbi—

2005 2308 2109 2363 trio
2136 2309 2453 2364 bellantium
2478 2309 2801 2364 consistere.
2829 2307 2965 2364 Nam
2993 2325 3052 2366 se
3080 2312 3300 2382 quidem
3324 2312 3581 2368 facillime

2003 2400 2070 2455 ad
2101 2400 2558 2471 compositionem
2605 2416 3029 2468 consensurum,
3082 2403 3128 2458 si
3198 2403 3334 2475 ipsis
3364 2404 3527 2459 libeat
3560 2445 3578 2469 ,

2008 2499 2066 2547 et
2107 2500 2475 2563 pugnaturum
2536 2508 2639 2563 pro
2676 2493 2903 2560 viribus,
2953 2494 2997 2548 si
3033 2495 3198 2550 iidem
3245 2497 3337 2564 jus
3388 2495 3580 2566 fasque

2003 2584 2453 2652 contempserint.
2482 2580 2633 2654 Ipsos
2663 2584 2887 2656 quippe,
2926 2585 3216 2641 calumniis
3261 2595 3319 2641 et
3357 2588 3581 2641 menda-

2007 2673 2110 2729 ciis
2140 2673 2509 2744 indulgentes,
2538 2674 2740 2730 bellum
2765 2692 2944 2736 orsos.
2976 2687 3311 2748 matremque
3348 2694 3501 2734 suam
3525 2679 3579 2733 in

2006 2781 2230 2821 carcere
2265 2774 2622 2837 aagrotantem
2677 2769 2826 2823 nulla
2871 2784 3004 2824 cura
3056 2769 3331 2840 dignatus,
3367 2780 3578 2825 tantum

2006 2873 2113 2912 non
2140 2866 2354 2913 suamet
2383 2874 2544 2913 manu
2571 2860 2839 2926 occidisse
2871 2877 2886 2915 :
2919 2871 2975 2916 et
3008 2861 3175 2918 lilium
3207 2862 3577 2927 duodennem,

2006 2947 2098 3019 qui
2135 2949 2274 3004 nihil
2309 2948 2364 3004 in
2402 2964 2498 3005 eos
2547 2965 2891 3021 peccaverat,
2928 2953 3058 3009 odio
3105 2955 3276 3025 patris
3306 2956 3494 3010 tandiu
3526 2959 3578 3009 in

2006 3041 2242 3118 vinculis
2267 3042 2562 3098 retinuisse
2595 3061 2609 3097 :
2631 3052 2686 3099 et
2715 3044 2923 3099 amicos
2950 3060 3013 3099 ac
3032 3046 3368 3118 prapinquos
3390 3062 3583 3103 omnes

336 3110 535 3201 ποιεῖν.
577 3144 808 3196 Ἐκεῖνοι
846 3110 965 3210 γὰρ
989 3137 1252 3210 πρότεροι
1302 3132 1543 3234 πολιέμου
1574 3110 1752 3202 ἧρξαν
1785 3130 1902 3234 δια.

2009 3110 2335 3199 ἱιιειιιῖἰεςηθ,
2379 3149 2653 3205 quamque
2709 3135 3010 3204 potuerint,
3058 3136 3489 3205 petulantissime
3519 3147 3581 3194 et

331 3236 591 3298 διελόντες
620 3235 714 3287 καὶ
758 3228 1296 3301 συκοφαντήσαντες,
1329 3216 1425 3278 καὶ
1453 3226 1553 3295 τήν
1592 3239 1655 3275 τε
1690 3221 1902 3292 μητέρα

332 3329 516 3398 ὀλίγου
553 3326 663 3380 δεῖν
703 3325 1034 3378 ἀπέκτειναν
1060 3318 1407 3390 αὐτοχειρία,
1443 3318 1502 3368 έν
1542 3312 1904 3384 δεσμωτηρίῳ

336 3419 604 3480 νοσοῦσαν
651 3414 914 3487 προνοίας
963 3411 1297 3479 ἀξιώσαντες
1350 3407 1647 3481 μηδεμιᾶς,
1689 3403 1906 3459 καὶτὸν

334 3512 450 3564 υἱὸν
480 3508 636 3564 οὔπω
684 3507 892 3560 δώδεκα
938 3504 1036 3575 ἐτη
1069 3505 1356 3572 γεγονότα,
1378 3500 1473 3553 καί
1506 3496 1674 3567 μηδὲν
1708 3495 1907 3556 αὐτοὺς

334 3600 658 3674 ⁴ἰγδικηκότα,
689 3598 778 3652 διὰ
804 3597 901 3668 τήν
931 3592 1193 3667 πρδςίὲμὲ
1215 3591 1539 3665 ἀπέχθειαν,
1560 3588 1666 3641 ὑπὸ
1687 3586 1906 3655 δεσμοῖς

334 3693 678 3761 κατέστησαν
698 3687 950 3743 τοσοῦτον
975 3684 1183 3757 χρόνον,
1203 3683 1297 3735 καί
1314 3682 1436 3742 τοὺς
1453 3678 1638 3749 φίλους
1663 3678 1907 3738 ἅπαντας

332 3783 651 3854 διέφθειραν
700 3782 797 3835 καὶ
837 3780 965 3843 τοὺς
1011 3775 1282 3839 οἰκείους·
1314 3774 1410 3828 καί
1452 3771 1607 3827 οὐδὲν
1640 3769 1909 3825 ἀπέλιπον

337 3876 627 3947 παροινίας
662 3871 782 3924 esse
811 3869 1047 3940 ύσρεως.
1088 3865 1198 3921 ‘EE:
1231 3866 1340 3937 γὰρ
1366 3865 1548 3930 λέγειν
1576 3862 1676 3933 τήν
1713 3858 1906 3914 τοσού-

335 3986 435 4025 του
466 3967 697 4021 πλούτου
722 3959 1034 4033 διαρπαγήν
1061 3958 1195 4028 ἐμοῦ
1227 3973 1288 4009 τε
1320 3959 1419 4008 καὶ
1457 3951 1569 4006 τῶν
1603 3949 1907 4017 συγγενῶν,

336 4059 437 4125 οὓς
480 4059 590 4111 εδει
622 4055 892 4122 τοσαύτην
939 4048 1140 4105 κακίαν
1184 4045 1498 4106 συνειδότας
1551 4043 1785 4104 ἑαυτοῖς,
1815 4039 1912 4092 καὶ

338 4150 419 4212 ὡς
447 4147 545 4218 τῆς
568 4143 851 4211 ἀμυθήτου
869 4141 1073 4211 φθορᾶς
1101 4135 1392 4205 Ῥωμαίων
1421 4130 1731 4185 αἰτιώτατοι
1752 4126 1913 4198 γεγέ-

340 4259 555 4313 νηνται,
571 4240 717 4305 έλεον
730 4238 836 4290 τῶν
861 4234 1135 4306 ὁσημέραι
1155 4229 1246 4285 διὰ
1259 4228 1358 4300 τὴν
1388 4226 1571 4281 αύτῶν
1587 4224 1792 4279 κακίαν
1814 4222 1913 4275 καὶ

346 4331 653 4406 μοχθηρίαν
669 4330 935 4389 λαϐιῦντας
955 4322 1339 4393 κτεινομένων,
1361 4320 1613 4390 πρώτους
1632 4317 1700 4387 τῇ
1719 4314 1913 4385 εἰρήνῃ

286 4424 297 4445 ’
345 4425 741 4497 προσδραμεῖν,
791 4422 886 4474 καὶ
935 4418 1027 4470 τὸν
1074 4415 1314 4483 πόλεμον
1368 4408 1691 4473 σπουδάζειν
1741 4424 1913 4461 κατα⁴

2008 3223 2552 3280 contumeliosissime
2580 3241 2640 3282 se
2671 3227 2927 3297 gessisse.
2954 3226 3134 3283 Taceo
3172 3230 3345 3296 enim,
3373 3229 3575 3300 inquit,

2009 3321 2278 3369 tantarum
2309 3329 2496 3384 opum,
2531 3325 2590 3372 et
2629 3332 2894 3383 mearum,
2924 3327 2979 3373 et
3018 3313 3372 3391 cognatorum
3396 3321 3580 3392 direp-

2008 3406 2236 3461 tionem.
2269 3405 2420 3472 Quos
2472 3409 2762 3479 Oportebat
2813 3417 3083 3469 tantorum
3127 3411 3395 3469 scelerum
3442 3428 3579 3469 eon-

2008 3496 2238 3553 scientia
2263 3498 2591 3569 stimulatos,
2625 3510 2681 3556 et
2706 3498 2982 3558 Romanos
3009 3504 3080 3558 ob
3122 3504 3463 3561 calamitates
3493 3505 3581 3561 in-

2008 3588 2334 3657 credibiles,
2376 3606 2564 3646 eorum
2616 3609 2782 3664 opera
2838 3594 3013 3650 illatas
3050 3596 3292 3666 (propter
3347 3612 3579 3669 quorum

2010 3682 2310 3753 nequitiam
2354 3692 2410 3738 et
2469 3685 2870 3755 improbitatem
2903 3687 3143 3754 quot‘die
3195 3690 3581 3757 trucidantur),

2010 3774 2318 3843 miseratus,
2351 3775 2556 3845 primos
2576 3792 2762 3846 pacem
2791 3778 3069 3847 amplecti,
3104 3788 3160 3834 et
3192 3781 3414 3837 studere
3461 3782 3581 3837 bel-

2011 3868 2123 3924 lum
2151 3867 2425 3939 disjieere.
2456 3869 2722 3936 Quoniam
2769 3879 2953 3924 autem
2985 3870 3128 3926 aliud
3159 3885 3267 3928 non
3322 3882 3584 3944 cogitant,

2011 3974 2176 4030 quam
2205 3969 2266 4016 ut
2290 3960 2388 4014 soli
2426 3974 2609 4014 rerum
2649 3960 3001 4016 dominentur
3049 3962 3116 4021 (si
3168 3967 3329 4018 modo
3379 3964 3582 4035 aliquid

2014 4064 2196 4105 rerum
2224 4049 2473 4111 relictum
2500 4051 2631 4121 est),
2649 4050 3003 4121 subditosque
3033 4052 3182 4108 nullo
3206 4051 3329 4109 loco
3356 4054 3583 4117 ducunt.

2013 4155 2116 4212 ego
2141 4137 2598 4211 quemadmodum
2631 4140 2756 4195 inde
2776 4156 2806 4195 a
2827 4143 3126 4210 primordio
3143 4142 3209 4198 ad
3236 4158 3582 4217 communem

2014 4231 2243 4286 salutem
2273 4243 2434 4284 oume
2450 4245 2629 4285 meum
2659 4229 2898 4286 studium
2938 4231 3288 4305 laboremque
3341 4236 3583 4290 contuli:

2016 4323 2096 4379 sic
2120 4330 2175 4378 ct
2200 4337 2343 4377 nunc
2363 4337 2481 4391 qua:
2509 4320 2765 4381 omnibus
2787 4324 3066 4395 profutura
3088 4325 3218 4392 sint,
3251 4329 3430 4381 omnia
3470 4329 3587 4384 edi-

2018 4412 2156 4469 cam.
2181 4413 2221 4468 Ε
2240 4414 2436 4483 quibus
2456 4412 2646 4470 licebit
2667 4412 2774 4468 illis
2790 4423 2885 4470 aut
2904 4415 3124 4471 meliora
3147 4418 3367 4488 eligere,
3390 4420 3434 4476 si
3468 4420 3592 4476 uni-

342 4496 516 4574 λύειν.
557 4514 712 4570 Ἐπεὶ
735 4513 780 4567 δ’
807 4511 1041 4572 ἐκείνοις
1079 4505 1292 4567 octava;
1315 4503 1510 4572 ἑτέρου
1540 4499 1775 4574 (suae?)
1808 4498 1904 4553 τοῦ

2017 4502 2256 4560 versitati
2280 4502 2587 4558 consultum
2608 4502 2794 4571 velint,
2816 4513 2911 4560 aut
2933 4504 3132 4560 bellum
3159 4506 3429 4577 accipere,
3460 4510 3505 4564 si
3534 4511 3589 4565 id

339 4611 454 4663 τῶν
480 4605 824 4678 πραγμάτων
851 4601 1028 4675 μόνων
1049 4596 1227 4667 ἀρχὴν
1248 4594 1314 4648 ἄν
1341 4609 1465 4647 τινα
1489 4589 1906 4677 περιὴιφθῷσι,

339 4701 457 4755 τῶν
510 4697 556 4752 δ’
610 4694 947 4769 ἀρχομένωσ
980 4689 1241 4760 οὐδεμίαν
1290 4685 1551 4757 πρόνοιαν
1609 4681 1915 4745 ποιοῦνται,

340 4792 537 4860 ὥσπερ
564 4787 801 4857 ἐξαρχής
849 4782 1013 4844 αὔτδς
1060 4779 1203 4848 ὑπὲρ
1250 4780 1350 4847 τῆς
1398 4776 1587 4845 κοινῆς
1636 4770 1914 4843 σωτηρίας

345 4882 533 4935 πάντα
558 4872 1100 4949 ἰπραγματευόμην,
1129 4868 1272 4923 οὕτω
1301 4868 1397 4920 καὶ
1419 4863 1515 4918 νῦν
1556 4862 1594 4918 ἃ.
1623 4864 1758 4916 πᾶσι
1789 4861 1916 4932 μέλ-

341 4971 431 5023 λει
457 4970 612 5039 κοινῇ
650 4965 916 5019 συνοίσειν
947 4961 1126 5033 πάντα
1154 4956 1288 5029 ὲρῶ.
1323 4955 1572 5020 Ἐξέσται
1615 4954 1675 5008 δὲ
1707 4954 1914 5020 αὐτοῖς,

345 5064 383 5134 ἢ
425 5059 702 5133 αἱρεῖσθαι
751 5057 820 5111 τὰ
862 5055 1056 5128 βελτίω
1085 5052 1153 5106 ἂν
1186 5050 1444 5119 πρόνοιαν
1477 5064 1600 5100 τινα
1647 5044 1916 5098 ποιῶνται

344 5153 446 5207 τοῦ
477 5147 735 5219 κοινοῦ,ἦ
763 5150 853 5202 τὸν
883 5145 1119 5214 πόλεμον
1148 5139 1493 5204 ἀσπάζεσθαι
1519 5137 1585 5192 ἂν
1606 5137 1715 5191 τῶν
1740 5135 1917 5190 ἄλλων

349 5247 577 5298 πάντων
600 5241 639 5296 ἀ
668 5238 1005 5310 νομίζουσιν’
1036 5238 1218 5297 αὐτοῖς
1262 5234 1370 5303 ίδίᾳ
1412 5230 1692 5299 διαφέρειν
1726 5244 1917 5298 προτι-

296 5344 299 5345 '
354 5331 523 5400 μῶσι.
556 5329 704 5399 Φημὶ
732 5328 937 5386 τοίνυν,
969 5324 1046 5387 ὡς
1093 5324 1188 5375 ἐὰν
1228 5322 1326 5390 μὲν
1356 5318 1659 5387 ἐθελήσωσι
1692 5316 1921 5386 βασιλέα

347 5420 627 5489 δέχεσθαι,
655 5419 753 5471 καὶ
781 5420 890 5481 τοῖς
919 5418 1075 5468 παισί
1111 5412 1453 5481 συνάρχοντα
1498 5409 1784 5478 βασιλέως,
1810 5408 1919 5460 οὐδ’

352 5509 524 5561 αὑτὸν
558 5504 1112 5576 πολυπραγμονήσειν
1164 5502 1330 5570 μηδὲν
1368 5499 1498 5567 περὶ
1528 5498 1634 5549 τῶν
1662 5499 1803 5549 κατὰ
1829 5497 1923 5548 τὸν

348 5601 595 5670 πόλεμον
630 5598 1055 5666 γεγενημένων·
1107 5592 1224 5647 ἀλλ’
1267 5591 1574 5662 ἀμνηστίαν
1624 5606 1683 5641 τε
1738 5589 1925 5653 αὐτοῖς

350 5692 615 5762 παρέξειν
644 5690 753 5743 τῶν
784 5687 992 5751 κακῶν,
1028 5690 1122 5740 καὶ
1160 5684 1267 5737 τῶν
1292 5682 1659 5755 ἡρπασμένων
1694 5681 1922 5750 μηδενὸς

356 5783 789 5851 ἀποστερήσειν,
811 5778 876 5833 ἀν
905 5794 966 5831 τε
996 5775 1103 5831 τῶν
1122 5776 1341 5829 οἰκείων
1362 5767 1495 5839 ὦσιν
1522 5770 1559 5842 ἤ
1586 5771 1695 5825 τῶν
1728 5769 1921 5839 φίλων,

2020 4593 2245 4665 privatis
2296 4592 2620 4649 utilitatibus
2668 4593 2783 4649 suis
2841 4596 3095 4652 omnibus
3148 4602 3587 4670 anteponendum

2016 4683 2282 4741 sentiunt.
2304 4680 2406 4737 Aio
2435 4681 2637 4751 itaque.
2657 4684 2701 4737 si
2723 4684 3097 4740 voluerintme
3121 4686 3502 4757 imperatorem
3539 4713 3548 4736 ι
3572 4704 3592 4747 ι

2017 4773 2250 4830 ﬁliorum
2279 4771 2513 4828 deluncti
2533 4772 2794 4842 collegam
2812 4774 2946 4844 pati,
2970 4790 3078 4829 non
3107 4777 3336 4834 sollicite
3360 4779 3591 4850 inquisi-

2018 4866 2273 4931 turumin
2296 4880 2383 4931 ea,
2405 4881 2525 4935 qua:
2544 4864 2685 4922 bello
2715 4868 2989 4936 praeterito
3014 4870 3302 4926 commissa
3325 4882 3471 4937 Sunt,
3492 4873 3590 4925 sz-d
3669 4912 3677 4919 .

2020 4959 2248 5031 injurias
2280 4957 2551 5013 oblivione
2575 4957 2902 5026 sempiterna
2937 4958 3265 5019 disleturum,
3313 4973 3368 5014 et
3406 4962 3592 5030 spoliis

2022 5053 2137 5107 suis
2166 5064 2229 5104 ac
2251 5049 2432 5119 praeda
2467 5046 2670 5104 nullum
2712 5049 3068 5116 privatorum,
3111 5050 3229 5105 sive
3271 5065 3334 5104 ea
3367 5049 3593 5105 familia-

2022 5143 2186 5207 rium,
2210 5146 2321 5195 sive
2339 5138 2657 5200 amicorum,
2680 5138 2797 5194 sive
2830 5150 3178 5212 cognatorum
3209 5140 3388 5208 fuerit;
3418 5158 3594 5212 neque
3684 5167 3688 5171 ·
3766 5170 3775 5173 ι

2023 5228 2352 5291 ablaturum,
2378 5239 2498 5292 qua:
2527 5223 2662 5292 ipsis
2682 5224 2821 5280 bello
2851 5228 3326 5298 ardenteAugusta
3357 5230 3595 5287 donave-

2023 5318 2116 5379 rit,
2141 5317 2223 5370 νει
2253 5316 2507 5377 honores,
2542 5312 2586 5367 si
2622 5323 2817 5381 praeter
2854 5317 3173 5390 dignitaiem
3219 5337 3284 5375 ac
3340 5324 3592 5377 meritum

2027 5407 2202 5464 collati
2267 5406 2552 5461 videantur
2585 5447 2600 5473 ,
2649 5409 2733 5462 vel
2786 5413 3179 5478 possessiones,
3241 5412 3406 5483 639
3477 5413 3596 5467 sive

2030 5501 2130 5553 illa:
2160 5495 2387 5568 publica:
2412 5508 2588 5561 erant,
2639 5501 2753 5555 sive
2772 5503 2838 5554 ad
2904 5517 2990 5554 me
3049 5503 3304 5570 privatim
3353 5502 3591 5571 pertine-

2032 5587 2159 5640 bant
2191 5605 2204 5640 :
2238 5602 2422 5640 verum
2445 5590 2585 5657 ωηιιὶ
2630 5589 2868 5659 bonique
2922 5591 3189 5645 facturum
3227 5594 3411 5646 Omnia
3441 5632 3456 5656 ,
3498 5608 3596 5648 ne-

2031 5693 2134 5747 que
2165 5694 2400 5746 unquam
2427 5694 2548 5731 cum
2571 5694 2757 5733 eorum
2786 5681 2983 5736 damno
3014 5681 3233 5736 bellicas
3260 5682 3595 5738 offensiones

2038 5770 2459 5825 \indicaturum.
2507 5770 2712 5838 Quodsi
2743 5774 2845 5828 hoc
2894 5789 2995 5828 nee
3026 5774 3225 5840 iustum
3267 5764 3368 5831 nec
3421 5774 3594 5832 feren-
