4066 6298
309 368 452 453 tabo

1338 383 1360 409 ‘
1452 381 1991 446 HISTORIARUM
2033 383 2264 444 LIBER
2308 373 2425 446 ῘΙΙ.

3420 369 3591 450 talo.

375 485 901 571 ejusdent__propo_sito
924 496 977 571 in
1003 496 1224 571 imperio
1250 495 1544 571 retinendo.
1583 495 1898 571 Jurantento
1923 495 2081 561 ﬁdem
2127 498 2385 571 obligant.
2441 499 2685 570 Praefecti
2716 507 2823 555 tres
2858 499 3097 571 quamvis
3143 499 3439 554 discedendi
3473 516 3564 568 po-

373 564 561 622 testate
599 564 890 626 liberaliter
921 565 1086 634 facta,
1113 564 1272 632 ﬁdem
1303 567 1351 618 ei
1369 565 1589 636 jurunt,
1631 583 1728 635 pro
1746 566 2081 636 fecturasque
2127 564 2412 638 recipiunt.

383 683 473 736 'Ev
510 675 553 746 ᾧ
576 681 632 733 δὲ
659 679 838 733 ταῦτα
861 680 1122 744 ἐτελεῖτο,
1151 681 1246 734 καὶ
1274 682 1301 733 ὁ
1329 681 1504 760 μέγας
1530 681 1656 744 δοὺξ
1687 681 1874 750 ἐστρά-

2054 683 2266 738 lnterca
2314 701 2542 755 magnus
2581 684 2684 739 dux
2722 684 3004 740 castellum
3060 683 3376 754 Empyriten
3403 684 3563 738 inva—

304 791 464 828 τευσε
499 773 642 826 κατὰ
685 771 1021 841 Ἐμπυρίτου
1050 772 1141 824 τοῦ
1186 773 1476 842 φρουρίου,
1521 774 1618 825 καὶ
1655 773 1877 842 πολιορ-

272 868 481 933 κήσας
532 866 590 917 ἐν
648 865 828 934 τρισὶν
885 865 1144 932 ἡμέραις,
1185 867 1282 917 καὶ
1335 864 1720 934 ἀποπειράσας
1765 865 1877 916 τῶν

299 957 517 1025 τειχῶν,
550 957 676 1008 ἐπεὶ
709 956 876 1025 μηδὲν
905 956 1055 1026 ἤνυε,
1082 956 1189 1008 τῶν
1223 957 1376 1009 ἔνδον
1419 956 1711 1026 εὐρώστως
1739 957 1879 1025 ἁμη-

303 1047 567 1116 νομένων,
605 1043 762 1108 αὖθις
793 1048 873 1108 είς
896 1045 1193 1109 Βυζάντιον
1224 1046 1431 1115 ἀπῆρε.
1475 1048 1581 1100 Καὶ
1621 1048 1757 1115 πρὸς
1801 1046 1878 1117 τῷ

311 1140 466 1211 Ἱερῷ
491 1140 783 1207 γενόμενος
823 1139 963 1192 κατά
989 1139 1051 1190 τὸ
1079 1139 1256 1206 στόμα
1295 1140 1390 1191 τοῦ
1417 1134 1614 1193 πόντου
1645 1140 1876 1211 κειμένῃ

305 1234 482 1295 πόλει,
508 1232 806 1300 ἐπεχείρει,
824 1230 1015 1299 ὥσπερ
1044 1230 1272 1300 ἔφασκε,
1291 1234 1421 1292 τοὺς
1451 1235 1572 1284 κατ’
1604 1232 1877 1300 ἐμπορίαν

304 1326 573 1386 πλέοντας
619 1325 706 1375 ἐπὶ
769 1324 862 1376 τὸν
895 1323 1090 1375 πόντον
1127 1324 1336 1386 πάντας
1365 1324 1563 1392 φόρους
1593 1325 1875 1378 ἀπαιτεῖν.

302 1418 475 1470 Τοῦτο
497 1416 550 1468 δὲ
569 1411 636 1485 ἦν
661 1415 919 1468 ἀδύνατον
939 1415 1014 1484 μὴ
1037 1415 1599 1486 θαλασσοκρατοῦντα.
1633 1417 1874 1478 Ἐκεῖνος

299 1511 355 1564 δὲ
379 1511 478 1580 ἤδη
509 1507 767 1577 συνορῶν,
793 1507 868 1569 ὡς
901 1506 997 1569 τὰς
1019 1508 1117 1574 μὲν
1153 1509 1293 1560 κατά
1315 1509 1413 1577 τὴν
1430 1508 1660 1577 ἠπειρον
1693 1508 1874 1568 πάσας

303 1603 488 1661 πόλεις
517 1601 891 1668 ὑπεποιήσατο
919 1597 1058 1665 πλὴν
1083 1599 1281 1667 ὀλίγων
1313 1601 1342 1651 ό
1377 1600 1650 1668 βασιλεὺς,
1681 1598 1874 1668 ἔμελλε

301 1695 358 1746 δὲ
398 1695 536 1763 μετᾶ
565 1692 762 1761 μικρὸν
787 1690 1068 1768 κάκείνας,
1102 1695 1196 1744 καὶ
1230 1693 1524 1754 Βυζάντιον
1555 1693 1873 1760 πολιορκοίη

301 1789 426 1846 ταῖς
462 1785 688 1853 συχναῖς
722 1771 956 1848 ἐεόὸοις,
1005 1785 1100 1836 καὶ
1142 1782 1397 1845 δεδοικὼς
1449 1783 1523 1852 μὴ
1569 1782 1783 1851 βασιλίς
1814 1799 1874 1834 τε

303 1875 399 1926 καὶ
425 1874 474 1924 oi
506 1873 656 1926 ἄλλοι
677 1871 776 1942 τὴν
810 1873 1060 1940 ἀνάγκην
1100 1871 1425 1936 συνιδόντες,
1457 1870 1532 1936 ὡς
1554 1871 1680 1924 οὔτε
1713 1890 1875 1942 στρα-

287 1967 424 2026 .τιάς
454 1963 688 2016 δύναιντ’
732 1960 797 2014 ἂν
843 1962 925 2014 ἔτι
975 1964 1248 2030 εὐπορεῖν,
1285 1962 1410 2015 οὔτε
1454 1964 1757 2033 χρημάτων
1791 1961 1873 2025 οἷς

301 2055 576 2126 χρώμενοι
612 2054 904 2121 πολεμοῖεν
952 2053 1181 2122 βασιλεῖ,
1238 2032 1556 2124 τρέψονται
1585 2055 1722 2124 πρὸς
1774 2056 1873 2125 τὴν
1907 2032 1948 2085 Β

301 2144 548 2211 εἰρήνην,
611 2143 884 2211 ἐσκέψατο
918 2142 1195 2213 ἐξαπατᾷν
1251 2144 1347 2196 καὶ
1379 2145 1714 2212 φενακίζειν.
1767 2148 1875 2198 Καὶ

301 2231 607 2299 ἀναφανδὸν
644 2231 1005 2302 ἐδημηγόρει,
1032 2232 1108 2296 ὡς
1161 2232 1329 2302 πόρον
1355 2237 1663 2304 χρημάτων
1721 2237 1876 2304 μέγι-

303 2339 429 2375 στον
481 2319 692 2392 ἐξεύροι
733 2323 792 2387 ἐξ
822 2315 897 2375 ὧν
928 2325 990 2376 οὐ
1028 2324 1468 2394 Καντακουζηνῷ
1515 2326 1698 2394 μόνον,
1739 2328 1877 2380 ἀλλὰ

262 2416 394 2473 ,καὶ
444 2414 575 2466 πᾶσι
623 2414 900 2484 πολεμίοις
983 2416 1344 2480 ἀντιτάξαιτο.
1405 2419 1546 2471 Πᾶσι
1595 2419 1705 2488 γὰρ
1765 2423 1876 2484 τοῖς

297 2504 655 2574 ὁθενδήποοεν
684 2507 946 2576 ἐμπόροις
1005 2509 1204 2578 φόρους
1235 2509 1518 2580 ἐπιθήσειν
1552 2512 1686 2581 πρὸς
1711 2514 1876 2580 ἀνάγ-

300 2615 426 2665 κην,
467 2596 525 2660 ἐξ
555 2591 630 2650 ὧν
661 2597 874 2650 ἔσονται
931 2598 1224 2668 Ῥωμαίοις
1270 2603 1523 2671 πρόσοδοι
1555 2605 1876 2659 πολλαπλα-

262 2750 274 2760 ο
304 2689 454 2751 σίους
516 2689 626 2742 τῶν
674 2690 896 2742 πώποτε
929 2690 1126 2746 οὐσῶν.
1195 2691 1307 2746 Καὶ
1363 2694 1697 2763 ἀφικόμενος
1737 2697 1876 2767 πρὸς

311 2777 500 2848 Ἱερόν,
546 2779 630 2832 ἵνα
683 2779 965 2834 διαπλέειν
999 2781 1190 2850 μηδενὶ
1247 2782 1367 2850 ἐξῇ,
1403 2782 1468 2835 ἂν
1525 2785 1598 2855 μὴ
1657 2788 1874 2860 παρέχῃ

299 2871 584 2940 χρήματα,
607 2871 812 2924 ὁλκάδα
848 2873 1184 2943 μυριοφόρον
1217 2875 1305 2928 ἐπ’
1335 2877 1595 2946 ἀγκυρῶν
1617 2880 1873 2948 ὁρμίσας,

303 2961 444 3012 κατὰ
472 2961 633 3029 μέσον
665 2962 728 3014 τὸ
755 2963 932 3032 ῥεῦμα
963 2965 1192 3026 ὁπλίτας
1223 2967 1586 3036 ἐγκαθίδρυσε
1621 2969 1874 3036 πολλοὺς,

302 3051 399 3104 καὶ
420 3050 636 3104 ἐκέλευε
663 3055 922 3122 χρήματα
945 3055 1244 3123 λαμόἀνειν
1269 3059 1420 3127 παρά
1444 3059 1552 3112 τῶν
1595 3061 1873 3130 ἐμπόρων.

301 3144 368 3196 Oi
397 3142 446 3196 δ’
473 3143 624 3196 οὐδὲν
653 3147 858 3214 μᾶλλον
902 3149 934 3215 ἢ
970 3148 1230 3218 πρότερον
1275 3149 1601 3220 ἐλάμὸανον.
1640 3151 1877 3204 Ἀναλω-

304 3235 492 3302 μάτων
535 3239 644 3305 γὰρ
677 3237 946 3306 πρότερον
995 3240 1206 3293 πολλῶν
1239 3242 1334 3296 καὶ
1369 3245 1644 3312 τριήρεων
1687 3245 1718 3313 ὴ
1753 3246 1874 3296 ἐπι-

1979 775 2070 837 sit,
2122 777 2266 844 quod
2327 777 2420 830 ubi
2472 777 2650 830 triduo
2701 777 2935 838 obsedit,
2980 790 3371 844 murorumque
3417 774 3561 829 facto

1978 867 2219 935 periculo
2260 867 2390 921 nihil
2421 868 2666 936 profecit,
2700 867 2912 920 fortiter
2933 866 3022 934 qtti
3053 867 3202 918 intus
3239 875 3392 919 erant
3426 882 3560 934 prn-

1980 959 2366 1027 pugnantibus,
2417 959 2727 1028 Byzantium
2773 958 2962 1021 rediit,
3007 965 3062 1010 et
3101 955 3285 1018 lliero,
3319 957 3455 1010 urbe
3490 957 3558 1009 ad

1979 1050 2176 1103 ostium
2208 1050 2354 1118 ponti
2393 1050 2517 1112 sita,
2553 1064 2842 1119 aggressus
2876 1057 2982 1110 est,
3017 1057 3075 1100 ιιι
3107 1047 3308 1110 aiebat,
3340 1047 3409 1101 ab
3438 1062 3557 1099 om-

1979 1141 2140 1193 nibus
2193 1141 2594 1194 mercatoribus
2643 1153 2872 1210 pontum
2920 1139 3260 1193 sulcantibus
3312 1136 3554 1205 portoria

1978 1230 2194 1300 exigere
2225 1245 2237 1281 :
2284 1230 2336 1283 id
2375 1230 2541 1298 quod,
2578 1230 2678 1283 nisi
2717 1244 2864 1281 mare
2895 1237 3128 1291 teneret,
3166 1226 3277 1280 fieri
3309 1241 3416 1278 non
3454 1241 3552 1293 po-

1979 1332 2138 1375 terat.
2178 1321 2377 1375 Vidcns
2405 1321 2548 1375 enim
2585 1321 2966 1390 imperqtorem
3004 1319 3340 1372 continentis
3369 1319 3555 1380 urbes,

1976 1423 2172 1481 praeter
2226 1428 2459 1480 paucas,
2507 1428 2696 1466 omnes
2744 1412 3044 1478 subegisse,
3092 1421 3146 1463 et
3182 1411 3299 1463 illas
3343 1423 3556 1477 quoque

1978 1505 2138 1572 paulo
2185 1513 2306 1574 post
2350 1505 2701 1558 subacturum
2739 1518 2882 1568 esse,
2936 1511 2990 1556 et
3031 1501 3347 1571 Byzantium
3375 1501 3442 1553 ab
3464 1517 3558 1553 eu-

1976 1596 2100 1646 dem
2152 1593 2364 1647 crebris
2409 1592 2805 1662 irruptioaibus
2830 1591 3234 1661 quodammodo
3266 1591 3503 1645 obsideri
3540 1608 3556 1638 ι

1976 1683 2316 1752 timensque,
2355 1698 2424 1737 ne
2461 1684 2777 1754 iniperatrix
2817 1692 2870 1735 et
2904 1683 3189 1736 consilium
3220 1683 3562 1736 necessitate

1978 1785 2284 1843 perspecta,
2334 1775 2480 1844 quod
2521 1789 2700 1842 neque
2732 1774 2916 1842 cupias
2955 1775 3156 1827 habere
3189 1782 3436 1842 possent,
3461 1789 3558 1826 ne-

1976 1882 2082 1935 que
2133 1867 2412 1936 pecunias,
2457 1867 2656 1935 quibus
2699 1866 2963 1919 adversus
2991 1880 3115 1918 eum
3151 1873 3452 1926 uterentur,
3488 1865 3556 1917 ad

1977 1973 2165 2026 pacem
2227 1957 2590 2019 inclinarent,
2641 1957 2858 2010 modum
2909 1965 3249 2010 commentus
3287 1964 3402 2020 est,
3450 1972 3558 2024 quo

1978 2061 2073 2100 eos
2104 2047 2541 2100 circumduceret
2600 2061 2665 2100 ac
2693 2047 3018 2100 lttdiliCarel.
3056 2045 3188 2099 Nam
3223 2047 3394 2114 palam
3424 2061 3580 2100 eon-.
3607 2105 3614 2110 ,

1977 2139 2334 2202 cionabatur,
2392 2139 2657 2193 rationem
2709 2138 2954 2208 pecuniae
3007 2137 3362 2192 conficiendae
3407 2152 3556 2192 cont-

1976 2229 2348 2284 modissimam
2403 2243 2463 2283 se
2509 2228 2806 2288 invenisse,
2852 2243 2957 2297 qua
3007 2242 3116 2280 non
3171 2225 3556 2280 Cantacozcno

1976 2323 2174 2387 solum,
2221 2321 2317 2375 sed
2348 2319 2618 2374 universis
2648 2320 2894 2373 hostibus
2921 2318 3259 2374 resisterent.
3290 2316 3557 2372 Omnibus

1977 2414 2123 2468 enim
2180 2413 2540 2479 undecunque
2579 2410 2978 2464 mercatoribus
3005 2409 3206 2462 tributa
3243 2409 3554 2462 necessaria

1978 2505 2384 2574 impositurum.
2435 2503 2508 2555 Ex
2551 2516 2661 2572 quo
2704 2503 2980 2555 Romanos
3006 2500 3282 2569 vectigalia
3323 2502 3552 2568 majora,

1976 2613 2138 2668 quam
2181 2612 2416 2665 unquam
2459 2597 2694 2650 antehac
2727 2589 3081 2664 percepturos
3115 2611 3131 2646 :
3165 2593 3554 2662 profectusque

1979 2693 2233 2754 llierum,
2274 2699 2331 2743 ut
2366 2688 2569 2742 nemini
2607 2687 2711 2740 nisi
2753 2685 3058 2755 portorium
3092 2684 3324 2738 solventi
3365 2684 3554 2737 liceret

1978 2784 2272 2853 trajicere,
2332 2779 2640 2835 onerariam
2701 2777 2964 2847 grandem
3044 2785 3100 2830 et
3179 2778 3236 2829 in
3298 2773 3555 2828 anchoris

1977 2883 2236 2937 stantem,
2288 2873 2475 2925 multis
2525 2869 2576 2924 ei
2615 2869 2797 2940 gravis
2828 2876 3121 2921 armaturae
3155 2865 3418 2919 militibus
3450 2864 3555 2919 in.-

1978 2964 2190 3035 positis,
2221 2964 2276 3016 in
2312 2963 2520 3017 medios
2551 2959 2748 3014 ﬂuctus
2783 2959 3050 3028 provexit,
3084 2956 3358 3025 iussitque
3393 2971 3425 3009 a
3463 2971 3556 3011 ne-

1977 3055 2338 3125 gotiatoribus
2403 3054 2690 3122 pecuniam
2773 3051 3044 3127 πράξειε.
3107 3046 3304 3101 Verum
3380 3047 3554 3100 nihilo

1977 3146 2150 3215 magis
2184 3161 2345 3214 quant
2383 3155 2510 3197 ante
2578 3142 2942 3211 accipiebant.
2982 3137 3214 3207 Sumptu
3249 3154 3445 3208 magno
3497 3147 3551 3191 et

1979 3237 2290 3290 triremibus
2341 3235 2527 3288 multis
2573 3249 2712 3302 opus
2759 3239 2902 3295 erat,
2953 3240 3010 3284 ut
3040 3229 3246 3283 domini
3281 3231 3444 3283 maris
3495 3238 3552 3282 ct

301 3328 553 3398 χείρησις
595 3329 791 3392 ἐδεῖτο,
844 3329 985 3382 ὥστε
1021 3329 1212 3400 ἄρχειν
1247 3334 1346 3399 τῆς
1399 3334 1677 3404 θαλάσσης
1733 3337 1874 3406 μέγα

1980 3327 2314 3397 potentiores
2371 3326 2436 3380 iis
2487 3333 2674 3378 essent
2733 3321 2823 3392 qui
2873 3323 3208 3391 navigarent.
3260 3319 3340 3375 Ob
3393 3320 3553 3389 cujus

301 3419 646 3488 δυνηθέντας,
671 3420 764 3472 καὶ
786 3421 1070 3490 κρείττους
1091 3424 1418 3491 γενομένους
1440 3424 1548 3478 τῶν
1571 3426 1840 3481 πλεόντων
1855 3446 1871 3459 ο

304 3507 382 3578 μὴ
439 3509 626 3580 ῥᾳδίας
655 3509 712 3561 δὲ
742 3507 908 3578 οὔσης
944 3510 1081 3579 πρὸς
1111 3510 1285 3564 ταῦτα
1338 3514 1436 3580 τῆς
1484 3517 1868 3585 παρασκευῆς,

297 3601 397 3654 καὶ
415 3601 466 3653 οἱ
495 3599 800 3668 θαυμαστοὶ
828 3602 1027 3654 ἐκεῖνοι
1058 3603 1234 3670 πόροι,
1262 3605 1355 3656 καὶ
1385 3606 1442 3657 αί
1478 3606 1729 3675 πρόσοδοι
1759 3609 1869 3666 ἀπ-

297 3689 557 3746 ώλλυντο.
606 3691 727 3744 Τῶν
774 3691 1158 3760 συγκλητικῶν
1187 3694 1242 3745 δὲ
1309 3697 1356 3747 oi
1394 3695 1579 3748 πολλοὶ
1627 3697 1744 3750 ὅσοι
1796 3698 1872 3769 μὴ

297 3782 389 3834 διὰ
420 3782 480 3835 τὸ
507 3782 644 3852 πρὸς
677 3782 904 3850 βασιλέα
934 3783 1088 3853 ἔχθος
1153 3783 1342 3854 ὥσπερ
1370 3787 1428 3838 ἐν
1468 3786 1699 3857 ὀνείροις
1726 3790 1872 3841 ἐπεί-

301 3873 459 3926 Θοντο
495 3874 768 3934 πλουτεῖν,
808 3874 1008 3938 εἰδότες
1035 3875 1110 3936 ὡς
1138 3876 1426 3944 ἀνηνύτοις
1452 3879 1743 3948 ἐπιχειρεῖ,
1773 3880 1874 3950 τὴν

305 3966 680 4034 μεγαλοφυῖαν
719 3965 1027 4034 ἐθαύμαζον
1084 3967 1222 4036 πρὸς
1261 3969 1549 4038 εἰρωνείαν
1579 3985 1593 4002 ο
1629 3975 1725 4026 καὶ
1763 3974 1874 4028 τῶν

303 4057 475 4115 πάλαι
515 4055 784 4126 βασιλέων
840 4059 1248 4126 κατεγίνωσκον
1297 4060 1500 4132 πολλὴν
1535 4064 1868 4133 κουφότητα,

298 4150 386 4200 ὅτι
415 4149 672 4202 τοσοῦτον
703 4153 760 4202 ἐν
791 4153 950 4219 χερσὶ
981 4151 1212 4204 πλοῦτον
1241 4151 1454 4222 ἔχοντες
1487 4156 1742 4224 ἠγνόουν.
1769 4155 1873 4209 Βα-

301 4238 482 4300 σιλεὺς
512 4239 568 4292 δὲ
595 4239 623 4289 ό
659 4240 1114 4309 Καντακουζηνδς
1156 4243 1256 4294 οὐκ
1287 4244 1475 4310 ὀλίγας
1511 4245 1871 4315 διατρίψαντα

298 4332 514 4400 ἡμέρας
538 4331 669 4400 παρ’
691 4331 862 4400 αὐτῷ,
893 4331 1126 4402 Ἀρῆγον
1151 4333 1304 4397 αὖθις
1325 4336 1509 4389 οἴκαδε
1533 4339 1830 4408 ἀπέπεμπε
1854 4381 1869 4402 ,

303 4420 573 4482 κελεύσας
598 4420 991 4487 ἀποκρίνεσθαι
1015 4423 1182 4491 μηδὲν
1202 4427 1317 4488 τοῖς
1335 4425 1602 4495 πέμψασι·
1627 4428 1790 4496 μόνον
1813 4429 1872 4482 δὲ

297 4509 380 4579 τῷ
410 4512 630 4579 μεγάλῳ
661 4511 814 4564 δουκὶ
837 4513 1036 4578 εἰπεῖν,
1062 4514 1137 4576 ὡς
1164 4513 1285 4568 οὔτε
1316 4517 1604 4586 πρότερον,
1627 4517 1752 4572 οὔτε
1777 4521 1872 4574 νῦν

299 4593 614 4650 ἐπιλάθοιτο
644 4600 744 4669 τῆς
779 4600 940 4669 φίλης
981 4602 1218 4672 ἀπάτης,
1252 4605 1346 4657 καὶ
1386 4609 1744 4676 πανουργίας,
1776 4611 1869 4663 καὶ

1976 3428 2271 3488 apparatus
2317 3417 2687 3472 difﬁcultatem
2735 3415 3082 3470 admirabiles
3120 3412 3198 3466 illi
3244 3414 3450 3467 reditus
3495 3423 3552 3466 et

1951 3510 2259 3580 vectigalia
2285 3509 2711 3563 evanescebant.
2736 3506 3060 3576 Complures
3084 3519 3250 3574 porro
3273 3519 3549 3574 proceres,

1975 3605 2068 3673 qui
2113 3617 2220 3656 non
2253 3601 2582 3672 credebanta
2617 3610 2839 3670 propter
2865 3598 3050 3654 odium
3081 3599 3140 3652 in
3163 3594 3549 3667 imperatorent

1976 3697 2123 3752 velut
2175 3696 2230 3749 in
2281 3694 2504 3763 somnis
2543 3694 2594 3748 ei
2645 3692 2863 3748 divitias
2917 3692 3237 3754 aliluxuras,
3276 3705 3400 3745 cum
3439 3691 3537 3744 sci-

1977 3797 2100 3842 rent
2146 3797 2376 3842 conatus
2422 3786 2538 3840 fore
2587 3786 2794 3850 irritos,
2839 3800 2932 3852 per
2974 3783 3378 3836 simulationem
3427 3782 3551 3850 ejus

1977 3880 2142 3932 animi
2195 3877 2628 3946 magnitudinem
2679 3876 3090 3930 admirabantur
3139 3891 3154 3927 :
3199 3872 3364 3944 646
3399 3884 3551 3927 vetc-

1975 3984 2174 4038 resque
2220 3969 2576 4037 imperatores
2635 3965 2871 4020 levitatis
2925 3975 2982 4018 et
3028 3965 3395 4033 incogitantia:
3437 3979 3551 4018 non

1977 4079 2156 4136 parva:
2203 4063 2598 4133 coarguebant,
2627 4061 2720 4130 qui
2747 4077 2805 4116 se
2829 4069 3007 4115 tantos
3035 4061 3323 4114 thesauros
3350 4059 3406 4112 in
3435 4075 3551 4114 ma-

1973 4157 2138 4211 nibus
2189 4155 2391 4210 habere
2429 4153 2810 4207 nescivissent.
2851 4152 3267 4206 Cantacuzenus
3311 4153 3546 4220 Aregutn

1975 4263 2083 4301 non
2139 4246 2328 4316 paucis
2382 4245 2577 4299 diebus
2629 4245 2774 4313 apud
2816 4259 2875 4298 se
2928 4244 3261 4298 diversatum
3314 4243 3543 4307 dimisit,

1975 4352 2098 4390 cum
2140 4336 2416 4399 mandato,
2449 4344 2510 4388 ut
2546 4336 2632 4399 iis,
2670 4350 2698 4388 a
2731 4335 2930 4404 quibus
2961 4333 3223 4398 venisset,
3256 4333 3397 4387 nihil
3459 4348 3547 4387 re-

1975 4428 2270 4497 aponderet
2320 4445 2333 4480 :
2388 4427 2564 4481 solum
2609 4440 2806 4495 magno
2826 4425 2950 4478 duci
2987 4423 3226 4488 diceret,
3259 4426 3410 4480 illum
3446 4441 3549 4479 nec

1973 4530 2155 4586 antea,
2203 4535 2306 4574 nec
2335 4521 2492 4573 modo
2532 4517 2816 4572 familiaris
2847 4517 2948 4572 sibi
2979 4516 3316 4586 imposturae,
3337 4517 3550 4571 callidi-

1974 4613 2104 4668 tatis
2174 4625 2240 4665 ac
2304 4611 2587 4680 pravitatis
2641 4608 2890 4664 oblivisci
2967 4623 3174 4678 posse,
3245 4616 3549 4678 putareque

299 4689 688 4760 στρεϐλότητπ
709 4703 723 4718 ⁸
747 4691 883 4745 ἀλλά
900 4691 976 4762 τῷ
1001 4695 1244 4762 περιόντι
1269 4697 1370 4764 τῆς
1403 4699 1530 4768 περὶ
1551 4700 1722 4752 ταῦτα
1749 4702 1870 4771 σχέ-

1977 4719 2196 4777 propter
2224 4721 2376 4760 suam
2409 4704 2461 4758 in
2492 4705 2578 4758 his
2599 4703 2976 4758 excellentiam
3004 4703 3169 4758 etiam
3198 4703 3299 4772 ipsi
3327 4703 3438 4757 Deo
3464 4717 3550 4756 sc-

299 4794 460 4842 σεως,
483 4781 573 4832 καὶ
605 4781 738 4834 Θεὸν
763 4781 972 4851 νομίζοι
1003 4781 1264 4836 δύνασθαι
1293 4785 1589 4855 ἐξαπατᾷς).
1623 4789 1734 4841 Καὶ
1765 4789 1871 4861 γὰρ

1975 4815 2032 4854 se
2080 4799 2262 4852 fucum
2315 4797 2604 4851 facturum.
2657 4795 2791 4850 Nam
2836 4812 2960 4851 cum
3007 4795 3224 4866 quidvis
3268 4796 3324 4850 in
3366 4795 3548 4850 animo

299 4871 482 4924 πάντα
511 4872 712 4939 μᾶλλον
735 4873 1114 4943 διανοούμενος
1157 4874 1188 4944 ἢ
1216 4877 1282 4927 ἐκ
1314 4880 1670 4946 παρατάξεως
1704 4882 1873 4951 μάχε-

1975 4892 2198 4947 haberet
2225 4891 2427 4958 potius,
2460 4906 2621 4960 quam
2649 4891 2769 4945 acie
2793 4889 3044 4959 opposita
3063 4903 3248 4944 secum
3268 4887 3544 4958 congredi,

301 4964 429 5017 σθαι
452 4965 588 5033 πρὸς
617 4967 801 5034 αὑτὸν,
835 4967 1046 5031 ἱκεσίας
1071 4968 1162 5020 καὶ
1185 4968 1441 5038 ἱλασμοὺς
1467 4974 1872 5040 παραγγέλλειν

1975 4991 2152 5038 tamen
2197 4982 2627 5051 supplicationes
2693 4989 2749 5037 et
2795 4981 3097 5051 placamina
3162 4981 3544 5036 sacerdotibus

295 5061 437 5125 πρὶς
460 5057 593 5111 Θεὸν
611 5061 724 5122 τοῖς
743 5059 978 5128 ἱερεῦσιν
997 5060 1136 5129 ὑπὲρ
1153 5060 1341 5124 αὐτοῦ,
1357 5060 1429 5123 ὡς
1453 5062 1736 5130 μέλλοντος
1763 5082 1839 5133 μα
1855 5097 1870 5109 -

296 5148 531 5220 χεῖσθαι.
573 5151 713 5204 Ἀλλ’
735 5153 933 5205 εἰδέναι
965 5153 1154 5220 σαφῶς
1190 5153 1265 5213 ὡς
1295 5152 1421 5207 οὗτε
1453 5154 1606 5218 Θεὸς,
1633 5154 1670 5209 ἃ
1696 5156 1869 5226 πράτ-

293 5256 383 5292 τει
419 5241 514 5293 καὶ
567 5242 862 5296 διανοεῖται
915 5246 1118 5313 ἀγνοεῖ,
1157 5246 1252 5298 καὶ
1289 5248 1336 5298 oi
1373 5246 1654 5315 ἄνθρωποι
1701 5249 1779 5314 δὲ,
1820 5251 1866 5301 εί

300 5332 379 5401 μὴ
418 5335 705 5404 πρότερον,
745 5335 862 5389 ἀλλ’
914 5335 1142 5407 ὕστερόν
1176 5354 1238 5404 γε
1287 5339 1387 5401 τὰς
1436 5339 1652 5402 ἀπάτας
1699 5340 1867 5393 αὐτοῦ

298 5424 398 5474 καὶ
427 5421 528 5484 τὰς
558 5424 897 5494 πανουργίας
929 5425 1109 5488 πάσας
1142 5427 1430 5498 συνορῶσι.
1464 5429 1528 5481 Τί
1553 5429 1660 5498 γὰρ
1690 5431 1764 5499 μὴ
1799 5434 1864 5501 τῇ

297 5513 606 5582 προτεραίᾳ
639 5514 740 5583 τὴν
773 5517 1035 5582 στρατιὰν
1100 5517 1264 5584 ἐξῆγε
1322 5519 1458 5589 πρὶς
1507 5519 1606 5590 τὴν
1661 5522 1864 5590 μάχην,

294 5603 435 5657 ἀλλὰ
467 5607 608 5672 μετὰ
644 5606 704 5658 τὸ
735 5607 1003 5661 πυθέσθαι
1025 5609 1190 5662 αὑτὸν
1228 5611 1512 5677 ἀπάγοντα
1555 5611 1654 5681 τὴν
1701 5629 1870 5682 στρα-

295 5694 462 5759 τιάνς
495 5696 628 5749 Τότε
662 5698 764 5766 μὲν
795 5698 886 5750 οὖν
915 5699 1284 5769 λελυπηκέναι
1317 5699 1471 5756 εἶπεν
1498 5704 1662 5757 αὑτὸν
1702 5723 1871 5774 φυγο-

261 5830 272 5835 -
297 5794 555 5862 μαχήσας
588 5794 689 5847 οὐκ
748 5794 902 5861 ὀλίγα
932 5812 941 5824 ·
1009 5797 1091 5849 ἵνα
1127 5798 1180 5850 δέ
1231 5797 1306 5866 μὴ
1344 5797 1599 5852 ἐπιπλέον
1633 5801 1720 5856 διὰ
1769 5802 1866 5873 τὴν

1971 5093 2072 5146 pro
2118 5091 2214 5140 se,
2256 5085 2314 5129 ut
2363 5083 2688 5146 pugnaturo,
2729 5075 3008 5129 indixisse.
3043 5074 3268 5128 Interim
3313 5089 3374 5128 se
3395 5084 3546 5128 certo

1968 5167 2109 5221 scire
2129 5208 2144 5230 ,
2192 5182 2372 5235 neque
2430 5166 2599 5221 Deum
2631 5168 2820 5233 latere,
2855 5168 2986 5236 quid
3013 5167 3128 5236 ipse
3158 5175 3282 5235 agat
3307 5177 3365 5221 et
3395 5166 3548 5236 cogi-

1966 5264 2077 5320 tet,
2111 5265 2167 5310 et
2205 5255 2458 5310 homines
2487 5258 2530 5310 si
2567 5273 2676 5310 non
2708 5263 2854 5320 ante,
2882 5265 2940 5310 at
2967 5267 3116 5310 certe
3139 5265 3284 5324 post,
3321 5256 3544 5311 fraudes

1965 5347 2082 5416 ejus
2135 5346 2509 5415 versutiasque
2540 5345 2734 5402 omnes
2779 5347 3247 5416 cegnituros.Cur
3267 5347 3546 5401 enimnon

1967 5437 2167 5507 pridie.
2199 5435 2292 5490 sed
2320 5447 2606 5505 postquam
2633 5437 2954 5492 discessisse
2983 5439 3352 5494 adversarium
3382 5453 3546 5491 excr-

1982 5528 2151 5580 citnm
2203 5527 2469 5592 audierit,
2502 5529 2687 5596 copias
2721 5543 2850 5583 suas
2883 5530 2950 5582 ad
2978 5529 3223 5599 praelium
3258 5527 3552 5584 eduxerit?

1984 5619 2118 5673 Tum
2161 5634 2220 5674 se
2266 5619 2366 5674 ista
2407 5617 2530 5690 fuga
2563 5619 2943 5674 contristatum
2985 5620 3208 5686 dixisse,
3241 5637 3363 5676 cum
3399 5621 3548 5690 ipsc-

1981 5721 2089 5766 met
2124 5728 2356 5782 pugnam
2388 5714 2744 5767 vehementer
2773 5711 3007 5784 fugeret.
3035 5713 3116 5767 Ne
3149 5729 3311 5783 porro
3341 5714 3552 5770 diutius

1979 5805 2095 5871 ejus
2144 5803 2263 5874 fuga
2311 5804 2527 5867 doleat,
2587 5805 2760 5873 primo
2805 5821 3020 5877 quoque
3065 5816 3306 5877 tempore
3357 5817 3551 5874 rursus
