4066 6298
607 309 744 378 1223

1781 292 2021 358 JOANN
2034 290 2107 352 lS
2147 286 2390 349 CANTA
2400 284 2679 347 CUZENI

3655 277 3755 344 129.4

605 419 929 505 ae'justitim
965 417 1271 474 custodiam
1319 413 1607 487 Byzantios
1658 410 1727 465 ad
1772 409 1873 464 sibi
1903 408 2214 474 obtempe-r

2250 448 2251 455 η
2287 402 2686 471 πεποιημένον,
2719 398 2815 452 καὶ
2837 395 2939 466 τήν
2965 410 3024 447 τε
3063 389 3347 459 Ῥωμαίων
3367 390 3596 460 στρατιὲν
3618 392 3756 460 ὀλίγον

603 484 838 570 randum
860 488 1097 565 allicere
1145 480 1467 563 deliberavit
1495 521 1511 558 :
1552 500 1754 557 deinde
1786 514 1881 566 spe
1915 511 2051 551 vana
2080 508 2176 547 eos

2277 493 2390 545 δεῖν
2422 493 2645 546 ἃπασαν
2674 489 2865 559 ἔχοντα
2917 484 3102 547 αὐτὸν,
3136 482 3228 535 καὶ
3264 480 3515 549 τοσαύτην
3555 480 3644 534 ὑπὸ
3679 483 3759 535 τῶν

603 604 829 668 delusit,
861 603 1011 657 velut
1058 614 1158 669 per
1201 596 1476 653 somnium
1506 606 1573 648 ex
1609 589 1945 662 pauperibus
1971 584 2178 641 ditissi-

607 711 728 752 mos
756 695 1072 750 ellecturum
1104 688 1391 760 pollicens.
1428 684 1523 739 ubi
1556 680 1864 738 onerariam
1899 693 1929 731 τι
1966 690 2176 731 merca-

610 791 818 846 toribus
868 783 1164 854 pensiones
1216 786 1534 834 exacturam
1591 773 1884 829 ﬁrmasset.
1935 769 2033 822 Ast
2086 765 2178 821 tibi

611 880 792 932 omnia
843 853 1065 928 fraudes
1106 881 1160 925 et
1205 866 1442 924 ludibria
1473 872 1690 935 reperta
1729 868 1900 923 sunt,
1945 867 2001 912 et
2031 853 2180 924 vulgi

611 967 722 1036 jam
757 963 942 1019 fabula
986 961 1126 1025 fuit,
1177 957 1481 1014 formidans
1529 970 1600 1009 ne
1631 952 1762 1023 quid
1794 950 2084 1005 adversum
2124 959 2184 1000 se

614 1069 801 1111 rerum
852 1065 1115 1107 novarum
1151 1047 1409 1111 oriretur,
1442 1038 1742 1114 potentiam
1777 1053 1930 1094 suam
1963 1049 2182 1092 omnem

616 1149 672 1200 in
703 1158 854 1199 mare
888 1139 1206 1205 transferre,
1230 1147 1287 1194 et
1314 1135 1559 1208 politiam
1594 1132 1649 1187 in
1680 1129 2019 1204 tyrannidem
2061 1141 2186 1180 mu-

618 1246 735 1289 tare
780 1232 1089 1288 constituit.
1157 1230 1236 1284 Ac
1278 1227 1515 1299 primum
1561 1210 1798 1295 {quidem
1852 1221 2082 1276 classem
2133 1225 2188 1271 et

617 1326 1001 1394 cataphractos
1052 1332 1377 1390 comparare
1405 1357 1422 1385 ,
1449 1328 1752 1386 eorumque
1786 1325 2010 1382 operam
2043 1317 2100 1364 et
2131 1306 2186 1361 in

623 1415 941 1471 triremibus
967 1455 982 1478 .
1012 1420 1069 1468 et
1097 1411 1165 1467 ad
1196 1426 1400 1480 corpus
1425 1422 1583 1462 suum
1614 1414 1805 1461 contra
1840 1401 2189 1457 insidiatores

620 1505 903 1561 tutandum
930 1504 1228 1559 adbibere:
1262 1500 1635 1556 continentem
1676 1496 1892 1561 penitus
1937 1493 2191 1563 penitus-

622 1613 727 1661 que
785 1595 1090 1666 negligere,
1126 1607 1356 1662 seseque
1384 1591 1439 1644 in
1475 1588 1611 1644 mari
1657 1596 1714 1642 et
1755 1585 1952 1641 insulis
1980 1594 2188 1647 tenere,

624 1698 681 1742 ct
710 1688 777 1741 ad
815 1687 1103 1757 Byzantios
1134 1700 1233 1754 per
1264 1699 1414 1737 mare
1459 1681 1702 1743 alendus,
1743 1676 1994 1731 nauticas
2025 1689 2192 1744 nego-

628 1779 883 1832 tiationes
912 1775 1196 1830 inducere.
1235 1772 1433 1827 Adbzec
1481 1779 1537 1825 et
1586 1770 1679 1838 qui
1709 1765 1975 1821 nummati
2009 1774 2194 1818 essent

632 1867 904 1940 Byzantii,
934 1878 988 1920 et
1017 1873 1285 1935 quotquot
1332 1869 1601 1916 restarent
1651 1870 1906 1928 proceres
1930 1895 1946 1921 ,
1975 1854 2031 1908 in
2074 1869 2194 1908 car-

627 1973 811 2013 cerem
844 1955 1194 2017 contrudere,
1224 1963 1280 2007 ut
1310 1961 1366 2007 et
1400 1950 1596 2004 timore
1631 1954 1851 2001 vacaret
1900 1941 2200 2015 (metuebat

627 2065 899 2120 namque,
939 2064 1006 2101 ne
1051 2062 1175 2100 cum
1223 2043 1609 2096 Cautacuzcno
1644 2052 1829 2108 pacem
1867 2032 2114 2102 inirent),
2144 2039 2201 2085 et

630 2142 764 2213 ipsis
803 2138 1052 2207 spoliatis
1078 2178 1090 2195 .
1127 2134 1351 2204 pecunia
1409 2131 1476 2184 ad
1524 2127 1790 2199 stipendia
1827 2125 1880 2179 in
1912 2122 2200 2192 cataphra-

629 2210 747 2284 c—tos
801 2238 853 2281 et
905 2227 1159 2280 triremes
1206 2228 1539 2291 suppeteret.
1612 2214 1778 2286 654
1846 2213 1988 2280 Quin
2036 2210 2201 2265 etiam

631 2319 865 2372 aliorum
899 2314 1186 2375 omnium,
1222 2319 1491 2380 quotquot
1535 2306 1673 2361 alias
1723 2304 2005 2358 mentione
2056 2297 2206 2369 pacis

632 2411 775 2464 facta
807 2417 902 2462 aut
944 2408 998 2461 in
1047 2403 1303 2459 domibus
1345 2400 1583 2472 propriis
1630 2399 1698 2450 ab
1745 2396 1864 2466 ipso
1896 2391 2094 2447 inclusi
2123 2405 2209 2444 es-

635 2508 759 2555 sent
786 2539 803 2567 ,
857 2507 952 2552 aut
981 2496 1437 2551 monasteriorum
1481 2491 1671 2561 septis,
1705 2487 1992 2542 interdicto
2021 2484 2088 2538 ad
2116 2498 2211 2537 eos

634 2595 785 2646 ailiLu
813 2633 828 2657 ,
884 2597 1296 2648 coercerentur,
1327 2586 1394 2639 iis
1445 2585 1598 2655 prius
1645 2584 1699 2635 in
1754 2594 2031 2636 carcerem
2064 2576 2211 2632 datis

566 2746 574 2755 _
635 2682 922 2736 facultates
971 2678 1224 2743 auferre;
1261 2690 1387 2729 nam
1423 2684 1551 2729 ante
1603 2672 1845 2743 pauxillo
1889 2686 1983 2725 eos
2034 2669 2213 2739 priva-

640 2783 812 2826 verat.
866 2770 1093 2839 Insuper
1124 2769 1335 2823 caeteris
1360 2766 1616 2821 omnibus
1667 2778 1876 2817 annuas
1922 2760 2212 2831 pensiones

637 2862 1023 2934 praescribere,
1054 2875 1085 2913 e
1117 2860 1320 2928 quibus
1351 2866 1623 2926 quiestum
1650 2853 1912 2923 colligens
1938 2894 1952 2917 ,
1984 2850 2210 2905 classem

639 2961 1001 3009 sustentaret.
1026 2952 1315 3006 Cat-eerem
1347 2958 1531 3001 autem
1569 2947 1621 2999 in
1648 2945 1850 3014 palatio
1864 2941 2210 2996 Constantini

2282 585 2574 657 βαρϐάρων
2603 580 2944 652 συμμαχίαν,
2974 576 3070 631 καὶ
3098 575 3174 638 ὡς
3201 573 3450 629 ἀδύνατον
3503 573 3629 643 αὐτῷ
3652 576 3764 628 ἀντι-

2282 675 2644 733 καθίστασθαι
2696 676 2761 728 ἐκ
2796 672 2896 742 τῆς
2937 670 3192 741 ἠπείρου,
3221 664 3408 737 πρῶτα
3445 663 3533 734 μὲν
3554 665 3766 734 ἐσκέψατο

2287 771 2376 823 διὰ
2403 768 2501 837 τῆς
2529 766 2667 837 πρὸς
2698 766 2794 827 τὰς
2822 763 2976 825 δίκας
3009 757 3293 819 ἀκριϐείας
3330 755 3418 809 καὶ
3461 754 3766 825 δικαιοσύνης,

2285 857 2497 913 πείθειν
2534 855 2866 920 Βυζαντίους
2895 849 3048 918 αύτῷ
3101 845 3389 915 προσέχειν
3407 860 3419 873 ο
3447 843 3611 896 ἔπειτα
3633 846 3768 907 κεναῖς

2292 949 2508 1004 ἐλπίσιν
2538 945 2805 1016 ἐξηπάτα,
2835 941 3028 1011 ὥσπερ
3060 939 3119 992 ἐν
3151 936 3381 1005 ὀνείροις
3396 933 3771 1004 ,πλουσιωτάτους

2287 1044 2348 1108 ἐξ
2370 1042 2593 1113 ἀπόρων
2622 1034 3098 1107 ἐπαγγελλόμενος
3128 1030 3398 1101 ποιήσειν,
3424 1028 3483 1081 ἂν
3509 1028 3593 1095 τὴν
3621 1027 3771 1080 ὁλκάδα

2288 1137 2466 1206 στήσῃ
2524 1131 2622 1203 τὴν
2670 1126 3224 1200 ἀργυρολογήσουσαν
3262 1121 3388 1183 τοὺς
3421 1118 3674 1189 ἐμπόρους.
3711 1119 3773 1178 Ὧς

2289 1227 2348 1281 δὲ
2407 1227 2588 1280 πάντα
2623 1221 2989 1299 ἐξηλέγχοντο
3019 1215 3204 1284 ἀπάτη
3235 1212 3329 1266 καὶ
3355 1209 3671 1281 φενακισμοὶ,
3708 1211 3775 1260 καί

2290 1320 2493 1381 πάντες
2524 1317 2626 1387 ἤδη
2664 1315 2800 1382 πρὸς
2834 1311 2998 1366 αὐτὸν
3053 1306 3414 1361 ἀπέσκωπτον
3440 1301 3610 1365 ἀδεῶς,
3643 1299 3776 1361 δείσας

2295 1413 2370 1481 μή
2397 1429 2450 1463 τι
2478 1408 2816 1476 νεωτερισθῇ
2850 1403 2982 1474 περὶ
3021 1400 3206 1462 αὐτὸν,
3252 1395 3514 1465 ἐσκέψατο
3545 1394 3691 1445 πᾶσαν
3710 1391 3777 1459 τήν

2292 1502 2517 1570 δύναμιν
2541 1502 2618 1561 είς
2648 1498 2745 1567 τὴν
2774 1496 3050 1549 θάλασσαν
3082 1493 3360 1561 μετάγειν,
3392 1487 3482 1539 καὶ
3504 1484 3621 1556 πρὸς
3634 1499 3779 1553 τυραν-

2293 1594 2413 1647 νίδα
2431 1592 2529 1659 τὴν
2556 1587 2831 1642 πολιτείαν
2863 1583 3130 1654 μεθιστᾷν
3154 1597 3167 1611 ⁸
3221 1580 3317 1632 καὶ
3346 1576 3522 1647 πρῶτα
3549 1573 3632 1644 μὲν
3651 1589 3781 1624 ναυτι-

2297 1686 2393 1737 κὸν
2443 1677 2825 1749 συστήσασθαι
2859 1675 2957 1729 καὶ
2985 1673 3235 1735 ὁπλίτας,
3272 1670 3366 1722 καὶ
3394 1668 3584 1728 τούτοις
3616 1663 3721 1733 πρὸς
3741 1678 3783 1714 τι

2295 1778 2396 1840 τὰς
2456 1775 2712 1845 τριήρεις
2751 1770 3019 1842 χρῆσθαι,
3076 1766 3174 1818 καὶ
3202 1763 3340 1833 πρδς
3370 1760 3592 1830 φρουρὰν
3612 1756 3784 1815 οἰκείαν,

2301 1871 2387 1923 ινα
2417 1867 2493 1937 μή
2538 1861 2964 1929 ἐπιϐουλεύητσι
2990 1874 3004 1888 ·
3051 1857 3147 1910 καὶ
3176 1854 3397 1925 ἀμελεῖν
3426 1852 3515 1921 μὲν
3545 1848 3787 1901 παντάπασι

2299 1961 2399 2028 τῆς
2432 1955 2687 2028 ὴπείρου,
2724 1953 2905 2021 νήσων
2955 1948 3011 2002 δὲ
3048 1946 3276 2017 ἔχεσθαι
3318 1944 3412 1997 καὶ
3451 1939 3789 2008 θα).άσῖη;,κσὶ

2302 2046 2635 2113 Βυζαντίους
2659 2046 2723 2097 ἐκ
2750 2042 3022 2111 θαλάττης
3048 2037 3351 2108 τρέφεσθαι
3406 2034 3585 2087 ratiis:
3599 2032 3645 2101 iv
3669 2032 3797 2095 ἐμεῖο-ρ

2306 2137 2642 2209 ρευομένους
2674 2131 3006 2197 ταῖς,ναυσί.
3065 2129 3209 2198 Πρδς
3258 2127 3464 2187 τούτοις
3510 2122 3559 2175 δὲ
3607 2120 3790 2176 καὶτοὺς

2308 2231 2564 2303 χρήματα
2616 2227 2842 2296 ἔχοντας
2873 2226 2931 2275 ἐν
2985 2219 3273 2289 Βυζαντίῳ
3307 2218 3403 2271 καὶ
3444 2205 3543 2268 ’ἰῶν
3572 2212 3792 2279 συγκλητι-

2310 2324 2424 2377 κῶν
2463 2323 2578 2372 ὅσοι
2629 2318 2711 2369 ἔτι
2766 2314 3147 2376 ὑπελείποντο,
3203 2312 3267 2363 ἐν
3296 2306 3659 2380 δεσμωτηρίοις
3678 2318 3797 2355 itm-

2312 2410 2516 2466 κλείειν
2537 2425 2551 2440 '
2585 2406 2653 2460 ἵν’
2677 2404 2813 2476 ὁμοῦ
2845 2420 2905 2456 τε
2928 2402 3333 2455 ἀπαλλάττοιτο
3363 2399 3454 2454 τοῦ
3479 2397 3615 2457 δέους
3642 2391 3796 2464 (ἐδεδίει

2250 2562 2253 2563 ν
2311 2501 2422 2572 γὰρ
2453 2499 2529 2570 μὴ
2561 2498 2894 2562 ἐθελήσωσιν
2940 2496 3166 2568 εἰρήνην
3199 2492 3446 2546 τίθεσθαι
3493 2488 3612 2559 πρὸς
3647 2489 3799 2539 Καντα-

2313 2592 2580 2663 κουζηνδν
2603 2593 2692 2645 τὸν
2726 2589 2974 2661 βασιλέα)
3004 2587 3097 2641 καὶ
3127 2585 3432 2658 χρημάτων
3462 2579 3684 2651 εύποροίη
3710 2575 3800 2644 πρός

2315 2705 2375 2740 τε
2408 2686 2466 2740 το
2496 2683 2779 2738 ὁπλιτικὸν
2830 2684 2924 2736 καὶ
2950 2683 3051 2745 τὰς
3082 2680 3208 2750 τριή
3221 2697 3358 2748 ρεις,
3410 2677 3475 2730 τὰ
3499 2674 3689 2728 ἐκείνων
3711 2671 3803 2738 ὰφι-

2315 2778 2571 2847 λὸμενος.
2603 2777 2678 2829 Οὐ
2715 2776 2825 2847 μὴν
2860 2774 2917 2828 δέ
2948 2773 3086 2827 ἀλλὰ
3137 2774 3238 2824 καὶ
3270 2771 3381 2824 τῶν
3406 2769 3568 2823 ἄλλων
3594 2766 3687 2819 ὅσοι
3711 2777 3804 2831 μνη·

2317 2869 2540 2932 σθέντες
2562 2870 2831 2941 πρότερον
2856 2867 3083 2937 εἰρήνης
3115 2866 3171 2918 ἐν
3196 2867 3323 2925 ταῖς
3353 2862 3541 2922 οἰκίαις
3564 2857 3642 2913 ὑπ’
3657 2855 3804 2910 ἐκείνου

2317 2960 2875 3031 κατεκλείσθησαν,’ή
2910 2962 2965 3012 ἐν
2996 2956 3438 3029 φροντιστηρίοις
3468 2951 3682 3022 ἀπρόῖτοι
3702 2944 3804 2998 καθ-

648 3043 833 3116 magui
867 3057 1216 3098 communem
1269 3040 1541 3093 aediﬁcare
1590 3035 1881 3105 cogitabat.
1927 3032 2061 3087 Nam
2091 3047 2213 3087 cum

2250 3056 2285 3112 C
2321 3054 2625 3123 είργνυντο,
2659 3055 2876 3104 πάντων
2897 3051 2995 3112 τὰς
3017 3049 3208 3111 οὐσίας
3237 3046 3528 3117 ἀφελέσθαι
3557 3042 3673 3113 μετὰ
3693 3037 3804 3098 citi;

642 3145 789 3192 esset
821 3136 892 3189 ibi
941 3134 1138 3189 domus
1158 3174 1173 3198 ,
1207 3147 1461 3202 magnum
1494 3128 1891 3185 .lustiuianeum
1921 3124 2213 3195 appellata,

644 3242 792 3288 tecto
826 3239 1098 3285 vetustate
1128 3235 1456 3297 consumpto
1483 3262 1500 3291 ,
1545 3222 1836 3280 destructis
1866 3220 2216 3276 conclavibus

643 3323 766 3394 ipse
809 3319 1167 3376 domunculas
1215 3318 1478 3388 plurimas
1528 3316 1630 3370 sub
1680 3324 1823 3367 terra
1872 3312 1939 3367 ab
1991 3310 2219 3380 utraque

646 3424 800 3485 parte
848 3412 1178 3467 inaediﬁcare
1211 3409 1467 3472 volebat,
1525 3413 1581 3460 et
1626 3405 1680 3458 in
1717 3403 1799 3458 bis
1845 3417 1970 3457 reos
2000 3401 2222 3456 funibus

645 3506 920 3558 demissos
953 3503 1191 3556 condere
1211 3541 1228 3565 ,
1264 3510 1322 3554 ut
1348 3499 1603 3553 noctibus
1635 3495 1857 3565 quidem
1897 3495 1952 3549 in
1985 3494 2222 3550 domun-

647 3595 787 3649 culis
827 3601 1135 3652 manerent.
1161 3590 1356 3644 diebus
1385 3589 1451 3643 ad
1486 3587 1814 3643 mediocrem
1843 3585 2221 3640 remissionem

647 3699 777 3738 area
835 3683 890 3736 in
942 3682 1123 3736 medio
1178 3681 1366 3735 relicta
1425 3688 1732 3742 uterentur,
1778 3679 2009 3748 illosque
2058 3690 2225 3746 supra

651 3788 841 3830 muros
877 3771 1131 3842 vigilibus
1158 3770 1490 3838 constitutis,
1525 3779 1698 3826 totum
1729 3768 1875 3824 diem
1913 3782 1977 3823 ac
2003 3780 2226 3822 noctem

650 3863 942 3918 custodiri.
992 3860 1149 3927 Quod
1204 3861 1247 3916 si
1287 3876 1393 3931 qua
1439 3876 1500 3915 re
1546 3860 1850 3929 indigerent
1896 3858 2092 3929 vigiles
2128 3856 2225 3923 illi,

658 3965 720 4011 ut
748 3955 1103 4009 interioribus
1132 3952 1454 4007 custodibus
1488 3952 1633 4006 clare
1661 3961 1717 4005 et
1743 3965 1830 4020 apt
1846 3962 1929 4005 rte
1956 3948 2228 4011 dicerent,

651 4047 911 4102 erunibus
959 4044 1359 4108 audientibus,
1418 4058 1528 4113 quo
1592 4042 1911 4097 insidiarum
1964 4040 2232 4094 vitaretur

653 4134 923 4205 Suspicio,
965 4136 1010 4189 si
1053 4134 1190 4189 clam
1239 4148 1362 4188 cum
1390 4133 1722 4203 quibusdam
1771 4132 1985 4186 illorum
2021 4131 2231 4186 fabul-ao

656 4239 871 4282 rentur.
911 4226 1185 4291 Postlttec,
1224 4235 1283 4279 ut
1314 4225 1628 4279 referebant
1659 4225 1748 4293 qui
1774 4231 2010 4285 norant,
2054 4232 2111 4278 et
2136 4223 2231 4278 im-

658 4318 987 4388 peratricem
1029 4315 1246 4387 aggredi
1288 4314 1569 4385 cogitavit,
1615 4324 1672 4369 et
1702 4324 1936 4380 tentare,
1969 4330 2039 4368 an
2069 4314 2230 4371 vellet

658 4412 830 4480 ipsius
881 4402 1043 4463 lilium
1089 4408 1433 4477 despondere
1487 4405 1600 4462 filio
1649 4421 1749 4461 suo
1798 4406 2150 4476 imperatori,
2182 4409 2228 4462 si

622 4532 627 4538 -
660 4513 883 4571 paratus
911 4487 982 4554 sit
1010 4500 1145 4569 ipse,
1177 4501 1325 4554 velut
1375 4513 1473 4569 pro
1502 4498 1627 4552 [iliis
1671 4496 1961 4553 decertans
1986 4537 2000 4562 ,
2038 4513 2231 4553 omnes

659 4608 792 4662 opes
823 4608 950 4647 suas
980 4592 1034 4645 in
1069 4592 1273 4647 bellum
1304 4601 1498 4646 contra
1543 4589 1996 4646 Cantacuzenum
2026 4591 2235 4660 impen-

659 4685 814 4739 dere.
843 4681 977 4737 Nam
1001 4693 1056 4738 et
1078 4684 1309 4738 antehac
1332 4699 1612 4753 nunquam
1648 4700 1760 4739 non
1782 4678 2015 4737 alaerem
2040 4683 2232 4744 fuisse,

659 4785 718 4830 et
756 4790 919 4830 omne
943 4776 1186 4829 studium
1224 4789 1381 4828 suum
1431 4780 1496 4828 ad
1526 4791 1652 4830 eum
1701 4774 2055 4830 evertendum
2102 4788 2239 4826 con-

663 4867 856 4921 tulisse
883 4884 898 4919 :
929 4874 984 4919 et
1017 4880 1140 4919 cum
1174 4865 1451 4936 publicam
1493 4865 1783 4934 pecuniam
1838 4879 2054 4918 onmem
2077 4903 2091 4928 ,
2124 4870 2235 4915 tum

662 4974 827 5030 quam
863 4955 1232 5011 Cantacuzeni
1284 4957 1477 5010 amicis
1522 4956 1848 5022 abstulerit,
1882 4957 1938 5011 iu
1970 4971 2035 5009 eo
2070 4954 2239 5009 rolle-

665 5044 1036 5103 casse..Nunc
1062 5061 1188 5101 cum
1220 5063 1309 5101 res
1352 5047 1578 5101 omnino
1622 5060 1782 5102 secus
1808 5085 1823 5111 ,
1855 5062 2018 5117 quam
2057 5060 2242 5116 sperae

668 5142 846 5201 batur,
879 5138 1198 5202 acciderint,
1234 5149 1288 5192 et
1328 5137 1419 5192 ille
1455 5147 1622 5192 tutam
1670 5137 2044 5192 euntineutem
2082 5142 2243 5191 ociu-

675 5240 854 5299 par.t,
907 5244 966 5283 se
1026 5232 1160 5283 mari
1212 5229 1661 5294 dominaturum,
1722 5238 1999 5300 sumptum
2028 5231 2092 5284 de
2143 5243 2245 5283 suo

666 5322 984 5385 iacturum,
1036 5330 1092 5375 et
1146 5320 1387 5391 Byaantii
1455 5320 1872 5392 insularumque
1948 5316 2242 5392 imperium

673 5429 866 5468 secure
915 5421 1280 5467 retenturum.
1342 5413 1411 5467 Et
1460 5413 1504 5466 si
1556 5413 1775 5482 quidem
1828 5414 1919 5468 illa
1973 5414 2248 5468 connubio

670 5515 912 5573 annuat,
949 5522 1007 5560 se
1038 5515 1248 5576 patrem
1282 5506 1673 5575 imperatorum
1724 5521 1842 5560 esse
1888 5507 2050 5570 velle,
2086 5507 2252 5560 liabe-

670 5613 847 5667 reque
880 5607 1050 5653 totum
1087 5600 1367 5669 imperium
1401 5600 1456 5653 in
1486 5616 1649 5653 manu
1680 5616 1797 5667 sua,
1829 5589 2091 5654 et'facere
2130 5613 2251 5666 quae

678 5689 923 5745 libuerit.
955 5691 1051 5745 Siti
1086 5703 1306 5762 propter
1357 5693 1757 5763 ignobilitatem
1788 5706 1943 5747 suam
1979 5691 2249 5749 conditio-

2318 3146 2692 3215 δεσμωτήριον
2719 3145 2946 3211 ἀγαγεῖν
2966 3157 2979 3169 °
3003 3141 3273 3212 πρότερον
3298 3139 3408 3210 γὰρ
3431 3135 3648 3194 ἐκείνους
3667 3129 3804 3193 ὀλίγων

2318 3239 2479 3290 τινῶν
2509 3238 2882 3307 ἀπεστέρησεν
2913 3235 2978 3287 ἐκ
3004 3233 3106 3303 τῆς
3138 3233 3339 3296 οὐσίας
3359 3247 3373 3262 ·
3403 3223 3530 3307 ἐἶτα
3552 3228 3636 3281 καὶ
3652 3220 3809 3285 midi-

2319 3331 2431 3392 λοις
2461 3329 2630 3384 ἅπασι
2650 3301 2847 3397 φόρους
2864 3325 3019 3390 τάξαι
3048 3301 3305 3394 ἐτησίους
3331 3340 3355 3373 ·.
3382 3301 3442 3388 ἐξ
3468 3320 3537 3376 ὧν
3555 3311 3809 3391 χρηματιζό-

2326 3440 2487 3494 μενος
2516 3420 2796 3491 διαθρέψει
2834 3420 2894 3473 τὸ
2909 3417 3180 3474 ναυτικόν.
3227 3415 3601 3487 Δεσμωτήριον
3614 3409 3661 3464 δέ
3674 3409 3717 3462 ἐν
3737 3403 3813 3465 τοῖς

2326 3515 2617 3587 βασιλείοις
2651 3515 3063 3568 Κωνσταντίνου
3114 3512 3211 3566 τοῦ
3246 3512 3481 3583 μεγάλου
3510 3506 3664 3562 κοινὸν
3690 3500 3812 3555 ποιεῖν

2328 3604 2604 3657 διενοεῖτο.
2638 3604 2803 3657 Οίκου
2831 3603 2941 3672 γὰρ
2982 3602 3135 3665 ὄντος
3187 3603 3310 3655 ἐκεῖ
3337 3599 3562 3671 μεγάλου
3587 3596 3815 3649 ’ίουστινια-

2326 3694 2471 3747 νείου
2507 3693 3068 3764 προσαγορευομένου,
3100 3690 3199 3762 τὴν
3236 3693 3438 3758 στέγην
3464 3688 3560 3742 ὑπο
3579 3684 3660 3739 τοῦ
3681 3680 3814 3751 χρόνον

2327 3784 2748 3857 διεφθαρμένου,
2772 3786 2953 3837 πᾶσαν
2985 3783 3193 3837 εἴσοδον
3224 3780 3574 3853 ἁναφράξας,
3613 3774 3816 3830 οίιιίσιωϋς

2329 3876 2477 3931 ἔνδον
2499 3878 2706 3930 ἐκείνου
2731 3876 3014 3938 πλείστους
3031 3874 3228 3928 διελεῖν
3249 3875 3584 3943 ἐφ’ἐκατέρφ
3599 3870 3740 3938 μέρει,
3755 3863 3816 3912 καί

2329 3966 2539 4030 τούτοις
2564 3965 2916 4020 κατακλεῖσαι
2936 3965 3060 4028 τοὺς
3084 3964 3375 4032 δεσμώτας
3394 3961 3586 4018 ἄνωθεν
3606 3952 3815 4010 καλωδίοις

2334 4057 2559 4121 καθιεὶς,
2582 4055 2722 4109 ὥστε
2742 4054 2933 4118 νυκτὸς
2952 4056 3050 4125 μὲν
3072 4057 3184 4116 τοῖς
3199 4056 3474 4113 οίκίσκοις
3499 4048 3716 4121 χρῆσθαι,
3732 4040 3820 4112 ἠμί·

2337 4167 2434 4220 ρας
2475 4149 2531 4202 δὲ
2570 4147 2708 4214 πρὸς
2743 4147 2969 4216 μετρίαν
2990 4147 3177 4201 ἄνεσιν
3225 4145 3305 4217 τῷ
3338 4139 3735 4213 ύπολελειμμένῳ
3759 4147 3819 4202 μιν

2333 4239 2467 4306 ταξῦ
2496 4241 2701 4310 χωρ’ῳ.
2729 4241 2838 4309 Τὴν
2866 4239 2923 4291 δέ
2944 4239 3187 4308 φρουρὰν
3205 4240 3420 4294 ἄνωθεν
3446 4228 3821 4305 ὲγκαθιδρυμένην

2336 4334 2427 4385 ἐπὶ
2460 4332 2570 4385 τῶν
2616 4330 2812 4398 τειχῶν
2842 4328 2930 4383 διὰ
2966 4330 3145 4400 πάσης
3170 4329 3372 4391 νυκτός
3399 4345 3458 4380 τε
3476 4327 3561 4380 καὶ
3578 4313 3819 4395 ήμέριςτί.ν

2337 4423 2581 4492 φυλακην
2598 4420 2705 4474 τῶν
2718 4419 3011 4489 δεσμωτῶν
3042 4420 3337 4485 ποιεῖσθαι,
3379 4420 3480 4471 κᾶν
3518 4432 3646 4476 τινος
3666 4412 3819 4464 δέοιντο,

2338 4511 2582 4567 κάτωθεν
2616 4510 2750 4580 πρὸς
2781 4512 2908 4573 τοὺς
2940 4511 3213 4579 φρουροὺς
3271 4508 3542 4562 ποιεῖσθαι
3570 4508 3676 4566 τοὺς
3693 4500 3822 4566 λόγους

2335 4605 2607 4674 φανερῶς,
2639 4603 2780 4654 ὥστε
2811 4602 3056 4664 ἅπαντας
3083 4602 3305 4665 ειδέναι,
3333 4601 3420 4654 ἵνα
3455 4601 3525 4670 μὴ
3556 4596 3731 4650 λάθοιεν
3746 4591 3826 4642 ἐπιο

2331 4694 2535 4765 ϐουλήν
2564 4710 2690 4746 τινα
2742 4690 3237 4760 συσκευασάμενοι,
3278 4689 3464 4761 κρύφα
3511 4686 3609 4740 τῶν
3643 4678 3825 4752 polixth

2335 4789 2448 4840 τισὶ
2463 4784 2856 4853 διαλεχθέντες.
2872 4781 3027 4837 Μετὰ
3046 4780 3202 4835 τοῦτο
3219 4778 3503 4850 δὲ’ἐφασαν
3523 4781 3568 4831 oi
3590 4768 3827 4829 συνειδότες.

2339 4880 2433 4932 καὶ
2464 4877 2554 4931 ἐπὶ
2581 4876 2830 4947 βασιλίδα
2859 4879 3058 4946 χωρεῖν
3087 4873 3444 4939 δίανοεῖσθαι,
3475 4873 3563 4923 καὶ
3582 4859 3828 4930 amnem“.

2340 4971 2389 5023 εί
2411 4969 2659 5040 βούλοιτο
2679 4967 2776 5038 τὴν
2795 4967 3003 5021 ἐκείνου
3032 4958 3313 5036 θυγατέρα
3335 4964 3543 5034 βασιλεῖ
3555 4960 3625 5028 τῷ
3644 4954 3727 5024 υἱῷ
3741 4949 3833 5040 τρίς

2346 5037 2520 5131 γάμον
2582 5037 2897 5125 συνάπτειν,
2956 5057 3011 5110 εἴ
3062 5074 3127 5125 γε
3167 5056 3417 5128 βούλοιτο
3459 5054 3611 5107 αὐτὸν
3639 5048 3701 5109 ὡς
3737 5037 3832 5131 Mi

2342 5152 2555 5204 τέκνων
2613 5149 3039 5221 ἀγωνιζόμενον,
3080 5149 3258 5201 πάντα
3324 5146 3552 5200 πλοῦτον
3600 5139 3679 5194 τὸν
3721 5124 3834 5189 αύτοῧ

2347 5242 2489 5313 πρὸς
2516 5240 2608 5293 τὸν
2663 5241 2760 5293 ἐπὶ
2809 5239 3270 5310 λαντακουζηνδν
3299 5237 3606 5309 ἀναλίσκειν
3644 5227 3833 5313 minin-

2347 5312 2460 5389 Καὶ
2511 5318 2778 5402 πρότερον
2825 5332 2927 5401 μὲν
2957 5333 3066 5401 γὰρ
3097 5329 3249 5383 οὐδὲν
3302 5327 3652 5383 ἐλλελοιπέναι
3694 5312 3835 5386 προξυ·

2354 5430 2502 5496 μίας,
2536 5424 2630 5478 καὶ
2657 5426 2836 5478 πᾶσαν
2868 5425 3103 5494 σπουδὴν
3131 5424 3267 5494 πρὸς
3299 5425 3402 5493 τὴν
3434 5421 3632 5477 ἐκείνου
3665 5406 3835 5467 utili"

2353 5534 2440 5569 σιν
2472 5517 2850 5587 ἐπιδεδεῖχθαι,
2888 5518 2981 5569 καὶ
3023 5518 3201 5571 πάντα
3247 5515 3586 5570 ἀναλωκέναι
3618 5508 3677 5561 τὰ
3703 5496 3833 5557 κοινάν

2357 5612 2453 5662 καὶ
2484 5608 2518 5662 ἃ
2549 5584 2806 5677 ἀφείλετο
2864 5611 2926 5660 ἐκ
2984 5608 3092 5661 τῶν
3124 5607 3320 5676 ἐκείνῳ
3351 5602 3713 5677 προσεχόντων.

2355 5698 2412 5752 δὲ
2450 5701 2529 5762 εἰς
2553 5698 2864 5752 τούναντίον
2896 5697 3044 5753 ἅπαν
3073 5698 3179 5752 τῶν
3213 5675 3560 5769 πραγμάτων
3600 5675 3837 5759 περιελθόν-
