  <div class='ocr_page' id='page_1' title='image "/cluster/home/n/w/nwhite01/storage/ocr_20150623/153/mdp.39015078384727/634.png"; bbox 0 0 4066 6298; ppageno 0'>
   <div class='ocr_carea' id='block_1_1' title="bbox 397 351 536 419">
    <p class='ocr_par' dir='ltr' id='par_1_1' title="bbox 397 351 536 419">
     <span class='ocr_line' id='line_1_1' title="bbox 397 351 536 419; baseline 0.007 -1"><span class='ocrx_word' id='word_1_1' title='bbox 397 351 536 419; x_wconf 74' lang='grc'><strong>1233</strong></span> 
     </span>
    </p>
   </div>
   <div class='ocr_carea' id='block_1_2' title="bbox 1520 322 2498 420">
    <p class='ocr_par' dir='ltr' id='par_1_2' title="bbox 1520 322 2498 420">
     <span class='ocr_line' id='line_1_2' title="bbox 1520 322 2498 420; baseline -0.005 0"><span class='ocrx_word' id='word_1_2' title='bbox 1520 354 2068 420; x_wconf 73' lang='grc' dir='ltr'><strong>ΗΙΞΤΟΒΙΑΒΠΜ</strong></span> <span class='ocrx_word' id='word_1_3' title='bbox 2108 355 2340 417; x_wconf 70' lang='lat' dir='ltr'><strong>usus</strong></span> <span class='ocrx_word' id='word_1_4' title='bbox 2368 322 2498 419; x_wconf 70' lang='lat' dir='ltr'><strong>tu.</strong></span> 
     </span>
    </p>
   </div>
   <div class='ocr_carea' id='block_1_3' title="bbox 3497 356 3633 423">
    <p class='ocr_par' dir='ltr' id='par_1_3' title="bbox 3497 356 3633 423">
     <span class='ocr_line' id='line_1_3' title="bbox 3497 356 3633 423; baseline 0 -1"><span class='ocrx_word' id='word_1_5' title='bbox 3497 356 3633 423; x_wconf 64' lang='lat' dir='ltr'><strong>1323i</strong></span> 
     </span>
    </p>
   </div>
   <div class='ocr_carea' id='block_1_4' title="bbox 389 463 1980 541">
    <p class='ocr_par' dir='ltr' id='par_1_4' title="bbox 389 463 1962 540">
     <span class='ocr_line' id='line_1_4' title="bbox 389 463 1962 540; baseline -0.003 -18"><span class='ocrx_word' id='word_1_6' title='bbox 389 467 596 531; x_wconf 83' lang='grc' dir='ltr'>ἀδείας.</span> <span class='ocrx_word' id='word_1_7' title='bbox 658 465 877 521; x_wconf 78' lang='grc' dir='ltr'><strong>Βασιλεῖ</strong></span> <span class='ocrx_word' id='word_1_8' title='bbox 925 469 1025 540; x_wconf 81' lang='grc' dir='ltr'><strong>μὲν</strong></span> <span class='ocrx_word' id='word_1_9' title='bbox 1078 463 1173 522; x_wconf 80' lang='grc' dir='ltr'>οὖν</span> <span class='ocrx_word' id='word_1_10' title='bbox 1228 468 1406 522; x_wconf 74' lang='grc' dir='ltr'>ἐδόκει</span> <span class='ocrx_word' id='word_1_11' title='bbox 1458 471 1795 539; x_wconf 74' lang='grc' dir='ltr'>ἀμφοτέροις</span> <span class='ocrx_word' id='word_1_12' title='bbox 1852 469 1962 522; x_wconf 82' lang='grc' dir='ltr'>δεῖν</span> 
     </span>
    </p>
   </div>
   <div class='ocr_carea' id='block_1_5' title="bbox 2079 463 3633 541">
    <p class='ocr_par' dir='ltr' id='par_1_5' title="bbox 2079 470 3633 541">
     <span class='ocr_line' id='line_1_5' title="bbox 2079 470 3633 541; baseline 0.005 -16"><span class='ocrx_word' id='word_1_13' title='bbox 2079 470 2265 531; x_wconf 69' lang='lat' dir='ltr'><strong>studio,</strong></span> <span class='ocrx_word' id='word_1_14' title='bbox 2294 479 2352 524; x_wconf 89' lang='lat' dir='ltr'><strong>et</strong></span> <span class='ocrx_word' id='word_1_15' title='bbox 2377 470 2563 525; x_wconf 79' lang='lat' dir='ltr'><strong>ambas</strong></span> <span class='ocrx_word' id='word_1_16' title='bbox 2596 484 2715 525; x_wconf 82' lang='lat' dir='ltr'><strong>esse</strong></span> <span class='ocrx_word' id='word_1_17' title='bbox 2738 486 2952 524; x_wconf 86' lang='lat' dir='ltr'><strong>summe</strong></span> <span class='ocrx_word' id='word_1_18' title='bbox 2993 472 3327 527; x_wconf 80' lang='lat' dir='ltr'><strong>necessarias</strong></span> <span class='ocrx_word' id='word_1_19' title='bbox 3356 474 3633 541; x_wconf 50' lang='lat' dir='ltr'><strong>judicans.</strong></span> 
     </span>
    </p>
   </div>
   <div class='ocr_carea' id='block_1_6' title="bbox 390 559 1961 630">
    <p class='ocr_par' dir='ltr' id='par_1_6' title="bbox 390 559 1961 630">
     <span class='ocr_line' id='line_1_6' title="bbox 390 559 1961 630; baseline 0.001 -18"><span class='ocrx_word' id='word_1_20' title='bbox 390 559 630 628; x_wconf 78' lang='grc' dir='ltr'><strong>σπουδῆς</strong></span> <span class='ocrx_word' id='word_1_21' title='bbox 675 560 879 630; x_wconf 82' lang='grc' dir='ltr'>πολλῆς</span> <span class='ocrx_word' id='word_1_22' title='bbox 900 601 917 627; x_wconf 89' lang='grc'><strong>,</strong></span> <span class='ocrx_word' id='word_1_23' title='bbox 971 564 1065 616; x_wconf 72' lang='grc' dir='ltr'>καὶ</span> <span class='ocrx_word' id='word_1_24' title='bbox 1113 561 1221 615; x_wconf 85' lang='grc' dir='ltr'><strong>τῶν</strong></span> <span class='ocrx_word' id='word_1_25' title='bbox 1292 562 1743 628; x_wconf 72' lang='grc' dir='ltr'><strong>ἀναγκαιοτάτων</strong></span> <span class='ocrx_word' id='word_1_26' title='bbox 1794 561 1961 630; x_wconf 70' lang='grc' dir='ltr'>ἄμφω</span> 
     </span>
    </p>
   </div>
   <div class='ocr_carea' id='block_1_7' title="bbox 390 642 1962 720">
    <p class='ocr_par' dir='ltr' id='par_1_7' title="bbox 390 642 1962 720">
     <span class='ocr_line' id='line_1_7' title="bbox 390 642 1962 720; baseline 0.003 -21"><span class='ocrx_word' id='word_1_27' title='bbox 390 642 552 713; x_wconf 68' lang='grc' dir='ltr'>εἶναι,</span> <span class='ocrx_word' id='word_1_28' title='bbox 583 649 677 700; x_wconf 69' lang='grc' dir='ltr'>καὶ</span> <span class='ocrx_word' id='word_1_29' title='bbox 706 650 1003 719; x_wconf 68' lang='grc' dir='ltr'>ἑμερίζετο</span> <span class='ocrx_word' id='word_1_30' title='bbox 1042 654 1156 713; x_wconf 83' lang='grc' dir='ltr'>τοῖς</span> <span class='ocrx_word' id='word_1_31' title='bbox 1193 650 1502 720; x_wconf 77' lang='grc' dir='ltr'>λογισμοῖς.</span> <span class='ocrx_word' id='word_1_32' title='bbox 1543 650 1872 720; x_wconf 73' lang='grc' dir='ltr'><strong>Ἐκκλησίαν</strong></span> <span class='ocrx_word' id='word_1_33' title='bbox 1903 651 1962 703; x_wconf 70' lang='grc' dir='ltr'><strong>δὲ</strong></span> 
     </span>
    </p>
   </div>
   <div class='ocr_carea' id='block_1_8' title="bbox 391 736 1964 811">
    <p class='ocr_par' dir='ltr' id='par_1_8' title="bbox 391 736 1964 811">
     <span class='ocr_line' id='line_1_8' title="bbox 391 736 1964 811; baseline 0.002 -22"><span class='ocrx_word' id='word_1_34' title='bbox 391 737 458 789; x_wconf 84' lang='grc' dir='ltr'><strong>ὲκ</strong></span> <span class='ocrx_word' id='word_1_35' title='bbox 488 736 597 790; x_wconf 91' lang='grc' dir='ltr'><strong>τῶν</strong></span> <span class='ocrx_word' id='word_1_36' title='bbox 621 738 682 790; x_wconf 77' lang='grc' dir='ltr'><strong>ὲν</strong></span> <span class='ocrx_word' id='word_1_37' title='bbox 709 738 857 791; x_wconf 83' lang='grc' dir='ltr'>τέλει</span> <span class='ocrx_word' id='word_1_38' title='bbox 892 742 1289 808; x_wconf 76' lang='grc' dir='ltr'><strong>ποιησάμενος,</strong></span> <span class='ocrx_word' id='word_1_39' title='bbox 1318 744 1414 795; x_wconf 78' lang='grc' dir='ltr'><strong>καὶ</strong></span> <span class='ocrx_word' id='word_1_40' title='bbox 1456 740 1677 810; x_wconf 71' lang='grc' dir='ltr'><strong>Ἀμοίιρ¹</strong></span> <span class='ocrx_word' id='word_1_41' title='bbox 1698 741 1964 811; x_wconf 83' lang='grc' dir='ltr'>παρόντος</span> 
     </span>
    </p>
   </div>
   <div class='ocr_carea' id='block_1_9' title="bbox 389 828 1960 902">
    <p class='ocr_par' dir='ltr' id='par_1_9' title="bbox 389 828 1960 902">
     <span class='ocr_line' id='line_1_9' title="bbox 389 828 1960 902; baseline 0.003 -22"><span class='ocrx_word' id='word_1_42' title='bbox 389 828 486 882; x_wconf 82' lang='grc' dir='ltr'><strong>τοῦ</strong></span> <span class='ocrx_word' id='word_1_43' title='bbox 519 829 802 898; x_wconf 71' lang='grc' dir='ltr'>σατράπου</span> <span class='ocrx_word' id='word_1_44' title='bbox 852 831 948 884; x_wconf 77' lang='grc' dir='ltr'><strong>καὶ</strong></span> <span class='ocrx_word' id='word_1_45' title='bbox 1002 831 1396 900; x_wconf 69' lang='grc' dir='ltr'>Σουλιμάνιτοῦ</span> <span class='ocrx_word' id='word_1_46' title='bbox 1459 832 1714 902; x_wconf 72' lang='grc' dir='ltr'>Σαρχὰνη</span> <span class='ocrx_word' id='word_1_47' title='bbox 1749 833 1960 897; x_wconf 83' lang='grc' dir='ltr'>παιδὸς,</span> 
     </span>
    </p>
   </div>
   <div class='ocr_carea' id='block_1_10' title="bbox 392 919 1962 992">
    <p class='ocr_par' dir='ltr' id='par_1_10' title="bbox 392 919 1962 992">
     <span class='ocr_line' id='line_1_10' title="bbox 392 919 1962 992; baseline 0.002 -20"><span class='ocrx_word' id='word_1_48' title='bbox 392 920 475 983; x_wconf 78' lang='grc' dir='ltr'>εἰς</span> <span class='ocrx_word' id='word_1_49' title='bbox 528 919 709 973; x_wconf 84' lang='grc' dir='ltr'>κοινὸν</span> <span class='ocrx_word' id='word_1_50' title='bbox 773 920 1060 991; x_wconf 77' lang='grc' dir='ltr'>προυτίθει</span> <span class='ocrx_word' id='word_1_51' title='bbox 1127 921 1225 991; x_wconf 78' lang='grc' dir='ltr'><strong>τὴν</strong></span> <span class='ocrx_word' id='word_1_52' title='bbox 1289 920 1505 992; x_wconf 70' lang='grc' dir='ltr'>βουλήν.</span> <span class='ocrx_word' id='word_1_53' title='bbox 1568 923 1679 975; x_wconf 78' lang='grc' dir='ltr'><strong>Καὶ</strong></span> <span class='ocrx_word' id='word_1_54' title='bbox 1743 922 1962 976; x_wconf 75' lang='grc' dir='ltr'>ἐκέλευε</span> 
     </span>
    </p>
   </div>
   <div class='ocr_carea' id='block_1_11' title="bbox 397 1007 1962 1081">
    <p class='ocr_par' dir='ltr' id='par_1_11' title="bbox 397 1007 1962 1081">
     <span class='ocr_line' id='line_1_11' title="bbox 397 1007 1962 1081; baseline 0.003 -23"><span class='ocrx_word' id='word_1_55' title='bbox 397 1007 631 1078; x_wconf 82' lang='grc' dir='ltr'><strong>γνώμην</strong></span> <span class='ocrx_word' id='word_1_56' title='bbox 683 1008 927 1064; x_wconf 66' lang='grc' dir='ltr'>ἕκαστον</span> <span class='ocrx_word' id='word_1_57' title='bbox 970 1010 1236 1076; x_wconf 72' lang='grc' dir='ltr'><strong>εἰσάγειν,</strong></span> <span class='ocrx_word' id='word_1_58' title='bbox 1270 1011 1305 1080; x_wconf 78' lang='grc' dir='ltr'>ἢ</span> <span class='ocrx_word' id='word_1_59' title='bbox 1354 1010 1421 1064; x_wconf 79' lang='grc' dir='ltr'><strong>ἂν</strong></span> <span class='ocrx_word' id='word_1_60' title='bbox 1474 1011 1545 1063; x_wconf 79' lang='grc' dir='ltr'>έν-</span> <span class='ocrx_word' id='word_1_61' title='bbox 1581 1014 1694 1075; x_wconf 86' lang='grc' dir='ltr'>τοῖς</span> <span class='ocrx_word' id='word_1_62' title='bbox 1728 1009 1962 1081; x_wconf 73' lang='grc' dir='ltr'>παροῦσι</span> 
     </span>
    </p>
   </div>
   <div class='ocr_carea' id='block_1_12' title="bbox 393 1100 1962 1175">
    <p class='ocr_par' dir='ltr' id='par_1_12' title="bbox 393 1100 1962 1175">
     <span class='ocr_line' id='line_1_12' title="bbox 393 1100 1962 1175; baseline 0.003 -21"><span class='ocrx_word' id='word_1_63' title='bbox 393 1101 579 1168; x_wconf 82' lang='grc' dir='ltr'><strong>δοκοίη</strong></span> <span class='ocrx_word' id='word_1_64' title='bbox 624 1100 1046 1172; x_wconf 79' lang='grc' dir='ltr'>λυσιτελεστέρα</span> <span class='ocrx_word' id='word_1_65' title='bbox 1094 1101 1261 1171; x_wconf 78' lang='grc' dir='ltr'>εἶναι,</span> <span class='ocrx_word' id='word_1_66' title='bbox 1317 1105 1496 1158; x_wconf 76' lang='grc' dir='ltr'>ἐδόκει</span> <span class='ocrx_word' id='word_1_67' title='bbox 1544 1105 1665 1174; x_wconf 68' lang='grc' dir='ltr'><strong>’μὲν</strong></span> <span class='ocrx_word' id='word_1_68' title='bbox 1701 1103 1962 1175; x_wconf 17' lang='grc' dir='ltr'>οὗνηπᾶσι</span> 
     </span>
    </p>
   </div>
   <div class='ocr_carea' id='block_1_13' title="bbox 392 1192 1960 1266">
    <p class='ocr_par' dir='ltr' id='par_1_13' title="bbox 392 1192 1960 1266">
     <span class='ocr_line' id='line_1_13' title="bbox 392 1192 1960 1266; baseline 0.002 -22"><span class='ocrx_word' id='word_1_69' title='bbox 392 1194 545 1261; x_wconf 79' lang='grc' dir='ltr'>κοινῇ</span> <span class='ocrx_word' id='word_1_70' title='bbox 597 1194 734 1262; x_wconf 79' lang='grc' dir='ltr'>πρὸς</span> <span class='ocrx_word' id='word_1_71' title='bbox 768 1195 1065 1257; x_wconf 80' lang='grc' dir='ltr'><strong>Βυζάντιον</strong></span> <span class='ocrx_word' id='word_1_72' title='bbox 1126 1197 1274 1250; x_wconf 70' lang='grc' dir='ltr'>ἰτέον</span> <span class='ocrx_word' id='word_1_73' title='bbox 1307 1192 1446 1250; x_wconf 72' lang='grc' dir='ltr'>εἶναι</span> <span class='ocrx_word' id='word_1_74' title='bbox 1477 1197 1572 1250; x_wconf 74' lang='grc' dir='ltr'><strong>καὶ</strong></span> <span class='ocrx_word' id='word_1_75' title='bbox 1601 1196 1676 1266; x_wconf 73' lang='grc' dir='ltr'>μὴ</span> <span class='ocrx_word' id='word_1_76' title='bbox 1713 1195 1960 1266; x_wconf 76' lang='grc' dir='ltr'>μέλλειν-ο</span> 
     </span>
    </p>
   </div>
   <div class='ocr_carea' id='block_1_14' title="bbox 392 1284 1964 1357">
    <p class='ocr_par' dir='ltr' id='par_1_14' title="bbox 392 1284 1964 1357">
     <span class='ocr_line' id='line_1_14' title="bbox 392 1284 1964 1357; baseline 0.001 -21"><span class='ocrx_word' id='word_1_77' title='bbox 392 1285 453 1336; x_wconf 86' lang='grc' dir='ltr'>οὐ</span> <span class='ocrx_word' id='word_1_78' title='bbox 487 1285 598 1352; x_wconf 77' lang='grc' dir='ltr'><strong>γὰρ</strong></span> <span class='ocrx_word' id='word_1_79' title='bbox 630 1286 701 1336; x_wconf 70' lang='grc' dir='ltr'><strong>τὰ</strong></span> <span class='ocrx_word' id='word_1_80' title='bbox 757 1286 1055 1356; x_wconf 77' lang='grc' dir='ltr'>πράγματα</span> <span class='ocrx_word' id='word_1_81' title='bbox 1098 1289 1297 1350; x_wconf 69' lang='grc' dir='ltr'>αὐτοὺς</span> <span class='ocrx_word' id='word_1_82' title='bbox 1325 1287 1698 1357; x_wconf 80' lang='grc' dir='ltr'>ἀναμενοῦσιν</span> <span class='ocrx_word' id='word_1_83' title='bbox 1734 1288 1802 1339; x_wconf 86' lang='grc' dir='ltr'><strong>ἂν</strong></span> <span class='ocrx_word' id='word_1_84' title='bbox 1842 1284 1964 1356; x_wconf 80' lang='grc' dir='ltr'>τρί-</span> 
     </span>
    </p>
   </div>
   <div class='ocr_carea' id='block_1_15' title="bbox 394 1367 1963 1446">
    <p class='ocr_par' dir='ltr' id='par_1_15' title="bbox 394 1367 1963 1446">
     <span class='ocr_line' id='line_1_15' title="bbox 394 1367 1963 1446; baseline 0.002 -19"><span class='ocrx_word' id='word_1_85' title='bbox 394 1374 533 1427; x_wconf 74' lang='grc' dir='ltr'><strong>εωσι</strong></span> <span class='ocrx_word' id='word_1_86' title='bbox 582 1374 681 1428; x_wconf 76' lang='grc' dir='ltr'>τὸν</span> <span class='ocrx_word' id='word_1_87' title='bbox 727 1378 917 1445; x_wconf 81' lang='grc' dir='ltr'>καιρὸν</span> <span class='ocrx_word' id='word_1_88' title='bbox 952 1378 1046 1430; x_wconf 71' lang='grc' dir='ltr'><strong>καὶ</strong></span> <span class='ocrx_word' id='word_1_89' title='bbox 1091 1378 1448 1446; x_wconf 71' lang='grc' dir='ltr'>διαμέὶλωσι.</span> <span class='ocrx_word' id='word_1_90' title='bbox 1470 1367 1745 1441; x_wconf 70' lang='grc' dir='ltr'><strong>⁸Βασιλεὺς</strong></span> <span class='ocrx_word' id='word_1_91' title='bbox 1776 1377 1833 1429; x_wconf 77' lang='grc' dir='ltr'>δὲ</span> <span class='ocrx_word' id='word_1_92' title='bbox 1862 1376 1963 1430; x_wconf 70' lang='grc' dir='ltr'>οὐκ</span> 
     </span>
    </p>
   </div>
   <div class='ocr_carea' id='block_1_16' title="bbox 395 1465 1962 1540">
    <p class='ocr_par' dir='ltr' id='par_1_16' title="bbox 395 1465 1962 1540">
     <span class='ocr_line' id='line_1_16' title="bbox 395 1465 1962 1540; baseline 0.004 -23"><span class='ocrx_word' id='word_1_93' title='bbox 395 1465 573 1535; x_wconf 75' lang='grc' dir='ltr'>ὀρθῶν</span> <span class='ocrx_word' id='word_1_94' title='bbox 624 1465 854 1537; x_wconf 74' lang='grc' dir='ltr'>ἔχεσθαι</span> <span class='ocrx_word' id='word_1_95' title='bbox 899 1469 1176 1539; x_wconf 82' lang='grc' dir='ltr'>λογισμῶν</span> <span class='ocrx_word' id='word_1_96' title='bbox 1235 1470 1306 1522; x_wconf 84' lang='grc' dir='ltr'><strong>τά</strong></span> <span class='ocrx_word' id='word_1_97' title='bbox 1344 1470 1615 1540; x_wconf 71' lang='grc' dir='ltr'>εἰρημένα</span> <span class='ocrx_word' id='word_1_98' title='bbox 1644 1469 1962 1535; x_wconf 78' lang='grc' dir='ltr'>ἀπεδείκνο.</span> 
     </span>
    </p>
   </div>
   <div class='ocr_carea' id='block_1_17' title="bbox 396 1560 1962 1633">
    <p class='ocr_par' dir='ltr' id='par_1_17' title="bbox 396 1560 1962 1633">
     <span class='ocr_line' id='line_1_17' title="bbox 396 1560 1962 1633; baseline 0.001 -20"><span class='ocrx_word' id='word_1_99' title='bbox 396 1560 537 1623; x_wconf 81' lang='grc' dir='ltr'><strong>Τοὺς</strong></span> <span class='ocrx_word' id='word_1_100' title='bbox 567 1561 670 1627; x_wconf 77' lang='grc' dir='ltr'>μὲν</span> <span class='ocrx_word' id='word_1_101' title='bbox 714 1561 822 1632; x_wconf 77' lang='grc' dir='ltr'><strong>γὰρ</strong></span> <span class='ocrx_word' id='word_1_102' title='bbox 856 1562 1043 1630; x_wconf 74' lang='grc' dir='ltr'>φίλους</span> <span class='ocrx_word' id='word_1_103' title='bbox 1086 1563 1446 1633; x_wconf 70' lang='grc' dir='ltr'><strong>γεγραφέναι,</strong></span> <span class='ocrx_word' id='word_1_104' title='bbox 1476 1563 1551 1626; x_wconf 82' lang='grc' dir='ltr'><strong>ὡς</strong></span> <span class='ocrx_word' id='word_1_105' title='bbox 1591 1561 1962 1632; x_wconf 81' lang='grc' dir='ltr'>παρακοιμώ-</span> 
     </span>
    </p>
   </div>
   <div class='ocr_carea' id='block_1_18' title="bbox 398 1650 2007 1721">
    <p class='ocr_par' dir='ltr' id='par_1_18' title="bbox 398 1650 2007 1721">
     <span class='ocr_line' id='line_1_18' title="bbox 398 1650 2007 1721; baseline 0.005 -22"><span class='ocrx_word' id='word_1_106' title='bbox 398 1664 563 1717; x_wconf 79' lang='grc' dir='ltr'>μενον</span> <span class='ocrx_word' id='word_1_107' title='bbox 604 1650 966 1713; x_wconf 77' lang='grc' dir='ltr'><strong>ἀπεκτονότες</strong></span> <span class='ocrx_word' id='word_1_108' title='bbox 1001 1653 1051 1704; x_wconf 81' lang='lat' dir='ltr'><strong>oi</strong></span> <span class='ocrx_word' id='word_1_109' title='bbox 1094 1651 1376 1721; x_wconf 76' lang='grc' dir='ltr'><strong>δεσμῶται</strong></span> <span class='ocrx_word' id='word_1_110' title='bbox 1400 1691 1414 1716; x_wconf 87' lang='grc'><strong>,</strong></span> <span class='ocrx_word' id='word_1_111' title='bbox 1444 1652 1515 1705; x_wconf 78' lang='grc' dir='ltr'>τὰ</span> <span class='ocrx_word' id='word_1_112' title='bbox 1547 1650 1961 1704; x_wconf 83' lang='grc' dir='ltr'>Κωνσταντίνου</span> <span class='ocrx_word' id='word_1_113' title='bbox 1994 1700 2007 1707; x_wconf 73' lang='grc'><strong>-</strong></span> 
     </span>
    </p>
   </div>
   <div class='ocr_carea' id='block_1_19' title="bbox 395 1732 1965 1809">
    <p class='ocr_par' dir='ltr' id='par_1_19' title="bbox 395 1732 1965 1809">
     <span class='ocr_line' id='line_1_19' title="bbox 395 1732 1965 1809; baseline 0.004 -23"><span class='ocrx_word' id='word_1_114' title='bbox 395 1732 647 1799; x_wconf 79' lang='grc' dir='ltr'>βασίλεια</span> <span class='ocrx_word' id='word_1_115' title='bbox 697 1734 851 1789; x_wconf 75' lang='grc' dir='ltr'>αὐτοὶ</span> <span class='ocrx_word' id='word_1_116' title='bbox 901 1738 1188 1808; x_wconf 70' lang='grc' dir='ltr'><strong>κατέσχον⁹</strong></span> <span class='ocrx_word' id='word_1_117' title='bbox 1215 1740 1415 1809; x_wconf 76' lang='grc' dir='ltr'>ἄδηλον</span> <span class='ocrx_word' id='word_1_118' title='bbox 1445 1740 1502 1793; x_wconf 78' lang='grc' dir='ltr'><strong>δὲ</strong></span> <span class='ocrx_word' id='word_1_119' title='bbox 1546 1736 1688 1793; x_wconf 80' lang='grc' dir='ltr'>εἶναι</span> <span class='ocrx_word' id='word_1_120' title='bbox 1733 1741 1783 1794; x_wconf 81' lang='grc' dir='ltr'>εί</span> <span class='ocrx_word' id='word_1_121' title='bbox 1832 1758 1965 1793; x_wconf 89' lang='grc' dir='ltr'>κατ-</span> 
     </span>
    </p>
   </div>
   <div class='ocr_carea' id='block_1_20' title="bbox 396 1801 2040 1902">
    <p class='ocr_par' dir='ltr' id='par_1_20' title="bbox 396 1801 2040 1902">
     <span class='ocr_line' id='line_1_20' title="bbox 396 1801 2040 1902; baseline 0.012 -27"><span class='ocrx_word' id='word_1_122' title='bbox 396 1823 583 1893; x_wconf 74' lang='grc' dir='ltr'>έχουσι</span> <span class='ocrx_word' id='word_1_123' title='bbox 614 1826 709 1878; x_wconf 78' lang='grc' dir='ltr'><strong>καὶ</strong></span> <span class='ocrx_word' id='word_1_124' title='bbox 756 1827 918 1898; x_wconf 87' lang='grc' dir='ltr'>μέχρι</span> <span class='ocrx_word' id='word_1_125' title='bbox 970 1801 1107 1883; x_wconf 45' lang='grc' dir='ltr'><strong>νῦνῖ</strong></span> <span class='ocrx_word' id='word_1_126' title='bbox 1132 1831 1196 1883; x_wconf 78' lang='grc' dir='ltr'><strong>Εἰ</strong></span> <span class='ocrx_word' id='word_1_127' title='bbox 1232 1801 1330 1900; x_wconf 73' lang='grc' dir='ltr'><strong>μὲν</strong></span> <span class='ocrx_word' id='word_1_128' title='bbox 1374 1832 1487 1902; x_wconf 82' lang='grc' dir='ltr'><strong>γὰρ</strong></span> <span class='ocrx_word' id='word_1_129' title='bbox 1525 1830 1774 1902; x_wconf 70' lang='grc' dir='ltr'>ἀπασαή</span> <span class='ocrx_word' id='word_1_130' title='bbox 1808 1832 1963 1894; x_wconf 84' lang='grc' dir='ltr'>πόλις</span> <span class='ocrx_word' id='word_1_131' title='bbox 1991 1801 2040 1862; x_wconf 76' lang='grc' dir='ltr'><strong>Β</strong></span> 
     </span>
    </p>
   </div>
   <div class='ocr_carea' id='block_1_21' title="bbox 394 1914 1962 1990">
    <p class='ocr_par' dir='ltr' id='par_1_21' title="bbox 394 1914 1962 1990">
     <span class='ocr_line' id='line_1_21' title="bbox 394 1914 1962 1990; baseline 0.006 -26"><span class='ocrx_word' id='word_1_132' title='bbox 394 1914 820 1985; x_wconf 81' lang='grc' dir='ltr'><strong>προσεχώρησεν</strong></span> <span class='ocrx_word' id='word_1_133' title='bbox 851 1918 1025 1987; x_wconf 69' lang='grc' dir='ltr'>ἡμῖν,</span> <span class='ocrx_word' id='word_1_134' title='bbox 1056 1919 1155 1973; x_wconf 76' lang='grc' dir='ltr'><strong>καὶ</strong></span> <span class='ocrx_word' id='word_1_135' title='bbox 1207 1919 1361 1973; x_wconf 69' lang='grc' dir='ltr'>οὐδὲν</span> <span class='ocrx_word' id='word_1_136' title='bbox 1410 1919 1640 1984; x_wconf 76' lang='grc' dir='ltr'>ἐκείνοις</span> <span class='ocrx_word' id='word_1_137' title='bbox 1683 1920 1962 1990; x_wconf 74' lang='grc' dir='ltr'><strong>ἐνοχλοῦσι</strong></span> 
     </span>
    </p>
   </div>
   <div class='ocr_carea' id='block_1_22' title="bbox 397 2001 1964 2079">
    <p class='ocr_par' dir='ltr' id='par_1_22' title="bbox 397 2001 1964 2079">
     <span class='ocr_line' id='line_1_22' title="bbox 397 2001 1964 2079; baseline 0.004 -25"><span class='ocrx_word' id='word_1_138' title='bbox 397 2001 490 2055; x_wconf 79' lang='grc' dir='ltr'><strong>διὰ</strong></span> <span class='ocrx_word' id='word_1_139' title='bbox 534 2004 631 2072; x_wconf 78' lang='grc' dir='ltr'><strong>τὴν</strong></span> <span class='ocrx_word' id='word_1_140' title='bbox 684 2003 901 2060; x_wconf 79' lang='grc' dir='ltr'>εὕνοιαν</span> <span class='ocrx_word' id='word_1_141' title='bbox 931 2006 1031 2077; x_wconf 79' lang='grc' dir='ltr'><strong>τὴν</strong></span> <span class='ocrx_word' id='word_1_142' title='bbox 1068 2008 1206 2078; x_wconf 80' lang='grc' dir='ltr'>πρὸς</span> <span class='ocrx_word' id='word_1_143' title='bbox 1239 2008 1408 2078; x_wconf 75' lang='grc' dir='ltr'>ἡμᾶς,</span> <span class='ocrx_word' id='word_1_144' title='bbox 1442 2009 1505 2062; x_wconf 79' lang='grc' dir='ltr'><strong>τί</strong></span> <span class='ocrx_word' id='word_1_145' title='bbox 1530 2008 1613 2062; x_wconf 81' lang='grc' dir='ltr'>δεῖ</span> <span class='ocrx_word' id='word_1_146' title='bbox 1661 2009 1964 2079; x_wconf 81' lang='grc' dir='ltr'>ταχυτῆτος</span> 
     </span>
    </p>
   </div>
   <div class='ocr_carea' id='block_1_23' title="bbox 402 2092 1967 2170">
    <p class='ocr_par' dir='ltr' id='par_1_23' title="bbox 402 2092 1967 2170">
     <span class='ocr_line' id='line_1_23' title="bbox 402 2092 1967 2170; baseline 0.005 -25"><span class='ocrx_word' id='word_1_147' title='bbox 402 2092 540 2162; x_wconf 75' lang='grc' dir='ltr'>πρὸς</span> <span class='ocrx_word' id='word_1_148' title='bbox 590 2095 854 2162; x_wconf 73' lang='grc' dir='ltr'>ἐκείνους,</span> <span class='ocrx_word' id='word_1_149' title='bbox 918 2098 1047 2170; x_wconf 82' lang='grc' dir='ltr'>μήτ’</span> <span class='ocrx_word' id='word_1_150' title='bbox 1082 2098 1265 2154; x_wconf 83' lang='grc' dir='ltr'>αὐτῶν</span> <span class='ocrx_word' id='word_1_151' title='bbox 1302 2100 1493 2154; x_wconf 80' lang='grc' dir='ltr'><strong>οὐδένα</strong></span> <span class='ocrx_word' id='word_1_152' title='bbox 1550 2101 1794 2154; x_wconf 84' lang='grc' dir='ltr'>κίνδυνον</span> <span class='ocrx_word' id='word_1_153' title='bbox 1834 2101 1967 2154; x_wconf 72' lang='lat' dir='ltr'><strong>imo-</strong></span> 
     </span>
    </p>
   </div>
   <div class='ocr_carea' id='block_1_24' title="bbox 400 2185 1967 2263">
    <p class='ocr_par' dir='ltr' id='par_1_24' title="bbox 400 2185 1967 2263">
     <span class='ocr_line' id='line_1_24' title="bbox 400 2185 1967 2263; baseline 0.008 -26"><span class='ocrx_word' id='word_1_154' title='bbox 400 2185 713 2240; x_wconf 84' lang='grc' dir='ltr'>πτευόντων</span> <span class='ocrx_word' id='word_1_155' title='bbox 735 2225 752 2252; x_wconf 87' lang='grc'><strong>,</strong></span> <span class='ocrx_word' id='word_1_156' title='bbox 783 2191 878 2243; x_wconf 74' lang='grc' dir='ltr'>καὶ</span> <span class='ocrx_word' id='word_1_157' title='bbox 907 2189 1065 2260; x_wconf 82' lang='grc' dir='ltr'>ήμῶν</span> <span class='ocrx_word' id='word_1_158' title='bbox 1099 2188 1491 2262; x_wconf 80' lang='grc' dir='ltr'>ζημιουμένων</span> <span class='ocrx_word' id='word_1_159' title='bbox 1518 2191 1609 2246; x_wconf 79' lang='grc' dir='ltr'><strong>διὰ</strong></span> <span class='ocrx_word' id='word_1_160' title='bbox 1627 2192 1740 2263; x_wconf 62' lang='grc' dir='ltr'>ιτὴν</span> <span class='ocrx_word' id='word_1_161' title='bbox 1771 2193 1967 2263; x_wconf 53' lang='lat' dir='ltr'><strong>penu.-</strong></span> 
     </span>
    </p>
   </div>
   <div class='ocr_carea' id='block_1_25' title="bbox 401 2277 1963 2355">
    <p class='ocr_par' dir='ltr' id='par_1_25' title="bbox 401 2277 1963 2355">
     <span class='ocr_line' id='line_1_25' title="bbox 401 2277 1963 2355; baseline 0.004 -27"><span class='ocrx_word' id='word_1_162' title='bbox 401 2292 485 2328; x_wconf 86' lang='grc' dir='ltr'><strong>σιν</strong></span> <span class='ocrx_word' id='word_1_163' title='bbox 521 2277 730 2347; x_wconf 79' lang='grc' dir='ltr'>μηδέν;</span> <span class='ocrx_word' id='word_1_164' title='bbox 770 2280 819 2332; x_wconf 79' lang='grc' dir='ltr'>εί</span> <span class='ocrx_word' id='word_1_165' title='bbox 848 2279 893 2332; x_wconf 86' lang='grc' dir='ltr'>δ’</span> <span class='ocrx_word' id='word_1_166' title='bbox 933 2280 1123 2353; x_wconf 83' lang='grc' dir='ltr'>ὥσπερ</span> <span class='ocrx_word' id='word_1_167' title='bbox 1162 2284 1432 2354; x_wconf 80' lang='grc' dir='ltr'>πρότερον</span> <span class='ocrx_word' id='word_1_168' title='bbox 1457 2282 1611 2347; x_wconf 79' lang='grc' dir='ltr'>αὖθις</span> <span class='ocrx_word' id='word_1_169' title='bbox 1643 2284 1963 2355; x_wconf 81' lang='grc' dir='ltr'>πολεμοῦσι,</span> 
     </span>
    </p>
   </div>
   <div class='ocr_carea' id='block_1_26' title="bbox 402 2367 1966 2443">
    <p class='ocr_par' dir='ltr' id='par_1_26' title="bbox 402 2367 1966 2443">
     <span class='ocr_line' id='line_1_26' title="bbox 402 2367 1966 2443; baseline 0.004 -21"><span class='ocrx_word' id='word_1_170' title='bbox 402 2367 497 2422; x_wconf 76' lang='grc' dir='ltr'>καὶ</span> <span class='ocrx_word' id='word_1_171' title='bbox 537 2370 892 2440; x_wconf 70' lang='grc' dir='ltr'><strong>τειχομαχίας</strong></span> <span class='ocrx_word' id='word_1_172' title='bbox 942 2372 1079 2443; x_wconf 73' lang='grc' dir='ltr'>πρὸς</span> <span class='ocrx_word' id='word_1_173' title='bbox 1135 2368 1333 2437; x_wconf 75' lang='grc' dir='ltr'>αὐτοὺς</span> <span class='ocrx_word' id='word_1_174' title='bbox 1399 2376 1427 2427; x_wconf 88' lang='grc' dir='ltr'>ὁ</span> <span class='ocrx_word' id='word_1_175' title='bbox 1476 2373 1646 2443; x_wconf 82' lang='grc' dir='ltr'>δῆμος</span> <span class='ocrx_word' id='word_1_176' title='bbox 1689 2374 1966 2429; x_wconf 81' lang='grc' dir='ltr'>ποιοῦνται</span> 
     </span>
    </p>
   </div>
   <div class='ocr_carea' id='block_1_27' title="bbox 402 2460 1967 2537">
    <p class='ocr_par' dir='ltr' id='par_1_27' title="bbox 402 2460 1967 2537">
     <span class='ocr_line' id='line_1_27' title="bbox 402 2460 1967 2537; baseline 0.004 -25"><span class='ocrx_word' id='word_1_177' title='bbox 402 2460 668 2524; x_wconf 69' lang='grc' dir='ltr'>ιπιόντες,</span> <span class='ocrx_word' id='word_1_178' title='bbox 701 2462 802 2532; x_wconf 84' lang='grc' dir='ltr'><strong>οὐχ</strong></span> <span class='ocrx_word' id='word_1_179' title='bbox 839 2461 950 2533; x_wconf 75' lang='grc' dir='ltr'><strong>ὁρῶ</strong></span> <span class='ocrx_word' id='word_1_180' title='bbox 978 2463 1077 2535; x_wconf 83' lang='grc' dir='ltr'>τὴν</span> <span class='ocrx_word' id='word_1_181' title='bbox 1116 2463 1373 2532; x_wconf 82' lang='grc' dir='ltr'>δύναμιν,</span> <span class='ocrx_word' id='word_1_182' title='bbox 1414 2464 1504 2533; x_wconf 78' lang='grc' dir='ltr'><strong>ὑφ’</strong></span> <span class='ocrx_word' id='word_1_183' title='bbox 1530 2461 1598 2537; x_wconf 76' lang='grc' dir='ltr'>ἦς</span> <span class='ocrx_word' id='word_1_184' title='bbox 1628 2466 1781 2519; x_wconf 57' lang='grc' dir='ltr'><strong>αὐτοὶ⁵</strong></span> <span class='ocrx_word' id='word_1_185' title='bbox 1810 2483 1967 2537; x_wconf 82' lang='grc' dir='ltr'>περι-</span> 
     </span>
    </p>
   </div>
   <div class='ocr_carea' id='block_1_28' title="bbox 404 2552 1969 2626">
    <p class='ocr_par' dir='ltr' id='par_1_28' title="bbox 404 2552 1969 2626">
     <span class='ocr_line' id='line_1_28' title="bbox 404 2552 1969 2626; baseline 0.006 -25"><span class='ocrx_word' id='word_1_186' title='bbox 404 2553 727 2617; x_wconf 79' lang='grc' dir='ltr'>ποιὴσονται</span> <span class='ocrx_word' id='word_1_187' title='bbox 779 2552 841 2604; x_wconf 76' lang='grc' dir='ltr'><strong>τὸ</strong></span> <span class='ocrx_word' id='word_1_188' title='bbox 873 2553 1157 2624; x_wconf 81' lang='grc' dir='ltr'><strong>φρούριον·</strong></span> <span class='ocrx_word' id='word_1_189' title='bbox 1187 2553 1314 2607; x_wconf 77' lang='grc' dir='ltr'>οὔτε</span> <span class='ocrx_word' id='word_1_190' title='bbox 1352 2556 1463 2625; x_wconf 83' lang='grc' dir='ltr'>γὰρ</span> <span class='ocrx_word' id='word_1_191' title='bbox 1494 2557 1678 2609; x_wconf 85' lang='grc' dir='ltr'>ὃπλων</span> <span class='ocrx_word' id='word_1_192' title='bbox 1704 2556 1969 2626; x_wconf 79' lang='grc' dir='ltr'><strong>εὐποροῦ-</strong></span> 
     </span>
    </p>
   </div>
   <div class='ocr_carea' id='block_1_29' title="bbox 406 2641 1945 2720">
    <p class='ocr_par' dir='ltr' id='par_1_29' title="bbox 406 2641 1945 2720">
     <span class='ocr_line' id='line_1_29' title="bbox 406 2641 1945 2720; baseline 0.006 -28"><span class='ocrx_word' id='word_1_193' title='bbox 406 2657 493 2693; x_wconf 87' lang='grc' dir='ltr'><strong>σιν</strong></span> <span class='ocrx_word' id='word_1_194' title='bbox 521 2641 713 2696; x_wconf 78' lang='grc' dir='ltr'><strong>ἄοπλοι</strong></span> <span class='ocrx_word' id='word_1_195' title='bbox 760 2643 855 2697; x_wconf 77' lang='grc' dir='ltr'><strong>καὶ</strong></span> <span class='ocrx_word' id='word_1_196' title='bbox 891 2644 1169 2714; x_wconf 80' lang='grc' dir='ltr'><strong>δεσμῶται</strong></span> <span class='ocrx_word' id='word_1_197' title='bbox 1223 2647 1409 2714; x_wconf 80' lang='grc' dir='ltr'>ὄντες,</span> <span class='ocrx_word' id='word_1_198' title='bbox 1456 2647 1580 2701; x_wconf 80' lang='grc' dir='ltr'>οὔτε</span> <span class='ocrx_word' id='word_1_199' title='bbox 1632 2648 1740 2702; x_wconf 87' lang='grc' dir='ltr'><strong>τῶν</strong></span> <span class='ocrx_word' id='word_1_200' title='bbox 1781 2652 1945 2720; x_wconf 86' lang='grc' dir='ltr'>ὲπιτη</span> 
     </span>
    </p>
   </div>
   <div class='ocr_carea' id='block_1_30' title="bbox 405 2732 1970 2814">
    <p class='ocr_par' dir='ltr' id='par_1_30' title="bbox 405 2732 1970 2814">
     <span class='ocr_line' id='line_1_30' title="bbox 405 2732 1970 2814; baseline 0.008 -30"><span class='ocrx_word' id='word_1_201' title='bbox 405 2732 565 2787; x_wconf 75' lang='grc' dir='ltr'>δείων</span> <span class='ocrx_word' id='word_1_202' title='bbox 597 2734 733 2805; x_wconf 72' lang='grc' dir='ltr'>πρὸς</span> <span class='ocrx_word' id='word_1_203' title='bbox 775 2737 1006 2808; x_wconf 76' lang='grc' dir='ltr'>τροφήν·</span> <span class='ocrx_word' id='word_1_204' title='bbox 1036 2739 1106 2790; x_wconf 73' lang='grc' dir='ltr'><strong>τὰ</strong></span> <span class='ocrx_word' id='word_1_205' title='bbox 1139 2737 1248 2806; x_wconf 81' lang='grc' dir='ltr'><strong>γὰρ</strong></span> <span class='ocrx_word' id='word_1_206' title='bbox 1276 2741 1549 2807; x_wconf 63' lang='grc' dir='ltr'>ἀναγκαῖα</span> <span class='ocrx_word' id='word_1_207' title='bbox 1588 2742 1743 2809; x_wconf 89' lang='grc' dir='ltr'>μόλις</span> <span class='ocrx_word' id='word_1_208' title='bbox 1771 2741 1970 2814; x_wconf 70' lang='grc' dir='ltr'>ἐχορηο</span> 
     </span>
    </p>
   </div>
   <div class='ocr_carea' id='block_1_31' title="bbox 406 2821 1969 2903">
    <p class='ocr_par' dir='ltr' id='par_1_31' title="bbox 406 2821 1969 2903">
     <span class='ocr_line' id='line_1_31' title="bbox 406 2821 1969 2903; baseline 0.009 -29"><span class='ocrx_word' id='word_1_209' title='bbox 406 2821 600 2891; x_wconf 79' lang='grc' dir='ltr'>γοῦντο</span> <span class='ocrx_word' id='word_1_210' title='bbox 640 2826 790 2894; x_wconf 82' lang='grc' dir='ltr'><strong>παρά</strong></span> <span class='ocrx_word' id='word_1_211' title='bbox 821 2826 930 2879; x_wconf 89' lang='grc' dir='ltr'><strong>τῶν</strong></span> <span class='ocrx_word' id='word_1_212' title='bbox 968 2827 1226 2895; x_wconf 75' lang='grc' dir='ltr'><strong>φυλάκων</strong></span> <span class='ocrx_word' id='word_1_213' title='bbox 1250 2829 1541 2901; x_wconf 86' lang='grc' dir='ltr'>γλίσχρως.</span> <span class='ocrx_word' id='word_1_214' title='bbox 1590 2835 1731 2903; x_wconf 69' lang='grc' dir='ltr'>ίὲρδς</span> <span class='ocrx_word' id='word_1_215' title='bbox 1756 2834 1969 2898; x_wconf 83' lang='grc' dir='ltr'><strong>τούτοις</strong></span> 
     </span>
    </p>
   </div>
   <div class='ocr_carea' id='block_1_32' title="bbox 408 2914 2009 2994">
    <p class='ocr_par' dir='ltr' id='par_1_32' title="bbox 408 2914 2009 2994">
     <span class='ocr_line' id='line_1_32' title="bbox 408 2914 2009 2994; baseline 0.007 -27"><span class='ocrx_word' id='word_1_216' title='bbox 408 2914 487 2979; x_wconf 73' lang='grc' dir='ltr'>δὲ,</span> <span class='ocrx_word' id='word_1_217' title='bbox 524 2917 587 2968; x_wconf 81' lang='grc' dir='ltr'><strong>οὺ</strong></span> <span class='ocrx_word' id='word_1_218' title='bbox 628 2917 760 2988; x_wconf 78' lang='grc' dir='ltr'>πρὸς</span> <span class='ocrx_word' id='word_1_219' title='bbox 786 2917 844 2970; x_wconf 84' lang='grc' dir='ltr'>τὸ</span> <span class='ocrx_word' id='word_1_220' title='bbox 885 2918 981 2971; x_wconf 82' lang='grc' dir='ltr'><strong>τοῦ</strong></span> <span class='ocrx_word' id='word_1_221' title='bbox 1013 2920 1276 2989; x_wconf 73' lang='grc' dir='ltr'>φρουρίω</span> <span class='ocrx_word' id='word_1_222' title='bbox 1316 2921 1546 2990; x_wconf 83' lang='grc' dir='ltr'>μέγεθος</span> <span class='ocrx_word' id='word_1_223' title='bbox 1578 2924 1971 2994; x_wconf 69' lang='grc' dir='ltr'>ὲςαρκέσουσιν</span> <span class='ocrx_word' id='word_1_224' title='bbox 2006 2942 2009 2943; x_wconf 61' lang='grc'><strong><em>⁷</em></strong></span> 
     </span>
    </p>
   </div>
   <div class='ocr_carea' id='block_1_33' title="bbox 410 3006 1973 3083">
    <p class='ocr_par' dir='ltr' id='par_1_33' title="bbox 410 3006 1973 3083">
     <span class='ocr_line' id='line_1_33' title="bbox 410 3006 1973 3083; baseline 0.007 -27"><span class='ocrx_word' id='word_1_225' title='bbox 410 3006 584 3073; x_wconf 72' lang='grc' dir='ltr'>ὀλίγοι</span> <span class='ocrx_word' id='word_1_226' title='bbox 626 3007 799 3072; x_wconf 73' lang='grc' dir='ltr'>ὄντες,</span> <span class='ocrx_word' id='word_1_227' title='bbox 851 3009 983 3063; x_wconf 80' lang='grc' dir='ltr'>αὑτό</span> <span class='ocrx_word' id='word_1_228' title='bbox 1036 3025 1096 3060; x_wconf 88' lang='grc' dir='ltr'><strong>τε</strong></span> <span class='ocrx_word' id='word_1_229' title='bbox 1140 3009 1200 3060; x_wconf 88' lang='grc' dir='ltr'><strong>τὸ</strong></span> <span class='ocrx_word' id='word_1_230' title='bbox 1229 3011 1493 3080; x_wconf 74' lang='grc' dir='ltr'>φρούριον</span> <span class='ocrx_word' id='word_1_231' title='bbox 1524 3012 1873 3083; x_wconf 63' lang='grc' dir='ltr'>ἠμελημένον</span> <span class='ocrx_word' id='word_1_232' title='bbox 1907 3015 1973 3067; x_wconf 82' lang='grc' dir='ltr'>ὲκ</span> 
     </span>
    </p>
   </div>
   <div class='ocr_carea' id='block_1_34' title="bbox 416 3096 1973 3170">
    <p class='ocr_par' dir='ltr' id='par_1_34' title="bbox 416 3096 1973 3170">
     <span class='ocr_line' id='line_1_34' title="bbox 416 3096 1973 3170; baseline 0.008 -23"><span class='ocrx_word' id='word_1_233' title='bbox 416 3096 626 3149; x_wconf 81' lang='grc' dir='ltr'>πολλῶν</span> <span class='ocrx_word' id='word_1_234' title='bbox 665 3097 824 3163; x_wconf 72' lang='grc' dir='ltr'>ἑτῶν,</span> <span class='ocrx_word' id='word_1_235' title='bbox 864 3100 1038 3169; x_wconf 72' lang='grc' dir='ltr'>ῥᾷστα</span> <span class='ocrx_word' id='word_1_236' title='bbox 1090 3101 1359 3170; x_wconf 82' lang='grc' dir='ltr'><strong>προδώσει</strong></span> <span class='ocrx_word' id='word_1_237' title='bbox 1405 3105 1531 3165; x_wconf 77' lang='grc' dir='ltr'>τοὺς</span> <span class='ocrx_word' id='word_1_238' title='bbox 1562 3107 1798 3166; x_wconf 71' lang='grc' dir='ltr'>ἐνόντας·</span> <span class='ocrx_word' id='word_1_239' title='bbox 1831 3105 1973 3159; x_wconf 81' lang='grc' dir='ltr'><strong>ὥστε</strong></span> 
     </span>
    </p>
   </div>
   <div class='ocr_carea' id='block_1_35' title="bbox 414 3182 1980 3264">
    <p class='ocr_par' dir='ltr' id='par_1_35' title="bbox 414 3182 1980 3264">
     <span class='ocr_line' id='line_1_35' title="bbox 414 3182 1980 3264; baseline 0.006 -26"><span class='ocrx_word' id='word_1_240' title='bbox 414 3186 605 3254; x_wconf 78' lang='grc' dir='ltr'>εμοίγε</span> <span class='ocrx_word' id='word_1_241' title='bbox 636 3187 698 3239; x_wconf 83' lang='grc' dir='ltr'><strong>ὲκ</strong></span> <span class='ocrx_word' id='word_1_242' title='bbox 756 3187 977 3242; x_wconf 79' lang='grc' dir='ltr'>πάντων</span> <span class='ocrx_word' id='word_1_243' title='bbox 1028 3189 1211 3262; x_wconf 83' lang='grc' dir='ltr'>ἄπορα</span> <span class='ocrx_word' id='word_1_244' title='bbox 1262 3189 1404 3246; x_wconf 81' lang='grc' dir='ltr'>εἶναι</span> <span class='ocrx_word' id='word_1_245' title='bbox 1458 3192 1622 3255; x_wconf 83' lang='grc' dir='ltr'>δοκεῖ,</span> <span class='ocrx_word' id='word_1_246' title='bbox 1656 3182 1980 3264; x_wconf 70' lang='grc' dir='ltr'>δυνήσεσθαι</span> 
     </span>
    </p>
   </div>
   <div class='ocr_carea' id='block_1_36' title="bbox 416 3277 1982 3352">
    <p class='ocr_par' dir='ltr' id='par_1_36' title="bbox 416 3277 1982 3352">
     <span class='ocr_line' id='line_1_36' title="bbox 416 3277 1982 3352; baseline 0.004 -23"><span class='ocrx_word' id='word_1_247' title='bbox 416 3277 617 3340; x_wconf 78' lang='grc' dir='ltr'>αὐτοὺς</span> <span class='ocrx_word' id='word_1_248' title='bbox 668 3280 804 3348; x_wconf 82' lang='grc' dir='ltr'>πρὸς</span> <span class='ocrx_word' id='word_1_249' title='bbox 841 3281 1100 3334; x_wconf 80' lang='grc' dir='ltr'><strong>τοσοῦτον</strong></span> <span class='ocrx_word' id='word_1_250' title='bbox 1147 3282 1386 3352; x_wconf 85' lang='grc' dir='ltr'>πόλεμον</span> <span class='ocrx_word' id='word_1_251' title='bbox 1437 3284 1807 3352; x_wconf 84' lang='grc' dir='ltr'>ἀντισχήσειν.</span> <span class='ocrx_word' id='word_1_252' title='bbox 1842 3283 1903 3337; x_wconf 81' lang='grc' dir='ltr'><strong>Εἰ</strong></span> <span class='ocrx_word' id='word_1_253' title='bbox 1934 3284 1982 3336; x_wconf 83' lang='grc' dir='ltr'>δ’</span> 
     </span>
    </p>
   </div>
   <div class='ocr_carea' id='block_1_37' title="bbox 414 3370 1983 3443">
    <p class='ocr_par' dir='ltr' id='par_1_37' title="bbox 414 3370 1983 3443">
     <span class='ocr_line' id='line_1_37' title="bbox 414 3370 1983 3443; baseline 0.003 -21"><span class='ocrx_word' id='word_1_254' title='bbox 414 3370 769 3441; x_wconf 72' lang='grc' dir='ltr'>ὁθενδήποθεν</span> <span class='ocrx_word' id='word_1_255' title='bbox 820 3373 1141 3443; x_wconf 74' lang='grc' dir='ltr'><strong>ἐπικουρίας</strong></span> <span class='ocrx_word' id='word_1_256' title='bbox 1178 3375 1489 3427; x_wconf 76' lang='grc' dir='ltr'>ἀπέλαυσαν</span> <span class='ocrx_word' id='word_1_257' title='bbox 1547 3391 1713 3438; x_wconf 85' lang='grc' dir='ltr'>τινος,</span> <span class='ocrx_word' id='word_1_258' title='bbox 1747 3377 1839 3427; x_wconf 73' lang='grc' dir='ltr'><strong>καὶ</strong></span> <span class='ocrx_word' id='word_1_259' title='bbox 1892 3376 1983 3428; x_wconf 76' lang='grc' dir='ltr'>εδ-</span> 
     </span>
    </p>
   </div>
   <div class='ocr_carea' id='block_1_38' title="bbox 418 3464 1981 3537">
    <p class='ocr_par' dir='ltr' id='par_1_38' title="bbox 418 3464 1981 3537">
     <span class='ocr_line' id='line_1_38' title="bbox 418 3464 1981 3537; baseline 0.004 -24"><span class='ocrx_word' id='word_1_260' title='bbox 418 3464 761 3533; x_wconf 77' lang='grc' dir='ltr'>πορὴσαντες</span> <span class='ocrx_word' id='word_1_261' title='bbox 794 3464 901 3517; x_wconf 88' lang='grc' dir='ltr'><strong>τῶν</strong></span> <span class='ocrx_word' id='word_1_262' title='bbox 957 3466 1094 3535; x_wconf 75' lang='grc' dir='ltr'>πρὸς</span> <span class='ocrx_word' id='word_1_263' title='bbox 1141 3467 1241 3534; x_wconf 84' lang='grc' dir='ltr'><strong>τὴν</strong></span> <span class='ocrx_word' id='word_1_264' title='bbox 1292 3467 1480 3535; x_wconf 82' lang='grc' dir='ltr'>χρείαν</span> <span class='ocrx_word' id='word_1_265' title='bbox 1541 3468 1808 3536; x_wconf 62' lang='grc' dir='ltr'>ἀντέσχον</span> <span class='ocrx_word' id='word_1_266' title='bbox 1851 3467 1981 3537; x_wconf 76' lang='grc' dir='ltr'>ἄχρι</span> 
     </span>
    </p>
   </div>
   <div class='ocr_carea' id='block_1_39' title="bbox 418 3554 1982 3627">
    <p class='ocr_par' dir='ltr' id='par_1_39' title="bbox 418 3554 1982 3627">
     <span class='ocr_line' id='line_1_39' title="bbox 418 3554 1982 3627; baseline 0.003 -23"><span class='ocrx_word' id='word_1_267' title='bbox 418 3554 534 3616; x_wconf 70' lang='grc' dir='ltr'>νῦν,</span> <span class='ocrx_word' id='word_1_268' title='bbox 566 3554 663 3608; x_wconf 71' lang='grc' dir='ltr'><strong>καὶ</strong></span> <span class='ocrx_word' id='word_1_269' title='bbox 696 3554 861 3625; x_wconf 81' lang='grc' dir='ltr'>μέχρι</span> <span class='ocrx_word' id='word_1_270' title='bbox 893 3555 1091 3609; x_wconf 80' lang='grc' dir='ltr'>πολλοῦ</span> <span class='ocrx_word' id='word_1_271' title='bbox 1116 3556 1444 3627; x_wconf 81' lang='grc' dir='ltr'><strong>δυνήσονται</strong></span> <span class='ocrx_word' id='word_1_272' title='bbox 1474 3557 1982 3621; x_wconf 81' lang='grc' dir='ltr'>ἀντικαθίστασθαι,</span> 
     </span>
    </p>
   </div>
   <div class='ocr_carea' id='block_1_40' title="bbox 417 3645 1982 3717">
    <p class='ocr_par' dir='ltr' id='par_1_40' title="bbox 417 3645 1982 3717">
     <span class='ocr_line' id='line_1_40' title="bbox 417 3645 1982 3717; baseline 0.003 -20"><span class='ocrx_word' id='word_1_273' title='bbox 417 3646 478 3697; x_wconf 75' lang='grc' dir='ltr'><strong>οὗ</strong></span> <span class='ocrx_word' id='word_1_274' title='bbox 537 3645 601 3714; x_wconf 86' lang='grc' dir='ltr'><strong>δὴ</strong></span> <span class='ocrx_word' id='word_1_275' title='bbox 648 3645 719 3698; x_wconf 77' lang='grc' dir='ltr'><strong>δι’</strong></span> <span class='ocrx_word' id='word_1_276' title='bbox 766 3647 956 3699; x_wconf 75' lang='grc' dir='ltr'>ἐλπίδα</span> <span class='ocrx_word' id='word_1_277' title='bbox 1009 3646 1205 3716; x_wconf 71' lang='grc' dir='ltr'>ἄδηλον</span> <span class='ocrx_word' id='word_1_278' title='bbox 1249 3650 1355 3700; x_wconf 79' lang='grc' dir='ltr'>τῶν</span> <span class='ocrx_word' id='word_1_279' title='bbox 1408 3650 1466 3699; x_wconf 82' lang='grc' dir='ltr'><strong>ὲν</strong></span> <span class='ocrx_word' id='word_1_280' title='bbox 1524 3649 1711 3717; x_wconf 67' lang='grc' dir='ltr'>χερσὶν</span> <span class='ocrx_word' id='word_1_281' title='bbox 1762 3649 1982 3717; x_wconf 64' lang='grc' dir='ltr'>ἀγαθῶν</span> 
     </span>
    </p>
   </div>
   <div class='ocr_carea' id='block_1_41' title="bbox 418 3735 1984 3811">
    <p class='ocr_par' dir='ltr' id='par_1_41' title="bbox 418 3735 1984 3811">
     <span class='ocr_line' id='line_1_41' title="bbox 418 3735 1984 3811; baseline 0.006 -23"><span class='ocrx_word' id='word_1_282' title='bbox 418 3735 755 3805; x_wconf 72' lang='grc' dir='ltr'><strong>ἀποσχέσθαι</strong></span> <span class='ocrx_word' id='word_1_283' title='bbox 791 3737 935 3791; x_wconf 86' lang='grc' dir='ltr'>δέον.</span> <span class='ocrx_word' id='word_1_284' title='bbox 972 3739 1143 3809; x_wconf 83' lang='grc' dir='ltr'>Φεραὶ</span> <span class='ocrx_word' id='word_1_285' title='bbox 1199 3739 1305 3810; x_wconf 81' lang='grc' dir='ltr'><strong>γὰρ</strong></span> <span class='ocrx_word' id='word_1_286' title='bbox 1352 3740 1412 3792; x_wconf 85' lang='grc' dir='ltr'>οὐ</span> <span class='ocrx_word' id='word_1_287' title='bbox 1469 3741 1648 3811; x_wconf 75' lang='grc' dir='ltr'>φαύλη</span> <span class='ocrx_word' id='word_1_288' title='bbox 1686 3742 1842 3804; x_wconf 82' lang='grc' dir='ltr'>πόλις</span> <span class='ocrx_word' id='word_1_289' title='bbox 1890 3745 1984 3797; x_wconf 73' lang='grc' dir='ltr'>καὶ</span> 
     </span>
    </p>
   </div>
   <div class='ocr_carea' id='block_1_42' title="bbox 419 3828 1984 3905">
    <p class='ocr_par' dir='ltr' id='par_1_42' title="bbox 419 3828 1984 3905">
     <span class='ocr_line' id='line_1_42' title="bbox 419 3828 1984 3905; baseline 0.006 -26"><span class='ocrx_word' id='word_1_290' title='bbox 419 3828 507 3879; x_wconf 71' lang='grc' dir='ltr'><strong>οἶα</strong></span> <span class='ocrx_word' id='word_1_291' title='bbox 547 3829 1052 3905; x_wconf 68' lang='grc' dir='ltr'><strong>καταφρονηθῆναι,</strong></span> <span class='ocrx_word' id='word_1_292' title='bbox 1095 3832 1237 3884; x_wconf 86' lang='grc' dir='ltr'><strong>ἀλλά</strong></span> <span class='ocrx_word' id='word_1_293' title='bbox 1263 3834 1477 3902; x_wconf 80' lang='grc' dir='ltr'>μεγάλη</span> <span class='ocrx_word' id='word_1_294' title='bbox 1534 3850 1594 3885; x_wconf 90' lang='grc' dir='ltr'>τε</span> <span class='ocrx_word' id='word_1_295' title='bbox 1639 3835 1735 3887; x_wconf 77' lang='grc' dir='ltr'><strong>καὶ</strong></span> <span class='ocrx_word' id='word_1_296' title='bbox 1768 3834 1984 3902; x_wconf 81' lang='grc' dir='ltr'>θαυμα-</span> 
     </span>
    </p>
   </div>
   <div class='ocr_carea' id='block_1_43' title="bbox 424 3919 1982 3997">
    <p class='ocr_par' dir='ltr' id='par_1_43' title="bbox 424 3919 1982 3997">
     <span class='ocr_line' id='line_1_43' title="bbox 424 3919 1982 3997; baseline 0.007 -28"><span class='ocrx_word' id='word_1_297' title='bbox 424 3919 531 3983; x_wconf 78' lang='grc' dir='ltr'>σία,</span> <span class='ocrx_word' id='word_1_298' title='bbox 564 3922 659 3972; x_wconf 74' lang='grc' dir='ltr'>καὶ</span> <span class='ocrx_word' id='word_1_299' title='bbox 699 3921 975 3988; x_wconf 85' lang='grc' dir='ltr'>ἀναγκαία</span> <span class='ocrx_word' id='word_1_300' title='bbox 1029 3925 1099 3992; x_wconf 76' lang='grc' dir='ltr'>τῇ</span> <span class='ocrx_word' id='word_1_301' title='bbox 1149 3921 1436 3991; x_wconf 86' lang='grc' dir='ltr'>Ῥωμαίων</span> <span class='ocrx_word' id='word_1_302' title='bbox 1494 3926 1643 3995; x_wconf 78' lang='grc' dir='ltr'>ἀρχῇ</span> <span class='ocrx_word' id='word_1_303' title='bbox 1698 3928 1982 3997; x_wconf 88' lang='grc' dir='ltr'>παρεῖναι.</span> 
     </span>
    </p>
   </div>
   <div class='ocr_carea' id='block_1_44' title="bbox 423 4008 1985 4089">
    <p class='ocr_par' dir='ltr' id='par_1_44' title="bbox 423 4008 1985 4089">
     <span class='ocr_line' id='line_1_44' title="bbox 423 4008 1985 4089; baseline 0.007 -28"><span class='ocrx_word' id='word_1_304' title='bbox 423 4010 502 4061; x_wconf 88' lang='grc' dir='ltr'><strong>Δι’</strong></span> <span class='ocrx_word' id='word_1_305' title='bbox 528 4008 565 4063; x_wconf 77' lang='grc' dir='ltr'><strong>ὃ.</strong></span> <span class='ocrx_word' id='word_1_306' title='bbox 593 4010 703 4062; x_wconf 78' lang='grc' dir='ltr'>δεῖν</span> <span class='ocrx_word' id='word_1_307' title='bbox 755 4012 938 4080; x_wconf 80' lang='grc' dir='ltr'>οἴομαι</span> <span class='ocrx_word' id='word_1_308' title='bbox 973 4013 1070 4079; x_wconf 79' lang='grc' dir='ltr'><strong>τὴν</strong></span> <span class='ocrx_word' id='word_1_309' title='bbox 1121 4013 1219 4083; x_wconf 83' lang='grc' dir='ltr'>μὲν</span> <span class='ocrx_word' id='word_1_310' title='bbox 1247 4012 1417 4085; x_wconf 81' lang='grc' dir='ltr'>ἄλλην</span> <span class='ocrx_word' id='word_1_311' title='bbox 1457 4014 1675 4069; x_wconf 75' lang='grc' dir='ltr'>ἃπασαν</span> <span class='ocrx_word' id='word_1_312' title='bbox 1721 4019 1985 4089; x_wconf 83' lang='grc' dir='ltr'>στρατιὰν</span> 
     </span>
    </p>
   </div>
   <div class='ocr_carea' id='block_1_45' title="bbox 424 4102 1986 4179">
    <p class='ocr_par' dir='ltr' id='par_1_45' title="bbox 424 4102 1986 4179">
     <span class='ocr_line' id='line_1_45' title="bbox 424 4102 1986 4179; baseline 0.006 -27"><span class='ocrx_word' id='word_1_313' title='bbox 424 4102 515 4154; x_wconf 73' lang='grc' dir='ltr'><strong>ἐπὶ</strong></span> <span class='ocrx_word' id='word_1_314' title='bbox 561 4102 851 4166; x_wconf 69' lang='grc' dir='ltr'>Βυζάντιον</span> <span class='ocrx_word' id='word_1_315' title='bbox 888 4106 1087 4173; x_wconf 82' lang='grc' dir='ltr'><strong>χωρεῖν</strong></span> <span class='ocrx_word' id='word_1_316' title='bbox 1126 4104 1322 4159; x_wconf 77' lang='grc' dir='ltr'>αὐτίκα</span> <span class='ocrx_word' id='word_1_317' title='bbox 1347 4144 1367 4170; x_wconf 88' lang='grc'><strong>,</strong></span> <span class='ocrx_word' id='word_1_318' title='bbox 1416 4106 1518 4176; x_wconf 71' lang='grc' dir='ltr'><strong>ἐμὲ</strong></span> <span class='ocrx_word' id='word_1_319' title='bbox 1568 4107 1625 4160; x_wconf 84' lang='grc' dir='ltr'><strong>δὲ</strong></span> <span class='ocrx_word' id='word_1_320' title='bbox 1654 4108 1986 4179; x_wconf 84' lang='grc' dir='ltr'>τρισχιλίους</span> 
     </span>
    </p>
   </div>
   <div class='ocr_carea' id='block_1_46' title="bbox 425 4194 1982 4271">
    <p class='ocr_par' dir='ltr' id='par_1_46' title="bbox 425 4194 1982 4271">
     <span class='ocr_line' id='line_1_46' title="bbox 425 4194 1982 4271; baseline 0.013 -26"><span class='ocrx_word' id='word_1_321' title='bbox 425 4194 812 4264; x_wconf 78' lang='grc' dir='ltr'>παραλαϐόντα</span> <span class='ocrx_word' id='word_1_322' title='bbox 849 4196 1212 4265; x_wconf 82' lang='grc' dir='ltr'>στρατιώτας,</span> <span class='ocrx_word' id='word_1_323' title='bbox 1274 4197 1567 4266; x_wconf 79' lang='grc' dir='ltr'>ἀφικέσθαι</span> <span class='ocrx_word' id='word_1_324' title='bbox 1629 4202 1709 4262; x_wconf 81' lang='grc' dir='ltr'>εἰς</span> <span class='ocrx_word' id='word_1_325' title='bbox 1767 4201 1982 4271; x_wconf 77' lang='grc' dir='ltr'><strong>Φεράς·</strong></span> 
     </span>
    </p>
   </div>
   <div class='ocr_carea' id='block_1_47' title="bbox 426 4289 1989 4361">
    <p class='ocr_par' dir='ltr' id='par_1_47' title="bbox 426 4289 1989 4361">
     <span class='ocr_line' id='line_1_47' title="bbox 426 4289 1989 4361; baseline 0.002 -20"><span class='ocrx_word' id='word_1_326' title='bbox 426 4290 520 4341; x_wconf 72' lang='grc' dir='ltr'>καὶ</span> <span class='ocrx_word' id='word_1_327' title='bbox 568 4289 697 4358; x_wconf 84' lang='grc' dir='ltr'>μίαν</span> <span class='ocrx_word' id='word_1_328' title='bbox 745 4290 957 4359; x_wconf 77' lang='grc' dir='ltr'>ἡμέραν</span> <span class='ocrx_word' id='word_1_329' title='bbox 990 4290 1221 4353; x_wconf 78' lang='grc' dir='ltr'>ἐκείνοις</span> <span class='ocrx_word' id='word_1_330' title='bbox 1267 4293 1693 4359; x_wconf 78' lang='grc' dir='ltr'>συγγενόμενον,</span> <span class='ocrx_word' id='word_1_331' title='bbox 1720 4293 1814 4344; x_wconf 77' lang='grc' dir='ltr'>καὶ</span> <span class='ocrx_word' id='word_1_332' title='bbox 1853 4307 1989 4361; x_wconf 85' lang='grc' dir='ltr'>προ-</span> 
     </span>
    </p>
   </div>
   <div class='ocr_carea' id='block_1_48' title="bbox 425 4379 1987 4452">
    <p class='ocr_par' dir='ltr' id='par_1_48' title="bbox 425 4379 1987 4452">
     <span class='ocr_line' id='line_1_48' title="bbox 425 4379 1987 4452; baseline 0.001 -22"><span class='ocrx_word' id='word_1_333' title='bbox 425 4381 572 4441; x_wconf 85' lang='grc' dir='ltr'>νοίας</span> <span class='ocrx_word' id='word_1_334' title='bbox 611 4379 920 4445; x_wconf 77' lang='grc' dir='ltr'>ἀξιώσαντά</span> <span class='ocrx_word' id='word_1_335' title='bbox 956 4396 1122 4443; x_wconf 89' lang='grc' dir='ltr'>τινος,</span> <span class='ocrx_word' id='word_1_336' title='bbox 1157 4379 1351 4433; x_wconf 69' lang='grc' dir='ltr'>ἔπειτα</span> <span class='ocrx_word' id='word_1_337' title='bbox 1377 4383 1472 4434; x_wconf 75' lang='grc' dir='ltr'><strong>καὶ</strong></span> <span class='ocrx_word' id='word_1_338' title='bbox 1504 4382 1630 4443; x_wconf 78' lang='grc' dir='ltr'>τοὺς</span> <span class='ocrx_word' id='word_1_339' title='bbox 1673 4381 1745 4434; x_wconf 76' lang='grc' dir='ltr'><strong>τὰ</strong></span> <span class='ocrx_word' id='word_1_340' title='bbox 1794 4380 1987 4452; x_wconf 74' lang='grc' dir='ltr'>Κράλη</span> 
     </span>
    </p>
   </div>
   <div class='ocr_carea' id='block_1_49' title="bbox 2063 556 3639 633">
    <p class='ocr_par' dir='ltr' id='par_1_49' title="bbox 2063 556 3639 633">
     <span class='ocr_line' id='line_1_49' title="bbox 2063 556 3639 633; baseline 0 -17"><span class='ocrx_word' id='word_1_341' title='bbox 2063 563 2174 617; x_wconf 87' lang='lat' dir='ltr'><strong>huc</strong></span> <span class='ocrx_word' id='word_1_342' title='bbox 2214 561 2345 616; x_wconf 90' lang='lat' dir='ltr'><strong>illuc</strong></span> <span class='ocrx_word' id='word_1_343' title='bbox 2388 561 2748 632; x_wconf 67' lang='lat' dir='ltr'><strong>cogitationes</strong></span> <span class='ocrx_word' id='word_1_344' title='bbox 2779 562 3074 631; x_wconf 70' lang='lat' dir='ltr'><strong>dividebat.</strong></span> <span class='ocrx_word' id='word_1_345' title='bbox 3109 556 3430 618; x_wconf 72' lang='lat' dir='ltr'><strong>Convocatis</strong></span> <span class='ocrx_word' id='word_1_346' title='bbox 3474 564 3639 633; x_wconf 79' lang='lat' dir='ltr'><strong>igitur</strong></span> 
     </span>
    </p>
   </div>
   <div class='ocr_carea' id='block_1_50' title="bbox 2064 653 3638 723">
    <p class='ocr_par' dir='ltr' id='par_1_50' title="bbox 2064 653 3638 723">
     <span class='ocr_line' id='line_1_50' title="bbox 2064 653 3638 723; baseline 0.001 -16"><span class='ocrx_word' id='word_1_347' title='bbox 2064 653 2416 723; x_wconf 83' lang='lat' dir='ltr'><strong>primoribus,</strong></span> <span class='ocrx_word' id='word_1_348' title='bbox 2462 653 2819 723; x_wconf 72' lang='lat' dir='ltr'><strong>prasentibus</strong></span> <span class='ocrx_word' id='word_1_349' title='bbox 2863 653 2989 707; x_wconf 86' lang='lat' dir='ltr'><strong>item</strong></span> <span class='ocrx_word' id='word_1_350' title='bbox 3044 654 3273 708; x_wconf 79' lang='lat' dir='ltr'><strong>Amurio</strong></span> <span class='ocrx_word' id='word_1_351' title='bbox 3316 664 3553 722; x_wconf 82' lang='lat' dir='ltr'><strong>satrapa.</strong></span> <span class='ocrx_word' id='word_1_352' title='bbox 3584 664 3638 708; x_wconf 88' lang='lat' dir='ltr'><strong>et</strong></span> 
     </span>
    </p>
   </div>
   <div class='ocr_carea' id='block_1_51' title="bbox 2063 739 3625 803">
    <p class='ocr_par' dir='ltr' id='par_1_51' title="bbox 2063 739 3625 803">
     <span class='ocr_line' id='line_1_51' title="bbox 2063 739 3625 803; baseline -0.003 -7"><span class='ocrx_word' id='word_1_353' title='bbox 2063 742 2344 796; x_wconf 87' lang='lat' dir='ltr'><strong>Sulimano</strong></span> <span class='ocrx_word' id='word_1_354' title='bbox 2388 739 2686 796; x_wconf 84' lang='lat' dir='ltr'><strong>Sarcbanis</strong></span> <span class='ocrx_word' id='word_1_355' title='bbox 2737 742 2868 803; x_wconf 78' lang='lat' dir='ltr'><strong>filio,</strong></span> <span class='ocrx_word' id='word_1_356' title='bbox 2905 756 3020 795; x_wconf 88' lang='lat' dir='ltr'><strong>rem</strong></span> <span class='ocrx_word' id='word_1_357' title='bbox 3075 742 3140 796; x_wconf 29' lang='lat' dir='ltr'><strong>in;</strong></span> <span class='ocrx_word' id='word_1_358' title='bbox 3177 741 3625 803; x_wconf 83' lang='lat' dir='ltr'><strong>disceptationem</strong></span> 
     </span>
    </p>
   </div>
   <div class='ocr_carea' id='block_1_52' title="bbox 2062 830 3637 903">
    <p class='ocr_par' dir='ltr' id='par_1_52' title="bbox 2062 830 3637 903">
     <span class='ocr_line' id='line_1_52' title="bbox 2062 830 3637 903; baseline 0 -18"><span class='ocrx_word' id='word_1_359' title='bbox 2062 830 2307 894; x_wconf 85' lang='lat' dir='ltr'><strong>adducit,</strong></span> <span class='ocrx_word' id='word_1_360' title='bbox 2334 840 2389 886; x_wconf 88' lang='lat' dir='ltr'><strong>et</strong></span> <span class='ocrx_word' id='word_1_361' title='bbox 2415 833 2559 903; x_wconf 87' lang='lat' dir='ltr'><strong>quod</strong></span> <span class='ocrx_word' id='word_1_362' title='bbox 2594 833 2795 901; x_wconf 86' lang='lat' dir='ltr'><strong>cuique</strong></span> <span class='ocrx_word' id='word_1_363' title='bbox 2833 848 2931 901; x_wconf 91' lang='lat' dir='ltr'><strong>pro</strong></span> <span class='ocrx_word' id='word_1_364' title='bbox 2970 843 3217 902; x_wconf 90' lang='lat' dir='ltr'><strong>tempore</strong></span> <span class='ocrx_word' id='word_1_365' title='bbox 3265 832 3453 886; x_wconf 77' lang='lat' dir='ltr'><strong>utilius</strong></span> <span class='ocrx_word' id='word_1_366' title='bbox 3486 832 3637 885; x_wconf 83' lang='lat' dir='ltr'><strong>vide-</strong></span> 
     </span>
    </p>
   </div>
   <div class='ocr_carea' id='block_1_53' title="bbox 2066 923 3630 994">
    <p class='ocr_par' dir='ltr' id='par_1_53' title="bbox 2066 923 3630 994">
     <span class='ocr_line' id='line_1_53' title="bbox 2066 923 3630 994; baseline -0.004 -16"><span class='ocrx_word' id='word_1_367' title='bbox 2066 934 2230 987; x_wconf 81' lang='lat' dir='ltr'><strong>retun,</strong></span> <span class='ocrx_word' id='word_1_368' title='bbox 2269 924 2525 994; x_wconf 84' lang='lat' dir='ltr'><strong>proferre-</strong></span> <span class='ocrx_word' id='word_1_369' title='bbox 2551 924 2607 979; x_wconf 90' lang='lat' dir='ltr'><strong>iu</strong></span> <span class='ocrx_word' id='word_1_370' title='bbox 2636 925 2873 978; x_wconf 88' lang='lat' dir='ltr'><strong>medium</strong></span> <span class='ocrx_word' id='word_1_371' title='bbox 2899 925 3075 993; x_wconf 88' lang='lat' dir='ltr'><strong>jubet.</strong></span> <span class='ocrx_word' id='word_1_372' title='bbox 3108 923 3319 978; x_wconf 77' lang='lat' dir='ltr'><strong>Placuit</strong></span> <span class='ocrx_word' id='word_1_373' title='bbox 3349 924 3416 978; x_wconf 90' lang='lat' dir='ltr'><strong>ad</strong></span> <span class='ocrx_word' id='word_1_374' title='bbox 3464 940 3630 976; x_wconf 84' lang='lat' dir='ltr'><strong>unum</strong></span> 
     </span>
    </p>
   </div>
   <div class='ocr_carea' id='block_1_54' title="bbox 2064 1010 3632 1081">
    <p class='ocr_par' dir='ltr' id='par_1_54' title="bbox 2064 1010 3632 1081">
     <span class='ocr_line' id='line_1_54' title="bbox 2064 1010 3632 1081; baseline -0.005 -12"><span class='ocrx_word' id='word_1_375' title='bbox 2064 1015 2342 1074; x_wconf 83' lang='lat' dir='ltr'><strong>omnibus,</strong></span> <span class='ocrx_word' id='word_1_376' title='bbox 2373 1014 2507 1068; x_wconf 86' lang='lat' dir='ltr'><strong>citra</strong></span> <span class='ocrx_word' id='word_1_377' title='bbox 2531 1014 2938 1067; x_wconf 80' lang='lat' dir='ltr'><strong>cunctationem</strong></span> <span class='ocrx_word' id='word_1_378' title='bbox 2964 1012 3256 1080; x_wconf 88' lang='lat' dir='ltr'><strong>petendum</strong></span> <span class='ocrx_word' id='word_1_379' title='bbox 3291 1010 3632 1081; x_wconf 74' lang='lat' dir='ltr'><strong>Byzantium;</strong></span> 
     </span>
    </p>
   </div>
   <div class='ocr_carea' id='block_1_55' title="bbox 2064 1101 3634 1172">
    <p class='ocr_par' dir='ltr' id='par_1_55' title="bbox 2064 1101 3634 1172">
     <span class='ocr_line' id='line_1_55' title="bbox 2064 1101 3634 1172; baseline -0.005 -13"><span class='ocrx_word' id='word_1_380' title='bbox 2064 1120 2185 1159; x_wconf 30' lang='lat' dir='ltr'><strong>non.</strong></span> <span class='ocrx_word' id='word_1_381' title='bbox 2205 1105 2351 1160; x_wconf 88' lang='lat' dir='ltr'><strong>enim</strong></span> <span class='ocrx_word' id='word_1_382' title='bbox 2390 1118 2487 1158; x_wconf 79' lang='lat' dir='ltr'><strong>res</strong></span> <span class='ocrx_word' id='word_1_383' title='bbox 2515 1104 2660 1172; x_wconf 89' lang='lat' dir='ltr'><strong>ipsas</strong></span> <span class='ocrx_word' id='word_1_384' title='bbox 2695 1113 3129 1171; x_wconf 83' lang='lat' dir='ltr'><strong>exspectaturas,</strong></span> <span class='ocrx_word' id='word_1_385' title='bbox 3170 1103 3215 1156; x_wconf 89' lang='lat' dir='ltr'><strong>si</strong></span> <span class='ocrx_word' id='word_1_386' title='bbox 3241 1101 3342 1170; x_wconf 87' lang='lat' dir='ltr'><strong>ipsi</strong></span> <span class='ocrx_word' id='word_1_387' title='bbox 3370 1101 3634 1154; x_wconf 87' lang='lat' dir='ltr'><strong>cessando</strong></span> 
     </span>
    </p>
   </div>
   <div class='ocr_carea' id='block_1_56' title="bbox 2063 1190 3635 1260">
    <p class='ocr_par' dir='ltr' id='par_1_56' title="bbox 2063 1190 3635 1260">
     <span class='ocr_line' id='line_1_56' title="bbox 2063 1190 3635 1260; baseline -0.006 -11"><span class='ocrx_word' id='word_1_388' title='bbox 2063 1195 2208 1251; x_wconf 86' lang='lat' dir='ltr'><strong>diem</strong></span> <span class='ocrx_word' id='word_1_389' title='bbox 2238 1194 2557 1247; x_wconf 76' lang='lat' dir='ltr'><strong>exemerint.</strong></span> <span class='ocrx_word' id='word_1_390' title='bbox 2588 1196 2658 1246; x_wconf 86' lang='lat' dir='ltr'><strong>At</strong></span> <span class='ocrx_word' id='word_1_391' title='bbox 2690 1194 2982 1260; x_wconf 75' lang='lat' dir='ltr'><strong>imperator</strong></span> <span class='ocrx_word' id='word_1_392' title='bbox 3016 1190 3156 1245; x_wconf 90' lang='lat' dir='ltr'><strong>dicta</strong></span> <span class='ocrx_word' id='word_1_393' title='bbox 3201 1206 3324 1245; x_wconf 91' lang='lat' dir='ltr'><strong>cum</strong></span> <span class='ocrx_word' id='word_1_394' title='bbox 3376 1200 3520 1243; x_wconf 87' lang='lat' dir='ltr'><strong>recta</strong></span> <span class='ocrx_word' id='word_1_395' title='bbox 3553 1207 3635 1241; x_wconf 79' lang='lat' dir='ltr'><strong>ru-</strong></span> 
     </span>
    </p>
   </div>
   <div class='ocr_carea' id='block_1_57' title="bbox 2066 1281 3637 1349">
    <p class='ocr_par' dir='ltr' id='par_1_57' title="bbox 2066 1281 3637 1349">
     <span class='ocr_line' id='line_1_57' title="bbox 2066 1281 3637 1349; baseline -0.004 -9"><span class='ocrx_word' id='word_1_396' title='bbox 2066 1286 2212 1340; x_wconf 87' lang='lat' dir='ltr'><strong>tione</strong></span> <span class='ocrx_word' id='word_1_397' title='bbox 2260 1285 2405 1339; x_wconf 86' lang='lat' dir='ltr'><strong>haud</strong></span> <span class='ocrx_word' id='word_1_398' title='bbox 2440 1283 2749 1338; x_wconf 84' lang='lat' dir='ltr'><strong>consentire</strong></span> <span class='ocrx_word' id='word_1_399' title='bbox 2791 1283 3049 1337; x_wconf 83' lang='lat' dir='ltr'><strong>ostendit.</strong></span> <span class='ocrx_word' id='word_1_400' title='bbox 3082 1283 3298 1336; x_wconf 80' lang='lat' dir='ltr'><strong>Amicos</strong></span> <span class='ocrx_word' id='word_1_401' title='bbox 3350 1281 3637 1349; x_wconf 80' lang='lat' dir='ltr'><strong>scripsisse</strong></span> 
     </span>
    </p>
   </div>
   <div class='ocr_carea' id='block_1_58' title="bbox 2063 1373 3623 1445">
    <p class='ocr_par' dir='ltr' id='par_1_58' title="bbox 2063 1373 3623 1445">
     <span class='ocr_line' id='line_1_58' title="bbox 2063 1373 3623 1445; baseline -0.007 -15"><span class='ocrx_word' id='word_1_402' title='bbox 2063 1377 2306 1445; x_wconf 81' lang='lat' dir='ltr'><strong>quidem,</strong></span> <span class='ocrx_word' id='word_1_403' title='bbox 2345 1374 2600 1445; x_wconf 67' lang='lat' dir='ltr'><strong>praefecto</strong></span> <span class='ocrx_word' id='word_1_404' title='bbox 2629 1373 2864 1428; x_wconf 65' lang='lat' dir='ltr'><strong>cubiculi</strong></span> <span class='ocrx_word' id='word_1_405' title='bbox 2889 1373 3090 1436; x_wconf 89' lang='lat' dir='ltr'><strong>occiso,</strong></span> <span class='ocrx_word' id='word_1_406' title='bbox 3128 1373 3336 1427; x_wconf 86' lang='lat' dir='ltr'><strong>vinctos</strong></span> <span class='ocrx_word' id='word_1_407' title='bbox 3361 1373 3623 1427; x_wconf 65' lang='lat' dir='ltr'><strong>Constan.</strong></span> 
     </span>
    </p>
   </div>
   <div class='ocr_carea' id='block_1_59' title="bbox 2066 1462 3633 1537">
    <p class='ocr_par' dir='ltr' id='par_1_59' title="bbox 2066 1462 3633 1537">
     <span class='ocr_line' id='line_1_59' title="bbox 2066 1462 3633 1537; baseline -0.006 -14"><span class='ocrx_word' id='word_1_408' title='bbox 2066 1468 2165 1525; x_wconf 87' lang='lat' dir='ltr'><strong>tini</strong></span> <span class='ocrx_word' id='word_1_409' title='bbox 2220 1467 2478 1537; x_wconf 84' lang='lat' dir='ltr'><strong>palatium</strong></span> <span class='ocrx_word' id='word_1_410' title='bbox 2538 1476 2915 1519; x_wconf 87' lang='lat' dir='ltr'><strong>tenere:esse</strong></span> <span class='ocrx_word' id='word_1_411' title='bbox 2979 1475 3157 1518; x_wconf 89' lang='lat' dir='ltr'><strong>tamen</strong></span> <span class='ocrx_word' id='word_1_412' title='bbox 3211 1464 3268 1517; x_wconf 92' lang='lat' dir='ltr'><strong>in</strong></span> <span class='ocrx_word' id='word_1_413' title='bbox 3337 1462 3633 1529; x_wconf 65' lang='lat' dir='ltr'><strong>ambiguo,</strong></span> 
     </span>
    </p>
   </div>
   <div class='ocr_carea' id='block_1_60' title="bbox 2067 1539 3636 1627">
    <p class='ocr_par' dir='ltr' id='par_1_60' title="bbox 2067 1539 3636 1627">
     <span class='ocr_line' id='line_1_60' title="bbox 2067 1539 3636 1627; baseline -0.006 -10"><span class='ocrx_word' id='word_1_414' title='bbox 2067 1573 2248 1617; x_wconf 86' lang='lat' dir='ltr'><strong>utrum</strong></span> <span class='ocrx_word' id='word_1_415' title='bbox 2283 1539 2463 1615; x_wconf 77' lang='lat' dir='ltr'><strong>adhuc</strong></span> <span class='ocrx_word' id='word_1_416' title='bbox 2495 1570 2736 1614; x_wconf 78' lang='lat' dir='ltr'><strong>teneant.</strong></span> <span class='ocrx_word' id='word_1_417' title='bbox 2768 1558 2822 1612; x_wconf 92' lang='lat' dir='ltr'><strong>Si</strong></span> <span class='ocrx_word' id='word_1_418' title='bbox 2850 1558 3020 1622; x_wconf 89' lang='lat' dir='ltr'><strong>enim,</strong></span> <span class='ocrx_word' id='word_1_419' title='bbox 3049 1557 3252 1627; x_wconf 59' lang='lat' dir='ltr'><strong>inquit.r</strong></span> <span class='ocrx_word' id='word_1_420' title='bbox 3270 1557 3523 1610; x_wconf 76' lang='lat' dir='ltr'><strong>univrrsa</strong></span> <span class='ocrx_word' id='word_1_421' title='bbox 3559 1556 3636 1610; x_wconf 89' lang='lat' dir='ltr'><strong>ci-</strong></span> 
     </span>
    </p>
   </div>
   <div class='ocr_carea' id='block_1_61' title="bbox 2065 1647 3635 1718">
    <p class='ocr_par' dir='ltr' id='par_1_61' title="bbox 2065 1647 3635 1718">
     <span class='ocr_line' id='line_1_61' title="bbox 2065 1647 3635 1718; baseline -0.004 -11"><span class='ocrx_word' id='word_1_422' title='bbox 2065 1655 2202 1709; x_wconf 81' lang='lat' dir='ltr'><strong>vitas</strong></span> <span class='ocrx_word' id='word_1_423' title='bbox 2259 1661 2468 1714; x_wconf 89' lang='lat' dir='ltr'><strong>nostra,</strong></span> <span class='ocrx_word' id='word_1_424' title='bbox 2501 1667 2675 1718; x_wconf 85' lang='lat' dir='ltr'><strong>neque</strong></span> <span class='ocrx_word' id='word_1_425' title='bbox 2728 1651 2830 1704; x_wconf 88' lang='lat' dir='ltr'><strong>illis</strong></span> <span class='ocrx_word' id='word_1_426' title='bbox 2887 1660 3107 1718; x_wconf 86' lang='lat' dir='ltr'><strong>propter</strong></span> <span class='ocrx_word' id='word_1_427' title='bbox 3171 1648 3411 1703; x_wconf 87' lang='lat' dir='ltr'><strong>studium</strong></span> <span class='ocrx_word' id='word_1_428' title='bbox 3462 1647 3635 1701; x_wconf 79' lang='lat' dir='ltr'><strong>nostri</strong></span> 
     </span>
    </p>
   </div>
   <div class='ocr_carea' id='block_1_62' title="bbox 2064 1740 3635 1817">
    <p class='ocr_par' dir='ltr' id='par_1_62' title="bbox 2064 1740 3635 1817">
     <span class='ocr_line' id='line_1_62' title="bbox 2064 1740 3635 1817; baseline -0.004 -17"><span class='ocrx_word' id='word_1_429' title='bbox 2064 1746 2363 1817; x_wconf 87' lang='lat' dir='ltr'><strong>quidquam</strong></span> <span class='ocrx_word' id='word_1_430' title='bbox 2414 1744 2698 1798; x_wconf 77' lang='lat' dir='ltr'><strong>molestum</strong></span> <span class='ocrx_word' id='word_1_431' title='bbox 2745 1749 2848 1802; x_wconf 69' lang='lat' dir='ltr'><strong>est.</strong></span> <span class='ocrx_word' id='word_1_432' title='bbox 2882 1758 2980 1797; x_wconf 75' lang='lat' dir='ltr'><strong>cur</strong></span> <span class='ocrx_word' id='word_1_433' title='bbox 3033 1742 3100 1796; x_wconf 85' lang='lat' dir='ltr'><strong>ad</strong></span> <span class='ocrx_word' id='word_1_434' title='bbox 3128 1741 3250 1797; x_wconf 90' lang='lat' dir='ltr'><strong>illos</strong></span> <span class='ocrx_word' id='word_1_435' title='bbox 3288 1740 3635 1804; x_wconf 79' lang='lat' dir='ltr'><strong>festinemus,</strong></span> 
     </span>
    </p>
   </div>
   <div class='ocr_carea' id='block_1_63' title="bbox 2064 1829 3638 1906">
    <p class='ocr_par' dir='ltr' id='par_1_63' title="bbox 2064 1829 3638 1906">
     <span class='ocr_line' id='line_1_63' title="bbox 2064 1829 3638 1906; baseline -0.006 -16"><span class='ocrx_word' id='word_1_436' title='bbox 2064 1834 2282 1906; x_wconf 84' lang='lat' dir='ltr'><strong>quando</strong></span> <span class='ocrx_word' id='word_1_437' title='bbox 2309 1848 2414 1887; x_wconf 86' lang='lat' dir='ltr'><strong>nec</strong></span> <span class='ocrx_word' id='word_1_438' title='bbox 2448 1831 2550 1895; x_wconf 85' lang='lat' dir='ltr'><strong>ipsi</strong></span> <span class='ocrx_word' id='word_1_439' title='bbox 2602 1830 2902 1902; x_wconf 77' lang='lat' dir='ltr'><strong>periculum</strong></span> <span class='ocrx_word' id='word_1_440' title='bbox 2935 1829 3101 1882; x_wconf 90' lang='lat' dir='ltr'><strong>ullum</strong></span> <span class='ocrx_word' id='word_1_441' title='bbox 3151 1837 3422 1891; x_wconf 88' lang='lat' dir='ltr'><strong>metuunt,</strong></span> <span class='ocrx_word' id='word_1_442' title='bbox 3452 1837 3506 1881; x_wconf 91' lang='lat' dir='ltr'><strong>et</strong></span> <span class='ocrx_word' id='word_1_443' title='bbox 3535 1840 3638 1881; x_wconf 88' lang='lat' dir='ltr'><strong>nos</strong></span> 
     </span>
    </p>
   </div>
   <div class='ocr_carea' id='block_1_64' title="bbox 2065 1916 3638 1987">
    <p class='ocr_par' dir='ltr' id='par_1_64' title="bbox 2065 1916 3638 1987">
     <span class='ocr_line' id='line_1_64' title="bbox 2065 1916 3638 1987; baseline -0.008 -4"><span class='ocrx_word' id='word_1_444' title='bbox 2065 1943 2133 1983; x_wconf 79' lang='lat' dir='ltr'><strong>ex</strong></span> <span class='ocrx_word' id='word_1_445' title='bbox 2158 1925 2417 1982; x_wconf 84' lang='lat' dir='ltr'><strong>dilatione</strong></span> <span class='ocrx_word' id='word_1_446' title='bbox 2447 1921 2837 1977; x_wconf 75' lang='lat' dir='ltr'><strong>detrimentrm</strong></span> <span class='ocrx_word' id='word_1_447' title='bbox 2870 1919 3074 1974; x_wconf 83' lang='lat' dir='ltr'><strong>nullum</strong></span> <span class='ocrx_word' id='word_1_448' title='bbox 3104 1917 3390 1987; x_wconf 87' lang='lat' dir='ltr'><strong>capimus?</strong></span> <span class='ocrx_word' id='word_1_449' title='bbox 3419 1916 3535 1981; x_wconf 88' lang='lat' dir='ltr'><strong>Sin,</strong></span> <span class='ocrx_word' id='word_1_450' title='bbox 3576 1926 3638 1971; x_wconf 85' lang='lat' dir='ltr'><strong>ut</strong></span> 
     </span>
    </p>
   </div>
   <div class='ocr_carea' id='block_1_65' title="bbox 2065 2005 3631 2077">
    <p class='ocr_par' dir='ltr' id='par_1_65' title="bbox 2065 2005 3631 2077">
     <span class='ocr_line' id='line_1_65' title="bbox 2065 2005 3631 2077; baseline -0.01 -5"><span class='ocrx_word' id='word_1_451' title='bbox 2065 2026 2193 2071; x_wconf 84' lang='lat' dir='ltr'><strong>ante</strong></span> <span class='ocrx_word' id='word_1_452' title='bbox 2221 2016 2344 2077; x_wconf 85' lang='lat' dir='ltr'><strong>hac,</strong></span> <span class='ocrx_word' id='word_1_453' title='bbox 2376 2027 2595 2067; x_wconf 80' lang='lat' dir='ltr'><strong>rursum</strong></span> <span class='ocrx_word' id='word_1_454' title='bbox 2624 2012 2676 2066; x_wconf 90' lang='lat' dir='ltr'><strong>in</strong></span> <span class='ocrx_word' id='word_1_455' title='bbox 2711 2010 2878 2063; x_wconf 88' lang='lat' dir='ltr'><strong>armis</strong></span> <span class='ocrx_word' id='word_1_456' title='bbox 2918 2017 3066 2072; x_wconf 81' lang='lat' dir='ltr'><strong>sunt,</strong></span> <span class='ocrx_word' id='word_1_457' title='bbox 3098 2017 3155 2062; x_wconf 89' lang='lat' dir='ltr'><strong>et</strong></span> <span class='ocrx_word' id='word_1_458' title='bbox 3210 2006 3441 2076; x_wconf 75' lang='lat' dir='ltr'><strong>populus</strong></span> <span class='ocrx_word' id='word_1_459' title='bbox 3482 2005 3631 2075; x_wconf 67' lang='lat' dir='ltr'><strong>palao</strong></span> 
     </span>
    </p>
   </div>
   <div class='ocr_carea' id='block_1_66' title="bbox 2069 2100 3636 2176">
    <p class='ocr_par' dir='ltr' id='par_1_66' title="bbox 2069 2100 3636 2176">
     <span class='ocr_line' id='line_1_66' title="bbox 2069 2100 3636 2176; baseline -0.007 -14"><span class='ocrx_word' id='word_1_460' title='bbox 2069 2108 2201 2162; x_wconf 84' lang='lat' dir='ltr'><strong>tium</strong></span> <span class='ocrx_word' id='word_1_461' title='bbox 2234 2114 2534 2176; x_wconf 71' lang='lat' dir='ltr'><strong>oppugnat,</strong></span> <span class='ocrx_word' id='word_1_462' title='bbox 2560 2120 2670 2157; x_wconf 86' lang='lat' dir='ltr'><strong>non</strong></span> <span class='ocrx_word' id='word_1_463' title='bbox 2702 2103 2885 2167; x_wconf 78' lang='lat' dir='ltr'><strong>video,-</strong></span> <span class='ocrx_word' id='word_1_464' title='bbox 2916 2116 3021 2172; x_wconf 83' lang='lat' dir='ltr'><strong>qua</strong></span> <span class='ocrx_word' id='word_1_465' title='bbox 3052 2102 3104 2156; x_wconf 89' lang='lat' dir='ltr'><strong>vi</strong></span> <span class='ocrx_word' id='word_1_466' title='bbox 3131 2101 3182 2155; x_wconf 92' lang='lat' dir='ltr'><strong>id</strong></span> <span class='ocrx_word' id='word_1_467' title='bbox 3211 2101 3479 2154; x_wconf 81' lang='lat' dir='ltr'><strong>servaturi</strong></span> <span class='ocrx_word' id='word_1_468' title='bbox 3502 2100 3636 2164; x_wconf 82' lang='lat' dir='ltr'><strong>sint;</strong></span> 
     </span>
    </p>
   </div>
   <div class='ocr_carea' id='block_1_67' title="bbox 2064 2178 3642 2257">
    <p class='ocr_par' dir='ltr' id='par_1_67' title="bbox 2064 2178 3642 2257">
     <span class='ocr_line' id='line_1_67' title="bbox 2064 2178 3642 2257; baseline -0.004 -3"><span class='ocrx_word' id='word_1_469' title='bbox 2064 2178 2344 2254; x_wconf 76' lang='lat' dir='ltr'><strong>necenim</strong></span> <span class='ocrx_word' id='word_1_470' title='bbox 2383 2211 2656 2250; x_wconf 78' lang='lat' dir='ltr'><strong>armorum</strong></span> <span class='ocrx_word' id='word_1_471' title='bbox 2691 2194 2924 2247; x_wconf 80' lang='lat' dir='ltr'><strong>facultas</strong></span> <span class='ocrx_word' id='word_1_472' title='bbox 2952 2201 3054 2257; x_wconf 90' lang='lat' dir='ltr'><strong>est,</strong></span> <span class='ocrx_word' id='word_1_473' title='bbox 3089 2208 3212 2246; x_wconf 88' lang='lat' dir='ltr'><strong>cum</strong></span> <span class='ocrx_word' id='word_1_474' title='bbox 3247 2193 3358 2246; x_wconf 89' lang='lat' dir='ltr'><strong>sint</strong></span> <span class='ocrx_word' id='word_1_475' title='bbox 3400 2193 3642 2248; x_wconf 73' lang='lat' dir='ltr'><strong>inermes</strong></span> 
     </span>
    </p>
   </div>
   <div class='ocr_carea' id='block_1_68' title="bbox 2067 2281 3638 2354">
    <p class='ocr_par' dir='ltr' id='par_1_68' title="bbox 2067 2281 3638 2354">
     <span class='ocr_line' id='line_1_68' title="bbox 2067 2281 3638 2354; baseline -0.006 -8"><span class='ocrx_word' id='word_1_476' title='bbox 2067 2300 2270 2346; x_wconf 83' lang='lat' dir='ltr'><strong>etcum</strong></span> <span class='ocrx_word' id='word_1_477' title='bbox 2317 2286 2559 2351; x_wconf 82' lang='lat' dir='ltr'><strong>catenis;</strong></span> <span class='ocrx_word' id='word_1_478' title='bbox 2597 2301 2773 2354; x_wconf 87' lang='lat' dir='ltr'><strong>neque</strong></span> <span class='ocrx_word' id='word_1_479' title='bbox 2821 2283 3018 2349; x_wconf 86' lang='lat' dir='ltr'><strong>victus,</strong></span> <span class='ocrx_word' id='word_1_480' title='bbox 3050 2299 3209 2352; x_wconf 85' lang='lat' dir='ltr'><strong>quem</strong></span> <span class='ocrx_word' id='word_1_481' title='bbox 3258 2282 3517 2337; x_wconf 78' lang='lat' dir='ltr'><strong>custodes</strong></span> <span class='ocrx_word' id='word_1_482' title='bbox 3547 2281 3638 2337; x_wconf 76' lang='lat' dir='ltr'><strong>vix</strong></span> 
     </span>
    </p>
   </div>
   <div class='ocr_carea' id='block_1_69' title="bbox 2066 2371 3643 2443">
    <p class='ocr_par' dir='ltr' id='par_1_69' title="bbox 2066 2371 3643 2443">
     <span class='ocr_line' id='line_1_69' title="bbox 2066 2371 3643 2443; baseline -0.008 -6"><span class='ocrx_word' id='word_1_483' title='bbox 2066 2382 2133 2437; x_wconf 86' lang='lat' dir='ltr'><strong>ad</strong></span> <span class='ocrx_word' id='word_1_484' title='bbox 2168 2382 2550 2435; x_wconf 74' lang='lat' dir='ltr'><strong>necessitatem</strong></span> <span class='ocrx_word' id='word_1_485' title='bbox 2582 2377 2819 2431; x_wconf 90' lang='lat' dir='ltr'><strong>tenuiter</strong></span> <span class='ocrx_word' id='word_1_486' title='bbox 2845 2375 3283 2443; x_wconf 85' lang='lat' dir='ltr'><strong>suppeditabant.</strong></span> <span class='ocrx_word' id='word_1_487' title='bbox 3303 2372 3466 2443; x_wconf 72' lang='lat'><strong>660</strong></span> <span class='ocrx_word' id='word_1_488' title='bbox 3489 2371 3643 2425; x_wconf 81' lang='lat' dir='ltr'><strong>Adde</strong></span> 
     </span>
    </p>
   </div>
   <div class='ocr_carea' id='block_1_70' title="bbox 2067 2464 3654 2543">
    <p class='ocr_par' dir='ltr' id='par_1_70' title="bbox 2067 2464 3654 2543">
     <span class='ocr_line' id='line_1_70' title="bbox 2067 2464 3654 2543; baseline -0.006 -19"><span class='ocrx_word' id='word_1_489' title='bbox 2067 2472 2211 2543; x_wconf 85' lang='lat' dir='ltr'><strong>quod</strong></span> <span class='ocrx_word' id='word_1_490' title='bbox 2240 2471 2306 2525; x_wconf 87' lang='lat' dir='ltr'><strong>ad</strong></span> <span class='ocrx_word' id='word_1_491' title='bbox 2336 2468 2753 2538; x_wconf 83' lang='lat' dir='ltr'><strong>amplitudinem</strong></span> <span class='ocrx_word' id='word_1_492' title='bbox 2803 2466 2985 2535; x_wconf 81' lang='lat' dir='ltr'><strong>palatii</strong></span> <span class='ocrx_word' id='word_1_493' title='bbox 3014 2466 3292 2519; x_wconf 82' lang='lat' dir='ltr'><strong>tutandam</strong></span> <span class='ocrx_word' id='word_1_494' title='bbox 3342 2465 3444 2529; x_wconf 84' lang='lat' dir='ltr'><strong>ipst</strong></span> <span class='ocrx_word' id='word_1_495' title='bbox 3478 2464 3654 2531; x_wconf 84' lang='lat' dir='ltr'><strong>pauci-</strong></span> 
     </span>
    </p>
   </div>
   <div class='ocr_carea' id='block_1_71' title="bbox 2069 2553 3641 2629">
    <p class='ocr_par' dir='ltr' id='par_1_71' title="bbox 2069 2553 3641 2629">
     <span class='ocr_line' id='line_1_71' title="bbox 2069 2553 3641 2629; baseline -0.009 -9"><span class='ocrx_word' id='word_1_496' title='bbox 2069 2582 2180 2621; x_wconf 87' lang='lat' dir='ltr'><strong>non</strong></span> <span class='ocrx_word' id='word_1_497' title='bbox 2216 2562 2511 2626; x_wconf 74' lang='lat' dir='ltr'><strong>sufﬁciunt,</strong></span> <span class='ocrx_word' id='word_1_498' title='bbox 2539 2559 2688 2629; x_wconf 88' lang='lat' dir='ltr'><strong>quod</strong></span> <span class='ocrx_word' id='word_1_499' title='bbox 2704 2561 2818 2629; x_wconf 86' lang='lat' dir='ltr'><strong>jam</strong></span> <span class='ocrx_word' id='word_1_500' title='bbox 2857 2558 3064 2629; x_wconf 83' lang='lat' dir='ltr'><strong>pridem</strong></span> <span class='ocrx_word' id='word_1_501' title='bbox 3091 2558 3422 2628; x_wconf 76' lang='lat' dir='ltr'><strong>tit-glertum,</strong></span> <span class='ocrx_word' id='word_1_502' title='bbox 3449 2562 3504 2607; x_wconf 87' lang='lat' dir='ltr'><strong>et</strong></span> <span class='ocrx_word' id='word_1_503' title='bbox 3546 2553 3641 2607; x_wconf 87' lang='lat' dir='ltr'><strong>de-</strong></span> 
     </span>
    </p>
   </div>
   <div class='ocr_carea' id='block_1_72' title="bbox 2070 2645 3641 2722">
    <p class='ocr_par' dir='ltr' id='par_1_72' title="bbox 2070 2645 3641 2722">
     <span class='ocr_line' id='line_1_72' title="bbox 2070 2645 3641 2722; baseline -0.009 -8"><span class='ocrx_word' id='word_1_504' title='bbox 2070 2666 2305 2720; x_wconf 85' lang='lat' dir='ltr'><strong>sertum,</strong></span> <span class='ocrx_word' id='word_1_505' title='bbox 2339 2654 2595 2710; x_wconf 88' lang='lat' dir='ltr'><strong>facillime</strong></span> <span class='ocrx_word' id='word_1_506' title='bbox 2628 2652 2720 2722; x_wconf 91' lang='lat' dir='ltr'><strong>qui</strong></span> <span class='ocrx_word' id='word_1_507' title='bbox 2752 2652 2902 2705; x_wconf 88' lang='lat' dir='ltr'><strong>intus</strong></span> <span class='ocrx_word' id='word_1_508' title='bbox 2944 2659 3073 2704; x_wconf 89' lang='lat' dir='ltr'><strong>sunt</strong></span> <span class='ocrx_word' id='word_1_509' title='bbox 3104 2650 3336 2719; x_wconf 89' lang='lat' dir='ltr'><strong>prodent</strong></span> <span class='ocrx_word' id='word_1_510' title='bbox 3369 2664 3384 2699; x_wconf 87' lang='lat'><strong>:</strong></span> <span class='ocrx_word' id='word_1_511' title='bbox 3422 2655 3479 2700; x_wconf 90' lang='lat' dir='ltr'><strong>ut</strong></span> <span class='ocrx_word' id='word_1_512' title='bbox 3506 2645 3641 2700; x_wconf 85' lang='lat' dir='ltr'><strong>mihi</strong></span> 
     </span>
    </p>
   </div>
   <div class='ocr_carea' id='block_1_73' title="bbox 2071 2740 3650 2818">
    <p class='ocr_par' dir='ltr' id='par_1_73' title="bbox 2071 2740 3650 2818">
     <span class='ocr_line' id='line_1_73' title="bbox 2071 2740 3650 2818; baseline -0.004 -19"><span class='ocrx_word' id='word_1_513' title='bbox 2071 2749 2290 2818; x_wconf 87' lang='lat' dir='ltr'><strong>quidem</strong></span> <span class='ocrx_word' id='word_1_514' title='bbox 2314 2760 2640 2816; x_wconf 82' lang='lat' dir='ltr'><strong>quacunque</strong></span> <span class='ocrx_word' id='word_1_515' title='bbox 2658 2743 2913 2805; x_wconf 89' lang='lat' dir='ltr'><strong>intuenti,</strong></span> <span class='ocrx_word' id='word_1_516' title='bbox 2938 2741 3156 2795; x_wconf 80' lang='lat' dir='ltr'><strong>difﬁcile</strong></span> <span class='ocrx_word' id='word_1_517' title='bbox 3191 2740 3460 2804; x_wconf 85' lang='lat' dir='ltr'><strong>videatur,</strong></span> <span class='ocrx_word' id='word_1_518' title='bbox 3485 2752 3650 2807; x_wconf 82' lang='lat' dir='ltr'><strong>posse</strong></span> 
     </span>
    </p>
   </div>
   <div class='ocr_carea' id='block_1_74' title="bbox 2070 2828 3651 2894">
    <p class='ocr_par' dir='ltr' id='par_1_74' title="bbox 2070 2828 3651 2894">
     <span class='ocr_line' id='line_1_74' title="bbox 2070 2828 3651 2894; baseline -0.008 0"><span class='ocrx_word' id='word_1_519' title='bbox 2070 2839 2192 2894; x_wconf 82' lang='lat' dir='ltr'><strong>illos</strong></span> <span class='ocrx_word' id='word_1_520' title='bbox 2215 2847 2403 2892; x_wconf 90' lang='lat' dir='ltr'><strong>contra</strong></span> <span class='ocrx_word' id='word_1_521' title='bbox 2422 2845 2627 2890; x_wconf 87' lang='lat' dir='ltr'><strong>tantam</strong></span> <span class='ocrx_word' id='word_1_522' title='bbox 2664 2833 2772 2887; x_wconf 84' lang='lat' dir='ltr'><strong>vim</strong></span> <span class='ocrx_word' id='word_1_523' title='bbox 2802 2833 3078 2887; x_wconf 85' lang='lat' dir='ltr'><strong>resistere.</strong></span> <span class='ocrx_word' id='word_1_524' title='bbox 3099 2832 3154 2885; x_wconf 89' lang='lat' dir='ltr'><strong>Si</strong></span> <span class='ocrx_word' id='word_1_525' title='bbox 3175 2846 3304 2885; x_wconf 86' lang='lat' dir='ltr'><strong>vero</strong></span> <span class='ocrx_word' id='word_1_526' title='bbox 3328 2829 3471 2882; x_wconf 87' lang='lat' dir='ltr'><strong>unde</strong></span> <span class='ocrx_word' id='word_1_527' title='bbox 3500 2828 3651 2882; x_wconf 82' lang='lat' dir='ltr'><strong>unde</strong></span> 
     </span>
    </p>
   </div>
   <div class='ocr_carea' id='block_1_75' title="bbox 2072 2920 3647 2988">
    <p class='ocr_par' dir='ltr' id='par_1_75' title="bbox 2072 2920 3647 2988">
     <span class='ocr_line' id='line_1_75' title="bbox 2072 2920 3647 2988; baseline -0.008 -4"><span class='ocrx_word' id='word_1_528' title='bbox 2072 2928 2334 2985; x_wconf 63' lang='lat' dir='ltr'><strong>auxilium</strong></span> <span class='ocrx_word' id='word_1_529' title='bbox 2368 2925 2673 2988; x_wconf 86' lang='lat' dir='ltr'><strong>consecuti,</strong></span> <span class='ocrx_word' id='word_1_530' title='bbox 2703 2932 2758 2979; x_wconf 89' lang='lat' dir='ltr'><strong>et</strong></span> <span class='ocrx_word' id='word_1_531' title='bbox 2795 2924 2961 2977; x_wconf 88' lang='lat' dir='ltr'><strong>rebus</strong></span> <span class='ocrx_word' id='word_1_532' title='bbox 3006 2923 3328 2976; x_wconf 87' lang='lat' dir='ltr'><strong>necessariis</strong></span> <span class='ocrx_word' id='word_1_533' title='bbox 3360 2920 3647 2975; x_wconf 72' lang='lat' dir='ltr'><strong>abundam-</strong></span> 
     </span>
    </p>
   </div>
   <div class='ocr_carea' id='block_1_76' title="bbox 2075 3012 3650 3088">
    <p class='ocr_par' dir='ltr' id='par_1_76' title="bbox 2075 3012 3650 3088">
     <span class='ocr_line' id='line_1_76' title="bbox 2075 3012 3650 3088; baseline -0.008 -13"><span class='ocrx_word' id='word_1_534' title='bbox 2075 3016 2175 3082; x_wconf 65' lang='lat' dir='ltr'><strong>te&#39;s.</strong></span> <span class='ocrx_word' id='word_1_535' title='bbox 2211 3035 2383 3088; x_wconf 88' lang='lat' dir='ltr'><strong>usque</strong></span> <span class='ocrx_word' id='word_1_536' title='bbox 2412 3033 2564 3072; x_wconf 86' lang='lat' dir='ltr'><strong>nunc</strong></span> <span class='ocrx_word' id='word_1_537' title='bbox 2608 3033 2668 3071; x_wconf 91' lang='lat' dir='ltr'><strong>se</strong></span> <span class='ocrx_word' id='word_1_538' title='bbox 2702 3014 3085 3079; x_wconf 78' lang='lat' dir='ltr'><strong>defenderunt,</strong></span> <span class='ocrx_word' id='word_1_539' title='bbox 3119 3023 3174 3067; x_wconf 92' lang='lat' dir='ltr'><strong>et</strong></span> <span class='ocrx_word' id='word_1_540' title='bbox 3202 3013 3410 3068; x_wconf 87' lang='lat' dir='ltr'><strong>diutius</strong></span> <span class='ocrx_word' id='word_1_541' title='bbox 3450 3027 3508 3067; x_wconf 85' lang='lat' dir='ltr'><strong>se</strong></span> <span class='ocrx_word' id='word_1_542' title='bbox 3554 3012 3650 3064; x_wconf 73' lang='lat' dir='ltr'><strong>de~</strong></span> 
     </span>
    </p>
   </div>
   <div class='ocr_carea' id='block_1_77' title="bbox 2004 3107 3646 3187">
    <p class='ocr_par' dir='ltr' id='par_1_77' title="bbox 2004 3107 3646 3187">
     <span class='ocr_line' id='line_1_77' title="bbox 2004 3107 3646 3187; baseline -0.006 -20"><span class='ocrx_word' id='word_1_543' title='bbox 2004 3130 2047 3187; x_wconf 74' lang='grc' dir='ltr'>ο</span> <span class='ocrx_word' id='word_1_544' title='bbox 2079 3111 2300 3166; x_wconf 85' lang='lat' dir='ltr'><strong>fendere</strong></span> <span class='ocrx_word' id='word_1_545' title='bbox 2340 3118 2616 3179; x_wconf 85' lang='lat' dir='ltr'><strong>poterunt,</strong></span> <span class='ocrx_word' id='word_1_546' title='bbox 2650 3124 2759 3163; x_wconf 86' lang='lat' dir='ltr'><strong>non</strong></span> <span class='ocrx_word' id='word_1_547' title='bbox 2797 3123 2927 3163; x_wconf 90' lang='lat' dir='ltr'><strong>sane</strong></span> <span class='ocrx_word' id='word_1_548' title='bbox 2956 3116 3174 3178; x_wconf 76' lang='lat' dir='ltr'><strong>piOplel‘</strong></span> <span class='ocrx_word' id='word_1_549' title='bbox 3206 3107 3464 3159; x_wconf 86' lang='lat' dir='ltr'><strong>incertam</strong></span> <span class='ocrx_word' id='word_1_550' title='bbox 3497 3118 3646 3172; x_wconf 88' lang='lat' dir='ltr'><strong>spem</strong></span> 
     </span>
    </p>
   </div>
   <div class='ocr_carea' id='block_1_78' title="bbox 2080 3195 3645 3271">
    <p class='ocr_par' dir='ltr' id='par_1_78' title="bbox 2080 3195 3645 3271">
     <span class='ocr_line' id='line_1_78' title="bbox 2080 3195 3645 3271; baseline -0.005 -14"><span class='ocrx_word' id='word_1_551' title='bbox 2080 3205 2248 3266; x_wconf 83' lang='lat' dir='ltr'><strong>bona,</strong></span> <span class='ocrx_word' id='word_1_552' title='bbox 2279 3218 2400 3271; x_wconf 61' lang='lat' dir='ltr'><strong>quae</strong></span> <span class='ocrx_word' id='word_1_553' title='bbox 2427 3202 2483 3255; x_wconf 91' lang='lat' dir='ltr'><strong>in</strong></span> <span class='ocrx_word' id='word_1_554' title='bbox 2513 3201 2761 3255; x_wconf 83' lang='lat' dir='ltr'><strong>manibus</strong></span> <span class='ocrx_word' id='word_1_555' title='bbox 2792 3207 2940 3264; x_wconf 89' lang='lat' dir='ltr'><strong>sunt,</strong></span> <span class='ocrx_word' id='word_1_556' title='bbox 2974 3198 3210 3267; x_wconf 84' lang='lat' dir='ltr'><strong>abjicere</strong></span> <span class='ocrx_word' id='word_1_557' title='bbox 3244 3207 3476 3266; x_wconf 80' lang='lat' dir='ltr'><strong>Oportet.</strong></span> <span class='ocrx_word' id='word_1_558' title='bbox 3527 3195 3645 3248; x_wconf 80' lang='lat' dir='ltr'><strong>Non</strong></span> 
     </span>
    </p>
   </div>
   <div class='ocr_carea' id='block_1_79' title="bbox 2081 3286 3650 3362">
    <p class='ocr_par' dir='ltr' id='par_1_79' title="bbox 2081 3286 3650 3362">
     <span class='ocr_line' id='line_1_79' title="bbox 2081 3286 3650 3362; baseline -0.006 -14"><span class='ocrx_word' id='word_1_559' title='bbox 2081 3294 2227 3349; x_wconf 92' lang='lat' dir='ltr'><strong>enim</strong></span> <span class='ocrx_word' id='word_1_560' title='bbox 2250 3293 2466 3362; x_wconf 77' lang='lat' dir='ltr'><strong>exigua.</strong></span> <span class='ocrx_word' id='word_1_561' title='bbox 2500 3302 2555 3345; x_wconf 89' lang='lat' dir='ltr'><strong>et</strong></span> <span class='ocrx_word' id='word_1_562' title='bbox 2585 3299 2900 3357; x_wconf 86' lang='lat' dir='ltr'><strong>contempta</strong></span> <span class='ocrx_word' id='word_1_563' title='bbox 2937 3290 3067 3344; x_wconf 86' lang='lat' dir='ltr'><strong>urbs</strong></span> <span class='ocrx_word' id='word_1_564' title='bbox 3097 3289 3308 3351; x_wconf 71' lang='lat' dir='ltr'><strong>Pherae,</strong></span> <span class='ocrx_word' id='word_1_565' title='bbox 3342 3286 3441 3341; x_wconf 89' lang='lat' dir='ltr'><strong>sed</strong></span> <span class='ocrx_word' id='word_1_566' title='bbox 3467 3288 3650 3353; x_wconf 79' lang='lat' dir='ltr'><strong>atttpla</strong></span> 
     </span>
    </p>
   </div>
   <div class='ocr_carea' id='block_1_80' title="bbox 2079 3374 3651 3449">
    <p class='ocr_par' dir='ltr' id='par_1_80' title="bbox 2079 3374 3651 3449">
     <span class='ocr_line' id='line_1_80' title="bbox 2079 3374 3651 3449; baseline -0.006 -11"><span class='ocrx_word' id='word_1_567' title='bbox 2079 3392 2143 3438; x_wconf 81' lang='lat' dir='ltr'><strong>et</strong></span> <span class='ocrx_word' id='word_1_568' title='bbox 2175 3382 2422 3446; x_wconf 87' lang='lat' dir='ltr'><strong>illustris,</strong></span> <span class='ocrx_word' id='word_1_569' title='bbox 2460 3391 2515 3437; x_wconf 85' lang='lat' dir='ltr'><strong>et</strong></span> <span class='ocrx_word' id='word_1_570' title='bbox 2552 3396 2581 3436; x_wconf 87' lang='lat' dir='ltr'><strong>a</strong></span> <span class='ocrx_word' id='word_1_571' title='bbox 2609 3397 2713 3449; x_wconf 88' lang='lat' dir='ltr'><strong>qua</strong></span> <span class='ocrx_word' id='word_1_572' title='bbox 2772 3379 3078 3434; x_wconf 76' lang='lat' dir='ltr'><strong>Romanum</strong></span> <span class='ocrx_word' id='word_1_573' title='bbox 3142 3377 3431 3446; x_wconf 85' lang='lat' dir='ltr'><strong>imperium</strong></span> <span class='ocrx_word' id='word_1_574' title='bbox 3494 3374 3651 3429; x_wconf 85' lang='lat' dir='ltr'><strong>valde</strong></span> 
     </span>
    </p>
   </div>
   <div class='ocr_carea' id='block_1_81' title="bbox 2079 3465 3654 3543">
    <p class='ocr_par' dir='ltr' id='par_1_81' title="bbox 2079 3465 3654 3543">
     <span class='ocr_line' id='line_1_81' title="bbox 2079 3465 3654 3543; baseline -0.004 -17"><span class='ocrx_word' id='word_1_575' title='bbox 2079 3473 2337 3543; x_wconf 87' lang='lat' dir='ltr'><strong>pendeat.</strong></span> <span class='ocrx_word' id='word_1_576' title='bbox 2366 3471 2543 3537; x_wconf 83' lang='lat' dir='ltr'><strong>Quare</strong></span> <span class='ocrx_word' id='word_1_577' title='bbox 2579 3469 2789 3540; x_wconf 78' lang='lat' dir='ltr'><strong>reliquo</strong></span> <span class='ocrx_word' id='word_1_578' title='bbox 2814 3467 3095 3529; x_wconf 77' lang='lat' dir='ltr'><strong>exercitui</strong></span> <span class='ocrx_word' id='word_1_579' title='bbox 3140 3467 3286 3522; x_wconf 85' lang='lat' dir='ltr'><strong>nulla</strong></span> <span class='ocrx_word' id='word_1_580' title='bbox 3329 3465 3654 3535; x_wconf 81' lang='lat' dir='ltr'><strong>interposita</strong></span> 
     </span>
    </p>
   </div>
   <div class='ocr_carea' id='block_1_82' title="bbox 2082 3559 3650 3633">
    <p class='ocr_par' dir='ltr' id='par_1_82' title="bbox 2082 3559 3650 3633">
     <span class='ocr_line' id='line_1_82' title="bbox 2082 3559 3650 3633; baseline -0.005 -15"><span class='ocrx_word' id='word_1_581' title='bbox 2082 3578 2234 3618; x_wconf 88' lang='lat' dir='ltr'><strong>mora</strong></span> <span class='ocrx_word' id='word_1_582' title='bbox 2273 3562 2588 3633; x_wconf 84' lang='lat' dir='ltr'><strong>Byzantium</strong></span> <span class='ocrx_word' id='word_1_583' title='bbox 2640 3559 3127 3623; x_wconf 80' lang='lat' dir='ltr'><strong>contendendum,</strong></span> <span class='ocrx_word' id='word_1_584' title='bbox 3181 3559 3314 3613; x_wconf 81' lang='lat' dir='ltr'><strong>mihi</strong></span> <span class='ocrx_word' id='word_1_585' title='bbox 3349 3572 3477 3612; x_wconf 90' lang='lat' dir='ltr'><strong>vero</strong></span> <span class='ocrx_word' id='word_1_586' title='bbox 3524 3573 3650 3611; x_wconf 89' lang='lat' dir='ltr'><strong>eum</strong></span> 
     </span>
    </p>
   </div>
   <div class='ocr_carea' id='block_1_83' title="bbox 2085 3650 3652 3723">
    <p class='ocr_par' dir='ltr' id='par_1_83' title="bbox 2085 3650 3652 3723">
     <span class='ocr_line' id='line_1_83' title="bbox 2085 3650 3652 3723; baseline -0.005 -12"><span class='ocrx_word' id='word_1_587' title='bbox 2085 3656 2260 3711; x_wconf 89' lang='lat' dir='ltr'><strong>tribus</strong></span> <span class='ocrx_word' id='word_1_588' title='bbox 2296 3656 2534 3710; x_wconf 85' lang='lat' dir='ltr'><strong>millibus</strong></span> <span class='ocrx_word' id='word_1_589' title='bbox 2586 3655 2788 3709; x_wconf 83' lang='lat' dir='ltr'><strong>Pheras</strong></span> <span class='ocrx_word' id='word_1_590' title='bbox 2837 3650 3329 3723; x_wconf 79' lang='lat' dir='ltr'><strong>proficiscendum:</strong></span> <span class='ocrx_word' id='word_1_591' title='bbox 3366 3650 3438 3706; x_wconf 88' lang='lat' dir='ltr'><strong>ibi</strong></span> <span class='ocrx_word' id='word_1_592' title='bbox 3485 3665 3652 3713; x_wconf 87' lang='lat' dir='ltr'><strong>unum</strong></span> 
     </span>
    </p>
   </div>
   <div class='ocr_carea' id='block_1_84' title="bbox 2085 3743 3653 3814">
    <p class='ocr_par' dir='ltr' id='par_1_84' title="bbox 2085 3743 3653 3814">
     <span class='ocr_line' id='line_1_84' title="bbox 2085 3743 3653 3814; baseline -0.004 -12"><span class='ocrx_word' id='word_1_593' title='bbox 2085 3747 2230 3802; x_wconf 91' lang='lat' dir='ltr'><strong>diem</strong></span> <span class='ocrx_word' id='word_1_594' title='bbox 2276 3763 2401 3802; x_wconf 90' lang='lat' dir='ltr'><strong>cum</strong></span> <span class='ocrx_word' id='word_1_595' title='bbox 2433 3746 2642 3801; x_wconf 75' lang='lat' dir='ltr'><strong>civibus</strong></span> <span class='ocrx_word' id='word_1_596' title='bbox 2677 3746 3008 3814; x_wconf 69' lang='lat' dir='ltr'><strong>ponendum,</strong></span> <span class='ocrx_word' id='word_1_597' title='bbox 3061 3743 3332 3812; x_wconf 84' lang='lat' dir='ltr'><strong>rebusque</strong></span> <span class='ocrx_word' id='word_1_598' title='bbox 3375 3750 3653 3808; x_wconf 81' lang='lat' dir='ltr'><strong>utcunque</strong></span> 
     </span>
    </p>
   </div>
   <div class='ocr_carea' id='block_1_85' title="bbox 2085 3834 3653 3910">
    <p class='ocr_par' dir='ltr' id='par_1_85' title="bbox 2085 3834 3653 3910">
     <span class='ocr_line' id='line_1_85' title="bbox 2085 3834 3653 3910; baseline -0.004 -17"><span class='ocrx_word' id='word_1_599' title='bbox 2085 3841 2379 3910; x_wconf 79' lang='lat' dir='ltr'><strong>inspectis,</strong></span> <span class='ocrx_word' id='word_1_600' title='bbox 2407 3848 2468 3894; x_wconf 86' lang='lat' dir='ltr'><strong>et.</strong></span> <span class='ocrx_word' id='word_1_601' title='bbox 2491 3838 2828 3906; x_wconf 86' lang='lat' dir='ltr'><strong>compositis,</strong></span> <span class='ocrx_word' id='word_1_602' title='bbox 2860 3846 2916 3891; x_wconf 91' lang='lat' dir='ltr'><strong>et</strong></span> <span class='ocrx_word' id='word_1_603' title='bbox 2950 3835 3221 3889; x_wconf 84' lang='lat' dir='ltr'><strong>.Cralianis</strong></span> <span class='ocrx_word' id='word_1_604' title='bbox 3265 3834 3530 3903; x_wconf 82' lang='lat' dir='ltr'><strong>expulsis,</strong></span> <span class='ocrx_word' id='word_1_605' title='bbox 3565 3848 3653 3887; x_wconf 88' lang='lat' dir='ltr'><strong>re-</strong></span> 
     </span>
    </p>
   </div>
   <div class='ocr_carea' id='block_1_86' title="bbox 2085 3927 3649 4000">
    <p class='ocr_par' dir='ltr' id='par_1_86' title="bbox 2085 3927 3649 4000">
     <span class='ocr_line' id='line_1_86' title="bbox 2085 3927 3649 4000; baseline -0.004 -14"><span class='ocrx_word' id='word_1_606' title='bbox 2085 3933 2409 3999; x_wconf 76' lang='lat' dir='ltr'><strong>vertendum</strong></span> <span class='ocrx_word' id='word_1_607' title='bbox 2454 3930 2668 4000; x_wconf 83' lang='lat' dir='ltr'><strong>opinor.</strong></span> <span class='ocrx_word' id='word_1_608' title='bbox 2717 3930 2871 3984; x_wconf 81' lang='lat' dir='ltr'><strong>Alias</strong></span> <span class='ocrx_word' id='word_1_609' title='bbox 2924 3937 3106 3982; x_wconf 88' lang='lat' dir='ltr'><strong>autem</strong></span> <span class='ocrx_word' id='word_1_610' title='bbox 3165 3927 3376 3996; x_wconf 87' lang='lat' dir='ltr'><strong>copias,</strong></span> <span class='ocrx_word' id='word_1_611' title='bbox 3427 3936 3649 3995; x_wconf 80' lang='lat' dir='ltr'><strong>propter</strong></span> 
     </span>
    </p>
   </div>
   <div class='ocr_carea' id='block_1_87' title="bbox 2087 4005 3654 4095">
    <p class='ocr_par' dir='ltr' id='par_1_87' title="bbox 2087 4005 3654 4095">
     <span class='ocr_line' id='line_1_87' title="bbox 2087 4005 3654 4095; baseline -0.006 -17"><span class='ocrx_word' id='word_1_612' title='bbox 2087 4015 2514 4088; x_wconf 80' lang='lat' dir='ltr'><strong>multitudinem,</strong></span> <span class='ocrx_word' id='word_1_613' title='bbox 2534 4036 2919 4095; x_wconf 86' lang='lat' dir='ltr'><strong>armorumque</strong></span> <span class='ocrx_word' id='word_1_614' title='bbox 2946 4005 3159 4091; x_wconf 86' lang='lat' dir='ltr'><strong>pondus</strong></span> <span class='ocrx_word' id='word_1_615' title='bbox 3182 4018 3427 4073; x_wconf 89' lang='lat' dir='ltr'><strong>crebrius</strong></span> <span class='ocrx_word' id='word_1_616' title='bbox 3448 4027 3654 4070; x_wconf 73' lang='lat' dir='ltr'><strong>castra-</strong></span> 
     </span>
    </p>
   </div>
   <div class='ocr_carea' id='block_1_88' title="bbox 2089 4108 3659 4184">
    <p class='ocr_par' dir='ltr' id='par_1_88' title="bbox 2089 4108 3659 4184">
     <span class='ocr_line' id='line_1_88' title="bbox 2089 4108 3659 4184; baseline -0.004 -14"><span class='ocrx_word' id='word_1_617' title='bbox 2089 4125 2377 4179; x_wconf 86' lang='lat' dir='ltr'><strong>metantes,</strong></span> <span class='ocrx_word' id='word_1_618' title='bbox 2414 4129 2513 4169; x_wconf 89' lang='lat' dir='ltr'><strong>nos</strong></span> <span class='ocrx_word' id='word_1_619' title='bbox 2560 4114 2740 4184; x_wconf 85' lang='lat' dir='ltr'><strong>pauci,</strong></span> <span class='ocrx_word' id='word_1_620' title='bbox 2774 4123 2829 4167; x_wconf 92' lang='lat' dir='ltr'><strong>et</strong></span> <span class='ocrx_word' id='word_1_621' title='bbox 2876 4113 3069 4168; x_wconf 88' lang='lat' dir='ltr'><strong>leviter</strong></span> <span class='ocrx_word' id='word_1_622' title='bbox 3121 4109 3338 4175; x_wconf 83' lang='lat' dir='ltr'><strong>armati,</strong></span> <span class='ocrx_word' id='word_1_623' title='bbox 3369 4117 3533 4177; x_wconf 89' lang='lat' dir='ltr'><strong>atque</strong></span> <span class='ocrx_word' id='word_1_624' title='bbox 3577 4108 3659 4163; x_wconf 87' lang='lat' dir='ltr'><strong>id.-</strong></span> 
     </span>
    </p>
   </div>
   <div class='ocr_carea' id='block_1_89' title="bbox 2087 4204 3659 4277">
    <p class='ocr_par' dir='ltr' id='par_1_89' title="bbox 2087 4204 3659 4277">
     <span class='ocr_line' id='line_1_89' title="bbox 2087 4204 3659 4277; baseline -0.007 -11"><span class='ocrx_word' id='word_1_625' title='bbox 2087 4212 2236 4266; x_wconf 87' lang='lat' dir='ltr'><strong>circo</strong></span> <span class='ocrx_word' id='word_1_626' title='bbox 2271 4208 2520 4277; x_wconf 82' lang='lat' dir='ltr'><strong>expedite</strong></span> <span class='ocrx_word' id='word_1_627' title='bbox 2561 4205 2924 4271; x_wconf 82' lang='lat' dir='ltr'><strong>ambulantes,</strong></span> <span class='ocrx_word' id='word_1_628' title='bbox 2958 4204 3116 4259; x_wconf 82' lang='lat' dir='ltr'><strong>facile</strong></span> <span class='ocrx_word' id='word_1_629' title='bbox 3171 4217 3566 4270; x_wconf 84' lang='lat' dir='ltr'><strong>assequemur:</strong></span> <span class='ocrx_word' id='word_1_630' title='bbox 3603 4210 3659 4255; x_wconf 86' lang='lat' dir='ltr'><strong>et</strong></span> 
     </span>
    </p>
   </div>
   <div class='ocr_carea' id='block_1_90' title="bbox 2090 4295 3658 4366">
    <p class='ocr_par' dir='ltr' id='par_1_90' title="bbox 2090 4295 3658 4366">
     <span class='ocr_line' id='line_1_90' title="bbox 2090 4295 3658 4366; baseline -0.006 -8"><span class='ocrx_word' id='word_1_631' title='bbox 2090 4304 2164 4358; x_wconf 88' lang='lat' dir='ltr'><strong>ita</strong></span> <span class='ocrx_word' id='word_1_632' title='bbox 2193 4300 2384 4356; x_wconf 86' lang='lat' dir='ltr'><strong>Pheris</strong></span> <span class='ocrx_word' id='word_1_633' title='bbox 2425 4307 2588 4353; x_wconf 62' lang='lat' dir='ltr'><strong>tanta;</strong></span> <span class='ocrx_word' id='word_1_634' title='bbox 2626 4296 2752 4351; x_wconf 82' lang='lat' dir='ltr'><strong>urbi</strong></span> <span class='ocrx_word' id='word_1_635' title='bbox 2780 4298 3151 4362; x_wconf 89' lang='lat' dir='ltr'><strong>consulemus,</strong></span> <span class='ocrx_word' id='word_1_636' title='bbox 3180 4306 3235 4350; x_wconf 87' lang='lat' dir='ltr'><strong>ct</strong></span> <span class='ocrx_word' id='word_1_637' title='bbox 3262 4295 3658 4366; x_wconf 80' lang='lat' dir='ltr'><strong>profectionem</strong></span> 
     </span>
    </p>
   </div>
   <div class='ocr_carea' id='block_1_91' title="bbox 2093 4383 3704 4459">
    <p class='ocr_par' dir='ltr' id='par_1_91' title="bbox 2093 4383 3704 4459">
     <span class='ocr_line' id='line_1_91' title="bbox 2093 4383 3704 4459; baseline -0.002 -19"><span class='ocrx_word' id='word_1_638' title='bbox 2093 4388 2449 4459; x_wconf 87' lang='lat' dir='ltr'><strong>Byzantinam</strong></span> <span class='ocrx_word' id='word_1_639' title='bbox 2483 4385 2620 4439; x_wconf 90' lang='lat' dir='ltr'><strong>nihil</strong></span> <span class='ocrx_word' id='word_1_640' title='bbox 2658 4384 3012 4438; x_wconf 87' lang='lat' dir='ltr'><strong>morabimur.</strong></span> <span class='ocrx_word' id='word_1_641' title='bbox 3047 4383 3204 4450; x_wconf 85' lang='lat' dir='ltr'><strong>Quod</strong></span> <span class='ocrx_word' id='word_1_642' title='bbox 3236 4385 3281 4438; x_wconf 87' lang='lat' dir='ltr'><strong>si</strong></span> <span class='ocrx_word' id='word_1_643' title='bbox 3310 4400 3370 4439; x_wconf 89' lang='lat' dir='ltr'><strong>re</strong></span> <span class='ocrx_word' id='word_1_644' title='bbox 3401 4384 3655 4452; x_wconf 85' lang='lat' dir='ltr'><strong>quapiam</strong></span> <span class='ocrx_word' id='word_1_645' title='bbox 3697 4421 3704 4428; x_wconf 87' lang='grc'><strong>-</strong></span> 
     </span>
    </p>
   </div>
   <div class='ocr_carea' id='block_1_92' title="bbox 430 4464 1980 4547">
    <p class='ocr_par' dir='ltr' id='par_1_92' title="bbox 430 4467 1980 4542">
     <span class='ocr_line' id='line_1_92' title="bbox 430 4467 1980 4542; baseline 0.003 -22"><span class='ocrx_word' id='word_1_646' title='bbox 430 4470 745 4542; x_wconf 61' lang='grc' dir='ltr'><strong>⁴ᾑρημένους</strong></span> <span class='ocrx_word' id='word_1_647' title='bbox 777 4469 992 4523; x_wconf 78' lang='grc' dir='ltr'>ἐκεῖθεν</span> <span class='ocrx_word' id='word_1_648' title='bbox 1031 4470 1390 4536; x_wconf 73' lang='grc' dir='ltr'>ἐξελάσαντα,</span> <span class='ocrx_word' id='word_1_649' title='bbox 1410 4467 1568 4535; x_wconf 83' lang='grc' dir='ltr'>αὖθις</span> <span class='ocrx_word' id='word_1_650' title='bbox 1605 4471 1980 4541; x_wconf 82' lang='grc' dir='ltr'>ἀναστρέφειν.</span> 
     </span>
    </p>
   </div>
   <div class='ocr_carea' id='block_1_93' title="bbox 2079 4464 3659 4547">
    <p class='ocr_par' dir='ltr' id='par_1_93' title="bbox 2096 4475 3659 4547">
     <span class='ocr_line' id='line_1_93' title="bbox 2096 4475 3659 4547; baseline -0.007 -8"><span class='ocrx_word' id='word_1_651' title='bbox 2096 4480 2403 4539; x_wconf 84' lang='lat' dir='ltr'><strong>necessaria</strong></span> <span class='ocrx_word' id='word_1_652' title='bbox 2427 4477 2646 4541; x_wconf 82' lang='lat' dir='ltr'><strong>defecti,</strong></span> <span class='ocrx_word' id='word_1_653' title='bbox 2680 4475 2997 4547; x_wconf 82' lang='lat' dir='ltr'><strong>Byzantium</strong></span> <span class='ocrx_word' id='word_1_654' title='bbox 3038 4490 3185 4530; x_wconf 87' lang='lat' dir='ltr'><strong>nunc</strong></span> <span class='ocrx_word' id='word_1_655' title='bbox 3211 4491 3320 4529; x_wconf 89' lang='lat' dir='ltr'><strong>non</strong></span> <span class='ocrx_word' id='word_1_656' title='bbox 3354 4475 3659 4529; x_wconf 86' lang='lat' dir='ltr'><strong>obtinueri-</strong></span> 
     </span>
    </p>
   </div>
   <div class='ocr_carea' id='block_1_94' title="bbox 430 4562 1992 4636">
    <p class='ocr_par' dir='ltr' id='par_1_94' title="bbox 430 4562 1992 4636">
     <span class='ocr_line' id='line_1_94' title="bbox 430 4562 1992 4636; baseline 0 -20"><span class='ocrx_word' id='word_1_657' title='bbox 430 4565 541 4628; x_wconf 83' lang='grc' dir='ltr'><strong>Τῆς</strong></span> <span class='ocrx_word' id='word_1_658' title='bbox 584 4563 750 4632; x_wconf 80' lang='grc' dir='ltr'>ἄλλης</span> <span class='ocrx_word' id='word_1_659' title='bbox 787 4562 844 4616; x_wconf 84' lang='grc' dir='ltr'><strong>δὲ</strong></span> <span class='ocrx_word' id='word_1_660' title='bbox 879 4567 1137 4634; x_wconf 84' lang='grc' dir='ltr'>στρατιᾶς</span> <span class='ocrx_word' id='word_1_661' title='bbox 1166 4563 1259 4627; x_wconf 75' lang='grc' dir='ltr'>διὰ,</span> <span class='ocrx_word' id='word_1_662' title='bbox 1306 4562 1612 4636; x_wconf 83' lang='grc' dir='ltr'>βαρύτητα,</span> <span class='ocrx_word' id='word_1_663' title='bbox 1660 4565 1756 4617; x_wconf 71' lang='grc' dir='ltr'><strong>καὶ</strong></span> <span class='ocrx_word' id='word_1_664' title='bbox 1788 4563 1992 4629; x_wconf 78' lang='grc' dir='ltr'>πλῆθος</span> 
     </span>
    </p>
   </div>
   <div class='ocr_carea' id='block_1_95' title="bbox 384 4655 1994 4726">
    <p class='ocr_par' dir='ltr' id='par_1_95' title="bbox 384 4655 1994 4726">
     <span class='ocr_line' id='line_1_95' title="bbox 384 4655 1994 4726; baseline 0.001 -19"><span class='ocrx_word' id='word_1_665' title='bbox 384 4716 387 4717; x_wconf 20' lang='grc' dir='ltr'><strong>ν</strong></span> <span class='ocrx_word' id='word_1_666' title='bbox 431 4656 770 4725; x_wconf 79' lang='grc' dir='ltr'>πυκνοτέρας</span> <span class='ocrx_word' id='word_1_667' title='bbox 825 4655 920 4718; x_wconf 87' lang='grc' dir='ltr'><strong>τὰς</strong></span> <span class='ocrx_word' id='word_1_668' title='bbox 965 4655 1392 4725; x_wconf 76' lang='grc' dir='ltr'>στρατοπεδείας</span> <span class='ocrx_word' id='word_1_669' title='bbox 1432 4657 1765 4726; x_wconf 81' lang='grc' dir='ltr'>ποιουμένης</span> <span class='ocrx_word' id='word_1_670' title='bbox 1791 4699 1806 4721; x_wconf 83' lang='grc'><strong>,</strong></span> <span class='ocrx_word' id='word_1_671' title='bbox 1833 4655 1994 4708; x_wconf 82' lang='grc' dir='ltr'>ὑστε-</span> 
     </span>
    </p>
   </div>
   <div class='ocr_carea' id='block_1_96' title="bbox 435 4746 1995 4817">
    <p class='ocr_par' dir='ltr' id='par_1_96' title="bbox 435 4746 1995 4817">
     <span class='ocr_line' id='line_1_96' title="bbox 435 4746 1995 4817; baseline -0.001 -19"><span class='ocrx_word' id='word_1_672' title='bbox 435 4749 677 4817; x_wconf 77' lang='grc' dir='ltr'>ρήσομεν</span> <span class='ocrx_word' id='word_1_673' title='bbox 736 4748 859 4800; x_wconf 82' lang='grc' dir='ltr'>οὐδὲ</span> <span class='ocrx_word' id='word_1_674' title='bbox 892 4747 1047 4800; x_wconf 81' lang='grc' dir='ltr'><strong>αὐτοὶ</strong></span> <span class='ocrx_word' id='word_1_675' title='bbox 1077 4747 1353 4809; x_wconf 80' lang='grc' dir='ltr'>εὐσταλεῖς</span> <span class='ocrx_word' id='word_1_676' title='bbox 1381 4764 1442 4800; x_wconf 88' lang='grc' dir='ltr'>τε</span> <span class='ocrx_word' id='word_1_677' title='bbox 1472 4746 1624 4811; x_wconf 81' lang='grc' dir='ltr'>δντες</span> <span class='ocrx_word' id='word_1_678' title='bbox 1664 4749 1758 4800; x_wconf 69' lang='grc' dir='ltr'><strong>καὶ</strong></span> <span class='ocrx_word' id='word_1_679' title='bbox 1795 4746 1995 4815; x_wconf 79' lang='grc' dir='ltr'>ὀλίγοι,</span> 
     </span>
    </p>
   </div>
   <div class='ocr_carea' id='block_1_97' title="bbox 433 4838 1998 4913">
    <p class='ocr_par' dir='ltr' id='par_1_97' title="bbox 433 4838 1998 4913">
     <span class='ocr_line' id='line_1_97' title="bbox 433 4838 1998 4913; baseline -0.004 -19"><span class='ocrx_word' id='word_1_680' title='bbox 433 4844 526 4895; x_wconf 71' lang='grc' dir='ltr'><strong>καὶ</strong></span> <span class='ocrx_word' id='word_1_681' title='bbox 568 4842 697 4913; x_wconf 69' lang='grc' dir='ltr'><strong>ῥᾷον</strong></span> <span class='ocrx_word' id='word_1_682' title='bbox 749 4840 847 4911; x_wconf 81' lang='grc' dir='ltr'><strong>τὴν</strong></span> <span class='ocrx_word' id='word_1_683' title='bbox 897 4840 1204 4909; x_wconf 77' lang='grc' dir='ltr'>ὁδοιπορίαν</span> <span class='ocrx_word' id='word_1_684' title='bbox 1258 4838 1567 4901; x_wconf 62' lang='grc' dir='ltr'>διανέοντες</span> <span class='ocrx_word' id='word_1_685' title='bbox 1594 4853 1610 4869; x_wconf 87' lang='grc'><strong>·</strong></span> <span class='ocrx_word' id='word_1_686' title='bbox 1649 4838 1745 4891; x_wconf 69' lang='grc' dir='ltr'>καὶ</span> <span class='ocrx_word' id='word_1_687' title='bbox 1797 4838 1899 4908; x_wconf 83' lang='grc' dir='ltr'><strong>τήν</strong></span> <span class='ocrx_word' id='word_1_688' title='bbox 1937 4855 1998 4889; x_wconf 87' lang='grc' dir='ltr'><strong>τε</strong></span> 
     </span>
    </p>
   </div>
   <div class='ocr_carea' id='block_1_98' title="bbox 437 4929 1997 5006">
    <p class='ocr_par' dir='ltr' id='par_1_98' title="bbox 437 4929 1997 5006">
     <span class='ocr_line' id='line_1_98' title="bbox 437 4929 1997 5006; baseline -0.003 -19"><span class='ocrx_word' id='word_1_689' title='bbox 437 4936 694 5006; x_wconf 71' lang='grc' dir='ltr'>πρόνοιαν</span> <span class='ocrx_word' id='word_1_690' title='bbox 739 4933 1078 5004; x_wconf 77' lang='grc' dir='ltr'>ποιησόμεθα</span> <span class='ocrx_word' id='word_1_691' title='bbox 1134 4933 1319 5004; x_wconf 78' lang='grc' dir='ltr'>Φερῶν</span> <span class='ocrx_word' id='word_1_692' title='bbox 1375 4929 1715 5001; x_wconf 85' lang='grc' dir='ltr'>τηλικαύτης</span> <span class='ocrx_word' id='word_1_693' title='bbox 1768 4931 1997 4996; x_wconf 82' lang='grc' dir='ltr'>πόλεως,</span> 
     </span>
    </p>
   </div>
   <div class='ocr_carea' id='block_1_99' title="bbox 438 5020 2001 5096">
    <p class='ocr_par' dir='ltr' id='par_1_99' title="bbox 438 5020 2001 5096">
     <span class='ocr_line' id='line_1_99' title="bbox 438 5020 2001 5096; baseline -0.007 -14"><span class='ocrx_word' id='word_1_694' title='bbox 438 5030 533 5083; x_wconf 76' lang='grc' dir='ltr'><strong>καὶ</strong></span> <span class='ocrx_word' id='word_1_695' title='bbox 562 5028 697 5096; x_wconf 74' lang='grc' dir='ltr'>πρὸς</span> <span class='ocrx_word' id='word_1_696' title='bbox 728 5028 826 5094; x_wconf 82' lang='grc' dir='ltr'><strong>τὴν</strong></span> <span class='ocrx_word' id='word_1_697' title='bbox 854 5029 935 5088; x_wconf 73' lang='grc' dir='ltr'><strong>εἰς</strong></span> <span class='ocrx_word' id='word_1_698' title='bbox 978 5025 1273 5088; x_wconf 77' lang='grc' dir='ltr'>Βυζάντιον</span> <span class='ocrx_word' id='word_1_699' title='bbox 1299 5022 1609 5090; x_wconf 80' lang='grc' dir='ltr'>ὁδοιπορίαν</span> <span class='ocrx_word' id='word_1_700' title='bbox 1645 5020 2001 5089; x_wconf 81' lang='grc' dir='ltr'>ζημιωσόμε-</span> 
     </span>
    </p>
   </div>
   <div class='ocr_carea' id='block_1_100' title="bbox 431 5111 2002 5182">
    <p class='ocr_par' dir='ltr' id='par_1_100' title="bbox 431 5111 2002 5182">
     <span class='ocr_line' id='line_1_100' title="bbox 431 5111 2002 5182; baseline -0.008 -7"><span class='ocrx_word' id='word_1_701' title='bbox 431 5124 507 5175; x_wconf 82' lang='grc' dir='ltr'><strong>θα</strong></span> <span class='ocrx_word' id='word_1_702' title='bbox 536 5118 709 5172; x_wconf 75' lang='grc' dir='ltr'>οὐδέν.</span> <span class='ocrx_word' id='word_1_703' title='bbox 734 5119 797 5171; x_wconf 81' lang='grc' dir='ltr'>Εί</span> <span class='ocrx_word' id='word_1_704' title='bbox 825 5118 883 5170; x_wconf 77' lang='grc' dir='ltr'><strong>δέ</strong></span> <span class='ocrx_word' id='word_1_705' title='bbox 912 5133 1058 5179; x_wconf 88' lang='grc' dir='ltr'>τινος</span> <span class='ocrx_word' id='word_1_706' title='bbox 1104 5117 1529 5182; x_wconf 81' lang='grc' dir='ltr'>ἀπολειπόμενοι</span> <span class='ocrx_word' id='word_1_707' title='bbox 1568 5113 1662 5165; x_wconf 75' lang='grc' dir='ltr'>καὶ</span> <span class='ocrx_word' id='word_1_708' title='bbox 1700 5112 1810 5163; x_wconf 87' lang='grc' dir='ltr'><strong>τῶν</strong></span> <span class='ocrx_word' id='word_1_709' title='bbox 1848 5111 2002 5163; x_wconf 67' lang='grc' dir='ltr'>δεόνο</span> 
     </span>
    </p>
   </div>
   <div class='ocr_carea' id='block_1_101' title="bbox 437 5203 2003 5281">
    <p class='ocr_par' dir='ltr' id='par_1_101' title="bbox 437 5203 2003 5281">
     <span class='ocr_line' id='line_1_101' title="bbox 437 5203 2003 5281; baseline -0.01 -11"><span class='ocrx_word' id='word_1_710' title='bbox 437 5230 569 5275; x_wconf 86' lang='grc' dir='ltr'>των,</span> <span class='ocrx_word' id='word_1_711' title='bbox 619 5213 681 5265; x_wconf 75' lang='grc' dir='ltr'>οὐ</span> <span class='ocrx_word' id='word_1_712' title='bbox 729 5207 1157 5281; x_wconf 84' lang='grc' dir='ltr'>περιγενοίμεθα</span> <span class='ocrx_word' id='word_1_713' title='bbox 1206 5207 1299 5259; x_wconf 82' lang='grc' dir='ltr'><strong>τοῦ</strong></span> <span class='ocrx_word' id='word_1_714' title='bbox 1352 5205 1647 5269; x_wconf 75' lang='grc' dir='ltr'>Βυζαντίου</span> <span class='ocrx_word' id='word_1_715' title='bbox 1706 5203 1801 5255; x_wconf 84' lang='grc' dir='ltr'><strong>νῦν</strong></span> <span class='ocrx_word' id='word_1_716' title='bbox 1829 5242 1844 5266; x_wconf 92' lang='grc'><strong>,</strong></span> <span class='ocrx_word' id='word_1_717' title='bbox 1886 5203 2003 5255; x_wconf 85' lang='grc' dir='ltr'>ἀλλ’</span> 
     </span>
    </p>
   </div>
   <div class='ocr_carea' id='block_1_102' title="bbox 440 5294 2004 5369">
    <p class='ocr_par' dir='ltr' id='par_1_102' title="bbox 440 5294 2004 5369">
     <span class='ocr_line' id='line_1_102' title="bbox 440 5294 2004 5369; baseline -0.009 -8"><span class='ocrx_word' id='word_1_718' title='bbox 440 5305 682 5367; x_wconf 74' lang='grc' dir='ltr'>εἰσαῦθις</span> <span class='ocrx_word' id='word_1_719' title='bbox 718 5304 925 5369; x_wconf 76' lang='grc' dir='ltr'>ἔξεστιν</span> <span class='ocrx_word' id='word_1_720' title='bbox 975 5301 1076 5354; x_wconf 84' lang='grc' dir='ltr'>οὐκ</span> <span class='ocrx_word' id='word_1_721' title='bbox 1129 5299 1373 5367; x_wconf 65' lang='grc' dir='ltr'>ἀγενιεῖς</span> <span class='ocrx_word' id='word_1_722' title='bbox 1425 5296 1556 5366; x_wconf 75' lang='grc' dir='ltr'>περὶ</span> <span class='ocrx_word' id='word_1_723' title='bbox 1587 5294 1753 5347; x_wconf 81' lang='grc' dir='ltr'>αὑτοῦ</span> <span class='ocrx_word' id='word_1_724' title='bbox 1783 5294 2004 5356; x_wconf 76' lang='grc' dir='ltr'>ἐλπίδας</span> 
     </span>
    </p>
   </div>
   <div class='ocr_carea' id='block_1_103' title="bbox 444 5386 2008 5468">
    <p class='ocr_par' dir='ltr' id='par_1_103' title="bbox 444 5386 2008 5468">
     <span class='ocr_line' id='line_1_103' title="bbox 444 5386 2008 5468; baseline -0.009 -17"><span class='ocrx_word' id='word_1_725' title='bbox 444 5398 610 5468; x_wconf 73' lang='grc' dir='ltr'>ἔχειν.</span> <span class='ocrx_word' id='word_1_726' title='bbox 642 5394 809 5464; x_wconf 78' lang='grc' dir='ltr'>Φεραὶ</span> <span class='ocrx_word' id='word_1_727' title='bbox 846 5392 903 5446; x_wconf 84' lang='grc' dir='ltr'>δὲ</span> <span class='ocrx_word' id='word_1_728' title='bbox 940 5393 988 5445; x_wconf 80' lang='grc' dir='ltr'><strong>εἰ</strong></span> <span class='ocrx_word' id='word_1_729' title='bbox 1015 5391 1375 5461; x_wconf 81' lang='grc' dir='ltr'>ἀμεληθεῖσαι</span> <span class='ocrx_word' id='word_1_730' title='bbox 1409 5389 1514 5442; x_wconf 82' lang='grc' dir='ltr'><strong>ὑπὸ</strong></span> <span class='ocrx_word' id='word_1_731' title='bbox 1550 5386 1774 5458; x_wconf 75' lang='grc' dir='ltr'>Κράλην</span> <span class='ocrx_word' id='word_1_732' title='bbox 1800 5386 2008 5455; x_wconf 84' lang='grc' dir='ltr'>γένοιν-</span> 
     </span>
    </p>
   </div>
   <div class='ocr_carea' id='block_1_104' title="bbox 442 5478 2003 5553">
    <p class='ocr_par' dir='ltr' id='par_1_104' title="bbox 442 5478 2003 5553">
     <span class='ocr_line' id='line_1_104' title="bbox 442 5478 2003 5553; baseline -0.007 -12"><span class='ocrx_word' id='word_1_733' title='bbox 442 5507 527 5553; x_wconf 89' lang='grc' dir='ltr'>το,</span> <span class='ocrx_word' id='word_1_734' title='bbox 568 5487 736 5547; x_wconf 80' lang='grc' dir='ltr'>αὑτόις</span> <span class='ocrx_word' id='word_1_735' title='bbox 790 5501 850 5537; x_wconf 82' lang='grc' dir='ltr'>τε</span> <span class='ocrx_word' id='word_1_736' title='bbox 898 5482 1283 5546; x_wconf 75' lang='grc' dir='ltr'>ἀνασώζεσθαι</span> <span class='ocrx_word' id='word_1_737' title='bbox 1331 5480 1488 5542; x_wconf 76' lang='grc' dir='ltr'>ἐλπὶς</span> <span class='ocrx_word' id='word_1_738' title='bbox 1540 5479 1724 5531; x_wconf 82' lang='grc' dir='ltr'>οὐκέτι</span> <span class='ocrx_word' id='word_1_739' title='bbox 1754 5478 2003 5547; x_wconf 79' lang='grc' dir='ltr'>οὐδεμία,</span> 
     </span>
    </p>
   </div>
   <div class='ocr_carea' id='block_1_105' title="bbox 443 5570 2004 5642">
    <p class='ocr_par' dir='ltr' id='par_1_105' title="bbox 443 5570 2004 5642">
     <span class='ocr_line' id='line_1_105' title="bbox 443 5570 2004 5642; baseline -0.017 -1"><span class='ocrx_word' id='word_1_740' title='bbox 443 5583 540 5634; x_wconf 66' lang='grc' dir='ltr'><strong>καὶ</strong></span> <span class='ocrx_word' id='word_1_741' title='bbox 573 5579 669 5639; x_wconf 80' lang='grc' dir='ltr'><strong>τὰς</strong></span> <span class='ocrx_word' id='word_1_742' title='bbox 699 5575 866 5638; x_wconf 83' lang='grc' dir='ltr'>ἄλλας</span> <span class='ocrx_word' id='word_1_743' title='bbox 908 5575 1007 5642; x_wconf 79' lang='grc' dir='ltr'>τῆς</span> <span class='ocrx_word' id='word_1_744' title='bbox 1060 5573 1398 5634; x_wconf 79' lang='grc' dir='ltr'>Μακεδονίας</span> <span class='ocrx_word' id='word_1_745' title='bbox 1437 5572 1643 5634; x_wconf 72' lang='grc' dir='ltr'>πόλεις,</span> <span class='ocrx_word' id='word_1_746' title='bbox 1678 5570 1868 5641; x_wconf 82' lang='grc' dir='ltr'>ὥσπερ</span> <span class='ocrx_word' id='word_1_747' title='bbox 1901 5588 2004 5640; x_wconf 83' lang='grc' dir='ltr'><strong>με-</strong></span> 
     </span>
    </p>
   </div>
   <div class='ocr_carea' id='block_1_106' title="bbox 444 5661 2006 5739">
    <p class='ocr_par' dir='ltr' id='par_1_106' title="bbox 444 5661 2006 5739">
     <span class='ocr_line' id='line_1_106' title="bbox 444 5661 2006 5739; baseline -0.006 -15"><span class='ocrx_word' id='word_1_748' title='bbox 444 5670 625 5739; x_wconf 69' lang='grc' dir='ltr'>θύριον</span> <span class='ocrx_word' id='word_1_749' title='bbox 657 5666 883 5734; x_wconf 77' lang='grc' dir='ltr'>κειμένη</span> <span class='ocrx_word' id='word_1_750' title='bbox 938 5664 1039 5732; x_wconf 83' lang='grc' dir='ltr'>τῆς</span> <span class='ocrx_word' id='word_1_751' title='bbox 1093 5664 1259 5733; x_wconf 79' lang='grc' dir='ltr'>ἄλλης</span> <span class='ocrx_word' id='word_1_752' title='bbox 1320 5662 1495 5731; x_wconf 85' lang='grc' dir='ltr'>ἀρχῆς</span> <span class='ocrx_word' id='word_1_753' title='bbox 1541 5661 1832 5730; x_wconf 83' lang='grc' dir='ltr'>Ῥωμαίων</span> <span class='ocrx_word' id='word_1_754' title='bbox 1890 5662 2006 5715; x_wconf 89' lang='grc' dir='ltr'>δια-</span> 
     </span>
    </p>
   </div>
   <div class='ocr_carea' id='block_1_107' title="bbox 447 5752 2003 5830">
    <p class='ocr_par' dir='ltr' id='par_1_107' title="bbox 447 5752 2003 5830">
     <span class='ocr_line' id='line_1_107' title="bbox 447 5752 2003 5830; baseline 0.004 -18"><span class='ocrx_word' id='word_1_755' title='bbox 447 5763 656 5830; x_wconf 76' lang='grc' dir='ltr'>τέμνει.</span> <span class='ocrx_word' id='word_1_756' title='bbox 688 5760 752 5811; x_wconf 74' lang='grc' dir='ltr'>Ἀ</span> <span class='ocrx_word' id='word_1_757' title='bbox 787 5759 891 5829; x_wconf 78' lang='grc' dir='ltr'>χρὴ</span> <span class='ocrx_word' id='word_1_758' title='bbox 921 5757 1177 5828; x_wconf 82' lang='grc' dir='ltr'>συνορᾷν,</span> <span class='ocrx_word' id='word_1_759' title='bbox 1208 5755 1302 5809; x_wconf 68' lang='grc' dir='ltr'><strong>καὶ</strong></span> <span class='ocrx_word' id='word_1_760' title='bbox 1348 5757 1422 5826; x_wconf 84' lang='grc' dir='ltr'>μὴ</span> <span class='ocrx_word' id='word_1_761' title='bbox 1457 5755 1665 5826; x_wconf 73' lang='grc' dir='ltr'>ἀδήλων</span> <span class='ocrx_word' id='word_1_762' title='bbox 1708 5752 1891 5817; x_wconf 68' lang='grc' dir='ltr'><strong>’ἐνεκκο</strong></span> <span class='ocrx_word' id='word_1_763' title='bbox 1936 5755 2003 5808; x_wconf 65' lang='grc' dir='ltr'><strong>τὰ</strong></span> 
     </span>
    </p>
   </div>
   <div class='ocr_carea' id='block_1_108' title="bbox 2099 4565 3659 4640">
    <p class='ocr_par' dir='ltr' id='par_1_108' title="bbox 2099 4565 3659 4640">
     <span class='ocr_line' id='line_1_108' title="bbox 2099 4565 3659 4640; baseline -0.004 -14"><span class='ocrx_word' id='word_1_764' title='bbox 2099 4588 2246 4635; x_wconf 81' lang='lat' dir='ltr'><strong>mus,</strong></span> <span class='ocrx_word' id='word_1_765' title='bbox 2272 4581 2449 4624; x_wconf 88' lang='lat' dir='ltr'><strong>tamen</strong></span> <span class='ocrx_word' id='word_1_766' title='bbox 2480 4569 2774 4640; x_wconf 85' lang='lat' dir='ltr'><strong>ingenuam</strong></span> <span class='ocrx_word' id='word_1_767' title='bbox 2816 4582 2965 4636; x_wconf 91' lang='lat' dir='ltr'><strong>spem</strong></span> <span class='ocrx_word' id='word_1_768' title='bbox 3014 4568 3133 4635; x_wconf 88' lang='lat' dir='ltr'><strong>ejus</strong></span> <span class='ocrx_word' id='word_1_769' title='bbox 3171 4568 3349 4622; x_wconf 88' lang='lat' dir='ltr'><strong>adhuc</strong></span> <span class='ocrx_word' id='word_1_770' title='bbox 3380 4565 3659 4621; x_wconf 87' lang='lat' dir='ltr'><strong>obtinendi</strong></span> 
     </span>
    </p>
   </div>
   <div class='ocr_carea' id='block_1_109' title="bbox 2099 4659 3663 4737">
    <p class='ocr_par' dir='ltr' id='par_1_109' title="bbox 2099 4659 3663 4737">
     <span class='ocr_line' id='line_1_109' title="bbox 2099 4659 3663 4737; baseline -0.003 -18"><span class='ocrx_word' id='word_1_771' title='bbox 2099 4665 2298 4719; x_wconf 85' lang='lat' dir='ltr'><strong>habere</strong></span> <span class='ocrx_word' id='word_1_772' title='bbox 2347 4662 2528 4717; x_wconf 86' lang='lat' dir='ltr'><strong>liceat.</strong></span> <span class='ocrx_word' id='word_1_773' title='bbox 2567 4659 2664 4715; x_wconf 90' lang='lat' dir='ltr'><strong>Sin</strong></span> <span class='ocrx_word' id='word_1_774' title='bbox 2714 4660 2903 4714; x_wconf 77' lang='lat' dir='ltr'><strong>Pherae</strong></span> <span class='ocrx_word' id='word_1_775' title='bbox 2949 4659 3506 4737; x_wconf 27' lang='lat' dir='ltr'><strong>negligentia‘nostra</strong></span> <span class='ocrx_word' id='word_1_776' title='bbox 3560 4660 3663 4714; x_wconf 88' lang='lat' dir='ltr'><strong>sub</strong></span> 
     </span>
    </p>
   </div>
   <div class='ocr_carea' id='block_1_110' title="bbox 2101 4752 3773 4825">
    <p class='ocr_par' dir='ltr' id='par_1_110' title="bbox 2101 4752 3773 4825">
     <span class='ocr_line' id='line_1_110' title="bbox 2101 4752 3773 4825; baseline -0.002 -14"><span class='ocrx_word' id='word_1_777' title='bbox 2101 4756 2277 4813; x_wconf 86' lang='lat' dir='ltr'><strong>Cralis</strong></span> <span class='ocrx_word' id='word_1_778' title='bbox 2303 4763 2620 4825; x_wconf 86' lang='lat' dir='ltr'><strong>potestatem</strong></span> <span class='ocrx_word' id='word_1_779' title='bbox 2654 4753 2923 4819; x_wconf 85' lang='lat' dir='ltr'><strong>venerim,</strong></span> <span class='ocrx_word' id='word_1_780' title='bbox 2946 4752 3090 4822; x_wconf 87' lang='lat' dir='ltr'><strong>ipsas</strong></span> <span class='ocrx_word' id='word_1_781' title='bbox 3123 4752 3483 4823; x_wconf 87' lang='lat' dir='ltr'><strong>recuperandi</strong></span> <span class='ocrx_word' id='word_1_782' title='bbox 3515 4752 3662 4807; x_wconf 77' lang='lat' dir='ltr'><strong>milia</strong></span> <span class='ocrx_word' id='word_1_783' title='bbox 3766 4767 3773 4780; x_wconf 89' lang='lat'><strong><em>&#39;</em></strong></span> 
     </span>
    </p>
   </div>
   <div class='ocr_carea' id='block_1_111' title="bbox 2103 4842 3666 4919">
    <p class='ocr_par' dir='ltr' id='par_1_111' title="bbox 2103 4842 3666 4919">
     <span class='ocr_line' id='line_1_111' title="bbox 2103 4842 3666 4919; baseline -0.007 -14"><span class='ocrx_word' id='word_1_784' title='bbox 2103 4864 2229 4919; x_wconf 86' lang='lat' dir='ltr'><strong>spes</strong></span> <span class='ocrx_word' id='word_1_785' title='bbox 2257 4846 2573 4917; x_wconf 86' lang='lat' dir='ltr'><strong>supererit;</strong></span> <span class='ocrx_word' id='word_1_786' title='bbox 2623 4860 2723 4901; x_wconf 88' lang='lat' dir='ltr'><strong>nec</strong></span> <span class='ocrx_word' id='word_1_787' title='bbox 2751 4845 2885 4900; x_wconf 88' lang='lat' dir='ltr'><strong>alias</strong></span> <span class='ocrx_word' id='word_1_788' title='bbox 2928 4844 3095 4898; x_wconf 86' lang='lat' dir='ltr'><strong>urbes</strong></span> <span class='ocrx_word' id='word_1_789' title='bbox 3139 4842 3486 4902; x_wconf 74' lang='lat' dir='ltr'><strong>Macedoniae.</strong></span> <span class='ocrx_word' id='word_1_790' title='bbox 3523 4842 3666 4895; x_wconf 88' lang='lat' dir='ltr'><strong>inter</strong></span> 
     </span>
    </p>
   </div>
   <div class='ocr_carea' id='block_1_112' title="bbox 2102 4930 3668 5009">
    <p class='ocr_par' dir='ltr' id='par_1_112' title="bbox 2102 4930 3668 5009">
     <span class='ocr_line' id='line_1_112' title="bbox 2102 4930 3668 5009; baseline -0.004 -16"><span class='ocrx_word' id='word_1_791' title='bbox 2102 4954 2240 5009; x_wconf 89' lang='lat' dir='ltr'><strong>quas</strong></span> <span class='ocrx_word' id='word_1_792' title='bbox 2285 4939 2434 4992; x_wconf 84' lang='lat' dir='ltr'><strong>velut</strong></span> <span class='ocrx_word' id='word_1_793' title='bbox 2481 4936 2791 4992; x_wconf 82' lang='lat' dir='ltr'><strong>conﬁnium</strong></span> <span class='ocrx_word' id='word_1_794' title='bbox 2823 4935 2948 5002; x_wconf 84' lang='lat' dir='ltr'><strong>sita,</strong></span> <span class='ocrx_word' id='word_1_795' title='bbox 2982 4951 3014 4990; x_wconf 89' lang='lat' dir='ltr'><strong>a</strong></span> <span class='ocrx_word' id='word_1_796' title='bbox 3042 4943 3238 4991; x_wconf 72' lang='lat' dir='ltr'><strong>czetero</strong></span> <span class='ocrx_word' id='word_1_797' title='bbox 3277 4932 3503 5004; x_wconf 88' lang='lat' dir='ltr'><strong>imperio</strong></span> <span class='ocrx_word' id='word_1_798' title='bbox 3555 4930 3668 4986; x_wconf 71' lang='lat' dir='ltr'><strong>lio-</strong></span> 
     </span>
    </p>
   </div>
   <div class='ocr_carea' id='block_1_113' title="bbox 2104 5026 3668 5093">
    <p class='ocr_par' dir='ltr' id='par_1_113' title="bbox 2104 5026 3668 5093">
     <span class='ocr_line' id='line_1_113' title="bbox 2104 5026 3668 5093; baseline -0.006 -9"><span class='ocrx_word' id='word_1_799' title='bbox 2104 5044 2267 5084; x_wconf 76' lang='lat' dir='ltr'><strong>mano</strong></span> <span class='ocrx_word' id='word_1_800' title='bbox 2311 5045 2406 5085; x_wconf 84' lang='lat' dir='ltr'><strong>eas</strong></span> <span class='ocrx_word' id='word_1_801' title='bbox 2450 5029 2662 5083; x_wconf 87' lang='lat' dir='ltr'><strong>dividit.</strong></span> <span class='ocrx_word' id='word_1_802' title='bbox 2700 5027 2832 5093; x_wconf 66' lang='lat' dir='ltr'><strong>Quae</strong></span> <span class='ocrx_word' id='word_1_803' title='bbox 2877 5026 3193 5081; x_wconf 77' lang='lat' dir='ltr'><strong>aestimanda</strong></span> <span class='ocrx_word' id='word_1_804' title='bbox 3233 5034 3380 5088; x_wconf 90' lang='lat' dir='ltr'><strong>sunt,</strong></span> <span class='ocrx_word' id='word_1_805' title='bbox 3412 5039 3511 5076; x_wconf 90' lang='lat' dir='ltr'><strong>nec</strong></span> <span class='ocrx_word' id='word_1_806' title='bbox 3567 5039 3668 5091; x_wconf 87' lang='lat' dir='ltr'><strong>pro</strong></span> 
     </span>
    </p>
   </div>
   <div class='ocr_carea' id='block_1_114' title="bbox 2106 5114 3672 5184">
    <p class='ocr_par' dir='ltr' id='par_1_114' title="bbox 2106 5114 3672 5184">
     <span class='ocr_line' id='line_1_114' title="bbox 2106 5114 3672 5184; baseline -0.008 -8"><span class='ocrx_word' id='word_1_807' title='bbox 2106 5121 2333 5176; x_wconf 86' lang='lat' dir='ltr'><strong>incertis</strong></span> <span class='ocrx_word' id='word_1_808' title='bbox 2356 5131 2505 5175; x_wconf 85' lang='lat' dir='ltr'><strong>certa</strong></span> <span class='ocrx_word' id='word_1_809' title='bbox 2537 5119 2880 5176; x_wconf 87' lang='lat' dir='ltr'><strong>dimittenda.</strong></span> <span class='ocrx_word' id='word_1_810' title='bbox 2910 5116 3059 5171; x_wconf 79' lang='lat' dir='ltr'><strong>Talia</strong></span> <span class='ocrx_word' id='word_1_811' title='bbox 3107 5116 3402 5184; x_wconf 85' lang='lat' dir='ltr'><strong>imperator</strong></span> <span class='ocrx_word' id='word_1_812' title='bbox 3432 5114 3484 5167; x_wconf 90' lang='lat' dir='ltr'><strong>in</strong></span> <span class='ocrx_word' id='word_1_813' title='bbox 3538 5128 3672 5169; x_wconf 81' lang='lat' dir='ltr'><strong>rou-</strong></span> 
     </span>
    </p>
   </div>
   <div class='ocr_carea' id='block_1_115' title="bbox 2105 5204 3664 5280">
    <p class='ocr_par' dir='ltr' id='par_1_115' title="bbox 2105 5204 3664 5280">
     <span class='ocr_line' id='line_1_115' title="bbox 2105 5204 3664 5280; baseline -0.003 -15"><span class='ocrx_word' id='word_1_814' title='bbox 2105 5211 2228 5265; x_wconf 89' lang='lat' dir='ltr'><strong>silio</strong></span> <span class='ocrx_word' id='word_1_815' title='bbox 2259 5226 2544 5280; x_wconf 88' lang='lat' dir='ltr'><strong>procerum</strong></span> <span class='ocrx_word' id='word_1_816' title='bbox 2576 5211 2858 5277; x_wconf 86' lang='lat' dir='ltr'><strong>suadebat,</strong></span> <span class='ocrx_word' id='word_1_817' title='bbox 2899 5216 2956 5263; x_wconf 86' lang='lat' dir='ltr'><strong>et</strong></span> <span class='ocrx_word' id='word_1_818' title='bbox 2999 5206 3363 5279; x_wconf 83' lang='lat' dir='ltr'><strong>persuadeltat</strong></span> <span class='ocrx_word' id='word_1_819' title='bbox 3398 5204 3664 5274; x_wconf 82' lang='lat' dir='ltr'><strong>plurimis.</strong></span> 
     </span>
    </p>
   </div>
   <div class='ocr_carea' id='block_1_116' title="bbox 2105 5297 3669 5367">
    <p class='ocr_par' dir='ltr' id='par_1_116' title="bbox 2105 5297 3669 5367">
     <span class='ocr_line' id='line_1_116' title="bbox 2105 5297 3669 5367; baseline -0.001 -12"><span class='ocrx_word' id='word_1_820' title='bbox 2105 5302 2364 5356; x_wconf 83' lang='lat' dir='ltr'><strong>Amurius</strong></span> <span class='ocrx_word' id='word_1_821' title='bbox 2395 5316 2544 5366; x_wconf 87' lang='lat' dir='ltr'><strong>vero,</strong></span> <span class='ocrx_word' id='word_1_822' title='bbox 2574 5312 2628 5355; x_wconf 87' lang='lat' dir='ltr'><strong>et</strong></span> <span class='ocrx_word' id='word_1_823' title='bbox 2659 5301 2992 5365; x_wconf 86' lang='lat' dir='ltr'><strong>Sulimanus,</strong></span> <span class='ocrx_word' id='word_1_824' title='bbox 3030 5299 3231 5367; x_wconf 86' lang='lat' dir='ltr'><strong>aliique</strong></span> <span class='ocrx_word' id='word_1_825' title='bbox 3274 5297 3451 5352; x_wconf 75' lang='lat' dir='ltr'><strong>Persa:</strong></span> <span class='ocrx_word' id='word_1_826' title='bbox 3492 5300 3669 5365; x_wconf 81' lang='lat' dir='ltr'><strong>palam</strong></span> 
     </span>
    </p>
   </div>
   <div class='ocr_carea' id='block_1_117' title="bbox 2112 5387 3668 5461">
    <p class='ocr_par' dir='ltr' id='par_1_117' title="bbox 2112 5387 3668 5461">
     <span class='ocr_line' id='line_1_117' title="bbox 2112 5387 3668 5461; baseline -0.005 -15"><span class='ocrx_word' id='word_1_827' title='bbox 2112 5399 2521 5461; x_wconf 86' lang='lat' dir='ltr'><strong>responsantes,</strong></span> <span class='ocrx_word' id='word_1_828' title='bbox 2569 5407 2758 5461; x_wconf 86' lang='lat' dir='ltr'><strong>parum</strong></span> <span class='ocrx_word' id='word_1_829' title='bbox 2802 5392 3006 5445; x_wconf 86' lang='lat' dir='ltr'><strong>utiliter</strong></span> <span class='ocrx_word' id='word_1_830' title='bbox 3051 5390 3395 5446; x_wconf 87' lang='lat' dir='ltr'><strong>consuluisse</strong></span> <span class='ocrx_word' id='word_1_831' title='bbox 3432 5387 3668 5440; x_wconf 77' lang='lat' dir='ltr'><strong>aliuma-</strong></span> 
     </span>
    </p>
   </div>
   <div class='ocr_carea' id='block_1_118' title="bbox 2108 5477 3672 5555">
    <p class='ocr_par' dir='ltr' id='par_1_118' title="bbox 2108 5477 3672 5555">
     <span class='ocr_line' id='line_1_118' title="bbox 2108 5477 3672 5555; baseline -0.003 -18"><span class='ocrx_word' id='word_1_832' title='bbox 2108 5484 2282 5537; x_wconf 86' lang='lat' dir='ltr'><strong>bant:</strong></span> <span class='ocrx_word' id='word_1_833' title='bbox 2326 5498 2448 5537; x_wconf 90' lang='lat' dir='ltr'><strong>cum</strong></span> <span class='ocrx_word' id='word_1_834' title='bbox 2489 5482 2556 5537; x_wconf 93' lang='lat' dir='ltr'><strong>de</strong></span> <span class='ocrx_word' id='word_1_835' title='bbox 2600 5482 2865 5553; x_wconf 69' lang='lat' dir='ltr'><strong>Byzantio</strong></span> <span class='ocrx_word' id='word_1_836' title='bbox 2891 5492 3103 5550; x_wconf 77' lang='lat' dir='ltr'><strong>agatur,</strong></span> <span class='ocrx_word' id='word_1_837' title='bbox 3130 5492 3193 5555; x_wconf 87' lang='lat' dir='ltr'><strong>et</strong></span> <span class='ocrx_word' id='word_1_838' title='bbox 3243 5488 3391 5533; x_wconf 88' lang='lat' dir='ltr'><strong>tanta</strong></span> <span class='ocrx_word' id='word_1_839' title='bbox 3443 5494 3566 5547; x_wconf 74' lang='lat' dir='ltr'><strong>spes</strong></span> <span class='ocrx_word' id='word_1_840' title='bbox 3598 5477 3672 5533; x_wconf 75' lang='lat' dir='ltr'><strong>af-</strong></span> 
     </span>
    </p>
   </div>
   <div class='ocr_carea' id='block_1_119' title="bbox 2110 5568 3671 5645">
    <p class='ocr_par' dir='ltr' id='par_1_119' title="bbox 2110 5568 3671 5645">
     <span class='ocr_line' id='line_1_119' title="bbox 2110 5568 3671 5645; baseline -0.007 -15"><span class='ocrx_word' id='word_1_841' title='bbox 2110 5574 2339 5645; x_wconf 79' lang='lat' dir='ltr'><strong>fulgeat.</strong></span> <span class='ocrx_word' id='word_1_842' title='bbox 2373 5573 2467 5628; x_wconf 92' lang='lat' dir='ltr'><strong>illo</strong></span> <span class='ocrx_word' id='word_1_843' title='bbox 2517 5574 2761 5643; x_wconf 80' lang='lat' dir='ltr'><strong>neglectu</strong></span> <span class='ocrx_word' id='word_1_844' title='bbox 2799 5573 2866 5626; x_wconf 89' lang='lat' dir='ltr'><strong>ad</strong></span> <span class='ocrx_word' id='word_1_845' title='bbox 2908 5573 3074 5635; x_wconf 89' lang='lat' dir='ltr'><strong>aliud,</strong></span> <span class='ocrx_word' id='word_1_846' title='bbox 3110 5570 3360 5641; x_wconf 91' lang='lat' dir='ltr'><strong>quamvis</strong></span> <span class='ocrx_word' id='word_1_847' title='bbox 3406 5568 3671 5638; x_wconf 78' lang='lat' dir='ltr'><strong>optimum</strong></span> 
     </span>
    </p>
   </div>
   <div class='ocr_carea' id='block_1_120' title="bbox 2112 5657 3676 5724">
    <p class='ocr_par' dir='ltr' id='par_1_120' title="bbox 2112 5657 3676 5724">
     <span class='ocr_line' id='line_1_120' title="bbox 2112 5657 3676 5724; baseline -0.006 -3"><span class='ocrx_word' id='word_1_848' title='bbox 2112 5666 2375 5721; x_wconf 80' lang='lat' dir='ltr'><strong>converti.</strong></span> <span class='ocrx_word' id='word_1_849' title='bbox 2413 5664 2529 5719; x_wconf 83' lang='lat' dir='ltr'><strong>Non</strong></span> <span class='ocrx_word' id='word_1_850' title='bbox 2569 5663 2712 5718; x_wconf 83' lang='lat' dir='ltr'><strong>enim</strong></span> <span class='ocrx_word' id='word_1_851' title='bbox 2764 5662 2835 5714; x_wconf 85' lang='lat' dir='ltr'><strong>illi</strong></span> <span class='ocrx_word' id='word_1_852' title='bbox 2870 5678 2993 5717; x_wconf 78' lang='lat' dir='ltr'><strong>cum</strong></span> <span class='ocrx_word' id='word_1_853' title='bbox 3037 5661 3255 5716; x_wconf 67' lang='lat' dir='ltr'><strong>creteris</strong></span> <span class='ocrx_word' id='word_1_854' title='bbox 3297 5657 3578 5724; x_wconf 75' lang='lat' dir='ltr'><strong>Romanis,</strong></span> <span class='ocrx_word' id='word_1_855' title='bbox 3605 5658 3676 5712; x_wconf 84' lang='lat' dir='ltr'><strong>de</strong></span> 
     </span>
    </p>
   </div>
   <div class='ocr_carea' id='block_1_121' title="bbox 2114 5749 3673 5823">
    <p class='ocr_par' dir='ltr' id='par_1_121' title="bbox 2114 5749 3673 5823">
     <span class='ocr_line' id='line_1_121' title="bbox 2114 5749 3673 5823; baseline -0.004 -13"><span class='ocrx_word' id='word_1_856' title='bbox 2114 5771 2221 5810; x_wconf 87' lang='lat' dir='ltr'><strong>una</strong></span> <span class='ocrx_word' id='word_1_857' title='bbox 2259 5766 2350 5811; x_wconf 85' lang='lat' dir='ltr'><strong>aut</strong></span> <span class='ocrx_word' id='word_1_858' title='bbox 2391 5756 2600 5812; x_wconf 85' lang='lat' dir='ltr'><strong>duabus</strong></span> <span class='ocrx_word' id='word_1_859' title='bbox 2636 5752 2880 5823; x_wconf 86' lang='lat' dir='ltr'><strong>urbibus,</strong></span> <span class='ocrx_word' id='word_1_860' title='bbox 2915 5754 3008 5809; x_wconf 77' lang='lat' dir='ltr'><strong>scd</strong></span> <span class='ocrx_word' id='word_1_861' title='bbox 3045 5754 3108 5815; x_wconf 74' lang='lat' dir='ltr'><strong>de</strong></span> <span class='ocrx_word' id='word_1_862' title='bbox 3147 5761 3257 5809; x_wconf 85' lang='lat' dir='ltr'><strong>toto</strong></span> <span class='ocrx_word' id='word_1_863' title='bbox 3292 5749 3454 5808; x_wconf 83' lang='lat' dir='ltr'><strong>simul</strong></span> <span class='ocrx_word' id='word_1_864' title='bbox 3496 5750 3673 5821; x_wconf 85' lang='lat' dir='ltr'><strong>impe-</strong></span> 
     </span>
    </p>
   </div>
  </div>
