4066 6298
621 354 762 428 ιὲιτ

1801 355 2045 417 JOANN
2056 356 2128 415 IS
2167 344 2665 418 ΟᾹΝΫᾸἙὉἚΕΝ
2670 356 2694 417 Ι

3729 348 3866 413 IS“

620 472 749 525 tatis
787 466 1058 537 quoddam
1094 466 1284 537 pignus
1315 465 1480 520 dedit.
1525 464 1660 518 lliuc
1709 465 2005 531 imperator
2056 476 2179 515 mox

2296 462 2445 515 ἕνεκα
2478 464 2535 515 ἐν
2563 467 2640 533 τῷ
2667 460 2934 532 παρόντι,
2969 460 3065 513 καὶ
3093 458 3188 513 τοῦ
3222 460 3461 529 μεγάλου
3494 459 3590 512 τοῦ
3624 461 3865 531 Χριστοῖι

618 561 985 631 suspicionem
1019 559 1284 627 deposuit.
1323 557 1516 612 llierax
1551 573 1657 612 non
1693 557 1780 610 ditt
1829 566 1950 624 post
1983 557 2180 609 iterum

620 657 837 720 captata
864 650 1150 703 occasione
1178 648 1492 717 Byzantium
1525 663 1647 702 cum
1690 648 2045 702 arclrontibus
2089 647 2183 700 de-

620 757 730 794 nuo
760 738 1099 808 colloquendi
1147 753 1307 794 causa
1356 739 1597 793 intravit.
1651 738 1849 792 Eadem
1901 746 2062 793 nocte
2082 736 2184 790 Pa-

620 829 979 898 raspondylus
1009 829 1147 882 alius
1172 843 1201 882 a
1230 829 1487 896 prmfecto
1512 829 1912 896 Adriattopolis,
1939 828 2013 883 ob
2035 829 2186 882 simi-

619 917 725 970 lem
756 932 971 971 causam
1000 918 1160 972 verba
1189 933 1314 971 cum
1348 919 1543 972 iisdem
1587 919 1892 980 habiturus,
1922 919 1977 972 in
1996 919 2183 973 urbem

618 1008 794 1063 Venit;
820 1022 940 1058 nam
957 1016 1177 1061 etantea
1232 1009 1566 1063 clandestine
1581 1009 1749 1079 668
1772 1010 1843 1063 de
1864 1024 1995 1063 nece
2016 1011 2186 1078 impe-

621 1096 789 1148 ratori
822 1096 1103 1151 inferenda
1146 1114 1269 1152 cum
1322 1099 1429 1153 illis
1463 1109 1668 1167 egerat.
1700 1099 1800 1154 Ubi
1830 1108 2011 1154 autem
2072 1101 2184 1153 for-

618 1184 755 1237 tuito
789 1194 841 1237 et
878 1185 1073 1240 Hier-ax
1100 1188 1280 1251 affuit,
1316 1189 1487 1257 portis
1533 1190 1713 1257 adlttuc
1762 1189 1988 1251 clausis,
2041 1188 2186 1242 inter

615 1278 752 1330 alios
780 1276 981 1331 multos
1012 1276 1482 1348 ParaSpondylum
1524 1295 1630 1332 non
1679 1281 1919 1348 agnovit.
1958 1279 2009 1333 Is
2055 1294 2186 1333 veto

616 1365 830 1420 llieraci
862 1366 1045 1421 simile
1071 1366 1284 1424 facinus
1306 1369 1552 1423 molienti
1605 1369 1879 1433 invidens,
1924 1370 2186 1439 illumque

614 1457 844 1527 prodere
872 1464 1143 1524 statuens,
1179 1459 1316 1515 clam
1344 1461 1582 1515 accedit:
1605 1460 1745 1530 pilos
1773 1462 1841 1514 de
1864 1466 2037 1515 cauda
2065 1462 2186 1527 ejus

616 1550 741 1619 equi
768 1551 1075 1619 pratscindit
1094 1590 1117 1616 ,
1137 1560 1196 1605 ut
1220 1552 1298 1605 sic
1326 1553 1601 1606 hominem
1630 1553 1772 1622 apud
1806 1553 2185 1621 imperatorem

616 1641 829 1710 signum
863 1640 1117 1696 facinoris
1137 1643 1488 1711 chSpicuum
1513 1643 1654 1711 pilos
1686 1644 1807 1699 illos
1834 1642 2183 1712 proferendo,

617 1729 907 1784 manifeste
936 1739 1280 1800 coargueret,
1312 1730 1469 1798 cujus
1511 1730 1882 1800 proditionem
1940 1730 2045 1783 sibi
2102 1729 2183 1783 bi-

620 1818 815 1871 fariam
843 1818 1302 1872 commodaturum
1334 1821 1612 1885 credebat,
1641 1834 1837 1889 nempe
1889 1828 1948 1873 ut
1989 1817 2184 1873 Hiera-

619 1924 737 1962 cent
764 1908 817 1961 in
848 1924 907 1962 re
937 1909 1072 1962 tanti
1122 1909 1406 1972 momenti,
1466 1919 1688 1978 tamque
1739 1910 1908 1963 ardua
1945 1908 2183 1978 amplius

619 1998 1012 2067 antagonistam
1048 2015 1155 2052 non
1181 1999 1514 2063 tt.tberet,ab
1544 2001 1870 2070 imperatore
1897 2001 2006 2054 vita
2040 2000 2178 2054 mul-

622 2098 793 2142 talum
834 2090 1088 2155 scilicet;
1152 2100 1207 2146 et
1235 2092 1304 2147 ob
1350 2101 1456 2146 tam
1518 2094 1734 2163 insigne
1793 2095 2187 2151 benevolentia:

621 2194 736 2235 sum
783 2180 1170 2237 documentum
1210 2184 1435 2238 liberius
1485 2200 1740 2241 securum
1795 2188 1967 2253 adire,
2025 2199 2188 2258 atque

622 2269 698 2326 ita
727 2269 940 2326 facilius
965 2272 1361 2343 eum’jugulate
1384 2285 1565 2346 posset
1594 2292 1610 2343 ;
1639 2277 1909 2346 cegitabat
1935 2279 2103 2348 enim,
2129 2291 2188 2336 ut

621 2368 1002 2437 perhibebant,
1031 2369 1084 2422 in
1134 2370 1490 2425 dormientem
1545 2372 1734 2427 stricto
1774 2387 1906 2426 ense
1933 2374 2189 2432 tirruere.

623 2458 804 2514 Prima
833 2459 952 2515 luce
979 2459 1144 2515 amici
1180 2461 1380 2516 iterum
1417 2462 1800 2539 imperatorem
1834 2465 2042 2521 faciunt
2066 2482 2188 2522 cer-

621 2548 838 2616 tiorem,
875 2548 1154 2605 Ilieracem
1210 2563 1373 2607 noctu
1413 2552 1714 2625 ingressum
1741 2555 1928 2610 denuo
1980 2557 2189 2628 Byzan-

621 2640 780 2705 tium,
849 2655 972 2694 cum
1042 2643 1415 2698 Arcltoutibus
1486 2660 1797 2704 sermonem
1881 2652 2195 2707 miscuisse.

622 2728 1060 2802 Paraspoudylus
1096 2736 1209 2803 ipse
1247 2751 1464 2805 quoque
1506 2738 1863 2798 defectionem
1914 2745 2187 2811 Hieracis,

624 2830 680 2872 et
701 2822 923 2876 insidias
949 2825 1186 2887 nuntiat,
1218 2835 1274 2879 et
1323 2827 1463 2895 prlos
1500 2832 1686 2886 cauda:
1742 2834 1953 2901 equinae
2005 2846 2190 2889 osten-

628 2919 751 2963 tans
781 2910 1029 2975 afﬁrmat,
1059 2927 1119 2966 se
1162 2915 1324 2966 etiam
1373 2915 1525 2984 prius
1569 2929 1882 2988 suspectati)
1915 2923 2186 2978 habuisse:

629 3002 723 3076 sed
752 3016 836 3070 .ne
888 3001 1027 3058 forte
1072 3019 1135 3058 ex
1182 3004 1312 3061 falsa
1369 3009 1685 3078 suspicione
1736 3016 2077 3081 mentiretur,
2128 3016 2194 3071 ti-

2288 553 2564 623 μάρτυρος
2597 554 2781 606 εἰκόνα
2815 555 3111 623 παρείχετο
3153 553 3429 624 Γεωργίου
3468 553 3712 613 πίστεως
3746 554 3861 605 ἐνέ-

2283 659 2448 714 χυρον
2482 643 2580 696 καὶ
2612 643 2710 711 τῆς
2744 644 2873 712 περὶ
2905 643 3069 695 αὐτὸν
3100 644 3284 697 ἀδόλου
3319 642 3567 712 γνώμης,
3603 643 3865 704 Βασιλεὺς

2287 734 2388 803 μὲν
2411 732 2503 786 οὖν
2527 733 2803 788 ἐπαύσατο
2826 734 3028 788 αὐτίκα
3056 733 3398 789 ὑποπτεύιιῖν.
3431 733 3615 804 Ἰέραξ
3639 734 3699 787 δέ
3731 734 3867 801 μετὰ

2248 884 2253 889 ο
2288 822 2487 893 μικρὸν
2519 819 2675 885 αὖθις
2702 824 2892 894 καιρὸν
2927 824 3288 893 ἐπιτηρήσας,
3321 821 3450 894 ἦλθε
3487 841 3628 893 προς
3660 823 3871 887 Βυζάν-

2284 931 2420 978 τιον,
2446 914 2522 978 ὥς
2551 911 2706 978 αὖθις
2731 918 2839 979 τοῖς
2867 915 3096 986 ἄρχουσι
3122 916 3524 984 διαλεξόμενος.
3554 917 3667 983 Τῆς
3697 916 3869 984 αὐτῆς

2283 1002 2342 1056 δέ
2374 1005 2598 1069 νυκτὸς,
2630 1005 2727 1058 καὶ
2758 1006 3209 1076 Παρασπόνδυλός
3242 1024 3326 1070 τις
3358 1007 3548 1074 ἔτερος
3582 1007 3742 1075 παρὰ
3776 1007 3867 1058 τὸν

2284 1094 2519 1164 ἄρχοντα
2541 1098 2640 1164 τῆς
2670 1096 2969 1165 Ἀδριανοῦ,
2994 1097 3094 1166 τῆς
3120 1097 3311 1166 ὁμοίας
3334 1099 3497 1149 ἕνεκα
3520 1098 3707 1159 αἰτίας
3732 1096 3864 1162 πρὸς

2286 1187 2577 1250 Βυζάντιον
2623 1190 2822 1255 ἀφῖκτο
2869 1180 2982 1251 τοῖς
3035 1188 3267 1259 ἄρχουσι
3320 1188 3706 1256 διαλεξόμενος
3731 1203 3746 1216 ’
3794 1182 3864 1256 ἦν

2286 1276 2401 1346 γὰρ
2447 1278 2540 1328 καὶ
2590 1278 2860 1347 πρότερον
2934 1277 3299 1346 διειλεγμένος
3351 1278 3539 1346 κρύφα
3589 1277 3727 1346 περὶ
3772 1276 3864 1328 τοῦ

2287 1368 2514 1437 βασιλέα
2536 1368 2895 1422 ἀποκτείνειν.
2925 1368 3080 1423 Ἐπεὶ
3101 1368 3157 1420 δέ
3180 1371 3274 1421 καὶ
3309 1367 3484 1436 Ἰέραξ
3504 1370 3705 1435 ἀφῖκτο
3726 1366 3865 1417 κατά

2284 1458 2491 1527 τύχην,
2529 1459 2621 1511 καὶ
2650 1458 2731 1512 ἐτι
2763 1459 2821 1511 αἱ
2857 1457 3022 1512 πύλαι
3050 1453 3189 1528 ἦσαν
3223 1451 3646 1526 “meum”,
3683 1456 3865 1521 Ἰέραξ

2289 1550 2388 1619 μὲν
2425 1550 2521 1601 καὶ
2561 1549 2736 1602 ἀλλων
2769 1548 2981 1601 πολλῶν
3018 1548 3302 1619 παρόντων
3333 1549 3392 1600 οὐ
3436 1547 3635 1613 διέγνω
3680 1547 3866 1613 Παρα-

2288 1637 2601 1690 σπόνδυλον.
2650 1636 2887 1701 Ἐκεῖνος
2934 1637 2991 1690 δὲ
3039 1638 3312 1707 φθονήσας
3357 1636 3566 1703 Ἱέρακι
3612 1634 3711 1687 τοῦ
3756 1637 3870 1695 tot;

2287 1731 2497 1800 ὁμοίοις
2530 1732 2834 1801 ἐγχειρεῖν,
2864 1731 2956 1783 καὶ
2984 1729 3289 1798 προδιδόναι
3319 1728 3625 1797 διανοηθεὶς
3646 1766 3663 1789 ,
3693 1725 3871 1794 λάθρα

2292 1822 2600 1891 προσελθὼν
2626 1824 2724 1893 τῆς
2752 1824 2917 1892 οὐρᾶς
2944 1824 3187 1893 ἀπέτεμε
3211 1821 3309 1875 τοῦ
3335 1822 3506 1874 ἵππου
3542 1819 3742 1887 τρίχας
3759 1857 3777 1879 ,
3805 1817 3877 1871 ἴθ’

2290 1914 2376 1983 εῐη
2414 1913 2595 1981 σαφῶς
2627 1913 2874 1983 ἐλέγχειν
2905 1914 2999 1966 ἐπὶ
3029 1912 3124 1966 τοῦ
3166 1912 3431 1983 βασιλέως
3466 1910 3675 1979 δεῖγμα
3711 1926 3872 1979 φανε-

2294 2007 2386 2077 ρὸν
2417 2008 2516 2076 τῆς
2552 2006 2887 2075 κακουργίας
2921 2007 3018 2066 τὰς
3051 2006 3242 2076 τρίχας
3276 2005 3701 2074 παρεχόμενος·
3738 2002 3881 2072 ᾤετο

2289 2097 2399 2168 γὰρ
2439 2098 2574 2167 πρὸς
2613 2099 2897 2166 ἀμφότερα
2937 2098 3085 2169 αὐτῷ
3123 2098 3493 2168 λυσιτελήσειν
3527 2095 3630 2165 τὴν
3664 2096 3881 2146 ἐκείνου

2292 2188 2620 2260 προδοσίαν·
2659 2187 2878 2260 Ἱέρακά
2908 2207 2966 2243 τε
3007 2192 3117 2261 γὰρ
3158 2189 3342 2242 οὐκέτι
3379 2187 3528 2250 ἕξειν
3560 2188 3873 2252 ἀνταγωνι-

2292 2282 2428 2353 στὴν
2458 2270 2586 2352 περὶ
2620 2284 2944 2352 πράγματος
2984 2281 3129 2335 οὓτω
3164 2274 3431 2350 μεγάλου,
3468 2278 3875 2346 διεφθαρμένον

2292 2358 2399 2426 δπὸ
2430 2371 2698 2441 βασιλέως
2719 2387 2735 2405 ο
2767 2371 2862 2425 καὶ
2896 2371 3055 2434 αὐτὸς
3088 2370 3518 2441 ἀφυλακτοτέρφ
3556 2369 3767 2438 μᾶλλον
3796 2367 3883 2418 ἐν-

2290 2468 2477 2535 τυχεῖν
2498 2465 2576 2535 τῷ
2603 2465 2815 2533 βασιλεῖ
2837 2463 2923 2516 διά
2944 2463 3045 2533 τὴν
3066 2461 3330 2517 δοκοῦσαν
3352 2460 3593 2526 εὖνοιαν,
3621 2460 3724 2513 καὶ
3750 2460 3877 2530 ῥᾷον

2294 2554 2729 2626 κατεργάσεσθαι
2750 2555 2841 2608 τὸν
2868 2553 3026 2621 φόνον
3047 2568 3063 2584 ⁸
3091 2552 3351 2607 διενοεῖτο
3367 2552 3500 2621 γάρ,
3526 2551 3605 2610 ὡς
3634 2551 3874 2619 ἐλέγετο,

2293 2647 2558 2701 ὑπνοῦντι
2590 2645 2926 2698 ἐπιτίθεσθαι
2960 2643 3170 2714 βασιλεῖ
3202 2644 3297 2696 καὶ
3333 2645 3692 2695 ἀποκτείνειν
3714 2659 3730 2674 ’
3765 2642 3878 2713 ἅμα

2291 2739 2350 2792 δὲ
2381 2738 2584 2806 ἡμέρα,
2616 2737 2672 2787 οε
2695 2752 2754 2787 τε
2783 2735 2925 2803 φίλοι
2956 2735 3165 2804 βασιλεῖ
3190 2736 3445 2802 ἐμήνυον,
3478 2733 3557 2796 ὡς
3588 2728 3755 2795 αὖθις
3788 2731 3885 2786 Ἰέ-

2299 2826 2403 2900 ραξ
2428 2827 2658 2881 εἰσέλθοι
2690 2806 2980 2890 Βυζάντιον
3007 2826 3106 2894 τῆς
3137 2825 3350 2889 νυκτὸς,
3382 2825 3475 2877 καὶ
3504 2826 3622 2886 τοῖς
3655 2823 3885 2893 ἄρχουσι

2293 2919 2626 2989 διαλεχθείη.
2660 2918 2774 2973 Καὶ
2804 2917 3255 2990 Παρασπόνδυλος
3287 2917 3491 2986 ὁμοίως
3520 2917 3628 2986 τήν
3654 2933 3719 2968 τε
3749 2919 3882 2969 ἀπο·

2297 3012 2525 3065 στασίαν
2565 3010 2802 3079 ἐμήνυεν
2839 3009 3102 3080 Ἱέρακος,
3143 3009 3236 3061 καὶ
3275 3009 3375 3075 τὴν
3422 3007 3751 3074 ὲπιὸουλὴν,
3792 3006 3883 3058 καὶ

633 3095 860 3159 iuuisse,
914 3096 1144 3164 ideoque
1191 3098 1259 3152 ad
1310 3110 1520 3167 portam
1580 3101 1821 3172 Byzantii
1874 3106 2094 3172 abiisse,
2141 3119 2193 3162 ct

2296 3102 2395 3165 τὰς
2419 3102 2610 3173 τρίχας
2637 3100 2946 3154 ἐπεδείκνυε
2971 3101 3063 3154 τοῦ
3080 3092 3261 3153 ἵππου
3279 3139 3295 3164 ,
3322 3098 3533 3167 ἔφασκε
3558 3098 3621 3151 δὲ
3651 3099 3729 3160 ὡς
3757 3100 3881 3150 ὐπο-

632 3187 781 3240 intei'
810 3186 947 3240 alios
979 3188 1230 3255 ignotum
1265 3189 1511 3246 latuisse.
1541 3191 1738 3248 Eodem
1769 3195 2049 3253 Hieracem
2095 3213 2190 3253 ve-

629 3275 777 3329 nisse
834 3291 1002 3346 seque
1028 3279 1181 3351 pilos
1208 3283 1392 3336 cauda:
1439 3284 1669 3354 jnmenti
1699 3288 1817 3358 ejus
1834 3304 1933 3359 pro
1958 3289 2192 3344 evidenti

630 3367 856 3433 indicio,
900 3369 971 3421 ita
1006 3379 1065 3422 ut
1110 3382 1217 3424 non
1271 3373 1824 3442 animadverteretur,
1875 3381 2191 3444 abstulisse,

633 3452 664 3512 ἰ,
689 3466 807 3504 sum
843 3453 1021 3520 portis
1055 3455 1301 3523 reclusis,
1352 3472 1473 3512 cum
1516 3460 1667 3517 intus
1718 3454 1930 3531 fuisset,
1978 3479 2193 3518 rursum

632 3542 881 3595 rxivisse.
936 3541 1029 3596 llis
1067 3545 1307 3610 auditis,
1360 3550 1491 3616 quid
1520 3550 1746 3619 lllieraci
1802 3544 2006 3609 faceret
2052 3555 2194 3623 apud

635 3634 875 3684 animum
940 3632 1281 3714 disquirebat
1311 3636 1630 3706 imperator.
1681 3640 2016 3711 Disquirenti
2056 3661 2197 3699 nuu-

638 3723 821 3790 tiatur,
854 3723 1071 3795 globum
1105 3724 1365 3796 Byzantio
1389 3730 1653 3799 erupisse,
1691 3732 1785 3801 qui
1814 3746 1937 3787 cum
1990 3735 2198 3804 aliquot

636 3828 701 3870 ne
724 3818 841 3885 ejus
867 3818 1110 3872 exercitu
1140 3819 1415 3891 conﬂigat.
1451 3821 1632 3877 Latini
1655 3823 1927 3894 siquidem
1967 3840 2035 3880 cx
2064 3826 2199 3882 Ger-

636 3909 812 3990 manis
839 3909 1059 3980 quidam
1084 3913 1260 3978 pauci,
1302 3911 1544 3983 Byzantii
1587 3925 1891 3980 manentes,
1937 3917 1992 3971 in
2033 3933 2201 3990 quos-

634 3986 759 4055 «ΙΞω
801 4002 1179 4071 imperatorias
1208 4003 1776 4076 egressLinciderant,
1815 4006 1885 4071 in
1913 3986 2113 4078 quibus
2146 4022 2200 4067 et

639 4091 872 4147 llierax:
899 4094 1274 4163 consertisque
1325 4097 1613 4164 manibus,
1653 4113 1757 4153 nec
1807 4100 1874 4154 de
1911 4101 2200 4166 Romanis,

639 4198 743 4238 nec
771 4183 839 4237 de
863 4183 1073 4241 Latinis
1101 4187 1413 4256 quisquam,
1443 4197 1540 4243 aut
1585 4189 1901 4255 eecidit,aut
1929 4192 2188 4245 vulnera-

640 4281 725 4326 tus
751 4281 856 4339 est,
881 4273 1031 4328 solus
1072 4273 1268 4330 llzerax
1314 4276 1527 4331 duobus
1587 4279 1826 4347 acceptis
1885 4280 2203 4336 vulneribus

639 4376 841 4431 equum
871 4363 1073 4430 amisit,
1096 4374 1153 4419 et
1208 4366 1347 4434 quin
1377 4378 1685 4437 caperetur,
1748 4384 1940 4437 parum
1999 4369 2198 4435 abfuit,

2292 3192 2522 3246 πτεύσοι
2555 3194 2654 3262 μὲν
2680 3193 2775 3245 καὶ
2804 3192 3067 3261 πρότερον
3091 3188 3276 3255 αὐτὸν,
3304 3190 3489 3251 δείσας
3514 3188 3573 3241 δέ
3608 3190 3690 3258 μὴ
3719 3205 3886 3240 κατα-

2291 3285 2543 3356 ψεύδοιτο
2575 3283 2739 3336 αὑτοῦ
2777 3283 2853 3353 μὴ
2889 3280 3208 3334 ὑποπτεύων
3239 3280 3416 3350 ἀληθῆ
3450 3280 3615 3351 παρά
3652 3280 3751 3349 τὴν
3788 3280 3880 3330 Β)-

2296 3370 2512 3435 ζαντίου
2554 3369 2730 3439 πύλην
2763 3368 3091 3437 ἀφικέσθαι,
3126 3366 3220 3419 καὶ
3253 3368 3367 3429 τοῖς
3404 3367 3593 3430 ἀλλοις
3645 3369 3881 3419 συνεῖναι

2293 3455 2702 3529 ἀγνοούμενον
2750 3456 3086 3527 ἀφικομένου
3137 3456 3196 3510 δέ
3229 3455 3507 3526 Ἱέρακος,
3558 3456 3736 3511 αὐτὸν
3788 3457 3879 3526 μὲν

2297 3550 2716 3620 ἀνεπαισθήτως
2744 3549 2841 3604 τοῦ
2877 3549 3053 3603 ἵππου
3076 3549 3176 3612 τάς
3203 3550 3397 3620 τρίχας
3428 3549 3744 3618 ἀφελέσθαι
3769 3591 3785 3613 ,
3820 3549 3887 3601 ἕν*

2300 3642 2388 3710 εἴη
2414 3644 2715 3713 τεκμήριον
2741 3641 2989 3712 ἐναργές.
3021 3641 3262 3695 Ἐκεῖνον
3285 3640 3341 3695 δέ
3369 3639 3481 3693 τῶν
3510 3640 3711 3694 πυλῶν
3737 3643 3876 3695 ἀνοι-

2299 3730 2538 3801 χθεισῶν
2560 3771 2574 3796 ,
2602 3731 2752 3794 ἐντὸς
2782 3731 3074 3799 γενόμενον
3094 3767 3108 3794 ,
3137 3723 3294 3791 αὖθις
3322 3727 3588 3793 ἐξελθεῖν.

2299 3823 2361 3878 δ⁴ὲ
2393 3826 2515 3876 ἐπεὶ
2544 3822 2767 3876 τοιαῦτα
2800 3822 3056 3892 ἧκουσεν,
3088 3820 3384 3873 ἐσκέπτετο
3412 3822 3547 3891 περὶ
3578 3820 3825 3889 Ἱέρακος
3853 3821 3881 3872 ὅ

2299 3935 2355 3974 τι
2397 3916 2675 3989 χρήσαιτο.
2717 3914 3081 3984 bra-mopin
3117 3910 3173 3966 δέ
3213 3909 3777 3982 «mm-ensum,
3810 3912 3876 3971 ὧς

2299 4006 2596 4072 Βυζαντίου
2629 4005 2919 4069 ἐξελθοῦσα
2949 4007 3197 4075 στρατιὰ,
3229 4004 3586 4074 συμπλακείη
3606 4006 3745 4058 ⁸τισί.
3774 4003 3874 4055 τῶν

2303 4100 2590 4171 βασιλέως.
2623 4100 2845 4152 Λατῖνοι
2879 4100 2989 4168 γὰρ
3017 4098 3185 4164 ὀλίγοι
3216 4099 3362 4160 τινες
3394 4098 3460 4149 ἐκ
3492 4096 3799 4167 Γερμανῶν
3825 4097 3879 4147 ἐν

2302 4192 2584 4263 Βυζαντίῳ
2604 4193 2991 4262 διατρίϐοντες,
3015 4191 3318 4255 ἐξελθόντες
3339 4193 3450 4244 τισὶ
3478 4192 3593 4244 τῶν
3619 4191 3877 4260 βασιλέως

2305 4285 2628 4357 περιέτυχον
2647 4322 2664 4348 ,
2693 4287 2754 4337 ἐν
2779 4278 2862 4347 οἷς
2895 4285 2988 4337 καὶ
3023 4283 3207 4354 Ἰέραξ
3231 4280 3299 4353 ἦν
3323 4300 3337 4315 ·
3370 4284 3470 4335 καὶ
3506 4285 3691 4353 μάχης
3726 4298 3876 4334 συν-σο

2308 4376 2559 4446 φθείσης,
2586 4373 2709 4428 οὔτε
2735 4374 2845 4427 τῶν
2878 4374 3186 4444 Ῥωμαίων,
3220 4371 3341 4424 οὔτε
3365 4370 3485 4425 τῶν
3506 4372 3761 4425 Λατίνων
3788 4369 3875 4419 κέ-

641 4468 803 4523 quem
829 4465 1020 4524 postea
1049 4458 1497 4527 supervenientes
1526 4458 1860 4528 imperatorii
1888 4472 2193 4529 servarunt,

2307 4484 2524 4523 πτωκεν
2558 4466 2769 4530 οὐδεὶς,
2807 4464 2931 4519 οὕτε
2972 4463 3080 4535 μὴν
3117 4462 3529 4535 ἐτραυματίσθη
3557 4478 3574 4493 ·
3615 4461 3790 4531 Ἱέραξ
3822 4459 3877 4511 δέ

643 4546 1002 4618 sauciumque
1039 4549 1096 4602 in
1131 4558 1311 4603 castra
1350 4549 1746 4619 perduxerunt.
1795 4552 1889 4623 Διὶ,
1909 4553 2070 4623 cujus
2122 4561 2203 4609 ta-

641 4636 997 4692 bernaculum
1025 4639 1293 4694 accedens
1319 4642 1636 4710 imperator,
1664 4644 1895 4708 videret,
1924 4645 2201 4707 monebat,

641 4744 712 4783 tte
733 4729 873 4784 forte
902 4728 1164 4800 Georgius
1200 4730 1405 4787 Christi
1453 4742 1658 4802 martyr
1690 4732 1805 4800 ejus
1846 4734 1904 4789 in
1955 4750 2015 4791 se
2056 4736 2207 4793 inso-

642 4820 843 4874 lentem
879 4820 1243 4875 temeritatem
1294 4821 1569 4892 castigans
1612 4822 1776 4893 (quod
1800 4838 1922 4877 cum
1966 4840 2200 4896 sponso-

642 4925 756 4964 rem
779 4910 1040 4976 dedisset,
1067 4925 1285 4966 rursum
1317 4927 1379 4966 se
1404 4912 1622 4978 vitiose,
1654 4925 1710 4970 et
1750 4917 1996 4986 improbe
2044 4915 2207 4974 factis

642 5001 988 5072 astringeret)
1012 5001 1289 5057 vulnerari
1344 5003 1706 5072 permisisset.
1737 5005 1833 5061 Ille
1879 5007 2020 5063 idem
2062 5009 2207 5080 quod

641 5101 769 5147 ante
801 5091 1090 5159 afﬁrmare,
1126 5092 1328 5162 injuria
1352 5093 1407 5148 in
1435 5108 1494 5149 se
1540 5097 1907 5167 suspicionem
1956 5114 2208 5158 commo—

642 5185 780 5237 veri.
823 5181 992 5238 Nocte
1012 5184 1284 5252 sequenti,
1340 5185 1597 5252 quoniam
1630 5201 1687 5241 se
1721 5189 2044 5257 proditionis
2091 5208 2210 5247 mae

643 5272 903 5330 nifestum
943 5270 1180 5335 videbat,
1206 5272 1528 5343 Byzantium
1577 5275 1825 5345 aufugit;
1856 5279 1946 5333 ubi
1976 5278 2211 5337 interro-

642 5376 804 5436 gatus
831 5403 848 5429 ,
909 5379 1007 5420 cur
1055 5363 1326 5433 promissa
1356 5379 1465 5419 non
1494 5367 1832 5437 perfecisset,
1903 5372 2208 5440 respondit,

646 5456 815 5527 669
848 5464 1101 5511 conatum
1138 5455 1355 5525 quidem
1409 5466 1708 5528 nunquam,
1749 5462 2209 5531 opportunitatem

649 5564 867 5619 semper
922 5548 1025 5604 sibi
1053 5546 1315 5613 defuisse,
1376 5548 1703 5620 imperatore
1746 5568 1854 5607 non
1895 5568 2055 5609 secus
2107 5556 2212 5612 sibi

566 5654 573 5679 ι
648 5649 899 5706 cavente,
924 5656 1089 5712 quam
1119 5641 1166 5697 si
1200 5643 1433 5712 cogitata
1456 5643 1575 5713 ejus
1606 5644 1979 5713 perapieeret:
2012 5656 2069 5702 et
2098 5663 2212 5704 me-

656 5734 848 5797 tuisse.
904 5749 975 5791 ne
1006 5735 1403 5799 deprehensus,
1463 5736 1728 5797 sanguine
1792 5753 1984 5796 vomas
2034 5741 2211 5800 daret.

2309 4559 2471 4631 μόνον
2495 4558 2580 4621 δὶς
2609 4555 3058 4628 τραυματισθείς,
3085 4554 3324 4609 ἀπέϐαλέ
3351 4570 3413 4605 τε
3444 4555 3538 4607 τὸν
3571 4553 3762 4615 tum,
3787 4552 3875 4603 aut

2305 4649 2469 4712 αὐτὸς
2503 4644 2667 4720 ἦλθεν
2699 4648 2866 4715 ἐγγὺς
2905 4647 3109 4700 ἁλῶναι
3134 4663 3150 4679 ·
3186 4640 3346 4708 αὖθις
3376 4645 3434 4697 δέ
3470 4644 3795 4705 ἐπελθόντες
3827 4643 3876 4695 oi

2308 4740 2598 4813 βασιλικοὶ,
2631 4739 2977 4794 ἀνεσώσαντο
3005 4755 3087 4803 τε,
3122 4739 3217 4793 καὶ
3248 4736 3390 4807 πρὸς
3419 4738 3484 4788 τδ
3518 4736 3873 4807 στρατόπεδον

2304 4827 2444 4905 ἦγον
2471 4830 2833 4902 τραυματίαν.
2868 4828 3133 4892 Βασιλεὺς
3164 4828 3222 4881 δὲ
3257 4826 3394 4898 πρὸς
3424 4826 3526 4896 τὴν
3560 4829 3773 4899 σκηνὴν
3800 4827 3876 4876 ἑλ-

2307 4923 2419 4979 θὼν
2446 4923 2507 4978 ἐν
2534 4917 2570 4996 ᾖ
2596 4922 2752 4991 διῆγε
2769 4959 2784 4985 ,
2818 4922 3041 4974 σκοπεῖν
3068 4919 3291 4973 ἐκέλευε
3324 4918 3401 4988 μὴ
3430 4917 3711 4988 Γεώργιος
3736 4920 3765 4969 δ
3790 4916 3880 4969 τοῦ

2308 5013 2548 5088 Χριστοῦ
2589 5012 2798 5083 μάρτυς
2828 5012 2928 5082 τῆς
2964 5011 3046 5073 είς
3084 5009 3247 5065 αὑτὸν
3281 5009 3575 5079 παροινίας
3623 5009 3881 5079 σωρρονξο

2310 5105 2441 5171 ζων,
2481 5105 2563 5157 ὅτι
2614 5120 2719 5173 περ
2767 5102 3041 5171 ἐγγυητὴν
3092 5100 3532 5171 παρεσχημένος,
3580 5095 3740 5162 αὖθις
3778 5103 3881 5159 si;

2311 5195 2539 5265 φαύλοις
2570 5194 2664 5247 καὶ
2699 5195 2953 5263 πονηροῖς
2984 5192 3165 5263 ἔργοις
3197 5192 3430 5263 ἐκδιδοίη
3466 5193 3666 5246 ἑαυτὸν
3685 5231 3702 5254 ,
3736 5194 3879 5244 ett-ea

2309 5285 2786 5359 τραυματισθῆναι
2811 5301 2826 5316 ⁸
2867 5285 2895 5336 ὁ
2933 5283 2979 5337 δ’
3005 5280 3164 5348 αὖθις
3202 5283 3272 5337 τά
3310 5284 3403 5338 ῐσα
3440 5286 3558 5347 τοῖς
3599 5284 3881 5353 προτέρας

2316 5376 2645 5451 ἰσχυρίζετο,
2668 5377 2744 5439 ὡς
2769 5376 2969 5441 ἀδίκως
2994 5375 3372 5430 ὑποπτεύοιτο.
3397 5373 3621 5439 Νυκτὸς
3644 5375 3705 5429 δὲ
3733 5374 3881 5427 ἐπεὶ·

2313 5471 2513 5540 θούσης
2532 5509 2548 5534 ,
2582 5468 2705 5521 ἐπεὶ
2737 5466 3001 5538 ᾐσθάνετο
3029 5468 3132 5520 οὐκ
3164 5466 3534 5537 ἀγνοούμενος
3553 5507 3571 5533 ,
3606 5466 3778 5538 ᾤχετο
3803 5466 3877 5526 είς

2314 5560 2608 5626 Βυζάντιον
2639 5558 2881 5628 ἀποδράς
2904 5573 2918 5589 ·
2957 5557 3310 5627 ἐρωτώμενος
3350 5557 3409 5611 δέ
3443 5558 3548 5629 τὴν
3582 5559 3782 5619 αἰτίαν.
3812 5553 3879 5609 δι’

2314 5652 2382 5723 ῆν
2407 5650 2468 5704 οὐ
2494 5648 2731 5703 τελέσειε
2756 5652 2824 5702 τά
2853 5647 3228 5718 ὑπεσχημένα,
3255 5648 3344 5702 ἀεὶ
3373 5649 3475 5719 μὲν
3503 5651 3745 5720 ἔφασκεν
3770 5651 3885 5700 ta:-

2315 5732 2517 5799 νειοείν
2539 5782 2552 5804 .
2581 5739 2779 5808 καιροῦ
2812 5738 2868 5795 δέ
2890 5726 3158 5796 ὀὐδέποτε
3188 5740 3561 5812 τετυχηκέναι
3581 5784 3597 5811 ,
3630 5742 3887 5811 φυλαττο-
