4066 6298
346 382 483 447 1ζ57

1458 368 2007 432 IIISTORIARUM
2050 367 2282 426 LEBER
2326 366 2443 424 lll.

3457 362 3598 428 1258
3690 317 3693 320 ’

344 499 405 551 τΡ)
431 497 591 564 ἔργον
622 485 886 550 ὑποστὰς,
919 483 1099 555 ὥθησε
1133 483 1191 535 τὸ
1226 481 1376 550 ξίφος
1403 483 1544 534 κατά
1570 480 1675 532 τῶν
1709 479 1912 544 σπλέιγ⁴

2025 475 2207 529 medio
2237 473 2582 536 recedentes,
2615 471 2856 528 latibulis
2890 488 2948 527 se
2980 474 3240 530 condunt.
3271 475 3398 545 Ejus
3429 489 3607 535 tuorte

341 602 507 657 χνων,
538 580 634 633 καὶ
679 576 1020 632 ἀπέκτεινεν.
1081 572 1255 637 Εὐθὺς
1311 574 1407 642 μὲν
1440 571 1533 625 οὖν
1583 575 1631 624 οἱ
1665 572 1914 642 Ζηλωταὶ

344 674 686 747 ὑπεχώρουν,
732 671 826 722 καὶ
889 664 1213 720 κατεδύοντο
1267 666 1349 727 εἰς
1391 664 1718 733 χηραμούςο
1756 665 1784 715 ὃ
1852 679 1912 712 τε

341 769 512 838 δῆμος
543 763 699 817 οὐδὲν
726 759 867 830 ὑπὲρ
916 756 1010 810 τοῦ
1053 754 1313 838 πεσόντος
1363 753 1771 822 ἠγανάκτησεν.
1806 747 1914 804 Ἦν

340 836 449 924 γὰρ
500 851 624 905 οὐδὲ
667 850 936 919 πρότερον
982 836 1163 906 καλῶς
1219 843 1562 911 διακείμενος
1612 844 1742 912 περὶ
1787 843 1915 904 τοὺς

341 944 599 1016 Ζηλωτάς
628 959 642 974 ο
672 938 813 1012 ἦσαν
860 939 969 1009 γὰρ
1009 936 1213 1006 ὁμοίως
1241 936 1335 987 καὶ
1366 935 1497 1003 περὶ
1527 934 1596 986 τὰ
1627 933 1768 994 θεῖα,
1809 933 1914 986 ῶσ-

342 1055 451 1108 περ
484 1040 579 1091 καὶ
601 1036 729 1104 περ)⁸
758 1034 824 1087 τά
844 1031 1162 1103 ἀνθρώπινα
1190 1027 1525 1098 ὑϐρίζοντες,
1578 1027 1673 1079 καὶ
1713 1026 1915 1095 πολλὴν

343 1126 778 1195 ἐπιδεικνύμενοι
836 1125 936 1194 τὴν
973 1120 1302 1193 μοχθηρίαν.
1337 1121 1410 1173 Οὐ
1462 1121 1625 1190 μόνον
1660 1120 1772 1188 γὰρ
1800 1119 1918 1188 ἡδί-

344 1239 475 1275 κουν
531 1218 721 1280 ἀδεῶς.
756 1216 850 1268 καὶ
904 1213 1227 1282 διεπόρθουν
1264 1214 1364 1281 τὴν
1427 1211 1615 1281 χώραν
1643 1212 1912 1271 ἐπιόντες,

342 1313 436 1366 καὶ
461 1310 561 1373 τάς
604 1306 797 1369 κοινὰς
831 1305 1122 1379 συμφορὰς
1162 1304 1418 1373 ἀφορμὰς
1441 1301 1754 1372 ποιούμενοι
1780 1299 1916 1363 ἰδίας

341 1403 673 1473 εὐπραγίας,
709 1399 846 1453 ἀλλά
903 1398 1000 1452 καὶ
1043 1397 1185 1451 κατὰ
1232 1398 1330 1459 τὰς
1380 1396 1577 1463 ἀγυιὰς
1619 1393 1918 1463 δεξαμενάς

339 1511 492 1556 τινας
527 1491 721 1560 ὕδατος
770 1487 1129 1560 πληροῦντες,
1158 1485 1278 1540 εἶτα
1312 1487 1406 1540 καὶ
1431 1486 1773 1556 ύφάπτοντες
1809 1503 1913 1555 κη-

346 1584 490 1654 ροὺς.
523 1587 677 1644 τινὰς
705 1582 815 1636 τῶν
844 1583 912 1635 τὰ
942 1580 1405 1649 Καντακουζηνοῦ
1431 1579 1670 1651 ᾑρῆσθαι
1697 1580 1916 1632 δοκούν-

341 1692 447 1731 των
480 1674 768 1743 βασιλέως,
808 1673 1280 1743 συλλαμϐάνοντες
1314 1671 1475 1733 ὄντας
1504 1672 1566 1724 ἐκ
1595 1670 1688 1723 τοῦ
1717 1671 1912 1741 δήμου,

342 1767 705 1830 ἀνεϐάπτιζον
756 1767 832 1826 ὡς
874 1765 1326 1833 ἀπομοσαμὲνους
1384 1763 1442 1815 τὸ
1480 1763 1762 1832 βάπτισμα
1828 1762 1916 1816 διὰ

341 1860 439 1929 τὴν
472 1859 684 1910 ἐκείνου
725 1856 1017 1910 κοινωνίαν
1044 1872 1058 1886 ο
1087 1856 1214 1919 τούς
1241 1873 1302 1908 τε
1323 1855 1621 1926 παριόντας
1664 1857 1916 1908 ἐκέλευον

342 1952 606 2021 ἀργύριον
642 1950 808 2021 ῥητὸν
848 1947 1237 2002 κατατίθεσθαι
1283 1950 1362 2011 είς
1388 1950 1488 2017 τὴν
1515 1950 1723 2019 ,ἑορτήν
1760 1946 1799 1976 ·’
1822 1951 1917 2000 καὶ

339 2040 408 2115 ἦν
441 2044 656 2113 ἀνάγκη
693 2042 958 2113 πράττειν
1011 2032 1153 2095 κάτά
1195 2042 1256 2095 τὸ
1292 2043 1516 2095 ἐκείνων
1543 2041 1849 2110 κέλευσμα,
1884 2041 1915 2110 ἢ

341 2135 746 2190 ὑποπτεύεσθαι
798 2134 999 2189 αὐτίκα
1050 2127 1157 2204 ἦν,
1206 2131 1281 2196 ὡς
1331 2133 1400 2185 τὰ
1458 2131 1915 2202 Καντακουζηνοῡ

338 2229 433 2283 τοῦ
496 2226 762 2299 βασιλέως
816 2225 1117 2298 ᾑρημένον,
1172 2225 1268 2278 καὶ
1315 2225 1615 2297 ἀχθόμενον
1649 2227 1787 2295 πρὸς
1816 2227 1915 2294 τὴν

340 2319 679 2389 ἐρεσχελίαν.
713 2317 875 2371 Μετά
906 2315 1064 2370 τοῦτο
1088 2317 1143 2369 δὲ
1179 2315 1474 2388 μεθύοντες
1497 2320 1555 2370 ἐν
1583 2317 1909 2387 καπηλείοις

339 2417 433 2467 καὶ
462 2415 530 2466 τὰ
561 2412 697 2466 ἄλλα
729 2409 1066 2481 ἐξωρχοῦντο
1091 2407 1200 2463 τῶν
1227 2408 1568 2480 Χριστιανῶν
1611 2395 1912 2480 μυστήρια,

337 2508 437 2574 τῆς
471 2503 626 2573 δίκης
656 2503 1017 2573 ἀνεχομένης,
1064 2502 1159 2554 καὶ
1184 2500 1533 2571 ἀμελούντων
1564 2502 1673 2553 τῶν
1707 2518 1911 2571 κεραυ-

339 2596 466 2649 νῶν.
507 2592 609 2648 Ὧν
653 2595 754 2665 τὴν
793 2593 1029 2647 ἀτοπίαν
1081 2592 1320 2662 μισήσας
1367 2592 1523 2646 καὶὸ
1552 2592 1748 2662 δῆμος,
1785 2595 1918 2663 πρό-

339 2689 495 2757 τερόν
518 2705 576 2741 τε
617 2687 681 2739 ἐκ
710 2702 874 2739 τινων
894 2684 1084 2739 αἰτιῶν
1100 2684 1484 2754 κεκινημένος,
1517 2684 1627 2738 τῶν
1647 2685 1915 2754 Ζηλωτῶν

340 2800 494 2844 τινας
547 2783 605 2833 ἐν
643 2772 720 2849 τῷ
744 2778 844 2847 τῆς
890 2776 1155 2830 Θεοτόκου
1193 2776 1293 2846 τῆς
1352 2777 1770 2848 ἀχειροποιήτου
1827 2796 1917 2832 τε·

345 2877 493 2944 μένει
521 2875 648 2935 τοὺς
681 2872 780 2939 μὲν
811 2870 1139 2938 ἀπέσφαξαν
1170 2868 1436 2939 ἀνηλεῶς,
1471 2870 1569 2924 ἕνα
1598 2870 1655 2925 δὲ
1689 2874 1782 2925 καὶ
1827 2873 1915 2926 διὰ

340 2968 439 3033 τῆς
466 2966 667 3033 ἀγορᾶς
695 2962 1019 3031 κατέσυραν,
1048 2960 1221 3025 λίθοις
1252 2961 1542 3031 βάλλοντες
1587 2965 1683 3018 καὶ
1734 2963 1915 3029 ξύλοις

2026 566 2260 637 populus
2306 564 2443 620 nihil
2492 564 2692 631 doluit,
2729 566 2932 635 alioqui
2981 567 3146 621 etiam
3194 583 3224 621 a
3258 569 3446 623 zelotis
3478 570 3609 626 alie-

2018 675 2145 725 nus,
2178 657 2344 730 674
2375 658 2646 728 siquidem
2691 658 2874 714 divina
2911 671 2965 714 et
3006 662 3240 715 humana
3263 661 3387 731 jura
3414 671 3609 717 contu-

2022 752 2249 807 meliose
2302 765 2366 806 ac
2421 752 2651 807 sceleste
2678 752 2977 808 violabant.
3011 753 3125 807 Non
3167 755 3310 809 enim
3341 756 3608 812 duntaxat

2023 844 2228 914 absque
2264 843 2375 899 ullo
2411 853 2558 899 metu
2592 844 2907 915 irrugabant
2938 846 3192 917 injurias,
3223 849 3609 921 regionemque

2021 933 2395 1001 devastabant,
2432 945 2489 989 et
2534 951 2598 990 ex
2645 932 3027 991 communibus
3062 939 3303 993 miseriis
3345 955 3473 995 suas
3503 942 3605 996 sibi

2020 1026 2310 1082 felicitates
2364 1025 2805 1095 comparabant:
2853 1027 2950 1082 sed
3003 1036 3056 1084 et
3094 1044 3191 1098 per
3228 1029 3377 1086 vicos
3436 1032 3607 1098 urbis,

2020 1118 2172 1173 soliis
2204 1134 2345 1187 aqua
2401 1119 2635 1193 repletis
2685 1127 2739 1172 ct
2801 1119 2976 1185 cereis
3038 1123 3308 1186 accensis,
3342 1123 3606 1192 quosdam

2021 1214 2089 1264 de
2144 1208 2329 1278 plebe,
2400 1209 2492 1278 qui
2549 1208 2932 1265 (iantacuzeno
3009 1209 3196 1266 favere
3257 1213 3606 1281 videbantur,

2019 1299 2471 1369 comprehensos,
2520 1297 2670 1352 velut
2719 1298 2812 1368 qui
2867 1314 2963 1368 per
2998 1301 3120 1367 ejus
3160 1304 3606 1359 communionem

2019 1391 2352 1462 baptismum
2388 1392 2720 1461 ejurassent,
2760 1392 2942 1449 denuo
2971 1394 3300 1463 lustrabant,
3360 1414 3424 1453 ac
3473 1414 3611 1470 prae-

2022 1493 2300 1540 tereuntes
2349 1488 2705 1540 constitutum
2754 1487 2990 1555 pretium
3019 1480 3086 1543 ad
3119 1487 3284 1545 ferias
3313 1492 3598 1562 agitandas

2019 1577 2287 1646 iubebant
2340 1577 2678 1645 persolvere.
2712 1575 2817 1643 Qui
2858 1577 2902 1633 si
2958 1580 3285 1656 abnuerent,
3317 1583 3503 1638 statim
3552 1584 3606 1639 in

2020 1668 2384 1738 suspicionem
2433 1667 2912 1723 Cantacuzenismi
2967 1668 3303 1736 incidebant,
3362 1682 3417 1728 et
3464 1674 3611 1728 ludi-

2029 1761 2161 1815 briis
2193 1760 2304 1814 illis
2330 1759 2533 1814 oﬂ‘endi
2582 1760 2941 1829 putabantur.
2968 1760 3236 1817 Praeterea
3268 1765 3323 1818 in
3350 1767 3611 1835 cauponis

2024 1865 2195 1921 usque
2224 1850 2291 1909 ad
2319 1851 2640 1905 ebrietatem
2664 1860 3036 1922 perpotantes,
3060 1844 3400 1911 Christianis.
3417 1867 3614 1930 myste—

2023 1943 2119 1997 riis
2176 1941 2504 2009 illudebant,
2557 1943 2801 2013 patiente
2878 1952 2935 1996 et
3004 1942 3234 1999 fulmina
3290 1948 3612 2004 continente

2022 2032 2205 2088 divina
2245 2032 2479 2102 justitia.
2532 2032 2777 2097 Quorum
2832 2033 3066 2088 nefanda
3132 2035 3339 2091 scelera
3378 2041 3611 2109 populus

2022 2140 2244 2189 crosus,
2271 2137 2326 2180 ct
2358 2126 2591 2180 antebac
2619 2124 2879 2194 quasdam
2902 2126 2971 2180 ob
3001 2141 3200 2182 causas
3226 2131 3610 2195 exacerbatus.

2023 2218 2225 2272 zelotas
2257 2216 2555 2272 nonnullos
2588 2216 2643 2270 in
2688 2215 2933 2285 Dciparae
2966 2233 3077 2272 non
3109 2220 3424 2277 manufacto
3456 2233 3613 2279 tem-

2020 2315 2109 2381 pio
2159 2308 2270 2382 (60)
2322 2309 2530 2380 absque
2583 2308 2959 2364 misericordia
3014 2311 3221 2367 occidit
3252 2330 3266 2368 :
3296 2330 3465 2370 unum
3515 2332 3613 2387 pcr

2021 2402 2200 2459 forum
2240 2402 2428 2464 traxit,
2477 2401 2857 2472 lapidibusque
2913 2415 2970 2458 et
3013 2404 3175 2476 lignis
3207 2408 3384 2479 obviis
3421 2410 3611 2464 tandiu

2021 2494 2290 2564 impetivit
2334 2509 2400 2550 ac
2451 2494 2720 2561 contudit,
2762 2496 2935 2550 donec
2994 2497 3252 2557 animam,
3282 2502 3608 2571 exspiraret,

2021 2585 2176 2641 Tunc
2207 2588 2393 2656 itaque
2428 2586 2499 2642 ob
2529 2584 2774 2642 occisum
2817 2585 3182 2660 PalanIOgum
3218 2591 3365 2646 haud
3407 2593 3613 2650 irasce-

2020 2676 2198 2742 batur,
2231 2676 2330 2732 sed
2371 2675 2543 2732 libere
2574 2683 2630 2732 et
2675 2678 2854 2746 palam
2883 2689 3105 2748 propter
3140 2680 3426 2739 submotos
3457 2682 3616 2739 Zelo-

2023 2780 2106 2826 tas
2159 2768 2370 2824 laetitiis
2419 2768 2723 2824 incedebat.
2754 2769 3116 2839 Apocauchus
3161 2773 3309 2828 solus
3334 2774 3446 2845 jam
3480 2791 3615 2847 pra:-

2020 2860 2219 2924 fcctus,
2261 2860 2455 2914 amicis
2502 2858 2852 2929 imperatoris
2886 2877 2997 2917 non
3036 2878 3258 2934 parvam
3300 2867 3611 2925 libertatem

2020 2951 2393 3022 impertiebat,
2450 2951 2678 3023 ipseque
2735 2954 3056 3011 earumdem
3107 2971 3167 3012 se
3218 2959 3459 3028 partium
3491 2976 3615 3018 esse

342 3059 452 3117 τοῖς
485 3052 898 3124 προστυχοῦσιν,
931 3053 1038 3115 ἕως
1081 3053 1394 3107 ἀπέπνευσε
1446 3052 1765 3124 συρόμενος,
1820 3056 1915 3110 καὶ

2025 3059 2128 3099 non
2166 3042 2573 3107 dissimulabat,
2597 3052 2653 3097 et
2704 3043 2919 3102 Zelotas
2969 3046 3298 3120 insigniores
3324 3052 3393 3106 ad
3433 3051 3615 3108 Plata-

341 3148 462 3199 τότε
489 3146 607 3199 ούδέ
647 3146 997 3216 ὴγαιάκτησε
1036 3146 1125 3201 διὰ
1154 3148 1245 3199 τὸν
1289 3146 1662 3212 Παλαιολόγου
1701 3147 1865 3217 φόνον
1898 3166 1909 3179 ·

2025 3149 2240 3190 monem
2284 3143 2448 3205 atque
2479 3132 2547 3190 ad
2602 3133 2707 3189 alia
2759 3137 3013 3206 oppidula
3055 3139 3197 3209 juris
3236 3142 3323 3197 sui
3364 3144 3613 3211 mittens,

342 3238 479 3292 ἀλλά
526 3238 682 3304 δῆλος
717 3234 785 3309 ἦν
848 3237 1105 3308 ἡδόμενος
1170 3239 1264 3290 ἐπὶ
1308 3237 1387 3307 τῷ
1437 3237 1917 3302 ἀποσκευάζεσθαι

2025 3228 2075 3281 in
2109 3241 2385 3282 carcerem
2431 3227 2708 3291 tradebat,
2756 3229 3021 3298 reliquam
3059 3231 3347 3289 colluviem
3379 3251 3445 3291 ex
3478 3237 3615 3292 urbe

341 3331 465 3392 τοὺς
520 3329 799 3397 Ζηλωτάς.
853 3329 1192 3398 Ἀπόκαυχος
1227 3329 1281 3381 δὲ
1307 3330 1410 3404 ἤδη
1442 3331 1626 3383 πᾶσαν
1653 3330 1794 3399 ἔχων
1819 3332 1919 3399 τὴν

2025 3315 2446 3371 cxterminabat.
2507 3315 2713 3372 Deinde
2766 3334 2896 3373 vero
2947 3320 3064 3375 sive
3125 3332 3336 3391 patrem
3394 3326 3614 3392 timens,

343 3421 518 3492 ἀρχὴν
550 3421 736 3483 αὐτὸς.
793 3421 1103 3491 παρρησίας
1137 3437 1197 3473 τε
1253 3421 1555 3490 μετέδωκεν
1583 3422 1644 3473 οὐ
1678 3423 1777 3491 τῆς
1811 3439 1909 3478 τυ.

342 3515 539 3582 χούσης
572 3514 683 3575 τοῖς
715 3513 784 3565 τὰ
816 3512 1080 3581 βασιλέως
1109 3513 1453 3583 πράττουσι,
1503 3513 1597 3566 καὶ
1642 3514 1808 3578 αὐτὸς
1849 3512 1920 3588 ἦν

345 3603 574 3673 φανερὸς
605 3602 674 3655 τὰ
719 3604 932 3656 ἐκείνου
987 3604 1284 3673 ᾑρημένος,
1335 3602 1570 3656 καὶτῶν
1621 3606 1915 3675 Ζηλωτῶν,

344 3697 456 3747 ὅσοι
488 3695 588 3763 μὲν
616 3698 672 3746 ἐν
697 3693 841 3763 λόγῳ
865 3689 1027 3764 ἦσαν,
1063 3694 1419 3747 κατέκλεισεν
1449 3696 1508 3747 ἐν
1551 3695 1920 3769 δεσμωτηρίῳ

347 3787 479 3855 πρὸς
521 3786 865 3854 Πλαταμῶνα
916 3784 1164 3853 πέμψας,
1198 3785 1292 3839 καὶ
1325 3787 1423 3849 τὰς
1456 3786 1628 3850 ἄλλας
1663 3790 1921 3859 πολίχνας

344 3880 467 3931 ὅσαι
499 3879 590 3931 ὑπ’
613 3878 762 3947 αὐτῷ
787 3877 1024 3932 ἐτέλουν.
1048 3878 1151 3932 Τὸν
1183 3878 1240 3931 δὲ
1272 3879 1449 3933 ἄλλων
1480 3881 1748 3950 συρφετὸν
1801 3882 1924 3949 ἐξή-

344 3971 475 4022 λασε
500 3970 599 4039 τῆς
626 3968 832 4032 πόλεως
860 3985 874 4000 ·
908 3970 1118 4031 ἐκεῖνος
1147 3968 1255 4022 εἴτε
1274 3970 1367 4022 τὸν
1399 3972 1619 4039 πατέρα
1644 3970 1919 4037 δεδοικὼς,

347 4065 460 4116 εἴτε
501 4065 612 4125 τοῖς
643 4062 895 4115 συνοῦσιν
965 4063 1238 4126 ἀπισττῖν,
1280 4064 1420 4132 πρὸς
1472 4063 1569 4133 τὴν
1627 4064 1923 4133 ἀκρόπολιν

347 4155 519 4207 ἐλθὼν
547 4154 700 4222 διῆγε
730 4168 744 4181 ·
776 4153 871 4206 καὶ
911 4152 1364 4206 Θεσσαλονικέων
1396 4155 1512 4207 ὅσοι
1556 4155 1623 4207 τὰ
1660 4153 1922 4224 βασιλέως

349 4246 584 4316 ἐξπρχῆς
614 4244 869 4316 ᾑροῦντο,
903 4244 1089 4298 οὐκέτι
1120 4245 1540 4312 ὐπεστέλλοντο,
1594 4244 1730 4298 ἀλλὰ
1784 4245 1922 4313 μετὰ

349 4337 659 4407 παρρησίας
694 4336 994 4405 προσίεσαν
1027 4336 1248 4406 ἐκείνῳ,
1287 4337 1384 4389 καὶ
1427 4335 1593 4389 αὑτοῦ
1626 4339 1924 4389 ὑποποιού-

352 4429 513 4495 μένου
557 4428 790 4495 μάλιστα
827 4430 923 4481 καὶ
957 4429 1498 4496 παρασκευάζοντος,
1530 4429 1596 4499 ἢν
1623 4428 1737 4498 ἔχει
1796 4430 1924 4498 περὶ

2028 3405 2144 3460 sive
2177 3404 2430 3462 diﬂidens
2479 3407 2614 3470 suis.
2651 3409 2763 3463 arci
2817 3424 2877 3465 se
2916 3411 3129 3468 credit:
3172 3424 3228 3468 et
3263 3415 3616 3473 Thessaloni-

2033 3514 2248 3563 censes,
2281 3510 2552 3570 quotquOt
2585 3502 2656 3557 ab
2687 3502 2845 3558 initio
2870 3505 2940 3559 ab
2972 3506 3304 3576 imperatore
3330 3509 3612 3568 faciebant

2029 3588 2166 3642 nihil
2204 3589 2314 3660 jam
2358 3590 2800 3657 reformidantes,
2848 3586 3043 3650 secure
3074 3611 3134 3651 se
3164 3596 3240 3651 illi
3263 3598 3564 3672 jungebant
3597 3620 3611 3657 :

2027 3684 2187 3752 cujus
2212 3690 2545 3740 auctoritate
2571 3693 2628 3739 et
2657 3700 2846 3756 Opera,
2871 3689 3000 3758 quid
3027 3693 3256 3761 quisque
3287 3693 3354 3749 de
3381 3694 3616 3767 impera-

2030 3785 2147 3830 tore
2177 3775 2428 3842 sentiret,
2463 3777 2681 3846 publice
2732 3781 3079 3837 ostendebat.
3101 3782 3236 3837 Cum
3280 3785 3394 3854 jam
3424 3801 3616 3845 Omnes

2025 3869 2304 3938 explorate
2335 3880 2542 3934 nosset,
2576 3883 2805 3941 repente
2854 3883 3117 3941 mutatus,
3150 3875 3351 3931 divites
3401 3879 3617 3948 obiecto

2024 3960 2521 4017 Cantacuzenismo
2571 3964 2859 4032 pecuniam
2896 3965 3095 4035 poscit.
3121 3965 3225 4031 Qui
3259 3983 3381 4022 cum
3413 3986 3615 4041 negare

2025 4066 2135 4105 non
2197 4053 2446 4121 pussent,
2501 4055 2645 4121 quod
2685 4056 2965 4125 semetipsi
3023 4058 3396 4125 prodiderant.
3435 4079 3544 4131 quo
3583 4082 3613 4116 ιι

1994 4203 1999 4207 _
2026 4144 2185 4213 culpa
2223 4143 2664 4212 absolverentur,
2698 4149 2923 4203 multam
2953 4149 3232 4206 definitam
3258 4153 3564 4223 pendebant
3597 4175 3611 4212 :

2026 4236 2374 4291 tenuioribus
2411 4237 2674 4293 molestus
2703 4255 2813 4296 non
2849 4253 2987 4298 erat.
3019 4243 3087 4298 Et
3123 4259 3248 4300 cum
3280 4255 3615 4304 tantummo-

2029 4328 2100 4383 do
2157 4329 2392 4397 priorem
2456 4329 2524 4384 de
2575 4329 2908 4400 imperatore
2961 4339 3293 4394 sententiam
3372 4352 3614 4397 mutasse

2034 4421 2333 4485 videretur,
2366 4421 2419 4477 id
2466 4436 2626 4477 secus
2655 4434 2798 4479 erat.
2828 4424 3041 4481 Etenim
3083 4439 3292 4499 patrem
3337 4443 3611 4499 metuens,

351 4515 580 4584 βασιλέα
609 4516 836 4586 γνώμην
858 4516 1090 4580 ἕκαστος
1109 4516 1415 4584 ἐκβαίνειν.
1453 4517 1609 4570 Ἐπεὶ
1636 4518 1693 4571 δὲ
1712 4519 1918 4581 πάντας

2027 4528 2093 4567 ne
2123 4512 2216 4567 illo
2252 4513 2356 4568 sibi
2382 4524 2609 4584 propter
2639 4516 2855 4573 Zelotas
2880 4520 3117 4586 occisos,
3143 4532 3194 4577 cl
3226 4539 3390 4591 quam
3421 4542 3615 4597 seque-

348 4607 467 4677 ᾔδει
500 4606 769 4676 ἀκριϐῶς,
815 4605 1139 4675 μεταϐαλὼν
1169 4606 1384 4678 ἀθρόον,
1419 4607 1779 4679 ἠργυρολόγει
1803 4608 1929 4670 τοὺς

350 4696 665 4759 πλουσίους,
699 4696 1269 4767 Καντακουζηνισμδν
1292 4698 1591 4753 ἐπικαλῶν.
1615 4699 1679 4752 Οἱ
1706 4698 1785 4761 δὲ,
1810 4698 1931 4751 ἐπεὶ

351 4788 606 4842 ἀδύνατοι
632 4783 772 4860 ἦσαν
810 4786 1182 4858 ἐξαρνεῖσθαι,
1248 4788 1406 4841 αὐτοὶ
1432 4788 1541 4858 γὰρ
1588 4788 1925 4859 ἐξηλέγχθηο

352 4897 453 4934 σαν
490 4879 579 4948 ὑφ’
607 4879 836 4946 ἑαυτῶν,
879 4880 1043 4951 ῥητὸν
1074 4878 1341 4951 ἀργύριον
1379 4880 1683 4933 κατέϐαλον
1709 4882 1803 4932 ἐπὶ
1850 4880 1931 4949 τῷ

2035 4611 2186 4656 retur
2238 4603 2587 4673 imperatoris
2640 4605 2932 4662 factionem
2996 4611 3156 4676 irato,
3192 4613 3327 4668 urbe
3374 4630 3473 4685 per
3511 4616 3614 4670 ali-

2031 4706 2195 4761 quem
2260 4693 2594 4751 submissum
2658 4698 2988 4767 pelleretur,
3042 4711 3136 4756 aut
3179 4704 3356 4758 dirum
3409 4707 3613 4777 aliquid

2031 4795 2330 4857 pateretur,
2355 4788 2520 4859 675
2570 4805 2786 4844 rursum
2847 4806 2908 4845 se
2951 4792 3280 4862 imperatrici
3335 4795 3612 4849 addictum

2034 4880 2287 4951 tingebat,
2328 4891 2378 4934 ut
2414 4882 2605 4935 eodem
2643 4883 2862 4967 negotio
2881 4895 2933 4937 ct
2961 4887 3248 4953 pecuniam
3285 4897 3396 4941 tum
3430 4892 3615 4956 acqui-

1620 5041 1839 5102 Jacobi
1875 5040 2147 5102 Pontani
2182 5049 2372 5103 notae.

424 5189 535 5254 (60)
600 5186 849 5240 Forsitan
910 5191 1013 5243 tale
1068 5189 1206 5257 istnc
1281 5191 1538 5257 templum
1606 5189 1707 5242 fuit
1763 5188 1937 5242 Thcs-

352 5258 650 5320 salonicaz,
703 5258 862 5325 quale
914 5259 1085 5313 sancti
1136 5255 1416 5314 Micliacls
1465 5259 1515 5312 in
1570 5268 1750 5312 iuonte
1798 5257 1935 5312 Gar-

353 5344 528 5403 gano,
565 5328 709 5403 q‘uod
755 5335 811 5379 et
861 5329 1039 5403 ipsum
1093 5329 1508 5403 ἀχειροποίητον
1556 5328 1664 5382 dici
1703 5337 1931 5403 poterat,

351 5396 407 5454 ct
452 5399 623 5469 quod
655 5396 833 5469 locum
886 5399 1035 5452 illuni
1096 5396 1233 5453 non'
1264 5396 1547 5469 hominum
1599 5412 1687 5449 ars
1744 5407 1798 5451 et
1845 5399 1933 5451 ins

355 5465 583 5532 dunt—ria,
609 5465 703 5519 Sed
735 5465 845 5535 ipsa
882 5478 1071 5521 natura
1099 5470 1165 5523 ad
1194 5469 1376 5537 templi
1410 5468 1644 5538 speciem
1692 5482 1931 5520 commo-

354 5542 591 5607 dumque
627 5550 782 5588 u-utn
836 5548 1090 5607 aptasset.
1137 5538 1253 5604 Qua
1295 5541 1515 5592 notione
1562 5540 1922 5606 nympharum

354 5610 574 5673 domus,
609 5608 841 5673 vivoque
875 5609 1060 5662 sedilia
1092 5624 1223 5663 saxo
1256 5625 1269 5663 ι
1300 5607 1512 5662 ίΕηεὶά.
1545 5608 1823 5666 dicuntur.
1857 5609 1924 5663 Et

355 5689 506 5733 recte
531 5677 749 5746 quidem
780 5678 1190 5748 ἀχειροποίητα,
1219 5680 1344 5747 quia
1376 5695 1483 5742 non
1541 5692 1649 5742 :‘rs,
1680 5677 1772 5731 sed
1804 5678 1921 5746 ipsa

348 5750 547 5805 natura
579 5748 911 5802 etIOrmarat.
945 5748 1131 5802 Simile
1167 5751 1294 5818 quid
1331 5749 1633 5816 pet-suadeo
1685 5748 1815 5818 mihi
1851 5750 1919 5799 de

352 5819 444 5872 illo
488 5818 709 5887 templo,
749 5833 812 5870 ex
866 5820 984 5886 ipso
1032 5816 1293 5889 epitheto.
1341 5821 1481 5876 Non.
1505 5819 1648 5871 enim
1684 5816 1922 5870 arbitror

677 5915 949 5973 l’ATttOL.
995 5916 1105 5974 Gtt.
1147 5913 1350 5977 CLlll.

2040 5190 2365 5271 vocabulum
2395 5192 2822 5271 ἀχειροποίητον
2849 5210 2952 5249 noc
2982 5195 3143 5271 velle,
3175 5199 3320 5266 quod
3354 5214 3459 5252 non
3490 5214 3613 5267 pre-

2036 5259 2624 5337 cibus__episcoporuin
2650 5302 2663 5326 ,
2707 5259 3205 5337 'sedangelorum'
3236 5259 3611 5323 consecratum

2035 5337 2092 5381 et
2117 5329 2425 5402 dedicatum
2460 5342 2626 5398 esset,
2663 5332 2807 5402 quod
2835 5329 2974 5391 fama
3010 5336 3115 5391 fert
3140 5337 3208 5391 de
3246 5340 3446 5393 sziccllo
3487 5339 3611 5393 lle.-

2034 5413 2177 5466 parae
2226 5401 2594 5455 Ei:.sidlensi:
2633 5412 2756 5456 nam
2811 5404 2925 5461 lia-c
2953 5410 3104 5461 notio
3145 5409 3307 5461 nimis
3354 5410 3609 5468 violenta,

2030 5477 2148 5546 eta
2187 5472 2461 5546 communi
2500 5473 3077 5546 rationeabborrens
3126 5487 3290 5543 esset,
3338 5479 3442 5532 nisi
3492 5494 3616 5545 qius

2030 5538 2397 5605 philosomtari
2429 5543 2610 5604 vellet,
2637 5544 2704 5597 de
2736 5544 2945 5599 fortnali
2972 5562 3092 5601 esse
3139 5561 3193 5604 et
3220 5538 3611 5603 constitutione

2032 5609 2237 5694 templi.
2275 5608 2400 5663 llaec
2426 5612 2739 5694 conjectura
2781 5624 2862 5694 est
2907 5616 3098 5694 {acciti
3145 5622 3612 5694 Uretseriuquqm

2027 5676 2125 5799 tlillii
2158 5681 2330 5803 lect’o:
2364 5676 2774 5751 preponendam
2806 5686 2957 5742 duxi.
2990 5688 3117 5742 Milli
3149 5682 3369 5760 quidem
3396 5676 3610 5762 prbuit-

2050 5763 2078 5797 ll
2108 5764 2153 5801 15
2189 5764 2256 5801 ΥΠ
2281 5769 2307 5801 L‘
2339 5767 2419 5803 lll'.

2050 5763 2153 5801 tttts
2189 5763 2419 5804 \‘tttetttt'.
3634 5767 3637 5770 ⁴

3212 5929 3290 5992 ιιο
