4066 6298
403 320 536 386 1261

1540 334 2077 396 ΗΙδΤΟΡιΙΑΡιΗΜ
2119 335 2352 398 LIBER
2395 337 2512 398 I‘lI.

3504 343 3641 411 1962

396 441 603 511 τυχεῖν,
629 442 892 512 παρέχειν
922 441 1026 515 μὲν
1051 443 1257 501 ἐκεῖνον
1279 449 1379 503 ὅσα
1397 451 1608 520 νομίζοι
1629 453 1957 523 προσήκοντα

2077 459 2246 506 staret
2285 469 2405 523 quae
2437 453 2631 509 decere
2685 460 2735 509 et
2798 455 2910 510 ﬁeri
2943 471 3102 526 posse
3141 460 3512 530 existimaret;
3559 482 3640 531 se,

400 533 495 585 καὶ
525 533 752 587 δυνατά·
777 536 1027 605 στέργειν
1080 539 1140 593 δὲ
1190 539 1376 607 αὐτὸν,
1434 543 1530 597 καὶ
1589 543 1730 596 κατὰ
1765 541 1968 613 μηδένα

396 627 602 696 τρόπον
631 630 930 700 πειρᾶσθαι
955 633 1273 690 καταλύειν.
1315 639 1384 691 Ἀ
1409 638 1506 690 καὶ
1551 638 1968 703 Θεσσαλονικεῖς

396 718 621 786 εἰδότες,
654 719 904 792 ἔπεμπον
933 724 1062 802 τοὺς
1096 727 1356 798 πρέσϐεις
1409 731 1547 800 πρὸς
1587 731 1817 796 ἐκεῖνον,
1877 734 1988 792 καὶ,

394 809 626 880 ¹ᾐτοῦντο
655 811 718 864 οὐ
768 813 933 883 μόνον
975 814 1231 870 ἀτέλειαν
1277 820 1430 888 κοινῇ
1483 822 1550 889 τῇ
1599 820 1773 889 πόλει,
1831 822 1970 876 ἀλλὰ

396 900 492 951 καὶ
518 902 914 974 πριμμικηρίῳ
961 917 1019 956 τε
1053 905 1131 975 τῷ
1181 907 1425 979 μεγάλῳ,
1475 909 1567 963 καὶ
1623 912 1736 974 τοῖς
1789 909 1969 974 ἄλλοις

394 986 505 1041 τῶν
543 988 934 1061 δυνατωτέρων
992 994 1101 1066 ἰδίᾳ
1154 996 1322 1066 τιμὰς
1380 999 1475 1052 καὶ
1523 1000 1821 1069 προσόδους
1870 1003 1969 1066 τὰς

398 1081 806 1154 προσηκούσας,
835 1085 931 1138 καὶ
951 1087 1018 1156 τῇ
1043 1089 1293 1159 στρατιᾷ,
1331 1091 1427 1143 καὶ
1452 1091 1566 1154 τοῖς
1609 1091 1792 1158 ἄλλοις
1849 1094 1968 1163 μετ’

394 1172 639 1237 ἐκείνους
671 1175 891 1246 ἑκάστῳ
927 1183 1068 1233 κατὰ
1098 1177 1196 1251 τὴν
1238 1182 1548 1252 ἀναλογίαν.
1601 1185 1661 1238 Ὀ
1682 1187 1778 1239 τοῦ
1809 1185 1968 1255 βασι-

393 1261 528 1325 λέως
557 1265 613 1316 δε
662 1265 774 1328 υίὸς
837 1267 1051 1323 δίκαιον
1105 1270 1335 1341 νομίσας
1393 1272 1566 1343 μηδὲν
1616 1277 1968 1346 μικρολογεῖν

395 1355 732 1425 τηλικαύτην
761 1373 826 1426 γε
849 1361 1006 1416 πόλιν
1034 1362 1244 1432 μέλλων
1268 1365 1567 1436 προσάγειν
1589 1369 1758 1437 πατρὶ
1771 1367 1848 1439 τῷ
1876 1368 1970 1440 βα-

393 1444 552 1508 σιλεῖ,
587 1447 769 1500 πάντα
802 1449 903 1502 ὅσα
956 1452 1184 1521 ῂτοῦντο
1238 1457 1536 1528 παρείχετο
1594 1458 1645 1512 οί
1684 1460 1967 1531 πρέσϐεις,

389 1534 484 1586 καὶ
515 1534 718 1604 πολλὴν
767 1539 872 1608 τὴν
925 1542 1247 1615 φιλοτιμίαν
1313 1549 1445 1618 περὶ
1489 1548 1592 1612 τὰς
1646 1551 1968 1620 εὐεργεσίας

393 1623 776 1684 ἐπεδείκνυτο.
819 1631 972 1686 Ἐπεὶ
999 1633 1056 1687 δὲ
1089 1636 1172 1700 είς
1210 1637 1610 1711 Θεσσαλονίκην
1638 1642 1689 1694 oi
1709 1642 1967 1711 πρέσϐεις

389 1717 687 1789 ἐπανῆκον,
743 1723 1010 1792 φέροντες
1036 1727 1132 1781 καὶ
1176 1728 1274 1792 τὰς
1318 1729 1582 1798 βασιλέως
1624 1733 1965 1803 εὐεργεσίας,

391 1808 605 1877 ἡπόλις
639 1811 738 1880 μὲν
775 1789 880 1883 ἤδη
927 1817 1076 1869 πᾶσα
1125 1789 1378 1888 φανερως
1436 1789 1678 1894 εὑφὴμει
1716 1789 1965 1894 βασιλέα,
2000 1789 2044 1844 Β

389 1900 484 1951 καὶ
509 1900 598 1954 διὰ
639 1903 827 1973 πάσης
858 1905 1114 1978 γλώσσης
1136 1908 1314 1979 ᾔδετο,
1371 1913 1466 1966 καί⁷
1493 1915 1526 1983 ἡ
1568 1917 1824 1985 στρατιά,
1871 1921 1969 1972 καὶ

387 1991 436 2040 oi
459 1992 608 2044 ἄλλοι
635 1995 834 2059 πάντες
857 1990 1012 2062 ’παῖς
1071 1999 1384 2071 δεδομέναις
1442 2007 1632 2075 τιμαῖς
1669 2007 1963 2078 ἠρκοῦντο.

401 2079 651 2150 Ἀνδρέας
678 2083 737 2137 δὲ
765 2086 792 2138 ὁ
823 2086 1182 2158 Παλαιολόγος
1201 2091 1584 2164 ἐδυσχέραινεν
1623 2095 1802 2152 ἄλλων
1830 2116 1967 2171 προ-

385 2177 735 2243 τιμωμένων,
765 2171 840 2232 ὧν
872 2177 1010 2249 ᾤετο
1035 2182 1197 2245 αὐτὸς
1234 2183 1446 2249 δίκαιος
1479 2183 1620 2243 εἷναι
1653 2190 1964 2263 ὑπερέχειν,

394 2272 489 2321 καὶ
511 2271 734 2324 ἀντεῖπε
779 2275 1030 2346 φανερῶς
1083 2276 1305 2334 πάντων
1357 2281 1740 2354 ἡθροισμένων
1786 2288 1846 2341 ὲν
1897 2293 1964 2361 τῇ

388 2357 446 2410 Ἀ
457 2361 736 2432 ποκαύχου
768 2365 938 2436 οἰκίᾳο
966 2369 1062 2420 καὶ
1086 2369 1435 2440 διχοστασίας
1460 2377 1784 2448 γενομένης,
1799 2357 1965 2436 ἀσυνί

381 2451 596 2516 τάκτως
633 2456 924 2526 ἀνεχώρει.
970 2458 1200 2515 Ἐκεῖνοι
1233 2463 1292 2517 δὲ
1335 2454 1786 2538 ὑπολειφθέντες,
1843 2473 1964 2526 ἐθο-

385 2543 587 2612 ρύϐουν
618 2545 780 2614 μόνον
810 2549 1034 2604 καὶτῶν
1059 2543 1290 2608 δεόντων
1320 2556 1478 2610 οὐδὲν
1510 2558 1755 2623 ἐποίουν·
1779 2563 1966 2628 δείσας

381 2634 439 2687 δὲ
493 2635 524 2688 ό
559 2636 931 2708 Παλαιολόγος
999 2643 1074 2712 μὴ
1134 2644 1230 2698 ὑπ’
1261 2647 1489 2705 ἐκείνων
1546 2649 1965 2724 διαφερομένων

386 2731 796 2800 παραπόληται,
859 2734 1062 2788 αὐτίκα
1113 2737 1212 2808 τὴν
1258 2740 1395 2809 πρὸς
1457 2742 1732 2799 θάλασσαν
1789 2747 1966 2818 πύλην

380 2819 573 2892 ὥσπερ
602 2824 726 2876 τινὰ
777 2825 1161 2896 κατελάμϐανε
1207 2831 1405 2902 φυλήν·
1458 2836 1588 2905 περὶ
1642 2836 1711 2908 ἡν
1755 2838 1964 2892 οἰκοῦσι

391 2914 502 2966 πᾶν
525 2914 586 2965 τὸ
617 2916 892 2983 ναυτικὸν,
919 2917 970 2970 οι
1004 2919 1252 2974 πλείστοί
1280 2939 1340 2976 τε
1369 2924 1521 2989 ὄντες
1557 2927 1650 2980 καὶ
1702 2931 1838 3000 πρὸς
1867 2931 1962 2998 φόο

385 3022 511 3069 νους
553 3008 796 3078 εὐχερεῖς
833 3009 1051 3075 ’ἄλλως
1099 3029 1160 3066 τε
1221 3018 1316 3068 καὶ
1375 3016 1708 3089 ὠπλισμένοι
1762 3023 1964 3086 πάντες

2072 557 2193 612 quas
2222 543 2448 612 egisset,
2486 543 2636 598 ﬁrma
2682 553 2738 599 et
2783 557 2898 600 rata
2941 547 2996 600 in
3049 559 3373 617 perpetuum
3419 553 3641 609 habitu-

2073 648 2216 687 rum.
2247 633 2404 700 Quod
2439 651 2562 690 eum
2607 635 3130 696 Tltessaloniceuses
3159 641 3384 696 minime
3413 643 3641 714 fugeret,

2077 738 2176 793 per
2203 734 2456 780 oratores
2500 741 2610 782 non
2642 727 2815 782 solum
2842 731 3191 800 vectigalium
3240 731 3641 790 immunitatem

2077 815 2198 868 urbi
2231 815 2284 868 in
2318 831 2632 886 commune,
2665 835 2852 875 verum
2887 830 2944 876 et
2987 837 3188 892 magno
3218 823 3535 892 primicerio
3587 839 3642 880 et.

2072 905 2191 960 aliis
2224 909 2628 975 potentioribus
2684 912 2982 982 separatim
3034 914 3274 970 honores
3327 917 3643 988 reditusque

2076 997 2356 1064 honestos,
2383 1001 2744 1073 similiterque
2775 1005 3030 1074 praesidio
3074 1017 3128 1061 et
3175 1007 3313 1074 aliis,
3349 1011 3644 1080 unicuique

2072 1103 2172 1158 pro
2208 1091 2484 1160 portione,
2516 1095 2802 1150 commoda
2848 1106 3066 1166 petunt.
3118 1099 3470 1170 imperatoris
3503 1104 3645 1158 ﬁlius

2072 1194 2181 1234 non
2221 1182 2323 1236 sibi
2373 1183 2747 1251 scrupulosius
2788 1188 3124 1244 causandum
3173 1200 3388 1260 putans,
3423 1202 3481 1246 ιιι
3527 1209 3644 1246 aut-

2073 1270 2376 1339 plissimam
2401 1273 2682 1330 civitatem
2712 1279 2857 1348 patri
2890 1279 3082 1335 liceret
3105 1285 3412 1352 acquirere.
3443 1300 3642 1341 conce-

2071 1362 2150 1416 dit
2199 1366 2406 1435 omnia,
2461 1381 2634 1437 seque
2669 1368 2790 1424 illis
2830 1370 3168 1441 gratiﬁcandi
3219 1374 3639 1444 cupidissimum

2072 1456 2333 1512 ostendit.
2370 1457 2590 1530 Legatis
2625 1459 3076 1519 Thessalonicam
3113 1467 3352 1522 reversis
3377 1483 3501 1523 cum
3543 1469 3642 1525 be-

2072 1545 2284 1603 neﬁciis
2340 1548 2673 1618 impetratis,
2729 1560 2842 1607 tota
2899 1555 3033 1610 urbs
3083 1557 3400 1628 imperatori
3455 1564 3642 1616 omnia

2073 1637 2246 1693 fausta
2315 1655 2378 1695 ac
2437 1640 2614 1697 felicia
2668 1645 3030 1714 comprecari,
3100 1663 3334 1720 eumque
3396 1653 3641 1707 omnium

2074 1729 2274 1801 linguis
2325 1731 2377 1784 in
2410 1737 2608 1788 ccelunt
2653 1734 2821 1800 ferre,
2881 1737 3192 1808 militesque
3237 1751 3293 1795 et
3327 1742 3418 1797 alii
3451 1759 3645 1798 omnes

2071 1823 2347 1877 concessis
2384 1822 2686 1880 honoribus
2712 1827 2956 1881 contenti
2999 1843 3142 1897 esse.
3189 1830 3350 1886 Solus
3398 1835 3644 1890 Andreas

2073 1909 2404 1982 Palmologtts
2435 1914 2571 1969 alios
2601 1915 2705 1970 sibi
2743 1918 3020 1987 praelatos,
3048 1921 3250 1989 quibus
3287 1923 3410 1990 jure
3445 1925 3646 1994 praete.

2077 2002 2282 2055 rendus
2338 2003 2551 2070 fuisset,
2603 2006 2830 2062 moleste
2866 2010 3196 2079 patiebatur,
3254 2015 3462 2084 totique
3507 2031 3644 2071 con-

2074 2091 2258 2145 vcntui
2289 2091 2344 2146 in
2368 2093 2577 2150 aedibus
2605 2097 2920 2164 Apocauclti
2948 2113 3006 2153 se
3033 2102 3366 2170 opponebat,
3389 2107 3644 2176 natisque

2067 2181 2381 2251 discordiis,
2421 2185 2620 2242 indicta
2669 2188 2847 2244 salute
2879 2190 3228 2248 abscedebat.
3270 2193 3408 2250 Tum
3455 2189 3638 2253 ctéteri

2068 2274 2304 2331 fremere
2353 2287 2588 2343 tantum,
2619 2288 2675 2334 et
2724 2281 2859 2336 nihil
2907 2283 3053 2352 quod
3083 2285 3318 2342 ollicium
3357 2291 3640 2359 poscebat,

2070 2366 2269 2422 facere.
2305 2365 2528 2424 Timens
2560 2380 2742 2426 autent
2774 2370 3132 2447 Palteologus,
3163 2393 3228 2432 ne
3263 2378 3480 2435 illorum
3511 2398 3541 2437 a
3581 2401 3641 2440 se

2067 2457 2436 2529 discrepantia
2483 2462 2680 2516 malam
2735 2463 2837 2520 sibi
2882 2475 3116 2522 mortem
3159 2463 3404 2537 σπου-εί,
3454 2477 3640 2530 statim

2069 2558 2280 2616 portam
2310 2566 2502 2606 versus
2535 2569 2710 2618 mare,
2752 2563 2812 2609 ut
2845 2556 3083 2626 aliquant
3133 2563 3438 2618 custodiam
3471 2581 3642 2620 occu-

2071 2641 2266 2708 pavit:
2302 2640 2511 2697 circum
2581 2660 2743 2714 (piam
2801 2647 3050 2705 habitant
3091 2667 3299 2708 .omnes
3349 2655 3638 2724 classiarii,

2067 2745 2303 2800 quorum
2342 2747 2536 2806 magna
2573 2747 2656 2789 est
2717 2745 2773 2791 et
2815 2738 2882 2793 ad
2916 2741 3306 2800 trucidationes
3357 2747 3642 2806 obeundas

2067 2821 2212 2877 haud
2253 2822 2482 2896 impigra
2525 2827 2837 2885 multitudo.
2871 2833 3072 2889 Adhaec
3115 2838 3300 2905 gravis
3343 2852 3639 2898 armaturae

2065 2927 2279 2980 omnes,
2331 2925 2586 2988 tanquam
2636 2921 2804 2976 robur
2853 2925 3088 2994 populi:
3123 2928 3288 2999 677
3324 2932 3413 2986 cui
3464 2934 3640 2992 ferme

2065 3001 2124 3057 in
2153 3006 2368 3060 cunctis
2388 3008 2755 3066 seditionibus
2781 3021 3047 3082 praeeunt,
3076 3014 3335 3072 alacriter
3358 3025 3637 3090 sequenti,

389 3097 583 3169 ὥσπερ
612 3099 672 3152 τὸ
695 3101 989 3170 κράτιστόν
1018 3104 1126 3157 sic:
1156 3105 1249 3180 τού
1289 3106 1488 3177 δήμουο
1533 3111 1629 3163 καὶ
1665 3112 1851 3183 σχεδὸν
1900 3115 1957 3169 ἐν

2068 3108 2179 3164 quo
2226 3095 2331 3166 ipsi
2385 3097 2664 3154 duxerint.
2716 3102 2931 3157 Habent
2969 3120 3112 3176 vero
3150 3122 3312 3164 suum
3352 3115 3635 3182 proprium

382 3195 505 3253 ταῖς
538 3193 763 3246 στάσεσι
822 3193 1025 3258 πάσαις
1079 3195 1238 3249 αὐτοὶ
1301 3199 1396 3251 τοῦ
1456 3201 1658 3265 παντὸς
1715 3203 1958 3273 πλήθους

381 3282 707 3350 ἐξηγοῦνται
737 3285 1036 3355 προθύμως
1072 3287 1368 3356 ἑπομένου,
1463 3291 1529 3345 ἂν
1549 3293 1758 3361 ἄγωσιν
1779 3295 1952 3350 αὐτοί.

385 3378 611 3446 Ἔχουσι
659 3377 718 3430 δὲ
758 3378 856 3432 καὶ
887 3379 1204 3443 ἰδιάζουσαν
1229 3383 1408 3454 ἀρχὴν
1459 3384 1616 3438 αὐτοὶ
1669 3387 1823 3457 παρὰ
1857 3387 1956 3454 τὴν

375 3470 478 3540 τῆς
506 3469 674 3539 ἄλλης
699 3471 932 3538 πόλεως,
954 3465 1028 3526 ὧν
1061 3474 1269 3538 ἐκεῖνος
1301 3474 1420 3528 τότε
1446 3472 1605 3552 ἦρχε.
1632 3479 1734 3532 Διά
1783 3496 1843 3532 τε
1860 3476 1956 3534 οὖν

375 3562 440 3616 τὸ
463 3562 674 3632 ἄρχειν,
702 3563 797 3616 καὶ
826 3563 926 3632 τὴν
979 3565 1150 3636 ἀλλην
1207 3564 1443 3630 εὔνοιαν,
1505 3569 1574 3639 ἡν
1631 3565 1778 3640 εἶχον
1818 3572 1955 3642 πρὸς

374 3654 568 3718 αὐτὸν,
627 3654 928 3724 προθύμως
976 3656 1116 3728 ὑπὲρ
1182 3659 1394 3711 ἐκείνου
1463 3659 1837 3730 ἀνελάμϐανον
1885 3666 1954 3718 τὰ

373 3744 540 3808 ὅπλα,
591 3746 688 3797 καὶ
731 3746 998 3800 ἀνύεσθαι
1022 3744 1165 3818 ἦσαν
1199 3749 1412 3819 ἕτοιμοι
1453 3752 1618 3805 παντί
1660 3770 1740 3820 τῳ
1773 3756 1954 3810 ἐπιόν-

378 3854 459 3890 τι.
495 3837 770 3901 Κωκαλὰς
819 3839 876 3891 δὲ
914 3839 1023 3893 οὐδ’
1071 3840 1232 3904 αὐτὸς
1290 3842 1388 3910 μὲν
1438 3845 1734 3914 ἡσυχάζειν
1762 3848 1953 3916 ἐγίνω-

376 3946 410 3980 σ
429 3945 509 3978 (εν
538 3931 596 3979 ὲν
622 3932 734 3991 τοῖς
765 3930 1054 3999 παροῦσιν,
1077 3933 1214 3988 ἀλλὰ
1250 3935 1380 4003 περὶ
1401 3936 1498 4005 τῆς
1535 3938 1708 4008 ἀρχῆς
1723 3940 1952 3994 ἐπεϐού-

371 4019 528 4069 λευεν
555 4015 902 4090 Ἀποκαύχῳο
941 4023 1140 4091 μᾶλλον
1166 4024 1275 4093 γὰρ
1307 4025 1485 4096 ἑαυτῷ
1512 4028 1544 4099 ἢ
1568 4030 1785 4108 ἐκείνῳ.
1810 4029 1949 4102 ᾤετο

372 4113 701 4179 προσήκειν,
751 4114 1003 4181 Ἐλέγετο
1035 4116 1092 4167 δὲ
1125 4117 1219 4170 καὶ
1273 4117 1701 4174 ὑπωπτευκέναι
1759 4125 1950 4196 ἡδικῆ-

371 4203 501 4254 σθαι
530 4205 661 4273 παρ’
696 4205 907 4257 ἐκείνου
950 4207 1085 4275 πρὸς
1139 4205 1232 4260 τὸν
1286 4211 1486 4278 γάμον,
1513 4212 1582 4264 δι’
1623 4215 1660 4266 ἃ
1697 4215 1949 4270 ἐϐούλετο

377 4296 429 4345 εἰ
459 4295 678 4348 δύναιτο
737 4297 1097 4369 διαφθείρειν.
1138 4301 1394 4372 Φανερῶς
1446 4304 1545 4371 μὲν
1593 4305 1686 4358 οὖν
1740 4310 1948 4373 ἐκεῖνος

371 4385 478 4435 οὐκ
509 4382 862 4440 ἀνθίστασθει
881 4389 1077 4451 ἐδόκει,
1099 4391 1236 4444 ἀλλὰ
1264 4392 1584 4460 πρεσϐεύων
1608 4399 1742 4468 παρ’
1759 4399 1949 4453 ἐκατέ-

2060 3187 2460 3259 magistratum,
2485 3191 2573 3246 cui
2622 3201 2754 3248 tunc
2796 3194 3127 3268 Palteologus
3175 3214 3430 3272 praeerat.
3463 3207 3634 3272 Quam

2060 3278 2132 3332 ob
2188 3291 2429 3344 causam,
2482 3289 2538 3335 et
2584 3283 2711 3352 quia
2761 3289 3054 3357 cateroqui
3107 3289 3256 3346 illum
3311 3295 3630 3367 diligebant,

2061 3369 2300 3438 prompti
2335 3385 2434 3440 pro
2466 3386 2532 3428 eo
2563 3388 2713 3430 arma
2749 3379 3129 3447 capessebant.
3160 3391 3217 3438 et
3241 3385 3468 3442 cuilibet
3497 3404 3634 3444 cou-

2062 3467 2143 3512 tra
2190 3473 2254 3516 se
2302 3458 2505 3516 ferenti
2560 3467 2814 3521 resistere
2856 3469 3032 3538 parati
3081 3478 3258 3529 erant.
3302 3477 3529 3535 Cocalas
3575 3481 3631 3536 in

2059 3552 2313 3620 prasenti
2347 3567 2450 3608 nec
2497 3555 2602 3611 sibi
2639 3557 2810 3613 otium
2845 3561 3136 3631 agendum,
3178 3568 3275 3622 sed
3331 3569 3400 3625 de
3441 3574 3633 3641 przel'e-

2057 3650 2210 3696 ctura
2258 3643 2606 3713 Apocaucbo,
2654 3662 2818 3716 quam
2873 3651 3000 3718 sibi,
3047 3669 3154 3709 uon
3199 3657 3278 3712 illi
3333 3665 3631 3722 convenire

2057 3734 2406 3804 opinabatur,
2465 3739 2834 3798 insidiandum
2890 3745 3064 3802 duxit.
3113 3749 3403 3810 Dicebatur
3463 3761 3628 3816 etiam

2057 3827 2395 3898 suspicatum
2429 3845 2573 3896 esse,
2605 3833 2712 3887 sibi
2757 3835 2826 3889 ab
2864 3851 2932 3892 eo
2962 3836 3160 3895 factam
3209 3843 3466 3914 injuriam
3498 3867 3629 3922 pro-

2057 3927 2178 3986 pter
2210 3925 2448 3989 nuptias.
2500 3923 2866 3987 Quamobrem
2900 3931 3156 3987 occidere
3209 3935 3488 3995 hominem
3537 3959 3630 3999 cu-

2055 4008 2257 4079 piebat,
2288 4011 2331 4064 si
2376 4021 2580 4080 posset.
2616 4013 2977 4084 Apocaucltus
3024 4021 3192 4093 igitur
3232 4039 3424 4097 aperto
3457 4034 3627 4091 Marte

2056 4098 2417 4156 resistendum
2475 4101 2583 4158 non
2637 4106 3004 4177 existimans,
3073 4115 3142 4170 ad
3206 4127 3501 4190 utrumque
3560 4126 3628 4182 de

2054 4191 2452 4260 compositione
2501 4195 2790 4260 mittendo.
2831 4201 3038 4259 bellum
3094 4209 3265 4281 magis
3309 4211 3545 4272 irritavit
3575 4231 3629 4274 et

2053 4282 2320 4340 incendit.
2371 4283 2701 4361 Palarologus
2749 4292 2983 4364 Zelotas,
3029 4309 3294 4372 quotquot
3330 4305 3620 4363 Thessalu-

2053 4372 2192 4426 nicae
2239 4385 2415 4441 erattt,
2449 4380 2626 4450 coegit
2653 4398 2668 4434 :
2694 4385 2939 4440 nonnulli
2983 4389 3148 4445 etiam
3187 4393 3244 4448 in
3289 4396 3466 4466 adytis
3494 4404 3624 4454 ais.

372 4495 485 4546 ροις
517 4480 608 4529 ἐπὶ
637 4479 714 4547 τῷ
737 4480 997 4542 διαλύειν,
1039 4485 1242 4551 μᾶλλον
1273 4489 1568 4560 συνέκρουε
1618 4494 1712 4543 καὶ
1753 4492 1942 4562 παρῶ·

2060 4463 2278 4528 conditi,
2352 4479 2574 4535 repente
2633 4473 2993 4545 prodierunt,
3053 4495 3084 4535 a
3136 4451 3626 4560 quibus‘pupelus

369 4570 497 4634 ξυνε
527 4571 620 4621 τὸν
678 4571 934 4640 πόλεμον.
983 4574 1344 4646 Παλαιολόγος
1397 4581 1454 4633 δὲ
1481 4585 1605 4645 τοὺς
1659 4584 1941 4650 Ζηλωτὰς,

365 4664 488 4714 ὅσοι
521 4667 645 4734 περὶ
675 4664 917 4718 Θεσσαλο
953 4667 1077 4738 ίκην
1126 4665 1268 4741 ἦσαν
1299 4676 1650 4742 μετεκαλείτο
1676 4693 1689 4706 °
1729 4677 1862 4733 ἔνιοι
1885 4679 1944 4733 δὲ

376 4757 475 4807 καὶ
497 4761 1018 4826 κατακρυπτόμενοι
1043 4763 1101 4815 ἐν
1130 4763 1367 4831 ἀδύτοις,
1395 4767 1653 4837 ἐξαίφνης
1714 4771 1944 4839 ἀνεφαί-

368 4865 543 4912 νοντο,
587 4853 680 4902 καὶ
722 4851 944 4921 ὁδῆμος
1003 4853 1149 4917 ἆπας
1180 4855 1570 4926 ἑξεκυμαίνετο
1619 4861 1712 4915 ὑπ’
1741 4863 1942 4931 αὐτῶν,

367 4946 467 4994 καὶ
484 4945 634 5011 δῆλοι
662 4939 803 5013 ἦσαν
838 4945 996 5009 αὖθις
1028 4948 1370 5018 χωρήσοντες
1391 4951 1484 5002 ἐπὶ
1509 4955 1634 5017 τοὺς
1663 4956 1939 5025 άρέστους.

377 5033 440 5086 '0
483 5037 654 5104 μέγας
683 5036 740 5088 δὲ
791 5039 1195 5108 πριμμικήριος
1242 5042 1516 5109 μετὰτῶν
1555 5045 1734 5099 ἄλλων
1789 5048 1942 5101 πολι-

362 5123 477 5173 τῶν
507 5127 598 5175 καὶ
635 5125 733 5194 τῆς
772 5129 1033 5196 στρατιᾶς
1068 5129 1207 5200 ὑπὲρ
1260 5129 1618 5197 ὀκτακοσίους
1666 5135 1821 5200 ὄντες
1865 5139 1942 5201 ὡς

362 5215 610 5283 ἐλέγετο,
664 5216 812 5270 δεινὰ
881 5219 1187 5288 ἐποιοῦντο,
1245 5225 1296 5276 ει
1358 5225 1727 5294 Παλαιολόγου
1772 5229 1937 5298 μόνου

361 5309 509 5377 μετὰ
540 5309 650 5361 τῶν
675 5310 1138 5379 παραθαλασσίων
1172 5312 1221 5385 (ὁ
1247 5315 1356 5386 γὰρ
1382 5317 1542 5381 ἄλλος
1582 5318 1754 5389 δῆμος
1790 5322 1938 5376 οὐδέ.

361 5415 457 5451 πω
481 5401 784 5471 οὐδετέροις
817 5403 1074 5472 καθαρῶς
1099 5407 1474 5478 προσέκειτο),
1509 5411 1756 5466 τοσοῦτοι
1783 5413 1935 5478 ὄντες

359 5489 676 5557 ἡττηθεῖεν·
711 5494 862 5564 ὅμως
885 5494 1226 5565 Ἀπόκαυχος
1248 5499 1350 5552 οὐκ
1378 5501 1565 5571 ἡμέλει
1594 5503 1686 5555 τοῦ
1722 5505 1797 5574 μὴ
1830 5524 1937 5576 χω-

339 5585 481 5657 ρεῖν
509 5587 645 5654 πρὸς
683 5588 784 5648 τὰς
825 5590 1152 5658 συμϐάσεις,
1199 5592 1336 5646 ἀλλὰ
1379 5594 1516 5665 πρὸς
1554 5595 1646 5648 τὸν
1696 5599 1936 5654 Παλαιοο

351 5672 522 5738 λόγον
591 5675 808 5746 ἔπεμπε
860 5679 954 5732 τὸν
1007 5679 1375 5753 Κοτεανίτξην
1432 5685 1776 5758 πρεσϐευτὴν
1833 5692 1934 5761 τῆς

352 5768 625 5834 στρατιᾶς
659 5767 788 5822 ὅντα
813 5770 1076 5840 ἡγεμόνα,
1115 5773 1491 5846 διαλεξόμενον
1525 5780 1655 5851 περὶ
1680 5782 1928 5852 εἰρήνης.

2048 4551 2232 4607 ontnis
2265 4553 2440 4609 instar
2469 4555 2733 4616 [luctuum
2781 4575 2868 4619 est
2913 4573 3256 4642 concitatus;
3293 4587 3349 4631 et
3383 4551 3624 4650 appare-

2049 4645 2142 4700 bat
2169 4659 2266 4702 eos
2309 4663 2526 4705 rursum
2557 4653 2614 4706 in
2641 4656 2936 4725 optimates
2965 4662 3162 4720 ituros.
3205 4645 3435 4741 Magnus
3457 4645 3624 4744 porro

2048 4753 2397 4823 primicerius
2443 4768 2498 4815 et
2541 4762 2634 4816 alii
2687 4764 2856 4834 cives,
2893 4778 2948 4824 et
2997 4776 3312 4842 praesidium
3365 4781 3619 4853 (qu::rum

2046 4848 2291 4904 omnium
2340 4866 2603 4910 numerus
2648 4856 2716 4912 ad
2767 4860 3284 4930 octingentesimum
3330 4848 3622 4943 putabatur

2045 4941 2375 5012 ascendere)
2418 4959 2520 5014 pro
2573 4947 2799 5022 indigno
2844 4954 3140 5026 habebant,
3168 4963 3269 5018 sia
3318 4941 3620 5043 l’alwologo
3682 5003 3686 5009 -

2044 5029 2162 5084 solo
2190 5045 2317 5086 cum
2357 5036 2647 5094 maritimis
2691 5055 2791 5096 seu
2838 5045 3138 5105 classiariis
3174 5054 3430 5126 (populus
3469 5029 3617 5120 enim

2044 5117 2281 5173 nondum
2315 5121 2558 5181 alterutri
2589 5131 2733 5197 parti
2764 5131 2968 5202 liquido
2997 5117 3333 5216 καιιωι-ἒικίι)
3365 5147 3463 5218 ips.
3504 5117 3612 5208 uti;

2043 5209 2199 5265 multi
2245 5211 2616 5273 vincerentur.
2672 5222 2876 5280 Tamen
2927 5209 3613 5308 Apocauehus'pactorum

2041 5305 2186 5361 haud
2227 5307 2530 5379 negligens,
2581 5311 2920 5374 Theaniuen
2955 5323 3195 5390 praesidii
3236 5305 3430 5386 ducem
3463 5336 3612 5404 pacis

2039 5401 2395 5458 conﬁciendae
2434 5405 2703 5463 mittebat.
2737 5410 2910 5475 Quem
2950 5417 3264 5490 priusquam
3300 5401 3612 5487 orationem

2039 5508 2337 5578 inciperet,
2381 5509 2607 5578 Zelolaa,
2662 5516 2865 5583 quibus
2923 5536 3026 5589 pax
3077 5542 3265 5596 parum
3323 5531 3611 5591 videbatur

2037 5600 2365 5666 conducere,
2421 5602 2713 5669 irruentes,
2766 5609 2960 5678 gladiis
3015 5625 3070 5671 et
3117 5619 3289 5678 hastis
3325 5627 3608 5695 appetive-

2039 5703 2209 5758 runt,
2267 5695 2576 5765 ntultosque
2625 5698 2768 5756 ictus
2824 5703 3176 5765 incusserunt
3213 5730 3228 5768 :
3261 5726 3610 5785 prosternere

2037 5794 2239 5852 tamen,
2283 5787 2430 5842 intus
2463 5787 2684 5848 thorace
2715 5793 2895 5852 ferreo
2925 5801 3222 5873 munitum,
3272 5823 3378 5864 non
3413 5825 3616 5882 potuew
