4066 6298
374 424 506 491 1:265

1503 428 2051 494 IIISTORIARUM
2082 428 2311 491 LiBER
2344 427 2453 490 IlI.

3490 426 3625 491 1256

371 540 580 608 ἔφασαν
619 539 756 608 δεῖν,
792 539 910 594 ἀλλ’
950 540 1098 596 ἐνδον
1139 543 1389 611 εἰσιέναι,
1454 547 1551 599 καί
1632 545 1942 616 ἀμύνεσθαι

2079 545 2218 599 ociis
2247 544 2312 599 ad
2356 560 2500 608 eam,
2530 560 2635 615 qua
2677 560 2705 598 e
2738 544 3012 599 mamilius
3041 557 3294 621 egressus
3324 554 3405 598 est
3436 560 3626 599 acces-

373 632 677 697 ἀναϐάντας
720 632 830 688 ἀπὸ
858 633 966 686 τῶν
1008 634 1229 706 τειχῶν.
1298 638 1453 691 Ἐπεὶ
1504 638 1561 691 δὲ
1589 638 1737 692 ἔνδον
1780 635 1945 711 ἦσαν,

375 725 855 797 παρακαλούμενοι
884 721 1040 789 αὖθις
1069 727 1164 781 ἐπὶ
1211 727 1278 782 τά
1306 729 1463 799 τείχη
1504 728 1819 783 ἀναϐαίνειν
1859 732 1950 783 καὶ

371 816 702 886 ἀμύνεσθαι,
762 818 862 871 ούκ
937 817 1232 888 ἠθέλησαν,
1291 819 1368 890 μὴ
1397 820 1596 873 εἰδέναι
1647 820 1951 886 φάσκοντες

379 910 749 980 τειχομαχεῖν,
786 909 921 979 μηδὲ
972 911 1212 963 κτείνειν
1240 912 1367 976 τοὺς
1415 912 1671 975 οἰκείους,
1724 912 1756 982 ἢ
1802 910 1951 965 κτεί-

376 995 581 1060 νεσθαι,
631 997 881 1065 ἀνάγκης
965 997 1239 1066 μηδεμιᾶς
1294 997 1561 1073 ὑπούσης.
1615 1000 1954 1068 Ἀπόκαυχος

374 1087 427 1140 δὲ
471 1087 609 1156 μετά
633 1087 741 1140 τῶν
769 1088 944 1141 ἄλλων
981 1090 1104 1141 ἐπεὶ
1136 1090 1237 1160 τὴν
1287 1092 1578 1161 προδοσίαν
1634 1092 1952 1160 κατενόουν,

378 1179 469 1231 καὶ
537 1179 629 1230 τὸν
689 1178 941 1231 κίνδυνον
1005 1182 1406 1249 περιεστηκότα
1469 1183 1780 1254 συνεώρων,
1845 1183 1957 1254 ὥρ-

381 1285 546 1339 μηντο
575 1269 801 1339 φεύγειν
844 1271 950 1338 ἔξω
981 1273 1204 1344 τειχῶν·
1250 1274 1455 1344 συνέϐη
1489 1275 1544 1328 δὲ
1571 1277 1662 1329 τὸν
1709 1276 1778 1330 τά
1806 1277 1955 1329 κλεῖ-

336 1358 479 1428 ,θρα
528 1360 624 1429 τῆς
686 1360 864 1432 ἄκρας
934 1364 1275 1434 κατέχοντα,
1356 1367 1465 1419 τῶν
1526 1367 1789 1439 Ζηλωτῶν
1862 1370 1960 1423 ἕνα

378 1446 535 1506 εἶναι·
600 1451 659 1515 ὃς
717 1455 846 1506 ἐπεὶ
935 1454 1389 1525 διχοστατοῦντας
1466 1454 1577 1513 εἰδε
1626 1462 1722 1514 καλ¹
1772 1462 1963 1533 ὡρμηο

385 1543 582 1612 μένους
631 1544 883 1613 φεύγειν,
943 1548 1129 1611 συνεὶς
1159 1548 1223 1601 τὸ
1279 1550 1498 1619 μέλλον,
1568 1552 1962 1624 ἀπεκρύπτετο

379 1634 445 1686 τὰ
468 1635 696 1705 κλεῖθρα
727 1636 889 1708 ἔχων.
918 1638 1062 1693 Πολὺ
1095 1640 1154 1693 δὲ
1186 1641 1299 1694 τῶν
1331 1641 1517 1696 πυλῶν
1545 1644 1829 1715 ἑκατέρων
1860 1646 1964 1715 τῆς

381 1719 555 1790 ἄκρας
578 1722 839 1793 ἀλλήλων
861 1724 1176 1793 διεχουσῶν,
1196 1727 1536 1798 Ἀπόκαυχος
1559 1733 1660 1800 μὲν
1694 1734 1832 1802 μετά
1859 1734 1968 1786 τῶν

382 1812 561 1866 ἀλλων
602 1812 846 1885 ἐχώρουν
907 1816 1003 1869 ἐπὶ
1052 1816 1152 1885 τὴν
1213 1814 1518 1886 ἐξάγουσαν
1580 1822 1689 1876 τῶν
1743 1825 1964 1894 τειχῶν,

2053 636 2124 689 sit
2168 652 2182 689 :
2230 650 2391 704 quam
2450 650 2573 688 cum
2626 634 2865 689 clausam
2936 634 3284 695 invenirent,
3342 634 3629 688 diliindere

2060 732 2426 779 tcntaverunt.
2459 726 2531 778 At
2559 724 2795 794 populus
2824 723 2965 777 arcis
2995 722 3133 792 (erat
3158 718 3426 790 siquidem
3465 721 3639 774 instar

2060 818 2242 886 parvae
2290 816 2464 878 urbis.
2518 816 2880 886 propriosque
2912 810 3079 886 679
3120 810 3360 868 habebat
3414 813 3637 880 incolas)

2052 908 2239 978 {fugam
2279 922 2375 962 eos
2421 923 2730 978 capessere,
2773 917 2829 962 et
2872 922 2933 962 se
2978 906 3178 977 populo
3215 906 3427 960 urbano
3475 920 3639 974 quem

2061 999 2535 1068 superduxissent,
2569 1001 2724 1069 prodi
2755 1015 2864 1053 non
2906 1000 3141 1063 sinebat,
3176 998 3269 1053 sed
3303 1013 3643 1068 Oppugnan—

2064 1091 2209 1147 tibus
2236 1091 2388 1145 intus
2418 1106 2512 1146 eos
2546 1106 2729 1147 secum
2776 1092 3030 1146 resistere
3076 1091 3311 1145 volebat.
3359 1090 3483 1143 llmc
3512 1090 3640 1143 dmn

2065 1183 2216 1246 llum,
2277 1184 2509 1253 populus
2557 1185 2797 1239 urbanus
2843 1183 2975 1238 foris
3020 1184 3200 1253 ignem
3256 1192 3427 1254 porta:
3475 1182 3638 1248 arcis,

2065 1290 2256 1329 versus
2304 1276 2514 1340 urbem,
2550 1276 2987 1346 quandoquidem
3029 1280 3193 1330 nemo
3242 1274 3639 1346 propugnabat,

2065 1367 2335 1436 implicat.
2381 1367 2635 1439 Claviger
2689 1366 2996 1438 Strategius
3029 1368 3157 1437 (hoc
3209 1368 3356 1421 enim
3412 1366 3487 1420 illi
3543 1382 3641 1420 no—

2064 1446 2212 1531 men)
2245 1475 2540 1516 accurrens
2583 1461 2782 1531 aperit,
2818 1461 3052 1531 populus
3099 1475 3157 1514 se
3203 1459 3461 1523 infundit,
3491 1458 3645 1513 subi-

2067 1564 2230 1623 toque
2262 1554 2317 1607 in
2357 1554 2478 1622 ipso
2503 1555 2651 1607 aditu
2705 1555 2854 1607 cives
2899 1553 3036 1607 duos
3066 1551 3321 1615 trucidat,
3350 1551 3546 1606 deinde
3580 1550 3646 1604 ad

2061 1659 2211 1699 arma
2264 1659 2545 1713 equosque
2595 1642 2936 1713 diripiendos
2980 1642 3348 1697 convertitur.
3396 1644 3649 1710 Apocau-

2067 1738 2205 1793 chus
2242 1745 2298 1791 et
2327 1737 2460 1791 socii
2492 1745 2682 1806 captos
2729 1725 2797 1790 se'
2819 1735 3171 1805 aspicientes,
3215 1737 3473 1804 quoniam
3526 1733 3651 1805 fuga

2071 1814 2529 1891 excludebantur,
2588 1827 2656 1882 de
2719 1828 2877 1897 equis
2926 1824 3287 1892 descendunt,
3345 1826 3508 1882 armis
3558 1827 3651 1880 de-

395 1903 550 1994 Ἐπεὶ
577 1904 632 1958 δὲ
664 1900 732 1976 ἦν
773 1907 1163 1977 κεκλεισμένη,
1217 1910 1539 1981 ἐπεχείρουν
1568 1912 1904 1968 διακόπτειν·
1936 1918 1964 1970 ὁ

2078 1924 2267 1994 positis
2297 1939 2357 1979 se
2386 1923 2686 1991 occulunt;
2722 1923 2879 1993 pauci
2927 1932 3105 1977 tamen
3143 1923 3438 1985 latuerunt,
3464 1922 3652 1992 plures

382 1993 554 2062 δῆμος
571 1994 626 2046 δὲ
652 1996 680 2047 ό
707 1995 803 2064 τῆς
827 1995 1002 2066 ἄκρας
1027 1996 1202 2068 (πόλει
1223 1999 1334 2068 γάρ
1350 2017 1459 2054 τινι
1488 2001 1633 2066 ἔοικε
1657 2007 1849 2077 μικρᾷ.
1876 2008 1970 2059 καὶ

383 2087 670 2156 οἰκήτορας
708 2087 874 2150 ἰδίους
901 2087 1038 2165 ἔχει.)
1075 2088 1177 2141 οὐκ
1224 2090 1356 2144 εἴων
1384 2093 1793 2164 διαδιδράσκειν
1829 2100 1968 2150 ἐπα-

384 2176 660 2244 γαγόντας
706 2178 892 2242 αὐτοῖς
940 2180 1031 2231 τὸν
1071 2179 1268 2250 δῆμον,
1324 2182 1441 2235 ἀλλ’
1481 2184 1629 2238 ἔνδον
1683 2187 1966 2256 μένοντας,

385 2270 692 2339 ἀμύνεσθαι
718 2272 841 2335 τοὺς
866 2273 1123 2335 ἐπιόντας
1153 2275 1273 2343 μετ’
1302 2276 1503 2331 αὐτῶν.
1525 2279 1615 2331 Ἐν
1645 2273 1689 2347 ᾧ
1713 2280 1769 2332 δε
1800 2283 1973 2335 ταῦτα

387 2363 643 2429 ἐτελεῖτο,
667 2365 695 2416 ὁ
722 2363 894 2432 δῆμος
923 2363 1034 2434 πῦρ
1060 2364 1276 2421 ἐνίεσαν
1301 2370 1422 2430 ταῖς
1443 2369 1641 2433 πύλαις
1663 2373 1761 2442 τῆς
1794 2374 1969 2444 ἄκρας

382 2457 504 2519 ταῖς
521 2455 628 2526 πρὸ
639 2475 655 2518 ;
682 2458 750 2526 τῇ
781 2457 957 2519 πόλει,
975 2458 1098 2511 ἐπεὶ
1128 2460 1320 2529 μηδεὶς
1342 2460 1603 2531 ἠμύνετο.
1634 2456 1971 2536 Στραττῂγιος

387 2549 443 2600 δὲ
477 2549 587 2602 ora
621 2548 848 2619 κλεῖθρα
872 2549 1012 2619 ἔχων
1037 2566 1048 2579 ·
1089 2550 1233 2603 οὕτω
1265 2555 1373 2621 γὰρ
1400 2554 1712 2624 ώνόμαστο·
1754 2559 1921 2630 lit-0.1,
1945 2582 1972 2617 ν

390 2640 582 2707 ἐλθὼν,
619 2644 715 2695 καὶ
749 2643 776 2695 ό
818 2642 990 2713 δῆμος
1021 2643 1287 2713 εἰσεχεῖτο
1308 2661 1323 2676 ·
1354 2649 1448 2700 καλ¹
1476 2650 1674 2704 αὐτίκα
1703 2652 1804 2722 μὲν
1837 2655 1973 2721 πρὶς

389 2737 508 2797 ταῖς
540 2734 739 2798 πύλαις
781 2735 875 2790 δύο
915 2738 1023 2790 τῶν
1072 2737 1310 2794 πολιτῶν
1368 2741 1695 2812 ἀπέσφαξαν
1721 2763 1735 2778 ·
1778 2745 1973 2801 ἔπειτα

394 2826 533 2896 πρὶς
587 2827 845 2899 ἁρπαγὴν
898 2829 1204 2899 ἐτράποντο
1250 2833 1433 2887 ὃπλων
1491 2852 1549 2888 τε
1610 2839 1702 2889 καὶ
1764 2839 1969 2895 ἵππων.

403 2916 746 2988 Ἀπόκαυχος
782 2920 892 2990 γὰρ
923 2922 1018 2974 καὶ
1047 2922 1097 2974 οί
1128 2921 1302 2987 ἄλλοι,
1334 2925 1415 2977 ὅτι
1460 2926 1710 2980 ἑάλωσαν
1744 2927 1970 2996 ἰδόντες,

394 3009 517 3062 ἐπεὶ
559 3011 634 3077 μὴ
668 3010 892 3079 φεύγειν
917 3007 1008 3082 ἦν,
1062 3013 1172 3067 τῶν
1213 3014 1400 3069 ἵππων
1435 3018 1828 3084 ἀποϐαίνοντες
1877 3024 1974 3076 καὶ

396 3101 751 3172 ἀποδυόμενοι
786 3104 1042 3158 τάοόπλα
1080 3107 1528 3177 κατεκρύπτοντο
1551 3152 1566 3176 ,
1604 3110 1896 3167 ἐλάνθανον
1918 3113 1976 3166 δὲ

394 3193 593 3261 ὀλίγοι,
623 3195 748 3258 τοὺς
780 3195 1001 3259 πλείους
1035 3196 1092 3249 δὲ
1121 3197 1451 3262 ἀποδύοντες
1482 3202 1976 3276 κατέλειπονχυμ-

395 3285 541 3349 νούς.
570 3287 843 3351 Κωκαλᾶς
878 3288 937 3341 δὲ
1002 3291 1099 3341 καὶ
1148 3289 1512 3360 Παλαιολόγος
1567 3298 1979 3364 περιεποιοῦντο

394 3377 523 3438 τοὺς
558 3375 926 3448 στρατιώτας,
959 3380 1054 3432 καὶ
1086 3380 1343 3433 ἐκέλευον
1399 3382 1476 3452 μὴ
1521 3383 1814 3438 ἀποδύειν·
1856 3385 1975 3456 ἅμα

396 3466 453 3519 δὲ
483 3468 578 3521 καὶ
609 3469 735 3533 τοὺς
753 3469 957 3533 ἵππους
985 3458 1353 3542 εὑρίσκοντες,
1382 3472 1704 3544 παρείχοντο
1734 3477 1975 3548 ἑκάστῳ,

394 3556 753 3630 ἀμειϐόμενοι
782 3561 883 3630 τῆς
935 3561 1249 3633 προδοσίας,
1310 3563 1428 3633 ἅμα
1454 3563 1500 3617 δ’
1528 3565 1611 3617 ὅτι
1643 3568 1737 3621 καὶ
1782 3567 1979 3636 ὅρκους

374 3650 584 3716 ,αὐτοῖς
615 3652 885 3723 πρότερον
909 3656 1257 3724 παρείχοντο,
1285 3656 1362 3718 ὼς
1391 3656 1546 3709 οὐδὲν
1571 3659 1852 3712 πείσονται
1872 3659 1983 3725 δει-

399 3742 488 3798 νὸν
518 3742 584 3798 ἂν
613 3745 740 3807 τοὺς
791 3745 986 3809 ἄλλους
1038 3747 1386 3817 προδιδῶσιν.
1439 3747 1597 3802 Οὕτω
1649 3750 1749 3819 μὲν
1781 3751 1875 3805 οὖν
1917 3753 1980 3806 τὸ

400 3836 862 3907 Καντακουζηνοῦ
911 3836 1008 3891 τοῦ
1059 3837 1326 3908 βασιλέως
1359 3839 1528 3909 μέρος
1579 3842 1840 3912 προδοθὲν
1873 3843 1979 3897 ὑπὸ

398 3929 500 3996 τῆς
531 3929 815 3996 στρατιᾶς,
848 3930 1051 3998 ἡττᾶτο
1080 3930 1222 3985 κατά
1259 3932 1483 4002 κράτος.
1513 3933 1786 3997 Κωκαλᾶς
1801 3934 1858 3986 δὲ
1885 3934 1980 3989 καὶ

403 4020 766 4088 Παλαιολόγος
815 4020 906 4075 τδν
960 4021 1062 4092 μὲν
1091 4019 1263 4092 δῆμον
1314 4022 1605 4093 ἐξήλαυνον
1630 4022 1731 4093 τῆς
1765 4026 1943 4094 ἄκρας
1963 4042 1976 4055 ‘

400 4113 502 4185 ⁴ῐλδη
535 4116 644 4183 γὰρ
671 4118 973 4189 διήρπαζον
1019 4119 1110 4172 καὶ
1155 4119 1222 4172 τά
1248 4119 1356 4172 τῶν
1381 4119 1687 4188 ἐγχωρίων·
1724 4123 1880 4175 αὐτοὶ
1921 4122 1982 4177 δὲ

402 4210 821 4280 περιμείναντες
875 4211 1002 4283 ἄχρι
1051 4213 1268 4279 νυκτὸς,
1321 4213 1448 4276 τοὺς
1498 4215 1598 4281 μὲν
1634 4215 1974 4285 στρατιώτας

403 4300 612 4365 πάντας
654 4301 839 4355 οἴκαδε
898 4303 1251 4373 ἀπέπεμπον,
1306 4308 1400 4358 καί
1460 4322 1615 4367 τινας
1645 4305 1754 4358 τῶν
1808 4307 1980 4375 φίλων

403 4392 560 4446 αὐτοὶ
581 4393 856 4460 διέσωζον,
890 4395 1229 4466 Ἀπόκαοχον
1252 4396 1311 4450 δὲ
1344 4397 1442 4450 καὶ
1470 4397 1580 4451 τῶν
1604 4397 1842 4451 πολιτῶν
1869 4398 1982 4452 όλίυ

404 4501 487 4553 γῳ
549 4483 807 4550 ἐλάσσους
860 4487 1055 4541 ἑκατὸν
1099 4487 1459 4542 κατέκλεισαν
1508 4489 1567 4543 ὲν
1619 4488 1981 4561 δεσμωτηρίῳ

2073 2017 2141 2071 ab
2175 2016 2420 2071 hostibus
2445 2015 2734 2086 despoliati
2766 2016 2949 2082 armis,
2984 2016 3118 2068 nntli
3150 2014 3324 2069 relicti
3358 2022 3507 2068 sunt.
3550 2015 3654 2068 Co—

2073 2105 2220 2161 calas
2249 2112 2303 2160 et
2334 2106 2668 2176 Paltcologus
2700 2105 2895 2158 milites
2931 2103 3246 2167 tuebantur,
3289 2111 3344 2156 et
3372 2117 3467 2156 eos
3499 2112 3651 2156 veta-

2075 2195 2208 2251 bant
2257 2194 2496 2264 spoliari,
2533 2208 2776 2263 quosque
2808 2192 3168 2248 inveniebant
3201 2206 3392 2261 equos,
3423 2191 3653 2262 singulis

2072 2286 2368 2351 donabant,
2406 2294 2517 2340 tum
2573 2294 2632 2338 ut
2681 2283 2913 2354 pretium
2963 2283 3308 2352 proditionis,
3353 2293 3464 2336 tum
3506 2282 3657 2351 quod

2071 2375 2351 2444 jurassent
2416 2373 2552 2444 ipsis
2608 2374 2744 2429 nihil
2798 2374 2925 2428 mali
2979 2373 3251 2437 illaturos,
3319 2373 3364 2427 si
3420 2381 3655 2428 caeteros

2076 2467 2467 2536 prodidissent.
2499 2466 2589 2521 Sic
2620 2467 2806 2536 itaque
2834 2466 3201 2521 Cantacuzeni
3243 2480 3372 2535 pars
3404 2480 3433 2518 a
3464 2464 3654 2519 militi-

2075 2558 2178 2614 bus
2218 2558 2453 2628 prodita.
2492 2557 2546 2614 vi
2576 2557 2795 2612 devicta
2828 2565 2931 2611 est.
2970 2553 3197 2611 Cocalas
3229 2563 3285 2609 et
3317 2553 3653 2623 Palaeologus

2075 2651 2335 2723 pupulum
2397 2651 2511 2719 jam
2586 2650 2750 2705 etiam
2815 2647 3022 2703 incolas
3092 2646 3234 2702 arcis
3301 2644 3651 2714 dirlpientem

2076 2745 2436 2815 expulerunt;
2495 2742 2597 2813 ipsi
2642 2755 2813 2812 usque
2856 2741 2924 2796 ad
2972 2747 3191 2795 noctem
3249 2747 3652 2808 exspectantes,

2077 2836 2327 2891 dimissis
2350 2836 2571 2889 domum
2616 2833 2899 2900 militibus,
2933 2831 3142 2886 amicos
3174 2830 3434 2900 quosdam
3468 2844 3654 2883 serva-

2078 2934 2208 2982 runt
2245 2944 2259 2981 :
2294 2925 2681 2998 Apocauchum
2745 2932 2797 2979 et
2847 2924 2994 2978 cit-es
3038 2923 3199 2993 paulo
3253 2919 3392 2974 infra
3438 2929 3656 2974 centum

2080 3022 2137 3075 in
2192 3020 2336 3075 arcis
2399 3034 2653 3081 carcere,
2712 3017 2960 3087 apposita
3008 3015 3276 3078 custodia,
3316 3014 3654 3067 clauserunt.

2080 3109 2341 3182 Sequenti
2399 3110 2637 3167 diluculo
2696 3107 2965 3162 auxiliarii
3022 3107 3281 3175 Berrltcea
3339 3106 3657 3169 adfuerunt,

2081 3203 2214 3272 qui,
2285 3210 2344 3255 ut
2396 3208 2727 3269 acceperunt
2777 3207 2966 3270 captos
3019 3212 3162 3252 esse.
3200 3212 3428 3267 quorum
3485 3199 3659 3268 gratia

2080 3294 2394 3358 Veniebant,
2428 3307 2556 3347 cum
2583 3291 2842 3346 mediocri
2881 3290 3226 3360 populatione
3267 3289 3490 3343 domum
3530 3291 3659 3343 rcd-

2082 3386 2286 3440 ierunt.
2353 3383 2513 3438 Circa
2576 3382 2856 3437 meridiem
2933 3397 3121 3436 rumor
3183 3381 3419 3451 quidam
3466 3382 3660 3436 urbem

2082 3476 2301 3537 amavit,
2332 3459 2549 3531 vinctos
2579 3489 2794 3529 rursum
2825 3486 2952 3527 arce
2978 3481 3266 3540 occupata,
3299 3470 3660 3527 Berrbmense

2082 3567 2385 3622 subsidium
2434 3567 2803 3621 intromittere
2833 3583 2848 3618 :
2879 3579 3043 3634 quem
3097 3564 3298 3619 Zelotaa
3344 3565 3413 3619 ad
3467 3578 3660 3618 necem

2083 3663 2192 3719 illis
2215 3664 2512 3719 curandam
2546 3664 2797 3719 ementiti
2824 3662 3163 3718 ferebantur.
3201 3646 3442 3730 Populus
3471 3659 3540 3713 de
3573 3658 3663 3711 in.

2084 3767 2239 3826 tegro
2278 3757 2346 3812 ad
2377 3772 2525 3811 arma
2554 3757 2654 3819 ire,
2686 3763 2850 3825 atque
2878 3760 2944 3809 ad
2981 3770 3164 3808 arcem
3202 3755 3331 3808 vino
3378 3767 3442 3806 ac
3475 3752 3662 3805 furore

2084 3849 2319 3904 ducibus
2371 3849 2689 3918 procedere.
2742 3847 2899 3902 Areis
2947 3847 3221 3915 indigena:
3283 3847 3547 3912 impetum
3598 3857 3664 3896 ac

2083 3939 2448 4008 direptionem
2494 3938 2662 3992 rebus
2700 3939 2813 3992 suis
2871 3947 3198 4000 metuentes,
3243 3944 3429 4005 portas
3472 3934 3662 3988 occlu-

2085 4030 2242 4096 dunt,
2280 4029 2338 4083 in
2365 4030 2559 4083 muros
2597 4028 2931 4090 ascendunt,
2972 4024 3659 4093 misericordiamxogant.

2085 4121 2278 4175 facturi
2311 4121 2578 4190 quidquid
2611 4120 2828 4175 tandem
2855 4119 3207 4187 iuberentur.
3243 4116 3390 4179 Iussi
3445 4116 3662 4171 vinctos

2083 4210 2377 4273 adducere,
2425 4220 2481 4263 et
2519 4210 2587 4263 ad
2635 4209 2786 4278 ipsos
2840 4208 3149 4278 praecipites
3202 4207 3352 4262 dare.
3403 4205 3664 4260 Protinus

2084 4305 2215 4359 nudi
2268 4304 2635 4358 adlucuntur.
2674 4302 2751 4356 Ae
2779 4301 2992 4371 primus
3039 4299 3258 4370 quidem
3299 4297 3664 4367 Apocauchus

2084 4397 2479 4469 praecipitatur,
2521 4396 2613 4465 qui
2656 4393 2794 4448 forte
2843 4392 3074 4463 quadam
3120 4402 3337 4447 erectus
3383 4392 3558 4454 stetit,
3597 4406 3662 4443 ac

2084 4490 2305 4545 nemine
2340 4488 2578 4543 audente
2607 4486 2761 4541 illum
2803 4485 3147 4554 contingere,
3184 4484 3278 4538 diu
3312 4483 3390 4538 sic
3438 4483 3659 4536 mansit.

404 4576 542 4645 πρὸς
570 4578 641 4646 τῇ
678 4576 995 4647 ἀκροπόλει,
1026 4579 1121 4630 καὶ
1156 4579 1403 4648 φρουρὰν
1436 4580 1747 4650 ἐπέστησαν
1774 4581 1973 4644 αύῖοῖς.

2089 4584 2282 4637 Postea
2316 4595 2460 4635 unus
2486 4579 2554 4646 de
2585 4578 2809 4645 Zelotis,
2842 4576 3130 4632 mollitiem
3167 4576 3291 4631 aliis
3319 4576 3664 4646 exprobrans

408 4667 566 4738 ’Ἀμα
600 4668 658 4721 δὲ
689 4667 765 4721 ἒω
798 4668 879 4731 είς
928 4670 1028 4738 τὴν
1081 4668 1343 4725 ἐπιοῦσαν
1388 4672 1484 4724 καί
1525 4673 1558 4741 ἡ
1600 4672 1664 4725 ὲκ
1719 4672 1983 4743 Βερροἰας

409 4758 643 4829 στρατιά
687 4758 890 4829 παρῆν.
959 4759 1116 4812 Ἐπεὶ
1158 4760 1215 4814 δὲ
1263 4760 1527 4814 ἐπύθοντο
1571 4761 1648 4825 ὡς
1694 4762 1875 4816 ἁλοῖεν
1904 4757 1985 4826 οἷς

370 4845 543 4922 ,ἧκον
598 4854 909 4923 συμμαχεῖν
936 4888 952 4916 ,
1008 4852 1453 4922 καταδραμόντες
1508 4854 1801 4922 ὲληϊσαντό
1861 4872 1986 4908 τινα

314 5007 317 5009 _
407 4940 587 5010 ὀλίγα,
617 4941 714 4995 καὶ
734 4942 1068 5013 ἀνέστρεφον
1091 4943 1171 5003 εἰς
1199 4941 1300 5012 τὴν
1320 4942 1523 5011 οὶκίαν.
1560 4943 1697 5013 Περὶ
1731 4942 1905 5014 μέσην
1931 4943 2013 5010 δὲ,

409 5034 625 5105 ἡμέραν
683 5035 841 5105 φήμη
897 5053 980 5100 τις
1048 5039 1453 5106 προσέπιπτεν,
1489 5035 1688 5106 ἀθροόν
1733 5037 1869 5105 πρὸς
1889 5036 1988 5106 τὴν

320 5159 329 5162 υ
411 5127 568 5180 πόλιν
589 5129 665 5191 ὡς
692 5130 745 5182 οἱ
777 5128 1058 5199 δεσμῶται
1088 5129 1250 5182 πάλιν
1268 5128 1367 5198 τὴν
1398 5129 1575 5196 ἄκραν
1595 5129 1985 5199 κατασχόντες,

411 5222 512 5294 τὴν
537 5224 604 5275 ἐκ
634 5222 895 5293 Βερροίας
949 5222 1212 5293 στρατιὰν
1257 5221 1611 5294 εἰσδέχονται.
1655 5221 1905 5290 Ἐλέγετο
1933 5221 1991 5274 δὲ

342 5360 351 5367 .
411 5312 490 5377 ὡς
517 5313 629 5367 τῶν
673 5312 937 5384 Ζηλωτῶν
967 5331 1115 5378 τινες
1166 5315 1237 5368 τὰ
1291 5313 1518 5368 τοιαῦτα
1551 5314 1993 5383 καταψεύσαιντο

412 5408 508 5460 ἐπὶ
524 5407 605 5476 τῷ
634 5408 976 5463 ἀποκτείνειν
1002 5408 1127 5470 τοὺς
1156 5406 1463 5477 δεσμώτας.
1489 5406 1605 5460 Καὶ
1631 5408 1659 5460 ὁ
1685 5407 1856 5476 δῆμος
1890 5401 1992 5459 αὗ-

414 5497 500 5562 θις
522 5498 592 5551 τά
626 5499 768 5551 ὅπλα
799 5498 1187 5561 ἀναλαϐόντες,
1228 5497 1472 5569 ἐχώρουν
1522 5496 1660 5565 πρὸς
1682 5497 1781 5568 τὴν
1810 5499 1989 5567 ἄκραν

415 5587 523 5643 ὑπό
553 5606 612 5642 τε
642 5588 814 5658 θυμοῦ
849 5592 946 5644 καλ¹
978 5590 1122 5644 οῐνου
1154 5589 1658 5660 στρατηγούμενοι·
1693 5589 1742 5641 οἱ
1771 5589 1900 5658 πρδς
1922 5593 1987 5660 τῇ

415 5680 562 5754 ἄκρᾳ
584 5683 643 5736 δὲ
673 5683 952 5747 δείσαντες
972 5683 1075 5753 τὴν
1104 5683 1291 5752 ἔφοδον
1313 5681 1403 5736 τοῦ
1436 5680 1627 5752 δήμου,
1657 5681 1732 5751 μὴ
1763 5682 1832 5734 τὰ
1859 5679 1989 5734 ὄντα

418 5775 568 5827 ἔνδον
586 5774 925 5845 διαρπάσωσι
951 5775 1252 5844 γενόμενοι,
1274 5773 1608 5827 ἀπέκλεισαν
1641 5774 1739 5835 τὰς
1775 5771 1947 5835 πύλας
1971 5788 1985 5804 ·

423 5864 721 5928 ἀναϐάντες
743 5864 800 5918 δὲ
829 5866 921 5918 ἐπὶ
954 5864 1064 5920 τῶν
1085 5864 1278 5936 τειχῶν
1320 5863 1527 5917 ἐδέοντο
1558 5866 1631 5935 μὴ
1659 5862 1987 5936 διαφθείρειν

2089 4673 2321 4738 accedit,
2375 4678 2542 4741 caput
2586 4671 2637 4724 ei
2693 4685 2722 4724 a
2777 4667 3088 4724 cervicibus
3140 4666 3322 4738 gladio
3364 4666 3662 4721 abscindit.

2093 4765 2299 4820 Deinde
2347 4765 2531 4819 caeteri
2585 4778 2803 4833 quoque
2850 4759 3196 4825 circumfusi,
3244 4766 3415 4815 totum
3465 4774 3666 4828 corpus

2092 4854 2408 4910 vulneribus
2464 4854 2836 4909 consauciant.
2877 4850 3009 4906 Post
3052 4850 3171 4906 ltazc
3212 4867 3320 4905 non
3380 4865 3509 4914 uno,
3569 4849 3665 4905 sed

2091 4948 2342 5019 pluribus
2404 4947 2540 5002 locis
2586 4946 2805 5015 reliqui,
2856 4943 3024 5015 680
3069 4942 3276 4998 Zelotis
3333 4941 3662 4997 nominatim

2094 5041 2428 5110 petentibus,
2503 5039 2573 5094 de
2632 5053 2791 5092 muro
2847 5036 3158 5106 praecipites
3219 5041 3665 5105 agunturzquos

2090 5130 2500 5185 circumsistens
2544 5128 2795 5197 populus,
2829 5126 3005 5180 ferina
3047 5112 3281 5194 quadam
3326 5124 3665 5178 immanitate
3718 5194 3723 5203 δ

2093 5219 2310 5289 sagittis
2359 5218 2606 5287 conligit,
2654 5216 3017 5286 quoruntdam
3057 5214 3223 5270 etiam
3257 5214 3437 5284 capita
3471 5212 3666 5282 praeci-
3695 5209 3709 5222 ‘

2093 5312 2195 5366 dit.
2227 5313 2298 5364 lta
2332 5325 2524 5364 omnes
2544 5309 2819 5364 crudelem
2848 5308 2899 5362 in
2928 5308 3175 5375 modum,
3202 5316 3398 5378 praeter
3436 5320 3662 5377 paucos.

2092 5419 2230 5473 quos
2268 5403 2458 5457 incol:e
2482 5402 2626 5456 areis
2652 5400 3074 5468 absconderant,
3109 5401 3437 5470 interierunt
3468 5419 3482 5456 :
3516 5416 3653 5469 quo-

2094 5510 2212 5548 rum
2241 5492 2357 5547 neci
2387 5491 2611 5547 Cocalus
2639 5503 2693 5546 et
2721 5490 3056 5563 Palatologus
3097 5500 3414 5562 prasentes.
3459 5506 3517 5546 se
3550 5506 3665 5545 rem

2093 5587 2290 5658 aegrius
2338 5584 2501 5647 ferre,
2553 5584 2791 5638 furorem
2838 5592 3019 5637 tamen
3064 5585 3249 5654 populi
3298 5584 3557 5638 cohibere
3602 5599 3666 5637 ac

2096 5679 2398 5747 reprimere
2434 5676 2578 5731 haud
2628 5690 2790 5746 pnsse
2833 5676 3190 5740 simulabant,
3238 5679 3329 5745 qui
3364 5675 3564 5731 deinde
3614 5678 3665 5729 in

2094 5770 2237 5824 uides
2279 5769 2549 5830 involans,
2599 5768 2733 5821 alios
2777 5760 3008 5837 insuper’
3040 5768 3187 5822 cives
3214 5767 3663 5825 contrucidavit.

2092 5861 2227 5918 Cum
2281 5863 2348 5916 ad
2397 5864 2616 5918 domum
2656 5859 2862 5916 Ουτοι-ιι
2902 5858 3100 5916 Zelotis
3150 5862 3522 5930 praceuntibus
3575 5873 3674 5936 τοι,
