4066 6298
444 354 582 421 1263

1557 357 2102 422 lIlSTORIARUM
2143 358 2372 420 LIBER
2412 358 2527 422 III.

3534 359 3668 430 1270

434 475 500 544 δὴ
529 475 626 546 τῆς
658 471 868 540 πόλεως
899 474 1146 541 Λατίνοις
1170 475 1574 548 προσηκούσης,
1598 478 1680 532 ὅτι
1700 478 1794 530 ὑπ’
1827 478 2007 539 αὐτοῖς

2114 476 2340 540 tinentc,
2374 477 2498 548 quia
2535 475 2638 532 sub
2668 475 2798 548 ipsis
2831 473 3120 545 aliquando
3156 433 3255 528 fuit
3280 472 3418 547 [62])
3458 473 3668 530 duode-

439 564 658 631 ἐγένετό
691 582 843 629 ποτε,
878 565 996 636 ἅμα
1043 566 1366 621 δυοκαίδεκα
1396 569 1697 638 τριήρεσιν,
1733 564 1896 639 ἦλθον
1921 567 2002 627 είς

437 655 718 726 Σμύρνην,
752 656 846 711 καὶ
881 657 1144 728 πρότερον
1201 658 1305 712 ὑπὸ
1336 657 1448 712 τῶν
1490 659 1738 713 Λατίνων
1779 675 2005 728 κατεχο-

442 745 630 816 μένην.
661 746 978 819 Πατριάρχῃ
997 748 1053 802 δέ
1081 748 1254 801 ἐδόκει
1279 749 1391 803 δεῖν
1419 751 1501 812 είς
1522 751 1614 803 τὸν
1639 749 1781 804 κατά
1816 749 2002 820 Σμύρ-

437 852 534 888 ναν
561 835 842 901 ἐξελθόντα
871 837 998 891 ναὸν
1043 838 1102 890 ἐν
1141 830 1186 906 ᾧ
1217 838 1384 892 πάλαι
1441 840 1475 909 ή
1530 839 1866 910 μητρόπολις
1909 836 1999 912 ἦν,

437 925 538 996 τὴν
564 924 714 979 θείαν
757 925 1148 995 μυσταγωγίαν
1174 927 1482 994 ἐκτελέσαι,
1523 929 1620 982 καὶ
1653 929 1873 982 ἐκέλευε
1903 930 2002 1002 τὴν

443 1014 700 1084 στρατιὰν
714 1015 1086 1087 ὀπλισαμένην
1115 1016 1362 1072 ἔπεσθαι.
1387 1019 1661 1088 Μαρτῖνος
1686 1021 1742 1074 δὲ
1775 1020 2002 1088 ἐκώλυε,

444 1105 536 1155 καὶ
564 1107 612 1157 oi
634 1104 785 1158 ἄλλοι
824 1105 938 1159 τῶν
963 1107 1271 1179 ναυάρχων,
1291 1110 1841 1182 διακεκινδυνευμένα
1881 1114 2004 1166 τολ-

443 1198 553 1264 μᾷν
601 1197 1021 1269 ίσχυριςόμενοι.
1069 1202 1226 1256 Ἐπεὶ
1260 1203 1316 1257 δὲ
1343 1206 1442 1258 οὐκ
1490 1206 1756 1267 ἐπείθετο.
1789 1210 2004 1263 εῖποντο

439 1286 674 1359 ἀνάγκῃ.
709 1289 817 1342 Καὶ
847 1291 1122 1363 γενομένῳ
1160 1295 1297 1363 πρὸς
1341 1297 1432 1350 τὸν
1481 1299 1606 1352 νιδν
1639 1299 1735 1352 καὶ
1765 1301 1865 1371 τὴν
1906 1320 2006 1370 μυ-

440 1378 755 1446 σταγωγίαν
791 1381 892 1452 τὴν
946 1381 1098 1437 θείαν
1149 1385 1482 1452 ἐκτελοῦντι,
1523 1391 1755 1461 ἐπῆλθεν
1800 1392 2006 1464 ’Δμοὺρ

442 1468 579 1535 μετὰ
602 1469 701 1538 τῆς
733 1473 1014 1542 στρατιᾶς.
1037 1475 1148 1528 Καὶ
1181 1475 1243 1529 τὸ
1273 1477 1370 1547 μὲν
1400 1479 1530 1532 ἄλλο
1561 1483 1878 1551 στράτευμα
1898 1486 2007 1539 τῶν

444 1555 686 1608 Λατίνων
723 1557 958 1630 διεσώθη
999 1561 1364 1635 ἀναχωρῆσαν
1406 1570 1540 1639 πρὸς
1577 1571 1638 1623 τὸ
1665 1574 1947 1642 φρούριον,
1977 1574 2006 1628 ὀ

439 1649 710 1716 κατεῖχον,
763 1649 886 1703 ἐπεὶ
944 1651 1070 1717 τοὺς
1121 1656 1340 1726 Πέρσας
1395 1655 1535 1713 εἶδον
1577 1663 1860 1728 ἐπιόντας
1896 1683 2004 1721 πα-

437 1733 704 1806 τριάρχης
733 1737 789 1791 δὲ
819 1739 918 1810 τὴν
951 1741 1103 1809 ίερὰν
1136 1743 1330 1814 στολὴν
1360 1746 1730 1816 ἐνδεδυμένος,
1761 1751 2008 1820 ἀπεσφά-

439 1841 510 1894 γη
543 1825 648 1878 ὑπὸ
688 1828 818 1882 τῶν.
839 1830 1086 1901 Περσῶν,
1138 1835 1234 1888 καὶ
1270 1837 1563 1906 Μαρτῖνος,
1596 1843 1691 1894 καὶ
1719 1841 1871 1895 ἄλλοι
1899 1844 2007 1897 τῶν

444 1917 727 1986 ἐπιφανῶν
774 1921 968 1990 ὀλίγοι.
1007 1923 1096 1978 Ἐν
1141 1926 1198 1980 δέ
1248 1929 1362 1993 τοῖς
1392 1930 1603 2000 χρόνοις
1654 1932 1882 2001 τούτοις,
1913 1936 2008 1988 καὶ

441 2005 552 2060 τῶν
582 2009 642 2062 ἐν
680 2011 913 2084 Γεννούᾳ
957 2014 1193 2084 εὐγενῶν
1223 2035 1374 2081 τινες
1431 2018 1526 2074 δύο
1568 2023 1662 2075 καὶ
1708 2023 2008 2094 τριάκοντα

443 2097 833 2170 πληρώσαντες
884 2105 1109 2168 οἰκείοις
1146 2107 1468 2179 ἀναλώμασι
1531 2114 1816 2185 τριήρεις,
1881 2116 2010 2170 ἐπέ-

445 2191 682 2246 πλευσιν
742 2196 810 2264 τῇ
867 2195 1004 2267 Χίῳ,
1065 2198 1158 2252 καὶ
1213 2199 1618 2273 ἐπολιόρκησαν
1668 2205 1858 2275 χρόνον
1909 2207 2011 2260 οὐκ

439 2282 640 2352 ὀλίγον,
677 2285 770 2338 καὶ
815 2289 1170 2360 τειχομαχίας
1217 2308 1277 2344 τε
1307 2291 1506 2358 πολλὰς
1543 2297 1866 2367 ἐποιήσαντο
1913 2301 2010 2355 καὶ¹

443 2376 740 2446 καρτερὰς,
779 2379 874 2431 καὶ
932 2381 1302 2450 μηχανήματα
1355 2385 1657 2454 προσῆγον.
1700 2390 1902 2444 Ἢνυον
1951 2390 2012 2446 δὲ

443 2467 554 2521 ἀπὸ
597 2469 706 2522 τῶν
740 2469 996 2526 τοιούτων
1027 2473 1242 2545 ὀλίγαῆ
1289 2475 1463 2532 οὐδέν.
1495 2476 1561 2532 Οί
1593 2480 1703 2552 γὰρ
1730 2480 1852 2536 Χῖοι
1868 2484 2012 2554 ἠμύ-

443 2560 596 2612 νοντο
621 2559 748 2624 τοὺς
767 2561 1034 2627 Λατίνους
1069 2566 1374 2637 καρτερῶς,
1401 2569 1580 2642 ἐνδείᾳ
1608 2572 1666 2626 δὲ
1693 2577 2012 2642 πιεσθέντες

445 2649 539 2702 καὶ
563 2649 923 2719 λιμώξαντες,
953 2653 1074 2707 ἐπεὶ
1097 2656 1418 2727 ἐπικουρίας
1436 2658 1692 2731 οὐδεμιᾶς
1717 2664 2012 2736 ἐτύγχανον

446 2740 598 2810 παρὰ
639 2741 946 2813 Ῥωμαίων,
999 2737 1382 2820 προσεχώρουν
1411 2751 1524 2815 τοῖς
1585 2753 1857 2821 Λατίνοις,
1918 2749 2017 2812 καῖ’

449 2829 754 2900 παρέδοσαν
794 2833 894 2903 τὴν
926 2835 1081 2890 πόλιν
1135 2835 1228 2890 ὑπ’
1273 2839 1538 2912 ἀνάγκης.
1580 2843 1644 2897 Ἦ
1686 2844 1897 2914 βασιλὶς
1953 2850 2012 2903 δέ

446 2919 634 2987 ἠνιᾶτο
661 2921 760 2991 μὲν
799 2921 990 3009 δεινῶς
1039 2926 1142 2995 τῆς
1185 2927 1318 2980 Χίου
1354 2929 1839 3006 πολιορκουμένης,
1887 2937 2015 3009 βοη-

449 3009 562 3060 θεῖν
591 3009 648 3061 δέ
679 3013 777 3063 οᾷκ
830 3007 979 3083 εἶχε·
1012 3016 1316 3086 χρημάτων
1366 3035 1426 3073 τε
1471 3022 1580 3093 γάρ
1645 3025 1746 3078 οὐκ
1789 3007 2012 3099 εὐπόρει

454 3100 586 3192 πρὸς
638 3103 904 3174 τοσαύτην
942 3105 1190 3178 δύναμιν,
1238 3110 1380 3165 ὥστε
1435 3115 1621 3169 στόλον
1679 3120 2011 3192 ἀντίρροπον

447 3191 524 3259 τῷ
542 3193 786 3247 Λατίνων
813 3195 1096 3266 ἐξαρτύειν
1116 3215 1130 3230 ο
1162 3202 1372 3256 καὶτὸν
1421 3204 1770 3278 διοικήσοντα
1808 3191 2010 3277 καλῶς

451 3284 542 3336 καὶ
574 3283 650 3373 ib;
667 3286 914 3355 προσῆκε
937 3288 1006 3341 τὰ
1034 3290 1338 3360 πράγματα
1373 3295 1470 3349 οὐκ
1491 3293 1608 3368 εἶχε
1628 3316 1644 3329 ·
1675 3302 1876 3366 πάντες
1903 3305 2010 3373 γὰρ

449 3374 564 3427 ὅσοι
589 3371 730 3446 ἦσαν
751 3377 1014 3447 ἀξιόλογοι
1029 3382 1336 3453 Ῥωμαίων,
1379 3389 1435 3440 ἐν
1469 3389 1860 3462 δεσμωτηρίοις
1880 3371 2015 3450 κατή-

451 3464 746 3520 εκλείοντο.
809 3468 996 3537 Ὅμως
1048 3472 1201 3535 τινὰς
1247 3474 1460 3542 ὀλίγους
1515 3479 1904 3545 ἐφοπλίσαντες
1965 3487 2012 3539 οξ

448 3555 707 3626 ἄρχοντες
763 3561 1030 3630 τριήρεις,
1082 3565 1442 3620 Φακεωλάτον
1492 3568 1749 3639 ἔπεμψαν
1808 3575 2012 3645 συνάρ-

450 3663 637 3741 χονταῆ
651 3651 772 3703 τότε
797 3653 908 3716 τοῖς
937 3654 1139 3717 ἄλλοις.
1200 3651 1288 3741 (ἦν
1318 3657 1427 3728 γὰρ
1482 3660 1762 3731 Κιννάμου
1789 3664 1884 3717 τοῦ
1918 3684 2019 3736 μυ-

453 3739 640 3793 στικοῦ
703 3745 965 3799 συνοικῶν
1013 3739 1216 3818 ἀδελφῇ
1267 3749 1366 3819 τῆς
1401 3751 1682 3821 γυναικὸς)
1734 3753 1832 3824 οὐχ
1873 3755 2017 3810 ὥστε

451 3833 865 3888 ἀντιτάττεσθαι
894 3837 1144 3902 Λατίνοις
1162 3853 1178 3869 '
1212 3842 1313 3894 οὐκ
1333 3841 1516 3910 ὀλίγον
1537 3843 1855 3915 γὰράπῄῗει
1885 3850 2018 3918 πρδς

449 3920 552 3991 τὴν
588 3923 813 3978 ἐκείνων
833 3925 1068 3996 δύναμιν
1086 3945 1101 3961 ο
1139 3928 1258 3981 ἀλλ’
1285 3932 1335 3984 εί
1365 3930 1579 3984 δύναιτο
1602 3934 1790 4003 τρόπῳ
1825 3935 1888 4008 δή
1913 3955 2020 3994 τινι

451 4015 600 4065 σῖτον
653 4014 894 4083 εἰσάγειν
940 4018 1022 4080 είς
1065 4017 1166 4088 τὴν
1198 4019 1350 4073 Χίον.
1405 4021 1764 4087 Φακεωλάτος
1793 4027 1848 4079 δέ
1899 4029 2023 4082 ἐπεὶ

452 4106 774 4160 καταπλέων
804 4108 1037 4161 ἐπύθετο
1073 4109 1172 4180 τὴν
1201 4110 1334 4164 Χίον
1387 4111 1716 4180 ἑαλωκυῖαν,
1762 4118 2021 4190 ἀνέστρε-

453 4213 557 4266 φεν
581 4198 771 4261 εὐθύς·
806 4200 901 4254 καὶ
923 4201 1109 4256 ὁλκάδι
1155 4203 1221 4256 ἐκ
1269 4203 1536 4268 Γεννούας
1579 4208 1896 4279 ,περιτυχὼν
1931 4228 2027 4280 με-

454 4291 615 4362 γάλῃ,
657 4293 929 4364 ἐκράτησε
957 4294 1139 4368 μάχῃ,
1187 4299 1284 4350 καὶ⁹
1311 4297 1636 4353 ἀπέκτεινεν
1676 4301 1777 4353 οὐκ
1805 4302 2022 4370 ὀλίγους

455 4382 564 4435 τῶν
591 4384 836 4438 Λατίνων
860 4389 1219 4456 μαχομένους,
1249 4390 1342 4442 καὶ
1357 4389 1628 4460 διήρπασε
1653 4391 1715 4445 τὰ
1741 4393 2022 4463 χρήματα.

2106 567 2212 621 cim
2250 568 2566 622 triremibus
2611 567 2897 638 Smyrnam
2953 565 3212 635 appulsus
3267 574 3370 630 est,
3409 581 3570 634 quam
3613 575 3666 621 et

2107 659 2258 729 prius
2312 658 2491 714 Latini
2541 659 2913 728 possederant.
2973 657 3304 712 Patriarchae
3353 657 3555 726 placuit
3612 659 3664 710 in

2107 750 2441 820 Smyrnense
2492 752 2752 820 templum
2805 751 2954 818 (olim
3008 750 3518 833 metropolitanum)
3586 748 3670 802 iu-

2076 841 2293 911 .gredi,
2347 852 2403 896 et
2454 841 2568 898 illic
2611 842 2778 897 sacris
2829 841 3078 910 operari,
3127 841 3397 910 iussitque
3466 841 3669 894 milites

2107 941 2343 987 armatos
2390 933 2565 1002 sequi.
2625 932 2890 988 Martinus
2936 943 2992 988 et
3018 933 3108 987 alii
3159 933 3415 987 navarchi
3465 933 3666 985 factum

2108 1021 2231 1086 hoc,
2270 1031 2328 1076 ut
2379 1022 2621 1092 periculo
2667 1039 2778 1077 non
2829 1037 3023 1077 carens
3065 1022 3478 1078 dissuadebant.
3534 1022 3668 1074 Dum

2109 1113 2422 1169 necessitati
2471 1129 2663 1183 parere
2701 1129 2809 1169 non
2842 1115 2978 1181 vult,
3007 1121 3062 1168 et
3106 1114 3159 1167 in
3194 1113 3310 1167 ade
3343 1111 3668 1168 sacrificium

2109 1204 2259 1268 facit,
2291 1205 2548 1260 Amurius
2581 1220 2704 1260 cum
2747 1205 2968 1260 armatis
2997 1205 3335 1274 supervenit.
3374 1205 3439 1256 Et
3468 1203 3670 1257 milites

2107 1297 2326 1366 quidem
2369 1297 2570 1362 Latini,
2595 1305 2886 1352 cernentes
2919 1298 3110 1352 Persas
3157 1296 3434 1361 tnvadcre,
3466 1296 3533 1349 ad
3577 1310 3670 1349 ca-
3749 1309 3754 1314 ’

2107 1386 2322 1442 stcllum
2398 1402 2556 1442 suum
2595 1385 3020 1456 ‘confugientes,
3067 1392 3298 1440 mortem
3358 1391 3670 1447 evaserunt,

2107 1482 2418 1553 patriarcha
2452 1496 2581 1537 vero
2632 1476 2802 1536 sacris
2853 1481 3075 1536 indutus
3119 1480 3360 1534 vestibus
3391 1493 3498 1532 una
3545 1492 3668 1532 cum

2108 1573 2339 1629 Martino
2381 1573 2679 1644 paucisque
2720 1573 2996 1628 nobilibus
3039 1588 3069 1627 a
3103 1571 3284 1627 Persis
3316 1571 3671 1626 obtruncatus

2109 1675 2212 1720 est.
2253 1664 2356 1719 Per
2399 1665 2543 1720 idem
2575 1674 2792 1734 tempus
2833 1665 3152 1720 Genucnses
3196 1662 3446 1718 nonnulli
3499 1658 3671 1715 nobili

2109 1757 2230 1810 loco
2274 1757 2408 1821 nati,
2441 1756 2650 1811 duabus
2687 1766 2743 1810 et
2792 1755 3010 1827 triginta
3069 1756 3380 1811 triremibus
3425 1769 3521 1809 sua
3573 1754 3674 1806 im-

2110 1862 2279 1918 pensa
2316 1847 2622 1913 instructis,
2671 1847 2867 1902 Chium
2900 1849 3244 1917 navigarunt,
3283 1861 3512 1915 eamque
3563 1861 3668 1898 non

2109 1953 2300 2008 parum
2347 1937 2440 1992 diu
2477 1937 2832 2003 obsederunt,
2879 1944 2936 1991 et
2986 1951 3170 1990 muros
3215 1951 3380 2004 saepe,
3438 1934 3671 1988 admotis

2109 2029 2273 2083 etiam
2302 2029 2569 2085 machinis
2589 2067 2605 2094 ,
2641 2028 2817 2084 valide
2841 2037 3244 2098 oppugnarunt.
3285 2025 3671 2080 Verumtamen

2109 2120 2260 2176 Chiis
2299 2121 2515 2176 fortiter
2551 2133 2611 2176 se
2645 2120 2949 2183 tuentibus,
2973 2118 3110 2172 nihil
3142 2127 3236 2172 aut
3271 2133 3460 2186 parum
3495 2115 3672 2185 profe-

2111 2218 2324 2266 cerunt.
2377 2209 2512 2266 Cum
2559 2219 2740 2264 autem
2791 2206 2968 2262 victus
3023 2204 3206 2274 inepia
3248 2210 3671 2284 premerentur,

2111 2302 2430 2372 nullumque
2461 2315 2493 2354 a
2537 2301 2800 2356 Romanis
2847 2297 3111 2352 auxilium
3153 2293 3496 2358 adventaret,
3527 2292 3676 2346 Lati-

2111 2409 2306 2448 norum
2361 2407 2420 2447 se
2488 2391 2746 2462 potestati
2809 2390 3201 2459 permittentes,
3257 2388 3446 2441 urbem
3499 2386 3671 2439 coacti

2114 2482 2476 2538 tradiderunt.
2528 2480 2845 2550 lmpcratrix
2896 2494 3202 2549 quanquam
3256 2477 3392 2531 Chio
3451 2476 3672 2528 obsessa

2113 2572 2342 2627 mirifice
2383 2581 2696 2643 angeretur,
2755 2571 2899 2626 ferre
2939 2581 3120 2626 tamen
3172 2583 3331 2638 opem
3371 2567 3672 2636 nequibat;

2113 2679 2239 2719 nam
2286 2679 2388 2719 nec
2417 2665 2646 2734 pecunia
2681 2673 2872 2718 contra
2917 2671 3094 2718 tantas
3141 2661 3286 2715 vires
3317 2659 3371 2713 in
3421 2666 3672 2728 promptu

2115 2764 2254 2822 erat,
2280 2763 2340 2810 ut
2369 2755 2596 2810 classem
2629 2754 2946 2809 Latinorum
2975 2752 3132 2807 classi
3160 2749 3420 2820 mquulem
3454 2761 3677 2816 compa-

2117 2855 2296 2914 raret,
2349 2856 2406 2903 et
2453 2847 2654 2901 bonum
2699 2860 2762 2900 ac
2809 2846 3040 2915 peritum
3073 2845 3190 2914 ejus
3237 2841 3518 2895 duetorem
3569 2856 3676 2891 non

2117 2938 2386 3003 habebat;
2417 2952 2609 2993 omnes
2632 2933 2900 3006 siquidem
2936 2937 3026 3005 qui
3059 2935 3202 2988 inter
3235 2933 3512 2986 Romanos
3544 2932 3677 2985 emi-

2117 3031 2342 3095 nebant,
2367 3029 2680 3084 carceribus
2705 3028 3094 3082 attinebantur.
3120 3026 3285 3096 682
3316 3024 3679 3076 Nihilominus

2065 3148 2083 3206 ζ
2118 3122 2408 3176 archontes
2448 3121 2656 3190 aliquot
2688 3119 2940 3174 triremes
2991 3125 3264 3170 armantes
3294 3115 3677 3169 Phaceolatum

2116 3214 2382 3283 collegam
2411 3212 2522 3282 (qui
2553 3211 2803 3265 Cinnami
2851 3208 3066 3279 mystici
3099 3207 3280 3262 uxoris
3310 3221 3554 3261 sororem
3585 3205 3680 3256 ha-

2116 3305 2281 3359 bebat
2310 3305 2364 3358 in
2398 3301 2765 3370 matrimonio)
2795 3301 2861 3355 iis
2893 3299 3250 3370 praefrccrunt
3278 3314 3292 3350 :
3324 3313 3430 3350 non
3465 3297 3678 3365 quidem

2119 3403 2178 3449 ut
2210 3410 2270 3450 se
2303 3394 2529 3459 Latinis,
2581 3393 2780 3463 quibus
2816 3393 2972 3462 longe
3012 3400 3158 3444 esset
3187 3388 3434 3451 inferior,
3473 3389 3677 3455 obiice-

2121 3496 2223 3550 ret,
2264 3487 2359 3540 sed
2409 3495 2468 3540 ut
2508 3494 2872 3539 commeatum
2907 3485 2960 3536 in
3001 3481 3255 3545 insulam,
3303 3480 3346 3534 si
3385 3497 3492 3549 quo
3523 3481 3681 3532 modo

2119 3585 2326 3646 posset,
2375 3575 2714 3645 importaret.
2758 3571 3119 3627 PliaCColatus
3150 3581 3208 3624 ut
3235 3569 3428 3624 Chium
3467 3579 3680 3635 captam

2121 3669 2357 3732 audivit,
2389 3667 2539 3722 illico
2570 3667 2674 3721 iter
2705 3665 2974 3736 relegens,
3005 3672 3060 3718 et
3101 3665 3366 3718 oneraria:
3409 3663 3681 3718 Οοηιιιιιιςῑ

2122 3775 2441 3822 occurrens,
2498 3757 2610 3811 acri
2664 3771 2840 3826 pugna
2891 3771 3009 3810 eam
3070 3755 3218 3816 vicit,
3275 3763 3328 3808 et
3381 3755 3686 3823 complures

2125 3849 2351 3905 Latinos
2397 3848 2618 3910 occidit,
2657 3848 3055 3914 pecuniamque
3099 3843 3347 3912 diripuit.
3386 3843 3548 3896 Fama
3583 3845 3688 3899 Ga-

2121 3939 2285 3994 latam
2338 3940 2406 3994 ad
2467 3937 2824 4006 homophylos
2877 3936 3118 4005 perlata,
3177 3935 3394 4004 publico
3465 3935 3686 3990 decreto

2122 4028 2505 4099 impunitatem
2545 4034 2972 4096 proposuerunt,
3007 4025 3052 4079 si
3076 4024 3198 4094 quis
3227 4039 3350 4078 cum
3377 4024 3684 4094 ubicunque

2119 4121 2418 4193 jugularet,
2469 4129 2526 4173 et
2558 4133 2728 4186 usque
2770 4117 2838 4172 ad
2879 4125 3106 4170 mortem
3141 4115 3258 4182 ejus
3297 4123 3550 4184 tanquam
3592 4117 3688 4170 ho-

2045 4250 2051 4256 -
2127 4224 2264 4268 stem
2295 4213 2554 4266 oderunt.
2587 4211 2825 4281 Augusta
2854 4219 2914 4264 ut
2956 4209 3125 4264 solam
3158 4208 3684 4279 Constantinopolim

2127 4305 2231 4360 sibi
2281 4304 2524 4358 relictam
2573 4302 2707 4357 Vidit
2741 4301 2880 4362 (alim
2930 4316 3164 4370 namque
3199 4305 3361 4355 urbes
3407 4300 3578 4355 ferme
3622 4301 3685 4353 ad

2130 4409 2292 4450 unam
2324 4392 2378 4447 in
2406 4391 2768 4449 Cantacuzeni
2807 4391 3129 4445 auctoritate
3161 4393 3363 4455 erant),
3395 4405 3423 4442 a
3453 4391 3686 4458 quodam

458 4475 760 4546 Πυθόμενοι
789 4479 845 4531 δὲ
869 4480 914 4531 οἱ
933 4480 989 4531 ἐν
1017 4481 1230 4548 Γαλατᾷ
1259 4483 1547 4550 ὁμόφυλοι,
1577 4483 2015 4557 ψήφισμαοέγραε

2131 4483 2358 4552 Mpalice
2406 4481 2670 4537 Carbona:
2723 4481 2968 4550 principe
3021 4494 3117 4548 per
3170 4480 3372 4549 legatos
3431 4478 3688 4532 auxilium

455 4567 564 4636 ψαν
609 4570 996 4623 ἀποκτιννύναι
1029 4572 1386 4626 Φακεωλάτον
1505 4575 1573 4628 άν
1605 4593 1688 4640 τις
1745 4577 2025 4647 συντύχοι,

460 4662 552 4711 καὶ
585 4660 785 4730 μηδένα
819 4661 1025 4731 κρίνειν
1073 4663 1261 4731 φόνου,
1318 4663 1413 4717 καὶ
1445 4663 1715 4732 διέμεινεν
1763 4665 1947 4729 αὐτοῖς
1993 4669 2026 4736 ἠ

461 4752 598 4822 πρὸς
629 4754 838 4806 ἐκεῖνον
862 4754 1030 4826 ἔχθρα
1070 4757 1198 4827 ἄχρι
1245 4758 1526 4828 τελευτῆς.
1559 4760 1782 4822 Βασιλὶς
1817 4761 1874 4813 δὲ
1904 4764 2031 4814 ἐπεὶ

463 4844 610 4914 ἐώρα
640 4847 804 4916 μόνην
830 4848 930 4918 τὴν
963 4850 1374 4903 Κωνσταντίνου
1400 4852 1553 4903 πόλιν
1602 4853 1738 4922 αὐτῇ
1777 4855 2025 4922 περιλει-

464 4939 726 5008 πομένηνο
755 4939 812 4992 at
835 4941 944 5011 γὰρ
972 4940 1131 4995 ἄλλαι
1167 4942 1354 5012 σχεδὸν
1390 4944 1560 4996 πᾶσαι
1592 4943 2030 5016 προσεχώρησαν

465 5028 674 5096 βασιλεῖ
713 5029 790 5099 τῷ
840 5031 1316 5102 Καντακουζηνῷο
1371 5035 1506 5102 πρὸς
1552 5033 1849 5087 Μπαλίκαν
1907 5027 2033 5088 τινὰ

462 5120 556 5173 τοῦ
605 5121 876 5192 Καρϐωνᾶ
926 5122 1162 5194 ἄρχοντα
1205 5123 1470 5193 πέμψασα
1513 5125 1815 5195 πρεσϐείαν
1857 5126 2030 5180 ἐδεῖτο

467 5208 703 5279 βοηθεῖν.
748 5210 806 5263 ’0
835 5210 892 5263 δὲ
940 5211 1194 5281 ἀσμένως
1222 5228 1282 5264 τε
1321 5212 1542 5278 ἐδέξατο
1578 5212 1680 5284 τὴν
1712 5214 2031 5284 πρεσϐείαν,

464 5301 560 5354 καὶ
592 5301 866 5368 Θεόδωρον
896 5305 988 5357 καὶ
1011 5303 1429 5374 Τομπροτίτζαν
1462 5305 1589 5368 τοὺς
1617 5304 1907 5375 ἀδελφοὺς,
1943 5324 2032 5377 χι-

463 5388 613 5454 λίους
640 5393 976 5461 στρατιώτας
1010 5393 1240 5462 ἄγοντας
1275 5394 1780 5458 ἐπιλέκτους,νκατά
1812 5413 2038 5466 συμμαο

472 5482 595 5549 χίαν
633 5482 850 5552 ἔπεμπε
879 5485 944 5554 τῇ
981 5484 1248 5553 βασιλίδι·
1294 5486 1344 5539 οἳ
1380 5484 1474 5538 καὶ
1507 5486 1607 5550 τὰς
1634 5487 1774 5540 κατὰ
1803 5487 1892 5540 τὸν
1918 5489 2043 5540 πόν-

2125 4576 2282 4647 pctit.
2311 4573 2660 4645 lslegatione
2690 4573 2928 4643 benigne
2961 4571 3219 4636 admissa,
3257 4569 3607 4625 Theodorum
3637 4581 3694 4625 ct

2128 4666 2554 4736 Tomprotitzam
2589 4664 2782 4718 fratres
2820 4678 2943 4718 cum
2991 4663 3138 4716 mille
3179 4661 3397 4717 selectis
3428 4662 3693 4716 militibus

2127 4757 2408 4827 suppetias
2470 4755 2638 4810 mittit
2683 4772 2697 4808 :
2737 4753 2828 4822 qui
2883 4761 2938 4808 et
2993 4752 3292 4806 maritimas
3344 4751 3410 4804 ad
3468 4759 3690 4820 pontum

2131 4851 2295 4904 urbes
2323 4857 2691 4912 transeuntes,
2723 4863 2817 4901 eas
2842 4845 2908 4900 ab
2939 4845 3269 4914 imperatore
3293 4843 3359 4897 ad
3395 4845 3691 4910 Augustam

2130 4940 2350 4994 monitis
2408 4948 2463 4993 ct
2524 4937 2763 4993 consiliis
2811 4937 2927 4990 suis
2983 4935 3352 4998 revocabant;
3403 4932 3695 5002 sperabant

2130 5033 2276 5086 enim
2324 5031 2445 5084 illos
2501 5031 2688 5084 nescio
2748 5029 2880 5098 quid
2926 5043 3182 5097 magnum
3233 5025 3376 5079 felici
3439 5039 3696 5078 succi-ssu

2131 5121 2492 5192 praestitut'os.
2540 5118 2862 5189 lmpcratrix
2894 5131 2989 5170 eos
3021 5114 3313 5169 admodum
3350 5113 3610 5167 benevole
3645 5125 3699 5163 et

2136 5216 2434 5269 honorifice
2465 5212 2702 5281 excepit.
2753 5219 2808 5264 et
2843 5208 3160 5278 Apocauchi
3193 5207 3371 5276 magni
3405 5205 3560 5258 ducis
3595 5205 3698 5257 ﬁlia

2134 5300 2516 5370 Tomprotitzze
2564 5301 2618 5353 in
2666 5299 2979 5370 coniugium
3035 5296 3261 5361 sociata,
3323 5296 3515 5348 ducem
3570 5310 3695 5347 cum

2135 5391 2364 5447 Romani
2411 5389 2686 5445 exercitus
2732 5392 2961 5450 creavit,
3014 5390 3116 5456 qui
3165 5402 3292 5440 suas
3345 5385 3528 5454 copias
3574 5400 3698 5438 cum

2138 5484 2396 5538 Romanis
2436 5481 2776 5550 coniunctas,
2823 5480 3148 5548 imperatore
3195 5477 3555 5546 Didymotichi
3607 5478 3698 5530 dc-

1737 5647 1952 5709 Jacobi
1985 5649 2244 5708 Pontam
2280 5654 2464 5707 noue.

565 5762 678 5833 (62)
722 5765 836 5820 Sub
861 5767 1056 5836 quibus
1089 5767 1313 5834 Latinis,
1343 5777 1395 5822 ct
1426 5770 1663 5840 quandiu
1702 5770 1863 5827 fuerit
1885 5771 2405 5842 Constantitmptil's,
2431 5772 2717 5825 timuimus
2751 5771 2895 5826 Notis
2924 5773 2976 5825 in
3009 5771 3096 5828 lib.
3134 5788 3191 5837 lt,
3226 5787 3339 5840 cap.
3368 5772 3453 5826 5‘5.
