4066 6298
502 324 635 391 1271

1690 324 2009 387 JOANXlé
2053 323 2589 386 CANTACL’ZENI

3538 338 3645 410 1272'.

497 445 677 500 gente,
723 432 776 487 in
805 433 1150 504 Selybrianos
1179 433 1351 489 duxit.
1384 434 1679 489 Pbacrases
1709 444 1890 489 autem
1924 451 2048 502 pru-

2162 454 2252 487 τον
2281 437 2758 506 παραθαλασσίως
2797 436 2970 499 πόλεις
3022 439 3049 491 δ
3074 439 3266 501 iri-nx,
3314 441 3502 500 ἔπεισαν
3534 453 3644 511 duo:

498 538 756 581 tostrator
816 526 884 580 ab
937 527 1262 595 imperatore
1320 526 1580 596 Sclybriae
1630 542 1751 580 cum
1804 525 2056 596 praesidio

495 616 742 679 relictus,
790 613 1124 685 Selybrianis
1181 615 1471 684 adjunctis,
1527 614 1783 685 egressus
1830 616 2054 685 oppido,

493 703 919 777 Tomprotitzam
987 706 1184 759 eximia
1233 707 1435 761 virtute
1489 694 1708 762 devicit.
1766 707 2057 778 imperitus

494 801 640 854 enim
671 801 761 855 ille
800 801 1070 866 locorum,
1104 800 1407 866 equitatum
1444 816 1541 870 per
1568 800 1762 862 fossas,
1801 810 1856 855 et
1887 816 2056 870 angu-

493 897 644 959 szias,
692 905 745 950 et
776 894 959 949 vineta
1011 894 1290 949 ducebat:
1322 894 1466 950 unde
1502 897 1763 964 superati,
1825 898 1878 950 in
1925 912 2057 950 con—

497 986 642 1040 ﬂictu
684 984 841 1055 pauci
882 984 1173 1049 cadebant,
1227 984 1380 1038 multi
1429 984 1806 1054 capiebantur,
1863 994 1916 1040 ct
1964 985 2051 1038 vix

492 1075 661 1143 aliqui
712 1074 1068 1145 effugiebant.
1137 1072 1436 1144 Captorum
1493 1074 1819 1129 illustriores
1887 1074 2052 1128 vincti

491 1166 753 1221 custodiis
796 1153 1240 1227 mandabantur,
1302 1166 1393 1219 alii
1437 1166 1652 1235 spoliati
1707 1167 2056 1221 dimitteban-

496 1269 603 1319 Iur,
648 1255 1157 1326 propemodumque
1187 1265 1242 1310 et
1269 1255 1674 1326 Tornprotitzas
1707 1256 1821 1326 ipse
1863 1265 2054 1326 captus

491 1359 595 1402 est.
655 1348 762 1401 Sed
796 1348 933 1417 fugae
982 1348 1427 1404 commoditatem
1482 1356 1698 1410 nactus,
1730 1363 1854 1401 cum
1903 1348 2030 1416 igno

495 1440 657 1492 minia
709 1441 888 1494 rediit.
925 1438 1048 1494 Post
1078 1455 1197 1494 eam
1226 1439 1434 1495 cladem
1485 1439 1598 1510 ipse
1645 1439 1911 1509 Byzantii,
1943 1439 2052 1507 jam

492 1546 659 1585 uxore
693 1530 938 1584 Romana
990 1532 1199 1601 potitus
1248 1531 1511 1597 subsedit,
1557 1546 1621 1586 ac
1652 1545 1748 1600 pro
1792 1528 2053 1601 dignitate

488 1625 554 1675 ab
606 1622 957 1691 imperatrice
1009 1631 1273 1677 tractatus
1325 1632 1408 1676 est
1451 1639 1465 1675 :
1513 1622 1834 1676 Theodorus
1886 1620 2054 1673 frater

489 1728 611 1765 cum
679 1712 924 1780 reliquiis
975 1713 1209 1767 militum
1268 1714 1488 1768 domum
1551 1713 1883 1782 remigravit.
1947 1711 2048 1765 Se-

484 1804 727 1862 Cundum
787 1804 904 1858 haec
958 1802 1366 1881 Orcbanes.ad
1424 1806 1810 1875 imperatorem
1867 1804 2053 1858 missis

489 1896 822 1961 oratoribus,
878 1896 998 1965 ejus
1044 1898 1209 1952 ﬁliam
1262 1914 1485 1952 uxorem
1535 1898 1756 1968 poscit:
1790 1912 1950 1965 quam
2008 1899 2052 1949 si

489 1989 731 2045 libenter
776 1990 1010 2053 dederit,
1043 1989 1210 2061 683
1249 1998 1437 2043 contra
1482 1988 1732 2057 quemvis
1781 1987 2052 2042 Romano-

490 2097 609 2135 rum
643 2086 854 2137 bosmm
883 2080 1083 2136 auxilia
1130 2080 1406 2151 promittit
1436 2099 1450 2135 :
1484 2064 1585 2133 nec
1615 2087 1723 2132 tam
1765 2079 1832 2132 de
1858 2087 2054 2133 eretero

488 2174 606 2230 fore
640 2175 847 2228 socium
900 2183 955 2230 et
1011 2173 1271 2240 amicum,
1306 2188 1467 2242 quam
1502 2172 1691 2237 ﬁlium,
1722 2172 2054 2241 impigreque

490 2267 569 2320 illi
598 2280 723 2320 cum
765 2265 1022 2320 omnibus
1051 2264 1227 2334 copiis
1255 2265 1369 2318 suis
1400 2262 1490 2317 ubi
1524 2263 1780 2329 voluerit,
1820 2262 2053 2316 inservi-

491 2368 693 2412 turum.
727 2356 1028 2426 Imperator
1054 2371 1229 2425 neque
1257 2356 1586 2427 legationem
1615 2354 1842 2424 sprevit,
1874 2369 2053 2423 neque

487 2449 759 2518 extemplo
790 2447 1109 2503 aﬂlnitatem
1158 2448 1437 2517 amplexus
1462 2455 1566 2509 est,
1607 2447 1701 2501 sed
1754 2446 1951 2499 leniter
1990 2459 2054 2498 ac

490 2542 700 2611 placide
730 2542 936 2612 legatos
971 2540 1258 2604 allocutus,
1300 2554 1363 2593 ac
1398 2537 1556 2593 donis
1590 2538 1754 2591 etiam
1794 2550 2052 2607 prosecu-

490 2642 595 2699 tus,
621 2633 785 2701 paulo
816 2643 939 2702 post
968 2632 1135 2687 missa
1166 2631 1437 2701 legatione
1471 2629 1702 2683 Orchani
1736 2643 1794 2684 se
1826 2643 2054 2697 respon-

485 2736 676 2775 surum
731 2721 1000 2791 promisit.
1050 2720 1142 2775 Sic
1180 2719 1342 2790 legati
1393 2720 1667 2774 abierunt.
1721 2717 2054 2787 Imperatore

485 2813 780 2865 familiares
862 2820 918 2877 et
990 2820 1248 2880 proreres
1328 2824 1496 2879 super
1568 2806 1843 2863 connubio
1931 2806 2053 2859 ﬁlia:

486 2904 835 2963 consulente.
872 2916 1062 2956 omnes
1106 2901 1260 2972 quasi
1297 2915 1361 2955 ex
1399 2900 1706 2968 composito
1746 2897 2052 2953 Orcbanem

483 2996 692 3052 socium
750 3005 806 3050 et
854 2996 1089 3050 amicum
1168 2992 1385 3047 ﬁdelem
1466 2991 1705 3056 habere,
1771 2988 2053 3059 permagni

2163 526 2353 595 στῆναι
2412 527 2716 597 βασιλέως,
2771 531 2863 582 καὶ
2929 532 2993 599 τῇ
3043 529 3273 600 βασιλίδι
3329 547 3640 611 προσχωρεῖν.

2158 617 2391 687 ἤλπισαν
2421 620 2530 688 γὰρ
2579 618 2775 682 αὐτούς
2816 638 2867 672 τι
2905 622 3046 689 μέγα
3096 623 3453 689 κατορθώσειν.
3498 633 3643 705 Καὶὴ

2161 708 2367 777 βασιλὶς
2404 711 2621 777 ἐδέξατο
2652 712 2777 773 τοὺς
2802 710 3017 779 ἄνδρας,
3058 714 3193 782 μετᾶ
3220 715 3399 788 πολλῆς
3418 720 3500 789 τῆς
3520 724 3647 791 sape.

2160 803 2305 865 νείας
2327 803 2420 856 καὶ
2450 804 2635 873 τιμῆς.
2674 805 2764 858 καὶ
2784 806 2883 874 τήν
2910 823 2968 860 τε
2998 807 3330 878 ’Δποκαύχου
3350 815 3429 866 τοῦ
3460 820 3649 887 μεγάλου

2155 894 2346 958 δουκος
2398 895 2675 964 θυγατέρα
2733 895 3001 969 συνῴκισε
3049 899 3127 967 τῷ
3180 902 3543 976 Τομπροτίτξᾳτ
3578 914 3651 963 καὶ

2160 986 2460 1053 στρατηγὸν
2517 987 2766 1050 ἀπέδειξε
2825 988 2926 1055 τῆς
2993 988 3279 1057 Ῥωμαίων
3326 998 3569 1063 στρατιᾶς.
3603 997 3648 1051 '0

2155 1076 2347 1146 δὲ,τήν
2377 1094 2436 1129 τε
2455 1079 2661 1130 οἰκείαν
2689 1079 2825 1147 ἔχων
2854 1083 2948 1134 καὶ
2969 1079 3068 1148 τὴν
3111 1080 3405 1149 Ῥωμαίων,
3438 1086 3653 1157 ἐπεστρά-

2155 1180 2313 1216 τευσε
2344 1164 2799 1234 Σηλυμϐριανοῖς,
2825 1166 3084 1235 βασιλέως
3129 1169 3474 1241 Διδυμοτείχῳ
3518 1175 3659 1227 ἐνδια-

2154 1254 2449 1323 τρίϐοντος.
2485 1255 2775 1325 Φακρασὴς
2796 1256 2853 1308 δὲ
2899 1259 2927 1309 ὁ
2957 1260 3386 1330 πρωτοστρὰτωρ
3407 1262 3499 1314 ὑπὸ
3525 1262 3650 1332 βασι-

2155 1346 2287 1407 λέως
2316 1347 2372 1398 ἐν
2408 1346 2724 1417 Σηλυμϐρίᾳ
2748 1347 3245 1418 καταλελειμμένος
3277 1354 3402 1421 μετά
3425 1358 3652 1420 στρατιᾶς,

2155 1434 2295 1504 ἔχων
2346 1435 2440 1487 καὶ
2493 1435 2621 1497 τοὺς
2675 1434 3143 1505 Σηλυμϐριανοὺς,
3207 1440 3534 1493 συνεπλέκετο
3567 1446 3655 1504 τοῖς

2157 1526 2284 1595 περὶ
2315 1526 2732 1595 Τομπροτίτζαν
2754 1526 3010 1594 ἐξελθὼν,
3044 1529 3136 1581 καὶ
3158 1528 3308 1582 ἐνίκα
3335 1530 3467 1583 κατὰ
3481 1534 3663 1602 κράτος.

2162 1619 2418 1687 Ἀπειρος
2466 1619 2571 1687 γὰρ
2634 1616 2709 1671 ὢν
2764 1619 2791 1670 ὁ
2853 1617 3272 1690 Τομπροτίτζας
3315 1621 3416 1675 τῶν
3469 1625 3663 1692 χωρίων,

2159 1710 2538 1779 ἐστρατήγησε
2572 1710 2776 1775 κακῶς,
2825 1713 2904 1772 εἰς
2937 1711 3174 1780 τάφρους
3222 1717 3315 1765 καὶ
3356 1715 3668 1784 στενοχωρίας

2160 1801 2254 1852 καὶ
2288 1799 2566 1866 ἀμπέλους
2598 1800 2725 1862 τοὺς
2759 1800 2957 1863 ἱππέας
3008 1802 3290 1872 ἐμϐαλών·
3320 1805 3435 1857 ὅθεν
3458 1806 3671 1875 ἡττηθέν-

2158 1906 2265 1953 τες.
2304 1890 2473 1957 ὀλίγοι
2503 1892 2603 1959 μὲν
2630 1890 2904 1946 ἀπέθανον
2940 1896 3080 1949 κατὰ
3100 1895 3199 1960 τὴν
3226 1895 3400 1964 μάχην
3422 1934 3437 1959 ,
3468 1897 3671 1951 ἑάλωσαν

2153 1981 2213 2035 δὲ
2253 1981 2455 2045 πολλοὶ,
2499 1982 2694 2049 ὀλίγων
2738 1983 3030 2054 διαδρᾶναι
3082 1985 3451 2055 δυνηθέντων·
3481 1980 3545 2039 ὧν
3574 1987 3671 2047 τοὺς

2158 2073 2619 2142 ὲπιφανεστέρους
2648 2074 2911 2143 δήσαντες
2959 2071 3107 2146 εἶχον
3155 2078 3215 2129 ὲν
3257 2080 3538 2148 φρουραῖς,
3572 2078 3675 2138 τοὺς

2156 2163 2199 2214 δ’
2228 2164 3093 2229 ἇ>λουςἁποδύσκντες.ἁπέ).υον.
3121 2165 3295 2221 Ἦλθε
3324 2170 3378 2222 δὲ
3408 2171 3492 2222 καὶ
3515 2172 3540 2220 ὁ
3560 2169 3669 2236 Τομ-

2157 2253 2451 2323 προτίτζας
2510 2254 2676 2322 ἐγγὺς
2714 2255 2941 2320 ἁλῶναι,
2970 2258 3120 2327 ὅμως
3148 2258 3428 2329 διαδρᾶναι
3468 2260 3677 2328 δυνηθεὶς

2155 2346 2456 2415 ἀνέστρεφε
2513 2348 3026 2417 κατῃσχυμμένος’
3082 2350 3224 2417 μετὰ
3281 2351 3378 2419 τὴν
3426 2344 3580 2422 ἧτταν
3633 2349 3677 2401 δὲ

2155 2437 2390 2507 ἐκείνην,
2424 2437 2839 2506 Τομπροτίτζας
2872 2440 2968 2507 μὲν
3002 2440 3329 2493 ὑπελείπετο
3355 2442 3408 2493 ἐν
3424 2439 3681 2508 Βυζαντίῳ.

2157 2530 2256 2599 ἤδη
2277 2532 2512 2597 γυναῖκα
2535 2529 2675 2599 ἔχων
2702 2531 2766 2582 ὲκ
2803 2530 3108 2600 Ῥωμαίων,
3162 2535 3261 2586 καὶ
3289 2533 3451 2603 τιμῆς
3480 2532 3679 2586 ἀπέλαυε

2156 2623 2307 2689 παρὰ
2355 2621 2624 2691 βασιλίδος
2649 2622 2749 2689 τῆς
2781 2621 2937 2687 ἀξίας
2957 2638 2969 2652 ⁸
3002 2622 3280 2692 Θεόδωρος
3313 2622 3370 2678 δὲ
3418 2626 3445 2677 ὁ
3493 2623 3680 2689 ἀδελφὸς

2155 2716 2484 2784 ἀνέστρεφεν
2513 2716 2592 2776 εἰς
2608 2714 2707 2785 τὴν
2737 2714 2940 2777 οἰκίαν,
2967 2717 3066 2786 τὴν
3093 2717 3552 2787 ὑπολελειμμένην
3572 2716 3683 2784 ἔχων

2158 2809 2442 2876 στρατιάν.
2474 2807 2629 2860 Μετὰ
2660 2806 2821 2859 τοῦτο
2835 2807 3122 2876 Ὀρχάνης,
3160 2810 3304 2879 πρὸς
3337 2805 3683 2873 Καντακουξη-

2156 2900 2246 2951 νὸν
2270 2899 2360 2950 τὸν
2391 2898 2616 2968 βασιλέα
2649 2898 2949 2968 πρεσϐείαν
2981 2898 3209 2969 πέμψας
3237 2939 3252 2962 ,
3292 2900 3443 2971 ἠξίου
3470 2897 3686 2953 ὲκόοὗναί
3714 2970 3717 2971 ν

2155 2989 2205 3043 οἱ
2261 2987 2397 3057 πρὸς
2430 2988 2607 3056 γάμον
2663 2986 2763 3055 τὴν
2813 2988 3124 3058 θυγατέρασ
3161 2988 3531 3059 ἐπηγγέλλετό
3555 3003 3607 3039 τε
3649 2984 3685 3035 ιι³

486 3089 750 3144 interesse
799 3088 1074 3153 dixerunt.
1101 3084 1158 3155 ld
1195 3086 1373 3155 ipsum
1414 3084 1541 3139 dein
1592 3099 1689 3152 per
1735 3083 1940 3153 legatos
1986 3092 2048 3135 ex

2157 3083 2516 3151 παράσχοιτο,
2553 3080 2850 3149 προθύμως
2882 3082 3274 3151 συμμαχήσειν
3333 3080 3473 3135 κατὰ
3525 3076 3690 3136 παντος

483 3177 710 3232 Amurio
763 3175 1056 3247 quaesivit,
1121 3175 1211 3243 qui
1276 3172 1681 3227 matrimonium
1742 3171 1923 3233 istuc,
1993 3176 2053 3223 ut

485 3263 776 3338 optimum,
807 3268 1153 3337 approbavit,
1182 3265 1606 3334 aillnitatemque
1635 3264 1860 3319 minime
1890 3280 2052 3334 repu-

485 3359 738 3414 diandam
771 3358 1005 3413 censuit.
1040 3358 1347 3412 Amicitiam
1381 3358 1528 3411 enim
1578 3367 1636 3412 et
1676 3356 2054 3425 propinquita—

483 3457 595 3506 tem
619 3450 779 3504 istam
803 3447 1052 3515 Barbari,
1078 3445 1168 3517 qtii
1195 3448 1459 3502 adversus
1477 3446 1661 3500 hostes
1683 3444 2052 3499 Romanorum

484 3542 714 3596 multum
745 3549 953 3610 posset,
999 3539 1372 3607 maximopere
1403 3537 1902 3608 ipsi’profuturam.
1938 3535 2051 3589 Etsi

444 3632 629 3688 enim
666 3632 720 3685 in
758 3630 1049 3701 praesentia
1103 3630 1168 3683 ad
1216 3629 1417 3682 bellum
1463 3638 1652 3682 contra
1699 3627 2053 3697 ImmOphylos

480 3727 586 3791 iam
653 3722 988 3807 depressos,
1049 3731 1102 3776 et
1166 3720 1233 3775 ad
1293 3719 1651 3774 resistendum
1709 3717 2048 3782 imbecilles,

481 3814 846 3875 Barbarorum
898 3830 1001 3884 ope
1053 3829 1161 3871 non
1215 3822 1448 3883 egeret:
1493 3822 1550 3866 at
1595 3821 1743 3865 certe
1791 3812 1835 3864 si
1886 3808 2051 3863 tutius

481 3906 694 3974 imperii
763 3906 991 3973 Romani
1052 3917 1245 3979 pptens
1310 3905 1515 3968 fuerit,
1578 3913 1770 3958 contra
1839 3904 2049 3957 vicinos

480 3994 779 4064 dynastas,
811 3996 904 4065 qui
976 4005 1124 4050 tanta
1185 3996 1324 4051 ultro
1374 3995 1698 4049 detrimenta
1753 3992 2046 4055 dederint,

479 4083 791 4154 multasque
825 4085 987 4140 urbes
1015 4101 1079 4139 ac
1110 4087 1361 4155 regiones
1388 4103 1415 4140 a
1446 4087 1754 4155 principatu
1805 4086 2049 4139 Romano

477 4176 796 4240 avulserjnt,
823 4175 1038 4231 Persico
1063 4176 1257 4232 robore
1281 4192 1417 4248 opus
1441 4180 1770 4232 habiturum.
1806 4177 2047 4230 Allirma-

478 4266 568 4320 bat
595 4266 779 4339 igitur,
822 4267 965 4321 scire
994 4281 1073 4331 se,
1107 4265 1414 4322 Orcbauem
1469 4272 1780 4337 neutiquam
1825 4269 2048 4323 omnino

479 4369 586 4412 tam
619 4357 845 4414 causam
890 4360 946 4425 in
978 4360 1367 4429 imperatorem
1412 4361 1851 4417 benevolentiam
1886 4377 2048 4416 nava—

476 4460 678 4513 turum,
714 4467 877 4518 quam
922 4454 1038 4522 ipse
1067 4461 1325 4509 navasset
1358 4471 1371 4507 :
1403 4454 1696 4523 caateroqui
1738 4454 1891 4507 illum
1934 4470 2047 4509 non

484 4542 773 4598 diﬁiculter
815 4559 976 4614 posse
1003 4560 1345 4610 succurrere,
1384 4561 1505 4600 cum
1546 4547 1648 4601 sibi
1684 4562 1783 4617 per
1813 4549 2043 4603 alienam

483 4634 815 4704 provinciam
849 4636 1017 4691 multa
1044 4652 1166 4691 tum
1203 4637 1519 4693 diliicultate
1551 4640 1617 4692 ad
1667 4654 1790 4693 eum
1824 4640 2045 4694 venien-

473 4724 606 4776 dum
667 4722 780 4788 sit;
845 4732 901 4778 et
954 4724 1044 4792 qui
1102 4725 1204 4777 sibi
1257 4727 1674 4790 continentem,
1741 4742 1771 4781 e
1826 4728 2045 4796 regione

398 4812 404 4817 ’
479 4814 770 4868 Thraciam
819 4815 1204 4884 respicientem
1238 4816 1595 4880 subdidisset,
1642 4818 1790 4871 nullo
1833 4818 2044 4883 labore,

474 4906 697 4976 quando
742 4906 923 4972 vellet,
976 4922 1133 4977 opem
1183 4908 1494 4963 allaturum.
1552 4909 1661 4965 llas
1712 4913 1779 4966 ob
1827 4925 2041 4978 causas,

472 4996 723 5066 quamvis
770 4998 974 5068 alioqui
1028 5015 1136 5053 non
1192 5002 1264 5054 ita
1304 5000 1537 5067 ,liberet,
1591 5001 1928 5068 aﬁinitatem,
1987 5012 2045 5058 ut

472 5090 734 5144 Romanis
758 5091 1123 5157 utilissimam,
1147 5109 1269 5147 cum
1295 5108 1360 5147 eo
1378 5093 1716 5163 iungendam
1754 5094 2038 5161 suadebat,

473 5183 725 5246 addens,
796 5183 850 5237 in
926 5185 1135 5238 nullum
1197 5185 1403 5242 crimen
1473 5185 1598 5240 ideo
1650 5186 2041 5249 incursurum,

472 5272 741 5342 siquidem
772 5288 880 5337 non
909 5273 1062 5342 pauci
1094 5275 1435 5345 superiorum
1468 5285 1770 5345 temporum
1806 5277 2010 5346 impera

473 5376 661 5429 tores,
726 5380 835 5434 quo
896 5366 1237 5419 subditorum
1299 5367 1602 5422 rationibus
1654 5369 2040 5436 providerent,

477 5455 692 5525 Scythis
752 5466 807 5511 et
861 5456 982 5510 aliis
1043 5457 1368 5526 quibusdam
1425 5457 1675 5515 Barbaris
1725 5459 1862 5514 ﬁlias
1915 5475 2042 5513 suas

483 5545 930 5616 despondissent.
969 5548 1081 5603 Hoc
1129 5550 1228 5603 fuit
1277 5552 1487 5604 Amurii
1523 5551 1838 5607 consilium.
1872 5551 2042 5623 Cujus

481 5636 651 5689 animi
702 5639 1024 5694 modestiam
1073 5632 1372 5697 admiratus
1410 5651 1494 5697 est
1540 5642 1858 5713 imperator,
1897 5646 2041 5713 quod

470 5725 846 5795 conﬁteretur,
893 5731 1202 5787 ()rcltanem
1237 5748 1295 5787 se
1345 5734 1464 5804 ipso
1510 5736 1744 5805 amplius
1790 5735 2032 5806 profutu-

2158 3173 2418 3241 πολεμίου
2452 3173 2565 3232 τοῖς
2605 3171 2897 3238 Ῥωμαίοις
2919 3188 2935 3205 ’
2962 3172 3147 3226 οὐκέτι
3181 3177 3295 3244 γὰρ
3324 3170 3533 3226 ἔσεσθαι
3582 3166 3687 3234 σύμ·

2158 3280 2332 3334 μαχον
2361 3264 2457 3316 καὶ
2489 3263 2667 3330 φίλον,
2702 3261 2837 3315 ἀλλὰ
2867 3264 3001 3328 υἱὸν,
3040 3263 3134 3316 καὶ
3174 3256 3473 3332 προθύμως
3508 3253 3693 3312 δουλεύ-

2156 3371 2271 3408 σειν
2301 3355 2463 3407 αὐτόν
2503 3370 2563 3407 τε
2619 3356 2713 3408 καὶ
2764 3354 2863 3423 τὴν
2902 3352 3203 3424 σύμπασαν
3270 3353 3524 3423 στρατιὰν
3551 3344 3601 3401 οἷ
3637 3347 3691 3399 ἄν

2155 3443 2389 3498 κελεύοι.
2422 3442 2688 3506 Βασιλεὺς
2717 3445 2775 3497 δὲ
2814 3443 2938 3497 οὕτε
2972 3445 3257 3499 ἀπείπατο
3286 3445 3388 3514 τὴν
3417 3439 3697 3513 πρεσϐείαν.

2155 3534 2269 3588 οὔτ’
2317 3534 2480 3597 εὐθὺς
2544 3534 2798 3588 συνέθετο
2845 3536 2985 3605 πρὸς
3034 3535 3132 3606 τὴν
3191 3536 3530 3606 ἐπιγαμίαν·
3586 3530 3697 3589 ἀλλ)

2156 3628 2446 3700 προσηνῶς
2479 3644 2536 3680 τε
2568 3630 2662 3682 καὶ
2684 3628 2905 3698 ἡμέρως
2923 3632 3035 3693 τοῖς
3065 3630 3340 3698 πρέσϐεσι
3365 3628 3701 3700 χρηματίσας.

2155 3720 2250 3772 καὶ
2286 3719 2438 3790 δῶρα
2476 3722 2916 3789 παρασχόμενος,
2949 3719 3046 3774 νῦν
3084 3721 3182 3790 μὲν
3216 3722 3377 3788 ἔλεγε
3415 3720 3574 3790 μηδὲν
3594 3718 3698 3768 ἁποο

2153 3810 2475 3882 κρινείσθαι,
2508 3811 2734 3882 ὕστερον
2767 3812 2824 3864 δὲ
2844 3812 3011 3882 ὀλίγῳ
3037 3813 3267 3883 πέμψας
3292 3812 3603 3885 πρεσϐείαν,
3621 3806 3703 3876 τὴν

2151 3905 2441 3973 ἀπόκρισιν
2472 3902 2819 3973 ποιήσεσθαι.
2840 3905 2903 3957 Οί
2936 3904 3035 3974 μὲν
3085 3903 3444 3976 οὒνὈρχάνη
3480 3900 3702 3971 πρέσϐεις

2152 3998 2485 4066 ἀνέστρεφον
2520 3998 2601 4059 είς
2640 3996 2738 4066 τὴν
2775 3997 2977 4054 οἰκίαν.
3025 3999 3296 4063 Βασιλεὺς
3347 4000 3407 4053 δὲ
3458 4002 3588 4068 μετὰ
3617 3994 3705 4047 τῶν

2150 4089 2365 4151 οἰκείων
2387 4090 2481 4141 καὶ
2500 4088 2610 4142 τῶν
2630 4089 2687 4141 ὲν
2713 4090 2871 4142 τέλετ
2910 4089 3234 4144 ἐϐουλεύετο
3259 4109 3329 4144 πε
3339 4093 3396 4161 pl.
3421 4089 3512 4142 τοῦ
3532 4089 3703 4156 γάμου.

2151 4185 2196 4233 εί
2238 4179 2342 4251 χρὴ
2375 4180 2477 4248 τὴν
2530 4180 2804 4253 θυγατέρα
2849 4180 2926 4250 τῷ
2992 4182 3224 4253 Ὀρχάνῃ
3291 4182 3579 4242 ἐκδιδόναι,
3627 4177 3705 4229 καὶ

2149 4270 2352 4332 πάντες
2380 4269 2567 4341 ὥσπερ
2620 4271 2685 4321 ὲκ
2715 4268 3077 4339 συνθήματος,
3117 4274 3421 4339 κράτιστον
3453 4264 3583 4326 εἶναι
3612 4266 3705 4317 ἕλε·

2151 4378 2248 4426 γον
2284 4363 2553 4431 Ὀρχάνην
2608 4362 2755 4431 ἔχειν
2802 4361 3092 4433 σύμμαχον
3125 4365 3222 4416 καὶ
3278 4364 3441 4432 φίλον
3497 4360 3705 4430 βέϐαιον.

2082 4416 2123 4468 1)
2154 4416 2415 4516 ίῖασιλείιέ·
2452 4416 2802 4522 δέκαὶῆπρδς
2845 4416 3048 4523 ’Ᾰιλσὺὶ
3093 4416 3408 4525 πρεσϐείαν
3443 4416 3647 4531 πέμψας
3667 4446 3704 4496 εί

2150 4545 2331 4613 δοκοίη
2368 4543 2578 4614 βέλτιον
2605 4540 2862 4597 εἶναικαὶ
2889 4543 3037 4613 αὐτῷ
3059 4544 3155 4614 τὴν
3181 4544 3473 4614 θυγατέρα
3509 4534 3708 4594 συνοικί-

2150 4638 2265 4699 ζειν
2294 4634 2628 4691 ἐπυνθάνετο
2662 4634 2919 4703 Ὀρχάνῃ.
2974 4635 3035 4686 Ὃ
3069 4636 3126 4688 δὲ
3166 4636 3404 4704 ἄριστον
3430 4626 3709 4703 ἠγεῖτο.καῖ

2152 4722 2506 4775 συνεϐούλευε
2533 4721 2786 4792 δέχεσθαι
2812 4722 2874 4775 τὸ
2922 4724 3102 4793 κῆδος.
3153 4724 3422 4781 Μάλιστα
3448 4722 3554 4791 γὰρ
3582 4714 3706 4780 αὖτέ.)

2148 4812 2445 4867 λυσιτελεῖν
2478 4814 2578 4884 τὴν
2608 4813 2792 4881 φιλίαν
2844 4815 2940 4873 καὶ
2977 4814 3077 4884 την
3114 4814 3444 4884 οἰκειότητα
3477 4812 3569 4866 τοῦ
3600 4811 3711 4879 βαρ·

2149 4910 2319 4979 ϐάρου
2375 4908 2586 4980 μεγάλα
2641 4908 2942 4978 δυναμένου
2985 4912 3217 4977 ὠφελεῖν
3247 4911 3400 4974 κατὰ
3453 4907 3561 4961 τῶν
3598 4904 3714 4955 Tw-

2151 5000 2328 5068 μαίοις
2347 5001 2643 5070 πολεμίων.
2669 5001 2730 5054 El
2748 5000 2854 5070 γὰρ
2876 5002 2969 5054 καὶ
2992 5002 3066 5071 μὴ
3089 5002 3265 5055 δέοιτο
3297 5001 3424 5055 νυνὶ
3448 4996 3717 5069 βαρϐάρων

2148 5095 2284 5165 πρὸς
2313 5095 2404 5148 τὸν
2450 5094 2563 5149 τῶν
2591 5095 2877 5165 ὁμοφύλων
2926 5096 3185 5167 πόλεμον,
3235 5091 3712 5160 τεταπεινωμένων

2147 5187 2245 5255 ἤδη
2271 5188 2363 5239 καὶ
2396 5185 2471 5256 μὴ
2498 5187 2808 5256 δυναμένων
2854 5187 3352 5241 ἀντικαθίστασθαι
3402 5183 3575 5250 αὐτῷ,
3614 5177 3715 5233 ἀλλ’

2145 5277 2237 5332 οὖν
2272 5281 2321 5330 εἰ
2353 5281 2500 5331 πᾶσα
2541 5280 2572 5350 ή
2615 5278 2904 5348 Ῥωμαίων
2945 5278 3038 5331 ὑπ’
3069 5279 3232 5331 αὑτὸν
3274 5279 3501 5346 γένοιτο
3527 5277 3716 5344 ἡγεμο-

2150 5370 2257 5434 νίαν
2284 5370 2420 5437 πρὸς
2441 5372 2566 5431 τοὺς
2594 5371 2823 5441 ὁμόρους
2846 5370 3112 5430 δυνάστας
3139 5370 3447 5438 δεήσεσθαι
3480 5369 3577 5435 τῆς
3602 5366 3721 5429 Περι

2147 5462 2304 5530 σικῆς
2340 5462 2642 5531 δυνάμεως,
2671 5461 2841 5514 πολλὰ
2872 5463 3202 5533 ἠδικηκότας
3256 5466 3368 5517 καὶ
3401 5462 3587 5533 χώρας
3632 5455 3719 5524 τῆς

2165 5554 2453 5623 Ῥωμαίων
2489 5554 3047 5625 παρασπασαμὲνους.
3081 5554 3304 5607 Είδέναι
3350 5558 3457 5623 μὲν
3488 5550 3581 5606 οὖν
3606 5552 3722 5617 ἔφα·

2154 5662 2303 5711 σκεν,
2351 5645 2426 5707 ὼς
2455 5645 2568 5697 οὐδ’
2597 5643 2662 5697 ἂν
2699 5645 2753 5697 εἴ
2793 5662 2846 5699 τι
2877 5646 3087 5714 γένοιτο
3139 5647 3433 5717 τοσαύτην
3477 5642 3720 5714 ὐρχεὶκιης

2148 5736 2359 5793 εὔνοιαν
2393 5735 2758 5801 ἐπιδείξεσθαι
2793 5737 3030 5803 δύναιτο,
3050 5740 3181 5815 ὅσην
3212 5740 3394 5803 αὐτὸς
3428 5740 3567 5808 πρὸς
3594 5738 3720 5806 βασι·
3748 5725 3757 5748 ⁸
