4066 6298
380 397 520 465 ἓ2Ἱ3

1495 396 2033 458 HISTORIARUM
2075 397 2307 459 LIBER
2350 399 2493 479 Ill.-

3444 397 3612 497 ιιι-ιι
3654 368 3659 373 ’

371 510 490 566 λέα.
538 507 679 564 Ἀλλ’
703 507 795 563 οῦν
818 506 1054 579 εὐχερῶς
1084 507 1291 559 ἐκεῖνον
1312 506 1455 576 ἔχειν
1490 508 1706 577 βοηθεῖν
1730 525 1745 539 ·
1776 508 1936 562 αὑτὸν

2045 525 2186 572 rum,
2215 519 2269 564 et
2306 511 2583 565 sincerum
2620 510 3020 578 candidumque
3061 521 3273 580 pectus,
3305 493 3460 578 (ιυοᾶ
3476 493 3611 580 quae

373 602 430 655 δὶ
458 600 661 670 πολλῆς
688 598 892 653 δεῖσθαι
920 599 1330 669 πραγματείας,
1366 598 1453 653 διὰ
1482 600 1769 670 ἀλλοτρίας
1803 600 1941 670 πρὸς

374 692 535 745 αὑτὸν
571 691 717 744 ταντα
733 691 877 759 γῆς’
922 691 1155 763 ὀρχάνῃ
1186 689 1368 758 δὲτὴν
1405 691 1941 762 ἀντιπέρανθρᾴκης

374 784 599 854 ἤπειρον
627 783 717 851 ὑφ’
748 781 938 836 ἑαυτὸν
986 783 1357 851 πεποιημένῳ,
1426 783 1610 853 ῥᾴδιον
1664 779 1803 836 εἶναι
1851 783 1937 835 ὅτε

377 875 618 943 βούλοιτο
672 874 865 943 ῥᾳδίαν
903 873 1178 925 ποιεῖσθαι
1230 872 1330 943 τὴν
1382 873 1738 942 ἐπικουρίαν·
1792 873 1860 926 δι’
1904 873 1940 927 ἃ

376 966 724 1020 συνεϐούλευε
778 966 837 1018 τὸ
868 965 1026 1033 κῆδος
1052 965 1311 1031 ἐκτελεῖν,
1350 965 1427 1028 ὡς
1455 967 1525 1019 τὰ
1549 967 1814 1036 κράτιστα
1846 968 1938 1019 λυ-

376 1057 658 1133 σιτελῇσον
688 1058 800 1118 τοῖς
849 1056 1165 1124 Ῥωμαίοις,
1217 1056 1321 1108 κᾶν
1353 1057 1425 1125 μὴ
1469 1060 1560 1109 καὶ
1607 1059 1748 1109 πάνυ
1801 1058 1943 1111 κατὰ

372 1148 600 1217 γνώμην
625 1144 680 1219 ᾖ,
710 1147 862 1200 οὐδὲν
889 1146 943 1199 δὲ
968 1148 1214 1215 ποιήσειν
1233 1148 1378 1213 ἄξιον
1413 1148 1611 1212 αἰτίας,
1643 1151 1689 1201 εί
1716 1150 1807 1202 καὶ
1835 1151 1943 1202 τῶν

374 1240 483 1308 πρὸ
511 1239 678 1292 αὑτοῦ
714 1239 1174 1308 βεϐασιλευκότων
1226 1240 1326 1292 οὐκ
1352 1240 1524 1304 ὀλίγοι
1560 1240 1795 1303 Σκύθαις
1845 1245 1942 1295 καὶ

374 1332 553 1395 ἄλλοις
575 1333 687 1385 τισὶ
729 1330 1026 1401 βαρϐάροις
1060 1330 1158 1391 τὰς
1200 1329 1507 1400 θυγατέρας
1540 1332 1812 1398 ἐξέδωκαν
1842 1336 1941 1397 τὰς

371 1424 580 1478 ἑαυτῶν
620 1425 755 1492 πρὸς
802 1422 863 1475 τὸ
911 1421 1218 1476 λυσιτελοῦν
1247 1425 1358 1488 τοῖς
1392 1424 1675 1494 ὑπηκόοις.
1707 1428 1944 1483 Τοιαῦτα

376 1515 473 1583 μὲν
502 1517 529 1567 ὁ
570 1514 774 1583 ’Λμοὺρ
808 1513 1061 1584 παρῄνει.
1113 1514 1378 1578 Βασιλεὺς
1426 1516 1484 1568 δὲ
1515 1516 1574 1568 τό
1606 1535 1665 1569 τε
1723 1520 1943 1587 μέτριον

371 1603 462 1657 τοῦ
522 1604 867 1674 φρονήματος
925 1601 1231 1671 ἐθαύμαζεν
1302 1603 1506 1673 Ἀμοὺρ
1545 1604 1625 1655 δτι
1676 1604 1942 1673 Ὀρχοὶνην

272 1686 277 1695 ’
370 1695 535 1747 αὑτοῦ
601 1695 801 1761 μᾶλλον
847 1694 1115 1767 ὡμολόγει
1149 1694 1466 1755 λυσιτελεῖν.
1523 1696 1707 1749 καὶτὸ
1756 1696 1942 1749 ἄδολον

272 1818 273 1821 η
368 1786 462 1837 καὶ
504 1785 744 1855 καθαρὸν
772 1785 875 1853 τῆς
928 1786 1174 1855 γνώμης,
1213 1789 1295 1838 ὅτι
1341 1787 1377 1840 ἃ
1409 1787 1581 1839 ἐδόκει
1610 1786 1935 1847 λυσιτελεῖν,

367 1875 466 1928 οὐκ
497 1876 901 1945 ἀπεκρύπτετο,
958 1877 1055 1929 καὶ
1088 1877 1335 1929 ἐπείθετο
1377 1877 1512 1946 πρὸς
1545 1878 1643 1947 τὴν
1674 1879 1938 1947 παραίνε-

367 1981 475 2019 σιν.
527 1967 761 2035 Πέμψας
807 1966 863 2019 δὲ
912 1967 1208 2035 πρεσϐείαν
1250 1970 1385 2038 πρὸς
1438 1969 1722 2038 Ὀρχάνην,
1753 1974 1851 2039 τήν
1878 1989 1938 2023 τε

367 2056 646 2125 θυγατέρα
684 2059 1057 2125 κατηγγυᾶτο,
1116 2061 1211 2112 καὶ
1235 2059 1505 2130 ,στρατιὰν
1544 2063 1762 2115 ἐκέλευε
1798 2065 1934 2133 πέμ-

365 2163 514 2212 πειν,
571 2148 694 2217 ἥτις
739 2149 856 2213 ἄξει
914 2149 1014 2218 τὴν
1073 2152 1308 2217 γυναῖκα
1362 2151 1503 2220 πρὸς
1563 2153 1746 2207 αὐτόν.
1803 2154 1860 2205 Ὁ
1892 2155 1937 2206 δ’

363 2236 614 2307 ἔπεμπεν
631 2237 827 2291 αὐτίκα
866 2239 999 2302 ναῦς
1028 2259 1086 2293 τε
1112 2243 1429 2310 τριάκοντα,
1478 2247 1570 2298 καὶ
1613 2246 1813 2307 ἱππέας
1838 2248 1937 2299 οὐκ

360 2330 601 2399 ὀλίγους,
653 2331 745 2383 καὶ
800 2332 930 2395 τοὺς
990 2336 1447 2403 ὲπιφανεστέρους
1482 2336 1589 2389 τῶν
1636 2337 1933 2391 ὑπἀὐτὸν.

359 2421 627 2483 Βασιλεύς
665 2438 723 2473 τε
749 2422 885 2491 μετὰ
914 2422 1015 2490 τῆς
1055 2426 1315 2492 στρατιᾶς
1360 2421 1647 2494 Ῥωμαίων
1694 2427 1793 2495 ὅση
1844 2423 1932 2497 ἦν,

355 2503 500 2579 ἧκεν
527 2511 609 2572 είς
661 2510 1011 2581 Σηλυμϐρίαν
1069 2513 1208 2582 μετὰ
1242 2515 1502 2579 γυναικὸς
1532 2514 1633 2582 τῆς
1667 2514 1937 2587 βασιλίδος

359 2603 459 2655 καὶ
501 2603 611 2655 τῶν
644 2603 979 2673 θυγατέρων,
1038 2606 1131 2657 καὶ
1162 2605 1380 2657 ἐκέλευε
1422 2608 1526 2677 πρὸ
1563 2609 1662 2676 τῆς
1729 2608 1936 2671 πόλεως

357 2694 423 2746 ὲν
449 2693 528 2763 τῷ
565 2693 732 2762 πεδίῳ
765 2695 1038 2763 πρόκυψιν
1074 2700 1246 2748 ποιεῖν
1294 2699 1356 2750 ἐκ
1385 2698 1578 2764 ξύλων,
1622 2698 1689 2749 ἵν’
1716 2702 1805 2752 ἐπ’
1833 2700 1933 2752 αύ-

357 2783 462 2852 τὴν
491 2784 522 2853 ἡ
555 2782 817 2852 βασιλέως
845 2774 1228 2856 νυμφευομένη
1264 2787 1510 2857 θυγᾶιτηρ
1563 2792 1758 2852 στᾶσα,
1797 2794 1932 2842 πᾶσι

356 2873 577 2941 γένοιτο
601 2875 939 2945 καταφανής.
974 2874 1133 2928 Οὕτω
1165 2878 1274 2945 γὰρ
1301 2877 1423 2940 ἔθος
1456 2876 1596 2931 εἶναι
1630 2881 1742 2942 τοῖς
1775 2880 1932 2950 βασι-

356 2963 520 3019 λεῦσι
548 2966 719 3017 ποιεῖν
746 2965 839 3018 ἐπὶ
865 2959 982 3030 ταῖς
1012 2966 1317 3039 θυγατράσι
1352 2969 1486 3037 πρὸς
1519 2974 1695 3040 γάμον
1726 2972 1932 3041 ἀγομέ-

357 3072 505 3119 ναις.
558 3057 791 3110 Ἔπειτα
848 3058 1064 3111 ἐκέλευε
1112 3061 1203 3111 καὶ
1249 3064 1347 3128 τὴν
1398 3061 1687 3131 βασιλικὴν
1728 3062 1933 3132 σκηνὴν

2045 599 2349 654 conducere
2384 598 2633 669 putabat.
2668 616 2772 655 non
2825 601 3106 655 tacuisset.
3151 600 3337 671 Itaque
3370 600 3611 668 comple-

2043 695 2198 744 ctens
2227 689 2346 758 ejus
2381 685 2734 754 sententiam,
2784 704 2881 759 per
2929 688 3134 759 legatos
3162 688 3399 743 Orchani
3446 686 3606 740 ﬁliam

2043 778 2364 847 despondet,
2425 779 2783 846 hortaturque
2838 780 2916 834 uti
2974 795 3265 834 numerum
3317 779 3606 832 militarem

2045 872 2326 935 mitteret,
2397 888 2516 941 qua:
2566 888 2825 943 sponsam
2890 872 3209 926 adduceret.
3281 872 3382 938 Qui
3446 885 3613 924 naves

2045 964 2286 1033 triginta.
2306 973 2361 1019 et
2387 965 2629 1035 equitum
2661 979 2913 1035 magnam
2938 964 3069 1029 vim,
3097 973 3259 1031 atque
3281 979 3310 1016 e
3336 961 3611 1031 provincia

2045 1072 2143 1112 sua
2178 1057 2326 1111 viros
2357 1057 2723 1111 nobilissimos
2755 1057 2901 1112 illico
2931 1056 3097 1111 misit.
3119 1055 3286 1127 684
3312 1056 3612 1124 Imperator

2044 1162 2165 1201 cum
2223 1155 2336 1201 toto
2394 1149 2635 1201 exercitu
2692 1147 2960 1212 Remane,
3029 1162 3264 1214 cumque
3335 1155 3501 1199 nxorc
3556 1154 3607 1198 et

2045 1239 2257 1293 ﬁliabus
2312 1239 2614 1308 Selybriam
2685 1240 3007 1309 profectus,
3073 1240 3124 1291 in
3197 1238 3423 1305 planitie
3480 1250 3607 1292 ante

2044 1331 2232 1384 urbem
2284 1330 2583 1384 tabulatum
2639 1330 2879 1400 ligneum
2933 1330 3159 1385 excitari
3208 1330 3395 1395 jussit,
3443 1345 3607 1398 suprr

2043 1436 2149 1490 quo
2208 1427 2443 1488 nuptura
2496 1421 2605 1473 ﬁlia
2653 1420 3005 1484 consistens,
3074 1421 3491 1488 conspiceretur
3542 1418 3609 1470 ab

2044 1509 2319 1563 omnibus.
2352 1511 2504 1563 llune
2526 1508 2670 1562 enim
2701 1524 2906 1563 morem
2933 1510 3293 1579 imperatores
3320 1507 3612 1562 servabant

2043 1601 2095 1654 in
2128 1601 2357 1663 ﬁliabus,
2394 1616 2516 1653 cum
2548 1600 2613 1654 ad
2644 1601 2861 1669 nuptias
2895 1599 3231 1654 abducenda:
3262 1596 3603 1667 essent(ﬁ.3}.

2046 1693 2246 1745 Deinde
2269 1701 2323 1745 et
2360 1693 2770 1759 imperatorium
2805 1692 3213 1745 tabernaculum
3246 1706 3414 1758 prope
3444 1690 3607 1743 statui

2043 1783 2341 1836 mandavit.
2407 1783 2618 1847 Quibus
2685 1783 2926 1852 paratis,
2990 1782 3302 1851 imperatrix
3383 1792 3436 1835 et
3488 1781 3610 1833 ﬁlia:

2042 1871 2263 1936 ibidem,
2298 1875 2600 1941 imperator
2624 1874 2678 1926 in
2705 1875 2903 1929 castris
2931 1881 3149 1927 noctem
3178 1874 3310 1943 egit.
3340 1872 3610 1927 Postridie

2042 1963 2389 2031 imperatrice
2413 1980 2535 2017 cum
2567 1966 2709 2019 binis
2740 1965 2954 2019 ﬁliabus
2979 1966 3031 2017 in
3065 1964 3301 2018 tentorio
3327 1972 3604 2028 manente,

2040 2068 2237 2120 sponsa
2281 2053 2564 2108 'l'heodora
2618 2056 2914 2109 tabulatum
2968 2055 3310 2117 censcendit,
3356 2055 3472 2108 solo
3506 2055 3608 2107 im-

2042 2156 2292 2217 peratore
2326 2162 2467 2216 equo
2500 2147 3043 2212 insidente,.c;eteris
3071 2145 3137 2199 ad
3172 2160 3336 2198 unum
3382 2145 3609 2199 astanti-

2044 2238 2169 2294 Iius.
2203 2237 2339 2292 Tum
2388 2240 2825 2308 pcnipetasmatis
2871 2239 2927 2293 in
2961 2239 3190 2294 circuitu
3239 2238 3435 2292 ablatis
3468 2239 3609 2307 (erat

2038 2331 2184 2385 enim
2243 2330 2541 2387 tabulatum
2602 2331 2856 2399 appensis
2907 2346 2972 2385 ex
3025 2330 3173 2384 omni
3222 2340 3374 2399 parte
3416 2328 3608 2382 aulaeis

2039 2420 2250 2483 sericis,
2286 2428 2340 2473 et
2370 2434 2501 2473 auro
2531 2420 2841 2473 intertextis
2889 2416 3189 2485 ornatum),
3220 2431 3423 2487 Ipmsa
3470 2432 3603 2471 con-

2038 2519 2224 2581 Speeta
2272 2519 2377 2574 est,
2411 2510 2599 2565 dextra
2634 2512 2873 2580 laevaque
2926 2510 3175 2564 accensis
3224 2508 3601 2577 lampadibus,

2038 2614 2174 2669 quas
2230 2599 2468 2654 eunuchi
2539 2599 2595 2652 in
2656 2612 2829 2669 genua
2902 2597 3251 2651 subsidentes
3318 2595 3599 2649 tenebant.

2040 2691 2393 2746 Resonabant
2416 2690 2562 2745 tubae
2596 2698 2648 2744 et
2680 2690 2824 2744 tibiae
2857 2704 2918 2744 ac
2966 2687 3160 2741 ﬁstula:
3199 2687 3519 2757 plurimum,
3551 2693 3606 2739 et

2037 2796 2375 2851 quascunque
2427 2780 2494 2834 ad
2551 2795 2712 2835 aures
2756 2780 3108 2834 oblectandas
3163 2778 3230 2831 ab
3294 2776 3607 2830 hominibus

2037 2871 2399 2923 instrumenta
2427 2872 2633 2924 musica
2660 2871 2966 2940 excogitata
2995 2878 3146 2924 sunt.
3181 2868 3249 2922 lis
3275 2867 3604 2928 tacentibus,

2034 2979 2286 3022 cantores
2333 2981 2362 3019 a
2396 2966 2570 3032 poetis
2624 2964 2812 3019 laudes
2858 2964 2912 3017 in
2963 2978 3216 3033 sponsam
3268 2961 3601 3029 compositas

2035 3059 2472 3112 modulabantur.
2521 3055 2718 3109 Finitis
2763 3056 3098 3108 solemnibus
3150 3052 3439 3112 universis,
3488 3064 3606 3118 qum

355 3148 530 3216 ἔγγὺς
555 3147 728 3216 ίσεᾷν.
769 3147 920 3202 Ἐπεὶ
951 3149 1005 3202 δὲ
1036 3144 1176 3219 ἦσαν
1205 3154 1723 3221 παρεσκευασμένα,
1766 3154 1798 3223 ἡ
1830 3156 1929 3222 βα-

2040 3151 2430 3220 imperatorum
2506 3146 2791 3209 ﬁliabus,
2838 3161 2961 3199 cum
3025 3153 3254 3212 nuptum
3312 3144 3604 3203 darentur,

354 3238 506 3302 σιλὶς
528 3238 628 3308 μὲν
657 3239 797 3305 μετὰ
826 3238 934 3292 τῶν
955 3240 1271 3310 θυγατέρων
1300 3243 1391 3293 ἐπὶ
1415 3242 1516 3311 τῆς
1545 3244 1752 3314 σκηνῆς
1782 3245 1935 3315 ηύλί-

355 3346 499 3384 σατο
520 3329 616 3399 τὴν
638 3330 831 3391 νύκτα,
877 3331 969 3383 καὶ
996 3332 1024 3383 ὁ
1082 3330 1333 3401 βασιλεὺς
1366 3336 1501 3400 μετὰ
1526 3324 1625 3403 τῆς
1653 3339 1929 3404 στρατιᾶς.

354 3424 457 3486 Είς
497 3421 598 3493 τὴν
628 3423 921 3492 ὑστεραίαν
968 3423 1024 3475 δὲ
1055 3422 1265 3491 βασιλὶς
1299 3426 1398 3492 μὲν
1445 3423 1661 3493 ἔμεινεν
1714 3427 1807 3477 ἐπὶ
1834 3425 1933 3494 τῆς

353 3514 574 3581 σκηνῆς
609 3515 747 3582 μετὰ
769 3513 878 3565 τῶν
908 3513 1202 3566 ἐπιλοίπων
1231 3515 1323 3566 δύο
1356 3515 1692 3584 θυγατέρων,
1726 3516 1933 3568 Θεοδώ-

348 3623 426 3675 ρα
458 3603 523 3657 δὲ
564 3606 596 3675 ἠ
642 3605 1052 3675 νυμφευομένη,
1102 3606 1194 3658 ἐπὶ
1251 3605 1353 3674 τὴν
1401 3606 1673 3676 πρόκυψιν
1707 3608 1929 3677 ἀνῆλθε.

347 3693 629 3758 Βασιλεὺς
673 3696 729 3747 δὲ
762 3697 1007 3766 εἱστήκει
1060 3696 1300 3762 ἔφιππος
1340 3699 1527 3767 μόνος·
1564 3699 1629 3750 ,οἱ
1679 3699 1734 3752 δὲ
1789 3699 1935 3753 ἄλλοι

349 3787 606 3849 ἅπαντες
641 3786 817 3851 πεζοί.
851 3786 1010 3840 Οὕτω
1047 3789 1101 3840 δὲ
1136 3787 1245 3841 τῶν
1283 3790 1805 3860 παραπετασμάτων
1836 3809 1936 3844 πεο

352 3876 752 3948 ριαιρεθέντων
783 3878 1256 3948 (περικεκάλυπτο
1287 3881 1396 3950 γὰρ
1429 3883 1459 3949 ἡ
1497 3882 1769 3950 πρόκυψις
1803 3901 1937 3936 παν-

346 3969 589 4039 ταχόθεν
608 3969 890 4038 ὑφάσμασι
910 3974 1151 4039 σηριιιοίς
1186 3973 1278 4023 καὶ
1306 3970 1674 4041 διαχρύσοις),
1709 3973 1932 4042 ἀνεφαί·

347 4076 482 4114 νετο
517 4062 551 4129 ἡ
583 4059 791 4129 νύμφη,
837 4062 932 4113 καὶ
960 4061 1238 4130 λαμπάδες
1285 4058 1427 4131 ἦσαν
1466 4064 1595 4132 περὶ
1632 4064 1801 4133 αὐτὴν
1827 4066 1936 4133 ήμ-

349 4152 528 4220 μέναι
561 4151 905 4220 ἑκατέρωθεν
926 4167 941 4182 ·
980 4151 1046 4215 ἃς
1075 4151 1316 4220 εὐνοῦχοι
1341 4152 1664 4222 κατέχοντες
1688 4154 1782 4206 ἐπὶ
1805 4160 1934 4219 γόνυ

346 4243 697 4311 κεκλιμένοι,
747 4244 847 4296 οὐκ
896 4243 1201 4310 ἐφαίνοντο.
1263 4235 1569 4311 Σάλπιγγες
1617 4243 1674 4296 δὲ
1723 4245 1935 4314 ἤχησαν

345 4333 738 4397 ὲπιπλεϊστον,
770 4332 865 4385 καὶ
897 4333 1050 4385 αὐλοὶ⁵
1080 4335 1174 4386 καὶ
1208 4333 1486 4402 σύριγγες,
1530 4336 1623 4388 καὶ
1662 4337 1763 4388 ὅσα
1800 4337 1936 4405 πρὸς

343 4425 551 4497 τέρψιν
590 4424 877 4495 ἐξεύρηται
926 4425 1672 4497 ἀνθρώποις..11αυσαμένων
1706 4427 1761 4480 δὲ
1793 4429 1936 4480 ὲκεί-

2040 3244 2262 3306 ﬁebant,
2286 3243 2588 3309 imperator
2608 3237 2873 3292 militibus
2909 3246 2965 3291 et
3004 3234 3322 3306 proceribus
3348 3232 3607 3287 Romanis

2037 3350 2102 3388 ac
2147 3332 2404 3386 Barbaris
2445 3331 2699 3385 onmibus
2746 3330 2810 3383 ad
2854 3329 2972 3383 dies
3023 3327 3334 3396 complures
3382 3323 3604 3392 epulum

2038 3425 2208 3490 dedit,
2241 3433 2403 3499 atque
2440 3423 2514 3478 ita
2546 3423 2765 3477 demum
2810 3422 2972 3475 ﬁliam
3007 3422 3071 3473 ad
3125 3433 3387 3487 Sponsum
3435 3413 3606 3468 multo

2040 3517 2235 3589 gaudio
2282 3530 2401 3570 eam
2456 3523 2839 3582 suscepturum
2890 3511 3058 3566 misit.
3108 3508 3242 3574 Qua:
3293 3520 3602 3574 quanquam

2038 3610 2275 3664 Barbare
2327 3615 2523 3677 nupta,
2573 3605 2655 3660 sic
2702 3606 2866 3658 vitam
2926 3618 3078 3657 suam
3138 3600 3396 3664 instituit,
3457 3606 3511 3651 ut
3572 3612 3604 3649 a

2038 3700 2307 3770 majorum
2331 3713 2554 3753 suorum
2581 3697 2750 3767 gloria
2782 3711 2888 3749 non
2918 3697 3291 3765 degeneraret.
3320 3689 3431 3744 Nec
3456 3688 3602 3743 enim

2038 3791 2216 3847 solum
2280 3807 2349 3844 ex
2397 3790 2611 3843 illorum
2651 3788 2931 3840 hominum
2966 3784 3215 3838 convictu
3262 3780 3608 3845 consuetudio

2040 3898 2223 3949 neque
2267 3881 2476 3935 nullum
2528 3881 2584 3932 in
2640 3880 2899 3948 religione
2958 3877 3214 3929 damnum
3266 3874 3414 3936 feeit,
3480 3872 3608 3926 licet

2042 3974 2277 4027 multum
2324 3987 2388 4026 ac
2431 3985 2575 4040 sape
2607 3970 2753 4022 aliud
2796 3970 2844 4022 ei
2889 3967 3221 4037 persuadere
3250 3971 3604 4026 conarentur,

2039 4066 2134 4120 sed
2162 4074 2217 4119 et
2258 4063 2457 4117 multos
2501 4061 2568 4115 ad
2615 4060 2909 4130 impietatis
2937 4056 3261 4112 diverticula
3315 4052 3604 4122 impulsos,

2039 4160 2104 4210 ad
2140 4155 2384 4210 veritatis
2428 4142 2676 4208 semitam
2719 4161 3164 4221 argumentorum
3199 4147 3250 4200 vi
3303 4144 3602 4198 revocavit.

2041 4246 2178 4299 Cum
2231 4253 2412 4299 autem
2444 4243 2586 4312 quod
2636 4242 2702 4295 ad
2736 4241 2860 4293 ﬁdei
2917 4238 3171 4309 mysteria
3231 4237 3442 4297 attinet,
3495 4243 3602 4286 tam

2038 4344 2354 4392 constanter
2384 4351 2443 4389 se
2487 4342 2718 4405 gereret,
2753 4348 2816 4386 ac
2853 4349 2949 4400 pro
2979 4346 3072 4384 sua
3111 4338 3260 4398 parte
3286 4328 3606 4392 frequenter

2042 4446 2164 4482 cum
2219 4426 2463 4496 periculo
2515 4440 2611 4495 pro
2663 4439 2727 4479 ea
2778 4432 3169 4492 prepuguaret,
3227 4419 3329 4471 alia
3384 4415 3601 4469 interim

342 4535 485 4583 νων,
546 4515 798 4584 ἐγκώμια
850 4512 977 4590 ᾖδον
1011 4517 1060 4570 οί
1112 4519 1340 4589 μελῳδοὶ
1380 4520 1486 4573 ὑπό
1516 4537 1679 4573 τινων
1734 4521 1931 4589 λογίων

2041 4521 2255 4575 virtutis
2297 4519 2488 4573 decora
2546 4532 2649 4570 non
2699 4515 3023 4585 negligebat,
3093 4510 3185 4565 sed
3227 4524 3417 4563 omnes
3466 4507 3606 4560 deli-

341 4610 494 4680 πρὸς
519 4607 622 4678 τὴν
652 4607 870 4677 νύμφην
908 4612 1274 4678 πεποιημένα.
1328 4612 1483 4665 Ἐπεὶ
1515 4612 1571 4665 δὲ
1601 4612 1782 4666 πάντα
1815 4616 1936 4665 ὲτε-

2036 4610 2150 4665 cias
2210 4624 2275 4664 ac
2327 4605 2785 4677 magniﬁcentiam
2831 4604 3015 4657 valere
3060 4602 3279 4669 jubens,
3316 4600 3605 4652 facultates

280 4728 285 4731 λ
342 4700 502 4752 λεττο
522 4697 597 4749 τὰ
626 4696 889 4765 βασιλέως
922 4698 1268 4767 προσήκοντα
1293 4698 1630 4770 θυγατράσιν
1662 4706 1936 4770 νυμφεύο-

2040 4701 2324 4771 egentibus
2376 4697 2740 4753 distribuebat
2783 4712 2799 4753 :
2857 4694 3167 4762 multosque
3220 4690 3473 4743 Barbaris
3549 4688 3604 4739 in

344 4791 581 4859 μέναις,
610 4789 711 4855 τήν
742 4802 803 4839 τε
843 4788 1123 4855 στρατιὰν,
1176 4788 1271 4840 καὶ
1317 4790 1446 4853 τοὺς
1474 4791 1532 4842 ὲν
1558 4790 1702 4843 τέλει
1727 4792 1939 4852 πάντας

338 4886 447 4939 καὶ
509 4872 800 4951 Ῥωμαίων
832 4884 926 4935 καὶ
969 4881 1262 4952 βαρϐάρων
1292 4882 1321 4934 ὁ
1350 4882 1605 4952 βασιλεὺς
1642 4885 1817 4940 εἱστία
1851 4884 1936 4952 ἐφ’

338 4975 578 5046 ἡμέρας
606 4973 707 5026 οὐκ
726 4971 935 5042 ὀλίγας.
967 4972 1198 5023 Ἔπειτα
1225 4971 1500 5040 ἐξέπεμπε
1534 4972 1633 5043 τὴν
1659 4973 1935 5044 θυγατέρα

337 5067 491 5136 πρὸς
560 5065 652 5117 τὸν
695 5062 863 5132 ἄνδρα
917 5062 1055 5129 μετὰ
1110 5062 1312 5133 πολλῆς
1369 5062 1764 5131 ὑποδεξόμενον
1834 5065 1935 5135 τῆς

335 5155 577 5227 ἡδονῆς,
612 5154 646 5225 ἢ
678 5153 770 5205 καὶ
803 5154 878 5221 τῷ
901 5152 1162 5223 βαρϐάρῳ
1195 5152 1537 5219 συνοικοῦσα,
1564 5154 1662 5224 τῆς
1684 5152 1933 5216 εὐκλείας

334 5250 454 5303 τῶν
493 5245 753 5314 πατέρων
780 5246 934 5311 ἀξίαν
960 5246 1159 5313 ἑαυτὴν
1190 5245 1245 5295 ὲν
1275 5245 1352 5311 τῷ
1382 5244 1759 5297 πιλιτεύεσθαι
1786 5263 1932 5316 παρ-

2041 4791 2361 4846 servitutem
2408 4790 2679 4854 venditos,
2713 4787 2852 4858 lytro
2893 4785 3168 4856 persoluto
3214 4783 3327 4850 ipsa
3375 4778 3607 4832 redime-
3701 4827 3709 4834 ,

2039 4886 2173 4950 bat;
2239 4889 2294 4937 e1
2348 4883 2608 4937 Romanis
2663 4879 2917 4934 erunibus
2980 4875 3322 4931 incommoda
3385 4872 3598 4923 fortuna

2045 4975 2355 5037 utentibus,
2411 4983 2573 5043 atque
2636 4973 2689 5026 in
2742 4970 3058 5025 servitutem
3108 4982 3137 5020 a
3188 4963 3439 5019 Barbaris
3498 4960 3605 5011 Deo

2041 5067 2390 5135 permittente
2429 5064 2686 5126 redactis,
2720 5071 2912 5131 portus
2957 5058 3150 5112 salutis
3187 5062 3322 5108 erat.
3358 5051 3451 5103 Szc
3507 5049 3606 5118 igi-

2041 5142 2128 5210 tur
2158 5156 2246 5210 illa
2271 5157 2512 5225 quandiu
2560 5156 2700 5208 inter
2747 5152 3015 5207 Barbaros
3054 5148 3206 5212 vixit,
3244 5145 3413 5199 vitam
3451 5156 3604 5195 suam

2041 5249 2108 5303 ad
2139 5265 2303 5303 omne
2335 5264 2509 5319 genus
2540 5248 2760 5303 virtutis
2790 5244 3116 5314 composuit.

332 5346 551 5413 είχετο.
696 5337 855 5408 μόνον
883 5338 991 5409 γὰρ
1025 5339 1090 5392 ἐκ
1116 5310 1127 5313 τ
1154 5336 1251 5407 τῆς
1283 5336 1664 5408 συνδιατριϐῆς
1731 5310 1955 5393 ἐκείνων
1995 5341 2315 5412 παρεϐλάϐη
2336 5310 2496 5395 ⁷κατὰ
2525 5342 2624 5411 τὴν
2654 5342 2836 5394 πίστιν
2868 5310 3040 5402 ούδὲν,
3079 5333 3257 5389 καίτοι
3311 5310 3401 5403 γε
3439 5327 3608 5384 πολλὰ

335 5432 626 5492 πολλάκις
660 5428 1082 5505 ἐπιχειρούντων
1146 5430 1519 5501 μεταπείθειν,
1554 5431 1689 5485 ἀλλὰ
1743 5434 1836 5485 καὶ
1864 5432 2095 5499 πολλοὺς
2124 5435 2233 5488 τῶν
2297 5434 2432 5505 πρὸς
2457 5433 2556 5504 τὴν
2581 5434 2839 5486 ἀσέϐειαν
2860 5430 3216 5500 ὑπαχθέντων
3275 5425 3609 5481 ἀνεκαλέσα-

1636 5593 1851 5655 Jacobi
1883 5597 2146 5656 Pontum
2184 5605 2367 5657 noue.

415 5716 544 5843 (‘63)
591 5714 854 5788 Exempla
896 5718 1064 5774 moris
1108 5717 1273 5791 huius
1321 5731 1420 5787 ego
1472 5714 1615 5771 nulla
1666 5716 1928 5773 hactenus
1967 5717 2070 5795 legi
2097 5736 2109 5773 :
2137 5734 2237 5774 nec
2269 5730 2445 5774 tamen
2477 5715 2797 5773 historicum
2864 5713 3005 5769 istuc
3038 5720 3241 5766 temere
3303 5704 3602 5766 aﬁlruzasse

415 5834 419 5843 .
449 5801 512 5842 ο.
1314 5800 1319 5803 ‘

334 5800 512 5862 puto.
1314 5800 1319 5803 ‘
