4066 6298
337 405 476 473 12⁸17
1465 398 2005 463 IIISTORIARUM
2052 398 2288 460 LIBER
2328 399 2448 459 III.
3039 467 3057 484 .
3439 391 3537 456 127

330 520 382 574 οί
412 515 536 584 περὶ
567 511 728 567 αὑτὸν
785 511 987 578 πολλὰς
1015 511 1331 585 ὡμολόγουν
1373 514 1604 585 χάριτας
1633 512 1773 582 Θεῷ,
1809 511 1901 563 οὖ-

2032 526 2130 564 ὐιη
2187 521 2242 566 et
2293 511 2522 566 aliorum
2590 508 2789 562 auxilia
2845 506 2980 562 nihil
3028 505 3370 577 profuerunt,
3421 508 3577 561 vide-

331 625 440 671 τως
466 607 529 659 ἐκ
551 604 802 675 χαλεπῶν
823 604 1090 658 κινδύνων
1119 605 1368 675 ρυομένῳ
1398 605 1645 676 βασιλέα.
1677 602 1900 665 Βασιλίς

2032 613 2243 674 ἰιηιηιιθ
2277 618 2555 672 nunquam
2585 605 2724 668 fore,
2765 609 2825 654 ut
2870 598 3108 654 Orchani
3156 598 3300 652 aliud
3345 613 3570 668 persua-

330 698 387 752 δέ
412 700 444 768 ἡ
469 697 636 750 ’Λννα
661 696 758 749 καὶ
787 695 838 749 oi
890 695 1020 766 περὶ
1049 695 1221 765 αὐτὴν
1265 696 1376 748 τῶν
1425 693 1772 763 πραγμάτων
1803 693 1904 760 ἄρ-

2032 697 2218 762 lcrent,
2245 711 2480 763 cumque
2511 694 2579 749 ad
2613 693 3052 749 Cautacuzcnum
3103 705 3354 744 socerum
3403 705 3574 759 Oppu-

332 804 540 857 χοντες,
595 787 719 839 ἐπεὶ
775 785 926 856 παρά
951 802 1011 838 τε
1063 788 1165 856 τῆς
1211 785 1414 839 Μυσῶν
1447 782 1766 853 συμμαχίας
1806 784 1902 833 καὶ

2032 790 2277 852 {nandum
2324 788 2669 848 inducerent,
2711 784 2777 839 ad
2813 783 2951 838 alius
3001 782 3218 836 Barbari
3253 782 3570 835 societatem

333 880 444 933 τῶν
495 877 674 933 ἄλλων
724 878 932 949 ὥνηντο
978 877 1155 943 οὐδὲν,
1211 876 1481 949 Ὀρχάνην
1531 892 1590 929 τε
1641 874 1902 927 ἀδύνατον

2032 877 2345 932 :tauxilium
2396 873 2797 945 implorandum
2849 887 2972 928 sese
3019 879 3426 927 converterunt.
3473 871 3581 923 lta-

337 976 524 1044 ἐώρων
555 973 906 1045 μεταπείθειν
960 974 1094 1044 πρδς
1130 971 1586 1041 Καντακουζηνὸν
1616 969 1709 1022 τὸν
1747 969 1903 1037 βασι-

2032 986 2113 1040 ιιιθ
2140 969 2429 1039 Georgium
2460 966 2692 1038 Tagarin
2714 1006 2730 1031 ,
2758 979 3010 1036 magnum
3039 962 3562 1032 stratopedarcham,

336 1067 434 1119 λέα
468 1066 724 1135 πολεμεῖν
752 1064 840 1118 διὰ
869 1064 930 1117 τὸ
951 1063 1446 1134 κῆδος,ἐτράποντο
1477 1063 1569 1115 ἐπὶ
1600 1062 1660 1115 τὸ
1695 1061 1908 1114 πείθειν

2032 1060 2074 1115 ιι]
2095 1059 2426 1114 Sarchancm
2449 1057 2628 1129 Lydia:
2647 1067 2915 1128 satrapam
2933 1056 2980 1110 ei
3005 1054 3326 1109 familiarem
3357 1053 3579 1122 (quippe

336 1158 522 1228 ἕτερόν
554 1173 675 1209 τινα
701 1156 809 1210 τῶν
841 1155 1136 1226 βαρϐάρων
1185 1157 1502 1230 συμμαχεῖν
1531 1157 1735 1216 αὐτοῖς.
1798 1151 1908 1206 Καὶ

2032 1153 2103 1222 lui
2132 1167 2254 1206 cum
2296 1162 2450 1220 patre
2492 1150 2666 1220 ipsius
2709 1147 3005 1203 Sarchanis
3048 1143 3439 1213 Philadelphim
3483 1143 3579 1196 diu

337 1242 654 1311 πέμψαντες
686 1243 930 1313 Τάγαριν
957 1242 1232 1314 Γεώργιον
1271 1245 1362 1297 τὶν
1391 1243 1568 1313 μέγαν
1598 1258 1906 1312 στρατοπε-

2032 1249 2260 1296 νειπεαιυε
2300 1239 2502 1309 fuerat)
2535 1238 2783 1313 mittunt,
2817 1245 2872 1292 et
2905 1252 3062 1307 opem
3111 1235 3371 1290 adversus
3405 1232 3583 1298 impe-

338 1335 545 1403 δᾶρχην
602 1334 742 1405 πρὸς
788 1336 1076 1406 Σαρχάνην
1109 1336 1200 1388 τὸν
1227 1335 1434 1396 Λυδίας
1464 1334 1756 1406 σατράπην
1782 1349 1796 1363 ⁸
1841 1327 1910 1402 ἦν

2032 1343 2245 1386 atorem
2269 1329 2529 1401 ﬂagitant.
2558 1329 2610 1384 Is
2635 1327 2926 1384 confestim
2955 1327 3146 1391 ﬂexus,
3171 1323 3364 1394 Tagari
3397 1321 3584 1390 copias

340 1425 449 1494 γὰρ
479 1423 628 1494 αύτῷ
657 1427 753 1478 καὶ
785 1426 1025 1496 συνήθης
1075 1427 1343 1496 πρότερον
1394 1426 1489 1479 ἐπὶ
1519 1425 1914 1494 Φιλαδέλφειαν

2036 1421 2194 1477 radit.
2225 1421 2482 1476 Amurius
2511 1429 2572 1474 ut
2605 1420 2672 1474 ad
2706 1420 2826 1489 ejus
2851 1433 3014 1473 aures
3045 1416 3219 1481 venit,
3248 1414 3579 1469 Sarchauem

340 1517 510 1570 πολὺν
536 1519 728 1587 χρόνον
741 1516 821 1588 τῷ
846 1520 1015 1587 πατρὶ
1038 1518 1499 1588 συνδιατρίψαντιο
1522 1519 1732 1570 ἐδέοντο
1761 1516 1913 1585 σφίσι

2032 1525 2202 1569 :ontra
2235 1515 2615 1584 imperatorem
2650 1513 2868 1566 mittere
2901 1510 3156 1573 militem,
3194 1509 3376 1575 iniqua
3401 1513 3583 1559 mente

342 1607 558 1676 βοηθεῖν
616 1609 710 1660 καὶ
748 1608 990 1677 πέμπειν
1029 1610 1171 1661 κατὰ
1209 1608 1477 1678 βασιλέως
1518 1607 1805 1677 στρατιάν.
1849 1607 1910 1660 ⁸0

2038 1607 2156 1673 ulit,
2183 1617 2236 1661 et
2265 1607 2523 1675 quiddam
2555 1615 2898 1660 commentus
2923 1614 3025 1670 est,
3052 1618 3160 1674 quo
3187 1605 3363 1656 amico
3398 1601 3578 1670 opitu-

339 1698 395 1751 δὲ
423 1699 625 1752 αὐτίκα
653 1715 714 1751 τε
738 1700 1012 1764 ἐπείθετο,
1049 1701 1142 1752 καὶ
1176 1698 1554 1768 συνεξέπεμπε
1583 1697 1662 1768 τῷ
1696 1699 1912 1768 Τάγαρι

2035 1707 2240 1752 aretur.
2293 1696 2533 1752 Deiectis
2561 1696 2707 1750 enim
2741 1696 2808 1753 de
2847 1695 2962 1750 suis
3005 1696 3221 1758 duobus
3252 1691 3583 1756 illustribus,

341 1787 440 1857 τὴν
471 1787 722 1856 δύναμιν.
766 1788 971 1858 ’Δμοὺρ
1019 1788 1076 1842 δέ
1123 1789 1199 1851 ὼς
1242 1787 1475 1841 ἐπύθετο
1525 1789 1625 1856 τὴν
1657 1788 1908 1857 Σαρχάνη

2032 1804 2157 1858 pios
2187 1787 2288 1841 sibi
2323 1787 2375 1839 in
2409 1787 2600 1856 primis
2627 1787 2987 1840 obsecuturos
3017 1795 3194 1852 norat,
3219 1784 3395 1854 iisque
3426 1784 3585 1836 attrio

345 1847 1092 1952 στρατιὰνχωροῦσανκατὰ
1134 1847 1420 1951 βασιλέως,
1464 1847 1616 1934 δεινα
1650 1847 1910 1944 ἐποιεῖτο,

2032 1881 2158 1936 )utis
2170 1878 2379 1935 duobus
2390 1880 2644 1945 millibus,
2660 1876 2815 1932 simul
2831 1892 2953 1932 cum
2973 1876 3264 1931 Sarchanis
3279 1875 3591 1931 cohortibus

345 1974 440 2022 καὶ
461 1971 703 2025 ἐπίνοιάν
731 1989 854 2025 τινα
895 1973 1190 2026 ἐσκέπτετο
1213 1973 1280 2025 δι’
1308 1967 1375 2043 ἦς
1406 1973 1618 2038 ἐξέσται
1664 1974 1741 2039 τῷ
1775 1973 1915 2040 φίλῳ

2037 1988 2071 2025 n
2098 1971 2388 2025 Thraciam
2416 1971 2742 2040 trajecturos
2775 1968 2939 2023 misit.
2967 1967 3093 2020 Erat
3119 1969 3264 2022 enim
3299 1966 3442 2037 apud
3456 1965 3616 2020 Baro.

348 2061 583 2131 βοηθεῖν.
616 2063 720 2115 Καὶ
751 2063 1160 2132 ἀπολεξάμενος
1193 2061 1287 2115 δύο
1313 2064 1424 2115 τῶν
1453 2063 1584 2133 παρ’
1614 2063 1763 2132 αύτῷ
1793 2064 1916 2114 ἐπι-

2032 2077 2175 2117 )aros
2225 2062 2359 2116 istos
2402 2061 2665 2126 solemne,
2709 2075 2836 2114 cum
2875 2060 3189 2128 populatum
3237 2059 3398 2123 irent,
3427 2058 3475 2113 si
3523 2073 3590 2112 ex

346 2153 554 2221 φανῶν,
595 2152 688 2216 οὓς
717 2154 835 2224 ᾔδει
867 2153 1104 2222 μάλιστα
1149 2155 1220 2208 τὰ
1251 2154 1391 2208 κατὰ
1419 2155 1647 2224 γνώμην
1676 2153 1915 2223 πράξον-

343 2258 467 2304 τας,
493 2242 768 2312 ἐξέπεμπε
804 2241 900 2296 καὶ
938 2241 1231 2312 δισχιλίους
1254 2239 1596 2310 στρατιώτας
1639 2241 1919 2312 παρασχό-

349 2348 533 2402 μενος,
571 2333 644 2394 ὼς
675 2331 792 2401 ἅμα
815 2334 881 2402 τῇ
913 2333 1168 2402 Σαρχὰνη
1197 2333 1426 2402 στρατιᾷ
1463 2331 1918 2402 περαιωθησομέ-

345 2441 471 2488 νους
527 2425 666 2496 πρὸς
728 2424 828 2496 τὴν
883 2426 1126 2496 Θρᾴκην.
1171 2424 1334 2487 Ἔθος
1392 2423 1500 2496 γὰρ
1541 2411 1755 2486 τούτοις
1804 2423 1920 2485 τοῖς

349 2515 668 2586 βαρὸἁροις,
723 2517 854 2570 ὅταν
882 2517 975 2568 ἐπὶ
1021 2515 1318 2584 λεηλασίαν
1359 2513 1534 2577 ῐωσιν,
1574 2514 1642 2568 ἄν
1681 2530 1830 2576 τινες
1859 2513 1920 2579 ἐξ

349 2607 542 2675 ἐτέρας
570 2607 905 2677 σατραπείας
929 2606 1155 2659 ἐθέλωσι
1187 2606 1541 2671 συνέπεσθαι,
1566 2605 1642 2675 μὴ
1663 2605 1920 2670 κωλύειν,

349 2697 489 2752 ἀλλὰ
538 2698 632 2750 καὶ
683 2697 884 2749 ειδέναι
938 2697 1096 2768 χάριν
1127 2696 1202 2759 ώς
1248 2696 1425 2766 φίλοις
1468 2697 1562 2750 καὶ
1588 2697 1920 2767 συμμάχοις.

361 2788 613 2843 Ἐκέλευε
645 2787 702 2841 δὲ
749 2788 961 2858 ’Δμοὺρ
1006 2790 1118 2850 τοῖς
1151 2791 1284 2857 παρ’
1342 2788 1539 2842 ἐαυτοῦ
1588 2789 1921 2858 πεμφθεῖσιν

348 2878 632 2948 ἄρχουσιν,
664 2879 740 2942 ὡς
789 2878 856 2931 ἂν
907 2879 1007 2949 μὲν
1043 2879 1417 2935 διαλλάττοιτο
1456 2880 1593 2950 πρὺς
1625 2879 1852 2950 βασιλέα
1887 2880 1922 2950 ἡ

354 2971 614 3040 Σαρχάνη
670 2969 942 3039 πρατιάο
1001 2969 1212 3023 οἴεσθαι
1273 2971 1384 3040 γὰρ
1438 2971 1638 3033 αὐτοὺς
1702 2971 1927 3042 βασιλέα

352 3062 569 3113 πείσειν
615 3060 1000 3114 κατατίθεσθαι
1027 3062 1121 3114 τδν
1149 3061 1287 3133 πρὸς
1315 3063 1524 3115 ἐκεῖνον
1555 3061 1795 3131 πόλεμον
1827 3060 1924 3114 καὶ

2017 2155 2122 2208 alia
2160 2153 2396 2224 satrapia
2431 2161 2617 2208 essent
2649 2153 2740 2222 qui
2785 2151 2942 2222 sequi
2975 2158 3265 2220 cuperent,
3308 2165 3377 2203 ne
3407 2149 3594 2219 prohiv

2017 2247 2298 2313 bereutur,
2328 2246 2461 2315 quin
2492 2253 2550 2299 et
2577 2243 2762 2313 gratia:
2789 2252 2850 2297 ut
2877 2243 3067 2296 amicis
3097 2250 3154 2296 et
3199 2241 3363 2296 sociis
3417 2241 3590 2294 habe-

2020 2346 2228 2391 rentur.
2264 2335 2553 2406 Imperavit
2597 2343 2778 2388 autem
2807 2333 3036 2388 ducibus
3064 2334 3202 2396 suis,
3257 2341 3321 2387 ut
3367 2331 3412 2386 si
3459 2330 3594 2385 Sar-

2021 2428 2215 2483 cbanis
2239 2428 2411 2498 copiae
2445 2427 2768 2497 imperatori
2801 2427 3293 2482 reconciliarentur
3317 2426 3594 2494 (arbitrari

2021 2521 2168 2574 enim
2197 2533 2278 2584 se,
2307 2533 2432 2572 eum
2459 2533 2525 2572 ex
2553 2518 2800 2574 hostibus
2852 2519 2954 2573 sibi
2983 2518 3188 2572 amicos
3217 2528 3272 2572 et
3299 2517 3592 2571 auxiliares

2021 2609 2408 2678 redditurum),
2441 2622 2542 2663 nec
2597 2609 2699 2679 ipsi
2752 2624 3014 2663 arcanum
3072 2608 3446 2670 enuntiarent,
3502 2606 3596 2660 sed

2025 2716 2153 2756 cum
2201 2701 2322 2756 aliis
2370 2699 2438 2754 ad
2491 2701 2880 2770 imperatorem
2923 2700 3240 2754 transirent.
3292 2697 3388 2752 Sin
3447 2698 3596 2753 illum

2025 2792 2172 2847 serio
2194 2806 2510 2862 oppugnare
2540 2793 2761 2855 vellent,
2788 2793 2924 2846 clam
2951 2791 3254 2857 mitterent,
3289 2799 3342 2845 et
3374 2789 3443 2844 ad
3469 2789 3601 2842 Bar-

2027 2884 2173 2940 baris
2225 2885 2593 2939 resistendum
2652 2885 3030 2938 hortarentur.
3081 2883 3393 2953 Dispertitis
3437 2898 3602 2951 porro

2027 2978 2329 3042 ordinibus,
2360 2977 2646 3048 ingruente
2671 2977 2783 3046 jam
2812 2976 3089 3044 conﬂictu,
3122 2978 3186 3031 ad
3217 2977 3603 3047 imperatorem

2033 3069 2456 3140 transfugerent,
2517 3077 2571 3123 ct
2625 3083 2750 3122 cum
2801 3069 2950 3122 illius
2984 3069 3198 3138 agmine
3237 3069 3292 3122 in
3335 3066 3604 3118 Barbarus

356 3153 691 3224 συμμαχεῖνο
737 3154 861 3226 μηδ’
895 3155 1095 3218 αὐτοὺς
1127 3154 1536 3210 ἀποκαλύπτειν
1568 3155 1631 3209 τὸ
1681 3155 1922 3228 ἀπόρρη-

2032 3163 2448 3234 impressionem
2515 3162 2782 3216 facerent.
2851 3160 2998 3213 Talia
3049 3160 3282 3214 ducibus
3344 3157 3606 3228 praecepit

352 3263 469 3309 τον,
502 3245 638 3299 ἀλλὰ
680 3246 820 3316 μετὰ
849 3245 958 3299 τῶν
990 3247 1164 3300 ἄλλων
1188 3247 1325 3318 πρὸς
1355 3247 1448 3300 τὸν
1487 3245 1712 3317 βασιλέα
1742 3248 1921 3318 ἥκειν.

323 3331 326 3334 ’
357 3339 460 3389 Ἂν
487 3337 533 3389 δ’
555 3337 814 3391 ἐθέλωσιν
843 3341 1042 3392 ἐκεῖνοι
1075 3339 1330 3410 πολεμεῖν
1355 3340 1429 3403 ὡς
1463 3341 1702 3411 ἀληθῶς,
1739 3343 1926 3410 κρύφα

351 3430 684 3498 πέμψαντας
722 3431 857 3499 πρὸς
885 3431 1126 3499 βασιλέα,
1171 3436 1461 3500 παραινεῖν
1494 3433 1642 3501 αύτῷ
1691 3434 1925 3483 ἀντικα-

351 3523 649 3576 θίστασθαι
681 3521 818 3591 πρὸς
859 3522 1039 3591 μάχην
1070 3524 1184 3583 τοῖς
1218 3521 1536 3592 βαρϐάροις.
1587 3522 1838 3574 Ἐπειδὰν
1869 3521 1926 3573 δε

348 3610 458 3670 ὦσι
483 3613 1082 3682 παρατεταγμένοι,καὶ
1107 3613 1207 3682 ήδη
1230 3613 1466 3683 μέλλωσι
1484 3611 1924 3682 συμπλέκεσθαι,

355 3706 722 3780 μεθίστασθαι
777 3704 914 3774 πρὸς
945 3704 1199 3775 βασιλέα,
1259 3707 1349 3758 καὶ
1407 3707 1604 3775 χωρεῖν
1632 3705 1774 3759 κατὰ
1819 3706 1928 3759 τῶν

353 3798 657 3871 βαρϐάρων
687 3797 827 3867 μετὰ
862 3798 962 3867 τῆς
991 3798 1202 3852 ἐκείνου
1233 3799 1516 3866 στρατιᾶς.
1549 3799 1676 3860 Τοῖς
1709 3798 1808 3867 μὲν
1835 3795 1928 3852 οὖν

351 3891 589 3960 ἄρχουσι
629 3887 728 3956 τῆς
769 3889 1032 3966 στρατιᾶς
1089 3887 1233 3941 οὕτω
1269 3889 1636 3960 προσέταττεν
1697 3889 1927 3959 Ἀμοὺρ,

354 3979 594 4050 μηδενὸς
628 3978 810 4040 αὐτοῖς
834 3979 1024 4048 ἐτέρου
1060 3978 1364 4042 συνειδότος
1390 3979 1450 4032 τὸ
1467 3979 1931 4052 ἀπόρρητονποῖς

352 4071 722 4143 στρατιώταις
751 4072 809 4125 δέ
837 4072 1056 4124 ἐκέλευε
1078 4073 1255 4126 πάντα
1276 4070 1558 4124 πείθεσθαι
1580 4072 1696 4133 τοῖς
1719 4069 1929 4140 ἄρχου·

355 4181 438 4228 σι,
477 4164 570 4216 καὶ
598 4161 800 4232 μηδένα
826 4163 1326 4234 πολυπραγμονεῖν,
1349 4164 1423 4227 ώς
1445 4163 1500 4217 εῐ
1519 4181 1600 4226 τις
1628 4163 1702 4234 μὴ
1726 4163 1932 4216 πείθοι-

350 4271 442 4318 το,
476 4253 644 4306 αὑτοῦ
670 4255 764 4307 καὶ
795 4254 986 4321 γένους
1005 4253 1543 4323 διαφθαρησομένου.
1567 4252 1806 4307 Τοιαῦτα
1831 4253 1932 4324 μὲν

349 4350 383 4401 ὁ
423 4346 630 4415 ’Δμοὺρ
650 4345 1010 4412 συσκευάσας,
1039 4343 1175 4415 μετὰ
1200 4345 1311 4400 τῶν
1348 4345 1523 4399 ἄλλων
1549 4345 1930 4414 συνεξέπεμπε

257 4493 264 4497 _
349 4436 460 4507 τὴν
485 4436 764 4506 στρατιάν.
797 4436 1043 4507 Τάγαρις
1071 4434 1128 4490 δέ
1170 4437 1200 4489 ὁ
1241 4436 1414 4507 μέγας
1448 4435 1929 4507 στρατοπεδάρχης

350 4528 574 4589 πάντας
611 4526 751 4596 ἔχων
804 4528 940 4596 ὁμοῦ
963 4565 976 4591 ,
1002 4527 1326 4597 ἐπεραιοῦτο
1367 4527 1472 4595 ἰ’δν1
1513 4525 1927 4596 Ἑλλήσποντον.

350 4621 472 4673 Καὶ
499 4620 527 4670 ὁ
563 4615 816 4686 βασιλεὺς
852 4617 974 4670 ἐπεὶ
1002 4617 1102 4689 τὴν
1131 4618 1393 4687 στρατιὰν
1421 4617 1652 4671 ἐπύθετο
1690 4634 1930 4687 περαιω-

354 4709 574 4770 θεῖσαν,
615 4706 733 4776 ἃμα
764 4706 823 4760 δὲ
875 4707 952 4770 ὡς
990 4709 1038 4762 oi
1089 4707 1297 4780 ταύτην
1334 4709 1564 4777 ἄγοντες
1613 4711 1936 4780 στρατηγοὶ,

347 4799 473 4853 τῶν
504 4798 676 4866 φίλων
723 4799 834 4852 είσὶ
876 4800 972 4852 καὶ
1027 4797 1138 4852 τῶν
1177 4799 1444 4870 συνήθων,
1474 4800 1567 4852 τὸν
1610 4798 1930 4869 Λοιδορίτην

349 4893 458 4944 καὶ
498 4888 750 4942 ’Λθιανὺν
799 4889 1020 4958 πέμψας
1057 4889 1194 4958 πρὸς
1222 4889 1442 4953 αὐτοὺς.
1484 4889 1727 4961 παρῄνει
1766 4907 1940 4943 κατα-

349 4982 612 5038 τίθεσθαι
636 4983 729 5036 τὸν
758 4983 998 5053 πόλεμον
1035 4982 1132 5037 τὸν
1178 4982 1317 5055 πρὸς
1367 4982 1530 5035 αύτόν
1557 4999 1572 5014 ο
1605 4984 1701 5035 καὶ
1759 4983 1940 5036 πάντα

347 5083 534 5129 τόπον
565 5075 844 5145 ἐπεχείρει
879 5075 1094 5128 πείθειν
1119 5075 1456 5144 ἀφίστασθαι
1493 5072 1589 5128 τοῦ
1618 5073 1738 5127 κατ’
1769 5073 1937 5127 αὐτοῦ

347 5167 586 5238 χωρεῖν.
617 5167 681 5218 Oi
716 5167 816 5236 μὲν
841 5164 935 5220 οὖν
972 5166 1126 5220 ἄλλοι
1172 5166 1284 5220 τῶν
1326 5164 1618 5236 ἡγεμόνων
1678 5164 1779 5217 οὐκ
1815 5163 1942 5234 ἀφί-

355 5275 573 5313 σταντο
603 5258 700 5312 τοῦ
724 5259 992 5330 πράττειν
1031 5258 1098 5312 τὰ
1130 5258 1271 5314 κατὰ
1302 5257 1530 5328 γνώμην
1565 5255 1642 5327 τῷ
1660 5256 1812 5326 σφῶν
1847 5272 1944 5308 σα-

343 5349 575 5422 τράπηο
599 5348 817 5420 ἀληθῶς
843 5351 954 5419 γὰρ
979 5348 1344 5420 ἐπέμφθησαν
1365 5349 1491 5402 κατ’
1522 5347 1710 5401 αὑτοῦ.
1743 5347 1940 5418 Ὅμως

345 5442 416 5498 δέ
465 5457 626 5506 τινας
664 5442 761 5496 καὶ
815 5442 1194 5511 χρηστοτέρας
1239 5438 1566 5510 παρείχοντο
1596 5439 1838 5503 ἐλπίδας.
1873 5439 1940 5492 Οί

345 5537 462 5605 τῆς
523 5535 732 5606 Ἀμοὺρ
785 5535 840 5587 δέ
890 5535 1154 5605 στρατιᾶς
1201 5533 1501 5604 ἡγούμενοι
1570 5533 1812 5602 ἐμήνυον
1875 5529 1940 5583 τὸ

345 5625 678 5694 ἀπόρρητον
724 5625 803 5695 τῷ
857 5625 1092 5696 βασιλεῖ,
1149 5625 1243 5679 καὶ
1275 5625 1550 5698 παρῄνουν
1581 5641 1641 5677 τε
1690 5623 1939 5694 θαρρεῖν,

346 5717 464 5774 καὶ
502 5716 1029 5785 παρασκευάζεσθαι
1063 5716 1200 5785 πρὸς
1245 5717 1428 5788 μάχην
1470 5717 1536 5770 ἂν
1571 5713 1819 5768 ἐπίωσιν.
1874 5713 1938 5764 Οί

351 5810 470 5884 μὲν
498 5803 592 5863 οὖν
620 5807 879 5879 πρέσϐεις
904 5809 1132 5880 τάχιστα
1151 5809 1563 5873 ἐπανελθόντες,
1586 5803 1939 5876 ἀπήγγελλον

2027 3256 2310 3316 Amurius,
2361 3268 2484 3323 quae
2527 3252 2768 3322 reliquos
2816 3249 3074 3304 fallebant
3122 3263 3338 3320 omnes.
3406 3247 3606 3303 Milites

2028 3361 2158 3400 vero
2182 3343 2384 3398 omissa
2417 3343 2738 3398 curiositate
2767 3342 2999 3398 ducibus
3030 3357 3127 3412 per
3165 3340 3348 3395 omnia
3393 3341 3606 3400 obtem-

2029 3451 2217 3506 perare
2251 3435 2435 3505 jussit.
2466 3435 2567 3500 Qui
2598 3449 2760 3491 secus
2801 3435 3044 3498 fecisset,
3091 3448 3214 3490 cum
3243 3447 3445 3504 genere
3498 3445 3604 3485 suo

2030 3530 2358 3599 periturum.
2387 3527 2780 3597 ilujuscemodi
2811 3526 2995 3581 dolum
3037 3524 3384 3579 machinatus
3429 3521 3603 3576 Αιιιιι..

2029 3622 2168 3687 rius,
2199 3637 2320 3676 cum
2357 3621 2480 3675 aliis
2510 3635 2641 3674 suos
2675 3619 2872 3674 emisit.
2906 3617 3132 3688 Tagaris
3179 3632 3302 3672 cum
3347 3614 3607 3671 omnibus

2029 3714 2213 3771 Persis
2241 3712 2647 3783 Hellespontum
2684 3710 2916 3783 trajecit.
2959 3709 3124 3780 687
3173 3707 3472 3778 Imperator
3507 3706 3598 3760 ubi

2029 3805 2328 3861 exercitum
2353 3781 2749 3866 transvectum,
2769 3809 2823 3855 et
2850 3801 3012 3854 simul
3036 3801 3293 3854 ductores
3313 3799 3518 3853 amicos
3548 3811 3616 3850 ac

2028 3897 2319 3953 familiares
2333 3909 2454 3949 esse
2478 3892 2707 3962 accepit,
2737 3907 2832 3961 per
2863 3889 3188 3945 Lmlloritem
3226 3899 3282 3944 et
3313 3889 3610 3943 Athianum

2029 3985 2263 4049 monuit,
2301 3986 2377 4039 uti
2419 3982 2564 4037 bello
2609 3990 2800 4036 contra
2845 3995 2927 4034 se.
2953 3978 3419 4050 supersederent;
3455 3977 3602 4048 quod

2031 4085 2093 4132 ιιι
2117 4077 2184 4131 ab
2230 4075 2338 4131 illis
2384 4074 2684 4137 obtineret,
2737 4071 2984 4127 tcntahat
3029 4069 3238 4125 omnia.
3288 4069 3393 4123 Alii
3448 4069 3613 4140 igitur

2030 4167 2220 4232 duces,
2266 4179 2387 4236 qua
2440 4179 2641 4234 cupere
2694 4171 2964 4231 satrapam
3013 4176 3172 4216 suum
3225 4168 3471 4227 nossent,
3501 4175 3612 4212 non

2044 4256 2554 4332 pratermittebant,
2582 4269 2711 4310 vere
2749 4253 3020 4322 siquidem
3051 4260 3242 4306 contra
3271 4251 3611 4307 Cantacuze-

2033 4365 2162 4406 Lum
2192 4349 2344 4404 missi
2399 4354 2576 4402 erant.
2634 4343 3026 4400 Verumtamen
3076 4359 3229 4414 spem
3284 4344 3484 4400 bonam
3516 4345 3615 4400 da-

2033 4443 2186 4497 bant.
2222 4441 2293 4494 At
2321 4441 2490 4492 duces
2520 4437 2801 4508 c0piarum
2841 4435 3050 4491 Amurii
3097 4445 3153 4490 ct
3199 4445 3471 4490 secretum
3505 4435 3613 4489 im-

2038 4533 2271 4606 peratori
2324 4529 2659 4597 reserabant,
2714 4537 2772 4584 et
2832 4527 2878 4582 si
2917 4537 3212 4598 peteretur,
3256 4528 3323 4582 ad
3372 4543 3608 4598 pugnam

2039 4625 2278 4681 vicissim
2323 4621 2532 4693 accingi
2586 4621 2968 4676 hortabantur.
2995 4618 3182 4690 Legati
3215 4622 3483 4690 ocyssime
3527 4637 3616 4674 rc-

2038 4715 2202 4781 versi,
2238 4723 2442 4769 statum
2475 4727 2660 4768 rerum
2707 4712 2851 4783 apud
2889 4711 3084 4767 Persas
3125 4721 3429 4782 exponunt.
3467 4712 3605 4765 Tum

2038 4807 2156 4878 ipse
2183 4819 2400 4876 quoque
2446 4802 2810 4866 dimicationi,
2852 4803 2896 4858 si
2945 4818 3086 4874 opus
3131 4803 3225 4866 sit,
3271 4817 3332 4857 se
3369 4801 3612 4866 instruit,
3696 4863 3708 4870 .

2038 4898 2175 4954 alios
2224 4895 2595 4966 ﬂoccipendit,
2650 4894 2970 4949 Amurianis
3023 4910 3100 4948 et
3143 4892 3260 4964 ipsa
3287 4894 3404 4948 acie
3441 4893 3506 4946 ad
3555 4909 3620 4958 se_

2043 4989 2381 5046 transituris.
2417 4987 2586 5050 Paulo
2611 4997 2736 5057 post
2763 4994 2816 5042 et
2835 4986 3186 5042 Sarchaniani
3206 4985 3617 5055 conspirantes,

2039 5095 2382 5138 communem
2430 5078 2755 5149 legationem
2810 5077 2878 5132 ad
2931 5077 3314 5146 imperatorem
3368 5077 3617 5144 mittunt,

2039 5172 2183 5228 bono
2215 5171 2400 5224 animo
2437 5183 2559 5224 esse
2583 5169 2778 5238 jubent
2807 5184 2820 5220 :
2853 5182 2911 5222 se
2941 5165 3203 5236 deinceps
3255 5165 3435 5221 socios
3462 5165 3608 5226 illitis

2040 5272 2096 5319 et
2123 5263 2331 5318 amicos
2366 5261 2504 5318 fore.
2533 5259 2816 5332 Rogabant
2845 5267 3047 5324 tamen,
3077 5273 3147 5312 ne
3191 5257 3246 5312 in
3275 5272 3517 5327 prmsens
3544 5257 3612 5310 ad

2040 5369 2101 5410 se
2147 5352 2336 5408 venire
2395 5360 2633 5422 cogeret,
2671 5351 2765 5407 sed
2819 5349 3137 5421 Byzantium
3183 5349 3336 5404 abire
3381 5350 3610 5412 sineret,

2044 5443 2154 5496 illic
2192 5440 2432 5510 acceptis
2491 5439 2651 5495 donis
2689 5447 2744 5494 et
2775 5439 3060 5509 promissis
3101 5447 3329 5508 satrapae
3380 5451 3482 5492 suo
3512 5451 3612 5507 pec

2041 5530 2220 5588 cuniis
2277 5543 2618 5594 reversuros,
2687 5536 2744 5582 et
2786 5541 2906 5596 qua:
2951 5527 3271 5597 imperaret,
3320 5527 3613 5582 eﬂ'ecturos

2041 5619 2248 5677 omnia.
2289 5617 2406 5672 Tali
2461 5633 2629 5688 scopo
2684 5615 2904 5670 Barbari
2951 5615 3268 5688 Byzantium
3316 5624 3608 5682 venerunt,

2043 5709 2381 5782 ingressique
2403 5707 2470 5764 ad
2503 5708 2903 5777 impcratricem
2936 5707 3119 5772 duces,
3145 5722 3265 5762 eam
3290 5708 3614 5770 adorarunt,

2044 5801 2452 5875 hiittur'tiicaquc
2516 5800 2655 5854 dona
2711 5811 3056 5870 acceperunt.
3111 5798 3380 5857 Convenit
3441 5814 3606 5880 porro
