  <div class='ocr_page' id='page_1' title='image "/cluster/home/n/w/nwhite01/storage/ocr_20150623/153/mdp.39015078384727/658.png"; bbox 0 0 4066 6298; ppageno 0'>
   <div class='ocr_carea' id='block_1_1' title="bbox 315 311 435 376">
    <p class='ocr_par' dir='ltr' id='par_1_1' title="bbox 315 311 435 376">
     <span class='ocr_line' id='line_1_1' title="bbox 315 311 435 376; baseline 0.008 -1"><span class='ocrx_word' id='word_1_1' title='bbox 315 311 435 376; x_wconf 67' lang='grc' dir='ltr'><strong>ἱΞ-ῐι</strong></span> 
     </span>
    </p>
   </div>
   <div class='ocr_carea' id='block_1_2' title="bbox 1392 298 2374 363">
    <p class='ocr_par' dir='ltr' id='par_1_2' title="bbox 1392 298 2374 363">
     <span class='ocr_line' id='line_1_2' title="bbox 1392 298 2374 363; baseline -0.008 0"><span class='ocrx_word' id='word_1_2' title='bbox 1392 299 1940 363; x_wconf 74' lang='lat' dir='ltr'><strong>HISTORIABUM</strong></span> <span class='ocrx_word' id='word_1_3' title='bbox 1986 298 2213 357; x_wconf 79' lang='lat' dir='ltr'><strong>LlBEll</strong></span> <span class='ocrx_word' id='word_1_4' title='bbox 2264 301 2278 355; x_wconf 92' lang='lat' dir='ltr'><strong>l</strong></span> <span class='ocrx_word' id='word_1_5' title='bbox 2299 299 2316 355; x_wconf 83' lang='grc' dir='ltr'><strong>ι</strong></span> <span class='ocrx_word' id='word_1_6' title='bbox 2335 299 2374 356; x_wconf 92' lang='grc'>[.</span> 
     </span>
    </p>
   </div>
   <div class='ocr_carea' id='block_1_3' title="bbox 3390 294 3526 356">
    <p class='ocr_par' dir='ltr' id='par_1_3' title="bbox 3390 294 3526 356">
     <span class='ocr_line' id='line_1_3' title="bbox 3390 294 3526 356; baseline -0.015 0"><span class='ocrx_word' id='word_1_7' title='bbox 3390 294 3526 356; x_wconf 76' lang='lat'><strong>1282</strong></span> 
     </span>
    </p>
   </div>
   <div class='ocr_carea' id='block_1_4' title="bbox 312 400 1878 492">
    <p class='ocr_par' dir='ltr' id='par_1_4' title="bbox 312 411 1860 492">
     <span class='ocr_line' id='line_1_4' title="bbox 312 411 1860 492; baseline -0.012 -15"><span class='ocrx_word' id='word_1_8' title='bbox 312 425 394 477; x_wconf 71' lang='grc' dir='ltr'>καὶ</span> <span class='ocrx_word' id='word_1_9' title='bbox 423 419 789 492; x_wconf 59' lang='grc' dir='ltr'>’βοσκημάτων</span> <span class='ocrx_word' id='word_1_10' title='bbox 826 417 1135 486; x_wconf 68' lang='grc' dir='ltr'>ἐκράτησαν</span> <span class='ocrx_word' id='word_1_11' title='bbox 1173 411 1537 482; x_wconf 71' lang='grc' dir='ltr'><strong>παμπόλλων,</strong></span> <span class='ocrx_word' id='word_1_12' title='bbox 1569 411 1660 464; x_wconf 73' lang='grc' dir='ltr'>καὶ</span> <span class='ocrx_word' id='word_1_13' title='bbox 1700 411 1860 476; x_wconf 78' lang='grc' dir='ltr'>εἴπερ</span> 
     </span>
    </p>
   </div>
   <div class='ocr_carea' id='block_1_5' title="bbox 1980 400 3528 492">
    <p class='ocr_par' dir='ltr' id='par_1_5' title="bbox 1980 400 3528 475">
     <span class='ocr_line' id='line_1_5' title="bbox 1980 400 3528 475; baseline -0.002 -16"><span class='ocrx_word' id='word_1_14' title='bbox 1980 406 2142 460; x_wconf 75' lang='lat' dir='ltr'><strong>ilibus</strong></span> <span class='ocrx_word' id='word_1_15' title='bbox 2193 405 2626 475; x_wconf 73' lang='lat' dir='ltr'><strong>compelleretur.</strong></span> <span class='ocrx_word' id='word_1_16' title='bbox 2659 400 2973 474; x_wconf 36' lang='lat' dir='ltr'><strong>Et‘quidem</strong></span> <span class='ocrx_word' id='word_1_17' title='bbox 3025 402 3078 454; x_wconf 91' lang='lat' dir='ltr'><strong>in</strong></span> <span class='ocrx_word' id='word_1_18' title='bbox 3128 403 3244 456; x_wconf 89' lang='lat' dir='ltr'><strong>illos</strong></span> <span class='ocrx_word' id='word_1_19' title='bbox 3287 419 3528 472; x_wconf 86' lang='lat' dir='ltr'><strong>pugnare</strong></span> 
     </span>
    </p>
   </div>
   <div class='ocr_carea' id='block_1_6' title="bbox 311 495 1878 574">
    <p class='ocr_par' dir='ltr' id='par_1_6' title="bbox 311 502 1862 574">
     <span class='ocr_line' id='line_1_6' title="bbox 311 502 1862 574; baseline -0.008 -8"><span class='ocrx_word' id='word_1_20' title='bbox 311 513 428 566; x_wconf 76' lang='grc' dir='ltr'>ποτὲ</span> <span class='ocrx_word' id='word_1_21' title='bbox 469 511 754 564; x_wconf 72' lang='grc' dir='ltr'>ἐκάκωσαν</span> <span class='ocrx_word' id='word_1_22' title='bbox 789 509 1022 563; x_wconf 83' lang='grc' dir='ltr'>Μυσίαν,</span> <span class='ocrx_word' id='word_1_23' title='bbox 1071 507 1316 574; x_wconf 75' lang='grc' dir='ltr'>Ἐλέγετο</span> <span class='ocrx_word' id='word_1_24' title='bbox 1359 504 1420 557; x_wconf 77' lang='grc' dir='ltr'>δὲ</span> <span class='ocrx_word' id='word_1_25' title='bbox 1476 503 1548 566; x_wconf 86' lang='grc' dir='ltr'>ὼς</span> <span class='ocrx_word' id='word_1_26' title='bbox 1611 502 1862 572; x_wconf 83' lang='grc' dir='ltr'>βασιλεὺς</span> 
     </span>
    </p>
   </div>
   <div class='ocr_carea' id='block_1_7' title="bbox 1980 495 3525 574">
    <p class='ocr_par' dir='ltr' id='par_1_7' title="bbox 1988 495 3525 565">
     <span class='ocr_line' id='line_1_7' title="bbox 1988 495 3525 565; baseline -0.001 -15"><span class='ocrx_word' id='word_1_27' title='bbox 1988 504 2169 550; x_wconf 89' lang='lat' dir='ltr'><strong>ustum</strong></span> <span class='ocrx_word' id='word_1_28' title='bbox 2201 511 2260 551; x_wconf 90' lang='lat' dir='ltr'><strong>se</strong></span> <span class='ocrx_word' id='word_1_29' title='bbox 2312 497 2564 551; x_wconf 87' lang='lat' dir='ltr'><strong>arbitrari</strong></span> <span class='ocrx_word' id='word_1_30' title='bbox 2612 496 2950 560; x_wconf 85' lang='lat' dir='ltr'><strong>autumabat,</strong></span> <span class='ocrx_word' id='word_1_31' title='bbox 2977 510 3084 550; x_wconf 91' lang='lat' dir='ltr'><strong>non</strong></span> <span class='ocrx_word' id='word_1_32' title='bbox 3151 495 3324 549; x_wconf 85' lang='lat' dir='ltr'><strong>solum</strong></span> <span class='ocrx_word' id='word_1_33' title='bbox 3383 499 3525 565; x_wconf 85' lang='lat' dir='ltr'><strong>quod</strong></span> 
     </span>
    </p>
   </div>
   <div class='ocr_carea' id='block_1_8' title="bbox 311 596 1864 673">
    <p class='ocr_par' dir='ltr' id='par_1_8' title="bbox 311 596 1864 673">
     <span class='ocr_line' id='line_1_8' title="bbox 311 596 1864 673; baseline -0.009 -14"><span class='ocrx_word' id='word_1_34' title='bbox 311 607 481 666; x_wconf 78' lang='grc' dir='ltr'>αὐτοῖς</span> <span class='ocrx_word' id='word_1_35' title='bbox 505 604 818 673; x_wconf 75' lang='grc' dir='ltr'>ἐπιτρέψειε</span> <span class='ocrx_word' id='word_1_36' title='bbox 847 603 943 669; x_wconf 81' lang='grc' dir='ltr'>τὴν</span> <span class='ocrx_word' id='word_1_37' title='bbox 967 599 1178 668; x_wconf 79' lang='grc' dir='ltr'>ἔφοδον,</span> <span class='ocrx_word' id='word_1_38' title='bbox 1213 597 1573 667; x_wconf 84' lang='grc' dir='ltr'>ἀμειϐόμενος</span> <span class='ocrx_word' id='word_1_39' title='bbox 1602 596 1699 664; x_wconf 71' lang='grc' dir='ltr'>τῆς</span> <span class='ocrx_word' id='word_1_40' title='bbox 1729 611 1864 662; x_wconf 89' lang='grc' dir='ltr'>συμ-</span> 
     </span>
    </p>
   </div>
   <div class='ocr_carea' id='block_1_9' title="bbox 313 685 1859 765">
    <p class='ocr_par' dir='ltr' id='par_1_9' title="bbox 313 685 1859 765">
     <span class='ocr_line' id='line_1_9' title="bbox 313 685 1859 765; baseline -0.006 -18"><span class='ocrx_word' id='word_1_41' title='bbox 313 697 529 765; x_wconf 87' lang='grc' dir='ltr'>μαχίας·</span> <span class='ocrx_word' id='word_1_42' title='bbox 570 693 859 761; x_wconf 75' lang='grc' dir='ltr'>ἐψεύδοντο</span> <span class='ocrx_word' id='word_1_43' title='bbox 912 692 966 744; x_wconf 79' lang='grc' dir='ltr'>δὲ</span> <span class='ocrx_word' id='word_1_44' title='bbox 1017 689 1274 758; x_wconf 85' lang='grc' dir='ltr'>ἀκράτως</span> <span class='ocrx_word' id='word_1_45' title='bbox 1326 688 1376 739; x_wconf 85' lang='grc' dir='ltr'>οι</span> <span class='ocrx_word' id='word_1_46' title='bbox 1431 685 1859 754; x_wconf 82' lang='grc' dir='ltr'><strong>λογοποιοῦντες.</strong></span> 
     </span>
    </p>
   </div>
   <div class='ocr_carea' id='block_1_10' title="bbox 310 772 1864 854">
    <p class='ocr_par' dir='ltr' id='par_1_10' title="bbox 310 772 1864 854">
     <span class='ocr_line' id='line_1_10' title="bbox 310 772 1864 854; baseline -0.006 -18"><span class='ocrx_word' id='word_1_47' title='bbox 310 786 412 854; x_wconf 80' lang='grc' dir='ltr'><strong>Οὐχ</strong></span> <span class='ocrx_word' id='word_1_48' title='bbox 471 785 553 835; x_wconf 82' lang='grc' dir='ltr'>ὅτι</span> <span class='ocrx_word' id='word_1_49' title='bbox 600 781 720 834; x_wconf 86' lang='grc' dir='ltr'>τότε</span> <span class='ocrx_word' id='word_1_50' title='bbox 772 781 877 850; x_wconf 82' lang='grc' dir='ltr'><strong>γὰρ</strong></span> <span class='ocrx_word' id='word_1_51' title='bbox 928 781 955 832; x_wconf 88' lang='grc' dir='ltr'><strong>ό</strong></span> <span class='ocrx_word' id='word_1_52' title='bbox 1007 777 1302 846; x_wconf 81' lang='grc' dir='ltr'>βασιλεὺς,</span> <span class='ocrx_word' id='word_1_53' title='bbox 1357 775 1473 829; x_wconf 81' lang='grc' dir='ltr'>ἀλλ’</span> <span class='ocrx_word' id='word_1_54' title='bbox 1506 776 1626 834; x_wconf 80' lang='grc' dir='ltr'>οὐδὲ</span> <span class='ocrx_word' id='word_1_55' title='bbox 1678 772 1864 827; x_wconf 79' lang='grc' dir='ltr'>ἄλλοτέ</span> 
     </span>
    </p>
   </div>
   <div class='ocr_carea' id='block_1_11' title="bbox 313 865 1861 938">
    <p class='ocr_par' dir='ltr' id='par_1_11' title="bbox 313 865 1861 938">
     <span class='ocr_line' id='line_1_11' title="bbox 313 865 1861 938; baseline -0.006 -13"><span class='ocrx_word' id='word_1_56' title='bbox 313 890 433 926; x_wconf 83' lang='grc' dir='ltr'>ποτε</span> <span class='ocrx_word' id='word_1_57' title='bbox 465 870 606 924; x_wconf 79' lang='grc' dir='ltr'>ἑκὼν</span> <span class='ocrx_word' id='word_1_58' title='bbox 637 867 780 924; x_wconf 77' lang='grc' dir='ltr'>εἶναι</span> <span class='ocrx_word' id='word_1_59' title='bbox 811 869 945 938; x_wconf 78' lang='grc' dir='ltr'>πρὸς</span> <span class='ocrx_word' id='word_1_60' title='bbox 982 867 1294 938; x_wconf 85' lang='grc' dir='ltr'>βαρϐάρους</span> <span class='ocrx_word' id='word_1_61' title='bbox 1323 865 1570 936; x_wconf 82' lang='grc' dir='ltr'>ἐπήγαγε</span> <span class='ocrx_word' id='word_1_62' title='bbox 1619 865 1861 925; x_wconf 49' lang='grc' dir='ltr'>Μυσοῖς</span> 
     </span>
    </p>
   </div>
   <div class='ocr_carea' id='block_1_12' title="bbox 311 953 1864 1026">
    <p class='ocr_par' dir='ltr' id='par_1_12' title="bbox 311 953 1864 1026">
     <span class='ocr_line' id='line_1_12' title="bbox 311 953 1864 1026; baseline -0.007 -10"><span class='ocrx_word' id='word_1_63' title='bbox 311 963 438 1016; x_wconf 83' lang='grc' dir='ltr'>ἀλλὰ</span> <span class='ocrx_word' id='word_1_64' title='bbox 471 962 692 1024; x_wconf 87' lang='grc' dir='ltr'>πλείους</span> <span class='ocrx_word' id='word_1_65' title='bbox 717 961 892 1024; x_wconf 78' lang='grc' dir='ltr'>ὄντες,</span> <span class='ocrx_word' id='word_1_66' title='bbox 931 959 962 1026; x_wconf 74' lang='grc' dir='ltr'><strong>ἢ</strong></span> <span class='ocrx_word' id='word_1_67' title='bbox 993 957 1134 1010; x_wconf 83' lang='grc' dir='ltr'>ὥστε</span> <span class='ocrx_word' id='word_1_68' title='bbox 1157 955 1387 1024; x_wconf 76' lang='grc' dir='ltr'>ἄγεσθαι</span> <span class='ocrx_word' id='word_1_69' title='bbox 1416 955 1520 1008; x_wconf 82' lang='grc' dir='ltr'><strong>ὑπὸ</strong></span> <span class='ocrx_word' id='word_1_70' title='bbox 1553 953 1864 1023; x_wconf 87' lang='grc' dir='ltr'>Ῥωμαίων,</span> 
     </span>
    </p>
   </div>
   <div class='ocr_carea' id='block_1_13' title="bbox 1967 586 3532 656">
    <p class='ocr_par' dir='ltr' id='par_1_13' title="bbox 1967 586 3532 656">
     <span class='ocr_line' id='line_1_13' title="bbox 1967 586 3532 656; baseline 0 -18"><span class='ocrx_word' id='word_1_71' title='bbox 1967 601 2156 656; x_wconf 90' lang='lat' dir='ltr'><strong>pacem</strong></span> <span class='ocrx_word' id='word_1_72' title='bbox 2185 587 2558 656; x_wconf 81' lang='lat' dir='ltr'><strong>repudiarent,</strong></span> <span class='ocrx_word' id='word_1_73' title='bbox 2587 589 2681 642; x_wconf 88' lang='lat' dir='ltr'><strong>sed</strong></span> <span class='ocrx_word' id='word_1_74' title='bbox 2715 589 2902 652; x_wconf 86' lang='lat' dir='ltr'><strong>etiam,</strong></span> <span class='ocrx_word' id='word_1_75' title='bbox 2933 587 3074 656; x_wconf 89' lang='lat' dir='ltr'><strong>quod</strong></span> <span class='ocrx_word' id='word_1_76' title='bbox 3106 587 3150 639; x_wconf 89' lang='lat' dir='ltr'><strong>si</strong></span> <span class='ocrx_word' id='word_1_77' title='bbox 3195 602 3299 655; x_wconf 90' lang='lat' dir='ltr'><strong>qua</strong></span> <span class='ocrx_word' id='word_1_78' title='bbox 3340 586 3423 639; x_wconf 84' lang='lat' dir='ltr'><strong>via</strong></span> <span class='ocrx_word' id='word_1_79' title='bbox 3454 591 3532 641; x_wconf 84' lang='lat' dir='ltr'><strong>vi-</strong></span> 
     </span>
    </p>
   </div>
   <div class='ocr_carea' id='block_1_14' title="bbox 1967 679 3530 749">
    <p class='ocr_par' dir='ltr' id='par_1_14' title="bbox 1967 679 3530 749">
     <span class='ocr_line' id='line_1_14' title="bbox 1967 679 3530 749; baseline 0 -17"><span class='ocrx_word' id='word_1_80' title='bbox 1967 686 2144 732; x_wconf 90' lang='lat' dir='ltr'><strong>ctores</strong></span> <span class='ocrx_word' id='word_1_81' title='bbox 2169 679 2484 745; x_wconf 88' lang='lat' dir='ltr'><strong>evaderent,</strong></span> <span class='ocrx_word' id='word_1_82' title='bbox 2510 694 2703 732; x_wconf 87' lang='lat' dir='ltr'><strong>omnes</strong></span> <span class='ocrx_word' id='word_1_83' title='bbox 2736 679 2817 749; x_wconf 89' lang='lat' dir='ltr'><strong>(ut</strong></span> <span class='ocrx_word' id='word_1_84' title='bbox 2842 695 2905 733; x_wconf 83' lang='lat' dir='ltr'><strong>ex</strong></span> <span class='ocrx_word' id='word_1_85' title='bbox 2946 680 3231 748; x_wconf 65' lang='lat' dir='ltr'><strong>praeteritis</strong></span> <span class='ocrx_word' id='word_1_86' title='bbox 3264 680 3439 733; x_wconf 88' lang='lat' dir='ltr'><strong>futura</strong></span> <span class='ocrx_word' id='word_1_87' title='bbox 3465 680 3530 732; x_wconf 87' lang='lat' dir='ltr'><strong>li-</strong></span> 
     </span>
    </p>
   </div>
   <div class='ocr_carea' id='block_1_15' title="bbox 1935 763 3525 840">
    <p class='ocr_par' dir='ltr' id='par_1_15' title="bbox 1935 763 3525 840">
     <span class='ocr_line' id='line_1_15' title="bbox 1935 763 3525 840; baseline 0.001 -19"><span class='ocrx_word' id='word_1_88' title='bbox 1935 763 2115 821; x_wconf 49' lang='lat' dir='ltr'><strong>‘ceret</strong></span> <span class='ocrx_word' id='word_1_89' title='bbox 2181 768 2458 840; x_wconf 82' lang='lat' dir='ltr'><strong>colligere)</strong></span> <span class='ocrx_word' id='word_1_90' title='bbox 2531 770 2832 824; x_wconf 84' lang='lat' dir='ltr'><strong>crudeliter</strong></span> <span class='ocrx_word' id='word_1_91' title='bbox 2901 769 3240 823; x_wconf 87' lang='lat' dir='ltr'><strong>interfectnri</strong></span> <span class='ocrx_word' id='word_1_92' title='bbox 3318 779 3525 824; x_wconf 89' lang='lat' dir='ltr'><strong>essent.</strong></span> 
     </span>
    </p>
   </div>
   <div class='ocr_carea' id='block_1_16' title="bbox 1967 857 3531 930">
    <p class='ocr_par' dir='ltr' id='par_1_16' title="bbox 1967 857 3531 930">
     <span class='ocr_line' id='line_1_16' title="bbox 1967 857 3531 930; baseline 0.002 -19"><span class='ocrx_word' id='word_1_93' title='bbox 1967 857 2311 928; x_wconf 74' lang='lat' dir='ltr'><strong>Quapropter</strong></span> <span class='ocrx_word' id='word_1_94' title='bbox 2333 870 2386 914; x_wconf 92' lang='lat' dir='ltr'><strong>et</strong></span> <span class='ocrx_word' id='word_1_95' title='bbox 2417 858 2776 915; x_wconf 84' lang='lat' dir='ltr'><strong>Barbarorum</strong></span> <span class='ocrx_word' id='word_1_96' title='bbox 2803 875 2952 914; x_wconf 85' lang='lat' dir='ltr'><strong>arma</strong></span> <span class='ocrx_word' id='word_1_97' title='bbox 2981 861 3126 914; x_wconf 88' lang='lat' dir='ltr'><strong>socia</strong></span> <span class='ocrx_word' id='word_1_98' title='bbox 3158 871 3438 930; x_wconf 76' lang='lat' dir='ltr'><strong>expetere,</strong></span> <span class='ocrx_word' id='word_1_99' title='bbox 3463 877 3531 914; x_wconf 88' lang='lat' dir='ltr'><strong>ne</strong></span> 
     </span>
    </p>
   </div>
   <div class='ocr_carea' id='block_1_17' title="bbox 1969 937 3532 1021">
    <p class='ocr_par' dir='ltr' id='par_1_17' title="bbox 1969 937 3532 1021">
     <span class='ocr_line' id='line_1_17' title="bbox 1969 937 3532 1021; baseline 0.001 -19"><span class='ocrx_word' id='word_1_100' title='bbox 1969 948 2046 1002; x_wconf 88' lang='lat' dir='ltr'><strong>illi</strong></span> <span class='ocrx_word' id='word_1_101' title='bbox 2080 949 2214 1018; x_wconf 88' lang='lat' dir='ltr'><strong>ipsis</strong></span> <span class='ocrx_word' id='word_1_102' title='bbox 2243 951 2348 1016; x_wconf 88' lang='lat' dir='ltr'><strong>usi,</strong></span> <span class='ocrx_word' id='word_1_103' title='bbox 2384 965 2443 1006; x_wconf 91' lang='lat' dir='ltr'><strong>se</strong></span> <span class='ocrx_word' id='word_1_104' title='bbox 2479 967 2602 1006; x_wconf 89' lang='lat' dir='ltr'><strong>cum</strong></span> <span class='ocrx_word' id='word_1_105' title='bbox 2635 952 2769 1015; x_wconf 87' lang='lat' dir='ltr'><strong>suis,</strong></span> <span class='ocrx_word' id='word_1_106' title='bbox 2806 937 2947 1021; x_wconf 85' lang='lat' dir='ltr'><strong>quod</strong></span> <span class='ocrx_word' id='word_1_107' title='bbox 2972 951 3168 1021; x_wconf 86' lang='lat' dir='ltr'><strong>saepius</strong></span> <span class='ocrx_word' id='word_1_108' title='bbox 3196 953 3372 1006; x_wconf 80' lang='lat' dir='ltr'><strong>conati</strong></span> <span class='ocrx_word' id='word_1_109' title='bbox 3402 952 3532 1015; x_wconf 91' lang='lat' dir='ltr'><strong>sint,</strong></span> 
     </span>
    </p>
   </div>
   <div class='ocr_carea' id='block_1_18' title="bbox 311 1042 1878 1122">
    <p class='ocr_par' dir='ltr' id='par_1_18' title="bbox 311 1042 1866 1122">
     <span class='ocr_line' id='line_1_18' title="bbox 311 1042 1866 1122; baseline -0.006 -16"><span class='ocrx_word' id='word_1_110' title='bbox 311 1055 395 1122; x_wconf 73' lang='grc' dir='ltr'><strong>ἀφ’</strong></span> <span class='ocrx_word' id='word_1_111' title='bbox 433 1053 644 1106; x_wconf 82' lang='grc' dir='ltr'>ἐαυτῶν</span> <span class='ocrx_word' id='word_1_112' title='bbox 679 1052 835 1104; x_wconf 75' lang='grc' dir='ltr'>αὐτοὶ</span> <span class='ocrx_word' id='word_1_113' title='bbox 867 1048 1108 1118; x_wconf 79' lang='grc' dir='ltr'>ἐπῄεσαν</span> <span class='ocrx_word' id='word_1_114' title='bbox 1140 1047 1369 1118; x_wconf 83' lang='grc' dir='ltr'><strong>κέρδους</strong></span> <span class='ocrx_word' id='word_1_115' title='bbox 1415 1046 1600 1098; x_wconf 83' lang='grc' dir='ltr'>ἓνεκα.</span> <span class='ocrx_word' id='word_1_116' title='bbox 1637 1042 1866 1112; x_wconf 86' lang='grc' dir='ltr'>Λαμϐά-</span> 
     </span>
    </p>
   </div>
   <div class='ocr_carea' id='block_1_19' title="bbox 1980 1042 3533 1122">
    <p class='ocr_par' dir='ltr' id='par_1_19' title="bbox 1980 1042 3533 1111">
     <span class='ocr_line' id='line_1_19' title="bbox 1980 1042 3533 1111; baseline 0 -15"><span class='ocrx_word' id='word_1_117' title='bbox 1980 1042 2264 1111; x_wconf 88' lang='lat' dir='ltr'><strong>perimant.</strong></span> <span class='ocrx_word' id='word_1_118' title='bbox 2305 1042 2460 1108; x_wconf 89' lang='lat' dir='ltr'><strong>Quod</strong></span> <span class='ocrx_word' id='word_1_119' title='bbox 2497 1059 2626 1097; x_wconf 88' lang='lat' dir='ltr'><strong>vero</strong></span> <span class='ocrx_word' id='word_1_120' title='bbox 2675 1053 2779 1096; x_wconf 90' lang='lat' dir='ltr'><strong>tam</strong></span> <span class='ocrx_word' id='word_1_121' title='bbox 2828 1043 3031 1098; x_wconf 89' lang='lat' dir='ltr'><strong>multos</strong></span> <span class='ocrx_word' id='word_1_122' title='bbox 3079 1043 3402 1105; x_wconf 78' lang='lat' dir='ltr'><strong>occiderint.</strong></span> <span class='ocrx_word' id='word_1_123' title='bbox 3441 1059 3533 1096; x_wconf 84' lang='lat' dir='ltr'><strong>ce-</strong></span> 
     </span>
    </p>
   </div>
   <div class='ocr_carea' id='block_1_20' title="bbox 314 1133 1878 1214">
    <p class='ocr_par' dir='ltr' id='par_1_20' title="bbox 314 1134 1865 1214">
     <span class='ocr_line' id='line_1_20' title="bbox 314 1134 1865 1214; baseline -0.008 -17"><span class='ocrx_word' id='word_1_124' title='bbox 314 1162 417 1197; x_wconf 74' lang='lat' dir='ltr'><strong>mv</strong></span> <span class='ocrx_word' id='word_1_125' title='bbox 443 1146 552 1214; x_wconf 75' lang='grc' dir='ltr'>γὰρ</span> <span class='ocrx_word' id='word_1_126' title='bbox 582 1146 732 1214; x_wconf 81' lang='grc' dir='ltr'>παρὰ</span> <span class='ocrx_word' id='word_1_127' title='bbox 776 1141 1067 1211; x_wconf 79' lang='grc' dir='ltr'>Ῥωμαίων</span> <span class='ocrx_word' id='word_1_128' title='bbox 1092 1139 1244 1192; x_wconf 81' lang='grc' dir='ltr'>οὐδὲν</span> <span class='ocrx_word' id='word_1_129' title='bbox 1272 1139 1421 1209; x_wconf 81' lang='grc' dir='ltr'>ἐξῆν,</span> <span class='ocrx_word' id='word_1_130' title='bbox 1453 1137 1561 1190; x_wconf 90' lang='grc' dir='ltr'><strong>τῶν</strong></span> <span class='ocrx_word' id='word_1_131' title='bbox 1607 1135 1704 1205; x_wconf 83' lang='grc' dir='ltr'>μὲν</span> <span class='ocrx_word' id='word_1_132' title='bbox 1765 1134 1865 1202; x_wconf 76' lang='grc' dir='ltr'><strong>ήδη</strong></span> 
     </span>
    </p>
   </div>
   <div class='ocr_carea' id='block_1_21' title="bbox 1980 1133 3534 1214">
    <p class='ocr_par' dir='ltr' id='par_1_21' title="bbox 1980 1133 3534 1200">
     <span class='ocr_line' id='line_1_21' title="bbox 1980 1133 3534 1200; baseline -0.002 -13"><span class='ocrx_word' id='word_1_133' title='bbox 1980 1133 2170 1200; x_wconf 86' lang='lat' dir='ltr'><strong>perint,</strong></span> <span class='ocrx_word' id='word_1_134' title='bbox 2210 1133 2483 1188; x_wconf 85' lang='lat' dir='ltr'><strong>dirissime</strong></span> <span class='ocrx_word' id='word_1_135' title='bbox 2514 1135 2835 1199; x_wconf 89' lang='lat' dir='ltr'><strong>cruciarint,</strong></span> <span class='ocrx_word' id='word_1_136' title='bbox 2887 1135 2940 1189; x_wconf 89' lang='lat' dir='ltr'><strong>id</strong></span> <span class='ocrx_word' id='word_1_137' title='bbox 2987 1149 3081 1189; x_wconf 87' lang='lat' dir='ltr'><strong>eos</strong></span> <span class='ocrx_word' id='word_1_138' title='bbox 3110 1135 3260 1188; x_wconf 87' lang='lat' dir='ltr'><strong>nullo</strong></span> <span class='ocrx_word' id='word_1_139' title='bbox 3304 1135 3534 1188; x_wconf 85' lang='lat' dir='ltr'><strong>honesto</strong></span> 
     </span>
    </p>
   </div>
   <div class='ocr_carea' id='block_1_22' title="bbox 311 1224 1878 1306">
    <p class='ocr_par' dir='ltr' id='par_1_22' title="bbox 311 1225 1870 1306">
     <span class='ocr_line' id='line_1_22' title="bbox 311 1225 1870 1306; baseline -0.006 -19"><span class='ocrx_word' id='word_1_140' title='bbox 311 1236 740 1306; x_wconf 79' lang='grc' dir='ltr'><strong>διεφθαρμένων,</strong></span> <span class='ocrx_word' id='word_1_141' title='bbox 792 1233 903 1286; x_wconf 93' lang='grc' dir='ltr'><strong>τῶν</strong></span> <span class='ocrx_word' id='word_1_142' title='bbox 942 1231 1255 1285; x_wconf 75' lang='grc' dir='ltr'>ὑπολοίπων</span> <span class='ocrx_word' id='word_1_143' title='bbox 1299 1229 1356 1282; x_wconf 81' lang='grc' dir='ltr'>δὲ</span> <span class='ocrx_word' id='word_1_144' title='bbox 1411 1227 1709 1281; x_wconf 82' lang='grc' dir='ltr'>τελούντων</span> <span class='ocrx_word' id='word_1_145' title='bbox 1765 1225 1870 1277; x_wconf 82' lang='grc' dir='ltr'><strong>ὑπὸ</strong></span> 
     </span>
    </p>
   </div>
   <div class='ocr_carea' id='block_1_23' title="bbox 1980 1224 3532 1306">
    <p class='ocr_par' dir='ltr' id='par_1_23' title="bbox 1980 1224 3532 1296">
     <span class='ocr_line' id='line_1_23' title="bbox 1980 1224 3532 1296; baseline 0.001 -19"><span class='ocrx_word' id='word_1_146' title='bbox 1980 1225 2195 1280; x_wconf 86' lang='lat' dir='ltr'><strong>nomine</strong></span> <span class='ocrx_word' id='word_1_147' title='bbox 2219 1240 2380 1294; x_wconf 83' lang='lat' dir='ltr'><strong>posse</strong></span> <span class='ocrx_word' id='word_1_148' title='bbox 2412 1225 2723 1280; x_wconf 81' lang='lat' dir='ltr'><strong>defendere.</strong></span> <span class='ocrx_word' id='word_1_149' title='bbox 2750 1226 2918 1296; x_wconf 76' lang='lat'><strong>689</strong></span> <span class='ocrx_word' id='word_1_150' title='bbox 2957 1224 3102 1290; x_wconf 84' lang='lat' dir='ltr'><strong>Quid</strong></span> <span class='ocrx_word' id='word_1_151' title='bbox 3127 1225 3271 1279; x_wconf 87' lang='lat' dir='ltr'><strong>enim</strong></span> <span class='ocrx_word' id='word_1_152' title='bbox 3307 1241 3400 1280; x_wconf 88' lang='lat' dir='ltr'><strong>eos</strong></span> <span class='ocrx_word' id='word_1_153' title='bbox 3441 1226 3532 1279; x_wconf 67' lang='lat' dir='ltr'><strong>lar-</strong></span> 
     </span>
    </p>
   </div>
   <div class='ocr_carea' id='block_1_24' title="bbox 315 1315 1878 1396">
    <p class='ocr_par' dir='ltr' id='par_1_24' title="bbox 315 1318 1870 1396">
     <span class='ocr_line' id='line_1_24' title="bbox 315 1318 1870 1396; baseline -0.008 -15"><span class='ocrx_word' id='word_1_154' title='bbox 315 1327 532 1396; x_wconf 81' lang='grc' dir='ltr'>βασιλέα</span> <span class='ocrx_word' id='word_1_155' title='bbox 559 1320 603 1394; x_wconf 83' lang='grc' dir='ltr'>ᾧ</span> <span class='ocrx_word' id='word_1_156' title='bbox 635 1327 916 1396; x_wconf 88' lang='grc' dir='ltr'>σύμμαχοι</span> <span class='ocrx_word' id='word_1_157' title='bbox 947 1325 1044 1378; x_wconf 70' lang='grc' dir='ltr'>καὶ</span> <span class='ocrx_word' id='word_1_158' title='bbox 1062 1323 1206 1392; x_wconf 86' lang='grc' dir='ltr'>φίλοι</span> <span class='ocrx_word' id='word_1_159' title='bbox 1251 1318 1395 1392; x_wconf 71' lang='grc' dir='ltr'>εἶναι</span> <span class='ocrx_word' id='word_1_160' title='bbox 1423 1321 1628 1387; x_wconf 82' lang='grc' dir='ltr'>ἔλεγον.</span> <span class='ocrx_word' id='word_1_161' title='bbox 1653 1318 1870 1372; x_wconf 84' lang='grc' dir='ltr'>Μᾶλλον</span> 
     </span>
    </p>
   </div>
   <div class='ocr_carea' id='block_1_25' title="bbox 1980 1315 3529 1396">
    <p class='ocr_par' dir='ltr' id='par_1_25' title="bbox 1980 1315 3529 1387">
     <span class='ocr_line' id='line_1_25' title="bbox 1980 1315 3529 1387; baseline -0.003 -15"><span class='ocrx_word' id='word_1_162' title='bbox 1980 1325 2160 1372; x_wconf 78' lang='lat' dir='ltr'><strong>serunt</strong></span> <span class='ocrx_word' id='word_1_163' title='bbox 2195 1318 2449 1372; x_wconf 86' lang='lat' dir='ltr'><strong>homines</strong></span> <span class='ocrx_word' id='word_1_164' title='bbox 2476 1318 2743 1387; x_wconf 72' lang='lat' dir='ltr'><strong>agricolae,</strong></span> <span class='ocrx_word' id='word_1_165' title='bbox 2781 1327 2835 1371; x_wconf 91' lang='lat' dir='ltr'><strong>et</strong></span> <span class='ocrx_word' id='word_1_166' title='bbox 2876 1316 3151 1382; x_wconf 86' lang='lat' dir='ltr'><strong>mulieres,</strong></span> <span class='ocrx_word' id='word_1_167' title='bbox 3189 1325 3245 1370; x_wconf 81' lang='lat' dir='ltr'><strong>et.</strong></span> <span class='ocrx_word' id='word_1_168' title='bbox 3273 1315 3529 1375; x_wconf 80' lang='lat' dir='ltr'><strong>infantes,</strong></span> 
     </span>
    </p>
   </div>
   <div class='ocr_carea' id='block_1_26' title="bbox 315 1407 1878 1490">
    <p class='ocr_par' dir='ltr' id='par_1_26' title="bbox 315 1411 1872 1490">
     <span class='ocr_line' id='line_1_26' title="bbox 315 1411 1872 1490; baseline -0.009 -15"><span class='ocrx_word' id='word_1_169' title='bbox 315 1422 406 1490; x_wconf 82' lang='grc' dir='ltr'>μὲν</span> <span class='ocrx_word' id='word_1_170' title='bbox 437 1414 530 1474; x_wconf 83' lang='grc' dir='ltr'><strong>οὖν</strong></span> <span class='ocrx_word' id='word_1_171' title='bbox 557 1420 652 1472; x_wconf 73' lang='grc' dir='ltr'>καὶ</span> <span class='ocrx_word' id='word_1_172' title='bbox 677 1419 939 1488; x_wconf 82' lang='grc' dir='ltr'>πρόνοιαν</span> <span class='ocrx_word' id='word_1_173' title='bbox 965 1417 1205 1467; x_wconf 79' lang='grc' dir='ltr'>ἐποιεῖτο</span> <span class='ocrx_word' id='word_1_174' title='bbox 1236 1413 1498 1482; x_wconf 82' lang='grc' dir='ltr'><strong>πλείστην</strong></span> <span class='ocrx_word' id='word_1_175' title='bbox 1525 1413 1637 1473; x_wconf 86' lang='grc' dir='ltr'>τοῖς</span> <span class='ocrx_word' id='word_1_176' title='bbox 1662 1411 1872 1471; x_wconf 81' lang='grc' dir='ltr'><strong>Μυσοῖς</strong></span> 
     </span>
    </p>
   </div>
   <div class='ocr_carea' id='block_1_27' title="bbox 1980 1407 3534 1490">
    <p class='ocr_par' dir='ltr' id='par_1_27' title="bbox 1980 1407 3534 1478">
     <span class='ocr_line' id='line_1_27' title="bbox 1980 1407 3534 1478; baseline -0.001 -17"><span class='ocrx_word' id='word_1_177' title='bbox 1980 1408 2062 1478; x_wconf 73' lang='lat' dir='ltr'><strong>qui</strong></span> <span class='ocrx_word' id='word_1_178' title='bbox 2111 1408 2350 1477; x_wconf 90' lang='lat' dir='ltr'><strong>quotidie</strong></span> <span class='ocrx_word' id='word_1_179' title='bbox 2393 1408 2731 1477; x_wconf 72' lang='lat' dir='ltr'><strong>iugulantur,</strong></span> <span class='ocrx_word' id='word_1_180' title='bbox 2771 1416 2827 1462; x_wconf 90' lang='lat' dir='ltr'><strong>et</strong></span> <span class='ocrx_word' id='word_1_181' title='bbox 2879 1408 2934 1460; x_wconf 90' lang='lat' dir='ltr'><strong>in</strong></span> <span class='ocrx_word' id='word_1_182' title='bbox 2989 1407 3304 1461; x_wconf 83' lang='lat' dir='ltr'><strong>servitutem</strong></span> <span class='ocrx_word' id='word_1_183' title='bbox 3361 1407 3534 1476; x_wconf 83' lang='lat' dir='ltr'><strong>pretio</strong></span> 
     </span>
    </p>
   </div>
   <div class='ocr_carea' id='block_1_28' title="bbox 313 1498 1878 1582">
    <p class='ocr_par' dir='ltr' id='par_1_28' title="bbox 313 1503 1870 1582">
     <span class='ocr_line' id='line_1_28' title="bbox 313 1503 1870 1582; baseline -0.008 -18"><span class='ocrx_word' id='word_1_184' title='bbox 313 1515 406 1582; x_wconf 79' lang='grc' dir='ltr'>τὴν</span> <span class='ocrx_word' id='word_1_185' title='bbox 459 1511 569 1564; x_wconf 90' lang='grc' dir='ltr'><strong>τῶν</strong></span> <span class='ocrx_word' id='word_1_186' title='bbox 625 1509 920 1580; x_wconf 90' lang='grc' dir='ltr'>βαρϐάρων</span> <span class='ocrx_word' id='word_1_187' title='bbox 954 1507 1142 1575; x_wconf 75' lang='grc' dir='ltr'>ἔφοδον</span> <span class='ocrx_word' id='word_1_188' title='bbox 1177 1505 1262 1558; x_wconf 78' lang='grc' dir='ltr'>ἀεὶ</span> <span class='ocrx_word' id='word_1_189' title='bbox 1303 1505 1554 1575; x_wconf 74' lang='grc' dir='ltr'>μηνύεινο</span> <span class='ocrx_word' id='word_1_190' title='bbox 1610 1505 1705 1555; x_wconf 75' lang='grc' dir='ltr'>καὶ</span> <span class='ocrx_word' id='word_1_191' title='bbox 1741 1503 1870 1552; x_wconf 85' lang='grc' dir='ltr'>πολ-</span> 
     </span>
    </p>
   </div>
   <div class='ocr_carea' id='block_1_29' title="bbox 1980 1498 3534 1582">
    <p class='ocr_par' dir='ltr' id='par_1_29' title="bbox 1980 1498 3534 1568">
     <span class='ocr_line' id='line_1_29' title="bbox 1980 1498 3534 1568; baseline -0.003 -15"><span class='ocrx_word' id='word_1_192' title='bbox 1980 1499 2377 1561; x_wconf 88' lang='lat' dir='ltr'><strong>divenduntur,</strong></span> <span class='ocrx_word' id='word_1_193' title='bbox 2417 1499 2733 1568; x_wconf 80' lang='lat' dir='ltr'><strong>legibusque</strong></span> <span class='ocrx_word' id='word_1_194' title='bbox 2796 1507 2848 1552; x_wconf 88' lang='lat' dir='ltr'><strong>et</strong></span> <span class='ocrx_word' id='word_1_195' title='bbox 2911 1499 3178 1552; x_wconf 89' lang='lat' dir='ltr'><strong>institutis</strong></span> <span class='ocrx_word' id='word_1_196' title='bbox 3233 1498 3534 1552; x_wconf 74' lang='lat' dir='ltr'><strong>barbaricis</strong></span> 
     </span>
    </p>
   </div>
   <div class='ocr_carea' id='block_1_30' title="bbox 311 1589 1878 1670">
    <p class='ocr_par' dir='ltr' id='par_1_30' title="bbox 311 1596 1870 1670">
     <span class='ocr_line' id='line_1_30' title="bbox 311 1596 1870 1670; baseline -0.003 -16"><span class='ocrx_word' id='word_1_197' title='bbox 311 1605 464 1666; x_wconf 72' lang='grc' dir='ltr'>λάκις</span> <span class='ocrx_word' id='word_1_198' title='bbox 493 1604 600 1658; x_wconf 84' lang='grc' dir='ltr'>ἀπὸ</span> <span class='ocrx_word' id='word_1_199' title='bbox 630 1603 817 1656; x_wconf 86' lang='grc' dir='ltr'>τούτου</span> <span class='ocrx_word' id='word_1_200' title='bbox 863 1603 958 1655; x_wconf 88' lang='grc' dir='ltr'><strong>τοῦ</strong></span> <span class='ocrx_word' id='word_1_201' title='bbox 1012 1602 1215 1670; x_wconf 81' lang='grc' dir='ltr'>τρόπον</span> <span class='ocrx_word' id='word_1_202' title='bbox 1244 1599 1608 1670; x_wconf 80' lang='grc' dir='ltr'><strong>διεσώθησαν,</strong></span> <span class='ocrx_word' id='word_1_203' title='bbox 1648 1599 1742 1650; x_wconf 77' lang='grc' dir='ltr'>ἐπὶ</span> <span class='ocrx_word' id='word_1_204' title='bbox 1772 1596 1870 1660; x_wconf 80' lang='grc' dir='ltr'><strong>τὰς</strong></span> 
     </span>
    </p>
   </div>
   <div class='ocr_carea' id='block_1_31' title="bbox 1980 1589 3536 1670">
    <p class='ocr_par' dir='ltr' id='par_1_31' title="bbox 1980 1589 3536 1659">
     <span class='ocr_line' id='line_1_31' title="bbox 1980 1589 3536 1659; baseline -0.001 -17"><span class='ocrx_word' id='word_1_205' title='bbox 1980 1591 2242 1654; x_wconf 79' lang='lat' dir='ltr'><strong>viventes,</strong></span> <span class='ocrx_word' id='word_1_206' title='bbox 2292 1590 2357 1644; x_wconf 90' lang='lat' dir='ltr'><strong>ad</strong></span> <span class='ocrx_word' id='word_1_207' title='bbox 2412 1589 2579 1644; x_wconf 86' lang='lat' dir='ltr'><strong>Deum</strong></span> <span class='ocrx_word' id='word_1_208' title='bbox 2630 1598 3033 1659; x_wconf 87' lang='lat' dir='ltr'><strong>procreatorem</strong></span> <span class='ocrx_word' id='word_1_209' title='bbox 3071 1605 3230 1643; x_wconf 90' lang='lat' dir='ltr'><strong>suum</strong></span> <span class='ocrx_word' id='word_1_210' title='bbox 3278 1590 3536 1643; x_wconf 86' lang='lat' dir='ltr'><strong>deseren-</strong></span> 
     </span>
    </p>
   </div>
   <div class='ocr_carea' id='block_1_32' title="bbox 317 1677 1878 1763">
    <p class='ocr_par' dir='ltr' id='par_1_32' title="bbox 317 1689 1870 1763">
     <span class='ocr_line' id='line_1_32' title="bbox 317 1689 1870 1763; baseline -0.005 -16"><span class='ocrx_word' id='word_1_211' title='bbox 317 1696 494 1757; x_wconf 86' lang='grc' dir='ltr'>πόλεις</span> <span class='ocrx_word' id='word_1_212' title='bbox 545 1697 638 1746; x_wconf 78' lang='grc' dir='ltr'>καὶ</span> <span class='ocrx_word' id='word_1_213' title='bbox 693 1696 792 1756; x_wconf 78' lang='grc' dir='ltr'><strong>τὰς</strong></span> <span class='ocrx_word' id='word_1_214' title='bbox 839 1694 1044 1763; x_wconf 77' lang='grc' dir='ltr'>λόχμας</span> <span class='ocrx_word' id='word_1_215' title='bbox 1085 1691 1434 1754; x_wconf 83' lang='grc' dir='ltr'>καταδύντες.</span> <span class='ocrx_word' id='word_1_216' title='bbox 1477 1691 1548 1743; x_wconf 67' lang='lat' dir='ltr'><strong>oo</strong></span> <span class='ocrx_word' id='word_1_217' title='bbox 1602 1689 1707 1760; x_wconf 79' lang='grc' dir='ltr'>μὴν</span> <span class='ocrx_word' id='word_1_218' title='bbox 1735 1689 1870 1742; x_wconf 69' lang='grc' dir='ltr'>ἀλλὰ</span> 
     </span>
    </p>
   </div>
   <div class='ocr_carea' id='block_1_33' title="bbox 1980 1677 3538 1763">
    <p class='ocr_par' dir='ltr' id='par_1_33' title="bbox 1980 1677 3538 1747">
     <span class='ocr_line' id='line_1_33' title="bbox 1980 1677 3538 1747; baseline -0.003 -14"><span class='ocrx_word' id='word_1_219' title='bbox 1980 1679 2102 1733; x_wconf 89' lang='lat' dir='ltr'><strong>dum</strong></span> <span class='ocrx_word' id='word_1_220' title='bbox 2136 1677 2530 1746; x_wconf 89' lang='lat' dir='ltr'><strong>impelluntur?</strong></span> <span class='ocrx_word' id='word_1_221' title='bbox 2561 1679 2669 1731; x_wconf 85' lang='lat' dir='ltr'><strong>Aut</strong></span> <span class='ocrx_word' id='word_1_222' title='bbox 2716 1677 2970 1747; x_wconf 80' lang='lat' dir='ltr'><strong>virgines,</strong></span> <span class='ocrx_word' id='word_1_223' title='bbox 3005 1677 3204 1746; x_wconf 89' lang='lat' dir='ltr'><strong>quibus</strong></span> <span class='ocrx_word' id='word_1_224' title='bbox 3239 1683 3422 1744; x_wconf 90' lang='lat' dir='ltr'><strong>erepta</strong></span> <span class='ocrx_word' id='word_1_225' title='bbox 3455 1683 3538 1728; x_wconf 87' lang='lat' dir='ltr'><strong>est</strong></span> 
     </span>
    </p>
   </div>
   <div class='ocr_carea' id='block_1_34' title="bbox 313 1741 1878 1856">
    <p class='ocr_par' dir='ltr' id='par_1_34' title="bbox 313 1741 1872 1856">
     <span class='ocr_line' id='line_1_34' title="bbox 313 1741 1872 1856; baseline -0.003 -19"><span class='ocrx_word' id='word_1_226' title='bbox 313 1786 400 1838; x_wconf 74' lang='grc' dir='ltr'>καὶ</span> <span class='ocrx_word' id='word_1_227' title='bbox 426 1741 561 1856; x_wconf 72' lang='grc' dir='ltr'>πρὸς</span> <span class='ocrx_word' id='word_1_228' title='bbox 587 1786 711 1848; x_wconf 74' lang='grc' dir='ltr'>τοὺς</span> <span class='ocrx_word' id='word_1_229' title='bbox 740 1741 1049 1854; x_wconf 37' lang='grc' dir='ltr'><strong>φίίλουὲῗάεῖ</strong></span> <span class='ocrx_word' id='word_1_230' title='bbox 1082 1783 1246 1838; x_wconf 86' lang='grc' dir='ltr'>πολύν</span> <span class='ocrx_word' id='word_1_231' title='bbox 1280 1741 1412 1836; x_wconf 42' lang='grc' dir='ltr'>τινα.</span> <span class='ocrx_word' id='word_1_232' title='bbox 1423 1782 1580 1850; x_wconf 87' lang='grc' dir='ltr'>λόγον</span> <span class='ocrx_word' id='word_1_233' title='bbox 1602 1741 1872 1845; x_wconf 66' lang='grc' dir='ltr'><strong>⁸ἐποιεῖτο,</strong></span> 
     </span>
    </p>
   </div>
   <div class='ocr_carea' id='block_1_35' title="bbox 1980 1741 3532 1856">
    <p class='ocr_par' dir='ltr' id='par_1_35' title="bbox 1980 1764 3532 1836">
     <span class='ocr_line' id='line_1_35' title="bbox 1980 1764 3532 1836; baseline -0.003 -15"><span class='ocrx_word' id='word_1_234' title='bbox 1980 1767 2252 1836; x_wconf 85' lang='lat' dir='ltr'><strong>pudicitia,</strong></span> <span class='ocrx_word' id='word_1_235' title='bbox 2292 1775 2386 1820; x_wconf 90' lang='lat' dir='ltr'><strong>aut</strong></span> <span class='ocrx_word' id='word_1_236' title='bbox 2438 1768 2636 1835; x_wconf 86' lang='lat' dir='ltr'><strong>templa</strong></span> <span class='ocrx_word' id='word_1_237' title='bbox 2679 1781 2889 1832; x_wconf 88' lang='lat' dir='ltr'><strong>eversa,</strong></span> <span class='ocrx_word' id='word_1_238' title='bbox 2943 1776 2997 1820; x_wconf 90' lang='lat' dir='ltr'><strong>et</strong></span> <span class='ocrx_word' id='word_1_239' title='bbox 3045 1779 3231 1820; x_wconf 85' lang='lat' dir='ltr'><strong>saneta</strong></span> <span class='ocrx_word' id='word_1_240' title='bbox 3269 1764 3532 1833; x_wconf 76' lang='lat' dir='ltr'><strong>indignis-</strong></span> 
     </span>
    </p>
   </div>
   <div class='ocr_carea' id='block_1_36' title="bbox 315 1873 1872 1946">
    <p class='ocr_par' dir='ltr' id='par_1_36' title="bbox 315 1873 1872 1946">
     <span class='ocr_line' id='line_1_36' title="bbox 315 1873 1872 1946; baseline -0.001 -17"><span class='ocrx_word' id='word_1_241' title='bbox 315 1893 379 1929; x_wconf 89' lang='grc' dir='ltr'><strong>πε</strong></span> <span class='ocrx_word' id='word_1_242' title='bbox 387 1880 440 1946; x_wconf 79' lang='lat' dir='ltr'><strong>pl.</strong></span> <span class='ocrx_word' id='word_1_243' title='bbox 467 1877 758 1945; x_wconf 85' lang='grc' dir='ltr'>Ῥωμαίων</span> <span class='ocrx_word' id='word_1_244' title='bbox 775 1876 885 1929; x_wconf 91' lang='grc' dir='ltr'><strong>τῶν</strong></span> <span class='ocrx_word' id='word_1_245' title='bbox 904 1873 1508 1945; x_wconf 81' lang='grc' dir='ltr'>ἐξανδραποδιζομένων</span> <span class='ocrx_word' id='word_1_246' title='bbox 1527 1873 1872 1941; x_wconf 86' lang='grc' dir='ltr'>ἀγανακτῶν,</span> 
     </span>
    </p>
   </div>
   <div class='ocr_carea' id='block_1_37' title="bbox 315 1967 1874 2039">
    <p class='ocr_par' dir='ltr' id='par_1_37' title="bbox 315 1967 1874 2039">
     <span class='ocr_line' id='line_1_37' title="bbox 315 1967 1874 2039; baseline -0.001 -17"><span class='ocrx_word' id='word_1_247' title='bbox 315 1969 390 2022; x_wconf 76' lang='grc' dir='ltr'>ὅτι</span> <span class='ocrx_word' id='word_1_248' title='bbox 427 1970 461 2024; x_wconf 73' lang='grc' dir='ltr'>ὃ.</span> <span class='ocrx_word' id='word_1_249' title='bbox 487 1970 561 2039; x_wconf 85' lang='grc' dir='ltr'>μὴ</span> <span class='ocrx_word' id='word_1_250' title='bbox 591 1969 858 2038; x_wconf 87' lang='grc' dir='ltr'>βούλοιτο,</span> <span class='ocrx_word' id='word_1_251' title='bbox 889 1967 1024 2021; x_wconf 85' lang='grc' dir='ltr'>ἀλλὰ</span> <span class='ocrx_word' id='word_1_252' title='bbox 1076 1968 1171 2021; x_wconf 70' lang='grc' dir='ltr'>καὶ</span> <span class='ocrx_word' id='word_1_253' title='bbox 1215 1967 1436 2038; x_wconf 78' lang='grc' dir='ltr'>ἄχθοιτο</span> <span class='ocrx_word' id='word_1_254' title='bbox 1482 1971 1782 2036; x_wconf 79' lang='grc' dir='ltr'>γινομένων</span> <span class='ocrx_word' id='word_1_255' title='bbox 1816 1970 1874 2019; x_wconf 75' lang='grc' dir='ltr'>ού</span> 
     </span>
    </p>
   </div>
   <div class='ocr_carea' id='block_1_38' title="bbox 317 2057 1878 2127">
    <p class='ocr_par' dir='ltr' id='par_1_38' title="bbox 317 2057 1878 2127">
     <span class='ocr_line' id='line_1_38' title="bbox 317 2057 1878 2127; baseline 0 -19"><span class='ocrx_word' id='word_1_256' title='bbox 317 2057 571 2126; x_wconf 84' lang='grc' dir='ltr'>μετρίως,</span> <span class='ocrx_word' id='word_1_257' title='bbox 630 2057 807 2111; x_wconf 85' lang='grc' dir='ltr'>ταῦτα</span> <span class='ocrx_word' id='word_1_258' title='bbox 859 2058 964 2110; x_wconf 74' lang='grc' dir='ltr'><strong>ὑπὸ</strong></span> <span class='ocrx_word' id='word_1_259' title='bbox 1016 2058 1124 2111; x_wconf 91' lang='grc' dir='ltr'><strong>τῶν</strong></span> <span class='ocrx_word' id='word_1_260' title='bbox 1179 2057 1566 2127; x_wconf 82' lang='grc' dir='ltr'>πολεμούντων</span> <span class='ocrx_word' id='word_1_261' title='bbox 1614 2057 1878 2127; x_wconf 78' lang='grc' dir='ltr'>πράττειν</span> 
     </span>
    </p>
   </div>
   <div class='ocr_carea' id='block_1_39' title="bbox 315 2148 1878 2220">
    <p class='ocr_par' dir='ltr' id='par_1_39' title="bbox 315 2148 1878 2220">
     <span class='ocr_line' id='line_1_39' title="bbox 315 2148 1878 2220; baseline 0.001 -19"><span class='ocrx_word' id='word_1_262' title='bbox 315 2148 724 2216; x_wconf 76' lang='grc' dir='ltr'>ἀναγκάζοιτοο</span> <span class='ocrx_word' id='word_1_263' title='bbox 812 2149 906 2202; x_wconf 69' lang='grc' dir='ltr'>καὶ</span> <span class='ocrx_word' id='word_1_264' title='bbox 963 2150 1101 2220; x_wconf 82' lang='grc' dir='ltr'>πρὸς</span> <span class='ocrx_word' id='word_1_265' title='bbox 1162 2150 1262 2218; x_wconf 80' lang='grc' dir='ltr'>μὲν</span> <span class='ocrx_word' id='word_1_266' title='bbox 1331 2149 1573 2210; x_wconf 77' lang='grc' dir='ltr'>ἐκείνους</span> <span class='ocrx_word' id='word_1_267' title='bbox 1641 2149 1878 2218; x_wconf 73' lang='grc' dir='ltr'>ἔφασκεν</span> 
     </span>
    </p>
   </div>
   <div class='ocr_carea' id='block_1_40' title="bbox 315 2239 1878 2313">
    <p class='ocr_par' dir='ltr' id='par_1_40' title="bbox 315 2239 1878 2313">
     <span class='ocr_line' id='line_1_40' title="bbox 315 2239 1878 2313; baseline 0.002 -20"><span class='ocrx_word' id='word_1_268' title='bbox 315 2241 618 2309; x_wconf 82' lang='grc' dir='ltr'>ἀμύνεσθαι</span> <span class='ocrx_word' id='word_1_269' title='bbox 673 2239 884 2294; x_wconf 88' lang='grc' dir='ltr'>δίκαιον</span> <span class='ocrx_word' id='word_1_270' title='bbox 925 2240 1201 2313; x_wconf 79' lang='grc' dir='ltr'>ἡγεῖσθαι,</span> <span class='ocrx_word' id='word_1_271' title='bbox 1255 2241 1314 2295; x_wconf 84' lang='grc' dir='ltr'><strong>ού</strong></span> <span class='ocrx_word' id='word_1_272' title='bbox 1352 2242 1516 2312; x_wconf 85' lang='grc' dir='ltr'>μόνον</span> <span class='ocrx_word' id='word_1_273' title='bbox 1569 2242 1656 2296; x_wconf 80' lang='grc' dir='ltr'><strong>διὰ</strong></span> <span class='ocrx_word' id='word_1_274' title='bbox 1698 2243 1757 2295; x_wconf 86' lang='grc' dir='ltr'>τὸ</span> <span class='ocrx_word' id='word_1_275' title='bbox 1803 2243 1878 2312; x_wconf 82' lang='grc' dir='ltr'>μὴ</span> 
     </span>
    </p>
   </div>
   <div class='ocr_carea' id='block_1_41' title="bbox 316 2330 1880 2401">
    <p class='ocr_par' dir='ltr' id='par_1_41' title="bbox 316 2330 1880 2401">
     <span class='ocr_line' id='line_1_41' title="bbox 316 2330 1880 2401; baseline 0 -19"><span class='ocrx_word' id='word_1_276' title='bbox 316 2330 709 2400; x_wconf 83' lang='grc' dir='ltr'>καταδέχεσθαι</span> <span class='ocrx_word' id='word_1_277' title='bbox 748 2332 846 2399; x_wconf 78' lang='grc' dir='ltr'>τὴν</span> <span class='ocrx_word' id='word_1_278' title='bbox 897 2332 1144 2401; x_wconf 79' lang='grc' dir='ltr'>εἰρήνην,</span> <span class='ocrx_word' id='word_1_279' title='bbox 1186 2331 1303 2384; x_wconf 89' lang='grc' dir='ltr'>ἀλλ’</span> <span class='ocrx_word' id='word_1_280' title='bbox 1345 2331 1426 2384; x_wconf 83' lang='grc' dir='ltr'>ὅτι</span> <span class='ocrx_word' id='word_1_281' title='bbox 1467 2332 1516 2382; x_wconf 83' lang='grc' dir='ltr'><strong>εί</strong></span> <span class='ocrx_word' id='word_1_282' title='bbox 1571 2333 1664 2385; x_wconf 78' lang='grc' dir='ltr'>καὶ</span> <span class='ocrx_word' id='word_1_283' title='bbox 1695 2331 1880 2398; x_wconf 83' lang='grc' dir='ltr'>τρόπῳ</span> 
     </span>
    </p>
   </div>
   <div class='ocr_carea' id='block_1_42' title="bbox 314 2421 1882 2492">
    <p class='ocr_par' dir='ltr' id='par_1_42' title="bbox 314 2421 1882 2492">
     <span class='ocr_line' id='line_1_42' title="bbox 314 2421 1882 2492; baseline 0.001 -19"><span class='ocrx_word' id='word_1_284' title='bbox 314 2422 374 2490; x_wconf 75' lang='grc' dir='ltr'><strong>δή</strong></span> <span class='ocrx_word' id='word_1_285' title='bbox 395 2439 502 2476; x_wconf 90' lang='grc' dir='ltr'>τινι</span> <span class='ocrx_word' id='word_1_286' title='bbox 523 2423 898 2491; x_wconf 83' lang='grc' dir='ltr'>περιγένοιντο</span> <span class='ocrx_word' id='word_1_287' title='bbox 913 2423 1115 2487; x_wconf 79' lang='grc' dir='ltr'>αὐτῶν,</span> <span class='ocrx_word' id='word_1_288' title='bbox 1132 2423 1336 2484; x_wconf 84' lang='grc' dir='ltr'>πάντας</span> <span class='ocrx_word' id='word_1_289' title='bbox 1368 2422 1535 2492; x_wconf 85' lang='grc' dir='ltr'>ὠμῶς</span> <span class='ocrx_word' id='word_1_290' title='bbox 1557 2421 1882 2475; x_wconf 88' lang='grc' dir='ltr'>ἀποκτενοῦ-</span> 
     </span>
    </p>
   </div>
   <div class='ocr_carea' id='block_1_43' title="bbox 318 2508 1882 2584">
    <p class='ocr_par' dir='ltr' id='par_1_43' title="bbox 318 2508 1882 2584">
     <span class='ocr_line' id='line_1_43' title="bbox 318 2508 1882 2584; baseline 0.001 -20"><span class='ocrx_word' id='word_1_291' title='bbox 318 2530 420 2577; x_wconf 88' lang='grc' dir='ltr'>σιν,</span> <span class='ocrx_word' id='word_1_292' title='bbox 451 2513 524 2575; x_wconf 84' lang='grc' dir='ltr'>ὡς</span> <span class='ocrx_word' id='word_1_293' title='bbox 579 2515 645 2568; x_wconf 88' lang='grc' dir='ltr'><strong>ἐκ</strong></span> <span class='ocrx_word' id='word_1_294' title='bbox 695 2515 804 2566; x_wconf 86' lang='grc' dir='ltr'><strong>τῶν</strong></span> <span class='ocrx_word' id='word_1_295' title='bbox 838 2508 1222 2584; x_wconf 79' lang='grc' dir='ltr'>γεγενημένων</span> <span class='ocrx_word' id='word_1_296' title='bbox 1279 2515 1520 2578; x_wconf 80' lang='grc' dir='ltr'>εἰκάζειν</span> <span class='ocrx_word' id='word_1_297' title='bbox 1575 2514 1757 2580; x_wconf 79' lang='grc' dir='ltr'>ἔξεστι</span> <span class='ocrx_word' id='word_1_298' title='bbox 1815 2515 1882 2568; x_wconf 81' lang='grc' dir='ltr'><strong>τά</strong></span> 
     </span>
    </p>
   </div>
   <div class='ocr_carea' id='block_1_44' title="bbox 319 2605 1872 2676">
    <p class='ocr_par' dir='ltr' id='par_1_44' title="bbox 319 2605 1872 2676">
     <span class='ocr_line' id='line_1_44' title="bbox 319 2605 1872 2676; baseline 0.002 -21"><span class='ocrx_word' id='word_1_299' title='bbox 319 2605 603 2672; x_wconf 81' lang='grc' dir='ltr'>μέλλοντα.</span> <span class='ocrx_word' id='word_1_300' title='bbox 653 2605 730 2658; x_wconf 86' lang='grc' dir='ltr'><strong>Δι’</strong></span> <span class='ocrx_word' id='word_1_301' title='bbox 761 2606 818 2659; x_wconf 82' lang='grc' dir='ltr'>-ἀ</span> <span class='ocrx_word' id='word_1_302' title='bbox 866 2607 962 2659; x_wconf 83' lang='grc' dir='ltr'>καὶ</span> <span class='ocrx_word' id='word_1_303' title='bbox 1000 2610 1098 2676; x_wconf 79' lang='grc' dir='ltr'>τὴν</span> <span class='ocrx_word' id='word_1_304' title='bbox 1128 2607 1238 2658; x_wconf 88' lang='grc' dir='ltr'><strong>τῶν</strong></span> <span class='ocrx_word' id='word_1_305' title='bbox 1274 2605 1568 2676; x_wconf 89' lang='grc' dir='ltr'>βαρϐάρων</span> <span class='ocrx_word' id='word_1_306' title='bbox 1601 2606 1872 2676; x_wconf 78' lang='grc' dir='ltr'>αἱρεῖσθαι</span> 
     </span>
    </p>
   </div>
   <div class='ocr_carea' id='block_1_45' title="bbox 319 2697 1877 2768">
    <p class='ocr_par' dir='ltr' id='par_1_45' title="bbox 319 2697 1877 2768">
     <span class='ocr_line' id='line_1_45' title="bbox 319 2697 1877 2768; baseline 0.002 -21"><span class='ocrx_word' id='word_1_307' title='bbox 319 2698 652 2766; x_wconf 67' lang='grc' dir='ltr'>συμμαχίαν,</span> <span class='ocrx_word' id='word_1_308' title='bbox 684 2699 773 2751; x_wconf 79' lang='grc' dir='ltr'>ἵνα</span> <span class='ocrx_word' id='word_1_309' title='bbox 805 2698 882 2768; x_wconf 85' lang='grc' dir='ltr'>μὴ</span> <span class='ocrx_word' id='word_1_310' title='bbox 914 2698 1067 2751; x_wconf 79' lang='grc' dir='ltr'>αὐτοὶ</span> <span class='ocrx_word' id='word_1_311' title='bbox 1101 2698 1462 2767; x_wconf 82' lang='grc' dir='ltr'>χρησάμενοι,</span> <span class='ocrx_word' id='word_1_312' title='bbox 1515 2697 1704 2767; x_wconf 84' lang='grc' dir='ltr'>ὥσπερ</span> <span class='ocrx_word' id='word_1_313' title='bbox 1750 2698 1877 2750; x_wconf 92' lang='grc' dir='ltr'>πολ-</span> 
     </span>
    </p>
   </div>
   <div class='ocr_carea' id='block_1_46' title="bbox 1976 1852 3538 1925">
    <p class='ocr_par' dir='ltr' id='par_1_46' title="bbox 1976 1852 3538 1925">
     <span class='ocr_line' id='line_1_46' title="bbox 1976 1852 3538 1925; baseline -0.004 -13"><span class='ocrx_word' id='word_1_314' title='bbox 1976 1859 2116 1912; x_wconf 87' lang='lat' dir='ltr'><strong>sime</strong></span> <span class='ocrx_word' id='word_1_315' title='bbox 2139 1857 2473 1920; x_wconf 74' lang='lat' dir='ltr'><strong>concaleata,</strong></span> <span class='ocrx_word' id='word_1_316' title='bbox 2497 1857 2854 1924; x_wconf 87' lang='lat' dir='ltr'><strong>manibusque</strong></span> <span class='ocrx_word' id='word_1_317' title='bbox 2879 1855 3169 1925; x_wconf 90' lang='lat' dir='ltr'><strong>impiorum</strong></span> <span class='ocrx_word' id='word_1_318' title='bbox 3201 1852 3538 1922; x_wconf 82' lang='lat' dir='ltr'><strong>iniquissime</strong></span> 
     </span>
    </p>
   </div>
   <div class='ocr_carea' id='block_1_47' title="bbox 1977 1945 3534 2015">
    <p class='ocr_par' dir='ltr' id='par_1_47' title="bbox 1977 1945 3534 2015">
     <span class='ocr_line' id='line_1_47' title="bbox 1977 1945 3534 2015; baseline -0.004 -12"><span class='ocrx_word' id='word_1_319' title='bbox 1977 1949 2218 2004; x_wconf 83' lang='lat' dir='ltr'><strong>tradita?</strong></span> <span class='ocrx_word' id='word_1_320' title='bbox 2249 1948 2374 2002; x_wconf 70' lang='lat' dir='ltr'><strong>Hirc</strong></span> <span class='ocrx_word' id='word_1_321' title='bbox 2397 1949 2540 2002; x_wconf 89' lang='lat' dir='ltr'><strong>inter</strong></span> <span class='ocrx_word' id='word_1_322' title='bbox 2572 1949 2736 2001; x_wconf 87' lang='lat' dir='ltr'><strong>verba</strong></span> <span class='ocrx_word' id='word_1_323' title='bbox 2766 1947 3006 2002; x_wconf 85' lang='lat' dir='ltr'><strong>ﬂuebant</strong></span> <span class='ocrx_word' id='word_1_324' title='bbox 3028 1945 3379 2015; x_wconf 35' lang='lat' dir='ltr'><strong>ei‘lacrymte,</strong></span> <span class='ocrx_word' id='word_1_325' title='bbox 3410 1960 3534 1998; x_wconf 86' lang='lat' dir='ltr'><strong>cum</strong></span> 
     </span>
    </p>
   </div>
   <div class='ocr_carea' id='block_1_48' title="bbox 1975 2034 3539 2108">
    <p class='ocr_par' dir='ltr' id='par_1_48' title="bbox 1975 2034 3539 2108">
     <span class='ocr_line' id='line_1_48' title="bbox 1975 2034 3539 2108; baseline -0.004 -16"><span class='ocrx_word' id='word_1_326' title='bbox 1975 2038 2104 2108; x_wconf 83' lang='lat' dir='ltr'><strong>justi</strong></span> <span class='ocrx_word' id='word_1_327' title='bbox 2155 2037 2361 2092; x_wconf 82' lang='lat' dir='ltr'><strong>Judicis</strong></span> <span class='ocrx_word' id='word_1_328' title='bbox 2411 2053 2572 2106; x_wconf 89' lang='lat' dir='ltr'><strong>super</strong></span> <span class='ocrx_word' id='word_1_329' title='bbox 2607 2038 2692 2090; x_wconf 89' lang='lat' dir='ltr'><strong>his</strong></span> <span class='ocrx_word' id='word_1_330' title='bbox 2744 2053 2969 2092; x_wconf 77' lang='lat' dir='ltr'><strong>examen</strong></span> <span class='ocrx_word' id='word_1_331' title='bbox 3013 2051 3079 2090; x_wconf 87' lang='lat' dir='ltr'><strong>ac</strong></span> <span class='ocrx_word' id='word_1_332' title='bbox 3126 2035 3360 2088; x_wconf 87' lang='lat' dir='ltr'><strong>tribunal</strong></span> <span class='ocrx_word' id='word_1_333' title='bbox 3412 2034 3539 2087; x_wconf 88' lang='lat' dir='ltr'><strong>illud</strong></span> 
     </span>
    </p>
   </div>
   <div class='ocr_carea' id='block_1_49' title="bbox 1979 2127 3537 2197">
    <p class='ocr_par' dir='ltr' id='par_1_49' title="bbox 1979 2127 3537 2197">
     <span class='ocr_line' id='line_1_49' title="bbox 1979 2127 3537 2197; baseline -0.004 -13"><span class='ocrx_word' id='word_1_334' title='bbox 1979 2129 2345 2193; x_wconf 80' lang='lat' dir='ltr'><strong>formidabile,</strong></span> <span class='ocrx_word' id='word_1_335' title='bbox 2398 2130 2539 2196; x_wconf 88' lang='lat' dir='ltr'><strong>quod</strong></span> <span class='ocrx_word' id='word_1_336' title='bbox 2589 2127 2768 2197; x_wconf 84' lang='lat' dir='ltr'><strong>decipi</strong></span> <span class='ocrx_word' id='word_1_337' title='bbox 2821 2142 2928 2182; x_wconf 91' lang='lat' dir='ltr'><strong>non</strong></span> <span class='ocrx_word' id='word_1_338' title='bbox 2989 2133 3188 2194; x_wconf 90' lang='lat' dir='ltr'><strong>potest,</strong></span> <span class='ocrx_word' id='word_1_339' title='bbox 3235 2133 3537 2192; x_wconf 81' lang='lat' dir='ltr'><strong>reputaret.</strong></span> 
     </span>
    </p>
   </div>
   <div class='ocr_carea' id='block_1_50' title="bbox 1975 2212 3543 2280">
    <p class='ocr_par' dir='ltr' id='par_1_50' title="bbox 1975 2212 3543 2280">
     <span class='ocr_line' id='line_1_50' title="bbox 1975 2212 3543 2280; baseline -0.004 -8"><span class='ocrx_word' id='word_1_340' title='bbox 1975 2219 2364 2274; x_wconf 79' lang='lat' dir='ltr'><strong>Verumtamen</strong></span> <span class='ocrx_word' id='word_1_341' title='bbox 2394 2218 2460 2271; x_wconf 90' lang='lat' dir='ltr'><strong>ad</strong></span> <span class='ocrx_word' id='word_1_342' title='bbox 2495 2217 2681 2271; x_wconf 86' lang='lat' dir='ltr'><strong>eadem</strong></span> <span class='ocrx_word' id='word_1_343' title='bbox 2713 2231 2902 2270; x_wconf 90' lang='lat' dir='ltr'><strong>rursus</strong></span> <span class='ocrx_word' id='word_1_344' title='bbox 2933 2212 3241 2269; x_wconf 71' lang='lat' dir='ltr'><strong>necessario</strong></span> <span class='ocrx_word' id='word_1_345' title='bbox 3263 2213 3543 2280; x_wconf 80' lang='lat' dir='ltr'><strong>aggredie-</strong></span> 
     </span>
    </p>
   </div>
   <div class='ocr_carea' id='block_1_51' title="bbox 1979 2306 3538 2378">
    <p class='ocr_par' dir='ltr' id='par_1_51' title="bbox 1979 2306 3538 2378">
     <span class='ocr_line' id='line_1_51' title="bbox 1979 2306 3538 2378; baseline -0.004 -12"><span class='ocrx_word' id='word_1_346' title='bbox 1979 2313 2157 2375; x_wconf 88' lang='lat' dir='ltr'><strong>batur,</strong></span> <span class='ocrx_word' id='word_1_347' title='bbox 2195 2326 2412 2366; x_wconf 86' lang='lat' dir='ltr'><strong>causam</strong></span> <span class='ocrx_word' id='word_1_348' title='bbox 2444 2311 2510 2364; x_wconf 91' lang='lat' dir='ltr'><strong>iis</strong></span> <span class='ocrx_word' id='word_1_349' title='bbox 2542 2310 2846 2374; x_wconf 87' lang='lat' dir='ltr'><strong>ascribens,</strong></span> <span class='ocrx_word' id='word_1_350' title='bbox 2877 2309 2970 2378; x_wconf 91' lang='lat' dir='ltr'><strong>qui</strong></span> <span class='ocrx_word' id='word_1_351' title='bbox 3015 2309 3214 2363; x_wconf 90' lang='lat' dir='ltr'><strong>bellum</strong></span> <span class='ocrx_word' id='word_1_352' title='bbox 3259 2306 3402 2361; x_wconf 84' lang='lat' dir='ltr'><strong>ﬁniri</strong></span> <span class='ocrx_word' id='word_1_353' title='bbox 3441 2322 3538 2360; x_wconf 87' lang='lat' dir='ltr'><strong>no-</strong></span> 
     </span>
    </p>
   </div>
   <div class='ocr_carea' id='block_1_52' title="bbox 1977 2399 3542 2471">
    <p class='ocr_par' dir='ltr' id='par_1_52' title="bbox 1977 2399 3542 2471">
     <span class='ocr_line' id='line_1_52' title="bbox 1977 2399 3542 2471; baseline -0.003 -15"><span class='ocrx_word' id='word_1_354' title='bbox 1977 2403 2231 2468; x_wconf 88' lang='lat' dir='ltr'><strong>luissent,</strong></span> <span class='ocrx_word' id='word_1_355' title='bbox 2299 2403 2393 2458; x_wconf 91' lang='lat' dir='ltr'><strong>sed</strong></span> <span class='ocrx_word' id='word_1_356' title='bbox 2428 2403 2818 2457; x_wconf 89' lang='lat' dir='ltr'><strong>insidiarentur</strong></span> <span class='ocrx_word' id='word_1_357' title='bbox 2845 2402 2942 2456; x_wconf 91' lang='lat' dir='ltr'><strong>sibi</strong></span> <span class='ocrx_word' id='word_1_358' title='bbox 2973 2409 3255 2471; x_wconf 90' lang='lat' dir='ltr'><strong>perpetuo,</strong></span> <span class='ocrx_word' id='word_1_359' title='bbox 3285 2399 3424 2453; x_wconf 90' lang='lat' dir='ltr'><strong>nihil</strong></span> <span class='ocrx_word' id='word_1_360' title='bbox 3446 2413 3542 2452; x_wconf 92' lang='lat' dir='ltr'><strong>eos</strong></span> 
     </span>
    </p>
   </div>
   <div class='ocr_carea' id='block_1_53' title="bbox 1978 2491 3538 2564">
    <p class='ocr_par' dir='ltr' id='par_1_53' title="bbox 1978 2491 3538 2564">
     <span class='ocr_line' id='line_1_53' title="bbox 1978 2491 3538 2564; baseline -0.003 -16"><span class='ocrx_word' id='word_1_361' title='bbox 1978 2495 2066 2563; x_wconf 90' lang='lat' dir='ltr'><strong>qui</strong></span> <span class='ocrx_word' id='word_1_362' title='bbox 2119 2495 2547 2559; x_wconf 85' lang='lat' dir='ltr'><strong>trucidarentur,</strong></span> <span class='ocrx_word' id='word_1_363' title='bbox 2591 2509 2899 2564; x_wconf 89' lang='lat' dir='ltr'><strong>quanquam</strong></span> <span class='ocrx_word' id='word_1_364' title='bbox 2941 2509 3054 2549; x_wconf 75' lang='lat' dir='ltr'><strong>suae</strong></span> <span class='ocrx_word' id='word_1_365' title='bbox 3085 2491 3330 2556; x_wconf 88' lang='lat' dir='ltr'><strong>ditionis,</strong></span> <span class='ocrx_word' id='word_1_366' title='bbox 3377 2491 3538 2544; x_wconf 87' lang='lat' dir='ltr'><strong>mise-</strong></span> 
     </span>
    </p>
   </div>
   <div class='ocr_carea' id='block_1_54' title="bbox 1981 2582 3539 2656">
    <p class='ocr_par' dir='ltr' id='par_1_54' title="bbox 1981 2582 3539 2656">
     <span class='ocr_line' id='line_1_54' title="bbox 1981 2582 3539 2656; baseline -0.006 -13"><span class='ocrx_word' id='word_1_367' title='bbox 1981 2598 2183 2644; x_wconf 87' lang='lat' dir='ltr'><strong>rantes.</strong></span> <span class='ocrx_word' id='word_1_368' title='bbox 2243 2588 2465 2642; x_wconf 88' lang='lat' dir='ltr'><strong>Barbari</strong></span> <span class='ocrx_word' id='word_1_369' title='bbox 2518 2587 2682 2656; x_wconf 74' lang='lat' dir='ltr'><strong>igitur</strong></span> <span class='ocrx_word' id='word_1_370' title='bbox 2732 2585 2918 2641; x_wconf 89' lang='lat' dir='ltr'><strong>onusti</strong></span> <span class='ocrx_word' id='word_1_371' title='bbox 2975 2584 3157 2655; x_wconf 73' lang='lat' dir='ltr'><strong>praeda</strong></span> <span class='ocrx_word' id='word_1_372' title='bbox 3187 2582 3438 2638; x_wconf 74' lang='lat' dir='ltr'><strong>Mmsiaca</strong></span> <span class='ocrx_word' id='word_1_373' title='bbox 3485 2582 3539 2634; x_wconf 87' lang='lat' dir='ltr'><strong>in</strong></span> 
     </span>
    </p>
   </div>
   <div class='ocr_carea' id='block_1_55' title="bbox 1985 2680 2617 2751">
    <p class='ocr_par' dir='ltr' id='par_1_55' title="bbox 1985 2680 2617 2751">
     <span class='ocr_line' id='line_1_55' title="bbox 1985 2680 2617 2751; baseline -0.002 -16"><span class='ocrx_word' id='word_1_374' title='bbox 1985 2682 2169 2735; x_wconf 83' lang='lat' dir='ltr'><strong>Asiam</strong></span> <span class='ocrx_word' id='word_1_375' title='bbox 2210 2680 2617 2751; x_wconf 82' lang='lat' dir='ltr'><strong>renavigarunt.</strong></span> 
     </span>
    </p>
   </div>
   <div class='ocr_carea' id='block_1_56' title="bbox 315 2787 3544 2868">
    <p class='ocr_par' dir='ltr' id='par_1_56' title="bbox 315 2787 3544 2868">
     <span class='ocr_line' id='line_1_56' title="bbox 315 2787 3544 2868; baseline 0.001 -30"><span class='ocrx_word' id='word_1_376' title='bbox 315 2787 470 2847; x_wconf 82' lang='grc' dir='ltr'>λάκις</span> <span class='ocrx_word' id='word_1_377' title='bbox 505 2787 890 2857; x_wconf 85' lang='grc' dir='ltr'>ἐπεχείρησαν,</span> <span class='ocrx_word' id='word_1_378' title='bbox 942 2788 1328 2856; x_wconf 81' lang='grc' dir='ltr'>διαφθείρωσιν</span> <span class='ocrx_word' id='word_1_379' title='bbox 1386 2787 1549 2840; x_wconf 83' lang='grc' dir='ltr'>αὐτόν</span> <span class='ocrx_word' id='word_1_380' title='bbox 1599 2788 1696 2841; x_wconf 81' lang='grc' dir='ltr'>καὶ</span> <span class='ocrx_word' id='word_1_381' title='bbox 1746 2790 1872 2852; x_wconf 82' lang='grc' dir='ltr'>τοὺς</span> <span class='ocrx_word' id='word_1_382' title='bbox 1911 2792 2196 2855; x_wconf 86' lang='grc' dir='ltr'>συνόντας.</span> <span class='ocrx_word' id='word_1_383' title='bbox 2228 2793 2372 2868; x_wconf 76' lang='grc' dir='ltr'>Πρὸς</span> <span class='ocrx_word' id='word_1_384' title='bbox 2405 2793 2460 2846; x_wconf 82' lang='grc' dir='ltr'>δὲ</span> <span class='ocrx_word' id='word_1_385' title='bbox 2494 2793 2622 2854; x_wconf 83' lang='grc' dir='ltr'>τοὺς</span> <span class='ocrx_word' id='word_1_386' title='bbox 2681 2791 3082 2861; x_wconf 84' lang='grc' dir='ltr'>κτεινομένους,</span> <span class='ocrx_word' id='word_1_387' title='bbox 3159 2788 3544 2858; x_wconf 73' lang='grc' dir='ltr'>ἐξανδραποδι-</span> 
     </span>
    </p>
   </div>
   <div class='ocr_carea' id='block_1_57' title="bbox 317 2876 3545 2955">
    <p class='ocr_par' dir='ltr' id='par_1_57' title="bbox 317 2876 3545 2955">
     <span class='ocr_line' id='line_1_57' title="bbox 317 2876 3545 2955; baseline 0.002 -28"><span class='ocrx_word' id='word_1_388' title='bbox 317 2876 600 2945; x_wconf 74' lang='grc' dir='ltr'>ζομένους,</span> <span class='ocrx_word' id='word_1_389' title='bbox 648 2881 744 2931; x_wconf 74' lang='grc' dir='ltr'>καὶ</span> <span class='ocrx_word' id='word_1_390' title='bbox 793 2879 862 2931; x_wconf 74' lang='grc' dir='ltr'><strong>τά</strong></span> <span class='ocrx_word' id='word_1_391' title='bbox 936 2880 1143 2949; x_wconf 80' lang='grc' dir='ltr'>ἔσχατα</span> <span class='ocrx_word' id='word_1_392' title='bbox 1196 2879 1592 2948; x_wconf 84' lang='grc' dir='ltr'>ὑπομένοντας,</span> <span class='ocrx_word' id='word_1_393' title='bbox 1654 2881 1915 2949; x_wconf 80' lang='grc' dir='ltr'>οὐδεμίαν</span> <span class='ocrx_word' id='word_1_394' title='bbox 1953 2885 2312 2954; x_wconf 83' lang='grc' dir='ltr'>εὐπρόσωπον</span> <span class='ocrx_word' id='word_1_395' title='bbox 2382 2886 2682 2953; x_wconf 84' lang='grc' dir='ltr'>ἀπολογίαν</span> <span class='ocrx_word' id='word_1_396' title='bbox 2737 2886 2925 2955; x_wconf 73' lang='grc' dir='ltr'><strong>ἔχειν⁹</strong></span> <span class='ocrx_word' id='word_1_397' title='bbox 2961 2884 3014 2935; x_wconf 88' lang='grc' dir='ltr'><strong>τί</strong></span> <span class='ocrx_word' id='word_1_398' title='bbox 3058 2883 3166 2954; x_wconf 77' lang='grc' dir='ltr'><strong>γὰρ</strong></span> <span class='ocrx_word' id='word_1_399' title='bbox 3221 2884 3545 2952; x_wconf 78' lang='grc' dir='ltr'>ἠδικήκασιν</span> 
     </span>
    </p>
   </div>
   <div class='ocr_carea' id='block_1_58' title="bbox 316 2968 3547 3048">
    <p class='ocr_par' dir='ltr' id='par_1_58' title="bbox 316 2968 3547 3048">
     <span class='ocr_line' id='line_1_58' title="bbox 316 2968 3547 3048; baseline 0.001 -26"><span class='ocrx_word' id='word_1_400' title='bbox 316 2968 591 3038; x_wconf 70' lang='grc' dir='ltr'>ἄνθρωποι</span> <span class='ocrx_word' id='word_1_401' title='bbox 624 2972 857 3040; x_wconf 71' lang='grc' dir='ltr'>γεωργοὶ</span> <span class='ocrx_word' id='word_1_402' title='bbox 886 2973 982 3024; x_wconf 69' lang='grc' dir='ltr'>καὶ</span> <span class='ocrx_word' id='word_1_403' title='bbox 1049 2974 1327 3039; x_wconf 85' lang='grc' dir='ltr'>γυναῖκες,</span> <span class='ocrx_word' id='word_1_404' title='bbox 1363 2973 1456 3024; x_wconf 70' lang='grc' dir='ltr'>καὶ</span> <span class='ocrx_word' id='word_1_405' title='bbox 1529 2971 1704 3043; x_wconf 81' lang='grc' dir='ltr'>βρέφη</span> <span class='ocrx_word' id='word_1_406' title='bbox 1735 2975 1927 3045; x_wconf 87' lang='grc' dir='ltr'>νήπια,</span> <span class='ocrx_word' id='word_1_407' title='bbox 1965 2975 2001 3029; x_wconf 79' lang='grc' dir='ltr'>ἃ.</span> <span class='ocrx_word' id='word_1_408' title='bbox 2033 2977 2352 3048; x_wconf 84' lang='grc' dir='ltr'>καθημέραν</span> <span class='ocrx_word' id='word_1_409' title='bbox 2409 2976 2854 3044; x_wconf 84' lang='grc' dir='ltr'>κατασφάττεται</span> <span class='ocrx_word' id='word_1_410' title='bbox 2885 3017 2900 3042; x_wconf 94' lang='grc'><strong>,</strong></span> <span class='ocrx_word' id='word_1_411' title='bbox 2955 2977 3049 3029; x_wconf 78' lang='grc' dir='ltr'>καὶ</span> <span class='ocrx_word' id='word_1_412' title='bbox 3109 2976 3244 3045; x_wconf 80' lang='grc' dir='ltr'>πρὸς</span> <span class='ocrx_word' id='word_1_413' title='bbox 3301 2974 3547 3027; x_wconf 79' lang='grc' dir='ltr'>δουλείαν</span> 
     </span>
    </p>
   </div>
   <div class='ocr_carea' id='block_1_59' title="bbox 318 3060 3543 3138">
    <p class='ocr_par' dir='ltr' id='par_1_59' title="bbox 318 3060 3543 3138">
     <span class='ocr_line' id='line_1_59' title="bbox 318 3060 3543 3138; baseline -0 -23"><span class='ocrx_word' id='word_1_414' title='bbox 318 3060 649 3127; x_wconf 83' lang='grc' dir='ltr'>ἀποδίδοται,</span> <span class='ocrx_word' id='word_1_415' title='bbox 709 3065 800 3117; x_wconf 83' lang='grc' dir='ltr'>καὶ</span> <span class='ocrx_word' id='word_1_416' title='bbox 847 3063 1002 3134; x_wconf 76' lang='grc' dir='ltr'>ἤθεσι</span> <span class='ocrx_word' id='word_1_417' title='bbox 1048 3067 1142 3116; x_wconf 77' lang='grc' dir='ltr'>καὶ</span> <span class='ocrx_word' id='word_1_418' title='bbox 1196 3064 1384 3133; x_wconf 85' lang='grc' dir='ltr'>νόμοις</span> <span class='ocrx_word' id='word_1_419' title='bbox 1453 3064 1774 3132; x_wconf 84' lang='grc' dir='ltr'>ἐντρέφεται</span> <span class='ocrx_word' id='word_1_420' title='bbox 1839 3065 2222 3137; x_wconf 85' lang='grc' dir='ltr'>βαρϐαρικοῖς,</span> <span class='ocrx_word' id='word_1_421' title='bbox 2270 3069 2544 3138; x_wconf 78' lang='grc' dir='ltr'>καὶπρὸς</span> <span class='ocrx_word' id='word_1_422' title='bbox 2597 3068 2659 3120; x_wconf 82' lang='grc' dir='ltr'>τὸ</span> <span class='ocrx_word' id='word_1_423' title='bbox 2713 3067 3048 3134; x_wconf 84' lang='grc' dir='ltr'>ἀφίστασθαι</span> <span class='ocrx_word' id='word_1_424' title='bbox 3097 3067 3348 3134; x_wconf 88' lang='grc' dir='ltr'>ἐνάγεται</span> <span class='ocrx_word' id='word_1_425' title='bbox 3405 3064 3543 3118; x_wconf 86' lang='grc' dir='ltr'>Θεοῦ</span> 
     </span>
    </p>
   </div>
   <div class='ocr_carea' id='block_1_60' title="bbox 317 3153 3547 3228">
    <p class='ocr_par' dir='ltr' id='par_1_60' title="bbox 317 3153 3547 3228">
     <span class='ocr_line' id='line_1_60' title="bbox 317 3153 3547 3228; baseline 0 -19"><span class='ocrx_word' id='word_1_426' title='bbox 317 3154 414 3210; x_wconf 86' lang='grc' dir='ltr'><strong>τοῦ</strong></span> <span class='ocrx_word' id='word_1_427' title='bbox 445 3153 748 3218; x_wconf 85' lang='grc' dir='ltr'>πλάσαντος</span> <span class='ocrx_word' id='word_1_428' title='bbox 774 3171 789 3220; x_wconf 87' lang='grc'>;</span> <span class='ocrx_word' id='word_1_429' title='bbox 822 3153 855 3224; x_wconf 78' lang='grc' dir='ltr'>ἢ</span> <span class='ocrx_word' id='word_1_430' title='bbox 881 3155 1139 3222; x_wconf 82' lang='grc' dir='ltr'>γυναῖκες</span> <span class='ocrx_word' id='word_1_431' title='bbox 1169 3155 1558 3224; x_wconf 86' lang='grc' dir='ltr'>αίσχυνόμεναι</span> <span class='ocrx_word' id='word_1_432' title='bbox 1594 3155 1874 3223; x_wconf 84' lang='grc' dir='ltr'>παρθένοι,</span> <span class='ocrx_word' id='word_1_433' title='bbox 1915 3159 2011 3212; x_wconf 77' lang='grc' dir='ltr'>καὶ</span> <span class='ocrx_word' id='word_1_434' title='bbox 2043 3163 2160 3212; x_wconf 67' lang='grc' dir='ltr'>ναοὶ</span> <span class='ocrx_word' id='word_1_435' title='bbox 2191 3160 2722 3228; x_wconf 85' lang='grc' dir='ltr'>καταστρεφόμενοι,</span> <span class='ocrx_word' id='word_1_436' title='bbox 2791 3158 2886 3211; x_wconf 78' lang='grc' dir='ltr'>καὶ</span> <span class='ocrx_word' id='word_1_437' title='bbox 2918 3159 2986 3211; x_wconf 77' lang='grc' dir='ltr'>τὰ</span> <span class='ocrx_word' id='word_1_438' title='bbox 3029 3158 3163 3224; x_wconf 77' lang='grc' dir='ltr'>ἅγια</span> <span class='ocrx_word' id='word_1_439' title='bbox 3227 3157 3547 3227; x_wconf 85' lang='grc' dir='ltr'>συμπατού-</span> 
     </span>
    </p>
   </div>
   <div class='ocr_carea' id='block_1_61' title="bbox 319 3246 3546 3320">
    <p class='ocr_par' dir='ltr' id='par_1_61' title="bbox 319 3246 3546 3320">
     <span class='ocr_line' id='line_1_61' title="bbox 319 3246 3546 3320; baseline 0.002 -22"><span class='ocrx_word' id='word_1_440' title='bbox 319 3265 478 3317; x_wconf 88' lang='grc' dir='ltr'>μενα,</span> <span class='ocrx_word' id='word_1_441' title='bbox 525 3251 620 3300; x_wconf 74' lang='grc' dir='ltr'>καὶ</span> <span class='ocrx_word' id='word_1_442' title='bbox 681 3246 1170 3317; x_wconf 79' lang='grc' dir='ltr'>περιυϐριζόμενα,</span> <span class='ocrx_word' id='word_1_443' title='bbox 1228 3247 1322 3299; x_wconf 74' lang='grc' dir='ltr'>καὶ</span> <span class='ocrx_word' id='word_1_444' title='bbox 1354 3246 1529 3299; x_wconf 80' lang='grc' dir='ltr'>ἀθέων</span> <span class='ocrx_word' id='word_1_445' title='bbox 1560 3248 1716 3317; x_wconf 80' lang='grc' dir='ltr'>χερσὶ</span> <span class='ocrx_word' id='word_1_446' title='bbox 1761 3248 2167 3320; x_wconf 75' lang='grc' dir='ltr'>παραδιδόμενα</span> <span class='ocrx_word' id='word_1_447' title='bbox 2235 3250 2389 3318; x_wconf 85' lang='grc' dir='ltr'><strong>παρά</strong></span> <span class='ocrx_word' id='word_1_448' title='bbox 2423 3250 2603 3303; x_wconf 87' lang='grc' dir='ltr'>πάντα</span> <span class='ocrx_word' id='word_1_449' title='bbox 2640 3249 2734 3302; x_wconf 87' lang='grc' dir='ltr'><strong>τοῦ</strong></span> <span class='ocrx_word' id='word_1_450' title='bbox 2774 3249 2987 3302; x_wconf 88' lang='grc' dir='ltr'>δικαίου</span> <span class='ocrx_word' id='word_1_451' title='bbox 3053 3250 3147 3302; x_wconf 79' lang='grc' dir='ltr'>καὶ</span> <span class='ocrx_word' id='word_1_452' title='bbox 3181 3250 3408 3320; x_wconf 83' lang='grc' dir='ltr'>εὐλόγου</span> <span class='ocrx_word' id='word_1_453' title='bbox 3459 3253 3546 3304; x_wconf 90' lang='grc' dir='ltr'>λό-</span> 
     </span>
    </p>
   </div>
   <div class='ocr_carea' id='block_1_62' title="bbox 315 3335 3548 3409">
    <p class='ocr_par' dir='ltr' id='par_1_62' title="bbox 315 3335 3548 3409">
     <span class='ocr_line' id='line_1_62' title="bbox 315 3335 3548 3409; baseline 0.001 -17"><span class='ocrx_word' id='word_1_454' title='bbox 315 3357 412 3408; x_wconf 82' lang='grc' dir='ltr'><strong>γον</strong></span> <span class='ocrx_word' id='word_1_455' title='bbox 440 3357 454 3404; x_wconf 87' lang='grc'><strong>;</strong></span> <span class='ocrx_word' id='word_1_456' title='bbox 482 3340 565 3408; x_wconf 83' lang='grc' dir='ltr'>ἐφ’</span> <span class='ocrx_word' id='word_1_457' title='bbox 592 3335 672 3400; x_wconf 75' lang='grc' dir='ltr'>οἷς</span> <span class='ocrx_word' id='word_1_458' title='bbox 705 3341 797 3392; x_wconf 63' lang='grc' dir='ltr'><strong>καὶ</strong></span> <span class='ocrx_word' id='word_1_459' title='bbox 825 3338 1128 3406; x_wconf 76' lang='grc' dir='ltr'>ἐπεδάκρυε</span> <span class='ocrx_word' id='word_1_460' title='bbox 1180 3339 1280 3400; x_wconf 84' lang='grc' dir='ltr'><strong>τὰς</strong></span> <span class='ocrx_word' id='word_1_461' title='bbox 1316 3339 1466 3408; x_wconf 84' lang='grc' dir='ltr'>παρὰ</span> <span class='ocrx_word' id='word_1_462' title='bbox 1518 3339 1613 3392; x_wconf 83' lang='grc' dir='ltr'><strong>τοῦ</strong></span> <span class='ocrx_word' id='word_1_463' title='bbox 1657 3339 1868 3390; x_wconf 67' lang='grc' dir='ltr'>δικαίου</span> <span class='ocrx_word' id='word_1_464' title='bbox 1908 3337 2114 3406; x_wconf 77' lang='grc' dir='ltr'>Κριτοῦ</span> <span class='ocrx_word' id='word_1_465' title='bbox 2148 3339 2509 3409; x_wconf 74' lang='grc' dir='ltr'>περὶτούτων</span> <span class='ocrx_word' id='word_1_466' title='bbox 2565 3337 2756 3391; x_wconf 82' lang='grc' dir='ltr'>ἐννοῶν</span> <span class='ocrx_word' id='word_1_467' title='bbox 2822 3338 3071 3402; x_wconf 80' lang='grc' dir='ltr'>εὐθύνας,</span> <span class='ocrx_word' id='word_1_468' title='bbox 3101 3340 3194 3391; x_wconf 78' lang='grc' dir='ltr'><strong>καὶ</strong></span> <span class='ocrx_word' id='word_1_469' title='bbox 3235 3340 3293 3391; x_wconf 75' lang='grc' dir='ltr'>τὸ</span> <span class='ocrx_word' id='word_1_470' title='bbox 3327 3341 3548 3409; x_wconf 81' lang='grc' dir='ltr'>ἀπαρα-</span> 
     </span>
    </p>
   </div>
   <div class='ocr_carea' id='block_1_63' title="bbox 315 3429 3547 3500">
    <p class='ocr_par' dir='ltr' id='par_1_63' title="bbox 315 3429 3547 3500">
     <span class='ocr_line' id='line_1_63' title="bbox 315 3429 3547 3500; baseline 0.001 -17"><span class='ocrx_word' id='word_1_471' title='bbox 315 3432 566 3498; x_wconf 86' lang='grc' dir='ltr'>λόγιστον</span> <span class='ocrx_word' id='word_1_472' title='bbox 590 3431 763 3480; x_wconf 84' lang='grc' dir='ltr'>ἐκεῖνο</span> <span class='ocrx_word' id='word_1_473' title='bbox 785 3429 1132 3497; x_wconf 86' lang='grc' dir='ltr'>δικαστήριον</span> <span class='ocrx_word' id='word_1_474' title='bbox 1156 3432 1250 3480; x_wconf 72' lang='grc' dir='ltr'>καὶ</span> <span class='ocrx_word' id='word_1_475' title='bbox 1271 3431 1526 3497; x_wconf 82' lang='grc' dir='ltr'>φοϐερόν.</span> <span class='ocrx_word' id='word_1_476' title='bbox 1585 3429 1780 3497; x_wconf 77' lang='grc' dir='ltr'>Ὅμως</span> <span class='ocrx_word' id='word_1_477' title='bbox 1806 3430 1913 3483; x_wconf 91' lang='grc' dir='ltr'><strong>τῶν</strong></span> <span class='ocrx_word' id='word_1_478' title='bbox 1952 3429 2133 3483; x_wconf 83' lang='grc' dir='ltr'>αὐτῶν</span> <span class='ocrx_word' id='word_1_479' title='bbox 2167 3431 2332 3484; x_wconf 86' lang='grc' dir='ltr'>πάλιν</span> <span class='ocrx_word' id='word_1_480' title='bbox 2383 3431 2695 3498; x_wconf 81' lang='grc' dir='ltr'>ἀναγκαίως</span> <span class='ocrx_word' id='word_1_481' title='bbox 2737 3429 2934 3500; x_wconf 70' lang='grc' dir='ltr'>εἴχετο,</span> <span class='ocrx_word' id='word_1_482' title='bbox 2967 3432 3076 3483; x_wconf 89' lang='grc' dir='ltr'><strong>τῶν</strong></span> <span class='ocrx_word' id='word_1_483' title='bbox 3105 3432 3402 3500; x_wconf 88' lang='grc' dir='ltr'>γινομένων</span> <span class='ocrx_word' id='word_1_484' title='bbox 3445 3435 3547 3500; x_wconf 76' lang='grc' dir='ltr'>τὴν</span> 
     </span>
    </p>
   </div>
   <div class='ocr_carea' id='block_1_64' title="bbox 314 3514 3546 3592">
    <p class='ocr_par' dir='ltr' id='par_1_64' title="bbox 314 3514 3546 3592">
     <span class='ocr_line' id='line_1_64' title="bbox 314 3514 3546 3592; baseline 0.001 -18"><span class='ocrx_word' id='word_1_485' title='bbox 314 3514 498 3574; x_wconf 73' lang='grc' dir='ltr'>αἰτίαν</span> <span class='ocrx_word' id='word_1_486' title='bbox 532 3522 611 3584; x_wconf 85' lang='grc' dir='ltr'><strong>είς</strong></span> <span class='ocrx_word' id='word_1_487' title='bbox 635 3521 761 3584; x_wconf 87' lang='grc' dir='ltr'>τοὺς</span> <span class='ocrx_word' id='word_1_488' title='bbox 794 3521 869 3591; x_wconf 82' lang='grc' dir='ltr'>μὴ</span> <span class='ocrx_word' id='word_1_489' title='bbox 895 3520 1188 3574; x_wconf 85' lang='grc' dir='ltr'>καταλύειν</span> <span class='ocrx_word' id='word_1_490' title='bbox 1213 3521 1306 3571; x_wconf 68' lang='grc' dir='ltr'>τὸν</span> <span class='ocrx_word' id='word_1_491' title='bbox 1331 3519 1565 3588; x_wconf 85' lang='grc' dir='ltr'>πόλεμον</span> <span class='ocrx_word' id='word_1_492' title='bbox 1585 3520 1870 3582; x_wconf 83' lang='grc' dir='ltr'>ἐθέλοντας</span> <span class='ocrx_word' id='word_1_493' title='bbox 1909 3521 2207 3585; x_wconf 77' lang='grc' dir='ltr'>ἀνατιθεὶς,</span> <span class='ocrx_word' id='word_1_494' title='bbox 2236 3523 2350 3576; x_wconf 86' lang='grc' dir='ltr'>ἀλλ’</span> <span class='ocrx_word' id='word_1_495' title='bbox 2384 3522 2836 3586; x_wconf 80' lang='grc' dir='ltr'>ἐπιϐουλεύοντας</span> <span class='ocrx_word' id='word_1_496' title='bbox 2882 3523 2969 3574; x_wconf 79' lang='grc' dir='ltr'>ἀεὶ</span> <span class='ocrx_word' id='word_1_497' title='bbox 3035 3523 3130 3576; x_wconf 75' lang='grc' dir='ltr'>καὶ</span> <span class='ocrx_word' id='word_1_498' title='bbox 3171 3523 3374 3592; x_wconf 77' lang='grc' dir='ltr'>μηδένα</span> <span class='ocrx_word' id='word_1_499' title='bbox 3440 3524 3546 3577; x_wconf 87' lang='grc' dir='ltr'><strong>τῶν</strong></span> 
     </span>
    </p>
   </div>
   <div class='ocr_carea' id='block_1_65' title="bbox 318 3610 3551 3688">
    <p class='ocr_par' dir='ltr' id='par_1_65' title="bbox 318 3610 3551 3688">
     <span class='ocr_line' id='line_1_65' title="bbox 318 3610 3551 3688; baseline 0.002 -22"><span class='ocrx_word' id='word_1_500' title='bbox 318 3613 682 3682; x_wconf 84' lang='grc' dir='ltr'>κτεινομένων</span> <span class='ocrx_word' id='word_1_501' title='bbox 713 3611 859 3665; x_wconf 78' lang='grc' dir='ltr'>ἔλεον</span> <span class='ocrx_word' id='word_1_502' title='bbox 894 3611 1295 3680; x_wconf 83' lang='grc' dir='ltr'>λαμϐάνοντας,</span> <span class='ocrx_word' id='word_1_503' title='bbox 1330 3613 1423 3664; x_wconf 74' lang='grc' dir='ltr'>καὶ</span> <span class='ocrx_word' id='word_1_504' title='bbox 1489 3610 1660 3664; x_wconf 86' lang='grc' dir='ltr'>ταῦτα</span> <span class='ocrx_word' id='word_1_505' title='bbox 1686 3612 1786 3664; x_wconf 74' lang='grc' dir='ltr'><strong>ὑπ’</strong></span> <span class='ocrx_word' id='word_1_506' title='bbox 1852 3612 2037 3676; x_wconf 84' lang='grc' dir='ltr'>αὐτοῖς</span> <span class='ocrx_word' id='word_1_507' title='bbox 2089 3613 2409 3668; x_wconf 86' lang='grc' dir='ltr'>τελούντων.</span> <span class='ocrx_word' id='word_1_508' title='bbox 2443 3614 2506 3667; x_wconf 82' lang='lat' dir='ltr'><strong>Ol</strong></span> <span class='ocrx_word' id='word_1_509' title='bbox 2541 3614 2637 3683; x_wconf 78' lang='grc' dir='ltr'>μὲν</span> <span class='ocrx_word' id='word_1_510' title='bbox 2661 3612 2753 3666; x_wconf 81' lang='grc' dir='ltr'>οὖν</span> <span class='ocrx_word' id='word_1_511' title='bbox 2815 3613 3102 3686; x_wconf 87' lang='grc' dir='ltr'>βάρϐαροι,</span> <span class='ocrx_word' id='word_1_512' title='bbox 3129 3614 3330 3684; x_wconf 82' lang='grc' dir='ltr'>πολλὴν</span> <span class='ocrx_word' id='word_1_513' title='bbox 3351 3619 3551 3688; x_wconf 76' lang='grc' dir='ltr'>αἰχμα-</span> 
     </span>
    </p>
   </div>
   <div class='ocr_carea' id='block_1_66' title="bbox 315 3694 2128 3774">
    <p class='ocr_par' dir='ltr' id='par_1_66' title="bbox 315 3694 2128 3774">
     <span class='ocr_line' id='line_1_66' title="bbox 315 3694 2128 3774; baseline 0.003 -17"><span class='ocrx_word' id='word_1_514' title='bbox 315 3703 518 3757; x_wconf 81' lang='grc' dir='ltr'>λωσίαν</span> <span class='ocrx_word' id='word_1_515' title='bbox 555 3694 781 3769; x_wconf 62' lang='grc' dir='ltr'>ἄγοντες</span> <span class='ocrx_word' id='word_1_516' title='bbox 809 3702 917 3755; x_wconf 83' lang='grc' dir='ltr'>ἀπὸ</span> <span class='ocrx_word' id='word_1_517' title='bbox 952 3702 1173 3767; x_wconf 86' lang='grc' dir='ltr'>Μυσῶν,</span> <span class='ocrx_word' id='word_1_518' title='bbox 1211 3702 1627 3774; x_wconf 85' lang='grc' dir='ltr'>ἐπεραιώθησαν</span> <span class='ocrx_word' id='word_1_519' title='bbox 1665 3706 1744 3768; x_wconf 88' lang='grc' dir='ltr'><strong>είς</strong></span> <span class='ocrx_word' id='word_1_520' title='bbox 1775 3705 1875 3770; x_wconf 78' lang='grc' dir='ltr'>τὴν</span> <span class='ocrx_word' id='word_1_521' title='bbox 1923 3707 2128 3762; x_wconf 84' lang='grc' dir='ltr'>Ἀσίαν.</span> 
     </span>
    </p>
   </div>
   <div class='ocr_carea' id='block_1_67' title="bbox 1697 3837 2171 3895">
    <p class='ocr_par' dir='ltr' id='par_1_67' title="bbox 1697 3837 2171 3895">
     <span class='ocr_line' id='line_1_67' title="bbox 1697 3837 2171 3895; baseline 0.006 -5"><span class='ocrx_word' id='word_1_522' title='bbox 1697 3837 1924 3893; x_wconf 76' lang='lat' dir='ltr'><strong>CAPUT</strong></span> <span class='ocrx_word' id='word_1_523' title='bbox 1965 3839 2171 3895; x_wconf 79' lang='lat' dir='ltr'><strong>XCVII.</strong></span> 
     </span>
    </p>
   </div>
   <div class='ocr_carea' id='block_1_68' title="bbox 321 3926 3544 4007">
    <p class='ocr_par' dir='ltr' id='par_1_68' title="bbox 321 3926 3544 4007">
     <span class='ocr_line' id='line_1_68' title="bbox 321 3926 3544 4007; baseline 0.004 -25"><span class='ocrx_word' id='word_1_524' title='bbox 321 3928 700 4007; x_wconf 67' lang='lat' dir='ltr'><strong>Menemaclius</strong></span> <span class='ocrx_word' id='word_1_525' title='bbox 717 3927 946 4007; x_wconf 48' lang='lat' dir='ltr'><strong>.quidam</strong></span> <span class='ocrx_word' id='word_1_526' title='bbox 977 3930 1045 3981; x_wconf 85' lang='lat' dir='ltr'><strong>ad</strong></span> <span class='ocrx_word' id='word_1_527' title='bbox 1080 3926 1436 4007; x_wconf 63' lang='lat' dir='ltr'><strong>occidendum</strong></span> <span class='ocrx_word' id='word_1_528' title='bbox 1481 3928 1847 4007; x_wconf 69' lang='lat' dir='ltr'><strong>imperatorem</strong></span> <span class='ocrx_word' id='word_1_529' title='bbox 1880 3929 2245 4007; x_wconf 63' lang='lat' dir='ltr'><strong>submittitur.</strong></span> <span class='ocrx_word' id='word_1_530' title='bbox 2285 3931 2442 4007; x_wconf 71' lang='lat' dir='ltr'><strong>Dolus</strong></span> <span class='ocrx_word' id='word_1_531' title='bbox 2479 3933 2605 4007; x_wconf 58' lang='lat' dir='ltr'><strong>ejus</strong></span> <span class='ocrx_word' id='word_1_532' title='bbox 2659 3942 2740 4007; x_wconf 88' lang='lat' dir='ltr'><strong>et_</strong></span> <span class='ocrx_word' id='word_1_533' title='bbox 2767 3934 2990 4007; x_wconf 73' lang='lat' dir='ltr'><strong>insidire.</strong></span> <span class='ocrx_word' id='word_1_534' title='bbox 3029 3937 3219 3992; x_wconf 81' lang='lat' dir='ltr'><strong>Veneni</strong></span> <span class='ocrx_word' id='word_1_535' title='bbox 3265 3945 3544 4007; x_wconf 72' lang='lat' dir='ltr'><strong>pra&#39;sentia</strong></span> 
     </span>
    </p>
   </div>
   <div class='ocr_carea' id='block_1_69' title="bbox 395 3997 3511 4123">
    <p class='ocr_par' dir='ltr' id='par_1_69' title="bbox 395 3997 3511 4123">
     <span class='ocr_line' id='line_1_69' title="bbox 395 3997 3511 4078; baseline 0.004 -29"><span class='ocrx_word' id='word_1_536' title='bbox 395 3997 667 4050; x_wconf 78' lang='lat' dir='ltr'><strong>notabilis.</strong></span> <span class='ocrx_word' id='word_1_537' title='bbox 708 3997 1010 4064; x_wconf 79' lang='lat' dir='ltr'><strong>Imperator</strong></span> <span class='ocrx_word' id='word_1_538' title='bbox 1038 3997 1101 4049; x_wconf 86' lang='lat' dir='ltr'><strong>ab</strong></span> <span class='ocrx_word' id='word_1_539' title='bbox 1134 3997 1317 4048; x_wconf 86' lang='lat' dir='ltr'><strong>amicis</strong></span> <span class='ocrx_word' id='word_1_540' title='bbox 1349 4008 1738 4062; x_wconf 80' lang='lat' dir='ltr'><strong>pra&#39;monetur;</strong></span> <span class='ocrx_word' id='word_1_541' title='bbox 1789 3999 2069 4051; x_wconf 81' lang='lat' dir='ltr'><strong>insidiator</strong></span> <span class='ocrx_word' id='word_1_542' title='bbox 2120 4001 2331 4068; x_wconf 83' lang='lat' dir='ltr'><strong>impune</strong></span> <span class='ocrx_word' id='word_1_543' title='bbox 2362 3997 2663 4055; x_wconf 76' lang='lat' dir='ltr'><strong>dimittitur.</strong></span> <span class='ocrx_word' id='word_1_544' title='bbox 2698 4001 2758 4054; x_wconf 80' lang='lat' dir='ltr'><strong>Zt</strong></span> <span class='ocrx_word' id='word_1_545' title='bbox 2779 4020 2923 4056; x_wconf 86' lang='lat' dir='ltr'><strong>races</strong></span> <span class='ocrx_word' id='word_1_546' title='bbox 2954 3997 3276 4062; x_wconf 44' lang='lat' dir='ltr'><strong>domesticus-</strong></span> <span class='ocrx_word' id='word_1_547' title='bbox 3315 4013 3511 4078; x_wconf 78' lang='lat' dir='ltr'><strong>impera</strong></span> 
     </span>
     <span class='ocr_line' id='line_1_70' title="bbox 396 4021 3511 4123; baseline 0.002 -5"><span class='ocrx_word' id='word_1_548' title='bbox 396 4069 539 4119; x_wconf 82' lang='lat' dir='ltr'><strong>tricis</strong></span> <span class='ocrx_word' id='word_1_549' title='bbox 571 4066 1050 4123; x_wconf 77' lang='lat' dir='ltr'><strong>Constantinopolis</strong></span> <span class='ocrx_word' id='word_1_550' title='bbox 1075 4067 1168 4118; x_wconf 80' lang='lat' dir='ltr'><strong>sub</strong></span> <span class='ocrx_word' id='word_1_551' title='bbox 1203 4066 1573 4123; x_wconf 82' lang='lat' dir='ltr'><strong>imperatorem</strong></span> <span class='ocrx_word' id='word_1_552' title='bbox 1614 4067 1903 4123; x_wconf 78' lang='lat' dir='ltr'><strong>rediqendw</strong></span> <span class='ocrx_word' id='word_1_553' title='bbox 1928 4067 2153 4121; x_wconf 85' lang='lat' dir='ltr'><strong>consilia</strong></span> <span class='ocrx_word' id='word_1_554' title='bbox 2189 4073 2379 4123; x_wconf 84' lang='lat' dir='ltr'><strong>aaitat.</strong></span> <span class='ocrx_word' id='word_1_555' title='bbox 2435 4070 2628 4123; x_wconf 83' lang='lat' dir='ltr'><strong>Odium</strong></span> <span class='ocrx_word' id='word_1_556' title='bbox 2655 4021 3012 4123; x_wconf 65' lang='lat' dir='ltr'><strong>Gal’alwomm</strong></span> <span class='ocrx_word' id='word_1_557' title='bbox 3043 4078 3096 4123; x_wconf 78' lang='lat' dir='ltr'><strong>in</strong></span> <span class='ocrx_word' id='word_1_558' title='bbox 3151 4077 3511 4123; x_wconf 65' lang='lat' dir='ltr'><strong>Phny&#39;enlntum</strong></span> 
     </span>
    </p>
   </div>
   <div class='ocr_carea' id='block_1_70' title="bbox 396 4066 3545 4144">
    <p class='ocr_par' dir='ltr' id='par_1_70' title="bbox 396 4066 3545 4144">
     <span class='ocr_line' id='line_1_71' title="bbox 396 4066 3545 4144; baseline 0.005 -26"><span class='ocrx_word' id='word_1_559' title='bbox 396 4069 549 4144; x_wconf 61' lang='lat' dir='ltr'><strong>tricis</strong></span> <span class='ocrx_word' id='word_1_560' title='bbox 571 4066 1050 4144; x_wconf 71' lang='lat' dir='ltr'><strong>Constantinopolis</strong></span> <span class='ocrx_word' id='word_1_561' title='bbox 1071 4067 1168 4144; x_wconf 66' lang='lat' dir='ltr'><strong>sub</strong></span> <span class='ocrx_word' id='word_1_562' title='bbox 1203 4066 1584 4144; x_wconf 67' lang='lat' dir='ltr'><strong>imperatorem</strong></span> <span class='ocrx_word' id='word_1_563' title='bbox 1614 4067 1903 4135; x_wconf 75' lang='lat' dir='ltr'><strong>redigenda:</strong></span> <span class='ocrx_word' id='word_1_564' title='bbox 1928 4067 2153 4144; x_wconf 74' lang='lat' dir='ltr'><strong>consilia</strong></span> <span class='ocrx_word' id='word_1_565' title='bbox 2189 4066 2379 4144; x_wconf 72' lang='lat' dir='ltr'><strong>agitat.</strong></span> <span class='ocrx_word' id='word_1_566' title='bbox 2435 4066 3012 4144; x_wconf 5' lang='lat' dir='ltr'><strong>OdiuquaIatworum</strong></span> <span class='ocrx_word' id='word_1_567' title='bbox 3043 4078 3096 4128; x_wconf 89' lang='lat' dir='ltr'><strong>in</strong></span> <span class='ocrx_word' id='word_1_568' title='bbox 3149 4066 3545 4144; x_wconf 58' lang='lat' dir='ltr'><strong>Phatreolamm,</strong></span> 
     </span>
    </p>
   </div>
   <div class='ocr_carea' id='block_1_71' title="bbox 395 4134 3548 4217">
    <p class='ocr_par' dir='ltr' id='par_1_71' title="bbox 395 4134 3548 4217">
     <span class='ocr_line' id='line_1_72' title="bbox 395 4134 3548 4217; baseline 0.001 -30"><span class='ocrx_word' id='word_1_569' title='bbox 395 4147 442 4188; x_wconf 79' lang='lat' dir='ltr'><strong>et</strong></span> <span class='ocrx_word' id='word_1_570' title='bbox 468 4136 616 4217; x_wconf 71' lang='lat' dir='ltr'><strong>illius</strong></span> <span class='ocrx_word' id='word_1_571' title='bbox 648 4135 912 4217; x_wconf 73' lang='lat' dir='ltr'><strong>occidendi</strong></span> <span class='ocrx_word' id='word_1_572' title='bbox 959 4135 1209 4217; x_wconf 70' lang='lat' dir='ltr'><strong>studium.</strong></span> <span class='ocrx_word' id='word_1_573' title='bbox 1254 4134 1612 4198; x_wconf 83' lang='lat' dir='ltr'><strong>Imperatricis</strong></span> <span class='ocrx_word' id='word_1_574' title='bbox 1647 4134 1740 4202; x_wconf 81' lang='lat' dir='ltr'><strong>pro</strong></span> <span class='ocrx_word' id='word_1_575' title='bbox 1787 4137 2192 4217; x_wconf 48' lang='lat' dir='ltr'><strong>eo&#39;fotlicitudo.</strong></span> <span class='ocrx_word' id='word_1_576' title='bbox 2225 4134 2766 4217; x_wconf 48' lang='lat' dir='ltr'><strong>&#39;Ejususatellitium,</strong></span> <span class='ocrx_word' id='word_1_577' title='bbox 2817 4150 2864 4193; x_wconf 85' lang='lat' dir='ltr'><strong>et</strong></span> <span class='ocrx_word' id='word_1_578' title='bbox 2900 4147 3143 4217; x_wconf 72' lang='lat' dir='ltr'><strong>cogitatio</strong></span> <span class='ocrx_word' id='word_1_579' title='bbox 3177 4147 3240 4199; x_wconf 89' lang='lat' dir='ltr'><strong>de</strong></span> <span class='ocrx_word' id='word_1_580' title='bbox 3274 4151 3354 4201; x_wconf 85' lang='lat' dir='ltr'><strong>via</strong></span> <span class='ocrx_word' id='word_1_581' title='bbox 3384 4134 3548 4217; x_wconf 68' lang='lat' dir='ltr'><strong>imng</strong></span> 
     </span>
    </p>
   </div>
   <div class='ocr_carea' id='block_1_72' title="bbox 395 4203 3548 4286">
    <p class='ocr_par' dir='ltr' id='par_1_72' title="bbox 395 4203 3548 4286">
     <span class='ocr_line' id='line_1_73' title="bbox 395 4203 3548 4286; baseline 0.005 -30"><span class='ocrx_word' id='word_1_582' title='bbox 395 4205 639 4286; x_wconf 43' lang='lat' dir='ltr'><strong>r‘atoriin</strong></span> <span class='ocrx_word' id='word_1_583' title='bbox 669 4203 1145 4286; x_wconf 48' lang='lat' dir='ltr'><strong>ur‘bem‘paranda,</strong></span> <span class='ocrx_word' id='word_1_584' title='bbox 1180 4218 1428 4286; x_wconf 42' lang='lat' dir='ltr'><strong>acusu‘prr</strong></span> <span class='ocrx_word' id='word_1_585' title='bbox 1461 4219 1522 4255; x_wconf 86' lang='lat' dir='ltr'><strong>ea</strong></span> <span class='ocrx_word' id='word_1_586' title='bbox 1583 4219 1634 4256; x_wconf 81' lang='lat' dir='ltr'><strong>re</strong></span> <span class='ocrx_word' id='word_1_587' title='bbox 1667 4222 1785 4256; x_wconf 83' lang='lat' dir='ltr'><strong>cum</strong></span> <span class='ocrx_word' id='word_1_588' title='bbox 1832 4204 2046 4286; x_wconf 35' lang='lat' dir='ltr'><strong>[lyrace</strong></span> <span class='ocrx_word' id='word_1_589' title='bbox 2096 4203 2325 4286; x_wconf 68' lang='lat' dir='ltr'><strong>pactum.</strong></span> <span class='ocrx_word' id='word_1_590' title='bbox 2381 4203 2810 4286; x_wconf 54' lang='lat' dir='ltr'><strong>dlicroccphalus</strong></span> <span class='ocrx_word' id='word_1_591' title='bbox 2847 4215 2915 4265; x_wconf 87' lang='lat' dir='ltr'><strong>ad</strong></span> <span class='ocrx_word' id='word_1_592' title='bbox 2947 4203 3315 4282; x_wconf 68' lang='lat' dir='ltr'><strong>imperatorem</strong></span> <span class='ocrx_word' id='word_1_593' title='bbox 3346 4203 3548 4286; x_wconf 59' lang='lat' dir='ltr'><strong>lega&#39;tns</strong></span> 
     </span>
    </p>
   </div>
   <div class='ocr_carea' id='block_1_73' title="bbox 393 4271 3545 4357">
    <p class='ocr_par' dir='ltr' id='par_1_73' title="bbox 393 4271 3545 4357">
     <span class='ocr_line' id='line_1_74' title="bbox 393 4271 3545 4357; baseline 0.005 -33"><span class='ocrx_word' id='word_1_594' title='bbox 393 4273 661 4357; x_wconf 69' lang='lat' dir='ltr'><strong>deligitur.</strong></span> <span class='ocrx_word' id='word_1_595' title='bbox 698 4271 951 4357; x_wconf 55' lang='lat' dir='ltr'><strong>I‘L&#39;utndem</strong></span> <span class='ocrx_word' id='word_1_596' title='bbox 986 4273 1274 4357; x_wconf 52' lang='lat' dir='ltr'><strong>adversarii</strong></span> <span class='ocrx_word' id='word_1_597' title='bbox 1304 4273 1561 4340; x_wconf 78' lang='lat' dir='ltr'><strong>deligunt,</strong></span> <span class='ocrx_word' id='word_1_598' title='bbox 1595 4285 1646 4325; x_wconf 85' lang='lat' dir='ltr'><strong>ut</strong></span> <span class='ocrx_word' id='word_1_599' title='bbox 1681 4271 1930 4341; x_wconf 77' lang='lat' dir='ltr'><strong>quosdam</strong></span> <span class='ocrx_word' id='word_1_600' title='bbox 1962 4271 2269 4329; x_wconf 76' lang='lat' dir='ltr'><strong>interimant</strong></span> <span class='ocrx_word' id='word_1_601' title='bbox 2293 4277 2354 4329; x_wconf 88' lang='lat' dir='ltr'><strong>de</strong></span> <span class='ocrx_word' id='word_1_602' title='bbox 2377 4271 2746 4347; x_wconf 79' lang='lat' dir='ltr'><strong>imperatoriis.</strong></span> <span class='ocrx_word' id='word_1_603' title='bbox 2782 4271 3078 4349; x_wconf 76' lang='lat' dir='ltr'><strong>Imperator</strong></span> <span class='ocrx_word' id='word_1_604' title='bbox 3107 4287 3173 4336; x_wconf 81' lang='lat' dir='ltr'><strong>ad</strong></span> <span class='ocrx_word' id='word_1_605' title='bbox 3200 4271 3545 4357; x_wconf 68' lang='lat' dir='ltr'><strong>suspicionem</strong></span> 
     </span>
    </p>
   </div>
   <div class='ocr_carea' id='block_1_74' title="bbox 396 4341 1249 4410">
    <p class='ocr_par' dir='ltr' id='par_1_74' title="bbox 396 4341 1249 4410">
     <span class='ocr_line' id='line_1_75' title="bbox 396 4341 1249 4410; baseline -0.002 -15"><span class='ocrx_word' id='word_1_606' title='bbox 396 4343 666 4395; x_wconf 59' lang='lat' dir='ltr'><strong>vitandam</strong></span> <span class='ocrx_word' id='word_1_607' title='bbox 697 4341 1092 4410; x_wconf 79' lang='lat' dir='ltr'><strong>Adriauopolim</strong></span> <span class='ocrx_word' id='word_1_608' title='bbox 1124 4342 1249 4393; x_wconf 78' lang='lat' dir='ltr'><strong>abit.</strong></span> 
     </span>
    </p>
   </div>
   <div class='ocr_carea' id='block_1_75' title="bbox 393 4478 1878 4564">
    <p class='ocr_par' dir='ltr' id='par_1_75' title="bbox 393 4478 1878 4549">
     <span class='ocr_line' id='line_1_76' title="bbox 393 4478 1878 4549; baseline 0.001 -14"><span class='ocrx_word' id='word_1_609' title='bbox 393 4483 458 4536; x_wconf 89' lang='grc' dir='ltr'><strong>Οἱ</strong></span> <span class='ocrx_word' id='word_1_610' title='bbox 487 4483 543 4534; x_wconf 89' lang='grc' dir='ltr'><strong>ἐν</strong></span> <span class='ocrx_word' id='word_1_611' title='bbox 573 4479 854 4548; x_wconf 84' lang='grc' dir='ltr'>Βυζαντίῳ</span> <span class='ocrx_word' id='word_1_612' title='bbox 889 4480 945 4532; x_wconf 82' lang='grc' dir='ltr'>δὲ</span> <span class='ocrx_word' id='word_1_613' title='bbox 980 4478 1102 4532; x_wconf 70' lang='grc' dir='ltr'>ἐπεὶ</span> <span class='ocrx_word' id='word_1_614' title='bbox 1143 4480 1395 4549; x_wconf 83' lang='grc' dir='ltr'>φανερῶς</span> <span class='ocrx_word' id='word_1_615' title='bbox 1437 4481 1767 4549; x_wconf 84' lang='grc' dir='ltr'>ἀπέγνωσαν</span> <span class='ocrx_word' id='word_1_616' title='bbox 1791 4501 1878 4537; x_wconf 79' lang='grc' dir='ltr'>πο·</span> 
     </span>
    </p>
   </div>
   <div class='ocr_carea' id='block_1_76' title="bbox 1980 4478 3548 4564">
    <p class='ocr_par' dir='ltr' id='par_1_76' title="bbox 2064 4486 3548 4564">
     <span class='ocr_line' id='line_1_77' title="bbox 2064 4486 3548 4564; baseline 0.007 -25"><span class='ocrx_word' id='word_1_617' title='bbox 2064 4487 2326 4558; x_wconf 86' lang='lat' dir='ltr'><strong>Byzantii,</strong></span> <span class='ocrx_word' id='word_1_618' title='bbox 2385 4488 2610 4542; x_wconf 88' lang='lat' dir='ltr'><strong>victoria</strong></span> <span class='ocrx_word' id='word_1_619' title='bbox 2659 4486 2844 4543; x_wconf 81' lang='lat' dir='ltr'><strong>Contra</strong></span> <span class='ocrx_word' id='word_1_620' title='bbox 2895 4501 3275 4559; x_wconf 76' lang='lat' dir='ltr'><strong>Imperatorem</strong></span> <span class='ocrx_word' id='word_1_621' title='bbox 3326 4511 3548 4564; x_wconf 87' lang='lat' dir='ltr'><strong>prorsus</strong></span> 
     </span>
    </p>
   </div>
   <div class='ocr_carea' id='block_1_77' title="bbox 275 4569 1885 4644">
    <p class='ocr_par' dir='ltr' id='par_1_77' title="bbox 275 4569 1885 4644">
     <span class='ocr_line' id='line_1_78' title="bbox 275 4569 1885 4644; baseline -0.001 -17"><span class='ocrx_word' id='word_1_622' title='bbox 275 4589 284 4593; x_wconf 86' lang='grc'><strong>·</strong></span> <span class='ocrx_word' id='word_1_623' title='bbox 317 4577 510 4644; x_wconf 85' lang='grc' dir='ltr'>λεμεῖν</span> <span class='ocrx_word' id='word_1_624' title='bbox 549 4573 686 4642; x_wconf 72' lang='grc' dir='ltr'>πρὸς</span> <span class='ocrx_word' id='word_1_625' title='bbox 741 4570 992 4640; x_wconf 86' lang='grc' dir='ltr'>βασιλέα,</span> <span class='ocrx_word' id='word_1_626' title='bbox 1038 4570 1403 4636; x_wconf 82' lang='grc' dir='ltr'>ἐπεϐούλευον</span> <span class='ocrx_word' id='word_1_627' title='bbox 1443 4569 1601 4636; x_wconf 84' lang='grc' dir='ltr'>αὖθις</span> <span class='ocrx_word' id='word_1_628' title='bbox 1641 4573 1885 4641; x_wconf 83' lang='grc' dir='ltr'>ἀφανῶς,</span> 
     </span>
    </p>
   </div>
   <div class='ocr_carea' id='block_1_78' title="bbox 317 4663 1888 4735">
    <p class='ocr_par' dir='ltr' id='par_1_78' title="bbox 317 4663 1888 4735">
     <span class='ocr_line' id='line_1_79' title="bbox 317 4663 1888 4735; baseline -0.001 -16"><span class='ocrx_word' id='word_1_629' title='bbox 317 4669 419 4720; x_wconf 75' lang='grc' dir='ltr'><strong>καὶ</strong></span> <span class='ocrx_word' id='word_1_630' title='bbox 452 4665 778 4732; x_wconf 84' lang='grc' dir='ltr'>Μονομάχον</span> <span class='ocrx_word' id='word_1_631' title='bbox 842 4665 987 4726; x_wconf 79' lang='grc' dir='ltr'>τινὰ,</span> <span class='ocrx_word' id='word_1_632' title='bbox 1042 4663 1361 4730; x_wconf 78' lang='grc' dir='ltr'>ἀδελφιδοῦν</span> <span class='ocrx_word' id='word_1_633' title='bbox 1409 4666 1536 4718; x_wconf 70' lang='grc' dir='ltr'>ὄντα</span> <span class='ocrx_word' id='word_1_634' title='bbox 1567 4665 1779 4735; x_wconf 88' lang='grc' dir='ltr'>Τάγαρι</span> <span class='ocrx_word' id='word_1_635' title='bbox 1811 4665 1888 4735; x_wconf 83' lang='grc' dir='ltr'>τῷ</span> 
     </span>
    </p>
   </div>
   <div class='ocr_carea' id='block_1_79' title="bbox 321 4757 1888 4830">
    <p class='ocr_par' dir='ltr' id='par_1_79' title="bbox 321 4757 1888 4830">
     <span class='ocr_line' id='line_1_80' title="bbox 321 4757 1888 4830; baseline 0 -19"><span class='ocrx_word' id='word_1_636' title='bbox 321 4759 550 4830; x_wconf 83' lang='grc' dir='ltr'>μεγάλῳ</span> <span class='ocrx_word' id='word_1_637' title='bbox 583 4757 1049 4828; x_wconf 83' lang='grc' dir='ltr'>στρατοπεδάρχῃ,</span> <span class='ocrx_word' id='word_1_638' title='bbox 1100 4758 1428 4828; x_wconf 80' lang='grc' dir='ltr'>δηλητήριον</span> <span class='ocrx_word' id='word_1_639' title='bbox 1480 4760 1673 4828; x_wconf 77' lang='grc' dir='ltr'>ἔχοντα</span> <span class='ocrx_word' id='word_1_640' title='bbox 1727 4761 1888 4813; x_wconf 85' lang='grc' dir='ltr'>αὐτο-</span> 
     </span>
    </p>
   </div>
   <div class='ocr_carea' id='block_1_80' title="bbox 323 4845 1890 4919">
    <p class='ocr_par' dir='ltr' id='par_1_80' title="bbox 323 4845 1890 4919">
     <span class='ocr_line' id='line_1_81' title="bbox 323 4845 1890 4919; baseline -0.001 -16"><span class='ocrx_word' id='word_1_641' title='bbox 323 4851 510 4919; x_wconf 80' lang='grc' dir='ltr'>μολεῖν</span> <span class='ocrx_word' id='word_1_642' title='bbox 541 4848 795 4901; x_wconf 83' lang='grc' dir='ltr'>ἐκέλευον</span> <span class='ocrx_word' id='word_1_643' title='bbox 826 4848 959 4917; x_wconf 83' lang='grc' dir='ltr'>πρὸς</span> <span class='ocrx_word' id='word_1_644' title='bbox 994 4848 1241 4916; x_wconf 88' lang='grc' dir='ltr'>βασιλέα,</span> <span class='ocrx_word' id='word_1_645' title='bbox 1281 4845 1398 4900; x_wconf 78' lang='grc' dir='ltr'>εἶτα</span> <span class='ocrx_word' id='word_1_646' title='bbox 1445 4847 1676 4916; x_wconf 86' lang='grc' dir='ltr'>μηνύειν</span> <span class='ocrx_word' id='word_1_647' title='bbox 1727 4849 1890 4917; x_wconf 83' lang='grc' dir='ltr'>δῆθεν</span> 
     </span>
    </p>
   </div>
   <div class='ocr_carea' id='block_1_81' title="bbox 317 4938 1887 5010">
    <p class='ocr_par' dir='ltr' id='par_1_81' title="bbox 317 4938 1887 5010">
     <span class='ocr_line' id='line_1_82' title="bbox 317 4938 1887 5010; baseline 0 -17"><span class='ocrx_word' id='word_1_648' title='bbox 317 4942 422 5010; x_wconf 83' lang='grc' dir='ltr'>τὴν</span> <span class='ocrx_word' id='word_1_649' title='bbox 457 4940 774 5009; x_wconf 77' lang='grc' dir='ltr'>ἐπιϐουλὴν,</span> <span class='ocrx_word' id='word_1_650' title='bbox 803 4939 896 4993; x_wconf 78' lang='grc' dir='ltr'>καὶ</span> <span class='ocrx_word' id='word_1_651' title='bbox 919 4938 986 4989; x_wconf 85' lang='grc' dir='ltr'><strong>τά</strong></span> <span class='ocrx_word' id='word_1_652' title='bbox 1013 4940 1279 5008; x_wconf 86' lang='grc' dir='ltr'>φάρμακα</span> <span class='ocrx_word' id='word_1_653' title='bbox 1311 4940 1602 5008; x_wconf 85' lang='grc' dir='ltr'>φανεροῦν.</span> <span class='ocrx_word' id='word_1_654' title='bbox 1635 4941 1887 4994; x_wconf 76' lang='grc' dir='ltr'>Ἐπειδὰν</span> 
     </span>
    </p>
   </div>
   <div class='ocr_carea' id='block_1_82' title="bbox 316 5032 1890 5103">
    <p class='ocr_par' dir='ltr' id='par_1_82' title="bbox 316 5032 1890 5103">
     <span class='ocr_line' id='line_1_83' title="bbox 316 5032 1890 5103; baseline 0.001 -18"><span class='ocrx_word' id='word_1_655' title='bbox 316 5034 379 5086; x_wconf 83' lang='grc' dir='ltr'><strong>δέ</strong></span> <span class='ocrx_word' id='word_1_656' title='bbox 410 5033 593 5097; x_wconf 85' lang='grc' dir='ltr'>ἀδείας</span> <span class='ocrx_word' id='word_1_657' title='bbox 627 5032 886 5103; x_wconf 89' lang='grc' dir='ltr'>λάϐηται,</span> <span class='ocrx_word' id='word_1_658' title='bbox 939 5034 1034 5086; x_wconf 77' lang='grc' dir='ltr'><strong>καὶ</strong></span> <span class='ocrx_word' id='word_1_659' title='bbox 1068 5033 1382 5103; x_wconf 78' lang='grc' dir='ltr'>παρρησίας</span> <span class='ocrx_word' id='word_1_660' title='bbox 1417 5035 1505 5086; x_wconf 82' lang='grc' dir='ltr'><strong>διὰ</strong></span> <span class='ocrx_word' id='word_1_661' title='bbox 1559 5035 1657 5101; x_wconf 73' lang='grc' dir='ltr'>τὴν</span> <span class='ocrx_word' id='word_1_662' title='bbox 1699 5034 1890 5086; x_wconf 87' lang='grc' dir='ltr'>δοκοῦ-</span> 
     </span>
    </p>
   </div>
   <div class='ocr_carea' id='block_1_83' title="bbox 322 5122 1886 5193">
    <p class='ocr_par' dir='ltr' id='par_1_83' title="bbox 322 5122 1886 5193">
     <span class='ocr_line' id='line_1_84' title="bbox 322 5122 1886 5193; baseline 0.001 -19"><span class='ocrx_word' id='word_1_663' title='bbox 322 5139 427 5174; x_wconf 88' lang='grc' dir='ltr'><strong>σαν</strong></span> <span class='ocrx_word' id='word_1_664' title='bbox 454 5122 691 5189; x_wconf 81' lang='grc' dir='ltr'>εῦνοιαν,</span> <span class='ocrx_word' id='word_1_665' title='bbox 730 5122 838 5174; x_wconf 84' lang='grc' dir='ltr'>τότ’</span> <span class='ocrx_word' id='word_1_666' title='bbox 870 5123 972 5193; x_wconf 75' lang='grc' dir='ltr'>ἤδη</span> <span class='ocrx_word' id='word_1_667' title='bbox 1002 5125 1068 5192; x_wconf 78' lang='grc' dir='ltr'>τῇ</span> <span class='ocrx_word' id='word_1_668' title='bbox 1130 5123 1388 5192; x_wconf 83' lang='grc' dir='ltr'>ἐπιϐουλῇ</span> <span class='ocrx_word' id='word_1_669' title='bbox 1426 5123 1664 5192; x_wconf 81' lang='grc' dir='ltr'>χρῆσθαι</span> <span class='ocrx_word' id='word_1_670' title='bbox 1695 5123 1886 5188; x_wconf 84' lang='grc' dir='ltr'>ἀδεῶς,</span> 
     </span>
    </p>
   </div>
   <div class='ocr_carea' id='block_1_84' title="bbox 318 5208 1887 5283">
    <p class='ocr_par' dir='ltr' id='par_1_84' title="bbox 318 5208 1887 5283">
     <span class='ocr_line' id='line_1_85' title="bbox 318 5208 1887 5283; baseline -0.001 -18"><span class='ocrx_word' id='word_1_671' title='bbox 318 5213 422 5266; x_wconf 79' lang='grc' dir='ltr'>καὶ</span> <span class='ocrx_word' id='word_1_672' title='bbox 448 5213 718 5283; x_wconf 86' lang='grc' dir='ltr'>φάρμακα</span> <span class='ocrx_word' id='word_1_673' title='bbox 743 5213 934 5282; x_wconf 74' lang='grc' dir='ltr'>ἔχοντα</span> <span class='ocrx_word' id='word_1_674' title='bbox 960 5213 1260 5282; x_wconf 86' lang='grc' dir='ltr'>προσάγειν</span> <span class='ocrx_word' id='word_1_675' title='bbox 1295 5213 1527 5282; x_wconf 84' lang='grc' dir='ltr'>βασιλεῖ.</span> <span class='ocrx_word' id='word_1_676' title='bbox 1576 5210 1634 5263; x_wconf 83' lang='grc' dir='ltr'><strong>Ἡ</strong></span> <span class='ocrx_word' id='word_1_677' title='bbox 1668 5213 1767 5280; x_wconf 82' lang='grc' dir='ltr'>μὲν</span> <span class='ocrx_word' id='word_1_678' title='bbox 1793 5208 1887 5265; x_wconf 83' lang='grc' dir='ltr'><strong>οὖν</strong></span> 
     </span>
    </p>
   </div>
   <div class='ocr_carea' id='block_1_85' title="bbox 319 5298 1887 5373">
    <p class='ocr_par' dir='ltr' id='par_1_85' title="bbox 319 5298 1887 5373">
     <span class='ocr_line' id='line_1_86' title="bbox 319 5298 1887 5373; baseline -0.002 -17"><span class='ocrx_word' id='word_1_679' title='bbox 319 5303 589 5373; x_wconf 81' lang='grc' dir='ltr'>ἐπιϐουλή</span> <span class='ocrx_word' id='word_1_680' title='bbox 615 5303 844 5372; x_wconf 89' lang='grc' dir='ltr'>τοιαύτη</span> <span class='ocrx_word' id='word_1_681' title='bbox 878 5298 964 5373; x_wconf 82' lang='grc' dir='ltr'>ἦν.</span> <span class='ocrx_word' id='word_1_682' title='bbox 996 5303 1102 5356; x_wconf 77' lang='grc' dir='ltr'><strong>Καὶ</strong></span> <span class='ocrx_word' id='word_1_683' title='bbox 1134 5304 1161 5354; x_wconf 85' lang='grc' dir='ltr'>ὁ</span> <span class='ocrx_word' id='word_1_684' title='bbox 1186 5303 1512 5372; x_wconf 85' lang='grc' dir='ltr'>Μονομάχος</span> <span class='ocrx_word' id='word_1_685' title='bbox 1543 5302 1713 5353; x_wconf 76' lang='grc' dir='ltr'>ἐποίει</span> <span class='ocrx_word' id='word_1_686' title='bbox 1746 5303 1887 5353; x_wconf 80' lang='grc' dir='ltr'>κατᾶ</span> 
     </span>
    </p>
   </div>
   <div class='ocr_carea' id='block_1_86' title="bbox 312 5391 1881 5461">
    <p class='ocr_par' dir='ltr' id='par_1_86' title="bbox 312 5391 1881 5461">
     <span class='ocr_line' id='line_1_87' title="bbox 312 5391 1881 5461; baseline -0.002 -19"><span class='ocrx_word' id='word_1_687' title='bbox 312 5394 391 5445; x_wconf 81' lang='grc' dir='ltr'><strong>τά</strong></span> <span class='ocrx_word' id='word_1_688' title='bbox 446 5391 881 5460; x_wconf 86' lang='grc' dir='ltr'>κεκελευσμένα,</span> <span class='ocrx_word' id='word_1_689' title='bbox 937 5393 1030 5444; x_wconf 77' lang='grc' dir='ltr'>καὶ</span> <span class='ocrx_word' id='word_1_690' title='bbox 1084 5392 1183 5461; x_wconf 89' lang='grc' dir='ltr'><strong>τήν</strong></span> <span class='ocrx_word' id='word_1_691' title='bbox 1210 5408 1267 5444; x_wconf 90' lang='grc' dir='ltr'><strong>τε</strong></span> <span class='ocrx_word' id='word_1_692' title='bbox 1305 5391 1600 5460; x_wconf 78' lang='grc' dir='ltr'>ἐπιϐουλὴν</span> <span class='ocrx_word' id='word_1_693' title='bbox 1638 5391 1839 5458; x_wconf 80' lang='grc' dir='ltr'>ἐμήνυε</span> <span class='ocrx_word' id='word_1_694' title='bbox 1867 5428 1881 5452; x_wconf 90' lang='grc'><strong>,</strong></span> 
     </span>
    </p>
   </div>
   <div class='ocr_carea' id='block_1_87' title="bbox 308 5481 1881 5552">
    <p class='ocr_par' dir='ltr' id='par_1_87' title="bbox 308 5481 1881 5552">
     <span class='ocr_line' id='line_1_88' title="bbox 308 5481 1881 5552; baseline -0.001 -16"><span class='ocrx_word' id='word_1_695' title='bbox 308 5481 423 5552; x_wconf 70' lang='grc' dir='ltr'>’τὴν</span> <span class='ocrx_word' id='word_1_696' title='bbox 461 5482 858 5552; x_wconf 84' lang='grc' dir='ltr'>ἀπανθρωπίαν</span> <span class='ocrx_word' id='word_1_697' title='bbox 905 5485 1001 5535; x_wconf 73' lang='grc' dir='ltr'>καὶ</span> <span class='ocrx_word' id='word_1_698' title='bbox 1053 5483 1356 5552; x_wconf 84' lang='grc' dir='ltr'>μοχθηρίαν</span> <span class='ocrx_word' id='word_1_699' title='bbox 1395 5485 1502 5540; x_wconf 86' lang='grc' dir='ltr'><strong>τῶν</strong></span> <span class='ocrx_word' id='word_1_700' title='bbox 1547 5483 1881 5551; x_wconf 75' lang='grc' dir='ltr'>πεμψάντων</span> 
     </span>
    </p>
   </div>
   <div class='ocr_carea' id='block_1_88' title="bbox 317 5572 1880 5643">
    <p class='ocr_par' dir='ltr' id='par_1_88' title="bbox 317 5572 1880 5643">
     <span class='ocr_line' id='line_1_89' title="bbox 317 5572 1880 5643; baseline -0.001 -18"><span class='ocrx_word' id='word_1_701' title='bbox 317 5575 553 5640; x_wconf 76' lang='grc' dir='ltr'>φάσκων</span> <span class='ocrx_word' id='word_1_702' title='bbox 589 5572 944 5641; x_wconf 80' lang='grc' dir='ltr'>βδελύξασθαι</span> <span class='ocrx_word' id='word_1_703' title='bbox 971 5573 1072 5624; x_wconf 80' lang='grc' dir='ltr'>οὐκ</span> <span class='ocrx_word' id='word_1_704' title='bbox 1093 5574 1356 5637; x_wconf 72' lang='grc' dir='ltr'>ἀνεκτῶς,</span> <span class='ocrx_word' id='word_1_705' title='bbox 1395 5575 1487 5625; x_wconf 71' lang='grc' dir='ltr'><strong>καὶ</strong></span> <span class='ocrx_word' id='word_1_706' title='bbox 1523 5573 1721 5643; x_wconf 70' lang='grc' dir='ltr'>μᾶλλον</span> <span class='ocrx_word' id='word_1_707' title='bbox 1757 5572 1880 5642; x_wconf 76' lang='grc' dir='ltr'>βού-</span> 
     </span>
    </p>
   </div>
   <div class='ocr_carea' id='block_1_89' title="bbox 313 5664 1881 5736">
    <p class='ocr_par' dir='ltr' id='par_1_89' title="bbox 313 5664 1881 5736">
     <span class='ocr_line' id='line_1_90' title="bbox 313 5664 1881 5736; baseline -0.001 -18"><span class='ocrx_word' id='word_1_708' title='bbox 313 5664 512 5718; x_wconf 78' lang='grc' dir='ltr'>λεσθαι</span> <span class='ocrx_word' id='word_1_709' title='bbox 550 5667 785 5718; x_wconf 83' lang='grc' dir='ltr'>συνεῖναι</span> <span class='ocrx_word' id='word_1_710' title='bbox 844 5664 1055 5733; x_wconf 78' lang='grc' dir='ltr'>βασιλεῖ</span> <span class='ocrx_word' id='word_1_711' title='bbox 1103 5665 1188 5717; x_wconf 71' lang='grc' dir='ltr'>διὰ</span> <span class='ocrx_word' id='word_1_712' title='bbox 1245 5665 1341 5736; x_wconf 76' lang='grc' dir='ltr'>τὴν</span> <span class='ocrx_word' id='word_1_713' title='bbox 1397 5667 1735 5736; x_wconf 75' lang='grc' dir='ltr'>ἡμερότητα,</span> <span class='ocrx_word' id='word_1_714' title='bbox 1791 5667 1881 5717; x_wconf 71' lang='grc' dir='ltr'>καὶ</span> 
     </span>
    </p>
   </div>
   <div class='ocr_carea' id='block_1_90' title="bbox 1991 4578 3549 4648">
    <p class='ocr_par' dir='ltr' id='par_1_90' title="bbox 1991 4578 3549 4648">
     <span class='ocr_line' id='line_1_91' title="bbox 1991 4578 3549 4648; baseline 0.006 -18"><span class='ocrx_word' id='word_1_715' title='bbox 1991 4578 2300 4646; x_wconf 87' lang='lat' dir='ltr'><strong>desperata,</strong></span> <span class='ocrx_word' id='word_1_716' title='bbox 2345 4593 2534 4633; x_wconf 88' lang='lat' dir='ltr'><strong>rursus</strong></span> <span class='ocrx_word' id='word_1_717' title='bbox 2569 4580 2781 4634; x_wconf 85' lang='lat' dir='ltr'><strong>occulte</strong></span> <span class='ocrx_word' id='word_1_718' title='bbox 2823 4590 3140 4635; x_wconf 73' lang='lat' dir='ltr'><strong>struxerunt</strong></span> <span class='ocrx_word' id='word_1_719' title='bbox 3190 4583 3438 4648; x_wconf 82' lang='lat' dir='ltr'><strong>insidias,</strong></span> <span class='ocrx_word' id='word_1_720' title='bbox 3495 4599 3549 4640; x_wconf 71' lang='grc' dir='ltr'><strong>ιι</strong></span> 
     </span>
    </p>
   </div>
   <div class='ocr_carea' id='block_1_91' title="bbox 1990 4667 3546 4742">
    <p class='ocr_par' dir='ltr' id='par_1_91' title="bbox 1990 4667 3546 4742">
     <span class='ocr_line' id='line_1_92' title="bbox 1990 4667 3546 4742; baseline 0.008 -22"><span class='ocrx_word' id='word_1_721' title='bbox 1990 4667 2405 4723; x_wconf 84' lang='lat' dir='ltr'><strong>Monomachum</strong></span> <span class='ocrx_word' id='word_1_722' title='bbox 2444 4670 2736 4739; x_wconf 89' lang='lat' dir='ltr'><strong>quemdam</strong></span> <span class='ocrx_word' id='word_1_723' title='bbox 2776 4685 2842 4724; x_wconf 74' lang='lat' dir='ltr'><strong>ex</strong></span> <span class='ocrx_word' id='word_1_724' title='bbox 2871 4687 3054 4726; x_wconf 85' lang='lat' dir='ltr'><strong>sorore</strong></span> <span class='ocrx_word' id='word_1_725' title='bbox 3086 4672 3308 4742; x_wconf 78' lang='lat' dir='ltr'><strong>Tagaris</strong></span> <span class='ocrx_word' id='word_1_726' title='bbox 3348 4683 3546 4732; x_wconf 89' lang='lat' dir='ltr'><strong>strato-</strong></span> 
     </span>
    </p>
   </div>
   <div class='ocr_carea' id='block_1_92' title="bbox 1989 4759 3547 4836">
    <p class='ocr_par' dir='ltr' id='par_1_92' title="bbox 1989 4759 3547 4836">
     <span class='ocr_line' id='line_1_93' title="bbox 1989 4759 3547 4836; baseline 0.005 -22"><span class='ocrx_word' id='word_1_727' title='bbox 1989 4759 2274 4829; x_wconf 72' lang='lat' dir='ltr'><strong>pedarchae</strong></span> <span class='ocrx_word' id='word_1_728' title='bbox 2305 4770 2512 4825; x_wconf 88' lang='lat' dir='ltr'><strong>natum,</strong></span> <span class='ocrx_word' id='word_1_729' title='bbox 2539 4777 2662 4816; x_wconf 93' lang='lat' dir='ltr'><strong>cum</strong></span> <span class='ocrx_word' id='word_1_730' title='bbox 2683 4779 2897 4818; x_wconf 91' lang='lat' dir='ltr'><strong>veneno</strong></span> <span class='ocrx_word' id='word_1_731' title='bbox 2929 4765 3274 4836; x_wconf 78' lang='lat' dir='ltr'><strong>transfugere</strong></span> <span class='ocrx_word' id='word_1_732' title='bbox 3306 4768 3371 4822; x_wconf 88' lang='lat' dir='ltr'><strong>ad</strong></span> <span class='ocrx_word' id='word_1_733' title='bbox 3399 4769 3547 4822; x_wconf 91' lang='lat' dir='ltr'><strong>illum</strong></span> 
     </span>
    </p>
   </div>
   <div class='ocr_carea' id='block_1_93' title="bbox 1983 4852 3552 4919">
    <p class='ocr_par' dir='ltr' id='par_1_93' title="bbox 1983 4852 3552 4919">
     <span class='ocr_line' id='line_1_94' title="bbox 1983 4852 3552 4919; baseline 0.01 -20"><span class='ocrx_word' id='word_1_734' title='bbox 1983 4852 2295 4919; x_wconf 83' lang='lat' dir='ltr'><strong>jusserunt;</strong></span> <span class='ocrx_word' id='word_1_735' title='bbox 2339 4853 2533 4907; x_wconf 90' lang='lat' dir='ltr'><strong>deinde</strong></span> <span class='ocrx_word' id='word_1_736' title='bbox 2563 4855 2628 4908; x_wconf 91' lang='lat' dir='ltr'><strong>de</strong></span> <span class='ocrx_word' id='word_1_737' title='bbox 2665 4856 2873 4910; x_wconf 82' lang='lat' dir='ltr'><strong>insidiis</strong></span> <span class='ocrx_word' id='word_1_738' title='bbox 2902 4866 2959 4910; x_wconf 91' lang='lat' dir='ltr'><strong>et</strong></span> <span class='ocrx_word' id='word_1_739' title='bbox 3015 4873 3223 4912; x_wconf 86' lang='lat' dir='ltr'><strong>veneno</strong></span> <span class='ocrx_word' id='word_1_740' title='bbox 3260 4860 3335 4914; x_wconf 89' lang='lat' dir='ltr'><strong>illi</strong></span> <span class='ocrx_word' id='word_1_741' title='bbox 3389 4863 3552 4916; x_wconf 82' lang='lat' dir='ltr'><strong>couti-</strong></span> 
     </span>
    </p>
   </div>
   <div class='ocr_carea' id='block_1_94' title="bbox 1993 4939 3550 5012">
    <p class='ocr_par' dir='ltr' id='par_1_94' title="bbox 1993 4939 3550 5012">
     <span class='ocr_line' id='line_1_95' title="bbox 1993 4939 3550 5012; baseline 0.007 -20"><span class='ocrx_word' id='word_1_742' title='bbox 1993 4939 2108 4993; x_wconf 84' lang='lat' dir='ltr'><strong>teri.</strong></span> <span class='ocrx_word' id='word_1_743' title='bbox 2135 4939 2234 4993; x_wconf 88' lang='lat' dir='ltr'><strong>Ubi</strong></span> <span class='ocrx_word' id='word_1_744' title='bbox 2280 4956 2376 5010; x_wconf 91' lang='lat' dir='ltr'><strong>pro</strong></span> <span class='ocrx_word' id='word_1_745' title='bbox 2429 4943 2694 4997; x_wconf 84' lang='lat' dir='ltr'><strong>benevolo</strong></span> <span class='ocrx_word' id='word_1_746' title='bbox 2730 4945 2970 5012; x_wconf 84' lang='lat' dir='ltr'><strong>habitus,</strong></span> <span class='ocrx_word' id='word_1_747' title='bbox 3005 4950 3350 5003; x_wconf 85' lang='lat' dir='ltr'><strong>securitatem</strong></span> <span class='ocrx_word' id='word_1_748' title='bbox 3384 4950 3550 5005; x_wconf 85' lang='lat' dir='ltr'><strong>liber-</strong></span> 
     </span>
    </p>
   </div>
   <div class='ocr_carea' id='block_1_95' title="bbox 1992 5035 3546 5103">
    <p class='ocr_par' dir='ltr' id='par_1_95' title="bbox 1992 5035 3546 5103">
     <span class='ocr_line' id='line_1_96' title="bbox 1992 5035 3546 5103; baseline 0.009 -21"><span class='ocrx_word' id='word_1_749' title='bbox 1992 5040 2264 5100; x_wconf 88' lang='lat' dir='ltr'><strong>tatemque</strong></span> <span class='ocrx_word' id='word_1_750' title='bbox 2309 5035 2501 5102; x_wconf 82' lang='lat' dir='ltr'><strong>agendi</strong></span> <span class='ocrx_word' id='word_1_751' title='bbox 2534 5036 2762 5103; x_wconf 88' lang='lat' dir='ltr'><strong>adeptus</strong></span> <span class='ocrx_word' id='word_1_752' title='bbox 2800 5037 2985 5100; x_wconf 90' lang='lat' dir='ltr'><strong>fuerit,</strong></span> <span class='ocrx_word' id='word_1_753' title='bbox 3018 5047 3133 5093; x_wconf 92' lang='lat' dir='ltr'><strong>tum</strong></span> <span class='ocrx_word' id='word_1_754' title='bbox 3169 5040 3305 5094; x_wconf 89' lang='lat' dir='ltr'><strong>citra</strong></span> <span class='ocrx_word' id='word_1_755' title='bbox 3341 5051 3546 5096; x_wconf 88' lang='lat' dir='ltr'><strong>metum</strong></span> 
     </span>
    </p>
   </div>
   <div class='ocr_carea' id='block_1_96' title="bbox 1990 5124 3555 5202">
    <p class='ocr_par' dir='ltr' id='par_1_96' title="bbox 1990 5124 3555 5202">
     <span class='ocr_line' id='line_1_97' title="bbox 1990 5124 3555 5202; baseline 0.009 -30"><span class='ocrx_word' id='word_1_756' title='bbox 1990 5129 2265 5177; x_wconf 86' lang='lat' dir='ltr'><strong>maturare</strong></span> <span class='ocrx_word' id='word_1_757' title='bbox 2291 5124 2540 5188; x_wconf 90' lang='lat' dir='ltr'><strong>insidias,</strong></span> <span class='ocrx_word' id='word_1_758' title='bbox 2565 5135 2619 5180; x_wconf 90' lang='lat' dir='ltr'><strong>et</strong></span> <span class='ocrx_word' id='word_1_759' title='bbox 2648 5127 2791 5195; x_wconf 91' lang='lat' dir='ltr'><strong>quod</strong></span> <span class='ocrx_word' id='word_1_760' title='bbox 2837 5128 3083 5194; x_wconf 89' lang='lat' dir='ltr'><strong>haberet,</strong></span> <span class='ocrx_word' id='word_1_761' title='bbox 3132 5130 3277 5185; x_wconf 89' lang='lat' dir='ltr'><strong>aliud</strong></span> <span class='ocrx_word' id='word_1_762' title='bbox 3319 5133 3555 5202; x_wconf 86' lang='lat' dir='ltr'><strong>impera-</strong></span> 
     </span>
    </p>
   </div>
   <div class='ocr_carea' id='block_1_97' title="bbox 1990 5211 3546 5281">
    <p class='ocr_par' dir='ltr' id='par_1_97' title="bbox 1990 5211 3546 5281">
     <span class='ocr_line' id='line_1_98' title="bbox 1990 5211 3546 5281; baseline 0.012 -18"><span class='ocrx_word' id='word_1_763' title='bbox 1990 5211 2093 5264; x_wconf 85' lang='lat' dir='ltr'><strong>tori</strong></span> <span class='ocrx_word' id='word_1_764' title='bbox 2120 5228 2388 5267; x_wconf 88' lang='lat' dir='ltr'><strong>venenum</strong></span> <span class='ocrx_word' id='word_1_765' title='bbox 2418 5215 2730 5271; x_wconf 86' lang='lat' dir='ltr'><strong>admovere.</strong></span> <span class='ocrx_word' id='word_1_766' title='bbox 2775 5218 2989 5274; x_wconf 76' lang='lat' dir='ltr'><strong>lnsidia:</strong></span> <span class='ocrx_word' id='word_1_767' title='bbox 3021 5221 3154 5276; x_wconf 85' lang='lat' dir='ltr'><strong>tales</strong></span> <span class='ocrx_word' id='word_1_768' title='bbox 3191 5222 3433 5278; x_wconf 83' lang='lat' dir='ltr'><strong>luerunt.</strong></span> <span class='ocrx_word' id='word_1_769' title='bbox 3479 5227 3546 5281; x_wconf 87' lang='lat' dir='ltr'><strong>Et</strong></span> 
     </span>
    </p>
   </div>
   <div class='ocr_carea' id='block_1_98' title="bbox 1990 5300 3554 5388">
    <p class='ocr_par' dir='ltr' id='par_1_98' title="bbox 1990 5300 3554 5388">
     <span class='ocr_line' id='line_1_99' title="bbox 1990 5300 3554 5388; baseline 0.014 -36"><span class='ocrx_word' id='word_1_770' title='bbox 1990 5300 2379 5359; x_wconf 85' lang='lat' dir='ltr'><strong>Monomachus</strong></span> <span class='ocrx_word' id='word_1_771' title='bbox 2424 5305 2574 5374; x_wconf 88' lang='lat' dir='ltr'><strong>jussa</strong></span> <span class='ocrx_word' id='word_1_772' title='bbox 2619 5324 2908 5380; x_wconf 82' lang='lat' dir='ltr'><strong>peragens,</strong></span> <span class='ocrx_word' id='word_1_773' title='bbox 2969 5311 3191 5369; x_wconf 84' lang='lat' dir='ltr'><strong>insidias</strong></span> <span class='ocrx_word' id='word_1_774' title='bbox 3245 5316 3554 5388; x_wconf 76' lang='lat' dir='ltr'><strong>detegebat,</strong></span> 
     </span>
    </p>
   </div>
   <div class='ocr_carea' id='block_1_99' title="bbox 1995 5391 3554 5476">
    <p class='ocr_par' dir='ltr' id='par_1_99' title="bbox 1995 5391 3554 5476">
     <span class='ocr_line' id='line_1_100' title="bbox 1995 5391 3554 5476; baseline 0.015 -33"><span class='ocrx_word' id='word_1_775' title='bbox 1995 5391 2448 5448; x_wconf 88' lang='lat' dir='ltr'><strong>inhumanitatem</strong></span> <span class='ocrx_word' id='word_1_776' title='bbox 2507 5407 2562 5451; x_wconf 89' lang='lat' dir='ltr'><strong>et</strong></span> <span class='ocrx_word' id='word_1_777' title='bbox 2605 5399 2783 5455; x_wconf 82' lang='lat' dir='ltr'><strong>scelus</strong></span> <span class='ocrx_word' id='word_1_778' title='bbox 2829 5417 3043 5472; x_wconf 88' lang='lat' dir='ltr'><strong>eorum,</strong></span> <span class='ocrx_word' id='word_1_779' title='bbox 3083 5422 3112 5458; x_wconf 93' lang='lat' dir='ltr'><strong>a</strong></span> <span class='ocrx_word' id='word_1_780' title='bbox 3167 5408 3365 5476; x_wconf 90' lang='lat' dir='ltr'><strong>quibus</strong></span> <span class='ocrx_word' id='word_1_781' title='bbox 3405 5422 3554 5467; x_wconf 85' lang='lat' dir='ltr'><strong>esset</strong></span> 
     </span>
    </p>
   </div>
   <div class='ocr_carea' id='block_1_100' title="bbox 1996 5482 3553 5555">
    <p class='ocr_par' dir='ltr' id='par_1_100' title="bbox 1996 5482 3553 5555">
     <span class='ocr_line' id='line_1_101' title="bbox 1996 5482 3553 5555; baseline 0.013 -22"><span class='ocrx_word' id='word_1_782' title='bbox 1996 5482 2213 5544; x_wconf 80' lang='lat' dir='ltr'><strong>missus,</strong></span> <span class='ocrx_word' id='word_1_783' title='bbox 2247 5482 2566 5538; x_wconf 86' lang='lat' dir='ltr'><strong>mirabiliter</strong></span> <span class='ocrx_word' id='word_1_784' title='bbox 2590 5502 2650 5540; x_wconf 83' lang='lat' dir='ltr'><strong>se</strong></span> <span class='ocrx_word' id='word_1_785' title='bbox 2685 5493 2979 5555; x_wconf 78' lang='lat' dir='ltr'><strong>exsecrari,</strong></span> <span class='ocrx_word' id='word_1_786' title='bbox 3017 5509 3080 5547; x_wconf 83' lang='lat' dir='ltr'><strong>ac</strong></span> <span class='ocrx_word' id='word_1_787' title='bbox 3106 5495 3263 5550; x_wconf 87' lang='lat' dir='ltr'><strong>malle</strong></span> <span class='ocrx_word' id='word_1_788' title='bbox 3292 5513 3415 5553; x_wconf 90' lang='lat' dir='ltr'><strong>cum</strong></span> <span class='ocrx_word' id='word_1_789' title='bbox 3445 5501 3553 5553; x_wconf 91' lang='lat' dir='ltr'><strong>im-</strong></span> 
     </span>
    </p>
   </div>
   <div class='ocr_carea' id='block_1_101' title="bbox 1994 5578 3548 5657">
    <p class='ocr_par' dir='ltr' id='par_1_101' title="bbox 1994 5578 3548 5657">
     <span class='ocr_line' id='line_1_102' title="bbox 1994 5578 3548 5657; baseline 0.015 -32"><span class='ocrx_word' id='word_1_790' title='bbox 1994 5581 2241 5640; x_wconf 86' lang='lat' dir='ltr'><strong>peratore</strong></span> <span class='ocrx_word' id='word_1_791' title='bbox 2274 5585 2494 5643; x_wconf 80' lang='lat' dir='ltr'><strong>prepter</strong></span> <span class='ocrx_word' id='word_1_792' title='bbox 2527 5578 2850 5634; x_wconf 86' lang='lat' dir='ltr'><strong>suavitatem</strong></span> <span class='ocrx_word' id='word_1_793' title='bbox 2900 5583 3304 5657; x_wconf 70' lang='lat' dir='ltr'><strong>bonitatemque</strong></span> <span class='ocrx_word' id='word_1_794' title='bbox 3338 5607 3548 5648; x_wconf 85' lang='lat' dir='ltr'><strong>morum</strong></span> 
     </span>
    </p>
   </div>
   <div class='ocr_carea' id='block_1_102' title="bbox 1986 5663 3552 5741">
    <p class='ocr_par' dir='ltr' id='par_1_102' title="bbox 1986 5663 3552 5741">
     <span class='ocr_line' id='line_1_103' title="bbox 1986 5663 3552 5741; baseline 0.017 -27"><span class='ocrx_word' id='word_1_795' title='bbox 1986 5663 2199 5717; x_wconf 76' lang='lat' dir='ltr'><strong>versari</strong></span> <span class='ocrx_word' id='word_1_796' title='bbox 2231 5666 2562 5727; x_wconf 74' lang='lat' dir='ltr'><strong>testificaris;</strong></span> <span class='ocrx_word' id='word_1_797' title='bbox 2616 5668 2888 5741; x_wconf 85' lang='lat' dir='ltr'><strong>simulque</strong></span> <span class='ocrx_word' id='word_1_798' title='bbox 2930 5690 3195 5731; x_wconf 86' lang='lat' dir='ltr'><strong>venenum</strong></span> <span class='ocrx_word' id='word_1_799' title='bbox 3234 5680 3288 5734; x_wconf 89' lang='lat' dir='ltr'><strong>in</strong></span> <span class='ocrx_word' id='word_1_800' title='bbox 3325 5691 3552 5741; x_wconf 75' lang='lat' dir='ltr'><strong>vasculo</strong></span> 
     </span>
    </p>
   </div>
  </div>
