4066 6298
620 320 758 387 1283

1780 317 2109 381 JOANNIS
2147 312 2682 376 CANTACUZENI

3681 323 3788 393 128i

614 421 792 489 vitreo
821 432 1139 487 exhibebat.
1174 432 1345 498 Quem
1395 433 1466 486 ob
1493 431 1802 500 :rquitatem
1835 438 1890 484 et
1935 428 2196 482 indicium

2186 443 2196 480 ι
2229 433 2273 489 Α
2304 423 2653 494 χρηστότητα
2677 422 2789 475 τῶν
2813 420 3057 493 τρόπων,
3096 422 3189 474 καὶ
3211 422 3270 475 τὸ
3296 425 3566 496 φάρμακον
3586 439 3792 507 παρεῖχεν

617 526 938 580 insidiarum
990 525 1227 578 laudavit
1269 532 1323 578 et
1359 534 1677 598 mune-atus
1733 531 1820 575 est
1869 521 2190 590 imperator,

617 617 821 684 majora
857 615 1040 668 adhuc
1072 615 1128 667 in
1159 628 1282 668 eum
1316 614 1636 667 collaturus.
1671 611 1873 665 Veneni
1901 625 2066 680 porro
2091 610 2194 664 sub

622 715 824 760 terram
851 703 1166 759 defodiendi
1220 705 1497 773 negotium
1532 701 1847 756 Potamiata:
1885 700 2060 763 dedit,
2099 700 2193 769 qui

618 798 670 852 id
695 807 849 851 extra
899 795 1085 848 urbem
1113 794 1339 849 defodit.
1383 794 1549 865 690
1578 794 1872 857 Reversus,
1905 807 2017 846 non
2067 801 2196 846 ante

620 891 746 941 totis
777 887 1031 939 manibus
1060 885 1245 940 cibum
1279 888 1420 955 cepit
1464 885 1576 956 (64)
1609 902 1623 938 :
1663 899 1845 954 neque
1891 883 2037 938 enim
2087 891 2195 935 tam

621 987 946 1046 praesentem
1011 977 1084 1030 illi
1138 977 1318 1030 inesse
1355 978 1460 1030 vim
1503 977 1907 1047 suspicabatur,
1951 983 2010 1028 ut
2053 975 2198 1027 vitro

620 1069 914 1130 inclusum,
961 1082 1026 1120 ac
1072 1067 1259 1120 multis
1291 1066 1516 1135 insuper
1547 1067 1849 1121 involucris
1883 1064 2193 1120 circumda-

621 1168 760 1227 tum,
793 1157 910 1210 solo
937 1166 1189 1210 contactu
1223 1157 1388 1210 etiam
1437 1158 1515 1211 sic
1554 1172 1756 1213 nocere
1793 1165 2000 1227 posset.
2033 1155 2198 1226 Atqui

616 1222 754 1302 adeo
821 1261 1073 1317 magnam
1131 1247 1239 1302 vim
1300 1259 1356 1302 et
1399 1248 1778 1303 ellicacitatem
1831 1249 2103 1312 habebat,
2139 1257 2199 1300 ut

621 1338 940 1393 Potamiata:
966 1348 1178 1393 tantum
1210 1355 1322 1393 non
1357 1341 1638 1394 interitum
1681 1340 1927 1395 attulerit
1969 1357 1983 1393 :
2032 1354 2198 1409 quem

619 1428 894 1482 ιΙίξιΓιΊιιΒει
963 1429 1241 1498 frequens,
1276 1438 1330 1484 rt
1366 1431 1525 1485 dolor
1575 1431 1840 1486 stomachi
1899 1429 2199 1484 vehemens

618 1521 872 1589 arripuit,
900 1533 955 1575 et
993 1533 1106 1575 toto
1129 1535 1224 1576 ore
1255 1524 1487 1591 pustulae
1517 1523 1898 1593 erumpebant,
1920 1537 1983 1576 ac
2009 1522 2200 1597 dentes

619 1612 855 1683 gingivis
907 1613 1333 1676 emarcentibus.
1399 1619 1790 1684 propemodum
1851 1615 2198 1669 exeidebant.

620 1703 900 1758 Theriacae
950 1715 1157 1770 autem,
1211 1706 1558 1776 aliorumque
1591 1706 1960 1760 antidotorum
1995 1721 2094 1759 usu
2123 1705 2202 1758 vi-

2297 519 2356 568 ἐν
2384 516 2594 586 ἀγγείῳ
2621 515 2834 585 ὕελίνῳ.
2863 515 2967 566 Τὸν
3011 515 3112 583 μὲν
3155 511 3248 568 οὖν
3295 518 3596 590 Μονομάχον
3620 526 3646 577 ὁ
3675 528 3795 597 βασι.

2294 608 2418 672 λεὺς
2453 607 2645 678 ἐπῄνει
2698 607 2801 678 τῆς
2835 606 3167 672 ἐπιεικείας,
3205 606 3296 660 καὶ
3353 610 3541 664 αὐτίκα
3592 617 3798 685 ἠμείϐετο

2296 701 2536 768 δωρεαῖς
2588 697 2678 752 διὰ
2705 698 2809 768 τὴν
2865 699 3097 768 μήνυσιν
3147 702 3245 769 τῆς
3285 699 3562 773 ἐπιϐουλῆς
3584 722 3597 735 ·
3627 709 3703 760 καὶ
3736 711 3798 764 ἐτι

2298 792 2494 860 ἔμελλε
2530 792 2731 860 μᾶλλον
2774 787 2832 844 εὖ
2891 787 3168 860 ποιήτειν.
3212 792 3284 843 Τὸ
3327 792 3380 845 δέ
3428 797 3686 865 φάρμακον
3733 806 3800 854 τὸν

2300 885 2656 955 Ιῐοταμιάτην
2678 884 2894 937 ἐκέλευε
2918 884 3156 936 λαϐόντα
3183 884 3546 953 κατορύττειν,
3575 893 3651 941 καὶ
3671 895 3801 943 κατώ-

2303 993 2460 1046 ρυττε
2501 977 2601 1043 τῆς
2642 975 2853 1036 πόλεως
2885 973 3140 1038 ἐξελθών.
3193 973 3542 1045 ’Ἀναστρέψας
3577 979 3623 1030 δὲ
3645 981 3801 1049 ἦπεετο

2299 1071 2530 1140 τροφῆς,
2565 1069 2641 1136 μὴ
2664 1069 2963 1137 νιψάμενος
2984 1068 3081 1129 τὰς
3106 1070 3316 1138 χεῖρας’
3347 1070 3406 1121 οὐ
3436 1071 3534 1140 γάρ
3556 1072 3800 1128 ὑπόπτευσε

2299 1163 2572 1230 τοσαύτην
2625 1161 2773 1230 ἔχειν
2822 1158 3080 1228 δύναμιν,
3115 1157 3259 1212 ὥστε
3295 1161 3352 1212 ἐν
3401 1159 3578 1231 ὑελίνῳ
3621 1181 3802 1216 κατεκε-

2301 1253 2646 1324 κλεισμένον,
2684 1253 2778 1305 καὶ
2816 1253 2922 1304 ὑπὸ
2979 1250 3193 1304 πολλῶν
3233 1253 3434 1321 ἑτέρων
3483 1257 3800 1324 περιεχόμενον

2299 1347 2714 1418 ἐπιϐλημάτων,
2744 1345 2852 1397 άπὸ
2899 1344 3067 1414 μόνης
3115 1344 3378 1415 βλάπτειν
3410 1345 3644 1399 δύνασθαι
3668 1349 3792 1416 ἁφῆς.

2299 1439 2372 1494 Τὸ
2425 1439 2485 1492 δέ
2527 1437 2703 1500 οὕτως
2758 1438 2868 1506 ἄρα
2901 1436 3124 1506 ἐνεργὸν
3161 1435 3252 1487 καὶ
3304 1437 3610 1506 δραστήριον
3638 1435 3709 1508 ἦν,
3747 1441 3802 1502 ὼς

2302 1533 2456 1604 μόλις
2489 1531 2790 1602 δυνηθῆναι
2832 1530 3191 1599 Ποταμιάτην
3224 1531 3316 1583 τὸν
3367 1530 3490 1599 παρ’
3515 1531 3694 1603 ἐκείνου
3718 1533 3803 1585 κίν-

2299 1625 2455 1678 δυνον
2483 1624 2794 1691 διαφυγεῖν.
2829 1623 3116 1693 Διάρῤοιαί
3144 1637 3201 1675 τε
3235 1623 3346 1692 γὰρ
3373 1623 3568 1688 κοιλίας
3595 1623 3802 1692 κατέσχον

2307 1718 2580 1784 συνεχεῖς,
2609 1716 2708 1768 καὶ
2760 1715 3123 1784 περιωδυνίαι
3149 1713 3246 1767 τοῦ
3276 1714 3568 1784 στομάχου,
3599 1716 3676 1768 καὶ
3699 1715 3806 1768 am

623 1805 732 1847 tam
768 1796 1008 1849 servavit
1057 1796 1148 1850 ille
1205 1797 1449 1865 quidem,
1498 1813 1810 1866 quanquam
1857 1797 1968 1864 vix,
2011 1797 2105 1851 sed
2144 1794 2200 1850 in

2199 1843 2200 1849 η
2235 1777 2278 1835 Β
2307 1807 2369 1859 τὸ
2409 1777 2584 1877 στόμα
2624 1777 2925 1875 φλυκτίδας
2957 1801 3026 1876 ἦν
3054 1777 3390 1876 ἐξηνθηκόςί
3435 1777 3536 1859 ιὲάι
3558 1777 3607 1860 οί
3644 1808 3805 1869 ὀδόντες

624 1888 815 1940 morbo
847 1887 1142 1957 longinquo
1175 1887 1298 1941 fuit.
1345 1889 1437 1942 Sic
1486 1897 1669 1943 autem
1713 1889 1952 1958 palatum
2009 1898 2065 1942 et
2099 1887 2204 1942 lin-

621 1992 725 2046 gua
789 1977 1210 2047 obstupuerant,
1244 1987 1303 2032 ut
1347 1979 1439 2033 diu
1482 1979 1689 2034 nullum
1740 1980 1850 2035 cibi
1887 1980 2203 2051 potionisve

623 2086 877 2139 saporem
912 2072 1284 2141 perciperent.
1334 2071 1616 2129 Venenum
1657 2075 1843 2146 itaque
1883 2076 2058 2132 istanc
2084 2075 2203 2132 eﬂi-

621 2163 877 2215 cientiam
909 2162 1118 2218 habuit.
1152 2163 1352 2218 Verum
1375 2165 1535 2220 amici
1567 2184 1630 2221 ex
1664 2166 1921 2238 Byzantio
1964 2168 2204 2240 impera-

622 2262 796 2306 torem
824 2255 1142 2320 monebant,
1164 2253 1522 2312 Monomacho
1548 2273 1616 2314 ne
1648 2258 1857 2327 ﬁderet,
1879 2260 1975 2315 sed
2020 2259 2203 2315 homi-

623 2358 748 2396 nem
769 2343 1088 2404 devitarct;
1124 2348 1204 2400 sic
1242 2347 1386 2400 enim
1422 2348 1491 2404 ab
1529 2349 1596 2405 iis
1634 2351 1726 2420 qui
1772 2351 2072 2418 misissent,
2107 2366 2206 2423 per

625 2433 924 2502 nequitiam
965 2445 1020 2490 et
1075 2435 1266 2492 dolum
1301 2438 1653 2506 instructum,
1684 2450 1743 2496 ut
1781 2443 2053 2514 principio
2085 2443 2207 2513 qui-

623 2525 748 2579 dem
773 2526 918 2582 ultro
943 2543 1218 2586 venenum
1250 2532 1498 2601 oll'erret,
1527 2551 1635 2605 quo
1661 2535 1807 2591 bene
1857 2536 1998 2593 velle
2042 2547 2204 2608 puta-

621 2624 795 2682 retur,
832 2627 978 2688 post,
1009 2620 1153 2677 aliud
1203 2623 1295 2678 illo
1334 2625 1612 2681 exitialius
1645 2626 1982 2684 admoveret.
2023 2629 2206 2700 Impe-

625 2715 773 2761 rator
810 2710 990 2765 subito
1019 2714 1342 2770 accersitum
1374 2723 1783 2786 percunctatur,
1815 2735 2016 2776 verane
2071 2721 2204 2790 sint,

623 2815 745 2868 qutun
775 2802 841 2855 de
869 2801 961 2857 illo
988 2804 1057 2859 ab
1085 2806 1282 2863 amicis
1314 2809 1646 2866 scribantur.
1683 2812 1877 2884 Negat,
1907 2824 1962 2868 et
1988 2813 2205 2870 frivolis

624 2888 952 2956 quihusdam
984 2895 1359 2964 suspectisque
1391 2899 1714 2955 ratiunculis
1757 2917 1817 2957 se
1865 2910 2068 2958 tuetur.
2098 2902 2205 2957 lm-

629 2990 852 3048 perator
887 2981 1035 3036 nulla
1090 2998 1252 3054 pmna
1309 2987 1588 3057 imposita,
1639 3005 1767 3047 eum
1815 2995 1956 3064 apud
1990 3010 2051 3050 se
2096 2995 2206 3066 pati

625 3071 821 3140 noluit,
853 3085 1018 3144 atque
1050 3086 1109 3128 ut
1141 3091 1202 3131 se
1221 3078 1543 3136 amoliretur
1563 3083 1750 3151 jussit,
1775 3086 1919 3155 quod
1941 3088 2206 3144 continuo

628 3161 781 3217 fecit.
817 3162 1120 3234 Imperator
1141 3167 1325 3238 itaque
1356 3180 1416 3225 ut
1445 3185 1569 3226 cum
1598 3174 1792 3230 amicis
1828 3174 2072 3248 Byzantii
2112 3177 2206 3232 lit-

631 3253 764 3307 teris
809 3264 865 3310 et
914 3257 1270 3314 internuntiis
1319 3263 1662 3320 commodius
1725 3279 1939 3337 ageret,
1989 3268 2205 3326 diutius

628 3344 892 3407 Selybria:
922 3363 981 3402 se
1017 3351 1318 3406 continuit.
1373 3352 1547 3410 Porro
1602 3354 1840 3427 Zyraces
1869 3374 1900 3414 e
1931 3358 2209 3417 famulitio

635 3436 1025 3506 imperatricis,
1083 3443 1172 3498 cui
1235 3444 1411 3500 dolori
1483 3459 1640 3504 erant
1697 3465 1819 3522 quae
1881 3453 2207 3523 agebantur,

629 3517 832 3597 quique
870 3530 1148 3590 Romanos
1178 3535 1246 3590 de
1277 3545 1428 3592 tanta
1457 3553 1700 3595 mrumna
1734 3541 2024 3612 miserans,
2049 3554 2105 3601 et
2127 3546 2213 3600 in-

632 3619 882 3688 telligens
914 3623 1208 3680 arebontas
1244 3640 1346 3680 nec
1385 3630 1646 3686 resistere
1675 3632 1991 3704 imperatori
2025 3651 2208 3705 posse,

633 3725 732 3763 nec
759 3724 946 3778 pacem
982 3711 1075 3766 hili
1107 3712 1288 3770 facere
1325 3733 1341 3770 :
1384 3717 1477 3772 sed
1521 3734 1688 3774 unum
1731 3723 1833 3779 hoc
1865 3734 2071 3780 tantum
2102 3734 2217 3782 sta-

635 3799 832 3866 tuisre,
869 3800 924 3855 in
949 3802 1183 3872 imperio
1234 3806 1530 3876 dominari,
1577 3821 1779 3868 caetera
1826 3814 1880 3868 in
1919 3819 2213 3884 postremis

636 3906 894 3962 ponere:
936 3902 991 3948 et
1029 3883 1302 3965 opinatus,
1354 3901 1398 3955 si
1446 3917 1556 3972 quo
1603 3904 1768 3960 modo
1800 3905 2215 3966 Cantacuzenus

635 3983 1006 4053 principatum
1044 3988 1468 4060 adipisceretur,
1497 3992 1772 4052 Romanos
1810 4001 2212 4069 przeteritarum

636 4074 1008 4129 calamitatum
1041 4078 1393 4138 immemores
1433 4083 1572 4149 fore,
1619 4096 1674 4142 et
1713 4087 2003 4159 imperium
2035 4093 2216 4148 conti-

633 4168 891 4222 nentibus
916 4168 1072 4224 bellis
1091 4181 1374 4242 tantopere
1401 4177 1646 4231 attritum
1670 4179 2093 4253 divexatumque
2114 4183 2216 4238 ali-

634 4259 854 4327 quando
918 4271 1224 4318 recreatum
1280 4265 1344 4320 iri
1375 4283 1391 4320 :
1425 4270 1557 4335 haec,
1590 4270 1836 4341 inquam,
1869 4272 2175 4346 intelligens
2196 4313 2214 4343 ,

637 4350 882 4420 aliosque
917 4366 1027 4408 non
1061 4369 1264 4423 paucos
1286 4357 1477 4413 eadem
1508 4361 1781 4416 sententia
1809 4378 1996 4418 secum
2020 4365 2217 4420 devin-

2311 1899 2530 1952 ἐδόκουν
2561 1897 2962 1962 καταπίπτειν,
2997 1897 3108 1950 τῶν
3142 1898 3507 1968 περιεχόντων
3536 1898 3719 1968 ὑμένων
3743 1915 3786 1950 νε

2310 1990 2658 2063 κρωθέντων.
2689 1991 3002 2062 Θηριακαϊς
3040 1989 3098 2043 δέ
3150 1988 3498 2060 χρησάμενος
3530 1992 3612 2043 καὶ
3651 1991 3807 2058 ἑτέροις

2309 2079 2612 2144 ἀντιδὸτοις
2638 2119 2653 2145 ,
2688 2080 2841 2151 μόλις
2895 2081 2954 2134 τὸ
2987 2081 3286 2134 ἀποθανεῖν
3331 2080 3609 2150 διέφυγεν
3639 2081 3806 2150 ἐνόσησε

2309 2170 2367 2225 δὲ
2403 2171 2504 2224 οὐκ
2537 2171 2719 2240 ὀλίγον
2758 2172 2974 2243 χρόνον⁸
3005 2170 3152 2224 οὕτω
3182 2171 3246 2225 δὲ
3282 2172 3581 2239 νενάρκωτο
3620 2170 3676 2223 τά
3717 2172 3809 2238 περὶ

2309 2264 2371 2315 τὸ
2408 2262 2585 2334 στόμα
2615 2263 2816 2328 πάντα,
2843 2262 2920 2327 ὡς
2957 2262 3192 2316 ἐπιπολὺ
3227 2261 3497 2332 μηδεμιᾶς
3526 2259 3809 2314 αἰσθάνεσθαι

2313 2353 2628 2422 ποιότητος.
2662 2347 2739 2408 Τδ
2798 2353 2899 2424 μὲν
2946 2352 3040 2407 οὖν
3087 2353 3419 2426 δηλητήριον
3469 2352 3694 2421 τοιαύτην
3729 2346 3810 2419 εἷχε

2309 2447 2409 2518 τὴν
2435 2444 2691 2518 δύναμιν.
2724 2446 2789 2499 Ui
2839 2445 2985 2517 φίλοι
3030 2445 3088 2499 δὲ
3124 2447 3190 2499 ἐκ
3241 2444 3534 2510 Βυζαντίου
3567 2443 3737 2514 βασιλΞί
3758 2441 3811 2511 μὴ

2313 2539 2538 2611 θαρρεῖν
2590 2538 2874 2610 παρῄνουν
2914 2538 3272 2610 Μονομάχῳ,
3331 2538 3466 2592 ἀλλὰ
3521 2533 3812 2605 φυλάττεσθαι

2309 2631 2403 2686 τὸν
2431 2631 2620 2700 ἄνδρα·
2651 2628 2796 2684 οὕτω
2842 2631 2952 2700 γὰρ
3009 2625 3153 2684 εἶναι
3192 2625 3676 2699 συνεσκευασμένον
3703 2627 3812 2694 παρὰ

2311 2722 2422 2777 τῶν
2454 2721 2818 2793 πεμψάντων,
2868 2721 3001 2776 ὥστ’
3041 2722 3208 2778 αὑτὸν
3248 2723 3351 2792 μὲν
3394 2722 3641 2793 πρότερον
3668 2720 3812 2771 ἑκόνῑα

2311 2818 2620 2887 παρασχεῖν
2670 2816 2732 2870 τὸ
2783 2815 3102 2886 φάρμακον,
3159 2814 3238 2879 ὡς
3279 2813 3346 2869 ἂν
3383 2813 3639 2884 νομίζοιτο
3675 2811 3812 2872 εὔνους

2313 2904 2479 2976 εἶναι,
2543 2909 2772 2980 ὕστερον
2826 2910 3009 2980 μέντοι
3079 2909 3389 2980 προσάγειν
3439 2909 3609 2978 ἕτερον
3657 2906 3812 2959 ἐκείνου

2312 2997 2719 3068 χαλεπώτερον.
2755 2999 2860 3052 Ὃν
2890 2998 3120 3056 αὐτίκα.
3154 2999 3640 3071 μεταπεμψάμενος
3661 2998 3682 3049 6
3705 2995 3813 3066 913t-

2313 3092 2464 3158 λεὺς,
2496 3093 2546 3145 εί
2577 3091 2755 3162 ἀληθῆ
2785 3091 2854 3144 τὰ
2890 3095 3021 3162 περὶ
3067 3092 3287 3146 ἐκείνου
3323 3092 3667 3163 γεγραμμένα
3694 3091 3811 3141 ἐπυνι

2315 3181 2513 3235 θάνετο
2567 3183 2723 3254 παρὰ
2756 3183 2864 3236 τῶν
2901 3183 3092 3264 ’φίλων
3132 3184 3244 3255 εἴη.
3294 3185 3357 3238 ὐ
3408 3185 3452 3238 δ’
3501 3184 3694 3254 ἠρνεῖτο
3727 3179 3814 3250 μὲν,

2315 3272 2523 3344 σαθράς
2551 3272 2609 3327 δὲ
2634 3275 2930 3345 παρείχετο
2983 3275 3289 3346 ἀπολογίας
3327 3279 3424 3331 καὶ
3467 3278 3576 3340 οἵας
3607 3273 3816 3330 ὕποπτεύ·

2312 3364 2488 3420 εσθαι.
2524 3366 2792 3430 Βασιλεὺς
2844 3367 2901 3419 δὲ
2953 3368 3139 3431 κακῶς
3177 3368 3286 3438 μὲν
3318 3369 3472 3424 οὐδὲν
3519 3368 3688 3432 ἐποίει,
3722 3367 3814 3419 ἀνι·

2311 3458 2514 3528 χωρεῖν
2544 3457 2603 3510 δὲ
2633 3457 2796 3526 μόνον
2832 3458 3060 3511 ἐκέλευε
3089 3460 3185 3512 καὶ
3214 3461 3296 3532 μὴ
3323 3461 3473 3530 αὐτῷ
3503 3461 3726 3522 συνεῖναι,
3751 3457 3814 3508 καὶ

2312 3549 2514 3603 αὐτίκα
2544 3547 2835 3622 ἀνεχώρει.
2871 3550 3141 3616 Βασιλεὺς
3167 3551 3275 3622 μὲν
3307 3551 3403 3607 οὖν
3428 3555 3517 3608 τὸν
3544 3552 3690 3605 πλείω
3728 3549 3816 3620 χρό-

2313 3658 2404 3694 νον
2429 3640 2701 3710 διέτριόεν
2722 3644 2780 3697 ὲν
2811 3643 3160 3715 Σηλυμϐρίᾳ,
3188 3645 3260 3698 ἵν’
3279 3646 3377 3717 ἐξῇ
3408 3648 3515 3710 τοῖς
3539 3646 3591 3700 ἐν
3605 3642 3815 3708 Βυζαντίῳ

2313 3731 2492 3802 φίλοις
2523 3732 2898 3801 διαλέγεσθαι.
2930 3734 3228 3806 Τζυράκης
3259 3737 3322 3792 δέ
3360 3755 3443 3802 τις
3470 3739 3571 3792 τῶν
3609 3735 3812 3806 βασιλίδος

2312 3823 2566 3888 οἰκετῶν,
2609 3825 3034 3894 δυσανασχετῶν
3086 3829 3222 3897 πρὸς
3259 3830 3333 3884 τά
3373 3821 3711 3900 πραττόμενα,
3753 3825 3818 3877 καὶ

2314 3915 2412 3984 τὴν
2471 3915 2747 3986 τοσαύτην
2811 3916 3105 3986 Ῥωμαίων
3145 3921 3442 3992 οἰκτείρων
3489 3917 3816 3987 κακοπραγίαν,

2319 4009 2561 4078 συνορῶν
2590 4025 2648 4061 τε
2685 4009 2763 4072 ὡς
2797 4008 2846 4062 οί
2888 4010 2990 4078 μὲν
3024 4011 3081 4062 ἐν
3121 4010 3409 4083 Βυζαντίῳ
3455 4011 3706 4084 ἄρχοντες,
3737 4003 3815 4058 οὔτ’

2315 4099 2564 4170 ἀντέχειν
2594 4100 2730 4170 πρὸς
2761 4099 2990 4171 βασιλέα
3021 4096 3125 4154 οἷοί
3157 4103 3217 4155 τέ
3259 4105 3426 4166 εἰσιν,
3479 4103 3593 4157 οὔτε
3640 4103 3740 4169 περὶ
3760 4098 3812 4148 sl-

2320 4190 2491 4259 ρήπιης
2516 4190 2706 4244 οὐδένα
2743 4194 3026 4246 ποιοῦνται
3047 4194 3227 4262 λόγον,
3256 4196 3378 4249 ἀλλ’
3399 4197 3526 4250 αὐτὸ
3550 4194 3685 4248 τοῦτο
3701 4195 3817 4261 μόνυν

2317 4281 2591 4348 ἐγνώκασι
2643 4282 2704 4335 τὸ
2753 4286 2861 4337 τῶν
2890 4286 3234 4355 πραγμάτων
3271 4290 3432 4344 αὐτοὶ
3456 4290 3645 4360 ἄρχειν,
3676 4284 3758 4337 τῶν
3784 4281 3815 4332 δ’

2318 4373 2497 4427 ἄλλων
2539 4373 2753 4437 οὐδενὸς
2785 4376 3050 4446 πρόνοιαν
3087 4378 3402 4446 ποιοῦνται,
3452 4383 3544 4435 καὶ
3569 4379 3752 4448 νομίσας
3781 4373 3814 4425 εἶ

637 4441 810 4504 ciens,
848 4442 901 4497 id
933 4444 1150 4514 agebat,
1184 4455 1244 4500 ut
1273 4447 1591 4519 Byzantium
1611 4453 1710 4507 sub
1742 4463 2070 4523 potestatem
2107 4458 2214 4512 im-

2209 4487 2214 4502 ι
2249 4474 2294 4532 ι)
2323 4464 2776 4537 Καντακουζηνὺς
2805 4441 3117 4538 ὀνβασιλεὺς
3145 4470 3334 4542 τρόπῳ
3355 4441 3419 4543 δη
3452 4491 3554 4526 τινι
3575 4441 3667 4524 τιῖιν
3690 4479 3815 4535 πριγ-

638 4534 905 4600 peratoris
934 4535 1168 4601 veniret,
1209 4547 1266 4594 et
1298 4537 1600 4611 Selybriam
1635 4543 1810 4599 eidem
1845 4561 2000 4603 suam
2055 4565 2215 4606 men-

639 4633 746 4676 tem
773 4623 1136 4688 signiﬁcabat.
1162 4628 1263 4694 Qui
1292 4631 1439 4699 quod
1472 4647 1717 4704 agerent,
1747 4638 2038 4708 probabat,
2066 4656 2217 4712 qua:-

637 4733 744 4786 que
776 4728 1051 4787 peterent,
1084 4723 1267 4777 omnia
1320 4737 1382 4780 se
1433 4728 1802 4794 praestiturum
1837 4735 2211 4802 promittebat.

642 4809 818 4865 Latini
847 4813 990 4882 apud
1016 4812 1264 4870 Galatam
1298 4818 1354 4871 in
1399 4817 1814 4889 Phaceolatum,
1853 4833 1910 4880 ut
1953 4826 2214 4895 diximus,

640 4900 770 4955 odio
799 4902 1018 4970 capitali
1041 4902 1327 4970 ardebant,
1351 4907 1494 4974 quod
1521 4907 1876 4981 homophylos
1898 4913 2214 4984 occidisset,
2242 4927 2250 4934 '

639 4991 928 5060 ipsumque
958 4993 1154 5064 spiritu
1191 4995 1415 5064 privare
1445 4998 1759 5068 cupientes,
1810 5001 1974 5073 691
2018 5006 2218 5063 crebro

639 5082 710 5136 ob
736 5082 1086 5154 imperatrice
1115 5086 1512 5157 deposcebant,
1549 5089 1739 5146 hostes
1769 5091 1963 5160 futuri,
2012 5097 2066 5150 ni
2110 5097 2216 5161 im-

642 5181 970 5245 petrassent.
1011 5176 1250 5250 Augusta
1301 5177 1690 5237 l’haceolatum
1735 5183 1981 5256 abjieere
2021 5189 2219 5247 nolens

2325 4558 2514 4626 μάτων
2571 4561 2908 4626 συμπάντων
2945 4560 3157 4632 ἄρξειε,
3210 4563 3543 4634 λυθήσεσθαι
3597 4556 3816 4629 Ῥωμαίοις

2319 4648 2420 4712 τὰς
2451 4649 2764 4719 συμφορὰς,
2807 4654 2904 4707 καὶ
2958 4653 3053 4707 ἐπί
3105 4670 3160 4706 τι
3217 4653 3436 4723 βέλτιον
3464 4654 3706 4724 χωρήσειν
3747 4646 3817 4705 τὴν

2309 4728 2650 4811 ἦγεμονίαν,
2711 4742 2819 4796 ὑπὸ
2872 4743 2984 4798 τῶν
3042 4746 3289 4816 συνεχῶν
3349 4747 3596 4815 πολέμων
3640 4736 3817 4801 τοσούτῳ

2325 4829 2554 4898 μεγέθει
2606 4833 2968 4904 χρησαμένην
3025 4837 3362 4908 συμφορῶν,
3422 4841 3515 4891 καὶ
3546 4835 3709 4894 ἄλλους
3749 4828 3818 4880 οὐκ

2319 4919 2539 4990 ὀλίγους
2602 4927 3212 5012 προσεταιρισάμενος,
3264 4931 3537 5000 ἔπραττεν
3580 4929 3707 4986 ὅπως
3745 4917 3819 5012 {tib

2321 5013 2550 5084 βασιλέα
2579 5017 2796 5084 γένοιτο
2829 5016 3151 5084 Βυζάντιον,
3185 5011 3280 5074 διαὶ
3308 5022 3530 5090 πέμψας
3565 5019 3726 5087 ἐδήλου
3753 5011 3819 5081 βπ·

2321 5104 2463 5158 σιλεῖ
2513 5108 2656 5159 κατά
2703 5107 3056 5177 Σηλυμϐρίαν
3087 5109 3445 5180 διατρίϐοντι.
3484 5111 3541 5162 Ὀ
3569 5108 3621 5160 δὲ
3662 5097 3818 5170 ἐδέχετό

2320 5214 2380 5250 τε
2409 5198 2512 5268 τὴν
2541 5197 2766 5268 πρᾶξιν,
2793 5201 2891 5253 καὶ
2931 5201 3110 5254 πάντα
3147 5203 3246 5256 ὅσα
3271 5203 3500 5273 ᾐτοῦντο
3523 5196 3820 5268 ἐπηγγέλλετο

1913 5346 2132 5410 Jacobi
2171 5349 2440 5414 Pontani
2475 5364 2662 5419 noue.

712 5453 1022 5536 (66)_Nota_
1039 5461 1234 5516 veneni
1264 5478 1435 5534 genus
1475 5470 1964 5536 praesentissimum
2024 5488 2090 5527 ex
2129 5488 2217 5531 se-

641 5529 957 5616 quentibits.
992 5530 1066 5616 lle
1101 5529 1311 5613 venen'o
1349 5550 1445 5616 per
1475 5529 1617 5616 filios
1645 5540 1714 5594 ab
1752 5540 2066 5616 Antipatro,
2103 5529 2212 5616 regi

641 5598 952 5678 Alexandro
982 5601 1108 5678 dato
1139 5602 1194 5657 in
1222 5598 1440 5673 poculo,
1473 5607 1717 5664 Justinus
1752 5611 1845 5666 lib.
1878 5598 1978 5678 in,
2007 5598 2212 5669 tantam

643 5667 964 5745 ejusfuisse
997 5674 1128 5737 vim,
1165 5667 1370 5745 ut'nqou
1410 5667 1542 5738 tere.
1584 5694 1691 5734 nou
1731 5680 1898 5745 ferro,
1925 5667 2035 5738 non
2073 5667 2210 5740 testa

642 5741 1018 5798 contineretur
1052 5761 1065 5798 :
1100 5757 1202 5800 nec
1231 5743 1392 5800 aliter
1431 5748 1583 5816 ferri,
1628 5750 1732 5806 nisi
1765 5753 1818 5807 in
1860 5741 2056 5826 ungula
2087 5757 2210 5826 equi

2325 5481 2587 5563 potuerit.
2632 5483 2700 5538 Et
2729 5499 2862 5541 sane
2888 5485 3194 5565 Alexander
3216 5475 3819 5565 accepto_poculo,_m€tfta

2326 5547 2545 5617 potione
2581 5559 3006 5630 repenteveluti
3039 5561 3145 5630 telo
3177 5547 3425 5630 euntix'us
3451 5547 3720 5630 ingemuit:

2326 5631 2526 5690 tusque
2555 5637 2584 5676 c
2615 5626 2864 5693 convivio
2895 5629 3244 5693 semianimis,
3288 5639 3441 5685 tanto
3471 5626 3646 5686 dolore
3667 5626 3819 5680 cruci?

2324 5703 2411 5770 tus
2438 5700 2543 5770 est,
2578 5703 2638 5747 ut
2667 5692 2889 5770 ferrum
2909 5697 2964 5751 in
3001 5699 3241 5770 remedia
3272 5713 3544 5770 posceret,
3575 5697 3818 5768 tactum“

2326 5761 2604 5819 hominum
2631 5763 2776 5821 velut
2807 5768 3026 5826 vulnera
3056 5761 3435 5827 indoteséerct.
