4066 6298
332 321 464 384 1285

1469 307 2007 370 IIIS'I‘OBIABUM
2051 307 2281 366 LIBER
2321 306 2436 366 III.

3446 303 3600 372 1236'

327 434 595 498 ποιήσειν,
630 426 693 477 Ol
721 425 780 477 ἐν
808 419 1026 489 Γαλατᾷ
1049 418 1129 484 δὲ,
1161 416 1350 485 ὥσπερ
1397 413 1637 486 ἔφημεν,
1686 415 1904 468 Λατῖνοι

2017 410 2158 481 (erat
2186 412 2331 492 enim
2363 423 2472 466 tum
2497 411 2610 479 ipse
2639 426 2858 484 quinque
2887 411 2956 468 de
2983 411 3212 481 collegio
3233 412 3580 481 archontum,

329 521 586 592 ἀπεχθῶς
621 519 760 586 ἄγαν
796 515 932 585 πρὸς
963 511 1322 566 Φακεωλάτον
1350 510 1691 580 διακείμενοι
1733 511 1821 564 διὰ
1845 510 1906 563 τὺ

329 615 457 676 τοὺς
490 610 800 679 ὁμοφύλους
853 604 1188 677 ἀνῃρῆσθαι,
1236 602 1394 655 αὐτοί
1448 618 1508 654 τε
1565 601 1908 666 ἐσπούδαζον

329 703 698 761 ἀποκτείνειν.
736 703 833 755 καὶ
867 699 1002 769 πρὸς
1045 695 1297 768 βασιλίδα
1348 693 1552 765 συχνὰς
1583 696 1906 759 ποιούμενοι

329 794 631 865 πρεσϐείας
675 790 968 859 ἐκδοθῆναι
999 787 1154 857 σφίσι
1189 787 1283 839 τὸν
1331 782 1692 838 Φακεωλάτον
1715 785 1903 856 ᾔτουν,

333 887 385 938 εί
423 885 498 955 μὴ
530 884 776 954 βούλοιτο
807 879 1109 950 πολεμίους
1135 877 1300 948 ἔχειν.
1352 877 1573 940 Βασιλὶς
1605 877 1662 930 δὲ
1691 878 1910 934 Φακειιι-

333 975 496 1030 λάτον
522 991 581 1026 τε
615 971 902 1042 προΐεσθαι
937 969 1012 1040 μὴ
1041 967 1366 1039 βουλομένη,
1416 961 1486 1036 ἦν
1522 965 1624 1035 γὰρ
1653 965 1909 1019 τότεικαὶ

331 1066 490 1125 αὐτὸ,
520 1063 630 1115 τῶν
661 1061 958 1133 ᾑρημένων
988 1059 1205 1131 ἄρχειν,
1234 1060 1331 1112 καὶ
1361 1057 1615 1129 μυστικῷ
1663 1056 1742 1128 τῷ
1779 1059 1908 1110 Κιν-

335 1158 513 1226 νὰμῳ,
541 1159 635 1210 καὶ
682 1155 886 1225 Ἀσάνῃ
929 1153 1007 1223 τῷ
1057 1149 1570 1221 πανυπερσεόἀστῳ
1621 1149 1911 1220 συμπράτ-

333 1265 442 1301 των
482 1249 614 1317 πρὸς
651 1247 744 1300 τὸν
775 1245 920 1299 κατὰ
951 1243 1221 1314 βασιλέως
1248 1243 1507 1313 πόλεμον,
1539 1242 1600 1295 τό
1631 1259 1690 1294 τε
1746 1241 1911 1295 Λατί-

336 1359 446 1404 νοις
473 1340 734 1406 πολεμεῖν
779 1339 842 1391 οὐ
895 1336 1199 1390 λυσιτελεῖν
1244 1335 1384 1406 αὐτῇ
1421 1335 1722 1404 νομίζουσα
1769 1334 1908 1405 πρὸς

336 1433 435 1503 τὴν
491 1431 689 1502 ἀρχὴν,
736 1429 851 1484 οὖς’
903 1429 1201 1497 ἀπέπεμπε
1256 1423 1542 1496 φανερῶς,
1602 1423 1678 1486 ὡς
1743 1423 1907 1477 ἄδικα

339 1521 766 1592 πρεσϐεύοντας,
825 1518 938 1572 οὔτ’
986 1518 1218 1572 ἐνεδίδου
1270 1534 1322 1569 τι
1374 1516 1513 1569 κατά
1545 1514 1906 1569 Φακεωλάτου

340 1615 624 1683 πράττειν,
659 1610 777 1666 ἀλλ’
815 1611 994 1680 ἠπίως
1029 1625 1158 1671 πως
1215 1611 1309 1662 καὶ
1332 1605 1617 1678 προσηνῶς
1648 1607 1909 1676 ἠϐούλετο

337 1704 579 1758 δια-λύειν
609 1703 707 1774 τὴν
756 1704 1042 1773 διαφοράν·
1079 1703 1176 1757 καὶ
1227 1703 1483 1764 Λατίνοις
1521 1701 1621 1771 μὲν
1671 1700 1909 1769 ἔφασκεν

340 1793 756 1863 ἀποκρινεῖσθαι
816 1794 1086 1862 πρότερον
1141 1790 1324 1853 καλῶς
1379 1791 1510 1858 περὶ
1572 1782 1648 1844 ὧν
1693 1788 1906 1856 ἀξιοῦσι

339 1884 826 1953 διασκεψαμένην,
885 1882 1226 1952 Φακεωλάτῳ
1273 1881 1330 1934 δὲ
1375 1882 1594 1934 ἐκέλευε
1644 1882 1906 1951 πρόνοιαν

323 1975 504 2028 αὑτοῦ
539 1974 830 2039 ποιεῖσθαι,
861 1974 936 2044 μὴ
965 1974 1072 2026 ὑπὸ
1101 1973 1210 2026 τῶν
1241 1973 1490 2026 Λατίνων
1537 1971 1905 2042 ἐπιϐουλευθῇ

340 2066 554 2136 ἡμέρας
607 2065 639 2135 ἦ
692 2065 889 2127 νυκτὸς
936 2065 1294 2134 ἐπιθεμένων.
1358 2065 1416 2118 Ὀ
1453 2064 1552 2133 μὲν
1578 2058 1672 2116 οὖν
1701 2062 1904 2116 αὐτίκα

344 2157 704 2223 περιέστησεν
738 2153 917 2222 ἐαυτῷ
950 2154 1220 2222 φρουρὰν,
1255 2155 1348 2207 καὶ
1387 2150 1743 2204 ὑπωπτεύετο
1775 2150 1904 2220 παρ’

335 2243 572 2305 οὐδενὸς,
623 2243 824 2311 ὁμοίως
876 2245 934 2295 ἐν
982 2242 1270 2313 βασιλείοις
1303 2243 1397 2296 κα)⁸
1440 2243 1580 2294 κατά
1619 2243 1716 2312 τὴν
1738 2241 1906 2312 ἄλλην

337 2334 494 2387 πόλιν
526 2335 778 2403 περιϊὼν,
837 2335 1064 2396 ὁπλίτας
1119 2334 1258 2403 έχων
1307 2336 1435 2402 περὶ
1479 2333 1693 2388 ἑαυτόν.
1732 2333 1792 2386 '0
1824 2334 1906 2397 δὲ,

337 2422 640 2490 ἀχθόμενος
672 2426 770 2476 καὶ
797 2422 1067 2492 πρότερον
1097 2422 1193 2474 ἐπὶ
1224 2423 1339 2484 τοῖς
1375 2423 1480 2475 ὑπὸ
1512 2421 1608 2475 τοῦ
1659 2421 1903 2494 πολέμου

339 2513 695 2580 συμϐαίνουσι
724 2516 937 2579 κακοῖς,
999 2513 1093 2567 καὶ
1119 2513 1340 2585 μεγάλῳ
1378 2513 1480 2584 μὲν
1500 2514 1652 2568 δουκὶ
1676 2517 1772 2569 καὶ
1801 2531 1908 2568 πα-

334 2605 572 2677 τριάρχῃ
606 2605 810 2677 πολλὴν
839 2604 1100 2668 συνειδὼς
1149 2605 1550 2676 ἀγνωμοσύνην
1597 2609 1731 2676 περὶ
1761 2607 1906 2660 Καν-

334 2694 668 2764 τακουζηνὸν
700 2696 792 2748 τὸν
827 2695 1053 2765 βασιλέα
1105 2695 1200 2749 καὶ
1243 2697 1633 2766 συκοφαντίαν,
1697 2698 1906 2752 ἐκεῖνον

332 2782 392 2836 δὲ
421 2785 488 2836 τὰ
517 2785 718 2855 ἔσχατα
747 2787 1108 2856 ἠδικημένον,
1135 2787 1229 2840 καὶ
1255 2780 1602 2860 δικαιότερον
1635 2788 1768 2843 ὄντα
1793 2789 1905 2843 τῶν

333 2872 512 2927 ἄλλων
543 2875 744 2943 μᾶλλον
769 2877 883 2937 τοῖς
912 2877 1235 2946 πράγμασιν
1266 2879 1652 2949 ἐφεστηκέναι,
1697 2881 1821 2933 τότε
1848 2881 1904 2934 δὲ

338 2963 666 3030 καὶμᾶλλον
712 2965 816 3018 ὑπὸ
868 2966 976 3017 τῶν
1027 2968 1408 3036 περισχόντων
1458 2969 1679 3037 φόϐων,
1727 2973 1788 3024 τό
1841 2986 1902 3023 τε

338 3055 488 3120 κοινῇ
520 3053 832 3108 Αυσιτελοῦν
864 3058 957 3108 καὶ
978 3050 1146 3127 αὐτῷ’
1173 3059 1280 3128 ίδίᾳ
1311 3059 1562 3123 συνιδὼν,
1613 3062 1906 3115 ἐσκέπτετο
1929 3075 1975 3138 α

337 3141 434 3192 καὶ
463 3143 627 3206 αὐτὸς
654 3145 754 3215 τὴν
788 3148 868 3208 είς
910 3147 1207 3205 Βυζάντιον
1259 3150 1469 3202 εἴσοδον
1524 3154 1905 3222 συμπράττειν

340 3231 572 3300 βασιλεῖ,
611 3235 685 3298 ὡς
725 3237 896 3306 μόνην
934 3238 1142 3307 ταύτην
1189 3239 1400 3292 πολλῶν
1450 3241 1773 3311 ἀπαλλαγῆς
1807 3261 1908 3296 κα-

336 3323 448 3376 κῶν
476 3325 656 3377 αἰτίαν
685 3329 974 3396 ἐσομένην.
1006 3328 1318 3400 Πυθόμενος
1359 3331 1414 3384 δέ
1456 3331 1549 3384 καὶ
1580 3349 1646 3382 πε
1659 3333 1713 3400 pl.
1762 3333 1805 3383 Τ
1808 3332 1907 3395 ζυ-

338 3414 502 3482 ράκη,
540 3415 624 3467 ὅτι
653 3416 720 3467 τὰ
750 3417 894 3468 αὐτὰ
931 3418 1126 3484 ἐκείνῳ
1153 3417 1416 3486 βούλοιτο,
1451 3419 1714 3487 συνῆλθόν
1743 3435 1800 3469 τε
1825 3419 1905 3480 είς

270 3509 272 3518 ⁷
335 3503 548 3571 λόγους,
586 3506 683 3557 καὶ
715 3505 1000 3558 συνέθεντο
1033 3509 1186 3576 κοινῇ
1219 3506 1316 3577 τὴν
1350 3507 1509 3559 πόλιν
1545 3507 1754 3576 βασιλεῖ
1795 3525 1905 3560 πα·

336 3596 628 3666 ραδιδόναι.
671 3597 776 3650 Καὶ
805 3596 1123 3666 πέμψαντες
1169 3597 1347 3661 αὖθις,
1408 3598 1634 3666 ἐδήλουν
1695 3597 1907 3667 βασιλεῖ

335 3689 412 3750 ὡς
439 3689 531 3739 καὶ
561 3688 915 3749 Φακεωλάτος
947 3689 1236 3757 πρόσθοιτο
1261 3691 1374 3750 τοῖς
1405 3690 1737 3759 πράττουσιν
1764 3691 1904 3758 ὑπὲρ

334 3779 523 3832 αὐτοῦ.
572 3780 729 3832 Ἐπεὶ
750 3779 808 3832 δὲ
841 3780 948 3832 ἔδει
976 3781 1070 3831 καὶ
1102 3779 1382 3847 ἀξιόλογόν
1422 3797 1545 3833 τινα
1569 3781 1746 3833 ἐλθεῖν
1765 3782 1904 3851 πρὸς

336 3869 584 3938 βασιλέα,
615 3870 755 3922 ὥστε
817 3869 1108 3923 συνθέσθαι
1143 3871 1234 3922 τὸν
1291 3870 1502 3940 χρένον,
1550 3872 1612 3922 ἐν
1652 3865 1903 3939 ᾦδεήσει

332 3962 496 4014 αὐτόν
523 3978 582 4013 τε
612 3963 895 4031 παρεῖναι,
928 3962 1022 4014 καὶ
1063 3961 1161 4031 τὴν
1192 3961 1396 4015 ἅλωσιν
1436 3961 1690 4024 ἐκείνους
1723 3963 1900 4032 πράτ-

330 4067 470 4115 τειν,
523 4049 670 4116 έδοξε
742 4051 1107 4120 σκεψαμένοις
1153 4051 1247 4104 τὸν
1301 4051 1725 4121 Μικροκέφα).όν
1778 4071 1902 4108 τινα

333 4141 596 4211 πέμπειν.
632 4143 744 4195 Καὶ
786 4141 1280 4211 μεταπεμψάμενοι
1323 4143 1434 4194 τῶν
1469 4159 1530 4193 τε
1574 4143 1903 4213 ἀπορρήτων

331 4230 918 4296 ἐποιοῦντοκοινωνὺν,
953 4232 1047 4284 καὶ⁵
1071 4231 1344 4300 παρῄνουν
1404 4233 1723 4299 αὐτομολεῖν
1767 4234 1902 4302 πρδις

334 4320 558 4390 βασιλέα
582 4320 766 4387 δῆθεν,
795 4322 892 4374 καὶ
920 4321 1099 4373 πάντα
1137 4321 1271 4390 δῆλα
1305 4322 1593 4393 καθιστᾷν,
1629 4325 1722 4375 καὶ
1769 4327 1899 4392 χρό-

2007 513 2064 558 et
2095 519 2216 558 enm
2247 504 2515 558 Cinnaino
2549 504 2775 574 mystico
2809 514 2972 574 atque
3003 504 3182 558 Asane
3209 506 3580 578 panhyperse-

2009 593 2164 648 basta
2215 594 2281 649 ad
2333 594 2775 650 Cantaenzenum
2824 597 2970 651 bello
3018 599 3456 667 persequendum
3503 601 3586 655 in-

2007 687 2347 753 cumbebat),
2377 697 2432 742 et
2481 704 2602 742 cum
2634 689 2845 743 Latinis
2877 689 3197 760 belligerare
3241 693 3342 747 sibi
3376 695 3442 746 ad
3475 695 3580 748 im-

2010 777 2142 846 perii
2165 778 2596 834 incolumitatem
2622 781 2765 835 haud
2793 783 3086 851 quidquam
3111 785 3587 840 commodaturum

2013 870 2326 938 providens,
2356 887 2456 925 nec
2490 873 2779 928 manifeste
2826 873 3032 941 legatos
3064 874 3394 939 dimittebat,
3424 879 3579 946 quasi

2012 960 2198 1030 iniqua
2236 971 2529 1030 peterent,
2563 980 2664 1018 nec
2697 965 3066 1024 niollcscebat,
3099 977 3152 1019 nt
3187 965 3580 1022 Phaceolatum

1992 1049 2250 1117 lmderet,
2287 1053 2380 1106 sed
2413 1054 2716 1107 clementer
2755 1070 2818 1108 ac
2853 1055 3090 1125 benigne
3121 1056 3581 1110 volebatrentro-

2011 1143 2242 1197 t'ersiam
2273 1143 2549 1211 decidere,
2571 1154 2626 1200 et
2654 1145 2864 1201 Latinis
2886 1161 2944 1200 se
2968 1163 3353 1216 responsuram
3379 1149 3580 1216 aiebat,

2010 1236 2055 1290 si
2093 1235 2249 1304 prius
2280 1251 2468 1291 eorum
2511 1238 2778 1306 postulata
2809 1238 2954 1307 apud
2988 1241 3232 1294 animum
3273 1241 3412 1296 bene
3451 1256 3582 1310 per-

2012 1327 2314 1396 pendisset.
2351 1327 2741 1383 Phaeeolatmn
2781 1329 2987 1384 interea
3037 1331 3313 1396 monebat,
3365 1334 3584 1389 videret

2010 1419 2176 1473 etiam
2218 1428 2382 1488 atque
2424 1419 2611 1484 etiam,
2647 1419 2924 1488 quomodo
2961 1419 3278 1475 Latinorum
3331 1424 3578 1484 insidias,

2010 1524 2144 1579 quas
2161 1509 2212 1563 ei
2233 1510 2326 1564 diu
2358 1520 2633 1580 noctuque
2656 1519 2930 1580 pararent,
2957 1512 3243 1581 elingeret.
3274 1514 3368 1568 Ille
3394 1517 3583 1570 Statim

2011 1601 2263 1655 CllalOdt‘S
2304 1602 2552 1670 corporis
2583 1601 2686 1656 sibi
2725 1602 2992 1656 adhibuit.
3021 1604 3089 1657 Et
3131 1619 3253 1658 eum
3291 1620 3388 1674 per
3423 1606 3576 1675 pala-

2013 1689 2146 1744 tium
2199 1706 2401 1760 perque
2450 1692 2666 1757 urbem,
2723 1701 2962 1746 armatos
3010 1694 3217 1747 circum
3267 1710 3325 1749 se
3371 1696 3579 1750 habens

2009 1780 2336 1843 ambularet,
2368 1781 2502 1836 nulli
2535 1790 2717 1836 tamen
2751 1793 3040 1851 suspectus
3061 1795 3194 1840 erat.
3231 1776 3431 1839 Verum
3455 1803 3576 1841 cum

2005 1868 2118 1938 jam
2158 1880 2286 1924 ante
2323 1872 2482 1926 malis
2514 1887 2544 1925 e
2573 1872 2714 1925 bello
2737 1873 3130 1927 exsistentilms
3167 1874 3585 1944 ingemisceret,

2013 1977 2194 2034 neque
2226 1967 2445 2018 nescius
2470 1971 2617 2018 esset
2643 1973 2844 2032 quanta
2875 1964 3240 2032 improbitate,
3267 1965 3466 2034 quibus
3490 1983 3581 2020 ca-

2007 2053 2228 2108 lumniis
2274 2068 2502 2124 magnus
2561 2055 2671 2108 dux
2699 2063 2752 2106 et
2793 2055 3100 2122 patriarcha
3133 2055 3578 2111 Cantacuzenum

2006 2143 2073 2198 ad
2094 2154 2367 2198 extremas
2393 2143 2645 2198 miserias
2667 2143 3065 2210 devolvissent,
3090 2161 3251 2214 quem
3276 2146 3402 2216 jure
3426 2163 3587 2218 oper--

2007 2241 2149 2289 teret
2181 2247 2294 2303 pra:
2326 2233 2448 2287 aliis
2478 2248 2752 2286 summum
2797 2241 2986 2287 tenere
3016 2235 3325 2302 imperium,
3362 2237 3455 2290 illo
3482 2253 3580 2291 au-

2009 2335 2116 2378 tem
2145 2333 2388 2393 tempore
2428 2324 2497 2378 ob
2537 2325 2788 2379 timorem
2826 2341 2935 2394 quo
2968 2327 3344 2392 obsidebatur,
3375 2329 3578 2383 clarius

2006 2416 2134 2486 quid
2177 2415 2451 2470 communi
2500 2431 2564 2470 ac
2607 2417 2711 2470 sibi
2739 2417 2992 2485 privatim
3038 2427 3220 2486 posset
3268 2420 3586 2476 conducere

2005 2508 2488 2584 animadverteret,
2537 2508 2654 2578 Ipse
2704 2509 2982 2574 similiter,
3013 2511 3237 2578 quando
3303 2512 3419 2566 lucc
3469 2530 3585 2568 una-

2007 2607 2064 2653 et
2091 2597 2205 2653 sola
2237 2599 2323 2651 via
2347 2612 2378 2652 e
2404 2597 2593 2651 multis
2615 2598 2772 2652 malis
2801 2601 3115 2668 emergendi
3151 2600 3576 2670 relinqueretur,

2005 2688 2074 2744 de
2095 2689 2430 2757 imperatore
2481 2691 2533 2742 in
2587 2688 2778 2743 urbem
2834 2690 3155 2759 recipiendo
3187 2693 3472 2761 cogitavit.
3506 2693 3582 2750 Ut

2007 2795 2171 2848 porro
2195 2781 2406 2850 accepit
2451 2779 2712 2851 Zyracem
2746 2780 2937 2835 eadem
2973 2782 3176 2846 moliri,
3211 2799 3336 2837 cum
3369 2799 3436 2838 eo
3470 2785 3574 2839 col-

2005 2869 2240 2937 locutus,
2303 2879 2359 2926 et
2416 2872 2484 2928 de
2557 2873 2776 2928 civitate
2839 2877 3186 2930 concorditer
3258 2876 3578 2946 imperatori

1985 2962 2249 3038 Idedenda
2285 2971 2474 3032 pactus
2504 2973 2624 3031 est;
2659 2963 2744 3018 cui
2784 2965 2966 3020 denuo
2995 2966 3393 3037 signiﬁcarunt,
3413 2968 3580 3024 etiam

2007 3053 2401 3109 Phaeeolatum
2422 3057 2487 3108 ad
2511 3055 2686 3126 ipsius
2705 3056 3236 3125 partiumstudiosos
3259 3057 3577 3113 accessisse.

2013 3145 2080 3200 Ut
2123 3156 2301 3201 autem
2330 3162 2361 3200 e
2391 3147 2668 3216 primariis
2697 3147 3006 3216 quempiam
3047 3149 3112 3201 ad
3140 3163 3265 3202 eum
3300 3148 3440 3202 mitti
3473 3164 3576 3202 ne-

2006 3253 2158 3293 cesse
2188 3237 2309 3302 luit,
2341 3252 2463 3291 cum
2495 3252 2604 3306 quo
2635 3238 2700 3291 de
2725 3247 2971 3307 tempore
2997 3238 3405 3303 decerneretur,
3461 3253 3572 3307 quo

2005 3329 2243 3394 veniret,
2275 3328 2490 3397 ipsique
2523 3327 2714 3382 urbem
2755 3327 3119 3392 transderent,
3163 3328 3422 3395 placitum
3469 3339 3576 3389 est,

2005 3432 2064 3470 re
2085 3416 2426 3470 considerata
2449 3455 2464 3480 ,
2492 3416 2710 3470 mittere
2736 3417 3022 3486 quemdam
3054 3416 3275 3468 nomine
3321 3417 3578 3471 Microce-

2009 3505 2253 3575 phalum,
2285 3520 2448 3574 quem
2501 3506 2761 3571 accitum,
2791 3518 3129 3559 secretorum
3176 3506 3383 3560 faciunt
3447 3524 3578 3561 cou-

2003 3595 2200 3661 scium,
2227 3594 2565 3662 suadentque
2594 3595 2660 3649 ad
2696 3597 3074 3664 imperatorem
3104 3597 3246 3650 ultro
3278 3597 3576 3668 confugiat,

2004 3686 2164 3754 eique
2211 3687 2465 3756 aperiens
2517 3686 2724 3753 omnia,
2761 3687 2829 3742 de
2883 3698 3132 3758 tempore
3172 3689 3440 3744 adventus
3476 3687 3576 3758 By-

2004 3776 2243 3830 zantium
2277 3791 2400 3830 eum
2429 3791 2496 3830 eo
2523 3777 2837 3832 conveniat.
2868 3777 3302 3849 Microeephalus
3345 3780 3570 3850 negotio

2003 3877 2281 3936 suscepto,
2333 3865 2738 3937 Petrogurguro
2791 3868 3009 3922 cuidam
3063 3869 3454 3923 naviculariam
3494 3869 3574 3922 Ia-

2002 3959 2186 4024 eienti,
2216 3968 2273 4013 et
2305 3958 2630 4013 Pbaeeolato
2657 3959 3013 4026 amicissimo,
3047 3959 3346 4032 Selyhriam
3398 3960 3567 4015 dedu-

2002 4051 2208 4106 cendus
2250 4050 2611 4104 committitur
2641 4067 2656 4104 :
2685 4061 2844 4105 erant
2889 4051 3155 4120 siquidem
3209 4050 3440 4105 induciae
3473 4051 3568 4104 Se-

2002 4139 2410 4212 berianiscum
2437 4139 2741 4212 Byzantiis,
2771 4156 2835 4196 ac
2877 4141 3358 4195 mercimoniorum
3397 4141 3571 4210 gratia

2001 4246 2157 4299 aeque
2211 4243 2480 4301 praesente
2537 4241 2596 4285 ut
2654 4233 2882 4287 absente
2933 4231 3261 4300 imperatore
3311 4231 3455 4285 inter
3511 4246 3572 4286 se

2002 4321 2405 4376 contruncabant.
2466 4319 2603 4375 Nam
2674 4320 3050 4376 continentem
3109 4321 3276 4391 692
3344 4321 3571 4376 Barbari

331 4427 424 4462 νον
482 4407 788 4462 συντιθέναι
839 4410 962 4464 καθ’
991 4409 1052 4462 δν
1103 4412 1312 4463 ἐκεῖνον
1377 4415 1633 4480 παρεῖναι
1688 4412 1892 4481 δεήσει.

2004 4411 2356 4467 incursabant
2412 4428 2476 4466 ac
2543 4413 2992 4482 depraedabantur
3037 4416 3278 4476 assidue,
3317 4429 3417 4467 nec
3463 4413 3570 4472 ulla

341 4501 494 4554 Ἐπεὶ
524 4501 582 4554 δὲ
614 4501 861 4554 ἐπείθετο
888 4500 1026 4570 πρὸς
1047 4499 1142 4571 τὴν
1166 4503 1533 4573 ἐπιχείρησιν,
1559 4503 1902 4573 Πετρογουρ-

329 4591 511 4658 γούρῳ
561 4593 668 4642 τινὶ
725 4593 856 4659 περὶ
900 4593 1132 4644 ναυτικά
1187 4593 1577 4661 ἡσχολημένῳ,
1607 4593 1899 4663 ἐπιτηδείῳ

333 4681 569 4750 μάλιστα
619 4681 962 4744 Φακεωλάτῳ
994 4682 1131 4744 ὄντι,
1167 4683 1272 4750 τὴν
1301 4683 1727 4752 Μικροκεφάλου
1764 4685 1901 4754 πρὸς

333 4768 689 4841 Σηλυμϐρίαν
749 4771 1060 4841 ἀπαγωγὴν
1123 4772 1432 4840 ἐπέτρεπον
1475 4775 1540 4826 ἐκ
1590 4773 1898 4845 θαλάττηςο

327 4861 606 4934 ἐκεχειρία
637 4863 745 4931 γάρ
793 4879 876 4924 τις
909 4857 977 4934 ἦν
1028 4863 1464 4933 Σηλυμὸριανοῖς
1517 4864 1654 4933 πρὸς
1689 4867 1899 4928 Βυζαν-

327 4951 498 5017 τίους,
536 4955 632 5007 καὶ
667 4952 838 5014 ἀδεῶς
889 4952 1120 5020 ἐφοίτων
1153 4953 1291 5022 πρὸς
1339 4952 1601 5020 ἀλλήλους
1629 4953 1898 5024 ἐμπορίας

326 5044 514 5105 ἕνεκα,
550 5046 752 5114 ὁμοίως
798 5063 857 5098 τε
887 5045 1155 5108 παρόντος
1197 5045 1292 5097 καὶ
1344 5045 1572 5107 ἀπόντος
1608 5045 1896 5114 βασιλέως.

336 5134 432 5188 Ἐκ
455 5136 553 5203 γῆς
584 5137 900 5206 δὲλῃστεῖαί
933 5153 990 5187 τε
1020 5130 1160 5205 ἦσαν
1187 5138 1428 5204 συνεχεῖς
1470 5137 1562 5188 καὶ
1598 5136 1894 5206 βαρόάρων

325 5227 527 5295 ἔφοδοι,
563 5231 661 5280 καὶ
683 5228 834 5280 οὐδὲν
866 5227 1039 5280 δεινὸν
1082 5223 1152 5295 ἦν
1209 5226 1236 5279 ὂ
1295 5227 1372 5296 μὴ
1403 5228 1607 5296 παρῆν,
1653 5227 1700 5280 ὃ..
1721 5227 1894 5280 ἐποίει

323 5317 530 5386 ἄπορον
579 5319 896 5369 παντάπασι
947 5315 1046 5386 τὴν
1098 5316 1296 5371 δίοδον.
1344 5317 1604 5379 Ἑκείνοις
1658 5317 1758 5384 μὲν
1803 5313 1894 5369 οὖν

320 5406 467 5461 οὕτω
521 5407 943 5478 Μικροκέφαλος
999 5407 1422 5477 παρεσκεύαστο
1479 5407 1616 5477 πρὸς
1672 5408 1894 5476 βασιλέα

365 5498 491 5560 ξων.
525 5501 598 5550 Οὑ
639 5501 746 5569 μὴν
777 5499 901 5551 ούὸἐ
934 5500 982 5551 oi
1015 5501 1072 5551 ἐν
1106 5498 1382 5569 Βυζαντίῳ
1420 5499 1710 5567 Ἄρχοντες
1759 5499 1896 5566 ἡμέ-

322 5589 470 5640 λουνο
497 5589 612 5640 ἀλλ’
641 5589 818 5643 ἐδόκει
842 5591 952 5642 δεῖν
981 5592 1257 5654 κάκείνοις
1283 5589 1532 5658 πέμψασι
1557 5589 1893 5658 διαφθείρειν

322 5679 479 5742 τινας
513 5680 620 5734 τῶν
655 5681 868 5750 βασιλεῖ
929 5683 1217 5748 συνόντων,
1274 5683 1444 5736 πολλὰ
1492 5684 1554 5736 ἐκ
1611 5682 1887 5750 ﬁsci-£60;

2001 4504 2186 4558 aberat
2216 4505 2483 4558 malorum
2516 4504 2700 4558 facies.
2730 4504 2884 4559 Unde
2920 4505 3005 4558 via
3062 4506 3388 4560 omnimodis
3424 4505 3568 4560 invia

2000 4594 2207 4646 reddeb
2228 4604 2351 4647 tur.
2388 4593 2477 4647 Sic
2509 4594 2581 4646 illi
2606 4594 3061 4664 Microcephalum
3091 4597 3158 4649 ad
3185 4596 3568 4664 imperatorem

2000 4687 2374 4752 profecturum
2426 4684 2786 4739 adornabant.
2841 4683 3028 4754 Neque
3063 4697 3245 4740 tamen
3278 4691 3573 4750 archontes

2001 4776 2243 4845 Byzantii
2302 4777 2667 4842 dormiebant,
2701 4777 2899 4846 quibus
2947 4779 3120 4832 visum
3155 4789 3236 4834 est
3274 4787 3580 4852 propositis

2000 4869 2370 4937 imperatricis
2414 4869 2634 4922 nomine
2668 4870 2906 4938 prazmiis
2936 4886 3045 4923 non
3088 4871 3410 4941 vulgaribus
3435 4877 3570 4929 mit-

1999 4969 2132 5022 lere,
2199 4977 2262 5014 ac
2324 4963 2616 5014 nozmullos
2663 4961 2731 5014 de
2785 4961 3136 5031 imperatoris
3200 4963 3575 5022 familiaribus-

1997 5054 2158 5102 morti
2190 5051 2408 5116 υσενερ,
2437 5054 2522 5106 cui
2551 5052 2726 5122 operi,
2764 5067 2821 5106 re
2853 5053 3276 5120 circumspecta,
3308 5054 3567 5126 Microce-

2001 5142 2218 5210 phalum
2286 5143 2908 5198 accommodatissimnm
2969 5146 3318 5213 judicabant.
3381 5147 3570 5214 Quem:

2000 5234 2350 5295 advocantes,
2388 5235 2616 5303 cogitata
2653 5237 2722 5288 illi
2758 5253 2850 5289 sua
2879 5237 3196 5304 explanant,
3217 5250 3270 5292 et
3295 5241 3576 5309 exquisita:

2001 5324 2255 5378 beneficia
2302 5329 2591 5394 Spondent.
2629 5327 2678 5381 Is
2706 5329 2942 5397 primurn
2981 5329 3084 5384 hoc
3130 5332 3308 5385 accitu
3350 5333 3573 5400 timere,

1996 5427 2060 5464 ac
2089 5413 2154 5464 de
2188 5412 2320 5464 urbe
2377 5413 2637 5467 tradenda
2675 5415 2985 5470 laborantes
3017 5417 3395 5487 deprehensos
3439 5421 3572 5474 exi-

1993 5503 2234 5556 stimare.
2260 5501 2459 5556 Verum
2487 5513 2544 5556 ut
2567 5506 2766 5572 negotii
2791 5506 3008 5574 ignaros
3029 5509 3218 5571 admit,
3238 5510 3380 5577 quod
3407 5511 3568 5581 jube-

1994 5595 2168 5655 batur,
2216 5593 2618 5661 promptissime
2651 5605 2968 5647 enraturnm
3030 5600 3258 5668 recepit.
3313 5598 3447 5652 Tum
3481 5599 3563 5653 illi

1997 5685 2201 5739 litteras
2247 5683 2601 5739 conscribunt
2653 5683 2717 5736 ad
2754 5701 2892 5754 quos
2929 5689 3155 5755 volunt,
3193 5706 3426 5763 cumque
3458 5692 3571 5746 il.is
