4066 6298
463 331 608 394 T291

1651 319 1972 382 JOANNIS
2010 317 2538 379 CANTACUZENI

3578 315 3712 381 12222

445 442 612 496 anaio
643 440 938 510 Augustam
973 450 1263 493 occurrere
1293 443 1580 503 oporteat;
1634 431 2042 500 aiilrmabatque

2153 429 2343 500 τειχῶν
2377 431 2406 482 ό
2436 427 2917 497 Καντακουζηνὸς,
2947 425 2975 479 ὃ
3011 423 3358 496 φυλάξασθαι
3394 425 3514 480 δέον
3554 427 3713 495 βασι-

461 535 524 591 id
555 549 612 590 se
643 530 1077 601 exiiloratissime
1123 539 1307 589 nosse,
1340 535 1526 595 utpote
1572 525 1796 578 missum
1843 527 1913 578 ab
1950 525 2035 586 iis,

467 629 792 697 quibuscum
829 624 942 690 ipse
975 633 1170 674 arcana
1221 633 1316 672 sua
1365 615 1815 670 communicaret.
1866 613 2043 683 Impe-

469 722 641 775 ratrix
677 727 789 772 rata
820 713 1064 770 fraudem
1102 711 1170 766 ab
1217 710 1408 764 amicis
1441 703 1762 778 patriarchae
1805 705 2043 761 fabrica-

473 824 602 874 tam,
637 823 694 866 ut
743 811 858 878 ipsa
904 806 970 862 ad
1008 804 1260 860 nuntium
1291 811 1658 863 consternata,
1696 800 1786 856 ille
1837 798 2042 870 suppli-

473 905 615 960 cium
648 902 896 957 admissae
929 900 980 952 in
1015 897 1181 951 Deum
1220 894 1519 964 impietatis
1543 891 1820 956 evaderet,
1849 903 1956 946 non
1983 903 2043 945 se

473 1001 594 1052 loco
622 996 998 1050 discessuram
1045 987 1412 1049 asseverabat,
1443 984 1693 1055 quamvis
1740 983 1901 1053 plane
1933 981 2042 1037 sci-

477 1101 575 1152 ret,
606 1105 666 1142 ca
698 1088 813 1157 ipsa
847 1091 1002 1138 nocte
1029 1084 1465 1137 Caut'acuzcnum
1502 1079 1640 1130 intra
1673 1064 1871 1130 nitenia
1903 1073 2040 1128 fore.

474 1181 600 1237 llzec
644 1179 752 1242 illa,
785 1191 909 1230 cum
955 1173 1148 1228 falsum
1201 1165 1476 1240 apportari
1524 1167 1775 1221 nuntium
1812 1165 2044 1219 arbitra-

475 1283 642 1339 retur,
693 1271 787 1341 qui
840 1277 960 1324 erat
1000 1265 1185 1335 utique
1237 1261 1574 1317 verissimus.
1615 1258 1684 1314 Ut
1727 1257 1872 1322 enim
1917 1271 2041 1311 cum

474 1365 605 1427 illis,
638 1377 666 1416 a
700 1359 897 1431 quibus
945 1356 1012 1411 ad
1059 1356 1254 1408 urbem
1295 1349 1614 1420 capiendam
1663 1344 2040 1417 adiuvabatur,

473 1455 614 1512 diem
645 1450 951 1514 constituit,
982 1462 1090 1517 quo
1119 1445 1210 1500 die
1241 1453 1297 1498 et
1327 1443 1445 1512 ipse
1476 1441 1717 1503 adesset,
1745 1451 1800 1495 et
1828 1439 1904 1494 illi
1929 1439 2042 1493 Au-

473 1562 620 1602 ream
680 1553 894 1614 portam
953 1541 1286 1594 obstructum
1364 1533 1741 1604 periorarent,
1802 1529 2043 1602 Selybria

473 1636 875 1707 Adrianopolim
921 1630 1193 1692 discessit,
1240 1643 1363 1682 cum
1398 1625 1630 1694 amplius
1677 1621 1883 1678 millee
1931 1630 2045 1676 toto

2145 521 2301 575 λίδα’
2353 519 2661 592 ἰσχυρίζετό
2715 537 2774 573 τε
2825 520 3141 588 σαφέστατα
3173 519 3376 572 εἰδέναι
3425 521 3578 592 παρά
3609 521 3718 572 τῶν

2143 617 2214 670 τὰ
2254 615 2547 687 ἀπόρρητα
2580 615 2989 670 κοινωνούντων
3022 613 3171 684 αὐτῷ
3200 610 3508 683 πεμφθείς.
3545 614 3717 667 Bas:-

2141 709 2228 773 λὶς
2248 708 2306 762 δὲ
2337 709 2462 762 ἐπεὶ⁵
2498 707 2753 774 ἐπύθετο,
2779 707 3000 777 ἀπάτην
3026 703 3166 760 εἶναι
3187 705 3437 774 οίηθεῖσα
3475 706 3581 759 ὑπὸ
3607 707 3718 759 τῶν

2145 801 2490 872 πατριάρχου
2526 799 2697 871 φίλων
2729 798 3268 870 συνεσκευασμένην,
3297 798 3364 851 ἶν’
3388 798 3558 867 αὑτῆς
3580 799 3722 868 πρὸς

2142 896 2241 967 τὴν
2269 895 2532 964 ἀγγελίαν
2563 893 2982 964 θορυϐηθείσης,
3014 891 3076 946 τὸ
3105 891 3292 946 δοῦναι
3313 891 3472 960 δίκην
3507 891 3719 950 ἐκεῖνος

2143 987 2380 1060 διαδρῴη
2417 987 2506 1056 ἐφ’
2537 981 2620 1050 οἷς
2659 986 2925 1055 ἐτόλμησε
2951 984 3093 1039 κατά
3126 983 3291 1047 Θεοῦ,
3321 985 3421 1037 οὑκ
3450 983 3556 1053 ἔφη
3587 984 3722 1036 ἀνα-

2147 1081 2466 1151 στήσεσθαι,
2496 1081 2546 1131 εί
2585 1079 2681 1131 καὶ
2717 1077 2905 1144 σαφῶς
2935 1077 3102 1146 είδείη
3134 1077 3193 1129 ἐν
3240 1074 3427 1147 ἐκείνῃ
3459 1078 3524 1145 τῇ
3561 1079 3723 1126 νυκτὶ

2146 1170 2604 1239 Καντακουζηνὸν
2629 1170 2895 1237 ἐσόμενον
2924 1167 3075 1230 ἐντὸς
3096 1167 3318 1234 τειχῶν.
3363 1167 3431 1220 Ἦ
3464 1168 3565 1236 μὲν
3621 1161 3722 1218 οὖν

2142 1263 2368 1316 τοιαῦτα
2395 1260 2781 1330 ἀπεφθέγξατο
2821 1259 2897 1332 μὴ
2936 1256 3075 1314 εῖναι
3103 1259 3281 1330 ἀληθῆ
3314 1259 3415 1330 τὴν
3453 1258 3722 1326 ἀγγελίαν

2142 1355 2409 1424 οίηθεῖσα.
2443 1353 2516 1407 To
2549 1353 2606 1406 δέ
2631 1349 2699 1424 ἦν
2728 1353 2837 1421 ἄρα
2874 1351 3073 1423 ἀληθές
3096 1365 3108 1380 ·
3144 1351 3221 1415 ῶς
3257 1350 3368 1422 γὰρ
3397 1351 3463 1404 ἐκ
3503 1351 3724 1421 Σηλυμ-

2143 1447 2306 1516 ϐρίας
2347 1445 2487 1516 μετά
2521 1447 2583 1499 τὸ
2644 1444 2992 1515 προθεσμίαν
3045 1444 3341 1499 συνθέσθαι
3397 1443 3536 1515 πρὸς
3589 1446 3724 1504 τοὺς

2144 1538 2482 1609 πράττοντας
2534 1535 2633 1608 τὴν
2694 1536 2923 1602 ἅλωσιν,
2963 1530 3088 1607 ἐνῇ
3137 1535 3302 1590 αὑτόν
3351 1552 3411 1589 τε
3459 1535 3722 1605 παρεῖναι

2146 1629 2277 1697 ἔδει,
2313 1627 2603 1691 κάκείνους
2638 1629 2738 1696 τὴν
2761 1627 2984 1696 Χρυσῆν
3014 1627 3194 1698 πύλην
3232 1625 3536 1695 διορύττειν
3565 1627 3724 1693 ἀπῳ-

473 1732 716 1788 exercitu
743 1726 966 1783 delectis
1007 1722 1268 1777 militibus
1299 1719 1390 1788 (ne
1423 1717 1745 1788 proderetur
1776 1714 2041 1774 videlicet,

2153 1707 2552 1789 Ξιοδομημένην,
2581 1719 2662 1781 είς
2711 1717 3156 1786 Ἀδριανούπολιν
3188 1717 3392 1787 ἀπῆρε,
3435 1715 3496 1769 τδ
3536 1716 3728 1770 κάλλι-

474 1823 518 1879 si
545 1831 797 1891 magnam
838 1809 1238 1869 multitudinem
1275 1807 1544 1876 duceret),
1583 1819 1786 1874 perque
1829 1805 2043 1859 deserta

2153 1829 2275 1866 στον
2289 1808 2697 1878 ἀπολεξάμενος
2722 1808 2820 1878 τῆς
2848 1810 3110 1880 στρατιᾶς
3137 1809 3276 1878 ὑπὲρ
3300 1810 3504 1880 χιλίους
3533 1811 3722 1874 ὄντας,

471 1911 530 1972 et
576 1914 694 1969 avia
738 1911 840 1964 iter
877 1906 1105 1970 faciens,
1139 1902 1466 1957 necessitate
1509 1898 1741 1969 quadam
1778 1897 2044 1966 praepedi-

474 2019 583 2072 tus,
615 2005 702 2061 die
731 2017 839 2056 uno
874 1997 1083 2054 tardius
1125 1994 1292 2055 venit,
1325 2006 1488 2060 quam
1537 1988 1861 2057 praeﬁnitum
1890 1997 2038 2050 erat;

474 2117 596 2156 cum
633 2099 837 2152 interea
869 2087 1290 2161 cogitationibus
1319 2083 1736 2145 distraheretur,
1771 2089 2042 2145 metuens,

475 2207 546 2246 ne
577 2203 700 2260 pars
731 2187 849 2255 ejus
872 2185 988 2253 ipso
1017 2179 1196 2234 adhuc
1228 2177 1475 2238 absente,
1504 2189 1566 2225 ex
1601 2171 1886 2226 conventis
1917 2184 2046 2238 por-

477 2295 586 2338 tam
639 2277 883 2348 perfosso
933 2285 1090 2327 muro
1141 2268 1415 2339 aperiens,
1469 2263 1728 2334 ﬂagrante
1773 2262 1971 2318 delicto
2015 2277 2046 2316 a

475 2376 680 2448 pOptIlO
721 2378 1007 2426 necaretur
1037 2385 1052 2421 :
1090 2365 1412 2432 dolebatque
1442 2357 1852 2417 incredibiliter,
1883 2352 2047 2425 695

476 2447 584 2523 non
633 2467 810 2520 solum
841 2459 985 2532 quod
1033 2447 1293 2530 Byzantio
1337 2454 1712 2515 frustraretur,
1749 2449 1842 2503 sed
1883 2447 2046 2502 etiam

476 2561 618 2633 quod
664 2559 866 2614 bonum
898 2565 1184 2607 numerum
1219 2548 1514 2602 amicorum
1551 2545 1851 2598 amissurus
1880 2547 2046 2595 esset.

477 2632 730 2711 Attamen
767 2664 876 2703 non
907 2644 1153 2700 funditus
1183 2639 1395 2709 abiecta
1427 2652 1522 2708 spe
1549 2635 1738 2691 eodem
1770 2632 2050 2705 gradieba-

480 2759 587 2803 tur.
615 2743 791 2800 Amici
821 2749 877 2794 et
903 2736 1006 2807 ipsi
1035 2733 1366 2788 necessitate
1389 2729 1620 2799 quadam
1651 2726 1741 2780 illo
1766 2725 1856 2779 die
1881 2733 2051 2778 retar-

477 2837 612 2900 dati,
641 2833 730 2888 die
775 2831 968 2892 altero,
992 2839 1102 2896 quo
1130 2825 1184 2878 in
1221 2821 1420 2890 palatio
1448 2829 1637 2874 contra
1685 2815 2049 2886 patrlarcham

478 2931 784 2983 conventus
828 2917 1112 2990 agebatur,
1139 2912 1551 2987 convenientes,
1575 2916 1786 2978 portam
1814 2908 2048 2961 Auream

478 3034 604 3076 cum
651 3012 1018 3085 trepidatione
1073 3015 1129 3062 et
1177 3004 1336 3060 anxia
1383 3017 1514 3058 cura
1555 3000 1826 3071 aperiunt.
1861 2999 2048 3054 Time-

2149 1905 2234 1958 ἵνα
2270 1903 2346 1974 μὴ
2381 1901 2708 1972 κατάφωρος
2735 1902 2819 1969 εἴη
2848 1893 3186 1971 ἐπαγόμενος
3213 1899 3444 1964 πολλούς
3464 1919 3477 1933 -
3508 1903 3604 1957 καὶ
3627 1902 3727 1955 διὰ

2146 1997 2255 2051 τῶν
2289 1998 2563 2065 ἀοικήτων
2599 1996 2694 2048 καὶ
2751 1994 2990 2063 ἀτριὸῶν
3030 1994 3275 2060 έδεὺσας,
3309 1993 3577 2064 ὑστέρησε
3619 1994 3725 2064 μὲν

2145 2088 2246 2155 τῆς
2272 2085 2612 2158 προθεσμίας
2642 2085 2747 2137 ὑπό
2779 2101 2923 2146 τινος
2958 2084 3205 2153 ἀνάγκης
3241 2083 3506 2147 κωλυθεὶς
3529 2085 3725 2155 ἡμέρᾳ

2151 2182 2284 2251 μιᾷ·
2334 2181 2428 2232 καὶ
2482 2177 2699 2239 πολλοῖς
2736 2177 2964 2229 ἐπάλαιε
3011 2173 3315 2244 λογισμοῖς,
3353 2174 3611 2235 δεδοικὼς
3641 2179 3723 2245 μὴ

2149 2271 2500 2339 διορύξαντες
2535 2270 2586 2322 oi
2614 2269 2682 2322 τά
2721 2270 2932 2322 ἐκείνου
2963 2267 3299 2336 πράττοντες
3337 2267 3480 2319 κατά
3510 2269 3570 2319 τὸ
3596 2268 3727 2318 σύν-

2150 2363 2299 2433 θημα
2330 2362 2428 2432 τὴν
2455 2360 2650 2432 πύλην,
2684 2361 2846 2423 αὑτὸς
2882 2361 2981 2429 μὲν
3011 2360 3152 2430 ἀπῇ,
3187 2359 3386 2412 ἐκεῖνοι
3407 2360 3464 2412 δὲ
3495 2361 3602 2412 ὑπὸ
3626 2360 3727 2433 τοῦ

2148 2429 2322 2524 δήμου
2375 2429 2754 2522 διαφθαρῶσιν
2806 2452 3025 2515 ἁλόντες
3073 2452 3164 2505 ἐπ’
3214 2453 3536 2524 αὐτοφώρῳ.
3610 2429 3729 2505 πάι

2149 2549 2532 2618 ἐδυσχέραινεν
2561 2549 2661 2600 οὐκ
2688 2547 2956 2613 ἀνεκτῶς,
2987 2547 3049 2617 οηὺ
3091 2546 3249 2617 μόνον
3271 2547 3360 2601 διά
3393 2547 3494 2618 τὴν
3516 2547 3730 2600 ἀποτυ-

2150 2642 2273 2710 χίαν
2306 2639 2627 2704 Βυζαντίου,
2661 2637 2780 2692 ἀλλ’
2811 2639 2896 2692 ὅτι
2921 2639 3016 2692 xai.
3041 2638 3154 2691 τῶν
3179 2638 3350 2706 φίλων
3377 2637 3607 2708 ἔμελλεν
3626 2639 3732 2691 οὑκ

2149 2733 2362 2801 ὀλίγους
2392 2729 2634 2785 ἀπολεῖν.
2671 2729 2861 2800 Ὅμως
2896 2730 2952 2782 δέ
2986 2731 3047 2783 οὑ
3090 2729 3402 2784 παντάπασι
3432 2729 3545 2782 τῶν
3571 2729 3736 2782 ἐλπί-

2151 2825 2257 2878 δων
2288 2825 2586 2891 ἀπογνοὺς,
2640 2821 2835 2893 ἐχώρει
2865 2823 2960 2874 ἐπὶ
2996 2821 3058 2874 τὸ
3086 2821 3382 2885 Βυζάντιον
3408 2822 3627 2882 νυκτός.
3662 2821 3730 2871 Oi

2153 2916 2492 2988 προδιδόντες
2519 2915 2576 2968 δὲ
2604 2915 2700 2967 καὶ
2730 2914 2886 2968 αὐτοὶ
2933 2913 3036 2966 ὑπό
3067 2929 3216 2973 τινος
3259 2913 3507 2984 ἀνάγκης
3545 2913 3735 2988 κωλυ-

2153 2984 2341 3070 θέντες
2369 3008 2485 3069 τοῖς
2514 3005 2758 3076 τείχεσιν
2795 3005 3096 3075 ἐπιχειρεῖν
3152 3004 3294 3059 κατά
3336 3005 3435 3074 τὴν
3486 2984 3734 3072 προθεσ-

478 3113 610 3166 bant
637 3106 926 3176 siquidem,
958 3085 1040 3154 ne"
1061 3095 1402 3170 praecedente
1432 3100 1591 3148 nocte
1625 3092 1849 3147 veniens
1877 3093 2049 3161 impe-

2155 3099 2312 3170 μίαν,
2369 3099 2450 3160 είς
2503 3096 2600 3166 τὴν
2666 3095 2965 3164 ὑστεραίαν
2994 3095 3210 3167 καθ’ἥν
3263 3097 3322 3148 ἐν
3362 3096 3662 3165 βασιλείοις
3696 3098 3731 3158 ἠ

480 3212 648 3265 rator,
679 3207 734 3253 ct
758 3211 822 3250 ex
854 3193 1025 3265 pactis
1064 3187 1198 3244 nihil
1232 3188 1359 3242 dum
1397 3185 1598 3240 factum
1627 3182 1930 3247 inveniens,
1963 3197 2050 3237 re-

479 3293 757 3353 cessisset,
808 3283 1021 3356 ipsique
1064 3279 1288 3350 proditi,
1322 3277 1442 3348 eius
1483 3291 1666 3342 causa,
1713 3276 1836 3331 neci
1883 3275 2051 3331 dede-

481 3391 691 3439 rentur.
727 3377 933 3432 Tamen
963 3389 1066 3429 nec
1109 3371 1214 3442 ipsi
1256 3369 1489 3426 salutem
1520 3367 1572 3421 in
1616 3366 1917 3435 desperatis
1945 3366 2045 3422 du.

480 3483 693 3535 centes,
738 3477 950 3538 portam
1003 3468 1404 3534 perrumpunt;
1447 3456 1568 3514 erat
1613 3459 1758 3513 enim
1805 3456 2051 3530 peditum

482 3567 838 3632 equitumque
874 3556 1020 3612 haud
1047 3551 1507 3609 contemnendum
1539 3565 1752 3621 agmen,
1787 3560 1842 3632 et
1873 3549 1917 3604 si
1945 3566 2051 3619 qua

487 3657 568 3709 vis
595 3654 894 3723 ingrueret,
925 3662 983 3701 se
1008 3643 1302 3698 defendere
1326 3642 1470 3694 illam
1499 3656 1660 3710 posse
1682 3641 2048 3696 confidebant.

487 3748 543 3801 Si
577 3744 816 3816 perfossa
861 3747 1014 3810 porta
1061 3735 1441 3805 imperatorem
1481 3749 1590 3788 non
1627 3733 1956 3799 invenirent,
1983 3735 2052 3789 ad

485 3855 610 3894 cum
658 3835 806 3888 abire
840 3829 1169 3887 statuebant.
1205 3826 1316 3881 Hac
1348 3834 1531 3881 mente
1565 3840 1702 3896 opus
1750 3826 2052 3896 inceptant.

489 3925 737 3995 Synodus
785 3929 966 3976 autem
1020 3918 1072 3971 in
1125 3916 1342 3986 palatio,
1381 3925 1666 3986 postquam
1703 3917 1922 3985 copiose
1951 3917 2054 3972 do-

485 4019 619 4083 cuit,
649 4013 1012 4085 patriarcbam
1057 4009 1235 4078 ipsum
1268 4009 1321 4061 in
1364 4009 1636 4077 germanis
1669 4007 1923 4063 Ecclesiae
1957 4010 2055 4065 do-

486 4109 680 4178 gmatis
712 4106 979 4174 desipere,
1011 4111 1065 4156 et
1109 4101 1246 4155 alios
1277 4100 1492 4154 ad'sibi
1523 4102 1932 4156 assentiendum
1964 4119 2055 4157 co-

486 4215 648 4270 gere,
708 4191 1071 4252 concordibus
1125 4205 1251 4244 eum
1311 4190 1597 4244 sententiis
1659 4192 2057 4247 cxauctoravit;

486 4295 659 4358 Quam
706 4287 776 4342 ob
820 4298 1038 4340 causam
1090 4279 1345 4346 maxime,
1399 4279 1782 4350 imperatorem
1842 4291 1900 4336 et
1961 4282 2055 4352 qui

2159 3193 2301 3247 κατά
2331 3191 2672 3262 πατριάρχου
2711 3187 2931 3252 σύνοδος
2979 3189 3381 3259 συνεκροτεῖτο,
3425 3187 3733 3258 διώρυττον

2156 3285 2256 3356 τὴν
2285 3282 2508 3352 Χρυσῆν
2558 3280 2734 3351 πύλην
2776 3279 3146 3344 συνελθόντες,
3183 3281 3240 3334 ἐν
3289 3279 3461 3350 πολλῇ
3509 3285 3733 3352 ταραχῇ

2159 3381 2255 3434 καὶ
2293 3376 2441 3446 σάλῳ
2497 3374 2652 3438 ὄντες
2689 3374 2784 3426 καὶ
2833 3371 3008 3426 αὐτοί.
3049 3371 3360 3426 Ἐδεδίεσαν
3408 3374 3518 3444 γάρ
3548 3373 3627 3443 μὴ
3660 3377 3731 3443 τῇ

2161 3464 2542 3537 προγενομένῃ
2575 3463 2732 3515 νυκτὶ
2771 3460 2945 3514 ἐλθὼν
2979 3464 3006 3516 ό
3032 3461 3311 3532 βασιλεὺς,
3341 3464 3441 3518 καὶ
3466 3465 3573 3517 τῶν
3603 3481 3735 3518 συν-

2159 3555 2490 3626 τεθειμένων
2535 3555 2860 3624 ἠνυσμένων
2893 3552 3144 3623 εύρηκὼς
3179 3553 3371 3623 μηδζν,
3419 3555 3582 3618 αὑτὸς
3625 3557 3733 3624 μὲν

2159 3643 2316 3710 αὖθις
2357 3644 2724 3715 ἀνεχώρησεν,
2748 3644 2906 3698 αὑτοὶ
2933 3643 2990 3696 δὲ
3025 3642 3114 3711 ὑφ’
3149 3644 3358 3699 ἑαυτῶν
3389 3649 3736 3717 καταπροδο-

2159 3742 2342 3802 θέντες
2374 3739 2765 3808 διαφθαρῶσιν.
2785 3737 2972 3806 Ὅμως
3001 3736 3109 3789 οὑδ’
3131 3736 3283 3790 αὐτοὶ
3307 3736 3407 3800 τὰς
3429 3737 3524 3792 τοῦ
3557 3739 3739 3803 σώζε-

2159 3835 2285 3888 σθαι
2320 3831 2542 3894 ἐλπίδας
2591 3830 2943 3898 ἀπογνόντες,
2975 3829 3269 3900 διώρυττον
3293 3830 3392 3897 τὴν
3428 3830 3634 3901 πύλην,
3663 3829 3735 3902 ἦ-

2159 3945 2259 3982 σαν
2291 3927 2401 3995 γάρ
2441 3927 2697 3992 σύστημα
2723 3921 2824 3973 οὑκ
2843 3921 3072 3989 ἀγγενές
3111 3922 3175 3974 ἐκ
3202 3919 3386 3985 πεζῶν
3415 3938 3475 3974 τε
3515 3925 3612 3976 καὶ
3640 3926 3738 3976 i1:-

2165 4022 2334 4084 πέων,
2363 4019 2459 4071 καὶ
2484 4014 2755 4086 ἐθάρρουν
2776 4014 2958 4082 σφίσιν
2983 4014 3196 4076 ἑαυτοῖς
3212 4013 3289 4077 ὡς
3305 4013 3734 4083 ἀμυνουμένοις,

2159 4115 2226 4169 ἀν
2254 4129 2335 4174 τις
2367 4111 2526 4179 ἐπίῃο
2564 4107 2669 4160 κᾶν
2715 4102 3062 4172 διορύξαντες
3119 4103 3195 4174 μὴ
3239 4103 3442 4171 εὕρωσι
3477 4107 3734 4174 παρόντα

2159 4207 2250 4261 τὸν
2281 4200 2524 4275 βασιλέα,
2579 4197 2718 4268 πρὸς
2751 4195 2917 4252 αὑτὸν
2963 4196 3298 4266 ἀποχωρεῖν.
3357 4196 3592 4251 Ἐκεῖνοι
3628 4199 3732 4266 μὲν

2157 4292 2251 4347 οὖν
2278 4287 2505 4358 τοιαύτῃ
2534 4285 2730 4356 γνώμῃ
2772 4284 3090 4355 διώρυττον.
3133 4286 3201 4338 Ἦ
3239 4284 3297 4338 δέ
3336 4286 3397 4339 ἐν
3433 4286 3732 4356 βασιλείοις

487 4383 608 4438 urbi
645 4381 713 4436 ab
738 4394 803 4434 eo
829 4375 1108 4446 capiendae
1135 4373 1447 4436 studebant,
1475 4372 1564 4427 die
1594 4377 1900 4442 praestituto
1925 4391 2049 4431 con-

2163 4383 2403 4447 σύνοδος,
2435 4380 2560 4434 ἐπεὶ
2587 4380 2651 4432 ἐκ
2683 4376 2893 4430 πολλῶν
2931 4375 3224 4432 ἀπεδείκνυ
3253 4380 3600 4450 πατριάρχην
3627 4383 3731 4433 σύ-

399 4467 402 4470 ’
487 4479 674 4531 venire.
708 4473 876 4528 fuisse
903 4467 1228 4540 prohibitos,
1262 4475 1448 4536 postea
1476 4466 1778 4536 iudicatum
1820 4477 1903 4524 est
1938 4488 1950 4524 :
1987 4485 2055 4525 ne

489 4569 696 4622 scilicet
748 4564 1040 4631 imperator
1091 4559 1407 4629 iniuriarum
1461 4574 1694 4624 memor,
1732 4560 1801 4614 de
1858 4561 2056 4616 throno

490 4660 640 4712 illum
692 4648 1011 4709 deturbasse
1063 4648 1361 4713 videretur,
1395 4652 1503 4704 sed
1553 4660 1612 4704 ut
1657 4666 1781 4704 eum
1833 4662 2056 4721 propter

489 4749 844 4804 adulteratam
871 4740 1130 4796 doctrina:
1158 4739 1440 4794 veritatem
1477 4739 1572 4794 has
1602 4755 1790 4809 poenas
1817 4744 2056 4810 pendere

487 4853 680 4895 omnes
704 4833 988 4906 perspicue
1017 4829 1402 4898 intelligerent.
1424 4825 1676 4905 Episcopi
1706 4845 1830 4886 cum
1861 4832 2057 4888 suifra-

490 4928 591 5000 giis
621 4926 848 4980 aliorum
887 4921 1288 4989 episcoporum,
1321 4917 1414 4987 qui
1443 4927 1501 4972 ut
1531 4921 1770 4988 suspecti
1830 4923 1882 4976 in
1921 4940 2056 4979 con-

489 5021 670 5077 silium
701 5014 923 5072 adhibiti
954 5026 1062 5066 non
1091 5010 1328 5075 fuerant,
1363 5011 1450 5064 his
1494 5009 1568 5065 ita
1602 5015 1858 5086 peractis,
1887 5018 2056 5072 multa

484 5114 598 5182 iam
643 5117 801 5165 nocte
834 5107 886 5160 in
918 5119 1014 5159 sua
1043 5103 1277 5173 quisque
1315 5109 1458 5157 tecta
1488 5109 1851 5160 recesserunt.
1881 5105 2056 5178 Impe-

489 5212 635 5257 rator
686 5202 777 5254 ubi
813 5195 1016 5257 ’adl’uit,
1053 5194 1250 5262 eteius
1287 5191 1452 5247 factio
1503 5195 1650 5249 intus
1699 5195 1907 5252 aditum
1960 5214 2058 5268 per

490 5302 700 5365 portam
735 5293 968 5345 Auream
1003 5287 1279 5359 patefecit,
1325 5287 1612 5342 resistente
1656 5289 1898 5355 nemine,
1930 5305 2058 5346 cum

489 5389 654 5442 tutius
701 5384 883 5454 populi
934 5381 1199 5451 applausu
1235 5389 1298 5446 et
1347 5382 1701 5450 gratulatione
1736 5383 1925 5436 urbem
1973 5384 2057 5437 in-

490 5494 708 5549 gressus
759 5485 862 5540 est,
916 5474 1285 5543 militibusque
1335 5472 1636 5536 interdixit,
1685 5490 1754 5528 ne
1798 5475 1866 5529 ad
1915 5477 2060 5529 cives

491 5568 824 5639 diripiendos
853 5566 1253 5628 discurrerent;
1299 5573 1353 5617 et
1386 5573 1650 5634 quantum
1686 5566 1879 5632 potuit,
1914 5565 2058 5620 idem

490 5661 631 5728 plebi
665 5659 857 5714 vetuit.
908 5656 986 5711 Ita
1030 5657 1083 5709 in
1130 5668 1262 5724 pace
1313 5655 1553 5714 fuerunt.
1584 5657 1675 5724 qui
1723 5656 1791 5710 ab
1821 5659 2058 5727 Augusta

493 5752 725 5816 stabant,
755 5751 858 5806 nisi
884 5753 930 5804 si
961 5748 1097 5804 forte
1125 5748 1342 5819 quidam
1371 5763 1401 5802 a
1431 5747 1624 5802 vicinis
1650 5749 1859 5804 multati
1906 5761 2054 5817 sunt,

2157 4477 2248 4530 τόν
2280 4491 2339 4526 τε
2374 4471 2503 4542 περὶ.
2529 4469 2598 4523 τά
2623 4469 2760 4540 ὀρθά
2782 4469 2884 4538 τῆς
2907 4468 3239 4540 Ἐκκλησίας
3257 4471 3508 4540 δόγματα
3528 4473 3726 4542 ἔχοντα

2158 4569 2258 4637 οὑχ
2286 4566 2477 4634 ὑγιῶς,
2524 4564 2620 4618 καὶ
2671 4563 2798 4626 τοὺς
2847 4561 3042 4626 ἀλλους
3094 4563 3483 4632 ἀναγκάζοντα
3531 4569 3731 4639 ἐκείνῳ

2160 4659 2513 4728 συμφρονεῖν,
2556 4654 2753 4726 γνώμῃ
2791 4657 2944 4726 κοινῇ
2983 4654 3307 4724 καθαίρεσιν
3352 4658 3520 4711 αὑτοῦ
3555 4677 3730 4713 κατα-

2155 4741 2503 4819 ψηφίζονται.
2560 4746 2638 4799 Δι’
2686 4744 2724 4799 ἀ
2752 4745 2816 4816 δὴ
2850 4745 2948 4800 καὶ
2987 4745 3221 4815 μάλιστα
3263 4746 3439 4812 ἔδοξεν
3470 4747 3727 4818 ὕστερον.

2159 4839 2419 4904 Βασιλεύς
2448 4856 2510 4892 τε
2540 4841 2636 4893 καὶ
2654 4837 2704 4890 oi
2730 4837 3064 4905 πράττοντες
3093 4837 3194 4909 τὴν
3215 4837 3422 4892 ἅλωσιν
3450 4840 3731 4896 συνελθεῖν

2157 4931 2302 4985 κατὰ
2335 4932 2436 4999 τὴν
2471 4927 2810 5000 προθεσμίαν
2840 4927 3174 5000 κωλυθῆναι,
3213 4930 3305 4986 ῖνα
3341 4929 3418 5002 μὴ
3452 4948 3730 5002 μνησικα-

2156 5023 2268 5076 κῶν
2295 5021 2456 5085 αὑτδς
2479 5021 2662 5092 δοκοίη
2690 5021 2798 5075 τῶν
2825 5021 3035 5092 θρόνων
3068 5021 3352 5092 καθαιρεῖν
3374 5039 3390 5055 ·
3415 5024 3534 5077 ἀλλ’
3565 5027 3733 5092 ἀκρι-

2155 5111 2265 5176 ϐῶς
2289 5111 2374 5183 εἴη
2397 5109 2504 5164 τῶν
2527 5109 2703 5182 ὀρθῶν
2724 5110 3010 5180 δογμάτων
3026 5111 3123 5181 τῆς
3144 5111 3473 5184 διαστροφῆς
3494 5109 3726 5185 εὑθύνη.

2161 5202 2227 5256 υί
2251 5202 2353 5270 μὲν
2380 5196 2474 5254 οὖν
2503 5201 2784 5272 ἀρχιερεῖς
2812 5204 2936 5255 ἐπεὶ
2957 5202 3129 5256 ταῦτα
3176 5202 3446 5272 ἔπραξαν,
3478 5207 3575 5259 καὶ
3621 5209 3733 5261 τῶν

2158 5293 2408 5346 ἀπόντων
2437 5291 2525 5345 ad.
2554 5292 2615 5344 τὸ
2639 5292 3048 5346 ὑποπτεύεσθαι
3077 5294 3383 5364 ἀρχιερέων
3425 5297 3735 5369 συνεπιψηο

2159 5383 2815 5454 φισαμένων,ἀνεχώρουν
2837 5385 3067 5448 ἕκαστος
3088 5387 3225 5454 πρὸς
3243 5385 3340 5449 τὰς
3357 5386 3601 5449 οίκήσεις
3625 5388 3731 5457 ἤδη

2159 5475 2347 5542 πόρρω
2378 5474 2608 5531 νυκτῶν.
2649 5476 2911 5540 Βισιλεὺς
2939 5477 2996 5530 δὲ
3033 5479 3159 5530 ἐπεὶ
3192 5477 3394 5548 παρῆν,
3432 5479 3544 5532 τῶν
3573 5480 3730 5535 ἔνδον

2159 5570 2228 5620 τὰ
2279 5570 2488 5622 ἐκείνου
2519 5570 2870 5640 πραττόντων
2922 5569 3022 5636 τὴν
3078 5569 3305 5640 Χρυσῆν
3361 5571 3733 5642 διορυξάντων

2169 5660 2344 5730 πύλην
2395 5662 2716 5732 εἰσήλαυνεν
2754 5661 2969 5726 οὐδενὸς
3015 5660 3442 5732 ἀνθισταμένου,
3475 5664 3618 5720 ἀλλά
3666 5667 3736 5718 δι’

2165 5753 2440 5822 εὐφημίας
2470 5752 2630 5810 αὑτὸν
2655 5752 2899 5821 ἀγόντων
2929 5753 3125 5817 παντὸς
3153 5752 3246 5807 τοῦ
3269 5753 3473 5827 δήμου,
3500 5758 3739 5822 καὶτοῖς
