4066 6298
1531 278 1612 291 "‘~u

423 418 565 483 1297

1579 418 2112 480 HISTORIARUJI
2159 419 2390 478 LlBER
2436 418 2519 476 ili

3509 412 3648 476 1293

411 549 470 582 τε
505 524 821 596 ἀνηκέστων
870 526 1084 587 κακῶν,
1117 526 1210 579 καὶ
1257 530 1432 597 τούτῳ
1488 530 1756 598 μείζονος,
1791 533 1820 597 ἢ
1857 531 1970 582 καθ

2088 529 2748 598 ipsismala.deterrima,
2782 526 3147 596 majoremqne
3202 527 3441 589 luctum,
3485 543 3645 593 quam

409 623 536 674 ὅσον
578 620 770 690 χρόνον
809 614 877 688 ἦν
917 618 1152 687 πόλεμος
1208 618 1385 688 λύπης
1449 623 1632 673 αἰτίαν
1687 624 1978 690 ἐσομένην.

411 713 484 764 υἶ
507 727 565 763 τε
591 711 696 780 γαρ
724 710 976 771 συνόντες
1003 710 1246 770 ἅπαντες
1277 711 1358 771 εἰς
1401 709 1611 761 πολλῶν
1655 714 1850 780 πεῖραν
1881 714 1979 762 ἀλ-

410 801 607 868 γεινῶν
660 801 938 861 ἐλθόντες,
981 801 1074 852 καὶ
1121 801 1171 852 οἱ
1224 799 1374 853 ἔνδον
1425 802 1628 870 ὁμοίως
1680 802 1974 865 Βυζαντίου

411 891 517 943 τῶν
553 891 942 961 δεσμωτηρίων
997 890 1326 955 ἐξελθόντες,
1372 894 1468 945 καὶ
1515 894 1978 962 μνησικακοῦντες

412 981 656 1050 ἐσχάτως
693 983 812 1043 τοῖς
867 981 1087 1033 συνοῦσι
1125 980 1380 1048 βασιλίδι,
1407 983 1562 1035 αὐτοί
1607 999 1666 1034 τε
1707 983 1976 1050 διεπρίον-

411 1089 472 1125 το
516 1071 607 1124 ὑπ’
647 1071 844 1141 ὀργῆς,
871 1073 965 1124 καὶ
989 1072 1079 1125 τὸν
1109 1073 1282 1142 δῆμον
1313 1072 1659 1143 ἐξηρέθιζον,
1687 1075 1780 1127 καὶ
1829 1075 1978 1143 ἔνδη-

409 1166 492 1216 λοι
521 1159 686 1234 ἦσαν,
741 1163 816 1225 ὼς
854 1164 946 1216 καὶ
998 1162 1268 1230 βασιλέως
1315 1163 1541 1226 ἄκοντος
1589 1165 1977 1232 ἐπιθησόμενοι

408 1259 520 1317 τοῖς
551 1257 609 1306 ὲν
635 1252 954 1322 βασιλείοις.
989 1253 1099 1305 Καὶ
1133 1252 1324 1305 ἐδεδίει
1369 1252 1443 1321 μὴ
1492 1253 1619 1320 περί
1655 1269 1712 1304 τε
1744 1254 1843 1319 τὴν
1877 1253 1975 1322 βα-

411 1347 587 1399 σιλίδα
625 1345 721 1398 καὶ
760 1345 885 1406 τοὺς
913 1341 1109 1405 παῖδας
1142 1342 1444 1410 ἀνήκεστόν
1477 1358 1528 1394 τι
1581 1342 1848 1412 τολμηθῇ,
1881 1344 1977 1395 καὶ

408 1443 455 1493 οἱ
496 1439 747 1499 συνόντες
799 1436 997 1499 πάντες
1030 1435 1136 1489 ὑπὸ
1181 1434 1290 1488 τῶν
1329 1434 1721 1505 ὲχθραινόντων
1751 1436 1976 1500 διαφθα-

411 1530 611 1596 ρῶσινο
667 1529 696 1580 ὃ
723 1528 888 1596 ὀλίγῳ
930 1526 1156 1596 ὕστερον
1224 1526 1422 1596 μικροῦ
1469 1526 1658 1595 ἐδέησε
1698 1526 1976 1592 γενέσθαι.

418 1619 508 1681 Ὠς
543 1619 652 1688 γὰρ
695 1617 961 1672 ἐπύθοντο
992 1656 1008 1680 ,
1048 1617 1132 1670 ὅτι
1176 1617 1250 1685 μὴ
1280 1617 1381 1685 τὴν
1428 1615 1726 1684 πρεσϐείαν
1765 1615 1975 1684 δέχοιτο

408 1711 439 1777 ἡ
472 1708 680 1778 βασιλὶς
711 1708 844 1778 μηδὲ
877 1707 1081 1778 χωροίη
1112 1708 1249 1778 πρὸς
1291 1708 1615 1776 συμϐάσεις,
1651 1708 1710 1760 τὸ
1748 1710 1806 1761 ὲν
1840 1708 1977 1760 Βλα-

408 1801 628 1869 χέρναις
659 1800 942 1870 φρούριον,
983 1801 1148 1870 μέρος
1191 1800 1282 1852 κα)⁵
1307 1800 1442 1852 αὐτὸ
1472 1799 1567 1852 τοῦ
1609 1801 1738 1869 περὶ
1768 1803 1836 1853 τὰ
1878 1801 1968 1870 βα-

2087 631 2199 673 ιοεο
2231 621 2356 673 belli
2417 630 2658 688 tempore
2684 619 2890 686 experti
2935 627 3138 680 essent,
3167 617 3482 684 patiturani.
3515 617 3646 669 Nam

2083 720 2135 762 et
2167 710 2240 763 illi
2265 725 2473 772 onlnes,
2495 708 2586 777 qui
2614 722 2735 760 cum
2767 707 3095 775 imperatore
3125 713 3301 772 erant,
3330 721 3451 759 cum
3480 708 3648 759 multa

2082 803 2310 854 adversa
2359 799 2749 867 pertulissent,
2795 805 2850 850 et
2899 797 3149 850 similiter
3180 796 3269 864 qui
3307 796 3546 864 Byzantii
3595 790 3656 849 in

2081 891 2396 945 carceribus
2437 890 2678 953 fuerant,
2727 898 2967 942 extreme
3003 901 3062 941 se
3112 903 3139 939 a
3189 887 3502 955 proceribus
3539 889 3652 939 Au-

2060 994 2252 1058 ~gusta:
2309 992 2524 1038 vexatos
2564 979 2968 1042 meminissent,
3003 981 3083 1032 ira
3123 979 3443 1043 azstuabant,
3481 996 3656 1048 popu-

2080 1077 2321 1144 lumque
2344 1075 2636 1130 irritabant
2673 1091 2686 1127 :
2716 1083 2770 1127 et
2799 1073 3115 1142 apparebat,
3151 1073 3234 1126 vel
3266 1073 3437 1125 invito
3483 1072 3652 1141 impe-

2081 1179 2282 1233 ratore,
2314 1169 2367 1222 in
2403 1183 2498 1222 eos
2525 1168 2620 1236 qui
2647 1175 2835 1222 essent
2867 1165 2920 1218 in
2950 1165 3148 1234 palatio
3184 1166 3444 1234 impetum
3475 1163 3651 1217 factu-

2080 1275 2190 1316 ros.
2227 1261 2528 1314 Verebatur
2559 1261 2802 1329 insuper,
2854 1275 2923 1314 ne
2965 1260 3296 1329 imperatrici
3357 1275 3420 1313 ac
3464 1260 3650 1312 liberis

2079 1351 2279 1419 aliquid
2313 1352 2554 1405 atrocius
2581 1350 2754 1414 fieret,
2789 1351 2995 1420 quique
3025 1367 3143 1404 cum
3183 1367 3243 1404 ea
3283 1361 3650 1411 versarentur,

2079 1453 2272 1495 omnes
2330 1440 2567 1494 hostium
2621 1439 2815 1509 gladiis
2865 1439 3271 1495 conficerentur
3321 1459 3333 1494 :
3389 1440 3439 1494 id
3505 1441 3652 1508 quod

2079 1531 2242 1598 paulo
2265 1541 2392 1600 post
2423 1533 2816 1600 propemodum
2851 1533 3165 1586 accidisset.
3209 1533 3276 1586 Ut
3303 1533 3447 1587 enim
3482 1533 3650 1586 intel-

2077 1620 2327 1674 lexerunt
2384 1636 2502 1676 eam
2546 1622 2752 1692 legatos
2803 1623 3061 1690 reiecisse
3121 1639 3186 1678 ac
3244 1640 3430 1692 pacem
3465 1624 3650 1682 nolle.

2077 1710 2363 1767 castellum
2407 1713 2459 1762 in
2484 1711 2799 1765 Blachernis
2830 1713 3156 1780 appellatum
3185 1754 3202 1776 ,
3235 1721 3444 1780 partem
3481 1714 3655 1765 muni-

2079 1800 2244 1854 tionis
2274 1809 2326 1853 et
2353 1803 2880 1869 propugnaculorum
2913 1803 3111 1870 quibus
3143 1803 3399 1870 palatium
3420 1802 3652 1856 circum-

409 1860 582 1942 σίλεια
626 1860 886 1960 φρουρίου
929 1860 1018 1952 δν,
1055 1860 1352 1942 ’καστέλιον
1405 1860 1969 1960 προσαγορευόμενον,

2074 1891 2255 1952 datur,
2277 1891 2600 1958 imperatore
2631 1893 2904 1946 nesciente
2925 1902 3302 1962 expugnarunt
3320 1909 3380 1946 ac
3407 1893 3618 1961 diripne
3636 1925 3648 1934 -

397 1981 492 2044 ’ἐξε
507 1981 781 2050 πόρθησάν
801 1997 860 2032 τε
879 1980 973 2032 καὶ
997 1980 1306 2050 διήρπασαν
1330 1979 1594 2048 βασιλέως
1622 1982 1968 2050 ἀγνοοῦντος,

405 2072 499 2126 καί
532 2073 613 2124 τοί
653 2088 716 2140 γε
759 2071 868 2126 τῶν
899 2071 1046 2124 ινδον
1077 2072 1186 2125 ἀπὸ
1231 2072 1342 2124 τῶν
1380 2073 1578 2142 τειχῶν
1609 2073 1972 2143 ἀμυνομένων

406 2162 708 2231 κραταιῶς.
753 2161 861 2214 Καὶ
892 2162 942 2214 οἱ
971 2161 1258 2225 δοκοῦντες
1288 2162 1343 2215 δὲ
1374 2165 1506 2232 περὶ
1548 2161 1799 2232 βασιλίδα
1826 2162 1970 2217 εῦνοι

405 2247 546 2307 εἶναι
580 2254 874 2324 πρότερον,
907 2256 1006 2309 καὶ
1047 2255 1147 2324 τὴν
1198 2253 1448 2325 φυλακὴν
1505 2255 1616 2308 τῶν
1680 2255 1970 2325 βασιλείων

403 2345 890 2416 ἐπιτετραμμένοι,
919 2347 1040 2398 ἐπεὶ
1072 2346 1164 2401 τὸν
1181 2346 1426 2400 κίνδυνον
1461 2347 1842 2417 ἁπανταχόθεν
1870 2366 1969 2400 πε-

406 2437 750 2506 ριϊστάμενον
784 2436 994 2507 ἐώρων,
1026 2435 1274 2506 βασιλίδα
1299 2437 1355 2492 δὲ
1389 2439 1465 2507 μὴ
1502 2439 1788 2510 χωροῦσαν
1833 2439 1970 2510 πρὸς

407 2528 732 2596 συμϐάσεις,
764 2528 902 2580 ἀλλὰ
937 2529 1142 2597 μᾶλλον
1167 2529 1502 2599 αἱρουμένην
1533 2531 1706 2600 αὐτήν
1736 2548 1797 2584 τε
1836 2534 1970 2585 ἁπο-

406 2618 659 2689 θνήσκειν
684 2619 968 2682 κάκείνους
997 2619 1458 2683 συναπόλλυσθαι,
1488 2622 1793 2692 ὲσκέψαντο
1815 2626 1967 2696 κοινῇ

404 2711 503 2779 τῆς
539 2709 806 2780 σφετέρας
841 2710 1117 2779 σωτηρίας
1151 2711 1316 2764 ἕνεκα
1356 2713 1790 2783 καταπροῖεσθαι
1819 2715 1969 2769 ὲκεί-

406 2817 554 2862 νους,
590 2801 682 2853 καὶ
740 2800 1094 2870 παραδιδόναι
1125 2802 1340 2871 βασιλεί
1373 2804 1432 2856 τὸ
1467 2805 1744 2876 φρούριον,
1772 2809 1831 2860 οὐ
1863 2807 1968 2877 μὴν

405 2893 540 2945 ἀλλὰ
570 2893 660 2946 καὶ
693 2893 802 2946 τῶν
833 2895 890 2946 ὲν
921 2893 1064 2963 λόγῳ
1110 2894 1348 2962 μάλιστά
1375 2914 1520 2960 τινες
1560 2899 1696 2967 πρὸς
1743 2899 1968 2967 βασιλέα

403 2982 740 3052 πέμψαντες,
775 2983 904 3053 περὶ
935 2983 1226 3053 προδοσίας
1263 2985 1590 3053 διελέγοντο,
1632 2991 1725 3041 καὶ
1757 2989 1968 3061 δωρεὰς

402 3075 562 3146 ᾔτουν
593 3076 687 3129 καὶ
718 3077 905 3146 τιμὰς,
936 3077 986 3129 εί
1037 3077 1389 3148 παραδιδοῖεν
1431 3081 1498 3132 τὰ
1527 3079 1779 3148 βασίλεια
1826 3082 1964 3150 αὐτῇ

2073 1991 2220 2045 runt,
2253 1997 2375 2035 cum
2414 1982 2504 2052 qui
2528 1983 2676 2035 intus
2693 1993 2849 2037 erant
2871 1999 2902 2038 e
2935 1985 3102 2038 muris
3131 1984 3342 2038 fortiter
3374 1999 3432 2037 se
3455 1984 3642 2037 defen-

2072 2074 2282 2126 ἀνι-θυι.
2325 2073 2428 2138 Qui
2451 2075 2638 2143 iporro
2682 2074 2910 2127 antehac
2949 2075 3203 2143 Angusta:
3257 2075 3397 2128 bene
3444 2090 3644 2142 cupere

2071 2166 2422 2235 putabantur,
2454 2167 2758 2235 quibusque
2814 2166 3057 2220 custodia
3109 2165 3291 2234 paiatii
3346 2167 3642 2222 commissa

2070 2264 2208 2320 erat,
2237 2266 2518 2324 postquam
2556 2256 2796 2320 undique
2817 2256 3136 2325 periculum,
3160 2265 3215 2310 et
3239 2270 3355 2310 eam
3386 2272 3415 2309 a
3447 2256 3642 2324 pacifi-

2069 2349 2284 2402 catione
2313 2349 2687 2416 refugientem,
2730 2349 2866 2402 mori
2895 2349 3151 2419 ipsosque
3186 2364 3371 2403 secum
3405 2348 3636 2416 perdere
3714 2400 3716 2403 ,

2072 2439 2231 2492 malle
2254 2439 2523 2502 viderunt,
2563 2439 2801 2492 unanimi
2829 2454 3099 2493 consensu
3142 2439 3310 2507 ipsius
3352 2446 3406 2491 et
3445 2435 3646 2492 libero-
3717 2486 3719 2488 .
3804 2441 3806 2443 ’

2071 2545 2190 2583 rum
2215 2529 2582 2584 defensionem
2621 2530 2852 2599 propriae
2879 2530 3040 2584 saluti
3085 2529 3194 2597 jam
3231 2539 3630 2597 postponeutes.

2071 2620 2382 2690 imperatori
2438 2621 2694 2690 palatium
2749 2623 2959 2678 tradere
3011 2622 3433 2676 constituerunt.
3493 2622 3632 2684 Quin

2070 2712 2235 2767 etiam
2264 2711 2710 2767 honoratissimos
2730 2713 2990 2781 quosdam
3009 2713 3072 2766 ad
3093 2728 3214 2767 eum
3235 2711 3518 2773 mittendo,
3549 2710 3641 2764 do-

2069 2817 2136 2856 na
2161 2812 2214 2857 et
2237 2803 2810 2872 honoresqnaarebant,
2843 2805 2886 2857 si
2918 2804 3120 2873 regiam
3149 2818 3269 2857 cum
3300 2802 3642 2870 imreratrice

2068 2902 2123 2948 et
2155 2893 2344 2948 liberis
2367 2893 2732 2950 dedidissent.
2759 2893 2904 2959 Quos
2936 2894 3233 2964 imperator
3270 2894 3492 2948 auribus
3533 2893 3632 2946 ista

2077 3001 2346 3054 respuens
2397 2986 2624 3050 dimisit,
2669 2995 2926 3048 testatus,
2983 3001 3101 3040 eam
3136 3001 3257 3040 cum
3308 2985 3496 3040 liberis
3531 3001 3649 3039 ser-

2069 3085 2248 3130 vatam
2283 3079 2463 3147 potius
2510 3079 2648 3133 velle
2673 3078 3059 3146 maximopere.
3097 3077 3232 3130 Ecce
3261 3083 3441 3131 autem
3482 3075 3650 3144 impe-

402 3167 632 3235 βασιλίδι
674 3169 768 3222 καὶ
799 3170 911 3232 τοῖς
959 3168 1196 3231 τέκνοις.
1230 3169 1499 3233 Βασιλεὺς
1545 3171 1590 3224 δ’
1626 3171 1734 3224 οὐδ’
1773 3173 1965 3242 ἄκροις

2076 3176 2226 3221 rator
2254 3168 2494 3222 Joannes
2544 3177 2655 3222 tum
2695 3167 3005 3236 quindecim
3047 3176 3208 3219 natus
3251 3181 3453 3228 annos,
3481 3181 3644 3234 supra

399 3261 657 3330 ἠνέσχετο
681 3260 836 3325 ὠσὶν,
867 3261 982 3316 ἀλλ’
1004 3261 1304 3330 ἀπέπεμπε
1329 3260 1602 3324 σώζεσθαι
1631 3264 1834 3332 μᾶλλον
1876 3264 1971 3333 βα-

403 3353 577 3403 σιλίδα
609 3353 856 3415 καὶτοὺς
891 3353 1086 3414 παῖδας
1130 3351 1306 3404 εἰπὼν
1338 3353 1610 3405 ποιεῖσθαι
1655 3357 1783 3419 περὶ
1816 3355 1970 3406 πλεί-

404 3454 548 3490 στου.
575 3438 838 3499 Βασιλεὺς
867 3437 925 3490 δὲ
978 3441 1005 3491 ό
1031 3440 1151 3501 νέος
1195 3441 1451 3509 Ἰωάννης
1507 3441 1628 3503 ἆτος
1675 3458 1970 3496 πεντεκαι-

399 3530 626 3582 δέκατον
659 3530 782 3582 τότε
815 3528 913 3594 ὢν,
949 3533 1135 3600 μεῖζον
1163 3532 1195 3601 ἢ
1243 3533 1386 3584 κατὰ
1427 3533 1530 3600 τὴν
1561 3534 1777 3602 ἡλικίαν
1819 3537 1974 3602 ἐφαί-

400 3637 521 3672 νετο
536 3620 772 3691 φρονῶν,
797 3621 892 3674 καὶ
904 3621 981 3690 τῷ
997 3622 1176 3692 καιρῷ
1196 3624 1537 3694 προσήκοντα
1557 3624 1969 3694 βουλευόμενος.

412 3711 500 3774 Ὧς
526 3714 635 3784 γὰρ
657 3712 922 3783 ᾐσθάνετο
944 3714 1376 3784 θορυϐουμένους
1406 3718 1533 3780 τοὺς
1561 3720 1621 3771 ὲν
1654 3718 1970 3785 βασιλείοις,

403 3802 718 3865 στασιάζειν
756 3821 815 3856 τε
849 3805 950 3874 ἥδη
979 3806 1344 3875 ἀρχομένους,
1371 3811 1467 3862 καὶ
1500 3826 1564 3861 πε
1576 3811 1628 3878 pi.
1647 3811 1832 3864 αὐτῶν
1854 3813 1978 3866 ὲπι-

401 3897 545 3958 εικὲς
562 3896 714 3948 οὐδὲν
739 3896 1187 3966 βουλευομένους,
1215 3898 1440 3969 δραμὼν
1462 3900 1598 3968 πρὸς
1619 3902 1716 3969 τὴν
1737 3905 1969 3972 μητέρα,

379 3985 491 4067 ,τόν
519 4002 578 4036 τε
612 3985 841 4052 θόρυϐον
871 3988 1187 4058 ἀπήγγελλε
1233 3991 1328 4042 καὶ
1352 3991 1452 4060 τὴν
1496 3989 1814 4062 ἐπιϐουλήν.
1863 3997 1974 4048 Καὶ

401 4079 569 4130 ἐδεῖτο
593 4078 727 4148 πρὸς
756 4079 980 4149 βασιλέα
1003 4082 1232 4151 τάχιστα
1262 4083 1560 4151 πρεσϐείαν
1590 4086 1855 4153 πέμπειν,
1881 4092 1974 4142 καὶ

399 4169 646 4222 τίθεσθαι
680 4171 978 4239 συμϐάσεις
1015 4173 1144 4240 περὶ
1175 4173 1274 4242 τῆς
1303 4175 1523 4244 εἰρήνης
1543 4189 1558 4204 ·
1600 4176 1972 4247 μάλισταμὲν

398 4260 505 4328 γὰρ
532 4259 767 4326 ἔφασκεν
793 4263 998 4314 ἐκεῖνον
1029 4263 1185 4317 οὐδὲν
1208 4264 1340 4334 περὶ
1370 4266 1548 4318 αὐτῶν
1574 4267 1964 4336 βουλεύσεσθαι

396 4351 587 4404 δεινόν.
622 4349 684 4403 Et
711 4350 756 4402 δ’
788 4352 898 4422 ἄρα
927 4354 1023 4406 καὶ
1045 4354 1112 4408 τὰ
1149 4353 1378 4426 δεύτερα
1408 4357 1606 4427 νικῴη,
1638 4358 1850 4428 βέλτιον
1877 4362 1972 4415 ὑπ’

399 4439 610 4493 ἐκείνου
669 4441 854 4505 κακῶς
889 4443 1104 4509 παθεῖν,
1155 4445 1188 4514 ἢ
1237 4446 1430 4517 ἀλογίᾳ
1463 4449 1635 4517 δήμου
1679 4451 1771 4503 καὶ
1809 4467 1974 4520 στρα-

2074 3267 2288 3312 :etatem
2317 3274 2530 3325 sapere,
2587 3268 2642 3312 et
2708 3256 2938 3326 tempori
2996 3266 3300 3325 Opportuna
3362 3257 3649 3310 consulere

2075 3349 2223 3402 visus
2253 3358 2357 3403 est.
2398 3348 2467 3403 Ut
2505 3349 2650 3404 enim
2689 3351 3086 3403 tumultuantes
3120 3349 3309 3411 sensit,
3342 3350 3434 3417 qui
3471 3349 3524 3401 in
3559 3365 3651 3418 pa-

2075 3439 2206 3492 latio
2252 3448 2441 3498 erant.
2479 3449 2526 3492 et
2569 3438 2679 3506 jam
2740 3438 3009 3494 dissidere
3075 3437 3417 3506 incipientes,
3472 3437 3647 3504 deque

2074 3540 2251 3584 matre
2300 3546 2423 3584 cum
2464 3531 2587 3584 ﬁliis
2616 3531 2754 3598 nihil
2784 3546 2997 3598 aequum
3029 3529 3228 3584 animis
3255 3529 3542 3600 agitantes,
3583 3529 3645 3580 ad

2073 3632 2357 3692 parentem
2394 3637 2688 3677 accurrens
2715 3664 2728 3687 ,
2777 3621 2942 3692 699
2986 3623 3277 3676 tumultum
3335 3628 3390 3675 et
3424 3620 3648 3674 insidias

2073 3715 2288 3768 nuntiat
2316 3732 2330 3780 ;
2357 3730 2522 3769 orans
2551 3715 2836 3769 celerrime
2867 3713 2932 3768 ad
2951 3709 3355 3784 imperatorem
3388 3713 3525 3766 mitti
3551 3754 3564 3777 ,
3596 3725 3651 3764 et

2074 3822 2198 3860 eum
2245 3822 2311 3860 eo
2359 3806 2561 3872 decidi,
2606 3809 2990 3874 atlirmansque
3024 3847 3039 3872 ,
3093 3804 3231 3864 nihil
3258 3805 3326 3858 ab
3371 3820 3436 3858 eo
3488 3820 3648 3874 grave

2078 3900 2398 3954 timendmn.
2437 3899 2531 3952 Sin
2557 3913 2716 3952 secus
2739 3911 2828 3950 res
2870 3897 2977 3958 eat,
3009 3905 3269 3964 praestare
3301 3895 3452 3947 illum
3482 3895 3648 3948 inclc‘

2075 3999 2310 4044 iacntem
2377 3991 2637 4056 experiri,
2669 4005 2829 4056 quam
2882 3988 2934 4040 in
2972 3987 3152 4055 populi
3201 3987 3529 4041 dementiam
3575 4001 3640 4036 ac.

2073 4081 2312 4134 militum
2349 4080 2588 4133 furorem
2652 4080 2913 4133 incidere.
2969 4079 3122 4132 illico
3155 4093 3419 4147 persuasa
3455 4087 3648 4144 mater,

2075 4171 2446 4226 Andronicum
2486 4170 2727 4224 Asanem
2765 4170 3112 4239 imperatoris
3129 4184 3398 4236 socerum,
3428 4179 3482 4223 ct
3518 4170 3647 4224 Gre-

2075 4262 2290 4333 gorium
2339 4260 2612 4314 Palatnam
2662 4260 2770 4314 illic
2820 4276 3036 4314 carcere
3090 4262 3340 4316 detentus
3371 4262 3446 4331 (ὕ)
3483 4262 3548 4315 ad
3583 4279 3642 4314 se

2075 4352 2274 4408 adduci
2330 4352 2549 4422 jussit:
2584 4352 2906 4420 quibuscum
2948 4351 3018 4405 de
3049 4366 3182 4420 pace
3213 4351 3414 4416 locuta,
3447 4367 3542 4406 eos
3579 4354 3644 4404 ad

2075 4443 2458 4511 imperatorem
2501 4442 2660 4511 legat.
2690 4441 2794 4505 Qui
2825 4443 2974 4495 illum
3011 4451 3216 4496 tumere
3262 4443 3564 4505 iracundia,
3595 4454 3648 4493 (ι

394 4532 606 4584 τιωτῶν
666 4534 812 4603 ὁρμῇ
868 4539 1208 4603 περιπεσεῖν.
1259 4539 1468 4591 Λύτίκα
1520 4557 1580 4592 τε
1631 4541 1881 4595 ἐπείθετο
1930 4545 1963 4612 ὴ

2073 4534 2138 4587 ad
2163 4532 2568 4602 persequendas
2611 4532 2749 4586 bello
2795 4544 3046 4600 acceptas
3115 4533 3347 4601 injurias
3399 4545 3643 4602 paratum

400 4628 604 4694 μήτηρ,
641 4627 734 4679 καὶ
780 4626 872 4678 τὸν
915 4627 1255 4696 Ἀνδρόνικον
1295 4630 1528 4702 Ἀσάνην
1577 4632 1670 4685 τὸν
1699 4634 1966 4703 βασιλέως

395 4717 676 4785 πενθερὸν,
729 4717 825 4769 καὶ
881 4717 972 4770 τὸν
1003 4718 1266 4788 Παλαμᾶν
1314 4721 1612 4792 Γρηγόριον
1661 4723 1824 4776 αὑτοῦ
1857 4740 1961 4777 που

395 4807 960 4876 κατακεκλεισμένους
989 4811 1047 4861 ὲν
1083 4810 1478 4879 δεσμωτηρίοις
1501 4812 1648 4866 ἔνδον
1675 4815 1964 4884 βασιλείων

392 4898 620 4962 ἄγεσθαι
665 4899 886 4952 ἐκέλευε
936 4901 1072 4970 πρὸς
1110 4903 1320 4972 αὑτήν·
1361 4904 1456 4956 καὶ
1504 4909 1632 4975 περὶ
1679 4908 1779 4975 τῆς
1823 4907 1960 4976 πρὸς

393 4986 622 5054 βασιλέα
649 4987 991 5058 διαλεχθεῖσα
1038 4990 1172 5059 πρὸς
1202 4991 1398 5054 αὐτοὺς
1451 4993 1698 5063 εἰρήνης,
1740 4994 1957 5065 ἔπεμπε

389 5078 527 5145 πρὸς
557 5079 760 5132 ἐκεῖνον
792 5081 1155 5152 πρεσϐευτάς.
1195 5083 1258 5134 Οἱ
1291 5082 1348 5135 δὲ
1377 5082 1698 5153 νομίσαντες
1733 5085 1959 5154 βασιλέα

391 5169 644 5222 οίδαίνειν
668 5188 728 5223 τε
752 5171 830 5241 τῷ
854 5173 1038 5242 θυμῷ,
1063 5175 1306 5242 καὶπρὸς
1335 5174 1545 5244 ἄμυναν
1566 5193 1674 5229 των
1701 5179 1844 5230 κατὰ
1869 5179 1962 5234 τὶν

391 5256 630 5325 πόλεμον
651 5255 1035 5330 γεγενημένων
1052 5264 1566 5332 παρεσκευασμένον
1583 5261 1744 5328 εἶναι,
1771 5269 1962 5339 πρῶτα

392 5353 494 5420 μὲν
525 5353 616 5405 ἐπὶ
641 5353 855 5424 δεήσεις
887 5356 1204 5423 ἐτράποντο,
1230 5360 1326 5412 καὶ
1354 5359 1563 5422 ἱκεσίας
1595 5361 1812 5428 ἀφεῖναι
1863 5363 1961 5432 τὴν

387 5442 565 5512 ὀργὴν
596 5446 709 5505 τοῖς
755 5445 1127 5516 ἁμαρτήσασι,
1159 5449 1252 5498 καὶ
1284 5447 1449 5517 μηδὲν
1480 5448 1640 5501 πλέον
1682 5450 1961 5520 ἐπιζητεῖν
1994 5471 1998 5475 ·

2069 4639 2196 4680 esse
2228 4624 2538 4692 opinantes,
2593 4624 2825 4692 primum
2869 4638 3061 4692 preces
3109 4633 3166 4676 et
3217 4624 3670 4692 supplicationes-

2069 4714 2354 4776 adhibent,
2402 4723 2462 4767 ut
2487 4717 2596 4767 reis
2631 4713 2958 4782 placaretur,
3001 4725 3056 4767 et
3105 4714 3294 4768 hostes
3347 4713 3642 4769 domuisse.

2072 4807 2402 4874 penitusque
2437 4804 2734 4871 subiecisse
2773 4811 3062 4858 contentus
3100 4815 3290 4872 esset;
3334 4813 3389 4858 et
3448 4821 3642 4874 quem-

2065 4896 2354 4949 admoduzn
2409 4909 2514 4948 eos.
2549 4897 2716 4948 armis
2779 4895 3039 4958 vicisset,
3085 4896 3163 4950 sic
3213 4905 3266 4950 et
3325 4896 3641 4964 iniuriarum

2064 4973 2377 5056 contemptu
2423 4994 2476 5039 et
2511 4985 2797 5040 altitudine
2836 4986 3001 5040 animi
3033 5001 3091 5041 se
3142 4987 3317 5056 ipsmn
3348 4989 3593 5042 vinceret
3627 5007 3641 5045 :

2073 5093 2196 5146 quae
2278 5077 2536 5130 nimirum
2589 5077 2824 5130 maxima
2882 5076 3067 5146 illique
3127 5079 3637 5133 convenientissimu

2062 5168 2289 5222 victoria
2323 5176 2490 5222 esset.
2546 5167 2751 5221 Deinde
2793 5167 3120 5237 legationem
3175 5179 3512 5238 exponentes
3543 5187 3636 5240 ρος

2063 5268 2207 5324 tunt,
2243 5267 2302 5312 ut
2359 5259 2618 5327 pietatem
2658 5273 2784 5328 erga
2823 5259 3068 5315 defuncti
3110 5261 3458 5330 imperatoris
3501 5263 3628 5316 libe-

2063 5361 2175 5408 ros,
2207 5346 2527 5410 clementiae,
2563 5348 2786 5402 excelsae
2815 5350 3012 5404 mentis
3037 5364 3103 5404 ac
3148 5350 3451 5419 prudentim
3521 5367 3633 5404 suae

2067 5446 2329 5492 internum
2385 5451 2799 5496 monumentum
2851 5444 3206 5513 relinqueret.
3254 5444 3321 5496 At
3352 5444 3493 5496 enim
3545 5459 3641 5497 nc-

1642 5607 1852 5670 Jacobi
1881 5611 2146 5673 Pontani
2191 5621 2374 5676 nota}.

465 5741 576 5803 (65)
618 5741 794 5806 Quare
824 5744 873 5797 in
897 5760 1168 5799 earcer:-m
1195 5748 1429 5800 traditus
1454 5748 1795 5805 Andronicus
1820 5753 1954 5806 Asa-

2062 5769 2119 5809 nt
2157 5759 2383 5811 cc-tcri‘?
2425 5759 2528 5813 Sed
2564 5760 2661 5814 hoc
2695 5762 3059 5831 Apocauchus
3101 5764 3261 5833 fecit;
3297 5781 3458 5821 «ausa
3490 5768 3638 5831 indis

386 5828 515 5877 lies,
552 5812 643 5882 qui
671 5821 846 5867 tamen
889 5831 1089 5883 genere
1121 5817 1435 5872 adversatus
1472 5818 1684 5888 legitur,
1718 5823 1942 5892 pet-inde
2054 5840 2170 5883 cata
2204 5838 2285 5882 est
2314 5843 2494 5901 supra.
