4066 6298
442 440 577 503 ῙΞ’9

1307 438 1629 501 JOANNIS
1688 435 2217 496 CANTACUZENI
2272 434 2477 492 IllST.
2517 432 2662 491 LIB.
2703 428 2816 487 Ill.

3523 413 3661 477 ¹300

435 558 681 611 sciebant
704 570 763 611 se
786 554 1103 611 novaculam
1143 568 1359 617 acuere,
1394 561 1449 606 et
1488 568 1688 623 equum
1717 564 1996 606 cursorem

2124 548 2192 601 :05
2218 549 2325 600 τῶν
2349 546 2620 615 πολεμίων
2652 542 2883 614 κρείττω
2904 532 3064 602 εἷναι,
3097 535 3191 587 καὶ
3213 534 3419 595 πάντας
3440 532 3659 599 ὑποχει-

438 646 491 699 ἰιι
550 659 801 714 campum
842 656 1162 712 provocare.
1213 640 1349 695 Cum
1388 643 1624 711 primum
1656 653 1890 708 namque
1935 654 1997 691 ca

440 736 599 787 verba
627 733 853 797 audivit,
884 730 1064 785 omnia
1094 746 1153 785 se
1187 730 1401 785 illorum
1450 745 1614 785 causa
1644 729 1783 787 velle
1819 736 2002 782 osten—

438 822 520 875 dit
543 861 558 885 ,
598 820 824 888 perinde
856 834 920 874 ac
950 818 1065 887 ipse
1113 833 1222 873 non
1255 818 1429 882 daret,
1463 819 1560 873 sed
1615 818 1885 885 acciperet
1917 817 2002 870 be-

440 913 712 965 neﬁcium.
754 909 1012 981 Legatum
1062 924 1190 965 vero
1239 924 1489 966 socerum
1537 907 1607 962 de
1659 908 1870 974 ingrata
1909 921 2003 959 vo-

440 1001 652 1053 luntate
679 998 873 1057 blanda
903 998 1148 1055 oratione
1178 999 1473 1068 increpuit,
1507 997 1652 1067 quod
1677 996 1821 1050 nulla
1860 996 1915 1050 in
1949 1011 2005 1050 rc

441 1091 706 1155 ollensus,
740 1090 857 1156 sed,
906 1090 950 1145 si
994 1103 1183 1143 verum
1213 1088 1513 1155 fatendum,
1555 1088 1703 1147 mille
1729 1085 2007 1142 beneﬁciis

442 1182 775 1246 cumulatus,
809 1190 918 1235 tam
958 1181 1096 1235 male
1128 1180 1356 1251 gratiam
1395 1179 1688 1246 retulisset,
1722 1189 1778 1233 et
1808 1178 2007 1233 bellum

443 1281 635 1327 lontra
668 1286 726 1327 se
774 1271 1122 1327 concitasset.
1174 1270 1444 1326 Palamam
1503 1280 1688 1325 contra
1730 1269 2006 1333 laudavit,

448 1373 503 1417 ct
532 1364 733 1434 gratias
783 1364 913 1433 egit,
946 1363 1088 1433 quod
1122 1377 1218 1432 pro
1258 1362 1468 1432 justitia
1517 1362 1855 1430 veritateque
1885 1376 2008 1432 gra-

451 1454 674 1509 vissime
707 1453 957 1517 amictus,
1011 1468 1184 1524 usque
1225 1453 1293 1507 ad
1331 1463 1635 1508 extremum
1674 1451 1811 1505 nihil
1862 1451 2013 1521 attje-

447 1556 595 1600 ctttm
654 1554 747 1600 aut
787 1545 979 1600 fecerit
1008 1556 1103 1601 aut
1144 1544 1362 1601 dixerit.
1400 1541 1536 1597 Tum
1570 1541 1828 1613 praecepit
1867 1541 2015 1609 jura-

450 1643 630 1689 menta
678 1633 743 1689 ad
793 1635 1089 1706 Augustam
1136 1643 1192 1689 e‘t
1245 1635 1625 1703 imperatorem
1660 1622 1836 1686 lilium
1884 1644 2019 1686 con-

449 1726 609 1781 scribi
640 1742 655 1788 ;
691 1734 747 1781 et
777 1726 1085 1795 conscripta
1116 1735 1243 1779 sunt
1283 1739 1409 1779 cum
1438 1722 1524 1778 his
1555 1721 1963 1795 conditionibus
1997 1738 2013 1777 :

451 1817 515 1871 Ut
541 1819 853 1887 nequeipse
888 1815 1187 1870 vindicaret
1238 1816 1294 1870 in
1333 1830 1429 1871 eos
1462 1818 1554 1887 qui
1598 1831 1657 1872 se
1706 1796 1973 1871 lasissent
2001 1853 2016 1877 ,

449 1916 504 1961 et
532 1918 643 1961 tum
673 1907 728 1964 in
755 1906 956 1976 palatio
984 1921 1110 1960 cum
1138 1906 1482 1977 imperatrice
1511 1906 1812 1978 degerent;
1839 1919 2020 1974 neque

453 1999 707 2052 multaret
735 1999 844 2059 ullo
882 1998 1065 2063 modo,
1097 1999 1195 2053 sed
1229 2000 1414 2053 omnia
1448 2000 1722 2069 praeterita
1749 1998 2022 2053 oblivione

453 2088 746 2158 sepeliret;
777 2102 958 2157 neque
986 2089 1327 2157 imperati-ix,
1353 2097 1447 2145 aut
1472 2090 1612 2146 illius
1637 2091 1935 2162 imperator
1966 2091 2021 2142 in

355 2242 358 2246 Α
453 2195 568 2246 eos,
601 2195 629 2233 a
662 2180 859 2247 quibus
893 2181 1008 2248 ipse
1040 2174 1457 2237 Cantacuzcnu's
1510 2182 1651 2237 bello
1688 2181 1903 2252 adjutus
1934 2194 2024 2235 es-

454 2283 557 2337 set,
597 2272 885 2327 inimicum
937 2272 1238 2329 retinerent
1286 2275 1564 2341 animum;
1602 2288 1705 2329 nec
1767 2274 1875 2329 illis
1940 2273 2023 2325 vel

456 2374 609 2429 arte,
668 2363 753 2418 vel
817 2362 925 2417 ulla
984 2362 1239 2418 machina
1282 2379 1483 2421 nocere
1519 2374 1877 2429 conarentur,
1928 2363 2023 2418 sed

458 2457 713 2525 utrinque
748 2456 1042 2511 adversum
1095 2456 1272 2510 socios
1304 2464 1657 2524 utrorumque
1695 2454 1817 2510 odia
1856 2453 2026 2523 depo—

462 2558 743 2613 uerentur,
770 2562 1069 2618 omnesque
1090 2561 1225 2617 quas
1258 2547 1325 2601 ab
1359 2545 1515 2601 initio
1553 2545 1888 2608 habuissent,
1921 2544 2028 2599 for-

461 2648 621 2692 tunas
673 2652 800 2693 suas
853 2639 1202 2704 retinerent;
1241 2636 1577 2707 imperarent
1624 2644 1804 2691 autem
1835 2634 2022 2699 ambo,

457 2728 870 2785 Cantaouzenus
921 2738 978 2783 et
1011 2727 1254 2783 Joannes
1303 2727 1619 2783 adolescens
1656 2726 2025 2795 Palaeologus;

461 2828 629 2887 seque
659 2832 722 2874 ea
752 2820 986 2874 invicem
1040 2820 1202 2890 700
1264 2818 1643 2874 benevolentia
1697 2816 2027 2886 complecte-

463 2920 675 2976 rentur,
699 2925 807 2980 qua
830 2919 1016 2980 patres
1046 2921 1102 2964 et
1126 2911 1223 2964 lilii
1256 2911 1476 2977 solent;
1514 2910 1805 2979 juniorque
1826 2908 2028 2962 seniori

463 3002 702 3070 potiores
759 2998 994 3054 deferret
1025 2999 1080 3053 in
1117 3001 1393 3066 omnibus,
1425 3014 1487 3053 ac
1541 3008 1763 3069 propter
1815 3007 2029 3053 atatem

464 3090 706 3149 nondum
760 3084 1029 3145 ﬁrmatam
1055 3129 1069 3155 ,
1103 3088 1292 3144 decem
1337 3103 1511 3144 annos
1560 3087 2032 3143 administratione

2104 639 2255 709 ρίους
2282 637 2418 706 ὁμοῦ
2444 634 2631 688 λαῦεῑν
2652 651 2665 665 ·
2704 629 2822 685 ἀλλ’
2847 628 3036 695 ὥσπερ
3064 624 3173 686 τοῖς
3199 621 3406 683 ὅπλοις,
3430 620 3572 672 οὕτω
3598 618 3661 687 δὴ

2104 729 2201 783 καὶ
2244 730 2310 797 τῇ
2346 722 2722 797 μεγαλοψυχίᾳ
2751 719 3041 791 φαίνεσθαι
3087 714 3347 777 νικῶντα,
3400 711 3548 780 ἦπερ
3600 709 3662 776 δὴ

2108 818 2341 887 μεγίστη
2404 816 2550 886 νίκη,
2612 812 2708 867 καὶ
2775 811 3010 880 μάλιστα
3075 806 3431 875 προσήκουσα
3495 798 3664 867 αὐτῷ.

2108 908 2341 961 Ἔπειτα
2385 903 2732 976 ἀπήγγελλον
2764 901 2857 954 καὶ
2901 898 2998 968 τὴν
3033 895 3326 967 πρεσϐείαν
3352 889 3623 962 βασιλίδος
3644 924 3660 947 .

2106 1001 2202 1052 καὶ
2248 998 2462 1052 ἐδέοντο
2511 994 2774 1066 μνημεῖον
2827 990 2927 1059 τῆς
2974 985 3139 1042 αὐτοῦ
3188 981 3514 1039 ἐπιεικείας.
3577 981 3673 1029 καὶ

2110 1088 2535 1161 μεγαλοψυχίας,
2555 1084 2652 1139 καὶ
2679 1083 2968 1144 συνέσεως,
2988 1076 3087 1148 τὴν
3108 1076 3233 1144 περὶ
3258 1075 3384 1135 τοὺς
3408 1072 3673 1141 βασιλέως

2109 1178 2529 1249 εὐγνωμοσύνην
2559 1175 2754 1235 παῖδας
2783 1169 3171 1231 ἀνεξάλειπτον
3202 1166 3313 1226 τοῖς
3340 1165 3419 1224 είς
3443 1162 3673 1230 ὕστερον

2111 1272 2452 1327 καταλιπεῖν.
2502 1267 2824 1322 Ἐλάνθανον
2871 1263 2927 1316 δὲ
2989 1259 3149 1330 ξυρὸν
3202 1255 3527 1317 ἅκονιῖιντες,
3581 1254 3678 1304 xui.

2114 1364 2281 1416 ίππον
2320 1360 2464 1415 Θέειν
2509 1357 2715 1427 ἀγαθὸν
2746 1355 2838 1408 ἐπὶ
2871 1353 3052 1406 πεδίον
3095 1347 3552 1420 προκαλούμενοι.
3587 1345 3681 1406 Ὠς

2114 1455 2225 1526 γὰρ
2261 1454 2422 1523 μόνον
2465 1451 2633 1521 ἤκουε
2677 1447 2803 1511 τοὺς
2844 1443 3036 1511 λόγους
3078 1439 3351 1510 βασιλεὺς,
3392 1435 3568 1526 πάντα
3612 1429 3681 1503 ἦν

2114 1525 2331 1614 ἕτοιμος
2362 1541 2502 1612 ὑπὲρ
2524 1538 2631 1593 τῶν
2665 1534 2928 1609 βασιλέως
2955 1531 3166 1586 παίδων
3189 1528 3471 1599 πράττειν,
3492 1525 3685 1592 ὥσπερ

2119 1634 2280 1698 αὑτὸς
2306 1630 2781 1703 εὐεργετούμενος,
2808 1625 2923 1679 ἀλλ’
2946 1624 3007 1676 ού
3041 1621 3298 1691 παρέχων
3327 1621 3425 1679 τὰς
3460 1617 3688 1683 εὐεργε-

2103 1727 2258 1790 οσίας.
2310 1725 2432 1778 Τῶν
2487 1724 2584 1789 μὲν
2643 1715 2735 1773 οὖν
2790 1715 3093 1786 πρέσϐεων,
3155 1711 3232 1781 τῷ
3281 1705 3527 1776 πενθερῴ
3585 1707 3689 1775 μέν

2120 1816 2397 1879 ὠνείδιζεν
2450 1812 2630 1884 ἠπίως
2683 1810 2784 1879 τὴν
2834 1807 2970 1876 πρὸς
3023 1804 3186 1873 αὑτὸν
3219 1799 3620 1870 ἀγνωμοσύνην
3662 1798 3693 1848 ὁ

2125 1907 2404 1980 βασιλεὺς,
2431 1906 2511 1957 ὅτι
2535 1902 2802 1973 πρότερον
2830 1898 2924 1951 ὐπ’
2950 1895 3159 1948 ἐκείνου
3186 1892 3357 1961 μηδὲν
3384 1888 3691 1980 ἀδικηθεὶς,

2123 1976 2239 2056 ἁλλ’
2263 1999 2311 2051 εί
2337 1997 2418 2050 δεῖ
2443 2012 2495 2048 τι
2520 1992 2753 2062 τάληθὲς
2780 1990 2975 2051 εἰπεῖν,
3009 1986 3103 2039 καὶ
3130 1983 3299 2054 μυρία
3327 1979 3384 2033 εὖ
3418 1977 3631 2041 παθὼν,
3664 1976 3695 2028 ὃ
3752 2042 3757 2045 _

2122 2092 2166 2145 δ’
2190 2090 2464 2162 ἠμείψατο
2484 2090 2592 2149 τοῖς
2618 2082 2900 2146 ἐναντίοις,
2934 2080 3030 2132 καὶ
3058 2077 3148 2130 τὸν
3170 2077 3404 2143 πόλεμον
3431 2070 3696 2137 κεκίνηκε

2125 2183 2248 2238 κατ’
2271 2180 2460 2235 αὑτοῦ.
2479 2176 2748 2246 Παλαμᾶν
2764 2174 2819 2226 δὲ
2846 2171 3056 2242 ἐπῄνει,
3083 2169 3175 2220 καί¹
3195 2165 3395 2227 πολλὰς
3417 2163 3696 2232 ὡμολόγει

2126 2274 2377 2342 χάριτας,
2428 2271 2512 2322 ὅτι
2540 2264 2741 2335 πολλὴν
2772 2263 2912 2333 ὑπέρ
2959 2258 3124 2313 αὑτοῦ
3177 2257 3389 2311 δικαίου
3449 2256 3545 2307 καὶ
3594 2254 3699 2320 τῆς

2125 2360 2384 2431 ἀληθείας
2410 2359 2653 2413 κάκωσιν
2706 2350 3055 2421 ὐπενεγκὼν,
3090 2347 3247 2402 οὐδέν
3294 2345 3519 2413 ἀγεννὲς
3569 2342 3701 2395 οὔτε

2128 2452 2391 2522 ἔπραξεν,
2416 2447 2526 2501 obs’
2556 2443 2859 2515 ἐφθέγξατο
2891 2442 3020 2511 ἄχρι
3059 2439 3267 2500 τέλους.
3309 2437 3541 2489 Ἔπειτα
3567 2434 3698 2486 ἐκέ-

2128 2548 2251 2601 λευε
2278 2543 2403 2604 τοὺς
2431 2538 2567 2611 πρὸς
2592 2535 2840 2608 βασιλίδα
2861 2534 2954 2587 καὶ
2978 2531 3201 2603 βασιλέα
3216 2529 3306 2581 τὸν
3324 2528 3440 2581 υίὺν
3461 2529 3704 2595 γράφειν

2128 2638 2345 2705 ὅρκους.
2371 2630 2480 2684 Καὶ
2502 2628 2807 2698 ἐγράφοντο
2835 2624 2929 2677 ἐπὶ
2951 2622 3187 2686 τούτοις,
3211 2619 3353 2673 ὥστε
3379 2615 3507 2686 μήτ’
3532 2614 3703 2667 αὑτὸν

2129 2721 2430 2795 ἀμύνεσθαι
2456 2719 2578 2781 τοὺς
2606 2715 2999 2779 λελυπηκότας,
3039 2711 3134 2763 καὶ
3168 2709 3427 2769 συνόντας
3453 2710 3509 2759 ἐν
3540 2706 3706 2775 βασι-

2131 2794 2295 2877 λείοις
2346 2811 2581 2884 βασιλίδι
2631 2812 2778 2871 τότε,
2844 2806 2981 2875 μήτε
3035 2800 3268 2871 ζημιοῦν
3316 2798 3516 2869 μηδέν·
3561 2794 3706 2847 ἀλλὰ

2133 2909 2315 2962 πᾶσαν
2358 2899 2663 2973 ἀμνηστίαν
2714 2896 3050 2967 παρέχεσθαι
3094 2894 3205 2949 τῶν
3250 2890 3704 2961 πεπραγμένων·

2136 3000 2273 3069 μήτε
2329 2994 2575 3066 βασιλίδα
2625 2992 2722 3045 καὶ
2773 2988 2999 3060 βασιλέα
3040 2985 3136 3039 τὸν
3191 2985 3306 3045 ttle
3348 2984 3462 3044 τοῖς
3501 2980 3708 3048 ἐκείνῳ
3804 3000 3807 3001 ν

2136 3085 2490 3159 συμπράξασι
2531 3082 2804 3138 κατὰδτδν
2873 3080 3108 3150 πόλεμον
3161 3076 3541 3149 μνησικακεῖν,
3577 3072 3710 3141 μηδ’

469 3180 692 3236 cederet
721 3197 736 3235 :
766 3180 969 3251 quibus
998 3180 1204 3235 exactis
1233 3222 1250 3248 ,
1309 3180 1503 3249 aequali
1549 3178 1873 3234 auctoritate
1903 3194 2019 3234 cum

2133 3181 2435 3248 ἐπιχειρεῖν
2496 3175 2773 3246 βλάπτειν,
2839 3172 2980 3243 μήτε
3027 3170 3224 3261 τέχνη,
3276 3168 3417 3237 μήτε
3482 3166 3707 3261 μηχανῇ

471 3285 538 3324 eo
570 3272 885 3340 imperaret.
916 3270 976 3323 In
1005 3270 1104 3326 has
1131 3271 1474 3327 conditiones
1491 3279 1545 3325 et
1573 3270 1688 3340 ipse
1714 3270 2030 3352 imperator,

470 3367 525 3414 et
552 3361 713 3414 Anna
754 3361 992 3431 Augusta
1017 3374 1142 3415 cum
1175 3360 1283 3415 lilio
1312 3361 1663 3431 imperatore,
1711 3368 1770 3413 ut
1823 3358 1877 3412 in
1909 3373 2032 3427 per-

470 3461 696 3520 petuum
760 3452 1060 3506 servandas
1094 3450 1465 3520 'juravernnt.
1531 3448 1843 3505 Secundum
1885 3448 2035 3517 jura-

473 3554 676 3607 menta,
707 3542 803 3610 qui
845 3541 899 3594 in
928 3540 1128 3611 palatio
1158 3549 1316 3597 erant
1341 3582 1355 3606 ,
1391 3539 1566 3610 portis
1607 3538 1857 3603 reclusis,
1886 3536 2033 3591 Can-

474 3640 796 3685 tacuzenum
865 3630 1247 3700 imperatorem
1302 3641 1663 3700 acceperunt,
1713 3639 1866 3684 sexto
1905 3628 2032 3685 ldus

475 3714 831 3779 Februarias,
891 3731 1039 3771 anno
1091 3716 1241 3773 orbis
1287 3717 1492 3777 conditi
1531 3718 1708 3773 sexies
1740 3717 2030 3771 millesimo

476 3807 932 3878 octingentesimo
966 3808 1418 3881 quinquagesimo
1472 3809 1685 3879 quinto,
1736 3807 2037 3864 indictione

477 3899 665 3967 quinta
697 3900 930 3963 decima.
1810 3898 1817 3899 “

2141 3266 2411 3338 μηδεμιᾷ·
2442 3264 2558 3317 ἀλλ’
2584 3262 2914 3332 ἀμφοτέροις
2937 3257 3281 3314 διαλελύσθαι
3310 3257 3370 3308 τὸ
3409 3256 3548 3324 πρὸς
3577 3254 3709 3315 τοὺς

2140 3358 2425 3427 ἑκατέροις
2472 3356 2904 3425 προσκειμένους
2947 3351 3138 3421 ἔχθος⁶
3188 3350 3415 3420 κτήσεις
3458 3348 3516 3399 δὲ
3564 3346 3715 3414 ἔχειν

2138 3449 2343 3511 πάντας
2398 3447 2495 3508 τὰς
2525 3447 2741 3514 ἑκάστῳ
2784 3442 3167 3514 προσηκούσας
3197 3439 3291 3493 ἀπ’
3320 3440 3518 3508 ἀρχῆς.
3560 3438 3715 3505 Συμ-

2139 3537 2445 3593 ϐασιλεύειν
2481 3536 2538 3589 δὲ
2566 3534 2907 3605 ἀμφοτέρους
2931 3531 3156 3602 βασιλέα
3181 3546 3242 3583 τε
3265 3529 3355 3582 τὸν
3379 3530 3712 3581 Καντακου-

2139 3629 2318 3699 ξηνὸν,
2345 3627 2440 3681 καὶ
2474 3626 2564 3679 τὸν
2605 3624 2971 3691 Παλαιολόγον
3004 3621 3263 3689 Ἰωάννην
3299 3620 3392 3673 τδν
3421 3616 3542 3669 νέον
3566 3616 3719 3685 βασι·

2137 3717 2237 3771 λέα
2259 3731 2272 3746 ο
2315 3715 2410 3769 καὶ
2433 3714 2692 3783 ἀλλήλους
2724 3713 2927 3766 εὐνοεῖν
2951 3710 3051 3781 τὴν
3072 3710 3448 3782 προσήκουσαν
3476 3704 3721 3763 εὔνοιαν,

2146 3806 2388 3876 πατράσι
2424 3806 2519 3857 καὶ
2542 3804 2693 3857 παισὶ
2718 3803 2856 3875 πρὸς
2880 3801 3197 3871 ἑκατέρους.
3232 3797 3509 3851 ’Υπείκειν
3533 3796 3593 3847 δὲ
3622 3797 3719 3846 τὴν

2151 3898 2268 3952 νέον
2300 3897 2377 3968 τῷ
2407 3898 2760 3966 πρεσὸυτὲρῳ
2791 3894 2933 3948 κατὰ
2959 3895 3138 3949 πάντα
3159 3908 3174 3923 ⁸
3205 3893 3300 3945 καὶ
3323 3890 3416 3942 τοῦ
3451 3891 3721 3958 πράττειν

478 3993 627 4063 αὐτῷ
666 3995 1014 4065 παραχωρεῖν
1051 3994 1143 4047 ἐπὶ
1181 3993 1315 4047 δέκα
1343 3993 1487 4047 ἔτεσι
1519 3992 1608 4046 διὰ
1645 3993 1745 4063 τὴν
1782 3992 2002 4062 ἠλικίαν
2027 4007 2041 4023 ο
2088 3990 2225 4059 μετὰ
2251 3988 2409 4042 τοῦτο
2430 3988 2487 4040 δὲ
2515 3987 2611 4055 τῆς
2653 3988 2828 4057 ἀρχῆς
2891 3986 3272 4056 συμμετέχειν.
3334 3981 3580 4034 Τοιοῦτος.
3620 3979 3721 4046 μὲν

478 4086 527 4137 cl
568 4085 721 4152 ὅρκοι
760 4085 1103 4155 ἐγεγένηντο,
1155 4085 1248 4138 καὶ
1312 4083 1475 4147 αὐτός
1531 4099 1589 4134 τε
1623 4081 1836 4152 ὤμνυεν
1872 4083 1902 4135 δ
1980 4081 2255 4151 βασιλεὺς,
2289 4082 2383 4132 καὶ
2415 4082 2446 4145 η
2482 4078 2690 4147 βασιλὶς
2730 4080 2905 4131 ’Λννα
2973 4077 3114 4145 μετὰ
3141 4073 3402 4144 βασιλέως
3430 4071 3524 4124 τοῦ
3577 4071 3721 4131 υἱοῦ,

481 4176 620 4230 ὥστε
666 4173 1079 4247 πνραόήσεσθαι
1109 4174 1244 4245 μηδέ
1301 4191 1459 4231 ποτε.
1493 4172 1901 4242 Τετελεσμένων
1939 4173 1996 4224 δέ
2034 4172 2142 4223 tam
2176 4174 2380 4242 ὅρκων,
2421 4170 2517 4231 τὰς
2569 4167 2740 4230 πύλας
2785 4170 2831 4221 οἱ
2883 4169 2942 4222 ἐν
2992 4166 3291 4238 βασιλείοις
3328 4164 3720 4226 ὐπανοίξαντετ

484 4272 813 4341 εἰσεδέχοντο
866 4272 956 4323 τὸν
1002 4269 1244 4341 βασιλέα,
1284 4269 1445 4340 ὀγδόῃ
1492 4267 1853 4338 Φεόρουαρίου
1919 4265 2234 4334 ἱσταμένου,
2281 4265 2373 4317 ἐπὶ
2418 4266 2526 4334 τοῖς

2604 4264 2765 4326 πέντε
2845 4263 2937 4315 καὶ
2983 4261 3320 4329 πεντήκοντα
3366 4257 3514 4309 ἔτεσι
3595 4258 3723 4323 apo;

485 4363 866 4432 ἑξακισχιλίοις
894 4364 983 4416 καὶ
1014 4361 1375 4425 ὀκτακοσίοις,
1411 4362 1469 4413 ἐν
1502 4360 1720 4428 ίνδίκτῳ
1777 4355 2258 4426 πεντεκαιδεκάτῃ.
