4012 6636
329 475 393 551 ὶῚ
1228 482 1238 494 ’
1643 486 1913 547 PROLE(

1987 484 2162 546 »ΜΕΝ
2173 484 2237 545 Α.
2432 572 2444 583 .
3498 467 3571 544 18

2146 638 2374 649 ...ρ-...-

357 634 3563 678 W

304 964 942 1252 ΤΟΥ
1078 806 3502 1320 ΚΑέῗἛῈόΥΖΗΝΟΥ

1172 1304 1889 1496 ΙΣΤΟΡΙΩΝ
1965 1371 2498 1510 BIBAIA
2591 1311 2741 1491 Δι.

663 1764 1602 2063 JOANNIS'
1733 1762 3264 2025 CANTACUZENI

988 2089 2104 2223 HI'STORIARUM
2200 2094 2628 2278 LIBRI
2744 2095 2962 2224 IV.

1543 2422 1909 2537 macram
1952 2474 2350 2541 amomo.

417 2594 742 2656 Secundus
777 2606 833 2659 et
862 2599 1380 2678 quadragesimus
1412 2619 1613 2660 annus
1643 2601 1745 2663 hic
1774 2602 2010 2679 agitur,
2046 2611 2391 2680 postquam
2406 2601 2685 2663 Iacobus
2720 2601 3047 2669 Pontanus
3074 2600 3410 2663 Societatis
3441 2603 3592 2664 Jesu

334 2699 639 2759 Joannem
668 2699 1173 2762 Cantacuzenum
1206 2700 1487 2763 Orientis
1520 2702 1963 2780 imperatorem
2006 2721 2034 2762 e
2071 2702 2345 2783 palliata
2378 2692 2657 2782 togatum
2685 2702 2837 2781 fecit
2872 2722 2892 2762 :
2926 2702 2999 2764 de
3034 2700 3275 2774 Graeco,
3313 2705 3588 2781 inquam,

336 2803 403 2863 in
434 2802 732 2864 Latinum
763 2803 1079 2883 eleganter
1101 2807 1411 2866 convertit
1441 2825 1460 2865 :
1493 2816 1768 2885 togaeque
1822 2808 1958 2887 ejus
2004 2816 2188 2869 notas
2214 2805 2623 2886 pereruditas
2656 2803 2853 2865 veluti
2889 2820 3247 2884 purpuram
3281 2804 3586 2871 intexuit,

336 2922 412 2964 ne
438 2904 679 2967 scilicet
708 2919 893 2969 terra
921 2908 1178 2970 Gracia:
1205 2911 1501 2988 princeps
1530 2910 1596 2969 in
1627 2908 1950 2989 publicum
1975 2914 2112 2973 sine
2136 2928 2439 2990 purpura
2461 2909 2778 2988 prodiret.
2813 2910 3034 2986 Itaque
3068 2906 3252 2987 longe
3282 2908 3589 2985 optimum

338 3004 732 3083 historicum,
770 3015 826 3068 et
848 3008 1158 3071 veteribus
1192 3002 1403 3070 rerum
1434 3010 1859 3089 scriptoribus
1894 3012 2026 3073 sine
2058 3012 2247 3074 dubio
2280 3011 2794 3090 comparandum.
2829 3028 2953 3090 qua
2977 3009 3171 3083 docti,
3200 3027 3323 3088 qua
3347 3007 3594 3068 indocti

341 3107 622 3168 manibus
642 3108 983 3172 versabant.
1008 3112 1097 3173 Hi
1112 3121 1376 3191 propter
1404 3129 1612 3172 rerum
1640 3122 1958 3191 gestarum
1977 3114 2334 3174 memoriam
2357 3122 2679 3173 auctorem
2701 3110 3044 3172 laudabant
3096 3119 3154 3168 et
3188 3105 3546 3186 probabant
3573 3131 3591 3169 :

343 3206 444 3268 illi
482 3226 693 3270 rerum
734 3212 1097 3273 divinarum
1142 3224 1328 3293 atque
1369 3215 1784 3274 humanarum
1834 3217 2165 3278 scientiam
2208 3216 2274 3274 in
2313 3215 2606 3295 principe
2646 3212 3075 3292 suspiciebant
3113 3231 3133 3270 :
3166 3208 3409 3269 civilem
3436 3210 3595 3270 sani-

337 3331 527 3381 mum,
564 3312 964 3391 prudentiam
1002 3314 1169 3375 domi
1217 3314 1602 3395 militiaeque,
1633 3315 2075 3395 fortitudinem
2108 3316 2175 3376 in
2201 3316 2388 3376 rebus
2438 3313 2774 3375 hostilibus
2813 3332 2830 3370 :
2861 3311 3059 3371 animi
3098 3308 3596 3389 magnitudinem

341 3416 409 3473 in
442 3415 837 3495 perferendis
869 3416 1152 3497 injuriis,
1187 3435 1339 3497 quas
1379 3416 1735 3478 intulerant
1773 3419 2091 3480 modestia:
2136 3418 2358 3490 nescii,
2396 3425 2453 3477 et
2483 3414 2755 3495 pudoris
2803 3414 3016 3491 ignari
3057 3414 3358 3493 homines,
3407 3430 3596 3491 quos-

341 3538 457 3599 que
485 3539 561 3580 επ
589 3538 746 3598 pene
792 3521 988 3582 servis
1021 3519 1254 3583 liberos
1288 3524 1545 3604 fecerat,
1580 3530 1636 3584 et
1674 3540 1751 3584 ea:
1790 3525 2021 3604 infimis
2065 3524 2407 3595 hominum,
2450 3539 2746 3581 summos.
2784 3520 3068 3599 Denique
3107 3520 3174 3579 in
3218 3519 3598 3595 imperatore

344 3622 726 3683 clementiam
769 3638 916 3699 ergo
964 3622 1188 3696 hostes,
1235 3622 1459 3702 dignos
1504 3627 1795 3705 profecto
1828 3627 1938 3705 qui
1981 3626 2242 3688 hostilia
2283 3632 2695 3704 paterentur,
2729 3622 3148 3704 funditusque
3192 3619 3593 3685 tollerentur.

341 3725 664 3789 Postremo
694 3727 1150 3790 abdicationem
1184 3733 1453 3810 imperii,
1494 3733 2063 3813 despectionemque
2090 3751 2338 3793 summa:
2372 3732 2465 3792 rei
2496 3729 2993 3801 demirabantur,
3027 3729 3208 3809 cujus
3241 3743 3428 3785 causa
3458 3723 3596 3802 ple-

345 3828 522 3903 rique
539 3829 698 3907 jura
727 3830 938 3891 divina
970 3833 1356 3909 humanoque
1384 3835 1654 3903 violant,
1687 3845 1745 3896 et
1774 3853 2086 3895 secessum
2109 3836 2177 3894 in
2204 3836 2679 3902 monasterium,
2712 3850 2832 3911 quo
2866 3829 3201 3891 solitarius
3229 3842 3600 3911 separatus-

346 3947 462 4008 que
511 3947 589 3988 θέε
640 3930 962 3990 hominum
1010 3932 1373 4010 frequentia
1418 3935 1744 4012 puriorem
1801 3945 1860 3995 et
1910 3935 2292 3995 sanctiorem
2335 3938 2528 3995 vitam
2577 3937 2839 3996 viveret.
2888 3934 2998 4005 Hi,
3048 3933 3323 4011 inquam,
3378 3932 3594 4003 idest,

347 4030 581 4091 Grarca?
603 4030 835 4109 lingua:
853 4032 1072 4105 nescii,
1095 4051 1225 4092 non
1245 4034 1434 4095 aliter
1454 4053 1635 4115 quam
1655 4037 1873 4096 Latine
1897 4036 2241 4116 loquentem
2264 4035 2487 4096 vellent
2517 4058 2533 4097 :
2557 4035 2679 4107 illi,
2714 4036 2779 4096 id
2804 4045 2914 4108 est,
2947 4033 3242 4096 callentes
3270 4035 3601 4111 utriusque
3705 4098 3717 4109 υ

346 4132 579 4213 lingua:
605 4136 851 4197 diutius
871 4138 1037 4217 ferre
1056 4157 1181 4198 non
1205 4150 1525 4217 poterant,
1548 4150 1616 4201 ut
1644 4140 1898 4202 Grcecus
1923 4152 2151 4202 auctor
2173 4141 2382 4214 aliter,
2410 4158 2592 4219 quam
2615 4140 2825 4203 Grace
2849 4139 3232 4218 loqueretur.
3260 4137 3443 4213 Quod
3463 4156 3601 4195 cum

348 4239 725 4316 intelligeret
750 4238 1233 4300 illustrissimus
1252 4243 1353 4301 vir
1374 4244 1445 4306 D.
1469 4241 1542 4301 de
1565 4242 1808 4321 Noyers
1833 4248 1970 4323 regi
1986 4244 2060 4305 ab
2085 4245 2325 4305 intimis
2349 4241 2638 4305 consiliis
2660 4243 3009 4315 etsecretis,
3031 4240 3389 4319 cujus-cura:
3405 4235 3600 4314 adi/i-

350 4344 446 4405 cia
468 4341 664 4418 regia,
685 4351 873 4413 artes,
892 4334 1148 4421 ipsaque
1172 4343 1591 4421 typographia
1614 4346 1786 4422 regia
1797 4347 2103 4423 permissa
2122 4355 2296 4417 sunt,
2318 4363 2436 4425 pro
2457 4343 2778 4424 singulari
2790 4341 3181 4405 humanitate
3200 4358 3341 4414 sua,
3358 4355 3601 4417 proque

350 4444 567 4501 innato
600 4461 727 4503 non
760 4443 1011 4519 vulgari
1056 4459 1202 4521 erga
1233 4440 1479 4503 litteras
1515 4443 1771 4523 affectu,
1812 4463 2079 4523 quarum
2124 4445 2649 4523 propagationem
2692 4442 2777 4504 ad
2807 4459 3105 4503 summam
3151 4440 3601 4518 rempublicam

346 4549 664 4626 pertinere
689 4548 887 4627 probe
921 4550 1064 4617 scit,
1096 4552 1311 4608 statim
1342 4549 1646 4628 optimum
1670 4552 1905 4628 factum
1928 4551 2132 4612 videri
2169 4550 2293 4611 sibi
2321 4548 2736 4626 signiﬁcavit,
2757 4555 2829 4607 ut
2858 4553 3153 4623 δίγλωττος
3177 4544 3463 4606 ederetur
3492 4528 3603 4605 au-

351 4659 489 4708 ctor
524 4650 660 4711 luce
696 4651 1125 4739 dignissimus,
1169 4672 1291 4733 quo
1339 4663 1638 4732 utrosque
1677 4656 1811 4715 voti
1851 4665 2167 4733 compotes
2198 4657 2498 4734 faceret:
2528 4664 2719 4732 utque
2753 4652 2888 4730 ipse
2932 4650 3411 4710 Cantacuzenus
3462 4670 3600 4710 cum
3662 4656 3665 4663 ‘

352 4748 540 4810 tineis
571 4762 623 4813 et
660 4751 879 4815 blattis
906 4772 1191 4831 pugnare
1223 4755 1554 4825 desineret,
1588 4756 1699 4834 qui
1729 4764 1821 4815 tot
1850 4773 2096 4834 pugnas
2126 4764 2493 4835 pugnasset,
2529 4761 2738 4830 totque
2771 4751 3085 4812 hominum
3118 4759 3360 4827 strages
3389 4750 3604 4828 prius-

350 4875 533 4937 quam
565 4874 593 4915 e
618 4856 900 4916 virorum
934 4875 1190 4916 numero
1224 4858 1627 4929 eximeretur,
1673 4858 1962 4918 edidisset
1996 4881 2015 4918 :
2046 4878 2164 4938 quo
2196 4861 2365 4938 facto
2401 4859 2645 4937 egregio
2669 4859 2852 4916 'nemo
2886 4873 3033 4915 sane
3065 4858 3317 4935 sapiens
3346 4854 3461 4915 ibit
3495 4855 3598 4913 in-

352 4960 554 5037 ﬁcias,
610 4959 1116 5020 illustrissimum
1162 4961 1367 5019 virum
1416 4961 1649 5038 optime
1690 4961 1764 5019 de
1822 4952 2056 5021 litteris
2102 4980 2227 5020 esse
2266 4962 2703 5038 promeritum,
2749 4978 2938 5037 eoque
2991 4960 3240 5018 nomine
3284 4960 3501 5019 unicas
3548 4955 3603 5015 ei

242 5084 247 5088 ο
354 5062 598 5140 gratias
628 5062 921 5141 agendas.
962 5063 1127 5137 Quin
1162 5064 1307 5136 imo,
1343 5061 1405 5122 si
1429 5063 1580 5144 quid
1617 5082 1824 5125 manes
1855 5068 2158 5139 sentiunt,
2204 5067 2268 5127 id
2302 5068 2425 5143 ipsi
2458 5066 2890 5128 Cantacuzeno
2925 5065 3428 5142 acceptissimum
3460 5064 3601 5142 fore

355 5164 648 5223 credibile
679 5175 791 5236 est,
835 5164 999 5242 quod
1032 5163 1271 5222 Latina:
1297 5162 1526 5241 linguae
1558 5174 1610 5225 et
1638 5165 1865 5225 ercw
1885 5165 2150 5245 quodam
2183 5166 2504 5226 consortio
2542 5166 2721 5245 quasi
2755 5161 3203 5243 quodammodo
3240 5163 3404 5220 inter
3432 5170 3599 5220 vete-

353 5282 482 5323 rem
520 5284 872 5353 novamque
927 5268 1180 5326 Romam
1226 5267 1374 5327 bene
1423 5269 1755 5327 convenire
1800 5267 2110 5339 videatur,
2164 5268 2331 5346 quod
2382 5267 2485 5328 ille
2516 5269 2697 5329 vivus
2742 5266 3175 5344 percupierat.
3221 5264 3360 5324 Hoc
3402 5263 3603 5343 igitur

353 5368 587 5446 fruere,
616 5368 831 5442 lector,
866 5380 922 5430 et
956 5370 1313 5448 bene/icium
1349 5386 1613 5448 agnosce
1639 5372 1791 5441 viri,
1824 5388 1943 5449 quo
1974 5371 2260 5431 nemoad
2298 5370 2493 5432 bonas
2536 5379 2702 5429 artes
2732 5366 3209 5445 promovendos,
3245 5376 3297 5425 et
3337 5368 3600 5443 eximios

355 5471 432 5533 ab
462 5481 600 5533 arte
629 5474 801 5534 viros
819 5472 1141 5553 juvandos
1171 5473 1549 5550 propensior
1595 5474 1878 5545 exsistit,
1912 5474 1971 5533 si
2009 5491 2136 5533 non
2162 5473 2454 5549 ingratus
2498 5481 2683 5551 atque
2715 5468 2789 5529 ab
2829 5468 2997 5528 omni
3026 5466 3413 5530 humanitate
3450 5468 3602 5527 alie-

354 5594 474 5635 nus
508 5596 568 5635 es
630 5576 816 5651 Quod
844 5578 899 5636 si
930 5586 987 5636 te
1014 5577 1111 5637 hic
1147 5596 1387 5656 aquum
1431 5575 1799 5653 prwbueris,
1832 5576 2043 5653 primo
2082 5594 2320 5655 quoque
2360 5587 2637 5654 tempore
2681 5591 2885 5633 omnes
2916 5573 3200 5633 historiw
3237 5572 3612 5650 Byzantina,

355 5681 700 5758 scriptores
752 5690 877 5741 tam
913 5680 1133 5750 editos,
1166 5698 1351 5760 quam
1383 5698 1570 5737 manu
1603 5688 1898 5738 exaratos
1949 5679 2121 5758 typis
2163 5681 2355 5756 regiis
2390 5678 2653 5739 edendos
2691 5675 2960 5757 ejusdem
3010 5673 3434 5735 illustrissimi
3477 5673 3603 5733 viri

358 5782 574 5856 ductu,
620 5794 675 5844 et
720 5786 885 5863 regis
922 5784 1450 5847 Christianissimi
1496 5784 1805 5862 auspiciis
1853 5767 2179 5860 prolaturi
2221 5802 2433 5842 sumus
2465 5804 2484 5842 :
2514 5783 2585 5842 de
2635 5782 2813 5859 cujus
2856 5780 2953 5839 rei
2995 5778 3278 5838 utilitate
3322 5774 3604 5854 plerique

363 5902 569 5950 omnes
600 5886 1023 5948 consentiunt.
1075 5886 1184 5947 Vos
1217 5887 1326 5964 qui
1356 5885 1601 5946 litteras
1638 5885 1885 5956 (innatis,
1931 5887 2146 5953 fat‘etr,
2194 5895 2245 5943 et
2281 5882 2541 5944 consilio
2563 5874 2802 5959 juva'e.
2848 5878 3061 5951 Fama,
3097 5878 3326 5948 virtus,
3367 5885 3418 5934 et
3453 5877 3608 5935 recti
