4012 6624
499 481 567 546 :9
1597 479 1937 547 JQANNES
1977 450 2600 545 c'stracuzsxus.
2890 434 2895 445 ¹
3669 471 3742 535 'z‘o

494 616 671 660 amor
717 617 848 660 cum
881 597 1230 671 deseruere,
1278 597 1387 677 qui
1425 596 1673 658 litteras
1705 614 1831 656 non
1871 608 2060 666 amat,
2100 603 2207 654 aut
2256 612 2353 653 eus
2395 592 2665 653 incultas
2714 592 2941 653 deserit
2976 612 2993 651 :
3029 600 3084 651 et
3116 591 3370 668 penitus
3407 590 3748 667 inglorius,

492 702 856 783 relju-dicio
890 721 1001 761 suo
1035 719 1146 760 nec
1177 700 1497 769 memoria,
1534 718 1729 779 neque
1763 697 1994 758 litteris
2032 697 2290 772 dignum
2321 696 2659 775 quidquam
2686 696 2899 772 gessit,
2942 693 3047 753 sed
3075 692 3244 771 quod
3288 705 3518 754 (eterna
3550 690 3748 753 silen-

494 806 581 866 tio
614 805 806 883 magis
838 802 1223 862 obruendum
1252 801 1358 872 sit,
1391 818 1574 880 quam
1613 801 1969 858 litterarum
2011 796 2424 856 munumentis
2456 793 2900 854 mandandum.
2942 790 3102 853 Vale.

1658 988 3697 1011 Μ

1472 1157 1600 1267 -.Ι.
1691 1154 2321 1267 PONTANI
2410 1153 2530 1266 S.
2622 1154 2733 1269 J.

1034 1383 1141 1441 AD
1181 1366 1596 1441 CANDIDUM
1642 1376 1745 1438 ET
1796 1373 2213 1436 ERUDITUM
2260 1358 2693 1438 LECTOREM
2740 1375 3196 1439 ramento.

482 1671 878 1738 Interpra'taudi
925 1670 1061 1727 latis,
1096 1670 1296 1723 occasio
1327 1668 1556 1739 suscepti
1588 1664 2043 1739 laboris,_uiicto_r.
2077 1664 2127 1719 Δ
2220 1660 2493 1715 Caeterum
2522 1677 2647 1715 cum
2684 1660 2738 1717 in
2776 1661 2880 1717 hoc
2907 1679 3129 1733 quoque
3158 1675 3267 1719 tam
3299 1669 3581 1735 praestanti
3612 1684 3737 1723 mu-

555 1733 874 1802 wconomia,
919 1750 1158 1807 tempus.
1205 1738 1381 1798 lactis,
1436 1733 1758 1807 pra’conium
1807 1733 2050 1807 Historia:

553 1812 836 1882 propositap
866 1826 884 1864 :
910 1820 957 1863 et
992 1805 1203 1864 tandem
1240 1809 1367 1879 quid
1394 1805 1605 1862 a'rzobis
1638 1808 1929 1877 prwstilum
1960 1805 2052 1857 sit.

553 1947 657 2014 Qui
706 1950 773 2002 de
823 1947 1030 2002 Graecis
1083 1946 1444 2009 iklaatinum
1495 1952 1823 1998 convertere
1864 1958 2053 2013 aggre-

483 2040 805 2107 diuntur,et
834 2040 1010 2113 bonos
1043 2039 1342 2107 scriptores
1375 2038 1543 2092 veluti
1577 2036 1920 2091 immortales
1955 2050 2054 2104 pe-

485 2132 754 2201 regrinos.
802 2141 968 2200 atque
1012 2131 1081 2185 ab
1108 2130 1311 2185 exteris
1338 2128 1655 2198 regionibus
1691 2128 1757 2182 ad
1790 2143 1847 2182 se
1876 2126 2053 2181 venti-

484 2232 688 2288 lantes,
730 2223 973 2293 hospitio
1016 2224 1327 2277 humaniter
1369 2237 1433 2275 ac
1478 2222 1713 2289 benigne
1752 2220 2049 2288 accipiunt,

479 2329 681 2384 eosque
709 2315 898 2385 patriae
934 2330 1044 2369 sua:
1072 2315 1333 2383 linguam,
1366 2326 1547 2366 mores
1591 2321 1646 2365 et
1676 2311 1925 2365 instituta
1952 2309 2053 2362 do-

479 2422 605 2461 cere
635 2417 928 2466 conantur.
962 2422 1074 2473 quo
1114 2410 1339 2472 (contra
1375 2420 1540 2475 quam
1586 2404 1717 2458 olim
1750 2403 1900 2456 civili
1938 2402 2050 2456 Ro-

479 2513 764 2553 manorum
802 2501 925 2570 jure
968 2499 1419 2569 permittebatur,
1475 2514 1573 2568 per
1621 2497 1767 2566 quod
1811 2498 2048 2550 duarum

476 2591 761 2646 civitatum
814 2591 953 2646 ciuis
995 2606 1117 2645 esse
1160 2608 1323 2645 nemo
1360 2590 1610 2660 poterat)
1660 2591 1712 2643 in
1767 2599 2051 2660 posterum

476 2698 588 2738 non
634 2685 815 2751 minus
846 2682 990 2739 inter
1026 2683 1274 2745 Latinos,
1307 2684 1470 2754 quam
1503 2686 1647 2738 inter
1679 2683 1897 2738 Graecos
1928 2700 2056 2754 pro-

479 2772 625 2827 ﬁteri
659 2786 884 2842 queant,
922 2792 1004 2835 nae
1039 2775 1117 2829 illi
1161 2790 1365 2828 munus
1393 2781 1524 2829 sane
1557 2775 1871 2844 pulchrum,
1898 2775 2051 2829 utili-

479 2868 630 2930 tatis,
676 2870 1149 2940 jucunditatisque
1186 2872 1423 2939 plenum.
1464 2869 1603 2923 addo
1633 2869 1823 2931 etiam,
1863 2867 1965 2922 nisi
1994 2867 2050 2921 in

476 2976 545 3016 eo
577 2963 1158 3033 exercitationemjam
1195 2964 1466 3031 ceperint,
1498 2961 1846 3031 impeditura.
1875 2977 1939 3016 ac
1969 2962 2051 3015 la-

476 3050 762 3106 boriosum
799 3053 1212 3123 aggrediuntur.
1259 3054 1399 3121 Quid
1441 3054 1617 3112 enim.
1658 3053 1886 3129 amabo,
1923 3068 2048 3107 cum

476 3143 737 3197 universo
763 3160 965 3214 genere
993 3145 1324 3205 litterarum,
1361 3155 1474 3200 tum
1507 3145 1724 3199 duabus
1760 3145 1911 3199 hisce
1942 3144 2050 3198 lin-

475 3234 618 3305 guis,
646 3235 834 3291 Graeca
869 3236 1101 3296 scilicet.
1133 3252 1196 3290 ac
1225 3236 1439 3299 Latina,
1468 3238 1674 3307 quibus
1696 3237 1916 3303 divinat,
1942 3238 2046 3290 hu-

428 3390 433 3395 Α
475 3341 759 3395 manchue
812 3337 981 3388 artes,
1037 3337 1092 3382 et
1137 3329 1384 3382 scientia:
1432 3344 1623 3382 omnes
1665 3330 2044 3390 continentur,

474 3416 829 3484 prmclarius?
876 3419 1008 3488 quid
1056 3418 1401 3488 elegantius?
1441 3435 1674 3489 quarum
1723 3422 1774 3473 in
1818 3430 2047 3490 utraque

411 3545 414 3549 ν
474 3517 786 3572 versantur,
820 3509 924 3579 qui
968 3508 1034 3562 de
1077 3509 1246 3563 altera
1285 3509 1339 3562 in
1386 3509 1613 3563 alteram
1653 3510 1793 3564 bona
1841 3514 2045 3578 scripta

474 3598 793 3676 transferre,
837 3601 993 3655 etde
1039 3602 1417 3656 doetrinarum
1466 3602 1795 3668 c:mdidatis,
1836 3619 2044 3672 perque

476 3687 600 3743 illos
652 3688 722 3742 de
776 3690 1062 3744 hominum
1110 3707 1311 3762 genere
1361 3709 1524 3762 quam
1577 3695 1784 3763 optimc
1843 3694 2043 3747 mereri

472 3778 655 3848 (quod
699 3779 875 3850 ipsum
899 3791 985 3838 est
1022 3783 1079 3837 in
1112 3784 1305 3853 primis
1349 3784 1659 3854 laudabile)
1693 3786 2041 3841 annituntur.

470 3869 693 3949 Etcum
741 3874 1043 3928 etiamnum
1080 3876 1230 3931 haud
1267 3893 1438 3948 pauca
1484 3878 1540 3932 in
1586 3878 1791 3934 Graecis
1834 3879 2045 3934 codici-

472 3961 596 4025 bus,
637 3978 734 4032 per
766 3965 1097 4021 illustriores
1133 3968 1582 4037 praepotentium,
1618 3984 1681 4023 ac
1722 3968 2038 4038 principum

472 4053 743 4120 viromm,
773 4067 831 4111 et
859 4073 1041 4112 rerum
1068 4059 1413 4128 publicarum
1438 4060 1804 4115 bibliothecas
1833 4061 2041 4126 abdita,

471 4156 527 4199 et
557 4147 766 4201 inclusa
794 4134 1018 4212 lateant,
1042 4150 1245 4220 quibus
1277 4152 1331 4205 in
1358 4165 1608 4221 apertum
1653 4152 1889 4219 proditis
1922 4169 2042 4206 creo

471 4251 649 4301 scere,
681 4254 745 4293 ac
773 4243 1060 4311 propagari
1094 4246 1269 4311 possit
1300 4242 1351 4296 in
1376 4258 1592 4297 omnem
1617 4252 1826 4312 partem
1853 4252 2040 4297 nostra

2090 3006 2126 3058 Β
2159 3036 2418 3101 Quaenam
2460 3052 2591 3106 ergo
2623 3036 2755 3089 mihi
2787 3035 3093 3090 semidocto
3122 3036 3263 3092 fama
3294 3040 3564 3108 speranda
3592 3040 3735 3096 fuit?

2158 1767 2289 1807 nere
2312 1752 2657 1819 elaborandi,
2687 1764 2738 1809 et
2765 1754 2989 1823 aliquod
3017 1771 3201 1826 Operae
3225 1759 3461 1827 pretium
3492 1759 3729 1814 faciendi

2158 1845 2410 1899 voluntas
2462 1859 2573 1898 non
2618 1845 2913 1900 mediocris
2958 1848 3068 1916 jam
3124 1850 3334 1917 pridem
3389 1851 3522 1904 mihi
3578 1853 3729 1906 haud

2102 1918 2123 1941 ⁸
2156 1933 2433 1997 άεΐυρνὶῐ,,
2454 1934 2815 1988 nihilominus
2853 1937 2971 2004 ejus
3002 1937 3357 1993 didicultates
3389 1943 3732 2011 cogitatione

2155 2027 2646 2093 complectentem,
2701 2042 2811 2082 non
2854 2028 3076 2097 quidem
3132 2031 3309 2098 pudor
3356 2032 3728 2096 subruszicus.

2156 2116 2249 2171 sed
2282 2110 2461 2171 metus
2494 2116 2739 2186 quidam,
2777 2128 2831 2173 ut
2876 2119 3144 2182 arbitror,
3195 2118 3470 2191 ingenuus
3515 2130 3734 2193 semper

2156 2207 2475 2264 absterruit.
2509 2208 2575 2262 Et
2605 2208 2792 2262 nescio
2824 2211 3110 2279 quomodo
3138 2213 3311 2267 haeret
3345 2216 3399 2268 in
3451 2216 3729 2278 meduilis.

2157 2315 2259 2355 nec
2300 2299 2551 2354 oblivisci
2591 2316 2757 2369 queo,
2798 2303 2944 2371 quod
2983 2304 3127 2370 apud
3170 2308 3497 2374 scriptorem
3545 2324 3732 2377 persa-

2155 2394 2393 2463 pientem
2420 2393 2600 2462 legere
2626 2394 2848 2447 memini
2877 2413 2890 2448 :
2920 2406 3179 2464 praestare
3205 2399 3421 2459 timere,
3448 2416 3609 2469 quam
3638 2418 3737 2455 au-

2155 2483 2286 2536 dere
2329 2482 2381 2535 in
2424 2481 2644 2536 ltteris.
2703 2484 2950 2538 Accessit
3018 2485 3084 2539 ad
3147 2503 3233 2541 me
3297 2490 3729 2555 retardandum,

2154 2572 2300 2642 quod
2355 2574 2448 2643 qui
2506 2575 2810 2641 primorum
2871 2576 3067 2643 primi,
3124 2562 3507 2649 Signil'eriljue,
3564 2594 3731 2651 atque

2154 2662 2314 2726 adeo,
2347 2664 2441 2733 qui
2478 2663 2839 2733 interpretum
2876 2666 3137 2721 familiam
3184 2669 3387 2741 ducere
3416 2674 3732 2726 exFStimau-

2157 2765 2265 2818 tur,
2308 2756 2392 2810 vel
2423 2756 2479 2809 in
2517 2770 2627 2809 uno
2660 2757 2799 2810 libro
2830 2759 3210 2813 convertendo
3240 2763 3579 2817 creberrime
3612 2764 3729 2817 hal-

2154 2848 2405 2912 lucinati,
2450 2860 2617 2920 atque
2648 2865 2681 2903 a
2718 2850 2913 2912 lineis,
2944 2851 3104 2920 ,quod
3144 2853 3391 2916 dicitur,
3434 2856 3727 2920 excidisse,

2156 2940 2566 3011 diligentiorum
2629 2942 3108 2997 animadversone
3170 2944 3503 3013 deprehensi
3578 2959 3750 3019 sunt“

2159 3128 2669 3190 Verumenimvero,
2701 3137 3076 3193 cunctantem,
3134 3145 3200 3185 ac
3228 3132 3609 3200 {trepidantem
3637 3150 3729 3188 sa-

2154 3220 2426 3290 pientium
2477 3220 2723 3274 virorum
2776 3220 3079 3274 auctoritas
3127 3226 3445 3286 commovit,
3500 3224 3730 3294 ipsaque

2157 3314 2296 3367 ratio
2320 3311 2686 3374 conﬁrmavit,
2708 3321 2766 3364 ut
2786 3312 3079 3382 aliqtl’ando
3103 3314 3158 3367 in
3182 3314 3394 3370 istltane
3416 3318 3726 3386 palaestram

2155 3404 2547 3459 descenderem
2597 3422 2610 3455 :
2656 3403 2949 3473 siquidem,
2997 3407 3149 3475 juxta
3210 3406 3509 3477 vulgatum,
3566 3426 3727 3465 nemo

2155 3498 2402 3552 nascitur
2432 3494 2625 3549 artifex
2654 3511 2669 3548 :
2701 3505 2757 3549 et
2783 3511 2874 3551 ars
2908 3497 3057 3551 nulla
3091 3505 3195 3561 est,
3233 3498 3287 3552 in
3317 3516 3423 3568 qua
3459 3520 3562 3554 non
3594 3519 3722 3571 poc-

2154 3596 2331 3648 cando
2388 3594 2679 3647 discatur:
2716 3592 2973 3663 quodque
3018 3594 3177 3649 nobis
3222 3597 3406 3664 pueris
3446 3584 3725 3667 quondam

2156 3697 2518 3757 praeceptores
2540 3687 2597 3740 in
2625 3686 2754 3739 ludo
2774 3686 3112 3756 ingerebant,
3130 3687 3232 3755 Qui
3258 3705 3537 3759 nunquam
3564 3692 3727 3755 male,

2156 3794 2436 3847 nunquam
2473 3779 2632 3833 bene.
2664 3779 2887 3834 Factum
2939 3780 3128 3849 igitur,
3165 3790 3225 3847 ut
3263 3796 3387 3833 cum
3432 3785 3727 3836 serenissi-

2155 3885 2274 3923 mus
2341 3870 2601 3924 Boiorum
2667 3869 2924 3940 princeps
2976 3862 3380 3927 Maximilianus
3447 3875 3729 3929 societatis

2155 3974 2355 4019 nostra:
2406 3963 2726 4020 domesticis
2784 3974 3110 4035 potestatem
3158 3967 3505 4031 liberaliter,
3559 3980 3727 4037 alque

2154 4057 2299 4110 ultro
2337 4048 2718 4123 concessisset,
2761 4072 2793 4112 e
2839 4057 3216 4112 voluminibus
3262 4058 3466 4114 Graecis
3512 4062 3722 4114 calamo

2149 4148 2388 4202 exaratis
2423 4148 2692 4218 (quorum
2725 4149 2891 4203 habet
2921 4150 2977 4203 in
3002 4149 3336 4205 bibliotheca
3366 4168 3462 4206 sua
3496 4153 3724 4206 nobilis—

2150 4241 2287 4293 sima
2322 4241 2674 4296 lectissimam
2706 4243 2954 4313 copiam)
2984 4243 3366 4312 depromendi,
3392 4253 3449 4298 et
3479 4246 3546 4299 ad
3573 4262 3726 4299 com-

471 4330 730 4393 eruditio,
764 4346 959 4387 eorum
995 4335 1198 4399 studia,
1237 4336 1329 4405 qui
1374 4336 1429 4389 id
1472 4344 1756 4405 praestant,
1802 4335 2038 4389 fructum
2074 4361 2116 4416 ο
2154 4348 2376 4385 munem
2426 4350 2605 4396 usum,
2652 4337 3224 4405 emolumentumque,
3286 4339 3444 4408 cujus
3497 4338 3725 4392 incenso

467 4422 615 4476 ferre
650 4437 1006 4494 permagnum
1036 4427 1162 4496 quis
1191 4426 1527 4482 inliciabitur
1548 4428 1571 4480 ἲ
1594 4426 1701 4482 Sed
1727 4421 2041 4497 quanquam

370 4548 376 4554 η
468 4513 629 4569 labor
664 4515 711 4569 is
737 4516 916 4572 adhuc
949 4518 1260 4589 tyronibus,
1286 4535 1701 4589 paucorumque
1734 4520 2045 4589 stipendio-

472 4621 594 4660 rum
644 4607 916 4663 militibus
966 4611 1249 4679 operosior
1279 4611 1479 4666 accidit
1534 4621 1850 4681 propterea,
1882 4611 2042 4681 quod

472 4694 745 4769 permulta
798 4701 955 4762 vitia,
993 4711 1049 4758 et
1089 4714 1313 4773 peccata
1346 4713 1669 4769 occurrunt,
1715 4718 1838 4772 quzc
1869 4704 2045 4757 vitare

469 4789 691 4845 dillicile
717 4800 802 4847 est
832 4792 1028 4863 (cujus
1060 4795 1137 4847 rei
1177 4808 1286 4847 non
1316 4792 1434 4847 leve
1464 4802 1869 4862 argumentum,
1892 4794 2041 4862 quod

469 4897 595 4935 cum
647 4885 977 4951 interpretes
1021 4900 1160 4953 pene
1204 4885 1657 4950 innumerabiles,
1707 4889 2043 4943 excellentes

471 4983 677 5036 tamen,
736 4984 899 5045 atque
927 4976 1197 5044 perfectos
1231 4977 1524 5032 admodum
1565 4995 1718 5033 raros
1754 4981 2043 5039 nominare

472 5068 811 5137 possumus),
846 5052 1208 5125 nihilominus
1250 5071 1305 5124 in
1361 5072 1462 5125 ista
1497 5081 1924 5142 quantacunque
1956 5073 2042 5146 iq-

472 5163 808 5231 terpretandi
852 5162 1243 5230 defatigatione
1269 5208 1282 5230 ,
1339 5180 1403 5220 ac
1431 5166 1677 5221 molesria
1705 5206 1717 5228 ,
1767 5166 2042 5223 suavitate

471 5234 707 5320 quadam
772 5254 1145 5323 perfunditur,
1197 5255 1557 5326 expleturquc
1607 5257 1868 5319 animus,
1916 5273 2043 5311 cum

471 5345 578 5398 sibi
622 5346 675 5398 in
722 5346 845 5399 sinu
887 5346 1293 5415 quodammodo
1322 5350 1471 5403 nasci
1511 5348 1830 5403 thesaurum
1867 5348 2040 5414 videt,

472 5440 620 5503 unde
658 5440 926 5493 bonarum
975 5440 1283 5494 litterarum
1321 5440 1490 5494 ditior
1538 5440 1776 5494 evadat:
1812 5454 2042 5509 qumque

473 5530 739 5584 hactenus
774 5539 853 5585 tot
900 5532 1207 5594 hominum,
1253 5532 1420 5586 etiam
1449 5531 1819 5593 eruditorum,
1871 5533 2040 5585 millia

458 5615 819 5690 'igumarunt,
849 5624 1130 5694 multoque
1156 5625 1387 5686 diutius,
1419 5640 1481 5677 ac
1511 5637 1774 5692 perpetuo
1808 5623 2039 5677 forsitan

2152 4436 2371 4481 tenetur
2420 4427 2719 4493 desiderio,
2769 4429 3169 4498 interpretandi
3218 4446 3339 4499 qua:
3388 4431 3721 4500 placuisset,

2146 4536 2249 4589 ego
2302 4521 2357 4573 in
2406 4520 2555 4575 hunc
2601 4535 2711 4574 non
2761 4520 3181 4575 Christodulum
3237 4523 3454 4591 utique.
3513 4526 3608 4576 sed
3666 4523 3720 4576 in

2149 4615 2481 4680 ipsissimum
2552 4615 2821 4669 Joannem
2872 4614 3318 4669 Cantacuzenum
3354 4615 3652 4669 iueiderim
3705 4632 3723 4669 :

2147 4721 2258 4777 quo
2287 4707 2354 4759 ad
2384 4716 2625 4777 gustum,
2659 4707 3101 4775 sententiamque
3136 4724 3312 4761 meam
3344 4707 3479 4761 nihil
3506 4723 3726 4761 accom-

2146 4800 2442 4862 modatius,
2467 4800 2602 4855 nihil
2625 4800 2689 4853 ad
2716 4794 2891 4868 prima
2922 4799 3129 4853 militia:
3153 4800 3317 4869 hujus
3347 4801 3606 4854 tentanda
3632 4815 3717 4867 pe-

2148 4893 2345 4955 ricula,
2378 4902 2604 4961 propter
2635 4891 2956 4946 facilitatem
2986 4891 3283 4961 quamdam
3329 4893 3450 4963 ejus
3494 4892 3552 4945 in
3585 4890 3726 4945 scri-

2148 4984 2330 5039 bendo
2370 4985 2739 5052 opportunius
2766 4982 3009 5036 nancisci
3048 4982 3375 5051 potuissem.

2219 5078 2310 5132 Sic
2334 5077 2559 5130 omnino
2586 5084 2688 5139 est,
2717 5085 2775 5128 ut
2809 5076 2945 5141 dixi,
2980 5075 3036 5129 in
3074 5076 3343 5130 Joannem
3374 5075 3718 5129 Cantacuze-

2148 5182 2281 5221 num
2329 5166 2499 5220 incidi
2546 5182 2560 5218 :
2601 5166 2692 5233 qui
2723 5165 2948 5235 quidem
3000 5180 3111 5234 quo
3160 5144 3721 5231 conuuodius'hujus

2148 5257 2278 5311 libri
2315 5257 2399 5309 sui
2434 5258 2781 5310 occasionem
2810 5298 2821 5321 ,
2856 5272 3164 5325 causasque
3206 5254 3428 5308 aﬂ‘erret
3453 5297 3467 5318 ,
3499 5266 3553 5310 et
3591 5273 3720 5324 per-

2149 5364 2343 5403 sonam
2370 5360 2525 5400 suam
2561 5349 2767 5401 celaret
2798 5348 2982 5417 (quod
3008 5356 3188 5401 tamen
3224 5348 3368 5401 haud
3400 5353 3533 5400 satis
3561 5360 3721 5404 caute

2149 5440 2303 5503 fecit,
2340 5448 2399 5492 nt
2426 5454 2551 5492 mox
2582 5439 2831 5500 docebo)
2865 5438 3020 5508 ﬁngit
3051 5455 3080 5493 a
3116 5441 3354 5510 quodam
3406 5440 3527 5493 Nilo
3562 5440 3720 5492 fami-

2146 5531 2267 5585 liari
2303 5546 2360 5585 se
2394 5532 2461 5584 ad
2502 5532 2859 5601 scriptionem
2896 5548 2995 5600 per
3034 5532 3248 5585 litteras
3283 5531 3594 5591 sollicitari,
3656 5546 3721 5584 ac

2149 5625 2251 5678 sibi
2280 5624 2609 5678 vocabulum
2638 5624 3259 5694 tlhristodulijmponit.
3297 5624 3559 5677 Idoneum
3594 5640 3722 5691 pro-

475 5715 837 5781 iguorasscnt,
872 5733 934 5771 ea
983 5718 1238 5785 princeps
1270 5717 1573 5785 cognoscit,
1615 5725 1669 5770 ct
1709 5715 2036 5769 sollicitudi-
2066 5699 2121 5758 Ῑ)
2148 5715 2315 5778 lecto,
2362 5732 2557 5776 nempe
2602 5733 2630 5769 a
2676 5727 2843 5778 statu,
2890 5731 2945 5773 ct
2987 5719 3305 5773 conditione
3353 5720 3500 5781 vita-,
3553 5736 3717 5787 quam

472 5824 591 5867 nes.
635 5825 894 5877 ()peram,
949 5823 1113 5882 atque
1153 5822 1383 5865 conatus
1435 5827 1562 5866 suos
1607 5826 1701 5881 spe
1740 5822 1793 5863 et
1838 5809 2037 5865 ﬁducia

470 5909 639 5974 grate
668 5904 1003 5973 posteritatis
1031 5904 1368 5958 (tonSolltlur.

2150 5810 2267 5863 lucc
2313 5810 2562 5863 scribens
2596 5810 2832 5880 agebat:
2879 5813 3079 5883 agebat
3111 5821 3293 5865 autem
3335 5812 3717 5877 monasticam,

2147 5913 2198 5957 tl
2231 5902 2452 5960 Christo
2478 5907 2742 5969 serviens,
2787 5888 2984 5961 mcriio
3015 5905 3392 5976 ejus‘scrvum
3425 5921 3481 5960 se
3514 5905 3707 5977 appel-

2335 6017 2360 6049 0
