4012 6596
320 414 386 472 21
739 401 748 412 ‘
1632 435 1871 493 PliOLE

1973 440 2039 496 illi
2051 441 2093 499 Ε
2102 444 2148 501 Ν
2159 449 2224 504 Λκ
3497 444 3568 502 2-?

317 524 472 581 lavit.
521 528 805 589 Occultare
855 552 1038 606 porro,
1069 553 1124 596 et
1167 552 1347 616 tegere
1397 564 1686 618 personam
1724 569 1876 608 suam
1913 556 1951 610 Α
1983 555 2156 622 nimis,
2179 567 2228 612 et
2251 561 2490 614 amabilis
2517 577 2926 630 superamorcm
2953 561 3302 629 mulierum‘),
3327 574 3435 614 non
3460 561 3564 612 nisi

317 619 446 674 ideo
481 623 672 690 voluit,
706 627 870 696 idque
913 634 1232 700 prudenter.
1269 642 1414 708 quod
1460 643 1527 698 de
1561 647 1724 700 rebus
1755 663 1878 702 cum

316 711 536 776 alienis.
567 726 679 770 tum
724 719 842 775 suis
883 723 1168 781 historiam
1213 735 1624 801 compositurus
1655 750 1792 800 erat,
1821 726 1882 794 [et

315 815 638 864 narraturus
683 812 938 880 plurima,
978 820 1182 887 quibus
1228 825 1526 881 audiendis
1557 845 1720 884 aures
1755 833 1880 901 qui-

314 897 545 954 busdam
590 901 865 970 dolerent,
896 917 956 963 ut
994 921 1154 966 antea
1202 915 1458 971 videndis
1501 921 1646 974 oculi
1691 897 1884 978 dolue-

313 997 456 1041 rant.
498 991 595 1044 Est
626 1009 758 1048 vero
791 1005 901 1050 tam
935 999 1257 1071 infrequens
1279 1003 1490 1062 Graecis
1523 1010 1629 1066 hoc
1655 1004 1878 1079 nomen,

311 1077 720 1146 Cbristodulus,
771 1097 830 1140 ut
879 1091 962 1144 vel
1008 1091 1139 1147 hinc
1172 1095 1276 1150 isto
1324 1099 1448 1155 loco
1495 1100 1772 1170 ﬁctilium,
1819 1123 1882 1162 ac

308 1173 729 1241 supposititium
761 1193 1041 1247 appareat.
1077 1183 1326 1257 Cumque
1358 1207 1458 1261 per
1495 1194 1548 1248 id
1579 1205 1795 1267 tempus
1826 1201 1880 1254 in

310 1268 648 1320 monasterio
699 1285 798 1338 pro
841 1273 1052 1330 Joanne
1099 1279 1266 1332 etiam
1311 1281 1624 1354 Joasaplius
1672 1300 1882 1348 mutato

226 1428 248 1439 ε
307 1353 530 1409 nomine
587 1361 888 1428 diceretur,
943 1366 1092 1422 sicut
1140 1386 1248 1426 non
1299 1353 1608 1445 antiquum,
1657 1390 1712 1434 et
1754 1399 1881 1451 pro-

303 1446 509 1512 prium,
537 1451 612 1505 ita
638 1468 740 1509 nec
771 1471 973 1512 novum
1007 1461 1174 1530 istud,
1204 1475 1260 1520 et
1285 1473 1720 1542 assumptitium,
1751 1479 1878 1533 Joa-

306 1541 512 1605 saphus
563 1544 824 1613 inquam,
874 1551 941 1605 ad
1001 1553 1128 1608 libri
1181 1541 1480 1618 auctorem
1520 1566 1879 1640 iudicandum

309 1643 580 1701 usurpare
625 1637 812 1696 decuit
844 1661 858 1696 :
891 1659 962 1700 ne
1011 1652 1314 1708 monachus
1353 1657 1575 1713 inanem
1617 1667 1882 1735 aucupari

304 1719 557 1790 gloriam,
589 1739 644 1783 et
675 1733 767 1800 qui
814 1733 927 1790 Deo
967 1739 1263 1797 militatum
1305 1760 1554 1814 venerat,
1592 1745 1786 1810 iterum
1821 1774 1879 1812 se

303 1816 541 1883 negotiis
589 1819 874 1892 implicare
938 1835 1298 1890 saecularibus
1347 1831 1648 1900 videretur.
1696 1850 1878 1920 Atque

303 1902 377 1957 ita
435 1908 611 1965 codex
658 1913 880 1973 Graecus
931 1925 1308 1997 ἀνεπίγραφος
1359 1941 1479 1996 est,
1540 1935 1661 1992 sine
1715 1901 1876 1996 titulo
1911 1901 1953 1958 Β

301 2010 550 2064 prorsus.
571 2003 788 2080 Deinde
808 2025 875 2064 ex
901 2012 1014 2080 ipsa
1041 2013 1148 2070 Nili
1171 2021 1404 2088 epistola
1432 2023 1874 2087 Catuaeuzenum

301 2085 469 2154 hujus
511 2090 756 2156 historiae
803 2113 1108 2170 parentem.
1137 2117 1204 2161 et'
1223 2113 1569 2171 conditorem
1601 2135 1720 2175 esse
1753 2139 1877 2190 per-

300 2179 554 2245 spicuum
588 2186 668 2240 lit.
702 2179 800 2244 llla
827 2194 975 2247 enim
1014 2200 1202 2262 verba,
1225 2203 1331 2254 Καὶ
1360 2207 1447 2259 ὅτε
1479 2210 1586 2280 γὰρ
1627 2212 1696 2264 τὰ
1721 2179 1879 2270 κοινὰ

302 2271 564 2340 διετέλεις
597 2281 874 2348 πράττων,
921 2291 1163 2360 σωτηρία
1201 2297 1314 2358 τοῖς
1348 2301 1664 2369 πράγμασιν
1693 2303 1833 2377 ἦσθα
1859 2329 1873 2345 ο

302 2367 398 2415 καὶ
427 2366 520 2418 νῦν
547 2373 746 2426 σαυτοῦ
789 2379 1052 2448 γεγονὼς,
1086 2385 1346 2452 ἀληθείας
1383 2393 1492 2446 Καὶ
1527 2397 1876 2471 δικαιοσύνης

302 2457 654 2530 παράδειγμα
701 2465 794 2518 τὸν
835 2469 952 2539 βίον
990 2476 1332 2544 κατέστησας
1367 2485 1458 2536 τὸν
1509 2489 1708 2542 σαυτοῦ
1739 2509 1750 2521 ·
1794 2493 1872 2548 Τιι

297 2549 508 2604 enimet
535 2558 772 2623 quandiu
797 2565 1008 2630 gessisti
1041 2570 1432 2639 rempublicam.
1471 2579 1618 2633 salus
1667 2586 1874 2657 imperii

296 2635 488 2740 fuisti:
537 2654 588 2696 et
647 2648 820 2716 hodie,
875 2665 1156 2723 pastquam
1205 2665 1480 2734 defunctus
1527 2635 1766 2739 honore,r
1798 2681 1874 2733 tui

290 2735 459 2796 ipsius
493 2747 603 2788 esse
631 2735 929 2805 instituisti,
987 2749 1145 2802 vitam
1188 2768 1458 2826 moresque
1493 2767 1606 2812 tuos
1635 2766 1870 2820 veritatis

295 2837 358 2874 ac
373 2824 600 2892 justitia:
622 2835 1120 2910 exemplaria/frcis“
1145 2861 1163 2896 :
1186 2845 1291 2913 lu»,
1317 2850 1562 2920 inquam,
1581 2872 1868 2916 vocesnou

295 2913 365 2966 ad
417 2916 686 2987 judicem,
731 2931 1040 2998 consulem,
1087 2937 1409 3004 praefectum
1451 2945 1717 3015 aliquem.
1774 2953 1870 3007 sed

295 3008 364 3056 ad
392 3023 646 3079 magnum
683 3015 1052 3089 domesticum
1085 3025 1349 3085 Joannem
1396 3034 1868 3110 Cantacuzcnum,

295 3100 453 3169 cujus
483 3116 606 3173 post
626 3107 1002 3170 Andronicum
1038 3122 1328 3190 minorem,
1355 3131 1599 3197 quaudiu
1634 3133 1680 3188 is
1706 3137 1867 3204 vixit,
1917 3129 1926 3137 ”

1961 651 2218 720 ,ὶρςεειηει
2258 655 2332 710 ita
2367 655 2674 726 συμπαθῶς
2701 657 3025 725 (τιὲναργῶς
3071 656 3318 711 scribere
3350 652 3566 722 potuit?

1985 743 2128 808 quod
2147 747 2364 812 quidem
2384 763 2761 816 saepenumero
2774 747 3022 803 facit.Sic
3039 745 3566 814 solemus,frequen-

1988 841 2090 894 ter,
2122 835 2366 906 inquam,
2406 854 2711 909 magnoque
2741 854 2868 894 cum
2895 856 3060 894 sensu
3090 841 3156 895 de
3201 839 3270 894 iis
3295 839 3470 908 loqui.
3494 851 3558 889 ac

1985 927 2252 992 scribere,
2303 946 2426 1000 quze
2467 941 2565 986 aut
2624 932 2878 987 absentia
2934 933 3092 988 valde
3140 933 3196 986 in
3250 930 3562 992 desideriis,

1985 1033 2077 1077 aut
2109 1025 2397 1093 prmsentia
2435 1027 2797 1078 vehementer
2826 1024 2987 1078 nobis
3015 1023 3070 1077 in
3096 1023 3381 1077 amoribus
3411 1031 3560 1076 sunt.

1984 1115 2096 1170 Nec
2128 1116 2270 1170 alius
2310 1126 2418 1172 tam
2461 1116 2668 1170 diserte
2705 1116 2772 1170 dc
2810 1125 3066 1169 recusato
3106 1115 3272 1170 toties
3305 1115 3560 1185 imperio,

1985 1209 2054 1262 de
2088 1209 2344 1264 libertate
2373 1208 2517 1278 apud
2558 1208 2934 1264 Andronicum
2967 1223 3090 1270 sua,
3155 1207 3335 1276 deque
3366 1207 3566 1274 ampli.

1987 1303 2178 1356 tudine
2209 1302 2498 1371 potestatis
2533 1316 2697 1372 quam
2731 1301 3087 1361 obtinuisset,
3122 1309 3324 1384 praeter
3355 1299 3566 1368 ipsum-

1986 1402 2098 1448 met
2127 1411 2352 1450 narrare
2379 1395 2668 1458 voluisset.
2694 1395 2914 1450 etiamsi
2940 1394 3234 1464 potuisset.
3259 1391 3562 1460 Scriptum

1985 1498 2189 1544 sanctae
2214 1490 2376 1544 toties
2402 1489 2705 1558 productrc,
2731 1498 2787 1544 et
2806 1487 3116 1542 monastica
3135 1485 3431 1554 disciplina
3454 1497 3560 1537 non

1985 1583 2154 1638 semel
2175 1593 2282 1637 tam
2301 1583 2503 1638 eximie
2527 1583 2846 1653 praedicata,
2872 1593 3038 1650 atque
3071 1581 3238 1634 etiam
3264 1594 3364 1650 per
3388 1588 3563 1661 totam

1985 1675 2271 1729 historiam
2299 1689 2500 1745 sparsae
2521 1683 2598 1730 tot
2621 1674 2842 1744 pietatis
2866 1683 3033 1738 notae;
3056 1688 3166 1726 non
3200 1672 3366 1726 alium
3395 1685 3561 1740 quam

1985 1767 2316 1823 monachum
2365 1769 2536 1830 olent.
2590 1767 2770 1836 qualis
2817 1766 2910 1821 ille
2960 1775 3074 1819 tum
3105 1774 3242 1828 erat,
3277 1779 3403 1817 cum
3447 1763 3564 1815 hzrc

1983 1860 2192 1914 chartis
2241 1861 2544 1914 mandaret.
2587 1859 2812 1916 Dicendi
2861 1873 3056 1930 genus,
3105 1857 3253 1927 quod
3299 1857 3355 1910 in
3404 1855 3562 1910 libris

1979 1961 2175 2006 contra
2202 1953 2636 2012 Mahometanos.
2667 1962 2722 2007 et
2751 1951 2974 2007 Judznos
3005 1951 3058 2005 in
3089 1950 3408 2005 defensione
3436 1950 3560 2006 lidei

1978 2042 2306 2097 Christiana:
2351 2043 2633 2107 adhibuit,
2673 2044 2799 2098 ideo
2834 2043 3102 2097 dissimile
3128 2048 3234 2106 est,
3271 2041 3401 2110 quia
3446 2041 3560 2094 illic

1979 2136 2283 2204 disputatio
2312 2137 2566 2204 quaedam
2599 2147 2886 2206 perpetua,
2921 2149 2972 2190 et
3009 2136 3300 2190 dialectica
3342 2135 3560 2203 potius;
3607 2157 3610 2162 ·

1979 2229 2072 2283 hic
2121 2229 2368 2282 narratio
2427 2229 2648 2294 diffusa,
2718 2237 2774 2282 et
2838 2227 3160 2282 continuata
3217 2225 3558 2294 suscipitur;

1979 2323 2213 2392 proinde
2250 2329 2308 2375 ut
2343 2321 2448 2374 alia
2483 2321 2584 2382 ibi,
2613 2319 2718 2374 alia
2755 2319 2845 2374 hic
2873 2320 2943 2373 sit
2974 2319 3424 2382 lacies,~necesse
3453 2328 3558 2370 est.
3645 2371 3654 2378 ,

1977 2412 2071 2467 llla
2106 2413 2332 2467 demum
2371 2413 2468 2467 lib.
2508 2429 2582 2476 Iv,
2616 2429 2737 2481 cap.
2773 2410 2844 2464 9.4
2873 2424 2929 2465 et
2971 2409 3064 2472 2%,
3096 2411 3370 2464 adversus
3398 2409 3562 2463 Nice-

1976 2506 2212 2575 phorum
2241 2506 2536 2571 Gregoram
2571 2506 2742 2559 multa
2779 2520 2904 2560 cum
2937 2503 3265 2564 acrimonia,
3303 2511 3362 2556 et
3383 2501 3560 2603 fusius

1977 2601 2154 2668 posita
2185 2601 2287 2666 (ne
2313 2588 2552 2668 amplius
2574 2599 2874 2653 verborum
2903 2597 2958 2651 in
2987 2611 3046 2651 re
3075 2611 3268 2672 parum
3303 2593 3560 2663 ambigua

1975 2693 2402 2761 consumamus)
2453 2683 2742 2751 manifeste
2792 2691 2952 2746 nobis
2999 2692 3416 2760 astipulantur;
3466 2689 3558 2742 ubi

1974 2799 2086 2853 prae
2139 2773 2518 2854 indignatione
2554 2783 2916 2838 dissimulata:
2953 2797 3206 2853 persona:
3247 2783 3558 2842 immemor,

1973 2890 2194 2928 causam
2268 2889 2426 2928 suam
2461 2875 2778 2930 accuratius
2818 2875 2951 2943 agit.
2989 2888 3155 2942 quam
3187 2871 3330 2926 alius
3363 2887 3462 2941 pro
3492 2888 3561 2926 eo

1973 2968 2175 3036 egisset
2209 2984 2222 3021 :
2257 2967 2478 3022 tametsi
2525 2967 2578 3022 id
2617 2966 2969 3037 postmodum
3001 2965 3473 3027 animadvertens,
3507 2963 3560 3018 in

1975 3061 2117 3113 viam
2195 3064 2416 3124 redeat,
2483 3074 2814 3128 rursumque
2872 3058 2970 3128 qui
3031 3058 3141 3120 sit,
3208 3056 3562 3112 dissimulare

1973 3151 2214 3206 studeat.
2244 3195 2255 3200 -

295 3205 549 3262 suprema
581 3199 685 3255 fuit
719 3217 983 3273 potestas.
1027 3221 1081 3266 et
1121 3215 1488 3286 imperatoriae
1524 3229 1772 3293 proxima
1814 3234 1866 3286 in

295 3289 551 3316 ηιιινιῖιιι-ιι
613 3305 658 3316 ..ι
715 3313 769 3316 ,η
838 3303 853 3316 1
1319 3314 1326 3316 ξ

2048 3246 2310 3316 Sequitur
2339 3254 2400 3300 ut
2429 3245 2498 3300 de
2516 3245 2824 3301 oeconomia
2847 3244 3091 3300 breviter
3122 3252 3175 3298 te
3210 3258 3557 3300 moneamus.

293 3289 572 3356 omnibus,
608 3305 663 3348 et
711 3303 854 3366 apud
894 3318 1087 3360 omnes
1115 3314 1419 3370 auctoritas
1449 3333 1464 3367 :
1498 3318 1610 3376 imo
1643 3338 1772 3378 vero
1798 3327 1866 3380 ad

293 3378 470 3446 ipsum
507 3401 711 3443 manus
742 3390 1370 3476 imperatoritmi,,qnod
1404 3409 1548 3468 idem
1595 3417 1731 3474 citra
1768 3438 1868 3476 no-

292 3489 417 3529 men
453 3478 570 3541 diu,
609 3487 957 3549 postmodum
990 3504 1044 3548 et
1079 3512 1157 3558 re,
1201 3509 1254 3554 et
1295 3505 1520 3562 nomine
1553 3512 1740 3568 multis
1767 3531 1866 3572 an-

289 3569 378 3623 nis
411 3571 846 3646 administravit,
884 3585 1204 3653 planissime
1254 3598 1536 3664 pertinent
1568 3621 1582 3658 :
1625 3607 1719 3676 qui
1758 3625 1868 3678 quo

289 3673 454 3731 pacto
489 3673 740 3740 σωτηρία
769 3675 880 3730 τῶν
909 3688 1258 3754 πραγμάτων
1292 3690 1480 3760 fuerit,
1527 3673 1868 3766 legendo'di-

219 3807 236 3820 ,
289 3768 414 3810 sees
448 3803 454 3809 .
489 3769 543 3814 et
575 3763 717 3819 nihil
749 3769 940 3825 verius
971 3772 1080 3827 dici
1110 3779 1360 3844 potuisse
1394 3763 1722 3846 constitues.
1768 3793 1867 3849 Illa

288 3845 547 3905 similiter
587 3854 642 3907 in
672 3872 836 3924 quem
885 3861 1077 3922 alium,
1119 3882 1324 3934 quaeso,
1367 3873 1564 3937 nisi.in
1596 3880 1864 3942 eumdem

289 3941 586 4008 quadram,
641 3949 846 4016 quibus
875 3959 1008 4008 eu‘m
1054 3954 1208 4013 Nilus
1243 3962 1311 4014 ab
1348 3941 1616 4036 exemplis
1647 3983 1868 4028 nostra-

290 4031 447 4095 tium;
497 4047 930 4111 exterorumque
970 4047 1305 4118 scriptorum
1351 4031 1578 4126 incitat,
1623 4062 1700 4116 uti
1746 4073 1866 4121 acta

287 4139 385 4178 sua
419 4131 697 4186 memoriae
727 4133 958 4203 ipsemet
990 4141 1222 4208 prodat?
1247 4146 1402 4208 Ἔστι
1442 4149 1500 4202 δὲ
1531 4153 1625 4206 καὶ
1657 4157 1740 4218 εἰς
1763 4176 1867 4212 πα-

287 4218 560 4292 ράδειγμα
589 4225 691 4292 τὴν
731 4229 1012 4300 ἡμετέραν
1045 4233 1281 4290 ἱκετείαν
1332 4241 1670 4312 ἀνενεγκεῖν.
1701 4249 1865 4305 "Av-re

283 4311 394 4382 γὰρ
426 4315 550 4378 τοὺς
606 4315 832 4384 ἔξωθεν,
881 4322 1008 4377 ἄντε
1053 4329 1181 4392 τοὺς
1238 4311 1545 4406 ἡμετέρονς
1590 4341 1867 4412 ἡγεμόνας

253 4404 622 4478 -ὲνθυμηθῇς,
673 4413 926 4484 οὐδαμῶς
977 4419 1254 4492 ἀτιμάσῃς
1295 4404 1710 4500 τὴν-ἱστορῶν..
1758 4404 1865 4492 Kal

283 4496 428 4554 οὗτοι
459 4507 568 4574 γὰρ
613 4507 857 4562 κάκεῖνοι
884 4513 976 4564 ἐπὶ
999 4513 1059 4567 τὸ
1092 4496 1713 4594 συγγράφεινυκαθ-ἧκαν
1738 4533 1862 4585 ἐαυ-

284 4594 432 4655 τνιὶις,
463 4594 523 4646 οὐ
567 4600 767 4668 μικρὰ·
793 4601 884 4654 τὸν
943 4605 1290 4675 ἀνθρώπινον
1325 4612 1438 4680 βίον
1481 4617 1544 4670 ἐκ
1601 4622 1860 4678 τοιούτων

280 4684 501 4754 ὀνήσειν
531 4688 769 4758 οἰόμενοι
791 4709 806 4723 ·
842 4693 948 4748 Nec
975 4713 1094 4752 vero
1123 4711 1267 4755 caret
1302 4709 1562 4777 exemplo,
1593 4716 1735 4781 quod
1767 4718 1861 4770 abs

281 4788 330 4830 te
353 4781 598 4848 petimus.
627 4781 836 4838 Etenim
863 4789 969 4840 sire
990 4791 1060 4842 ad
1086 4803 1348 4860 externos,
1368 4800 1476 4853 sive
1504 4805 1574 4854 ad
1599 4818 1862 4864 nostrates

273 4861 400 4924 belli
423 4873 578 4925 duces
599 4877 872 4945 respicias,
897 4895 1002 4933 non
1031 4885 1226 4948 poteris
1245 4885 1342 4939 hoc
1371 4906 1531 4959 genus
1559 4895 1862 4963 εενὶβιίοηίε

277 4977 632 5024 contemnere.
665 4971 870 5042 Quippe
888 4983 997 5027 tum
1021 4976 1095 5038 hi,
1117 4985 1227 5031 tum
1253 4978 1334 5033 illi
1349 4982 1447 5034 huc
1463 4987 1671 5052 ‘pariter
1692 5005 1748 5043 se
1769 4994 1862 5046 dc-

279 5061 560 5125 miserunt,
600 5079 702 5117 non
736 5081 923 5132 parum
957 5068 1077 5120 inde
1102 5071 1333 5124 Immone
1355 5077 1532 5142 generi
1561 5082 1859 5137 consultant

281 5152 352 5204 iri
395 5152 741 5208 arbitrantes.
785 5156 925 5222 Quid
955 5159 1103 5227 quod
1143 5161 1210 5214 de
1245 5177 1342 5216 sua
1379 5179 1503 5220 cum
1539 5167 1857 5228 Andronico

279 5243 730 5310 conjunctissima
775 5250 1204 5322 fidelissimaque
1265 5256 1506 5312 amicitia
1586 5261 1694 5330 (de
1746 5242 1854 5335 qua

279 5337 535 5405 equidem
587 5341 854 5410 cogitans,
894 5343 1056 5399 simul
1105 5347 1174 5400 de
1227 5347 1447 5403 Davidis
1501 5362 1557 5406 ct
1607 5353 1854 5414 Jonatlue

278 5426 695 5485 devinctissima
726 5433 1099 5490 familiaritate
1117 5453 1141 5488 ·‹
1159 5437 1308 5508 cgito
1336 5456 1350 5492 :
1385 5440 1450 5494 dc
1484 5443 1686 5512 quibus
1715 5451 1852 5502 scri-

276 5528 432 5590 ptum
457 5521 692 5592 legimus
716 5543 727 5578 :
751 5528 942 5581 Anima
968 5529 1213 5587 leuat/ta:
1241 5537 1606 5612 conglutinata
1633 5549 1708 5594 est
1729 5545 1852 5595 ani-

277 5629 378 5666 ma:
416 5613 632 5672 Davidis
658 5635 676 5673 :
707 5629 754 5672 et
777 5620 962 5674 dilexit
995 5641 1112 5678 eum
1160 5628 1313 5696 quasi
1344 5631 1579 5685 animam
1613 5649 1766 5686 suam
1792 5637 1845 5702 ‘;

274 5721 497 5762 rursum
535 5728 548 5764 :
587 5710 750 5764 Doleo
791 5730 948 5784 super
983 5725 1052 5780 te,
1087 5717 1256 5786 frater
1286 5721 1356 5772 mi
1389 5721 1640 5787 Jonatha,
1667 5725 1851 5780 decore

353 5869 578 5941 ‘llleg.
613 5884 780 5940 ινιιι,
819 5873 868 5927 l.
949 5877 966 5906 ³
1010 5872 1053 5928 ιι
1107 5875 1221 5946 Reg
1290 5894 1326 5945 ι,
1378 5878 1466 5932 26.

1971 3341 2069 3396 llis
2100 3351 2336 3410 quatuor
2357 3339 2516 3394 libris
2549 3353 2638 3392 res
2666 3339 2769 3392 sub
2802 3348 3039 3406 utroque
3063 3335 3401 3400 Andronico,
3453 3351 3558 3388 avo

1939 3442 2026 3489 -ct
2063 3441 2300 3501 nepote,
2353 3439 2412 3486 et
2461 3431 2566 3485 sub
2619 3428 3009 3484 Cautacuzeno
3067 3427 3306 3482 ﬁliorum
3342 3427 3558 3495 nepotis

1973 3534 2176 3585 tutore,
2211 3536 2378 3594 atque
2411 3523 2744 3592 imperatore
2785 3531 2954 3590 gestae
2987 3521 3353 3590 explanantur
3391 3535 3408 3576 :
3448 3519 3550 3583 sie,

1971 3629 2034 3671 ut
2067 3617 2277 3686 primus
2307 3614 2638 3670 discordiam
2667 3652 2684 3676 ,
2708 3624 2765 3668 et
2805 3613 2944 3666 bella
2979 3611 3122 3666 inter
3167 3611 3552 3666 Andronicus:

1969 3709 2111 3764 alter
2139 3709 2434 3777 imperium
2467 3705 2700 3760 minoris
2739 3722 2754 3758 :
2786 3705 2984 3759 tertius
3037 3703 3242 3757 bellum
3285 3701 3559 3758 Cantatu-

1970 3801 2092 3868 chi
2123 3816 2250 3855 cum
2309 3797 2786 3853 obtrectatoribus
2833 3805 2890 3850 et
2929 3795 3208 3858 inimicis,
3244 3805 3558 3864 postremus

1970 3893 2217 3963 ejusdem
2245 3892 2472 3945 victoris
2501 3906 2566 3946 ac
2607 3889 3035 3959 triumphaturis
3073 3900 3322 3958 tempora
3373 3905 3558 3958 perse-

1970 3997 2222 4058 quatur:
2267 3989 2324 4042 in
2381 4001 2493 4055 quo
2538 3987 2708 4040 etiam
2767 3986 3177 4050 subteruntur,
3239 4001 3361 4054 qua:
3412 3987 3558 4040 inter

1969 4081 2236 4137 Joannem
2265 4077 2633 4146 Palzeologum
2656 4077 2962 4147 legitimum
2995 4077 3270 4158 haeredem
3297 4121 3312 4140 ,
3357 4088 3413 4132 et
3461 4093 3558 4146 pa-

1973 4172 2072 4227 tris
2107 4169 2204 4232 _sui
2231 4167 2533 4224 Andronici
2574 4182 2977 4232 successorem,
3009 4183 3376 4236 socerumque
3409 4167 3556 4224 Can-

1969 4276 2298 4320 tacuzenum
2327 4301 2341 4319 .
2396 4271 2454 4315 et
2489 4261 2738 4334 ejusdem
2787 4259 2962 4314 lilium
3015 4261 3330 4314 Matthaaunt
3378 4261 3552 4330 (‘cutu

1967 4358 2169 4428 quibus
2192 4355 2465 4410 ambobus
2493 4354 2783 4409 dissidium
2825 4355 2875 4409 ei
2909 4354 3265 4422 intercessit)
3299 4355 3550 4424 contige-

1969 4461 2120 4504 runt.
2148 4447 2387 4502 Tametsi
2413 4456 2468 4500 et
2497 4447 2549 4500 in
2572 4447 2789 4526 duobys
2821 4447 3098 4516 prioribus
3131 4457 3238 4501 tam
3278 4447 3448 4504 multa
3477 4446 3548 4504 de

1965 4542 2350 4597 Cantacuzeuo
2377 4546 2804 4593 commemorata
2839 4546 2988 4601 sunt,
3032 4545 3092 4592 ut
3147 4539 3296 4610 quod
3333 4538 3386 4592 iu
3421 4539 3543 4608 epi-

1963 4632 2100 4688 stola
2135 4631 2290 4686 Nilus
2324 4632 2419 4693 ait,
2452 4646 2578 4684 eum
2614 4629 2940 4698 αὐτουργὸν,
2971 4631 3076 4686 hoc
3105 4641 3212 4695 est,
3256 4632 3425 4688 rebus
3459 4634 3543 4702 ip-

1961 4727 2153 4782 sismet
2190 4740 2374 4779 coram
2403 4766 2417 4787 ,
2451 4733 2510 4778 ut
2537 4733 2806 4788 actorem,
2833 4724 3102 4788 adfuisse,
3121 4741 3278 4795 reque
3302 4728 3372 4782 de
3399 4728 3508 4784 illis
3527 4769 3543 4793 ,

1961 4827 2024 4872 ut
2053 4816 2122 4871 de
2151 4814 2562 4884 posterioribus
2603 4815 3025 4884 intelligendum
3059 4815 3332 4872 videatur.

2030 4907 2196 4962 Gesta
2233 4909 2362 4960 sunt
2386 4917 2570 4960 autem
2598 4907 2778 4961 omnia
2815 4906 2884 4960 ab
2928 4921 3076 4964 anno
3115 4917 3240 4977 post
3263 4907 3546 4964 Chr-istum

1968 5010 2160 5056 natum
2199 4998 2490 5054 millesimo
2531 4999 2920 5054 trecentesimo
2948 5001 3212 5056 vicesimo
3243 5002 3444 5070 primo,
3475 5003 3545 5056 ad
3563 5049 3596 5089 ι-

1969 5106 2174 5144 annum
2213 5089 2333 5156 plus
2385 5091 2568 5144 minus
2611 5092 3134 5161 quinquagesimum
3175 5107 3407 5156 nonum,
3444 5109 3546 5146 au-

1967 5183 2054 5236 nis
2084 5183 2594 5268 nitniruthrig'utta
2618 5198 2839 5246 novem,
2867 5193 2962 5236 aut
2998 5183 3242 5238 circiter.
3279 5184 3370 5238 Sic
3394 5184 3543 5240 enim

1969 5274 2238 5327 rationem
2275 5273 2662 5330 subducimus.
2701 5273 2932 5328 Michael
2967 5274 3304 5346 l’ala'ologus
3331 5277 3545 5345 collega

1966 5367 2136 5433 patris
2166 5367 2248 5419 sui
2277 5367 2576 5451 Andronici
2604 5377 2857 5421 mortuus
2877 5376 2963 5419 est
2991 5368 3288 5422 millesimo
3321 5378 3546 5425 trecen-

1964 5458 2158 5511 tesimo
2184 5458 2442 5512 vicesimo
2467 5459 2667 5528 primo.
2698 5459 2902 5512 Eodem
2922 5458 3042 5528 ipso
3063 5474 3208 5512 anno
3237 5461 3306 5530 (si
3333 5475 3362 5514 a
3387 5461 3546 5521 Sem-

1930 5549 2160 5604 -te:ubri
2193 5549 2363 5604 ducas
2384 5552 2513 5605 anni
2549 5551 2770 5604 initium
2795 5591 2810 5613 ,
2850 5560 2911 5604 ut
2945 5551 3120 5606 Graeci
3167 5552 3384 5621 dicunt)
3427 5554 3544 5608 bel-

1959 5638 2071 5691 lum
2134 5639 2277 5694 inter
2307 5656 2468 5693 avum
2510 5652 2566 5694 et
2617 5651 2869 5712 nepotem
2923 5643 3168 5706 exarsit,
3211 5643 3542 5715 duravitque

1959 5731 2305 5798 sexennium,
2344 5741 2398 5787 et
2421 5747 2663 5789 mensem
2715 5750 2906 5802 unum,
2968 5743 3026 5788 ut
3084 5735 3141 5789 in
3198 5736 3348 5792 calce
3409 5738 3542 5794 libri
