4012 6598
379 300 526 417 ’23

1559 349 2559 442 ΙΟΑΝῌΕΞΟΑΝΤΑΩΗΖΕΝΗΞ.

3643 356 3714 420 Si

452 462 618 536 primi
649 464 880 522 relatum
906 464 1190 520 esl.ViCIO
1224 479 1358 527 ενοι
1408 479 1583 534 nepos
1617 466 1767 520 solus
1816 465 2037 536 prmfuil
2069 472 2109 525 Λ
2141 466 2245 522 Sed
2271 469 2429 539 juvat
2491 467 2666 538 ipsius
2709 467 3080 525 Cantacuzeui
3131 466 3298 522 verba
3355 467 3603 538 proferre
3651 469 3711 524 in

453 558 686 630 imperio
717 563 878 612 annis
913 556 1130 627 viginti,
1170 555 1216 611 si
1282 555 1475 612 verum
1504 559 1699 612 scribit
1729 558 2022 628 Gregoras.

448 653 627 719 Quoe
673 650 814 705 vivis
881 649 1140 711 sublato,
1206 651 1541 721 pupillorum
1582 653 1807 706 tutelam
1860 653 2028 721 gessit

447 743 884 803 Cantacuzenus,
919 743 1010 797 vix
1037 759 1265 800 annum.
1289 753 1346 797 ut
1376 743 1636 812 colligere
1664 755 1746 797 est
1775 763 1786 796 :
1829 745 2026 798 adver-

449 851 543 890 sus
581 850 743 904 quem
793 833 997 888 deinde
1035 845 1094 889 ut
1127 843 1418 904 tyrannum
1457 837 1680 887 nomine
1717 835 1894 888 vidme
1927 835 2027 888 im-

447 927 759 998 peratricis,
808 936 867 982 el
894 927 1132 980 liberum
1183 929 1302 996 ejus
1334 928 1536 980 bellum
1580 923 2024 982 atlmiuistratttm

444 1031 528 1074 est
579 1019 738 1072 annis
767 1021 1034 1088 quinque.
1092 1019 1170 1072 Eo
1204 1021 1356 1072 ﬁnito
1404 1019 1842 1084 (Zaatacuzenus,
1901 1020 2026 1074 data

445 1111 645 1167 Joanni
698 1111 1010 1179 Palmologo
1063 1111 1116 1164 in
1175 1111 1586 1164 matrimonium
1628 1111 1780 1169 lilia.
1835 1111 2024 1164 decem

449 1221 627 1258 annos
667 1205 736 1258 ab
767 1221 834 1259 eo
886 1204 1206 1274 paciscitur,
1244 1205 1447 1272 quibus
1499 1222 1666 1272 penes
1709 1200 1774 1257 se
1809 1203 2026 1274 imperii

447 1298 777 1368 gubernatio
811 1313 937 1351 cum
975 1299 1200 1352 nomine
1243 1306 1460 1351 maneat
1491 1313 1504 1352 :
1534 1314 1700 1366 penes
1732 1298 1887 1351 ilium
1925 1313 2029 1350 no-

450 1407 573 1444 men
608 1391 898 1454 duntaxat,
931 1399 986 1443 et
1011 1390 1251 1458 dignitas
1278 1389 1652 1458 imperatoria.
1688 1390 1873 1443 donec
1895 1399 2028 1443 artas

448 1491 785 1535 maturescat
841 1479 1063 1552 (agebat
1120 1483 1267 1534 enim
1339 1481 1577 1536 Joannes
1645 1496 1850 1534 annum
1915 1495 2023 1532 non

447 1574 570 1641 plus
601 1573 876 1627 decimum
913 1573 1216 1643 quintumt,
1251 1581 1438 1641 postea
1472 1589 1529 1626 se
1568 1574 1832 1642 collegam
1857 1573 2029 1641 patia-

449 1672 556 1718 tur.
598 1664 775 1733 Ilujus
799 1666 964 1734 spatii
999 1667 1089 1720 vix
1125 1667 1418 1720 dimidium
1460 1667 1682 1720 videtur
1701 1666 2028 1734 evplevisse,

448 1771 634 1810 rerum
669 1759 832 1828 hujus
879 1759 1107 1822 mundi,
1143 1770 1200 1814 et
1249 1760 1495 1813 adversre
1549 1759 1716 1812 sortis
1753 1765 2029 1812 renovata:

444 1849 683 1915 quodam
715 1851 898 1906 ta-dio.
943 1853 1077 1918 Quae
1113 1855 1228 1920 ipso
1279 1853 1384 1922 jam
1439 1851 1710 1904 monacho
1755 1851 1900 1905 inter
1926 1849 2030 1904 Pa-

447 1942 732 2011 lzeolognm
803 1951 860 1998 et
914 1945 1232 2000 lllatthmum
1313 1951 1502 1998 scruta
1565 1952 1735 2007 sunt,
1801 1942 2028 1996 forsitan

448 2035 635 2100 unius,
659 2045 754 2088 aut
786 2038 1023 2088 duorum
1065 2050 1340 2089 annorum
1380 2034 1602 2087 fuerunt
1635 2051 1649 2088 :
1685 2049 1807 2086 nam
1841 2033 1894 2086 in
1943 2033 2030 2086 his

443 2127 594 2194 quod
623 2142 724 2196 pro
751 2131 905 2182 c‘erto
946 2127 1238 2190 aﬂirmcm,
1291 2143 1401 2180 non
1443 2126 1641 2179 habeo.
1679 2125 1790 2179 "ac
1815 2125 2028 2178 ratione

441 2217 787 2289 colliguntur
831 2219 961 2273 anni
1006 2219 1248 2274 historiae
1295 2219 1462 2290 hujus
1523 2218 1752 2272 circiter
1804 2216 2027 2287 triginta

443 2327 664 2366 novem.
698 2311 774 2366 Ex
803 2311 888 2365 his
927 2319 1097 2380 patet,
1129 2321 1374 2380 tempora
1408 2310 1708 2365 Andronici
1741 2309 1984 2364 Junioris
2009 2349 2025 2373 ,

448 2404 851 2464 Cantatuzeni,
882 2403 1185 2458 ctJoannis
1221 2402 1509 2471 Palu-ologi
1539 2418 1648 2455 non
1681 2401 1816 2456 satis
1857 2399 2027 2470 probe

445 2496 742 2568 digessisse
770 2493 1142 2563 Onuphrinm.
1170 2502 1226 2546 et
1251 2493 1409 2546 alios.
1435 2493 1558 2546 Err:
1577 2501 1704 2546 runt
1742 2493 1872 2544 item
1900 2504 2024 2546 eum

442 2589 708 2657 Grcgora,
739 2588 870 2642 dum
909 2587 1286 2641 Andronicum
1333 2587 1617 2641 .luuiorem
1669 2573 1816 2639 anno
1845 2585 2027 2637 aetatis

445 2681 1080 2753 quadragesimoquinto
1108 2680 1440 2734 exstinctum
1477 2676 1851 2732 tradiderunt.
1889 2677 2023 2730 Nam

445 2779 491 2832 si
527 2786 687 2830 natus
719 2783 840 2828 erat
880 2788 1054 2827 annos
1093 2772 1286 2842 viginti
1337 2773 1548 2841 septem
1600 2781 1895 2840 antequam
1942 2785 2030 2823 se-

445 2870 682 2924 cundam
735 2883 962 2922 uxorem
1026 2869 1278 2928 duceret,
1329 2878 1390 2920 ut
1431 2877 1621 2920 noster
1666 2865 1812 2920 libro
1846 2865 2026 2934 primo

445 2971 658 3026 narrat,
693 2972 750 3016 et
771 2977 836 3014 ea
867 2961 1032 3016 ducta
1090 2961 1276 3014 adhuc
1318 2960 1527 3030 aliquot
1560 2959 1721 3012 annis
1751 2974 1875 3011 eum
1921 2970 2025 3009 avo

445 3057 651 3113 bellum
687 3057 856 3128 gessit
887 3073 900 3110 :
937 3038 992 3109 εἰ
1026 3071 1091 3108 eo
1124 3056 1274 3106 victo
1315 3053 1476 3106 annis
1507 3051 1700 3120 viginti
1732 3051 1882 3104 solus
1918 3050 2024 3102 im-

2134 559 2401 626 medium,
2443 577 2506 615 ex
2559 559 2689 615 libri
2731 561 2912 631 quarti
2957 559 3134 626 capite
3186 561 3453 616 vicesimo
3481 571 3706 629 quarto,

2089 653 2298 738 'undu,
2343 654 2621 724 quomodo
2652 670 2712 709 se
2763 653 3000 722 gesserit
3035 655 3092 708 in
3145 653 3384 708 Historia
3419 653 3709 710 scribenda

2129 745 2426 814 Gregoras,
2467 746 2681 816 liquido
2713 746 3126 816 perspiciatur:
3165 746 3550 814 imperatorem
3593 761 3713 799 vero

2127 839 2560 894 Cantacnzenum
2583 879 2598 902 ,
2651 849 2930 909 postquam
2958 841 3127 905 ipsum
3177 857 3269 910 per
3301 847 3366 892 'se
3403 839 3712 910 deprimere.

2132 943 2291 1002 atque
2317 943 2550 988 evertere
2591 951 2696 988 non
2741 937 2933 1005 potuit,
2961 933 3387 1004 Pttlteologorum
3425 935 3716 1004 imperato-

2133 1043 2250 1085 rum
2301 1026 2496 1079 bellant
2561 1035 2807 1081 mutuum
2860 1041 2957 1096 pro
3012 1036 3326 1096 argumento
3369 1041 3623 1090 sumens;
3665 1034 3717 1080 et

2129 1120 2329 1188 partim
2379 1120 2687 1188 ignorantia
2723 1135 2904 1172 rerum
2949 1131 3243 1189 gestarum,
3294 1119 3491 1188 partim
3535 1117 3716 1187 gratia

2131 1221 2381 1280 corrupta
2435 1213 2678 1274 ueritate,
2712 1227 2774 1262 ac
2817 1212 2939 1264 totis
2994 1210 3189 1264 uiribus
3246 1209 3386 1264 velut
3428 1210 3482 1262 in
3536 1207 3719 1278 fabula

2131 1301 2574 1354 comminiscendu
2625 1303 2882 1354 mentiens
2901 1337 2916 1362 ,
2954 1299 3141 1352 deinde
3163 1300 3350 1352 ordine
3369 1299 3438 1353 ad
3485 1297 3682 1352 bellum
3701 1338 3718 1356 .

2131 1392 2270 1462 quod
2302 1403 2486 1446 nostra
2539 1394 2797 1447 memoria
2839 1403 3027 1445 contra
3059 1390 3487 1462 Cantacuzenum
3517 1391 3722 1443 excita-

2132 1495 2244 1540 tum
2273 1495 2371 1548 est,
2404 1503 2732 1556 progressus,
2762 1495 2874 1538 tum
2913 1485 3022 1538 alia
3051 1458 3332 1555 complura
3365 1485 3577 1537 crimini
3602 1483 3718 1543 dat,

2131 1583 2409 1635 servitutes
2435 1621 2446 1641 ,
2481 1581 2648 1633 credes
2672 1619 2688 1640 ,
2751 1579 3144 1632 trucidationes
3173 1617 3188 1637 ,
3245 1577 3630 1645 populationes,
3669 1585 3722 1628 et

2133 1689 2462 1743 quwcunque
2490 1671 2746 1725 Romanis
2777 1687 2871 1738 per
2899 1673 2953 1722 id
2997 1668 3192 1723 bellum
3233 1669 3474 1722 luctuosa
3517 1668 3722 1720 incide-

2135 1775 2281 1825 runt,
2304 1764 2388 1816 illi
2411 1765 2709 1826 ascribens,
2767 1773 2879 1815 tum
2909 1763 2968 1814 ob
3007 1779 3240 1816 amorem
3263 1761 3602 1823 dominandi,
3630 1761 3723 1812 int-

2136 1857 2457 1929 perialisque
2487 1857 2690 1926 fastigii
2721 1857 3024 1924 cupidinem
3055 1852 3320 1906 malorum
3350 1853 3563 1903 illorum
3599 1847 3720 1902 nul-

2136 1951 2245 2005 lout
2277 1951 2486 2004 duxisse
2509 1951 2773 2002 rationem
2809 1947 3072 2017 afﬁrmat.
3110 1945 3258 1998 Illud
3300 1956 3476 1998 autem
3517 1941 3722 1997 Canta-

2133 2058 2387 2094 cuzenum
2419 2040 2752 2110 potissimum
2803 2037 3039 2101 vellicat,
3089 2045 3137 2088 et
3161 2052 3253 2089 cor
3283 2034 3397 2102 ejus
3428 2037 3554 2093 urit.
3579 2033 3724 2098 quod

2131 2133 2414 2193 mentitur,
2468 2148 2609 2196 eum,
2673 2131 2846 2184 adhuc
2899 2133 3104 2183 vivettle
3143 2128 3466 2183 Andronico,
3515 2126 3724 2192 imperii

2133 2220 2359 2275 Romani
2381 2218 2535 2290 longe
2560 2218 3072 2289 appetentissimum,
3106 2232 3224 2270 cum
3267 2214 3323 2268 id
3371 2215 3579 2283 assequi
3615 2229 3723 2266 non

2132 2319 2322 2382 posset.
2365 2312 2435 2364 ad
2461 2309 2744 2363 monachos
2769 2309 2821 2361 in
2851 2315 3028 2361 monte
3060 2306 3214 2368 Atlio,
3258 2304 3348 2374 qui
3383 2303 3484 2356 uiri
3524 2304 3719 2365 sancti,

2132 2416 2182 2458 et
2211 2416 2241 2457 α
2277 2404 2384 2458 Deo
2407 2403 2571 2474 amati
2615 2401 2921 2471 futurorum
2971 2401 3376 2470 prwsettsionem
3409 2397 3600 2450 habere
3624 2395 3720 2464 ju-

2131 2498 2474 2565 dicabantnr,
2504 2495 2797 2566 profectum
2828 2509 2962 2556 esse,
3007 2493 3072 2546 de
3106 2493 3324 2562 futuris,
3362 2499 3411 2543 et
3447 2507 3517 2542 an
3565 2489 3636 2542 ad
3659 2504 3720 2541 se

2133 2591 2430 2644 Romanum
2461 2589 2742 2651 imperium
2781 2583 3160 2657 perventuium
3203 2591 3360 2636 esset.
3404 2589 3720 2651 percuncta—

2131 2695 2332 2749 turum,
2373 2694 2482 2738 etc.
2519 2683 2778 2738 Attamen
2815 2682 2930 2734 fieri
2969 2687 3148 2746 potest
3181 2718 3196 2740 ,
3235 2688 3296 2730 ιιι
3347 2675 3621 2743 Grcgoras
3647 2673 3718 2726 de

2132 2776 2382 2831 moribus
2405 2773 2710 2828 Andronici
2741 2772 2992 2843 quadam
3023 2786 3134 2825 non
3172 2783 3396 2838 prorsus
3417 2766 3550 2821 falsa
3581 2763 3691 2818 seri

2130 2870 2246 2931 bat,
2278 2879 2335 2922 et
2379 2883 2442 2922 ea
2478 2859 2676 2922 noster
2700 2874 2796 2920 aut
2829 2863 2965 2918 tanti
3025 2878 3132 2916 non
3186 2861 3448 2921 aestimet,
3483 2858 3716 2928 ejusque

2125 2959 2426 3033 juventuti'
2457 2955 2825 3012 condonanda
2861 2962 3019 3023 putet
3049 2991 3064 3015 ,
3093 2961 3188 3006 aut
3214 2951 3548 3014 dissimulet,
3573 2956 3628 3002 et
3659 2945 3712 3002 id

2132 3051 2391 3106 amicitiae
2422 3046 2688 3115 singulari
2721 3046 2954 3100 fortasse
2991 3043 3222 3105 tribuat,
3249 3043 3317 3097 de
3339 3055 3448 3110 quo
3481 3040 3534 3092 in
3558 3038 3716 3094 Notis

445 3151 690 3220 peravit,
741 3150 998 3221 sequitur
1022 3147 1588 3219 quinquagenarium,
1623 3156 1714 3198 aut
1744 3159 1809 3197 eo
1858 3143 2026 3212 majo-
2051 3166 2095 3230 ε
2131 3159 2230 3198 suo
2265 3143 2389 3196 loco
2415 3139 2756 3194 videbimus.

447 3257 562 3297 rem
590 3241 818 3296 abiisse.

515 3329 883 3385 Osteudemus
936 3343 1129 3396 nunc,
1199 3345 1311 3399 quo
1369 3328 1493 3382 loco
1556 3327 1703 3381 inter
1766 3323 2024 3398 Byzanti-

449 3431 547 3472 nas
610 3417 877 3474 historias
937 3417 1058 3472 haec
1111 3431 1308 3476 nostra
1357 3419 1676 3472 collocanda
1728 3417 1822 3470 sit.
1884 3416 2028 3469 Can-

449 3520 749 3566 Iacuzenus
796 3510 1114 3580 Nicephoro
1164 3510 1422 3579 Gregorae
1463 3512 1710 3580 proxime
1753 3507 2022 3568 succedit,

446 3603 681 3671 ejusque
741 3603 1092 3656 narrationes
1141 3602 1431 3655 continuat
1493 3617 1507 3654 :
1565 3613 1879 3670 quanquam
1914 3615 2023 3652 non

448 3694 722 3761 praecise,
800 3709 864 3748 ac
935 3693 1284 3762 simpliciter.
1356 3693 1489 3746 Nam
1561 3707 1684 3746 cum
1753 3691 2027 3758 Gregnras

447 3786 504 3842 in
530 3785 684 3840 obitu
740 3783 1043 3840 Andronici
1079 3783 1326 3838 .luuioris
1361 3783 1610 3845 desinat,
1666 3793 1858 3837 noster
1897 3781 2025 3834 inde

445 3893 558 3933 non
604 3877 865 3932 orditur:
910 3877 1047 3946 quin
1103 3876 1213 3930 imo
1251 3876 1558 3932 secundum
1611 3875 1856 3928 historia:
1912 3887 2026 3926 sua:

449 3969 650 4022 librum
686 3967 755 4023 ad
805 3969 1053 4040 ejusdem
1104 3968 1406 4024 Andronici
1468 3977 1701 4022 mortem
1749 3965 2025 4036 perducit.

450 4063 654 4119 Verum
692 4065 820 4134 quia
863 4061 1141 4134 Gregoras
1189 4064 1294 4118 iste
1333 4077 1473 4128 avo,
1531 4062 1587 4116 in
1645 4061 1804 4133 cujus
1845 4053 2052 4114 aulam'

447 4158 683 4213 desertis
745 4157 946 4212 studiis
995 4156 1320 4211 liberalibus
1353 4171 1412 4211 se
1455 4157 1724 4215 contulit,
1771 4153 2025 4216 amicior,

447 4249 639 4320 nepoti
678 4259 862 4304 autem
897 4247 1140 4318 iniquior
1179 4249 1285 4302 fuit
1353 4263 1366 4302 :
1415 4249 1681 4314 illumque
1731 4247 2029 4314 plurimum

447 4351 507 4395 et
582 4355 728 4410 sape
789 4340 1236 4404 commendavit;
1299 4339 1466 4396 hunc,
1503 4346 1715 4405 aperte,
1761 4351 1862 4391 nec
1913 4352 2030 4390 mo~

453 4433 683 4499 dice,'ct
727 4446 840 4488 non
879 4447 1006 4486 raro
1058 4426 1418 4498 insimulavit,
1451 4444 1517 4484 ac
1549 4429 1925 4498 vituperavit;
1958 4429 2025 4482 ad

447 4528 735 4596 namque
759 4527 906 4580 inter
956 4525 1082 4581 illos
1110 4524 1456 4582 acciderunt,
1493 4533 1705 4592 partem
1739 4523 2031 4576 maximam

449 4619 683 4676 minime
723 4628 1008 4688 comperta
1039 4618 1237 4673 habuit
1268 4635 1283 4672 :
1312 4632 1435 4686 qua:
1489 4625 1672 4671 autem
1717 4617 2027 4684 comperit,

408 4783 426 4790 _
449 4729 516 4770 ea
553 4711 808 4776 confuse,
836 4711 1181 4782 imperfecte,
1213 4711 1463 4781 quaedam
1493 4727 1713 4796 quoque
1736 4711 1899 4765 aliter
1928 4709 2032 4764 ali-

450 4815 700 4878 quanto;
749 4807 881 4877 quid
933 4805 1256 4876 aliquanto?
1288 4804 1464 4858 multo
1493 4804 1870 4873 aliter,,quam
1900 4820 2028 4859 eve-

448 4903 682 4962 nerunt,
713 4909 769 4952 et
787 4911 914 4952 cum
937 4896 1243 4950 mendaciis
1269 4897 1524 4964 exposuit
1551 4911 1568 4962 ;
1608 4896 1662 4948 in
1693 4879 1866 4964 ipsius
1893 4911 2031 4963 quo-

453 5005 566 5060 que
591 4988 964 5045 Cantacuzeni
1017 4988 1185 5052 bello,
1216 4988 1493 5058 rebusque
1533 4986 2032 5044 commemorandis

454 5085 603 5152 (quas
633 5082 840 5152 scripta
870 5081 958 5134 vel
991 5079 1348 5144 interierunt,
1407 5080 1493 5152 vel
1531 5081 1711 5134 adlmc
1757 5081 1819 5134 in
1849 5078 2031 5148 aliqua

451 5151 798 5230 bibliotheca
834 5172 1030 5240 latent)
1061 5185 1256 5241 parum
1285 5151 1572 5238 bona‘lide
1596 5214 1612 5239 ,
1653 5171 2032 5240 malevoleque

454 5274 714 5322 versatus
757 5273 860 5320 est.
895 5263 1317 5321 Csntacuzenus
1345 5267 1458 5320 hate
1488 5265 1624 5320 vitia
1665 5279 1772 5318 non
1823 5263 2030 5326 ferens,

450 5358 614 5429 longe
644 5355 918 5412 sincerius
939 5397 952 5422 ,
993 5355 1266 5427 longeque
1314 5357 1596 5426 copiosius
1619 5397 1632 5418 ,
1671 5354 1990 5411 distinctius
2015 5391 2030 5416 ,

454 5451 766 5522 integrius,
809 5449 1015 5504 certius
1051 5451 1234 5505 omnia
1291 5451 1622 5521 explicavit;
1689 5450 1892 5520 quippe
1935 5449 2028 5517 qui

455 5540 720 5598 munibus
748 5557 892 5613 pene
923 5557 1030 5596 non
1075 5541 1328 5598 interfuit
1379 5544 1580 5604 solum,
1619 5558 1810 5597 verum
1863 5541 2032 5595 etiam

455 5635 722 5707 prefuit;
781 5646 837 5691 et
879 5651 1002 5706 qum
1046 5635 1163 5704 ipse
1217 5651 1329 5690 nou
1379 5621 1557 5698 vidit,
1617 5643 1732 5690 aut.
1771 5633 1884 5704 egit
1917 5633 2030 5702 (qui

460 5728 606 5782 enim
645 5727 825 5798 potuit
853 5727 1194 5800 omnia?)ea
1234 5744 1264 5783 a
1301 5728 1538 5783 testibus
1577 5727 1918 5796 gravissimis
1944 5741 2035 5780 ac-

459 5819 639 5897 t'cpit;
677 5821 1141 5902 quemadmodum
1169 5821 1224 5878 in
1259 5820 1368 5878 line
1397 5821 1524 5876 libri
1569 5821 1752 5892 quarti
1783 5811 2031 5876 testatur.

2200 3239 2318 3293 lam
2349 3237 2418 3290 de
2453 3231 2788 3289 excellentia
2811 3269 2826 3294 ,
2884 3229 3067 3284 fructu
3097 3269 3113 3292 ,
3164 3225 3442 3297 elegantia
3469 3267 3486 3290 ,
3531 3233 3588 3278 et
3625 3239 3717 3276 or-

2133 3331 2414 3390 namentis
2456 3326 2704 3382 historiae
2759 3323 2927 3394 hujus
2984 3322 3117 3394 quid
3172 3337 3274 3392 ego
3313 3323 3450 3374 satis
3487 3317 3715 3388 dignum

2129 3426 2614 3485 caninis-morem?
2665 3425 2814 3479 inter
2859 3422 3206 3477 recentiores
3251 3419 3477 3490 quidem
3525 3433 3711 3471 rerum

2129 3524 2467 3580 Grazcarum,
2509 3533 2605 3572 seu
2645 3515 3076 3588 Byzantinarum
3107 3513 3432 3582 scriptores,
3489 3520 3549 3562 ut
3585 3514 3716 3560 sunt

2131 3613 2400 3673 Zonaras,
2442 3608 2690 3672 Nieetas,
2733 3605 3044 3666 Cedrenus,
3085 3613 3140 3658 et
3169 3603 3286 3668 alii,
3332 3616 3456 3654 meo
3489 3598 3712 3668 quidem

2130 3717 2182 3760 rt
2210 3701 2582 3774 quorumdam
2609 3701 2750 3754 bene
2776 3698 3148 3752 litteratorum
3170 3695 3380 3764 judicio
3401 3692 3488 3750 hic
3511 3691 3716 3760 primas

2133 3807 2332 3852 tenet:
2371 3795 2707 3860 videturque
2753 3791 2903 3845 solus
2951 3788 3252 3849 didit-isse,
3298 3803 3408 3858 quo
3457 3794 3614 3854 pacto
3643 3781 3714 3836 ad

2129 3893 2348 3946 laudem
2403 3885 2821 3942 accommodate
2887 3883 3230 3938 contexenda
3313 3881 3385 3934 sit
3461 3877 3716 3932 historia.

2132 3985 2290 4047 Mira,
2345 3997 2508 4041 nova,
2568 3978 2842 4042 inaudita,
2898 3976 3183 4037 inusitata,
3221 3965 3564 4028 occultorum
3622 3970 3716 4024 Dei

2125 4076 2463 4150 judiciorttm
2493 4073 2654 4142 plena
2675 4111 2692 4136 ,
2723 4071 2976 4142 gramlia,
3013 4054 3250 4122 illustria
3283 4066 3453 4120 multa
3501 4065 3592 4120 hic
3627 4080 3720 4117 re-

2133 4178 2462 4222 censentur.
2515 4167 2620 4228 Et.
2677 4167 2724 4220 si
2766 4165 3017 4220 historia
3057 4163 3226 4218 debet
3265 4178 3388 4216 esse
3433 4153 3715 4230 prudens,
3791 4190 3806 4204 -

2133 4269 2300 4328 atque
2349 4267 2546 4312 ornata
2595 4273 2782 4313 rerum
2819 4255 3160 4326 explicatio,
3209 4265 3404 4308 neutra
3449 4255 3626 4304 virtus
3659 4250 3714 4302 in

2133 4349 2238 4404 hac.
2277 4348 2678 4404 desideratur:
2714 4362 2839 4418 qua:
2871 4345 3007 4399 mihi
3055 4361 3274 4414 semper
3317 4360 3345 4397 a
3391 4344 3510 4397 viro
3553 4341 3718 4396 uobi-
3759 4389 3766 4396 .

2135 4441 2373 4506 lissimo,
2407 4450 2460 4495 et
2499 4441 2720 4511 ingenio
2748 4437 3217 4493 excellentissimo
3273 4435 3715 4502 suavissimoque

2070 4521 2108 4572 θ
2137 4537 2253 4588 visa
2297 4542 2384 4588 est
2436 4533 2788 4602 profluxisse.
2831 4529 3135 4585 Prudentia
3191 4528 3488 4590 militaris,
3548 4537 3714 4593 atque

2135 4628 2315 4684 civilis
2349 4637 2459 4680 tam
2496 4612 2700 4680 eximia
2743 4625 2833 4678 hic
2885 4625 3106 4686 elucet,
3157 4632 3218 4676 ut
3265 4623 3550 4676 civitatum
3585 4635 3716 4688 pro-

2137 4720 2565 4786 vinciarumque
2591 4715 2924 4774 rectoribus,
2947 4730 3011 4769 ac
3037 4715 3163 4770 belli
3183 4713 3423 4770 ducibus
3446 4712 3714 4781 majorem

2138 4811 2194 4864 in
2250 4809 2476 4864 modum
2527 4807 3004 4862 commodaturum
3071 4815 3284 4877 putem.
3338 4805 3474 4860 Cum
3530 4814 3713 4858 autem

2138 4903 2319 4956 virum
2372 4901 2656 4968 politicum
2689 4899 2756 4953 ad
2791 4899 2934 4954 bene
2976 4898 3278 4964 regendum
3319 4896 3445 4950 aliis
3493 4910 3714 4964 quoque

2134 4993 2441 5050 virtutibus
2493 4991 2863 5046 nihilominus
2905 4992 3238 5046 instructum
3265 5005 3392 5044 esse
3423 4997 3712 5056 opoiteat,

2139 5103 2225 5142 me
2260 5100 2453 5140 earum
2513 5085 2738 5153 quidem
2791 5083 3048 5154 exempla
3125 5083 3572 5149 docmnentaque
3623 5079 3715 5133 hic

2134 5180 2342 5234 frustra
2392 5175 2667 5246 requiras.
2721 5176 2780 5230 In
2825 5176 3033 5246 quibus
3077 5176 3258 5245 qualis
3309 5172 3478 5253 fuerit
3509 5171 3716 5228 Cauta-

2136 5285 2404 5334 cnzenus,
2440 5268 2583 5324 infra
2617 5267 2978 5323 ostendemus
3014 5288 3027 5323 :
3064 5268 3118 5322 in
3148 5281 3388 5334 praesens
3409 5264 3614 5334 aliquid
3647 5263 3716 5317 de

2135 5361 2452 5418 Andronico
2480 5360 2752 5419 dicemus.
2788 5375 2982 5430 quem,
3013 5360 3106 5430 qui
3138 5375 3167 5412 a
3201 5359 3486 5412 Clemente
3513 5356 3551 5409 V
3581 5372 3716 5426 pon-

2137 5452 2284 5508 tilice
2317 5452 2559 5508 maximo
2599 5452 2655 5510 io
2692 5452 2990 5521 Extravag.
3028 5451 3415 5505 communibus
3448 5461 3508 5503 ut
3538 5448 3716 5502 lucre-

2137 5543 2372 5613 ticorum
2435 5551 2492 5597 et
2531 5541 2852 5596 schismatis
2911 5541 3122 5610 antiqui
3173 5542 3444 5596 fautorem
3494 5553 3716 5593 excom-

2136 5636 2514 5692 municatione
2547 5649 2869 5706 percussum
2897 5637 3198 5696 existimat,
3234 5638 3278 5688 is
3303 5627 3713 5707 tempora'male

2137 5732 2461 5800 componit,
2506 5740 2563 5786 et
2607 5732 2966 5802 ἀνιστορησίᾳ
2999 5729 3290 5784 manileste
3328 5729 3561 5782 laborat.
3607 5725 3712 5792 Qui

2137 5821 2286 5880 enim
2339 5830 2470 5880 tunc
2501 5821 2844 5895 imperabat,
2897 5833 2952 5879 et
2980 5821 3123 5879 ultra
3156 5819 3336 5876 adhuc
3363 5819 3526 5875 annis
3549 5818 3712 5889 quin-
