4012 6596
324 413 400 482 25
576 449 588 455 -
1638 411 2240 475 PROLEGOMENA.

3655 354 3668 374 Ι

3525 404 3598 470 ‘26

335 531 518 588 decim
555 537 684 602 post
717 508 1086 589 Clementiae
1108 529 1222 588 vita
1267 531 1573 589 discessum
1627 528 1920 598 imperavit

2030 525 2333 594 τελεωτάτη
2369 521 2660 590 πολιτείαν
2693 521 2836 578 θετόν
2865 539 2918 577 τι
2967 521 3154 593 χρῆμα
3195 523 3290 577 καὶ
3318 519 3485 590 ῑιρὲν,
3515 541 3606 593 φι-

329 624 686 680 Andronicus
715 628 932 693 senior,
985 638 1146 682 sacro
1184 624 1282 681 illo
1324 623 1558 680 fulmine
1592 632 1772 678 tactus
1799 631 1908 678 est.

330 717 476 788 Ergo
505 717 560 772 in
583 717 902 774 Andronico
941 719 1174 776 Juniore
1211 719 1510 774 Christiani
1561 717 1914 787 imperatoris

253 856 260 862 .
332 824 652 878 expressum
712 825 778 865 ac
854 812 1041 866 vivum
1083 811 1490 881 quodammodo
1555 810 1910 864 simulacrum

335 903 427 958 hic
458 904 808 973 proponitur.
839 905 938 960 Est
974 905 1148 966 enim,
1181 915 1241 958 ut
1271 905 1480 974 paucis.
1519 915 1576 959 et
1599 902 1912 966 summatim

337 993 586 1066 agatnus,
621 997 850 1059 excelsi,
890 1013 995 1052 nec
1027 998 1212 1052 minus
1239 998 1474 1052 modesti
1511 997 1712 1060 animi,
1747 995 1914 1048 bene-

335 1089 494 1150 licus,
522 1089 700 1153 fortis,
728 1104 792 1144 ac
814 1105 1145 1158 generosus.
1176 1085 1449 1145 adversus
1473 1091 1614 1144 bene
1641 1073 1918 1142 merentes

333 1186 559 1246 gratus,
594 1179 903 1245 humanus,
957 1181 1288 1253 injuriarutn
1342 1181 1705 1249 laborumque
1783 1177 1919 1254 tole-

336 1283 499 1332 rans,
543 1271 596 1325 in
645 1271 984 1341 ignoscendo
1028 1273 1214 1330 mitis.
1251 1273 1608 1334 misericors,
1645 1271 1794 1340 pacis
1821 1285 1919 1324 cn-

336 1363 521 1433 pidus,
563 1367 618 1418 iit
666 1366 1038 1420 consultando
1071 1382 1194 1420 cum
1223 1365 1422 1421 amicis
1457 1366 1696 1434 diligens
1729 1363 1914 1434 lqnotl

335 1465 538 1512 contra
583 1457 856 1512 mentitur
881 1457 1176 1529 Gregoras,
1209 1460 1338 1512 dum
1378 1457 1608 1512 consilia
1637 1457 1792 1510 nulla
1821 1455 1920 1510 ad-

340 1549 576 1607 misisse.
613 1559 670 1604 et
701 1549 992 1618 imperium
1025 1551 1330 1618 neglexisse
1367 1549 1662 1616 autumat),
1691 1549 1762 1602 ab
1789 1547 1920 1602 odio

340 1642 395 1696 itt
427 1657 763 1712 quemquam
809 1643 1166 1712 suscipiendo
1195 1644 1449 1706 alienus,
1485 1641 1736 1711 pecunia:
1777 1639 1920 1701 libe-

340 1733 507 1796 talis,
537 1733 850 1788 aedificandi
885 1734 1170 1789 studiosus
1190 1775 1205 1795 .
1238 1749 1370 1804 erga
1401 1733 1572 1787 Deum
1598 1773 1614 1798 ,
1667 1731 1878 1786 cmlites
1903 1768 1919 1792 ,

313 1826 663 1883 'sacerdotes
687 1866 704 1891 ,
753 1841 918 1880 avum
953 1827 1094 1881 mire
1125 1828 1271 1896 pius.
1316 1825 1511 1880 Insunt
1553 1825 1605 1878 in
1648 1824 1734 1878 his
1766 1821 1921 1877 libris

340 1915 572 1987 insuper
601 1917 704 1972 alia
751 1918 808 1972 in
858 1919 986 1974 aliis
1019 1919 1434 1988 prmclarortttn-
1469 1917 1776 1972 facinorum
1799 1955 1813 1979 ,
1865 1923 1922 1970 et

341 2008 534 2077 (quod
571 2009 1042 2064 dissimulandum
1085 1997 1193 2066 non
1237 2012 1363 2077 est)
1409 2008 1575 2064 etiam
1624 2007 1922 2076 insignium

337 2103 604 2156 vitiorum
631 2105 884 2172 exempla
921 2103 1210 2172 :‘quorum
1262 2111 1320 2154 nt
1365 2082 1750 2156 illaimitanda
1779 2141 1792 2166 ,
1845 2099 1926 2154 sic

341 2191 442 2244 ista
473 2193 732 2246 evitanda
781 2193 946 2247 nobis
977 2201 1131 2246 sunt.
1167 2191 1372 2246 Notum
1400 2200 1487 2245 est
1517 2205 1755 2260 namque
1785 2189 1922 2244 illud

343 2284 608 2338 llontante
633 2284 877 2338 historiae
903 2284 1213 2354 principis:
1247 2283 1362 2336 Hoc
1387 2281 1524 2336 illud
1559 2293 1634 2335 est
1665 2283 1928 2350 prwcipue

339 2377 395 2431 in
421 2379 720 2450 cognitione
747 2395 924 2433 rerum
973 2378 1186 2434 salubre
1216 2395 1280 2432 ac
1309 2377 1650 2447 frugiferum,
1683 2378 1854 2430 omnis
1879 2386 1928 2428 te

338 2467 566 2538 exempli
595 2455 911 2524 documenta
936 2471 990 2521 in
1023 2469 1222 2522 illustri
1253 2470 1424 2537 posita
1475 2475 1814 2520 nwnumrnto
1843 2467 1927 2519 in-

339 2561 500 2625 tueri,
532 2559 670 2620 unde
699 2561 792 2614 tibi
835 2571 1043 2632 tua‘qne
1073 2561 1376 2631 reipublic!!!
1398 2559 1543 2631 quod
1602 2561 1807 2613 imitere
1833 2575 1924 2612 ca-

338 2653 455 2722 pias
487 2667 506 2706 :
535 2653 675 2706 unde
700 2652 892 2722 {tedam
928 2655 1158 2721 inceptu,
1193 2653 1384 2722 {tedam
1413 2657 1556 2706 exitu
1589 2651 1730 2722 quod
1771 2653 1942 2706 vites.‘

341 2743 519 2799 [labet
551 2745 642 2799 hic
667 2744 811 2808 dux,
844 2745 1011 2800 habet
1041 2746 1202 2799 miles
1225 2787 1238 2809 ,
1273 2745 1439 2799 habet
1474 2745 1722 2813 privatus
1753 2744 1888 2798 civis
1908 2784 1922 2809 ,

339 2835 506 2888 habet
537 2835 926 2905 magistratus.
964 2836 1172 2890 habent
1201 2837 1380 2901 sacri,
1425 2837 1631 2891 habent
1667 2835 1880 2905 profani
1907 2878 1922 2902 ,

339 2926 551 2991 habent
590 2927 817 2994 summi,
854 2929 1060 2983 habent
1089 2928 1285 2988 infimi.
1326 2929 1531 2984 habent
1561 2927 1687 2992 viri,
1719 2928 1937 3004 habent

323 3021 642 3101 mulieres,
683 3024 830 3091 quod
859 3023 948 3077 vel
985 3021 1194 3091 fugiant
1231 3023 1316 3077 vel
1351 3033 1682 3096 sequantur.
1729 3021 1926 3075 Insunt

343 3114 628 3169 orationes
667 3113 1024 3169 creberrimae
1056 3133 1068 3167 :
1108 3131 1250 3185 quas
1292 3131 1416 3170 cum
1470 3116 1562 3170 hic
1605 3125 1803 3168 auctor
1833 3115 1923 3168 di-

2015 615 2261 684 λοσοφία,
2321 614 2414 667 καὶ
2469 615 2598 684 περὶ
2651 616 2921 686 οὐρανίων
2977 614 3319 686 πραγμάτων
3369 615 3604 682 γνῶσις,

2016 714 2176 784 ἔργον
2213 713 2438 782 ὑψηλὸν,
2467 713 2562 766 καὶ
2590 713 2688 782 τὴν
2711 712 3061 784 ἀνθρωπενὴν
3092 711 3608 786 ὑπερϐαῖνον-δύνα-

2019 826 2134 877 μιν,
2171 807 2292 878 ἱερὰ
2344 807 2567 876 ἡσυχία.
2607 807 2663 862 ld
2695 815 2804 868 est,
2842 825 2924 862 res
2971 809 3212 868 honesta.
3240 816 3290 860 et
3327 806 3432 860 Deo
3459 823 3611 860 ama-

2017 899 2140 954 bilis
2166 939 2180 962 ,
2236 901 2616 970 vita'negoliis
2655 917 2852 965 vacua,
2888 910 2938 954 et
2969 899 3378 971 tranquillitatis
3421 897 3606 969 plena,

2018 1009 2324 1063 supremum
2377 1009 2440 1046 ac
2503 994 2942 1064 perfectissimum
2982 995 3104 1047 vitae
3148 994 3470 1054 institutum,
3515 993 3608 1045 'm

2017 1094 2202 1138 sancta
2261 1095 2308 1138 et
2389 1085 2589 1148 divina,
2651 1085 2980 1156 philosophia
3060 1095 3110 1138 et
3157 1087 3386 1156 cognitio
3437 1091 3638 1137 rerum'

2021 1177 2332 1252 caelestium,
2382 1194 2512 1247 opus
2569 1179 2792 1232 sublime
2825 1189 2874 1232 et
2905 1180 3149 1234 Immanis
3190 1180 3387 1234 viribus
3412 1179 3612 1248 majus,

2021 1275 2168 1343 quies
2209 1281 2421 1326 sancta.
2455 1271 2698 1326 Montem
2743 1289 2912 1342 porro
2956 1276 3120 1338 Atho,
3158 1273 3223 1327 ad
3260 1287 3424 1343 quem
3456 1287 3613 1326 com-

2025 1368 2184 1434 plura
2213 1367 2486 1421 aedificata
2525 1369 2889 1434 monasteria,
2929 1367 2986 1422 in
3022 1367 3230 1436 quibus
3267 1367 3459 1432 ingens
3491 1379 3614 1418 mo-

2025 1459 2330 1514 nachorum
2363 1459 2682 1524 multitudo,
2717 1459 2874 1512 πόλιν
2929 1460 3208 1530 οὐράνιον,
3251 1457 3514 1512 caelosth
3542 1457 3614 1509 ci-

2023 1555 2240 1607 vitatem
2269 1552 2540 1606 nominat.
2581 1552 2761 1606 Fncos
2793 1553 2916 1605 illos
2945 1551 3309 1606 scholasticos
3332 1589 3348 1608 .
3381 1550 3473 1602 καὶ
3512 1547 3611 1608 τὰς

2023 1645 2339 1714 ληκύθους,
2365 1653 2422 1698 et
2480 1644 2760 1716 pigmenta
2819 1644 3095 1698 lsocratea
3150 1659 3258 1696 non
3289 1641 3456 1696 habet
3498 1639 3616 1694 btcc
3697 1647 3712 1662 ’

2024 1739 2261 1793 historia
2291 1755 2305 1792 :
2337 1737 2431 1792 sed
2459 1748 2720 1805 ornatum
2748 1737 3430 1807 quemdam.matrnnalcnt
3483 1732 3617 1786 viri—

2027 1833 2267 1902 lemque,
2303 1847 2367 1886 ac
2403 1833 2688 1886 robustam
2741 1831 3096 1902 elegantiam.
3138 1829 3433 1884 Schemata
3466 1843 3618 1896 qum-

2025 1926 2152 1978 datn
2199 1925 2440 1978 oratoria
2509 1932 2564 1978 et
2633 1923 2911 1998 Atticismi
2965 1939 3076 1977 non
3123 1923 3349 1994 penitus
3391 1921 3616 1975 absunt.

2026 2013 2236 2085 Lingua
2267 2017 2460 2086 purior
2505 2026 2614 2074 est.
2651 2032 2818 2087 quam
2855 2030 2959 2086 pro
2991 2014 3082 2068 illa
3115 2023 3300 2084 tetate,
3354 2027 3464 2066 non
3490 2025 3618 2066 cum

2026 2109 2169 2163 lacte
2201 2109 2439 2163 nutricis
2472 2109 2667 2162 hausta
2691 2151 2705 2173 ,
2758 2109 2854 2163 sed
2888 2123 2956 2164 ex
2990 2107 3150 2162 lihris
3182 2115 3441 2176 pereepta
3463 2103 3622 2158 vide-

2025 2202 2176 2256 lict-t.
2229 2202 2368 2256 Nam
2415 2203 2509 2256 illo
2551 2203 2755 2257 sarculo
2803 2201 2928 2274 (sub
2961 2201 3294 2256 Andronicis
3332 2199 3619 2262 nimirum,

2027 2303 2084 2349 et
2127 2299 2326 2363 antea)
2381 2311 2488 2348 non
2537 2294 2901 2348 mediocriter
2941 2293 3305 2352 infuscatam.
3349 2299 3406 2346 ct
3438 2298 3622 2344 tnutau

2031 2391 2212 2444 tiones
2238 2387 2384 2441 haud
2416 2387 2564 2441 leves
2587 2402 2928 2457 perpessam,
2963 2387 3170 2454 eruditi
3200 2401 3310 2439 non
3337 2383 3619 2438 nesciunt.

2029 2481 2316 2536 Addamus
2360 2481 2465 2535 hoc
2518 2497 2619 2551 pro
2660 2480 2978 2535 corollario.
3011 2479 3335 2534 Geni-tenses
3411 2487 3468 2531 ct
3511 2475 3619 2530 Ve-

2031 2574 2147 2628 neti
2179 2575 2352 2629 tnulta
2401 2574 2492 2630 hic
2521 2577 2589 2629 ab
2621 2573 2744 2628 aliis
2774 2573 3059 2629 historicis
3086 2573 3202 2627 suis
3231 2569 3620 2642 prastermissa.

2029 2678 2124 2722 aut
2152 2685 2439 2738 nunquam
2466 2669 2688 2735 cngnita
2717 2669 2786 2722 de
2817 2667 3125 2738 majoribus
3142 2666 3286 2727 suis.
3313 2677 3622 2732 eorumque

2027 2765 2233 2816 virtute
2257 2772 2313 2816 et
2339 2762 2500 2816 factis
2525 2763 2728 2832 legere,
2768 2770 2828 2816 et
2885 2761 3137 2830 quaedam
3167 2759 3305 2812 falso
3331 2759 3396 2812 de
3425 2757 3622 2820 iisdem

2029 2853 2297 2908 hactenus
2328 2853 2535 2922 scripta
2571 2852 2992 2922 deprehendere
3022 2858 3305 2920 poterunt.

2101 2948 2324 3012 Restat,
2355 2956 2417 3000 ut
2457 2962 2580 3017 quas
2628 2931 2856 3000 ttos‘vel
2905 2945 3284 3013 praestitimus,
3346 2943 3432 2996 vel
3483 2956 3623 3010 prte-

2031 3048 2180 3093 stare
2224 3032 2657 3098 contendimus,
2713 3037 3052 3090 indicemus.
3092 3036 3146 3089 in
3201 3033 3628 3104 interpretando

2031 3146 2154 3184 eam
2187 3122 2426 3200 s'peciem
2462 3145 2562 3200 pro
2601 3137 2764 3199 captu
2807 3139 2998 3184 nostro
3051 3127 3356 3184 consectati
3407 3143 3629 3190 sumus,

345 3216 526 3263 rectas
553 3207 714 3262 valde
746 3218 893 3263 amet
926 3214 1076 3270 (sunt
1103 3209 1251 3262 enim
1281 3211 1646 3278 speciosiores
1702 3217 1758 3261 et
1799 3224 1924 3278 gra-
1954 3227 2000 3287 ρ
2035 3239 2197 3293 quam
2245 3239 2314 3276 εχ
2367 3239 2564 3277 eorum
2603 3223 2845 3277 ιροιίοηρ
2874 3263 2886 3285 ι
2922 3216 3015 3292 qu;
3049 3222 3118 3275 de
3165 3222 3374 3292 opum“
3423 3235 3630 3291 genere

343 3301 574 3369 viores),
601 3315 700 3355 nos
723 3300 998 3355 interdum
1037 3301 1321 3356 brevitatis
1347 3303 1542 3373 gratia,
1567 3315 1623 3356 et
1649 3305 1715 3358 ad
1747 3305 1927 3358 vitan-

343 3393 468 3447 dam
499 3409 564 3448 ex
590 3393 954 3448 sitnilitudine
989 3395 1300 3450 satietatem
1328 3439 1340 3458 ,
1366 3396 1432 3450 ad
1457 3396 1730 3467 obliquas,
1772 3400 1928 3449 more

342 3485 656 3566 Caesariano
683 3487 1016 3562 redegitnns.
1034 3487 1147 3542 Nec
1176 3505 1394 3557 possunt
1422 3477 1493 3544 de
1517 3490 1636 3544 istis
1659 3487 1928 3543 orationi-

344 3581 451 3634 bus
472 3579 778 3650 quidquam
815 3581 1015 3636 melins
1067 3597 1132 3634 ac
1184 3572 1373 3636 verius
1419 3583 1642 3646 dicere,
1678 3601 1842 3655 quam
1880 3581 1924 3638 si

345 3686 442 3725 cas
467 3671 788 3740 prudentes,
816 3672 1093 3740 copiosas,
1123 3687 1532 3744 nervorumque
1555 3691 1619 3729 ac
1641 3679 1930 3745 sanguinis

347 3763 574 3833 plenas,
610 3773 667 3818 et
697 3763 924 3818 omnino
971 3766 1414 3834 ρητορικωτέρας
1458 3767 1668 3824 dixero.
1699 3769 1932 3826 Praeter-

345 3871 412 3911 ea
468 3856 561 3910 hic
637 3855 890 3910 invenire
940 3865 1024 3910 est
1068 3856 1220 3910 locos
1273 3873 1600 3930 communes
1661 3871 1929 3917 tractatos

345 3950 587 4019 egregie.
623 3949 760 4004 scite
787 3949 934 4004 dicta
957 3991 970 4013 ,
1009 3953 1304 4019 partetttias
1329 3966 1435 4004 non
1477 3953 1751 4022 vulgares,
1787 3957 1934 4010 cele-

347 4041 533 4096 brium
563 4043 898 4115 scriptorum
931 4043 1014 4113 (ut
1037 4042 1106 4097 de
1135 4042 1310 4096 sacris
1335 4049 1566 4114 taceam)
1599 4026 1928 4107 sententias.

348 4133 577 4189 fabellas
605 4133 819 4204 aliquot
847 4134 1082 4204 lepidas,
1118 4147 1174 4190 et
1203 4135 1270 4189 ad
1298 4152 1410 4189 rem
1439 4136 1929 4194 demonstrandam

347 4228 632 4298 appositas
663 4221 678 4282 ἐ
714 4243 877 4298 quas,
925 4238 986 4282 ut
1015 4229 1146 4292 scis,
1179 4227 1640 4300 philosophorum
1695 4233 1773 4286 illi
1829 4249 1932 4288 an-

350 4320 574 4383 tistites,
630 4320 783 4374 Plato
829 4330 888 4374 et
921 4321 1248 4376 AristOteles
1273 4362 1288 4383 ,
1326 4325 1650 4393 neutiquam
1684 4337 1934 4380 contento

349 4414 562 4468 nentlas
589 4425 950 4468 censuerunt.
978 4415 1220 4484 Capie‘nt
1263 4425 1314 4471 te
1347 4417 1481 4472 item
1513 4432 1652 4487 quas
1691 4419 1930 4474 strictim

350 4506 571 4576 attingit
601 4505 863 4560 Romanae
887 4505 1168 4576 historiae;
1204 4511 1429 4580 capient
1459 4512 1600 4566 varii
1630 4513 1808 4580 ritus;
1841 4529 1932 4568 ca-

351 4598 504 4668 pient
526 4613 667 4666 quos
708 4600 902 4654 miscet
931 4601 1244 4655 animorum
1283 4613 1486 4668 motus,
1527 4613 1642 4659 tum
1683 4606 1836 4660 lenes
1866 4622 1930 4662 ac

355 4688 555 4755 sedati,
595 4705 734 4760 quos
765 4689 871 4760 ἢθη
899 4691 1099 4754 Graeci,
1138 4703 1250 4747 tum
1291 4709 1486 4766 graves
1513 4697 1611 4759 illi,
1659 4709 1715 4753 et
1740 4699 1930 4754 conci-

353 4783 495 4849 tati,
544 4783 685 4853 quos
730 4785 896 4840 iidem
941 4785 1092 4856 πάθη
1141 4797 1386 4844 vocant:
1419 4791 1642 4860 capient
1715 4793 1930 4848 descri-

351 4876 572 4947 ptiones
602 4876 814 4946 aliquot
851 4879 1098 4948 insignes
1129 4897 1142 4934 :
1175 4882 1396 4951 capient
1427 4883 1530 4938 alia
1559 4885 1781 4940 demum
1815 4885 1933 4954 pln-

353 4971 518 5025 rima.
539 4970 768 5037 Quodsi
797 4987 980 5028 rerum
1004 4974 1244 5030 varietas
1268 4975 1528 5042 delectat,
1553 4977 1623 5034 de
1639 4991 1752 5048 quo
1769 4993 1932 5032 nemo

351 5063 594 5126 dttbitat,
627 5079 692 5119 ea
720 5081 855 5120 sane
891 5067 983 5122 hic
1011 5067 1244 5124 mirifica
1271 5071 1543 5134 cernitur,
1579 5081 1641 5126 ut
1682 5065 1932 5142 singulo-

353 5171 476 5210 rum
505 5155 772 5211 librorum
813 5160 1120 5228 periochae.
1167 5175 1264 5216 seu
1295 5150 1555 5231 epit’omaa-
1585 5164 1930 5219 indicabunt.

354 5249 645 5320 Episcopis
657 5250 884 5306 debitus
906 5251 1083 5308 honos
1113 5262 1166 5308 et
1207 5271 1265 5310 re
1275 5257 1514 5312 terentia
1534 5257 1626 5312 hic
1645 5258 1931 5314 tribuitur.

353 5343 644 5400 Catholica
706 5344 958 5402 instituta
1004 5349 1457 5418 caeremonizeqtte
1518 5349 1592 5404 ita
1649 5361 1792 5420 sunt.
1839 5367 1936 5422 per

356 5435 524 5491 hasce
551 5436 1050 5504 librosluculenta,
1081 5449 1274 5494 utnon
1312 5451 1468 5510 optes
1503 5444 1696 5513 magis.
1734 5444 1792 5498 ιιι
1821 5445 1934 5512 pri-

355 5529 462 5584 mis
489 5545 624 5585 vero
650 5529 743 5585 Dei
773 5531 939 5588 Mater
965 5549 1180 5589 summa
1215 5535 1268 5589 itt
1303 5535 1657 5592 veneratione
1685 5548 1768 5592 est
1801 5556 1814 5591 :
1845 5539 1935 5592 cui

355 5624 525 5674 etiam
577 5619 714 5676 urbs
764 5631 878 5676 tota
922 5621 1436 5695 Constantinopolis
1489 5642 1520 5680 a
1572 5626 1936 5683 Constantino

355 5712 552 5777 Magno
601 5719 894 5772 commissa
955 5733 1019 5772 ac
1079 5719 1332 5774 dedicata
1368 5721 1592 5792 legitur.
1654 5721 1777 5779 Vita
1824 5739 1939 5780 mo-

355 5802 566 5858 nastica
600 5813 686 5859 est
716 5805 815 5871 illi,
860 5809 1095 5876 πρᾶγμα
1120 5809 1282 5863 καλὴν
1320 5811 1412 5865 καὶ
1443 5811 1708 5882 θεοφιλὲς,
1761 5815 1940 5887 ἀπρά-

359 5909 520 5971 γμων
548 5903 640 5951 καὶ
677 5900 870 5973 μεστιις
901 5901 1143 5979 γαλήνης
1175 5903 1310 5976 βίος,
1348 5906 1644 5976 ἀκρότατος
1676 5907 1812 5985 βίης,
1845 5911 1936 5966 καὶ

2035 3315 2442 3386 interpretandi
2477 3326 2888 3386 praeceperunt,
2920 3317 3310 3386 bonorumque
3345 3316 3628 3384 interpre-

2034 3420 2147 3462 tum
2180 3409 2575 3464 observatione
2642 3422 2828 3466 mentc
2875 3422 3198 3480 conceptam
3263 3418 3427 3478 atque
3459 3407 3631 3460 infor-

2034 3511 2234 3556 matam
2291 3502 2622 3557 tenebamus
2653 3520 2667 3562 :
2704 3519 2826 3572 quae
2877 3502 3189 3575 cnjnsmodi
3239 3503 3346 3564 sit,
3388 3502 3420 3554 ii
3455 3499 3628 3570 petis-

2033 3595 2236 3647 simunt
2297 3595 2662 3666 intelligunt,
2716 3611 2952 3666 quorum
3004 3595 3276 3650 industria
3321 3594 3372 3666 in
3429 3592 3628 3646 eodem

2033 3687 2316 3742 curriculo
2371 3704 2428 3742 se
2479 3687 2783 3758 aliquando
2835 3672 3156 3759 explicavit.
3198 3665 3456 3743 Codiccttt
3504 3700 3630 3754 per-

2033 3795 2196 3844 quam
2249 3779 2628 3847 mendosum,
2687 3781 2943 3849 maleque
3000 3779 3418 3848 interpunctum
3471 3790 3632 3830 acce-

2036 3872 2237 3939 pimus,
2269 3882 2328 3925 ttt
2359 3871 2610 3926 divinare
2677 3873 3043 3943 et.conjicere
3093 3872 3418 3941 frequenter
3456 3875 3628 3940 opor;

2037 3965 2224 4017 tuerit.
2264 3965 2496 4017 Nomina
2545 3965 2820 4028 locorum,
2869 3983 2989 4034 quae
3031 3982 3132 4020 nec
3161 3964 3623 4034 diligentissimus

2035 4053 2283 4108 Ortelitts
2317 4056 2502 4108 omnia
2535 4056 2796 4126 collegit,
2836 4067 2893 4111 et
2945 4072 3305 4126 personarum
3328 4097 3342 4121 ,
3377 4071 3498 4126 quae
3541 4055 3627 4114 vel

2027 4145 2244 4201 (ἴτε-θρίω
2291 4146 2405 4216 jam
2457 4147 2719 4202 occidens
2775 4158 2832 4202 et
2891 4149 3401 4220 βεϐαρϐαρωυένη,
3434 4149 3519 4202 vel
3561 4148 3628 4210 li,-

2035 4239 2689 4319 brariortttn.oscitantia
2737 4239 3098 4310 depravare-1,
3141 4241 3345 4296 alicubi
3371 4240 3440 4295 de
3473 4255 3624 4294 cons

2029 4331 2248 4402 jectnra
2275 4331 2698 4386 emendavimus
2755 4336 2900 4404 (nam
2931 4333 3026 4402 qui
3052 4332 3299 4386 omnium
3329 4347 3516 4386 verant
3571 4340 3630 4386 et

2037 4440 2359 4498 germanam
2397 4426 2728 4498 scripturam
2763 4427 3128 4498 coniectando
3173 4425 3348 4497 possit
3376 4425 3624 4496 assequi,

2035 4535 2137 4590 ego
2159 4519 2383 4588 quidem
2411 4519 2667 4580 futurum
2688 4521 2886 4590 opinor
2911 4521 3238 4586 nemittcm‘,
3260 4519 3463 4574 omissa
3480 4535 3630 4592 quae:

1964 4581 2007 4639 θ
2037 4613 2178 4682 dam,
2217 4613 2638 4682 supplevimus;
2689 4613 2744 4667 itt
2797 4614 3046 4678 singulos
3085 4614 3260 4668 libros
3316 4614 3630 4684 periocltas,

2032 4724 2128 4764 seu
2178 4710 2454 4781 epitomas
2511 4705 2992 4776 conscripsimus:
3031 4723 3170 4778 quas
3217 4715 3274 4762 ct
3321 4710 3532 4764 lecturo
3563 4709 3632 4764 ad

2037 4803 2518 4876 προπαρασκευὴν
2546 4842 2563 4870 ,
2615 4811 2672 4857 et
2706 4803 2756 4856 ei
2797 4802 2891 4872 qui
2931 4803 3044 4873 jam
3103 4803 3233 4873 legit
3263 4845 3279 4868 ,
3330 4802 3396 4857 ad
3431 4803 3632 4856 ἀνακε-
3667 4862 3674 4880 ⁹

2035 4899 2342 4968 φαλαῑωσιν
2386 4897 2554 4952 utiles
2603 4896 2726 4952 fore
2776 4897 3158 4953 confidimus:
3193 4897 3401 4951 relictis
3425 4898 3632 4950 scelio—

2035 4991 2200 5044 nibns
2231 4992 2394 5059 (quas
2427 4988 2482 5042 in
2538 4987 2818 5058 plerisque
2849 4987 3144 5043 codicibus
3169 5028 3184 5051 ,
3225 4975 3340 5042 slve
3392 4986 3628 5051 scribas,

2035 5089 2150 5138 sive
2175 5083 2444 5146 lectores,
2482 5097 2594 5136 non
2642 5082 2796 5151 ipsos
2843 5090 3102 5136 auctores
3155 5081 3500 5151 excogitasse
3575 5087 3633 5135 et

2036 5174 2362 5230 adhibuisse
2404 5175 2552 5240 reor)
2585 5172 2732 5242 quod
2787 5169 3153 5226 modo'nimis
3202 5171 3430 5236 crebrae,
3469 5169 3636 5224 modo
3695 5188 3707 5202 ·

2038 5265 2208 5321 nimis
2264 5281 2439 5328 rarm,
2487 5265 2692 5344 saepius
2740 5276 3130 5335 argumentum
3185 5265 3274 5320 vix
3319 5281 3384 5319 ex
3434 5265 3634 5320 triente

2041 5359 2618 5430 comprehenderent,
2648 5359 2702 5412 in
2739 5358 2917 5428 capita
2946 5397 2962 5421 ,
2997 5375 3150 5413 more
3196 5359 3516 5413 Latinorum
3547 5366 3634 5411 to-

2041 5459 2158 5504 tum
2189 5465 2393 5520 corpus
2419 5451 2714 5506 divisimus
2740 5490 2754 5512 ,
2802 5459 2858 5504 et
2887 5451 2953 5504 ad
2998 5453 3268 5523 cujusque
3297 5448 3634 5520 capitis-ini-

2044 5543 2178 5597 tium
2241 5544 2366 5614 ejus
2441 5558 2711 5597 sutntnam
2782 5545 3148 5612 opposuimus
3195 5552 3504 5612 notasque,
3574 5549 3634 5594 ut

2039 5641 2306 5702 quantum
2342 5636 2579 5686 maxime
2627 5619 2916 5703 possemus
2941 5678 2956 5700 ,
2989 5645 3046 5689 et
3097 5635 3248 5688 hisce
3293 5631 3544 5694 summis,
3575 5640 3632 5687 et

2043 5724 2152 5779 illis
2186 5725 2448 5795 epitomis
2480 5724 2678 5780 lectori
2713 5727 2898 5780 lumen
2925 5726 3428 5798 pra-panderetnns.
3453 5723 3630 5778 Locos

1977 5859 1988 5864 -
2041 5818 2263 5887 aliquot
2291 5833 2484 5886 parum
2529 5833 2726 5884 sanos,
2758 5819 3039 5888 prtetextis
3090 5821 3144 5872 in
3199 5818 3317 5888 ipso
3360 5825 3621 5872 contextu

2042 5909 2622 5967 auitnadversiouibus
2696 5911 3153 5991 perstrinximus,
3201 5925 3338 5980 quas
3388 5907 3613 5980 quidem
