4012 6602
419 391 495 456 27
686 398 698 405 ’
1102 404 1124 417 ⁸

1567 390 1754 450 ΙΟΑΝ
1770 394 1810 448 Ν
1828 393 1916 449 ES
1953 394 2041 448 CA
2054 393 2577 455 N'I‘ACUZENUS.

3606 399 3695 460 ‘2‘}

423 509 616 573 rogatu
648 507 846 557 nostro
876 498 1116 557 Iacobus
1140 500 1459 564 Gretserus,
1483 501 1767 555 societatis
1803 510 2002 554 nostra
2033 503 2077 558 Α
2108 523 2215 577 que
2242 517 2301 561 ut
2333 510 2406 563 ab
2438 506 2727 564 historicis
2754 507 3038 572 abeamus,
3090 514 3146 563 el
3172 507 3238 562 ad
3266 507 3405 563 alios
3437 512 3687 580 εει-ἰριο-

424 594 748 665 theologus,
779 603 835 649 et
861 594 917 649 in
942 594 1220 649 academia
1269 594 1671 664 lngolstadiana
1721 594 1999 662 professor

424 689 740 743 ordinarius
797 689 1154 757 conscripsit.
1190 688 1257 742 Et
1287 688 1401 742 ha‘c
1430 688 1663 741 fecimus
1689 727 1703 749 .
1738 687 1910 751 magis
1942 695 2003 740 ut

424 778 723 832 candorem
766 788 1011 832 nostrum
1044 779 1202 832 bonis
1233 778 1367 831 viris
1403 779 1761 846 probaremus
1786 818 1801 841 ,
1836 792 1999 845 quam

427 869 574 936 quod
615 870 707 923 illa
735 910 749 933 ,
795 871 1204 939 qualiacunque
1258 880 1430 933 sunt,
1494 871 1598 925 hoc
1649 872 1872 939 quidem
1905 887 2004 923 sa:-

424 961 553 1015 culo
580 1001 595 1023 ,
641 970 699 1016 et
736 962 789 1015 in
824 948 911 1017 his
941 964 1102 1016 terris
1158 963 1224 1015 ad
1266 977 1598 1031 quemquam
1648 962 2002 1016 inficiendum

427 1055 956 1125 depravandnmqne
1041 1058 1273 1110 valitura
1350 1057 1796 1111 formidarentus.
1871 1057 2005 1122 Quis

428 1145 576 1199 enim
617 1149 795 1201 nescit
822 1190 836 1213 ,
886 1153 1049 1204 etiam
1093 1151 1187 1220 qtti
1240 1151 1459 1204 litteras
1491 1165 1598 1203 non
1652 1149 1863 1213 didicit,
1896 1164 2003 1201 non

428 1246 546 1291 tum
576 1239 817 1307 primum
846 1280 863 1306 ,
912 1243 1312 1312 prepetidente.
1341 1242 1554 1296 scilicet
1590 1230 1701 1312 jam
1749 1240 1814 1295 ad
1847 1255 2008 1295 oeca-

428 1344 557 1384 sumv
585 1330 816 1400 imperio
840 1374 855 1396 ,
890 1334 986 1389 sed
1029 1335 1215 1389 multis
1238 1343 1364 1389 ante
1411 1350 1678 1388 annorum
1714 1333 2002 1396 centuriis,

429 1438 571 1493 pene
607 1434 733 1494 post
767 1428 1285 1495 octingentesimum
1336 1428 1519 1480 statim
1566 1426 1635 1480 ab
1670 1436 1794 1500 ortu
1842 1426 2006 1481 Chri—

430 1519 538 1581 sti,
585 1519 921 1575 Orientalem
960 1521 1264 1575 Ecclesium
1296 1538 1324 1575 a
1370 1522 1617 1575 Romana
1669 1520 2011 1574 secessisse?

430 1611 708 1666 Feruntur
761 1614 893 1667 item
939 1614 1187 1669 historici
1244 1631 1353 1668 non
1404 1614 1607 1683 pauci,
1661 1614 1766 1668 hoc
1813 1623 2007 1667 nostro

431 1708 631 1774 partim
660 1706 1027 1775 antiquiores,
1061 1708 1257 1775 partim
1294 1707 1664 1769 recentiores,
1699 1721 1842 1774 quos
1879 1720 2005 1760 cum

433 1794 501 1846 ad
546 1810 716 1847 unum
767 1798 853 1849 vel
914 1796 966 1849 in
1014 1796 1294 1850 haereticis
1323 1838 1336 1859 ,
1375 1796 1460 1849 vel
1524 1796 1577 1849 itt
1636 1794 2003 1849 schisntaticis

428 1885 552 1956 jure
587 1901 943 1941 numeremus
965 1930 977 1949 ,
1027 1888 1176 1942 nullo
1208 1896 1388 1969 tamen
1432 1903 1623 1941 eorum
1652 1885 1771 1940 sine
1801 1884 2004 1969 aliqpo,

433 1979 694 2031 omnibus
728 1980 891 2032 simul
929 1979 1048 2032 sine
1095 1979 1333 2033 maximo
1382 1979 1718 2032 detrimento
1766 1976 2006 2030 Ecclesia

439 2067 684 2123 ltomana
744 2085 932 2124 carere
977 2086 1087 2124 non
1144 2080 1344 2138 potest.
1397 2070 1517 2125 Vin’
1565 2077 1620 2123 tu
1670 2069 1862 2122 audire
1911 2067 2008 2136 qui

437 2159 592 2214 sint?
648 2162 986 2216 Sozomcntts
1053 2174 1107 2216 et
1164 2162 1425 2216 Socrates
1470 2161 1663 2216 Novati
1720 2159 2007 2230 perfidiam

434 2253 627 2309 sectati
659 2262 808 2309 sunt.
845 2255 1089 2320 Quorum
1141 2255 1233 2309 hic
1279 2271 1388 2309 non
1434 2256 1616 2309 oblata
1666 2256 1844 2308 solum
1869 2294 1883 2315 .
1913 2253 2010 2308 sed

436 2345 719 2400 interdum
776 2348 940 2400 etiam
1013 2348 1242 2415 quaesita
1318 2349 1610 2402 occasione
1676 2346 2019 2417 Novatianog

435 2437 672 2492 libenter
703 2439 921 2504 laudat,
972 2441 1105 2510 ipsis
1154 2443 1415 2496 miracula
1469 2442 1699 2506 tribuit,
1735 2441 2011 2494 llomano-

436 2545 559 2583 rum
609 2531 929 2598 pontiﬁcum
987 2534 1282 2600 potentiam
1341 2535 1633 2603 exagitat:
1684 2550 1805 2603 qua:
1830 2534 2012 2587 omnia

437 2620 676 2676 Iacobus
704 2623 899 2678 Billius
929 2625 1183 2680 eruditus
1223 2628 1520 2696 theologus
1552 2625 2011 2680 Observationum

438 2727 720 2767 sacrarum
756 2716 897 2769 libro
929 2718 1140 2785 primo,
1194 2720 1372 2787 capite
1424 2719 1686 2773 vicesimo
1737 2733 1892 2773 sexto
1924 2718 2012 2771 lu-

439 2804 692 2859 culenter
745 2808 1107 2863 demonstrat.
1174 2812 1249 2865 De
1299 2812 1613 2878 Nicephoro
1664 2811 1893 2867 Callisto
1947 2812 2014 2866 li-

442 2905 575 2966 quet
604 2914 667 2952 cx
720 2900 991 2956 Gennadii
1039 2903 1303 2973 Apologia
1349 2920 1450 2973 pro
1499 2905 1735 2959 concilio
1784 2906 2015 2961 Floren-

446 2991 602 3055 tino,
662 2991 752 3045 ubi
797 2991 916 3063 ejus
958 3010 1068 3048 non
1124 3005 1229 3048 tam
1279 2996 1504 3065 scripta,
1553 3012 1716 3065 quam
1768 2998 2016 3052 convicia

446 3093 636 3137 contra
675 3083 901 3140 Latinos
931 3086 1276 3151 refelluntur,
1313 3097 1372 3141 ut
1412 3089 1480 3141 de
1518 3088 1586 3142 iis
1616 3082 1738 3158 (iure
1783 3091 2017 3159 sparsim

446 3173 502 3228 in
540 3175 824 3230 historiam
863 3194 1014 3231 suant
1047 3179 1267 3233 sinistra
1323 3180 1599 3243 inseruit,
1647 3182 1783 3236 nihil
1816 3183 2013 3237 dicam.
2047 3215 2089 3273 Β

445 3265 715 3320 Zonaram
749 3268 914 3322 fuisse
942 3269 1379 3336 schismatieum,
1416 3272 1605 3326 testari
1640 3282 1873 3341 possunt
1899 3274 2020 3343 ejus

447 3369 708 3427 poemata
745 3360 1154 3415 acnleatissima
1196 3361 1263 3415 de
1294 3363 1648 3431 processione
1697 3365 1870 3418 sancti
1901 3365 2023 3435 Spi-

451 3450 592 3502 ritus
620 3491 633 3510 ,
684 3462 739 3504 et
774 3452 880 3505 alia
936 3452 1201 3506 adversus
1251 3453 1475 3508 Latinos
1519 3456 1821 3524 composita
1847 3499 1860 3521 ,
1902 3474 2024 3526 qua:

453 3541 848 3598 Genebrardus
898 3545 1027 3598 dum
1061 3555 1452 3607 converteret,
1504 3562 1563 3601 se
1611 3546 2027 3604 criminationes

450 3634 573 3688 illas
609 3637 866 3691 omisisse
913 3648 1123 3691 narrat.
1172 3638 1247 3691 De
1304 3635 1666 3708 Pachymerio
1714 3640 1856 3695 idem
1896 3657 2027 3697 con-

449 3735 597 3781 stare
645 3738 825 3797 potest
879 3745 945 3782 ex
991 3730 1266 3795 ailjunctis
1310 3731 1377 3784 ad
1413 3730 1711 3803 Gregoram
1745 3733 2024 3789 Latinum.

438 3816 526 3871 'Ea
564 3828 691 3871 sunt
722 3819 901 3887 capita
930 3860 946 3884 ,
992 3834 1089 3873 seu
1118 3821 1222 3875 loci
1277 3837 1459 3875 rerum
1514 3824 1779 3878 memoria
1832 3826 2025 3895 digna-

453 3925 577 3963 rum
598 3950 613 3972 ,
643 3926 673 3965 e
700 3911 892 3965 codice
926 3915 1283 3981 Augustano,
1318 3914 1467 3968 carie
1498 3916 1750 3969 confecto
1794 3925 1847 3969 et
1904 3932 2026 3969 mu-

452 4000 588 4061 tilo,
625 4016 725 4069 per
776 4002 1026 4070 singulos
1062 4002 1237 4057 libros
1287 4005 1530 4073 execrpti
1562 4022 1575 4059 :
1608 4005 1767 4073 cujus
1809 4006 2028 4059 animus

452 4090 509 4145 in
564 4091 871 4145 Romanam
918 4093 1224 4147 Ecelesiam
1278 4096 1458 4163 qualis
1504 4095 1693 4155 fuerit,
1720 4110 1784 4148 ex
1813 4096 2026 4164 quinto,

454 4194 611 4238 sexto
637 4224 651 4247 ,
684 4196 739 4240 et
773 4197 968 4240 octavo
999 4188 1348 4256 potissimum
1382 4188 1540 4241 libris
1571 4187 2028 4256 deprehenditur.

452 4276 829 4345 Nicephorum
877 4278 1172 4347 Gregoram
1213 4294 1432 4347 quoque
1484 4289 1537 4333 et
1578 4280 1822 4332 Nicetam
1885 4278 2031 4333 Clio-

455 4367 663 4421 nialatn
711 4384 906 4423 eorum
962 4378 1316 4423 monumenta
1398 4370 1660 4439 produnt.
1714 4370 1868 4425 Adde
1923 4372 2031 4426 huc

456 4459 807 4522 Ccdrenum,
874 4460 1138 4531 Glycam,
1205 4460 1628 4515 Constantinum
1702 4462 2025 4527 Manassem,

2111 615 2203 654 res
2253 601 2578 665 veniamus,
2628 597 2893 668 Origenes
2934 610 2992 656 et
3067 600 3441 656 Tertullianus
3488 603 3687 672 quales

2107 692 2328 747 tandem
2375 692 2648 745 fuerunt?
2690 708 2873 747 nonae
2920 708 3113 747 eorum
3152 694 3390 748 haereses
3419 695 3689 748 exstant?

2105 785 2380 839 Feruntur
2408 785 2901 840 Demonstrationes
2930 785 3246 856 evangelica!
3276 784 3494 839 Eusebii
3521 784 3688 839 Pant-

2107 879 2242 947 pltili
2265 920 2279 941 ,
2312 880 2364 933 in
2404 881 2614 948 quibus
2643 889 2832 948 aperte
2860 886 2916 931 et
2970 878 3170 946 Saepius
3196 876 3463 945 ἀριανίξει
3484 916 3499 940 ,
3530 876 3681 944 quod

2108 970 2461 1023 doctissimus
2510 970 2707 1023 Billius
2737 967 3176 1021 Observationum
3210 966 3309 1021 lib.
3348 982 3401 1028 ι.
3436 981 3558 1034 cap.
3588 966 3683 1031 27,

2109 1060 2267 1128 plane
2318 1075 2382 1113 ac
2440 1060 2644 1115 diserte
2693 1059 2960 1113 ostendit.
3005 1058 3149 1123 Quid
3197 1044 3686 1112 Demonstrationes

2107 1152 2471 1221 evangelicw?
2542 1152 2737 1206 Statim
2802 1153 2856 1205 in
2914 1152 3034 1221 ipso
3088 1151 3363 1221 principio
3420 1150 3690 1204 Ecclesia-

2110 1246 2263 1299 stiete
2293 1246 2415 1316 ejus
2464 1245 2719 1300 Historiae
2768 1247 2901 1315 (quo
2935 1253 3294 1299 monumento
3343 1244 3480 1298 nihil
3512 1243 3688 1296 habe-
3750 1306 3761 1317 ι

2109 1352 2231 1390 mus
2286 1338 2355 1392 jn
2410 1338 2693 1407 republica
2745 1337 3061 1392 Christiana
3114 1336 3424 1403 illustrius)
3476 1334 3687 1388 ariani-

2108 1443 2257 1483 smos
2301 1429 2510 1497 aliquot
2558 1431 2815 1484 observat
2861 1439 3011 1484 tomo
3062 1429 3226 1482 tertio
3251 1427 3544 1482 Annalium
3576 1428 3690 1481 Zo-

2109 1535 2294 1572 naras.
2351 1521 2493 1575 Sunt
2543 1523 2596 1574 in
2633 1521 2886 1575 manibus
2919 1521 3272 1575 Monumenta
3319 1520 3522 1584 Pltotii,
3558 1530 3689 1575 sunt

2111 1610 2391 1665 Theodori
2433 1612 2776 1666 Balsainonis
2803 1651 2818 1672 .
2871 1611 2965 1680 qui
3024 1610 3251 1665 Latinos
3279 1651 3295 1675 ,
3340 1619 3398 1663 ιιι
3427 1610 3689 1681 pestileno

2114 1702 2359 1756 tissimus
2411 1703 2820 1767 schismaticus,
2874 1701 3144 1757 conviciis
3202 1702 3405 1770 passim
3460 1702 3686 1755 lacerat.

2112 1795 2349 1849 Eosdem
2388 1795 2458 1845 ob
2486 1796 2905 1860 proccssionem
2958 1795 3131 1848 sancti
3164 1793 3406 1864 Spiritus
3450 1794 3692 1861 exagitat

2112 1890 2272 1941 etiam
2326 1888 2531 1941 nobilis
2592 1887 2736 1941 inter
2795 1887 3078 1957 theologos
3142 1886 3331 1940 Patres
3392 1884 3689 1954 TlieOphy-

2116 1980 2299 2033 lactus
2332 1979 2601 2048 Bulgaria:
2631 1981 2951 2048 episcopus.
2986 1990 3066 2043 et,
3097 1979 3255 2049 cujus
3288 1977 3550 2034 similiter
3577 1992 3693 2030 ma-

2109 2086 2275 2140 gnum
2300 2072 2443 2123 inter
2456 2085 2642 2125 sacros
2662 2070 2964 2139 scriptores
2987 2085 3188 2123 nomen
3211 2078 3314 2132 est,
3337 2068 3689 2138 Eutltymius.

2110 2162 2339 2216 Possum
2387 2162 2569 2216 adhuc
2614 2163 2900 2215 nominare
2925 2161 3179 2216 liomilias
3204 2203 3218 2226 ,
3256 2170 3313 2215 et
3348 2161 3452 2213 alia
3481 2160 3690 2227 scripta

2112 2255 2490 2322 hujuscemodi
2514 2255 2959 2325 hominum,qua:
2983 2255 3035 2307 in
3058 2254 3312 2307 Latinum
3335 2254 3591 2306 translata
3617 2252 3686 2304 le-

2114 2358 2341 2417 guntur.
2365 2358 2422 2402 et
2445 2348 2515 2401 ab
2536 2349 2770 2402 eruditis
2788 2348 3165 2417 proferttntur.
3184 2346 3241 2401 Si
3265 2361 3394 2415 ergo
3412 2351 3693 2413 net-snpe-

2114 2439 2318 2493 riorum
2348 2440 2610 2504 historiae,
2636 2454 2738 2493 nec
2762 2440 2991 2494 istorum
3017 2436 3399 2493 commentarii
3425 2436 3693 2491 hactenus

2116 2532 2375 2586 Ecclesia:
2430 2531 2936 2596 incommodarum,
2978 2532 3111 2600 quin
3163 2530 3348 2599 potius
3394 2528 3565 2596 (quod
3604 2542 3692 2581 res

2114 2625 2331 2689 clamat)
2357 2624 2555 2679 mirttm
2595 2624 2648 2677 in
2676 2625 2896 2679 modum
2934 2625 3401 2693 vehementerque
3442 2636 3689 2676 commo-

2118 2719 2339 2781 darunt,
2378 2734 2446 2772 ne
2479 2734 2508 2772 a
2538 2719 2924 2773 Cantacuzeno
2956 2717 3180 2788 quidem
3212 2716 3386 2785 magis
3430 2715 3688 2769 damnum
3732 2773 3737 2777 ,

2119 2807 2292 2860 ullum
2325 2807 2680 2860 metuendum
2708 2849 2724 2872 ,
2751 2823 2915 2875 quam
2949 2806 3163 2861 fruetus
3190 2848 3206 2873 ,
3257 2807 3412 2875 isque
3444 2820 3554 2859 non
3579 2820 3693 2859 me-

2117 2898 2345 2960 diocris,
2378 2908 2434 2952 ut
2465 2914 2533 2953 et
2561 2898 3019 2953 antecedentibus
3047 2898 3257 2967 patuit,
3284 2898 3691 2966 exspectandus

2119 3002 2224 3047 est.
2260 2994 2463 3047 Rerum
2493 3003 2774 3073 gestarum
2800 3034 2816 3058 ,
2850 3008 2915 3046 ac
2941 2991 3310 3047 vetustiorum
3361 3000 3693 3062 temporum,

2121 3084 2331 3147 utilem,
2379 3083 2859 3151 necessariamque
2891 3082 3261 3153 cognitionem
3316 3084 3696 3151 persequimur

2121 3186 2177 3231 et
2226 3176 2558 3245 inquirimus
2604 3193 2617 3229 :
2682 3178 2727 3231 si
2771 3175 2901 3245 quid
2962 3174 3241 3229 interdum
3295 3174 3347 3227 in
3395 3173 3464 3226 iis
3514 3172 3695 3225 minus

2123 3268 2565 3323 commendabile
2615 3269 2973 3337 aspergitur,
3024 3266 3077 3321 id
3136 3276 3245 3321 tota
3305 3273 3487 3319 mente
3537 3279 3696 3318 aver-

2122 3375 2307 3413 samur
2335 3369 2499 3428 atque
2526 3360 2807 3428 rejicimus
2858 3375 2871 3411 :
2908 3366 2964 3411 et
3006 3357 3215 3410 calamo
3244 3354 3434 3421 etiam,
3456 3369 3580 3409 cum
3613 3363 3697 3407 est
3742 3366 3761 3411 ς

2124 3454 2366 3516 occasio,
2400 3461 2655 3506 notamus
2688 3459 2855 3520 atque
2908 3449 3277 3505 confodimus.
3326 3447 3438 3502 Nec
3471 3461 3599 3499 vero
3628 3444 3696 3497 ab

2128 3547 2229 3600 hoc
2264 3554 2494 3601 auctore
2539 3553 2732 3598 nostro
2790 3542 3048 3597 Ecclesiae
3099 3541 3399 3602 Romanis,
3448 3549 3541 3593 aut
3594 3537 3699 3589 [lo-

2126 3652 2311 3693 mano.
2342 3634 2589 3705 pontifici
2640 3634 2988 3689 contumeliae
3042 3633 3335 3691 dicuntur,
3380 3646 3542 3697 quem
3588 3627 3696 3681 Pu-

2128 3738 2287 3788 trem.
2328 3728 2722 3779 sanctissimum
2769 3723 3087 3787 Dominum,
3134 3732 3225 3775 tua
3274 3722 3560 3784 sanctitas,
3606 3727 3697 3770 tua
3766 3786 3771 3793 _

2127 3819 2398 3874 beatitudo
2432 3827 2623 3882 vocat,
2657 3827 2712 3870 et
2766 3822 2825 3870 ut
2871 3815 3014 3884 apud
3069 3829 3195 3867 eum
3248 3812 3509 3880 opinione
3558 3810 3697 3877 mala

2129 3928 2198 3966 ne
2230 3911 2341 3974 sit,
2389 3910 2637 3963 elaborat
2673 3913 2918 3979 (propter
2957 3907 3215 3960 barbaros
3243 3943 3258 3968 ,
3306 3904 3514 3957 Tureas
3546 3902 3699 3956 vitle-

2128 4006 2303 4069 licet,
2356 4005 2410 4057 in
2445 4004 2710 4057 auxilium
2765 4001 3103 4062 accersitos,
3139 4006 3513 4064 vastatamque
3561 3995 3699 4047 l~elto

2129 4098 2277 4153 civili
2310 4098 2678 4165 provinciam)
2709 4109 2835 4148 cum
2864 4107 2930 4145 eo
2965 4092 3409 4165 arma/adversus
3457 4087 3703 4141 inlideles

2130 4206 2230 4259 pro
2261 4188 2430 4258 gloria
2482 4188 2666 4242 crucis
2717 4185 2922 4240 Christi
2974 4184 3310 4253 conjungere
3357 4182 3550 4250 cupit;
3585 4180 3701 4249 ejis

2131 4281 2502 4336 laudationem
2529 4279 2635 4333 sibi
2664 4278 3009 4346 amplissimo
3040 4274 3234 4328 honori
3268 4272 3422 4326 ducit
3449 4290 3462 4324 :
3495 4272 3700 4336 legatos

2131 4374 2306 4443 ipsius
2362 4372 2597 4442 benigne
2652 4371 2857 4441 excipit
2899 4386 2913 4422 ε
2962 4383 3087 4423 cum
3156 4367 3350 4421 eodem
3400 4364 3702 4434 (Clemente

2134 4464 2394 4517 nimirum
2425 4462 2521 4543 Ἣ),
2577 4462 2642 4514 de
2675 4458 2885 4530 synodo
2934 4454 3210 4517 habenda,
3252 4452 3704 4520 redintegrandu-

455 4552 722 4606 Jcanncm
757 4562 809 4606 et
840 4552 1135 4624 Georgium
1168 4592 1182 4616 ,
1228 4553 1590 4622 Curopalatas
1614 4596 1628 4616 ,
1678 4566 1733 4608 et
1762 4556 1900 4608 alios
1930 4597 1942 4613 .
1982 4557 2025 4610 si
2065 4553 2106 4607 Ι)
2133 4574 2237 4627 que
2274 4556 2637 4610 lict-lesiarum
2671 4549 2967 4606 concordia
3002 4548 3233 4603 sollicite
3255 4587 3269 4611 ,
3298 4561 3361 4600 ac
3390 4555 3702 4598 reverenter

454 4659 794 4712 qna-ramus.
852 4645 985 4699 Nam
1014 4648 1137 4715 'per
1168 4646 1260 4699 illa
1293 4656 1537 4715 tempora
1568 4654 1676 4699 tam
1730 4663 1835 4699 non
1871 4647 2029 4703 facile

458 4736 792 4788 monachum
824 4778 838 4801 ,
890 4748 986 4791 aut
1032 4737 1367 4806 scriptorem
1414 4753 1443 4791 a
1499 4738 1742 4813 Romana
1786 4741 2030 4796 Ecclesia

459 4841 563 4877 non
599 4829 995 4883 alienissimum
1027 4844 1146 4887 erat
1177 4834 1426 4888 invenire
1473 4833 1525 4887 in
1576 4834 1782 4891 Grazeia
1812 4877 1825 4900 ,
1866 4854 2029 4907 quam

461 4918 625 4972 hodie
658 4921 878 4977 difﬁcile
923 4934 1005 4978 est
1041 4943 1347 4995 praeconem
1383 4929 1533 4982 verbi
1590 4929 1683 4983 Dei
1715 4971 1729 4991 .
1782 4942 1875 4986 aut
1906 4949 2033 5001 pro-

459 5010 724 5067 fessorem
756 5016 1088 5089 catholicum
1141 5021 1388 5075 invenire
1432 5022 1485 5075 in
1518 5022 1780 5078 Saxonia.
1837 5025 1903 5078 Et
1940 5030 2035 5094 qui

465 5106 685 5161 tandem
720 5111 834 5184 lteri
876 5120 1061 5179 potest
1092 5152 1105 5173 ,
1160 5123 1219 5166 ut
1250 5115 1344 5183 qui
1395 5117 1735 5185 patriarchas
1767 5116 2039 5171 Constan-

464 5199 865 5269 tinopolitanos
932 5200 1356 5271 scitisntaticos,
1413 5210 1692 5277 appellant
1756 5211 2042 5264 sancti'sSi-

465 5305 617 5353 mos,
678 5296 1054 5350 (ecuntenicos
1086 5337 1099 5359 ,
1155 5308 1210 5351 et
1260 5300 1536 5369 principes
1591 5303 1889 5366 Ecclesia},
1936 5302 2038 5370 ipsi

462 5381 711 5463 ejusdem
768 5382 958 5440 farina:
1007 5402 1115 5440 non
1167 5387 1422 5441 fuerint‘?
1477 5390 1530 5443 Si
1584 5405 1686 5459 ego
1728 5391 2038 5458 quempiam

467 5475 1018 5541 snperinlendentem
1053 5482 1381 5536 sanetiss'mi
1436 5483 1701 5536 vocabulo
1744 5482 2037 5543 allicerem,

467 5563 637 5616 credo
666 5605 680 5629 ,
720 5566 887 5639 aliquj
912 5611 926 5634 ,
965 5569 1075 5623 imo
1105 5571 1327 5640 plurimi
1355 5613 1370 5637 ,
1407 5588 1506 5625 nec
1540 5572 1737 5642 injuria
1770 5610 1783 5633 ,
1818 5587 1901 5624 me
1937 5570 2044 5623 Lu-

470 5653 762 5715 tberanum
790 5702 805 5730 ,
850 5673 942 5719 aut
971 5664 1356 5721 Calvinianum
1405 5681 1527 5721 esse
1568 5664 1911 5736 colligerent.
1948 5666 2043 5719 At-

2133 4651 2262 4718 agit.
2293 4650 2411 4704 Non
2443 4688 2457 4711 ,
2502 4646 2724 4715 inquam
2751 4683 2766 4707 ,
2806 4644 2896 4696 hic
2926 4640 3125 4710 probra
3153 4680 3168 4704 ,
3206 4649 3262 4693 et
3308 4637 3594 4691 maledicta
3619 4636 3703 4705 ja-

2140 4745 2403 4796 ciuntur:
2443 4738 2536 4792 ςυά
2570 4734 2845 4790 dissensio
2873 4773 2890 4799 ,
2940 4746 3002 4786 ac
3046 4730 3333 4785 diSsidium
3381 4728 3512 4781 illud
3550 4743 3577 4779 a
3607 4742 3709 4780 no-

2136 4834 2220 4887 bis
2255 4831 2468 4885 Latinis
2496 4831 2610 4899 jam
2644 4826 2808 4895 lippis
2858 4837 2911 4879 et
2947 4823 3266 4877 tonsoribus
3294 4822 3461 4875 etiam
3495 4829 3705 4880 notum,

2137 4924 2426 4993 aiiqnoties
2467 4936 2525 4975 se
2574 4918 2800 4981 exserit,
2830 4926 2994 4985 atque
3054 4930 3081 4967 a
3133 4914 3400 4983 tnajorum
3458 4912 3707 4978 exemplo

2139 5006 2512 5072 d-.-fensionem
2543 5053 2557 5077 ,
2592 5025 2908 5081 quanquam
2970 5007 3228 5077 injustam
3257 5045 3270 5069 ,
3313 5004 3466 5074 pclil.
3500 5000 3631 5055 Nam
3666 5003 3708 5057 si

2139 5112 2373 5181 majores

2251 5241 2572 5311 Magnopere
2602 5253 2634 5289 a
2660 5250 2801 5299 vero,
2830 5233 3080 5303 longeque
3107 5245 3312 5283 errasse
3340 5227 3605 5289 ridentur,

2149 5389 2205 5430 ιιι
2248 5375 2321 5427 ait
2387 5369 2700 5432 Lucretius,
2745 5384 2857 5421 non
2916 5365 3038 5418 ideo
3092 5362 3404 5416 minoribus
3442 5361 3607 5429 pedes
3664 5360 3711 5411 in

2147 5470 2365 5523 illorum
2415 5462 2661 5531 vestigiis
2705 5458 2943 5531 ponendi
2996 5466 3125 5510 sunt
3159 5474 3171 5508 :
3211 5455 3313 5508 nisi
3355 5455 3452 5524 ipsi
3502 5468 3716 5521 quoque

2147 5577 2270 5614 cum
2326 5557 2518 5610 iisdem
2580 5556 2635 5609 itt
2690 5552 2834 5607 idem
2867 5566 2927 5605 se
2999 5548 3320 5602 barathrum
3382 5544 3717 5617 praecipitare

2148 5652 2426 5708 studeant.
3102 5645 3113 5655 ’
