4012 6550
385 418 481 527 Ξεί

1702 434 2299 527 ΡηΟιΕῦῡΜεΝλ.

3587 454 3659 520 30

413 662 3644 685 WWW

1016 829 1165 917 DE
1240 827 1533 920 VI'I‘A
1605 827 2147 923 JOANNIS.
2197 829 3024 924 CANTACUZENI

1549 1025 1663 1085 EX
1708 1023 2066 1085 EIUSDEM
2110 1023 2525 1085 HISTORIA.

908 1132 921 1157 Ι

899 1333 1073 1391 Genus
1104 1339 1154 1386 et
1183 1329 1419 1401 familia.

451 1474 702 1541 Joannis,
731 1473 1020 1538 Manuelis,
1062 1484 1119 1529 et
1156 1474 1391 1528 aliorum
1428 1473 1970 1532 Cantacuzenorum,

383 1577 445 1623 ut
496 1569 739 1623 virorum
798 1566 1094 1622 illustrium
1142 1575 1199 1622 et
1269 1566 1661 1621 bellicosorum
1720 1563 1974 1617 meminit

382 1658 617 1715 Nicetas.
650 1660 799 1726 Quos
839 1658 930 1712 hic
975 1667 1164 1713 noster
1207 1656 1631 1712 Cautacnzenus
1664 1655 1717 1707 in
1749 1653 1974 1722 majori-

384 1752 489 1806 bus
509 1752 626 1806 suis
649 1751 839 1805 habet.
869 1749 1044 1810 Idem.
1067 1749 1339 1805 Joannem
1378 1748 1649 1801 Mauuelis
1676 1747 1973 1816 imperato-

381 1847 460 1901 ris
494 1855 749 1914 neptem,
791 1844 959 1897 alium
994 1842 1263 1897 Joannem
1307 1838 1753 1893 Cantacuzcnum
1803 1838 1971 1891 Isaaci

382 1940 578 2010 Angeli
611 1954 857 1993 sororem
896 1937 949 1989 in
980 1934 1335 1988 matrimonio
1367 1934 1652 1985 habuisse.
1688 1931 1861 1985 Natus
1892 1940 1975 1983 cst

380 2031 653 2104 Byzantii.
708 2029 925 2083 Patrem
987 2042 1015 2080 a
1078 2025 1355 2079 natalibus
1406 2022 1655 2076 modeste
1714 2020 1975 2091 pnedicat

380 2124 593 2189 lib._ttt,
628 2137 753 2177 cum
786 2119 943 2181 dicit,
971 2120 1043 2171 Οὐ
1071 2120 1179 2189 γὰρ
1199 2117 1304 2169 τᾶν
1342 2115 1554 2168 πολ>ῶν
1581 2110 1681 2178 εἷς,
1710 2112 1822 2167 Non
1862 2119 1975 2165 erat

368 2186 517 2279 ,unu’s
569 2232 597 2267 θ
658 2213 860 2273 multis,
914 2226 1005 2265 seu
1054 2209 1290 2279 rulgaris
1322 2224 1340 2261 :
1387 2220 1439 2261 ct
1492 2206 1695 2261 alicubi
1745 2217 1973 2258 matrem

381 2325 537 2364 suam
610 2305 892 2375 Syrgianis
946 2303 1186 2373 appellat
1243 2301 1397 2353 θείαν
1461 2306 1831 2393 materteram,
1886 2312 1989 2367 seu!

381 2403 625 2461 amitam.
661 2415 749 2452 seu
780 2399 989 2453 domum
1033 2404 1316 2466 cognatam
1341 2409 1489 2446 suam
1533 2389 1794 2449 tliberius
1829 2389 1975 2442 eu‘im

379 2496 480 2547 hac
508 2508 641 2547 voce
670 2494 866 2551 utitur,
887 2498 946 2543 ut
978 2484 1349 2551 docebimus),
1373 2496 1535 2553 quam
1565 2483 1788 2552 quidem
1817 2481 1977 2535 femi-

379 2602 505 2640 nam
540 2601 607 2639 ex
665 2583 811 2637 libro
867 2582 1071 2650 primo,
1103 2578 1249 2631 haud
1302 2578 1466 2647 longe
1505 2577 1573 2631 ab
1633 2575 1792 2629 initio
1833 2576 1976 2629 srire

374 2673 507 2730 licet
540 2673 608 2726 ad
649 2672 1021 2739 imperatores
1070 2684 1245 2738 genus
1288 2669 1565 2723 retulisse.
1608 2667 1753 2721 Puer
1790 2666 1975 2720 adhuc

376 2777 587 2839 patrem
616 2766 805 2819 amisit
833 2780 846 2817 :
873 2763 966 2832 qui
1004 2777 1150 2815 anno
1183 2760 1582 2829 :etatisprisno
1613 2774 1783 2830 supra
1814 2758 1969 2827 vice-

375 2861 598 2919 simum,
624 2853 967 2926 praefectura:
1001 2868 1114 2907 sua:
1166 2850 1611 2920 Pcloponesiaca:
1651 2860 1872 2910 octavo,
1913 2849 1968 2902 in

375 2950 568 3004 eadem
601 2946 893 3016 peninsula
935 2943 1199 2999 decessit.
1232 2942 1405 2995 Mater
1431 2942 1578 2998 dicta
1608 2940 1970 2996 estTheodo—

382 3057 462 3105 ra,
489 3040 648 3110 cujus
683 3038 995 3092 avunculus
1036 3051 1288 3106 magnus,
1315 3036 1369 3090 id
1397 3043 1500 3098 est,
1536 3035 1673 3089 avia:
1708 3044 1971 3089 materna:

379 3132 573 3194 frater.
606 3131 837 3189 Michael
884 3130 1095 3199 primus
1129 3130 1470 3199 l'alazologus
1500 3129 1825 3200 imperator.
1854 3130 1968 3183 Ita-

375 3242 485 3297 que
538 3224 731 3280 eadem
784 3223 1074 3278 Michaelis
1094 3238 1276 3287 soror,
1320 3232 1375 3278 et
1425 3222 1795 3278 Cautacuzeni
1833 3237 1969 3291 pro-

324 3324 334 3333 '
378 3318 523 3373 avia.
580 3318 701 3372 Fuit
756 3316 1051 3371 Theodora
1107 3317 1310 3371 mulier
1354 3317 1662 3386 prudenti:c
1720 3316 1967 3386 majoris,

380 3426 547 3481 quam
588 3425 688 3483 pro
743 3420 908 3480 captu
957 3424 1143 3491 sexus,
1194 3419 1250 3462 et
1281 3408 1597 3463 tractationi
1628 3424 1810 3462 rerum
1844 3423 1968 3477 gra-

380 3508 527 3559 vium
607 3515 771 3575 atque
808 3507 1159 3575 ‘magnarum
1218 3505 1437 3567 idonea,
1490 3520 1651 3572 quam
1696 3501 1970 3571 Gregoras

378 3606 527 3651 recte
579 3595 665 3648 his
719 3595 905 3650 verbis
943 3595 1263 3660 celebravit,
1295 3595 1452 3649 lib."
1487 3616 1499 3649 :
1541 3593 1712 3659 Quam
1738 3594 1971 3646 assistri—

378 3708 488 3745 rem
518 3690 731 3760 conjugi
750 3690 1040 3757 imperator
1069 3688 1376 3756 reliquerat,
1401 3689 1669 3740 senatoria
1698 3696 1967 3747 matrona.

380 3797 427 3837 et
467 3785 731 3855 gravitate
765 3798 969 3835 marum
1011 3784 1314 3849 compicua,
1348 3793 1398 3835 et
1437 3781 1701 3850 singulari
1734 3781 1966 3849 pruden-

381 3879 455 3931 tia
505 3887 718 3933 ornata.
751 3892 814 3928 ac
854 3876 908 3927 in
957 3874 1107 3926 rebus
1134 3875 1300 3927 dubiis
1342 3877 1590 3944 prusenti
1636 3868 1855 3926 oonsilio
1889 3874 1971 3926 in-

378 3978 606 4022 structa.
650 3967 783 4034 Ejus
826 3966 1211 4033 indignissima
1250 3966 1470 4019 vexatio
1510 3974 1733 4035 propter
1773 3964 1967 4027 lilium,

2003 1338 2050 1397 Α
2087 1330 2664 1404 .tndronicifmajoris
2716 1341 2897 1389 natam
2946 1334 3141 1391 lrenen
3196 1352 3419 1395 uxorem
3458 1340 3661 1399 duxit:

2078 1441 2199 1493 qua:
2258 1425 2400 1479 illius
2452 1424 2504 1478 ei
2566 1425 2787 1494 peperit
2844 1425 3007 1492 duos,
3050 1428 3321 1485 Joannem
3365 1441 3419 1486 et
3467 1433 3695 1490 Deme-'

2081 1519 2283 1582 trium;
2324 1518 2462 1572 tilias
2488 1526 2695 1579 ternas,
2728 1534 2964 1586 quarum
3009 1521 3392 1591 primogenitze
3422 1524 3662 1587 inditum

2077 1623 2278 1661 nomen
2332 1607 2667 1663 Theodorze.
2724 1606 3041 1664 Manlia-um
3073 1622 3230 1681 pater
3271 1612 3659 1683 imperatorem

2078 1700 2432 1758 renuntiavit.
2450 1700 2711 1770 deditque
2731 1700 2780 1754 id
2810 1701 3065 1768 precibus
3085 1704 3392 1774 pncsertim
3414 1703 3660 1759 excerci-

2080 1799 2166 1846 tus
2199 1811 2212 1846 :
2239 1810 2403 1862 quem
2443 1803 2627 1849 tamen
2658 1794 2901 1850 Ioannes
2946 1797 3284 1868 Palmologus
3313 1800 3487 1854 haeres
3523 1799 3660 1869 legi-

2081 1885 2248 1937 timus
2288 1884 2522 1953 imperio
2548 1886 2701 1941 abire
2753 1889 2954 1959 coegit.
2994 1888 3234 1961 Manueli
3260 1888 3428 1944 filiam
3474 1890 3661 1962 Syrgis

2080 1974 2203 2037 (fuit
2265 1975 2354 2029 hic
2386 1977 2717 2049 Cypriorum
2776 1995 2905 2050 rege
2950 1984 3302 2051 procreatus)
3342 1973 3659 2052 desponilit.

2081 2070 2184 2121 Sed
2229 2069 2279 2122 id
2318 2071 2655 2126 connubium
2704 2070 2901 2143 Syrgcs
2955 2083 3084 2131 ante
3130 2077 3354 2145 mtptias
3409 2076 3659 2132 rescidit.

2080 2162 2232 2225 Post,
2265 2162 2897 2239 LiberusTriballorum
2948 2167 3305 2239 dynastarum
3338 2169 3663 2238 potentissi-

2082 2268 2226 2313 mus,
2266 2253 2431 2307 ﬁliam
2457 2270 2613 2309 suam
2652 2256 2832 2310 cidem
2860 2259 3091 2312 Manueli
3125 2260 3457 2328 desponderi
3484 2262 3663 2329 cupit.

2080 2355 2135 2399 ct
2176 2346 2575 2417 despondetur,
2607 2358 2770 2403 utest
2824 2350 2965 2405 libro
2989 2368 3072 2416 tn,
3111 2367 3234 2422 cap.
3260 2354 3350 2408 48.
3384 2353 3663 2409 llactenus

2080 2436 2149 2491 de
2179 2439 2445 2493 maribus.
2494 2441 2805 2496 Puellarum
2851 2444 3016 2497 trium
3056 2445 3280 2499 nomina
3313 2454 3441 2501 sunt
3470 2446 3660 2510 .‘llaria,

2082 2529 2398 2594 Theodora.
2477 2532 2708 2590 Helena.
2779 2535 3017 2590 Primam
3093 2536 3407 2606 Nicephoro
3475 2538 3659 2601 Daca},

2077 2626 2307 2681 Joannis
2340 2629 2587 2699 [)e5p0tze
2619 2630 2752 2695 filio,
2778 2631 3099 2687 Acarnania:
3133 2633 3396 2705 principi,
3416 2634 3663 2688 nondum

2075 2727 2368 2793 septennia
2415 2742 2639 2789 egresso
2708 2739 2901 2795 pactus
2951 2738 3060 2785 est.
3120 2731 3366 2786 Alteram
3416 2731 3660 2788 Orchani

2074 2816 2275 2879 Persa},
2305 2833 2401 2872 seu
2429 2818 2623 2874 Turcae
2658 2820 2861 2890 pmius,
2921 2822 3191 2895 Bithynia:
3222 2824 3450 2879 domino
3488 2826 3662 2880 tradi-

2073 2906 2194 2962 dit:
2224 2909 2383 2978 cujus
2413 2910 2615 2979 opibus
2653 2927 2766 2966 rem
2798 2928 2953 2967 suam
2978 2929 3360 2982 saepenumero
3387 2924 3665 2971 sustenta-

2074 2999 2153 3051 vit
2223 3008 2389 3068 atque
2443 3002 2842 3056 constabilivit.
2874 3003 3214 3059 Postremam
3270 3021 3397 3061 cum
3448 3006 3663 3068 Joanne

2073 3085 2379 3157 Palmologo
2434 3089 2786 3161 imperatore,
2823 3109 3097 3148 annorqu
3157 3096 3475 3165 quindecim
3530 3100 3665 3152 ado-

2073 3181 2318 3236 lescente
2350 3184 2654 3254 conjunxit,
2688 3202 2850 3255 quem
2876 3188 3063 3242 laudat
3098 3188 3204 3242 lib.
3241 3205 3312 3255 tv,
3345 3204 3469 3259 cap.
3508 3190 3559 3244 1.
3587 3189 3662 3243 Ex

2074 3292 2138 3329 eo
2167 3277 2520 3331 matrimonio
2567 3279 2934 3344 Andronicus,
2981 3281 3218 3347 Manuel,
3253 3281 3514 3349 Joannes,
3562 3283 3664 3338 Dc-

2078 3367 2311 3420 metrius
2359 3366 2479 3431 lilii,
2535 3377 2593 3422 et
2624 3368 2780 3437 l'rcnc
2839 3370 2946 3423 lilia
2979 3370 3265 3440 prepagati
3307 3379 3455 3424 sunt.
3490 3369 3661 3424 Suam

2074 3461 2274 3527 cuique
2299 3460 2464 3512 trium
2492 3459 2726 3524 filiarum
2762 3461 3111 3529 {peculiarem
3152 3461 3523 3516 laudationem
3553 3462 3658 3515 im-

2073 3555 2239 3621 pertit
2269 3569 2283 3607 :
2318 3554 2624 3608 Theodorei:
2648 3555 2746 3609 lib.
2780 3571 2860 3619 Ill,
2885 3572 3008 3625 cap.
3035 3555 3146 3621 95;
3185 3555 3407 3610 Ilelcnm
3461 3553 3659 3626 eodem

2072 3643 2240 3707 libro,
2306 3660 2430 3713 cap.
2481 3646 2590 3708 54;
2661 3645 2866 3710 Mariai,
2925 3662 3047 3716 qua:
3121 3645 3374 3701 adversis
3435 3644 3661 3700 casibus

2073 3746 2301 3807 propter
2336 3754 2573 3808 nequam
2600 3742 2861 3792 maritum
2881 3739 3106 3809 jactata,
3135 3737 3358 3793 tandem
3389 3752 3456 3791 eo
3476 3735 3660 3791 occiso

2073 3846 2198 3884 cum
2224 3840 2394 3885 matre
2423 3834 2747 3885 monacham
2768 3830 3011 3901 Byzantii
3038 3832 3170 3902 egit,
3196 3831 3292 3885 lib.
3314 3846 3391 3895 ιιι,
3416 3843 3540 3898 cap.
3564 3827 3658 3883 45.

2734 3948 2991 4002 Honores.

380 4071 436 4116 et
474 4075 621 4114 mors
656 4059 1029 4129 lacrymabilis
1063 4059 1159 4113 lib.
1188 4074 1269 4122 nt,
1302 4074 1424 4129 cap.
1447 4059 1541 4121 22,
1567 4058 1657 4122 9.6,
1690 4059 1964 4130 56,8“:0-
1993 4054 2038 4117 C
2140 4054 2422 4125 Principio
2455 4055 2754 4112 Andronici
2806 4058 2890 4111 avi
2944 4058 3183 4114 cubiculi
3223 4059 3365 4113 sacri
3394 4057 3658 4126 praeposi-

380 4155 553 4206 nitur.
588 4151 887 4221 Nirephori
925 4150 1318 4213 Cantacuzcui,
1343 4161 1398 4203 et
1429 4149 1694 4205 Manuclis
1718 4148 1959 4203 Tarcha-

383 4246 569 4304 niotaa.
606 4245 754 4298 illius
810 4243 1101 4314 patruelis,
1156 4243 1321 4314 hujus
1378 4242 1720 4303 couSobrini,
1752 4250 1846 4296 aut
1894 4258 1961 4296 ex

381 4353 573 4391 sorore
624 4337 842 4406 nepotis
890 4336 987 4390 lib.
1040 4353 1097 4393 ιι.
1148 4352 1268 4403 cap.
1296 4336 1347 4398 8,
1385 4336 1658 4389 meminit.
1690 4335 1958 4390 JOanucm

380 4430 648 4501 Auge-lum
678 4430 988 4498 ὲξᾶδελφον,
1015 4440 1071 4483 et
1095 4430 1315 4491 ἀνεψιὸν
1339 4428 1599 4482 similiter
1622 4430 1886 4498 appellat,
1907 4436 1962 4481 et

380 4540 447 4577 ex
494 4523 689 4577 eadem
745 4524 930 4576 radice
962 4522 1233 4593 prodiisse
1289 4522 1504 4577 scribit.
1541 4521 1745 4576 Mcntio
1775 4531 1959 4575 autem

380 4616 593 4669 sororis
620 4624 705 4669 est
733 4616 834 4669 lib.
864 4632 941 4701 tu,
969 4631 1089 4685 cap.
1120 4615 1213 4670 96.

865 4750 1028 4814 Uxor,
1068 4750 1238 4817 liberi,
1265 4760 1498 4822 nepotes.

452 4887 754 4957 Coujugcm
787 4884 983 4939 habuit
1032 4884 1252 4949 Irenen,
1279 4884 1587 4940 Andronici
1635 4886 1827 4941 Asanis
1860 4887 1961 4946 τιτι

380 4979 768 5042 illustrissimi,
797 4979 976 5049 magni
1007 4978 1188 5037 ducis.
1216 4988 1270 5031 ct
1328 4994 1452 5032 cum
1510 4978 1827 5033 Andronico
1877 4996 1965 5033 se-

381 5075 536 5126 niore
627 5072 954 5135 cogitatione
1016 5069 1301 5138 conjuncti
1363 5068 1552 5122 ﬁliam.
1612 5068 1744 5123 Fuit
1810 5072 1959 5124 enim

379 5168 591 5220 Asaues
631 5181 660 5218 c
697 5181 891 5219 sorore
938 5163 1241 5218 Andronici
1289 5173 1470 5218 natus.
1504 5164 1582 5217 Ex
1631 5180 1692 5216 ea
1711 5167 1962 5218 ‘suslulit

378 5256 586 5312 Illicru‘s
635 5274 754 5318 sex.
816 5274 994 5311 mares
1051 5269 1185 5322 tres,
1243 5257 1483 5311 feminas
1539 5259 1791 5312 totidem.
1846 5259 1959 5312 illis

380 5354 602 5405 nomina
644 5353 889 5413 fuerunt,
934 5352 1243 5412 Mattbazus,
1286 5350 1524 5408 Mauuel.
1586 5350 1954 5405 Andronicus.

381 5447 559 5514 Atque
617 5444 704 5497 hic
763 5457 1075 5507 pos‘trcmus
1122 5443 1206 5494 vix
1264 5442 1652 5495 duodecimum
1686 5445 1960 5510 attingens

377 5552 609 5598 annum,
653 5551 776 5589 cum
838 5535 956 5587 avia
1017 5547 1242 5604 paterna
1301 5535 1355 5588 in
1408 5534 1712 5588 custodiam
1771 5537 1954 5602 datus,

380 5630 726 5694 postmodum
783 5627 1040 5697 pestifera
1114 5630 1209 5681 lue;
1268 5644 1364 5697 per
1422 5629 1473 5681 id
1538 5639 1749 5697 tempus
1804 5647 1955 5696 gras-

377 5735 531 5774 sante
586 5722 796 5775 interiit
850 5722 1240 5795 :rcliquo‘rum
1296 5738 1464 5791 opera
1504 5723 1651 5776 dumi
1708 5724 1950 5794 bellique

376 5813 609 5866 multum
640 5830 772 5869 usus
800 5827 877 5866 est
910 5824 1080 5879 pater.
1127 5813 1368 5882 Uterque
1420 5825 1650 5869 ornatur
1697 5816 1949 5872 laudibus

375 5903 718 5977 Itb.:tt,c;ip.
771 5907 851 5958 ‘13.
904 5890 1185 5961 Mittimus
1241 5906 1499 5961 Demetrii
1549 5908 1805 5978 «‘Cspcta',
1850 5910 1944 5965 lilii

2070 4155 2159 4203 tus
2187 4147 2312 4212 fuit,
2376 4148 2579 4204 deinde
2621 4150 2928 4204 Andronici
2969 4151 3188 4219 nepotis
3234 4150 3415 4220 (cujus
3439 4149 3657 4203 videtur

2067 4242 2308 4309 coaevus)
2345 4257 2577 4311 magnus
2610 4232 2974 4298 domesticus.
3008 4242 3302 4296 Thraciam
3336 4242 3655 4311 praefectus,

2066 4347 2162 4386 seu
2200 4342 2408 4402 prastor
2433 4333 2783 4404 gubernarit.
2838 4333 2961 4387 Fuit
2992 4337 3120 4387 item
3150 4334 3406 4403 princeps
3440 4332 3653 4386 militia:

2068 4427 2459 4496 imperatoriae,
2506 4428 2623 4481 sive
2665 4428 2949 4499 copiarum
3003 4428 3112 4481 dux
3149 4443 3421 4482 summus.
3454 4426 3653 4481 Aucto-

2070 4522 2204 4574 ritas
2259 4520 2403 4590 ejus.
2462 4528 2705 4589 potestas
2755 4528 2813 4574 et
2883 4521 3219 4575 existimatio
3276 4516 3691 4599 incredibilis“

2068 4612 2163 4672 ita,
2212 4621 2272 4663 ut
2302 4626 2370 4664 eo
2411 4612 2748 4675 inconsulto,
2773 4618 2868 4663 aut
2895 4611 3198 4681 refragante
3238 4609 3376 4663 nihil
3431 4622 3652 4678 gerere-

2070 4714 2179 4766 tur,
2226 4704 2453 4773 ipseque
2491 4704 2902 4767 administraret
2932 4701 3150 4762 'omuia.
3204 4712 3259 4756 et
3298 4711 3469 4765 esset,
3536 4692 3647 4754 ιιόιι

2067 4794 2288 4863 quidem
2340 4794 2607 4848 vocabulo
2642 4806 2789 4862 (nam
2843 4795 2894 4848 id
2933 4812 3039 4849 una
3089 4811 3213 4850 cum
3266 4797 3484 4863 habitu,
3519 4794 3652 4848 licet

2066 4902 2176 4938 non
2209 4888 2377 4940 semel
2408 4887 2477 4940 ab
2523 4887 2841 4941 Andronico
2893 4888 3174 4953 invitatus,
3200 4901 3256 4942 et
3290 4889 3450 4942 enixe
3492 4901 3652 4956 roga-

2069 4990 2179 5041 ins,
2213 4956 2535 5033 constantior
2597 4980 2779 5050 fugit),
2808 4982 2901 5036 sed
2953 4998 3119 5052 opere
3168 4984 3287 5051 ipso
3328 4981 3648 5050 imperator.

2067 5070 2208 5139 Lege
2233 5088 2351 5141 cap.
2378 5073 2431 5135 9,
2454 5073 2530 5125 lib
2568 5088 2623 5126 ιι.
2644 5074 2763 5139 Quo
2792 5075 3075 5137 defuncto,
3098 5091 3388 5143 procerum
3413 5090 3475 5127 ac
3507 5074 3651 5128 mili-

2066 5174 2180 5219 tum
2218 5168 2360 5219 votis
2388 5168 2747 5237 liidymotichi
2795 5153 3398 5245 obsecutusuitclnque
3422 5168 3546 5221 aliis
3577 5169 3659 5239 dc‘

2064 5261 2244 5312 causis
2309 5268 2466 5328 (quas
2526 5261 2754 5327 proli-rt,
2802 5261 2933 5312 dum
2986 5260 3255 5313 ail'eczat'e
3334 5261 3644 5330 tyrannidis

2066 5354 2442 5422 suspicionem
2472 5370 2498 5405 τι
2526 5370 2581 5406 se
2615 5354 2841 5421 dcj-ellit
2875 5373 2890 5408 ι
2919 5354 3142 5422 depellit
3164 5362 3371 5419 ,autetu
3406 5356 3645 5424 Stepissi-

2068 5464 2153 5499 nte
2201 5464 2263 5501 ac
2302 5448 2782 5523 disertissimcnet
2815 5456 2924 5500 tam
2971 5448 3359 5509 verisimiliter,
3407 5458 3466 5501 ut
3502 5448 3641 5502 nihil

2064 5540 2371 5596 desideres)
2428 5556 2724 5609 purpuram
2770 5549 2826 5595 et
2874 5541 3069 5594 tiaram
3118 5540 3319 5594 induit.
3368 5541 3641 5594 Adriano-

2061 5633 2170 5703 poli
2218 5651 2246 5685 a
2280 5632 2487 5686 Lazaro
2545 5635 3071 5704 Hierosolymorum,
3126 5649 3345 5688 rursum
3384 5634 3632 5705 Byzantii

2057 5725 2127 5779 ab
2175 5724 2387 5779 Isidoro
2443 5726 2776 5792 patriarchis
2831 5742 3093 5781 coronam
3142 5726 3482 5794 impcrialcm
3538 5741 3631 5778 so-

2051 5817 2218 5872 lemni
2257 5818 2363 5871 ritu
2399 5819 2632 5888 accepit.
2668 5819 2842 5885 Quam
2874 5820 3029 5875 beate
3058 5818 3281 5881 vixerit,
3310 5817 3363 5869 in
3408 5818 3631 5887 quintis

2050 5913 2315 5978 cujusque
2368 5911 2511 5965 nraii
2558 5911 2773 5979 opibus,
2806 5913 2856 5965 in
2890 5922 3092 5976 quanta
3126 5910 3412 5966 hominum
3453 5908 3628 5963 admi-
