4012 6630
462 387 531 462 at
1591 398 1940 463 JOANNES
1980 400 2605 464 CANTACUZENUS.

3675 362 3775 467 32

466 508 682 566 ratione
722 517 779 566 et
831 508 1026 582 gloria,
1067 510 1184 583 ipse
1227 511 1553 569 clarissimis
1592 516 1798 578 verbis,
1836 515 1933 570 lib.
1962 532 2042 580 ιιι,
2077 523 2115 576 Α
2153 523 2242 569 ιιιι·
2273 533 2285 569 :
2317 516 2480 586 digna
2513 515 2784 586 profecto,
2835 518 2923 573 cui
2956 519 3040 574 vel
3072 520 3247 592 majus
3291 519 3767 577 committeretur

466 615 589 672 cap.
615 603 686 661 55
706 612 763 659 et
785 600 853 659 78
886 603 1130 658 edocuit.

854 693 1064 753 Studia.
1087 695 1341 751 doctrina
1381 706 1430 750 et
1463 713 1653 751 mores.

537 784 598 839 ln
631 785 853 841 militari
879 788 1202 858 disciplina,
1234 791 1385 844 socio
1434 790 1756 862 Syrgianne,
1784 789 2045 858 magistro

471 876 681 945 Angela
717 892 874 931 usum
903 895 962 932 se
987 890 1174 934 narrat
1206 882 1297 936 :in
1331 898 1437 950 qua
1486 884 1685 937 deinde
1719 900 1814 952 per
1836 883 2045 936 exerci-

469 968 731 1022 tationem
783 964 1186 1039 lectionemque
1215 973 1373 1042 longe
1414 974 1713 1028 admodum
1752 976 2040 1043 processit,

473 1058 702 1128 talisque
732 1076 959 1128 prorsus
999 1063 1181 1116 extitit
1223 1064 1537 1132 imperator,
1574 1066 1788 1134 qualem
1813 1064 1879 1118 Ill.
1917 1065 2046 1118 'l‘ul-

470 1152 580 1206 lius
611 1153 664 1207 in
714 1155 1045 1222 Pompeiana
1093 1157 1341 1226 depinait
1372 1176 1383 1211 :
1409 1157 1679 1226 siquidem
1716 1159 1765 1209 in
1803 1173 1870 1211 eo
1905 1172 2043 1226 quo-

472 1259 581 1313 que
618 1245 706 1299 illa
734 1260 993 1316 quatuor,
1028 1264 1146 1317 qua:
1182 1249 1235 1300 in
1267 1266 1480 1301 stutum)
1506 1249 1839 1319 imperatore
1866 1251 2043 1303 inesse

469 1337 695 1403 debent,
726 1339 1071 1404 enituerunt,
1106 1342 1362 1403 scientia,
1430 1345 1629 1403 virtus,
1671 1342 1922 1404 felicitas,
1949 1357 2046 1395 au-

469 1430 717 1484 ctoritas.
776 1430 924 1485 Talis
975 1432 1127 1495 item,
1175 1433 1393 1499 qualem
1447 1433 1497 1485 in
1561 1434 1869 1504 Strategiro
1923 1451 2045 1504 gra-

466 1521 735 1577 vissimus
771 1534 1078 1593 praeceptor
1117 1526 1367 1578 ntili:aris
1420 1525 1741 1580 Onusander
1783 1527 2047 1581 describit

469 1629 590 1684 cap.
630 1616 684 1680 l,
712 1623 918 1675 castus.
952 1626 1288 1687 temperans,
1328 1620 1564 1683 sobrius,
1599 1621 1764 1690 frugi.
1806 1620 2047 1674 laborioo

469 1720 586 1773 sus,
630 1706 965 1777 intelligens,
1012 1710 1238 1764 minime
1290 1725 1508 1772 avarus,
1556 1725 1656 1764 nec
1694 1711 1906 1781 junior,
1946 1727 2047 1766 nec

468 1797 678 1861 senior,
742 1800 978 1853 liliorum
1040 1811 1217 1871 pater,
1281 1802 1499 1855 dicendi
1552 1803 1806 1867 peritus,
1848 1804 2047 1870 gloria

2152 610 2465 677 imperium.
2515 609 2902 673 Fortitudinis.
2961 613 3454 681 magnanimitatis,
3502 628 3569 669 ac
3633 629 3759 682 pa-

2150 700 2354 753 tietttize
2382 712 2488 764 est.
2516 701 2663 770 quod
2693 718 2965 771 nusquam
2997 703 3167 757 ferme
3190 704 3347 757 abest
3367 694 3439 758 ab
3459 704 3755 768 exercitu,

2147 806 2427 860 manuque
2497 808 2595 847 sua
2658 794 2711 847 in
2765 795 2977 849 hostem
3052 806 3258 864 pugnat
3305 796 3587 849 viriliter:
3631 781 3800 851 nec,

2148 884 2523 950 voluptatibus
2591 883 2859 953 indulget.
2914 894 2967 938 et
3028 885 3275 940 adversis
3344 888 3562 941 casibus
3625 903 3753 940 non

2148 972 2425 1039 frangitur
2456 989 2471 1025 :
2508 973 2727 1042 injuriis
2759 974 3135 1042 (potissimum
3171 977 3240 1028 ab
3273 977 3623 1044 Apoeaucho.
3646 979 3749 1029 cui

2148 1073 2441 1132 tantopere
2503 1065 3094 1134 benefeceratrillatis)
3132 1083 3239 1121 non
3294 1068 3606 1121 sueeumhit
3636 1086 3650 1122 :
3685 1077 3753 1121 et

2148 1156 2411 1209 invidiam
2468 1172 2625 1224 aequa
2688 1168 2873 1211 mente
2924 1158 3177 1211 sustinet.
3238 1159 3293 1211 ln
3350 1159 3492 1211 bene
3549 1159 3617 1210 de
3681 1174 3749 1209 se

2145 1254 2425 1300 merentes
2450 1262 2592 1301 unus
2630 1247 2880 1301 omnium
2922 1248 3270 1318 gratissimus
3302 1266 3313 1302 :
3344 1264 3508 1317 quam
3556 1250 3748 1301 virtu-

2148 1351 2256 1393 tem
2290 1341 2342 1393 in
2381 1340 2502 1393 aliis
2528 1340 2693 1393 etiam
2726 1350 2891 1401 amat,
2917 1351 2971 1394 et
3004 1341 3130 1394 ideo
3156 1342 3302 1394 nulla
3341 1343 3747 1409 propemodum
3809 1330 3820 1342 ’

2147 1435 2342 1502 pagina
2375 1431 2682 1499 gratiarum
2713 1432 3028 1486 actionibus
3062 1443 3236 1486 vacat.
3281 1433 3359 1485 Ad
3397 1432 3751 1486 moderatio-

2149 1536 2272 1574 nem
2360 1523 2866 1592 continentiamque
2963 1523 3249 1591 pertinet,
3310 1522 3455 1590 quod
3518 1522 3747 1591 imperii

2149 1612 2597 1667 communionem
2643 1612 2752 1666 sibi
2792 1613 2860 1666 ab
2900 1612 3220 1667 Andronico
3273 1614 3437 1668 etiam
3480 1623 3747 1683 quartum

2149 1703 2410 1768 delatam,
2436 1713 2680 1759 recusat.
2719 1704 2782 1758 ln
2808 1704 3050 1777 amicitia
3087 1704 3317 1759 colenda
3350 1706 3749 1758 constantissi-r

2152 1808 2293 1853 ntus,
2329 1793 2708 1847 Andronicum
2742 1793 3015 1847 minorem
3042 1798 3337 1863 praecipue,
3364 1803 3417 1847 et
3446 1794 3747 1849 Atuurium

468 1889 722 1945 illustris.
780 1891 1007 1957 Qualem
1060 1902 1324 1961 przeterea
1375 1892 1444 1946 de
1498 1892 1696 1946 bellico
1755 1902 2040 1960 apparatu,
2078 1888 2119 1941 Β
2149 1886 2369 1940 Persam
2422 1886 2586 1939 Ioniae
2637 1885 2947 1955 Satrapaut,
2996 1888 3113 1940 sive
3157 1875 3465 1956 principem
3523 1886 3744 1949 dilexit,

469 1993 593 2049 cap.
618 1979 673 2044 2,
706 1979 817 2033 Leo
849 1980 1171 2052 imperator.
1207 1980 1472 2053 Linguam
1515 1980 1763 2033 Latinam
1790 1981 2045 2034 calluisse

467 2071 600 2127 inde
661 2072 1034 2141 conjecturam
1089 2073 1507 2143 capio.Etenim
1552 2087 1637 2125 res
1672 2072 2046 2126 Romanorum

468 2165 865 2231 imperatorum
907 2164 997 2228 (ut
1025 2164 1126 2218 nos
1151 2163 1428 2217 llontauos
1465 2163 1830 2232 imperatores
1862 2164 2048 2232 appel-

470 2253 672 2318 lamus,
719 2253 824 2308 ltoc
846 2263 929 2309 est
960 2270 1151 2311 eorum
1186 2256 1280 2324 qui
1316 2255 1369 2309 in
1394 2256 1547 2309 Italia
1587 2264 1643 2308 et
1681 2256 1864 2309 [torum
1892 2256 2046 2309 vixe-

467 2346 619 2412 runt)
649 2345 940 2414 aliquoﬁes
973 2346 1025 2399 in
1058 2346 1299 2400 medium
1344 2345 1589 2408 adducit,
1622 2362 1758 2413 quas
1798 2346 2031 2399 forsitan

399 2433 406 2441 ’
466 2435 614 2506 apud
650 2436 899 2491 historia:
945 2438 1202 2503 Awgustre
1238 2438 1535 2506 scriptores
1568 2438 1716 2505 legit.
1761 2438 1821 2489 Et
1875 2437 2050 2505 Arch

396 2510 404 2527 ’
468 2528 738 2585 tnottaeho
766 2526 1019 2584 Sabaudo
1060 2528 1306 2598 quaedam
1347 2516 1534 2584 Graece
1586 2531 1792 2599 scripta
1822 2545 1933 2584 non
1963 2530 2049 2584 in-

467 2621 758 2692 telligeuti,
811 2622 1208 2691 interpretatur
1246 2622 1344 2676 lib.
1408 2639 1485 2688 tu,
1520 2639 1640 2691 cap.
1689 2626 1775 2678 84.
1828 2624 1883 2677 Si
1927 2626 2052 2694 quis

462 2713 758 2768 auditione
804 2724 1018 2768 tantum
1065 2716 1440 2769 Romanorum
1499 2717 1636 2770 facta
1666 2718 1967 2781 accepisse,
1997 2725 2052 2769 et

461 2805 655 2861 Graeca
729 2807 823 2862 illa
871 2806 1054 2863 ltalice
1116 2808 1389 2862 monacho
1443 2809 1870 2878 interpretatum
1931 2826 2053 2864 esse

464 2899 697 2955 credere
728 2901 903 2962 malit,
940 2916 1062 2954 cum
1105 2915 1172 2955 eo
1206 2916 1314 2954 non
1361 2903 1690 2957 contendam
1720 2913 1812 2957 :et
1852 2902 1923 2956 ita
1954 2918 2054 2955 no-

466 2994 617 3049 mine
671 2995 878 3050 Latinae
931 2995 1154 3066 linguae,
1184 2998 1341 3064 cuius
1388 3010 1446 3048 se
1492 2997 1759 3049 scientem
1814 2993 2050 3063 quodam
2090 3048 2099 3053 ,

467 3087 591 3142 loco
624 3085 883 3149 aﬂirmat,
905 3103 1123 3157 quaque
1150 3086 1523 3156 prwsidiarios
1558 3088 1719 3141 Italos
1752 3087 2056 3155 alloquitur

463 3177 943 3248 Constantinopoli
975 3181 1071 3233 lib.
1109 3195 1185 3243 tv,
1225 3197 1350 3248 cap.
1389 3180 1480 3242 54,
1517 3180 1702 3232 Italica
1741 3179 2049 3249 intelligen-

2148 1977 2366 2047 fuitque
2420 1976 2666 2032 vicissim
2727 1977 2998 2031 ambobus
3029 1993 3197 2047 supra
3224 1993 3388 2046 quam
3421 1976 3527 2031 dici
3558 1988 3743 2047 potest

2147 2071 2350 2145 charos
2372 2078 2428 2125 et
2453 2070 2760 2141 jucundus.
2794 2070 2995 2124 Dilexit
3021 2085 3146 2125 eum
3173 2070 3340 2123 etiam
3375 2071 3742 2125 vehementer

2148 2180 2180 2220 e
2242 2163 2570 2232 proceribus
2611 2163 2981 2217 Triballorum
3026 2163 3478 2231 opulentissimus
3515 2165 3745 2233 quidam

2149 2257 2404 2321 Liberos,
2438 2266 2497 2310 ιιι
2540 2268 2625 2311 est
2672 2256 2769 2310 lib.
2809 2272 2886 2318 tu,
2920 2271 3045 2323 cap.
3078 2255 3166 2308 42.
3208 2255 3635 2309 Beneﬁcenliam
3679 2271 3746 2310 ac

2092 2402 2097 2405 ,
2150 2349 2536 2402 liberalitatem
2566 2348 2733 2401 eoluit
2764 2347 3115 2411 mirabiliter,
3159 2356 3213 2399 et
3244 2349 3296 2398 in
3332 2348 3642 2399 exercitum
3672 2347 3745 2400 de

2150 2455 2249 2492 suo
2277 2448 2578 2507 sumptum,
2606 2438 2937 2508 imperatore
2971 2438 3095 2492 vivo
3145 2448 3501 2506 mortuoque,
3538 2440 3744 2507 saepius

2150 2531 2279 2586 fecit
2307 2550 2320 2586 :
2348 2530 2571 2586 castella
2603 2541 2656 2585 et
2684 2531 2883 2601 Oppida
2912 2548 3008 2585 sua
3048 2533 3280 2602 pecunia
3314 2532 3513 2588 refecit
3567 2544 3623 2586 et
3657 2534 3740 2587 in-

2152 2624 2458 2695 stauravit,
2518 2623 2811 2693 eidemque
2867 2622 3193 2692 imperatori
3252 2623 3419 2677 funus
3469 2624 3741 2693 amplissi-

2152 2733 2299 2770 mum
2348 2732 2445 2771 sua
2496 2718 2743 2787 impensa
2800 2720 3038 2773 curavit.
3085 2719 3297 2772 Aurum
3347 2718 3495 2786 quod
3539 2717 3741 2770 habere

2152 2813 2323 2880 gratis
2352 2820 2570 2880 poterat
2602 2813 2959 2881 contempsit.
2986 2812 3145 2868 Pacis
3192 2822 3246 2867 et
3276 2812 3586 2867 concordia:
3618 2811 3741 2878 quis

2153 2900 2246 2953 illo
2276 2901 2565 2967 cupidior?
2604 2902 2730 2970 quis
2789 2901 3052 2956 Barbaris
3104 2912 3160 2957 et
3216 2902 3527 2956 idololatris
3561 2901 3741 2954 inimi-

2154 2992 2307 3044 eior?
2342 2991 2461 3045 Non
2496 3001 2677 3060 potest
2732 3007 2832 3062 pro
2889 2993 3162 3062 dignitate
3226 2993 3531 3047 collaudari
3577 2993 3739 3062 hujus

2158 3085 2603 3152 er’SiallllSSimi
2655 3084 2936 3154 principis
2985 3084 3311 3139 admiranda
3343 3086 3564 3148 lenitas,
3593 3094 3647 3138 et
3672 3086 3736 3139 ad

2157 3159 2540 3240 deponendam
2574 3174 2959 3239 oll‘ensioncm,
3025 3176 3347 3245 veniantth
3390 3174 3737 3229 tribuendam

464 3272 536 3323 ria
585 3270 694 3323 erit
719 3287 733 3324 :
767 3271 910 3324 sicut
945 3285 1043 3339 per
1070 3269 1295 3324 Latinos
1324 3271 1465 3335 Itali,
1492 3280 1545 3324 et
1572 3270 1691 3334 alii,
1721 3286 1830 3323 non
1856 3236 2054 3324 Gr‘ieci.
2082 3236 2123 3291 Ο
2175 3266 2527 3334 su5picienda
2561 3266 2817 3331 facilitas,
2845 3265 3237 3319 beneﬁciorum
3265 3267 3528 3321 altissima
3555 3282 3737 3321 recor-

466 3360 690 3416 Persice
720 3377 956 3431 quoque,
983 3362 1096 3416 sive
1148 3362 1379 3416 Turciee
1409 3377 1569 3416 nosse
1598 3377 1655 3416 se
1703 3362 1803 3415 lib.
1840 3378 1913 3425 tv,
1939 3376 2058 3429 cap.

473 3456 561 3518 10,
592 3453 842 3508 allirmat.
876 3455 1063 3508 Artem
1105 3453 1365 3507 didicisse
1398 3454 1718 3516 oratoriam,
1749 3453 2060 3521 eloquentia

468 3543 649 3612 ipsius
671 3544 819 3597 omni
856 3543 1251 3612 praedicatione
1282 3544 1444 3612 digna
1472 3553 1529 3597 et
1558 3545 1610 3596 itt
1650 3554 1754 3597 tam
1780 3543 2062 3613 praeclaris

403 3654 419 3668 ·
470 3634 835 3700 orationibus,
863 3644 1084 3704 totaque
1111 3634 1412 3702 scriptione
1436 3651 1494 3689 se
1514 3648 1804 3698 exserens,
1834 3636 2063 3689 demon-

468 3734 628 3780 strat.
661 3726 800 3780 Sane
826 3727 971 3796 quod
1019 3726 1088 3780 Μ.
1120 3726 1334 3780 Tullius
1364 3726 1432 3779 de
1460 3727 1741 3796 Pompeio,
1790 3728 1931 3781 idem
1959 3744 2060 3795 ego

470 3820 756 3874 verissime
774 3818 840 3872 de
860 3820 962 3871 hoc
983 3818 1123 3877 viro,
1147 3821 1335 3887 paucis
1355 3819 1661 3873 immutatis
1682 3835 2054 3889 usurpaverit:

471 3908 741 3979 Quantum
767 3911 1002 3974 consilio,
1026 3925 1283 3980 quantum
1312 3911 1518 3965 dicendi
1544 3913 1803 3983 gravitate
1843 3923 1890 3966 et
1909 3914 2056 3981 copia

459 4002 670 4069 pulerit,
698 4004 752 4056 in
785 4020 887 4074 quo
918 4005 1032 4072 ipso
1059 4005 1191 4057 inest
1229 4004 1482 4074 quwdaut
1510 4005 1747 4075 dignitas
1772 4007 2056 4076 imperato-

468 4100 577 4160 ria,
600 4112 689 4152 vos
715 4112 779 4151 ea:
809 4099 946 4151 hisce
968 4096 1113 4151 libris
1134 4114 1271 4166 saepe
1296 4099 1636 4167 cognoscetis.
1667 4096 1876 4166 Oppida
1901 4113 2054 4152 cum-

469 4190 654 4259 plura,
700 4205 824 4259 qua:
881 4190 1050 4244 armis
1103 4188 1458 4251 resistebant.
1503 4189 1618 4244 oris
1653 4190 1739 4243 sui
1800 4190 2054 4245 facundia

466 4281 730 4351 subegit:
771 4290 830 4335 ut
872 4282 1017 4351 quod
1046 4282 1261 4353 Cyneas
1318 4284 1531 4351 legatus
1566 4282 1776 4350 Pyrrho
1802 4281 2092 4350 Epirota-.

471 4384 598 4427 rum
654 4370 793 4442 regi,
844 4369 952 4425 hoc
1006 4370 1149 4424 idem
1203 4386 1340 4438 pene
1381 4371 1698 4425 Andronico
1734 4370 2054 4440 imperatori

468 4460 892 4516 Cantacuzeuus
937 4460 1127 4516 fuerit.
1181 4462 1410 4516 Etcum
1463 4463 1703 4517 oratoris
1749 4463 1820 4515 sit
1881 4462 2055 4516 histo-

2166 3360 2342 3420 datio,
2381 3368 2437 3413 et
2490 3360 2542 3412 in
2594 3358 2785 3428 gratiis
2810 3360 3036 3428 agendis
3061 3352 3541 3413 Commemoranda
3581 3359 3739 3413 sedu-

2164 3453 2310 3506 litas.
2335 3451 2533 3507 Omnia
2570 3452 2655 3505 his
2678 3452 2839 3505 libris
2863 3453 3166 3520 gratiarum
3203 3452 3516 3506 actionibus
3541 3452 3736 3505 referta

2162 3554 2312 3597 sunt.
2381 3543 2604 3597 Summa
2657 3551 2922 3610 praeterea
2978 3543 3033 3596 in
3094 3544 3330 3613 negotiis
3382 3544 3739 3612 procurandis

2163 3636 2558 3705 diligentia,et
2620 3634 2926 3703 vigilantia,
2980 3637 3255 3704 animique
3318 3637 3529 3707 religio.
3564 3637 3738 3688 Muna-

2161 3730 2433 3784 chismum
2461 3713 2682 3797 quantis
2706 3730 3018 3796 pra'couiis,
3054 3730 3198 3783 Deus
3232 3730 3395 3793 boue,
3431 3738 3485 3783 et
3512 3730 3734 3789 quidem

2164 3822 2350 3883 toties,
2379 3821 2745 3875 cohonestat?
2770 3836 2833 3874 ac
2865 3822 3083 3875 tandem
3125 3824 3241 3890 ipse
3292 3825 3346 3876 in
3379 3822 3736 3892 Mangancnse

2160 3915 2557 3970 monasterium
2588 3928 2760 3984 prope
2811 3914 3344 3983 Constantinopolim
3394 3930 3452 3969 se
3489 3916 3629 3969 ultro
3675 3931 3735 3969 ac

2159 4007 2340 4060 libens
2366 3998 2621 4071 includit,
2658 4021 2782 4059 cum
2837 4006 3130 4075 imperium
3182 4006 3424 4059 retinere
3452 4006 3731 4074 potuisset.

2160 4111 2221 4152 ut
2270 4097 2482 4151 videbis
2528 4097 2628 4152 lib.
2680 4113 2754 4151 tv.
2802 4098 3036 4151 Tantum
3100 4097 3275 4156 abest.
3324 4105 3386 4150 ut
3439 4108 3506 4150 e‘o
3563 4098 3730 4159 ipsum

2155 4191 2398 4246 Joannes
2451 4189 2793 4261 Palmologus
2831 4191 3010 4244 victor
3049 4188 3399 4258 compulerit.
3434 4187 3581 4257 quod
3614 4189 3731 4256 qui-

2157 4283 2284 4337 dam
2310 4283 2475 4354 hujus
2510 4293 2712 4337 nostra:
2758 4283 3005 4337 historiae
3042 4281 3291 4336 funditus
3322 4282 3498 4349 ignari
3530 4292 3732 4349 nugam-

2158 4383 2269 4428 tur.
2299 4374 2510 4446 Conjux
2574 4391 2740 4443 porro
2789 4375 2947 4429 Irene
3009 4374 3063 4428 in
3097 4376 3433 4429 monasterio
3467 4389 3496 4427 a
3531 4373 3732 4428 Martha

2155 4463 2435 4519 Michaelis
2495 4465 2660 4533 primi
2746 4463 3036 4531 Palaeologi
3122 4478 3309 4516 sorore
3398 4469 3728 4522 constructo.

470 4554 610 4607 riam
649 4553 910 4616 scribere,
943 4553 989 4606 si
1035 4569 1140 4621 qua
1179 4554 1316 4617 alia,
1368 4556 1482 4608 haec
1522 4554 1640 4609 sine
1676 4556 2048 4609 controversia

2157 4532 2726 4610 tnonachamiiuduit.
2787 4554 3077 4623 Ῥωμαὶων
3110 4563 3163 4605 ιιι
3203 4553 3459 4621 quidem,
3513 4552 3628 4605 ἀλλ’
3675 4553 3730 4606 οὐ

471 4649 739 4707 oratorie.
763 4648 867 4701 hoc
892 4655 976 4701 est
1018 4648 1339 4716 prudenter,
1375 4647 1662 4715 disposite,
1702 4646 1926 4710 diserte,
1951 4665 2051 4703 nec

384 4749 397 4755 '
476 4739 768 4791 invenuste
819 4736 1027 4804 scripta
1077 4746 1179 4789 est.
1240 4738 1432 4790 l’oetas
1481 4738 1776 4805 diligenter
1830 4738 2050 4808 legisse,

478 4829 774 4883 llnmerum
802 4828 1096 4897 praecipue.
1137 4835 1195 4881 ct
1234 4828 1572 4896 Euripidem,
1606 4829 1858 4883 crebrius
1886 4846 1950 4884 ex
1987 4830 2054 4884 iis

478 4919 676 4988 prolati
710 4933 905 4972 versus
943 4918 1160 4974 docent.
1196 4921 1486 4973 Sacrorum
1533 4920 1832 4972 litterarum
1871 4921 2053 4975 scien-

480 5018 553 5070 tia
592 5031 701 5069 non
737 5030 929 5085 parum
962 5018 1257 5080 nnbutum,
1285 5024 1365 5070 tot
1405 5017 1511 5070 levi
1557 5019 1805 5085 apposite
1844 5019 2051 5073 inducti

402 5110 405 5115 ’
472 5117 801 5178 argumento
833 5119 983 5164 sunt.
1022 5109 1127 5164 Sed
1167 5108 1219 5162 id
1270 5125 1336 5161 ex
1366 5108 1522 5162 libris
1551 5110 1673 5164 aliis
1703 5111 1820 5165 sole
1852 5113 2054 5167 clarius

469 5209 578 5261 est.
607 5214 748 5267 quos
780 5214 992 5279 [nempe
1035 5209 1227 5254 contra
1265 5200 1681 5256 Maltometauos
1745 5215 1801 5258 et
1834 5205 2054 5259 Jtltl'JBOS

470 5292 668 5349 edidit.
698 5292 897 5347 Fertur
940 5295 1168 5362 insuper
1224 5294 1275 5347 in
1313 5300 1556 5364 quinque
1600 5297 1811 5365 priores
1842 5298 2057 5361 Iit/tiro-

473 5401 594 5439 rum
620 5383 934 5439 Aristotelis
982 5384 1344 5453 Paraphrasiu
1391 5388 1804 5456 conscripsisse.
1837 5389 1959 5444 llaac
1988 5390 2057 5445 de

474 5476 675 5532 studiis
729 5486 785 5530 et
807 5476 1009 5531 litteris
1035 5479 1173 5548 ejus.

545 5567 703 5633 Quod
751 5567 818 5620 ad
894 5583 1075 5625 mores
1120 5583 1175 5626 et
1235 5572 1470 5629 virtutes
1519 5574 1731 5639 attinet,
1769 5574 2055 5628 veritatem

474 5660 704 5722 amavit,
746 5668 807 5713 ut
853 5660 945 5729 qui
976 5662 1228 5726 maxime,
1286 5662 1450 5741 idque
1507 5667 1669 5719 toties
1711 5675 1949 5719 testatur
1995 5682 2060 5721 ac

374 5760 392 5787 δ
482 5750 797 5820 proﬁtetur.
830 5751 961 5823 Ejus
1017 5753 1309 5822 prudentia
1358 5772 1389 5810 e
1434 5756 1618 5820 dictis,
1653 5756 1999 5826 maximeque
2029 5772 2059 5811 e

426 5890 450 5913 ,
479 5841 729 5899 consiliis
756 5842 977 5907 egregia
1016 5860 1232 5909 semper
1308 5857 1363 5901 et
1412 5849 1764 5903 memet-aula
1798 5849 2061 5903 ocrsoici-
2108 5916 2111 5919 _

2168 4647 2475 4716 Ῥωμαϊκὸν
2504 4647 2750 4714 βασιλέα.
2813 4646 3028 4709 laudas,
3085 4646 3286 4714 inquis.
3339 4645 3453 4715 Ego
3497 4661 3631 4700 vero
3674 4662 3730 4700 ευ

2157 4740 2285 4794 tiam
2341 4740 2642 4808 Agesilaos,
2678 4739 3042 4803 Alexandros,
3087 4738 3281 4800 Julios,
3313 4747 3370 4792 et
3423 4738 3754 4820 Pompeios”

2154 4830 2425 4894 ethnicos,
2455 4842 2512 4884 et
2546 4829 2863 4883 idololatras
2888 4845 3029 4898 szepe
3076 4829 3290 4882 laudavi
3339 4847 3353 4882 :
3397 4841 3453 4885 et
3485 4829 3728 4883 virtutem

2154 4924 2239 4976 vel
2278 4916 2361 4975 in”
2391 4924 2547 4975 hoste
2603 4922 2914 4984 amabilem,
2943 4923 3169 4989 ejuSque
3229 4922 3481 4990 exempla
3545 4938 3571 4973 ει
3606 4938 3732 4989 quo-

2158 5026 2401 5079 cunque.
2432 5022 2487 5064 et
2528 5011 2905 5079 qualicunque
2941 5012 3205 5063 summula
3255 5012 3417 5064 nobis
3442 5027 3563 5064 esse
3602 5028 3726 5064 cou-

2160 5104 2340 5156 [ιι-ιιιο.
2381 5104 2475 5157 Est
2501 5103 2648 5155 enim
2683 5102 2875 5156 eadem
2911 5118 3152 5171 semper,
3192 5119 3292 5156 nec
3338 5104 3456 5172 ejus
3483 5103 3729 5172 splendor

2160 5199 2489 5252 immortalis
2516 5198 2838 5268 cujusquam
2867 5197 3122 5251 sordibus
3149 5206 3326 5266 potest
3373 5198 3724 5253 obsolescere.

2610 5290 2613 5295 ’
2826 5288 3057 5342 Divitiae.

2228 5377 2560 5433 incredibile
2605 5389 2913 5433 memoratu
2969 5385 3074 5441 est,
3104 5384 3324 5446 quantae
3375 5377 3497 5447 ejus
3545 5376 3723 5446 copiae,

2161 5468 2471 5530 facultates.
2527 5469 2720 5537 quanti
2776 5468 3027 5538 pecunia:
3087 5468 3332 5522 thesauri
3388 5467 3612 5528 fuerint,
3664 5467 3723 5522 de

2161 5557 2365 5626 quibus
2392 5557 2558 5610 variis
2587 5557 2724 5611 locis
2768 5557 2889 5635 ipse
2933 5555 3250 5617 confitetur.
3300 5562 3381 5611 et'
3412 5570 3513 5625 ego
3560 5556 3720 5609 virum

2163 5660 2404 5715 gravem.
2439 5646 2782 5715 vanitatique
2814 5645 3272 5710 infcnsissintum,
3318 5646 3385 5701 ad
3421 5646 3536 5700 haec
3567 5647 3718 5701 etiam

2165 5736 2506 5806 religiosum,
2558 5739 2781 5793 mentiri
2838 5755 2948 5793 non
3003 5750 3156 5809 puto.
3212 5740 3456 5802 Insulas,
3514 5740 3718 5809 Oppida,

2165 5829 2385 5883 castella
2422 5829 2702 5901 inopibus
2751 5832 2864 5887 suis
2911 5840 3181 5888 recenset.
3234 5831 3528 5887 Pecuniam
3577 5848 3715 5892 sane,
