4012 6604
359 422 429 485 3'5
992 470 997 475 .
1112 404 1127 409 ’
1690 418 2291 477 rttoLnuonsM.
3198 398 3213 410 “
3547 411 3624 480 et

361 554 523 609 quam
582 526 849 607 Byzantii,
897 548 953 593 et
989 537 1044 592 in
1078 536 1203 592 aliis
1237 534 1469 590 urbibus
1516 550 1613 605 per
1651 533 1939 589 Thraciam

360 631 507 696 rpud
556 629 764 680 amicos
809 625 1116 696 depositam
1179 624 1459 688 habebat,
1495 638 1597 677 nec
1627 623 1775 693 ipsi,
1842 621 1934 690 qui

363 718 611 775 eamdem
659 718 1034 787 diripuerunt,
1070 717 1299 779 inimici,
1344 731 1508 784 quam
1540 730 1732 784 magna
1772 725 1937 774 esset,

366 826 465 878 pro
493 820 645 865 certo
695 812 918 864 novisse
950 818 1276 879 potuerunt.
1318 807 1534 871 Tritici,
1574 807 1789 872 hordei,
1822 806 1940 860 l'ru-

365 917 491 970 gum
521 900 912 970 fructuumque
974 900 1188 956 inlinita
1231 900 1307 954 illi
1349 902 1526 968 capia,
1559 898 1940 954 innumerabi-

366 993 444 1047 les
490 994 702 1048 acervi.
760 994 934 1048 Boum
998 994 1335 1063 pascualium
1388 1004 1643 1049 numeral.
1694 993 1945 1062 quinque

368 1084 565 1148 millia,
589 1088 1018 1155 aratorumjuga
1064 1086 1236 1148 mille,
1267 1101 1441 1154 equas
1473 1085 1761 1154 pascuales
1790 1083 1941 1138 mille

366 1178 715 1247 quingentas,
766 1178 1009 1232 camelos
1052 1180 1348 1240 ducentos,
1405 1178 1585 1232 mulos
1640 1185 1938 1241 trecentos,

365 1269 550 1326 asinos
584 1271 936 1340 quingentos.
969 1285 1267 1339 porcorum
1300 1269 1725 1339 quinquaginta.
1753 1268 1940 1323 ovium

367 1363 718 1432 septuaginta
762 1362 956 1417 millia.
990 1362 1061 1418 Ut
1088 1363 1200 1433 jam
1236 1376 1345 1416 non
1376 1360 1468 1425 sit,
1496 1376 1597 1416 cur
1639 1375 1830 1430 greges
1885 1368 1945 1416 et

366 1462 615 1508 armenta
641 1454 789 1508 illius
829 1451 934 1509 Job
961 1454 1244 1507 miremur.
1279 1452 1476 1505 Verum
1514 1452 1617 1507 iste
1651 1449 1798 1520 apud
1842 1465 1941 1503 ur-

368 1546 466 1599 bes
503 1529 752 1600 'l‘liracite
776 1561 886 1600 non
919 1560 1105 1608 unam,
1138 1544 1236 1598 sed
1285 1544 1474 1612 plures
1503 1542 1768 1614 possedit.
1805 1542 1943 1597 Vide

366 1636 463 1691 lib.
503 1654 585 1701 ιιι,
610 1653 733 1707 cap.
767 1638 861 1703 24,
908 1638 1003 1692 ubi
1027 1638 1125 1701 ait,
1150 1637 1254 1695 sibi
1280 1646 1397 1690 toto
1419 1636 1652 1706 imperio
1690 1634 1945 1691 Romano

365 1744 602 1797 sparsas,
623 1745 843 1803 ,easqne
889 1731 1185 1784 immensas
1229 1728 1421 1798 copias
1460 1737 1829 1797 atqueopes.
1871 1725 1942 1781 Et

365 1822 424 1874 51
457 1829 511 1874 ct
541 1823 627 1874 55.
655 1821 694 1873 Ε
713 1821 1040 1890 supellectili
1064 1822 1228 1875 aurea
1253 1830 1310 1874 et
1336 1830 1595 1891 argentea
1627 1835 1790 1888 supra
1837 1819 1938 1873 du-

2046 543 2167 586 sunt
2190 535 2359 587 abusi.
2399 531 2500 586 Ille
2544 539 2757 593 contra,
2803 527 3044 584 naturali
3084 528 3387 599 prudentia,
3417 538 3465 583 et
3506 546 3627 588 ma-

2049 641 2152 695 gno
2183 625 2396 695 ingenio
2435 608 2679 684 ornatus,
2712 637 2767 675 se
2801 622 2870 675 ad
2909 630 3140 675 veterum
3190 626 3630 691 prtestantiorum

2042 718 2275 771 virorum
2305 733 2471 770 mores
2492 715 2884 785 conformabat,
2903 724 2950 767 et
2970 713 3363 785 magniﬁcentia
3394 731 3622 773 morum.

2044 820 2093 862 et
2150 811 2317 865 a‘nimi
2355 809 2702 864 liberalitate.
2746 807 2964 861 Etcum
3007 815 3130 859 tunc
3183 823 3266 860 res
3313 809 3363 861 ei
3404 807 3633 876 feliciter

2041 905 2436 962 successissent,
2464 902 2739 969 fortunam
2784 916 2888 951 non
2922 900 3205 960 lacessivit,
3236 916 3398 970 neque
3440 900 3632 954 immo-

2043 993 2155 1046 dice
2182 993 2523 1063 supercilium
2571 991 2819 1053 arrexit;
2856 989 2949 1042 sed
2992 998 3199 1042 retenta
3237 992 3401 1043 animi
3448 990 3629 1058 gravi-

2045 1093 2172 1149 tate,
2205 1086 2348 1139 intra
2398 1084 2665 1137 modestia:
2707 1081 2901 1135 limites
2946 1082 3197 1134 immotus
3250 1082 3468 1146 mansit,
3512 1094 3621 1136 etc.

2130 1177 2395 1237 Rursum.
2431 1176 2528 1229 lib.
2563 1190 2595 1228 ι
2633 1173 2783 1227 :Ilac
2816 1172 3058 1226 oratione
3087 1173 3418 1241 confirmati,
3449 1190 3631 1227 omnes

2044 1278 2256 1323 strenue
2304 1285 2365 1322 ac
2418 1269 2631 1338 fortiter
2691 1268 2861 1321 hostes
2934 1268 3267 1358 inuasqrunt,
3336 1267 3400 1320 in
3440 1270 3634 1335 primas

2044 1377 2166 1415 vero
2195 1378 2420 1430 magnus
2467 1361 2782 1413 domesticus
2816 1356 3248 1419 Cantacuzenus,
3301 1359 3392 1427 qui
3442 1359 3630 1411 multis

2043 1453 2276 1516 ensibus,
2316 1451 2495 1505 multis
2526 1452 2645 1503 telis
2680 1454 2907 1503 hostium
2936 1430 3129 1520 petitus
3154 1457 3314 1519 atque
3327 1449 3630 1519 .impulsus,

2044 1547 2151 1611 ipss
2207 1546 2420 1615 quidem
2456 1545 2714 1614 plurimos
2749 1546 2919 1598 hostes
2957 1545 3242 1613 prostravit
3274 1560 3292 1596 :
3318 1543 3413 1596 sed
3458 1559 3627 1612 neque

2045 1637 2249 1706 clypeo,
2310 1652 2476 1705 neque
2541 1634 2723 1705 gladio
2778 1636 3000 1698 amisso,
3057 1632 3337 1686 incolumis
3371 1648 3400 1685 e
3444 1634 3629 1699 prwlio

2044 1729 2232 1791 evasit,
2277 1728 2418 1783 velut
2448 1727 2812 1798 agglutinatus
2846 1737 3005 1797 atque
3034 1726 3230 1793 inﬁxus
3254 1742 3408 1795 equo,
3445 1737 3555 1780 etc.

2116 1821 2181 1874 Et
2225 1822 2367 1876 libro
2396 1821 2693 1875 undecimo
2734 1838 2748 1875 :
2781 1820 2921 1874 Adeo
2942 1834 3257 1888 magnorum
3291 1826 3509 1887 operum
3547 1820 3637 1872 in-

365 1922 521 1967 conta
538 1928 663 1967 vasa
684 1922 876 1967 mutuo
894 1912 1228 1983 datpalatio,
1248 1913 1426 1983 capite
1447 1912 1707 1967 vicesimo
1728 1920 1944 1982 quarto.
1981 1923 2022 1977 Β
2053 1915 2270 1984 geniosa
2305 1914 2533 1982 eﬁ‘ectrix
2564 1914 2744 1980 magni
2782 1913 3052 1977 domestici
3095 1911 3436 1965 taciturnitas
3467 1910 3632 1964 exsti-

1064 2004 1280 2075 Elegia.

416 2074 557 2151 “Lib.
588 2113 627 2159 ι,
660 2112 784 2165 cap.
822 2095 921 2158 5S,
952 2074 1303 2149 Andronicus
1332 2093 1518 2149 senior
1554 2094 1672 2163 ejus
1703 2091 1945 2186 pruden-

369 2192 502 2244 tiam
535 2190 589 2243 in
617 2190 799 2244 dando
816 2188 1053 2244 consilio
1090 2188 1422 2250 admiratur,
1454 2202 1624 2256 seque
1651 2187 1708 2241 iu
1732 2184 1834 2240 illo
1856 2184 1945 2238 avi

374 2280 606 2334 materni
649 2280 941 2349 imaginem
978 2278 1181 2333 intueri
1212 2288 1514 2341 asseverat,
1542 2279 1637 2347 qui
1663 2285 1770 2331 tam
1801 2277 1948 2332 cele-

298 2418 303 2423 .
373 2381 506 2425 riter
536 2371 886 2439 arripuisset,
907 2380 1014 2424 tam
1041 2378 1167 2440 apte
1190 2371 1538 2437 explicasset,
1566 2380 1623 2424 et
1647 2369 1949 2439 promptis-

370 2466 507 2517 sime
538 2464 915 2533 transegisset,
961 2479 1083 2531 qua:
1113 2478 1199 2516 res
1240 2462 1593 2530 postulasset,
1622 2470 1681 2515 ut
1734 2470 1945 2515 statue-

374 2554 462 2614 rit.
497 2553 542 2605 si
602 2553 811 2622 absque
870 2567 1197 2607 successore
1233 2568 1298 2605 ex
1336 2566 1395 2606 se
1444 2559 1573 2607 nato
1605 2561 1940 2617 moreretur,

372 2644 607 2699 suadere
641 2645 985 2714 proceribus,
1017 2644 1173 2698 illum
1216 2655 1347 2699 ante
1376 2643 1512 2699 alios
1552 2643 1944 2713 imperatorem

371 2735 706 2806 eligendum.
772 2734 1184 2790 Animadvertis
1254 2736 1422 2807 igitur
1498 2734 1945 2791 Cantacuzenum

373 2829 606 2897 imperio
630 2828 854 2898 dignum
877 2829 1205 2897 jutlieatutn,
1236 2829 1282 2882 si
1315 2843 1477 2882 avum
1510 2828 1629 2897 ejus
1652 2828 1944 2897 judicavit,

372 2921 530 2989 cujus
566 2920 619 2973 in
679 2920 798 2989 ipso
848 2934 1169 2988 expressum
1218 2934 1278 2973 se
1330 2918 1533 2973 intueri
1587 2919 1946 2974 simulacrum

372 3010 662 3065 confessus
690 3021 795 3064 est.

444 3101 738 3170 Gregoras,
773 3102 915 3156 libro
971 3116 1117 3155 nouo
1143 3140 1159 3164 ,
1224 3102 1293 3157 de
1348 3101 1543 3157 eodem
1573 3117 1587 3154 :
1625 3100 1813 3157 Ceteri
1846 3102 1946 3158 illa

374 3192 668 3246 mutatione
689 3191 829 3247 velut
864 3192 1030 3246 multo
1058 3207 1202 3246 mero
1234 3192 1367 3246 ebrii
1394 3192 1686 3246 insolenter
1725 3193 1945 3263 fortuna

2052 2009 2139 2060 tit.
2171 2006 2314 2060 Nam
2347 2006 2579 2060 aliorum
2610 2005 2817 2075 quidem
2833 2004 3003 2059 ‘verba
3039 2006 3239 2059 umbra:
3273 2013 3481 2059 tantum
3507 2013 3631 2058 sunt

2050 2115 2286 2167 operum,
2311 2097 2472 2151 simul
2495 2106 2655 2166 atque
2691 2113 2718 2149 e
2749 2095 2932 2165 lingua
2961 2097 3280 2167 prodierint.
3308 2086 3629 2149 morientes}

2050 2188 2150 2239 viri
2184 2198 2361 2265 autem
2394 2187 2550 2255 Itujus
2583 2195 2746 2240 etiam
2774 2186 3049 2239 silentium
3100 2203 3324 2257 magnas
3362 2204 3444 2240 res
3473 2190 3628 2258 gerit.

2055 2279 2191 2332 Nam
2213 2280 2410 2350 ingenii
2434 2281 2804 2349 magnitudine
2834 2292 2882 2333 et
2912 2280 3130 2333 solertia
3164 2283 3244 2334 vir
3273 2281 3365 2334 ille
3399 2282 3628 2344 excellit,

2053 2388 2231 2424 revera
2265 2372 2529 2441 profundo
2558 2380 2748 2427 mentis
2777 2373 2922 2426 sulco
2950 2374 3156 2442 fruens.
3214 2373 3337 2428 Περ
3361 2373 3633 2443 Gregoras

2049 2463 2116 2517 de
2150 2462 2536 2518 Cantucuzeno
2584 2465 2700 2518 sive
2732 2466 2942 2519 amicus
2993 2466 3346 2541 adhuc,‘sive
3374 2466 3443 2520 ab
3473 2466 3625 2535 ipsa-

2050 2562 2168 2607 met
2213 2556 2444 2609 xeritate
2472 2567 2698 2611 coactus
2724 2573 2739 2610 :
2769 2573 2892 2610 nam
2917 2565 3109 2625 postea
3140 2560 3316 2611 evasit
3349 2558 3631 2621 inimicus.

2053 2655 2112 2699 ut
2140 2660 2204 2698 ex
2234 2646 2378 2701 libro
2402 2658 2600 2716 quarto
2630 2649 2927 2711 constabit,
2961 2659 3014 2703 et
3057 2666 3158 2703 nos
3200 2666 3365 2719 supra
3400 2651 3452 2704 iu
3486 2665 3632 2719 prse-

2050 2736 2257 2791 l‘atione
2292 2738 2427 2807 ipsis
2457 2740 2825 2794 Cantacuzeni
2862 2742 3046 2796 verbis
3079 2743 3131 2796 id
3163 2743 3481 2797 docuimus.

2122 2827 2246 2881 Lib.
2279 2844 2367 2893 ιιι,
2392 2844 2517 2899 cap.
2549 2830 2640 2894 52,
2667 2846 2696 2883 a
2725 2830 2963 2885 Cabatze
3001 2830 3269 2895 Triballu,
3315 2834 3437 2886 viro
3473 2832 3629 2902 prin-

2050 2919 2199 2987 cipe,
2236 2921 2432 2974 oculns
2482 2921 2857 2975 Romanorum
2910 2933 3157 2976 vocatur.
3209 2924 3469 2977 Eumdem
3520 2940 3635 2978 ma-

2050 3012 2250 3083 gniﬁco
2282 3014 2558 3082 praeconio
2586 3013 2801 3067 extollit
2832 3013 2885 3067 in
2909 3014 3159 3082 epistolis
3184 3015 3249 3068 ad
3282 3026 3478 3084 papam
3521 3014 3636 3070 Ro-

2050 3119 2273 3159 manum
2323 3112 2379 3160 et
2436 3104 3120 3163 Delliuum-Viennensem
3186 3107 3623 3162 Bartltolomaaus

2050 3196 2283 3268 legatus,
2324 3198 2473 3253 libro
2506 3208 2727 3269 quarto,
2780 3201 2965 3270 capite
2998 3188 3266 3254 secundo.

452 3485 655 3538 Praeter
687 3483 1001 3539 testimonia
1047 3488 1117 3538 de
1150 3484 1362 3541 Joanne
1398 3456 1794 3553 Cantacuzeno,
1818 3501 1942 3556 qme
1975 3488 2060 3541 vir
2098 3488 2452 3557 pereruditus
2480 3488 3041 3545 Jacobus-Pontanus
3074 3485 3368 3544 Societatis
3393 3486 3521 3541 Jesu
3550 3492 3637 3536 ex

385 3578 703 3649 Nicephoro
733 3580 976 3650 Gregora
1014 3581 1265 3650 protulit,
1296 3582 1362 3635 ad
1394 3582 1932 3637 commendationem
1958 3584 2328 3639 Cantacuzcni
2365 3585 2602 3640 maxime
2634 3585 2912 3653 pertinere
2940 3586 3119 3641 visunt
3146 3593 3231 3639 est
3264 3584 3629 3651 fragmentum

377 3672 624 3743 ejusdem
673 3671 973 3742 Nicepltori
1020 3688 1085 3726 ex
1130 3672 1274 3728 libro
1322 3688 1397 3733 χι,
1431 3674 1576 3743 quod
1627 3676 1802 3729 edidit
1834 3676 1894 3730 V.
1952 3675 2036 3731 Cl.
2078 3676 2257 3747 deque
2303 3676 2454 3731 omni
2497 3692 2696 3748 genere
2738 3676 3047 3731 litterarum
3100 3676 3360 3746 praeclare
3402 3670 3644 3729 meritus

372 3766 444 3821 Β.
482 3766 543 3820 P.
577 3765 870 3835 Dionysius
902 3764 1161 3819 Petavius
1192 3764 1440 3834 ejusdem
1475 3765 1786 3822 Societatis.

455 3895 515 3947 Ὀ
545 3895 643 3965 μέν
680 3910 760 3946 τοι
798 3890 1051 3959 βασιλεὺς
1080 3893 1418 3963 ’Λνδρόνικος
1452 3898 1580 3966 περὶ
1604 3899 1700 3964 τὴν
1734 3899 1946 3971 πολιορα

2124 3895 2193 3950 At
2224 3895 2574 3950 Andronicus
2602 3896 2900 3965 imperator
2924 3897 3052 3952 dum
3085 3898 3433 3953 Acarnanum
3466 3910 3636 3970 caput

376 3986 501 4038 κίαν
534 3981 933 4052 ἀσχολούμενος
984 3981 1085 4052 τῆς
1117 3984 1223 4036 τῶν
1274 3985 1617 4056 Ἀκαρνάνων
1666 3990 1947 4057 μητροπό-

375 4077 509 4138 λεως
534 4076 713 4145 πάντᾳ
739 4073 993 4143 ὲξουρὶας
1036 4071 1148 4141 εἶχε
1205 4077 1271 4129 τὰ
1305 4077 1386 4139 εἰς
1413 4078 1668 4147 βούλησιν
1695 4079 1843 4151 αὐτῷ
1882 4097 1945 4147 γε

378 4169 523 4221 ἰόντα
572 4168 712 4219 κατὰ
744 4168 800 4218 τὸ
834 4167 1077 4236 ἐφικτόν.
1110 4164 1215 4220 Τοῦ
1242 4170 1349 4235 γὰρ
1389 4172 1557 4247 μεγάῐ
1575 4188 1636 4222 ου
1695 4171 1949 4239 δομεστέ-

377 4276 472 4312 κου
506 4257 598 4310 τοῦ
641 4256 1094 4326 Καντακουζηνοῦ
1144 4260 1583 4327 παρασπίζοντος
1624 4265 1715 4314 καὶ
1745 4264 1947 4316 συνδιῑ-

376 4352 623 4410 Θύνοντος
654 4348 851 4419 ἄριστα
882 4349 981 4419 τὴν
1042 4349 1236 4418 ἀρχὴν,
1263 4351 1413 4403 οὐδὲν
1453 4352 1626 4405 δεινὸν
1658 4354 1806 4425 αὐτῷ
1841 4354 1947 4407 τῶν

376 4437 743 4508 παρεστώτων
766 4438 941 4490 ἐδόκει
986 4438 1195 4493 δεινῶν.
1227 4441 1340 4511 Τήν
1385 4458 1443 4494 τε
1490 4445 1597 4514 γὰρ
1628 4444 1848 4513 χρονίαν
1891 4447 1949 4498 ἐν

380 4531 658 4600 ὑπερορίῳ
699 4530 1025 4599 ὲκστρατεξᾳ
1059 4529 1343 4600 διατριϐὴν
1375 4534 1466 4583 καὶ
1494 4531 1700 4601 φθορὰν
1723 4535 1819 4603 τῆς
1855 4533 1947 4587 ἴττ-

378 4643 481 4678 που
516 4628 609 4677 καὶ
627 4624 719 4677 τοῦ
752 4624 984 4693 στρατοῦ
1019 4624 1207 4689 Cestii);
1241 4626 1481 4688 διετίθει,
1511 4626 1603 4678 καὶ
1641 4628 1810 4697 αὐτὴν
1840 4627 1950 4681 ἀπὸ

377 4719 485 4769 τῶν
519 4716 751 4784 σπληνὸς
770 4716 1072 4779 πιέζουσαν
1104 4715 1254 4767 νόσον
1290 4717 1522 4779 συνετῶς
1554 4718 1702 4788 αὑτῴ
1727 4719 1957 4771 ἐπεκού-

379 4811 499 4878 (pnis
528 4827 542 4841 ·
581 4811 675 4862 καὶ
726 4809 965 4871 ἅπαντος
1017 4808 1109 4861 τοῦ
1142 4809 1391 4862 ἐντεῦθεν
1428 4811 1741 4886 ἁπήλλᾳττε
1777 4814 1951 4876 δέους.

381 4904 490 4955 Καὶ
518 4904 571 4955 εἴ
600 4918 682 4964 τις
737 4901 839 4969 πλή
856 4917 1045 4953 nouo:
1094 4901 1191 4969 τὴν
1240 4901 1466 4969 καρδίαν
1500 4905 1710 4974 ὑπῆρχε
1735 4909 1954 4975 φροντὶς

380 4994 618 5064 κοσμικὴ
647 4994 828 5054 πάσας
857 4991 1192 5061 ἐξομαλίζων
1239 4994 1408 5047 ἐτέλει
1444 4994 1643 5065 ῥᾳδίως
1666 5016 1679 5026 ·
1735 5002 1828 5048 καὶ
1861 4998 1952 5049 ἐπὶ

378 5086 586 5147 τούτοις
611 5085 707 5143 τὰς
730 5085 793 5135 ὲκ
818 5082 926 5135 τῶν
949 5083 1226 5150 συγγενῶν
1254 5085 1552 5153 τηνικαῦτα
1574 5090 1955 5155 numquam;

380 5180 672 5241 ἐπιϐουλὰς
697 5179 840 5248 μάλα
873 5179 1052 5247 σοφῶς
1080 5177 1242 5239 αὐτὸς
1274 5180 1511 5247 ἀνεῖργε,
1536 5182 1838 5240 συστέλλων
1863 5182 1956 5235 καὶ

2055 3987 2291 4043 obsidet.
2316 3987 2500 4039 omnia
2530 3986 2631 4039 sibi
2668 4003 2733 4040 ex
2778 3987 2948 4041 animi
2975 3990 3267 4051 sententia,
3303 3991 3482 4059 quoad
3516 3991 3635 4051 fieri

2057 4087 2311 4149 poterat,
2367 4077 2669 4131 succedere
2717 4077 3007 4131 sentiebat.
3072 4079 3288 4132 Etenim
3339 4081 3641 4149 adjuvante

2056 4186 2252 4238 magno
2299 4167 2603 4222 domestico
2642 4166 3047 4241 Ca'ttacmeno,
3083 4169 3399 4238 optimeque
3453 4171 3635 4240 impe-

2055 4261 2200 4313 rium
2228 4275 2351 4312 cum
2380 4274 2446 4313 eo
2477 4257 2823 4337 moderante,
2856 4259 3065 4311 nullum
3092 4275 3158 4313 ex
3189 4259 3257 4313 iis
3288 4259 3486 4329 quibus
3512 4277 3643 4330 pre-

2054 4344 2309 4405 mebatur
2362 4350 2726 4404 incommodis
2779 4351 3191 4405 incommodum
3241 4368 3363 4407 esse
3406 4354 3639 4410 videba-

2057 4456 2166 4499 tur.
2205 4442 2338 4497 Nam
2371 4453 2427 4497 et
2455 4442 2771 4496 diuturnam
2819 4444 2968 4497 illaut
3005 4445 3288 4513 peregrina
3323 4447 3377 4500 in
3408 4448 3640 4516 expedr—

2057 4537 2206 4590 tione
2258 4552 2490 4601 moram,
2536 4548 2699 4604 atque
2746 4537 2993 4604 equitum
3025 4538 3386 4607 peditumque
3427 4540 3645 4593 cladem

2054 4630 2360 4699 prudenter
2402 4629 2699 4682 admodum
2735 4630 3009 4684 relevabat
3042 4649 3054 4684 :
3087 4642 3142 4686 et
3183 4633 3335 4687 illum
3380 4650 3445 4688 ex
3497 4636 3649 4689 liene

2059 4720 2314 4774 morbum
2365 4719 2558 4773 eadem
2604 4721 2826 4776 solertia
2859 4721 3089 4789 lenibat,
3139 4739 3472 4793 omnemque
3510 4726 3641 4780 inde

2064 4820 2267 4864 metum
2324 4810 2715 4879 abstergebat:
2750 4828 2812 4866 ac
2860 4813 2907 4866 si
2962 4814 3093 4882 quid
3147 4827 3375 4870 externa
3423 4820 3639 4884 negotia

2061 4899 2449 4954 sollicitudinis
2474 4909 2849 4969 aSpcrgerrnt,
2892 4917 3010 4954 eam
3040 4903 3132 4956 ille
3156 4904 3639 4960 administratione

2064 5008 2160 5046 sua
2193 4991 2353 5046 facile
2406 4992 2791 5060 componebat.
2845 4993 2922 5046 Ad
2963 4995 3074 5049 hsce
3104 5005 3461 5064 Cognatorum
3509 4995 3643 5051 insi-

2063 5085 2201 5146 dias,
2237 5093 2520 5156 quaa,tum
2568 5092 2757 5138 contra
2806 5085 3154 5155 imperatoris
3183 5098 3346 5154 caput
3378 5099 3638 5153 grassata:

2063 5186 2213 5240 sunt,
2242 5178 2520 5244 sapienter
2556 5179 2836 5246 repressit.
2876 5171 3132 5232 omnibus
3170 5178 3222 5232 in
3261 5187 3376 5232 tuto
3399 5181 3639 5235 colloca-

380 5272 735 5326 ἀπαλλάττων
764 5273 840 5328 εἰς
871 5270 1167 5339 τάσφαλὲς,
1202 5273 1331 5340 πρὶν
1373 5273 1452 5333 εἰς
1497 5274 1666 5334 ἀκοὰς
1719 5274 1853 5329 ἱέναι
1880 5273 1946 5342 τᾷ

2065 5270 2152 5342 tis,
2178 5280 2473 5337 antequam
2505 5270 2569 5321 ad
2603 5284 2765 5322 aures
2793 5269 3143 5335 imperatoris
3184 5269 3518 5337 acciderent.
3555 5273 3642 5327 Si-

385 5362 611 5432 βασιλεῖ.
650 5362 864 5423 Πολλοῖς
900 5362 1005 5430 γὰρ
1034 5362 1405 5429 κοσμούμενος
1440 5365 1465 5414 ὁ
1493 5363 1631 5431 ἀνὴρ
1660 5366 1771 5422 τοῖς
1800 5363 1956 5417 πλεο-

382 5456 739 5524 νεκτήμασιν,
774 5454 871 5506 ὅσοι
900 5470 959 5505 τε
991 5453 1149 5519 φύσις
1175 5451 1478 5521 χαρίζεται,
1512 5455 1605 5507 καὶ
1634 5456 1732 5507 ὅσα
1765 5455 1953 5524 βσολσι

2054 5363 2276 5432 quidem
2317 5363 2503 5416 tnultis
2531 5362 2700 5415 animi
2742 5362 3085 5416 ornamentis
3115 5363 3198 5415 vir
3229 5362 3321 5417 ille
3352 5364 3638 5433 praeditus.

2063 5470 2186 5523 qua:
2238 5469 2331 5507 aut
2393 5470 2421 5505 a
2488 5464 2683 5506 natura
2740 5452 2904 5505 insita
2962 5463 3111 5527 sunt,
3160 5464 3254 5508 aut
3302 5464 3649 5525 exaggerata:

385 5548 601 5608 σύνεσις
634 5545 847 5612 εὐφυῶς
882 5544 1317 5613 πηδαλιονχοῦσα
1347 5547 1560 5611 κοσμεῖ,
1593 5546 1727 5616 πρὸς
1755 5548 1946 5607 παντὸς

2062 5548 2285 5605 mentis.
2330 5561 2450 5615 qum
2487 5545 2611 5596 vita:
2644 5552 2845 5597 nostra:
2900 5544 3233 5599 moderatrix
3277 5547 3645 5620 optimarst,

382 5639 635 5706 ἠγαπᾶτο
685 5635 778 5689 τοῦ
839 5636 1201 5706 στρατοπέδου
1229 5652 1243 5666 ο
1291 5637 1381 5687 καὶ
1444 5632 1511 5705 ἦν
1556 5638 1730 5700 οὐδεὶς
1768 5637 1834 5699 ὃς
1895 5640 1952 5690 οἱ)

383 5730 664 5800 προύτίθει
695 5731 790 5799 τῆς
817 5728 904 5781 ἐπ’
948 5727 1114 5782 αὑτοῦ
1152 5728 1297 5796 ζωῆς
1342 5732 1441 5798 τὴν
1472 5731 1682 5783 ἐκείνου
1733 5749 1745 5762 ⁸
1796 5732 1859 5784 τό
1899 5750 1955 5783 τε

384 5819 493 5892 γὰρ
542 5822 823 5890 φιλότιμον
872 5820 970 5892 τῆς
1012 5819 1190 5886 δεξιᾶς
1226 5820 1318 5873 καὶ
1354 5820 1413 5873 τὸ
1439 5821 1530 5873 τοῦ
1557 5822 1721 5893 ἤθους
1766 5841 1960 5893 καρτε-

2059 5637 2355 5708 prudentia
2396 5638 2649 5704 quaesita,
2689 5632 2829 5702 apud
2879 5635 3106 5689 militum
3144 5637 3417 5707 gratiosus
3449 5638 3641 5708 impri-

2062 5732 2166 5785 mis
2215 5739 2356 5791 erat,
2414 5738 2471 5780 ut
2523 5742 2685 5779 nemo
2730 5736 2874 5782 esset
2920 5728 3013 5796 qui
3049 5743 3157 5780 non
3196 5729 3316 5797 ejus
3360 5729 3529 5781 vitam
3576 5743 3640 5780 ac

2068 5823 2301 5876 salutem
2332 5827 2695 5887 anteponeret
2734 5835 2870 5873 sum.
2904 5806 3050 5873 Nam
3086 5816 3211 5873 cum
3244 5833 3311 5873 ne
3339 5816 3395 5872 in
3419 5816 3648 5887 expedi-
