4012 6606
423 403 494 470 35
959 471 964 475 _
1547 407 1882 472 JOANNES
1920 405 2541 492 CANTACUZENUS.
3069 441 3074 448 .
3286 410 3295 421 ·
3431 490 3454 492 _
3610 404 3686 468 as

428 523 580 578 tione
641 520 906 591 quidem,
953 521 1234 592 tantisque
1295 521 1531 592 negotiis
1573 523 1874 591 quidquam
1932 519 2053 592 de;

2127 517 2258 568 "be
2314 515 2424 568 ὧδ’
2479 517 2540 567 ἐν
2593 517 2714 580 ταῖς
2765 513 3087 584 ὑπερορίοις.
3133 490 3535 580 Gtc-mihi?“
3594 524 3689 568 καὶ

429 615 1017 684 pristinaiiheralitate
1073 615 1356 684 animique
1401 616 1707 669 constantia
1738 623 1998 676 mutaret,

2127 613 2385 684 ισχολίαις
2413 611 2682 682 ἀμείϐων,
2703 611 2931 682 ἧμειὸεν
2957 612 3111 680 ὅμως
3162 612 3262 674 τὰς
3287 611 3458 682 τύχας
3488 611 3598 664 τῶν
3629 612 3688 665 ὲν

427 707 677 761 mutabat
707 707 798 762 ille
828 716 1007 761 tamen
1046 707 1100 760 in
1137 708 1334 762 melius
1364 721 1551 760 eorum
1579 709 1877 770 fortunam,
1905 705 1999 772 qtti

2127 707 2214 766 rei;
2239 705 2424 767 ὅπλοις
2451 706 2530 775 τῷ
2554 721 2612 758 τε
2636 703 2781 774 λιμῷ
2803 704 2896 756 καὶ
2921 701 3095 774 λοιμῷ
3125 703 3689 773 προσταλαιωρούν-

429 803 544 848 tum
581 793 724 849 fame
768 811 832 850 ac
864 803 1016 863 peste
1055 796 1400 851 laborabant.
1435 797 1612 861 Quare
1659 811 1851 850 omnes
1895 811 2026 877 una,

2127 810 2214 847 των
2250 795 2308 858 ἐς
2334 813 2396 864 γε
2421 796 2482 848 τὸ
2516 795 2762 866 βέλτιον
2817 794 2910 858 atati
2963 789 3106 864 ἦσαν
3157 791 3346 862 ὥσπερ
3383 795 3447 846 ὲκ
3482 795 3610 862 μιᾶς
3639 793 3688 846 of

428 901 562 941 voce
592 887 686 954 qui
711 897 1044 956 supererant
1074 888 1276 942 milites
1299 904 1364 944 ac
1387 888 1575 962 duces,
1603 889 1828 944 ordines
1845 903 2002 958 teque

2127 889 2552 958 περιλειπόμενοι
2605 888 2840 959 βοῶντες
2875 887 3114 948 ἅπαντες
3140 885 3387 955 γλώττης
3417 884 3688 956 στρατιῶ-

429 983 594 1046 atque
634 976 892 1030 ordinum
928 977 1170 1046 praefecti
1199 989 1538 1033 servatorem
1574 980 1752 1043 illum,
1785 989 1840 1033 et
1869 981 2007 1032 alto-

2127 1003 2198 1040 :at
2227 974 2324 1038 xei.
2365 981 2684 1054 στρατηγοὶ,
2707 981 2855 1051 λόχοι
2888 979 2982 1033 καὶ
3015 977 3260 1048 λοχαγοὶ,
3297 978 3521 1048 σωτῆρα
3559 977 3686 1031 τοῦ·
3715 1034 3720 1044 _

429 1082 568 1132 rem,
613 1085 676 1123 ac
716 1069 1029 1140 largitorem
1066 1071 1364 1138 appellare.
1417 1081 1531 1124 tum
1580 1087 1644 1126 ea
1678 1072 2001 1140 praedicare,

2127 1093 2222 1140 τον,
2253 1075 2350 1128 καὶ
2381 1071 2611 1140 τροφέα,
2641 1072 2738 1124 καὶ
2768 1069 3148 1137 πλουτοδότην,
3181 1068 3276 1122 καὶ
3309 1069 3408 1122 ὅσα
3437 1069 3535 1136 τὴν
3559 1067 3694 1120 Ῥω-

428 1161 636 1230 quibus
681 1162 989 1216 Romanum
1040 1163 1334 1232 imperium
1367 1165 1638 1218 illustrius
1669 1165 1897 1226 fecerat.
1926 1171 2004 1226 et,

2127 1167 2292 1220 ,ιαῑων
2314 1165 2617 1234 ἠγεμονίαν
2645 1161 2997 1231 ἐνδοξοτέραν
3027 1161 3323 1230 καθίστησι
3341 1176 3356 1190 ο
3387 1160 3481 1214 καὶ
3523 1158 3593 1212 ἵν’
3612 1158 3690 1222 ὡς

433 1262 494 1308 ut
525 1255 841 1308 summatim
881 1255 1234 1324 complectar,
1267 1243 1534 1324 quidquid
1566 1255 1670 1310 sub
1701 1253 1843 1310 idem
1873 1265 2013 1308 tem-

2127 1275 2166 1311 ιν
2194 1255 2480 1328 κεφαλαίῳ
2500 1255 2878 1325 διεξέλθωμεν,
2920 1255 3020 1308 ὅσα
3051 1255 3107 1307 ὲν
3151 1252 3326 1322 τούτῳ
3345 1251 3423 1322 τῷ
3452 1251 3630 1321 χρόνῳ
3655 1251 3691 1321 ἡ

431 1359 536 1414 pus
578 1345 698 1414 ejus
740 1346 844 1400 viri
877 1347 1170 1416 prudentia
1214 1347 1524 1401 confectum
1578 1357 1684 1410 est,
1723 1363 1848 1416 qua:
1896 1356 2005 1405 tam

2127 1349 2205 1404 τοῦ
2235 1349 2427 1420 ἀνδρὸς
2463 1347 2679 1416 εὐφυῶς
2707 1345 3022 1418 κατέπραξε
3056 1345 3294 1408 σύνεσις,
3338 1343 3568 1412 ὶγγύθεν
3598 1343 3695 1396 καὶ

432 1436 740 1506 propinqua
795 1453 964 1507 quam
1019 1438 1210 1493 dissita
1268 1439 1607 1492 moderando
1664 1439 2004 1494 continebat.

2127 1441 2400 1514 πόρρωθεν
2425 1441 2629 1512 ὁμοίως
2676 1437 3051 1510 διενεργοῢσα.
3103 1435 3278 1491 Αὑτοῦ
3307 1435 3418 1507 γὰρ
3459 1436 3578 1505 ἅμα
3613 1433 3694 1502 τῷ

433 1528 652 1584 Etenim
691 1530 822 1584 dum
856 1547 963 1586 una
1002 1547 1127 1586 cum
1169 1531 1502 1601 imperatore
1539 1533 1886 1588 Acarnanum
1919 1549 2010 1588 ur-

2127 1533 2324 1587 Ξασιλεῖ
2349 1533 2448 1603 τὴν
2489 1531 2598 1584 τῶν
2643 1531 2995 1601 Ἀκαρνάνων
3029 1527 3444 1598 πολιορκοῦντος
3492 1530 3698 1597 μητρά-

438 1621 564 1676 bem
615 1621 857 1688 obsidet,
899 1625 1282 1694 comprehensi
1331 1635 1464 1679 sunt
1515 1626 1610 1694 qui
1663 1626 2007 1696 tyrannidem

435 1715 754 1784 cogitabant
785 1732 848 1772 ac
872 1718 1132 1788 Byzantio
1171 1719 1559 1784 imminebant,
1590 1735 1691 1774 nec
1721 1722 1883 1790 pauci
1911 1738 2012 1778 nec

436 1807 681 1875 obscuri,
707 1809 776 1864 de
801 1810 1007 1880 quibus
1029 1811 1186 1880 plura
1217 1823 1407 1884 postea
1439 1812 1672 1868 dicenda
1701 1825 1853 1870 sunt.

2111 1625 2289 1690 πολιν,
2325 1623 2574 1680 ἑάλωσαν
2629 1625 2679 1677 οἱ
2707 1623 3002 1693 τυραννίδα
3044 1619 3438 1692 μελετήσαντες
3487 1636 3546 1672 τε
3595 1611 3694 1673 iuit

2111 1717 2426 1786 ὶπιθέμενοι
2483 1717 2566 1780 εἰς
2617 1715 2952 1782 Βυζάντιον,
2997 1713 3182 1768 πολλοί
3210 1729 3271 1766 τε
3299 1713 3453 1776 ὄντες
3503 1712 3600 1766 καὶ
3628 1713 3692 1766 οὐ

2113 1813 2220 1868 τῶν
2243 1811 2492 1882 ἀφανῶν,
2522 1813 2651 1902 περὶ
2689 1805 2764 1867 ὧν
2801 1811 3028 1884 ὕστερον
3057 1809 3392 1882 πλατύτερον
3439 1809 3685 1880 λέξομεν.

439 2023 2472 2060 .___._________________________

862 2193 1636 2284 DlGNlTATUM
1711 2195 1850 2286 AC
1881 2219 1886 2224 '
1923 2197 2734 2339 FUNCTIONUM
2812 2200 3292 2293 PALA'l‘lI

1259 2390 1364 2450 ET
1403 2390 1811 2454 ECCLESUE
1847 2392 2873 2472 CONSTANTINOPOLITANE,

519 2559 808 2635 Quarum
848 2556 1217 2622 Historicus
1273 2566 1491 2622 noster
1549 2560 1868 2638 meminit,
1920 2579 2000 2624 ex
2054 2562 2435 2644 CurOpalata
2483 2571 2544 2628 et
2594 2565 2735 2645 ejus
2782 2564 3132 2631 Scholiasta
3171 2547 3586 2650 potissimum

1717 2665 2002 2730 dilucida
2029 2667 2416 2748 explanatio.

439 3029 444 3032 .
514 2979 813 3050 Δεσπότης.
855 2979 1144 3035 Dominus.
1179 2979 1305 3037 lla-c
1339 2979 1630 3050 appellatio
1679 2980 2019 3051 imperatori,
2053 2984 2096 3044 Β
2127 2981 2491 3052 imperatores
2540 2980 2912 3054 dormiebant.
2959 2982 3089 3038 Tale
3139 2999 3288 3038 nunc
3329 2985 3567 3042 ofﬁcium
3612 2996 3698 3044 est

441 3075 570 3130 filiis
592 3075 731 3143 ejus,
759 3073 1022 3129 fratribus
1061 3090 1125 3130 ac
1157 3075 1377 3144 generis
1410 3077 1756 3130 tribuebatur
1791 3090 2020 3146 genera-
2125 3071 2271 3140 apud
2329 3070 2653 3156 Turcarnm
2685 3071 2966 3130 sultanum
3016 3073 3135 3138 ejus
3193 3073 3538 3141 cubicularii,
3599 3077 3696 3146 qui

446 3168 568 3224 tim.
615 3167 842 3237 Proprie
886 3165 957 3220 ab
1003 3166 1356 3236 imperatoria
1405 3168 1688 3238 majestate
1743 3165 2020 3222 secundus
2125 3161 2387 3224 Thiodar.
2409 3173 2505 3216 aut
2543 3161 2832 3218 Trobadar
2851 3163 3182 3233 appellatur.
3213 3165 3262 3219 ls
3281 3167 3425 3220 enim
3455 3177 3514 3222 et
3552 3168 3698 3225 intra

446 3263 528 3318 sic
553 3263 861 3328 dicebatur,
889 3277 1050 3332 quem
1079 3263 1417 3319 recentiores
1443 3265 1608 3317 etiam
1635 3263 1899 3317 σεδαστδν
1925 3279 2021 3317 vo-

441 3363 658 3413 carunt.
703 3354 816 3409 lloc
851 3357 998 3408 enim
1033 3356 1199 3409 semel
1235 3356 1498 3411 denotare
1541 3357 1820 3432 convenit,
1851 3359 2023 3426 impe-

441 3455 657 3500 ratores
690 3445 816 3503 illos
843 3443 1083 3501 Orientis
1130 3447 1330 3502 multos
1377 3447 1562 3502 titulos
1593 3447 1920 3504 honorarius
1951 3449 2020 3503 ad

446 3551 578 3592 suos
608 3537 711 3592 sibi
741 3537 1114 3599 devittcendos
1159 3539 1521 3610 excogitasse.
1559 3540 1614 3594 In
1647 3539 1838 3595 Galliis
1886 3541 2016 3595 olim

450 3629 734 3699 proximus
757 3645 787 3682 a
813 3645 939 3699 rege
963 3631 1137 3702 major
1158 3631 1413 3686 dominus
1434 3633 1838 3690 nominabatur.
1875 3633 2024 3690 Grae-

445 3734 641 3774 corum
694 3719 1091 3789 imperatorum
1127 3737 1208 3776 em
1233 3722 1379 3792 mplo
1415 3740 1473 3778 se
1505 3740 1726 3793 quoque
1768 3724 1883 3794 des]
1907 3735 2026 3778 uias

447 3811 616 3867 vicini
645 3813 924 3882 principes
965 3812 1074 3868 dici
1103 3815 1417 3877 voluerunt,
1458 3815 1760 3884 praesertim
1801 3814 2020 3886 Bulgari

448 3913 506 3960 et
535 3905 734 3960 Servii.
757 3904 859 3970 Qui
884 3905 1161 3959 interdum
1187 3907 1241 3960 in
1265 3905 1578 3983 Grzccorum
1606 3908 1849 3962 historiis
1875 3911 2024 3978 regio

449 4011 672 4066 quonue
701 3997 868 4050 titulo
891 4005 1207 4061 censentur,
1240 4013 1363 4052 cum
1401 4015 1499 4069 pro
1527 4000 1772 4069 despotis
1813 4001 2022 4068 Crales,

452 4098 508 4144 et
541 4105 739 4146 uxores
769 4106 868 4160 pro
903 4089 1182 4161 despmnis
1211 4091 1468 4146 Craltcna:
1501 4095 1884 4163 appellantur;
1920 4095 2025 4149 huc

449 4181 654 4252 quippe
679 4191 842 4236 sonat
871 4198 1072 4236 nomen
1110 4183 1428 4239 barbarum.
1461 4183 1550 4240 Sic
1579 4200 1608 4238 a
1640 4187 2020 4241 (Iautacuzeno

447 4275 768 4328 Acarnaniae
795 4284 849 4328 et
893 4261 1110 4328 Etolitc
1136 4274 1410 4344 principes
1456 4275 1698 4344 despota:
1741 4274 2020 4330 dicuntur.

451 4365 657 4421 Verum
680 4365 1180 4420 nosterbistoricus
1195 4366 1619 4420 Constantinum
1645 4365 1943 4421 Andronici
1971 4366 2026 4420 li-

452 4457 588 4514 lium
615 4459 896 4528 despotam
925 4470 1180 4538 vocatum
1202 4457 1415 4524 scribit,
1447 4461 1536 4528 qui
1559 4469 1680 4528 post
1706 4442 2025 4514 Mie'ltaclcm

451 4553 676 4604 fratrem
719 4551 958 4620 genitus,
1015 4566 1115 4620 per
1155 4561 1352 4604 cuneta
1411 4551 1680 4606 secundas
1730 4551 2026 4607 obtineret.

453 4640 722 4695 Infantem
756 4649 952 4693 vocant
1003 4639 1252 4708 Hispani.
1313 4639 1669 4694 Obsertanda
1709 4639 1872 4708 igitur
1919 4639 2028 4694 alia

455 4736 626 4789 notio.
649 4733 994 4788 Monebimus
1025 4733 1078 4786 in
1113 4731 1350 4786 Adnotat

527 4827 1050 4897 Παρακοιμὼμενοι,
1084 4825 1320 4879 subaudi
1347 4824 1438 4878 τοῦ
1460 4826 1740 4889 κοιτῶνος.
1762 4827 2023 4890 enbiculi,

455 4919 738 4974 Accubilor
767 4918 992 4972 cubiculi
1017 4918 1082 4972 ad
1111 4918 1365 4981 verbum,
1392 4917 1446 4970 id
1474 4928 1558 4972 cst
1597 4920 1734 4972 sacri
1759 4919 2022 4984 cubiculi,

455 5027 552 5066 seu
588 5009 942 5064 excubiarum
965 5007 1105 5062 sacri
1136 5007 1377 5062 cubiculi
1414 5010 1724 5078 pra-fectus,
1761 5010 2024 5078 principi,

455 5120 552 5158 Seu
583 5101 899 5171 imperatori
933 5117 962 5156 a
1006 5096 1422 5177 cubiculis,'-.tut
1473 5101 1764 5168 prmfcctus
1807 5103 2030 5156 excubi-

455 5206 659 5252 torum,
689 5200 746 5245 et
775 5190 1066 5246 custodum
1103 5191 1242 5245 sacri
1267 5191 1529 5245 cubiculi.
1568 5194 1738 5260 Caput
1775 5204 1859 5245 est
1893 5209 2026 5262 puc-

457 5300 644 5340 rurutn
676 5284 768 5352 qni
798 5285 851 5336 in
885 5293 1100 5338 caelone
1127 5293 1277 5350 sunt,
1321 5284 1886 5348 etcubiculariornnt,
1932 5285 2026 5337 lia-

454 5378 590 5432 bens
624 5375 790 5430 etiam
813 5375 918 5429 sibi
945 5373 1226 5430 subditum
1263 5375 1668 5446 procubitorcm
1699 5375 1840 5428 Sacri
1873 5375 2028 5428 cubi-

455 5469 587 5523 culi.
621 5469 700 5522 Lta
744 5467 1367 5539 CuropalataJlagnunt
1409 5467 1809 5522 cubicularium
1855 5468 2023 5537 aliqui

451 5573 672 5616 Vocant.
1144 5567 1152 5582 '

2123 3255 2438 3308 cubiculum
2477 3265 2642 3309 noctu
2668 3255 2930 3310 excubias
2966 3257 3100 3326 agit,
3133 3265 3189 3312 et
3215 3258 3454 3328 pluviam
3483 3259 3698 3318 Sullani

2123 3355 2330 3398 vestem
2361 3353 2556 3414 gestat,
2584 3354 2644 3399 ut
2665 3345 3092 3416 παρακείμενος,
3117 3363 3238 3416 qua:
3261 3351 3697 3420 scaramangium

2123 3431 2372 3492 Vocatur.
2419 3441 2497 3493 Ae
2549 3447 2757 3492 norunt
2797 3453 3010 3510 omnes.
3051 3441 3143 3508 qtii
3183 3439 3397 3496 Portam
3439 3443 3700 3499 viderunt

2122 3528 2494 3595 Osmauicam,
2537 3545 2646 3584 non
2689 3529 2963 3584 sultannm
2999 3531 3160 3586 modo
3197 3533 3447 3588 cntuitari
3477 3535 3702 3590 cubicu-

2121 3622 2342 3680 larium.
2387 3622 2482 3692 qui
2533 3637 2732 3676 sereno
2787 3638 3008 3692 quoque
3060 3625 3200 3679 caelo
3257 3628 3696 3697 scaramangium

2126 3718 2246 3787 ejus
2278 3727 2488 3787 gestat;
2531 3718 2625 3773 scd
2681 3734 2875 3774 omnes
2907 3721 3073 3774 etiam
3114 3721 3362 3790 quotidie
3405 3722 3612 3790 bassas,
3644 3734 3702 3782 ct

2126 3809 2313 3878 bcgos,
2341 3809 2801 3879 quotiescumque
2835 3825 2934 3881 per
2965 3812 3154 3866 urbem
3200 3812 3266 3867 ad
3301 3817 3510 3884 portam
3540 3818 3703 3886 equi-

2127 3908 2267 3968 tant,
2309 3901 2516 3956 ltaberc
2548 3901 2908 3973 pedisequum
2935 3920 3125 3967 unum,
3158 3906 3249 3974 qui
3275 3917 3480 3961 vestem
3507 3907 3704 3980 ,ltujus-

2128 3994 2274 4046 tnodi
2299 4001 2504 4062 portat,
2541 3993 2753 4048 caeteris
2785 3994 3308 4066 snperinjiciendam
3330 4000 3697 4064 vestimentis,

2127 4085 2172 4142 si
2201 4101 2328 4140 aere
2367 4095 2579 4141 mutato
2616 4087 2758 4145 forte
2781 4087 2951 4158 pluat.

2225 4178 2418 4244 Μέγας
2475 4178 2814 4247 δομέστικος,
2867 4195 3091 4249 magnus
3150 4180 3487 4236 domesticus.
3537 4183 3697 4239 Varia

2129 4269 2249 4341 ejus
2281 4270 2460 4325 otiicia
2483 4273 2624 4340 apud
2655 4269 3007 4341 Curuplatam
3034 4271 3183 4336 vide,
3225 4273 3562 4329 variislocis.
3589 4275 3700 4330 No-

2131 4377 2255 4416 men
2281 4364 2569 4418 domestici
2592 4364 2657 4416 ad
2684 4363 2868 4433 plures
2899 4363 3194 4434 dignitates
3223 4365 3550 4435 pertinebat,
3577 4383 3698 4436 qua:

2130 4445 2390 4526 adjuncto
2427 4455 2910 4519 discernebantur,
2963 4464 3021 4508 ut
3065 4471 3382 4525 cognosces,
3430 4473 3460 4512 e
3495 4459 3700 4528 quibus
3735 4466 3747 4476 ‘

2130 4548 2308 4618 magni
2342 4547 2631 4603 domestici
2663 4549 3002 4618 praecipuum
3037 4549 3337 4614 exstitisse,
3373 4565 3576 4606 nomen
3619 4550 3700 4622 ip-

2131 4655 2254 4692 sum
2284 4656 2505 4709 magnus
2544 4639 2837 4706 significat.

2207 4733 2680 4803 Πρωτοστράτωρ,
2706 4731 3090 4810 Prolostrator.
3114 4733 3356 4810 Absentc
3379 4750 3578 4806 magno
3599 4734 3702 4790 do-

2131 4827 2364 4898 mestico
2404 4825 2510 4878 fert
2537 4804 2888 4894 imperatoris
2917 4804 3200 4894 Spatltam.‘
3223 4823 3358 4880 Cum
3383 4804 3702 4896 itaqne'int-

2131 4929 2351 4987 peratnr
2381 4927 2463 4970 CSI.
2491 4933 2902 4972 COIlSCt‘llSUl'US
2928 4935 3154 4987 equum,
3191 4920 3394 4977 COIIIilC
3427 4936 3701 4990 υψιοηιιη
3799 4966 3806 4974 .

2132 5012 2480 5078 imperatoris
2497 5010 2599 5063 add
2611 5021 2806 5063 ueenle
2829 5021 2883 5064 et
2906 5021 3128 5066 tenente
3169 5027 3392 5080 equum,
3415 5025 3700 5082 postquam

2131 5103 2377 5156 ascendit
2413 5103 2728 5170 imperator,
2762 5111 3126 5172 protestrator
3157 5104 3506 5172 prehendens
3544 5105 3700 5160 freno

2131 5193 2352 5246 deducit
2382 5209 2586 5262 equum
2635 5192 2700 5245 ad
2755 5178 3030 5261 quartam,
3085 5204 3178 5248 aut
3225 5195 3471 5262 quintam
3530 5211 3703 5267 usque

2132 5295 2338 5355 partem
2367 5287 2502 5338 aulae
2531 5285 2736 5353 palatii.
2770 5285 2976 5341 Deinde
3015 5287 3288 5352 recipiens
3313 5304 3437 5342 euut
3475 5305 3705 5358 magnus

2129 5378 2530 5435 Cbartularins.
2562 5379 2786 5432 deducit
2813 5379 2968 5432 freno
3003 5379 3069 5432 ad
3099 5391 3308 5448 portam
3343 5397 3516 5450 usque
3544 5382 3702 5437 aulae.

2133 5472 2400 5526 Similiter
2422 5474 2587 5525 etiam
2617 5473 2766 5536 facit,
2811 5487 2934 5526 cum
2965 5473 3266 5542 imperator
3311 5474 3542 5543 pedibus
3600 5475 3709 5526 itu-

2134 5581 2226 5616 rus
2247 5581 2353 5624 es.
2379 5565 2812 5634 agensvidclicet
2836 5583 2864 5620 a
2885 5576 3038 5635 porta
3059 5583 3258 5636 equum
3287 5567 3350 5620 ad
3381 5581 3505 5619 eum
3535 5582 3706 5635 usque

524 5655 908 5723 Lcunclavius,
948 5655 1215 5710 Pandecle
1262 5655 1498 5708 historice
1546 5653 1780 5708 Tui-ciae
1815 5667 1909 5706 seu
1955 5655 2024 5705 ad
2053 5674 2105 5732 Β
2133 5656 2148 5709 l
2176 5673 2338 5725 φημι,
2390 5673 2553 5726 quem
2589 5667 2714 5711 ante
2747 5657 2986 5712 diximus
3015 5676 3030 5712 :
3058 5675 3124 5712 ex
3171 5674 3282 5736 quo
3321 5657 3517 5710 iterum
3570 5657 3710 5710 reci-

451 5749 684 5806 Anuafcs
714 5748 990 5805 Turcicos:
1011 5750 1497 5822 ﬂag:xozp¢b‘p.svm
1527 5758 1654 5802 sunt
1678 5739 2026 5800 iutimt'cnbi-

451 5841 645 5897 cularii
675 5846 772 5915 qui
797 5843 1178 5916 augustalibus
1199 5844 1255 5896 in
1287 5841 1555 5904 cubiculis
1582 5850 1636 5895 et
1665 5839 1766 5909 ipsi
1801 5850 2028 5910 propter

2139 5749 2364 5816 pitentn
2391 5757 2776 5817 protenti-ator,
2810 5764 2976 5818 agens
3001 5748 3068 5802 ad
3109 5763 3235 5802 eum
3279 5763 3452 5818 usque
3498 5747 3720 5829 locum,

2138 5841 2229 5894 ubi
2274 5841 2570 5910 imperator
2595 5841 2761 5912 pedes
2795 5857 2917 5898 esse
2943 5843 3104 5898 solet.
3129 5841 3285 5910 Quod
3316 5843 3360 5900 si
3391 5844 3534 5900 forte
3578 5828 3708 5916 pro-
