4012 6604
390 387 462 451 39
1513 388 1861 453 JOANNES
1898 387 2529 451 CANTACUZENUS.
3577 385 3649 451 40

389 500 500 557 ctio
528 500 926 571 δομεστίκειον,
963 499 1082 557 sive
1124 499 1492 573 δομεστίκιον,
1542 506 1593 561 id
1640 516 1747 573 est,
1787 506 1971 562 dome-

2085 505 2154 560 de
2186 506 2465 576 stipendio
2498 506 2640 576 ejus.
2695 512 2789 557 aut
2840 500 2906 557 ad
2941 501 3231 559 servitium
3281 503 3437 575 eius,
3491 502 3650 574 cujus

388 594 621 648 sticatus
647 593 796 649 dicta
819 606 923 649 est.

473 672 969 759 'BatespeVSdptoc,
1004 688 1420 758 referendarius.
1449 686 1852 743 Ecclesiasticaa
1884 687 1970 743 di-

389 776 615 844 gnitatis
655 792 854 832 nomen
883 819 898 844 ,
938 779 1131 835 Latine
1176 783 1379 835 relator
1405 821 1418 845 ,
1457 769 1552 851 qui
1595 780 1868 851 allegatur
1901 782 1969 836 ad

392 868 778 936 imperatorem
811 880 865 923 et
899 871 1241 926 sacerdotem
1276 873 1599 927 maximum.
1884 884 1887 889 '

462 962 1025 1032 Πανυπερσέὅαστος,
1084 967 1506 1036 Augustissimus
1562 970 1817 1021 omnium.
1887 966 1970 1021 Ab

389 1053 581 1107 Alexio
608 1054 901 1109 Comueno
937 1057 1130 1111 titulus
1164 1059 1423 1113 inventus
1449 1104 1461 1121 .
1496 1068 1554 1113 ut
1585 1060 1834 1114 Pvlicltaeli
1870 1059 1974 1112 Ta-

391 1144 585 1197 ronitre
618 1144 1023 1215 gratiﬁcaretur
1050 1187 1066 1210 ,
1100 1148 1247 1216 qttod
1299 1148 1492 1202 scribit
1528 1148 1770 1202 Zonaras
1822 1158 1971 1202 tomo

389 1237 479 1302 Ill,
509 1240 613 1294 sub
645 1240 831 1295 ﬁnem.
866 1241 1131 1309 Superior
1175 1252 1295 1296 erat
1326 1242 1602 1309 omnibus,
1631 1242 1799 1298 etiam
1850 1242 1971 1312 ipso

391 1333 850 1400 protovcstiario.
888 1350 1087 1404 magno
1119 1335 1282 1400 duce,
1333 1351 1531 1405 magno
1558 1333 1885 1399 domestico,
1914 1341 1973 1387 ct

388 1423 633 1478 caeteris.

466 1512 995 1583 Πρωτοϐεστιάριος,
1030 1517 1489 1586 prolovesliarius.
1524 1516 1699 1587 llujtts
1733 1513 1969 1570 udicium

388 1607 470 1660 sic
501 1607 840 1669 describitur
875 1626 889 1665 :
922 1610 1269 1665 Ascendente
1301 1611 1469 1680 igitur
1504 1611 1836 1679 imperatore
1858 1649 1873 1672 ,
1913 1616 1972 1659 ut

388 1700 729 1755 declaratum
759 1712 866 1767 est,
899 1703 967 1757 ad
999 1704 1322 1768 oratorium,
1354 1702 1833 1773 protovestiarius,
1870 1700 1966 1769 qui

388 1792 662 1861 pilaticia,
699 1809 821 1863 quae
866 1795 1218 1864 imperatoris
1271 1804 1623 1865 prospectum
1666 1794 1965 1862 oblegunt.

2073 617 2238 659 causa
2290 598 2567 667 stipendia
2603 596 2755 651 facit.
2787 594 2944 664 Apud
2973 594 3218 651 Nicetam
3242 603 3297 650 et
3321 594 3649 666 φροντιστὴς

2074 700 2165 750 καὶ
2194 695 2467 763 λογιστὴς.
2510 690 2704 745 Valere
2738 699 2936 759 putant
2986 689 3154 752 idem,
3194 688 3343 758 quod
3381 693 3651 758 quaestor,

2073 795 2169 841 aut
2200 796 2452 855 receptor
2500 784 2819 855 generalis,
2870 793 2966 837 aut
3015 770 3177 851 quod
3220 780 3511 837 Germanis
3564 790 3652 836 est

2074 878 2122 933 Κ
2128 881 2564 933 ammcrmeister.
2588 879 2716 930 Inde
2736 876 2943 929 clarum
2968 874 3095 944 quis
3117 873 3647 944 μεγαλογαριάστης.

2143 969 2588 1037 ’Λποκρισιάριος
2617 1008 2632 1031 .
2685 967 3083 1036 apocrisiarius.
3136 965 3226 1021 Sic
3269 946 3648 1034 iurisconsulti

2072 1064 2242 1119 Grmci
2281 1077 2405 1116 eum
2439 1060 2750 1125 nominant,
2800 1060 2894 1129 qui
2951 1060 3325 1130 legationibus
3358 1058 3652 1129 audiendis

2074 1156 2489 1224 referendisque
2516 1155 2583 1208 ad
2620 1154 3033 1223 imperatorem,
3074 1163 3127 1206 et
3162 1152 3443 1222 reSponsis
3470 1150 3539 1205 ab
3583 1166 3652 1206 eo

2072 1249 2270 1303 dandis
2295 1252 2765 1305 eonstitutuscst.
3693 1306 3711 1328 '

2142 1338 2528 1409 Χαρτοφύλαξ,
2562 1337 2836 1408 prwfectus
2869 1336 3085 1391 chartis.
3116 1334 3220 1401 Qui
3250 1334 3462 1390 tabulas
3490 1333 3653 1389 habet

2074 1433 2411 1495 cbartaccas,
2449 1435 2516 1484 ad
2550 1431 2674 1501 jura
2714 1430 2966 1484 ecclesia:
3017 1428 3386 1497 pertinentes,
3434 1425 3655 1480 charta-

2074 1539 2194 1577 rum
2259 1532 2483 1585 custos,
2535 1521 2631 1591 qui
2684 1520 2970 1590 privilegia
3024 1528 3080 1573 et
3137 1518 3340 1573 similia
3383 1527 3649 1578 asservat,

2073 1615 2364 1685 praefectus
2397 1600 2754 1679 scriniorum,
2784 1613 2953 1682 judex
2992 1611 3135 1665 idem
3164 1625 3454 1664 causarum
3476 1608 3655 1663 eccle-

2073 1708 2443 1771 siasticarum,
2477 1715 2534 1759 et
2581 1703 2949 1775 quaestionum
3005 1700 3521 1761 matrimonialium,
3552 1700 3653 1752 de-

2076 1798 2261 1852 fensor
2286 1798 2343 1851 in
2375 1796 2705 1852 clericorum
2754 1795 2974 1857 causis,
3019 1792 3191 1848 veluti
3230 1806 3425 1845 manus
3452 1790 3651 1845 summi

388 1892 485 1937 aut
515 1895 731 1955 sceptra
773 1887 1063 1956 judicialia
1102 1897 1277 1953 tenet,
1314 1899 1373 1942 ut
1404 1888 1458 1941 in
1480 1887 1668 1947 .altum
1700 1886 1964 1941 subveCta

2080 1888 2381 1943 sacerdotis
2406 1888 2621 1942 dextra.
2661 1884 2819 1954 Hine
2835 1884 3011 1953 μέγας
3039 1880 3409 1953 χαρτοφύλαξ.

388 1985 541 2038 sunt,
571 1976 762 2031 dextra
817 1994 982 2032 manu
1041 1993 1140 2033 sua
1177 1979 1424 2034 cducens
1472 1994 1558 2040 ea,
1607 1993 1665 2043 e,
1699 1976 1966 2047 prother

389 2067 636 2120 ostendit
688 2068 912 2136 populo,
946 2069 1336 2125 demonstrans
1390 2071 1493 2124 hoc
1542 2071 1722 2138 signo,
1773 2066 1981 2123 ascen-'

389 2162 539 2217 disse
595 2164 981 2232 imperatorem
1038 2165 1091 2218 in
1144 2165 1471 2219 oratorium.
1530 2165 1632 2219 llic
1672 2172 1854 2217 autem
1909 2162 1966 2217 in

388 2257 657 2315 oratorio,
710 2255 753 2307 si
811 2255 1117 2323 imperator
1149 2269 1245 2309 aut
1285 2272 1446 2310 suum
1499 2256 1674 2325 ipsius
1706 2266 1963 2320 stemma,

388 2357 485 2400 attt
519 2345 747 2414 aliquod
797 2346 949 2401 aliud
997 2357 1282 2417 gestamen
1315 2364 1477 2402 suum
1511 2356 1830 2417 gestaturus
1859 2356 1965 2411 est,

390 2440 867 2508 protovestiarius,
901 2439 1166 2508 inquam,
1209 2440 1381 2495 sumit
1432 2440 1565 2493 illud
1619 2456 1649 2494 a
1695 2440 1969 2495 ministris

392 2532 658 2595 rucltarii,
690 2540 748 2583 et
778 2532 1103 2598 imperatori
1138 2530 1304 2583 tradit
1337 2552 1347 2585 :
1384 2547 1564 2602 neque
1597 2530 1650 2585 id
1697 2532 1875 2584 solum
1910 2530 1963 2584 in

391 2630 640 2691 tempore
671 2620 943 2691 ejusmodi
997 2622 1260 2675 festorum
1294 2623 1530 2686 dierum,
1576 2639 1766 2676 verum
1797 2625 1967 2677 etiam

389 2728 609 2782 semper
638 2714 712 2767 ita
745 2715 900 2770 facit.
964 2716 1020 2768 Id
1057 2730 1190 2769 vero
1225 2715 1392 2769 etiam
1431 2714 1716 2785 proprium
1771 2726 1826 2769 et
1854 2716 1969 2769 sin-

389 2807 575 2889 gulare
607 2808 793 2869 habet,
828 2808 974 2877 quod
1019 2809 1066 2862 si
1124 2808 1252 2877 quid
1300 2810 1545 2862 alienum
1599 2810 1819 2872 viderit,
1877 2816 1971 2861 aut

390 2898 590 2965 lutum,
629 2909 724 2952 aut
763 2901 894 2968 quid
933 2901 1081 2953 aliud
1124 2901 1190 2954 ad
1236 2901 1589 2969 imperatoris
1618 2914 1851 2966 vestem,
1878 2905 1972 2959 dc-

389 3006 603 3060 ponens
635 2992 726 3046 ille
766 2994 1085 3056 umbellam,
1124 3005 1219 3049 aut
1252 3004 1467 3061 tegmen
1500 2995 1699 3063 capitis
1732 2995 1841 3058 sui,
1878 3011 1973 3049 ex-

392 3092 541 3139 tenta
570 3100 734 3137 manu
770 3085 932 3150 tollit,
965 3100 1057 3139 aut
1087 3097 1287 3155 purgat
1314 3086 1451 3140 illud
1485 3102 1593 3140 non
1627 3096 1868 3156 rogatus.
1898 3086 1972 3141 lix

389 3177 652 3231 omnibus
683 3193 815 3231 vero
848 3179 970 3232 aliis
1012 3179 1359 3248 principibus
1394 3195 1556 3233 nemo
1588 3181 1970 3234 auctoritatem

393 3269 557 3324 habet
611 3266 847 3324 faeiendi
901 3271 1069 3334 istud,
1103 3270 1203 3324 sed
1246 3271 1337 3324 ille
1384 3273 1556 3326 solus.
1599 3270 1847 3326 Pilaticia
1889 3280 1974 3326 est

392 3378 534 3432 opus
566 3377 597 3416 e
631 3364 945 3435 margaritis
995 3378 1121 3419 cum
1173 3362 1414 3429 linthria,
1464 3364 1519 3416 in
1568 3364 1971 3433 longitudinem

393 3456 581 3508 minus
612 3454 910 3522 spithanta,
936 3454 991 3507 in
1026 3454 1378 3508 latitudinem
1407 3461 1590 3507 autem
1620 3456 1821 3523 palmo,
1851 3468 1974 3521 quae

393 3562 485 3600 rex
522 3547 805 3600 Medorum
837 3545 1106 3614 gestabat,
1135 3546 1494 3619 similiterque
1518 3545 1752 3615 iudices,
1776 3561 1971 3614 quem-

391 3639 691 3692 admodum
746 3638 877 3692 olim
955 3638 1130 3690 duces
1176 3637 1457 3691 exercitus
1505 3637 1795 3706 gestabant
1859 3645 1973 3689 tor-

390 3746 551 3800 ques,
592 3730 859 3784 honorem
895 3730 1141 3798 ipsorum
1173 3730 1636 3785 demonstrantes.
1665 3729 1738 3780 Τὸ
1777 3727 1973 3798 ροῠχςιν

392 3837 652 3890 suprema
683 3823 876 3886 vestis,
923 3820 1135 3888 Species
1183 3820 1351 3874 vestis
1380 3836 1409 3874 e
1440 3820 1731 3875 Germania
1774 3836 1975 3889 appor-

395 3928 530 3981 tata,
580 3915 727 3970 uttde
809 3914 1200 3969 Germanicum
1252 3930 1454 3968 nomen
1512 3914 1761 3978 retinuit,
1812 3912 1970 3968 Ilork.

396 4009 534 4062 lliuc
589 4010 907 4077 ρουχαρείον
976 4007 1295 4060 vestiarium
1354 4006 1578 4075 speciali
1657 4007 1881 4060 nomine
1941 4022 1971 4060 a

392 4088 720 4169 Guropalata
772 4099 1125 4169 appellatur,
1161 4100 1290 4168 quia
1351 4099 1517 4152 latius
1568 4107 1719 4168 patet
1771 4114 1971 4153 nomen

396 4188 637 4241 vestiarii
670 4190 815 4257 apud
846 4189 1185 4243 recentiores
1212 4188 1450 4241 Grtecos.

471 4279 937 4343 I‘rotovcstiarius,
971 4292 1026 4334 ut
1058 4296 1283 4351 agamus
1318 4279 1642 4344 dtlucidins,
1687 4281 1838 4350 regio
1886 4296 1973 4332 vc-

354 4362 359 4365 ’
394 4373 547 4428 s;itui
582 4383 838 4442 praeerat,
878 4374 1023 4442 quod
1057 4373 1219 4425 hodie
1252 4373 1721 4427 cubiculariorum
1756 4373 1975 4426 videtur

384 4480 621 4535 inuitus.
662 4464 814 4532 Saepe
866 4465 1030 4518 rebus
1081 4464 1300 4518 maximi
1337 4464 1600 4518 momenti
1637 4463 1974 4517 adhibeban-

2143 1982 2474 2051 Δομέστικος
2497 1982 2597 2051 τῆς
2622 1978 2922 2051 τραπέζης,
2956 1978 3185 2047 dapifer,
3222 1984 3318 2030 aut
3348 1973 3526 2030 simile
3550 1971 3653 2026 lia-

2073 2075 2210 2128 hens
2235 2073 2497 2139 ofﬁciunt,
2541 2083 2598 2127 ut
2629 2071 2902 2141 suspicor.

2140 2166 2536 2234 Δρουγγάριος,
2567 2163 2911 2232 drungarius.
2942 2159 3230 2231 Δρουγγὰς
3255 2175 3352 2213 seu
3388 2158 3653 2227 δρουγγλς

2071 2259 2353 2315 Orientale
2385 2273 2607 2321 nomen,
2635 2263 2841 2312 emtum
2870 2254 3157 2308 hominum
3189 2268 3294 2304 una
3329 2266 3653 2308 commean-

2076 2353 2210 2404 tium
2241 2349 2581 2419 signiﬁcans,
2624 2355 2680 2401 et
2727 2355 2908 2400 cretus
2953 2343 3100 2398 illius
3131 2343 3392 2412 princeps
3423 2351 3651 2394 voratur

2072 2446 2302 2513 dargon,
2347 2441 2431 2495 vel
2465 2440 2699 2509 dorgon.
2727 2453 2793 2490 ex
2826 2452 2938 2504 quo
2962 2433 3294 2502 drungarius
3324 2435 3462 2486 iacta
3486 2448 3654 2501 epen-

2077 2536 2219 2596 thesi
2253 2533 2347 2587 τοῦ
2379 2551 2406 2584 ν
2436 2547 2536 2602 pro
2571 2548 2605 2598 γ
2634 2529 2932 2600 geminato.
2976 2527 3212 2593 Quidam
3249 2536 3448 2579 vocant
3477 2525 3652 2578 tribu-

2073 2646 2204 2684 umn
2237 2628 2496 2681 militum.
2529 2626 2783 2692 Drungus
2814 2622 3038 2693 globum
3071 2619 3363 2691 signiﬁcat,
3391 2606 3483 2682 dait
3512 2618 3654 2671 'l‘ttr-

2074 2721 2273 2775 nebius
2293 2720 2434 2773 libro
2451 2718 2715 2772 vicesimo
2736 2725 2936 2784 quarto
2950 2715 3131 2783 capite
3150 2712 3411 2769 vicesimo
3433 2712 3650 2781 quinto.

2076 2812 2341 2882 Vopiscus
2378 2812 2432 2865 in
2469 2810 2652 2864 Probo
2686 2806 3116 2876 :Triumphavit
3141 2805 3233 2873 ,de
3269 2804 3558 2861 Germanis
3597 2814 3652 2868 et

2078 2906 2321 2969 Blcmiis,
2348 2904 2594 2959 omnium
2623 2904 2867 2972 gentium
2892 2900 3160 2967 drungos,
3199 2914 3373 2968 usque
3395 2899 3461 2952 ad
3486 2898 3650 2965 quin-

2075 2999 2333 3067 genarios
2367 2996 2625 3050 homines
2664 3004 2790 3048 ante
2822 2991 3160 3059 triumphum
3189 2990 3365 3044 duxit.
3393 2990 3651 3060 Vegetius

2077 3093 2222 3148 libro
2255 3090 2419 3144 tertio
2447 3088 2628 3157 capite
2677 3086 2897 3140 decimo
2927 3095 3082 3137 sexto
3111 3103 3127 3135 :
3154 3084 3306 3139 Scire
3333 3082 3496 3137 debet
3540 3084 3677 3141 dux,

2081 3184 2344 3247 hostium,
2397 3192 2591 3236 contra
2642 3194 2782 3249 quos
2832 3178 3076 3247 drungos
3133 3177 3295 3243 (male
3347 3176 3650 3245 scriptum,

2029 3271 2044 3289 ⁴
2079 3276 2326 3343 drtmos),
2350 3275 2453 3327 hoe
2470 3282 2575 3335 est,
2599 3272 2789 3342 globos
2811 3271 3077 3335 hostium,
3102 3285 3244 3339 quos
3265 3269 3477 3339 equites
3493 3284 3648 3338 opor-

2080 3376 2190 3422 teat
2220 3380 2444 3435 ponere.
2498 3364 2636 3417 llinc
2692 3362 3038 3433 Drungarius
3080 3362 3262 3432 biglaa,
3314 3360 3654 3430 Drungarius

2075 3460 2289 3522 classis,
2338 3459 2433 3528 qui
2508 3467 2752 3528 praesunt
2791 3456 3249 3527 globis,vigilum
3319 3463 3375 3508 et
3427 3454 3654 3518 classia-

2077 3553 2308 3609 riorum.

2153 3647 2224 3699 lle
2258 3645 2362 3698 hac
2388 3658 2523 3699 voce
2553 3641 2921 3698 Leunclavius
2956 3643 3007 3697 in
3038 3641 3301 3696 Pandecte
3323 3640 3392 3694 ad
3414 3637 3654 3694 Annales

2079 3736 2322 3790 Turcicos
2353 3751 2370 3788 :
2405 3734 2557 3797 Dico,
2591 3733 2789 3788 Turcis
2834 3732 3121 3799 Agclarios
3150 3746 3272 3785 esse
3318 3746 3414 3785 sua
3446 3731 3651 3791 linatta,

2076 3830 2170 3898 qtti
2196 3827 2402 3882 Graecis
2428 3836 2587 3880 erant
2622 3827 2702 3879 vel
2738 3826 3056 3896 Drungarii,
3103 3825 3190 3878 vel
3228 3822 3516 3876 Druncarii
3551 3837 3651 3891 po-

2079 3924 2210 3976 tius.
2240 3923 2348 3975 Eos
2374 3921 2483 3975 Leo
2511 3922 2743 3989 Sapiens
2769 3923 3049 3989 Augustus
3070 3920 3124 3974 in
3154 3919 3299 3972 libro
3322 3934 3424 3972 suo
3454 3916 3525 3967 De
3554 3932 3655 3984 ap-
3714 3918 3731 3928 ‘

2077 4013 2346 4085 paratibus
2372 4012 2589 4073 bellicis,
2629 4011 2810 4079 capite
2831 4010 2884 4075 5,
2912 4026 3065 4062 num.
3103 4008 3196 4072 42,
3245 4007 3314 4060 45
3340 4048 3356 4072 ,
3388 4006 3457 4060 45
3478 4045 3493 4070 ,
3522 4006 3650 4058 olim

2075 4104 2256 4157 dictos
2308 4103 2477 4157 fuisse
2530 4101 2696 4154 tradit
2754 4099 3131 4162 chiliarcltos,
3182 4098 3329 4167 quod
3384 4098 3651 4151 militibus

2074 4195 2229 4247 mille
2265 4201 2564 4263 prmessent
2596 4209 2609 4245 :
2642 4200 2698 4244 et
2722 4191 2994 4244 druncum
3032 4188 3434 4242 chiliarchiam.
3464 4188 3651 4242 Latini

2078 4286 2413 4339 thiliatchos
2440 4282 2709 4337 vocabant
2748 4281 3023 4346 tribunos,
3070 4281 3160 4348 qui
3210 4296 3357 4334 nunc
3396 4279 3652 4335 ευὶυιιιιιιί

2076 4389 2225 4433 sunt.
2264 4377 2539 4431 Druucutn
2563 4375 2668 4442 (sic
2696 4374 2843 4428 enim
2873 4374 3265 4441 pronuntiabat
3299 4373 3534 4442 Zygnma
3560 4389 3645 4437 as,

2078 4479 2134 4521 et
2162 4469 2548 4526 drnncarium,
2609 4479 2717 4517 non
2761 4466 3034 4533 drungum
3065 4502 3080 4527 ,
3125 4464 3207 4517 vel
3271 4464 3653 4532 drungat'iutn,

399 4574 510 4621 tur,
545 4570 601 4613 et
636 4574 719 4611 res
746 4573 841 4626 per
875 4572 970 4611 eos
1001 4573 1109 4610 non
1139 4556 1393 4626 vulgares
1426 4556 1782 4625 gerebantur,
1821 4565 1881 4609 ut
1915 4557 1967 4607 in

2080 4562 2223 4631 quod
2268 4561 2431 4628 vulgo
2469 4558 2582 4612 ﬁeri
2622 4557 2785 4625 solet)
2838 4557 2917 4611 sic
2967 4558 3302 4625 appellatum
3351 4556 3655 4610 arbitrora

398 4651 686 4720 Lecapcno
745 4658 803 4703 et
854 4648 1038 4703 Leone
1084 4647 1268 4703 Basilii
1302 4648 1413 4701 ﬁlio
1466 4647 1611 4716 apud
1658 4648 1970 4702 Cedrenum

400 4745 588 4797 videre
620 4753 723 4797 est.
768 4742 824 4795 lu
873 4742 1278 4806 Constantino,
1331 4741 1562 4795 Romani
1620 4741 1729 4793 lilio
1784 4749 1971 4808 proto-

399 4835 647 4891 Vesttarii
679 4834 918 4905 dignitas
953 4835 1201 4904 proxima
1234 4850 1262 4888 a
1297 4835 1598 4889 domestico
1638 4832 1972 4893 scholarum,

396 4941 455 4986 et
482 4929 823 4992 accubitorc,
849 4927 1007 4995 bigla:
1035 4927 1337 4998 drungario
1354 4927 1609 4996 superior
1636 4923 1971 4979 ostenditur.

396 5022 612 5087 inveni,
639 5023 733 5092 qtti
763 5022 1054 5084 scriberet,
1107 5019 1596 5090 protovestiarium
1647 5018 1816 5071 fuisse
1851 5015 1975 5069 the-

395 5112 727 5177 saurariutn,
784 5126 882 5166 seu
917 5112 1178 5165 thesauro
1212 5110 1558 5180 praefectum,
1589 5110 1719 5178 quia
1753 5105 1975 5178 βεστιὰ-

398 5223 515 5277 ριον
540 5205 793 5258 aerarium
832 5212 1081 5266 vocetur,
1126 5220 1221 5257 seu
1261 5202 1505 5257 thesauri
1560 5201 1970 5269 repositorium,

395 5299 664 5368 ταμιεῖον.
698 5297 852 5363 Quod
890 5312 991 5368 ego
1017 5296 1240 5367 quidem
1272 5297 1325 5350 itt
1378 5296 1563 5365 aliquo
1594 5295 1680 5347 vel
1725 5302 1972 5352 auctore,

397 5392 483 5445 vel
510 5389 775 5460 glassario
807 5392 1049 5443 nomium
1084 5390 1212 5459 legi.

469 5483 860 5552 Δικαιοφύὶαξ.
889 5485 968 5537 Ad
1004 5484 1235 5537 verbum
1264 5523 1278 5546 ,
1333 5492 1505 5535 custos
1541 5480 1713 5548 legunt
1739 5490 1787 5532 et
1810 5479 1974 5549 juris,

395 5574 467 5630 de
498 5590 609 5643 quo
637 5576 959 5645 magistratu
996 5573 1136 5628 nihil
1179 5574 1345 5628 habet
1373 5572 1722 5641 CurOpalata.

468 5668 1253 5743 Aoyapzdorm,’logariastcs.
1286 5669 1327 5719 A
1364 5664 1704 5733 Curopalata
1732 5662 1976 5724 additur.

397 5762 496 5832 τῆς
524 5742 717 5831 αὐλῆς,
747 5761 906 5825 aulae,
940 5777 1038 5816 seu
1066 5742 1277 5830 palatii.
1312 5758 1580 5812 [lationes
1604 5756 1706 5812 init
1728 5757 1974 5811 omnium

397 5854 868 5925 stipendiatorum
902 5855 995 5925 qui
1028 5855 1085 5909 in
1117 5854 1240 5908 aula
1272 5860 1425 5916 sunt,
1462 5851 1506 5905 si
1536 5850 1668 5921 quid
1696 5851 1852 5906 deest
1879 5851 1976 5905 ulli

2080 4666 2297 4716 trunco,
2339 4655 2452 4706 sive.
2488 4650 2706 4712 baculo,
2739 4651 2854 4704 sive
2889 4662 3108 4719 sceptro
3142 4668 3155 4703 :
3189 4649 3653 4720 quemadmodum

2078 4748 2354 4814 hodieque
2405 4746 2773 4814 regitncutum
2814 4758 3077 4797 vocamus
3106 4752 3214 4796 tam
3248 4743 3422 4815 ipsius
3446 4742 3653 4798 tribuni

2080 4838 2332 4903 bacultun
2388 4838 2576 4902 (vitem
2625 4835 2815 4889 dixere
2868 4845 3001 4904 puto
3049 4834 3298 4899 Romani)
3342 4850 3507 4903 quem
3552 4850 3653 4889 ceu

2070 4933 2431 5000 magistratus
2458 4930 2672 4997 insigne
2702 4935 2898 4998 gestat.
2929 4943 3094 4996 quant
3137 4928 3292 4980 illum
3345 4928 3654 4998 signorum,

2085 5028 2431 5093 miiitutnqne
2468 5037 2781 5081 numerum.
2812 5021 2905 5090 qui
2938 5020 3006 5074 ad
3030 5019 3480 5074 constituendum
3515 5021 3657 5087 regi~

2081 5130 2325 5171 mentutn
2354 5116 2678 5187 requiritur.
2712 5113 2954 5181 Ideoque
2990 5113 3237 5166 druncus
3265 5120 3349 5165 cst
3378 5111 3656 5181 regimen-

2083 5219 2195 5260 tum
2230 5206 2466 5260 militum
2493 5244 2507 5267 ,
2552 5204 2709 5271 cuius
2761 5212 2928 5271 caput
2981 5211 3063 5255 est
3117 5202 3486 5274 druncarius,
3522 5202 3656 5254 olim

2084 5298 2360 5361 tribunus,
2396 5290 2921 5359 nunc’coloncllus,
2970 5304 3066 5347 aut
3112 5293 3404 5362 regimenti
3458 5293 3655 5363 praefe-

2080 5398 2222 5443 ctus.

2161 5484 2349 5549 Μέγας
2393 5483 2770 5550 ἐταιριὰρχης,
2792 5493 3027 5548 magnus
3055 5475 3359 5529 sodalitatis
3389 5477 3651 5544 princeps.

2083 5582 2387 5646 Antequam
2413 5592 2442 5629 e
2470 5575 2606 5629 cella
2636 5590 2731 5627 sua
2754 5574 3062 5650 imperator
3082 5579 3261 5630 exeat.
3292 5569 3667 5639 protovestia-v

2082 5672 2217 5724 rites
2252 5669 2409 5721 adest
2440 5654 2491 5720 in
2527 5666 2765 5720 triclinio
2796 5679 2921 5719 cum
2959 5677 3155 5733 magno
3190 5660 3552 5715 hetaeriarcha
3599 5668 3657 5713 et

2084 5760 2404 5832 primicerio
2448 5759 2606 5812 aulae.
2656 5759 2955 5825 Postquam
3005 5772 3133 5809 vero
3166 5770 3423 5823 egressus
3460 5756 3564 5818 est,
3601 5763 3657 5808 et

2081 5851 2331 5906 constitit
2369 5852 2690 5919 imperator,
2729 5847 3023 5917 egrediens
3058 5846 3534 5917 protovcstiarites
3560 5860 3655 5899 ac—
