4012 6604
389 434 455 499 ll
1559 435 2104 497 IIlSTORIAliUM
2144 435 2378 496 LIBER
2423 436 2468 496 l.
3571 440 3650 504 42

391 552 558 608 cersit
619 552 1072 608 honoratissimos
1109 549 1388 621 principes
1433 551 1498 604 ad
1555 551 2032 611 circumstatio-A
2129 547 2482 616 Μέγαςδοὺξ.
2530 565 2754 620 magnus
2815 549 2945 605 dum.
2993 549 3471 618 Quemadmodum
3525 569 3646 608 ma-

394 661 539 699 nem.
571 645 711 716 Lege
740 654 960 708 caetera,
996 653 1052 700 et
1090 642 1250 697 infra.
1284 643 1384 698 llic
1411 657 1541 698 vero
1560 645 1766 713 excipit
1799 645 1964 698 etiam

392 738 648 807 perfugas
679 737 1036 793 advenientes
1079 753 1146 793 ex
1189 739 1335 792 omni
1368 747 1546 806 parte,
1578 753 1643 792 ac
1674 725 1972 808 propterea

390 833 555 885 etiam
591 831 981 886 hetaeriarches
1011 825 1518 895 nominatur,velut
1544 830 1825 902 ἑταίρους,
1847 831 1966 886 sive

391 924 606 976 atnicos
635 921 942 990 excipiens.

468 1016 765 1085 Ιιαράγγοι,
799 1015 1047 1086 barangi.
1104 1015 1158 1069 ln
1206 1016 1344 1070 festo
1375 1014 1648 1070 Occursus
1678 1013 1966 1084 (Purilica-

399 1107 584 1175 tionis)
621 1105 853 1161 discedit
895 1091 1192 1175 imperator
1251 1109 1305 1160 in
1365 1107 1790 1160 Blachernarnm
1829 1114 1966 1158 tem-

395 1200 566 1268 plum,
597 1199 850 1271 barangis
883 1215 1102 1268 quoque
1133 1200 1518 1268 sequentibus.
1547 1201 1722 1268 Atque
1759 1197 1812 1250 hi
1844 1199 1966 1265 qui-

290 1344 293 1349 .
392 1294 516 1345 dem
563 1295 765 1361 ubique
813 1293 1198 1362 imperatorem
1242 1292 1582 1361 equitantem
1615 1305 1964 1359 prosequun-

394 1396 505 1449 tur,
563 1384 804 1440 ferentes
843 1385 1093 1440 humeris
1132 1398 1359 1439 secures
1412 1399 1561 1438 suas.
1619 1381 1789 1437 Erant
1834 1397 1964 1452 ergo

391 1478 672 1543 custodes,
707 1478 998 1542 satellites,
1031 1485 1125 1532 aut
1164 1478 1460 1547 Stipatores
1496 1477 1846 1546 imperatoris
1885 1474 1967 1528 bi-

396 1569 710 1640 penniferi;
763 1585 957 1626 eorum
1005 1569 1300 1641 praefectus
1347 1577 1476 1624 ante
1509 1567 1634 1623 illos
1672 1567 1965 1637 Imperato-

395 1679 505 1718 rem
549 1663 903 1734 sequebatur,
933 1673 990 1718 et
1023 1662 1148 1718 ideo
1174 1662 1465 1724 ἀκόλουθος
1491 1657 1798 1730 dicebatur.

464 1757 794 1826 ῐιιγκέρνης,
825 1757 1100 1826 ρὶηεενηα,
1146 1769 1176 1809 a
1210 1753 1440 1824 poculis.
1471 1751 1627 1820 Quod
1656 1755 1697 1809 si
1727 1752 1964 1822 impera-

392 1859 563 1900 torem
607 1854 827 1916 oportet
866 1845 1080 1909 bibere,
1133 1845 1393 1914 pincerna
1447 1845 1724 1898 ministrat
1751 1841 1884 1898 illud
1947 1861 1960 1896 :

390 1953 454 1991 ac
506 1954 614 1991 non
650 1937 849 1992 diebus
879 1936 1034 1991 festis
1062 1937 1261 2002 solum,
1311 1951 1503 1991 verum
1545 1937 1709 1991 etiam
1743 1951 1962 2006 semper

393 2026 727 2096 imperatore
755 2025 940 2080 cibum
965 2036 1218 2081 sumente
1252 2027 1471 2091 miscet,
1505 2025 1550 2080 si
1584 2040 1826 2096 praesens
1855 2035 1960 2080 est.

393 2117 471 2171 Ac
502 2127 683 2170 vetere
719 2115 944 2185 quidem
995 2131 1148 2171 more
1182 2115 1272 2170 hic
1299 2125 1456 2170 extra
1487 2115 1764 2171 civitatem
1794 2117 1984 2190 impe-l

394 2217 638 2262 ratorem
686 2223 923 2276 sequens
975 2207 1190 2261 ferebat
1241 2207 1501 2276 poculum
1544 2217 1842 2276 castrense,
1875 2224 1967 2263 ca-

399 2309 523 2354 tena
575 2298 822 2352 vinctum
869 2314 886 2355 :
941 2305 1002 2352 ut
1031 2297 1078 2351 si
1125 2311 1249 2352 cum
1296 2312 1438 2368 opus
1477 2309 1625 2354 esset
1655 2299 1865 2366 bibere,
1899 2316 1962 2355 ex

397 2393 568 2456 fonte,
612 2401 708 2445 aut
735 2389 902 2444 ﬂuvio
933 2390 1109 2454 daret,
1142 2404 1208 2444 ac
1248 2389 1483 2444 biberet.
1522 2389 1639 2446 Hoc
1691 2402 1875 2447 autem
1908 2393 1963 2447 in

393 2482 681 2552 praesentia
709 2496 818 2536 non
853 2481 934 2535 ﬁt.

469 2573 532 2627 '0
564 2575 653 2625 ἐπὶ
676 2574 775 2642 τῆς
798 2574 1100 2646 τραπέζης.
1127 2591 1316 2630 mensa:
1345 2575 1640 2647 prmfeclus.
1676 2575 1966 2632 Servicbat

393 2656 917 2734 etiamimperatori
968 2666 1036 2719 ad
1092 2679 1360 2720 mensam.
1417 2666 1704 2722 Praebebat
1735 2667 1961 2722 missum

393 2771 625 2827 magnus
685 2757 1028 2812 domesticus
1095 2757 1310 2827 primus
1360 2758 1608 2828 proxime
1666 2759 1966 2829 imperato-

393 2864 508 2903 rem
543 2864 558 2902 :
594 2856 715 2918 post
762 2865 888 2904 eum
919 2849 1257 2906 domesticus
1291 2866 1528 2916 mensas;
1569 2863 1624 2906 et
1663 2860 1787 2922 post
1818 2852 1966 2907 hunc

387 2941 684 3012 praefectus
729 2957 960 3010 mensae,
991 2949 1068 2997 .ct
1118 2958 1241 3013 qua:
1273 2941 1417 3012 apud
1457 2941 1844 3013 Curopalatam
1874 2958 1963 2999 se-

393 3045 661 3104 quuntur.

464 3126 792 3195 Δομέστικος
821 3125 1078 3197 θεμάτων
1099 3127 1392 3196 ἑσπερίων,
1417 3127 1732 3184 domesticus
1761 3133 1966 3185 thema-

2069 657 2210 712 guus
2242 641 2579 697 domesticus
2607 643 2884 715 princeps,
2915 654 2973 703 οι
3014 653 3179 714 caput
3210 644 3279 700 ad
3320 645 3639 701 universum

2070 737 2328 790 fossatum
2360 733 2512 804 (quid
2541 735 2613 791 sit
2643 735 2919 805 fossatum,
2939 753 3042 792 suo
3072 738 3194 793 loco
3221 737 3636 808 explicabitur),

2069 827 2149 881 sic
2178 828 2344 881 etiam
2381 826 2470 882 hic
2503 826 2570 880 ad
2613 827 2930 882 universum
2971 844 3141 884 mare.
3177 830 3256 884 Ac
3288 830 3475 885 caeteri
3513 829 3640 900 qui-

2068 919 2192 974 dem
2224 919 2502 989 principes
2531 919 2656 974 aliis
2689 920 2856 974 rebus
2889 921 3150 988 instituti,
3179 931 3239 976 ut
3269 923 3469 993 capita,
3499 937 3639 992 pra:-

2068 1017 2254 1068 ferunt
2318 1023 2648 1067 consuetum
2721 1012 3072 1083 imperatoris
3134 1013 3488 1082 ﬂammeum,
3542 1025 3642 1070 aut

2067 1106 2342 1160 exercitus
2377 1105 2691 1159 ﬂammeum
2720 1119 2844 1160 cum
2875 1105 3060 1176 ignitis
3095 1105 3242 1162 telis.
3272 1107 3501 1177 Magnus
3528 1107 3642 1161 dux

2068 1207 2288 1251 contum
2320 1198 2546 1266 praefert
2571 1197 2926 1266 imperatoris
2948 1197 3242 1252 insidentis
3263 1215 3428 1268 equo.
3465 1199 3643 1255 Habet

2067 1299 2250 1343 autem
2281 1289 2559 1358 subjectos
2591 1289 2696 1343 sibi
2739 1303 2998 1359 maguum
3030 1289 3389 1359 drungarium
3426 1290 3638 1352 classis.

2067 1381 2411 1448 ameralium,
2465 1389 2572 1436 etc.
2636 1381 2770 1436 Vide
2835 1379 3243 1452 Cnropalatam,
3291 1388 3346 1437 et
3398 1381 3643 1439 scholia-

2068 1487 2212 1528 sten.

2138 1563 2620 1636 Πρωτοσέὸαστος,
2655 1565 3070 1636 primaugustus.
3127 1563 3349 1619 Nullum
3390 1565 3642 1620 ministe-

2067 1656 2209 1712 rium
2245 1655 2434 1721 habet,
2465 1658 2592 1726 quia
2621 1672 2730 1712 non
2759 1656 2972 1712 functio
3002 1667 3087 1713 est
3119 1657 3326 1728 palatio
3355 1657 3639 1714 militans:

2065 1749 2160 1804 sed
2219 1748 2454 1819 dignitas
2495 1749 2810 1815 honoraria,
2851 1764 3016 1819 quam
3051 1765 3162 1804 non
3213 1750 3503 1806 ministerii
3546 1761 3645 1806 aut

2068 1839 2281 1896 ordinis
2308 1843 2608 1898 necessitas
2637 1841 2788 1906 facit,
2821 1841 2922 1897 sed
2951 1842 3306 1913 imperatoris
3335 1842 3578 1895 εὐδοκία.

2157 1933 2348 2000 Μέγας
2419 1927 2867 2015 χαξρτουὶάριοςηζ
2957 1918 3182 2004 magnus
3259 1934 3642 1988 chartularius.

2071 2022 2285 2093 Equum
2313 2025 2662 2094 imperatoris
2691 2041 2720 2079 a
2743 2033 3143 2096 protostratore
3159 2034 3506 2096 susceptum,
3531 2035 3641 2080 etc.

2071 2116 2207 2171 Vide
2275 2132 2399 2186 quas
2473 2131 2635 2187 supra
2700 2117 2755 2171 in
2823 2125 3224 2188 protostratore
3280 2117 3428 2174 dicta
3491 2128 3642 2174 sunt.

2075 2205 2431 2262 Stallmeister
2461 2207 2754 2264 Germanis
2797 2209 2906 2264 dici
2941 2219 3099 2279 putat
3145 2211 3490 2267 scholiastcs.
3540 2209 3647 2266 Zo-

2074 2313 2236 2354 naras
2261 2298 2317 2353 in
2357 2297 2541 2354 Leone
2573 2300 2785 2366 lsauro,
2831 2309 2982 2355 tomo
3013 2301 3178 2356 tertio
3208 2299 3502 2355 Annalium
3537 2316 3640 2372 po-

2074 2390 2403 2448 sterioribus
2436 2391 2782 2462 temporibus
2806 2392 2899 2446 τὸν
2925 2391 3036 2446 τῶν
3067 2391 3366 2462 βασιλικῶν
3411 2393 3642 2447 ἱπποκό-

2076 2500 2192 2551 μων
2221 2483 2619 2538 ἐπιστατοῦντα
2647 2483 2981 2553 appellatum
3024 2485 3213 2542 tradit.
3547 2471 3554 2481 i

2145 2576 2510 2647 Πριμικήριος
2576 2577 2784 2648 αὐλῆς,
2859 2577 3001 2633 aula:
3053 2581 3400 2648 primicerius.
3464 2578 3644 2635 Habet

2072 2669 2294 2741 quidem
2322 2670 2376 2724 in
2406 2669 2860 2730 circumstatione
2911 2669 3475 2739 administrationem,
3509 2688 3646 2743 quso

2069 2752 2178 2818 lem
2211 2773 2340 2818 ante
2378 2762 2642 2826 diximus,
2670 2761 2864 2816 ordine
2893 2776 3026 2816 vero
3047 2762 3282 2819 collocat
3311 2765 3479 2818 etiam
3523 2779 3646 2819 omo

2072 2868 2170 2912 nes
2217 2853 2316 2922 qui
2367 2852 2424 2907 in
2488 2853 2611 2908 aula
2656 2863 2807 2908 sunt.
2853 2851 2921 2908 Ut
2987 2853 3135 2908 enim
3175 2854 3428 2925 princeps
3481 2869 3645 2910 suum

2072 2947 2306 3018 quisque
2330 2956 2386 3000 et
2415 2947 2776 3002 constitutum
2823 2945 3005 3002 locum
3061 2947 3130 3002 ad
3176 2947 3644 3004 circumstaudum

2073 3038 2241 3094 habet
2271 3055 2286 3093 :
2325 3038 2406 3093 sic
2430 3038 2596 3092 etiam
2633 3038 2860 3094 ordines
2891 3039 2987 3108 qui
3023 3039 3078 3094 in
3102 3038 3228 3094 aula
3259 3047 3410 3106 sunt,
3441 3040 3645 3112 singuli

2073 3129 2356 3201 proprium
2388 3144 2550 3184 suum
2577 3129 2762 3184 locum
2791 3121 3071 3186 obtinent;

394 3226 506 3271 tum
559 3217 985 3273 occidentalium.
1041 3219 1173 3286 Quae
1228 3217 1460 3275 ﬂorente
1504 3221 1688 3277 adhuc
1731 3222 1966 3292 imperio
1995 3252 2037 3310 ο
2142 3221 2594 3295 Πρωτοκυνηγός,
2617 3231 2926 3277 venatorum
2967 3224 3229 3295 princeps,
3253 3223 3643 3296 jtigermeister.

395 3306 642 3362 Romano
672 3307 948 3378 τάγματα,
973 3307 1090 3364 sive
1121 3307 1369 3379 legiones
1392 3309 1577 3375 dictat,
1615 3311 1966 3380 postmodum

397 3399 685 3454 imminuta
734 3397 968 3454 lleraclii
1017 3399 1360 3469 temporibus
1417 3400 1664 3456 Romana
1694 3404 1964 3473 potentia,

393 3500 451 3545 et
484 3501 741 3547 truncato
790 3491 1025 3562 imperio
1067 3490 1322 3562 Θεμάτων
1361 3508 1562 3549 nomen
1608 3508 1963 3566 acceperunt,

395 3593 648 3639 carentes
665 3585 780 3656 jam
808 3585 982 3641 veteri
1011 3585 1377 3655 amplitudine
1402 3601 1524 3643 sua.
1553 3587 1690 3644 Vide
1716 3588 1964 3645 libellum

393 3675 737 3732 Constantini
769 3677 1303 3748 Porphyrogennetae
1329 3679 1397 3734 de
1427 3679 1806 3748 Thematibus,
1848 3682 1964 3738 sive

395 3768 464 3824 de
503 3769 824 3840 agminibus
871 3770 1204 3826 militaribus
1234 3787 1334 3841 per
1368 3773 1661 3842 imperium
1695 3774 1964 3830 orientale

395 3861 728 3919 distributis.
781 3861 884 3917 Hic
923 3862 1216 3932 praefectus
1255 3863 1635 3933 hujuscemodi
1682 3867 1963 3936 agminum

397 3970 496 4024 per
558 3955 872 4011 Occidentis
937 3956 1108 4013 urbes
1173 3957 1598 4013 distributorum
1653 3957 1966 4027 intelligen-

395 4045 500 4099 dus
533 4056 639 4102 est.
1501 4063 1510 4070 ‘

463 4141 648 4209 Μέγας
669 4140 968 4212 διοικητὴς,
997 4157 1221 4212 magnus
1250 4142 1675 4210 administrator,
1702 4145 1808 4197 sive
1840 4157 1968 4212 pra-

393 4240 625 4286 curator.
667 4232 815 4286 Nihil
849 4233 916 4286 de
953 4233 1059 4288 hoc
1083 4234 1436 4304 Curopalata.

2073 3315 2408 3386 lmperatore
2436 3313 2849 3370 ‘conscendente
2877 3330 3081 3386 equum
3134 3331 3300 3372 nemo
3336 3317 3480 3372 alius
3501 3331 3644 3387 pra:-

2075 3417 2160 3463 ter
2214 3409 2361 3463 [nunc
2400 3407 2633 3477 stapiam
2672 3416 2822 3462 tenet
2861 3422 2987 3463 cum
3033 3423 3274 3478 praesens
3303 3419 3407 3465 est.
3441 3393 3645 3466 Praeest

2076 3514 2206 3557 vero
2233 3499 2305 3555 iis
2336 3499 2718 3566 venatoribus,
2763 3499 2860 3571 qui
2899 3509 3188 3557 curatores
3214 3515 3416 3557 canum
3455 3500 3644 3572 appel-

2073 3593 2279 3649 lantur.
2322 3592 2481 3660 Quod
2509 3593 2556 3648 si
2592 3593 2815 3663 quando
2856 3593 3235 3664 imperatoris,
3287 3608 3415 3658 cum
3462 3592 3518 3648 in
3549 3609 3642 3649 ve-

2071 3681 2298 3739 natione
2357 3691 2460 3752 est,
2530 3693 2738 3738 vestem
2791 3683 3032 3754 aliquam
3086 3682 3353 3754 sanguine
3421 3684 3639 3754 aspergi

2073 3776 2407 3846 contigerit,
2464 3791 2586 3832 eam
2653 3775 2744 3832 hic
2792 3785 3021 3832 venator
3087 3775 3287 3846 accipit
3336 3788 3402 3831 ex
3463 3774 3642 3831 bene-

2074 3867 2220 3924 ficio.

2143 3957 2402 4028 Πραίτωρ
2440 3959 2636 4028 δήμου,
2698 3968 2897 4029 prazlor
2931 3959 3133 4029 populi.
3167 3957 3384 4015 Nullan
3411 3955 3646 4014 admini-

2073 4049 2394 4104 strationem
2418 4049 2585 4105 habet
2628 4052 2684 4106 in
2707 4051 2852 4124 {aula
2882 4050 3145 4121 palatina,
3179 4049 3276 4106 sed
3302 4049 3358 4105 in
3398 4048 3559 4115 urbe,
3585 4056 3645 4107 et

2074 4141 2338 4196 urbanam
2364 4143 2564 4200 solum.

415 4429 466 4447 5
481 4435 1616 4449 WO"—*

1785 4595 2251 4677 LECTORI.

472 4762 628 4818 Nilus
657 4774 704 4820 et
735 4763 1103 4820 Christodulus
1136 4765 1263 4832 ﬁcta
1293 4767 1507 4819 nomina
1540 4774 1688 4828 sunt,
1736 4763 1918 4832 qualia
1951 4762 2094 4831 apud
2140 4772 2332 4816 ueteres
2364 4763 2417 4814 in
2475 4759 2699 4830 dialogis
2741 4766 2792 4810 et
2834 4758 3068 4826 epistolis
3105 4760 3357 4829 plurima.
3392 4761 3644 4816 Christo-

397 4856 552 4909 dulus
579 4846 714 4909 mihi
749 4856 1148 4911 Cantacuzenus
1177 4868 1278 4924 est,
1330 4867 1508 4928 utpote
1562 4859 1650 4927 qui
1699 4856 1844 4909 curis
1897 4855 2192 4909 illustribus
2236 4855 2538 4924 defunctus,
2573 4854 2907 4929 decyrsisque
2949 4855 3067 4906 vita:
3097 4855 3352 4921 palatina:
3379 4854 3645 4921 maleﬁciis

397 4952 696 5018 honoribus,
737 4953 945 5007 Christo
983 4955 1184 5020 sibique
1215 4955 1268 5007 in
1303 4962 1571 5022 posterum
1601 4953 1790 5006 vaca’re
1819 4961 2085 5012 statuens,
2117 4950 2344 5004 nobilem
2379 4949 2532 5002 illam
2569 4950 2874 5003 servitutem
2905 4949 3182 5019 amplexus
3218 4960 3314 5014 cst,
3345 4965 3462 5018 qua:
3493 4965 3642 5003 mera

401 5046 502 5098 uiri
535 5047 789 5114 sapientis
833 5047 1048 5102 libertas
1077 5046 1256 5100 haberi
1295 5047 1461 5101 debet.
1505 5045 1683 5110 Nilus,
1721 5064 1752 5099 a
1787 5060 1889 5114 quo
1917 5060 1972 5097 se
2005 5044 2076 5097 ad
2122 5042 2453 5098 scribendum
2487 5041 2689 5112 impelli
2725 5041 2904 5113 ﬁngit,
2941 5042 3184 5096 monachi
3219 5057 3429 5107 nomen,
3457 5048 3514 5093 nl
3539 5044 3650 5098 cui-

400 5138 476 5190 uis
515 5137 719 5191 obvium
758 5147 854 5190 est.

1976 5267 2049 5276 -——

761 5389 932 5478 ΝΕιρ
942 5390 1032 5441 ΟΣ
1069 5390 1194 5442 ΧΡΙ
1195 5390 1240 5442 Σ
1249 5387 1371 5442 ΤΟΔ
1383 5386 1583 5455 ΟΥΛῼ.

2419 5387 2462 5454 ι
2499 5381 2712 5440 NILUS
2748 5375 3236 5438 CHRISTODULO
3271 5375 3331 5433 S.
3645 5437 3686 5478 .

481 5499 701 5571 Ἐπειδὴ
739 5516 797 5553 σε
827 5500 1110 5571 βούλεσθαι
1161 5497 1280 5554 οἶδα
1317 5499 1484 5569 μηδὲν
1515 5498 1625 5552 τῶν
1685 5499 1974 5570 ἡμετέρων

402 5597 641 5664 ἀγνοεῖν,
680 5596 727 5648 εἰ
759 5595 852 5648 καὶ
909 5595 1075 5666 μηδὲν
1113 5611 1165 5647 τι
1212 5597 1459 5661 γενναῖον
1506 5593 1723 5663 ἔχοιμεν
1771 5592 1972 5660 λέγειν,

400 5687 501 5754 ἆγε
530 5685 705 5740 ἔνεστι
739 5688 950 5758 σιωπᾷν
973 5687 1034 5738 οὐ
1067 5686 1249 5755 θέμις·
1282 5681 1439 5739 οἶσθα
1483 5686 1610 5749 τοὺς
1640 5685 1975 5754 περιπάτους

403 5779 496 5842 οὓς
552 5778 812 5832 ἑκάστοτε
865 5778 1006 5848 μετὰ
1047 5779 1158 5830 τῶν
1205 5777 1376 5846 φίλων
1425 5777 1762 5846 ποιούμεθαο
1805 5777 1864 5828 ἐν
1891 5771 1976 5841 οἷς

406 5869 602 5935 πολλὰ,
631 5869 704 5922 τὰ
736 5868 834 5938 μὲν
865 5869 1092 5939 σπουδῇ,
1119 5869 1188 5922 τὰ
1216 5869 1272 5921 δὲ
1295 5868 1484 5938 παιδιᾷ
1512 5869 1859 5941 προσήκοντα
1885 5866 1973 5920 λι-

720 5963 990 6025 ΡΔτηοι..
1039 5963 1158 6026 Gn.
1214 5960 1410 6042 llLlll.

2144 5499 2415 5567 Quoniam
2448 5498 2620 5568 probe
2651 5496 2768 5552 scio
2803 5504 2855 5550 te
2898 5509 2988 5550 res
3019 5503 3236 5548 nostras
3266 5505 3482 5555 omnes,
3509 5503 3647 5560 qua-

2076 5594 2157 5649 les
2189 5592 2402 5663 quales,
2433 5590 2603 5644 etiam
2632 5605 2796 5646 avere
2842 5602 3199 5657 cognoscere,
3234 5587 3511 5655 desiderio
3550 5595 3648 5640 tuo

2080 5700 2289 5740 morem
2322 5698 2506 5751 geram
2535 5701 2548 5737 :
2579 5692 2760 5738 tacere
2786 5682 2933 5737 enim
2966 5696 3073 5736 non
3106 5667 3258 5737 licet.
3289 5679 3348 5734 ln
3373 5678 3650 5749 quotidia~

2076 5775 2166 5830 nis
2190 5773 2682 5839 ambulationibus,
2713 5787 2874 5844 quas,
2915 5774 3061 5844 quod
3106 5782 3158 5828 te
3184 5785 3297 5825 non
3330 5767 3489 5840 fugit,
3518 5783 3644 5821 cum

2076 5866 2444 5923 familiaribus
2465 5865 2762 5940 _conliccre
2811 5865 3226 5926 consuevimus,
3281 5859 3438 5916 multi
3484 5857 3664 5936 nobis,
