4012 6596
319 365 393 425 69
1494 369 1892 431 HISTORIA]

2000 375 2037 432 il
2082 375 2316 438 LIBER
2360 376 2408 438 Ι.
2556 428 2566 437 .
3501 384 3573 447 Ἱο

321 480 648 548 ἀναφανδόν.
683 481 755 535 Τδ
776 481 884 556 γάρ
919 501 978 539 σε
1015 483 1114 554 μὲν
1139 483 1386 547 ἐκεαὲεῖν
1415 483 1522 535 τῶν
1552 485 1753 553 ὅρκων,
1777 485 1898 538 ἀντ-

2005 501 2114 540 non
2148 496 2200 542 te
2227 490 2420 545 eadem
2470 491 2650 562 palam
2699 493 2975 564 privatum
3021 493 3149 549 iret.
3182 495 3399 550 Etenim
3440 498 3575 568 quid

323 575 644 641 εισαγαγεῖν
697 573 755 626 δὲ
801 573 860 627 ὃν
910 575 978 628 ἂν
1015 575 1181 638 αὐτὸς
1223 575 1560 644 καταστήσῃ,
1584 575 1738 627 οὐδὲν
1765 575 1896 629 ἄλλο

321 663 580 718 δύνασθαί
642 681 735 734 μοι
781 665 950 721 δοκεῖ.
1003 668 1099 720 Δεῖ
1124 667 1188 736 δή
1225 683 1284 720 σε
1331 664 1732 736 βουλεύσασθαι
1767 668 1898 738 περὶ

323 754 419 808 τοῦ
457 754 782 825 πράγματος
813 757 1079 820 συνετῶς“
1111 755 1174 810 οὐ
1206 756 1313 828 γάρ
1349 749 1489 826 περὶ
1541 758 1757 828 μικρῶν
1802 760 1900 813 καὶ

324 845 824 915 εὐκαταφρονήτων
852 847 1150 920 βουλεύσει-ι⁸
1189 847 1361 918 mut}
1395 849 1575 910 καλῶς
1605 848 1786 920 ζῇν,ἢ
1822 849 1898 921 μὴ

321 939 535 1011 ἀτίμως
589 941 902 998 ἀποθανεῖν.
950 944 1097 1013 Ἐγὼ
1151 942 1198 996 δ’
1249 945 1487 1014 ἐμαυτὸν
1547 942 1773 1014 παρέξω
1815 959 1899 995 σοι

323 1032 743 1103 προθυμότατον
775 1034 912 1106 πρὸς
947 1033 1199 1089 ἄπαν’τδ
1246 1036 1718 1106 προσταττόμενον
1760 1034 1902 1089 ἑτοί-

326 1139 444 1192 μως
471 1125 666 1196 ἔχοντα
696 1126 772 1197 μὴ
802 1127 1104 1198 πράγματα
1139 1127 1302 1199 μόνον
1330 1129 1423 1182 καὶ
1445 1129 1722 1200 κτήματα,
1763 1127 1900 1182 ἀλλὰ

229 1275 242 1282 I
322 1217 420 1268 καὶ
449 1217 620 1289 αὐτὴν
652 1217 798 1288 ζωὴν
826 1219 968 1291 ὑπὲρ
999 1219 1099 1292 τῆς
1133 1219 1236 1288 σῆς
1260 1220 1524 1290 προέσθαι
1549 1221 1736 1291 τιμῆς.
1766 1219 1903 1273 Τού-

320 1323 432 1359 των
454 1308 563 1360 τῶν
589 1307 765 1376 λόγων
793 1309 1034 1372 ἀκούσας
1057 1311 1084 1363 ό
1116 1309 1390 1381 βασιλεὺς,
1413 1310 1528 1380 Τῆς
1563 1309 1662 1378 μὲν
1691 1313 1770 1372 si;
1800 1310 1903 1380 ἐμέ

323 1415 418 1452 σου
445 1403 626 1470 φιλίας
651 1403 816 1457 ἕνεκα
843 1404 938 1456 καὶ
964 1403 1299 1475 προθυμίας,
1323 1404 1573 1475 ὁμολογῶ
1601 1421 1681 1459 σοι
1719 1405 1901 1476 χάριν,

322 1489 454 1560 ἔφη,
488 1494 696 1564 πολλήν
721 1509 736 1525 ⁸
774 1496 896 1548 ἐπεὶ
925 1497 972 1550 δ’
999 1497 1027 1548 ὁ
1058 1498 1240 1568 μέγας
1268 1497 1590 1568 δομέστικος
1621 1501 1650 1552 ό
1683 1487 1902 1552 Κανταὲ

322 1583 588 1653 κουζηνδς
627 1584 878 1658 Ἰωάννης
931 1588 1026 1641 καί
1085 1606 1166 1642 σοι
1220 1588 1319 1660 μὲν
1361 1589 1581 1654 οίκείως
1628 1589 1902 1644 διάκειται

322 1673 466 1727 πάνυ
499 1676 592 1728 καὶ
624 1677 875 1745 φιλικῶς,
913 1679 934 1730 ὲ
948 1678 1040 1749 μοὶ
1093 1679 1152 1732 δὲ
1200 1679 1508 1734 συνδέδεται
1547 1680 1768 1750 δεσμοῖς
1813 1698 1901 1749 φι-

319 1763 444 1827 λίας
471 1766 776 1838 ἀρρήκτοις
808 1771 872 1822 ἐκ
905 1768 1176 1842 βρεφικῆς
1207 1770 1428 1842 ἡλικίας
1454 1772 1582 1842 ἄχρι
1618 1773 1714 1826 καὶ
1743 1771 1903 1844 δεῦρο

1999 579 2147 634 aliud
2181 581 2273 646 sit,
2314 598 2515 639 nomen
2554 596 2706 640 tuum
2737 587 2968 642 formula
2995 586 3216 656 iurandi
3251 589 3575 658 exclusisse,

1999 671 2118 740 ejus
2148 680 2376 734 contra.
2417 691 2581 744 quem
2643 677 2760 746 ipse
2809 679 3188 748 cooptaverit,
3239 680 3571 744 inseruisse.

1999 773 2099 827 ego
2131 775 2240 816 non
2279 761 2546 835 intelligo.
2608 765 2877 832 Quoniam
2933 769 3100 838 igitur
3145 785 3252 824 non
3306 786 3487 838 parvae
3519 780 3574 826 et

1988 849 2430 913 _lloccifaciendte
2461 870 2549 910 res
2577 864 2837 926 aguntur.
2878 861 2970 912 sed
2998 874 3108 928 quo
3146 869 3305 930 pacto
3341 846 3577 916 vel°cum

2000 941 2286 1000 honestate
2324 947 2498 1012 vivas,
2547 949 2631 1003 vel
2698 949 2837 1005 citra
2895 949 3138 1006 dedecus
3191 951 3579 1021 ignominiam-

2000 1047 2109 1102 que
2163 1049 2380 1103 pereas,
2443 1045 2559 1092 tute
2621 1038 2720 1093 tibi
2770 1041 3054 1110 sapienter
3099 1046 3374 1109 consulas,
3410 1055 3574 1114 atque

2001 1125 2307 1194 prospicias
2342 1143 2570 1184 necesse
2610 1138 2715 1184 est.
2753 1131 2828 1185 De
2860 1147 2947 1188 me
2977 1135 3084 1189 hoc
3123 1135 3220 1190 tibi
3251 1135 3427 1192 habeo
3461 1139 3576 1206 pol-

2001 1215 2177 1282 liceri,
2217 1218 2284 1272 ad
2313 1221 2494 1275 omnia
2525 1223 2781 1277 mandata
2824 1232 2916 1278 tua
2960 1225 3323 1291 conficienda,
3356 1242 3461 1282 nec
3509 1229 3576 1283 ad

1999 1307 2295 1363 facultates
2345 1310 2511 1365 modo
2559 1327 2774 1378 omnes,
2802 1313 2896 1369 sed
2921 1315 2990 1370 ad
3027 1316 3196 1370 vitam
3225 1332 3444 1387 quoque
3476 1335 3579 1388 pro

2002 1397 2272 1470 dignitate
2320 1410 2413 1456 tua
2442 1407 2910 1460 contemnendam
2971 1409 3380 1476 paratissimum
3437 1409 3574 1465 fore.

2005 1490 2270 1556 Finierat,
2307 1508 2434 1547 cum
2475 1495 2555 1550 sic
2601 1499 2815 1566 excepit
2869 1499 3174 1568 imperator
3221 1517 3237 1554 :
3280 1500 3434 1567 Quod
3489 1517 3542 1555 ιιι

2003 1590 2294 1654 tantopere
2339 1585 2545 1657 diligis,
2579 1596 2636 1642 et
2675 1589 2729 1643 in
2773 1605 2891 1646 mea
2927 1607 3092 1647 causa
3127 1602 3335 1648 tantam
3376 1594 3574 1648 alacri-

2003 1685 2176 1732 tatem
2231 1694 2344 1748 pra:
2395 1689 2446 1735 te
2497 1681 2628 1748 fers,
2667 1682 3008 1739 immortales
3061 1684 3155 1738 tibi
3211 1686 3415 1755 gratias
3455 1700 3577 1756 ago.

2003 1766 2278 1824 Cteterum
2308 1771 2436 1841 quia
2474 1772 2715 1829 Joannes
2753 1773 3174 1830 Cantacuzcnus
3209 1792 3439 1845 magnus
3483 1777 3582 1830 do-

321 1858 744 1932 συ-δηυξημένης
819 1861 975 1931 ἡμῖν,
1032 1862 1128 1915 καὶ
1185 1863 1266 1924 είς
1324 1862 1487 1933 βάθος
1541 1863 1898 1936 προκοψάσης

2006 1859 2269 1917 mesticus
2315 1871 2370 1917 et
2403 1863 2459 1918 in
2504 1864 2696 1919 intima
2739 1864 3110 1921 familiaritate
3164 1879 3256 1922 tua
3301 1876 3577 1930 versatur,

319 1950 578 2004 τοσοῦτον
605 1951 680 2016 ῶς
712 1953 892 2007 δοκεῖν
922 1955 1022 2026 τὴν
1065 1955 1166 2026 μὲν
1201 1955 1340 2026 ιμήν
1367 1956 1546 2028 ψυχὴν
1584 1957 1646 2011 τὸ
1685 1959 1896 2012 ἐκείνου

323 2040 484 2110 σῶμα
511 2045 704 2108 κινεῖν,
738 2044 835 2115 τὴν
863 2045 909 2100 δ’
935 2048 1146 2101 ἐκείνου
1172 2047 1352 2120 ψυχὴν
1373 2051 1435 2102 ὲν
1454 2049 1579 2118 ἐμοὶ
1610 2051 1898 2114 κινεῖσθαι,

320 2131 419 2184 καὶ
471 2132 644 2186 ταῦτα
671 2135 784 2188 ’καὶ
832 2135 1015 2205 λέγειν
1065 2141 1160 2190 καὶ
1205 2139 1468 2210 πράττειν
1513 2141 1660 2212 ἅπερ
1693 2140 1759 2194 ἂν
1787 2141 1900 2208 ἐγὼ

328 2221 631 2294 βούλωμαι,
674 2227 770 2280 καὶ
818 2228 1020 2297 τρόπον
1057 2230 1180 2282 τινὰ
1222 2231 1319 2294 τὰς
1359 2231 1690 2302 ἀμφοτέρων
1723 2231 1902 2302 ψυχὰς

324 2314 692 2378 συντακείσας
723 2315 806 2378 είς
844 2315 997 2386 μίαν,
1025 2317 1318 2389 ἀμφότερα
1344 2317 1413 2372 τὰ
1450 2317 1682 2390 σώματα
1706 2322 1900 2376 κινεῖν.

336 2405 490 2458 Ἐπεὶ
516 2407 699 2461 τοίνυν
730 2409 1001 2479 συμφυῶς
1029 2409 1202 2474 οὕτως
1228 2409 1426 2482 ἔχομεν
1452 2412 1592 2482 πρὸς
1617 2412 1900 2484 ἀλλήλους,

321 2496 424 2550 οὐκ
469 2498 698 2552 ἀνεκτόν
741 2499 984 2570 ἡγοῦμαι
1034 2500 1196 2572 μόνος
1228 2518 1280 2554 τι
1329 2501 1727 2571 βουλεύσασθαι
1769 2506 1900 2578 περὶ

322 2589 568 2662 ἐμαυτοῦ
600 2590 704 2645 κᾶν
735 2591 796 2645 ιν
839 2592 1096 2663 ἐσχάτοις
1118 2592 1398 2656 ,κινδύνοις
1429 2584 1706 2668 συμϐαίνῃ
1739 2613 1898 2669 περι-

312 2683 532 2736 πεσεῖν.
573 2682 716 2736 Ἀλλ’
774 2683 899 2737 insi
949 2685 1012 2736 σὺ
1073 2683 1210 2756 πρὸς
1264 2684 1490 2757 Θρᾴκην
1543 2687 1761 2761 ἀπέρχῃ
1798 2689 1899 2761 τῆς

319 2775 538 2829 ἐκείνου
586 2775 830 2849 διάδοχος
870 2776 1132 2848 ἐσόμενος
1176 2778 1375 2848 ἀρχῆς,
1411 2778 1717 2851 γράμματα
1761 2783 1898 2854 πρὸς

319 2868 484 2923 αὐτὸν
514 2863 696 2922 λαϐὼν
730 2869 831 2939 τῆς
870 2871 1012 2941 ἐμῆς
1041 2869 1226 2942 χειρὸς
1259 2870 1335 2934 ὡς
1365 2875 1432 2925 ἂν
1459 2873 1732 2946 πιστεύσῃ
1763 2875 1900 2947 πρὸς

314 2960 624 3029 λόγου;”σοι
651 2959 947 3024 συνελθεῖν,
976 2961 1173 3030 (ἄλλως
1201 2961 1310 3033 γάρ
1331 2962 1394 3016 ού
1425 2962 1750 3035 θαρῤἠσειεν
1784 2967 1896 3037 ἂν),

313 3051 476 3104 ταῦτ’
501 3051 686 3116 ἐπίδος
718 3050 888 3122 αὐτῷ.
933 3053 1045 3107 Καὶ
1091 3053 1461 3108 συνελθόντων
1509 3056 1665 3125 ὑμῶν
1701 3059 1783 3122 είς
1815 3057 1897 3127 ἐν,

313 3140 414 3195 καὶ
440 3140 890 3212 βουλευσαμένων
923 3144 1055 3212 περὶ
1083 3141 1191 3195 τῶν
1223 3145 1625 3215 προκειμένων,
1658 3147 1764 3202 ius
1775 3163 1805 3216 ρ
1831 3146 1899 3200 ἂν

2001 1961 2059 2005 et
2094 1953 2324 2024 irruptis
2355 1970 2575 2011 mecum
2614 1958 2872 2013 amicitia:
2914 1959 3154 2015 vinculis
3199 1958 3579 2029 coniungitur,

2002 2058 2124 2112 qua:
2177 2045 2306 2100 inde
2357 2046 2428 2100 ab
2467 2048 2768 2120 infantibus
2804 2050 2915 2121 (46)
2953 2067 3126 2121 usque
3155 2053 3222 2106 ad
3257 2052 3397 2106 hanc
3430 2051 3580 2106 diem

2004 2133 2291 2189 nobiscum
2317 2139 2556 2192 accrevit
2603 2148 2658 2193 et
2689 2140 2858 2195 tantis
2888 2143 3141 2195 auctibus
3173 2152 3254 2197 est
3279 2141 3578 2206 cumulata,

2005 2231 2067 2279 ut
2096 2226 2384 2296 utriusque
2414 2230 2596 2284 anima
2654 2230 2710 2284 in
2761 2231 2991 2286 alterius
3033 2248 3264 2303 corpore
3300 2235 3575 2298 habitare,

2006 2329 2104 2370 seu
2132 2315 2332 2372 anima:
2365 2318 2490 2374 dute
2525 2319 2582 2375 in
2617 2322 2782 2374 titiam
2818 2319 3066 2375 conﬂata:
3095 2323 3384 2376 amborum
3427 2333 3584 2378 artus

2004 2419 2199 2476 regere
2231 2408 2544 2475 videantur,
2571 2411 2828 2480 vigetque
2859 2411 3003 2467 inter
3027 2427 3126 2466 nos
3155 2428 3471 2468 sermonum
3517 2425 3579 2470 ct

2001 2504 2285 2558 actionum
2342 2517 2556 2558 summa
2602 2506 2894 2558 consensio
2937 2523 2952 2558 :
2990 2505 3141 2575 quia,
3191 2505 3439 2576 inquam,
3478 2522 3582 2561 nos

2001 2593 2113 2648 duo
2151 2593 2350 2649 animis
2382 2609 2554 2665 usque
2588 2595 2726 2665 adeo
2757 2595 3063 2651 coaluimus
3088 2635 3102 2659 ,
3139 2598 3321 2652 scelus
3361 2601 3582 2653 consci-

2000 2700 2234 2752 scerem,
2286 2685 2355 2752 si,
2411 2657 2731 2758 quanquiam
2790 2689 2844 2742 in
2903 2699 3214 2743 extremum
3265 2689 3576 2760 periculum

2000 2779 2391 2850 praecipitatus,
2425 2779 2492 2834 de
2527 2780 2694 2835 rebus
2729 2780 2867 2835 meis
2898 2780 3019 2835 sine
3060 2779 3154 2835 illo
3181 2781 3577 2836 consultarctn.

2000 2871 2108 2928 Sed
2154 2887 2280 2927 cum
2336 2881 2394 2927 tu
2452 2873 2508 2927 in
2566 2873 2859 2928 Thraciam
2907 2888 3008 2943 pro
3057 2873 3208 2927 illius
3253 2885 3579 2927 successore

1999 2963 2187 3031 abeas,
2222 2981 2387 3019 manu
2442 2980 2561 3019 mea
2597 2972 2877 3019 exaratam
2927 2963 3212 3033 epistolam
3253 2962 3304 3016 ei
3358 2961 3576 3026 redies,

2000 3070 2113 3125 quo
2150 3055 2256 3112 fide
2283 3056 2426 3111 facta
2463 3067 2642 3112 tecum
2682 3055 3078 3126 congredietur
3113 3071 3127 3108 :
3181 3053 3386 3123 alioqui
3429 3053 3580 3108 enim

2003 3147 2235 3202 fortasse
2262 3162 2376 3202 non
2415 3147 2662 3202 audebit.
2693 3147 2796 3216 15
2825 3145 3179 3215 Quaecunque
3209 3153 3391 3200 autem
3419 3143 3582 3199 vobis

310 3233 452 3302 ὑμῖν
495 3231 624 3303 δόξῃ
663 3231 917 3302 λυσιτελῆ
948 3232 1044 3285 καὶ
1075 3231 1348 3304 ὠφέλιμα,
1379 3233 1535 3286 ταῦτ’
1561 3234 1716 3288 ἔσται
1765 3252 1892 3288 συν-

2000 3254 2162 3308 super
2182 3239 2435 3309 praesenti
2457 3247 2602 3293 statu
2630 3253 2753 3293 meo
2799 3235 3237 3294 deliberantibus
3265 3233 3582 3291 conducere

305 3327 578 3382 δοκοῦντα
610 3326 800 3398 κάμοι.
831 3327 1149 3398 Πὲπεισμαι
1194 3327 1303 3396 γὰρ
1330 3327 1596 3398 ἀκριϐῶς,
1639 3329 1715 3392 ὡς
1743 3329 1790 3383 εί
1820 3330 1896 3401 μὴ

303 3422 448 3482 Θεὸς
471 3415 555 3483 οἷς
586 3417 696 3473 oles
725 3418 948 3490 τρόποις
969 3417 1070 3489 τὴν
1103 3418 1258 3490 ὑμῶν
1287 3420 1512 3489 σφήλειε
1540 3420 1764 3489 γνῶσιν,
1797 3422 1898 3476 ούκ

302 3512 378 3568 ἂν
417 3513 662 3584 ἁμάρτοι
691 3510 786 3565 τοῦ
819 3510 988 3565 καλοῦ
1030 3509 1130 3566 καὶ
1164 3512 1578 3577 λυσιτελοῦντος
1617 3513 1713 3568 καὶ
1747 3514 1896 3584 ὠφε-

295 3607 499 3676 λίμου,
541 3607 637 3660 καὶ
698 3603 1020 3676 φρονήσεως
1079 3603 1262 3669 ὀξείας
1306 3603 1495 3670 ἕνεκα,
1549 3605 1648 3660 καὶ
1695 3605 1898 3678 πείρας

296 3698 663 3769 πραγμάτων
721 3696 984 3765 πολιτῶν,
1042 3695 1140 3750 καὶ
1188 3698 1288 3768 τῆς
1355 3696 1490 3770 περὶ
1551 3697 1652 3768 ἐμὲ
1712 3698 1896 3767 φιλίας

292 3795 494 3863 ἄκρας
531 3790 628 3843 καὶ
663 3789 982 3860 συναφείας.
1013 3789 1236 3844 Τούτων
1275 3789 1420 3844 οὕτω
1475 3790 1776 3863 ῥηθέντων,
1825 3792 1896 3846 τὰ

290 3883 626 3954 γράμματα
677 3879 860 3934 λαϐὼν
891 3881 957 3933 ὲκ
985 3879 1249 3951 βασιλέως
1282 3880 1312 3932 ό
1345 3880 1707 3953 Συργιάννης,
1759 3881 1896 3952 ιχὼ-

286 3994 382 4048 ρει
420 3973 570 4043 πρὸς
594 3971 852 4045 Θρᾴκην
878 3971 1006 4025 ἔνθα
1033 3971 1098 4042 δὴ
1131 3970 1210 4042 τῷ
1239 3972 1465 4044 μεγάλῳ
1495 3973 1898 4044 συγγενόμενος

284 4065 648 4139 δομεστίκῳ,
707 4065 800 4119 καὶ
831 4065 902 4119 τά
949 4081 1010 4118 τε
1045 4063 1336 4134 συμϐάντα
1387 4064 1668 4136 γνωρίσας
1717 4066 1892 4138 αὐτῷ.

285 4161 392 4215 ml.
441 4157 520 4210 τὰ
572 4151 669 4210 τοῦ
705 4155 972 4227 βασιλέως
1001 4155 1310 4227 γράμματα
1353 4155 1691 4227 ἐγχειρίσας,
1737 4157 1896 4212 ἐϐου-

200 4238 205 4245 ’
284 4251 530 4306 λεύοντο
594 4230 725 4319 περὶ
784 4248 894 4303 τῶν
951 4248 1264 4320 παρόντων,
1314 4249 1408 4302 καὶ
1451 4248 1547 4303 δύο
1591 4249 1686 4303 καὶ
1715 4251 1897 4322 τρισὶν

283 4345 510 4417 ἐφεξῆς
579 4343 845 4414 ἡμέραις.
915 4341 1028 4396 Καὶ
1099 4340 1353 4412 ποικίλης
1423 4341 1519 4396 καὶ
1577 4342 1894 4406 πολυειδοῦς

277 4439 388 4510 τῆς
451 4434 670 4507 βουλῆς
731 4434 1033 4503 γενομένης
1089 4433 1236 4503 (ἐπεὶ
1291 4433 1569 4504 περὶτῶν
1619 4434 1895 4505 μεγίστων

1999 3339 2052 3384 et
2082 3329 2342 3400 expedire
2372 3329 2736 3394 videbuntur,
2769 3327 2915 3399 apud
2947 3343 3033 3384 me
3071 3342 3292 3398 quoque
3321 3327 3376 3380 in
3407 3325 3574 3380 simili

1999 3422 2362 3477 aastimatione
2412 3420 2596 3477 futura
2641 3432 2789 3477 sunt.
2826 3420 3062 3476 Prorsus
3090 3421 3240 3474 enim
3273 3420 3347 3474 ita
3372 3420 3580 3483 sentio,

1999 3513 2104 3568 nisi
2140 3513 2304 3578 Deus,
2336 3513 2502 3568 modo
2543 3529 2656 3583 quo
2704 3513 2821 3584 ipse
2867 3513 3042 3574 novit.
3075 3512 3355 3567 mentibus
3381 3511 3582 3566 vestris

1999 3605 2289 3675 caliginem
2309 3603 2596 3666 olluderit,
2623 3618 2723 3657 vos
2771 3613 2831 3658 ut
2884 3602 3246 3673 intelligentia
3283 3601 3577 3672 pollentes,

1997 3715 2111 3755 non
2153 3697 2419 3754 mediocri
2475 3696 2796 3767 reipublicae
2847 3711 2950 3754 usu
2999 3693 3281 3764 praeditos,
3332 3693 3581 3762 mihique

1997 3768 2261 3846 munibus
2307 3789 2814 3846 necessitudinibus
2849 3787 3356 3858 coniunctissimos,
3390 3785 3465 3840 ab
3501 3799 3572 3840 eo

1997 3882 2146 3952 quod
2218 3883 2532 3944 honestum.
2589 3880 2914 3952 frugiferum
2965 3889 3020 3934 et
3071 3879 3421 3934 conducibile
3469 3887 3578 3938 est.

1998 3974 2260 4043 opinione
2285 3983 2340 4028 et
2363 3973 2634 4028 sententia
2656 3986 3006 4042 nequaquam
3027 3972 3293 4026 abituros.
3314 3969 3411 4026 llis
3431 3970 3579 4024 inter

2001 4082 2060 4122 se
2114 4065 2302 4130 dictis,
2349 4064 2688 4136 Syrgiannes
2737 4075 2864 4116 cum
2916 4063 3120 4117 litteris
3179 4062 3236 4116 in
3269 4060 3580 4117 .Thracian

1997 4157 2290 4214 discedens
2323 4171 2418 4213 eas
2458 4153 2844 4211 Cantacuzeno
2881 4153 3085 4228 reddit,
3127 4161 3186 4208 et
3244 4153 3298 4207 in
3333 4152 3581 4207 collocu—

1999 4251 2148 4308 tione
2179 4265 2298 4321 quae
2318 4246 2798 4316 Constantinopoli
2829 4246 3132 4301 acciderint
3152 4245 3427 4302 enuntiat.
3457 4243 3582 4300 Tri-

1997 4343 2167 4398 iluum
2199 4341 2462 4412 deinceps
2485 4341 2540 4394 in
2571 4338 3032 4394 consultationem
3061 4337 3411 4409 impendunt.
3439 4336 3579 4393 Cum

1997 4434 2214 4489 diversa
2243 4442 2314 4488 ets
2337 4433 2635 4488 multifaria
2669 4433 2724 4488 in
2756 4431 2996 4487 medium
3031 4431 3195 4486 allata
3263 4440 3450 4485 essent
3477 4430 3572 4500 (de

274 4528 351 4605 ἦν
407 4533 439 4585 ὁ
511 4527 719 4598 ἀγὼν),
779 4527 874 4579 καὶ
925 4523 1138 4578 πολλῶν
1194 4524 1473 4596 ῥηθέντων
1530 4526 1665 4598 παρ’
1711 4529 1895 4596 ἀμφο-

2000 4526 2220 4596 negotio
2245 4525 2449 4596 quippe
2479 4524 2533 4579 in
2561 4524 2755 4595 primis
2788 4537 2986 4594 magno
3006 4531 3062 4577 et
3085 4523 3260 4576 arduo
3283 4521 3578 4577 laboraba-

275 4626 471 4697 τέρων
543 4621 702 4692 (ἐπεὶ
759 4619 859 4673 καὶ
912 4620 1231 4690 φρονήσεως
1299 4618 1464 4672 ἕνεκα
1531 4620 1626 4672 καὶ
1697 4621 1893 4692 πείρας

2003 4618 2116 4686 tur)
2153 4629 2209 4669 et
2232 4626 2464 4686 uterque
2497 4631 2606 4670 non
2637 4631 2808 4686 pauca
2836 4614 3063 4670 dixisset
3088 4613 3400 4684 (prudentia
3425 4614 3576 4668 enim

275 4711 693 4789 στρατηγικῆς
737 4712 848 4774 τοῖς
886 4711 1126 4782 μάλιστα
1161 4709 1403 4782 πρώτοις
1443 4710 1554 4763 τῶν
1599 4711 1895 4782 Ῥωμαίων

2001 4707 2154 4764 civili
2198 4717 2256 4763 et
2325 4706 2666 4773 experientia
2712 4706 2936 4761 militari
2998 4720 3124 4759 cum
3180 4704 3577 4760 laudatissimis

278 4802 776 4881 συνημιλλῶντο),
836 4803 992 4868 τέλος
1055 4803 1084 4857 6
1152 4803 1328 4874 μέγας
1392 4802 1715 4874 δομέστικος
1769 4801 1892 4858 εἴτε

2003 4803 2314 4873 quibusque
2348 4799 2721 4854 Romanorum
2761 4796 3100 4869 certabant),
3135 4797 3351 4851 tandem
3373 4796 3574 4851 Canta-

271 4904 500 4960 τοιάδεο

2002 4908 2246 4950 cuzenus
2277 4891 2356 4946 sic
2390 4890 2556 4960 coepit
2578 4908 2592 4946 :

1769 5013 1994 5072 CAPUT
2033 5014 2124 5068 Ill.

273 5113 676 5185 Cantacuzeui
707 5109 798 5186 Διιιί
843 5105 1193 5186 ξψξςὶαηιιεηι
1228 5107 1438 5186 pratia.
1512 5107 1663 5186 Dolet
1690 5108 1753 5186 de
1816 5124 1873 5161 re
1917 5115 2026 5159 tam
2069 5103 2292 5186 ancipiti
2329 5100 3038 5186 et.peticulesartficeudam
3077 5103 3436 5186 sententiam;
3479 5119 3575 5186 ne-

389 5173 538 5248 :ot—e'm
577 5182 774 5239 laudat
799 5173 1195 5248 et'miseratur:
1219 5177 1458 5246 futuram
1491 5177 1872 5248 calamitatem
1916 5176 2186 5246 prtrsentit
2213 5189 2250 5248 7:
2293 5173 2591 5248 amicitiam
2616 5175 2842 5248 justititc
2877 5192 2943 5248 se
2971 5173 3324 5242 pra'laturuut
3383 5181 3576 5244 negat:

273 5255 276 5258 I
348 5243 698 5322 elabendum
729 5250 901 5319 potius
942 5247 1142 5318 aliqua,
1171 5243 1328 5316 quam
1360 5247 1547 5311 armis,
1578 5249 1715 5302 citra
1748 5243 1993 5304 ultimam
2028 5247 2414 5308 necessitatem,
2445 5244 2822 5296 decertandum
2856 5243 3117 5313 afﬁrmat.

263 5394 268 5399 -
354 5353 594 5414 Πολλῶν
663 5343 736 5398 ἂν
778 5339 1100 5412 ἠλλαξάμην
1141 5339 1510 5410 πραγμάτων,
1551 5333 1597 5392 ὦ
1655 5340 1898 5405 βέλτιστε

2081 5337 2246 5391 Multa
2274 5349 2398 5404 ego,
2425 5333 2730 5388 amicorum
2755 5335 2986 5406 optime,
3017 5335 3440 5400 imoenimvero
3466 5351 3578 5389 non

273 5425 560 5528 (pllium-ﬁ
605 5434 821 5512 μᾶλλον
875 5432 970 5486 καὶ
1021 5430 1190 5502 αὐτῆς
1244 5430 1345 5498 τῆς
1379 5429 1527 5500 ζωῆς
1567 5431 1667 5484 οὐκ
1707 5431 1891 5500 ὀλίγου

2000 5449 2192 5505 parum
2221 5432 2288 5488 de
2323 5429 2533 5499 reliqua
2581 5430 2693 5484 vita
2740 5444 2861 5485 mea
2902 5433 3575 5500 pmoptaremamittere,

1555 5547 1771 5610 Jacobi
1807 5551 2071 5612 Pootani
2115 5558 2306 5611 notae.

348 5675 472 5751 (46)
530 5668 969 5751 ϐιυιιαοιιιςριιιε⁸
1013 5661 1265 5736 cognatus
1316 5652 1893 5751 nunciam-inligato-
2003 5663 2066 5751 let
2116 5671 2319 5710 morum
2387 5653 2808 5710 commoditatem
2886 5652 3246 5707 charissimtts.
3307 5647 3581 5717 Gregoras

273 5723 630 5816 usc‘J'ﬁwéné
662 5727 893 5816 αειιααιίε
919 5735 969 5816 ει
1003 5723 1894 5816 quietiam:ieiunieeiefs:
2007 5727 2102 5783 ιίυ-
2150 5741 2270 5782 vm-

275 5797 489 5883 ;;"03"
525 5797 742 5866 αηςιηϊ
806 5797 1092 5853 candorem
1159 5799 1556 5862 sermonumque
1625 5797 1896 5849 veritatem
