4012 6612
481 429 552 497 71
1656 428 1984 488 JOANNIS
2024 428 2063 487 C

2175 428 2543 490 'l‘ACUZENl
3659 425 3722 488 72

481 562 647 617 quam
675 550 897 600 utesset
915 543 980 598 ad
1009 559 1108 596 nos
1125 542 1303 598 delata
1323 543 2066 614 hujuscemodiconsultatio,

2185 551 2384 620 μέρους
2416 549 2583 611 τινὸς,
2618 545 2694 616 μὴ
2722 547 2818 616 τὴν
2843 546 3040 616 βουλὴν
3072 548 3204 615 ἡμῖν
3235 546 3364 618 περὶ
3396 544 3723 617 πραγμάτων

483 639 580 694 ubi
601 638 874 692 utrumvis
905 635 1175 702 evenerit,
1199 637 1336 690 citra
1357 637 1563 707 grande
1588 639 1896 708 periculum
1929 655 2057 694 eve-

483 731 603 786 nire
642 745 751 784 non
785 737 984 798 potest.
1015 727 1119 794 Qui
1145 727 1211 781 de
1237 729 1357 782 aliis
1399 730 1561 783 rebus
1583 729 1639 784 ἰη
1655 730 1945 784 consilium
1971 746 2058 783 ve-

488 824 676 886 niunt,
718 823 786 875 iis
819 821 1195 875 ratiocinando
1222 821 1351 874 licet
1387 821 1739 888 concludere,
1771 822 1864 876 tali
1897 821 2062 877 modo

489 915 656 968 rebus
673 913 954 976 euntibus,
975 913 1133 975 bene,
1157 912 1262 966 alio
1284 913 1422 966 male
1442 913 1666 966 omnino
1684 912 2062 968 eventuras.ln

488 1008 590 1060 hac
623 1021 774 1070 vero,
798 1022 902 1075 qua
929 1005 996 1059 de
1016 1005 1070 1058 in
1097 1021 1336 1074 prazsens
1353 1005 1666 1074 qtuerimus,
1697 1006 1739 1060 si
1762 1021 1885 1074 pars
1907 1006 2064 1060 dcte-

489 1101 603 1152 rior
629 1099 912 1154 meliorem
939 1097 1151 1160 vicerit,
1177 1097 1521 1151 moriendum
1543 1098 1648 1151 erit
1671 1114 1687 1152 :
1707 1099 1812 1162 sin,
1833 1113 1953 1166 quae
1970 1113 2065 1166 ap-

495 1200 645 1260 paret
672 1189 886 1250 melior,
905 1187 1232 1242 deteriorem
1255 1188 1620 1255 superaverit,
1639 1203 1774 1256 quas
1791 1202 1896 1240 non
1917 1188 2062 1254 cale:-

489 1283 738 1335 mitatum
768 1280 965 1338 Iliadas
989 1280 1177 1332 subire
1203 1279 1522 1348 oportebit?
1549 1279 1762 1332 Etenim
1787 1279 1831 1332 si
1856 1279 2062 1332 exitum

488 1373 683 1428 sortita
709 1372 915 1426 fuerint
944 1388 1067 1441 quas
1095 1372 1392 1440 imperator
1435 1379 1623 1424 noster
1658 1371 1922 1424 adversus
1964 1387 2064 1423 ne-

487 1474 672 1534 potem
717 1466 940 1532 coquit,
985 1464 1052 1517 ad
1106 1463 1373 1517 malorum
1426 1462 1881 1531 perferendorum
1945 1477 2063 1516 ma-

485 1537 832 1626 gnitudinem
871 1555 1135 1610 accedere
1168 1555 1309 1610 nihil
1343 1555 1566 1625 poterit.
1596 1553 1885 1609 Hominem
1911 1570 2065 1608 nam-

483 1662 592 1716 que
640 1647 892 1716 pluribus
931 1647 1383 1715 aequiparandum
1413 1646 1526 1718 (47)
1560 1646 1876 1716 prudentia,
1937 1662 2064 1702 cum

484 1738 931 1809 prudentissimis
961 1738 1029 1791 de
1055 1738 1230 1806 palma
1261 1737 1708 1801 contendentem,
1743 1737 2066 1794 fortitudine

483 1831 652 1884 animi
686 1839 809 1898 post
833 1845 891 1884 se
917 1830 1054 1884 alios
1074 1830 1235 1898 longe
1263 1829 1683 1899 relinquentem,
1709 1829 2063 1899 ingenuitate,

2167 641 2492 713 προκεῖσθαι
2549 639 2829 699 τοιούτων,
2873 637 3004 690 ὥστ’
3056 638 3450 706 ἀμφοτέρωθεν
3496 638 3641 707 ἔχειν
3673 639 3724 690 τὸ

2164 734 2507 787 ἐπικίνδυνον
2535 732 2635 784 οὐκ
2657 731 2860 798 ὀλίγον,
2889 731 3035 792 ὅπως
3073 730 3140 784 ἂν
3174 730 3436 801 ἀποϐαίη.
3486 730 3607 784 Ἐπὶ
3637 731 3726 798 μὲν

2163 824 2274 892 γάρ
2327 821 2437 873 τῶν
2489 817 2667 871 ἄλλων
2733 822 3074 888 πραγμάτων
3126 819 3564 889 βουλευομένοις,
3617 819 3726 871 ἔστι

2167 913 2422 980 συνάγειν
2455 913 2518 963 ἐκ
2547 909 2849 979 λογισμῶν,
2881 909 2979 978 ὡς,
3025 911 3121 964 ὡδὶ
3151 911 3250 984 μὲν
3277 912 3724 979 ἀπαντησάντων,

2168 1007 2359 1076 σχήσει
2389 1003 2608 1066 καλῶς·
2674 1002 2749 1074 μὴ
2796 1002 2938 1056 οὕτω
2989 1003 3066 1066 δὲ,
3116 1003 3426 1057 τούναντίον
3473 1005 3620 1058 ἅπαν
3665 1003 3726 1054 ἂν

2163 1098 2428 1167 ἀποϐαίη.
2473 1096 2588 1165 Ἐφ’
2629 1089 2690 1151 οὗ
2719 1094 2776 1148 δὲ
2805 1095 2898 1148 νῦν
2928 1094 3315 1166 βουλευόμεθα,
3347 1095 3395 1148 εί
3447 1098 3548 1164 μὲν
3579 1095 3727 1165 νική-

2169 1208 2250 1243 σει
2299 1190 2364 1242 τά
2399 1188 2591 1259 χείρω,
2623 1189 2721 1258 τῆς
2765 1188 2914 1256 ζωῆς
2948 1189 3114 1258 ιὲστιν
3161 1190 3452 1242 ἐκπεσεῖν·
3483 1187 3531 1240 εί
3570 1189 3625 1241 δὲ
3664 1185 3727 1239 τὰ

2161 1283 2423 1336 δοκοῦντα
2490 1281 2684 1349 βελτίω
2739 1281 2966 1350 γένηται
3017 1281 3272 1350 κρείττω,
3328 1281 3516 1339 κακῶν
3569 1278 3726 1347 ἑσμὸν

2167 1374 2473 1445 προσδοκᾷν
2505 1373 2742 1443 ἀνάγκη.
2782 1371 2889 1424 Τοῦ
2913 1369 3181 1442 βασιλέως
3215 1370 3323 1441 γάρ
3351 1370 3510 1440 ἡμῶν
3550 1366 3728 1420 τοιαῦ-

2165 1485 2233 1522 τα
2288 1465 2678 1537 βουὶευομένου
2738 1462 2995 1530 περὶτοῦ
3033 1464 3258 1530 ἐκγόνου
3308 1464 3405 1516 καὶ
3445 1459 3726 1532 βασιλέως,

2167 1558 2218 1608 εί
2263 1557 2363 1627 μὲν
2417 1559 2497 1620 είς
2548 1557 2723 1624 πέρας
2772 1555 2905 1627 ἔλθῃ
2949 1554 3017 1606 τά
3064 1554 3440 1625 μελετῶμενα,
3478 1553 3728 1622 οὐδεμίαν

2168 1648 2479 1720 ὑπερϐολὴν
2507 1648 2744 1718 ἐλλείψει
2776 1648 2987 1702 κακῶν.
3021 1649 3345 1717 Ἄνθρωπον
3371 1647 3482 1717 γὰρ
3525 1645 3730 1699 πολλῶν

2169 1739 2426 1804 ἀντάξιον
2475 1738 2676 1802 ἄλλων,
2732 1739 2997 1808 φρονήσει
3062 1738 3164 1804 μὲν
3199 1739 3310 1800 τοῖς
3355 1737 3597 1808 πρώταις
3627 1737 3731 1790 τῶν

2171 1831 2457 1903 πρωτείων
2505 1829 2980 1900 ἀμφισϐητοῦντα,
3009 1829 3204 1899 ἀνδρίᾳ
3231 1827 3287 1880 δὲ
3333 1829 3510 1897 ψυχῆς
3559 1825 3733 1894 πολλῷ

484 1932 540 1974 et
577 1933 786 1976 natura:
820 1921 1104 1975 hahilitate
1138 1895 1204 1974 ad
1235 1895 1444 1974 tantam
1470 1918 1689 1989 imperii
1725 1895 1923 1972 m'olem
1948 1920 2066 1974 suis

2170 1895 2246 1995 τῷ
2289 1923 2438 1994 μέσῳ
2485 1895 2612 1984 τοῦξ
2649 1895 2844 1985 ἄλλους
2886 1895 3291 1990 ὑπερνικῶντα,
3341 1895 3626 1990 ἐλευθερίᾳ
3680 1917 3733 1970 δὲ

484 2014 732 2068 humeris
763 2012 1141 2066 sustinendam
1179 2011 1461 2076 idoneum,
1496 2011 1749 2065 amicitia:
1792 2019 1848 2064 et
1888 2011 2068 2064 scien-

485 2113 617 2168 tem,
648 2113 703 2158 et
734 2111 1162 2157 conservantem
1191 2103 1360 2171 leges,
1396 2112 1452 2156 et
1482 2109 1542 2154 ut
1578 2099 1832 2156 universe
1863 2100 2064 2165 dicam,

484 2210 777 2249 commune
831 2193 1056 2247 humani
1095 2194 1313 2262 generis
1365 2192 1470 2262 16
1513 2199 1900 2246 ornamentum
1952 2190 2063 2258 (48)

485 2289 566 2342 sic
609 2288 811 2341 indicta
870 2301 1036 2340 causa
1094 2283 1543 2355 gravissimorum
1583 2283 1875 2353 criminum
1913 2282 2068 2337 dam-

484 2380 606 2433 nari
633 2380 768 2448 (ιθ),
792 2388 958 2446 atque
995 2388 1090 2431 aut
1117 2377 1282 2434 vitam
1310 2377 1461 2430 omni
1501 2385 1681 2430 morte
1722 2374 2064 2454 acerbiorem

485 2474 704 2541 exigere
755 2473 868 2541 (qui
917 2471 1064 2524 enim
1108 2470 1226 2524 heri
1278 2479 1335 2523 et
1382 2467 1785 2524 nudiustertius
1839 2467 1950 2536 (50)
2007 2473 2067 2518 ut

493 2565 794 2633 imperator
823 2561 1155 2616 adorabatur
1175 2569 1231 2614 et
1250 2559 1535 2614 colebatur
1552 2559 1620 2615 ab
1644 2558 1902 2614 omnibus
1927 2557 2062 2626 (5!),

493 2655 662 2708 hodie
732 2652 1054 2722 despicitur,
1115 2661 1171 2705 ct
1219 2650 1484 2722 injuriose
1558 2659 1848 2714 tractatur,
1902 2659 2066 2718 atque

489 2762 636 2801 unus
669 2745 736 2800 de
767 2743 1219 2799 circumforaneis
1269 2757 1368 2798 seu
1417 2757 1486 2797 ex
1529 2741 1717 2796 inﬁma
1759 2741 1919 2811 plebe
1980 2756 2064 2794 re-

489 2837 772 2910 putatur),
811 2845 906 2890 aut
949 2847 1139 2890 contra
1165 2837 1291 2905 jura
1338 2834 1546 2900 omnia,
1585 2844 1888 2902 contraque
1925 2847 2064 2902 μναι-

489 2929 758 2999 scriptum
821 2927 1050 2982 rationis
1117 2926 1188 2981 ad
1259 2934 1491 2982 mortem
1555 2924 1696 2978 mitti
1757 2925 2063 2993 continget.

489 3021 648 3089 Quod
671 3021 714 3074 si
750 3035 858 3089 qua
892 3019 979 3072 via
1021 3018 1316 3072 discrimen
1368 3017 1566 3086 capitis
1611 3015 1891 3086 ell‘ugerit,
1948 3025 2063 3070 tum

485 3118 597 3186 jam
630 3122 788 3183 poeta
819 3111 1077 3180 qu0piam
1102 3091 1308 3180 tragico
1349 3108 1739 3178 indigebimus,
1763 3109 1858 3177 qui
1882 3108 2064 3164 clades

488 3216 548 3261 et
567 3219 840 3260 aerumnas
875 3217 905 3256 a
933 3202 1196 3256 Romanis
1225 3199 1466 3255 vicissim
1518 3198 1896 3268 importandas
1937 3213 2062 3253 cum

495 3298 773 3369 gravitate
823 3307 886 3349 ac
930 3292 1282 3348 miseratione
1322 3291 1600 3346 decantet.
1633 3289 1767 3356 Quis
1796 3291 1943 3345 enim
1979 3292 2064 3346 vel

490 3391 658 3460 lignis
683 3404 749 3442 ac
770 3385 1048 3458 lapidibus
1104 3384 1376 3454 stupidior
1419 3399 1529 3439 non
1571 3383 1901 3453 cogitatione
1932 3399 2068 3453 pra:-

472 3481 650 3553 -cipit,
684 3481 829 3536 inter
862 3479 1228 3550 imperatores
1254 3475 1515 3546 ﬂagrante
1542 3475 1840 3542 discordia,
1879 3489 2071 3546 neces-

2167 2016 2418 2087 γνώμην,
2460 2015 2559 2068 καὶ
2586 2015 2805 2082 φύσεως
2839 2013 3241 2084 ἐπιτηδειότητι
3266 2013 3346 2082 τῷ
3375 2011 3614 2080 τοσούτῳ
3640 2028 3734 2080 με-

2167 2107 2319 2175 γέθει
2365 2105 2712 2175 προσήκοντα
2743 2102 2844 2173 τῆς
2875 2104 3074 2174 ἀρχῆς,
3106 2103 3288 2172 φιλίας
3331 2103 3386 2155 δὲ
3429 2103 3610 2156 εἰδότα
3645 2101 3736 2156 καὶ

2165 2197 2440 2269 τηροῦντα
2473 2196 2732 2266 θεσμοὺς,
2765 2195 2902 2260 ὅλως
2945 2195 3002 2248 δὲ
3051 2195 3232 2249 κοινὸν
3266 2195 3490 2264 ἄγαλμα
3508 2194 3607 2262 τῆς
3635 2192 3735 2262 φύ-

2165 2306 2305 2351 σεως
2335 2288 2487 2346 ὄντα,
2513 2287 2685 2350 οὕτως
2710 2288 2928 2356 ἐρήμην
2955 2287 3046 2338 ἐπὶ
3075 2289 3187 2350 τοῖς
3217 2286 3499 2357 μεγίστοις
3530 2285 3729 2340 ἁλῶναι

2170 2381 2498 2449 συμϐαίνειο
2556 2380 2652 2432 καὶ
2704 2379 2737 2448 ἦ
2775 2379 2875 2448 ζῇν
2913 2379 3116 2441 παντὸς
3150 2379 3384 2432 θανάτου
3433 2378 3736 2451 βαρυτέραν

2167 2473 2313 2540 ζωὴν
2363 2473 2412 2535 (ό
2450 2471 2573 2540 χθὲς
2608 2471 2703 2523 καὶ
2752 2469 2946 2542 πρώην
2980 2471 3055 2534 ὡς
3086 2469 3348 2541 βασιλεὺς
3383 2471 3477 2524 καὶ
3505 2487 3740 2540 προσκυ-

2168 2561 2426 2632 νούμενος
2456 2564 2550 2614 καὶ
2581 2558 2918 2629 τιμώμενος,
2951 2561 3192 2632 σήμερον
3229 2560 3739 2632 καταφρονούμενος

2167 2654 2262 2706 καὶ
2293 2651 2808 2722 περιυϐριζόμενος,
2833 2654 2926 2705 καὶ
2953 2652 3063 2705 τῶν
3088 2652 3364 2725 ἀγοραίων
3394 2652 3488 2705 καὶ
3525 2651 3620 2706 τοῦ
3648 2650 3740 2721 δη·-

2171 2763 2273 2814 μου
2323 2743 2681 2813 νομιζόμενος
2739 2737 2865 2813 εἷς),
2895 2742 2927 2812 ἢ
2962 2744 3462 2808 τεθνάναι-παντὸς
3489 2742 3595 2810 ἔξω
3643 2740 3737 2795 καὶ

2166 2835 2374 2888 δικαίου
2403 2834 2498 2886 καὶ
2525 2832 2710 2901 λόγου.
2745 2833 2806 2887 Ei
2835 2834 2891 2886 δὲ
2916 2833 3172 2906 δυνηθείη
3204 2834 3388 2906 τρόπῳ
3419 2835 3482 2906 δή
3513 2852 3620 2889 τινι
3645 2834 3740 2893 τὸν

2171 2927 2419 2982 κίνδυνον
2451 2927 2734 2996 ἐκφυγεῖν,
2760 2925 2870 2980 τότ’
2907 2927 3026 2997 ήδη,
3067 2926 3334 2996 τραγικοῦ
3365 2945 3516 2990 τινας
3545 2927 3738 2998 δεησόο

2170 3017 2310 3088 μεθα
2363 3017 2588 3086 ποιητοῦ
2652 3017 2754 3080 τὰς
2813 3017 3238 3088 συμϐησομένας
3293 3019 3428 3090 παρ’
3484 3017 3734 3089 ἀλλήλων

2177 3110 2473 3180 Ῥωμαίοις
2501 3110 3013 3180 ἐκτραγῳδήσοντος
3036 3112 3343 3182 συμφοράς.
3377 3112 3473 3176 Τίς
3503 3111 3612 3185 γὰρ
3639 3111 3740 3167 οὐκ

2168 3201 2341 3254 ἐννοεί
2395 3202 2497 3256 κᾶν
2539 3201 2765 3271 ἀψύχων
2803 3200 3259 3273 ἀναισθητότερος
3289 3197 3345 3274 ᾖ,
3379 3201 3456 3265 ὡς
3481 3201 3739 3256 διαστάν-

2165 3309 2276 3346 των
2307 3293 2416 3347 τῶν
2451 3292 2744 3362 βασιλέων,
2777 3293 2994 3362 ἀνάγκη
3049 3293 3429 3363 συνδιαστῆναι
3491 3295 3586 3348 καὶ
3636 3293 3740 3364 τὴν

2167 3385 2368 3456 ἀρχὴν,
2431 3385 2526 3438 καὶ
2587 3387 2767 3456 μάχας
2818 3384 3165 3456 συρραγῆναι
3215 3386 3345 3454 παρ’
3411 3386 3742 3457 ἀμφοτέρων

2173 3478 2392 3547 μερῶν·
2427 3478 2523 3532 καὶ
2554 3476 2744 3550 ὥσπερ
2777 3478 2835 3531 ὲν
2863 3476 3207 3550 νυκτομαχίᾳ
3233 3479 3614 3548 συμπεσόντας
3648 3479 3746 3534 ἀλ-

1721 3603 1938 3666 Jacobi
1968 3604 2233 3666 Pontani
2269 3612 2458 3668 notae.

564 3738 674 3803 (Π)
718 3735 797 3790 Ad
835 3735 1204 3789 Andronicum
1238 3731 1824 3803 suum__acconnnodat
1852 3773 1868 3798 ,
1915 3731 2064 3802 quod

491 3801 810 3862 deniedico
844 3806 1112 3860 llomerus
1139 3803 1367 3874 protulit
1396 3801 1555 3855 Iliad.
1591 3804 1633 3854 A
1667 3818 1681 3855 :

546 3944 779 4014 .’lrj':po;
810 3943 920 4011 γὰρ
943 3941 1104 4012 ἀνὴρ,
1149 3937 1359 3993 πολλῶν
1388 3935 1638 4000 ἀντάξιος
1670 3934 1866 4001 ἄλλων,

491 4091 602 4146 quo
632 4075 904 4129 versiculo
948 4083 1122 4143 poeta:
1154 4072 1547 4146 sapientissimi
1574 4072 1698 4142 jure
1750 4073 2064 4146 gloriantur

441 4160 448 4167 '
495 4143 693 4200 medici
725 4163 738 4198 :
772 4146 930 4215 cujus
977 4160 1174 4198 sensus
1199 4183 1214 4207 ,
1265 4143 1514 4215 medicus
1538 4143 1708 4215 instar
1743 4144 2066 4215 multorum,

497 4233 592 4270 seu
628 4233 724 4285 pro
755 4213 1083 4285 mu'ltisrest,
1123 4230 1244 4275 seu,
1279 4213 1470 4266 multis
1498 4213 1823 4285 tequiparari
1867 4222 2067 4282 potest.

494 4283 802 4349 Hoc‘vult,
849 4284 1226 4340 Andronicum
1286 4285 1579 4335 multorum
1632 4283 1866 4336 virtutes
1902 4297 2069 4336 unum

499 4358 847 4424 complexum
875 4396 891 4420 ,
929 4356 1001 4408 ita
1035 4363 1095 4408 ut
1127 4354 1178 4406 in
1211 4352 1444 4422 singulis
1474 4353 1680 4424 nemini
1718 4353 1900 4406 cedat.
1931 4353 2070 4424 Nota

493 4422 764 4494 egregiam
799 4425 1300 4494 rlandatiunculam
1334 4439 1400 4477 ex
1453 4422 1638 4477 verbis
1666 4463 1682 4487 ,
1724 4437 1848 4492 qua:
1893 4423 2073 4477 conti-

497 4493 698 4549 nenter
729 4493 1122 4564 subjiciuntur.

573 4566 685 4635 (48)
724 4561 924 4635 Vocem
980 4565 1192 4635 φύσεως
1223 4565 1289 4621 de
1335 4565 1574 4619 humana
1626 4570 1845 4635 natura,
1881 4561 1933 4616 id
1961 4571 2066 4624 est,

499 4632 592 4689 de'
639 4634 958 4706 hominibus
1012 4634 1150 4702 ipsis
1209 4637 1475 4706 prolatam
1531 4632 1777 4706 accipio,
1832 4647 2067 4702 quorum

500 4707 868 4759 communiter
901 4704 1070 4758 decus
1094 4717 1148 4760 et
1174 4702 1560 4760 ornamentum
1620 4702 1789 4756 fuisse
1819 4706 2069 4772 (propter

499 4776 667 4830 animi
721 4775 1091 4847 praestantiam
1131 4778 1410 4847 videlicet)
1466 4771 2067 4847 Andronicum_suum

503 4841 760 4900 testatur.
813 4845 868 4898 lu
917 4845 1110 4913 quovis
1170 4863 1352 4901 rerum
1393 4841 1614 4914 'gcnere
1660 4841 1794 4896 illud
1841 4843 2070 4897 aliarum

501 4918 714 4975 decus,
753 4914 922 4984 gloria
977 4925 1030 4969 et
1075 4926 1462 4970 ornamentum
1536 4919 1660 4984 est.
1713 4914 1860 4980 quod
1908 4929 2073 4982 supra

502 4989 639 5039 alias
693 4981 930 5038 excellit.
983 4984 1048 5038 Et
1101 4989 1230 5055 quia
1279 4985 1502 5054 ἄγαλμα
1555 4981 2074 5055 etiamexponitur

501 5057 1007 5118 oblectamentum,
1058 5051 1248 5125 parum
1284 5051 1471 5127 aberat
1500 5094 1515 5116 ,
1555 5051 1687 5118 quin
1739 5053 1844 5108 hoc
1877 5063 2070 5113 ιοιυιιι.

500 5128 679 5178 κοινὸν
727 5127 951 5193 ἄγαλμα
995 5127 1092 5195 τῆς
1157 5129 1406 5195 φύσεως,
1456 5129 2076 5195 converterem,_amor

502 5213 564 5269 ac
596 5191 794 5250 dcliciaé
827 5191 1058 5269 humani
1091 5191 1292 5269 generis
1313 5192 1710 5269 ,hrecordatu‘s
1764 5195 1834 5246 ita
1888 5191 2071 5246 Titum

501 5266 890 5333 imperatorem
945 5264 1256 5334 Vespasiani
1322 5264 1492 5318 (ilium
1537 5264 1881 5317 nominatum
1930 5279 2070 5331 esse,

498 5345 638 5389 teste
671 5338 957 5407 Suetonio,
988 5337 1041 5388 in
1075 5338 1192 5407 ejus
1231 5337 1371 5398 Vita,
1409 5349 1528 5402 cap.
1565 5336 1617 5389 l.

573 5407 688 5476 (49)
732 5408 786 5460 In
809 5406 1001 5461 Graeco
1024 5403 1405 5461 subaudirnda
1425 5414 1509 5459 est
1532 5403 1909 5476 \'ocuia,6ixn,
1949 5419 2070 5457 cum

503 5479 626 5542 illa,
669 5475 872 5550 ἐρήμη.
912 5477 1018 5550 Est
1061 5489 1242 5530 autem
1294 5477 1414 5550 δίκη
1467 5490 1652 5550 causa,
1683 5475 1979 5550 judicium,
2016 5485 2074 5526 ut

501 5545 847 5620 ὲρὴμηδίκη
895 5549 963 5600 sit
988 5549 1272 5620 desertum
1323 5547 1587 5617 judicium
1612 5545 1646 5615 ,Ἴ
1673 5545 1767 5604 seu
1795 5545 2072 5620 desertum

497 5615 901 5674 vadimonium.
977 5616 1297 5686 Composita
1325 5615 1334 5617 ’
1365 5633 1470 5669 vox
1532 5629 1613 5672 est
1683 5615 2027 5687 épqpoﬁéntov
2055 5655 2069 5676 ,

497 5693 719 5759 quando
775 5689 899 5757 quis
955 5688 1020 5740 ad
1066 5683 1214 5741 diem
1271 5703 1380 5740 non
1436 5701 1492 5759 sc
1556 5683 1792 5742 sistit-in
1837 5683 2068 5753 jlld_iCi0.

498 5757 568 5816 Et
600 5762 814 5831 ἐρήμην
848 5759 1342 5831 καταδικασθῆναι,
1380 5757 1486 5831 vel,
1522 5766 1580 5810 ut
1628 5760 2069 5831 apud__nostrmn

498 5840 602 5891 cst,
631 5824 852 5898 ’ἐρήμην
879 5827 1085 5881 ἆλῶναι
1107 5871 1120 5893 ,
1151 5824 1254 5891 est,
1295 5828 1364 5880 ob
1391 5824 1677 5898 desertum
1701 5824 2071 5881 vadimonium

500 5897 770 5955 damnari.
803 5897 986 5954 Potest
1008 5900 1171 5954 etiam
1198 5899 1358 5961 verti,
1383 5897 1578 5953 indicta
1614 5916 1773 5953 causa
1799 5899 2069 5956 damnari,

2170 3733 2316 3802 quod
2367 3746 2468 3804 nos
2501 3731 2766 3800 fecimus;
2815 3740 3013 3788 neuter
3059 3731 3204 3787 enim
3233 3772 3248 3798 ,
3283 3741 3337 3788 et
3371 3733 3464 3804 qui
3497 3734 3747 3790 vadimo-

2172 3804 2324 3876 nium
2360 3803 2600 3857 deseruit
2626 3843 2641 3866 ,
2677 3813 2733 3857 et
2766 3805 2873 3876 qui
2924 3818 3141 3858 causam
3177 3807 3310 3876 non'
3339 3803 3513 3868 dixit,
3547 3806 3612 3859 ad
3655 3806 3747 3876 ju-

2173 3872 2376 3927 dicium
2407 3881 2727 3943 comparet;
2765 3873 2837 3928 ita
2869 3883 3102 3942 uterque
3137 3875 3356 3928 videtur
3407 3872 3744 3941 deseruisse,

2173 3945 2274 4016 etsi
2305 3946 2460 4016 alter
2488 3958 2613 4016 reus
2657 3952 2780 4016 est,
2815 3947 2905 4012 qui
2948 3943 3271 4016 vadimonio
3312 3959 3372 4000 se
3434 3946 3743 4016 obligavit;

2174 4010 2333 4067 alteri
2362 4015 2420 4067 tit
2450 4013 2666 4082 injuria.
2701 4010 2907 4068 Seneca
2940 4011 3123 4067 Medea
3159 4030 3179 4068 :

2282 4105 2383 4170 Qui
2416 4106 2601 4159 statuit
2637 4104 2841 4174 aliquid
2875 4115 3025 4174 parte
3058 4107 3302 4160 inaudita
3332 4109 3504 4161 altera
3537 4145 3554 4174 ,

2278 4176 2511 4245 quuum
2542 4175 2655 4229 licet
2683 4177 2958 4237 statuerit,
2987 4177 3127 4229 haud
3159 4192 3338 4246 arquus
3357 4179 3486 4248 fuit.

2250 4287 2360 4357 (50)
2401 4285 2512 4341 llac
2541 4285 2868 4354 proverbiali
2903 4286 3202 4356 hyperbole
3240 4289 3413 4343 utitur
3447 4306 3556 4345 non
3591 4305 3746 4345 raro.

2176 4358 2328 4412 Licet
2350 4357 2525 4481 [etiam
2560 4357 2791 4411 reddere
2818 4393 2832 4420 ,
2869 4373 3154 4428 pronuper,
3204 4361 3502 4428 nuperrime
3525 4397 3541 4424 ,
3580 4361 3747 4430 paula

2176 4436 2323 4481 ante.
2385 4443 2481 4480 eri.

2215 4436 2323 4487 nte,
2414 4436 2481 4479 ri.

2176 4447 2206 4482 α
2248 4436 2656 4569 (Siin’erbum
2705 4500 3066 4569 προσκυνεῖν,
3135 4498 3392 4560 adorare,
3455 4499 3512 4552 in
3561 4513 3752 4553 sacro-

2178 4567 2382 4623 sanctis
2431 4567 2802 4637 ‘prot’auisque
2871 4568 3072 4622 litteris
3126 4570 3463 4622 creberrime
3522 4570 3588 4622 ad
3643 4569 3773 4623 bo-.
3837 4621 3843 4625 ,

2175 4639 2388 4705 mines,
2439 4638 2534 4705 qui
2589 4637 2666 4689 dii
2731 4651 2840 4690 non
2906 4647 3061 4698 sunt,
3127 4639 3593 4704 accommodatur,
3659 4638 3751 4693 di-

2175 4717 2486 4776 cunturque
2538 4708 2993 4775 προσκυνείσθαι,
3049 4709 3301 4768 adorari,
3353 4709 3404 4762 id
3454 4719 3574 4772 est,
3627 4709 3749 4761 sin-

2175 4779 2347 4848 gulari
2393 4777 2651 4848 quadarn,
2683 4778 3075 4848 veneratione,
3131 4793 3365 4845 corpore
3414 4780 3480 4830 ad
3535 4788 3743 4832 terram

2177 4845 2487 4918 incurvaio,
2517 4845 2689 4918 aﬂici_.
2722 4845 3004 4918 summissi
3030 4851 3249 4918 petimus
3299 4858 3515 4912 terram,
3566 4849 3753 4918 inquit

2173 4919 2376 4974 Aiueas
2398 4917 2493 4972 lib.
2525 4931 2585 4970 ιιι
2626 4915 2842 4968 Eneid.
2875 4915 3046 4981 Quem
3077 4917 3336 4969 adorandi
3405 4915 3655 4972 modum‘
3687 4927 3754 4972 ct.

2172 5002 2385 5053 gestum
2416 4985 2687 5056 expressit
2721 4986 3095 5054 pulcherrime
3126 4985 3522 5040 Themistocles
3546 5030 3560 5053 ,
3607 4989 3749 5042 dum

2175 5074 2354 5127 regem
2400 5058 2684 5127 Persarum
2717 5070 2816 5123 per
2847 5057 3251 5127 simulationem
3305 5059 3574 5111 adoravit.
3622 5060 3749 5111 An-

2175 5124 2362 5182 nuium
2393 5127 2540 5179 enim
2575 5124 2772 5178 cadere
2832 5125 3097 5193 permisit,
3167 5142 3351 5192 quem,
3399 5143 3522 5180 cum
3558 5143 3616 5182 se
3653 5128 3751 5181 iu-

2175 5199 2381 5253 clinans
2419 5197 2670 5255 levasset,
2708 5195 2859 5247 visus
2891 5205 3107 5264 estsuo
3133 5210 3358 5249 munere
3393 5197 3743 5264 perfunctus.

2173 5269 2368 5323 Noster
2404 5279 2622 5335 quoque
2649 5265 2782 5335 satis
2810 5267 2957 5317 clare
2985 5262 3128 5317 libro
3169 5280 3206 5317 ιι
3257 5262 3471 5335 cap—5,
3505 5269 3597 5320 ubi
3631 5269 3754 5321 Ta-

2176 5333 2497 5390 merehaues
2526 5333 2772 5402 Phrygia:
2812 5341 3030 5402 satrapa
3058 5335 3123 5387 ad
3156 5333 3540 5403 imperatorem
3569 5340 3754 5393 venit.

2175 5407 2307 5462 Nam
2340 5407 2406 5459 de
2432 5405 2551 5474 ejus
2581 5403 2880 5458 comitibus
2908 5403 3109 5466 Persis,
3145 5407 3204 5454 υἱ
3239 5405 3338 5474 μὲν
3364 5405 3513 5459 ἄλλοι
3546 5408 3762 5471 πάντες

2175 5475 2391 5530 ἄπωθεν
2452 5491 2541 5525 τον
2615 5474 2837 5542 βασιλέα
2895 5474 3266 5545 προσεκύνουν
3345 5479 3444 5538 τὰς
3503 5478 3762 5545 κεφαλὰς

2176 5549 2488 5615 ἐρείσαντες
2513 5541 2735 5610 ἐπιτην
2772 5545 2874 5611 γῆν
2898 5558 2912 5573 ⁸
2956 5541 3146 5596 ϐωιρνὶ
3182 5544 3387 5611 quidem
3426 5541 3603 5600 omnes
3643 5549 3760 5600 im-

2175 5624 2508 5686 peratorem,
2565 5621 2872 5686 antequam_
2908 5615 3396 5686 appropinquarent
3423 5655 3436 5676 .
3487 5618 3759 5686 capitibus

2175 5683 2318 5740 inani
2357 5685 2629 5738 submissis
2662 5683 3070 5736 venerabantur.
3129 5685 3230 5736 ista
3283 5683 3759 5740 adoratio'etiam

2178 5757 2336 5809 hodie
2367 5755 2625 5808 Barbaris
2670 5751 2723 5804 iu
2762 5767 2915 5807 more
2965 5763 3070 5826 est.
3123 5753 3240 5808 Non
3294 5751 3458 5826 igitur
3490 5759 3764 5815 verebor

2176 5826 2501 5895 προσκυνεῖν
2569 5839 2891 5892 exponere,
2942 5823 3212 5893 adorare,
3287 5823 3412 5879 cum
3487 5842 3574 5881 res
3634 5837 3768 5882 tam

2177 5894 2360 5953 atierta
2399 5894 2488 5949 sit.
