4012 6618
311 391 378 456 71
1475 364 2026 429 IIISTORIARUM
2053 361 2292 424 LIBER
2325 363 2378 426 Ι.
3481 361 3550 424 73

314 508 444 562 σθαι
472 502 583 557 τῶν
611 495 929 570 βαρϐάρων,
966 489 1126 544 τοῦτο
1169 487 1212 540 δ’
1234 487 1317 540 δτι
1359 484 1452 536 καὶ
1493 481 1587 535 τοῦ
1627 477 1883 533 ναυτικοῦ

1996 477 2305 534 cohibente.
2366 479 2596 534 Nautica
2660 480 2863 550 quippe
2929 477 3170 545 licentia,
3223 477 3346 549 igne
3389 481 3560 550 magis

317 599 521 659 παντὸς
576 596 632 647 ὲν
657 590 832 660 ταύτῃ
907 581 1371 653 κατῳκισμένου,
1437 573 1650 629 πολλῶν
1713 573 1883 625 ὄντων

314 691 588 759 τριήρεων
612 679 1022 752 πληρωμάτων,
1053 673 1179 735 τοῦς
1230 665 1885 759 ἐγχωρίουςῗσυνέδαινεν

319 755 579 850 ἁρπαγάς
631 771 927 841 ὑπομένειν
981 767 1076 821 καὶ
1129 765 1271 835 βίας,
1329 760 1424 850 τοῦ
1455 757 1747 850 φοβοῦντος
1785 755 1886 807 οὐκ

321 846 476 930 ὄντος
505 867 598 919 καὶ
625 865 722 927 τὰς
751 859 928 931 ὁρμὰς
957 855 1266 925 ἐπέχοντος.
1302 847 1552 917 Ναυτικὴ
1577 846 1686 917 γὰρ
1708 846 1885 913 ἀναρ-

318 961 412 1031 χία
447 958 744 1028 κρείσσων,
782 954 866 1016 τὶς
896 952 1024 1019 ἔφη,
1059 947 1254 1016 πυρός.
1285 941 1563 1040 Κατέλιπε
1587 938 1763 1040 δ’ὲκεῖ
1788 934 1888 1040 τὴν

317 1029 575 1116 γυναῖκα,
602 1043 681 1113 τῷ
729 1042 908 1094 δοκεῖν
952 1039 1072 1109 μὲν,
1103 1037 1179 1099 ὡς
1205 1034 1265 1086 οὐ
1297 1031 1496 1104 ῥᾳδίως
1522 1030 1662 1100 ἔχων
1695 1029 1890 1080 ἐπισύ-

320 1139 514 1210 ρεσθαι
539 1137 638 1203 τὴν
659 1137 1069 1203 γυναικωνῖτιν,
1117 1131 1182 1198 τῇ
1211 1128 1258 1182 δ’
1286 1124 1538 1195 ἀληθείᾳ.
1561 1124 1713 1184 ὅπως
1737 1118 1888 1189 αὐτῷ

313 1229 592 1298 πρόφασιν
626 1226 984 1296 εὐπρόσωπον
1018 1221 1356 1290 ὑπολίπηται
1387 1218 1437 1271 εί
1477 1216 1587 1270 δέοι
1618 1214 1697 1284 τῷ
1748 1213 1886 1281 Συρ-

312 1320 511 1390 γιάννῃ
557 1316 918 1386 συγγενέσθαι
975 1313 1140 1367 πάλιν
1172 1312 1269 1364 καὶ
1323 1312 1403 1373 είς
1465 1307 1657 1375 λόγους
1685 1304 1885 1359 ἐλθεῖν.

323 1409 530 1464 Ἐλθὼν
581 1409 639 1463 δὲ
683 1410 765 1472 είς
803 1406 904 1476 τὴν
933 1404 1376 1469 Κωνσταντίνου,
1409 1401 1507 1454 καὶ
1539 1399 1618 1469 τῷ
1647 1399 1754 1468 νέῳ
1785 1395 1886 1466 βα-

315 1502 458 1555 σιλεῖ
503 1497 848 1573 προσελθὼν,
899 1496 1100 1552 καὶτὰ
1143 1496 1240 1566 τῆς
1283 1493 1478 1566 βουλῆς
1518 1490 1889 1574 ἀπαγγείλας,

317 1594 399 1646 ἔτι
426 1593 484 1647 δὲ
515 1595 611 1647 καὶ
638 1593 732 1658 τὸν
768 1589 1133 1660 Ἀπόκαυχον,
1160 1589 1332 1656 ἄνδρα
1358 1586 1553 1655 γένους
1600 1583 1702 1653 μὲν
1744 1583 1887 1651 ἀφαο

317 1685 441 1749 νοῦς
469 1686 620 1752 δντα,
648 1685 744 1738 καὶ
774 1685 894 1746 ταῖς
923 1681 1030 1735 τῶν
1056 1679 1337 1750 δημοσίων
1352 1676 1632 1756 ,πράξεσιν
1657 1674 1892 1746 ἡσχολη-
1925 1674 1938 1680 ”

315 1780 479 1849 μένον
542 1777 673 1848 (τῶν
717 1777 992 1847 δημοσίων
1021 1773 1132 1843 γάρ
1180 1771 1326 1826 ἁλῶν
1357 1771 1478 1824 τότε
1518 1768 1616 1840 τὴν
1647 1766 1887 1820 διάθεσιν

311 1842 603 1940 ἐποιεῖτο),
635 1842 813 1931 ἄλλως
842 1868 900 1921 δὲ
936 1866 1164 1937 βαθείας
1195 1864 1328 1918 ὄντα
1362 1862 1582 1933 φρενὸς,
1608 1861 1702 1914 καλ⁹
1727 1859 1888 1913 δυνά·
1924 1842 1967 1897 Β

316 1977 478 2034 μενον
505 1963 722 2032 καιροῖς
772 1960 870 2012 καὶ
901 1959 1192 2029 πράγμασι
1235 1955 1494 2027 χρῆσθαι,
1533 1953 1892 2024 προσοικειὼ-

313 2073 414 2118 σας
447 2053 526 2124 τῷ
566 2053 803 2124 βασιλεῖ,
845 2051 1008 2122 χάριν
1046 2048 1303 2119 ἐντούτῳ
1355 2047 1618 2114 πλείστην
1659 2045 1783 2098 τινὰ
1811 2040 1888 2113 τῷ

315 2148 629 2217 Συργιάννῃ
680 2143 1109 2214 κατατιθέμενος
1141 2137 1230 2212 (ἦν
1253 2141 1364 2212 γὰρ
1388 2139 1552 2201 αὐτὸς
1582 2137 1673 2190 τδν
1715 2135 1892 2206 μέγαν

316 2239 642 2307 δομέστικον
686 2236 819 2304 περὶ
853 2234 1046 2288 τούτου
1097 2232 1268 2286 πολλά
1317 2227 1893 2308 παρακεκληκὼς),ρὲν

319 2330 492 2382 πᾶσιν
518 2322 667 2396 εἶχεν
702 2326 1026 2379 ἐπινεύοντα
1073 2325 1168 2377 καὶ
1221 2321 1650 2376 συνευδοκοῦντα
1681 2321 1776 2373 τὸν
1808 2320 1896 2390 βα-

317 2422 496 2474 σιλέα.
543 2420 670 2481 Τοῖς
697 2417 1146 2488 βεϐουλευμένοις
1166 2417 1222 2468 δὲ
1245 2417 1341 2468 καὶ
1363 2413 1524 2468 τοῦτο
1553 2412 1894 2482 προσέθηκεν

314 2517 342 2567 ὁ
379 2511 654 2583 βασιλεὺς,
687 2511 791 2576 ὅτι,
830 2509 903 2562 Τὸ
937 2510 1040 2578 μὲν
1070 2511 1203 2578 ἡμῖν
1239 2509 1423 2569 αὐτοῖς
1460 2505 1559 2576 τὴν
1587 2505 1891 2572 ἀσφάλειαν

319 2607 744 2677 προετοιμάσαι,
803 2604 929 2656 ὥστ’
986 2601 1132 2672 ἔχειν
1189 2599 1482 2668 ἀποφυγὴν
1527 2598 1636 2650 τῶν
1701 2597 1890 2650 δεινῶν

317 2701 606 2762 ἐπιόντων,
655 2697 749 2750 καὶ
809 2695 918 2747 τῶν
970 2695 1112 2746 πάνυ
1169 2694 1560 2761 συμφερόντων
1611 2685 1750 2744 εἶναι
1798 2705 1892 2758 μοι

317 2794 465 2846 δοκεῖ
498 2790 596 2843 καὶ
627 2789 737 2841 τῶν
773 2785 1090 2854 ἀναγκαίων
1113 2801 1127 2815 ⁸
1159 2785 1242 2836 διὸ
1267 2785 1361 2837 καὶ
1391 2783 1552 2835 τοῦτο
1580 2780 1689 2853 χρὴ
1719 2796 1891 2834 σπου-

314 2884 474 2937 δάσαι
513 2880 800 2952 προῦργου
833 2878 1036 2942 παντὸς
1065 2879 1147 2940 είς
1186 2877 1362 2948 πέρας
1403 2876 1531 2929 ἰδεῖν
1563 2875 1715 2928 ἐλθόν
1739 2889 1752 2902 ·
1796 2890 1892 2944 με·-

317 2971 657 3045 γαλοψυχίας
713 2973 769 3026 δὲ
817 2971 910 3025 καὶ
961 2971 1264 3042 καρτερίας
1323 2968 1479 3021 οὐδὲν
1525 2966 1843 3020 ὲλλιπὲσθαι
1874 3004 1888 3030 ,

316 3067 434 3122 ἀλλ’
468 3069 595 3137 ἄχρι
624 3066 720 3119 καὶ
744 3065 916 3134 αὐτῆς
955 3063 1388 3133 διακαρτερῆσαι
1418 3061 1519 3132 τῆς
1565 3060 1750 3130 ἀκμῆς
1781 3059 1892 3113 τῶν

1989 569 2176 639 rapida
2226 578 2284 624 et
2323 569 2589 625 indomita
2635 580 2742 637 est,
2793 581 2851 625 ut
2903 571 3042 624 dixit
3096 571 3366 640 quispiam
3421 573 3559 642 (57).

1989 661 2232 730 Reliquit
2247 671 2428 717 autem
2453 664 2565 717 illic
2596 678 2818 718 uxorem
2838 679 2962 718 cum
2988 662 3207 718 feminis
3222 661 3558 728 honorariis,

1987 769 2096 808 non
2142 770 2304 823 posse
2357 755 2654 809 mulierum
2702 770 2921 824 gregem
2973 769 3161 810 secum
3218 755 3439 809 trahere
3487 757 3563 809 si-

1989 848 2222 901 mulans.
2260 848 2460 902 Verum
2513 848 2570 901 id
2613 847 2829 917 agebat,
2877 856 2939 902 ut
2989 849 3291 918 speciosam
3342 864 3563 916 causam

1989 948 2289 1010 praetexere
2337 940 2550 1006 liceret,
2585 941 2630 994 si
2685 939 2988 1012 Syrgianne
3043 943 3243 997 iterum
3293 951 3564 999 convento

1989 1046 2129 1102 opus
2156 1033 2325 1095 foret;
2372 1048 2430 1087 se
2471 1033 2618 1087 enim
2666 1041 2893 1103 propter
2944 1048 3174 1088 uxorem
3223 1050 3291 1089 eo
3345 1036 3564 1090 venisse

1989 1122 2200 1178 diceret
2260 1123 2394 1193 (58).
2449 1124 2746 1194 Postquam
2810 1136 2994 1179 autem
3051 1125 3565 1199 Constantinopolin

1991 1216 2273 1285 ingressus
2334 1226 2441 1282 est,
2497 1227 2753 1287 nepotem
2818 1218 3209 1287 imperatorem
3259 1221 3394 1288 adit,
3449 1239 3569 1292 quas

1990 1307 2290 1362 deliberata
2331 1308 2563 1364 fuerant
2594 1309 2804 1378 pandit,
2839 1309 3257 1380 Apocauchum,
3287 1312 3567 1368 hominem

1990 1401 2211 1472 quidem
2249 1401 2423 1456 inﬁmi
2449 1401 2682 1465 ordinis,
2719 1417 2782 1458 ac
2811 1403 3046 1472 publicis
3079 1402 3456 1460 functionibus
3478 1421 3570 1460 oc-

1991 1499 2251 1561 cupatum
2284 1493 2422 1562 (tum
2463 1493 2611 1546 enim
2636 1491 2779 1548 forte
2818 1494 2896 1549 rei
2923 1496 3136 1550 salaria:
3187 1495 3567 1566 prtefecturam

1991 1584 2258 1655 gerebat),
2287 1585 2494 1655 alioqui
2555 1585 2853 1641 reconditae
2906 1587 3237 1657 prudentiae,
3301 1589 3568 1644 scientem

1991 1677 2072 1734 uti
2102 1678 2243 1744 foro,
2273 1687 2327 1732 et
2356 1691 2600 1735 actorem
2625 1681 2972 1751 negotiorum
3008 1697 3115 1736 non
3145 1681 3486 1749 incallidum,
3517 1684 3571 1738 ei

1992 1785 2092 1840 pro
2127 1770 2382 1826 familiari
2416 1772 2784 1840 commendat,
2827 1773 3190 1830 vehementer
3227 1775 3284 1830 in
3323 1790 3390 1830 eo
3437 1774 3570 1847 Syr-

1992 1862 2182 1933 gianni
2213 1863 2527 1932 gratificans
2553 1879 2568 1928 ;
2600 1864 2797 1935 saepius
2827 1867 2974 1921 enim
3011 1881 3075 1920 ea
3099 1867 3172 1922 de‘
3205 1882 3265 1922 re
3309 1883 3571 1937 magnum

1993 1955 2359 2012 domesticum
2410 1968 2721 2028 rogaverat.
2766 1960 2951 2030 Nepos
3002 1977 3232 2017 assensu
3279 1961 3574 2017 continuat

1993 2049 2196 2112 omnia,
2253 2051 2321 2103 iis
2368 2057 2553 2106 autem
2607 2065 2728 2120 qua:
2773 2052 2931 2122 prius
2978 2054 3200 2109 fuerant
3247 2054 3569 2122 deliberata,
3601 2049 3617 2071 '

1993 2139 2182 2208 adjicit
2207 2139 2326 2195 haec
2353 2158 2366 2193 :
2395 2141 2472 2195 De
2500 2142 2622 2196 loco
2655 2151 2793 2204 tuto,
2849 2143 2916 2197 ad
2963 2160 3125 2213 quem
3162 2145 3320 2202 malis
3367 2163 3572 2218 urgen-

1997 2229 2147 2283 tibus
2209 2229 2556 2300 perfugiant,
2616 2235 2892 2300 provideri
2949 2236 3244 2291 admodum
3306 2238 3441 2293 utile
3511 2255 3576 2294 ac

1995 2323 2368 2378 necessarium
2401 2338 2546 2378 esse.
2579 2323 2790 2381 Idcirco
2831 2326 3071 2382 dandam
3117 2329 3411 2399 diligenter
3444 2347 3577 2402 Ope-

1995 2429 2137 2476 ram,
2166 2424 2223 2468 ut
2253 2414 2307 2467 id
2357 2425 2485 2469 ante
2529 2417 2712 2469 omnia
2757 2419 3062 2486 perfectum
3112 2422 3501 2491 conspiciatur.
3529 2425 3576 2479 A

1996 2506 2378 2576 magnitudine
2401 2507 2590 2574 animi,
2618 2518 2674 2562 et
2697 2509 2990 2564 tolerantia
3016 2527 3119 2566 nec
3142 2512 3312 2566 latum
3334 2530 3572 2585 unguem

1993 2596 2414 2663 discedendum,
2451 2598 2545 2651 sed
2577 2615 2750 2668 usque
2801 2602 2868 2656 ad
2913 2602 3092 2672 ipsum
3137 2605 3431 2660 articulum
3461 2608 3575 2662 dis-

1993 2688 2238 2743 criminis
2268 2691 2319 2742 in
2347 2691 2562 2758 incepto
2592 2695 3018 2760 persistendum.
3058 2694 3114 2751 Si
3160 2697 3434 2768 patientiae
3460 2715 3576 2755 sua:

1992 2782 2231 2837 fructum
2258 2784 2495 2854 aliquem
2525 2789 2853 2856 percipiant,
2897 2805 3029 2844 sene
3072 2789 3303 2845 forsitan
3344 2792 3574 2847 consilia

1992 2875 2050 2929 in
2083 2877 2282 2931 melius
2312 2889 2580 2942 mutante,
2605 2891 2661 2934 et
2687 2896 2715 2932 a
2748 2881 3027 2935 meditatis
3063 2883 3116 2936 in
3165 2884 3314 2952 ipsos
3353 2885 3578 2940 sceleri-

1994 2965 2099 3020 bus
2132 2968 2453 3033 desistente,
2488 2969 2623 3025 nihil
2659 2970 2901 3039 optatius
2922 2987 3086 3040 posse
3112 2972 3248 3026 lieri.
3273 2972 3367 3028 Sin
3389 2985 3574 3029 autem

1996 3058 2158 3113 aliter
2185 3074 2274 3113 res
2310 3060 2488 3124 cadat,
2524 3061 2628 3115 hoc
2679 3063 2872 3116 saltem
2916 3065 3141 3117 omnino
3183 3065 3288 3118 sibi
3341 3077 3573 3133 restare,

316 3162 578 3216 κινδύνων
608 3160 867 3229 μένοντας
893 3157 984 3210 ἐπὶ
1012 3158 1121 3208 τῶν
1148 3153 1432 3224 προτέρων
1459 3169 1474 3184 °
1505 3151 1608 3206 κᾶν
1637 3154 1738 3222 μέν
1768 3169 1891 3206 τινα

2001 3162 2060 3208 ut
2130 3167 2200 3206 ne
2247 3154 2563 3224 arrogantia
2612 3165 2668 3209 et
2727 3157 3052 3224 temeritate,
3108 3174 3288 3228 neque
3336 3161 3575 3216 habendi

314 3255 542 3324 σχῶμεν
569 3253 672 3321 τῆς
716 3249 1021 3321 καρτερίας
1055 3248 1288 3319 καρπὸν,
1330 3245 1424 3300 τοῦ
1458 3244 1724 3316 βασιλέως
1764 3245 1893 3306 ἴσως

320 3345 741 3416 μεταϐαλόντος.
798 3343 892 3395 καὶ
943 3342 1054 3394 τῶν
1115 3339 1510 3410 μελετωμένων
1562 3337 1686 3392 καθ’
1733 3337 1894 3407 ἡμῶν

317 3437 706 3508 παυσαμένων,
762 3434 1028 3490 πάντοθεν
1062 3433 1128 3487 ἂν
1163 3432 1278 3502 ἔχοι
1343 3430 1544 3494 καλῶς.
1597 3430 1658 3482 El
1693 3427 1739 3481 δ’
1777 3425 1892 3493 οὖν,

315 3531 455 3586 ἀλλὰ
490 3529 648 3583 τοῦτό
677 3546 741 3597 γε
775 3531 908 3598 ἡμῖν
938 3527 1226 3597 περιέσται
1253 3525 1491 3591 πάντως,
1524 3525 1584 3578 τὸ
1621 3524 1694 3596 μὴ
1715 3525 1894 3578 δοκεῖν

317 3625 582 3696 αὐθαδείᾳ
615 3624 710 3677 καὶ
760 3623 1066 3693 θρασύτητι
1127 3619 1347 3690 τρόπων
1408 3617 1546 3689 μηδὲ
1604 3619 1892 3688 πλεονεξίᾳ

1997 3245 2298 3313 cupiditate
2351 3256 2406 3302 et
2446 3261 2630 3303 amore
2669 3247 2986 3304 dominandi
3038 3260 3227 3306 contra
3265 3267 3428 3306 avum
3480 3256 3580 3308 im-

1998 3349 2307 3408 peratorem
2375 3340 2744 3395 insurrexisse
2794 3342 3125 3409 videantur;
3186 3344 3286 3398 sed
3359 3344 3578 3415 injuriis

1996 3431 2278 3502 exagitati,
2307 3441 2361 3486 et
2408 3435 2672 3487 extremis
2712 3433 2953 3488 alllictati
3001 3436 3394 3502 incom.:;odis,
3444 3456 3582 3509 pra:—

1996 3526 2175 3580 visum
2229 3525 2459 3580 exitium
2507 3527 2748 3597 eﬂ‘ugcre
2806 3528 3051 3584 voluisse
3104 3531 3453 3600 judicentur.
3514 3533 3581 3587 Et

1996 3617 2270 3672 hactenus
2303 3619 2524 3686 quidem
2559 3619 2861 3688 imperator
2895 3635 3091 3690 nepos.

315 3719 546 3790 γνώμης
603 3718 698 3772 καὶ
735 3717 1023 3787 φιλαρχίᾳ,
1073 3716 1170 3768 τοῦ
1217 3714 1482 3784 βασιλέως
1513 3713 1610 3766 καὶ
1661 3714 1890 3766 πάππου
1931 3711 2467 3776 κατεξανίστασθαιο
2502 3711 2620 3765 ἀλλ’
2681 3714 3078 3785 ἀδικουμένους
3106 3720 3200 3772 καὶ
3259 3719 3326 3773 τὰ
3374 3721 3580 3791 ἔσχατα

315 3815 716 3883 ὑπομένοντας,
740 3811 831 3864 τὸν
895 3807 1175 3878 προῦπτον
1241 3806 1489 3860 κίνδυνον
1519 3805 1968 3875 ἀποδιδράσκειν.
2011 3805 2122 3858 Καὶ
2151 3804 2322 3857 ταῦτα
2356 3805 2456 3875 μὲν
2481 3805 2734 3874 βασιλεὺς
2775 3808 2802 3860 ὁ
2837 3809 2976 3871 νέος.

1731 3935 1836 4005 19
1871 3912 2095 3992 CAPUT
2129 3935 2194 3990 v.

317 4066 481 4122 Dirus
509 4063 572 4118 ab
597 4078 694 4118 avo
722 4062 960 4117 nuntius.
995 4059 1202 4123 Altera,
1235 4063 1285 4112 et
1315 4057 1538 4124 antiqua
1563 4069 1728 4177 (inusti
1756 4054 1902 4176 intra
1938 4055 2311 4177 impera‘loresr
2343 4055 2570 4121 dissidii,
2633 4057 2856 4112 solutior
2923 4061 3162 4115 videlicet
3215 4067 3321 4118 vita
3354 4069 3576 4137 nepotis,

1544 4142 1572 4177 e
1632 4141 1717 4177 avi
1748 4140 1804 4177 in
1837 4141 1855 4177 ι
1905 4140 1992 4177 um
2027 4139 2122 4177 con
2152 4139 2270 4177 ume
2295 4139 2378 4177 ne.

1544 4135 1594 4180 et
1632 4135 1717 4180 avi
1748 4135 1804 4178 in
1837 4135 1992 4178 illum
2027 4135 2378 4178 contumelia.

400 4255 460 4308 Ὀ
501 4253 558 4306 δέ
584 4271 648 4322 γε
681 4250 1051 4322 πρεσῦύτερος
1076 4247 1154 4319 τῷ
1189 4248 1328 4322 πρὸς
1368 4245 1462 4300 τὸν
1494 4245 1716 4316 ἔγγονον
1744 4245 1892 4315 μίσει

319 4347 421 4416 τὴν
473 4345 705 4416 καρδίαν
748 4343 950 4414 μᾶλλον
995 4342 1264 4407 οἰδαίνων,
1300 4341 1556 4410 ἀγγέλλει
1612 4339 1702 4394 διά
1749 4356 1894 4403 τινος

318 4438 470 4508 αὐτῷ
524 4437 634 4490 τῶν
695 4435 1108 4506 συγκλητικῶν·
1150 4430 1324 4488 Οἶσθα
1369 4435 1474 4503 πρὸ
1525 4431 1721 4503 καιροῦ
1750 4449 1896 4496 τινος

319 4530 690 4604 αἰτησάμενός
731 4547 797 4601 με
828 4530 888 4582 τὸ
923 4528 1202 4582 Βασιλικὸν
1227 4527 1526 4582 ἀποθέσθαι
1561 4526 1768 4595 σχῆμα,
1803 4527 1896 4577 καὶ

2073 4243 2341 4300 Caeterum
2400 4248 2586 4302 senior
2637 4249 2763 4304 odio
2832 4252 2886 4306 in
2954 4263 3210 4324 nepotem
3266 4258 3579 4318 crudeliore

2003 4348 2293 4406 concepto,
2341 4353 2441 4406 per
2475 4351 2790 4396 senatorem
2843 4345 3140 4414 quemdam
3187 4349 3296 4420 (59)
3353 4353 3474 4406 haec
3525 4355 3578 4409 ei

2003 4431 2259 4486 nuntiat:
2289 4433 2609 4489 meminisse
2645 4435 2824 4505 ipsum
2851 4477 2864 4501 ,
2905 4441 3186 4509 quomodo
3231 4443 3367 4499 alias
3409 4445 3479 4501 ab
3519 4463 3580 4502 se
3628 4502 3631 4503 ν

2007 4527 2380 4591 contenderit,
2406 4528 2487 4582 uti
2523 4530 2644 4599 ejus
2669 4530 2811 4585 bona
2839 4533 2999 4587 venia
3043 4535 3239 4590 liceret
3279 4537 3462 4608 posito
3490 4555 3582 4593 or-

1600 4642 1819 4705 Jacobi
1850 4643 2120 4706 Pontani
2159 4652 2349 4707 noue.

390 4775 502 4845 (57)
528 4774 713 4830 Genus
765 4773 1048 4848 hominum
1108 4771 1266 4826 valde
1300 4770 1663 4848 _lmprobum_
1693 4782 1896 4848 nautae.
1931 4770 2123 4837 Digne
2155 4771 2476 4848 violentior_._
2511 4773 2756 4841 Suinpsit
2799 4791 2929 4846 ergo
2959 4776 3028 4832 ab
3075 4776 3343 4848 Euripide
3381 4779 3578 4837 Canta-

315 4841 622 4917 perjurum,
705 4843 986 4917 mendax,
1034 4856 1203 4896 naves
1259 4841 1474 4917 alienas
1525 4852 1582 4917 et
1650 4841 1902 4917 homines

317 4910 635 4985 despolians
659 4933 673 4968 :
703 4929 841 4985 quos
867 4914 1097 4982 apologo
1126 4913 1367 4985 quodam
1399 4913 1610 4985 notavit
1637 4910 1895 4983 Aisopus,

318 4981 450 5043 dum
485 5002 581 5038 eos
605 4981 743 5039 dicit
774 4984 827 5037 in
853 4981 1177 5053 tempestate
1201 4982 1369 5053 multa
1393 4981 1502 5036 diis
1529 4995 1750 5047 vovere,
1773 4981 1900 5052 qua:

321 5072 449 5113 cum
492 5059 546 5108 in
600 5055 758 5108 littus
806 5055 942 5108 salvi
967 5052 1351 5123 pervenerint,
1391 5053 1619 5123 minime
1652 5055 1896 5120 solvant;

318 5137 374 5182 et
413 5142 539 5180 eum
568 5125 771 5194 quibus
795 5124 921 5177 Bias
946 5121 1239 5194 navigabat
1271 5121 1425 5194 impii
1449 5159 1464 5184 ,
1495 5121 1807 5194 quibusque
1842 5126 1896 5181 in

320 5212 462 5252 saeva
495 5192 821 5263 tempestate
853 5192 1097 5248 deorum
1110 5208 1267 5262 opem
1297 5192 1725 5260 implorantibus
1753 5193 1900 5249 dice-

320 5267 440 5322 bat.
467 5270 670 5331 Tacete,
708 5279 773 5318 ne
804 5280 892 5319 uos
923 5263 1005 5318 illi
1032 5264 1114 5316 hic
1145 5265 1402 5332 navigare
1439 5265 1690 5327 sentiant,
1718 5278 1899 5320 nauta:

319 5337 668 5419 mitissimum
712 5345 891 5419 erant:
926 5334 1199 5419 Laertius,
1225 5331 1490 5419 Euripid.
1534 5333 1776 5419 lieen‘bo,
1803 5336 1897 5390 ubi

318 5405 410 5462 illa
453 5407 652 5460 misera
674 5405 870 5459 mulier
899 5406 1110 5474 captiva
1125 5405 1232 5474 jam
1260 5413 1315 5458 et
1348 5417 1505 5474 serva
1528 5405 1696 5458 mittit
1722 5405 1902 5460 famu-

317 5481 450 5541 lam,
476 5493 598 5545 quae
649 5484 801 5544 petat
840 5491 870 5530 a
917 5473 1140 5545 Graecis,
1177 5490 1244 5528 ne
1283 5473 1417 5545 quid
1451 5473 1507 5526 in
1541 5489 1740 5543 corpus
1772 5475 1894 5528 filiae

318 5543 605 5617 Polyxénae
650 5543 761 5614 jam
806 5546 883 5617 ad
938 5543 1760 5617 Achillistuinuluanactataa
1798 5547 1890 5598 de-

319 5614 536 5683 signent
582 5616 911 5670 illiberalius
938 5631 1002 5669 ac
1029 5614 1403 5683 petulantius:
1444 5614 1534 5668 Ἐν
1569 5617 1678 5683 γάρ
1710 5618 1889 5684 μυρίῳ

322 5686 693 5755 στρατεύματι
741 5687 1039 5755 ἀκόλαστος
1068 5685 1246 5753 ὄχλος,
1268 5686 1494 5752 ναυτική
1545 5686 1593 5736 τ’
1628 5688 1886 5753 ἀναρχία,

317 5754 587 5827 κρείσσων
636 5758 827 5824 πυρός.
865 5754 1009 5808 Nam
1039 5757 1095 5810 in
1133 5769 1408 5827 numeroso
1457 5755 1892 5827 excerciturindo-

319 5825 474 5892 inita,
513 5845 603 5883 seu
629 5827 848 5896 infrenis
885 5827 1039 5880 turba
1075 5833 1173 5891 est,
1200 5826 1517 5896 nauticaque
1551 5825 1784 5892 licentia,
1811 5835 1886 5878 est

2002 4855 2266 4906 cuzenus,
2297 4851 2356 4894 ut
2387 4842 2563 4897 vides.

2074 4911 2187 4985 (iis)
2215 4911 2268 4985 l_l_l
2302 4927 2414 4985 ms._
2438 4913 2552 4985 haec
2574 4914 2847 4985 aetiologia
2879 4933 2986 4971 non
3013 4927 3118 4974 est.

2074 4979 2186 5050 (59)
2221 4979 2450 5036 Nomina
2484 4979 2788 5057 σύγκλητος
2815 4999 2870 5040 et
2924 4988 3308 5057 συγκλητικὸς,
3359 5001 3576 5047 senatus

1999 5059 2054 5106 et
2100 5060 2336 5114 senator,
2370 5053 2514 5121 quod
2566 5053 2699 5108 mihi
2752 5057 2944 5111 videor
2994 5053 3337 5121 observasse,
3387 5077 3578 5117 noster

1998 5121 2238 5190 scriptor
2263 5122 2420 5196 varie
2465 5135 2714 5196 usurpat.
2747 5126 2905 5183 Nunc
2957 5129 3105 5181 enim
3153 5144 3406 5196 proceres
3439 5135 3576 5187 auli-

1999 5205 2096 5266 cos
2118 5193 2484 5266 conciliumve
2508 5193 2770 5260 anticum,
2812 5213 2908 5251 seu
2935 5193 3187 5251 senatum
3213 5200 3582 5266 iniperialem,

2005 5262 2122 5332 sive
2144 5262 2584 5332 imperatorium,
2633 5281 2781 5321 nunc
2833 5267 2954 5321 belli
2989 5267 3160 5323 duces
3211 5262 3576 5328 conciliumve

2008 5331 2289 5406 bellicum,
2311 5344 2366 5388 et
2394 5335 2688 5406 utrobique
2714 5337 3032 5406 optimates,
3055 5353 3119 5392 ac
3156 5339 3300 5394 viros
3333 5342 3575 5397 illustres

2007 5402 2412 5472 primariosque
2438 5405 2516 5459 sic
2541 5402 2794 5475 appellat.
2832 5406 3019 5477 Itaque
3043 5424 3167 5462 raro
3198 5414 3576 5467 transtulimus

1998 5487 2236 5545 senatus,
2265 5484 2558 5540 senatores,
2592 5491 2660 5531 ne
2694 5478 2820 5545 quis
2849 5478 2916 5532 de
2959 5479 3106 5533 civili
3154 5492 3344 5535 senatu
3395 5493 3446 5536 et
3486 5500 3574 5536 Se-

1997 5544 2288 5621 natoribus
2318 5562 2432 5621 rem
2467 5544 2878 5621 intelligendam
2913 5558 3130 5618 putaret
3161 5570 3182 5621 :7
3205 5551 3460 5621 fugienda
3493 5561 3578 5607 est

1996 5614 2145 5668 enim
2171 5617 2482 5688 ὁμωνυμία.
2514 5616 2627 5688 ῌοο
2651 5614 2834 5671 etiam
2880 5614 3023 5684 loco,
3052 5622 3095 5675 si
3140 5614 3334 5688 plaeét,
3361 5633 3578 5675 senato-

1996 5699 2134 5747 rem,
2172 5685 2351 5738 virum
2398 5686 2635 5740 nobilem
2691 5688 3022 5752 Palatinum,
3059 5685 3152 5744 aut
3199 5692 3575 5746 consiliarium

1994 5753 2363 5824 imperatoris,
2399 5759 2548 5811 einen
2581 5756 2629 5810 Κ
2634 5761 3014 5828 ammerherru,
3046 5761 3425 5831 interpretare.
