4012 6614
513 463 588 529 sa
1677 480 2003 566 JOA‘NNIS
2042 484 2574 552 CANTACUZENI
3230 493 3238 501 '
3695 511 3768 577 ss

519 580 726 632 tionem
775 578 843 634 ad
881 595 1041 636 avum
1095 580 1343 639 decernit
1368 628 1381 651 ,
1423 601 1546 639 cum
1587 597 1645 642 ut
1693 589 1934 646 furorem
1971 593 2079 662 ejus

2198 595 2338 664 ἔγνω
2368 598 2481 651 δεῖν
2514 599 2786 674 πρεσὸείᾳ
2829 603 3144 677 χρήσασθαί
3189 625 3296 664 τινι
3334 612 3468 685 πρὸς
3495 616 3588 669 τδν
3618 620 3770 672 πάπ-

515 669 753 739 mitiget,
805 688 1043 744 eumque
1080 676 1146 729 ad
1178 676 1468 733 lenitath
1508 694 1570 734 ac
1602 684 2085 740 mansuetudinem

517 760 790 822 traducat.
820 773 934 817 tum
973 773 1031 818 ut
1058 780 1282 821 causam
1316 778 1638 838 cognoscat,
1680 772 1753 828 ob
1802 789 1966 843 quam
1998 777 2089 832 ille

514 850 620 906 sibi
654 861 761 907 tam
800 854 1047 910 infensus
1097 868 1263 928 atque
1295 859 1530 918 infestus
1572 864 1666 918 sit.
1722 864 1892 936 Legat
1923 867 2091 939 igitur

474 940 814 1012 ‘Josephum
867 946 1181 1015 quemdam,
1239 948 1443 1007 virtute
1476 961 1532 1007 et
1576 954 1824 1011 doctrina
1866 959 2090 1028 conspi-

512 1051 675 1089 cuum
719 1036 856 1105 (65),
893 1046 949 1093 et
1000 1054 1100 1109 per
1151 1041 1399 1096 omnium
1439 1058 1534 1098 ora
1564 1045 1907 1103 volitantem.
1960 1048 2088 1117 Qui,

512 1143 833 1199 quanquam
893 1130 1177 1186 lucernam
1234 1134 1339 1188 sub
1374 1135 1559 1191 modio
1590 1137 1934 1227 abscondere
1989 1158 2091 1214 pro

511 1218 657 1273 virili
693 1221 993 1286 niteretur,
1050 1224 1189 1277 nihil
1239 1235 1421 1281 tamen
1447 1218 1832 1299 promovebat,
1868 1235 2089 1302 quando

441 1359 447 1365 .
512 1311 739 1365 otl‘atum
781 1313 1034 1368 Domini”
1068 1329 1174 1368 non
1232 1327 1415 1387 potest
1483 1320 1594 1376 ullo
1655 1323 1819 1379 modo
1858 1324 2087 1381 interci-

513 1403 667 1458 dere.
700 1404 778 1458 Eo
808 1406 1076 1476 siquidem
1101 1409 1453 1465 claritudinis
1486 1423 1911 1484 pervenerat,ut
1936 1434 2090 1472 com-

513 1497 781 1552 munibus
821 1500 1195 1569 imperatoris,
1234 1517 1404 1558 sacra:
1457 1507 1675 1576 synodi,
1727 1510 1968 1572 universi
2000 1526 2088 1564 se-

513 1602 679 1645 natus
747 1592 1236 1663 sufiragationibus
1291 1596 1344 1651 in
1395 1598 1679 1667 pontificia
1727 1601 1895 1675 hujus
1934 1619 2090 1659 nova:

512 1678 699 1734 Romae
729 1682 989 1736 cathedra
1027 1686 1381 1741 collocandus
1410 1698 1734 1744 censeretur
1770 1709 1783 1746 :
1816 1692 1919 1748 etsi
1945 1692 2089 1762 ipse,

516 1770 588 1823 ob
644 1771 968 1826 modestiam
1017 1774 1187 1829 animi
1245 1778 1794 1852 moderationemque
1849 1782 2091 1855 singula-

2192 705 2294 744 πον
2323 692 2415 745 καὶ
2457 691 2703 761 βασιλέα,
2757 695 2873 767 ἅμα
2911 699 3011 768 μὲν
3063 702 3157 754 καὶ
3186 701 3286 771 τὴν
3317 704 3487 779 ὀργὴν
3514 708 3765 778 ἐκμειλι-

2194 781 2419 854 ξόμενος
2473 786 2573 857 τὴν
2630 787 2839 842 ἐκείνου
2877 792 2975 847 καὶ
3022 794 3332 866 πραότερον
3364 800 3763 871 καταστήσων,

2194 872 2310 944 ἅμα
2341 876 2401 929 δὲ
2446 877 2543 931 καὶ
2585 879 2688 950 τὴν
2718 881 2901 935 αἰτίαν
2946 881 3149 938 ἐθέλων
3179 887 3375 956 μαθεῖν
3412 888 3481 944 δι’
3517 890 3587 963 ἦν
3623 893 3763 963 πρὸς

2191 967 2354 1020 αὐτὸν
2391 969 2419 1021 ό
2456 969 2710 1040 βασιλεὺς
2737 974 2912 1039 οὕτως
2939 976 3392 1051 έκπεπολέμωτο.
3439 984 3658 1054 Πέμπει
3695 987 3760 1059 δή

2190 1076 2312 1113 τινα
2365 1062 2475 1117 τῶν
2516 1065 2605 1118 ἐπ’
2641 1068 2811 1139 ἀρετῇ
2859 1070 2954 1123 κιιῖ¹
2981 1070 3275 1144 φιλοσοφία
3314 1076 3634 1146 γνωρίμων,
3669 1081 3764 1133 καὶ

2193 1153 2345 1223 παρὰ
2394 1156 2506 1219 τοῖς
2534 1156 2795 1213 ἀπάντων
2823 1161 3060 1233 στόμασι
3088 1164 3346 1234 κείμενον
3398 1166 3620 1237 Ἰωσήφ.
3667 1170 3765 1233 Ὃς

2192 1243 2573 1315 ἐφιλονείκησε
2602 1248 2721 1319 μὲν,
2757 1252 2819 1304 τό
2856 1269 2921 1320 γε
2954 1255 3035 1319 είς
3066 1256 3229 1311 αὐτὸν
3257 1251 3416 1329 ἧκον,
3446 1259 3540 1312 τὸν
3569 1259 3765 1331 λύχνον

2192 1335 2300 1389 ὑπὸ
2330 1336 2424 1391 τὸν
2455 1339 2641 1407 μόδιον
2665 1343 2894 1415 κρύψαι,
2932 1345 3033 1399 οὐκ
3060 1348 3304 1421 ἠδυνήθη
3332 1351 3408 1417 δὲ,
3440 1351 3536 1404 τοῦ
3554 1353 3763 1406 Δεσπο-

2192 1427 2351 1482 τικοῦ
2378 1428 2539 1498 λόγου
2577 1434 2795 1499 πάντως
2825 1436 2901 1509 μὴ
2933 1437 3235 1510 δυναμένου
3269 1442 3576 1498 διαπεσεῖν.
3620 1445 3762 1497 Ἀλλ’

2191 1515 2272 1603 είς
2321 1518 2579 1576 τοσοῦτον
2636 1517 2772 1593 ἦλθε
2821 1528 3203 1595 περιφανείας,
3252 1529 3331 1593 ὠς
3377 1530 3547 1601 ψήφῳ
3602 1534 3760 1603 κοινῇ

2191 1601 2460 1674 βασιλέως
2497 1625 2557 1662 τε
2614 1615 2710 1665 καὶ
2768 1614 2993 1669 συνόδου
3050 1616 3153 1686 τῆς
3213 1618 3364 1689 ἱερᾶς
3397 1656 3413 1681 ,
3450 1617 3533 1674 ἔτι
3575 1619 3633 1672 δὲ
3669 1601 3764 1673 καί.

2193 1697 2502 1770 συγκλήτου
2555 1702 2740 1777 πάσης
2773 1747 2789 1772 ,
2850 1707 2962 1762 τῶν
3015 1710 3493 1782 ὲκκλησιαστικῶν
3552 1712 3766 1785 θρόνων

2191 1790 2293 1857 τῆς
2327 1793 2456 1857 νέας
2484 1798 2724 1869 ταυτησὶ
2757 1798 2981 1873 Ῥώμης
3021 1803 3174 1869 ἄξιος
3204 1804 3618 1875 ἀποδειχθῆναι,
3658 1805 3767 1859 κᾶν

513 1875 627 1914 rem
677 1877 1013 1934 repugnans,
1074 1865 1353 1939 fastigium
1423 1881 1478 1925 et
1530 1875 1965 1944 magnitudinem
2009 1877 2079 1931 di-

2194 1881 2357 1949 αὐτὸς
2383 1885 2461 1956 τῷ
2490 1886 2613 1942 λίαν
2642 1865 2884 1962 ταπεινῷ
2911 1865 3006 1948 καὶ
3040 1865 3247 1967 μετρίῳ
3292 1865 3581 1968 ταδἠοὸυς
3606 1865 3732 1951 dmi;
3756 1930 3769 1943 -

512 1950 734 2021 gnitatis
766 1956 1018 2024 religiose
1077 1959 1396 2017 declinaret.
1456 1965 1598 2036 Ergo
1634 1966 1820 2038 [hujus
1848 1970 2079 2025 oratoris

2191 1990 2322 2031 σατο
2513 1981 2693 2047 ἀξίαν,
2710 1984 2772 2055 τὸ
2799 1950 2901 2055 της
2940 1950 3396 2060 καθέδραςιῦψος,
3434 1950 3541 2044 ’καὶ
3669 1991 3766 2062 μέ-

511 2043 646 2116 ore]
718 2045 1104 2118 imperatorem
1181 2069 1342 2109 avum
1406 2055 1487 2113 sic
1543 2060 2083 2133 alloquitur(66):

511 2133 962 2208 Quandoquidem
1024 2146 1348 2212 parentibus
1398 2147 1632 2219 singulis
1690 2152 1839 2223 (67)
1889 2156 2087 2224 praeci-

514 2245 684 2299 puum
721 2235 1013 2301 quemdam
1064 2253 1308 2294 antorem
1346 2256 1473 2312 erga
1530 2242 1740 2300 liberos
1777 2254 1972 2301 natura
2006 2247 2090 2301 iu-

512 2327 815 2393 generavit,
855 2330 1053 2384 rationi
1086 2343 1522 2390 consentaneum
1555 2349 1641 2393 est
1674 2339 1890 2409 utique,
1956 2350 2014 2394 ut
2046 2341 2085 2395 ii

509 2426 689 2470 errata
727 2421 892 2472 etiam
925 2422 1243 2479 eorumdem
1281 2425 1541 2497 obtegere
1591 2436 1646 2481 et
1697 2429 1974 2483 occultare
1997 2445 2086 2484 ve-

510 2509 632 2564 lint.
663 2510 816 2578 Quod
857 2513 900 2567 si
930 2527 1082 2583 pater
1110 2532 1253 2572 unus
1289 2518 1486 2589 aliquis
1518 2519 1690 2575 ﬁlium
1729 2522 1949 2592 copiose
1979 2525 2081 2593 21

510 2612 675 2673 atque
702 2605 1004 2661 honorifice
1038 2609 1368 2676 laudaverit,
1402 2628 1510 2668 non
1545 2615 1793 2684 effugiet,
1822 2615 1954 2687 quin
1981 2632 2083 2671 au-

513 2697 722 2753 ditores
771 2699 891 2754 illas
940 2700 1134 2754 laudes
1179 2704 1497 2769 ementitas,
1546 2716 1602 2758 et
1635 2706 1975 2761 laudatorem
2012 2707 2081 2762 ob

509 2788 839 2845 charitatem
876 2794 1416 2864 propensionemque
1456 2798 1764 2851 naturalem
1794 2798 2083 2868 deceptum

510 2897 842 2951 magnopere
893 2885 1270 2955 suspicentur.
1302 2886 1505 2941 Contra
1561 2904 1646 2952 ea,
1700 2889 1743 2943 si
1797 2890 1966 2944 lilium
1998 2891 2083 2946 vel

506 2974 617 3040 levi
653 2976 1082 3044 reprehensione
1106 2978 1521 3048 perstrinxerit,
1552 2997 1745 3035 rursus
1779 2998 1843 3036 ex
1876 2982 2083 3039 diame-

513 3079 600 3123 tro
627 3069 859 3123 nimium
911 3069 1080 3125 fuisse
1112 3071 1506 3141 reprehensum
1543 3074 1996 3144 interpretantur,
2026 3087 2084 3132 et

502 3162 736 3233 ,adzeque
765 3174 1024 3235 arguunt.
1081 3165 1252 3235 igitur
1285 3182 1410 3220 cum
1443 3178 1522 3231 tu,
1560 3176 1714 3237 pater
1746 3185 1925 3233 meus,
1975 3181 2080 3226 tam

510 3258 667 3309 valde
701 3257 834 3310 mihi
864 3257 1137 3321 irascaris,
1171 3257 1451 3329 multaque
1483 3270 1539 3315 et
1571 3260 1717 3314 varia
1753 3263 1805 3315 in
1838 3280 1922 3319 Ine
1944 3280 2077 3319 con-

508 3348 651 3401 vicia
670 3356 723 3401 et
754 3347 1040 3403 maledicta
1066 3348 1287 3403 assiduo
1312 3351 1507 3420 jactes,
1544 3353 1801 3424 quodque
1831 3356 2075 3410 omnium

510 3441 891 3505 durissimum,
922 3451 1028 3495 ct-a
1064 3457 1174 3512 quo
1218 3459 1327 3498 non
1376 3445 1553 3500 solum
1589 3446 1828 3504 dicendo
1867 3450 2074 3520 lingua,

508 3534 603 3594 sed
640 3535 805 3594 etiam
838 3534 1114 3594 audiendo
1137 3552 1299 3595 aures
1323 3554 1455 3598 mese
1490 3540 1812 3609 abhorrent,
1843 3560 1967 3601 cum
1992 3561 2080 3599 ca-

507 3631 609 3700 piti
644 3641 739 3686 tuo
765 3630 1081 3701 frequenter
1113 3634 1308 3686 malam
1357 3644 1567 3704 pestem
1615 3634 1949 3704 imprecatus
1982 3639 2080 3704 sis,

510 3728 552 3777 si
589 3741 690 3793 ego
727 3741 967 3795 unquam
1003 3726 1069 3781 ad
1128 3728 1300 3781 ullum
1345 3743 1527 3798 operre
1562 3730 1803 3798 pretium
1863 3730 2073 3787 facien-

507 3817 638 3871 dum
703 3817 906 3873 habilis
955 3827 1012 3871 et
1044 3820 1330 3889 appositus
1379 3820 1645 3875 viderer:
1679 3822 1938 3892 quodque
1987 3822 2074 3878 vel

506 3912 625 3981 ipsa
673 3919 852 3967 marte
890 3911 1131 3966 amarius
1161 3917 1266 3976 est,
1299 3928 1421 3966 cum
1472 3914 1685 3975 minuta
1721 3909 1977 3984 quadam
2020 3926 2079 3971 et

503 4003 730 4057 fortuita
762 4010 957 4056 eventa
999 4002 1253 4058 caelestes
1282 4002 1736 4075 signiﬁcationes,
1790 4005 2076 4078 divinique

504 4093 717 4148 consilii
743 4093 1242 4149 demonstrationes
1270 4095 1573 4163 existimes,
1589 4098 1791 4168 quibus
1808 4099 1874 4155 ad
1897 4116 2075 4172 pepu-

488 4180 589 4243 jlos
641 4182 872 4252 imperio
928 4186 1198 4257 regendos
1257 4187 1481 4257 ineptus
1543 4190 1841 4257 ostendar,
1904 4193 2073 4262 quis,

500 4295 708 4347 quasso,
730 4280 1097 4333 ltomanoeum
1130 4280 1514 4343 hmcaudiens.
1534 4297 1644 4336 non
1678 4292 1730 4337 te
1756 4286 1928 4341 maria
1962 4296 2075 4343 tota

502 4370 882 4432 improborum
938 4371 1249 4426 facinorum
1283 4371 1396 4444 (68)
1427 4387 1642 4427 mecum
1700 4374 1768 4430 de
1805 4391 1892 4432 me
1939 4392 2073 4434 con-

501 4461 644 4515 scire
684 4460 1230 4517 arbitrabiturﬂdeo
1263 4471 1446 4517 autem
1473 4463 1689 4521 modica
1720 4469 1971 4537 quaedam
2005 4471 2072 4526 ad

574 4580 595 4610 '
631 4577 824 4632 Matth.
859 4592 912 4645 ν,
949 4579 1037 4634 15.

2197 2070 2358 2139 γεθος
2395 2072 2720 2145 εὐλαῦηθεὶς
2743 2079 2843 2149 τῆς
2868 2080 3065 2150 ἀρχῆς.
3095 2079 3281 2153 Τούτῳ
3316 2083 3381 2153 δὴ
3414 2083 3766 2154 χρησάμενος

2200 2164 2513 2238 πρεσσευτῇ
2546 2208 2561 2233 ,
2612 2171 2883 2241 ἀναφέρει
2941 2170 3011 2225 δι’
3053 2173 3220 2226 αὐτοῦ
3270 2174 3349 2245 τῷ
3397 2175 3611 2244 βασιλεῖ
3669 2176 3765 2229 καὶ

2193 2256 2407 2329 πάππῳ
2458 2258 2675 2314 τοιάδεο
2725 2262 2847 2316 Τῶν
2902 2265 3317 2337 γεγεννηκότων
3352 2266 3573 2321 πάντων
3624 2266 3765 2338 πρίις

2193 2350 2323 2413 τοὺς
2368 2350 2429 2417 ἐξ
2471 2353 2653 2406 αὐτῶν
2685 2357 2889 2427 φυσικῇ
2921 2375 3033 2411 τινι
3058 2359 3490 2429 κεκρατημένων
3521 2362 3762 2430 στοργῇ,

2195 2445 2344 2507 εἰκός
2391 2445 2509 2498 ἐστι
2550 2446 2724 2516 δήπου
2778 2448 2874 2502 κα).
2917 2447 2985 2501 τὰ
3016 2449 3124 2502 τῶν
3166 2450 3373 2505 παίδων
3405 2451 3763 2522 ἐλαττώματα

2196 2537 2516 2602 συσκιάζειν
2550 2539 2780 2595 ἐθέλειν.
2818 2540 2937 2593 Κάν
2968 2559 3051 2604 τις
3085 2541 3229 2613 ὑπὲρ
3260 2542 3355 2595 τοῦ
3400 2544 3591 2605 παιδὸς
3624 2544 3763 2596 πολ-

2193 2625 2320 2689 λούς
2360 2644 2512 2690 τινας
2540 2628 2783 2700 διεξέλθῃ
2820 2632 2913 2684 καὶ
2950 2630 3295 2700 θαυμασίους
3324 2632 3602 2696 ἐπαίνους,
3635 2633 3762 2686 ὑπο-

2191 2718 2322 2789 ψίαν
2351 2720 2413 2774 οὐ
2459 2721 2661 2792 μικρὰν
2702 2713 2815 2785 τοῖς
2851 2722 3112 2776 ἀκούουσι
3144 2725 3398 2796 παρέχει,
3451 2726 3527 2790 ὡς
3573 2726 3631 2780 ού
3660 2726 3760 2782 τοῦ

2193 2813 2385 2876 παιδὸς
2410 2813 2564 2876 ὄντος
2597 2815 2869 2881 τοιούτου,
2918 2815 3053 2870 ἀλλά
3094 2818 3276 2886 πολλῷ
3317 2817 3396 2887 τῷ
3438 2819 3619 2890 μέτρῳ
3646 2819 3761 2871 λει-

2192 2907 2432 2977 πομένου
2484 2907 2593 2960 τῶν
2637 2907 2903 2971 ἐπαίνων,
2952 2906 3118 2960 αὑτοῦ
3163 2907 3221 2961 δὲ
3272 2910 3638 2980 ἀπατωμένου
3668 2911 3759 2965 διὰ

2190 2999 2288 3068 τὴν
2320 3001 2506 3069 σχέσιν
2558 2999 2655 3071 τὴν
2700 3001 2839 3072 πρὸς
2895 3001 3085 3055 αὐτόν.
3122 3002 3219 3054 Ἂν
3275 3000 3321 3054 δ’
3374 3004 3402 3055 ὁ
3447 3003 3631 3074 πατὴρ
3677 3004 3759 3073 τῷ

2191 3090 2342 3143 παιδί
2375 3107 2497 3144 τινα
2548 3093 2644 3145 καὶ
2696 3090 2891 3161 μικρδν
2938 3090 3348 3164 προστρίψηται
3375 3094 3563 3164 ψόγον,
3593 3096 3757 3149 πάλιν

2189 3181 2253 3233 ὲκ
2286 3180 2581 3251 διαμέτρου
2626 3181 3071 3238 πολλαπλασίονα
3117 3182 3212 3238 τὸν
3242 3183 3411 3255 ψόγον
3443 3186 3755 3253 ὑπονοοῦσι,

2192 3274 2291 3346 τὴν
2338 3275 2458 3346 ίσην
2498 3275 2884 3346 προστιθέντες
2919 3278 3122 3333 αἰτίαν.
3155 3277 3257 3331 Σοῦ
3301 3279 3483 3333 τοίνυν
3511 3279 3604 3333 τοῦ
3644 3298 3756 3333 πα·-

2185 3369 2312 3438 τρδς
2358 3365 2481 3422 κατ’
2505 3369 2637 3438 ἐμοῦ
2701 3367 2797 3423 τοῦ
2844 3369 3035 3433 παιδὸς
3091 3368 3265 3433 οὕτως
3317 3372 3752 3442 ὲξωργισμένου,

2187 3461 2281 3514 καὶ
2354 3459 2558 3522 πολλὰς
2621 3458 2716 3513 καὶ
2759 3460 3015 3523 ποικίλας
3071 3459 3344 3531 ὁσημέραι
3387 3463 3755 3532 καταχέοντος

2187 3553 2284 3615 τὰς
2321 3551 2588 3621 λοιδορίας
2636 3553 2729 3605 καὶ
2766 3552 2834 3605 τὰ
2865 3551 3042 3622 ὀνείδη
3065 3592 3081 3617 ,
3130 3553 3224 3606 καὶ
3278 3553 3339 3606 τὸ
3384 3553 3603 3607 πάντων
3629 3555 3754 3622 ἐμοὶ

2192 3644 2525 3716 βαρύτατον,
2559 3643 2654 3697 καὶ
2692 3644 2720 3697 δ
2778 3643 2908 3717 μήτ’
2946 3644 3188 3709 ἀκούειν,
3234 3646 3370 3717 μήτε
3415 3646 3597 3715 λέγειν
3624 3647 3754 3699 ἀνε-

2185 3740 2316 3793 κτὸν
2363 3738 2507 3807 ἐμοὶ,
2541 3737 2688 3792 κατά
2748 3737 2980 3792 σεαυτοῦ
3039 3737 3301 3801 πολλάκις
3354 3738 3424 3792 τὰ
3472 3738 3753 3793 δεινότατα

2184 3827 2565 3897 ὲπαρωμένου,
2628 3826 2801 3879 είποτ⁹
2836 3824 2948 3894 ἐγὼ
3004 3826 3139 3893 πρός
3198 3840 3255 3879 τι
3313 3826 3424 3880 τῶν
3461 3827 3756 3898 χρησίμων

2184 3913 2400 3985 εὐφυῶς
2435 3914 2574 3986 ἔχων
2606 3916 2860 3985 φανείην·
2894 3914 2957 3966 τὸ
3006 3912 3052 3967 δ’
3083 3913 3164 3968 ἔτι
3195 3913 3256 3968 ὃν
3285 3914 3523 3969 θανάτου
3558 3918 3752 3987 πικρό-

2186 4028 2366 4080 τερον,
2399 4013 2460 4063 τδ
2499 4012 2595 4065 καὶ
2626 4011 2800 4083 μικρά
2829 4028 2952 4066 τινα
2988 4011 3329 4083 συμϐάματα
3359 4014 3433 4078 ὡς
3468 4012 3658 4085 ἔτυχεν
3684 4016 3753 4070 ἐκ

2174 4102 2269 4157 τοῦ
2308 4102 2683 4173 συμπεσόντος
2707 4102 3079 4175 γεγενημένα,
3108 4104 3441 4176 θεοσημείας
3488 4107 3583 4161 καὶ
3612 4106 3755 4160 Θεοῦ

2179 4196 2378 4267 βουλῆς
2416 4197 2791 4270 ἀποκαλύψεις
2836 4197 3110 4270 ἡγεῖσθαι,
3158 4199 3260 4270 ἐμὲ
3313 4201 3412 4271 τῆς
3462 4200 3745 4272 βασιλείας

2176 4289 2276 4342 οὐκ
2330 4288 2484 4355 ἀξιον
2515 4289 2958 4358 ἀποδεικνύντος,
3011 4288 3098 4355 τίς
3153 4291 3309 4347 ἔσται
3352 4292 3644 4364 Ῥωμαίων
3692 4294 3752 4359 δς
3846 4372 3849 4375 γ

2169 4379 2347 4434 ταῦτα
2375 4380 2613 4446 ἀκούων,
2643 4382 2705 4436 ού
2755 4382 3031 4446 θαλάσσας
3078 4383 3207 4447 ὅλας
3256 4384 3447 4439 κακῶν
3477 4387 3599 4454 ἐμοὶ
3629 4402 3753 4439 συν.

2173 4473 2371 4529 ειδέναι
2422 4476 2689 4545 λογιεῖται
2745 4477 2843 4528 τὸν
2888 4475 3136 4548 πατέρας
3177 4478 3287 4532 Καὶ
3319 4477 3409 4532 διὰ
3451 4478 3613 4533 τοῦτο
3653 4481 3753 4534 καὶ

1349 4722 1355 4729 ,
1766 4659 1983 4722 Jacobi
2017 4662 2284 4726 Pontani
2320 4670 2508 4726 notas.

500 4760 570 4813 ab
601 4757 860 4843 llomcro,
892 4755 1068 4843 aliove
1094 4768 1251 4843 puncta
1276 4761 1702 4843 sumpserit,_et
1730 4780 1797 4843 a_n
1828 4766 2068 4836 priorem
2102 4776 2146 4832 ι)
2177 4770 2424 4843 tionibus
2464 4779 2686 4843 servat:
2719 4768 3012 4843 ubiilegati
3055 4784 3343 4843 personam
3388 4769 3747 4843 mittentisiin

500 4845 693 4905 vocem
723 4828 1043 4905 mutaverit,
1071 4828 1115 4885 si
1154 4829 1384 4885 forsitan
1407 4828 1578 4903 ’μῆνιν
1604 4832 1729 4897 fuit,
1762 4828 1977 4905 ignoro.

572 4899 685 4969 (65)
728 4898 1082 4967 Phil050phia
1112 4915 1220 4955 non
1252 4898 1587 4969 semperest
1629 4905 1718 4958 illa
1758 4898 2068 4964 divinarum

498 4970 978 5044 humanarumque
1022 4985 1206 5024 rerum
1260 4971 1543 5044 cognitio:
1576 4988 1720 5044 saipe
1749 4976 1896 5030 enim
1931 4979 2070 5036 libe-

501 5040 671 5115 ralem
707 5038 1163 5115 doettjttam,_scu
1209 5038 1583 5115 eruditionem
1619 5038 1936 5115 ingenuam,
1967 5064 2065 5104 seu

503 5107 1012 5181 φιλολογίανϐιπαῑτί
1054 5108 1163 5181 hoc
1196 5110 1365 5165 verbo
1403 5107 1739 5181 exprimunt.
1800 5107 2069 5174 Isocrates

502 5180 557 5255 i_n
596 5178 790 5255 primis
820 5178 921 5255 (ex
967 5193 1076 5246 quo
1116 5180 1269 5255 plura
1309 5178 1625 5255 testimonia
1672 5184 1905 5241 Budaeus
1935 5203 2068 5255 pro-

498 5251 643 5326 fert)
675 5248 960 5326 quietiam
1007 5250 1254 5326 oratione
1288 5254 1421 5326 mp}
1446 5254 1546 5316 τῆς
1582 5255 1810 5325 εἰρήνης
1844 5255 1895 5326 in
1935 5248 2069 5326 line,

501 5319 826 5392 φιλοσόφους
850 5388 862 5392 _
890 5327 1056 5392 vocat
1085 5320 1333 5375 homines
1363 5319 1703 5378 'litteraru'm'
1754 5319 2070 5390 studiosos,

497 5388 626 5463 quia
683 5398 739 5443 et
786 5388 1117 5463 φιλοσοφεῖν,
1165 5392 1503 5463 ’σπουδάζειν
1559 5394 1852 5463 significat.
1917 5388 2069 5453 Sacri

2176 4841 2412 4895 dicendo
2456 4840 2711 4896 induunt.
2752 4840 2994 4895 Primum
3030 4840 3342 4910 exemplum
3380 4851 3466 4895 est
3515 4841 3618 4896 hoc
3656 4842 3755 4897 Jo-

2172 4910 2513 4984 sephi.gQuo
2557 4927 2645 4984 res
2687 4910 2843 4965 ﬂeret
2883 4911 3128 4984 planior,
3180 4910 3311 4984 illas
3355 4925 3538 4977 voces,
3587 4913 3751 4984 hujus

2171 4982 2399 5036 oratoris
2414 4998 2523 5039 ore.
2565 4982 2634 5036 de
2660 4988 2850 5036 nostro
2878 4979 3155 5034 addendas
3186 4980 3463 5034 duximus.

2243 5052 2354 5120 (67)
2400 5051 2610 5121 Smpius
2638 5064 2800 5121 avum
2835 5059 3043 5118 patrem
3084 5050 3377 5121 nominat;
3428 5064 3558 5105 vere
3595 5053 3753 5110 enim

2172 5133 2328 5190 pater
2353 5131 2457 5181 est,
2499 5120 2752 5190 quamvis
2796 5135 2904 5190 non
2923 5120 3242 5190 proximus,
3267 5120 3360 5190 sed
3413 5121 3609 5189 major,
3642 5125 3752 5178 hoc

2171 5187 2298 5254 est,
2350 5187 2652 5259 antiquior.
2700 5188 2854 5245 Unde
2911 5187 3219 5259 Germanis,
3278 5187 3589 5245 Grossvatcr
3629 5207 3649 5247 :
3691 5202 3752 5247 et

2168 5261 2429 5316 defuncto
2448 5258 2887 5330 Michaelepatre
2916 5258 3176 5321 naturali,
3196 5273 3332 5330 avus
3353 5269 3473 5313 erat
3495 5260 3545 5313 ei
3576 5262 3750 5330 patris

2168 5332 2309 5385 loco.
2342 5330 2682 5397 Diligehatur
2723 5328 2855 5382 item
2898 5336 2958 5399 ut
2995 5344 3023 5382 a
3049 5338 3202 5399 patre
3241 5328 3404 5399 filius,
3435 5339 3490 5384 et
3520 5328 3748 5399 revere-

2168 5400 2327 5455 batur
2361 5416 2487 5454 cum
2530 5398 2769 5454 vicissim
2804 5406 2865 5452 ut
2907 5397 3063 5453 filius
3080 5406 3326 5468 patrem;
3363 5397 3470 5455 hoc
3496 5398 3645 5455 enim
3677 5399 3750 5457 de

496 5460 797 5529 scriptores
842 5458 1011 5513 Graeci
1055 5460 1298 5516 studium
1322 5463 1446 5517 vita:
1469 5458 1864 5518 innoEenteret
1882 5480 2073 5523 sancte
2164 5484 2227 5525 se
2260 5469 2410 5525 credi
2437 5470 2575 5525 vult'.

496 5532 720 5603 agenda:
746 5529 1091 5603 frequentius
1122 5534 1440 5599 φιλοσοφίαν
1487 5532 1791 5598 nominant,
1825 5536 1952 5603 quia
1991 5539 2074 5590 ni-

497 5601 697 5672 mirum
738 5602 896 5653 timor
928 5600 1136 5655 Domini
1175 5603 1454 5671 disciplina
1482 5603 1756 5670 sapientia!
1776 5618 1813 5672 ,ε
1839 5600 2069 5661 Prover-

495 5668 712 5723 biorum
743 5672 917 5739 capite
944 5672 1157 5726 decimo
1195 5668 1411 5739 quinto.

570 5742 682 5809 (66)
720 5742 878 5794 Amat
930 5754 1121 5814 noster
1157 5742 1457 5797 historicus
1501 5744 1803 5803 orationes.
1832 5761 1954 5814 qua:
1986 5747 2072 5800 di-

495 5821 655 5883 rectae
686 5819 974 5874 vocantur,
1008 5812 1112 5865 hoc
1141 5821 1246 5870 est.
1279 5827 1375 5879 per
1400 5816 1630 5879 primam
1665 5812 1952 5883 personam
2012 5827 2069 5872 et

496 5880 854 5953 indicativum
907 5884 1129 5935 modum
1182 5893 1477 5953 conceptas
1533 5880 1717 5953 (quod
1780 5887 1831 5937 in
1878 5890 2066 5953 praefa-

494 5951 644 6007 tione
693 5955 953 6008 lectorem
991 5952 1371 6017 monuimus),
1400 5962 1457 6006 et
1503 5951 1608 6009 hoc
1638 5956 1802 6008 etiam
1834 5951 1890 6010 in
1922 5957 2069 6021 lcga—

674 6171 711 6178 -ρ

2240 5540 2354 5605 (68)
2396 5540 2532 5595 Cum
2585 5538 2880 5610 proverbio
2920 5538 3205 5604 dicamus.
3248 5552 3400 5594 mare
3435 5538 3744 5605 bonorum,

2167 5608 2333 5669 sicut.
2374 5625 2523 5665 mare
2571 5608 2864 5669 malorum,
2894 5626 2994 5679 pro
3034 5610 3529 5665 innumerabilibus
3586 5610 3747 5666 bonis

2167 5694 2231 5733 ac
2263 5680 2445 5739 malis.
2476 5680 2748 5734 sententia
2780 5681 3039 5748 postulat,
3072 5690 3130 5733 ut
3158 5680 3344 5732 κακῶν
3371 5679 3460 5735 hic
3490 5696 3598 5734 non
3633 5696 3748 5733 ma-

2170 5748 2361 5814 lorum,
2391 5751 2482 5804 sed
2544 5751 2811 5812 vitiorum,
2842 5761 2936 5803 aut
2965 5750 3223 5804 malorum
3247 5749 3543 5818 facinorum
3574 5749 3745 5803 inter.

2167 5830 2468 5888 prelemur.
2497 5819 2661 5874 Auxit
2690 5835 2802 5873 rem
2835 5821 3012 5883 valde,
3041 5835 3166 5874 cum
3203 5821 3399 5890 θαλερὴ
3422 5821 3569 5886 ὅλας,
3607 5828 3741 5885 tota,

2169 5893 2415 5961 dixitque
2453 5891 2731 5954 Θαλάσσας
2756 5891 2860 5943 τῶν
2898 5891 3106 5943 κακῶν.
