  <div class='ocr_page' id='page_1' title='image "/cluster/home/n/w/nwhite01/storage/ocr_20150623/153/hvd.32044019208412/050.png"; bbox 0 0 4012 6600; ppageno 0'>
   <div class='ocr_carea' id='block_1_1' title="bbox 276 415 395 524">
    <p class='ocr_par' dir='ltr' id='par_1_1' title="bbox 276 415 395 524">
     <span class='ocr_line' id='line_1_1' title="bbox 276 415 395 524; baseline 0 0"><span class='ocrx_word' id='word_1_1' title='bbox 276 415 395 524; x_wconf 37' lang='lat'><strong>&#39;85</strong></span> 
     </span>
    </p>
   </div>
   <div class='ocr_carea' id='block_1_2' title="bbox 2217 325 2297 334">
    <p class='ocr_par' dir='ltr' id='par_1_2' title="bbox 2217 325 2297 334">
     <span class='ocr_line' id='line_1_2' title="bbox 2217 325 2297 334; baseline 0.025 -2"><span class='ocrx_word' id='word_1_2' title='bbox 2217 325 2297 334; x_wconf 63' lang='grc' dir='ltr'><strong>ρ-ν-</strong></span> 
     </span>
    </p>
   </div>
   <div class='ocr_carea' id='block_1_3' title="bbox 1503 465 1883 535">
    <p class='ocr_par' dir='ltr' id='par_1_3' title="bbox 1503 465 1883 527">
     <span class='ocr_line' id='line_1_3' title="bbox 1503 465 1883 527; baseline -0.003 0"><span class='ocrx_word' id='word_1_3' title='bbox 1503 465 1883 527; x_wconf 74' lang='grc' dir='ltr'><strong>ΗῙΞΤΟΗΙΑ]</strong></span> 
     </span>
    </p>
   </div>
   <div class='ocr_carea' id='block_1_4' title="bbox 1987 465 3573 535">
    <p class='ocr_par' dir='ltr' id='par_1_4' title="bbox 1991 467 3573 535">
     <span class='ocr_line' id='line_1_4' title="bbox 1991 467 3573 535; baseline 0.004 -9"><span class='ocrx_word' id='word_1_4' title='bbox 1991 467 2048 526; x_wconf 88' lang='grc' dir='ltr'>Μ</span> <span class='ocrx_word' id='word_1_5' title='bbox 2093 468 2322 530; x_wconf 76' lang='lat' dir='ltr'><strong>LIBER</strong></span> <span class='ocrx_word' id='word_1_6' title='bbox 2358 470 2411 529; x_wconf 89' lang='grc' dir='ltr'><strong>Ι.</strong></span> <span class='ocrx_word' id='word_1_7' title='bbox 3501 473 3573 535; x_wconf 84' lang='grc'><strong>86</strong></span> 
     </span>
    </p>
   </div>
   <div class='ocr_carea' id='block_1_5' title="bbox 325 578 1883 656">
    <p class='ocr_par' dir='ltr' id='par_1_5' title="bbox 325 578 1883 654">
     <span class='ocr_line' id='line_1_5' title="bbox 325 578 1883 654; baseline 0 -22"><span class='ocrx_word' id='word_1_8' title='bbox 325 581 502 652; x_wconf 88' lang='grc' dir='ltr'>μικρά</span> <span class='ocrx_word' id='word_1_9' title='bbox 563 598 688 636; x_wconf 84' lang='grc' dir='ltr'>τινα</span> <span class='ocrx_word' id='word_1_10' title='bbox 756 583 1080 654; x_wconf 77' lang='grc' dir='ltr'>προχεῖσθαι</span> <span class='ocrx_word' id='word_1_11' title='bbox 1151 581 1264 646; x_wconf 76' lang='grc' dir='ltr'>τοῖς</span> <span class='ocrx_word' id='word_1_12' title='bbox 1322 579 1468 648; x_wconf 74' lang='grc' dir='ltr'>ἔξω,</span> <span class='ocrx_word' id='word_1_13' title='bbox 1536 581 1736 651; x_wconf 83' lang='grc' dir='ltr'>δεῖγμα</span> <span class='ocrx_word' id='word_1_14' title='bbox 1802 578 1883 633; x_wconf 69' lang='lat' dir='ltr'><strong>soi</strong></span> 
     </span>
    </p>
   </div>
   <div class='ocr_carea' id='block_1_6' title="bbox 1987 578 3568 656">
    <p class='ocr_par' dir='ltr' id='par_1_6' title="bbox 2001 581 3568 656">
     <span class='ocr_line' id='line_1_6' title="bbox 2001 581 3568 656; baseline 0 -19"><span class='ocrx_word' id='word_1_15' title='bbox 2001 581 2141 637; x_wconf 88' lang='lat' dir='ltr'><strong>alios</strong></span> <span class='ocrx_word' id='word_1_16' title='bbox 2171 583 2271 638; x_wconf 90' lang='lat' dir='ltr'><strong>abs</strong></span> <span class='ocrx_word' id='word_1_17' title='bbox 2323 591 2375 640; x_wconf 86' lang='lat' dir='ltr'><strong>te</strong></span> <span class='ocrx_word' id='word_1_18' title='bbox 2431 583 2694 654; x_wconf 83' lang='lat' dir='ltr'><strong>profundi</strong></span> <span class='ocrx_word' id='word_1_19' title='bbox 2752 584 2891 653; x_wconf 83' lang='lat'><strong>(69),</strong></span> <span class='ocrx_word' id='word_1_20' title='bbox 2935 593 2994 638; x_wconf 90' lang='lat' dir='ltr'><strong>ut</strong></span> <span class='ocrx_word' id='word_1_21' title='bbox 3048 592 3374 656; x_wconf 85' lang='lat' dir='ltr'><strong>argumento</strong></span> <span class='ocrx_word' id='word_1_22' title='bbox 3434 583 3568 648; x_wconf 80' lang='lat' dir='ltr'><strong>sint,</strong></span> 
     </span>
    </p>
   </div>
   <div class='ocr_carea' id='block_1_7' title="bbox 321 671 1893 746">
    <p class='ocr_par' dir='ltr' id='par_1_7' title="bbox 321 671 1893 746">
     <span class='ocr_line' id='line_1_7' title="bbox 321 671 1893 746; baseline -0.001 -20"><span class='ocrx_word' id='word_1_23' title='bbox 321 675 710 746; x_wconf 76' lang='grc' dir='ltr'><strong>κεκρυμμένου</strong></span> <span class='ocrx_word' id='word_1_24' title='bbox 769 675 1010 745; x_wconf 82' lang='grc' dir='ltr'>πλήθους</span> <span class='ocrx_word' id='word_1_25' title='bbox 1062 675 1172 730; x_wconf 87' lang='grc' dir='ltr'><strong>τῶν</strong></span> <span class='ocrx_word' id='word_1_26' title='bbox 1226 673 1516 746; x_wconf 82' lang='grc' dir='ltr'><strong>ἀφορήτων</strong></span> <span class='ocrx_word' id='word_1_27' title='bbox 1565 673 1758 729; x_wconf 88' lang='grc' dir='ltr'>κακῶν</span> <span class='ocrx_word' id='word_1_28' title='bbox 1797 671 1893 728; x_wconf 90' lang='grc' dir='ltr'><strong>καί</strong></span> 
     </span>
    </p>
   </div>
   <div class='ocr_carea' id='block_1_8' title="bbox 323 763 1892 836">
    <p class='ocr_par' dir='ltr' id='par_1_8' title="bbox 323 763 1892 836">
     <span class='ocr_line' id='line_1_8' title="bbox 323 763 1892 836; baseline 0.001 -18"><span class='ocrx_word' id='word_1_29' title='bbox 323 782 408 818; x_wconf 92' lang='grc' dir='ltr'><strong>σοι</strong></span> <span class='ocrx_word' id='word_1_30' title='bbox 461 765 538 836; x_wconf 82' lang='grc' dir='ltr'>τῷ</span> <span class='ocrx_word' id='word_1_31' title='bbox 587 766 778 836; x_wconf 84' lang='grc' dir='ltr'>πατρί·</span> <span class='ocrx_word' id='word_1_32' title='bbox 815 767 949 820; x_wconf 84' lang='grc' dir='ltr'>ὅπου</span> <span class='ocrx_word' id='word_1_33' title='bbox 997 782 1064 835; x_wconf 77' lang='grc' dir='ltr'><strong>γε</strong></span> <span class='ocrx_word' id='word_1_34' title='bbox 1120 767 1216 821; x_wconf 71' lang='grc' dir='ltr'><strong>καὶ</strong></span> <span class='ocrx_word' id='word_1_35' title='bbox 1249 763 1623 836; x_wconf 74' lang='grc' dir='ltr'>θαυμάζοντός</span> <span class='ocrx_word' id='word_1_36' title='bbox 1665 781 1762 818; x_wconf 90' lang='grc' dir='ltr'><strong>σου</strong></span> <span class='ocrx_word' id='word_1_37' title='bbox 1796 767 1892 820; x_wconf 83' lang='grc' dir='ltr'><strong>καὶ</strong></span> 
     </span>
    </p>
   </div>
   <div class='ocr_carea' id='block_1_9' title="bbox 323 857 1896 931">
    <p class='ocr_par' dir='ltr' id='par_1_9' title="bbox 323 857 1896 931">
     <span class='ocr_line' id='line_1_9' title="bbox 323 857 1896 931; baseline 0.001 -20"><span class='ocrx_word' id='word_1_38' title='bbox 323 857 554 922; x_wconf 81' lang='grc' dir='ltr'>πολλοὺς</span> <span class='ocrx_word' id='word_1_39' title='bbox 605 859 865 925; x_wconf 70' lang='grc' dir='ltr'>ἑπαίνους</span> <span class='ocrx_word' id='word_1_40' title='bbox 922 860 1238 926; x_wconf 78' lang='grc' dir='ltr'>διεξιόντος,</span> <span class='ocrx_word' id='word_1_41' title='bbox 1273 859 1371 915; x_wconf 76' lang='grc' dir='ltr'>καὶ</span> <span class='ocrx_word' id='word_1_42' title='bbox 1406 859 1570 915; x_wconf 81' lang='grc' dir='ltr'>πλέον</span> <span class='ocrx_word' id='word_1_43' title='bbox 1601 859 1896 931; x_wconf 74' lang='grc' dir='ltr'>σεμνύνον-</span> 
     </span>
    </p>
   </div>
   <div class='ocr_carea' id='block_1_10' title="bbox 321 947 1896 1023">
    <p class='ocr_par' dir='ltr' id='par_1_10' title="bbox 321 947 1896 1023">
     <span class='ocr_line' id='line_1_10' title="bbox 321 947 1896 1023; baseline 0.001 -20"><span class='ocrx_word' id='word_1_44' title='bbox 321 966 411 1014; x_wconf 86' lang='grc' dir='ltr'><strong>τος</strong></span> <span class='ocrx_word' id='word_1_45' title='bbox 463 949 496 1018; x_wconf 76' lang='grc' dir='ltr'>ἢ</span> <span class='ocrx_word' id='word_1_46' title='bbox 541 951 810 1021; x_wconf 84' lang='grc' dir='ltr'>προσῆκε,</span> <span class='ocrx_word' id='word_1_47' title='bbox 839 949 1049 1014; x_wconf 78' lang='grc' dir='ltr'><strong>τούτοις</strong></span> <span class='ocrx_word' id='word_1_48' title='bbox 1097 951 1155 1004; x_wconf 75' lang='grc' dir='ltr'>δὲ</span> <span class='ocrx_word' id='word_1_49' title='bbox 1210 951 1359 1016; x_wconf 81' lang='grc' dir='ltr'>είκδς</span> <span class='ocrx_word' id='word_1_50' title='bbox 1413 947 1480 1023; x_wconf 76' lang='grc' dir='ltr'>ἦν</span> <span class='ocrx_word' id='word_1_51' title='bbox 1527 951 1622 1005; x_wconf 78' lang='grc' dir='ltr'><strong>τὸν</strong></span> <span class='ocrx_word' id='word_1_52' title='bbox 1670 951 1896 1005; x_wconf 74' lang='grc' dir='ltr'>ἔπαινον</span> 
     </span>
    </p>
   </div>
   <div class='ocr_carea' id='block_1_11' title="bbox 323 1040 1896 1112">
    <p class='ocr_par' dir='ltr' id='par_1_11' title="bbox 323 1040 1896 1112">
     <span class='ocr_line' id='line_1_11' title="bbox 323 1040 1896 1112; baseline 0.001 -16"><span class='ocrx_word' id='word_1_53' title='bbox 323 1040 677 1103; x_wconf 73' lang='grc' dir='ltr'>ὑποπτεύειν.</span> <span class='ocrx_word' id='word_1_54' title='bbox 705 1043 770 1112; x_wconf 82' lang='grc' dir='ltr'>τῇ</span> <span class='ocrx_word' id='word_1_55' title='bbox 799 1042 936 1110; x_wconf 75' lang='grc' dir='ltr'>πρὸς</span> <span class='ocrx_word' id='word_1_56' title='bbox 959 1042 1051 1096; x_wconf 75' lang='grc' dir='ltr'>τὸν</span> <span class='ocrx_word' id='word_1_57' title='bbox 1083 1043 1249 1098; x_wconf 86' lang='grc' dir='ltr'>παῖδα</span> <span class='ocrx_word' id='word_1_58' title='bbox 1282 1043 1524 1098; x_wconf 79' lang='grc' dir='ltr'><strong>διαθέσει</strong></span> <span class='ocrx_word' id='word_1_59' title='bbox 1550 1042 1711 1097; x_wconf 82' lang='grc' dir='ltr'>τοῦτο</span> <span class='ocrx_word' id='word_1_60' title='bbox 1742 1043 1896 1112; x_wconf 68' lang='grc' dir='ltr'>λογιο</span> 
     </span>
    </p>
   </div>
   <div class='ocr_carea' id='block_1_12' title="bbox 320 1132 1896 1207">
    <p class='ocr_par' dir='ltr' id='par_1_12' title="bbox 320 1132 1896 1207">
     <span class='ocr_line' id='line_1_12' title="bbox 320 1132 1896 1207; baseline 0.002 -20"><span class='ocrx_word' id='word_1_61' title='bbox 320 1132 609 1204; x_wconf 79' lang='grc' dir='ltr'>ζομένους.</span> <span class='ocrx_word' id='word_1_62' title='bbox 644 1133 813 1188; x_wconf 77' lang='grc' dir='ltr'>Ταῦτ’</span> <span class='ocrx_word' id='word_1_63' title='bbox 845 1134 992 1188; x_wconf 78' lang='grc' dir='ltr'>ἔστιν</span> <span class='ocrx_word' id='word_1_64' title='bbox 1023 1133 1059 1190; x_wconf 73' lang='grc' dir='ltr'>ἆ</span> <span class='ocrx_word' id='word_1_65' title='bbox 1105 1152 1171 1207; x_wconf 74' lang='grc' dir='ltr'><strong>με</strong></span> <span class='ocrx_word' id='word_1_66' title='bbox 1207 1136 1392 1202; x_wconf 80' lang='grc' dir='ltr'>λυπεῖ,</span> <span class='ocrx_word' id='word_1_67' title='bbox 1449 1138 1547 1191; x_wconf 71' lang='grc' dir='ltr'>καὶ</span> <span class='ocrx_word' id='word_1_68' title='bbox 1589 1135 1689 1207; x_wconf 81' lang='grc' dir='ltr'>τὴν</span> <span class='ocrx_word' id='word_1_69' title='bbox 1745 1135 1896 1206; x_wconf 75' lang='grc' dir='ltr'>ζωὴν</span> 
     </span>
    </p>
   </div>
   <div class='ocr_carea' id='block_1_13' title="bbox 319 1223 1896 1300">
    <p class='ocr_par' dir='ltr' id='par_1_13' title="bbox 319 1223 1896 1300">
     <span class='ocr_line' id='line_1_13' title="bbox 319 1223 1896 1300; baseline 0.003 -22"><span class='ocrx_word' id='word_1_70' title='bbox 319 1224 664 1299; x_wconf 77' lang='grc' dir='ltr'>ἀηδεστέραν</span> <span class='ocrx_word' id='word_1_71' title='bbox 698 1225 847 1280; x_wconf 74' lang='grc' dir='ltr'><strong>σώιεῖ</strong></span> <span class='ocrx_word' id='word_1_72' title='bbox 901 1227 1161 1282; x_wconf 81' lang='grc' dir='ltr'>θανάτου.</span> <span class='ocrx_word' id='word_1_73' title='bbox 1222 1227 1590 1300; x_wconf 72' lang='grc' dir='ltr'>Ἃμαρτάνειν</span> <span class='ocrx_word' id='word_1_74' title='bbox 1644 1228 1746 1298; x_wconf 75' lang='grc' dir='ltr'>μὲν</span> <span class='ocrx_word' id='word_1_75' title='bbox 1799 1223 1896 1282; x_wconf 80' lang='grc' dir='ltr'><strong>οὖν</strong></span> 
     </span>
    </p>
   </div>
   <div class='ocr_carea' id='block_1_14' title="bbox 314 1315 1898 1391">
    <p class='ocr_par' dir='ltr' id='par_1_14' title="bbox 314 1315 1898 1391">
     <span class='ocr_line' id='line_1_14' title="bbox 314 1315 1898 1391; baseline 0.003 -21"><span class='ocrx_word' id='word_1_76' title='bbox 314 1317 565 1384; x_wconf 80' lang='grc' dir='ltr'><strong>ὁμολογῶ</strong></span> <span class='ocrx_word' id='word_1_77' title='bbox 606 1317 702 1370; x_wconf 75' lang='grc' dir='ltr'>καὶ</span> <span class='ocrx_word' id='word_1_78' title='bbox 738 1317 968 1388; x_wconf 82' lang='grc' dir='ltr'><strong>πληγῶν</strong></span> <span class='ocrx_word' id='word_1_79' title='bbox 1014 1317 1142 1383; x_wconf 73' lang='grc' dir='ltr'>ἄξια</span> <span class='ocrx_word' id='word_1_80' title='bbox 1194 1320 1635 1390; x_wconf 74' lang='grc' dir='ltr'>καὶ’μαστίγων·</span> <span class='ocrx_word' id='word_1_81' title='bbox 1681 1321 1778 1375; x_wconf 71' lang='grc' dir='ltr'>καὶ</span> <span class='ocrx_word' id='word_1_82' title='bbox 1825 1315 1898 1391; x_wconf 75' lang='grc' dir='ltr'>ἦν</span> 
     </span>
    </p>
   </div>
   <div class='ocr_carea' id='block_1_15' title="bbox 315 1408 1894 1483">
    <p class='ocr_par' dir='ltr' id='par_1_15' title="bbox 315 1408 1894 1483">
     <span class='ocr_line' id='line_1_15' title="bbox 315 1408 1894 1483; baseline 0.004 -23"><span class='ocrx_word' id='word_1_83' title='bbox 315 1408 384 1460; x_wconf 74' lang='grc' dir='ltr'>ἂν</span> <span class='ocrx_word' id='word_1_84' title='bbox 435 1409 562 1478; x_wconf 67' lang='grc' dir='ltr'>ἐμοὶ</span> <span class='ocrx_word' id='word_1_85' title='bbox 612 1411 729 1482; x_wconf 75' lang='grc' dir='ltr'><strong>¹τῶν</strong></span> <span class='ocrx_word' id='word_1_86' title='bbox 769 1410 1106 1478; x_wconf 79' lang='grc' dir='ltr'>εὐεργεσιῶν</span> <span class='ocrx_word' id='word_1_87' title='bbox 1146 1413 1179 1482; x_wconf 86' lang='grc' dir='ltr'><strong>ή</strong></span> <span class='ocrx_word' id='word_1_88' title='bbox 1213 1411 1488 1482; x_wconf 78' lang='grc' dir='ltr'><strong>μεγίστη,</strong></span> <span class='ocrx_word' id='word_1_89' title='bbox 1533 1412 1587 1465; x_wconf 84' lang='grc' dir='ltr'><strong>εῐ</strong></span> <span class='ocrx_word' id='word_1_90' title='bbox 1613 1429 1678 1482; x_wconf 87' lang='grc' dir='ltr'><strong>γε</strong></span> <span class='ocrx_word' id='word_1_91' title='bbox 1710 1414 1768 1466; x_wconf 74' lang='grc' dir='ltr'>ιν</span> <span class='ocrx_word' id='word_1_92' title='bbox 1816 1413 1894 1483; x_wconf 87' lang='grc' dir='ltr'>τῷ</span> 
     </span>
    </p>
   </div>
   <div class='ocr_carea' id='block_1_16' title="bbox 316 1501 1896 1575">
    <p class='ocr_par' dir='ltr' id='par_1_16' title="bbox 316 1501 1896 1575">
     <span class='ocr_line' id='line_1_16' title="bbox 316 1501 1896 1575; baseline 0.006 -24"><span class='ocrx_word' id='word_1_93' title='bbox 316 1501 692 1570; x_wconf 76' lang='grc' dir='ltr'><strong>κεκρυμμένῳ</strong></span> <span class='ocrx_word' id='word_1_94' title='bbox 725 1502 878 1573; x_wconf 73' lang='grc' dir='ltr'>παρὰ</span> <span class='ocrx_word' id='word_1_95' title='bbox 911 1502 1007 1557; x_wconf 81' lang='grc' dir='ltr'>σοῦ</span> <span class='ocrx_word' id='word_1_96' title='bbox 1042 1503 1136 1557; x_wconf 81' lang='grc' dir='ltr'>τοῦ</span> <span class='ocrx_word' id='word_1_97' title='bbox 1161 1503 1371 1575; x_wconf 79' lang='grc' dir='ltr'>πατρὸς</span> <span class='ocrx_word' id='word_1_98' title='bbox 1403 1504 1514 1558; x_wconf 88' lang='grc' dir='ltr'><strong>τῶν</strong></span> <span class='ocrx_word' id='word_1_99' title='bbox 1553 1505 1896 1575; x_wconf 77' lang='grc' dir='ltr'><strong>σφαλμάτων</strong></span> 
     </span>
    </p>
   </div>
   <div class='ocr_carea' id='block_1_17' title="bbox 317 1592 1892 1667">
    <p class='ocr_par' dir='ltr' id='par_1_17' title="bbox 317 1592 1892 1667">
     <span class='ocr_line' id='line_1_17' title="bbox 317 1592 1892 1667; baseline 0.004 -23"><span class='ocrx_word' id='word_1_100' title='bbox 317 1592 482 1661; x_wconf 79' lang='grc' dir='ltr'>χάριν</span> <span class='ocrx_word' id='word_1_101' title='bbox 523 1595 981 1666; x_wconf 76' lang='grc' dir='ltr'>ὲμαστιγούμην·</span> <span class='ocrx_word' id='word_1_102' title='bbox 1030 1597 1091 1650; x_wconf 75' lang='grc' dir='ltr'>τὸ</span> <span class='ocrx_word' id='word_1_103' title='bbox 1140 1595 1185 1650; x_wconf 87' lang='grc' dir='ltr'>δ’</span> <span class='ocrx_word' id='word_1_104' title='bbox 1223 1597 1304 1658; x_wconf 75' lang='grc' dir='ltr'><strong>εἰς</strong></span> <span class='ocrx_word' id='word_1_105' title='bbox 1335 1596 1544 1652; x_wconf 83' lang='grc' dir='ltr'>τούτων</span> <span class='ocrx_word' id='word_1_106' title='bbox 1593 1597 1892 1667; x_wconf 77' lang='grc' dir='ltr'>ἐξάγεσθαι</span> 
     </span>
    </p>
   </div>
   <div class='ocr_carea' id='block_1_18' title="bbox 313 1685 1891 1763">
    <p class='ocr_par' dir='ltr' id='par_1_18' title="bbox 313 1685 1891 1763">
     <span class='ocr_line' id='line_1_18' title="bbox 313 1685 1891 1763; baseline 0.005 -26"><span class='ocrx_word' id='word_1_107' title='bbox 313 1685 415 1756; x_wconf 76' lang='grc' dir='ltr'>τὴν</span> <span class='ocrx_word' id='word_1_108' title='bbox 451 1685 644 1757; x_wconf 77' lang='grc' dir='ltr'>ὀργὴν,</span> <span class='ocrx_word' id='word_1_109' title='bbox 685 1687 761 1751; x_wconf 87' lang='grc' dir='ltr'>ὡς</span> <span class='ocrx_word' id='word_1_110' title='bbox 795 1689 888 1742; x_wconf 81' lang='grc' dir='ltr'>καὶ</span> <span class='ocrx_word' id='word_1_111' title='bbox 920 1689 1134 1742; x_wconf 78' lang='grc' dir='ltr'>πολλῶν</span> <span class='ocrx_word' id='word_1_112' title='bbox 1173 1691 1458 1762; x_wconf 84' lang='grc' dir='ltr'>παρόντων</span> <span class='ocrx_word' id='word_1_113' title='bbox 1488 1689 1634 1745; x_wconf 74' lang='grc' dir='ltr'>οὕτω</span> <span class='ocrx_word' id='word_1_114' title='bbox 1674 1708 1891 1763; x_wconf 86' lang='grc' dir='ltr'>προπη-</span> 
     </span>
    </p>
   </div>
   <div class='ocr_carea' id='block_1_19' title="bbox 309 1775 1893 1854">
    <p class='ocr_par' dir='ltr' id='par_1_19' title="bbox 309 1775 1893 1854">
     <span class='ocr_line' id='line_1_19' title="bbox 309 1775 1893 1854; baseline 0.007 -26"><span class='ocrx_word' id='word_1_115' title='bbox 309 1775 662 1848; x_wconf 79' lang='grc' dir='ltr'>λακίζεσθαι,</span> <span class='ocrx_word' id='word_1_116' title='bbox 698 1781 918 1836; x_wconf 84' lang='grc' dir='ltr'>πάντων</span> <span class='ocrx_word' id='word_1_117' title='bbox 951 1782 1343 1854; x_wconf 80' lang='grc' dir='ltr'>ἀνιαρώτερον.</span> <span class='ocrx_word' id='word_1_118' title='bbox 1384 1784 1484 1836; x_wconf 75' lang='grc' dir='ltr'><strong>’Ἂν</strong></span> <span class='ocrx_word' id='word_1_119' title='bbox 1513 1783 1698 1840; x_wconf 78' lang='grc' dir='ltr'>τοίνυν</span> <span class='ocrx_word' id='word_1_120' title='bbox 1729 1784 1893 1839; x_wconf 73' lang='grc' dir='ltr'>ἵλεων</span> 
     </span>
    </p>
   </div>
   <div class='ocr_carea' id='block_1_20' title="bbox 307 1867 1965 1977">
    <p class='ocr_par' dir='ltr' id='par_1_20' title="bbox 307 1867 1965 1977">
     <span class='ocr_line' id='line_1_20' title="bbox 307 1867 1965 1977; baseline 0.007 -59"><span class='ocrx_word' id='word_1_121' title='bbox 307 1867 608 1977; x_wconf 54' lang='grc' dir='ltr'>ἐπιϐλέψας</span> <span class='ocrx_word' id='word_1_122' title='bbox 659 1872 685 1925; x_wconf 82' lang='grc' dir='ltr'><strong><em>ὁ</em></strong></span> <span class='ocrx_word' id='word_1_123' title='bbox 713 1872 847 1937; x_wconf 77' lang='grc' dir='ltr'>Θεὸς</span> <span class='ocrx_word' id='word_1_124' title='bbox 895 1877 1015 1938; x_wconf 85' lang='grc' dir='ltr'>ταῖς</span> <span class='ocrx_word' id='word_1_125' title='bbox 1067 1876 1229 1944; x_wconf 82' lang='grc' dir='ltr'>ὲμαϊς</span> <span class='ocrx_word' id='word_1_126' title='bbox 1274 1875 1599 1945; x_wconf 73' lang='grc' dir='ltr'>ἁμαρτίαις,</span> <span class='ocrx_word' id='word_1_127' title='bbox 1626 1875 1889 1948; x_wconf 78' lang='grc' dir='ltr'><strong>ὁδηγήσει</strong></span> <span class='ocrx_word' id='word_1_128' title='bbox 1916 1915 1965 1977; x_wconf 73' lang='grc' dir='ltr'><strong><em>Β</em></strong></span> 
     </span>
    </p>
   </div>
   <div class='ocr_carea' id='block_1_21' title="bbox 312 1960 1890 2039">
    <p class='ocr_par' dir='ltr' id='par_1_21' title="bbox 312 1960 1890 2039">
     <span class='ocr_line' id='line_1_21' title="bbox 312 1960 1890 2039; baseline 0.008 -29"><span class='ocrx_word' id='word_1_129' title='bbox 312 1960 407 2011; x_wconf 86' lang='grc' dir='ltr'><strong>καί</strong></span> <span class='ocrx_word' id='word_1_130' title='bbox 462 1977 522 2013; x_wconf 89' lang='grc' dir='ltr'><strong>σε</strong></span> <span class='ocrx_word' id='word_1_131' title='bbox 581 1963 886 2031; x_wconf 69' lang='grc' dir='ltr'>πραότερον</span> <span class='ocrx_word' id='word_1_132' title='bbox 928 1983 1018 2035; x_wconf 90' lang='grc' dir='ltr'><strong>μοι</strong></span> <span class='ocrx_word' id='word_1_133' title='bbox 1054 1966 1312 2035; x_wconf 80' lang='grc' dir='ltr'>γενέσθαι</span> <span class='ocrx_word' id='word_1_134' title='bbox 1346 1969 1439 2021; x_wconf 73' lang='grc' dir='ltr'><strong>καὶ</strong></span> <span class='ocrx_word' id='word_1_135' title='bbox 1476 1969 1780 2039; x_wconf 81' lang='grc' dir='ltr'>συμπαθεῖν</span> <span class='ocrx_word' id='word_1_136' title='bbox 1813 1969 1890 2034; x_wconf 81' lang='grc' dir='ltr'><strong>ὡς</strong></span> 
     </span>
    </p>
   </div>
   <div class='ocr_carea' id='block_1_22' title="bbox 313 2051 1888 2132">
    <p class='ocr_par' dir='ltr' id='par_1_22' title="bbox 313 2051 1888 2132">
     <span class='ocr_line' id='line_1_22' title="bbox 313 2051 1888 2132; baseline 0.01 -30"><span class='ocrx_word' id='word_1_137' title='bbox 313 2051 432 2120; x_wconf 70' lang='grc' dir='ltr'>υἱῷ,</span> <span class='ocrx_word' id='word_1_138' title='bbox 472 2053 620 2108; x_wconf 82' lang='grc' dir='ltr'>τοῦτ’</span> <span class='ocrx_word' id='word_1_139' title='bbox 642 2056 710 2110; x_wconf 84' lang='grc' dir='ltr'><strong>ἂν</strong></span> <span class='ocrx_word' id='word_1_140' title='bbox 739 2057 824 2126; x_wconf 76' lang='grc' dir='ltr'><strong>εἴη</strong></span> <span class='ocrx_word' id='word_1_141' title='bbox 857 2057 1154 2126; x_wconf 84' lang='grc' dir='ltr'>βέλτιστον·</span> <span class='ocrx_word' id='word_1_142' title='bbox 1186 2061 1301 2114; x_wconf 67' lang='grc' dir='ltr'>εἶδ’</span> <span class='ocrx_word' id='word_1_143' title='bbox 1329 2062 1531 2132; x_wconf 80' lang='grc' dir='ltr'>ὁμοίως</span> <span class='ocrx_word' id='word_1_144' title='bbox 1562 2063 1753 2131; x_wconf 83' lang='grc' dir='ltr'>ὥσπερ</span> <span class='ocrx_word' id='word_1_145' title='bbox 1793 2064 1888 2118; x_wconf 85' lang='grc' dir='ltr'>νῦν</span> 
     </span>
    </p>
   </div>
   <div class='ocr_carea' id='block_1_23' title="bbox 311 2140 1891 2225">
    <p class='ocr_par' dir='ltr' id='par_1_23' title="bbox 311 2140 1891 2225">
     <span class='ocr_line' id='line_1_23' title="bbox 311 2140 1891 2225; baseline 0.009 -35"><span class='ocrx_word' id='word_1_146' title='bbox 311 2140 416 2191; x_wconf 77' lang='grc' dir='ltr'>κάν</span> <span class='ocrx_word' id='word_1_147' title='bbox 450 2143 562 2204; x_wconf 77' lang='grc' dir='ltr'>τοῖς</span> <span class='ocrx_word' id='word_1_148' title='bbox 603 2143 802 2212; x_wconf 73' lang='grc' dir='ltr'>ἑφεξῆς</span> <span class='ocrx_word' id='word_1_149' title='bbox 842 2148 1118 2201; x_wconf 85' lang='grc' dir='ltr'>τελεῖσθαι</span> <span class='ocrx_word' id='word_1_150' title='bbox 1169 2149 1375 2218; x_wconf 79' lang='grc' dir='ltr'>μέλλει,</span> <span class='ocrx_word' id='word_1_151' title='bbox 1419 2151 1606 2222; x_wconf 77' lang='grc' dir='ltr'>ἕτερος</span> <span class='ocrx_word' id='word_1_152' title='bbox 1649 2155 1891 2225; x_wconf 65' lang='grc' dir='ltr'>προϐλη-</span> 
     </span>
    </p>
   </div>
   <div class='ocr_carea' id='block_1_24' title="bbox 311 2225 1890 2312">
    <p class='ocr_par' dir='ltr' id='par_1_24' title="bbox 311 2225 1890 2312">
     <span class='ocr_line' id='line_1_24' title="bbox 311 2225 1890 2312; baseline 0.01 -34"><span class='ocrx_word' id='word_1_153' title='bbox 311 2225 460 2295; x_wconf 83' lang='grc' dir='ltr'>θήτω</span> <span class='ocrx_word' id='word_1_154' title='bbox 521 2245 600 2280; x_wconf 87' lang='grc' dir='ltr'><strong>σοι</strong></span> <span class='ocrx_word' id='word_1_155' title='bbox 655 2230 907 2299; x_wconf 79' lang='grc' dir='ltr'>βασιλεὺς</span> <span class='ocrx_word' id='word_1_156' title='bbox 935 2274 949 2298; x_wconf 94' lang='grc'><strong>,</strong></span> <span class='ocrx_word' id='word_1_157' title='bbox 998 2236 1055 2296; x_wconf 76' lang='grc' dir='ltr'>ὃς</span> <span class='ocrx_word' id='word_1_158' title='bbox 1091 2237 1156 2289; x_wconf 76' lang='grc' dir='ltr'>ἄν</span> <span class='ocrx_word' id='word_1_159' title='bbox 1184 2254 1266 2292; x_wconf 90' lang='grc' dir='ltr'><strong>σοι</strong></span> <span class='ocrx_word' id='word_1_160' title='bbox 1319 2239 1447 2310; x_wconf 75' lang='grc' dir='ltr'>δόξῃ</span> <span class='ocrx_word' id='word_1_161' title='bbox 1485 2243 1756 2312; x_wconf 86' lang='grc' dir='ltr'>χρήσιμος</span> <span class='ocrx_word' id='word_1_162' title='bbox 1796 2245 1890 2296; x_wconf 75' lang='grc' dir='ltr'>καὶ</span> 
     </span>
    </p>
   </div>
   <div class='ocr_carea' id='block_1_25' title="bbox 313 2319 1888 2402">
    <p class='ocr_par' dir='ltr' id='par_1_25' title="bbox 313 2319 1888 2402">
     <span class='ocr_line' id='line_1_25' title="bbox 313 2319 1888 2402; baseline 0.013 -32"><span class='ocrx_word' id='word_1_163' title='bbox 313 2319 503 2381; x_wconf 85' lang='grc' dir='ltr'>καλός.</span> <span class='ocrx_word' id='word_1_164' title='bbox 562 2320 752 2375; x_wconf 85' lang='grc' dir='ltr'>Ταῦτα</span> <span class='ocrx_word' id='word_1_165' title='bbox 811 2323 1387 2398; x_wconf 81' lang='grc' dir='ltr'>διαπρεσϐευσάμενος</span> <span class='ocrx_word' id='word_1_166' title='bbox 1427 2330 1627 2402; x_wconf 80' lang='grc' dir='ltr'>Ἰωσὴφ</span> <span class='ocrx_word' id='word_1_167' title='bbox 1660 2335 1718 2400; x_wconf 79' lang='grc' dir='ltr'><strong>ἐξ</strong></span> <span class='ocrx_word' id='word_1_168' title='bbox 1769 2337 1888 2390; x_wconf 83' lang='grc' dir='ltr'><strong>Ἀν-</strong></span> 
     </span>
    </p>
   </div>
   <div class='ocr_carea' id='block_1_26' title="bbox 305 2409 1883 2496">
    <p class='ocr_par' dir='ltr' id='par_1_26' title="bbox 305 2409 1883 2496">
     <span class='ocr_line' id='line_1_26' title="bbox 305 2409 1883 2496; baseline 0.014 -35"><span class='ocrx_word' id='word_1_169' title='bbox 305 2409 554 2477; x_wconf 81' lang='grc' dir='ltr'>δρονὶκου</span> <span class='ocrx_word' id='word_1_170' title='bbox 589 2412 855 2483; x_wconf 85' lang='grc' dir='ltr'>βασιλέως</span> <span class='ocrx_word' id='word_1_171' title='bbox 906 2418 1045 2487; x_wconf 83' lang='grc' dir='ltr'>πρὸς</span> <span class='ocrx_word' id='word_1_172' title='bbox 1082 2420 1174 2472; x_wconf 73' lang='grc' dir='ltr'>τὸν</span> <span class='ocrx_word' id='word_1_173' title='bbox 1227 2423 1452 2476; x_wconf 80' lang='grc' dir='ltr'>πάππον</span> <span class='ocrx_word' id='word_1_174' title='bbox 1496 2427 1590 2478; x_wconf 73' lang='grc' dir='ltr'><strong>καὶ</strong></span> <span class='ocrx_word' id='word_1_175' title='bbox 1633 2427 1883 2496; x_wconf 81' lang='grc' dir='ltr'>βασιλέα.</span> 
     </span>
    </p>
   </div>
   <div class='ocr_carea' id='block_1_27' title="bbox 303 2496 1886 2588">
    <p class='ocr_par' dir='ltr' id='par_1_27' title="bbox 303 2496 1886 2588">
     <span class='ocr_line' id='line_1_27' title="bbox 303 2496 1886 2588; baseline 0.013 -35"><span class='ocrx_word' id='word_1_176' title='bbox 303 2496 440 2555; x_wconf 77' lang='grc' dir='ltr'>Εἶτα</span> <span class='ocrx_word' id='word_1_177' title='bbox 485 2505 582 2556; x_wconf 72' lang='grc' dir='ltr'><strong>καὶ</strong></span> <span class='ocrx_word' id='word_1_178' title='bbox 611 2505 750 2575; x_wconf 82' lang='grc' dir='ltr'>παρ’</span> <span class='ocrx_word' id='word_1_179' title='bbox 777 2508 976 2561; x_wconf 80' lang='grc' dir='ltr'>ἑαυτοῦ</span> <span class='ocrx_word' id='word_1_180' title='bbox 1013 2512 1242 2583; x_wconf 80' lang='grc' dir='ltr'>συχνούς</span> <span class='ocrx_word' id='word_1_181' title='bbox 1280 2531 1434 2578; x_wconf 85' lang='grc' dir='ltr'>τινας</span> <span class='ocrx_word' id='word_1_182' title='bbox 1475 2518 1768 2588; x_wconf 80' lang='grc' dir='ltr'>ἐγκωμίων</span> <span class='ocrx_word' id='word_1_183' title='bbox 1795 2520 1886 2574; x_wconf 88' lang='grc' dir='ltr'><strong>λό-</strong></span> 
     </span>
    </p>
   </div>
   <div class='ocr_carea' id='block_1_28' title="bbox 301 2591 1884 2681">
    <p class='ocr_par' dir='ltr' id='par_1_28' title="bbox 301 2591 1884 2681">
     <span class='ocr_line' id='line_1_28' title="bbox 301 2591 1884 2681; baseline 0.015 -38"><span class='ocrx_word' id='word_1_184' title='bbox 301 2608 433 2659; x_wconf 84' lang='grc' dir='ltr'>γους</span> <span class='ocrx_word' id='word_1_185' title='bbox 471 2591 564 2646; x_wconf 83' lang='grc' dir='ltr'>τοῦ</span> <span class='ocrx_word' id='word_1_186' title='bbox 623 2597 745 2649; x_wconf 83' lang='grc' dir='ltr'>νέου</span> <span class='ocrx_word' id='word_1_187' title='bbox 781 2597 1047 2668; x_wconf 81' lang='grc' dir='ltr'>βασιλέως</span> <span class='ocrx_word' id='word_1_188' title='bbox 1095 2602 1482 2673; x_wconf 73' lang='grc' dir='ltr'>διεξελθόντος,</span> <span class='ocrx_word' id='word_1_189' title='bbox 1539 2609 1632 2662; x_wconf 73' lang='grc' dir='ltr'><strong>καὶ</strong></span> <span class='ocrx_word' id='word_1_190' title='bbox 1688 2611 1884 2681; x_wconf 84' lang='grc' dir='ltr'>πράως</span> 
     </span>
    </p>
   </div>
   <div class='ocr_carea' id='block_1_29' title="bbox 303 2686 1881 2778">
    <p class='ocr_par' dir='ltr' id='par_1_29' title="bbox 303 2686 1881 2778">
     <span class='ocr_line' id='line_1_29' title="bbox 303 2686 1881 2778; baseline 0.016 -43"><span class='ocrx_word' id='word_1_191' title='bbox 303 2699 421 2745; x_wconf 86' lang='grc' dir='ltr'><strong>πως</strong></span> <span class='ocrx_word' id='word_1_192' title='bbox 454 2686 841 2758; x_wconf 77' lang='grc' dir='ltr'>καθαψαμένου</span> <span class='ocrx_word' id='word_1_193' title='bbox 887 2693 979 2746; x_wconf 78' lang='grc' dir='ltr'>τοῦ</span> <span class='ocrx_word' id='word_1_194' title='bbox 1019 2695 1326 2765; x_wconf 79' lang='grc' dir='ltr'>βασιλέως,</span> <span class='ocrx_word' id='word_1_195' title='bbox 1363 2701 1439 2764; x_wconf 85' lang='grc' dir='ltr'><strong>ὡς</strong></span> <span class='ocrx_word' id='word_1_196' title='bbox 1469 2703 1806 2776; x_wconf 82' lang='grc' dir='ltr'>τραχύτερον</span> <span class='ocrx_word' id='word_1_197' title='bbox 1848 2709 1881 2778; x_wconf 81' lang='grc' dir='ltr'>ἦ</span> 
     </span>
    </p>
   </div>
   <div class='ocr_carea' id='block_1_30' title="bbox 306 2780 1883 2867">
    <p class='ocr_par' dir='ltr' id='par_1_30' title="bbox 306 2780 1883 2867">
     <span class='ocr_line' id='line_1_30' title="bbox 306 2780 1883 2867; baseline 0.017 -41"><span class='ocrx_word' id='word_1_198' title='bbox 306 2780 578 2848; x_wconf 83' lang='grc' dir='ltr'>προσήκει</span> <span class='ocrx_word' id='word_1_199' title='bbox 620 2787 1075 2856; x_wconf 73' lang='grc' dir='ltr'>προσφερομένου</span> <span class='ocrx_word' id='word_1_200' title='bbox 1116 2789 1193 2860; x_wconf 83' lang='grc' dir='ltr'>τῷ</span> <span class='ocrx_word' id='word_1_201' title='bbox 1241 2792 1367 2862; x_wconf 79' lang='grc' dir='ltr'>νέῳ,</span> <span class='ocrx_word' id='word_1_202' title='bbox 1401 2794 1744 2867; x_wconf 74' lang='grc' dir='ltr'>ἀντεμήνυσε</span> <span class='ocrx_word' id='word_1_203' title='bbox 1789 2801 1883 2853; x_wconf 86' lang='grc' dir='ltr'><strong>καί</strong></span> 
     </span>
    </p>
   </div>
   <div class='ocr_carea' id='block_1_31' title="bbox 301 2869 1880 2966">
    <p class='ocr_par' dir='ltr' id='par_1_31' title="bbox 301 2869 1880 2966">
     <span class='ocr_line' id='line_1_31' title="bbox 301 2869 1880 2966; baseline 0.018 -47"><span class='ocrx_word' id='word_1_204' title='bbox 301 2869 465 2934; x_wconf 72' lang='grc' dir='ltr'>αὐτὲς</span> <span class='ocrx_word' id='word_1_205' title='bbox 492 2873 739 2928; x_wconf 82' lang='grc' dir='ltr'>τοιαῦτα·</span> <span class='ocrx_word' id='word_1_206' title='bbox 769 2878 889 2930; x_wconf 92' lang='grc' dir='ltr'><strong>Τῶν</strong></span> <span class='ocrx_word' id='word_1_207' title='bbox 920 2881 1096 2935; x_wconf 85' lang='grc' dir='ltr'>ἄλλων</span> <span class='ocrx_word' id='word_1_208' title='bbox 1131 2883 1352 2939; x_wconf 85' lang='grc' dir='ltr'>πάντων</span> <span class='ocrx_word' id='word_1_209' title='bbox 1381 2889 1633 2960; x_wconf 87' lang='grc' dir='ltr'>πατέρων</span> <span class='ocrx_word' id='word_1_210' title='bbox 1665 2892 1782 2962; x_wconf 80' lang='grc' dir='ltr'><strong>ἅμα</strong></span> <span class='ocrx_word' id='word_1_211' title='bbox 1813 2897 1880 2966; x_wconf 81' lang='grc' dir='ltr'>τῇ</span> 
     </span>
    </p>
   </div>
   <div class='ocr_carea' id='block_1_32' title="bbox 302 2960 1884 3055">
    <p class='ocr_par' dir='ltr' id='par_1_32' title="bbox 302 2960 1884 3055">
     <span class='ocr_line' id='line_1_32' title="bbox 302 2960 1884 3055; baseline 0.02 -42"><span class='ocrx_word' id='word_1_212' title='bbox 302 2960 414 3055; x_wconf 81' lang='grc' dir='ltr'><strong>τῶν</strong></span> <span class='ocrx_word' id='word_1_213' title='bbox 457 2965 664 3022; x_wconf 86' lang='grc' dir='ltr'>παίδων</span> <span class='ocrx_word' id='word_1_214' title='bbox 696 2971 952 3042; x_wconf 86' lang='grc' dir='ltr'>γεννήσει</span> <span class='ocrx_word' id='word_1_215' title='bbox 983 2975 1042 3028; x_wconf 82' lang='grc' dir='ltr'><strong>τὸ</strong></span> <span class='ocrx_word' id='word_1_216' title='bbox 1078 2978 1214 3049; x_wconf 82' lang='grc' dir='ltr'>πρὸς</span> <span class='ocrx_word' id='word_1_217' title='bbox 1256 2981 1456 3046; x_wconf 83' lang='grc' dir='ltr'>αὐτοὺς</span> <span class='ocrx_word' id='word_1_218' title='bbox 1494 2960 1717 3055; x_wconf 81' lang='grc' dir='ltr'>φίλτρον</span> <span class='ocrx_word' id='word_1_219' title='bbox 1741 2960 1884 3043; x_wconf 63' lang='grc' dir='ltr'><strong>κτωζ</strong></span> 
     </span>
    </p>
   </div>
   <div class='ocr_carea' id='block_1_33' title="bbox 304 3051 1882 3141">
    <p class='ocr_par' dir='ltr' id='par_1_33' title="bbox 304 3051 1882 3141">
     <span class='ocr_line' id='line_1_33' title="bbox 304 3051 1882 3141; baseline 0.019 -38"><span class='ocrx_word' id='word_1_220' title='bbox 304 3051 484 3120; x_wconf 80' lang='grc' dir='ltr'>μένων</span> <span class='ocrx_word' id='word_1_221' title='bbox 510 3056 604 3110; x_wconf 76' lang='grc' dir='ltr'><strong>καὶ</strong></span> <span class='ocrx_word' id='word_1_222' title='bbox 645 3060 1090 3127; x_wconf 72' lang='grc' dir='ltr'>συναυξανόντων</span> <span class='ocrx_word' id='word_1_223' title='bbox 1129 3051 1539 3140; x_wconf 73' lang='grc' dir='ltr'>αὐξανομένοις,</span> <span class='ocrx_word' id='word_1_224' title='bbox 1580 3051 1744 3141; x_wconf 76' lang='grc' dir='ltr'>αὐτὸς</span> <span class='ocrx_word' id='word_1_225' title='bbox 1786 3079 1882 3132; x_wconf 80' lang='grc' dir='ltr'><strong>οὓ-</strong></span> 
     </span>
    </p>
   </div>
   <div class='ocr_carea' id='block_1_34' title="bbox 301 3150 1880 3239">
    <p class='ocr_par' dir='ltr' id='par_1_34' title="bbox 301 3150 1880 3239">
     <span class='ocr_line' id='line_1_34' title="bbox 301 3150 1880 3239; baseline 0.019 -43"><span class='ocrx_word' id='word_1_226' title='bbox 301 3161 410 3209; x_wconf 87' lang='grc' dir='ltr'><strong>τως</strong></span> <span class='ocrx_word' id='word_1_227' title='bbox 445 3150 679 3220; x_wconf 72' lang='grc' dir='ltr'>έφίλησά</span> <span class='ocrx_word' id='word_1_228' title='bbox 725 3170 782 3206; x_wconf 84' lang='grc' dir='ltr'><strong>σε</strong></span> <span class='ocrx_word' id='word_1_229' title='bbox 837 3155 931 3210; x_wconf 76' lang='grc' dir='ltr'>καὶ</span> <span class='ocrx_word' id='word_1_230' title='bbox 973 3158 1108 3229; x_wconf 79' lang='grc' dir='ltr'>πρὶν</span> <span class='ocrx_word' id='word_1_231' title='bbox 1149 3163 1230 3223; x_wconf 83' lang='grc' dir='ltr'>εἰς</span> <span class='ocrx_word' id='word_1_232' title='bbox 1261 3163 1377 3231; x_wconf 83' lang='grc' dir='ltr'><strong>φῶς</strong></span> <span class='ocrx_word' id='word_1_233' title='bbox 1424 3157 1768 3239; x_wconf 81' lang='grc' dir='ltr'>προσελθεῖν,</span> <span class='ocrx_word' id='word_1_234' title='bbox 1804 3171 1880 3236; x_wconf 86' lang='grc' dir='ltr'><strong>ὡς</strong></span> 
     </span>
    </p>
   </div>
   <div class='ocr_carea' id='block_1_35' title="bbox 1997 675 3568 746">
    <p class='ocr_par' dir='ltr' id='par_1_35' title="bbox 1997 675 3568 746">
     <span class='ocr_line' id='line_1_35' title="bbox 1997 675 3568 746; baseline 0.001 -16"><span class='ocrx_word' id='word_1_235' title='bbox 1997 691 2161 746; x_wconf 90' lang='lat' dir='ltr'><strong>quam</strong></span> <span class='ocrx_word' id='word_1_236' title='bbox 2211 676 2386 732; x_wconf 88' lang='lat' dir='ltr'><strong>multa</strong></span> <span class='ocrx_word' id='word_1_237' title='bbox 2447 676 2630 732; x_wconf 89' lang='lat' dir='ltr'><strong>adhuc</strong></span> <span class='ocrx_word' id='word_1_238' title='bbox 2679 686 2734 732; x_wconf 90' lang='lat' dir='ltr'><strong>et</strong></span> <span class='ocrx_word' id='word_1_239' title='bbox 2788 675 3180 742; x_wconf 78' lang='lat' dir='ltr'><strong>intolerabilia,</strong></span> <span class='ocrx_word' id='word_1_240' title='bbox 3235 676 3402 732; x_wconf 83' lang='lat' dir='ltr'><strong>etiam</strong></span> <span class='ocrx_word' id='word_1_241' title='bbox 3462 677 3568 732; x_wconf 94' lang='lat' dir='ltr'><strong>tibi</strong></span> 
     </span>
    </p>
   </div>
   <div class='ocr_carea' id='block_1_36' title="bbox 1997 766 3576 837">
    <p class='ocr_par' dir='ltr' id='par_1_36' title="bbox 1997 766 3576 837">
     <span class='ocr_line' id='line_1_36' title="bbox 1997 766 3576 837; baseline 0.003 -17"><span class='ocrx_word' id='word_1_242' title='bbox 1997 766 2168 837; x_wconf 88' lang='lat' dir='ltr'><strong>patri,</strong></span> <span class='ocrx_word' id='word_1_243' title='bbox 2205 766 2440 822; x_wconf 89' lang='lat' dir='ltr'><strong>crimina</strong></span> <span class='ocrx_word' id='word_1_244' title='bbox 2471 781 2593 822; x_wconf 89' lang='lat' dir='ltr'><strong>mea</strong></span> <span class='ocrx_word' id='word_1_245' title='bbox 2642 768 2985 824; x_wconf 78' lang='lat' dir='ltr'><strong>conscientia</strong></span> <span class='ocrx_word' id='word_1_246' title='bbox 3023 774 3116 823; x_wconf 91' lang='lat' dir='ltr'><strong>tua</strong></span> <span class='ocrx_word' id='word_1_247' title='bbox 3151 767 3449 823; x_wconf 83' lang='lat' dir='ltr'><strong>constricta</strong></span> <span class='ocrx_word' id='word_1_248' title='bbox 3493 777 3576 824; x_wconf 83' lang='lat' dir='ltr'><strong>te-</strong></span> 
     </span>
    </p>
   </div>
   <div class='ocr_carea' id='block_1_37' title="bbox 1997 860 3575 929">
    <p class='ocr_par' dir='ltr' id='par_1_37' title="bbox 1997 860 3575 929">
     <span class='ocr_line' id='line_1_37' title="bbox 1997 860 3575 929; baseline 0.002 -17"><span class='ocrx_word' id='word_1_249' title='bbox 1997 868 2270 923; x_wconf 87' lang='lat' dir='ltr'><strong>neantur;</strong></span> <span class='ocrx_word' id='word_1_250' title='bbox 2326 873 2449 913; x_wconf 89' lang='lat' dir='ltr'><strong>cum</strong></span> <span class='ocrx_word' id='word_1_251' title='bbox 2503 865 2556 914; x_wconf 89' lang='lat' dir='ltr'><strong>te</strong></span> <span class='ocrx_word' id='word_1_252' title='bbox 2603 867 2860 929; x_wconf 91' lang='lat' dir='ltr'><strong>nepotem</strong></span> <span class='ocrx_word' id='word_1_253' title='bbox 2917 860 3246 926; x_wconf 75' lang='lat' dir='ltr'><strong>admirante,</strong></span> <span class='ocrx_word' id='word_1_254' title='bbox 3297 868 3352 914; x_wconf 89' lang='lat' dir='ltr'><strong>et</strong></span> <span class='ocrx_word' id='word_1_255' title='bbox 3387 861 3575 915; x_wconf 88' lang='lat' dir='ltr'><strong>multis</strong></span> 
     </span>
    </p>
   </div>
   <div class='ocr_carea' id='block_1_38' title="bbox 1998 947 3576 1018">
    <p class='ocr_par' dir='ltr' id='par_1_38' title="bbox 1998 947 3576 1018">
     <span class='ocr_line' id='line_1_38' title="bbox 1998 947 3576 1018; baseline -0.001 -16"><span class='ocrx_word' id='word_1_256' title='bbox 1998 948 2261 1003; x_wconf 83' lang='lat' dir='ltr'><strong>laudibus</strong></span> <span class='ocrx_word' id='word_1_257' title='bbox 2315 947 2441 1018; x_wconf 89' lang='lat' dir='ltr'><strong>plus</strong></span> <span class='ocrx_word' id='word_1_258' title='bbox 2491 963 2649 1018; x_wconf 69' lang='lat' dir='ltr'><strong>aequo</strong></span> <span class='ocrx_word' id='word_1_259' title='bbox 2681 947 2951 1004; x_wconf 78' lang='lat' dir='ltr'><strong>eﬂerente</strong></span> <span class='ocrx_word' id='word_1_260' title='bbox 2983 966 3048 1006; x_wconf 91' lang='lat' dir='ltr'><strong>ac</strong></span> <span class='ocrx_word' id='word_1_261' title='bbox 3081 951 3413 1012; x_wconf 85' lang='lat' dir='ltr'><strong>honorante,</strong></span> <span class='ocrx_word' id='word_1_262' title='bbox 3452 949 3576 1002; x_wconf 85' lang='lat' dir='ltr'><strong>illos</strong></span> 
     </span>
    </p>
   </div>
   <div class='ocr_carea' id='block_1_39' title="bbox 1999 1039 3657 1111">
    <p class='ocr_par' dir='ltr' id='par_1_39' title="bbox 1999 1039 3657 1111">
     <span class='ocr_line' id='line_1_39' title="bbox 1999 1039 3657 1111; baseline 0.001 -18"><span class='ocrx_word' id='word_1_263' title='bbox 1999 1039 2151 1110; x_wconf 90' lang='lat' dir='ltr'><strong>ipsos</strong></span> <span class='ocrx_word' id='word_1_264' title='bbox 2201 1039 2650 1110; x_wconf 70' lang='lat' dir='ltr'><strong>praedicationem</strong></span> <span class='ocrx_word' id='word_1_265' title='bbox 2679 1056 2799 1095; x_wconf 88' lang='lat' dir='ltr'><strong>eam</strong></span> <span class='ocrx_word' id='word_1_266' title='bbox 2847 1052 3162 1111; x_wconf 71' lang='lat' dir='ltr'><strong>suspectam</strong></span> <span class='ocrx_word' id='word_1_267' title='bbox 3209 1042 3438 1100; x_wconf 87' lang='lat' dir='ltr'><strong>habere.</strong></span> <span class='ocrx_word' id='word_1_268' title='bbox 3479 1057 3569 1109; x_wconf 88' lang='lat' dir='ltr'><strong>pa-</strong></span> <span class='ocrx_word' id='word_1_269' title='bbox 3653 1049 3657 1053; x_wconf 83' lang='lat'>&#39;</span> 
     </span>
    </p>
   </div>
   <div class='ocr_carea' id='block_1_40' title="bbox 1995 1130 3574 1202">
    <p class='ocr_par' dir='ltr' id='par_1_40' title="bbox 1995 1130 3574 1202">
     <span class='ocr_line' id='line_1_40' title="bbox 1995 1130 3574 1202; baseline 0 -18"><span class='ocrx_word' id='word_1_270' title='bbox 1995 1138 2265 1199; x_wconf 82' lang='lat' dir='ltr'><strong>ternoque</strong></span> <span class='ocrx_word' id='word_1_271' title='bbox 2304 1130 2525 1186; x_wconf 78' lang='lat' dir='ltr'><strong>aﬂ‘ectui</strong></span> <span class='ocrx_word' id='word_1_272' title='bbox 2559 1130 2868 1186; x_wconf 90' lang='lat' dir='ltr'><strong>attribuere</strong></span> <span class='ocrx_word' id='word_1_273' title='bbox 2903 1132 3074 1202; x_wconf 80' lang='lat' dir='ltr'><strong>magis</strong></span> <span class='ocrx_word' id='word_1_274' title='bbox 3108 1132 3406 1187; x_wconf 83' lang='lat' dir='ltr'><strong>decuisset.</strong></span> <span class='ocrx_word' id='word_1_275' title='bbox 3451 1131 3574 1185; x_wconf 75' lang='lat' dir='ltr'><strong>llazc</strong></span> 
     </span>
    </p>
   </div>
   <div class='ocr_carea' id='block_1_41' title="bbox 1996 1223 3571 1295">
    <p class='ocr_par' dir='ltr' id='par_1_41' title="bbox 1996 1223 3571 1295">
     <span class='ocr_line' id='line_1_41' title="bbox 1996 1223 3571 1295; baseline 0 -18"><span class='ocrx_word' id='word_1_276' title='bbox 1996 1230 2126 1277; x_wconf 86' lang='lat' dir='ltr'><strong>sunt</strong></span> <span class='ocrx_word' id='word_1_277' title='bbox 2155 1239 2276 1293; x_wconf 71' lang='lat' dir='ltr'><strong>quae</strong></span> <span class='ocrx_word' id='word_1_278' title='bbox 2325 1239 2412 1279; x_wconf 89' lang='lat' dir='ltr'><strong>me</strong></span> <span class='ocrx_word' id='word_1_279' title='bbox 2445 1233 2727 1295; x_wconf 85' lang='lat' dir='ltr'><strong>torquent,</strong></span> <span class='ocrx_word' id='word_1_280' title='bbox 2755 1223 3034 1294; x_wconf 73' lang='lat' dir='ltr'><strong>vitamque</strong></span> <span class='ocrx_word' id='word_1_281' title='bbox 3067 1225 3212 1280; x_wconf 86' lang='lat' dir='ltr'><strong>mihi</strong></span> <span class='ocrx_word' id='word_1_282' title='bbox 3248 1233 3424 1279; x_wconf 90' lang='lat' dir='ltr'><strong>morte</strong></span> <span class='ocrx_word' id='word_1_283' title='bbox 3455 1224 3571 1294; x_wconf 74' lang='lat' dir='ltr'><strong>ipsa</strong></span> 
     </span>
    </p>
   </div>
   <div class='ocr_carea' id='block_1_42' title="bbox 1979 1313 3576 1399">
    <p class='ocr_par' dir='ltr' id='par_1_42' title="bbox 1979 1313 3576 1399">
     <span class='ocr_line' id='line_1_42' title="bbox 1979 1313 3576 1399; baseline 0.001 -30"><span class='ocrx_word' id='word_1_284' title='bbox 1979 1313 2370 1399; x_wconf 40' lang='lat' dir='ltr'><strong>Iinsuaviorem</strong></span> <span class='ocrx_word' id='word_1_285' title='bbox 2429 1317 2690 1372; x_wconf 88' lang='lat' dir='ltr'><strong>reddunt.</strong></span> <span class='ocrx_word' id='word_1_286' title='bbox 2722 1318 2990 1374; x_wconf 85' lang='lat' dir='ltr'><strong>Peccasse</strong></span> <span class='ocrx_word' id='word_1_287' title='bbox 3026 1333 3140 1384; x_wconf 87' lang='lat' dir='ltr'><strong>me,</strong></span> <span class='ocrx_word' id='word_1_288' title='bbox 3181 1325 3240 1372; x_wconf 90' lang='lat' dir='ltr'><strong>et</strong></span> <span class='ocrx_word' id='word_1_289' title='bbox 3281 1317 3455 1388; x_wconf 89' lang='lat' dir='ltr'><strong>plagis</strong></span> <span class='ocrx_word' id='word_1_290' title='bbox 3510 1332 3576 1370; x_wconf 86' lang='lat' dir='ltr'><strong>ac</strong></span> 
     </span>
    </p>
   </div>
   <div class='ocr_carea' id='block_1_43' title="bbox 1995 1407 3576 1478">
    <p class='ocr_par' dir='ltr' id='par_1_43' title="bbox 1995 1407 3576 1478">
     <span class='ocr_line' id='line_1_43' title="bbox 1995 1407 3576 1478; baseline 0 -17"><span class='ocrx_word' id='word_1_291' title='bbox 1995 1407 2180 1478; x_wconf 82' lang='lat' dir='ltr'><strong>ﬂagris</strong></span> <span class='ocrx_word' id='word_1_292' title='bbox 2212 1408 2482 1478; x_wconf 73' lang='lat' dir='ltr'><strong>expianda</strong></span> <span class='ocrx_word' id='word_1_293' title='bbox 2511 1409 2853 1466; x_wconf 84' lang='lat' dir='ltr'><strong>commisisse</strong></span> <span class='ocrx_word' id='word_1_294' title='bbox 2888 1427 2996 1465; x_wconf 91' lang='lat' dir='ltr'><strong>non</strong></span> <span class='ocrx_word' id='word_1_295' title='bbox 3032 1410 3126 1464; x_wconf 89' lang='lat' dir='ltr'><strong>ibo</strong></span> <span class='ocrx_word' id='word_1_296' title='bbox 3159 1407 3396 1471; x_wconf 85' lang='lat' dir='ltr'><strong>inﬁcias,</strong></span> <span class='ocrx_word' id='word_1_297' title='bbox 3426 1423 3576 1463; x_wconf 90' lang='lat' dir='ltr'><strong>sum-</strong></span> 
     </span>
    </p>
   </div>
   <div class='ocr_carea' id='block_1_44' title="bbox 1996 1499 3574 1570">
    <p class='ocr_par' dir='ltr' id='par_1_44' title="bbox 1996 1499 3574 1570">
     <span class='ocr_line' id='line_1_44' title="bbox 1996 1499 3574 1570; baseline 0 -16"><span class='ocrx_word' id='word_1_298' title='bbox 1996 1500 2185 1570; x_wconf 91' lang='lat' dir='ltr'><strong>mique</strong></span> <span class='ocrx_word' id='word_1_299' title='bbox 2234 1499 2493 1557; x_wconf 80' lang='lat' dir='ltr'><strong>beneﬁcii</strong></span> <span class='ocrx_word' id='word_1_300' title='bbox 2525 1501 2650 1558; x_wconf 89' lang='lat' dir='ltr'><strong>loco</strong></span> <span class='ocrx_word' id='word_1_301' title='bbox 2675 1517 3051 1566; x_wconf 90' lang='lat' dir='ltr'><strong>numerarem,</strong></span> <span class='ocrx_word' id='word_1_302' title='bbox 3087 1500 3134 1556; x_wconf 90' lang='lat' dir='ltr'><strong>si</strong></span> <span class='ocrx_word' id='word_1_303' title='bbox 3181 1501 3236 1556; x_wconf 93' lang='lat' dir='ltr'><strong>in</strong></span> <span class='ocrx_word' id='word_1_304' title='bbox 3265 1500 3454 1556; x_wconf 89' lang='lat' dir='ltr'><strong>abdito</strong></span> <span class='ocrx_word' id='word_1_305' title='bbox 3483 1510 3574 1554; x_wconf 88' lang='lat' dir='ltr'><strong>tua</strong></span> 
     </span>
    </p>
   </div>
   <div class='ocr_carea' id='block_1_45' title="bbox 1995 1593 3573 1680">
    <p class='ocr_par' dir='ltr' id='par_1_45' title="bbox 1995 1593 3573 1680">
     <span class='ocr_line' id='line_1_45' title="bbox 1995 1593 3573 1680; baseline 0 -34"><span class='ocrx_word' id='word_1_306' title='bbox 1995 1608 2186 1680; x_wconf 63' lang='lat' dir='ltr'><strong>manu,</strong></span> <span class='ocrx_word' id='word_1_307' title='bbox 2234 1600 2414 1664; x_wconf 90' lang='lat' dir='ltr'><strong>pater,</strong></span> <span class='ocrx_word' id='word_1_308' title='bbox 2445 1609 2641 1665; x_wconf 80' lang='lat' dir='ltr'><strong>pcenas</strong></span> <span class='ocrx_word' id='word_1_309' title='bbox 2669 1609 2700 1649; x_wconf 86' lang='lat' dir='ltr'><strong>a</strong></span> <span class='ocrx_word' id='word_1_310' title='bbox 2732 1609 2820 1651; x_wconf 91' lang='lat' dir='ltr'><strong>me</strong></span> <span class='ocrx_word' id='word_1_311' title='bbox 2865 1605 3150 1665; x_wconf 89' lang='lat' dir='ltr'><strong>repeteres</strong></span> <span class='ocrx_word' id='word_1_312' title='bbox 3185 1593 3346 1666; x_wconf 71' lang='lat'><strong>(70):</strong></span> <span class='ocrx_word' id='word_1_313' title='bbox 3383 1610 3573 1648; x_wconf 80' lang='lat' dir='ltr'><strong>verum</strong></span> 
     </span>
    </p>
   </div>
   <div class='ocr_carea' id='block_1_46' title="bbox 1994 1686 3573 1774">
    <p class='ocr_par' dir='ltr' id='par_1_46' title="bbox 1994 1686 3573 1774">
     <span class='ocr_line' id='line_1_46' title="bbox 1994 1686 3573 1774; baseline -0.001 -35"><span class='ocrx_word' id='word_1_314' title='bbox 1994 1699 2170 1754; x_wconf 88' lang='lat' dir='ltr'><strong>usque</strong></span> <span class='ocrx_word' id='word_1_315' title='bbox 2202 1700 2269 1740; x_wconf 90' lang='lat' dir='ltr'><strong>eo</strong></span> <span class='ocrx_word' id='word_1_316' title='bbox 2297 1686 2482 1743; x_wconf 83' lang='lat' dir='ltr'><strong>laxare</strong></span> <span class='ocrx_word' id='word_1_317' title='bbox 2510 1686 2756 1744; x_wconf 88' lang='lat' dir='ltr'><strong>habenas</strong></span> <span class='ocrx_word' id='word_1_318' title='bbox 2786 1688 3088 1744; x_wconf 73' lang='lat' dir='ltr'><strong>iracundias</strong></span> <span class='ocrx_word' id='word_1_319' title='bbox 3123 1695 3204 1755; x_wconf 83' lang='lat' dir='ltr'><strong>ut,</strong></span> <span class='ocrx_word' id='word_1_320' title='bbox 3238 1688 3490 1774; x_wconf 76' lang='lat' dir='ltr'><strong>quamvis</strong></span> <span class='ocrx_word' id='word_1_321' title='bbox 3519 1687 3573 1739; x_wconf 89' lang='lat' dir='ltr'><strong>in</strong></span> 
     </span>
    </p>
   </div>
   <div class='ocr_carea' id='block_1_47' title="bbox 1993 1776 3578 1844">
    <p class='ocr_par' dir='ltr' id='par_1_47' title="bbox 1993 1776 3578 1844">
     <span class='ocr_line' id='line_1_47' title="bbox 1993 1776 3578 1844; baseline 0.002 -16"><span class='ocrx_word' id='word_1_322' title='bbox 1993 1776 2288 1844; x_wconf 68' lang='lat' dir='ltr'><strong>praesentia</strong></span> <span class='ocrx_word' id='word_1_323' title='bbox 2335 1776 2636 1832; x_wconf 89' lang='lat' dir='ltr'><strong>multorum</strong></span> <span class='ocrx_word' id='word_1_324' title='bbox 2676 1777 2751 1834; x_wconf 91' lang='lat' dir='ltr'><strong>ita</strong></span> <span class='ocrx_word' id='word_1_325' title='bbox 2795 1778 3065 1836; x_wconf 88' lang='lat' dir='ltr'><strong>maledice</strong></span> <span class='ocrx_word' id='word_1_326' title='bbox 3120 1794 3209 1833; x_wconf 92' lang='lat' dir='ltr'><strong>me</strong></span> <span class='ocrx_word' id='word_1_327' title='bbox 3241 1779 3470 1842; x_wconf 75' lang='lat' dir='ltr'><strong>laceres,</strong></span> <span class='ocrx_word' id='word_1_328' title='bbox 3519 1777 3578 1832; x_wconf 78' lang='lat' dir='ltr'><strong>id</strong></span> 
     </span>
    </p>
   </div>
   <div class='ocr_carea' id='block_1_48' title="bbox 1993 1868 3574 1942">
    <p class='ocr_par' dir='ltr' id='par_1_48' title="bbox 1993 1868 3574 1942">
     <span class='ocr_line' id='line_1_48' title="bbox 1993 1868 3574 1942; baseline 0.001 -21"><span class='ocrx_word' id='word_1_329' title='bbox 1993 1868 2252 1938; x_wconf 85' lang='lat' dir='ltr'><strong>estquod</strong></span> <span class='ocrx_word' id='word_1_330' title='bbox 2299 1883 2592 1926; x_wconf 73' lang='lat' dir='ltr'><strong>maerorem</strong></span> <span class='ocrx_word' id='word_1_331' title='bbox 2648 1871 2786 1927; x_wconf 90' lang='lat' dir='ltr'><strong>mihi</strong></span> <span class='ocrx_word' id='word_1_332' title='bbox 2845 1871 2989 1942; x_wconf 84' lang='lat' dir='ltr'><strong>parit</strong></span> <span class='ocrx_word' id='word_1_333' title='bbox 3053 1871 3459 1927; x_wconf 85' lang='lat' dir='ltr'><strong>incredibilem.</strong></span> <span class='ocrx_word' id='word_1_334' title='bbox 3515 1868 3574 1924; x_wconf 91' lang='lat' dir='ltr'><strong>Si</strong></span> 
     </span>
    </p>
   </div>
   <div class='ocr_carea' id='block_1_49' title="bbox 1998 1962 3584 2032">
    <p class='ocr_par' dir='ltr' id='par_1_49' title="bbox 1998 1962 3584 2032">
     <span class='ocr_line' id='line_1_49' title="bbox 1998 1962 3584 2032; baseline -0.001 -15"><span class='ocrx_word' id='word_1_335' title='bbox 1998 1964 2180 2032; x_wconf 82' lang='lat' dir='ltr'><strong>itaque</strong></span> <span class='ocrx_word' id='word_1_336' title='bbox 2239 1962 2382 2018; x_wconf 88' lang='lat' dir='ltr'><strong>Deus</strong></span> <span class='ocrx_word' id='word_1_337' title='bbox 2443 1962 2922 2019; x_wconf 85' lang='lat' dir='ltr'><strong>misericordibus.</strong></span> <span class='ocrx_word' id='word_1_338' title='bbox 2961 1964 3139 2020; x_wconf 88' lang='lat' dir='ltr'><strong>oculis</strong></span> <span class='ocrx_word' id='word_1_339' title='bbox 3191 1965 3390 2019; x_wconf 88' lang='lat' dir='ltr'><strong>delicta</strong></span> <span class='ocrx_word' id='word_1_340' title='bbox 3451 1977 3584 2016; x_wconf 81' lang='lat' dir='ltr'><strong>mea</strong></span> 
     </span>
    </p>
   </div>
   <div class='ocr_carea' id='block_1_50' title="bbox 1998 2053 3582 2125">
    <p class='ocr_par' dir='ltr' id='par_1_50' title="bbox 1998 2053 3582 2125">
     <span class='ocr_line' id='line_1_50' title="bbox 1998 2053 3582 2125; baseline 0.001 -18"><span class='ocrx_word' id='word_1_341' title='bbox 1998 2053 2326 2122; x_wconf 85' lang='lat' dir='ltr'><strong>respiciens,</strong></span> <span class='ocrx_word' id='word_1_342' title='bbox 2360 2063 2415 2109; x_wconf 85' lang='lat' dir='ltr'><strong>te</strong></span> <span class='ocrx_word' id='word_1_343' title='bbox 2453 2069 2675 2125; x_wconf 90' lang='lat' dir='ltr'><strong>quoque</strong></span> <span class='ocrx_word' id='word_1_344' title='bbox 2707 2055 2775 2111; x_wconf 83' lang='lat' dir='ltr'><strong>ad</strong></span> <span class='ocrx_word' id='word_1_345' title='bbox 2839 2056 3269 2120; x_wconf 83' lang='lat' dir='ltr'><strong>humanitatem,</strong></span> <span class='ocrx_word' id='word_1_346' title='bbox 3304 2066 3362 2110; x_wconf 87' lang='lat' dir='ltr'><strong>et</strong></span> <span class='ocrx_word' id='word_1_347' title='bbox 3403 2055 3582 2108; x_wconf 69' lang='lat' dir='ltr'><strong>miseo-</strong></span> 
     </span>
    </p>
   </div>
   <div class='ocr_carea' id='block_1_51' title="bbox 1998 2147 3595 2218">
    <p class='ocr_par' dir='ltr' id='par_1_51' title="bbox 1998 2147 3595 2218">
     <span class='ocr_line' id='line_1_51' title="bbox 1998 2147 3595 2218; baseline 0.004 -17"><span class='ocrx_word' id='word_1_348' title='bbox 1998 2147 2295 2202; x_wconf 90' lang='lat' dir='ltr'><strong>ricordiam</strong></span> <span class='ocrx_word' id='word_1_349' title='bbox 2324 2147 2480 2210; x_wconf 90' lang='lat' dir='ltr'><strong>mihi,</strong></span> <span class='ocrx_word' id='word_1_350' title='bbox 2510 2155 2702 2216; x_wconf 87' lang='lat' dir='ltr'><strong>utpote</strong></span> <span class='ocrx_word' id='word_1_351' title='bbox 2731 2148 2846 2202; x_wconf 83' lang='lat' dir='ltr'><strong>lilio</strong></span> <span class='ocrx_word' id='word_1_352' title='bbox 2876 2158 2989 2214; x_wconf 92' lang='lat' dir='ltr'><strong>tuo,</strong></span> <span class='ocrx_word' id='word_1_353' title='bbox 3022 2148 3444 2218; x_wconf 88' lang='lat' dir='ltr'><strong>impertiendam</strong></span> <span class='ocrx_word' id='word_1_354' title='bbox 3493 2156 3595 2208; x_wconf 79' lang='lat' dir='ltr'><strong>in--</strong></span> 
     </span>
    </p>
   </div>
   <div class='ocr_carea' id='block_1_52' title="bbox 1997 2237 3574 2308">
    <p class='ocr_par' dir='ltr' id='par_1_52' title="bbox 1997 2237 3574 2308">
     <span class='ocr_line' id='line_1_52' title="bbox 1997 2237 3574 2308; baseline 0.004 -16"><span class='ocrx_word' id='word_1_355' title='bbox 1997 2238 2238 2301; x_wconf 78' lang='lat' dir='ltr'><strong>ﬂexerit,</strong></span> <span class='ocrx_word' id='word_1_356' title='bbox 2290 2237 2432 2292; x_wconf 89' lang='lat' dir='ltr'><strong>nihil</strong></span> <span class='ocrx_word' id='word_1_357' title='bbox 2460 2238 2730 2294; x_wconf 88' lang='lat' dir='ltr'><strong>acciderit</strong></span> <span class='ocrx_word' id='word_1_358' title='bbox 2779 2239 2915 2293; x_wconf 89' lang='lat' dir='ltr'><strong>mihi</strong></span> <span class='ocrx_word' id='word_1_359' title='bbox 2969 2241 3287 2308; x_wconf 83' lang='lat' dir='ltr'><strong>Optahilius.</strong></span> <span class='ocrx_word' id='word_1_360' title='bbox 3341 2247 3409 2297; x_wconf 81' lang='lat' dir='ltr'><strong>At</strong></span> <span class='ocrx_word' id='word_1_361' title='bbox 3437 2244 3484 2298; x_wconf 92' lang='lat' dir='ltr'><strong>si</strong></span> <span class='ocrx_word' id='word_1_362' title='bbox 3517 2246 3574 2300; x_wconf 89' lang='lat' dir='ltr'><strong>in</strong></span> 
     </span>
    </p>
   </div>
   <div class='ocr_carea' id='block_1_53' title="bbox 1997 2329 3577 2400">
    <p class='ocr_par' dir='ltr' id='par_1_53' title="bbox 1997 2329 3577 2400">
     <span class='ocr_line' id='line_1_53' title="bbox 1997 2329 3577 2400; baseline 0.005 -17"><span class='ocrx_word' id='word_1_363' title='bbox 1997 2340 2282 2400; x_wconf 87' lang='lat' dir='ltr'><strong>posterum</strong></span> <span class='ocrx_word' id='word_1_364' title='bbox 2324 2329 2690 2384; x_wconf 86' lang='lat' dir='ltr'><strong>nihilominus</strong></span> <span class='ocrx_word' id='word_1_365' title='bbox 2747 2339 2858 2386; x_wconf 84' lang='lat' dir='ltr'><strong>tam</strong></span> <span class='ocrx_word' id='word_1_366' title='bbox 2886 2345 3079 2386; x_wconf 78' lang='lat' dir='ltr'><strong>aversa</strong></span> <span class='ocrx_word' id='word_1_367' title='bbox 3111 2347 3138 2385; x_wconf 92' lang='lat' dir='ltr'><strong>a</strong></span> <span class='ocrx_word' id='word_1_368' title='bbox 3174 2348 3260 2388; x_wconf 89' lang='lat' dir='ltr'><strong>me</strong></span> <span class='ocrx_word' id='word_1_369' title='bbox 3292 2335 3577 2391; x_wconf 80' lang='lat' dir='ltr'><strong>voluntate</strong></span> 
     </span>
    </p>
   </div>
   <div class='ocr_carea' id='block_1_54' title="bbox 1994 2423 3583 2496">
    <p class='ocr_par' dir='ltr' id='par_1_54' title="bbox 1994 2423 3583 2496">
     <span class='ocr_line' id='line_1_54' title="bbox 1994 2423 3583 2496; baseline 0.003 -19"><span class='ocrx_word' id='word_1_370' title='bbox 1994 2423 2216 2478; x_wconf 80' lang='lat' dir='ltr'><strong>futurus</strong></span> <span class='ocrx_word' id='word_1_371' title='bbox 2246 2438 2328 2490; x_wconf 87' lang='lat' dir='ltr'><strong>es,</strong></span> <span class='ocrx_word' id='word_1_372' title='bbox 2379 2438 2545 2493; x_wconf 91' lang='lat' dir='ltr'><strong>quem</strong></span> <span class='ocrx_word' id='word_1_373' title='bbox 2607 2423 2956 2493; x_wconf 83' lang='lat' dir='ltr'><strong>probaveris,</strong></span> <span class='ocrx_word' id='word_1_374' title='bbox 2991 2424 3138 2480; x_wconf 90' lang='lat' dir='ltr'><strong>hunc</strong></span> <span class='ocrx_word' id='word_1_375' title='bbox 3186 2427 3583 2496; x_wconf 80' lang='lat' dir='ltr'><strong>imperatorem</strong></span> 
     </span>
    </p>
   </div>
   <div class='ocr_carea' id='block_1_55' title="bbox 1993 2514 3606 2588">
    <p class='ocr_par' dir='ltr' id='par_1_55' title="bbox 1993 2514 3606 2588">
     <span class='ocr_line' id='line_1_55' title="bbox 1993 2514 3606 2588; baseline 0.001 -19"><span class='ocrx_word' id='word_1_376' title='bbox 1993 2533 2093 2587; x_wconf 88' lang='lat' dir='ltr'><strong>pro</strong></span> <span class='ocrx_word' id='word_1_377' title='bbox 2123 2530 2208 2570; x_wconf 88' lang='lat' dir='ltr'><strong>me</strong></span> <span class='ocrx_word' id='word_1_378' title='bbox 2250 2515 2507 2586; x_wconf 78' lang='lat' dir='ltr'><strong>designes</strong></span> <span class='ocrx_word' id='word_1_379' title='bbox 2535 2515 2689 2571; x_wconf 89' lang='lat' dir='ltr'><strong>licet.</strong></span> <span class='ocrx_word' id='word_1_380' title='bbox 2723 2515 2849 2569; x_wconf 69' lang='lat' dir='ltr'><strong>Haec</strong></span> <span class='ocrx_word' id='word_1_381' title='bbox 2889 2514 3168 2586; x_wconf 68' lang='lat' dir='ltr'><strong>Iosephus</strong></span> <span class='ocrx_word' id='word_1_382' title='bbox 3218 2519 3432 2588; x_wconf 84' lang='lat' dir='ltr'><strong>legatus</strong></span> <span class='ocrx_word' id='word_1_383' title='bbox 3478 2535 3606 2574; x_wconf 78' lang='lat' dir='ltr'><strong>ne-~_</strong></span> 
     </span>
    </p>
   </div>
   <div class='ocr_carea' id='block_1_56' title="bbox 1995 2609 3580 2680">
    <p class='ocr_par' dir='ltr' id='par_1_56' title="bbox 1995 2609 3580 2680">
     <span class='ocr_line' id='line_1_56' title="bbox 1995 2609 3580 2680; baseline 0.003 -18"><span class='ocrx_word' id='word_1_384' title='bbox 1995 2610 2140 2680; x_wconf 86' lang='lat' dir='ltr'><strong>potis</strong></span> <span class='ocrx_word' id='word_1_385' title='bbox 2188 2609 2332 2678; x_wconf 87' lang='lat' dir='ltr'><strong>apud</strong></span> <span class='ocrx_word' id='word_1_386' title='bbox 2384 2624 2548 2663; x_wconf 88' lang='lat' dir='ltr'><strong>avum</strong></span> <span class='ocrx_word' id='word_1_387' title='bbox 2597 2609 2875 2679; x_wconf 83' lang='lat' dir='ltr'><strong>exposuit.</strong></span> <span class='ocrx_word' id='word_1_388' title='bbox 2909 2611 3102 2666; x_wconf 85' lang='lat' dir='ltr'><strong>Postea</strong></span> <span class='ocrx_word' id='word_1_389' title='bbox 3145 2627 3269 2666; x_wconf 90' lang='lat' dir='ltr'><strong>cum</strong></span> <span class='ocrx_word' id='word_1_390' title='bbox 3316 2613 3580 2667; x_wconf 82' lang='lat' dir='ltr'><strong>eumdem</strong></span> 
     </span>
    </p>
   </div>
   <div class='ocr_carea' id='block_1_57' title="bbox 1990 2700 3582 2775">
    <p class='ocr_par' dir='ltr' id='par_1_57' title="bbox 1990 2700 3582 2775">
     <span class='ocr_line' id='line_1_57' title="bbox 1990 2700 3582 2775; baseline 0 -16"><span class='ocrx_word' id='word_1_391' title='bbox 1990 2713 2253 2775; x_wconf 87' lang='lat' dir='ltr'><strong>nepotem</strong></span> <span class='ocrx_word' id='word_1_392' title='bbox 2297 2718 2397 2758; x_wconf 89' lang='lat' dir='ltr'><strong>sua</strong></span> <span class='ocrx_word' id='word_1_393' title='bbox 2444 2709 2640 2773; x_wconf 90' lang='lat' dir='ltr'><strong>sponte</strong></span> <span class='ocrx_word' id='word_1_394' title='bbox 2695 2700 2902 2756; x_wconf 85' lang='lat' dir='ltr'><strong>all‘atim</strong></span> <span class='ocrx_word' id='word_1_395' title='bbox 2935 2701 3323 2767; x_wconf 86' lang='lat' dir='ltr'><strong>collaudasset,</strong></span> <span class='ocrx_word' id='word_1_396' title='bbox 3359 2704 3582 2759; x_wconf 71' lang='lat' dir='ltr'><strong>verbis-</strong></span> 
     </span>
    </p>
   </div>
   <div class='ocr_carea' id='block_1_58' title="bbox 1991 2795 3573 2870">
    <p class='ocr_par' dir='ltr' id='par_1_58' title="bbox 1991 2795 3573 2870">
     <span class='ocr_line' id='line_1_58' title="bbox 1991 2795 3573 2870; baseline -0.001 -18"><span class='ocrx_word' id='word_1_397' title='bbox 1991 2815 2098 2870; x_wconf 88' lang='lat' dir='ltr'><strong>que</strong></span> <span class='ocrx_word' id='word_1_398' title='bbox 2132 2796 2451 2852; x_wconf 88' lang='lat' dir='ltr'><strong>mitioribus</strong></span> <span class='ocrx_word' id='word_1_399' title='bbox 2487 2811 2676 2851; x_wconf 89' lang='lat' dir='ltr'><strong>senem</strong></span> <span class='ocrx_word' id='word_1_400' title='bbox 2731 2795 2972 2850; x_wconf 86' lang='lat' dir='ltr'><strong>molliter</strong></span> <span class='ocrx_word' id='word_1_401' title='bbox 3001 2797 3294 2865; x_wconf 85' lang='lat' dir='ltr'><strong>arguisset,</strong></span> <span class='ocrx_word' id='word_1_402' title='bbox 3329 2798 3422 2866; x_wconf 88' lang='lat' dir='ltr'><strong>qui</strong></span> <span class='ocrx_word' id='word_1_403' title='bbox 3483 2798 3573 2851; x_wconf 84' lang='lat' dir='ltr'><strong>in-</strong></span> 
     </span>
    </p>
   </div>
   <div class='ocr_carea' id='block_1_59' title="bbox 1991 2887 3582 2959">
    <p class='ocr_par' dir='ltr' id='par_1_59' title="bbox 1991 2887 3582 2959">
     <span class='ocr_line' id='line_1_59' title="bbox 1991 2887 3582 2959; baseline -0.002 -14"><span class='ocrx_word' id='word_1_404' title='bbox 1991 2888 2355 2954; x_wconf 88' lang='lat' dir='ltr'><strong>clementius,</strong></span> <span class='ocrx_word' id='word_1_405' title='bbox 2403 2902 2567 2959; x_wconf 89' lang='lat' dir='ltr'><strong>quam</strong></span> <span class='ocrx_word' id='word_1_406' title='bbox 2601 2903 2702 2957; x_wconf 88' lang='lat' dir='ltr'><strong>pro</strong></span> <span class='ocrx_word' id='word_1_407' title='bbox 2729 2903 2888 2956; x_wconf 80' lang='lat' dir='ltr'><strong>aequo</strong></span> <span class='ocrx_word' id='word_1_408' title='bbox 2931 2897 2986 2942; x_wconf 89' lang='lat' dir='ltr'><strong>et</strong></span> <span class='ocrx_word' id='word_1_409' title='bbox 3016 2887 3162 2942; x_wconf 84' lang='lat' dir='ltr'><strong>bono</strong></span> <span class='ocrx_word' id='word_1_410' title='bbox 3196 2903 3255 2943; x_wconf 88' lang='lat' dir='ltr'><strong>se</strong></span> <span class='ocrx_word' id='word_1_411' title='bbox 3295 2887 3348 2941; x_wconf 89' lang='lat' dir='ltr'><strong>in</strong></span> <span class='ocrx_word' id='word_1_412' title='bbox 3386 2888 3582 2942; x_wconf 84' lang='lat' dir='ltr'><strong>adole-</strong></span> 
     </span>
    </p>
   </div>
   <div class='ocr_carea' id='block_1_60' title="bbox 1991 2977 3573 3052">
    <p class='ocr_par' dir='ltr' id='par_1_60' title="bbox 1991 2977 3573 3052">
     <span class='ocr_line' id='line_1_60' title="bbox 1991 2977 3573 3052; baseline -0.003 -15"><span class='ocrx_word' id='word_1_413' title='bbox 1991 2993 2235 3039; x_wconf 89' lang='lat' dir='ltr'><strong>scentem</strong></span> <span class='ocrx_word' id='word_1_414' title='bbox 2273 2990 2512 3052; x_wconf 87' lang='lat' dir='ltr'><strong>gereret,</strong></span> <span class='ocrx_word' id='word_1_415' title='bbox 2571 2979 2662 3033; x_wconf 91' lang='lat' dir='ltr'><strong>ille</strong></span> <span class='ocrx_word' id='word_1_416' title='bbox 2698 2979 2942 3032; x_wconf 85' lang='lat' dir='ltr'><strong>vicissim</strong></span> <span class='ocrx_word' id='word_1_417' title='bbox 2993 2979 3120 3033; x_wconf 85' lang='lat' dir='ltr'><strong>talia</strong></span> <span class='ocrx_word' id='word_1_418' title='bbox 3151 2977 3443 3044; x_wconf 77' lang='lat' dir='ltr'><strong>referenda</strong></span> <span class='ocrx_word' id='word_1_419' title='bbox 3473 2978 3573 3032; x_wconf 89' lang='lat' dir='ltr'><strong>dc-</strong></span> 
     </span>
    </p>
   </div>
   <div class='ocr_carea' id='block_1_61' title="bbox 1990 3071 3578 3144">
    <p class='ocr_par' dir='ltr' id='par_1_61' title="bbox 1990 3071 3578 3144">
     <span class='ocr_line' id='line_1_61' title="bbox 1990 3071 3578 3144; baseline -0.005 -12"><span class='ocrx_word' id='word_1_420' title='bbox 1990 3077 2106 3134; x_wconf 89' lang='lat' dir='ltr'><strong>dit:</strong></span> <span class='ocrx_word' id='word_1_421' title='bbox 2149 3075 2287 3130; x_wconf 91' lang='lat' dir='ltr'><strong>Cum</strong></span> <span class='ocrx_word' id='word_1_422' title='bbox 2316 3082 2500 3144; x_wconf 84' lang='lat' dir='ltr'><strong>patres</strong></span> <span class='ocrx_word' id='word_1_423' title='bbox 2529 3071 2728 3142; x_wconf 87' lang='lat' dir='ltr'><strong>reliqui</strong></span> <span class='ocrx_word' id='word_1_424' title='bbox 2766 3086 2995 3134; x_wconf 89' lang='lat' dir='ltr'><strong>onmes,</strong></span> <span class='ocrx_word' id='word_1_425' title='bbox 3043 3071 3264 3141; x_wconf 86' lang='lat' dir='ltr'><strong>quando</strong></span> <span class='ocrx_word' id='word_1_426' title='bbox 3293 3071 3434 3126; x_wconf 63' lang='lat' dir='ltr'><strong>caelo</strong></span> <span class='ocrx_word' id='word_1_427' title='bbox 3461 3071 3578 3125; x_wconf 77' lang='lat' dir='ltr'><strong>frui</strong></span> 
     </span>
    </p>
   </div>
   <div class='ocr_carea' id='block_1_62' title="bbox 1991 3164 3584 3238">
    <p class='ocr_par' dir='ltr' id='par_1_62' title="bbox 1991 3164 3584 3238">
     <span class='ocr_line' id='line_1_62' title="bbox 1991 3164 3584 3238; baseline -0.004 -14"><span class='ocrx_word' id='word_1_428' title='bbox 1991 3177 2284 3238; x_wconf 67' lang='lat' dir='ltr'><strong>coeperunt</strong></span> <span class='ocrx_word' id='word_1_429' title='bbox 2344 3166 2506 3223; x_wconf 84' lang='lat' dir='ltr'><strong>liberi</strong></span> <span class='ocrx_word' id='word_1_430' title='bbox 2541 3204 2556 3228; x_wconf 90' lang='lat'><strong>,</strong></span> <span class='ocrx_word' id='word_1_431' title='bbox 2628 3174 2742 3220; x_wconf 88' lang='lat' dir='ltr'><strong>tum</strong></span> <span class='ocrx_word' id='word_1_432' title='bbox 2777 3164 3013 3234; x_wconf 87' lang='lat' dir='ltr'><strong>primum</strong></span> <span class='ocrx_word' id='word_1_433' title='bbox 3067 3165 3174 3233; x_wconf 68' lang='lat'><strong>2.2</strong></span> <span class='ocrx_word' id='word_1_434' title='bbox 3225 3179 3321 3218; x_wconf 90' lang='lat' dir='ltr'><strong>eos</strong></span> <span class='ocrx_word' id='word_1_435' title='bbox 3383 3179 3584 3218; x_wconf 85' lang='lat' dir='ltr'><strong>amaro-</strong></span> 
     </span>
    </p>
   </div>
   <div class='ocr_carea' id='block_1_63' title="bbox 300 3240 1883 3354">
    <p class='ocr_par' dir='ltr' id='par_1_63' title="bbox 300 3240 1881 3354">
     <span class='ocr_line' id='line_1_63' title="bbox 300 3240 1881 3354; baseline 0.019 -66"><span class='ocrx_word' id='word_1_436' title='bbox 300 3240 393 3354; x_wconf 52' lang='grc' dir='ltr'><strong>ἷαὶ</strong></span> <span class='ocrx_word' id='word_1_437' title='bbox 453 3242 684 3309; x_wconf 85' lang='grc' dir='ltr'>πολλοὺς</span> <span class='ocrx_word' id='word_1_438' title='bbox 733 3247 843 3300; x_wconf 88' lang='grc' dir='ltr'><strong>τῶν</strong></span> <span class='ocrx_word' id='word_1_439' title='bbox 900 3249 1346 3323; x_wconf 74' lang='grc' dir='ltr'>διαϐεϐοημένων</span> <span class='ocrx_word' id='word_1_440' title='bbox 1392 3259 1480 3311; x_wconf 78' lang='grc' dir='ltr'><strong>ἐπ’</strong></span> <span class='ocrx_word' id='word_1_441' title='bbox 1531 3259 1725 3333; x_wconf 82' lang='grc' dir='ltr'>ἀρετῇ,</span> <span class='ocrx_word' id='word_1_442' title='bbox 1781 3266 1881 3318; x_wconf 80' lang='grc' dir='ltr'>καὶ</span> 
     </span>
    </p>
   </div>
   <div class='ocr_carea' id='block_1_64' title="bbox 1987 3240 3586 3354">
    <p class='ocr_par' dir='ltr' id='par_1_64' title="bbox 1988 3261 3586 3335">
     <span class='ocr_line' id='line_1_64' title="bbox 1988 3261 3586 3335; baseline -0.002 -15"><span class='ocrx_word' id='word_1_443' title='bbox 1988 3265 2293 3335; x_wconf 73' lang='lat' dir='ltr'><strong>iucipiantf,</strong></span> <span class='ocrx_word' id='word_1_444' title='bbox 2340 3279 2505 3333; x_wconf 87' lang='lat' dir='ltr'><strong>quem</strong></span> <span class='ocrx_word' id='word_1_445' title='bbox 2545 3276 2789 3317; x_wconf 90' lang='lat' dir='ltr'><strong>amorem</strong></span> <span class='ocrx_word' id='word_1_446' title='bbox 2827 3262 2962 3332; x_wconf 86' lang='lat' dir='ltr'><strong>ipsis</strong></span> <span class='ocrx_word' id='word_1_447' title='bbox 2990 3261 3371 3319; x_wconf 85' lang='lat' dir='ltr'><strong>crescentibus</strong></span> <span class='ocrx_word' id='word_1_448' title='bbox 3401 3263 3586 3318; x_wconf 48' lang='lat' dir='ltr'><strong>adaum</strong></span> 
     </span>
    </p>
   </div>
   <div class='ocr_carea' id='block_1_65' title="bbox 302 3332 1883 3427">
    <p class='ocr_par' dir='ltr' id='par_1_65' title="bbox 302 3332 1882 3425">
     <span class='ocr_line' id='line_1_65' title="bbox 302 3332 1882 3425; baseline 0.016 -41"><span class='ocrx_word' id='word_1_449' title='bbox 302 3332 422 3403; x_wconf 82' lang='grc' dir='ltr'><strong>Θεῷ</strong></span> <span class='ocrx_word' id='word_1_450' title='bbox 469 3338 903 3407; x_wconf 79' lang='grc' dir='ltr'>προσεγγίζοντα</span> <span class='ocrx_word' id='word_1_451' title='bbox 945 3341 1063 3412; x_wconf 82' lang='grc' dir='ltr'>βίον</span> <span class='ocrx_word' id='word_1_452' title='bbox 1123 3344 1334 3410; x_wconf 78' lang='grc' dir='ltr'>ζῶντας</span> <span class='ocrx_word' id='word_1_453' title='bbox 1389 3332 1696 3422; x_wconf 83' lang='grc' dir='ltr'>μάρτυρας</span> <span class='ocrx_word' id='word_1_454' title='bbox 1735 3353 1882 3425; x_wconf 77' lang='grc' dir='ltr'>ἔχειν</span> 
     </span>
    </p>
   </div>
   <div class='ocr_carea' id='block_1_66' title="bbox 1987 3332 3571 3427">
    <p class='ocr_par' dir='ltr' id='par_1_66' title="bbox 1987 3332 3571 3427">
     <span class='ocr_line' id='line_1_66' title="bbox 1987 3332 3571 3427; baseline -0.001 -17"><span class='ocrx_word' id='word_1_455' title='bbox 1987 3332 2120 3427; x_wconf 73' lang='lat' dir='ltr'><strong>gent</strong></span> <span class='ocrx_word' id='word_1_456' title='bbox 2172 3363 2230 3411; x_wconf 90' lang='lat' dir='ltr'><strong>et</strong></span> <span class='ocrx_word' id='word_1_457' title='bbox 2286 3332 2646 3424; x_wconf 81' lang='lat' dir='ltr'><strong>ampliﬁcant,</strong></span> <span class='ocrx_word' id='word_1_458' title='bbox 2705 3367 2806 3423; x_wconf 87' lang='lat' dir='ltr'><strong>ego</strong></span> <span class='ocrx_word' id='word_1_459' title='bbox 2878 3361 2930 3406; x_wconf 90' lang='lat' dir='ltr'><strong>te</strong></span> <span class='ocrx_word' id='word_1_460' title='bbox 2983 3351 3124 3407; x_wconf 89' lang='lat' dir='ltr'><strong>adeo</strong></span> <span class='ocrx_word' id='word_1_461' title='bbox 3183 3351 3338 3408; x_wconf 87' lang='lat' dir='ltr'><strong>miris</strong></span> <span class='ocrx_word' id='word_1_462' title='bbox 3388 3353 3571 3408; x_wconf 86' lang='lat' dir='ltr'><strong>modis</strong></span> 
     </span>
    </p>
   </div>
   <div class='ocr_carea' id='block_1_67' title="bbox 299 3428 1878 3510">
    <p class='ocr_par' dir='ltr' id='par_1_67' title="bbox 299 3428 1878 3510">
     <span class='ocr_line' id='line_1_67' title="bbox 299 3428 1878 3510; baseline 0.015 -31"><span class='ocrx_word' id='word_1_463' title='bbox 299 3428 394 3482; x_wconf 81' lang='grc' dir='ltr'>τοῦ</span> <span class='ocrx_word' id='word_1_464' title='bbox 429 3429 680 3501; x_wconf 75' lang='grc' dir='ltr'>φίλτρου.</span> <span class='ocrx_word' id='word_1_465' title='bbox 725 3435 799 3488; x_wconf 88' lang='grc' dir='ltr'>Οὐ</span> <span class='ocrx_word' id='word_1_466' title='bbox 848 3435 958 3507; x_wconf 86' lang='grc' dir='ltr'><strong>γάρ</strong></span> <span class='ocrx_word' id='word_1_467' title='bbox 998 3438 1168 3504; x_wconf 80' lang='grc' dir='ltr'>ἐστιν,</span> <span class='ocrx_word' id='word_1_468' title='bbox 1215 3442 1314 3495; x_wconf 90' lang='grc' dir='ltr'><strong>οὐκ</strong></span> <span class='ocrx_word' id='word_1_469' title='bbox 1344 3442 1494 3498; x_wconf 79' lang='grc' dir='ltr'>ἔστιν</span> <span class='ocrx_word' id='word_1_470' title='bbox 1515 3445 1691 3510; x_wconf 83' lang='grc' dir='ltr'>οὐδεὶς</span> <span class='ocrx_word' id='word_1_471' title='bbox 1721 3447 1780 3501; x_wconf 78' lang='grc' dir='ltr'>ὃν</span> <span class='ocrx_word' id='word_1_472' title='bbox 1819 3448 1878 3502; x_wconf 87' lang='grc' dir='ltr'><strong>οὐ</strong></span> 
     </span>
    </p>
   </div>
   <div class='ocr_carea' id='block_1_68' title="bbox 300 3524 1879 3610">
    <p class='ocr_par' dir='ltr' id='par_1_68' title="bbox 300 3524 1879 3610">
     <span class='ocr_line' id='line_1_68' title="bbox 300 3524 1879 3610; baseline 0.011 -34"><span class='ocrx_word' id='word_1_473' title='bbox 300 3524 470 3578; x_wconf 77' lang='grc' dir='ltr'>πολλὰ</span> <span class='ocrx_word' id='word_1_474' title='bbox 519 3525 780 3589; x_wconf 79' lang='grc' dir='ltr'>πολλάκις</span> <span class='ocrx_word' id='word_1_475' title='bbox 813 3529 1090 3598; x_wconf 84' lang='grc' dir='ltr'>ίκέτευσα,</span> <span class='ocrx_word' id='word_1_476' title='bbox 1124 3532 1470 3606; x_wconf 81' lang='grc' dir='ltr'>θερμοτέρας</span> <span class='ocrx_word' id='word_1_477' title='bbox 1516 3541 1612 3592; x_wconf 75' lang='grc' dir='ltr'><strong>καὶ</strong></span> <span class='ocrx_word' id='word_1_478' title='bbox 1674 3543 1879 3610; x_wconf 74' lang='grc' dir='ltr'>συχνὰς</span> 
     </span>
    </p>
   </div>
   <div class='ocr_carea' id='block_1_69' title="bbox 300 3617 1879 3704">
    <p class='ocr_par' dir='ltr' id='par_1_69' title="bbox 300 3617 1879 3704">
     <span class='ocr_line' id='line_1_69' title="bbox 300 3617 1879 3704; baseline 0.013 -36"><span class='ocrx_word' id='word_1_479' title='bbox 300 3617 439 3686; x_wconf 79' lang='grc' dir='ltr'>ὑπὲρ</span> <span class='ocrx_word' id='word_1_480' title='bbox 474 3619 565 3670; x_wconf 80' lang='grc' dir='ltr'>σοῦ</span> <span class='ocrx_word' id='word_1_481' title='bbox 605 3618 725 3690; x_wconf 75' lang='grc' dir='ltr'><strong>Θεῷ</strong></span> <span class='ocrx_word' id='word_1_482' title='bbox 767 3622 1070 3695; x_wconf 76' lang='grc' dir='ltr'>προσάγειν</span> <span class='ocrx_word' id='word_1_483' title='bbox 1106 3627 1294 3696; x_wconf 82' lang='grc' dir='ltr'>εὐχὰς,</span> <span class='ocrx_word' id='word_1_484' title='bbox 1334 3628 1411 3692; x_wconf 82' lang='grc' dir='ltr'>ὡς</span> <span class='ocrx_word' id='word_1_485' title='bbox 1446 3629 1523 3700; x_wconf 86' lang='grc' dir='ltr'><strong>μὴ</strong></span> <span class='ocrx_word' id='word_1_486' title='bbox 1558 3632 1725 3700; x_wconf 82' lang='grc' dir='ltr'>μόνον</span> <span class='ocrx_word' id='word_1_487' title='bbox 1770 3652 1879 3704; x_wconf 79' lang='grc' dir='ltr'>μη-</span> 
     </span>
    </p>
   </div>
   <div class='ocr_carea' id='block_1_70' title="bbox 297 3707 1878 3794">
    <p class='ocr_par' dir='ltr' id='par_1_70' title="bbox 297 3707 1878 3794">
     <span class='ocr_line' id='line_1_70' title="bbox 297 3707 1878 3794; baseline 0.015 -35"><span class='ocrx_word' id='word_1_488' title='bbox 297 3707 388 3760; x_wconf 82' lang='grc' dir='ltr'>δὲν</span> <span class='ocrx_word' id='word_1_489' title='bbox 416 3707 675 3781; x_wconf 79' lang='grc' dir='ltr'>δυσχερὲς</span> <span class='ocrx_word' id='word_1_490' title='bbox 731 3714 1050 3785; x_wconf 80' lang='grc' dir='ltr'>ἀπαντῆσαι</span> <span class='ocrx_word' id='word_1_491' title='bbox 1083 3721 1147 3788; x_wconf 84' lang='grc' dir='ltr'>τῇ</span> <span class='ocrx_word' id='word_1_492' title='bbox 1193 3723 1259 3790; x_wconf 81' lang='grc' dir='ltr'>σῇ</span> <span class='ocrx_word' id='word_1_493' title='bbox 1295 3723 1572 3794; x_wconf 86' lang='grc' dir='ltr'>γεννήσει,</span> <span class='ocrx_word' id='word_1_494' title='bbox 1615 3725 1753 3780; x_wconf 81' lang='grc' dir='ltr'><strong>ἀλλά</strong></span> <span class='ocrx_word' id='word_1_495' title='bbox 1784 3729 1878 3782; x_wconf 73' lang='grc' dir='ltr'><strong>καὶ</strong></span> 
     </span>
    </p>
   </div>
   <div class='ocr_carea' id='block_1_71' title="bbox 296 3800 1876 3890">
    <p class='ocr_par' dir='ltr' id='par_1_71' title="bbox 296 3800 1876 3890">
     <span class='ocr_line' id='line_1_71' title="bbox 296 3800 1876 3890; baseline 0.015 -38"><span class='ocrx_word' id='word_1_496' title='bbox 296 3800 584 3871; x_wconf 83' lang='grc' dir='ltr'>τεχθέντα,</span> <span class='ocrx_word' id='word_1_497' title='bbox 621 3806 798 3858; x_wconf 85' lang='grc' dir='ltr'>πάντα</span> <span class='ocrx_word' id='word_1_498' title='bbox 833 3807 1055 3876; x_wconf 78' lang='grc' dir='ltr'>ἄριστον</span> <span class='ocrx_word' id='word_1_499' title='bbox 1105 3813 1198 3864; x_wconf 79' lang='grc' dir='ltr'><strong>καὶ</strong></span> <span class='ocrx_word' id='word_1_500' title='bbox 1242 3814 1364 3886; x_wconf 61' lang='grc' dir='ltr'>δῶν</span> <span class='ocrx_word' id='word_1_501' title='bbox 1397 3817 1670 3872; x_wconf 83' lang='grc' dir='ltr'>τοσούτων</span> <span class='ocrx_word' id='word_1_502' title='bbox 1701 3821 1876 3890; x_wconf 85' lang='grc' dir='ltr'>εὐχῶν</span> 
     </span>
    </p>
   </div>
   <div class='ocr_carea' id='block_1_72' title="bbox 297 3890 1876 3978">
    <p class='ocr_par' dir='ltr' id='par_1_72' title="bbox 297 3890 1876 3978">
     <span class='ocr_line' id='line_1_72' title="bbox 297 3890 1876 3978; baseline 0.014 -35"><span class='ocrx_word' id='word_1_503' title='bbox 297 3890 450 3955; x_wconf 74' lang='grc' dir='ltr'>ἄξιον</span> <span class='ocrx_word' id='word_1_504' title='bbox 485 3893 901 3965; x_wconf 76' lang='grc' dir='ltr'>ἀποδειχθῆναι.</span> <span class='ocrx_word' id='word_1_505' title='bbox 956 3899 1068 3950; x_wconf 73' lang='grc' dir='ltr'><strong>Καὶ</strong></span> <span class='ocrx_word' id='word_1_506' title='bbox 1115 3901 1277 3965; x_wconf 69' lang='grc' dir='ltr'>αὐτὸς</span> <span class='ocrx_word' id='word_1_507' title='bbox 1308 3904 1366 3956; x_wconf 81' lang='grc' dir='ltr'>δὲ</span> <span class='ocrx_word' id='word_1_508' title='bbox 1403 3906 1514 3975; x_wconf 72' lang='grc' dir='ltr'><strong>ἐγὼ</strong></span> <span class='ocrx_word' id='word_1_509' title='bbox 1537 3947 1551 3972; x_wconf 90' lang='grc'><strong>,</strong></span> <span class='ocrx_word' id='word_1_510' title='bbox 1585 3911 1876 3978; x_wconf 82' lang='grc' dir='ltr'>προπετῶς</span> 
     </span>
    </p>
   </div>
   <div class='ocr_carea' id='block_1_73' title="bbox 299 3983 1873 4068">
    <p class='ocr_par' dir='ltr' id='par_1_73' title="bbox 299 3983 1873 4068">
     <span class='ocr_line' id='line_1_73' title="bbox 299 3983 1873 4068; baseline 0.011 -33"><span class='ocrx_word' id='word_1_511' title='bbox 299 3983 401 4053; x_wconf 79' lang='grc' dir='ltr'><strong>μὲν</strong></span> <span class='ocrx_word' id='word_1_512' title='bbox 433 3984 519 4038; x_wconf 75' lang='grc' dir='ltr'>διὰ</span> <span class='ocrx_word' id='word_1_513' title='bbox 558 3985 618 4037; x_wconf 81' lang='grc' dir='ltr'><strong>τὸ</strong></span> <span class='ocrx_word' id='word_1_514' title='bbox 679 3987 753 4059; x_wconf 79' lang='grc' dir='ltr'>μὴ</span> <span class='ocrx_word' id='word_1_515' title='bbox 792 3987 851 4040; x_wconf 85' lang='grc' dir='ltr'><strong>τὸ</strong></span> <span class='ocrx_word' id='word_1_516' title='bbox 886 3987 1116 4060; x_wconf 79' lang='grc' dir='ltr'>θαρῤεἰν</span> <span class='ocrx_word' id='word_1_517' title='bbox 1162 3991 1308 4062; x_wconf 85' lang='grc' dir='ltr'>ἔχειν</span> <span class='ocrx_word' id='word_1_518' title='bbox 1340 3994 1406 4047; x_wconf 87' lang='grc' dir='ltr'>ὲκ</span> <span class='ocrx_word' id='word_1_519' title='bbox 1456 3995 1556 4063; x_wconf 83' lang='grc' dir='ltr'>τῆς</span> <span class='ocrx_word' id='word_1_520' title='bbox 1605 3997 1700 4049; x_wconf 82' lang='grc' dir='ltr'>τοῦ</span> <span class='ocrx_word' id='word_1_521' title='bbox 1755 3999 1873 4068; x_wconf 78' lang='grc' dir='ltr'>βίου</span> 
     </span>
    </p>
   </div>
   <div class='ocr_carea' id='block_1_74' title="bbox 292 4077 1878 4156">
    <p class='ocr_par' dir='ltr' id='par_1_74' title="bbox 292 4077 1878 4156">
     <span class='ocr_line' id='line_1_74' title="bbox 292 4077 1878 4156; baseline 0.009 -27"><span class='ocrx_word' id='word_1_522' title='bbox 292 4077 652 4149; x_wconf 80' lang='grc' dir='ltr'>δια-στροφῆς,</span> <span class='ocrx_word' id='word_1_523' title='bbox 679 4078 954 4150; x_wconf 73' lang='grc' dir='ltr'>ἔπραττον</span> <span class='ocrx_word' id='word_1_524' title='bbox 981 4082 1027 4135; x_wconf 77' lang='grc' dir='ltr'>δ’</span> <span class='ocrx_word' id='word_1_525' title='bbox 1056 4081 1149 4136; x_wconf 76' lang='grc' dir='ltr'><strong>οὖν</strong></span> <span class='ocrx_word' id='word_1_526' title='bbox 1179 4084 1355 4154; x_wconf 82' lang='grc' dir='ltr'>ὅμως,</span> <span class='ocrx_word' id='word_1_527' title='bbox 1399 4085 1573 4141; x_wconf 74' lang='grc' dir='ltr'>πολλὰ</span> <span class='ocrx_word' id='word_1_528' title='bbox 1613 4089 1878 4156; x_wconf 82' lang='grc' dir='ltr'>πολλάκις</span> 
     </span>
    </p>
   </div>
   <div class='ocr_carea' id='block_1_75' title="bbox 296 4172 1875 4249">
    <p class='ocr_par' dir='ltr' id='par_1_75' title="bbox 296 4172 1875 4249">
     <span class='ocr_line' id='line_1_75' title="bbox 296 4172 1875 4249; baseline 0.009 -27"><span class='ocrx_word' id='word_1_529' title='bbox 296 4172 574 4242; x_wconf 78' lang='grc' dir='ltr'>ἐδάκρυσα</span> <span class='ocrx_word' id='word_1_530' title='bbox 624 4175 1066 4245; x_wconf 82' lang='grc' dir='ltr'>προσευχόμενος</span> <span class='ocrx_word' id='word_1_531' title='bbox 1129 4175 1209 4248; x_wconf 79' lang='grc' dir='ltr'>τῷ</span> <span class='ocrx_word' id='word_1_532' title='bbox 1267 4177 1424 4249; x_wconf 79' lang='grc' dir='ltr'>Θεῷ,</span> <span class='ocrx_word' id='word_1_533' title='bbox 1479 4178 1620 4234; x_wconf 81' lang='grc' dir='ltr'>ὥστε</span> <span class='ocrx_word' id='word_1_534' title='bbox 1665 4199 1726 4236; x_wconf 88' lang='grc' dir='ltr'><strong>σε</strong></span> <span class='ocrx_word' id='word_1_535' title='bbox 1780 4184 1875 4237; x_wconf 79' lang='grc' dir='ltr'>καὶ</span> 
     </span>
    </p>
   </div>
   <div class='ocr_carea' id='block_1_76' title="bbox 296 4263 1874 4346">
    <p class='ocr_par' dir='ltr' id='par_1_76' title="bbox 296 4263 1874 4346">
     <span class='ocr_line' id='line_1_76' title="bbox 296 4263 1874 4346; baseline 0.01 -32"><span class='ocrx_word' id='word_1_536' title='bbox 296 4263 649 4335; x_wconf 79' lang='grc' dir='ltr'>γεννηθῆναι,</span> <span class='ocrx_word' id='word_1_537' title='bbox 685 4267 777 4319; x_wconf 84' lang='grc' dir='ltr'>καὶ</span> <span class='ocrx_word' id='word_1_538' title='bbox 807 4269 1142 4338; x_wconf 83' lang='grc' dir='ltr'>γεννηθέντα</span> <span class='ocrx_word' id='word_1_539' title='bbox 1195 4270 1306 4323; x_wconf 86' lang='grc' dir='ltr'><strong>τῶν</strong></span> <span class='ocrx_word' id='word_1_540' title='bbox 1330 4272 1482 4342; x_wconf 83' lang='grc' dir='ltr'>ὲμῶν</span> <span class='ocrx_word' id='word_1_541' title='bbox 1513 4273 1692 4346; x_wconf 83' lang='grc' dir='ltr'>εὐχῶν</span> <span class='ocrx_word' id='word_1_542' title='bbox 1721 4275 1874 4344; x_wconf 76' lang='grc' dir='ltr'>ἄξιον</span> 
     </span>
    </p>
   </div>
   <div class='ocr_carea' id='block_1_77' title="bbox 295 4354 1876 4438">
    <p class='ocr_par' dir='ltr' id='par_1_77' title="bbox 295 4354 1876 4438">
     <span class='ocr_line' id='line_1_77' title="bbox 295 4354 1876 4438; baseline 0.009 -30"><span class='ocrx_word' id='word_1_543' title='bbox 295 4356 588 4426; x_wconf 78' lang='grc' dir='ltr'>ἀποϐῆναι.</span> <span class='ocrx_word' id='word_1_544' title='bbox 656 4360 753 4410; x_wconf 89' lang='grc' dir='ltr'>Ὃν</span> <span class='ocrx_word' id='word_1_545' title='bbox 809 4354 902 4414; x_wconf 72' lang='grc' dir='ltr'><strong>οὖν</strong></span> <span class='ocrx_word' id='word_1_546' title='bbox 942 4360 1024 4413; x_wconf 81' lang='grc' dir='ltr'>ἐτι</span> <span class='ocrx_word' id='word_1_547' title='bbox 1083 4365 1196 4426; x_wconf 86' lang='grc' dir='ltr'>τοῖς</span> <span class='ocrx_word' id='word_1_548' title='bbox 1255 4368 1546 4436; x_wconf 82' lang='grc' dir='ltr'>μητρικοῖς</span> <span class='ocrx_word' id='word_1_549' title='bbox 1605 4367 1876 4438; x_wconf 78' lang='grc' dir='ltr'>θαλάμοις</span> 
     </span>
    </p>
   </div>
   <div class='ocr_carea' id='block_1_78' title="bbox 297 4447 1870 4532">
    <p class='ocr_par' dir='ltr' id='par_1_78' title="bbox 297 4447 1870 4532">
     <span class='ocr_line' id='line_1_78' title="bbox 297 4447 1870 4532; baseline 0.009 -33"><span class='ocrx_word' id='word_1_550' title='bbox 297 4448 702 4517; x_wconf 75' lang='grc' dir='ltr'>ἐνδιατρίϐοντα</span> <span class='ocrx_word' id='word_1_551' title='bbox 734 4447 909 4515; x_wconf 75' lang='grc' dir='ltr'>οὕτως</span> <span class='ocrx_word' id='word_1_552' title='bbox 958 4451 1193 4532; x_wconf 79' lang='grc' dir='ltr'>ἐφίλησα</span> <span class='ocrx_word' id='word_1_553' title='bbox 1242 4455 1337 4508; x_wconf 76' lang='grc' dir='ltr'><strong>καὶ</strong></span> <span class='ocrx_word' id='word_1_554' title='bbox 1368 4455 1524 4526; x_wconf 84' lang='grc' dir='ltr'>ὑπὲρ.</span> <span class='ocrx_word' id='word_1_555' title='bbox 1548 4458 1609 4511; x_wconf 78' lang='grc' dir='ltr'><strong>τὸ</strong></span> <span class='ocrx_word' id='word_1_556' title='bbox 1645 4459 1870 4530; x_wconf 85' lang='grc' dir='ltr'>μέτρον,</span> 
     </span>
    </p>
   </div>
   <div class='ocr_carea' id='block_1_79' title="bbox 297 4542 1874 4622">
    <p class='ocr_par' dir='ltr' id='par_1_79' title="bbox 297 4542 1874 4622">
     <span class='ocr_line' id='line_1_79' title="bbox 297 4542 1874 4622; baseline 0.009 -29"><span class='ocrx_word' id='word_1_557' title='bbox 297 4542 417 4605; x_wconf 83' lang='grc' dir='ltr'><strong>πῶς</strong></span> <span class='ocrx_word' id='word_1_558' title='bbox 456 4545 536 4605; x_wconf 85' lang='grc' dir='ltr'>εἰς</span> <span class='ocrx_word' id='word_1_559' title='bbox 591 4545 847 4598; x_wconf 78' lang='grc' dir='ltr'>τοσοῦτον</span> <span class='ocrx_word' id='word_1_560' title='bbox 885 4545 1098 4616; x_wconf 78' lang='grc' dir='ltr'>ἡλικίας</span> <span class='ocrx_word' id='word_1_561' title='bbox 1149 4549 1498 4618; x_wconf 87' lang='grc' dir='ltr'>προσήκοντα</span> <span class='ocrx_word' id='word_1_562' title='bbox 1534 4550 1652 4617; x_wconf 79' lang='grc' dir='ltr'>νῦν,</span> <span class='ocrx_word' id='word_1_563' title='bbox 1691 4556 1874 4622; x_wconf 82' lang='grc' dir='ltr'>μισεῖν</span> 
     </span>
    </p>
   </div>
   <div class='ocr_carea' id='block_1_80' title="bbox 1986 3444 3574 3517">
    <p class='ocr_par' dir='ltr' id='par_1_80' title="bbox 1986 3444 3574 3517">
     <span class='ocr_line' id='line_1_80' title="bbox 1986 3444 3574 3517; baseline -0.003 -14"><span class='ocrx_word' id='word_1_564' title='bbox 1986 3449 2164 3503; x_wconf 84' lang='lat' dir='ltr'><strong>amavi</strong></span> <span class='ocrx_word' id='word_1_565' title='bbox 2197 3447 2333 3517; x_wconf 83' lang='lat' dir='ltr'><strong>(&#39;il),</strong></span> <span class='ocrx_word' id='word_1_566' title='bbox 2362 3445 2532 3500; x_wconf 88' lang='lat' dir='ltr'><strong>etiam</strong></span> <span class='ocrx_word' id='word_1_567' title='bbox 2563 3454 2856 3514; x_wconf 88' lang='lat' dir='ltr'><strong>antequam</strong></span> <span class='ocrx_word' id='word_1_568' title='bbox 2890 3444 2943 3499; x_wconf 89' lang='lat' dir='ltr'><strong>in</strong></span> <span class='ocrx_word' id='word_1_569' title='bbox 2988 3459 3153 3499; x_wconf 87' lang='lat' dir='ltr'><strong>auras</strong></span> <span class='ocrx_word' id='word_1_570' title='bbox 3190 3444 3420 3499; x_wconf 88' lang='lat' dir='ltr'><strong>luminis</strong></span> <span class='ocrx_word' id='word_1_571' title='bbox 3455 3447 3574 3500; x_wconf 83' lang='lat' dir='ltr'><strong>exi-</strong></span> 
     </span>
    </p>
   </div>
   <div class='ocr_carea' id='block_1_81' title="bbox 1985 3537 3570 3608">
    <p class='ocr_par' dir='ltr' id='par_1_81' title="bbox 1985 3537 3570 3608">
     <span class='ocr_line' id='line_1_81' title="bbox 1985 3537 3570 3608; baseline -0.004 -12"><span class='ocrx_word' id='word_1_572' title='bbox 1985 3556 2095 3605; x_wconf 87' lang='lat' dir='ltr'><strong>res,</strong></span> <span class='ocrx_word' id='word_1_573' title='bbox 2130 3549 2191 3594; x_wconf 91' lang='lat' dir='ltr'><strong>nt</strong></span> <span class='ocrx_word' id='word_1_574' title='bbox 2237 3553 2344 3592; x_wconf 90' lang='lat' dir='ltr'><strong>non</strong></span> <span class='ocrx_word' id='word_1_575' title='bbox 2379 3551 2588 3608; x_wconf 88' lang='lat' dir='ltr'><strong>paucos</strong></span> <span class='ocrx_word' id='word_1_576' title='bbox 2635 3551 2858 3606; x_wconf 89' lang='lat' dir='ltr'><strong>quoque</strong></span> <span class='ocrx_word' id='word_1_577' title='bbox 2907 3544 3152 3606; x_wconf 88' lang='lat' dir='ltr'><strong>spectata</strong></span> <span class='ocrx_word' id='word_1_578' title='bbox 3201 3537 3327 3590; x_wconf 65' lang='lat' dir='ltr'><strong>vitae</strong></span> <span class='ocrx_word' id='word_1_579' title='bbox 3359 3540 3570 3591; x_wconf 80' lang='lat' dir='ltr'><strong>sancti-</strong></span> 
     </span>
    </p>
   </div>
   <div class='ocr_carea' id='block_1_82' title="bbox 1983 3627 3567 3700">
    <p class='ocr_par' dir='ltr' id='par_1_82' title="bbox 1983 3627 3567 3700">
     <span class='ocr_line' id='line_1_82' title="bbox 1983 3627 3567 3700; baseline -0.003 -14"><span class='ocrx_word' id='word_1_580' title='bbox 1983 3634 2167 3687; x_wconf 83' lang='lat' dir='ltr'><strong>monia</strong></span> <span class='ocrx_word' id='word_1_581' title='bbox 2217 3631 2384 3700; x_wconf 82' lang='lat' dir='ltr'><strong>hujus</strong></span> <span class='ocrx_word' id='word_1_582' title='bbox 2434 3629 2513 3684; x_wconf 91' lang='lat' dir='ltr'><strong>rei</strong></span> <span class='ocrx_word' id='word_1_583' title='bbox 2550 3637 2720 3684; x_wconf 83' lang='lat' dir='ltr'><strong>testes</strong></span> <span class='ocrx_word' id='word_1_584' title='bbox 2761 3627 3019 3684; x_wconf 72' lang='lat' dir='ltr'><strong>habeam.</strong></span> <span class='ocrx_word' id='word_1_585' title='bbox 3073 3627 3194 3682; x_wconf 82' lang='lat' dir='ltr'><strong>Non</strong></span> <span class='ocrx_word' id='word_1_586' title='bbox 3249 3628 3397 3682; x_wconf 87' lang='lat' dir='ltr'><strong>enim</strong></span> <span class='ocrx_word' id='word_1_587' title='bbox 3461 3638 3567 3695; x_wconf 84' lang='lat' dir='ltr'><strong>est,</strong></span> 
     </span>
    </p>
   </div>
   <div class='ocr_carea' id='block_1_83' title="bbox 1983 3723 3568 3795">
    <p class='ocr_par' dir='ltr' id='par_1_83' title="bbox 1983 3723 3568 3795">
     <span class='ocr_line' id='line_1_83' title="bbox 1983 3723 3568 3795; baseline -0.002 -14"><span class='ocrx_word' id='word_1_588' title='bbox 1983 3743 2093 3782; x_wconf 90' lang='lat' dir='ltr'><strong>non</strong></span> <span class='ocrx_word' id='word_1_589' title='bbox 2121 3735 2228 3791; x_wconf 78' lang='lat' dir='ltr'><strong>est,</strong></span> <span class='ocrx_word' id='word_1_590' title='bbox 2257 3726 2506 3795; x_wconf 89' lang='lat' dir='ltr'><strong>inquam,</strong></span> <span class='ocrx_word' id='word_1_591' title='bbox 2565 3723 2786 3778; x_wconf 89' lang='lat' dir='ltr'><strong>illorum</strong></span> <span class='ocrx_word' id='word_1_592' title='bbox 2829 3723 2994 3788; x_wconf 86' lang='lat' dir='ltr'><strong>ullus,</strong></span> <span class='ocrx_word' id='word_1_593' title='bbox 3041 3737 3207 3793; x_wconf 91' lang='lat' dir='ltr'><strong>quem</strong></span> <span class='ocrx_word' id='word_1_594' title='bbox 3258 3738 3368 3778; x_wconf 92' lang='lat' dir='ltr'><strong>non</strong></span> <span class='ocrx_word' id='word_1_595' title='bbox 3422 3737 3568 3792; x_wconf 64' lang='lat' dir='ltr'><strong>saepe</strong></span> 
     </span>
    </p>
   </div>
   <div class='ocr_carea' id='block_1_84' title="bbox 1984 3815 3570 3889">
    <p class='ocr_par' dir='ltr' id='par_1_84' title="bbox 1984 3815 3570 3889">
     <span class='ocr_line' id='line_1_84' title="bbox 1984 3815 3570 3889; baseline -0.003 -15"><span class='ocrx_word' id='word_1_596' title='bbox 1984 3819 2298 3889; x_wconf 79' lang='lat' dir='ltr'><strong>impensius</strong></span> <span class='ocrx_word' id='word_1_597' title='bbox 2364 3817 2705 3889; x_wconf 82' lang='lat' dir='ltr'><strong>rugaverim,</strong></span> <span class='ocrx_word' id='word_1_598' title='bbox 2758 3817 3020 3873; x_wconf 84' lang='lat' dir='ltr'><strong>ardentes</strong></span> <span class='ocrx_word' id='word_1_599' title='bbox 3072 3825 3129 3871; x_wconf 93' lang='lat' dir='ltr'><strong>et</strong></span> <span class='ocrx_word' id='word_1_600' title='bbox 3187 3815 3410 3870; x_wconf 89' lang='lat' dir='ltr'><strong>crebras</strong></span> <span class='ocrx_word' id='word_1_601' title='bbox 3455 3815 3570 3869; x_wconf 86' lang='lat' dir='ltr'><strong>Deo</strong></span> 
     </span>
    </p>
   </div>
   <div class='ocr_carea' id='block_1_85' title="bbox 1986 3907 3610 3980">
    <p class='ocr_par' dir='ltr' id='par_1_85' title="bbox 1986 3907 3610 3980">
     <span class='ocr_line' id='line_1_85' title="bbox 1986 3907 3610 3980; baseline -0.001 -18"><span class='ocrx_word' id='word_1_602' title='bbox 1986 3926 2180 3980; x_wconf 83' lang='lat' dir='ltr'><strong>preces</strong></span> <span class='ocrx_word' id='word_1_603' title='bbox 2231 3907 2489 3976; x_wconf 75' lang='lat' dir='ltr'><strong>fundere,</strong></span> <span class='ocrx_word' id='word_1_604' title='bbox 2531 3924 2642 3964; x_wconf 92' lang='lat' dir='ltr'><strong>non</strong></span> <span class='ocrx_word' id='word_1_605' title='bbox 2679 3918 2918 3974; x_wconf 89' lang='lat' dir='ltr'><strong>tantum,</strong></span> <span class='ocrx_word' id='word_1_606' title='bbox 2963 3917 3024 3962; x_wconf 86' lang='lat' dir='ltr'><strong>ut</strong></span> <span class='ocrx_word' id='word_1_607' title='bbox 3074 3923 3142 3962; x_wconf 90' lang='lat' dir='ltr'><strong>ne</strong></span> <span class='ocrx_word' id='word_1_608' title='bbox 3179 3908 3310 3977; x_wconf 87' lang='lat' dir='ltr'><strong>quid</strong></span> <span class='ocrx_word' id='word_1_609' title='bbox 3351 3907 3566 3964; x_wconf 89' lang='lat' dir='ltr'><strong>sinistri</strong></span> <span class='ocrx_word' id='word_1_610' title='bbox 3595 3939 3610 3953; x_wconf 68' lang='grc' dir='ltr'><strong>ι</strong></span> 
     </span>
    </p>
   </div>
   <div class='ocr_carea' id='block_1_86' title="bbox 1984 3998 3567 4064">
    <p class='ocr_par' dir='ltr' id='par_1_86' title="bbox 1984 3998 3567 4064">
     <span class='ocr_line' id='line_1_86' title="bbox 1984 3998 3567 4064; baseline -0.003 -10"><span class='ocrx_word' id='word_1_611' title='bbox 1984 4003 2039 4055; x_wconf 88' lang='lat' dir='ltr'><strong>in</strong></span> <span class='ocrx_word' id='word_1_612' title='bbox 2102 4010 2288 4054; x_wconf 85' lang='lat' dir='ltr'><strong>ortum</strong></span> <span class='ocrx_word' id='word_1_613' title='bbox 2341 4008 2495 4052; x_wconf 90' lang='lat' dir='ltr'><strong>tuum</strong></span> <span class='ocrx_word' id='word_1_614' title='bbox 2532 3999 2825 4064; x_wconf 89' lang='lat' dir='ltr'><strong>incideret,</strong></span> <span class='ocrx_word' id='word_1_615' title='bbox 2862 4013 3054 4053; x_wconf 85' lang='lat' dir='ltr'><strong>verum</strong></span> <span class='ocrx_word' id='word_1_616' title='bbox 3089 3998 3255 4053; x_wconf 89' lang='lat' dir='ltr'><strong>etiam</strong></span> <span class='ocrx_word' id='word_1_617' title='bbox 3312 4006 3372 4052; x_wconf 92' lang='lat' dir='ltr'><strong>ut</strong></span> <span class='ocrx_word' id='word_1_618' title='bbox 3405 4007 3567 4052; x_wconf 86' lang='lat' dir='ltr'><strong>natus</strong></span> 
     </span>
    </p>
   </div>
   <div class='ocr_carea' id='block_1_87' title="bbox 1983 4088 3569 4162">
    <p class='ocr_par' dir='ltr' id='par_1_87' title="bbox 1983 4088 3569 4162">
     <span class='ocr_line' id='line_1_87' title="bbox 1983 4088 3569 4162; baseline -0.004 -14"><span class='ocrx_word' id='word_1_619' title='bbox 1983 4094 2350 4162; x_wconf 77' lang='lat' dir='ltr'><strong>undequaque</strong></span> <span class='ocrx_word' id='word_1_620' title='bbox 2390 4091 2656 4160; x_wconf 89' lang='lat' dir='ltr'><strong>optimus,</strong></span> <span class='ocrx_word' id='word_1_621' title='bbox 2691 4090 2950 4159; x_wconf 78' lang='lat' dir='ltr'><strong>votisque</strong></span> <span class='ocrx_word' id='word_1_622' title='bbox 2985 4099 3095 4143; x_wconf 87' lang='lat' dir='ltr'><strong>tam</strong></span> <span class='ocrx_word' id='word_1_623' title='bbox 3131 4089 3319 4144; x_wconf 89' lang='lat' dir='ltr'><strong>multis</strong></span> <span class='ocrx_word' id='word_1_624' title='bbox 3365 4088 3569 4157; x_wconf 89' lang='lat' dir='ltr'><strong>dignus</strong></span> 
     </span>
    </p>
   </div>
   <div class='ocr_carea' id='block_1_88' title="bbox 1982 4182 3568 4256">
    <p class='ocr_par' dir='ltr' id='par_1_88' title="bbox 1982 4182 3568 4256">
     <span class='ocr_line' id='line_1_88' title="bbox 1982 4182 3568 4256; baseline -0.004 -16"><span class='ocrx_word' id='word_1_625' title='bbox 1982 4185 2312 4242; x_wconf 82' lang='lat' dir='ltr'><strong>reddereris.</strong></span> <span class='ocrx_word' id='word_1_626' title='bbox 2353 4185 2497 4251; x_wconf 88' lang='lat' dir='ltr'><strong>Quin</strong></span> <span class='ocrx_word' id='word_1_627' title='bbox 2543 4199 2644 4256; x_wconf 88' lang='lat' dir='ltr'><strong>ego</strong></span> <span class='ocrx_word' id='word_1_628' title='bbox 2677 4184 2817 4254; x_wconf 90' lang='lat' dir='ltr'><strong>ipse,</strong></span> <span class='ocrx_word' id='word_1_629' title='bbox 2853 4191 3064 4240; x_wconf 89' lang='lat' dir='ltr'><strong>temere</strong></span> <span class='ocrx_word' id='word_1_630' title='bbox 3088 4182 3335 4252; x_wconf 91' lang='lat' dir='ltr'><strong>quidem,</strong></span> <span class='ocrx_word' id='word_1_631' title='bbox 3367 4183 3568 4245; x_wconf 80' lang='lat' dir='ltr'><strong>fateor,</strong></span> 
     </span>
    </p>
   </div>
   <div class='ocr_carea' id='block_1_89' title="bbox 1981 4275 3567 4350">
    <p class='ocr_par' dir='ltr' id='par_1_89' title="bbox 1981 4275 3567 4350">
     <span class='ocr_line' id='line_1_89' title="bbox 1981 4275 3567 4350; baseline -0.004 -16"><span class='ocrx_word' id='word_1_632' title='bbox 1981 4280 2271 4350; x_wconf 76' lang='lat' dir='ltr'><strong>quandoa</strong></span> <span class='ocrx_word' id='word_1_633' title='bbox 2307 4277 2554 4333; x_wconf 88' lang='lat' dir='ltr'><strong>moribus</strong></span> <span class='ocrx_word' id='word_1_634' title='bbox 2595 4277 2734 4332; x_wconf 91' lang='lat' dir='ltr'><strong>meis</strong></span> <span class='ocrx_word' id='word_1_635' title='bbox 2773 4291 2968 4346; x_wconf 87' lang='lat' dir='ltr'><strong>parum</strong></span> <span class='ocrx_word' id='word_1_636' title='bbox 3021 4275 3334 4330; x_wconf 90' lang='lat' dir='ltr'><strong>sanctitatis</strong></span> <span class='ocrx_word' id='word_1_637' title='bbox 3375 4290 3567 4329; x_wconf 89' lang='lat' dir='ltr'><strong>norma</strong></span> 
     </span>
    </p>
   </div>
   <div class='ocr_carea' id='block_1_90' title="bbox 1981 4367 3566 4441">
    <p class='ocr_par' dir='ltr' id='par_1_90' title="bbox 1981 4367 3566 4441">
     <span class='ocr_line' id='line_1_90' title="bbox 1981 4367 3566 4441; baseline -0.003 -13"><span class='ocrx_word' id='word_1_638' title='bbox 1981 4374 2247 4438; x_wconf 81' lang='lat' dir='ltr'><strong>directis,</strong></span> <span class='ocrx_word' id='word_1_639' title='bbox 2306 4369 2638 4441; x_wconf 89' lang='lat' dir='ltr'><strong>impetrandi</strong></span> <span class='ocrx_word' id='word_1_640' title='bbox 2677 4367 2936 4423; x_wconf 76' lang='lat' dir='ltr'><strong>ﬁduciam</strong></span> <span class='ocrx_word' id='word_1_641' title='bbox 2994 4377 3184 4438; x_wconf 87' lang='lat' dir='ltr'><strong>petere</strong></span> <span class='ocrx_word' id='word_1_642' title='bbox 3241 4367 3566 4437; x_wconf 71' lang='lat' dir='ltr'><strong>nequibant.</strong></span> 
     </span>
    </p>
   </div>
   <div class='ocr_carea' id='block_1_91' title="bbox 1983 4459 3591 4532">
    <p class='ocr_par' dir='ltr' id='par_1_91' title="bbox 1983 4459 3591 4532">
     <span class='ocr_line' id='line_1_91' title="bbox 1983 4459 3591 4532; baseline -0.004 -14"><span class='ocrx_word' id='word_1_643' title='bbox 1983 4474 2074 4520; x_wconf 90' lang='lat' dir='ltr'><strong>tua</strong></span> <span class='ocrx_word' id='word_1_644' title='bbox 2091 4479 2256 4519; x_wconf 91' lang='lat' dir='ltr'><strong>causa</strong></span> <span class='ocrx_word' id='word_1_645' title='bbox 2283 4461 2566 4532; x_wconf 88' lang='lat' dir='ltr'><strong>complura</strong></span> <span class='ocrx_word' id='word_1_646' title='bbox 2599 4459 2729 4527; x_wconf 79' lang='lat' dir='ltr'><strong>feci,</strong></span> <span class='ocrx_word' id='word_1_647' title='bbox 2768 4474 2870 4516; x_wconf 88' lang='lat' dir='ltr'><strong>nec</strong></span> <span class='ocrx_word' id='word_1_648' title='bbox 2899 4475 3025 4515; x_wconf 90' lang='lat' dir='ltr'><strong>raro</strong></span> <span class='ocrx_word' id='word_1_649' title='bbox 3054 4460 3553 4530; x_wconf 83' lang='lat' dir='ltr'><strong>lacrymansDenm</strong></span> <span class='ocrx_word' id='word_1_650' title='bbox 3585 4500 3591 4510; x_wconf 59' lang='grc' dir='ltr'><strong>η</strong></span> 
     </span>
    </p>
   </div>
   <div class='ocr_carea' id='block_1_92' title="bbox 1979 4551 3563 4623">
    <p class='ocr_par' dir='ltr' id='par_1_92' title="bbox 1979 4551 3563 4623">
     <span class='ocr_line' id='line_1_92' title="bbox 1979 4551 3563 4623; baseline -0.004 -11"><span class='ocrx_word' id='word_1_651' title='bbox 1979 4557 2159 4618; x_wconf 85' lang='lat' dir='ltr'><strong>oravi,</strong></span> <span class='ocrx_word' id='word_1_652' title='bbox 2196 4563 2256 4610; x_wconf 90' lang='lat' dir='ltr'><strong>ut</strong></span> <span class='ocrx_word' id='word_1_653' title='bbox 2293 4562 2349 4609; x_wconf 92' lang='lat' dir='ltr'><strong>et</strong></span> <span class='ocrx_word' id='word_1_654' title='bbox 2377 4552 2532 4610; x_wconf 89' lang='lat' dir='ltr'><strong>nasci</strong></span> <span class='ocrx_word' id='word_1_655' title='bbox 2567 4567 2782 4623; x_wconf 89' lang='lat' dir='ltr'><strong>posses,</strong></span> <span class='ocrx_word' id='word_1_656' title='bbox 2834 4560 2890 4608; x_wconf 89' lang='lat' dir='ltr'><strong>et</strong></span> <span class='ocrx_word' id='word_1_657' title='bbox 2929 4561 3095 4607; x_wconf 88' lang='lat' dir='ltr'><strong>natus</strong></span> <span class='ocrx_word' id='word_1_658' title='bbox 3130 4552 3254 4606; x_wconf 86' lang='lat' dir='ltr'><strong>talis</strong></span> <span class='ocrx_word' id='word_1_659' title='bbox 3277 4551 3563 4612; x_wconf 87' lang='lat' dir='ltr'><strong>evaderes,</strong></span> 
     </span>
    </p>
   </div>
   <div class='ocr_carea' id='block_1_93' title="bbox 279 4632 1883 4722">
    <p class='ocr_par' dir='ltr' id='par_1_93' title="bbox 279 4632 1876 4722">
     <span class='ocr_line' id='line_1_93' title="bbox 279 4632 1876 4722; baseline 0.009 -34"><span class='ocrx_word' id='word_1_660' title='bbox 279 4632 442 4722; x_wconf 66' lang='grc' dir='ltr'><strong>⁷ι’ίχον</strong></span> <span class='ocrx_word' id='word_1_661' title='bbox 479 4637 572 4691; x_wconf 80' lang='grc' dir='ltr'>καὶ</span> <span class='ocrx_word' id='word_1_662' title='bbox 613 4638 1009 4708; x_wconf 79' lang='grc' dir='ltr'>ἀποσείεσθαι;</span> <span class='ocrx_word' id='word_1_663' title='bbox 1066 4640 1168 4695; x_wconf 90' lang='grc' dir='ltr'><strong>οὐκ</strong></span> <span class='ocrx_word' id='word_1_664' title='bbox 1216 4641 1332 4696; x_wconf 72' lang='grc' dir='ltr'>ἔστι</span> <span class='ocrx_word' id='word_1_665' title='bbox 1389 4646 1487 4700; x_wconf 82' lang='grc' dir='ltr'><strong>σὺν</strong></span> <span class='ocrx_word' id='word_1_666' title='bbox 1527 4645 1673 4718; x_wconf 78' lang='grc' dir='ltr'>λόγῳ</span> <span class='ocrx_word' id='word_1_667' title='bbox 1711 4648 1876 4718; x_wconf 81' lang='grc' dir='ltr'>φθέγ-</span> 
     </span>
    </p>
   </div>
   <div class='ocr_carea' id='block_1_94' title="bbox 1987 4632 3562 4722">
    <p class='ocr_par' dir='ltr' id='par_1_94' title="bbox 1987 4643 3562 4721">
     <span class='ocr_line' id='line_1_94' title="bbox 1987 4643 3562 4721; baseline -0.004 -16"><span class='ocrx_word' id='word_1_668' title='bbox 1987 4650 2202 4721; x_wconf 84' lang='lat' dir='ltr'><strong>qualem</strong></span> <span class='ocrx_word' id='word_1_669' title='bbox 2232 4663 2335 4720; x_wconf 86' lang='lat' dir='ltr'><strong>ego</strong></span> <span class='ocrx_word' id='word_1_670' title='bbox 2374 4657 2427 4704; x_wconf 91' lang='lat' dir='ltr'><strong>te</strong></span> <span class='ocrx_word' id='word_1_671' title='bbox 2471 4645 2541 4702; x_wconf 86' lang='lat' dir='ltr'><strong>ab</strong></span> <span class='ocrx_word' id='word_1_672' title='bbox 2592 4647 2712 4717; x_wconf 90' lang='lat' dir='ltr'><strong>ipso</strong></span> <span class='ocrx_word' id='word_1_673' title='bbox 2769 4646 3170 4718; x_wconf 82' lang='lat' dir='ltr'><strong>poposcissem.</strong></span> <span class='ocrx_word' id='word_1_674' title='bbox 3222 4643 3396 4712; x_wconf 88' lang='lat' dir='ltr'><strong>Quem</strong></span> <span class='ocrx_word' id='word_1_675' title='bbox 3432 4661 3562 4717; x_wconf 80' lang='lat' dir='ltr'><strong>ergo</strong></span> 
     </span>
    </p>
   </div>
   <div class='ocr_carea' id='block_1_95' title="bbox 1573 4811 2328 4877">
    <p class='ocr_par' dir='ltr' id='par_1_95' title="bbox 1573 4811 2328 4877">
     <span class='ocr_line' id='line_1_95' title="bbox 1573 4811 2328 4877; baseline 0.001 -4"><span class='ocrx_word' id='word_1_676' title='bbox 1573 4811 1792 4874; x_wconf 80' lang='lat' dir='ltr'><strong>Jacobi</strong></span> <span class='ocrx_word' id='word_1_677' title='bbox 1831 4814 2098 4876; x_wconf 85' lang='lat' dir='ltr'><strong>Pontani</strong></span> <span class='ocrx_word' id='word_1_678' title='bbox 2134 4820 2328 4877; x_wconf 78' lang='lat' dir='ltr'><strong>notas.</strong></span> 
     </span>
    </p>
   </div>
   <div class='ocr_carea' id='block_1_96' title="bbox 367 4950 1870 5027">
    <p class='ocr_par' dir='ltr' id='par_1_96' title="bbox 367 4950 1870 5027">
     <span class='ocr_line' id='line_1_96' title="bbox 367 4950 1870 5027; baseline -0.001 -16"><span class='ocrx_word' id='word_1_679' title='bbox 367 4955 478 5027; x_wconf 89' lang='lat'><strong>(69)</strong></span> <span class='ocrx_word' id='word_1_680' title='bbox 521 4952 702 5009; x_wconf 82' lang='lat' dir='ltr'><strong>Manet</strong></span> <span class='ocrx_word' id='word_1_681' title='bbox 724 4950 1158 5027; x_wconf 75' lang='lat' dir='ltr'><strong>in_metap_h_ora,</strong></span> <span class='ocrx_word' id='word_1_682' title='bbox 1186 4952 1336 5027; x_wconf 78' lang='lat' dir='ltr'><strong>quod</strong></span> <span class='ocrx_word' id='word_1_683' title='bbox 1364 4959 1555 5027; x_wconf 77' lang='lat' dir='ltr'><strong>tamen</strong></span> <span class='ocrx_word' id='word_1_684' title='bbox 1582 4969 1692 5009; x_wconf 92' lang='lat' dir='ltr'><strong>non</strong></span> <span class='ocrx_word' id='word_1_685' title='bbox 1725 4971 1870 5010; x_wconf 89' lang='lat' dir='ltr'><strong>sem-</strong></span> 
     </span>
    </p>
   </div>
   <div class='ocr_carea' id='block_1_97' title="bbox 295 5021 1868 5098">
    <p class='ocr_par' dir='ltr' id='par_1_97' title="bbox 295 5021 1868 5098">
     <span class='ocr_line' id='line_1_97' title="bbox 295 5021 1868 5098; baseline -0.003 -14"><span class='ocrx_word' id='word_1_686' title='bbox 295 5021 394 5098; x_wconf 80' lang='lat' dir='ltr'><strong>per</strong></span> <span class='ocrx_word' id='word_1_687' title='bbox 426 5021 512 5098; x_wconf 81' lang='lat' dir='ltr'><strong>est</strong></span> <span class='ocrx_word' id='word_1_688' title='bbox 538 5023 932 5079; x_wconf 89' lang='lat' dir='ltr'><strong>necessarium.</strong></span> <span class='ocrx_word' id='word_1_689' title='bbox 977 5021 1219 5077; x_wconf 37' lang='lat' dir='ltr'><strong>Dixerat’</strong></span> <span class='ocrx_word' id='word_1_690' title='bbox 1249 5023 1422 5098; x_wconf 58' lang='lat' dir='ltr'><strong>enim,</strong></span> <span class='ocrx_word' id='word_1_691' title='bbox 1476 5023 1719 5098; x_wconf 78' lang='grc' dir='ltr'>θάλασσα</span> <span class='ocrx_word' id='word_1_692' title='bbox 1770 5043 1868 5080; x_wconf 84' lang='grc' dir='ltr'>κα-</span> 
     </span>
    </p>
   </div>
   <div class='ocr_carea' id='block_1_98' title="bbox 292 5092 1868 5164">
    <p class='ocr_par' dir='ltr' id='par_1_98' title="bbox 292 5092 1868 5164">
     <span class='ocr_line' id='line_1_98' title="bbox 292 5092 1868 5164; baseline -0.001 -11"><span class='ocrx_word' id='word_1_693' title='bbox 292 5092 427 5153; x_wconf 75' lang='grc' dir='ltr'>κῶν.</span> <span class='ocrx_word' id='word_1_694' title='bbox 459 5096 587 5151; x_wconf 89' lang='lat' dir='ltr'><strong>ldeo</strong></span> <span class='ocrx_word' id='word_1_695' title='bbox 618 5109 720 5148; x_wconf 91' lang='lat' dir='ltr'><strong>nos</strong></span> <span class='ocrx_word' id='word_1_696' title='bbox 759 5107 979 5164; x_wconf 88' lang='lat' dir='ltr'><strong>quoque</strong></span> <span class='ocrx_word' id='word_1_697' title='bbox 1013 5107 1143 5164; x_wconf 84' lang='lat' dir='ltr'><strong>non,</strong></span> <span class='ocrx_word' id='word_1_698' title='bbox 1176 5092 1423 5162; x_wconf 77' lang='lat' dir='ltr'><strong>proferri,</strong></span> <span class='ocrx_word' id='word_1_699' title='bbox 1455 5093 1600 5164; x_wconf 88' lang='lat' dir='ltr'><strong>quod</strong></span> <span class='ocrx_word' id='word_1_700' title='bbox 1647 5104 1868 5163; x_wconf 87' lang='lat' dir='ltr'><strong>potera-</strong></span> 
     </span>
    </p>
   </div>
   <div class='ocr_carea' id='block_1_99' title="bbox 292 5163 1870 5235">
    <p class='ocr_par' dir='ltr' id='par_1_99' title="bbox 292 5163 1870 5235">
     <span class='ocr_line' id='line_1_99' title="bbox 292 5163 1870 5235; baseline -0.002 -12"><span class='ocrx_word' id='word_1_701' title='bbox 292 5185 437 5225; x_wconf 81' lang='lat' dir='ltr'><strong>mus.</strong></span> <span class='ocrx_word' id='word_1_702' title='bbox 471 5166 565 5220; x_wconf 86' lang='lat' dir='ltr'><strong>sed</strong></span> <span class='ocrx_word' id='word_1_703' title='bbox 599 5163 849 5234; x_wconf 76' lang='lat' dir='ltr'><strong>profundi</strong></span> <span class='ocrx_word' id='word_1_704' title='bbox 890 5163 1312 5235; x_wconf 75' lang='lat' dir='ltr'><strong>transtulimus;</strong></span> <span class='ocrx_word' id='word_1_705' title='bbox 1347 5163 1498 5235; x_wconf 83' lang='lat' dir='ltr'><strong>mare</strong></span> <span class='ocrx_word' id='word_1_706' title='bbox 1528 5166 1698 5228; x_wconf 90' lang='lat' dir='ltr'><strong>enim,</strong></span> <span class='ocrx_word' id='word_1_707' title='bbox 1731 5182 1870 5235; x_wconf 85' lang='lat' dir='ltr'><strong>quo-</strong></span> 
     </span>
    </p>
   </div>
   <div class='ocr_carea' id='block_1_100' title="bbox 294 5232 1872 5306">
    <p class='ocr_par' dir='ltr' id='par_1_100' title="bbox 294 5232 1872 5306">
     <span class='ocr_line' id='line_1_100' title="bbox 294 5232 1872 5306; baseline -0.001 -13"><span class='ocrx_word' id='word_1_708' title='bbox 294 5240 442 5294; x_wconf 86' lang='lat' dir='ltr'><strong>niam</strong></span> <span class='ocrx_word' id='word_1_709' title='bbox 487 5232 628 5306; x_wconf 80' lang='lat' dir='ltr'><strong>aqna</strong></span> <span class='ocrx_word' id='word_1_710' title='bbox 661 5232 1210 5306; x_wconf 37' lang='lat' dir='ltr'><strong>cenatat.ul‘unditttr.</strong></span> <span class='ocrx_word' id='word_1_711' title='bbox 1248 5233 1538 5303; x_wconf 89' lang='lat' dir='ltr'><strong>Etalioqui</strong></span> <span class='ocrx_word' id='word_1_712' title='bbox 1575 5232 1766 5306; x_wconf 71' lang='lat' dir='ltr'><strong>etiam</strong></span> <span class='ocrx_word' id='word_1_713' title='bbox 1792 5237 1872 5291; x_wconf 89' lang='lat' dir='ltr'><strong>sic</strong></span> 
     </span>
    </p>
   </div>
   <div class='ocr_carea' id='block_1_101' title="bbox 293 5301 1874 5374">
    <p class='ocr_par' dir='ltr' id='par_1_101' title="bbox 293 5301 1874 5374">
     <span class='ocr_line' id='line_1_101' title="bbox 293 5301 1874 5374; baseline -0.001 -11"><span class='ocrx_word' id='word_1_714' title='bbox 293 5301 594 5374; x_wconf 70' lang='lat' dir='ltr'><strong>loquimur,</strong></span> <span class='ocrx_word' id='word_1_715' title='bbox 633 5303 839 5374; x_wconf 87' lang='lat' dir='ltr'><strong>aliquid</strong></span> <span class='ocrx_word' id='word_1_716' title='bbox 869 5301 1180 5374; x_wconf 67' lang='lat' dir='ltr'><strong>ell‘undere.</strong></span> <span class='ocrx_word' id='word_1_717' title='bbox 1214 5319 1335 5372; x_wconf 90' lang='lat' dir='ltr'><strong>pro,</strong></span> <span class='ocrx_word' id='word_1_718' title='bbox 1368 5301 1491 5357; x_wconf 85' lang='lat' dir='ltr'><strong>cum</strong></span> <span class='ocrx_word' id='word_1_719' title='bbox 1527 5305 1727 5360; x_wconf 80' lang='lat' dir='ltr'><strong>all&#39;ectn</strong></span> <span class='ocrx_word' id='word_1_720' title='bbox 1788 5308 1874 5361; x_wconf 80' lang='lat' dir='ltr'><strong>vel</strong></span> 
     </span>
    </p>
   </div>
   <div class='ocr_carea' id='block_1_102' title="bbox 292 5369 1877 5444">
    <p class='ocr_par' dir='ltr' id='par_1_102' title="bbox 292 5369 1877 5444">
     <span class='ocr_line' id='line_1_102' title="bbox 292 5369 1877 5444; baseline -0.004 -10"><span class='ocrx_word' id='word_1_721' title='bbox 292 5369 590 5434; x_wconf 58' lang='lat' dir='ltr'><strong>ex&#39;atl&#39;ectu</strong></span> <span class='ocrx_word' id='word_1_722' title='bbox 623 5369 808 5444; x_wconf 60' lang='lat' dir='ltr'><strong>aliq&#39;uo</strong></span> <span class='ocrx_word' id='word_1_723' title='bbox 837 5375 1114 5444; x_wconf 85' lang='lat' dir='ltr'><strong>proloqui.</strong></span> <span class='ocrx_word' id='word_1_724' title='bbox 1151 5369 1283 5428; x_wconf 84' lang='lat' dir='ltr'><strong>Item</strong></span> <span class='ocrx_word' id='word_1_725' title='bbox 1319 5374 1669 5442; x_wconf 88' lang='lat' dir='ltr'><strong>simpliciter,</strong></span> <span class='ocrx_word' id='word_1_726' title='bbox 1701 5385 1761 5428; x_wconf 89' lang='lat' dir='ltr'><strong>ut</strong></span> <span class='ocrx_word' id='word_1_727' title='bbox 1785 5375 1877 5432; x_wconf 81' lang='lat' dir='ltr'><strong>Ci-</strong></span> 
     </span>
    </p>
   </div>
   <div class='ocr_carea' id='block_1_103' title="bbox 294 5443 1872 5516">
    <p class='ocr_par' dir='ltr' id='par_1_103' title="bbox 294 5443 1872 5516">
     <span class='ocr_line' id='line_1_103' title="bbox 294 5443 1872 5516; baseline -0.001 -14"><span class='ocrx_word' id='word_1_728' title='bbox 294 5464 424 5502; x_wconf 79' lang='lat' dir='ltr'><strong>cero</strong></span> <span class='ocrx_word' id='word_1_729' title='bbox 480 5448 552 5501; x_wconf 85' lang='lat' dir='ltr'><strong>De</strong></span> <span class='ocrx_word' id='word_1_730' title='bbox 584 5443 724 5499; x_wconf 74' lang='lat' dir='ltr'><strong>orat</strong></span> <span class='ocrx_word' id='word_1_731' title='bbox 751 5445 802 5504; x_wconf 85' lang='grc' dir='ltr'><strong>Ι.</strong></span> <span class='ocrx_word' id='word_1_732' title='bbox 841 5443 1036 5516; x_wconf 73' lang='grc' dir='ltr'>Ἐπιιάὶ</span> <span class='ocrx_word' id='word_1_733' title='bbox 1088 5444 1230 5498; x_wconf 80' lang='lat' dir='ltr'><strong>vobis</strong></span> <span class='ocrx_word' id='word_1_734' title='bbox 1283 5446 1484 5498; x_wconf 81' lang='lat' dir='ltr'><strong>omnia.</strong></span> <span class='ocrx_word' id='word_1_735' title='bbox 1519 5445 1586 5498; x_wconf 90' lang='lat' dir='ltr'><strong>Et</strong></span> <span class='ocrx_word' id='word_1_736' title='bbox 1630 5447 1872 5515; x_wconf 88' lang='lat' dir='ltr'><strong>poetice,</strong></span> 
     </span>
    </p>
   </div>
   <div class='ocr_carea' id='block_1_104' title="bbox 296 5516 1060 5586">
    <p class='ocr_par' dir='ltr' id='par_1_104' title="bbox 296 5516 1060 5586">
     <span class='ocr_line' id='line_1_104' title="bbox 296 5516 1060 5586; baseline -0.009 -12"><span class='ocrx_word' id='word_1_737' title='bbox 296 5519 426 5574; x_wconf 66' lang='lat' dir='ltr'><strong>Haec</strong></span> <span class='ocrx_word' id='word_1_738' title='bbox 453 5518 640 5586; x_wconf 76' lang='lat' dir='ltr'><strong>effudit</strong></span> <span class='ocrx_word' id='word_1_739' title='bbox 666 5525 876 5586; x_wconf 82' lang='lat' dir='ltr'><strong>pectore</strong></span> <span class='ocrx_word' id='word_1_740' title='bbox 901 5516 1060 5586; x_wconf 76' lang='lat' dir='ltr'><strong>dicta.</strong></span> 
     </span>
    </p>
   </div>
   <div class='ocr_carea' id='block_1_105' title="bbox 366 5585 1874 5658">
    <p class='ocr_par' dir='ltr' id='par_1_105' title="bbox 366 5585 1874 5658">
     <span class='ocr_line' id='line_1_105' title="bbox 366 5585 1874 5658; baseline -0.003 -14"><span class='ocrx_word' id='word_1_741' title='bbox 366 5585 488 5658; x_wconf 84' lang='grc' dir='ltr'><strong>(Ίο)</strong></span> <span class='ocrx_word' id='word_1_742' title='bbox 504 5589 599 5643; x_wconf 83' lang='lat' dir='ltr'><strong>Vel</strong></span> <span class='ocrx_word' id='word_1_743' title='bbox 627 5585 757 5657; x_wconf 91' lang='lat' dir='ltr'><strong>quia</strong></span> <span class='ocrx_word' id='word_1_744' title='bbox 785 5585 1013 5658; x_wconf 69' lang='lat' dir='ltr'><strong>forsitan</strong></span> <span class='ocrx_word' id='word_1_745' title='bbox 1038 5599 1134 5654; x_wconf 89' lang='lat' dir='ltr'><strong>pro</strong></span> <span class='ocrx_word' id='word_1_746' title='bbox 1144 5601 1346 5658; x_wconf 41' lang='lat' dir='ltr'><strong>inagna</strong></span> <span class='ocrx_word' id='word_1_747' title='bbox 1368 5595 1578 5658; x_wconf 81' lang='lat' dir='ltr'><strong>peccato</strong></span> <span class='ocrx_word' id='word_1_748' title='bbox 1599 5585 1874 5658; x_wconf 72' lang='lat' dir='ltr'><strong>paululum</strong></span> 
     </span>
    </p>
   </div>
   <div class='ocr_carea' id='block_1_106' title="bbox 221 5654 1868 5730">
    <p class='ocr_par' dir='ltr' id='par_1_106' title="bbox 221 5654 1868 5730">
     <span class='ocr_line' id='line_1_106' title="bbox 221 5654 1868 5730; baseline -0.002 -14"><span class='ocrx_word' id='word_1_749' title='bbox 221 5691 236 5697; x_wconf 85' lang='lat'><em>-</em></span> <span class='ocrx_word' id='word_1_750' title='bbox 294 5654 539 5730; x_wconf 77' lang='lat' dir='ltr'><strong>supplicii</strong></span> <span class='ocrx_word' id='word_1_751' title='bbox 565 5654 696 5712; x_wconf 83' lang='lat' dir='ltr'><strong>satis</strong></span> <span class='ocrx_word' id='word_1_752' title='bbox 732 5654 1437 5730; x_wconf 71' lang='lat' dir='ltr'><strong>erit_patri,.ut_Terentins</strong></span> <span class='ocrx_word' id='word_1_753' title='bbox 1483 5655 1705 5730; x_wconf 14' lang='lat' dir='ltr'><strong>ait._AVel</strong></span> <span class='ocrx_word' id='word_1_754' title='bbox 1738 5659 1868 5727; x_wconf 91' lang='lat' dir='ltr'><strong>quia</strong></span> 
     </span>
    </p>
   </div>
   <div class='ocr_carea' id='block_1_107' title="bbox 293 5726 1867 5796">
    <p class='ocr_par' dir='ltr' id='par_1_107' title="bbox 293 5726 1867 5796">
     <span class='ocr_line' id='line_1_107' title="bbox 293 5726 1867 5796; baseline -0.003 -11"><span class='ocrx_word' id='word_1_755' title='bbox 293 5726 547 5786; x_wconf 74' lang='lat' dir='ltr'><strong>naturale</strong></span> <span class='ocrx_word' id='word_1_756' title='bbox 602 5737 687 5784; x_wconf 89' lang='lat' dir='ltr'><strong>est</strong></span> <span class='ocrx_word' id='word_1_757' title='bbox 725 5727 886 5781; x_wconf 87' lang='lat' dir='ltr'><strong>malle</strong></span> <span class='ocrx_word' id='word_1_758' title='bbox 919 5741 948 5780; x_wconf 92' lang='lat' dir='ltr'><strong>a</strong></span> <span class='ocrx_word' id='word_1_759' title='bbox 983 5726 1307 5796; x_wconf 85' lang='lat' dir='ltr'><strong>propinquis</strong></span> <span class='ocrx_word' id='word_1_760' title='bbox 1345 5742 1506 5796; x_wconf 89' lang='lat' dir='ltr'><strong>quam</strong></span> <span class='ocrx_word' id='word_1_761' title='bbox 1547 5728 1742 5782; x_wconf 89' lang='lat' dir='ltr'><strong>alienis</strong></span> <span class='ocrx_word' id='word_1_762' title='bbox 1765 5726 1867 5781; x_wconf 25' lang='lat' dir='ltr'><strong>’va-</strong></span> 
     </span>
    </p>
   </div>
   <div class='ocr_carea' id='block_1_108' title="bbox 296 5795 1868 5882">
    <p class='ocr_par' dir='ltr' id='par_1_108' title="bbox 296 5795 1868 5882">
     <span class='ocr_line' id='line_1_108' title="bbox 296 5795 1868 5882; baseline -0.002 -28"><span class='ocrx_word' id='word_1_763' title='bbox 296 5801 490 5882; x_wconf 87' lang='lat' dir='ltr'><strong>pulare</strong></span> <span class='ocrx_word' id='word_1_764' title='bbox 516 5839 531 5865; x_wconf 92' lang='lat'><strong>,</strong></span> <span class='ocrx_word' id='word_1_765' title='bbox 572 5799 732 5882; x_wconf 67' lang='lat' dir='ltr'><strong>quod</strong></span> <span class='ocrx_word' id='word_1_766' title='bbox 751 5795 1186 5882; x_wconf 77' lang='lat' dir='ltr'><strong>misericordiam</strong></span> <span class='ocrx_word' id='word_1_767' title='bbox 1229 5795 1518 5882; x_wconf 78' lang='lat' dir='ltr'><strong>speramus</strong></span> <span class='ocrx_word' id='word_1_768' title='bbox 1547 5800 1618 5852; x_wconf 91' lang='lat' dir='ltr'><strong>ab</strong></span> <span class='ocrx_word' id='word_1_769' title='bbox 1650 5797 1738 5878; x_wconf 71' lang='lat' dir='ltr'><strong>iis,</strong></span> <span class='ocrx_word' id='word_1_770' title='bbox 1773 5798 1868 5867; x_wconf 91' lang='lat' dir='ltr'><strong>qui</strong></span> 
     </span>
    </p>
   </div>
   <div class='ocr_carea' id='block_1_109' title="bbox 301 5867 1868 5937">
    <p class='ocr_par' dir='ltr' id='par_1_109' title="bbox 301 5867 1868 5937">
     <span class='ocr_line' id='line_1_109' title="bbox 301 5867 1868 5937; baseline -0.001 -13"><span class='ocrx_word' id='word_1_771' title='bbox 301 5867 357 5924; x_wconf 87' lang='lat' dir='ltr'><strong>in</strong></span> <span class='ocrx_word' id='word_1_772' title='bbox 401 5886 502 5926; x_wconf 87' lang='lat' dir='ltr'><strong>nos</strong></span> <span class='ocrx_word' id='word_1_773' title='bbox 545 5867 797 5924; x_wconf 80' lang='lat' dir='ltr'><strong>crudeles</strong></span> <span class='ocrx_word' id='word_1_774' title='bbox 838 5873 1064 5937; x_wconf 86' lang='lat' dir='ltr'><strong>propter</strong></span> <span class='ocrx_word' id='word_1_775' title='bbox 1102 5867 1383 5934; x_wconf 74' lang='lat' dir='ltr'><strong>Sanguinis</strong></span> <span class='ocrx_word' id='word_1_776' title='bbox 1420 5867 1868 5922; x_wconf 89' lang='lat' dir='ltr'><strong>communionem</strong></span> 
     </span>
    </p>
   </div>
   <div class='ocr_carea' id='block_1_110' title="bbox 301 5935 1870 6008">
    <p class='ocr_par' dir='ltr' id='par_1_110' title="bbox 301 5935 1870 6008">
     <span class='ocr_line' id='line_1_110' title="bbox 301 5935 1870 6008; baseline 0 -12"><span class='ocrx_word' id='word_1_777' title='bbox 301 5957 422 5997; x_wconf 84' lang='lat' dir='ltr'><strong>esse</strong></span> <span class='ocrx_word' id='word_1_778' title='bbox 462 5957 568 5999; x_wconf 90' lang='lat' dir='ltr'><strong>non</strong></span> <span class='ocrx_word' id='word_1_779' title='bbox 605 5935 856 6007; x_wconf 65' lang='lat' dir='ltr'><strong>possunt}</strong></span> <span class='ocrx_word' id='word_1_780' title='bbox 880 5935 1052 5995; x_wconf 81' lang='lat' dir='ltr'><strong>David</strong></span> <span class='ocrx_word' id='word_1_781' title='bbox 1076 5951 1295 6008; x_wconf 85' lang='lat' dir='ltr'><strong>quoque</strong></span> <span class='ocrx_word' id='word_1_782' title='bbox 1337 5953 1367 5993; x_wconf 92' lang='lat' dir='ltr'><strong>a</strong></span> <span class='ocrx_word' id='word_1_783' title='bbox 1399 5937 1512 5998; x_wconf 90' lang='lat' dir='ltr'><strong>Deo</strong></span> <span class='ocrx_word' id='word_1_784' title='bbox 1553 5946 1812 6006; x_wconf 83' lang='lat' dir='ltr'><strong>tanquam</strong></span> <span class='ocrx_word' id='word_1_785' title='bbox 1839 5953 1870 5996; x_wconf 86' lang='lat' dir='ltr'><strong>a</strong></span> 
     </span>
    </p>
   </div>
   <div class='ocr_carea' id='block_1_111' title="bbox 1975 4959 3554 5031">
    <p class='ocr_par' dir='ltr' id='par_1_111' title="bbox 1975 4959 3554 5031">
     <span class='ocr_line' id='line_1_111' title="bbox 1975 4959 3554 5031; baseline 0.002 -20"><span class='ocrx_word' id='word_1_786' title='bbox 1975 4969 2155 5022; x_wconf 87' lang='lat' dir='ltr'><strong>patre,</strong></span> <span class='ocrx_word' id='word_1_787' title='bbox 2182 4959 2448 5031; x_wconf 51' lang='lat' dir='ltr'><strong>quarryah</strong></span> <span class='ocrx_word' id='word_1_788' title='bbox 2478 4959 2796 5016; x_wconf 85' lang='lat' dir='ltr'><strong>hominibus</strong></span> <span class='ocrx_word' id='word_1_789' title='bbox 2824 4961 3010 5031; x_wconf 82' lang='lat' dir='ltr'><strong>puniri</strong></span> <span class='ocrx_word' id='word_1_790' title='bbox 3053 4961 3292 5016; x_wconf 87' lang='lat' dir='ltr'><strong>malebat</strong></span> <span class='ocrx_word' id='word_1_791' title='bbox 3324 4977 3337 5013; x_wconf 75' lang='grc' dir='ltr'><strong>τ</strong></span> <span class='ocrx_word' id='word_1_792' title='bbox 3369 4959 3554 5015; x_wconf 64' lang='grc' dir='ltr'><strong>Εοηνσ»</strong></span> 
     </span>
    </p>
   </div>
   <div class='ocr_carea' id='block_1_112' title="bbox 1975 5029 3556 5093">
    <p class='ocr_par' dir='ltr' id='par_1_112' title="bbox 1975 5029 3556 5093">
     <span class='ocr_line' id='line_1_112' title="bbox 1975 5029 3556 5093; baseline -0.001 -10"><span class='ocrx_word' id='word_1_793' title='bbox 1975 5038 2089 5083; x_wconf 77' lang='lat' dir='ltr'><strong>clor</strong></span> <span class='ocrx_word' id='word_1_794' title='bbox 2111 5031 2290 5084; x_wconf 82' lang='lat' dir='ltr'><strong>nimis.</strong></span> <span class='ocrx_word' id='word_1_795' title='bbox 2323 5029 2426 5084; x_wconf 83' lang='lat' dir='ltr'><strong>Sed</strong></span> <span class='ocrx_word' id='word_1_796' title='bbox 2456 5031 2644 5085; x_wconf 78' lang='lat' dir='ltr'><strong>melius</strong></span> <span class='ocrx_word' id='word_1_797' title='bbox 2688 5041 2786 5093; x_wconf 87' lang='lat' dir='ltr'><strong>est,</strong></span> <span class='ocrx_word' id='word_1_798' title='bbox 2817 5029 2873 5084; x_wconf 83' lang='lat' dir='ltr'><strong>ut</strong></span> <span class='ocrx_word' id='word_1_799' title='bbox 2893 5033 3122 5085; x_wconf 88' lang='lat' dir='ltr'><strong>incidam</strong></span> <span class='ocrx_word' id='word_1_800' title='bbox 3153 5033 3207 5084; x_wconf 85' lang='lat' dir='ltr'><strong>in</strong></span> <span class='ocrx_word' id='word_1_801' title='bbox 3241 5047 3430 5082; x_wconf 84' lang='lat' dir='ltr'><strong>manus</strong></span> <span class='ocrx_word' id='word_1_802' title='bbox 3462 5031 3556 5081; x_wconf 78' lang='lat' dir='ltr'><strong>ho-</strong></span> 
     </span>
    </p>
   </div>
   <div class='ocr_carea' id='block_1_113' title="bbox 1982 5101 3554 5172">
    <p class='ocr_par' dir='ltr' id='par_1_113' title="bbox 1982 5101 3554 5172">
     <span class='ocr_line' id='line_1_113' title="bbox 1982 5101 3554 5172; baseline 0.003 -21"><span class='ocrx_word' id='word_1_803' title='bbox 1982 5101 2111 5152; x_wconf 84' lang='lat' dir='ltr'><strong>mini</strong></span> <span class='ocrx_word' id='word_1_804' title='bbox 2152 5101 2356 5172; x_wconf 68' lang='lat' dir='ltr'><strong>(ntulue</strong></span> <span class='ocrx_word' id='word_1_805' title='bbox 2385 5102 2951 5172; x_wconf 25' lang='lat' dir='ltr'><strong>enimﬁmisericordiw</strong></span> <span class='ocrx_word' id='word_1_806' title='bbox 2984 5104 3098 5172; x_wconf 86' lang='lat' dir='ltr'><strong>ejus</strong></span> <span class='ocrx_word' id='word_1_807' title='bbox 3129 5108 3271 5168; x_wconf 72' lang='lat' dir='ltr'><strong>sunt)</strong></span> <span class='ocrx_word' id='word_1_808' title='bbox 3303 5116 3464 5170; x_wconf 79' lang='lat' dir='ltr'><strong>quum</strong></span> <span class='ocrx_word' id='word_1_809' title='bbox 3503 5103 3554 5153; x_wconf 79' lang='lat' dir='ltr'><strong>in</strong></span> 
     </span>
    </p>
   </div>
   <div class='ocr_carea' id='block_1_114' title="bbox 1981 5170 2938 5241">
    <p class='ocr_par' dir='ltr' id='par_1_114' title="bbox 1981 5170 2938 5241">
     <span class='ocr_line' id='line_1_114' title="bbox 1981 5170 2938 5241; baseline 0.001 -18"><span class='ocrx_word' id='word_1_810' title='bbox 1981 5186 2170 5223; x_wconf 86' lang='lat' dir='ltr'><strong>manus</strong></span> <span class='ocrx_word' id='word_1_811' title='bbox 2198 5171 2480 5241; x_wconf 84' lang='lat' dir='ltr'><strong>h_ominum-</strong></span> <span class='ocrx_word' id='word_1_812' title='bbox 2504 5171 2571 5240; x_wconf 81' lang='lat' dir='ltr'><strong>(ll</strong></span> <span class='ocrx_word' id='word_1_813' title='bbox 2605 5170 2728 5241; x_wconf 84' lang='lat' dir='ltr'><strong>Reg.</strong></span> <span class='ocrx_word' id='word_1_814' title='bbox 2768 5171 2938 5240; x_wconf 78' lang='lat' dir='ltr'><strong>xxiv).</strong></span> 
     </span>
    </p>
   </div>
   <div class='ocr_carea' id='block_1_115' title="bbox 2053 5239 3556 5311">
    <p class='ocr_par' dir='ltr' id='par_1_115' title="bbox 2053 5239 3556 5311">
     <span class='ocr_line' id='line_1_115' title="bbox 2053 5239 3556 5311; baseline -0.001 -20"><span class='ocrx_word' id='word_1_815' title='bbox 2053 5241 2166 5311; x_wconf 87' lang='lat' dir='ltr'><strong>(&#39;ll)</strong></span> <span class='ocrx_word' id='word_1_816' title='bbox 2205 5239 2472 5310; x_wconf 84' lang='lat' dir='ltr'><strong>Gregoras</strong></span> <span class='ocrx_word' id='word_1_817' title='bbox 2515 5239 2791 5310; x_wconf 83' lang='lat' dir='ltr'><strong>principio</strong></span> <span class='ocrx_word' id='word_1_818' title='bbox 2834 5239 2931 5294; x_wconf 87' lang='lat' dir='ltr'><strong>lib.</strong></span> <span class='ocrx_word' id='word_1_819' title='bbox 2984 5257 3082 5295; x_wconf 85' lang='lat' dir='ltr'><strong>vm</strong></span> <span class='ocrx_word' id='word_1_820' title='bbox 3127 5257 3142 5294; x_wconf 90' lang='lat'><strong>:</strong></span> <span class='ocrx_word' id='word_1_821' title='bbox 3193 5240 3556 5295; x_wconf 79' lang='lat' dir='ltr'><strong>Andronicum</strong></span> 
     </span>
    </p>
   </div>
   <div class='ocr_carea' id='block_1_116' title="bbox 1977 5312 3558 5383">
    <p class='ocr_par' dir='ltr' id='par_1_116' title="bbox 1977 5312 3558 5383">
     <span class='ocr_line' id='line_1_116' title="bbox 1977 5312 3558 5383; baseline -0.002 -20"><span class='ocrx_word' id='word_1_822' title='bbox 1977 5319 2127 5383; x_wconf 68' lang='lat' dir='ltr'><strong>lauto</strong></span> <span class='ocrx_word' id='word_1_823' title='bbox 2153 5326 2335 5365; x_wconf 87' lang='lat' dir='ltr'><strong>amore</strong></span> <span class='ocrx_word' id='word_1_824' title='bbox 2357 5321 2668 5380; x_wconf 81' lang='lat' dir='ltr'><strong>prosccutus</strong></span> <span class='ocrx_word' id='word_1_825' title='bbox 2691 5321 2765 5364; x_wconf 83' lang='lat' dir='ltr'><strong>est</strong></span> <span class='ocrx_word' id='word_1_826' title='bbox 2794 5328 2946 5374; x_wconf 82' lang='lat' dir='ltr'><strong>auus,</strong></span> <span class='ocrx_word' id='word_1_827' title='bbox 2975 5313 3054 5366; x_wconf 85' lang='lat' dir='ltr'><strong>ita</strong></span> <span class='ocrx_word' id='word_1_828' title='bbox 3079 5312 3195 5382; x_wconf 86' lang='lat' dir='ltr'><strong>ejus</strong></span> <span class='ocrx_word' id='word_1_829' title='bbox 3218 5321 3432 5383; x_wconf 69' lang='lat' dir='ltr'><strong>aspectu</strong></span> <span class='ocrx_word' id='word_1_830' title='bbox 3457 5330 3558 5383; x_wconf 72' lang='grc' dir='ltr'><strong>θα-</strong></span> 
     </span>
    </p>
   </div>
   <div class='ocr_carea' id='block_1_117' title="bbox 1973 5381 3624 5452">
    <p class='ocr_par' dir='ltr' id='par_1_117' title="bbox 1973 5381 3624 5452">
     <span class='ocr_line' id='line_1_117' title="bbox 1973 5381 3624 5452; baseline 0.002 -18"><span class='ocrx_word' id='word_1_831' title='bbox 1973 5382 2134 5443; x_wconf 79' lang='lat' dir='ltr'><strong>visus,</strong></span> <span class='ocrx_word' id='word_1_832' title='bbox 2171 5390 2226 5433; x_wconf 86' lang='lat' dir='ltr'><strong>ut</strong></span> <span class='ocrx_word' id='word_1_833' title='bbox 2262 5397 2440 5437; x_wconf 77' lang='lat' dir='ltr'><strong>omnes</strong></span> <span class='ocrx_word' id='word_1_834' title='bbox 2481 5390 2532 5435; x_wconf 82' lang='lat' dir='ltr'><strong>et</strong></span> <span class='ocrx_word' id='word_1_835' title='bbox 2571 5389 2697 5452; x_wconf 75' lang='lat' dir='ltr'><strong>ante</strong></span> <span class='ocrx_word' id='word_1_836' title='bbox 2754 5391 2804 5434; x_wconf 87' lang='lat' dir='ltr'><strong>et</strong></span> <span class='ocrx_word' id='word_1_837' title='bbox 2847 5391 2962 5451; x_wconf 85' lang='lat' dir='ltr'><strong>post</strong></span> <span class='ocrx_word' id='word_1_838' title='bbox 2994 5381 3150 5436; x_wconf 83' lang='lat' dir='ltr'><strong>natos</strong></span> <span class='ocrx_word' id='word_1_839' title='bbox 3195 5381 3354 5451; x_wconf 81' lang='lat' dir='ltr'><strong>filios,</strong></span> <span class='ocrx_word' id='word_1_840' title='bbox 3387 5381 3553 5452; x_wconf 73' lang='lat' dir='ltr'><strong>ﬁlias,</strong></span> <span class='ocrx_word' id='word_1_841' title='bbox 3609 5431 3624 5438; x_wconf 43' lang='grc' dir='ltr'><strong>ε</strong></span> 
     </span>
    </p>
   </div>
   <div class='ocr_carea' id='block_1_118' title="bbox 1975 5451 3559 5522">
    <p class='ocr_par' dir='ltr' id='par_1_118' title="bbox 1975 5451 3559 5522">
     <span class='ocr_line' id='line_1_118' title="bbox 1975 5451 3559 5522; baseline 0.002 -19"><span class='ocrx_word' id='word_1_842' title='bbox 1975 5459 2188 5519; x_wconf 80' lang='lat' dir='ltr'><strong>nepotes</strong></span> <span class='ocrx_word' id='word_1_843' title='bbox 2217 5454 2385 5506; x_wconf 83' lang='lat' dir='ltr'><strong>multo</strong></span> <span class='ocrx_word' id='word_1_844' title='bbox 2410 5452 2630 5522; x_wconf 75' lang='lat' dir='ltr'><strong>minoris</strong></span> <span class='ocrx_word' id='word_1_845' title='bbox 2663 5451 2883 5520; x_wconf 79' lang='lat' dir='ltr'><strong>faceret,</strong></span> <span class='ocrx_word' id='word_1_846' title='bbox 2913 5468 3195 5522; x_wconf 82' lang='lat' dir='ltr'><strong>omnesque</strong></span> <span class='ocrx_word' id='word_1_847' title='bbox 3223 5451 3396 5522; x_wconf 80' lang='lat' dir='ltr'><strong>quam</strong></span> <span class='ocrx_word' id='word_1_848' title='bbox 3422 5456 3559 5506; x_wconf 83' lang='lat' dir='ltr'><strong>hunc</strong></span> 
     </span>
    </p>
   </div>
   <div class='ocr_carea' id='block_1_119' title="bbox 1976 5521 3560 5592">
    <p class='ocr_par' dir='ltr' id='par_1_119' title="bbox 1976 5521 3560 5592">
     <span class='ocr_line' id='line_1_119' title="bbox 1976 5521 3560 5592; baseline 0.001 -20"><span class='ocrx_word' id='word_1_849' title='bbox 1976 5537 2137 5573; x_wconf 87' lang='lat' dir='ltr'><strong>unum</strong></span> <span class='ocrx_word' id='word_1_850' title='bbox 2187 5523 2359 5592; x_wconf 84' lang='lat' dir='ltr'><strong>perire</strong></span> <span class='ocrx_word' id='word_1_851' title='bbox 2404 5521 2608 5584; x_wconf 83' lang='lat' dir='ltr'><strong>mallet,</strong></span> <span class='ocrx_word' id='word_1_852' title='bbox 2651 5523 2697 5575; x_wconf 89' lang='lat' dir='ltr'><strong>si</strong></span> <span class='ocrx_word' id='word_1_853' title='bbox 2732 5525 2871 5591; x_wconf 81' lang='lat' dir='ltr'><strong>Optio</strong></span> <span class='ocrx_word' id='word_1_854' title='bbox 2926 5521 3168 5587; x_wconf 83' lang='lat' dir='ltr'><strong>daretur,</strong></span> <span class='ocrx_word' id='word_1_855' title='bbox 3208 5521 3316 5576; x_wconf 79' lang='lat' dir='ltr'><strong>tum</strong></span> <span class='ocrx_word' id='word_1_856' title='bbox 3360 5525 3422 5577; x_wconf 87' lang='lat' dir='ltr'><strong>ob</strong></span> <span class='ocrx_word' id='word_1_857' title='bbox 3462 5524 3560 5588; x_wconf 82' lang='lat' dir='ltr'><strong>fir-</strong></span> 
     </span>
    </p>
   </div>
   <div class='ocr_carea' id='block_1_120' title="bbox 1977 5593 3557 5663">
    <p class='ocr_par' dir='ltr' id='par_1_120' title="bbox 1977 5593 3557 5663">
     <span class='ocr_line' id='line_1_120' title="bbox 1977 5593 3557 5663; baseline 0.001 -20"><span class='ocrx_word' id='word_1_858' title='bbox 1977 5593 2192 5646; x_wconf 83' lang='lat' dir='ltr'><strong>miorem</strong></span> <span class='ocrx_word' id='word_1_859' title='bbox 2242 5593 2450 5655; x_wconf 87' lang='lat' dir='ltr'><strong>imperii</strong></span> <span class='ocrx_word' id='word_1_860' title='bbox 2491 5593 2890 5658; x_wconf 70' lang='lat' dir='ltr'><strong>successionem,</strong></span> <span class='ocrx_word' id='word_1_861' title='bbox 2941 5602 3053 5648; x_wconf 85' lang='lat' dir='ltr'><strong>tum</strong></span> <span class='ocrx_word' id='word_1_862' title='bbox 3094 5604 3312 5663; x_wconf 82' lang='lat' dir='ltr'><strong>propter</strong></span> <span class='ocrx_word' id='word_1_863' title='bbox 3356 5595 3557 5663; x_wconf 83' lang='lat' dir='ltr'><strong>ingenii</strong></span> 
     </span>
    </p>
   </div>
   <div class='ocr_carea' id='block_1_121' title="bbox 1973 5664 3558 5734">
    <p class='ocr_par' dir='ltr' id='par_1_121' title="bbox 1973 5664 3558 5734">
     <span class='ocr_line' id='line_1_121' title="bbox 1973 5664 3558 5734; baseline 0.002 -22"><span class='ocrx_word' id='word_1_864' title='bbox 1973 5664 2362 5734; x_wconf 64' lang='lat' dir='ltr'><strong>prastanlians,</strong></span> <span class='ocrx_word' id='word_1_865' title='bbox 2394 5671 2506 5715; x_wconf 82' lang='lat' dir='ltr'><strong>tum</strong></span> <span class='ocrx_word' id='word_1_866' title='bbox 2539 5671 2754 5732; x_wconf 86' lang='lat' dir='ltr'><strong>propter</strong></span> <span class='ocrx_word' id='word_1_867' title='bbox 2779 5664 2956 5718; x_wconf 67' lang='lat' dir='ltr'><strong>vultus</strong></span> <span class='ocrx_word' id='word_1_868' title='bbox 2999 5669 3332 5729; x_wconf 78' lang='lat' dir='ltr'><strong>majestatem</strong></span> <span class='ocrx_word' id='word_1_869' title='bbox 3356 5679 3376 5729; x_wconf 80' lang='lat'><strong>,‘</strong></span> <span class='ocrx_word' id='word_1_870' title='bbox 3400 5666 3558 5734; x_wconf 55' lang='lat' dir='ltr'><strong>(orsi.</strong></span> 
     </span>
    </p>
   </div>
   <div class='ocr_carea' id='block_1_122' title="bbox 1975 5731 3552 5804">
    <p class='ocr_par' dir='ltr' id='par_1_122' title="bbox 1975 5731 3552 5804">
     <span class='ocr_line' id='line_1_122' title="bbox 1975 5731 3552 5804; baseline 0 -20"><span class='ocrx_word' id='word_1_871' title='bbox 1975 5743 2069 5784; x_wconf 84' lang='lat' dir='ltr'><strong>tan</strong></span> <span class='ocrx_word' id='word_1_872' title='bbox 2103 5741 2153 5804; x_wconf 73' lang='lat' dir='ltr'><strong>et</strong></span> <span class='ocrx_word' id='word_1_873' title='bbox 2187 5731 2482 5804; x_wconf 79' lang='lat' dir='ltr'><strong>similitudo</strong></span> <span class='ocrx_word' id='word_1_874' title='bbox 2511 5731 2752 5804; x_wconf 74' lang='lat' dir='ltr'><strong>nominis</strong></span> <span class='ocrx_word' id='word_1_875' title='bbox 2785 5734 2988 5804; x_wconf 84' lang='lat' dir='ltr'><strong>aliquid</strong></span> <span class='ocrx_word' id='word_1_876' title='bbox 3038 5735 3105 5787; x_wconf 81' lang='lat' dir='ltr'><strong>ad</strong></span> <span class='ocrx_word' id='word_1_877' title='bbox 3144 5731 3552 5804; x_wconf 76' lang='lat' dir='ltr'><strong>benevolentiam</strong></span> 
     </span>
    </p>
   </div>
   <div class='ocr_carea' id='block_1_123' title="bbox 1975 5801 3558 5874">
    <p class='ocr_par' dir='ltr' id='par_1_123' title="bbox 1975 5801 3558 5874">
     <span class='ocr_line' id='line_1_123' title="bbox 1975 5801 3558 5874; baseline 0.003 -21"><span class='ocrx_word' id='word_1_878' title='bbox 1975 5801 2218 5874; x_wconf 72' lang='lat' dir='ltr'><strong>contulit.</strong></span> <span class='ocrx_word' id='word_1_879' title='bbox 2259 5803 2456 5867; x_wconf 81' lang='lat' dir='ltr'><strong>Quibus</strong></span> <span class='ocrx_word' id='word_1_880' title='bbox 2486 5802 2548 5854; x_wconf 82' lang='lat' dir='ltr'><strong>de</strong></span> <span class='ocrx_word' id='word_1_881' title='bbox 2576 5805 2751 5858; x_wconf 79' lang='lat' dir='ltr'><strong>causis</strong></span> <span class='ocrx_word' id='word_1_882' title='bbox 2781 5801 2900 5857; x_wconf 68' lang='lat' dir='ltr'><strong>eum</strong></span> <span class='ocrx_word' id='word_1_883' title='bbox 2942 5806 3086 5874; x_wconf 86' lang='lat' dir='ltr'><strong>apud</strong></span> <span class='ocrx_word' id='word_1_884' title='bbox 3127 5821 3184 5858; x_wconf 86' lang='lat' dir='ltr'><strong>se</strong></span> <span class='ocrx_word' id='word_1_885' title='bbox 3215 5807 3357 5872; x_wconf 86' lang='lat' dir='ltr'><strong>regia</strong></span> <span class='ocrx_word' id='word_1_886' title='bbox 3403 5803 3558 5857; x_wconf 74' lang='lat' dir='ltr'><strong>disci-</strong></span> 
     </span>
    </p>
   </div>
   <div class='ocr_carea' id='block_1_124' title="bbox 1976 5871 3552 5946">
    <p class='ocr_par' dir='ltr' id='par_1_124' title="bbox 1976 5871 3552 5946">
     <span class='ocr_line' id='line_1_124' title="bbox 1976 5871 3552 5946; baseline 0.003 -24"><span class='ocrx_word' id='word_1_887' title='bbox 1976 5871 2567 5946; x_wconf 64' lang='lat' dir='ltr'><strong>plinainstituendum,</strong></span> <span class='ocrx_word' id='word_1_888' title='bbox 2607 5875 2823 5946; x_wconf 81' lang='lat' dir='ltr'><strong>ejusque</strong></span> <span class='ocrx_word' id='word_1_889' title='bbox 2861 5871 3140 5944; x_wconf 71' lang='lat' dir='ltr'><strong>conspectu</strong></span> <span class='ocrx_word' id='word_1_890' title='bbox 3203 5871 3359 5928; x_wconf 83' lang='lat' dir='ltr'><strong>noctu</strong></span> <span class='ocrx_word' id='word_1_891' title='bbox 3394 5883 3552 5946; x_wconf 76' lang='lat' dir='ltr'><strong>atque</strong></span> 
     </span>
    </p>
   </div>
   <div class='ocr_carea' id='block_1_125' title="bbox 1978 5943 3376 6006">
    <p class='ocr_par' dir='ltr' id='par_1_125' title="bbox 1978 5943 3376 6006">
     <span class='ocr_line' id='line_1_125' title="bbox 1978 5943 3376 6006; baseline 0 -8"><span class='ocrx_word' id='word_1_892' title='bbox 1978 5943 2206 6001; x_wconf 80' lang='lat' dir='ltr'><strong>interdiu</strong></span> <span class='ocrx_word' id='word_1_893' title='bbox 2249 5945 2528 6005; x_wconf 79' lang='lat' dir='ltr'><strong>fruendum</strong></span> <span class='ocrx_word' id='word_1_894' title='bbox 2563 5943 2690 6006; x_wconf 68' lang='lat' dir='ltr'><strong>esse.</strong></span> <span class='ocrx_word' id='word_1_895' title='bbox 2720 5943 3115 6005; x_wconf 73' lang='lat' dir='ltr'><strong>(rotundumque</strong></span> <span class='ocrx_word' id='word_1_896' title='bbox 3149 5946 3376 5999; x_wconf 79' lang='lat' dir='ltr'><strong>censuit.</strong></span> 
     </span>
    </p>
   </div>
  </div>
