4012 6600
267 404 339 464 8‘J
1450 404 1997 468 HISTORlARUM
2040 409 2280 471 LIBER
2323 411 2372 476 Ι.
3469 420 3539 483 9.0

270 513 740 586 παρακατὲχουσι
788 514 897 569 τῶν
948 517 1429 591 εὐεργετημάτων.
1478 520 1719 592 Ἠμέρου
1755 521 1865 591 γὰρ

1971 527 2292 579 memoriam
2320 525 2659 581 custodiunt.
2697 525 2832 593 Quia
2867 541 3103 596 namque
3138 527 3287 584 mitis
3346 547 3540 586 eorum

276 607 453 675 οῦσης
483 607 579 676 τῆς
608 607 786 679 ψυχῆς
815 608 910 663 καὶ
947 609 1380 682 καθεστηκυίας,
1426 614 1522 668 καὶ
1548 617 1670 679 ταῖς
1697 615 1856 686 εὐερ-

275 701 495 770 γεσίαις
523 701 881 772 ὲνηδομένης,
914 703 991 767 ὡς
1016 706 1075 756 ἐν
1097 705 1282 776 χαλκῷ
1307 706 1596 775 συμϐαίνει
1622 709 1716 762 καὶ
1747 707 1856 761 τῶν

274 793 451 861 λόγων
482 796 574 846 καὶ
612 793 722 846 τῶν
772 794 953 865 ἔργων
986 796 1428 862 ἐγκολάπτεσθαι
1470 799 1568 863 τὰς
1610 803 1854 869 μνήμας.

279 888 390 940 Καὶ
430 886 596 949 αὐτὸς
622 885 822 950 τοίνυν,
862 881 906 940 ὦ
953 886 1203 956 βασιλεῦ,
1235 883 1312 943 ὧν
1363 889 1462 959 μὲν
1507 890 1860 962 ἐφθεγξάμην

275 978 334 1029 ἐν
382 972 462 1038 οἷς
503 975 879 1044 ἠγανάκτουν,
921 977 1288 1049 ἐπιλέλησμαι
1332 980 1650 1045 παντελῶς·
1692 974 1768 1035 ὧν
1812 981 1857 1034 δ’

276 1069 542 1138 ήκηκόειν
575 1068 1040 1138 εὐεργετούμενος
1072 1070 1226 1141 παρά
1268 1069 1387 1136 σοῦ,
1420 1071 1595 1134 οὕτως
1623 1071 1730 1142 ἔχω
1760 1072 1859 1142 τὴν

277 1161 503 1230 μνήμην
536 1161 808 1214 ἀνθοῦσαν
845 1161 941 1215 καὶ
979 1162 1204 1232 νεαρὰν,
1241 1163 1316 1227 ὡς
1344 1164 1524 1216 δοκεῖν
1549 1164 1704 1216 οῦπω
1732 1164 1859 1234 χθὲς

277 1253 374 1304 καὶ
413 1253 606 1323 πρώην
639 1253 964 1321 ἀκηκοέναι.
994 1255 1102 1307 Καὶ
1134 1256 1193 1308 σὲ
1219 1256 1275 1309 δὲ
1311 1257 1478 1308 αὑτὸν
1508 1257 1857 1326 ἐλογιζόμην,

276 1344 370 1422 τὸν
410 1343 527 1398 ῐσον
566 1345 693 1413 ἐμοὶ
721 1345 1034 1399 διακεῖσθαι
1065 1347 1270 1416 τρόπον
1298 1364 1311 1377 ·
1345 1347 1439 1399 καὶ
1472 1340 1549 1401 ὧν
1584 1348 1683 1417 μὲν
1709 1348 1863 1418 ὀργιο

275 1439 500 1506 ξάμενος
531 1437 806 1506 ἐφθέγξω,
838 1439 936 1507 τὴν
987 1439 1253 1508 ταχίστην
1307 1441 1406 1508 τὴν
1441 1441 1668 1511 μνήμην
1720 1441 1859 1493 ἀποο

274 1529 497 1583 ϐαλεῖν·
536 1523 609 1584 ὧν
674 1531 730 1583 δὲ
765 1531 1174 1600 εύηργέτηκας,
1223 1531 1489 1598 ἀσφαλῶς
1539 1533 1863 1603 παρακατέ-

275 1641 414 1693 χειν.
449 1623 565 1677 Νῦν
606 1625 663 1676 δὲ
695 1624 1007 1678 τούναντίον
1037 1624 1186 1678 ἅπαν
1212 1625 1324 1695 6ρῶ
1368 1626 1695 1696 συμϐαῖνον.
1725 1627 1863 1689 Τοὺς

279 1716 389 1784 γὰρ
413 1715 513 1784 τῆς
541 1717 763 1786 εἰρήνης
789 1716 983 1783 λόγους
1004 1716 1149 1785 βυθῷ
1175 1716 1365 1786 Λήθης
1395 1717 1662 1788 φέρεσθαι
1688 1736 1866 1790 παρα-

274 1804 423 1867 δοὺς,
458 1807 586 1867 τοὺς
637 1806 696 1869 ἐξ
742 1806 1014 1876 ἀμετρίας
1064 1807 1526 1878 ὲξενηνεγμὲνους
1562 1809 1738 1881 λύπης
1780 1812 1863 1875 είς

279 1898 444 1966 μέσον
469 1898 647 1966 ἄγεις.
702 1898 844 1967 Ἐγὼ
875 1899 920 1952 δ’
956 1900 1039 1954 ὅτι
1091 1901 1194 1970 μὲν
1229 1901 1478 1971 είρήκειν
1505 1903 1860 1976 ἀνεμνήσθην

275 1987 531 2056 ἀκηκοώς
555 2006 569 2021 ·
599 1989 660 2042 ού
700 1991 809 2061 μὴν
842 1992 918 2056 ὡς
942 1993 1005 2062 δή
1029 2011 1082 2046 τι
1112 1994 1220 2047 τῶν
1249 1993 1548 2064 αἰσχίστων
1574 1996 1672 2066 τήν
1705 1996 1862 2065 βασι-

275 2077 428 2133 λείαν
457 2081 915 2150 ἀποποιούμενος,
966 2076 1178 2138 τοιαῦτ’
1241 2087 1514 2156 είρήκειν.
1538 2081 1615 2140 Ἦ
1647 2089 1757 2158 γάρ
1791 2091 1860 2144 ἂν

276 2166 346 2233 ἦν
373 2172 722 2225 παντάπασιν
745 2175 1113 2245 ἐσεερημένος
1143 2175 1382 2245 φρενῶν,
1409 2179 1502 2231 καὶ
1530 2180 1860 2248 ἀχαριστίας

281 2262 596 2334 ὑπερϐολὴν
628 2265 954 2319 καταλιπὼν
985 2268 1268 2336 οὐδεμίαν,
1304 2271 1352 2323 εί
1383 2270 1420 2324 ἀ
1473 2271 1606 2336 Θεὸς
1645 2273 1674 2324 ὁ
1705 2273 1862 2342 βασι-

273 2351 402 2416 λεὺς
438 2353 547 2406 τῶν
583 2354 1006 2424 βασιλευόντων,
1041 2361 1136 2412 καὶ
1175 2362 1240 2414 σὺ
1277 2364 1437 2428 αὐτὸς
1467 2366 1494 2418 ὁ
1539 2364 1732 2436 κύριος
1763 2366 1863 2421 καὶ

268 2448 488 2516 πατὴρ,
515 2449 698 2526 πᾶσαν
728 2450 1056 2520 εὐεργεσίαν
1079 2453 1482 2524 ὑπερϐαίνοντα
1504 2459 1860 2528 ἐχαρίσασθε,

275 2537 434 2591 ταῦτ’
462 2540 623 2603 αὐτὸς
658 2542 870 2612 ἀνοήτῳ
904 2544 997 2598 καὶ
1031 2545 1329 2616 παραϐόλῳ
1371 2551 1532 2618 φρενὶ
1563 2551 1638 2613 ὥς
1672 2569 1724 2604 τι
1752 2553 1862 2607 τῶν

282 2630 574 2700 ἀχρήστων
600 2633 982 2706 ἀπεϐαλόμην.
1025 2637 1170 2689 Ἀλλ’
1198 2640 1264 2691 ἐκ
1295 2639 1420 2696 λίαν
1465 2643 1729 2698 ὲνωδύνου
1769 2645 1864 2700 καὶ

279 2724 700 2796 τεταραγμένης
722 2725 908 2796 ψυχῆς
934 2732 1060 2794 τοὺς
1078 2731 1359 2796 τοιούτους
1382 2733 1576 2802 λόγους
1608 2737 1860 2808 προῄειν,

279 2815 636 2890 λογιζᾴμενος
674 2819 846 2873 ὅτιτὸ
899 2819 1022 2875 λίαν
1051 2823 1318 2877 ὲνώδυνον
1345 2827 1440 2878 καὶ
1473 2821 1589 2880 οἷον
1636 2831 1867 2898 πικρίας

278 2910 452 2978 γέμον
466 2911 558 2964 τοῦ
575 2913 764 2977 παιδὸς
783 2913 1026 2984 φθέγμα,
1046 2916 1183 2985 πρὸς
1201 2919 1552 2989 συμπάθειαν
1569 2922 1782 2992 κάμψει
1795 2925 1867 2978 τά

280 3001 567 3073 σπλάγχνα
593 3005 661 3058 τά
691 3007 956 3077 πατρικάο
979 3007 1008 3058 ὃ
1024 3007 1088 3079 δὴ
1119 3011 1374 3064 καὶκατὰ
1397 3013 1624 3084 γνώμην
1648 3017 1789 3085 ἐμὴν
1808 3020 1870 3069 ἀ-

278 3094 444 3165 πέϐη,
466 3096 559 3148 καὶ¹
580 3097 778 3167 πολλῆς
796 3099 1081 3154 ἀπέλαυσα
1097 3101 1260 3174 μέχρι
1278 3103 1438 3174 δεῦρο
1459 3107 1558 3176 τῆς
1578 3107 1868 3175 εὐμενείας

1961 617 2216 686 beneque
2257 617 2610 687 compositus
2648 625 2734 672 est
2772 619 3012 682 animus,
3057 625 3112 672 et
3143 618 3417 674 beneﬂcio
3450 622 3542 676 de«

1961 709 2226 774 lcctatur,
2265 707 2345 775 lit,
2383 717 2445 763 ut
2471 724 2596 764 cum
2629 709 2798 764 verba
2841 719 2954 763 tum
3006 709 3293 764 benefacta
3321 710 3400 765 illi
3426 719 3533 765 tan-

1961 814 2127 868 quam
2177 802 2233 854 in
2283 814 2359 854 ωε
2403 799 2682 868 insculpta
2719 799 2988 854 altissime
3029 800 3302 855 meream.
3353 795 3429 857 Ae
3460 817 3546 857 me

1961 905 2091 945 sane
2124 905 2317 945 eorum
2351 905 2473 960 qua:
2502 889 2724 945 loeutus
2789 905 2909 945 sum
2933 932 2948 956 ,
2983 891 3112 946 dum
3152 893 3438 947 stomacho
3490 903 3548 948 et

1964 981 2336 1053 indignationi
2393 981 2740 1046 serviebam,
2797 982 3051 1037 funditus
3098 985 3244 1053 cepit
3289 985 3497 1039 oblivio
3535 1003 3550 1040 :

1963 1091 2085 1142 qua:
2133 1085 2321 1130 autem
2353 1073 2454 1128 abs
2503 1081 2554 1129 te
2604 1074 2742 1128 mihi
2793 1074 3176 1130 benefaciente
3209 1077 3432 1142 audivi,
3476 1078 3551 1132 ita

1967 1171 2175 1238 vigent,
2212 1167 2397 1236 itaque
2427 1165 2673 1221 recentia
2708 1174 2839 1220 sunt
2872 1167 2927 1218 in
2961 1177 3185 1236 pectore
3218 1184 3362 1233 meo,
3397 1177 3458 1223 ut
3485 1184 3551 1223 ea

1963 1274 2068 1315 nec
2096 1259 2221 1313 beri
2277 1258 2501 1328 quidem
2531 1273 2596 1310 ac
2627 1254 3055 1322 nudiustertius,
3100 1259 3217 1324 sed,
3251 1259 3398 1328 quod
3433 1275 3554 1313 am-

1963 1350 2110 1420 plius
2153 1357 2259 1414 est,
2299 1349 2462 1404 hodie
2509 1349 2748 1418 primum
2787 1349 2872 1403 his
2907 1350 3139 1406 auri-bus
3178 1350 3431 1404 hausisse
3466 1367 3554 1406 me

1966 1451 2182 1512 putem.
2225 1442 2301 1497 Te
2343 1457 2474 1496 vero
2501 1440 2736 1510 perinde
2789 1440 3050 1494 allectum
3082 1441 3263 1505 rebar,
3316 1457 3552 1511 quaeque

1965 1548 2060 1602 per
2113 1532 2247 1586 iram
2303 1531 2762 1601 exprompsisses,
2812 1546 3005 1584 eorum
3065 1531 3336 1586 citissime
3406 1534 3558 1604 abje-

1965 1625 2105 1680 cisse
2136 1625 2458 1680 memoriam
2499 1641 2514 1677 :
2547 1637 2670 1694 quae
2707 1631 2891 1676 autem
2941 1623 3138 1677 merita
3173 1623 3226 1676 in
3264 1638 3350 1676 me
3379 1623 3557 1678 collo-

1965 1733 2168 1782 casses,
2209 1733 2274 1772 ea
2316 1725 2369 1772 te
2404 1717 2571 1772 etiam
2615 1727 2779 1786 atque
2820 1719 2987 1771 etiam
3040 1715 3345 1770 recordari.
3387 1716 3556 1785 Atqui

1967 1812 2128 1865 aliter
2185 1810 2360 1865 multo
2420 1824 2534 1864 rem
2597 1810 2852 1864 evenisse
2917 1807 3187 1878 intelligo.
3252 1807 3387 1864 Nam
3433 1824 3557 1863 ser-

1968 1918 2158 1958 mones
2178 1917 2332 1956 meos
2363 1901 2432 1955 de
2456 1916 2594 1971 pace
2631 1901 2870 1956 Lethaais
2904 1900 3209 1955 volvendos
3238 1901 3399 1969 aquis
3427 1915 3554 1970 per-

1969 1997 2198 2052 mittens
2263 1995 2399 2064 (75),
2457 2009 2582 2064 qua:
2635 1993 2934 2048 immodico
2993 1994 3184 2048 dolore
3240 1994 3557 2048 stimulatus

1965 2085 2294 2150 etluderam,
2327 2098 2394 2139 ea
2427 2098 2576 2138 nunc
2618 2084 2673 2138 in
2705 2082 3232 2138 medium'adducis.
3267 2081 3401 2147 Quae
3451 2095 3555 2152 ego

1967 2179 2223 2240 audiens,
2255 2176 2460 2232 dixisse
2513 2190 2602 2230 me
2653 2175 2782 2229 veni
2817 2174 2874 2228 in
2915 2174 3272 2230 memoriam!
3318 2171 3556 2228 Verum-

1973 2283 2156 2328 tamen
2205 2287 2315 2326 non
2349 2270 2496 2342 quod
2545 2270 2862 2339 imperium,
2902 2277 2962 2323 ut
2993 2269 3282 2340 qutdpiam
3319 2269 3560 2340 turpitu-

1968 2368 2116 2422 dinis
2174 2374 2230 2420 et
2272 2365 2510 2420 infamiae
2551 2364 2774 2433 plenum
2833 2361 3210 2432 repudiarent,
3265 2361 3358 2414 illa
3415 2360 3556 2414 dixi.

1970 2461 2227 2516 Profecto
2265 2459 2416 2514 enim
2449 2457 2656 2511 nullam
2690 2465 2903 2524 partem
2935 2455 3137 2510 mentis
3172 2455 3554 2525 possiderem,

1973 2567 2077 2608 nec
2107 2561 2257 2608 esset
2284 2550 2586 2619 quidquam
2617 2562 2705 2602 me
2737 2548 3029 2618 ingratius,
3064 2549 3108 2601 si
3134 2562 3256 2616 qua:
3285 2547 3429 2600 Deus
3465 2559 3560 2599 rex

1971 2660 2186 2716 regum,
2221 2653 2278 2698 et
2309 2652 2364 2698 tu
2413 2641 2530 2710 ipse
2563 2640 2825 2695 dominus
2853 2653 2918 2693 ac
2954 2654 3156 2708 parens
3199 2653 3378 2703 meus,
3411 2637 3558 2691 ultra

1972 2751 2194 2793 omnem
2233 2733 2617 2790 beneficentiae
2657 2731 2880 2786 modum
2922 2732 3254 2796 donavistis,
3303 2747 3367 2785 ea
3421 2729 3562 2784 insi-

1973 2831 2192 2900 pienter
2247 2843 2312 2882 ac
2369 2839 2576 2881 temere
2619 2841 2718 2881 ceu
2766 2824 2985 2878 inutilia
3038 2825 3355 2896 rejicerem.
3411 2823 3555 2890 Quid

1975 2923 2189 2994 igitur!
2228 2921 2398 2976 animi
2444 2919 2705 2974 acerbius
2730 2918 2990 2982 dolentis,
3027 2927 3084 2972 et
3124 2932 3390 2988 perquam
3421 2932 3558 2972 con-

1979 3013 2210 3077 turbati,
2275 3011 2721 3080 contidentisque
2799 3010 3131 3077 aegritudine
3186 3020 3243 3065 et
3301 3009 3560 3064 amaritie

1977 3106 2236 3162 refertam
2271 3103 2386 3158 nati
2444 3116 2642 3156 vocem
2691 3110 2916 3169 paterna
2959 3103 3174 3155 viscera
3225 3101 3292 3155 ad
3340 3115 3563 3171 sympa-

275 3188 377 3257 τῆς
423 3187 732 3259 πατρικῆς.
761 3189 878 3244 Νῦν
919 3189 1016 3246 οὖν
1068 3195 1117 3245 εί
1150 3195 1250 3263 μέν
1299 3195 1418 3249 ἐστι
1447 3213 1533 3260 τις
1561 3198 1863 3270 ἐξελέγξων

1971 3199 2138 3254 thiam
2174 3196 2570 3260 emollituram,
2603 3192 2697 3246 illa
2727 3191 2833 3246 fuit
2879 3191 3097 3255 oratio;
3129 3191 3295 3260 idque
3328 3190 3555 3258 factum,

277 3281 405 3347 ἄξιά
438 3282 506 3348 μέ
529 3298 655 3335 τινα
680 3283 1048 3354 εἰργασμένον
1073 3284 1332 3353 θανάτου,
1355 3288 1417 3341 οὐ
1445 3292 1867 3362 παραιτήσομαι

279 3375 340 3428 τὸ
394 3374 624 3439 δικαίως
655 3377 976 3431 ἀποθανεῖν.
1017 3377 1080 3432 Εἰ
1119 3378 1163 3434 δ’
1223 3379 1333 3451 ἄρα
1384 3384 1600 3437 τοιαῦτ’
1632 3384 1751 3439 ἔστι
1801 3387 1871 3441 τά

279 3465 614 3535 ἐγκλήματα
653 3464 730 3529 ὡς
763 3467 1024 3532 ¹παιδείας
1075 3469 1288 3537 δεῖσθαι
1318 3473 1417 3525 καὶ
1457 3473 1723 3542 μάστιγος
1765 3493 1870 3530 παο

276 3562 499 3629 τρικῆς,
535 3559 604 3612 τὰ
637 3559 740 3628 μὲν
774 3561 1035 3631 ἀφήσεις,
1057 3551 1068 3560 ’
1091 3563 1164 3625 ὡς
1225 3564 1318 3618 καὶ
1355 3565 1520 3631 αὐτὸς
1575 3567 1730 3639 παρά
1772 3570 1873 3623 τοῦ

280 3652 527 3721 μεγάλου
560 3653 837 3717 Βασιλέως
868 3657 965 3711 καὶ
995 3655 1144 3711 θέσει
1173 3659 1386 3729 Πατρὺς
1422 3661 1522 3732 τὴν
1554 3662 1666 3715 τῶν
1689 3663 1872 3735 πλημ-

282 3744 624 3814 μεὶημάτων
693 3746 1050 3818 συγχώρησιν
1107 3749 1491 3820 ἐξαιτούμενος
1543 3753 1867 3824 ὁσημέραι·

282 3836 430 3907 ὑπὲρ
483 3836 541 3890 δὲ
596 3837 746 3903 τῶν,
815 3839 995 3902 ἔξεστί
1052 3857 1136 3894 σοι
1190 3842 1346 3904 δίκας
1399 3843 1701 3908 λαμϐάνειν
1757 3849 1872 3902 τῶν

279 3928 791 4000 πλημμελημάτων
851 3930 1034 3997 ἀξίας,
1093 3933 1222 3995 τοὺς
1275 3934 1557 4000 τοιούτους
1605 3939 1872 4010 ἐπαχθεῖς

283 4022 384 4074 καὶ
421 4021 626 4084 παντὸς
651 4020 992 4092 βαρυτέρους
1027 4022 1253 4092 φορτίου
1292 4024 1518 4094 μακρὰν
1546 4028 1706 4098 ήμῶν
1735 4031 1875 4082 ἀπε-

283 4113 545 4167 λαύνοντι
577 4111 792 4179 λόγους.
822 4111 1064 4168 Τοιαῦτα
1089 4116 1186 4168 καὶ
1227 4113 1570 4187 ’Δνδρονίκου
1611 4118 1707 4172 τοῦ
1749 4123 1872 4175 νέου

287 4205 737 4280 ἀποκριναμένου
765 4207 843 4276 τῷ
865 4207 1098 4279 πάππῳ,
1130 4208 1298 4273 αὐτὸς
1325 4212 1426 4278 μὲν
1450 4212 1587 4282 πρὸς
1614 4213 1712 4284 τὴν
1739 4216 1876 4268 ἀπο-

285 4300 481 4371 λογίαν
509 4299 767 4352 ἀντεῖπεν
825 4299 979 4353 ούδέν
1001 4316 1014 4330 ο
1057 4299 1284 4371 βαρεῖαν
1312 4301 1359 4354 δ’
1392 4298 1462 4371 ἦν
1497 4308 1565 4376 τῇ
1610 4308 1738 4376 σιγῇ
1773 4309 1871 4360 καὶ

281 4394 396 4455 τοῖς
430 4392 590 4462 ήθεσι
618 4390 716 4461 τήν
752 4391 950 4462 ὀργὴν
969 4392 1385 4462 ἐνδεικνύμενος
1415 4395 1492 4466 τῷ
1535 4397 1767 4470 ἑγγόνῳ.
1811 4399 1871 4453 '0

288 4486 500 4552 μέντοι
541 4483 714 4552 μέγας
756 4483 1076 4552 Sopianas;
1131 4485 1198 4538 ὲκ
1232 4485 1458 4558 Θρᾴκης
1513 4487 1686 4542 ίλθὼν
1741 4490 1868 4542 ἐπεὶ

1973 3299 2034 3344 ut
2063 3289 2234 3343 volui.
2267 3287 2406 3343 Nam
2436 3285 2727 3353 hucusque
2761 3283 2942 3354 patria
2975 3281 3110 3336 mihi
3149 3282 3250 3336 abs
3294 3289 3350 3335 te
3380 3281 3558 3336 benc-

1973 3379 2214 3436 volentia
2251 3377 2462 3433 tributa
2496 3384 2602 3431 est.
2638 3373 2799 3429 Nunc
2826 3373 2873 3428 si
2909 3373 3038 3443 quis
3061 3383 3170 3438 est,
3200 3372 3293 3442 qni
3335 3388 3422 3427 me
3469 3388 3564 3428 ca-

1971 3474 2157 3545 pitalia
2216 3469 2534 3540 designasse
2589 3465 3151 3531 convincet,meritae
3185 3466 3380 3520 mortis
3431 3479 3563 3535 sup-

1970 3565 2195 3637 plicium
2234 3579 2344 3618 non
2395 3560 2760 3632 deprecabor.
2811 3557 2971 3626 Quod
3030 3559 3077 3613 si
3117 3559 3228 3630 24,
3277 3557 3402 3612 talia
3427 3568 3562 3615 sunt

1971 3658 2208 3714 crimina
2265 3670 2408 3720 mea,
2484 3662 2544 3707 ut
2595 3661 2823 3723 paterna
2878 3651 3148 3706 duntaxat
3200 3651 3560 3721 castigatione

1971 3750 2405 3818 verberibusque
2466 3745 2738 3816 expianda
2788 3744 3104 3807 videantur,
3167 3759 3359 3799 eorum
3418 3744 3559 3800 mihi

1971 3844 2204 3914 gratiam
2236 3841 2428 3904 facies,
2456 3855 2580 3895 cum
2608 3839 2726 3908 ipse
2755 3841 2979 3906 quoque
3019 3850 3050 3890 a
3085 3850 3284 3905 magno
3319 3835 3563 3905 Impera-

1973 3946 2098 3988 tore
2126 3932 2268 4000 (76).
2302 3932 2398 4000 qul
2424 3945 2526 3983 nos
2545 3929 2836 3997 aequaliter
2856 3942 3050 3982 omnes
3088 3929 3394 3997 adoptavit,
3429 3943 3557 3998 pec-

1974 4036 2227 4082 catorum
2291 4032 2517 4078 tuorum
2578 4020 2796 4075 veniam
2862 4019 3107 4087 preceris
3160 4020 3429 4088 quotidie.
3485 4021 3556 4075 At

1973 4135 2101 4192 qua:
2137 4133 2238 4190 ego
2267 4117 2322 4172 in
2371 4124 2425 4172 te
2478 4113 2755 4176 commisi,
2801 4112 2966 4182 digna
3021 4125 3183 4182 pinna
3219 4112 3554 4177 vindicabis,

1975 4212 2023 4267 si
2058 4210 2320 4265 molestas
2381 4207 2549 4261 hasce
2577 4205 2839 4274 omnique
2885 4219 3058 4259 one-re
3093 4203 3560 4260 intolerabiliores

1972 4319 2140 4360 voces
2196 4301 2455 4373 procula
2495 4315 2580 4353 me
2635 4297 2996 4352 abstinueris.
3067 4297 3178 4352 llac
3233 4296 3558 4353 defensione

1971 4397 2265 4466 explicata,
2304 4408 2442 4448 avus
2499 4406 2620 4446 eam
2676 4405 2779 4444 nec
2838 4389 3008 4444 verbo
3046 4389 3267 4456 refellit,
3333 4389 3558 4446 silentio

1976 4503 2109 4544 vero
2141 4488 2266 4558 ipso
2322 4495 2381 4541 et
2404 4485 2657 4555 gestibus
2685 4491 2883 4537 contra
2925 4491 3183 4551 nepotem
3213 4485 3287 4536 ira
3317 4492 3556 4540 aestuare

284 4577 519 4630 ἐπύθετο
576 4576 645 4629 τὰ
703 4576 986 4646 συμϐάντα
1034 4577 1184 4648 παρά
1243 4577 1512 4647 βασιλέως
1573 4579 1668 4633 τοῦ
1717 4581 1862 4642 νέου,

1975 4580 2129 4636 visus
2173 4587 2279 4634 est.
2334 4578 2613 4634 Caeterum
2665 4573 2778 4645 (Π)
2833 4588 3065 4643 magnus
3123 4572 3464 4630 domesticus
3521 4588 3557 4630 θ

1542 4695 1761 4758 Jacobi
1795 4696 2063 4758 Pootani
2097 4701 2287 4756 notae.

360 4797 471 4864 (75)
508 4795 680 4850 Lethe
709 4796 864 4865 palus
906 4795 1232 4860 inferorum,
1266 4797 1336 4852 ab
1369 4797 1646 4855 oblivione
1679 4801 1862 4855 nomi-

289 4879 439 4929 nata,
474 4867 620 4935 quod
642 4868 853 4940 mortui
879 4872 1124 4921 omnium
1165 4883 1347 4923 rerum
1381 4870 1544 4940 hujus
1576 4872 1700 4924 vitae
1728 4871 1870 4926 obli-

293 4940 597 4991 viscantur.
630 4936 772 5003 Qnin
797 4948 979 4990 autem
1009 4939 1307 4994 historicus
1341 4936 1580 5003 iterum,
1615 4951 1675 4994 ut
1700 4941 1867 5007 alibi,

293 5007 510 5082 poetice
546 5007 820 5082 loquatur,
855 5008 1036 5082 nullus
1065 5008 1292 5082 dubito;
1323 5019 1485 5082 etest
1516 5009 1632 5065 hac
1654 5027 1870 5082 quoque

294 5093 396 5128 una
419 5146 430 5151 _
453 5076 701 5151 historia)
740 5079 1181 5151 proiirie_tas,-uli
1212 5078 1441 5148 poeticis
1468 5076 1733 5151 loquendi
1775 5076 1869 5151 ge.

295 5146 557 5218 neti-ibus,
575 5147 626 5198 in
643 5161 764 5218 quo
781 5149 922 5215 apud
956 5148 1181 5203 Latinos
1203 5146 1646 5218 conspicuus—est
1663 5146 1871 5207 Livius.

293 5217 522 5272 Ovidius
547 5217 600 5268 in
638 5217 791 5272 Ibin:

443 5287 632 5360 Et_tua
663 5286 858 5360 [ethicis
881 5299 1002 5342 acta
1035 5290 1303 5343 dabuntur
1325 5292 1493 5360 aquis.

368 5357 432 5410 Et
463 5373 474 5408 I
521 5356 700 5419 Trist.,
736 5359 875 5425 eleg.
909 5361 935 5408 7
975 5379 986 5412 :

368 5427 406 5480 (1
415 5438 645 5478 unciane
671 5430 721 5479 in
745 5444 1011 5494 (equm-eos
1036 5430 1280 5483 abierant
1297 5431 1448 5484 irrita
1483 5440 1656 5483 ventos
1682 5431 1706 5484 ?

436 5499 708 5570 (Iunctane
736 5497 932 5570 tetigeris
959 5515 1128 5553 mersa
1165 5501 1410 5568 feruntur
1430 5503 1582 5570 aquis
1612 5502 1637 5554 Ξ)

369 5568 481 5635 (76)
508 5567 1068 5641 {tgzipetnsdiaconus
1097 5567 1172 5622 ad?
1205 5567 1577 5625 Justinian'um
1631 5573 1870 5641 impera-

298 5647 470 5712 togam
508 5637 691 5712 libello
717 5637 1109 5712 pulcherrimo.
1161 5656 1270 5707 quo
1310 5637 1871 5712 imperatorem-pra:-

297 5707 471 5776 ceptis
518 5708 717 5784 format
752 5726 765 5761 :
807 5707 1144 5784 Συγγνῴμην
1181 5707 1498 5784 αἰτούμενος
1538 5707 1872 5784 ἀμαρτῆμά-

299 5795 428 5837 των),
459 5780 801 5853 συγγίνωσκε
843 5779 1135 5853 Δκαὶᾼοιύτὺς
1175 5781 1282 5853 τοῖς
1326 5779 1402 5845 εἰς
1435 5783 1492 5834 σὲ
1521 5779 1870 5853 πλημμελοῦ-

247 5901 252 5908 ,
303 5863 407 5913 σιν,
453 5849 534 5900 ὅτι
592 5849 781 5916 ἀφέσει
832 5848 1152 5904 amatam:
1205 5851 1417 5914 ἄφεσις,
1479 5855 1569 5905 καὶ
1613 5848 1690 5915 τῆ
1733 5853 1867 5916 πρὸς

1969 4799 2294 4869 ὁμοδούλους
2334 4797 2514 4871 ήμῶνᾼ
2546 4796 2884 4871 καταλλαγῇ.
2939 4797 2972 4866 ή
3022 4794 3160 4864 πρδς
3209 4793 3342 4847 Θεὸν
3403 4793 3556 4871 φιλία

1971 4864 2066 4924 καὶ
2100 4864 2408 4932 οἰκείωσιξ⁶
2474 4867 2608 4923 Cum
2667 4864 2981 4922 delictorum
3058 4877 3270 4918 tuorum
3340 4864 3555 4918 veniam

1975 4958 2008 4994 a
2039 4941 2148 4993 Deo
2204 4948 2395 5009 petas,
2445 4941 2558 5010 ipse
2607 4953 2811 5010 quoque
2867 4946 2918 4989 te
2973 4935 3555 5010 οπεπάεηιὲοιιεᾴἰρηο-

1972 5027 2059 5065 sce
2083 5049 2098 5072 ,
2169 5005 2426 5081 quoniam
2467 5005 2799 5062 'remissioni
2857 5007 3173 5081 retribuitnr
3197 5075 3209 5081 _
3250 5005 3484 5081 remissio
3515 5042 3549 5081 _.

1976 5072 2271 5150 nostrwque
2320 5096 2438 5133 cum
2483 5075 3229 5150 conservis__reconciliationi,
3287 5072 3384 5150 Dei
3420 5075 3557 5150 amt}

1979 5152 2105 5204 cilia
2153 5144 2201 5204 et
2227 5150 2591 5219 familiaritas.
2621 5145 3107 5219 §iitiili_sententia
3161 5157 3318 5196 usum
3342 5144 3573 5219 inveni

1985 5221 2050 5274 Ι).
2080 5214 2591 5291 Ερίρὶιιιιιίιιιιιηαᾱ
2615 5217 2922 5291 _Eudocia_m
2971 5215 3265 5291 angus-tam
3284 5254 3300 5277 ,
3327 5214 3570 5291 Λιλῳὰἰὶ-

1984 5282 2293 5361 conjugein,
2328 5282 2567 5361 cuin'illa
2597 5288 2664 5340 de
2688 5287 2903 5356 injuriis
2939 5285 3038 5338 sibi
3067 5299 3096 5336 ιι
3134 5282 3342 5338 Joanne
3372 5283 3552 5361 βίη-γ-

1983 5354 2225 5416 εοεῐοιῆο
2261 5361 2446 5425 illatis,
2474 5358 2653 5414 eidem
2683 5354 3134 5425 conquereretur,
3164 5366 3220 5407 ut
3247 5364 3329 5408 est
3370 5354 3552 5424 legere

1983 5431 2036 5483 in
2069 5429 2190 5484 Vita
2215 5423 2460 5500 ejusdem
2495 5423 2867 5500 Chrysostomi
2909 5423 3510 5500 apudMMetaphrasten.

2057 5501 2170 5571 (77)
2213 5493 2336 5556 Haec
2370 5501 2475 5554 alia
2500 5493 2856 5571 deliberatio
2885 5493 3164 5571 εεὲιᾲμίιίιιΔ
3203 5493 3355 5571 prior
3405 5495 3550 5571 inter

1981 5563 2341 5625 doineéticutn
2385 5580 2441 5626 et
2491 5569 2846 5640 Syrgiannem
2885 5566 2938 5619 in
2965 5563 3216 5640 ‘Th‘racia’
3249 5565 3370 5623 fuit.
3429 5563 3546 5640 hinc

1981 5640 2126 5696 inter
2155 5635 2547 5706 domesticum,
2567 5635 2623 5692 ei
2651 5638 2924 5706 juniorcm
2951 5636 3321 5706 Andronicum
3357 5635 3534 5687 susci-

1978 5711 2148 5779 pitur.
2181 5704 2262 5783 Ἑι
2317 5704 2672 5783 intelligimus
2717 5705 2954 5783 rediisse
2991 5707 3044 5761 in
3078 5705 3369 5783 Thraciam
3427 5717 3546 5755 ma-

1976 5773 2139 5849 gnum
2168 5773 2530 5838 domesticum
2551 5823 2565 5846 ,
2589 5777 2857 5850 siquidem
2901 5773 3428 5843 Constantinopolim
3461 5786 3546 5824 re-

1976 5866 2164 5908 versus
2186 5852 2405 5907 dicitur.
