4012 6610
463 325 530 390 91
1622 335 1951 398 IOANNlS
1990 333 2518 400 CANTACUZENI
3637 342 3725 409 92

463 444 697 502 Thracia
748 462 1002 507 reversus
1047 451 1255 507 auditis
1318 467 1384 507 ex
1421 455 1643 526 juniure
1705 455 2029 526 imperatore

2141 454 2312 510 πολλὰ
2342 455 2631 526 θαυμάσας
2660 454 2768 509 τῶν
2815 455 2915 526 τῆς
2945 454 3293 528 ἀνθρωπίνης
3327 457 3544 532 φύσεως
3573 479 3723 518 κατ-

467 557 590 611 qua:
621 543 984 614 contigerant.
1014 545 1297 615 impendio
1331 549 1568 604 miratus
1596 549 1892 605 humanam
1934 566 2035 606 na-

469 643 646 687 turam
680 645 761 689 tot
815 637 1091 705 tantisque
1135 638 1437 709 subiectam
1473 639 1732 704 miseriis.
1763 652 1819 697 et
1842 643 1911 698 de
1943 644 2034 698 in-

466 727 614 782 vidia
645 738 1002 796 conquestus.
1035 745 1158 798 quae
1191 730 1361 785 semel
1413 715 1445 786 Ia
1492 748 1552 787 se
1599 742 1894 803 occupatos
1926 734 2036 806 ipsi

465 828 674 874 natura:
713 819 922 875 bellum
987 821 1188 876 inferre
1237 825 1401 893 cogit,
1441 823 1662 894 Optime
1713 825 2032 897 imperator,

466 912 666 980 inquit,
689 912 892 966 malum
922 929 1043 969 esse
1075 915 1486 972 atrocissimum
1518 918 1647 972 hinc
1675 921 1808 974 satis
1838 919 2030 989 liquet.

467 1004 652 1058 Fidem
709 1021 874 1074 porro
911 1022 1042 1076 erga
1084 1016 1136 1061 te
1174 1024 1351 1064 meam
1392 1020 1447 1066 et
1495 1027 1738 1066 aunorem
1770 1013 2034 1068 sinceris-

462 1098 689 1161 simum.
726 1115 1076 1168 coaevamque
1115 1101 1257 1154 inter
1307 1118 1404 1156 nos
1446 1103 1765 1168 amicitiam,
1805 1115 1860 1160 et
1906 1121 2032 1161 cum

465 1191 710 1258 utrisque
742 1191 1067 1259 corporibus
1116 1191 1353 1262 quodam
1397 1194 1561 1248 modo
1617 1208 1854 1260 auctam.
1879 1208 2036 1252 ente-

460 1295 649 1351 gressa
717 1289 963 1351 tempora
999 1282 1219 1338 abunde
1274 1284 1602 1340 docuerunt.
1633 1285 1820 1356 Itaque
1848 1287 2032 1343 verbis

468 1375 613 1427 inter
641 1389 738 1428 nos
781 1390 920 1442 opus
953 1390 1072 1430 esse
1105 1391 1213 1430 non
1247 1377 1513 1443 arbitror.
1542 1378 1748 1448 quibus
1783 1391 2032 1434 nostrum

465 1477 697 1536 uterque
741 1467 972 1521 alterum
1040 1469 1144 1524 sibi
1197 1470 1453 1525 conciliet
1486 1479 1540 1525 et
1573 1471 1854 1542 adjungat.
1893 1473 2034 1529 Ven-

465 1570 587 1614 tura
642 1569 825 1615 autem
886 1570 1155 1630 tempora.
1217 1561 1664 1636 ﬁdelissimorum
1729 1565 2031 1620 amicorum

461 1670 622 1724 opem
655 1654 1035 1724 imploratura,
1067 1665 1128 1710 ut
1161 1673 1423 1726 auguror,
1457 1673 1566 1712 non
1596 1659 1780 1714 minus
1806 1661 1899 1729 qui
1928 1661 2030 1713 sim

461 1761 590 1816 erga
623 1755 674 1802 te
703 1747 1083 1802 declarabunt.
1115 1748 1170 1803 Si
1207 1748 1428 1817 quidem
1475 1749 1640 1819 igitur
1670 1752 1910 1806 viderem
1954 1761 2028 1819 te,

461 1839 800 1907 malignitate
856 1848 913 1894 et
959 1841 1274 1911 arrogantia
1327 1850 1672 1909 corruptum,
1717 1858 1819 1897 avo
1851 1843 2025 1912 impe-

461 1933 608 1987 rium
637 1926 874 2002 eripere,
910 1938 966 1986 et
996 1933 1063 1986 ad
1105 1942 1158 1986 te
1191 1932 1366 1986 solum
1406 1933 1705 1988 transferre
1735 1945 2028 2000 attentare.

460 2027 792 2096 persuadeas
823 2027 922 2081 tibi
974 2028 1160 2092 velim,
1207 2042 1522 2098 quanquam
1577 2028 1658 2082 tui
1711 2045 1830 2083 sum
1869 2029 2031 2098 cupi-

447 2120 746 2186 dissimus,
797 2120 999 2174 nollem
1050 2130 1229 2175 tamen
1270 2121 1325 2174 in
1364 2128 1472 2174 tam
1536 2120 1763 2176 infando
1809 2123 2031 2192 negotio

456 2215 525 2268 ad
576 2226 697 2268 tuas
722 2214 961 2268 rationes
998 2229 1082 2268 me
1126 2213 1448 2284 adiungere.
1492 2212 1562 2268 At
1591 2215 1720 2283 quia
1753 2223 1804 2269 te
1837 2216 2031 2270 imme-

462 2316 617 2360 rente
652 2321 876 2375 prorsus
910 2305 1230 2376 huiusmodi
1265 2305 1562 2362 adversum
1597 2315 1649 2360 te
1674 2307 1814 2360 mala
1848 2321 2027 2362 emer-

453 2415 589 2466 gere
618 2413 806 2464 cerno,
843 2409 924 2465 ut,
956 2400 1065 2454 nisi
1092 2400 1236 2453 Deus
1273 2400 1366 2454 illa
1411 2399 1653 2470 desuper
1683 2401 2028 2468 discusserit,

458 2492 818 2546 metuendum
855 2494 928 2546 sit
981 2508 1051 2547 ne
1081 2494 1134 2546 in
1194 2492 1540 2547 altitudinem
1578 2493 1902 2548 immensam
1941 2511 2032 2550 ex-

455 2593 729 2648 crescant,
763 2600 831 2638 en
863 2599 962 2654 ego
997 2585 1142 2639 ultro
1169 2599 1232 2638 ac
1268 2585 1441 2640 libens
1465 2601 1564 2655 pro
1581 2587 1755 2641 salute
1792 2597 1886 2642 tua
1916 2603 2028 2643 non

459 2675 723 2744 pecunias
776 2685 1008 2738 tantum,
1055 2676 1326 2742 fortunas,
1380 2691 1594 2741 servos.
1646 2679 1874 2746 amicos,
1917 2683 2028 2736 sed

456 2767 726 2836 meipsum
780 2778 1042 2836 prceterea
1078 2767 1272 2830 offero,
1306 2778 1363 2822 ut
1390 2785 1718 2840 quacunque
1771 2773 1826 2826 in
1860 2789 1918 2828 re
1976 2784 2032 2830 et

453 2860 954 2929 quomodocunque
979 2876 1064 2915 me
1114 2862 1188 2916 uti
1220 2863 1418 2930 possis.
1449 2863 1666 2920 Gratias
1692 2866 1897 2920 diserte
1923 2869 2034 2936 agit

461 2955 782 3020 imperator.
809 2964 971 3021 atque
1001 2953 1107 3027 hoc
1139 2953 1364 3023 insuper
1391 2956 1544 3010 addit
1576 2969 1591 3009 τ
1622 2957 1758 3011 Cum
1791 2958 1906 3026 ipsa
1942 2960 2031 3014 die

462 3053 807 3098 veterascant
849 3044 1220 3114 paulatimque
1280 3047 1599 3101 dilabantur
1632 3049 1840 3114 omnia,
1878 3051 2033 3106 insti-

2143 547 2496 618 ορχουμινων
2531 547 2744 614 κακῶν,
2789 549 2886 601 καὶ
2944 546 3044 618 τὴν
3077 549 3293 603 ἀδικίαν
3337 554 3724 624 καταμεμψάο

2140 656 2299 708 μενος
2330 639 2407 703 ὡς
2457 640 2553 694 καὶ
2600 640 2721 694 τιατ⁹
2753 639 2925 708 αὐτῆς
2981 642 3082 710 τῆς
3123 640 3346 709 φύσεως
3378 643 3726 708 ὀπλίζουσαν

2135 733 2266 798 τοὺς
2316 732 2544 796 ἁλόντας
2588 732 2725 803 αὐτῇ
2786 731 3066 797 καθάπαξ,
3122 733 3402 803 Κράτιστε
3460 735 3720 807 βασιλεῦ,

2135 821 2264 896 ἔφη,
2295 821 2358 876 τὸ
2383 823 2484 894 μὲν
2522 823 2694 878 κακὸν
2720 823 3027 890 κατάδηλον
3051 824 3281 878 αὐτόθεν
3332 824 3409 890 ὥς
3455 826 3572 881 ἑστι
3600 829 3721 885 τῶν

2135 913 2476 984 ἀνηκέστων.
2519 914 2630 986 Τὴν
2680 914 2738 970 δὲ
2790 915 2930 984 πρὸς
2960 915 3021 968 σέ
3053 933 3155 986 μου
3188 917 3374 971 πίστιν
3419 921 3514 975 καὶ
3559 920 3721 976 δόλου

2139 1005 2344 1068 παντὸς
2375 1007 2799 1078 ἀμιγῆφιλίαν,
2848 1008 2944 1061 καὶ
2973 1010 3000 1062 ό
3050 1008 3339 1080 παρελθὼν
3394 1011 3494 1082 μὲν
3523 1015 3721 1083 χρόνος

2137 1097 2541 1168 βεϐαιώσασθαι
2601 1099 2811 1166 ἱκανὸς,
2839 1100 3124 1171 ἡλικιῶτιν
3175 1103 3271 1155 καὶ
3316 1104 3431 1166 τοῖς
3467 1103 3720 1174 σώμασιν

2135 1189 2269 1259 ἡμῖν
2294 1187 2770 1260 συναυξανομένην
2799 1189 3091 1256 ἀποδείξας
3114 1190 3318 1260 τρόπον
3342 1191 3485 1247 τινά.
3508 1195 3718 1264 Διόπερ

2133 1279 2253 1331 οὐδὲ
2287 1278 2459 1347 λόγων
2488 1279 2596 1334 δεῖν
2625 1279 2762 1352 πρὸς
2780 1281 3043 1352 ἀλλήλους
3073 1283 3219 1352 ἡμᾶς
3247 1283 3512 1354 ἠγοῦμαι.
3535 1285 3721 1356 ἑαυτῷ

2131 1371 2224 1425 τὸν
2249 1371 2437 1444 ἕτερον
2471 1373 2764 1446 ἑκατέρους
2794 1374 3228 1444 οἰκειουμένους.
3260 1377 3372 1430 Kal
3413 1377 3441 1430 ό
3498 1377 3717 1448 μέλλων

2131 1463 2189 1518 δὲ
2220 1464 2320 1516 οὐκ
2343 1465 2564 1518 ἔλαττον
2599 1465 2785 1531 δείξει,
2819 1466 2990 1535 φίλων
3015 1469 3352 1522 πιστοτάτων
3381 1469 3716 1540 δεησόμενος

2133 1556 2209 1620 ὡς
2235 1557 2369 1628 ego.
2415 1558 2480 1612 Ei
2516 1559 2616 1628 μὲν
2646 1558 2738 1613 οὖν
2770 1560 2958 1630 ἑώρων
2999 1577 3058 1613 σε
3086 1561 3394 1633 κακοηθείᾳ
3425 1562 3715 1633 χρώμενον

2134 1650 2229 1701 καὶ
2265 1649 2527 1721 αιίθαδείςι⁵
2555 1650 2691 1720 πρὸς
2727 1651 2958 1721 βασιλέα
3001 1651 3094 1705 τὸν
3127 1653 3372 1717 πάππον,
3409 1654 3507 1722 τῆς
3533 1655 3714 1724 ἀρχῆς

2134 1742 2340 1793 ἑκείνου
2382 1741 2482 1811 μὲν
2509 1743 2855 1813 ἀποστερεῖν,
2887 1743 3105 1812 σεαυτῷ
3141 1745 3196 1797 δὲ
3229 1745 3378 1815 μόνῳ
3409 1749 3716 1816 περιποιεῖ-

2136 1832 2260 1885 σθαι
2298 1833 2602 1900 βούλεσθαι,
2633 1833 2694 1888 εὖ
2727 1836 2858 1902 ίσθι,
2900 1836 3080 1890 καίτοι
3113 1836 3234 1889 λίαν
3267 1837 3458 1905 φιλῶν,
3517 1839 3618 1891 οὐκ
3644 1841 3712 1892 iv

2131 1925 2305 1989 οὕτως
2345 1926 2546 1980 ἀτόπου
2579 1927 2832 1996 πράξεως
2864 1929 3090 2000 εἱλόμην
3119 1946 3200 1984 σοι
3231 1933 3535 1985 κοινωνεῖν.
3555 1931 3712 1983 Ἐπεὶ

2131 2016 2176 2069 δ’
2227 2017 2285 2081 ἑξ
2329 2018 2592 2090 οὐδεμιᾶς
2653 2020 2835 2082 αἰτίας
2866 2020 3080 2075 τοιαῦθ’
3109 2021 3219 2091 ὁρῶ
3255 2023 3502 2092 φυόμενα
3566 2025 3712 2076 κακᾶ

2131 2109 2273 2162 κατὰ
2302 2108 2421 2174 σοῦ,
2459 2109 2590 2164 ὥστ’
2625 2111 2676 2164 εί
2710 2111 2785 2182 μὴ
2841 2111 2973 2175 Θεὸς
3005 2111 3212 2168 ἄνωθεν
3245 2115 3383 2168 αὐτὰ
3439 2114 3707 2180 διαλύσει,

2129 2201 2252 2256 οὐδὲ
2277 2202 2419 2257 πάνυ
2451 2204 2640 2274 πόρρω
2659 2204 2984 2274 προσδοκίας
3006 2206 3087 2268 είς
3115 2204 3252 2275 ὕψος
3286 2207 3518 2278 ἀρθῆναι
3546 2207 3705 2278 βαθὺ,

2133 2294 2274 2348 ἑκὼν
2307 2295 2468 2358 αὐτὸς
2493 2296 2784 2366 ἐπιδίδωμι
2811 2299 2926 2360 τοῖς
2953 2297 3222 2362 κινδύνοις
3255 2301 3368 2360 τοῖς
3399 2300 3538 2370 ὑπὲρ
3588 2299 3708 2366 σοῦ,

2131 2387 2192 2440 οὐ
2225 2388 2488 2458 χρήματα
2524 2391 2687 2456 μόνον
2722 2390 2816 2442 καὶ
2852 2392 3046 2460 κτῆσιν
3093 2393 3187 2445 καὶ
3218 2391 3438 2454 οἰκέτας
3468 2393 3562 2446 καὶ
3618 2393 3710 2461 φί-

2133 2480 2280 2545 λους,
2342 2481 2460 2534 ἀλλ’
2504 2481 2604 2552 ἠδη
2671 2484 2764 2538 καὶ
2815 2482 2980 2538 αὑτὸν
3025 2485 3148 2553 ἐμὲ,
3195 2485 3335 2538 ὥστε
3391 2485 3560 2554 ἔχειν,
3596 2485 3622 2538 ὃ
3657 2502 3710 2538 τι

2137 2571 2376 2643 βουλήσῃ
2415 2573 2675 2643 χρῆσθαι.
2717 2573 2843 2627 Ἐπὶ
2873 2575 3084 2638 τούτοις
3119 2575 3213 2628 τοῦ
3250 2575 3521 2645 βασιλέως
3553 2577 3714 2646 δομε-

2135 2666 2306 2735 στίκῳ
2336 2663 2415 2734 τῷ
2450 2664 2673 2735 μεγάλῳ
2708 2664 2905 2736 πολλὴν
2932 2665 3093 2736 χάριν
3125 2667 3584 2738 ὁμολογήσαντος,
3611 2669 3712 2722 καὶ

2134 2755 2483 2824 προσθέντος,
2505 2757 2579 2819 ὡς
2613 2757 2670 2812 '0
2697 2759 2855 2811 πάντ’
2885 2759 3178 2828 ἀμϐλύνων
3207 2761 3421 2831 χρόνος,
3453 2762 3545 2815 καὶ
3569 2765 3714 2816 κατὰ

2137 2850 2333 2919 μικρὸν
2357 2849 2646 2920 ὑπορῤἐειν
2672 2850 2864 2917 ποιῶν,
2895 2853 2995 2922 τῆς
3019 2853 3298 2924 ἡμετέρας
3321 2853 3552 2924 ἥττηται
3578 2853 3714 2924 πρὸς

2137 2939 2398 3009 ἀλλήλους
2455 2939 2662 3010 φιλίας,
2727 2942 3211 3013 ἐρρωμενεστέρας
3284 2944 3371 2996 ἀεὶ
3443 2944 3536 2997 καὶ
3606 2945 3714 2996 (lx-

2139 3032 2433 3104 μαιοτέρας
2465 3033 2747 3102 προϊόντος
2776 3036 3129 3105 φαινομένης,
3171 3036 3265 3088 καὶ
3287 3036 3490 3106 δένδρῳ
3537 3055 3712 3106 προσ-

459 3145 576 3189 tuta
604 3135 737 3188 mihi
761 3146 943 3190 tecum
969 3138 1210 3192 amicitia
1234 3148 1563 3194 vetustatem
1588 3143 1760 3196 vincit
1789 3161 1802 3196 :
1827 3145 2029 3212 quippe

2144 3123 2463 3187 εικάσαντος
2489 3124 2574 3176 ἀεὶ
2599 3123 2840 3193 βρίθοντι
2871 3127 2985 3188 τοῖς
3029 3129 3289 3196 καρποῖς,
3321 3127 3418 3180 καὶ
3446 3128 3537 3180 τὸν
3573 3143 3712 3198 παρ·

459 3242 584 3296 quae
637 3235 881 3297 tempore
939 3229 1271 3296 procedente
1317 3231 1548 3285 validior
1601 3248 1817 3302 semper
1867 3245 2031 3302 atque

461 3322 730 3374 virentior
758 3331 1003 3391 apparet,
1034 3321 1222 3376 arbori
1255 3331 1518 3391 perpetua
1552 3323 1842 3379 baccarum
1869 3326 2035 3380 uber.

459 3421 574 3466 tate
604 3412 1034 3477 ineurvescenti.
1065 3431 1128 3469 ac
1164 3417 1422 3484 pra-senti
1453 3420 1856 3473 auctumnitatc
1891 3435 2033 3489 pra}-

460 3503 680 3557 teritam
715 3507 996 3574 superanti
1020 3506 1235 3560 similis.
1262 3507 1472 3562 Dehinc
1499 3507 1566 3561 ad
1605 3511 2030 3564 consultandum

459 3594 762 3661 conversis,
792 3596 1033 3666 primum
1062 3597 1310 3651 omnium
1339 3599 1721 3668 complacitum
1757 3609 1863 3661 est.
1895 3599 2034 3653 deli-

461 3685 698 3751 gendum
737 3700 896 3749 esse,
950 3688 1044 3754 qui
1073 3686 1139 3740 ad
1187 3703 1246 3742 se
1301 3688 1682 3758 confugientes
1738 3687 2028 3759 reciperet,

459 3777 646 3831 locum
673 3777 973 3840 munitum,
993 3778 1217 3847 situque
1248 3788 1362 3832 tum
1389 3781 1457 3833 ad
1491 3779 1723 3835 tuendos
1758 3790 2031 3851 receptos,

463 3878 580 3921 tum
605 3867 674 3921 ad
703 3867 974 3922 arcendos
1001 3879 1386 3938 oppugnantes
1415 3869 1561 3924 baud
1593 3869 2028 3925 incommodum.

410 3983 412 3986 τ
464 3959 860 4015 Nominabatur
891 3959 996 4030 25
1053 3961 1106 4015 in
1133 3961 1360 4029 Odrysis
1397 3962 1467 4017 ab
1497 3947 1740 4019 Adriano
1770 3963 2020 4036 Augusto

460 4051 791 4107 vocabulum
847 4053 1041 4108 sortita
1071 4053 1480 4125 Adrianopolis,
1528 4056 1692 4126 idque
1745 4057 1935 4113 multis
1975 4067 2032 4114 et

462 4147 886 4214 pernecessariis
919 4149 988 4203 de
1021 4149 1224 4204 causis.
1264 4149 1371 4202 Sed
1415 4164 1542 4204 cum
1575 4151 1712 4205 illud
1743 4153 1826 4206 eis
1863 4152 2032 4206 timo-

461 4253 576 4292 rem
611 4239 836 4302 faceret,
869 4255 940 4294 ne
980 4240 1182 4295 infesto
1215 4240 1432 4311 agmine
1462 4254 1562 4308 per
1607 4242 1839 4312 vestigia
1887 4242 2034 4298 inse-

459 4339 623 4386 cutus
672 4330 859 4388 senior
905 4332 1044 4402 (qui
1095 4331 1326 4387 militem
1378 4333 1433 4386 in
1487 4342 1743 4404 promptu
1779 4332 2028 4398 haberet.

2135 3213 2434 3283 εληλυθότα
2486 3215 2560 3284 τῷ
2605 3215 2869 3268 ἐνεστῶτι
2923 3216 3145 3271 νικῶντι
3174 3219 3374 3289 χρόνῳ,
3410 3219 3710 3291 ἐτράποντο

2135 3307 2270 3375 πρὸς
2295 3307 2354 3359 τὸ
2389 3307 2744 3376 βουλεύεσθαι
2777 3309 2908 3378 περὶ
2939 3311 3046 3364 τῶν
3078 3311 3386 3379 παρόντων.
3411 3312 3523 3364 Kal
3551 3312 3711 3383 πρῶ-

2133 3415 2225 3452 τον
2263 3399 2437 3453 ἑδόκει
2469 3403 2710 3465 πάντων,
2764 3401 2998 3488 ἑκλογῂν
3055 3403 3390 3473 ποιήσασθαι
3423 3404 3520 3457 τοῦ
3581 3404 3712 3475 μέλι

2133 3492 2319 3558 λοντος
2345 3494 2546 3556 αὐτοὺς
2570 3493 2925 3560 ὑποδέξεσθαι
2949 3495 3254 3565 φεύγοντας
3287 3497 3550 3568 φρουρίου
3587 3499 3709 3551 ἑπι-

2134 3585 2342 3656 καίρως
2366 3587 2714 3656 κεισομένου,
2743 3589 2836 3642 καὶ
2860 3588 2997 3658 πρὸς
3019 3588 3078 3641 τὸ
3101 3589 3338 3658 φυλάξαι
3361 3590 3708 3660 διαδράντας,

2137 3678 2230 3730 καὶ
2254 3679 2389 3746 προς
2413 3677 2475 3730 τὸ
2498 3680 2611 3741 τοῖς
2637 3678 2969 3748 μαχομένοις
2989 3681 3394 3750 ἀντεπιχειρεῖν
3422 3682 3709 3753 ῥᾳστώνην

2137 3773 2425 3842 παρέχειν.
2465 3771 2672 3825 Ἐδόκει
2709 3779 2811 3842 μὲν
2855 3773 2949 3828 οὖν
2976 3772 3196 3828 ἑλέσθαι
3223 3774 3324 3846 τὴν
3348 3776 3408 3826 ἐν
3432 3776 3709 3846 ὐδρυσοῖς

2140 3861 2432 3933 ἐπώνυμον
2467 3863 2731 3934 Ἀδριανῷ
2756 3863 2931 3932 πόλιν,
2963 3865 3178 3919 πολλῶν
3210 3866 3378 3920 ἕνεκα
3405 3868 3499 3920 καὶ
3543 3868 3708 3936 ἀναγ-

2138 3940 2446 4008 καιοτάτων
2485 3955 2700 4012 αἰτιῶν.
2743 3955 2986 4017 Δεδιότες
3019 3956 3078 4010 δὲ
3133 3958 3206 4027 μὴ
3244 3959 3558 4024 καταπὸδας
3609 3962 3707 4029 τῆς

2137 4048 2317 4118 φυγῆς
2348 4048 2884 4119 ἐπιστρατεύσαντος
2913 4049 3099 4111 αὐτοῖς
3127 4049 3222 4103 τοῦ
3274 4049 3565 4119 βασιλέως,
3605 4051 3701 4104 διτε

2137 4143 2232 4194 καὶ
2263 4141 2527 4211 στρατιὰν
2555 4141 2769 4212 ἑχοντος
2809 4141 2868 4208 ἑξ
2897 4143 3139 4213 ἑτοίμου,
3160 4145 3260 4221 ’καὶ
3288 4147 3387 4215 τῆς
3418 4145 3538 4198 ὀδοῦ
3564 4146 3710 4198 δυοῖν

2135 4237 2168 4308 ἢ
2214 4235 2382 4305 τριῶν
2413 4235 2637 4308 ἡμερῶν
2671 4234 2892 4289 ἔλαττον
2923 4235 3090 4308 οὔσης
3136 4236 3363 4302 ἁλῶσιν,
3397 4236 3709 4306 ἀμύνασθαι

2143 4327 2221 4398 μὴ
2252 4327 2546 4397 δυνάμενοι
2573 4326 2702 4390 τοὺς
2725 4329 3003 4390 ἑπιόντας,
3033 4318 3392 4398 ἑξεκρούοντο
3423 4329 3528 4380 τῶν
3560 4328 3712 4396 λογι-

458 4436 734 4492 quemque
754 4423 855 4477 via:
880 4423 1139 4488 brevitas,
1163 4423 1398 4479 duorum
1425 4425 1710 4489 nimirum,
1741 4433 1837 4480 aut
1861 4425 2027 4481 trium

2137 4421 2312 4492 σμῶν.
2347 4421 2698 4476 Συνετίθεντο
2755 4420 2812 4474 δὲ
2866 4422 3068 4490 μᾶλλον
3121 4423 3256 4492 πρὸς
3288 4420 3384 4490 τὴν
3419 4423 3476 4474 ἑν
3520 4422 3712 4494 Θρᾴκῃ

456 4515 672 4570 dierum
727 4515 928 4572 itinere
964 4517 1146 4572 minor
1174 4517 1497 4590 adiuvaret)
1531 4518 1803 4589 fugientes
1842 4520 2030 4591 oppri-

455 4616 632 4661 meret
669 4624 682 4660 :
716 4607 1167 4676 quandoquidem
1201 4608 1304 4677 ipsi
1339 4625 1370 4663 a
1402 4617 1555 4678 tergo
1606 4609 1874 4664 instantes
1901 4626 2029 4682 pro-

457 4699 676 4769 pulsare
734 4702 1050 4768 nequirent,
1106 4702 1160 4756 in
1214 4702 1430 4756 irritum
1471 4702 1702 4760 cadente
1730 4706 2028 4769 sententia.

452 4789 832 4858 Cbristopolin
863 4791 1116 4847 Thracia:
1142 4792 1334 4848 urbem
1372 4801 1561 4863 petere
1592 4798 2025 4852 constituerunt.

454 4883 530 4938 lis
560 4883 664 4937 hoc
693 4884 856 4939 modo
885 4885 1032 4939 inter
1071 4899 1128 4939 se
1179 4887 1626 4950 consiliantibus.
1659 4905 1688 4943 a
1715 4887 1874 4944 Crale
1905 4890 2028 4946 Ste-

454 4976 657 5046 phano,
687 4976 1056 5031 Triballornm
1085 4977 1331 5048 principe
1359 4980 1491 5049 (78),
1534 4980 1600 5032 ad
1633 4979 2023 5049 imperatorem

453 5086 616 5124 avum
663 5072 859 5138 (cujus
907 5070 1073 5124 filiam
1134 5070 1506 5127 Simoniadem
1561 5073 1800 5128 habebat
1832 5075 1884 5128 in
1918 5091 2029 5130 ma-

455 5161 765 5228 trimonio).
799 5162 1022 5216 advenit
1053 5161 1277 5231 legatio.
1312 5178 1378 5216 ex
1415 5179 1578 5218 causa
1614 5163 2022 5235 hujuscemodi.

453 5249 757 5318 Imperator
789 5249 856 5303 de
886 5250 1010 5319 ejus
1041 5253 1288 5304 exercitu
1323 5261 1606 5307 mutuatus
1649 5254 1874 5308 circiter
1916 5255 2026 5309 duo

451 5337 818 5393 Comanorum
870 5337 1060 5402 millia.
1116 5352 1211 5395 eos
1263 5355 1373 5395 non
1428 5342 1766 5406 restituerat.
1828 5343 1924 5397 sed
1952 5343 2023 5397 ad

450 5430 852 5485 remanendum
901 5429 1188 5500 pellectos,
1233 5431 1307 5488 ita
1363 5433 1656 5490 retinebat.
1714 5433 1897 5500 Quare
1931 5449 2026 5489 ar-

2136 4513 2534 4585 Χριστούπολιν
2581 4515 2862 4570 ἀπελθεῖν.
2915 4515 3074 4569 Οὕτω
3125 4517 3255 4586 περὶ
3284 4516 3396 4567 τῶν
3432 4515 3554 4568 καθ’
3585 4517 3710 4567 ἑαυ-

2129 4605 2256 4666 τοὺς
2283 4604 2700 4676 βουλευομένων
2725 4605 2925 4668 αὐτῶν,
2955 4606 3270 4672 ἀφικνεῖται
3296 4605 3446 4674 παρᾶ
3471 4604 3562 4657 τοῦ
3587 4605 3711 4673 Τρι-

2131 4697 2312 4751 ϐαλῶν
2373 4697 2640 4770 ἄρχοντος
2699 4697 2890 4769 Κράλη
2949 4697 3229 4766 Στεφάνου
3293 4697 3432 4766 πρὸς
3476 4696 3707 4766 βασιλέα

2132 4787 2425 4856 πρεσϐεία,
2456 4788 2514 4851 ὃς
2540 4783 2610 4860 ἦν
2633 4787 2972 4858 γεγαμηκὼς
3000 4789 3099 4856 τὴν
3129 4787 3394 4857 βασιλέως
3425 4787 3708 4855 θυγατέρα

2133 4879 2233 4949 τὴν
2259 4879 2555 4949 Σιμωνίδα.
2609 4879 2672 4931 'll
2709 4877 2766 4932 δὲ
2810 4879 2908 4948 τῆς
2963 4878 3262 4949 πρεσϐείας
3310 4880 3582 4946 πρόφασις
3613 4874 3704 4948 ἦν,

2130 4972 2212 5025 ὅτι
2249 4968 2313 5025 ἐκ
2346 4970 2442 5041 τῆς
2469 4969 2638 5025 αὐτοῦ
2670 4972 2932 5041 στρατιᾶς
2958 4971 3230 5039 Κομὰνων
3259 4970 3456 5038 ὀλίγων
3488 4970 3710 5032 δέοντας

2129 5063 2406 5133 δισχιλίων
2437 5063 2639 5126 λαϐὼν,
2699 5063 2801 5116 οὑκ
2849 5064 3100 5118 ἀπέδωκε
3162 5063 3290 5126 τοὺς
3345 5062 3704 5134 στρατιώτας,

2128 5155 2268 5208 ἀλλὰ
2301 5155 2497 5217 πείσας
2526 5156 2730 5224 μένειν,
2765 5156 3197 5224 παρακατεῖχεν.
3237 5154 3355 5224 Ἐφ’
3387 5149 3470 5218 οἷς
3501 5155 3526 5206 ὁ
3557 5155 3710 5221 1(ρὰ-

2130 5248 2229 5318 λης
2257 5248 2717 5319 παροξυνόμενος,
2749 5247 3164 5318 διεπρεσϐεύετο
3221 5248 3356 5318 πρὸς
3405 5248 3497 5300 τὸν
3546 5246 3711 5316 κηδε-

2133 5340 2290 5410 στήν.
2338 5340 2396 5394 Ὀ
2459 5340 2810 5413 πρεσϐευτὴς
2870 5340 2927 5393 δὲ
2961 5339 3190 5410 μοναχὸς
3240 5333 3332 5408 ἦν,
3384 5337 3710 5400 Καλλίνικος

2129 5431 2470 5504 κεκλημένος
2493 5475 2510 5500 ,
2547 5435 2608 5488 τὺ
2638 5433 2797 5503 γένος
2831 5432 2932 5504 μὲν
2965 5436 3061 5486 καὶ
3106 5433 3267 5496 αὐτὸς
3293 5430 3564 5501 Τριϐαλός
3594 5468 3611 5496 ,
3644 5424 3704 5482 εὗ

1717 5552 1938 5615 Jacobi
1972 5553 2238 5616 Pontani
2275 5564 2463 5616 notm.
2740 5595 2750 5605 .
3655 5595 3685 5621 .

523 5657 634 5728 (78)
667 5656 872 5731 Nomen
897 5659 1119 5731 Kpﬂqc
1153 5677 1334 5731 regem
1375 5672 1532 5716 sonat
1564 5660 1854 5730 Hungaris.
1893 5661 2017 5714 Bul-

451 5732 598 5797 paris
646 5729 760 5784 sive
799 5729 1040 5794 Serviis.
1071 5729 1452 5792 Sclavonibus.
1501 5729 1735 5794 Boemis,
1772 5731 2014 5790 Polonis.

451 5816 483 5855 a
517 5799 679 5867 litral,
713 5811 765 5857 ct
791 5805 1161 5858 contractione
1194 5803 1335 5858 Kral.
1364 5802 1492 5859 lude
1526 5804 1795 5867 positione
1828 5801 2014 5856 Graeca

2121 5661 2325 5738 factum
2372 5661 2598 5734 Κράλης
2646 5677 2677 5718 a
2739 5667 2932 5718 nostro
2981 5657 3269 5726 historico,
3328 5664 3386 5712 ct
3436 5652 3708 5738 muliebre

2126 5731 2430 5803 Κράλαινα.
