4012 6636
373 455 448 519 93
1553 459 1608 519 Η
1620 459 1838 521 [STUB
1850 459 1952 522 IA]

2056 463 2102 524 M
2142 462 2379 524 LIBER
2421 465 2473 528 Ι.
3515 534 3522 540 .
3560 471 3633 537 94

373 566 429 620 δὲ
474 566 632 630 είδὼς
661 568 876 638 καιροῖς
923 567 1017 622 καὶ
1048 569 1341 642 πράγμασι
1368 573 1671 638 πολιτικοῖς
1710 575 1947 646 χρῆσθαι

2056 577 2187 635 dens
2215 579 2497 636 iracundia
2527 581 2714 635 Cralcs
2752 581 2820 636 ad
2854 597 3108 640 socerum
3145 583 3470 641 Callinicum
3512 601 3632 641 mo-

375 658 445 711 δι*
502 658 820 730 ἐμπειρίαν.
857 663 956 726 ’ος
1016 661 1088 732 δὴ
1120 663 1220 735 τὴν
1279 663 1486 734 μεταξὺ
1540 665 1650 720 τῶν
1682 667 1951 738 βασιλέων

376 749 762 821 ἀναφυομένην
789 753 986 807 στάσιν
1016 753 1094 826 μὴ
1147 757 1452 827 ἀγνοήσας,
1485 757 1581 811 καὶ
1615 757 1846 813 συνιδὼν
1878 759 1954 824 ὡς

377 845 410 912 ἡ
440 844 667 916 τοιαύτη
697 845 1018 914 διχοστασία
1079 850 1273 920 καιρὸν
1324 849 1391 904 ἂν
1422 850 1683 923 παράσχῃ
1710 851 1786 922 τῷ
1837 851 1952 922 ίδίῳ

376 934 612 1006 δεσπότῃ
641 937 796 1008 παρὰ
817 937 1084 1008 βασιλέως
1112 937 1190 995 ὦν
1221 942 1450 1012 ἠδίκητο
1493 943 1623 1011 περὶ
1660 942 1757 1014 τὴν
1789 960 1956 1015 στραι-

375 1024 498 1078 τιὰν
523 1027 683 1092 δίκας
715 1027 924 1099 λαϐεῖν,
973 1030 1231 1086 ἐϐούλετο
1253 1033 1438 1105 κρύφα
1482 1032 1560 1104 τῷ
1590 1033 1696 1104 νέῳ
1741 1032 1956 1104 βασιλεῖ

379 1122 690 1190 συντυχεῖν.

2059 671 2320 738 nachum,
2362 672 2943 740 natione‘Triballum,
2969 676 3157 733 mittit.
3199 672 3303 744 Qui
3348 693 3473 734 cum
3520 694 3629 733 non

2056 763 2198 816 male
2227 761 2518 818 didicisset
2555 763 2634 818 uti
2672 765 3077 832 occasionibus,
3107 778 3164 823 et
3193 769 3247 823 in
3293 771 3461 825 rebus
3495 769 3630 825 civi-

2055 852 2200 908 libus
2232 854 2393 911 tritus
2421 865 2586 921 esset,
2614 866 2858 912 exortam
2892 870 3159 928 praeterea
3213 861 3354 917 inter
3393 863 3628 932 impera-

2054 951 2204 1000 tores
2254 946 2586 1002 discordiam
2640 965 2750 1004 non
2795 951 3098 1021 ignoraret,
3149 969 3254 1009 nec
3302 970 3412 1008 non
3461 954 3629 1010 etiam

2054 1037 2418 1108 prospiceret.
2446 1038 2595 1097 hanc
2625 1040 3026 1100 dissensionem
3054 1045 3277 1102 domino
3299 1062 3399 1102 suo
3431 1063 3631 1118 perop-

2053 1139 2350 1200 portunam
2401 1133 2542 1198 fore,
2609 1135 2677 1190 ad
2728 1137 3274 1195 auimadvertendam
3340 1157 3370 1196 a
3437 1155 3633 1196 socero

377 1224 605 1282 propter
639 1216 872 1272 militem
917 1234 1032 1274 non
1103 1219 1380 1276 redditum
1425 1220 1709 1292 iniuriam,
1780 1238 1906 1279 cum
1948 1221 2171 1295 iuniore
2215 1227 2546 1299 imperatore
2613 1232 3020 1288 clandestinum
3069 1237 3243 1292 voluit
3279 1236 3420 1292 inire
3465 1237 3634 1292 collo-

378 1305 594 1374 quium.

1804 1435 2028 1494 CAPUT
2067 1437 2204 1494 Vlll.

383 1520 678 1607 Ca'l‘linicus
708 1525 778 1578 ad
813 1524 1025 1607 Creten:
1061 1527 1125 1580 de
1153 1530 1399 1607 societate
1431 1531 1650 1598 legatus,
1683 1530 2044 1607 rem-feliciter
2073 1531 2301 1607 conﬁcit.
2343 1534 2632 1607 Andronici
2670 1535 2904 1607 junioris
2957 1537 3300 1607 propositum.
3336 1536 3652 1592 Theodorus-

453 1593 1170 1670 Synadenus_protostrator
1214 1593 1554 1653 consiliorum
1613 1593 2068 1670 periculorumque
2117 1593 2285 1657 socius
2332 1606 2624 1659 asciscitur.
2670 1593 2747 1660 De
2796 1601 2958 1660 trium

3070 1607 3376 1660 enuensium
3420 1607 3522 1675 ﬁde
3569 1624 3633 1661 ac

449 1667 738 1750 promissis.
770 1667 1142 1750 Adrianopotl‘is
1169 1670 1239 1750 ad
1266 1671 1446 1750 fuqam
1481 1667 1910 1750 genu‘ocligitur.
1945 1671 2040 1750 Avi
2060 1673 2125 1750 in
2157 1677 2793 1750 nepotemjnlmmunitns
2820 1684 2894 1750 ‘et
2925 1679 3321 1750 importunitas.
3354 1677 3395 1732 Α
3420 1667 3630 1750 ἠιαθηο

449 1734 730 1790 domestico
758 1734 1028 1791 solatium.
1065 1734 1384 1808 Syrgianuis
1417 1757 1444 1794 e
1482 1739 1705 1794 Thracia
1733 1734 2015 1795 revocatio.
2049 1741 2126 1795 De
2157 1734 2362 1798 ratione
2396 1745 2654 1816 Byzantio
2684 1763 2737 1799 se
2764 1734 3017 1802 educendi
3048 1747 3388 1802 consultatio.

451 1826 524 1880 Τὸ
546 1826 592 1878 δ’
623 1827 754 1880 αὐτὸ
786 1831 878 1881 καὶ
920 1828 1179 1902 βασιλεὺς
1209 1832 1237 1884 ὁ
1261 1831 1380 1894 νέος
1410 1831 1510 1882 σὺν
1539 1831 1847 1902 δομεστίκῳ
1876 1831 1952 1904 τῷ

2128 1833 2178 1888 ls
2197 1844 2252 1889 et
2285 1851 2516 1902 magnus
2544 1839 2881 1894 domesticus
2907 1854 2936 1892 e
2969 1854 3026 1893 re
3079 1853 3175 1893 sua
3221 1839 3469 1894 futurum
3515 1847 3628 1894 sta-

382 1920 605 1991 μεγάλῳ
660 1920 964 1976 λυσιτελεῖν
1012 1924 1198 1987 αὐτοῖς
1251 1924 1618 1994 ἡγησάμενοι,
1665 1925 1802 1996 πρὸς
1861 1924 1954 1978 τὸν

379 2013 604 2084 Κρὰλην
646 2013 1191 2089 διαπρεσϐεύσασθαι
1247 2018 1376 2086 περὶ
1443 2017 1802 2088 συμμαχίας,
1862 2015 1954 2069 τὸν

380 2106 706 2160 Καλλίνικον
767 2109 1301 2181 μετακαλεσάμενοι,
1360 2111 1454 2163 καὶ
1513 2111 1644 2180 περὶ
1699 2110 1801 2179 τῆς
1857 2107 1953 2162 τοῦ

382 2200 576 2269 Κράλη
607 2203 924 2271 συμμαχίας
967 2203 1063 2258 καὶ
1090 2205 1273 2272 φιλίας
1301 2205 1698 2276 διαλεχθέντες,
1728 2208 1822 2260 καὶ
1847 2207 1957 2260 πεί·

385 2308 580 2355 σαντες
631 2295 694 2346 ὲκ
725 2293 818 2346 τοῦ
852 2296 1052 2365 ῥᾴστου
1111 2297 1200 2350 διὰ
1236 2298 1297 2349 τὸ
1333 2299 1426 2352 καὶ
1478 2297 1643 2352 αὑτὸν
1687 2299 1787 2368 τὴν
1817 2316 1953 2367 πρε-

384 2386 574 2440 σϐείαν
601 2387 809 2458 ταύτην
831 2389 908 2459 τῷ
934 2392 1125 2463 Κράλῃ
1154 2391 1399 2460 νομίζειν
1423 2392 1743 2459 λυσιτελεῖν,
1779 2392 1956 2454 ἄλλως

382 2477 427 2529 δ’
456 2480 539 2530 ὅτι
572 2480 669 2532 καὶ
699 2481 833 2548 πρὸς
860 2482 1202 2553 Συργιάννην
1227 2485 1374 2552 αὑτῴ
1404 2485 1586 2551 φιλίας
1613 2485 1845 2555 ἐνέχυρα
1864 2485 1956 2538 καὶ

381 2570 649 2641 πρότερον
700 2567 872 2642 ἦσαν,
934 2573 1442 2638 ἐξαποστέλλουσιν.
1488 2577 1548 2628 '0
1607 2577 1686 2639 δὲ,
1746 2577 1952 2649 σπουδῇ

385 2667 476 2716 καὶ
502 2666 781 2733 προθυμίᾳ
809 2664 974 2735 πολλῇ
1011 2664 1107 2736 τὴν
1145 2667 1265 2720 ὁδὸν
1298 2667 1529 2739 τάχιστα
1560 2667 1844 2733 διανύσας,
1879 2667 1956 2735 τῷ

379 2757 570 2827 Κράλῃ
599 2774 657 2808 τε
688 2758 1110 2828 συγγενόμενος,
1151 2760 1243 2812 κού⁸
1275 2760 1374 2830 τὴν
1404 2759 1499 2812 τοῦ
1543 2761 1663 2813 νέου
1690 2760 1954 2831 βασιλέως

377 2847 713 2916 ἀπαγγείλας
744 2847 1067 2916 πρεσϐείαν,
1101 2842 1228 2920 εὗρε
1285 2852 1383 2903 καὶ
1435 2851 1598 2904 αὐτὸν
1633 2851 1825 2920 ὥσπερ
1863 2851 1958 2920 ἕρ-

381 2956 542 3008 μαιον
597 2939 954 3009 ἡγησάμενον
1011 2940 1104 2993 τὸν
1151 2940 1368 3011 καιρὸν,
1404 2942 1500 2994 καί⁵
1563 2939 1727 2994 παντὶ
1774 2941 1956 2994 σθένει

379 3033 772 3102 συμμαχήσειν
797 3033 1231 3103 ὑπισχνούμενον
1286 3033 1365 3103 τῷ
1407 3035 1513 3103 νέῳ
1559 3034 1789 3104 βασιλεῖ,
1821 3033 1957 3102 πρὸς

373 3121 453 3193 τῷ
484 3125 574 3176 καὶ⁹
606 3124 770 3193 χάριν
807 3122 1030 3185 εἰδέναι,
1067 3126 1116 3176 εἰ
1156 3124 1318 3192 μόνον
1351 3125 1446 3177 τοῦ
1478 3124 1704 3178 πάππου
1738 3126 1832 3178 καὶ
1861 3125 1956 3193 βα-

2060 1935 2316 1992 tuentes,
2363 1929 2406 1982 si
2463 1931 2790 2000 legationem
2840 1932 2905 1986 de
2951 1931 3200 1988 coeunda
3257 1947 3443 1987 secum
3500 1931 3631 1986 belli

2056 2020 2320 2075 societate
2358 2021 2425 2074 ad
2462 2021 2676 2078 Cralem
2727 2025 3029 2088 mitterent,
3067 2025 3397 2081 Callinicum
3452 2039 3631 2080 arces-

2057 2119 2262 2176 sentes,
2293 2120 2348 2166 et
2371 2127 2497 2168 cum
2529 2115 2722 2167 eodem
2775 2115 2843 2168 de
2883 2115 3126 2170 amicitia
3179 2124 3235 2169 et
3288 2115 3460 2168 armis
3499 2128 3625 2170 cum

2056 2202 2214 2259 Crale
2280 2205 2680 2276 conjungendis
2722 2222 3030 2270 sermonem
3079 2209 3411 2264 miscentes:
3443 2207 3632 2261 facile-

2056 2311 2166 2365 que
2197 2296 2404 2350 homini
2454 2299 2898 2364 cousuadentes,
2956 2300 3102 2370 quod
3156 2303 3273 2370 ipse
3316 2300 3422 2353 hoc
3462 2299 3628 2353 etiam

2055 2403 2212 2456 aeque
2245 2388 2392 2443 Crali
2422 2391 2827 2446 conductorum
2856 2392 3110 2456 sentiret,
3146 2401 3262 2447 tum
3291 2393 3456 2447 etiam
3479 2389 3629 2459 quod

2058 2489 2220 2535 vetus
2245 2481 2294 2536 ei
2324 2497 2448 2536 cum
2480 2481 2783 2553 Syrgiaune
2809 2484 3166 2539 necessitudo
3193 2495 3358 2548 esset,
3389 2485 3627 2553 legatum

2057 2589 2183 2629 eum
2235 2577 2481 2629 mittunt.
2547 2576 2746 2630 Missus
2791 2576 3092 2631 Callinicus
3166 2577 3518 2631 festinatione
3576 2585 3633 2631 et

2058 2667 2342 2722 alacritate
2396 2667 2532 2722 mira
2590 2669 2878 2727 celerrime
2926 2670 3179 2725 confecto
3231 2671 3449 2734 itinere,
3503 2685 3627 2725 cum

2059 2759 2216 2816 Crale
2250 2773 2602 2828 congressus,
2642 2759 2975 2829 legationem
3007 2759 3250 2828 junioris
3279 2759 3630 2829 imperatoris

2058 2851 2306 2923 exponit.
2378 2850 2474 2906 llle
2525 2851 2785 2906 similiter
2837 2851 2907 2906 de
2959 2851 3139 2906 oblata
3195 2850 3628 2918 commoditate,

2061 2952 2316 3012 tanquam
2335 2942 2402 2997 de
2425 2943 2799 3012 inexspectato
2849 2943 3003 2998 lucro
3027 2941 3138 3012 (79)
3168 2942 3389 2999 sibimet
3407 2943 3626 3011 gaudet,

2059 3036 2263 3106 gratias
2291 3035 2519 3104 insuper
2557 3035 2691 3102 agit,
2745 3042 2911 3104 atque
2945 3035 3012 3088 ad
3064 3042 3318 3104 nepotem
3368 3034 3630 3103 adjuvan-

2061 3125 2190 3179 dum
2221 3123 2370 3179 vires
2398 3124 2508 3194 26
2535 3137 2664 3178 suas
2701 3137 2894 3178 omnes
2923 3123 3158 3192 spondet
3185 3141 3199 3177 :
3233 3121 3532 3175 dummodo
3560 3120 3628 3174 ab

375 3187 572 3278 σξλέως
603 3187 868 3278 ducatus,
905 3215 1042 3285 πρὶς
1065 3187 1183 3280 τοῖς
1232 3217 1423 3285 μέρεσι
1454 3218 1672 3286 γένοιτο
1706 3187 1952 3272 Μακεδο-

2058 3232 2162 3272 avo
2211 3225 2494 3281 remotus,
2544 3217 2702 3286 juxta
2751 3213 3123 3270 Macedoniam
3178 3213 3495 3278 consideat;
3553 3214 3630 3269 sic

371 3309 530 3370 νίας·
565 3305 702 3377 ᾢετο
731 3308 840 3376 γὰρ
872 3307 971 3376 τὴν
1009 3307 1148 3378 πρὸς
1192 3308 1357 3362 αὑτὸν
1387 3310 1711 3380 συμμαχίαν
1774 3311 1958 3365 κάκω-

373 3413 463 3451 σιν
504 3395 643 3452 εἶναι
692 3398 804 3453 τῶν
836 3400 928 3453 τοῦ
961 3400 1226 3472 κηδεστοῦ
1259 3403 1353 3454 καὶ
1383 3401 1654 3472 βασιλέως
1696 3403 1956 3472 πραγμά-

369 3509 508 3547 των.
540 3494 738 3547 Λαϐὼν
777 3496 962 3548 τοίνυν
1012 3497 1040 3549 ὁ
1092 3496 1413 3559 Καλλίνικος
1456 3496 1553 3559 τὰς
1595 3497 1952 3564 ἐπαγγελίας,

369 3586 626 3640 ἐπάνεισι
657 3590 794 3657 πρὸς
829 3589 894 3640 τὺ
917 3588 1211 3653 Βυζάντιον
1243 3590 1384 3643 κατὰ
1414 3590 1596 3660 τάχος,
1626 3592 1722 3641 καὶ
1747 3589 1955 3658 χαίρων

367 3677 562 3747 ὀφθεὶς
598 3676 675 3746 τῷ
714 3677 929 3747 βασιλεί
965 3678 1217 3748 χαίροντι
1279 3679 1595 3749 ἀπήγγελλέ
1650 3695 1711 3732 τε
1750 3680 1820 3732 τὰ
1853 3679 1955 3748 τῆς

369 3768 697 3838 πρεσϐείας,
731 3770 823 3820 καὶ
852 3770 950 3836 τὴν
989 3770 1318 3840 συμμαχίαν
1359 3771 1509 3840 αὐτῷ
1550 3771 1646 3824 τοῦ
1678 3771 1866 3842 Κράλη
1898 3774 1956 3824 ὲν

373 3858 586 3928 βεϐαίῳ
643 3859 860 3912 κεῖσθαι
908 3859 1299 3930 διῐσχυρίζετο,
1336 3861 1403 3930 ἢν
1445 3865 1604 3931 μόνον
1654 3865 1792 3932 πρὸς
1841 3865 1956 3925 τοῖς

372 3952 576 4023 μέρεσι
629 3950 860 4019 γένηται
895 3951 1258 4014 Μακεδονίας.
1325 3951 1482 4005 Οὕτω
1533 3953 1633 4022 μὲν
1674 3955 1768 4006 καὶ
1823 3956 1956 4024 περὶ

373 4049 474 4114 τῆς
500 4044 595 4098 τοῦ
637 4044 830 4115 Κρὰλη
867 4045 1192 4116 συμμαχίας
1231 4047 1260 4098 ό
1297 4044 1418 4109 νέος
1461 4045 1802 4116 Ἀνδρόνικος
1826 4061 1958 4099 κατ·

369 4137 678 4208 επράξατο.
753 4137 858 4190 Τὸν
894 4139 1078 4207 μέντοι
1133 4136 1365 4207 βασιλέα
1410 4141 1507 4191 καὶ
1536 4139 1762 4192 πάππον
1812 4137 1956 4208 ὁρῶν

369 4233 486 4294 τοῖς
513 4230 669 4300 ἡθεσι
702 4230 800 4283 καὶ
832 4229 945 4292 τοῖς
981 4229 1163 4297 λόγοις
1193 4229 1294 4299 τῆς
1319 4231 1595 4300 προτέρας
1622 4230 1956 4300 δυσμενείας

368 4323 470 4391 οὐχ
506 4321 822 4390 ὑφιέμενον,
887 4321 956 4373 τὰ
987 4321 1126 4390 πρὸς
1179 4322 1280 4390 τὴν
1309 4321 1451 4374 ίδίαν
1491 4320 1740 4391 φυλακὴν
1792 4321 1956 4392 ἐξηρε-

373 4414 530 4468 τύετο
572 4413 668 4466 καὶ
724 4411 885 4474 αὐτός
911 4397 950 4478 ,³
970 4411 1130 4466 τοῦτο
1180 4413 1588 4484 διανοούμενος,
1639 4414 1735 4482 ὡς,
1767 4417 1815 4468 εί
1851 4415 1952 4485 μὲν

2055 3309 2204 3364 enim
2229 3306 2638 3377 expeditionem
2666 3321 2819 3361 suam
2845 3305 3190 3361 auxiliarium
3224 3305 3401 3361 soceri
3464 3303 3631 3359 rebus

2055 3400 2374 3456 damnosam
2413 3397 2530 3454 fore
2558 3397 2892 3453 confidebat.
2931 3397 3070 3453 Cum
3107 3397 3200 3451 tali
3233 3395 3629 3466 pollicitatione

2054 3493 2356 3549 Callinicus
2386 3489 2599 3560 magnis
2631 3489 2926 3546 itineribus
2955 3488 3280 3560 Byzantium
3316 3503 3376 3542 se
3403 3488 3628 3557 recipit,

2055 3599 2482 3654 successumque
2508 3583 2801 3656 legationis
2827 3598 2939 3638 suae
2970 3582 3094 3638 laeto
3121 3580 3441 3651 imperatori
3474 3580 3633 3633 laetus

2054 3679 2312 3734 edisserit
2337 3695 2350 3732 :
2381 3685 2590 3732 certam
2619 3685 2676 3731 et
2703 3674 3066 3731 indubitatam
3093 3688 3214 3731 esse
3241 3674 3418 3729 Cralis
3449 3673 3630 3730 socie-

2058 3780 2224 3826 tatem
2274 3779 2578 3835 asseverat,
2623 3777 2832 3824 tantum
2878 3777 3106 3838 propter
3149 3766 3524 3822 Macedoniam
3571 3779 3630 3819 se

2055 3863 2308 3918 collucet.
2358 3863 2433 3918 De
2460 3862 2619 3916 Crale
2665 3861 2888 3930 quidem
2923 3859 2991 3914 ad
3025 3873 3155 3914 suas
3203 3866 3389 3928 partes
3435 3855 3632 3926 adjunv

2056 3955 2236 4023 gendo
2271 3954 2622 4008 Andronicus
2645 3953 2826 4006 minor
2855 3952 2961 4006 hoc
2994 3952 3141 4006 fecit.
3175 3949 3632 4005 Animadvertens

2057 4055 2242 4102 autem
2275 4059 2437 4098 avum
2463 4046 2531 4098 de
2558 4043 2792 4112 pristina
2827 4041 3209 4096 malevolentia
3242 4057 3347 4096 nec
3363 4041 3630 4106 moribus,

2031 4152 2163 4193 ‘nec
2190 4134 2378 4190 verbis
2406 4133 2706 4200 remittere,
2759 4133 3048 4188 securitati
3096 4148 3208 4186 suae
3236 4132 3628 4202 prospiciebat,

2056 4244 2370 4301 proponens
2400 4227 2544 4298 apud
2578 4227 2828 4281 animum
2853 4266 2868 4290 ,
2919 4225 2968 4280 si
3004 4241 3118 4296 quo
3158 4223 3320 4280 modo
3358 4232 3467 4278 tam
3515 4234 3626 4280 tur-

2056 4322 2184 4380 bida
2215 4309 2522 4390 tempestas.
2535 4317 2824 4372 sedaretur
2846 4357 2862 4381 ,
2900 4317 2957 4371 in
2992 4316 3078 4371 avi
3107 4315 3358 4371 arbitrio.
3383 4329 3628 4380 manere,

2054 4413 2302 4486 quandiu
2352 4412 2429 4467 illi
2483 4411 2597 4465 vita
2639 4410 3062 4480 suppeditaret:
3095 4409 3180 4464 sin
3225 4407 3460 4463 ulterius
3503 4421 3631 4477 pro-

367 4507 561 4577 τρόπῳ
593 4505 658 4576 δή
688 4522 800 4559 τινι
827 4505 1105 4576 διαλυθείη
1143 4507 1210 4560 τὰ
1243 4505 1507 4579 δυσχερῆ,
1535 4507 1639 4560 ὑπὸ
1673 4505 1753 4578 τῷ
1800 4506 1952 4578 βασι·

2056 4505 2406 4577 grederetur,
2443 4501 2850 4572 meditatusque
2882 4501 3037 4556 furor
3082 4501 3151 4556 ad
3184 4498 3440 4555 ell‘ectum
3473 4498 3632 4553 incli-

367 4600 457 4654 λεῖ
492 4599 589 4652 καὶ
629 4598 840 4668 πάππῳ
872 4598 1105 4651 τελέσων
1145 4598 1305 4669 ἄχρις
1336 4600 1402 4653 ἂν
1433 4601 1645 4671 ἀποστῇ
1679 4601 1772 4653 τοῦ
1807 4601 1904 4672 ζῇν
1931 4617 1946 4632 ο

373 4693 422 4745 εί
449 4690 494 4743 δ’
521 4689 616 4743 ἐπὶ
637 4689 703 4742 τὰ
723 4687 915 4760 πρόσω
941 4687 1122 4760 προτοι
1152 4689 1248 4743 καὶ
1271 4689 1372 4760 ἤδη
1398 4690 1535 4759 πρὸς
1560 4689 1716 4754 τέλος
1736 4690 1949 4758 ὲγγίζοι

371 4785 568 4850 κακδνο
600 4783 716 4838 τότ’
740 4785 842 4857 ήδη
859 4784 961 4855 τῆς
991 4784 1266 4854 βασιλίδος
1300 4785 1414 4840 τῶν
1440 4785 1648 4839 πόλεων
1675 4785 1948 4848 ἀποστὰς,

369 4878 566 4932 ἑαυτόν
623 4893 682 4930 τε
731 4876 988 4941 διασώζοι
1039 4877 1134 4930 καὶ
1186 4876 1312 4940 τοὺς
1375 4877 1659 4940 συνόντας.
1715 4875 1806 4930 Ἑν
1840 4877 1952 4940 τοῖς

368 4971 635 5032 τοιούτοις
656 4969 723 5042 δὴ
751 4969 1083 5044 τριϐομένου
1112 4968 1207 5022 τοῦ
1246 4968 1468 5039 χρόνου,
1515 4970 1611 5022 καὶ
1651 4970 1680 5022 ὁ
1715 4967 1955 5037 Συναδη-

369 5061 458 5126 νὸς
499 5063 776 5134 Θεόδωρος
803 5063 832 5114 ὁ
866 5063 959 5116 καὶ
981 5059 1423 5132 πρωτοστράτωρ
1455 5056 1592 5132 ⁴ἧκεν
1640 5063 1719 5123 είς
1751 5059 1959 5124 Βυζάν-

2057 4604 2239 4660 naret,
2272 4595 2678 4667 imperatricem
2710 4594 2929 4649 urbium
2973 4593 3250 4657 deserere,
3282 4600 3339 4646 et
3390 4605 3452 4646 se
3506 4604 3630 4644 cum

2054 4703 2156 4744 suo
2179 4703 2341 4758 grege
2370 4694 2753 4743 conservatum
2787 4685 2890 4739 ire.
2927 4683 3062 4738 Dum
3089 4683 3256 4738 iubis
3287 4692 3505 4752 tempus
3535 4697 3632 4752 po-

2055 4782 2229 4845 nitur,
2255 4780 2582 4835 Theodorus
2603 4777 2927 4849 Synadenus
2956 4785 3324 4846 protostrator
3345 4775 3631 4830 vacatione

2059 4879 2280 4942 accepta
2314 4873 2382 4926 ab
2415 4867 2715 4925 Occidente
2747 4868 3066 4940 Byzantium
3105 4866 3296 4922 venit:
3328 4865 3629 4934 Prillapum

2059 4963 2352 5034 siquidem,
2387 4960 2730 5032 finitimaque
2759 4959 2900 5026 loca,
2930 4966 2988 5014 et
3012 4957 3274 5013 inferiora
3300 4955 3632 5011 Macedoniae

2061 5055 2322 5128 oppidula
2351 5060 2765 5123 procuraverat,
2790 5053 2873 5106 vir
2903 5050 3068 5106 domo
3093 5048 3312 5112 nobilis,
3333 5054 3391 5102 et
3406 5047 3631 5115 amplis-

1646 5176 1862 5238 Jacobi
1895 5171 2164 5238 Pontani
2199 5179 2384 5232 notua.

441 5285 554 5367 (79)
581 5285 854 5367 Ἕρμαιον
871 5283 1073 5367 dicitur
1103 5283 1396 5367 proluero
1413 5281 1710 5363 insperanti
1733 5281 1950 5367 objecta

370 5352 466 5410 seu
525 5352 831 5424 inopinato,
866 5365 922 5409 et
956 5352 1296 5418 adventitio;
1345 5364 1404 5406 ut
1433 5368 1556 5424 cum
1584 5354 1717 5424 quis
1754 5353 1805 5424 in
1864 5352 1952 5406 iti-

370 5441 502 5481 nere
542 5421 747 5494 aliquid
780 5425 1006 5479 fortuito
1051 5424 1260 5478 invenit
1302 5423 1468 5492 (quod
1521 5423 1689 5476 etiam
1729 5421 1952 5494 εὕρημα

372 5491 678 5565 pmptcrea
719 5495 1062 5565 appellatur,
1123 5495 1278 5563 quasi
1314 5491 1495 5565 dicas
1521 5533 1536 5552 .
1587 5491 1946 5565 inventum).

371 5563 507 5620 lliuc
550 5564 821 5634 quidquid
887 5565 1010 5618 boui
1053 5564 1214 5618 nobis
1256 5563 1528 5634 contingit
1576 5563 1901 5634 (priesertim
1931 5602 1946 5624 ,

368 5635 414 5688 si
487 5631 1054 5703 praeteropinionem
1117 5642 1280 5702 atque
1351 5631 1672 5703 spem),"id
1725 5631 1948 5703 εὕρημα

373 5702 616 5759 vocatur.
665 5702 896 5758 Budaeus
937 5719 966 5757 a
1021 5705 1242 5758 Platone
1302 5705 1355 5757 in
1411 5702 1673 5757 Pha'doue
1702 5703 1829 5770 poni
1873 5702 1949 5756 ait

372 5788 469 5840 pro
502 5775 646 5830 bono
703 5778 1076 5843 inexspectato
1103 5813 1116 5834 ,
1167 5788 1231 5828 ac
1274 5789 1372 5843 pro
1430 5783 1578 5828 sorte
1616 5772 1943 5843 emptanda,

372 5858 490 5906 «tua:
517 5844 654 5898 forte
689 5841 905 5898 fortuna
934 5845 1092 5897 nobis
1121 5841 1299 5897 oblata
1358 5843 1445 5897 sit.
1494 5843 1654 5896 Ratio
1707 5841 1945 5896 nominis

374 5923 452 5966 est
494 5931 523 5968 a
553 5916 842 5978 Mercurio,
871 5915 964 5984 qui
997 5915 1201 5970 Grazcis
1237 5913 1444 5980 Ἐρμῆς
1473 5922 1528 5967 et
1553 5911 1676 5974 viis,
1708 5912 1937 5971 nuntiis.

2054 5278 2212 5334 lucro
2247 5285 2462 5348 praeest,
2511 5275 2654 5332 etin
2706 5274 3090 5342 Amphitryone
3111 5271 3289 5328 Plauti
3314 5279 3397 5327 est
3426 5270 3500 5327 ita
3552 5271 3629 5327 lo-

2097 5364 2232 5402 UCIIS
2255 5365 2269 5402 2

2055 5365 2232 5474 qm";
2255 5389 2351 5472 .voa
2382 5417 2587 5488 quidem
2622 5415 2677 5488 id
2689 5416 2808 5488 jam
2831 5414 2973 5488 scitis
3002 5429 3297 5488 concessum
3329 5419 3376 5465 et
3405 5413 3591 5488 datum

2093 5489 2227 5544 Mihi
2260 5505 2369 5543 esse
2393 5482 2466 5542 ’σὺ
2493 5487 2591 5540 diis
2622 5482 2765 5546 aliis,
2793 5486 2988 5538 nuntiis
3018 5493 3075 5537 ut
3116 5486 3329 5556 prmim
3360 5482 3626 5556 etjlucro.

2128 5558 2182 5614 Si
2227 5560 2412 5627 plures
2447 5559 2548 5609 iter
2595 5556 2862 5627 facerent,
2887 5565 2942 5609 et
2992 5553 3133 5627 unus
3184 5553 3626 5627 boni_qu_it_l_piam

2056 5627 2110 5682 in
2134 5623 2432 5697 via'jaccns
2455 5635 2754 5700 repererat,
2775 5625 3078 5700 alii,_qui_id
3105 5623 3629 5700 secum_divi_di,_seu

2053 5693 2345 5754 commune
2398 5693 2601 5752 vellent
2647 5711 2766 5751 esse
2799 5736 2814 5759 ,
2878 5693 3136 5750 dicebant
3181 5696 3374 5762 κοινδς,
3409 5693 3625 5762 ὲρμῆς.

2055 5766 2271 5830 Latine,
2310 5770 2365 5821 in
2391 5783 2684 5822 commune.
2712 5766 2980 5822 Observat
3028 5763 3275 5820 Turneb.
3321 5761 3625 5824 libanu,

2055 5854 2174 5908 cap.
2210 5839 2292 5893 Η.
