4012 6632
424 380 500 442 99
1348 421 1357 432 .
1597 372 1840 437 IOANN
1849 373 1922 434 IS
1956 369 2487 434 CANTACUZENI

3567 362 3669 428 10.0

429 487 893 562 signiﬁcantibus,
930 503 988 545 se
1011 493 1198 542 stante
1228 485 1347 556 ipso
1377 498 1486 540 non
1523 498 1805 549 sessuros;
1845 483 1996 553 quod

2102 480 2482 550 καθεσθῆναιο
2518 476 2654 550 πρὸς
2704 477 2760 532 δὲ
2813 476 2938 540 τοὺς
2986 474 3180 539 ἄλλους
3215 474 3314 545 τῆς
3365 474 3672 547 ἐπιτροπῆς

428 585 830 638 adolescentem
864 581 1150 636 mordebat
1176 579 1376 643 acrius,
1401 577 1750 648 utetquibus
1772 576 1998 641 ﬁdebat,

427 675 659 738 diceret,
684 674 818 728 velle
845 687 902 727 se
925 671 1151 727 domino
1179 679 1236 724 et
1262 669 1592 738 imperatore
1639 669 1765 737 (hoc
1789 667 1997 722 etenim

427 767 597 822 modo
624 781 786 820 avum
824 780 1044 830 semper
1072 761 1417 831 nominabat)
1447 761 1664 816 caeteris
1693 760 1997 816 sessionem

428 857 741 919 mandante.
773 855 876 910 sibi
903 865 1083 911 autem
1137 854 1382 916 minime,
1419 862 1568 908 stare
1600 852 1838 918 diutius;
1868 853 1998 906 hor-

427 947 676 1003 tantibus
715 957 898 1002 autem
945 947 1056 1016 (8'5)
1107 945 1174 1000 ad
1226 943 1557 1007 sedendum,
1588 942 1994 1014 responderet:

428 1041 617 1101 Vobis,
653 1055 764 1093 non
807 1039 964 1104 mihi,
1006 1038 1238 1092 facultas
1285 1037 1355 1091 ab
1404 1037 1735 1105 imperatore
1771 1034 1996 1090 domino

428 1130 552 1186 data
587 1139 691 1184 est.
725 1129 1073 1199 Quapropter
1112 1143 1208 1182 vos
1250 1129 1403 1198 jnssa
1456 1125 1765 1190 implentcs,
1803 1122 1996 1178 sedere

429 1222 712 1285 convenit,
747 1236 832 1275 me
859 1231 1043 1274 autem
1078 1228 1226 1274 stare
1254 1259 1269 1286 ,
1298 1219 1474 1274 donec
1518 1217 1773 1273 similiter
1806 1218 1996 1271 sedere

424 1317 638 1386 jnbear.
669 1313 764 1367 llis
793 1311 935 1382 apud
962 1327 1080 1375 eos,
1111 1311 1316 1380 quibus
1353 1309 1594 1365 audebat
1624 1308 1811 1373 ﬁdere,
1839 1308 1998 1362 dolo-

427 1422 544 1459 rem
582 1420 743 1458 suum
779 1404 1102 1458 testabatur.
1149 1402 1338 1472 Itaque
1391 1417 1621 1472 magnus
1655 1399 1998 1456 domesticus

425 1512 552 1551 cum
580 1496 891 1560 consolans,
925 1509 1049 1549 cum
1075 1495 1182 1548 alia
1223 1502 1484 1563 tanquam
1524 1492 1765 1549 carmina
1806 1490 1874 1544 ad
1914 1491 1996 1546 le-

425 1589 686 1644 niendam
718 1588 1092 1657 argrimoniam
1135 1588 1442 1651 accinebat,
1487 1594 1602 1640 tum
1633 1586 1712 1640 illi
1751 1585 2000 1640 Salomo-

425 1682 516 1737 nis
557 1681 670 1751 (84)
709 1678 1196 1749 obtemperandum
1232 1679 1434 1744 aiebat,
1475 1676 1848 1748 praecipientis
1902 1693 1999 1744 pa-

430 1775 677 1829 tientiam
711 1783 765 1827 et
809 1773 1153 1827 tolerantiam
1179 1770 1577 1826 ostendendam
1619 1771 1672 1824 in
1721 1778 1992 1839 tempore.

2103 574 2416 644 γινομένης,
2442 572 2503 636 ἐξ
2533 572 2782 642 ἀνάγκης
2810 569 3102 634 ἐκαθέζετο
3129 566 3221 620 καὶ
3247 565 3435 630 αὐτὸς,
3453 569 3675 623 πάντων

2101 664 2236 734 πρὸς
2271 662 2437 716 αὑτὸν
2465 659 2737 732 ὁρώντων,
2771 661 2864 712 καὶ
2895 659 3011 720 τοῖς
3043 657 3281 727 νεύμασι
3340 657 3671 729 δηλούντων,

2099 756 2177 818 ὼς
2209 754 2320 808 οὐδ’
2345 754 2411 806 ἂν
2440 751 2596 805 αὐτοὶ
2631 749 2946 805 καθεσθείεν
2975 749 3272 819 ἑστηκότος
3299 748 3566 802 camare
3605 749 3671 803 δέ

2099 850 2196 904 καὶ
2231 848 2434 918 μᾶλλον
2463 846 2554 901 τὸν
2586 845 2707 900 νέον
2765 844 2956 898 ἔδακνε
2994 842 3244 911 βασιλέα,
3303 841 3380 904 ὡς
3411 841 3673 911 καὶπρὸς

2098 939 2192 1004 οὓς
2231 937 2348 1009 εἶχε
2378 939 2555 1006 λέγειν
2587 937 2832 1008 θαρρεῖν,
2859 937 2933 998 ὡς
2971 936 3215 1006 βούλοιτο
3234 935 3328 988 τοῦ
3357 934 3550 1004 κυρίου
3573 933 3674 987 καὶ

2102 1032 2366 1103 βασιλέως
2421 1031 2637 1100 (τοῦτον
2672 1030 2780 1100 γάρ
2806 1029 2892 1082 ἀεὶ
2925 1029 3016 1080 τὸν
3046 1029 3251 1098 τρόπον
3293 1028 3354 1080 τὸ
3380 1027 3476 1081 τοῦ
3511 1029 3674 1097 βασι-

2098 1125 2236 1188 λέως
2296 1126 2391 1179 καὶ
2444 1124 2671 1177 πάππου
2720 1121 3032 1192 προέφερεν
3081 1119 3305 1189 ὄνομα),
3345 1123 3458 1176 τοῖς
3489 1119 3676 1182 ἄλλοις

2099 1219 2496 1288 ἐπιτρέποντος
2532 1217 2632 1287 τὴν
2687 1216 2996 1281 ἀνάκλιτιν,
3027 1214 3177 1284 αὺτῷ
3207 1214 3265 1267 δέ
3322 1213 3416 1284 μὴ,
3450 1213 3678 1267 ἑστάναι

2098 1311 2356 1368 ὲπιπολύ.
2428 1309 2917 1378 Ἐπιτρεπομένων
2972 1305 3019 1359 δ’
3085 1305 3290 1367 αὐτῶν,
3371 1304 3514 1357 Ἀλλ’
3545 1305 3678 1374 ὑμῖν

2103 1407 2225 1477 μὲν,
2255 1405 2452 1466 εἰπεῖν,
2493 1401 2628 1472 πρὸς
2659 1398 2754 1452 τοῦ
2785 1398 2981 1469 κυρίου
3011 1398 3106 1450 καὶ
3131 1395 3404 1466 βασιλέως
3440 1394 3538 1462 τὴν
3569 1411 3674 1446 κα-
3710 1453 3712 1456 _

2100 1496 2298 1565 θέδραν
2325 1491 2748 1562 ἐπιτετράφθαι,
2784 1491 2908 1559 ἐμοὶ
2947 1488 3005 1542 δέ
3037 1488 3138 1557 μή.
3162 1489 3361 1557 Διόπερ
3394 1487 3539 1557 ὑμᾶς
3571 1486 3677 1554 μὲν

2100 1587 2430 1655 καθεσθῆναι
2490 1585 2778 1652 προσήκει,
2833 1581 2892 1634 τὸ
2931 1580 3414 1650 προσταττόμενον
3462 1579 3679 1647 ἐκπλη-

2104 1680 2366 1750 ροῦντας⁶
2418 1676 2518 1746 ἐμὲ
2575 1677 2620 1727 δ’
2651 1674 2946 1741 έστηκέναι
2977 1673 3137 1742 ἄχρις
3184 1663 3246 1726 οὗ
3299 1671 3359 1724 τὸ
3387 1671 3679 1740 ἐπίταγμα

2102 1771 2288 1842 φθάσῃ
2321 1769 2415 1823 καὶ
2445 1767 2582 1838 πρὸς
2611 1767 2735 1838 ἐμέ.
2765 1764 2988 1818 Τοιαῦτ*
3016 1763 3168 1832 ἔλεγε
3223 1764 3360 1832 πρὸς
3393 1763 3486 1827 οὒς
3515 1765 3682 1834 tmp—

428 1863 743 1918 Secundum
767 1863 883 1917 hmc
909 1865 1096 1933 junior
1116 1864 1416 1930 imperator
1447 1872 1506 1916 et
1529 1860 1692 1916 amici
1718 1876 1814 1930 per
1839 1860 1996 1914 fami-

2104 1861 2207 1930 ρει,
2239 1863 2301 1912 τὸ
2327 1859 2428 1925 τῆς
2460 1858 2640 1928 ψυχῆς
2669 1857 2833 1925 ἄλγος
2873 1856 3307 1910 ἀνακαλύπτων·
3340 1857 3426 1933 ἐφ’
3457 1851 3536 1918 οἷς
3577 1856 3681 1908 αύ-

425 1956 619 2011 liaretn
673 1955 968 2025 quemdam
1010 1945 1370 2025 Syrgiannem
1420 1955 1714 2009 certiorem
1765 1953 1996 2019 faciunt,

427 2062 631 2116 cupere
685 2062 766 2112 se,
809 2054 870 2100 ut
912 2045 1467 2115 Constantinopolin,
1515 2045 1844 2100 reversionis
1889 2061 2000 2120 sua:

425 2140 710 2195 honestam
754 2141 992 2209 aliquam
1043 2155 1260 2196 causam
1311 2151 1694 2204 commentus,
1745 2140 1995 2206 advolet;

425 2247 516 2286 tes
541 2232 685 2285 enim
720 2232 820 2286 hac
854 2231 1072 2297 melius,
1123 2230 1248 2284 illac
1271 2230 1518 2284 deterius
1546 2229 1645 2284 ire.
1677 2229 1781 2297 Qui
1825 2231 1999 2285 multo

427 2339 548 2376 cum
575 2323 757 2377 studio
781 2323 1038 2377 celeriter
1088 2323 1264 2385 adest,
1309 2330 1364 2377 et
1419 2338 1543 2376 eum
1579 2325 1908 2390 imperatore
1935 2338 2000 2379 ac

429 2418 592 2470 sociis
631 2417 969 2479 collocutus,
1028 2415 1281 2485 intelligit
1333 2416 1479 2483 quod
1519 2415 1730 2468 dictum
1773 2401 1996 2469 fuerat}

426 2524 518 2562 res
558 2509 760 2562 melius
782 2507 1085 2578 procedere
1114 2507 1200 2571 ,ad
1233 2515 1685 2576 protostratorem
1705 2547 1720 2569 ,
1745 2507 1998 2575 alterum,

427 2618 516 2657 res
545 2601 787 2656 deterius
816 2602 915 2665 ire,
951 2601 1018 2654 ad
1057 2601 1448 2669 imperatorem
1474 2616 1636 2654 avum
1681 2601 1958 2670 pertinere
1980 2642 1996 2668 ,

427 2697 520 2767 qui
587 2706 842 2765 nepotem
920 2695 1129 2749 odisset
1204 2694 1313 2764 29
1380 2693 1798 2763 implacabilius.
1857 2693 1999 2747 Edo-

430 2797 589 2841 cetur
622 2787 983 2841 nihilominus
1013 2787 1138 2848 alia,
1187 2801 1306 2855 qua:
1335 2793 1456 2854 post
1481 2785 1598 2856 ejus
1631 2789 1682 2839 in
1708 2785 1998 2838 Thraciam
2051 2837 2053 2840 ι

428 2878 732 2932 discessum
779 2885 1098 2930 evenerant.
1155 2875 1291 2929 Tum
1348 2875 1478 2945 quid
1533 2892 1620 2930 res
1673 2885 1998 2946 tempusque

429 2970 707 3043 postulet,
758 2978 811 3022 et
858 2969 1081 3037 quinam
1137 2983 1204 3020 ex
1252 2968 1386 3022 urbe
1445 2969 1633 3038 regina
1683 2969 1902 3022 urbium
1940 2982 2000 3024 se

427 3071 630 3126 queant
653 3059 982 3122 subducere,
1019 3059 1356 3128 disquirunt.
1411 3057 1628 3114 Primus
1659 3060 1841 3130 itaque
1871 3075 2000 3130 pro-

428 3159 693 3204 tostrater
722 3150 776 3204 in
811 3152 923 3206 haec
948 3150 1117 3204 verba
1149 3149 1370 3203 disserit
1398 3169 1412 3204 :

2100 1952 2193 2003 τὸν
2227 1954 2254 2004 ό
2288 1951 2459 2020 μέγας
2493 1949 2813 2019 δομέστικος
2878 1947 3395 2020 παραμυθούμενος,
3439 1948 3574 2001 ἄλλα
3613 1966 3676 2002 τε

2101 2045 2375 2114 κατεπῇδε
2411 2044 2508 2113 τῆς
2565 2042 2761 2113 λύπης,
2823 2041 2921 2094 καὶ
2955 2040 3012 2093 τὸ
3064 2040 3463 2110 Σολομὼντειον
3517 2041 3676 2112 ἔλεγε

2099 2137 2213 2190 δεῖν
2241 2136 2577 2206 ἐκπληροῦν,
2609 2136 2888 2204 ὑπομονὴν
2923 2133 3334 2201 ἐνδεικνύμενον
3359 2135 3452 2186 καὶ
3475 2152 3678 2204 καρτε-

2105 2230 2227 2301 ρίαν
2256 2230 2394 2282 κατά
2422 2228 2633 2300 καιρόν.
2667 2229 2739 2281 Τὸ
2763 2228 2807 2281 δ’
2845 2228 2972 2295 ἑξῆς
3003 2229 3031 2279 ὁ
3067 2226 3183 2284 νέος
3217 2225 3472 2294 βασιλεὺς
3505 2230 3599 2281 καὶ
3623 2226 3676 2280 oi

2100 2325 2238 2394 ἀμφ’
2266 2324 2452 2388 αὑτὸν,
2505 2324 2593 2376 διά
2622 2339 2768 2385 τινος
2801 2322 2912 2374 τῶν
2948 2323 3165 2377 οίκείων
3218 2324 3486 2392 μηνύουσι
3542 2324 3679 2394 Συρ-

2101 2417 2301 2488 γιὸιννῃ
2335 2414 2473 2486 πρὸς
2505 2414 2603 2485 τὴν
2637 2414 3053 2469 Κωνσταντίνου
3085 2416 3295 2484 ταχέως
3333 2415 3674 2478 ἐπανελθεῖν,

2102 2508 2459 2579 εὐπρόσωπόν
2485 2524 2608 2559 τινα
2641 2507 2990 2577 πλασάμενον
3020 2508 3203 2560 αἰτίαν
3245 2511 3346 2576 τῆς
3389 2509 3674 2561 ἐπανόδου.

2101 2599 2183 2652 Τά
2216 2599 2323 2668 γὰρ
2356 2598 2478 2650 κατ’
2503 2598 2701 2660 αὐτοὺς
2735 2598 3062 2666 πράγματα,
3094 2601 3171 2670 πῆ
3207 2599 3306 2663 μὲν
3339 2601 3432 2651 ἐπὶ
3465 2600 3528 2651 τὸ
3559 2601 3680 2663 32').-
3735 2593 3738 2595 ’

2101 2706 2240 2756 τιον,
2267 2687 2354 2759 πῆ
2385 2688 2431 2740 δ’
2473 2689 2564 2741 ἐπὶ
2597 2690 2658 2742 τὸ
2689 2693 2869 2758 χεῖρον
2907 2694 3102 2762 χωρεῖν
3125 2708 3138 2720 ·
3172 2695 3198 2744 ὁ
3229 2691 3285 2743 δέ
3339 2693 3436 2744 σὺν
3469 2694 3675 2762 σπουδῇ

2105 2778 2274 2850 πολλῇ
2312 2781 2455 2834 κατά
2510 2781 2674 2851 τάχος
2724 2781 3064 2846 επανελθὼν,
3122 2785 3212 2835 καὶ
3277 2785 3676 2852 συγγενόμενος

2106 2871 2322 2942 βασιλεῖ
2345 2871 2442 2924 καὶ
2466 2875 2580 2935 τοῖς
2617 2871 2878 2941 ἑταίροις,
2911 2873 3005 2924 κοιλ⁸
3039 2873 3098 2925 τὺ
3122 2875 3223 2942 μὲν
3252 2875 3344 2926 ἐπὶ
3374 2875 3435 2926 τὸ
3469 2875 3677 2944 βέλτιον

2104 2964 2597 3035 προκεχωρηκέναι
2665 2966 2819 3033 σφίσι
2875 2968 2940 3018 τά
2974 2967 3294 3034 πράγματα.
3328 2965 3422 3017 τοῦ
3462 2982 3675 3035 πρωτοο

2105 3062 2402 3128 στράτορος
2430 3056 2738 3127 Συναδηνοῦ
2783 3057 2947 3128 χάριν
2975 3060 3227 3129 εἰρῆσθαι
3261 3059 3451 3128 μαθών
3473 3076 3486 3090 ο
3523 3060 3582 3111 τὸ
3631 3059 3675 3109 δ’

2105 3151 2187 3215 είς
2236 3153 2296 3203 τὸ
2341 3153 2546 3222 χεῖρον,
2577 3150 2665 3203 διὰ
2697 3151 2756 3202 τὸ
2793 3151 2994 3221 μᾶλλον
3045 3152 3542 3219 ἐκπεπολεμῶσθαι
3597 3150 3678 3220 τῷ

419 3247 639 3315 ’ἐγγόνῳ
689 3245 779 3297 τὸν
805 3245 1052 3314 βασιλέα,
1093 3245 1189 3296 καὶ
1211 3244 1378 3296 τᾶλλα
1425 3244 1762 3314 ἐκδιδαχθείς
1801 3245 1902 3298 ὅσα
1933 3244 1996 3314 δὴ
2040 3247 2382 3317 συμϐεϐήκει
2415 3248 2554 3316 μετά
2579 3246 2640 3297 τὸ
2701 3247 2780 3307 εἰς
2812 3244 3034 3314 Θρᾴκην
3093 3244 3254 3298 αὑτὸν
3286 3246 3520 3316 ἀπᾶραι,
3549 3235 3677 3311 περὶ

427 3334 521 3384 τοῦ
574 3336 624 3387 τί
658 3336 762 3407 χρὴ
796 3337 1060 3406 πράττειν
1093 3333 1444 3388 ἐϐουλεύοντο
1507 3337 1649 3389 κατά
1697 3338 1834 3404 σφᾶς
1861 3353 1876 3367 ·
1905 3338 1998 3389 καὶ
2041 3337 2187 3400 ὅπως
2255 3337 2321 3392 ἂν
2366 3337 2564 3400 αὐτοὺς
2631 3335 2843 3404 γένοιτο
2871 3339 2968 3408 τῆς
3021 3336 3288 3409 βασιλίδος
3330 3337 3438 3390 τῶν
3470 3335 3677 3389 πόλεων

427 3427 731 3492 ἀκινδύνως
761 3427 1098 3494 ὑπεξελθεῖν.
1135 3425 1358 3497 Πρῶτος
1390 3426 1572 3481 τοίνυν
1601 3425 1754 3482 εἶπεν
1784 3430 1813 3481 ό
1841 3431 2283 3502 πρωτοστράτωρ
2319 3431 2623 3501 Συναδηνός
2654 3443 2670 3460 ⁶

1339 3561 1370 3586 ο
1875 3544 2104 3600 CAPUT
2141 3544 2234 3599 IX.

428 3636 795 3695 Protostrator
824 3642 1194 3709 imperatore»:
1223 3640 1480 3692 seniorem
1521 3640 1574 3691 in
1627 3639 1923 3692 custodiam
1970 3639 2230 3701 dandum,
2257 3637 2586 3709 §yrgiannes
2630 3637 3072 3706 interﬁciendum,
3107 3655 3326 3705 magnus
3369 3639 3678 3692 domesticus

498 3711 555 3763 in
586 3713 762 3779 priore
784 3707 1044 3764 sententia
1080 3711 1466 3763 consistendum
1495 3711 1705 3764 suadet.
1746 3709 2105 3777 Repreltensus
2157 3728 2189 3763 a
2241 3707 2541 3779 syrgianne
2574 3709 2638 3762 dc
2668 3710 2988 3780 pertinacia,
3018 3712 3285 3780 sapienter
3322 3726 3376 3762 se
3404 3720 3597 3774 tuetur,
3629 3719 3677 3762 et

500 3791 777 3850 utrumque
807 3781 1016 3848 refellit.

449 3886 752 3965 'Magnum
807 3909 907 3963 ego
976 3903 1032 3948 et
1097 3893 1448 3950 manifestum
1502 3895 1808 3965 periculum
1865 3895 1998 3950 huic

2187 3891 2338 3962 Ἐμοὶ
2365 3890 2530 3944 πολύν
2590 3908 2709 3944 τινα
2739 3893 2832 3946 καὶ
2900 3895 3150 3963 προφανῆ
3191 3892 3284 3946 τὸν
3337 3895 3584 3949 κίνδυνον
3615 3899 3679 3950 ἐκ

427 3989 654 4058 negotio
683 3987 860 4040 inesse
907 3985 1312 4042 animadverto.
1349 3985 1406 4042 Si
1450 3987 1597 4041 enim
1643 4002 1746 4042 nos
1770 4002 1999 4058 quomo-

2102 3984 2206 4038 τῶν
2237 3986 2584 4054 πραγμάτων
2633 3984 2750 4037 ἐστὶ
2805 3986 3055 4055 συνορᾷν.
3109 3987 3169 4038 Ei
3203 3989 3310 4055 γὰρ
3344 3989 3499 4060 ἡμῶν
3531 3992 3678 4056 ὅπως

429 4081 741 4149 ducumque
798 4079 936 4134 clam
1003 4079 1107 4134 hac
1153 4080 1287 4134 urbe
1347 4096 1636 4150 egressos,
1697 4081 1998 4151 imperator

2102 4076 2226 4129 ποτὲ
2246 4079 2474 4147 ταυτησὶ
2498 4078 2595 4147 τῆς
2622 4075 2828 4139 πόλεως
2859 4077 3277 4145 ὑπεξελθόντων,
3311 4083 3673 4153 ἐπιστρατεὺο

429 4189 598 4229 senex
647 4173 816 4226 armis
863 4171 1129 4226 continuo
1186 4171 1356 4226 fuerit
1403 4183 1766 4247 persecutus,
1795 4173 1997 4242 quibus

431 4265 652 4319 tandem
687 4264 960 4317 machinis
1009 4263 1441 4332 prmsentissimo
1474 4264 1778 4319 discrimini
1811 4265 1997 4319 elabe-

431 4372 557 4410 mur
583 4357 605 4410 ?
639 4357 733 4410 Est
763 4366 972 4419 autem,
1005 4355 1085 4410 uti
1116 4371 1266 4418 reor,
1294 4354 1542 4409 virorum
1590 4356 1943 4424 prudentium
1979 4395 1993 4419 ,

429 4457 489 4500 et
531 4445 925 4502 incolumitatis
967 4461 1078 4500 sua:
1103 4446 1427 4510 amantium,
1463 4455 1610 4500 certa
1645 4434 1889 4515 pericula
1911 4461 2001 4500 sa-

2100 4183 2182 4219 σει
2216 4169 2525 4232 καταπόδας
2576 4171 2606 4220 ό
2635 4169 2910 4240 βασιλεὺς,
2948 4170 3031 4232 τίς
3067 4172 3284 4242 μηχανὴ
3339 4176 3412 4243 μὴ
3464 4177 3583 4245 οὐχὶ
3616 4178 3678 4228 τὸ

2095 4258 2409 4325 παραυτίκα
2457 4258 2592 4328 πρὸς
2624 4259 2851 4328 ἔσχατον
2885 4259 3057 4313 ἐλθεῖν
3097 4263 3383 4329 κινδύνους
3419 4265 3578 4318 Ἐστι
3621 4269 3678 4320 δέ

2099 4348 2422 4419 ἀνθρώπων,
2481 4345 2660 4420 οἶμαι,
2719 4352 3142 4420 σωφρονούντων
3195 4357 3287 4406 καὶ
3342 4356 3680 4426 βουλομένων

2104 4441 2396 4508 σώζεσθαι,
2435 4443 2508 4514 μὴ
2560 4447 2684 4506 τοὺς
2736 4445 3034 4515 προδήλους
3081 4447 3457 4518 ἀνθαιρεῖσθαι
3502 4453 3682 4504 meo.

431 4535 530 4588 luti
565 4549 679 4590 sua:
715 4549 825 4588 non
851 4542 1190 4603 anteponere
1224 4531 1360 4602 (85).
1391 4532 1470 4586 Ex
1493 4535 1629 4586 urbe
1671 4532 1836 4602 igitur
1863 4533 1999 4586 clam

2102 4551 2224 4596 νους
2251 4535 2347 4604 τῆς
2396 4537 2451 4586 ἐν
2484 4535 2685 4604 βεϐαίῳ
2717 4537 3048 4606 κεισομένης
3095 4541 3391 4610 σωτηρίας.
3434 4542 3540 4595 Τοῦ
3570 4543 3682 4594 τοί-

429 4623 608 4688 exire,
638 4623 971 4692 imperatore
1005 4620 1405 4691 potentissimo
1451 4620 1764 4675 adversario
1793 4636 1823 4675 a
1854 4630 2004 4691 tergo

432 4715 651 4780 relicto,
699 4725 758 4770 et
815 4715 891 4770 ita
932 4727 1154 4785 gravent
1198 4711 1568 4781 suspicionem
1619 4727 2003 4777 commovere,

408 4823 543 4862 .non
583 4808 744 4878 longe
765 4806 833 4860 ab
864 4815 1106 4860 extrema
1143 4803 1388 4873 pernicie
1425 4805 1617 4858 abesse
1641 4805 1829 4875 judico
1863 4804 1997 4873 (86):

431 4911 490 4954 et
523 4900 878 4955 securitatem
936 4897 1165 4950 multant
1199 4894 1521 4963 adepturos,
1561 4895 1603 4948 si
1637 4896 1996 4965 comprehcn-

433 5006 578 5057 sum,
611 4990 754 5061 quod
802 4989 960 5044 facile
989 4986 1316 5058 poterimus,
1347 4985 1611 5039 custodiae
1640 4985 2000 5054 mandemus;

434 5085 516 5139 sic
543 5085 690 5140 enim
735 5082 957 5139 nemine
1003 5080 1357 5142 adversante,
1393 5077 1544 5131 nullo
1590 5077 1752 5147 plane
1783 5077 2002 5146 negotio

2104 4643 2198 4678 νυν
2226 4626 2322 4695 τῆς
2355 4626 2560 4686 πόλεως
2606 4625 2941 4690 ὑπεξελθεῖν,
2973 4627 3349 4684 δυνατώτατον
3387 4635 3682 4702 ἀνταγωνι-

2109 4718 2236 4790 στὴν
2268 4719 2442 4772 ὀπίσω
2477 4720 2875 4782 καταλιπόντας
2916 4722 3006 4773 τὸν
3037 4723 3284 4792 βασιλέα,
3316 4723 3486 4788 οὕτως
3545 4728 3679 4779 ὑποο

2105 4811 2235 4880 ψίαν
2262 4811 2442 4881 δεινὴν
2475 4812 2835 4883 παρέχοντας,
2872 4815 3086 4884 μακρὰν
3137 4817 3505 4886 ἀφεστηκέναι
3543 4837 3681 4871 παν-

2105 4904 2195 4967 τὸς
2230 4904 2424 4970 κακοῦ,
2449 4905 2538 4957 καὶ
2557 4906 2760 4976 πολλὴν
2783 4907 2878 4974 τὴν
2907 4907 3202 4974 ἀσφάλειαν
3234 4911 3365 4980 ἡμῖν
3395 4912 3679 4981 παρέχειν,

2107 4992 2168 5044 τδ
2193 4992 2382 5044 τοῦτον
2415 4995 2808 5064 κατασχόντας,
2841 4995 2868 5048 δ
2926 4997 3249 5066 δυνήσεσθαι
3283 4999 3426 5052 δοκῶ
3459 5005 3679 5070 ῥαδίως,

2109 5084 2466 5139 κατακλεῖσαι
2499 5089 2727 5159 φρουρᾷ.
2766 5087 2922 5142 Οὕτω
2953 5090 3060 5158 γὰρ
3085 5090 3297 5154 οὐδενὸς
3324 5093 3686 5161 ἀνταγωνιζο-

1626 5250 1628 5253 .
1715 5197 1926 5259 Jacobi
1965 5199 2229 5261 Pontani
2270 5210 2458 5264 noue.
2491 5199 2498 5204 ’

509 5327 620 5396 (85)
653 5327 714 5380 in
743 5324 948 5381 Graecis
980 5325 1100 5394 lego
1124 5366 1139 5388 ,
1193 5323 1674 5394 προτρεπομένων,
1717 5326 2006 5395 perspicue
2037 5330 2085 5387 D

438 5399 492 5455 id
527 5399 839 5463 pestulante
869 5396 1160 5448 sententia.

511 5461 621 5537 (84)
659 5464 1024 5521 Ecclesiastici
1050 5481 1171 5533 cap.
1198 5482 1322 5537 xvul
1349 5483 1362 5519 :
1400 5463 1533 5537 Ante
1565 5461 1876 5537 languorem
1904 5468 2006 5519 Itu-

439 5535 588 5593 milia
625 5549 692 5602 te,
725 5547 771 5588 et
807 5538 863 5588 in
907 5547 1140 5604 tempore
1175 5535 1515 5604 inﬁrmitatis
1549 5535 1761 5604 ostende
1791 5549 2006 5590 conver-

437 5613 693 5664 sationem
727 5616 892 5664 tuam.
922 5605 1106 5660 Graece
1153 5603 1239 5660 sic
1269 5605 1470 5673 legitur
1505 5603 1557 5656 in
1593 5603 1951 5672 Septuaginta
1985 5623 2001 5660 :

439 5681 577 5749 Πρὶν
617 5675 994 5749 ἁρῤιυοτήσαί-
1026 5689 1083 5727 σε
1140 5673 1528 5749 ταπεινωθητρ
1560 5674 1655 5724 καὶ
1827 5675 2004 5749 καιρῷ

439 5743 854 5820 ἁμαρτημᾲτιυν
884 5745 1056 5820 δεῖξον
1088 5745 1442 5820 ἐπιστροφήν.
1489 5743 1676 5798 Graeca
1725 5743 1817 5798 illa
1857 5743 2002 5801 Carni-

442 5815 683 5881 tat'uaetii
718 5818 925 5872 Latinis
948 5820 1130 5888 potius
1155 5815 1508 5884 respondent.

2183 5328 2299 5410 (85)
2337 5329 2460 5410 Cie.
2490 5341 2508 5383 ι
2537 5328 2642 5384 οσ.
2696 5331 2993 5410 Nunquam
3027 5336 3255 5410 omnino
3295 5339 3516 5404 periculi
3557 5343 3681 5410 fuga

2113 5401 2538 5474 committendum
2571 5411 2667 5474 est.
2706 5401 3048 5474 ut__imbelles
3084 5401 3355 5474 timidique
3388 5401 3678 5464 videamur.

2109 5467 2213 5548 §ed
2237 5470 2540 5548 [ugiendum
2563 5468 2898 5548 etiamillud,
2941 5488 3002 5524 ne
3032 5467 3312 5548 offeramus
3361 5493 3452 5530 nos
3479 5485 3686 5548 pericu-

2111 5539 2173 5591 lis
2207 5540 2319 5591 sine
2349 5557 2531 5610 causa,
2567 5555 2664 5610 quo
2687 5539 2820 5594 nihil
2846 5550 3012 5610 potest
3037 5539 3150 5597 esse
3179 5545 3412 5600 stultius.

2108 5677 2119 5688 ι
2182 5610 2294 5688 (ξεί)
2344 5609 2852 5688 Nece_s__sa.rio.ante
2895 5618 3115 5680 μακρὰν
3158 5617 3422 5688 particula
3481 5634 3686 5688 negans

2107 5677 2161 5751 in
2195 5677 2384 5751 Graeco
2427 5680 2732 5751 adjicienda
2775 5689 2859 5735 est
2877 5677 2906 5742 ,‘
2951 5677 3313 5751 praetermissa
3369 5703 3398 5739 a
3439 5677 3685 5750 librario.

2107 5749 2294 5832 Itaque
2327 5748 2736 5832 interpretando
2765 5748 3085 5832 adjeeimu_s.
3119 5783 3190 5793 —
3225 5748 3502 5832 Interpres
3555 5762 3689 5832 legit

2107 5818 2167 5870 οὐ
2207 5817 2443 5887 μακράν.
2476 5819 2719 5885 Frustra,
2747 5817 2953 5890 quippe
2975 5821 3136 5877 aliter
3167 5817 3390 5881 vertere
3414 5817 3632 5886 debuit:
