4012 6604
244 432 338 501 101

1413 418 1974 489 HISTORIARUM
2017 418 2252 481 LIBER
2296 420 2341 481 ί.

3427 417 3539 488 102

243 549 428 620 μένου,
454 542 634 617 ῥᾷστα
659 537 1011 612 κρατήσομεν
1046 534 1327 620 ἁπάντων.
1381 534 1723 608 Συργιάννης
1773 530 1833 586 δὲ

1941 545 2127 587 rerum
2167 545 2384 589 summa
2435 530 2734 602 potiemur.
2786 532 2927 589 Tum
2998 533 3337 609 Syrgiannes
3392 542 3545 600 exei—

243 612 358 711 μετ’
390 612 602 689 ἐκείνον
646 628 836 697 εὐθύς,
886 629 998 684 Καὶ
1041 626 1189 682 τοῦθ’
1224 612 1365 699 ὅπερ
1418 628 1671 699 είρηκας,
1701 624 1831 696 ἔφη,

240 732 468 796 πολλοὺς
520 728 645 803 Ιχον
674 723 989 795 ἐξετάζοντι
1035 725 1296 794 φανεῖται
1340 722 1474 786 τοὺς
1525 720 1829 784 κινδύνους.

244 825 463 897 Πρῶτον
492 823 593 893 μὲν
615 819 726 890 γάρ
747 818 813 873 ού
853 816 1052 888 μικρὸν
1072 817 1237 889 ἔργον
1265 815 1326 870 τὸ
1352 818 1670 886 κατασχεῖν.
1704 815 1836 869 πολ-

244 920 348 973 λῶν
378 916 504 987 περὶ
534 913 701 968 αὐτὸν
729 911 998 975 εὐνοϊκῶς
1054 911 1422 984 διακειμένων
1467 913 1566 965 καὶ
1595 910 1705 964 τῶν
1731 910 1836 978 τῆς

247 1009 572 1078 συγκλήτου,
627 1003 863 1059 καὶτῶν
901 1006 962 1058 ὲν
1005 1003 1172 1065 τέλει.
1233 1003 1331 1057 καὶ
1363 1001 1717 1075 μισθοφόρων
1745 1001 1834 1055 ἀεὶ

243 1101 447 1158 πολλῶν
476 1096 869 1172 διατριϐόντων
918 1097 978 1151 ιν
1009 1095 1335 1167 βασιλείοιςο
1399 1095 1573 1150 ἔπειθ’
1611 1096 1695 1149 ὃτι
1739 1096 1836 1150 καὶ

243 1191 401 1246 τοῦτί
429 1188 479 1243 εί
509 1188 652 1259 μετὰ
683 1185 900 1242 πολλῶν
955 1185 1069 1242 τῶν
1099 1187 1368 1241 κινδύνων
1428 1187 1832 1259 κατορθωθείη,

247 1282 357 1338 τότ’
412 1278 519 1353 ήδη
571 1279 981 1351 χαλεπωτέροις
1036 1279 1493 1351 περιπεσούμεθα
1541 1279 1834 1347 κινδύνοις,

243 1374 439 1439 πολλάς
500 1370 909 1435 ὑποπτεύοντες
971 1371 1036 1424 ὲκ
1087 1371 1198 1425 τῶν
1245 1371 1507 1442 φυλάκων
1575 1374 1673 1425 καὶ
1723 1372 1853 1425 τῶν“

244 1464 585 1540 πραγμάτων
610 1465 713 1529 τάς
770 1462 1100 1535 μεταϐολάς.
1127 1463 1258 1517 Ὅτε
1300 1464 1482 1519 τοίνυν
1504 1464 1599 1518 καὶ
1645 1467 1833 1536 ἀμφο-

243 1560 477 1631 τέρωθεν
500 1556 710 1629 ὑποψία
738 1557 913 1629 δεινή,
947 1556 1158 1628 βέλτιον
1190 1557 1424 1630 βραχείᾳ
1462 1557 1656 1630 καιροῦ
1689 1560 1831 1630 ῥοπῇ

142 1700 163 1727 ε
243 1653 341 1715 τῆς
373 1650 520 1721 ζωῆς
557 1650 1066 1722 ἀποστερήσαντας.
1093 1650 1326 1722 βεϐαίως
1361 1651 1556 1722 ἄρχειν
1583 1650 1750 1705 αὑτοῦ
1774 1669 1833 1705 τε

244 1747 346 1799 οὐκ
375 1743 782 1816 ἀμυνουμένου,
839 1745 934 1798 καὶ
967 1742 1075 1797 τῶν
1108 1743 1286 1798 ἄλλων
1314 1744 1528 1807 οὐδενὸς
1558 1744 1837 1798 διακινδυ-

246 1839 425 1894 νεύειν
456 1838 600 1910 ὑπὲρ
629 1838 800 1892 αὐτοῦ
843 1837 1102 1908 κειμένου
1160 1835 1582 1908 βουλησομένου.
1642 1837 1755 1907 Τὴν
1781 1838 1837 1890 δὲ

246 1934 500 2006 τοιαύτην
530 1933 728 2005 βουλὴν
762 1932 1026 2005 ἐξήνεγκε
1059 1934 1158 2003 μὲν
1186 1932 1329 1987 κατά
1358 1930 1625 2003 βασιλέως
1648 1933 1675 1985 ὁ
1701 1931 1841 2003 Συρ-

248 2027 467 2098 γιάννης
518 2027 578 2090 ἐξ
611 2024 808 2080 ἑαυτοῦ
847 2024 971 2094 μὲν,
1020 2014 1365 2096 ινῆγείδέίς
1403 2020 1574 2094 αὐτὴν
1600 2020 1837 2092 μάλιστα

246 2121 340 2175 καὶ
381 2120 741 2190 Ἀπόκαυχος,
763 2117 1078 2182 ὲκσπόνδως
1104 2116 1244 2191 πρὸς
1280 2114 1507 2186 βασιλέα
1544 2115 1602 2181 ἐξ
1643 2112 1836 2168 αἰτιῶν

247 2214 586 2285 διακείμενος
618 2213 947 2285 παραλόγων
974 2229 990 2245 ·
1026 2209 1102 2285 μὴ
1150 2210 1218 2264 δι’
1249 2209 1415 2264 αὑτοῦ
1448 2209 1504 2263 δὲ
1535 2208 1835 2280 δυνάμενος

250 2305 489 2373 εἰσάγειν
532 2304 632 2375 τὴν
660 2302 891 2376 γνώμην
954 2302 1129 2373 (οὔπω
1172 2303 1283 2373 γάρ
1330 2301 1576 2374 ᾠκείωτο
1628 2300 1841 2372 βασιλεῖ

249 2396 509 2449 τοσοῦτον
539 2394 617 2459 ὡς
671 2395 769 2449 καὶ
820 2393 1070 2466 μετέχειν
1127 2392 1372 2466 βουλῆς),
1422 2393 1566 2464 φίλῳ
1612 2391 1725 2447 ὄντι
1759 2391 1839 2463 τῷ

248 2489 550 2561 Συργιάννῃ
580 2489 679 2554 τὰς
716 2489 913 2561 βουλάς
946 2490 1191 2545 ὑπετίθει
1239 2490 1315 2554 ὠς
1347 2488 1496 2559 αὐτῷ
1549 2491 1839 2564 παρρησίᾳ

184 2618 193 2625 -
247 2579 679 2650 βουλευσομένῳ.
702 2580 845 2652 Πρὸς
871 2574 1071 2636 ταῦθ⁹ὀ
1097 2581 1271 2653 μέγας
1288 2571 1629 2650 δομέστικος,
1678 2583 1835 2652 Ἐμοὶ

247 2669 309 2723 τὸ
330 2671 566 2741 πρῶτον,
599 2671 727 2744 ἔφη,
748 2671 857 2725 τῶν
888 2672 1276 2744 βουλευμάτων
1313 2672 1422 2726 τῶν
1452 2673 1834 2747 ἀπανθρώπων

246 2764 505 2834 κρίνοντι,
524 2763 583 2817 τὸ
613 2763 889 2836 δεύτερον,
941 2765 1052 2819 οὐδ’
1071 2765 1362 2836 ὠμότητος
1407 2768 1503 2822 καὶ
1545 2767 1840 2838 ἀπανθρω-

245 2858 377 2922 πίας
415 2856 722 2929 ύπερδολὴν
753 2856 1030 2912 ἐλλείπειν
1079 2858 1345 2927 οὐδεμίαν
1405 2858 1687 2929 φαίνεται.
1748 2860 1840 2916 Διὸ

246 2950 546 3020 συμφέρειν
599 2948 843 3019 ἡγοῦμαι
897 2949 1108 3004 τούτων
1162 2950 1508 3015 ἀποστάντας
1557 2952 1837 3018 ἁπάντων,

243 3041 351 3095 τῶν
371 3040 657 3111 προτέρων
688 3039 909 3113 ἔχεσθαι
935 3039 1344 3111 βουλευμάτων,
1375 3042 1472 3096 καὶ
1506 3045 1730 3096 σκοπεῖν
1743 3043 1840 3114 οὐχ

241 3131 390 3194 ὅπως
441 3130 661 3202 βασιλεῖ
715 3130 905 3185 κακῶν
957 3130 1282 3200 ἀνηκέστων
1335 3132 1501 3186 αίτιοι
1548 3133 1833 3202 φανῶμεν.

1937 621 2127 694 piens,
2180 622 2251 678 Et
2284 622 2392 679 hoc
2421 622 2568 694 quod
2596 624 2822 691 dixisti,
2852 626 3056 699 inquit,
3083 631 3127 683 si
3166 630 3293 700 quis
3320 635 3535 704 cogita-

1940 713 2095 768 tione
2123 713 2477 782 perlustrarit
2504 755 2520 779 ,
2573 714 2763 771 multis
2805 716 3110 773 obnoxium
3142 721 3410 789 periculis
3445 725 3533 777 in-

1938 805 2149 860 veniet.
2189 805 2441 862 Primum
2464 807 2616 862 eulm
2645 807 2883 862 arduum
2916 824 3057 879 opus
3084 822 3169 866 est
3205 813 3359 868 illum
3383 828 3538 869 com-

1935 899 2306 971 prehendere,
2327 902 2550 972 quando
2567 916 2625 958 et
2642 918 2709 958 ex
2728 905 3076 973 proceribus,
3098 918 3153 962 et
3168 922 3233 962 ex
3249 911 3506 978 magistra
3520 935 3535 951 -

1938 993 2109 1057 tibus,
2126 1003 2266 1051 etex
2281 995 2584 1050 meritoriis
2602 995 2893 1061 militibus,
2918 998 3015 1066 qui
3039 997 3428 1068 lrequentesin
3449 1016 3540 1070 pa-

1936 1088 2073 1145 latio
2095 1106 2316 1161 semper
2338 1093 2619 1155 visuntur,
2642 1093 2801 1148 multi
2847 1108 3002 1149 suam
3028 1094 3085 1149 in
3111 1109 3240 1150 eum
3282 1095 3535 1151 benevo-

1937 1181 2167 1238 lentiam
2213 1194 2438 1241 navant.
2481 1186 2691 1242 Deinde
2730 1194 2791 1242 ut
2818 1188 2926 1243 hoc
2954 1188 3130 1244 fauste
3162 1189 3534 1260 transigamus

1944 1277 2222 1347 (quamvis
2253 1293 2365 1333 non
2403 1278 2529 1334 sine
2581 1279 2832 1349 pluribus
2880 1281 3168 1351 periculis)
3211 1281 3265 1335 in
3324 1281 3530 1337 discri-

1939 1386 2063 1424 men
2096 1372 2298 1427 saevius
2338 1372 2673 1439 incidemus,
2741 1388 2867 1429 eum
2907 1388 2939 1427 e
2970 1373 3316 1453 custodibus
3339 1372 3532 1443 plures

1939 1472 2232 1534 suspectos
2264 1465 2471 1521 habere
2503 1475 2558 1521 et
2587 1482 2774 1523 rerum
2816 1467 3258 1522 vicissitudinem
3284 1480 3537 1521 metuere

1937 1572 2223 1627 cogemur.
2250 1556 2522 1623 Quoniam
2550 1558 2720 1629 igitur
2766 1560 3028 1628 utrinque
3079 1560 3222 1613 male
3277 1566 3536 1613 metuen-

1938 1647 2071 1703 dum
2104 1657 2210 1713 est,
2244 1659 2466 1719 praestat
2491 1690 2507 1709 .
2543 1659 2604 1705 ut
2655 1666 2776 1705 mea
2812 1651 2919 1705 fert
2965 1650 3179 1720 opinio,
3216 1650 3335 1705 seni
3383 1650 3534 1720 quod

1940 1752 2114 1796 restat
2146 1744 2273 1797 vita:
2326 1736 2670 1798 momentum
2712 1744 3017 1815 praecidere
3044 1786 3058 1810 ,
3094 1755 3262 1815 atque
3297 1744 3372 1798 ita
3405 1756 3531 1797 cer-

1944 1841 2058 1888 tum
2128 1841 2185 1889 et
2243 1842 2504 1890 constans
2563 1835 2856 1906 imperiunm
2944 1836 3245 1908 indipisci,
3286 1838 3538 1906 quando-

1944 1927 2170 1997 quidem
2210 1943 2316 1983 nec
2349 1928 2531 1998 ipsum
2583 1944 2644 1984 se
2684 1930 3007 1996 ulciscetur,
3039 1940 3095 1987 et
3124 1931 3218 2002 qui
3246 1946 3349 2002 pro
3381 1946 3531 1985 mor-

1944 2030 2041 2075 tuo
2098 2020 2310 2091 aliquid
2370 2023 2691 2093 periculose
2745 2024 3006 2113 inqeptet,
3040 2025 3227 2079 nullus
3280 2028 3535 2081 exsistet.

1943 2108 2073 2165 Tale
2098 2111 2392 2166 consilium
2413 2112 2753 2183 Syrgiannes
2788 2108 2981 2169 centra
3011 2129 3173 2169 avum
3215 2130 3283 2169 ex
3322 2131 3381 2170 se
3406 2117 3541 2184 qui-

1942 2200 2069 2256 dem
2097 2203 2265 2257 dabat
2292 2220 2308 2270 ;
2344 2203 2438 2258 sed
2471 2205 2524 2258 in
2558 2204 2757 2275 primis
2791 2204 3124 2275 Apocaucho
3157 2206 3489 2260 sollicitante
3514 2246 3533 2270 ,

1942 2295 2040 2366 qui
2071 2296 2146 2351 ob
2178 2311 2377 2352 causas
2396 2298 2663 2367 quasdam
2715 2313 2827 2353 non
2857 2298 3159 2369 legitimas,
3195 2299 3265 2354 ab
3289 2300 3533 2369 impera-

1943 2400 2063 2444 tore
2090 2389 2309 2444 seniore
2344 2389 2601 2452 alienior.
2639 2389 2768 2459 quia
2793 2404 2891 2445 ore
2928 2405 3028 2444 suo
3073 2390 3403 2445 sententiam
3448 2389 3534 2443 di-

1942 2496 2070 2537 cere
2100 2498 2209 2536 non
2234 2488 2475 2551 poterat,
2513 2480 2662 2551 quod
2695 2482 2749 2536 in
2800 2480 3047 2553 junioris
3090 2461 3549 2535 familiaritatem

1944 2576 2179 2631 necdum
2227 2576 2366 2631 adeo
2416 2584 2829 2646 penetraverat,
2868 2576 2978 2647 30
3022 2584 3084 2629 ut
3113 2575 3280 2629 etiam
3320 2575 3374 2629 in
3403 2588 3506 2628 con

1941 2668 2129 2725 silium
2158 2668 2541 2733 adhiberetur,
2567 2676 2620 2723 et
2656 2665 3020 2738 Syrgiannem
3041 2666 3326 2737 diligebat,
3354 2666 3535 2721 eidem

1945 2760 2111 2825 istuc,
2148 2768 2209 2814 ut
2232 2759 2521 2815 liberrime
2553 2760 2879 2815 consulturo
2917 2769 3285 2831 suggesserat.
3326 2756 3533 2812 Contra

1941 2852 2060 2907 hac
2118 2853 2199 2907 sic
2257 2853 2537 2922 ingressus
2585 2861 2670 2906 est
2727 2866 2957 2920 magnus
3017 2852 3408 2905 domesticus:
3469 2850 3536 2903 Iit

1944 2944 2118 3014 prima
2147 2948 2424 2999 sententia
2457 2944 2595 2998 mihi
2626 2943 2950 3009 inhumana,
2996 2954 3054 2997 et
3092 2942 3265 2997 altera
3311 2942 3538 2997 saevitiae

1942 3046 2110 3107 atque
2138 3036 2506 3090 immanitatis
2545 3035 2775 3089 modum
2817 3048 3037 3089 omnem
3073 3048 3410 3103 exsuperare
3457 3033 3536 3086 vi-

1946 3128 2134 3183 detur.
2199 3127 2570 3194 Quamobrem
2634 3135 2879 3195 spectata
2942 3124 3219 3189 utilitate,
3260 3125 3328 3177 ab
3380 3124 3536 3177 hisce

241 3220 358 3274 ἀλλ’
391 3222 543 3286 ὅπως
569 3223 719 3292 ἡμᾶς
766 3222 966 3286 αὐτοὺς
992 3222 1225 3286 ἀπαθεῖς
1267 3223 1697 3296 διατηρήσωμεν
1736 3241 1836 3278 κα-

1945 3222 2193 3278 consiliis
2214 3221 2612 3285 recedendum,
2644 3236 2708 3276 ac
2732 3219 3018 3291 prioribus
3046 3216 3535 3274 adhaeresceuduut

242 3310 357 3364 κῶν
404 3311 508 3384 (είς
551 3311 709 3364 τοῦτο
747 3311 858 3383 γάρ
893 3313 991 3366 καὶ
1043 3310 1524 3382 συνεληλύθειμεν,
1581 3310 1732 3374 ὅπως
1761 3309 1841 3382 τῷ

244 3400 349 3469 μὲν
380 3400 491 3453 τῶν
525 3399 793 3470 βασιλέων
818 3401 1186 3472 ἀδικουμένῳ,
1239 3401 1378 3455 Θεοῦ
1408 3402 1838 3472 συναιρομένου,

242 3492 337 3543 καὶ
359 3490 461 3562 τὴν
496 3489 645 3563 ζωὴν
673 3491 1096 3564 διατηρήσωμεν
1127 3492 1222 3546 καὶ
1251 3494 1350 3561 τὴν
1376 3494 1568 3567 τιμήν)
1601 3512 1616 3525 ο
1649 3497 1727 3568 τῷ
1760 3496 1838 3563 δὲ,

242 3587 523 3658 μηδεμιᾶς
548 3587 948 3675 ἀκολουθρύσης
972 3587 1242 3658 ἀνάγκης,
1285 3588 1409 3660 μηδ’
1439 3590 1520 3653 είς
1546 3591 1645 3663 τὴν
1673 3591 1839 3661 τιμὴν

240 3680 674 3752 παρενοχλῆσαι,
729 3681 896 3751 μήτοι
935 3696 1002 3748 γε
1058 3680 1158 3751 τὴν
1189 3678 1356 3752 ζωήν.
1409 3682 1627 3735 Τούτων
1666 3680 1840 3746 οὕτως

235 3772 495 3842 ἀλλήλοις
523 3773 740 3825 ἐναντία
774 3770 1239 3842 βουλευομένων,ὁ
1274 3773 1374 3840 μὲν
1413 3773 1671 3843 βασιλεὺς
1704 3774 1841 3827 καθ-

238 3864 382 3933 ῆστο
446 3864 603 3932 σιγῇ,
652 3862 760 3916 τῶν
789 3862 1105 3930 λεγομένων
1134 3860 1559 3934 ἐπακροὼμενος
1580 3880 1595 3894 ⁸
1644 3867 1673 3918 ὁ
1706 3866 1844 3935 Συρ-

148 4009 155 4015 _
238 3957 473 4027 γιάννης
502 3954 560 4008 δὲ
593 3953 686 4007 τὸν
733 3953 894 4023 λόγον
922 3951 1235 4019 ἀναλαϐὼν,
1291 3955 1358 4007 ὲκ
1416 3954 1528 4008 τῶν
1582 3957 1845 4009 ἐναντίων

238 4048 548 4117 ἀντιλέγων
603 4046 742 4118 πρὸς
804 4047 898 4100 τὸν
946 4046 1123 4117 μέγαν
1168 4046 1494 4119 δομέστικον
1526 4048 1630 4120 ἔφη
1656 4063 1674 4080 ⁸
1729 4049 1843 4121 Τῆς

240 4140 600 4211 ἀνθρωπίνης
647 4137 864 4210 φύσεως
894 4139 955 4194 τὸ
987 4138 1167 4204 ἐνδεὲς
1207 4140 1464 4212 ἐχούσης,
1496 4140 1594 4196 καὶ
1623 4142 1721 4210 τῆς
1754 4159 1844 4195 τε-

240 4232 396 4294 λείας
444 4231 557 4285 τῶν
607 4230 781 4287 ὄντων
830 4230 1091 4300 γνώσεως
1138 4228 1606 4305 ἀπολειπομένης,
1647 4233 1840 4288 οὐδένα

240 4323 357 4376 δεῖν
389 4321 549 4394 οἶμαι
580 4325 692 4386 τοῖς
714 4323 810 4378 ἀπ’
844 4324 1024 4395 ἀρχῆς
1076 4324 1419 4397 δεδογμένοις
1452 4326 1743 4399 ἐμμένειν,
1772 4330 1839 4384 ἂν

154 4488 163 4491 _
245 4417 387 4483 μετᾶ
413 4414 593 4469 ταῦτα
628 4413 825 4486 βελτίω
883 4418 1142 4472 τάναντία
1174 4419 1459 4491 φαίνηται,
1515 4420 1627 4490 ἢεί
1680 4422 1842 4476 τοῦτο

244 4508 527 4580 κρατήσῃ,
551 4507 653 4560 οὐκ
682 4506 750 4561 ἂν
803 4507 999 4576 φθάνοι
1029 4507 1188 4562 πάντ’
1214 4509 1329 4564 ἀνω
1358 4511 1452 4564 καλ⁵
1506 4512 1658 4565 κάτω
1683 4512 1839 4583 γενό-

1943 3318 2246 3380 constituo,
2302 3316 2842 3385 providendumque,
2897 3327 3009 3367 non
3054 3327 3296 3383 quonam
3369 3322 3535 3382 pacto

1944 3410 2334 3484 imperatorem
2358 3409 2703 3464 atrocissime
2725 3406 3162 3475 multemus,_sed
3188 3421 3294 3475 qua
3318 3406 3534 3459 ratione

1943 3517 1972 3557 a
2002 3502 2484 3572 nostrisipsorum
2536 3500 2851 3557 cervicibus
2877 3500 3106 3555 exitium
3133 3498 3536 3570 prohibeamus

1943 3594 2134 3665 (hujus
2163 3595 2312 3648 enim
2341 3609 2471 3663 ergo
2526 3592 2914 3660 convenimus,
2955 3599 3017 3645 ut
3050 3591 3279 3645 alterius
3307 3589 3531 3660 quidem

1943 3685 2143 3755 injuria
2200 3684 2311 3739 laesi
2370 3684 2539 3738 vitam
2592 3683 2998 3753 honoremque,
3058 3682 3173 3737 Deo
3228 3695 3332 3737 nos
3389 3681 3531 3737 bene

1943 3779 2264 3848 adiuvante,
2303 3774 2605 3847 tueamur);
2650 3774 2878 3830 alterius
2908 3784 3116 3838 autem,
3151 3774 3300 3828 nulla
3333 3771 3532 3843 impel-

1945 3870 2093 3924 lente
2123 3870 2562 3932 necessitudine,
2604 3885 2675 3923 ne
2708 3869 2906 3923 honori
2942 3868 3167 3938 Quidem
3195 3906 3211 3931 ,
3266 3868 3398 3938 quid
3447 3867 3533 3921 di-

1945 3977 2066 4017 cam
2104 3961 2267 4015 vitae?
2302 3960 2799 4015 ineommodemus.
2835 3960 2948 4014 Illis
2973 3963 3078 4014 isto
3113 3960 3277 4014 modo
3306 3958 3533 4030 iudiciis

1947 4054 2337 4122 sententiaque
2393 4052 2859 4121 discrepantibus.
2893 4051 3083 4122 junior
3114 4051 3412 4120 imperator
3443 4066 3530 4105 se-

1945 4151 2103 4212 deus,
2144 4149 2345 4204 tacitus
2384 4163 2507 4218 quae
2566 4146 2900 4201 dicebantur
2951 4144 3319 4200 auscultabat.
3381 4142 3524 4197 Tum

1945 4240 2281 4313 Syrgiannes
2324 4254 2523 4310 magno
2579 4237 2884 4293 domestico
2927 4238 3007 4293 sic
3056 4237 3304 4293 occurrit
3346 4236 3533 4292 :Cum

1944 4330 2153 4402 ingenii
2182 4330 2413 4386 humani
2449 4330 2808 4386 imbecillitas
2854 4328 3159 4401 perfectam
3212 4340 3397 4384 rerum
3434 4344 3535 4383 co-

1943 4425 2248 4498 gnitionem
2272 4424 2443 4479 simul
2476 4422 2589 4495 (87)
2622 4423 2841 4493 assequi
2887 4432 3162 4492 nequeat,
3213 4421 3422 4475 nemini
3470 4421 3531 4475 iu

1942 4515 2031 4571 his
2083 4531 2205 4587 qua
2247 4514 2316 4569 ab
2357 4513 2519 4569 initio
2564 4513 2617 4568 ei
2654 4512 2770 4567 visa
2808 4521 2975 4577 sunt,
3014 4510 3530 4581 conquiescendum-

244 4616 406 4670 μενοι.
441 4602 543 4655 Ἂν
572 4600 681 4672 γὰρ
717 4600 847 4673 μήτ’
869 4601 1134 4674 ἔμπορος,
1189 4604 1317 4675 μήθ’
1350 4606 1380 4659 ὁ
1404 4607 1669 4678 γεωργὸς,
1703 4608 1836 4679 μήθ’

1942 4618 2096 4680 puto,
2120 4610 2163 4663 si
2186 4607 2540 4677 postmodum
2568 4605 2844 4661 contraria
2870 4592 3097 4660 meliora
3127 4604 3522 4675 apparuerint;

241 4692 272 4743 δ
301 4690 655 4763 κυϐερνήτης
709 4692 846 4764 πρὸς
870 4694 940 4748 τά
964 4695 1228 4750 δοκοῦντα
1257 4696 1514 4770 λυσιτελῆ
1550 4699 1835 4771 μεθαρμό.

245 4783 432 4853 ζηται,
468 4784 589 4838 ἀλλ’
615 4786 931 4855 ἀναγκαίως
988 4788 1206 4863 ἐμμένῃ
1251 4791 1362 4855 τοῖς
1397 4791 1495 4845 ἀπ’
1541 4793 1718 4863 ἀρχῆς
1744 4795 1834 4846 δε-

243 4876 559 4945 δογμένοις,
584 4878 796 4948 ταχέως
817 4881 845 4932 ὀ
899 4880 1371 4953 μὲνρκυεερνήτης
1408 4884 1592 4955 ἑαυτῷ
1622 4876 1831 4955 συγκα-

247 4968 454 5042 ταδύεῃ
486 4970 590 5040 τὴν
619 4968 757 5024 ναῦν
770 4972 1034 5025 ἐναντίων
1064 4976 1398 5043 κινηθέντων
1428 4976 1778 5048 πνευμάτων·
1803 4979 1832 5032 ὸ

246 5055 294 5108 δ’
322 5056 570 5129 ῑμ-πορος
593 5059 855 5131 ἐπανήξει
897 5062 1053 5126 κενὸς
1073 5064 1399 5135 χρημάτων·
1420 5068 1447 5119 ὁ
1487 5070 1732 5137 γεωργὸς
1774 5069 1831 5122 δὲ

249 5148 389 5218 πρὸς
416 5153 484 5222 τῇ
517 5150 631 5204 τῶν
664 5141 839 5206 πόνων
860 5157 1250 5227 ἀποστερήσει,
1275 5159 1368 5210 καὶ
1405 5157 1577 5228 βαθὺν
1604 5159 1834 5229 ὀφλήσει

247 5236 488 5305 γέλωτα.
521 5240 918 5313 Προσθήσομεν
947 5243 1005 5296 δέ
1039 5260 1093 5297 τι
1138 5247 1235 5297 καὶ
1262 5234 1372 5298 τῶν
1408 5249 1628 5301 οἰκείων
1656 5265 1837 5321 παρα-

247 5332 584 5401 δειγμάτων.
610 5334 725 5388 Οὐκ
750 5335 818 5389 ἂν
841 5336 963 5391 οὐδὲ
1025 5340 1331 5410 στρατηγὸς
1383 5343 1495 5405 τοῖς
1535 5341 1633 5397 ἀπ’
1657 5343 1833 5413 ἀρχῆς

1942 4698 2152 4769 alioqui
2183 4698 2331 4753 aliud
2372 4698 2480 4752 alio
2510 4697 2645 4751 ferri
2669 4737 2685 4762 ,
2729 4697 3061 4765 miscerique
3093 4710 3158 4751 ac
3204 4695 3525 4766 perturbari

1940 4793 2124 4849 omnia
2149 4807 2374 4849 necesse
2404 4803 2513 4848 est.
2545 4791 2602 4848 Si
2615 4793 2774 4866 enim
2799 4807 2902 4848 nec
2924 4801 3217 4856 mercator,
3244 4807 3345 4847 nec
3374 4791 3523 4862 agri-

1938 4890 2080 4950 cola.
2123 4903 2226 4943 nec
2283 4887 2622 4959 gubernator
2682 4898 2985 4959 perspectas
3044 4888 3418 4944 commoditati
3459 4901 3526 4943 se

1937 4980 2466 5043 accommodaverit.
2503 4996 2693 5037 verum
2728 4983 2784 5036 in
2811 4990 3074 5051 suscepto
3111 4981 3280 5036 semel
3312 4994 3519 5050 propo-

1937 5075 2046 5129 sito
2096 5087 2464 5143 perseverare
2516 5073 2800 5129 obstinate
2836 5073 3152 5135 imbiberit,
3213 5071 3304 5126 hic
3338 5071 3527 5125 ventis

1937 5164 2184 5219 adversis
2220 5164 2574 5234 surgentibus
2604 5163 2713 5219 cito
2760 5179 2958 5218 navem
3005 5178 3192 5218 secum
3241 5176 3519 5217 summer-

1938 5262 2049 5323 get,
2074 5254 2388 5326 negotiator
2419 5267 2687 5310 crumena
2709 5270 2879 5309 vacua
2910 5254 3132 5320 redibit;
3164 5264 3523 5323 aratorprac-

1939 5358 2024 5405 ter
2056 5347 2267 5403 laboris
2313 5346 2734 5404 frustrationem
2781 5346 3001 5418 publica
3057 5348 3224 5404 etiam
3261 5347 3522 5404 irrisione

1514 5476 1735 5541 Jacobi
1775 5481 2042 5545 Pontani
2073 5496 2264 5547 nota.

324 5596 443 5669 (87)
482 5598 978 5676 Yeﬁssimum_est,
1011 5601 1159 5676 quod
1188 5601 1267 5676 ait
1295 5618 1309 5657 ι
1340 5602 1444 5676 Oﬁ‘.
1484 5604 1554 5663 Μ.
1593 5605 1828 5670 Tullius.

250 5682 448 5744 omnes
482 5669 741 5744 homines
772 5670 915 5724 trahi
965 5669 1043 5726 et,
1091 5673 1234 5744 duci;
1269 5676 1337 5730 ad
1385 5669 1717 5744 cognitionis
1774 5669 1832 5731 et

252 5741 503 5810 scientia:
529 5740 916 5810 cupiditatem,
950 5751 1005 5795 et
1035 5745 1154 5796 veri
1187 5742 1409 5799 videndi
1436 5740 1478 5800 εῐ
1504 5756 1700 5802 natura
1731 5763 1832 5802 no-

257 5808 343 5861 bis
387 5808 776 5879 ingeneratum
829 5811 1194 5868 desiderium.
1245 5813 1351 5888 Sed
1402 5818 1531 5886 quia
1586 5818 1831 5888 cognitio

260 5889 447 5935 nostra
478 5896 705 5938 necesse
735 5891 821 5939 est
850 5897 951 5953 per
986 5898 1187 5939 sensus
1223 5884 1291 5939 ad
1333 5884 1578 5942 animout
1622 5884 1829 5950 véniat.

1942 5612 2227 5679 quomodo
2256 5626 2357 5667 nec
2389 5612 2554 5667 simul
2595 5611 2779 5667 omnia
2809 5610 3069 5668 sensibus
3098 5612 3406 5682 percipere,
3434 5614 3516 5669 sie

1940 5696 2044 5736 nec
2079 5686 2264 5754 omnia
2300 5683 2495 5736 eodem
2535 5693 2783 5752 tempore
2828 5683 2995 5737 simul
3031 5698 3367 5754 cognoscere
3388 5698 3521 5754 pos—

1939 5766 2154 5831 sumus.
2187 5752 2377 5820 Itaque
2408 5754 2710 5822 perlectam
2740 5752 3119 5824 c0gnitionem'
3133 5752 3289 5824 quasi
3315 5752 3520 5824 grada—

1942 5830 2039 5876 ttm
2071 5828 2437 5893 acqmrimus.
