4012 6612
437 359 541 451 ιοςι

1587 364 1912 428 IOANNIS
1955 367 2490 430 CANTACUZENI

3591 367 3697 435 104

431 480 675 562 ludetur.
724 479 866 548 Quin
893 479 1060 537 etiam
1101 481 1354 551 exempla
1409 497 1439 535 e
1473 498 1529 536 rc
1561 494 1745 538 nostra
1781 485 2005 554 adjiciao

2120 484 2372 552 ἐμμένων
2427 481 2892 552 βεϐουλευμένοις,
2942 480 3210 550 τρόπαιον
3259 482 3365 536 ἀπὸ
3389 483 3498 537 τῶν
3522 487 3696 540 πολι-

438 588 584 628 mus.
623 574 818 628 Nullus
854 573 1050 628 ductor
1094 574 1423 642 placitorum
1460 577 1702 644 priorum
1733 585 1912 638 tenax,
1946 577 2014 631 de

441 664 694 718 Lostibus
727 674 990 732 troprenm
1051 667 1226 735 eriget
1255 683 1268 731 ;
1303 667 1411 720 imo
1441 668 1675 735 turpiter
1705 678 1761 722 et
1800 668 2017 722 eﬂemi-

440 765 568 808 nate
609 755 785 808 victus
818 771 985 824 seque
1017 757 1360 827 militemque
1419 758 1694 828 perditum
1725 759 1846 815 ibit.
1879 759 2014 814 Nam

439 847 484 898 si
518 847 702 914 copias
741 862 867 900 snas
903 847 1239 902 adversariis
1270 850 1429 919 longe
1473 851 1730 919 majores,
1767 860 1822 904 et
1871 850 2016 905 bello

439 939 860 993 exercitatiores
884 955 1138 1004 censetis,
1177 940 1390 995 idcirco
1425 943 1610 1012 prmlio
1637 943 2014 998 dimicandum

442 1032 775 1093 decreverit,
799 1032 998 1086 deinde
1033 1034 1085 1086 in
1110 1044 1468 1104 conspectum
1495 1036 1738 1091 hostium
1765 1039 2014 1101 veniens,

439 1132 621 1193 οοελρι
655 1138 911 1187 numero,
948 1134 1002 1177 οι
1032 1141 1157 1190 llSll,
1189 1135 1243 1179 οι
1271 1142 1550 1182 armorum
1577 1139 1839 1198 apparatu
1880 1131 2019 1184 mul-

444 1215 514 1268 tis
554 1213 803 1282 partibus
837 1214 1153 1281 superiores
1183 1215 1482 1280 viderit,et
1516 1219 1643 1287 quia
1667 1220 2016 1289 anticipatam

441 1307 757 1376 Opinionem
787 1309 1044 1363 deserere
1068 1324 1176 1362 non
1215 1309 1351 1374 vult,
1389 1310 1795 1366 inconsiderate
1829 1328 1893 1366 ac
1930 1323 2012 1367 te-

442 1415 594 1454 mere
625 1402 798 1469 signis
827 1401 997 1454 illatis
1026 1401 1359 1462 conﬂixerit.
1387 1403 1584 1471 ecquid
1617 1404 1776 1457 talem
1819 1406 2017 1459 ducem

444 1489 642 1543 insano
705 1506 898 1558 parum
931 1491 1198 1545 interesse
1237 1492 1593 1561 negabimus'!
1623 1493 1786 1549 Certe
1836 1498 2020 1550 neuti-

443 1595 631 1647 quam.
663 1581 850 1648 Itaque
880 1593 938 1636 et
977 1590 1031 1635 tu
1070 1583 1203 1635 mihi
1248 1583 1301 1636 in
1333 1598 1574 1651 praasens
1598 1585 2018 1642 admirationem

443 1684 781 1732 commoves,
812 1670 978 1725 homo
1013 1687 1044 1725 a
1071 1671 1307 1741 pueritia
1334 1688 1509 1743 usque
1539 1673 1606 1727 ad
1635 1674 1740 1728 hoc
1761 1677 1937 1731 a-tatis
1965 1677 2018 1731 in

443 1760 642 1814 militia
672 1769 730 1816 et
765 1760 1098 1818 militaribus
1137 1773 1388 1819 versatus
1428 1765 1732 1829 laboribus,
1779 1767 1910 1824 dum
1940 1770 2020 1823 af-

2121 572 2261 640 μίων
2293 573 2618 644 ἀναστήσει·
2669 572 2786 625 ἀλλ’
2835 573 3078 642 αἰσχρῶς
3128 572 3222 627 καὶ
3255 573 3498 641 ἀγεννῶς
3529 577 3702 646 ὴττηο

2119 661 2252 727 θεὶς,
2318 663 2763 730 συγκινδυνεύσει
2824 667 2939 727 τοῖς
2991 664 3378 734 στρατιώταις.
3440 666 3538 718 “Av
3588 666 3703 737 γὰρ

2121 754 2300 825 συμϐῇ
2325 755 2486 824 τυχὸν
2520 756 2618 825 τὴν
2680 756 2778 825 μὲν
2819 756 3012 809 ἑαυτοῦ
3067 757 3331 827 στρατιάν
3385 757 3702 811 πολλαπλα-

2121 844 2271 898 σίονα
2319 846 2426 899 τῶν
2464 846 2740 916 πολεμίων
2773 848 2867 901 καὶ
2901 849 3040 915 πρὸς
3086 848 3156 901 τὰ
3189 848 3464 917 πολεμικὰ
3497 849 3702 919 μᾶλλον

2119 934 2440 1005 ἠσκημένην
2466 936 2743 1005 ἡγεῖσθαι,
2771 937 2867 990 καὶ
2886 937 2976 992 διὰ
2998 939 3159 990 τοῦτο
3199 939 3310 991 δεῖν
3338 938 3702 1010 βουλεύσηται

2123 1027 2303 1096 μάχην
2324 1027 2642 1092 συνάπτειν,
2663 1025 2761 1082 εῐτ’
2779 1031 2870 1082 ἐπὶ
2892 1029 3000 1082 τῶν
3025 1031 3369 1100 πραγμάτων
3387 1031 3577 1096 ἐλθὼν,
3599 1032 3703 1101 τὴν

2118 1115 2226 1170 τῶν
2250 1118 2507 1171 ἐναντίων
2541 1118 2623 1189 ῐδῃ
2652 1119 2749 1174 καὶ
2780 1118 2856 1188 τῷ
2893 1120 3091 1190 πλήθει
3115 1121 3207 1174 καὶ
3241 1123 3306 1192 τῇ
3339 1122 3572 1190 ἀσκήσει
3603 1121 3704 1175 καὶ

2119 1211 2230 1270 τοῖς
2261 1211 2445 1272 ὅπλοις
2479 1209 2856 1280 ὑπερέχουσαν
2911 1211 3092 1281 πολλῷ
3141 1210 3218 1280 τῷ
3257 1212 3442 1282 μέτρῳ
3467 1228 3500 1286 Ἀ
3532 1211 3617 1265 διὰ
3643 1213 3702 1266 δὲ

2119 1299 2180 1350 τὸ
2215 1299 2290 1370 μὴ
2314 1298 2472 1352 λῦσαι
2513 1301 2580 1354 τὰ
2611 1301 2934 1371 δεδογμένα,
2963 1302 3265 1370 ἀλογίστως
3314 1303 3702 1374 συμπλέκηται

2122 1392 2216 1444 καὶ
2242 1392 2592 1462 παραϐόλως,
2619 1393 2718 1446 οὑκ
2752 1392 2818 1448 ἂν
2841 1394 3008 1462 ἔγγὺς
3027 1395 3120 1448 τοῦ
3150 1396 3438 1465 μαίνεσθαι
3461 1399 3702 1467 φαίημεν

2120 1482 2214 1535 τὸν
2269 1483 2574 1553 στρατηγὸν
2625 1484 2864 1550 έκεῖνον;
2893 1486 3064 1539 Ιιαντί
3105 1503 3208 1538 που
3247 1486 3432 1556 δῆλον.
3475 1488 3568 1542 Διό
3605 1505 3704 1556 μοι

2123 1575 2219 1628 καὶ
2262 1574 2323 1628 σὲ
2354 1574 2447 1630 νῦν
2494 1576 2677 1630 ἔπεισι
2715 1577 3041 1648 θαυμάζειν,
3077 1578 3252 1642 οὑτως
3277 1581 3705 1651 ἀποφηνάμενον
3742 1569 3748 1572 ’

2121 1665 2198 1728 ὡς
2243 1665 2350 1736 χρὴ
2407 1669 2518 1730 τοῖς
2578 1667 2636 1732 ἐξ
2681 1668 2856 1738 ἀρχῆς
2897 1668 3243 1739 δεδογμένοις
3305 1671 3585 1740 ἐμμένειν,
3635 1674 3704 1726 ὲκ

2123 1757 2346 1828 πρώτης
2365 1758 2579 1829 ἡλικίας
2603 1761 2660 1823 ἐς
2691 1760 2806 1814 τάδε
2829 1760 3042 1832 χρόνου,
3081 1762 3396 1832 στρατείαις
3446 1765 3543 1817 καὶ
3589 1768 3702 1828 τοῖς
3777 1770 3786 1776 ’

445 1853 630 1907 ﬁrmas
661 1892 677 1916 ,
733 1869 854 1924 qua
905 1871 934 1909 a
989 1857 1266 1927 principio
1308 1860 1563 1915 statuerit
1617 1861 1911 1930 quispiam,
1949 1861 2018 1918 iis

2121 1848 2186 1899 hc
2218 1849 2502 1918 στρατείας
2565 1851 2986 1922 ὲνδιατρίψαντα
3029 1852 3232 1921 πόνοις,
3279 1853 3513 1908 τοῦτοδὲ
3541 1857 3704 1926 ἡγνο-

442 1944 662 2005 allixum
685 1960 808 2002 esse
841 1958 1137 2016 oportere,
1172 1963 1275 2004 nec
1305 1949 1417 2004 scis
1461 1950 1546 2004 vel
1595 1966 1705 2005 uno
1757 1951 2021 2021 temporis

443 2048 648 2105 puncto
675 2039 780 2109 31
810 2056 996 2097 rerum
1038 2040 1401 2110 plurimarum
1426 2044 1886 2099 commutationes
1925 2059 2020 2099 so-

441 2129 558 2185 lere
590 2130 728 2187 ﬁeri.
751 2132 956 2187 Adhzec
975 2147 1207 2203 magnus
1230 2133 1568 2189 domesticus
1593 2135 1673 2190 sic
1709 2135 2016 2205 respondit:

441 2223 557 2293 Ego
575 2239 704 2278 vero
741 2226 1055 2280 mortalium
1087 2226 1271 2281 adhuc
1305 2227 1516 2282 nullum
1543 2267 1559 2292 ,
1603 2226 1794 2282 saltem
1827 2230 2023 2299 paulu—

442 2316 554 2370 lum
589 2327 772 2372 mente
811 2318 1109 2380 valentem,
1141 2318 1215 2372 ita
1252 2329 1572 2389 perpetuam
1607 2319 1661 2374 in
1715 2321 1889 2390 prima
1923 2321 2022 2375 ali-

440 2425 551 2477 qua
617 2409 904 2464 voluntate
959 2407 1408 2478 permansionem
1485 2412 1706 2468 sibimet
1757 2412 2022 2470 indixisse

440 2500 635 2564 credo.
663 2511 722 2555 ut
749 2515 870 2555 eam
901 2509 1110 2570 postea,
1141 2501 1356 2558 tametsi
1378 2503 1603 2557 meliora
1644 2518 1704 2558 se
1729 2504 2019 2571 oll‘crrent,

443 2593 738 2648 immutare
771 2594 1182 2650 detrectaverit.
1207 2593 1288 2650 Te
1316 2608 1537 2665 quoque
1569 2595 1746 2665 ipsum
1779 2597 2023 2653 arbitror

441 2701 552 2739 non
581 2686 829 2756 potuisse
874 2693 987 2742 tam
1051 2685 1343 2741 immodice
1381 2687 1518 2741 mihi
1570 2689 1890 2753 conviciari,
1927 2703 2023 2746 aut

441 2779 511 2832 de
543 2777 712 2832 rebus
742 2779 880 2832 adeo
909 2779 1200 2833 commode
1232 2795 1294 2835 ac
1319 2795 1448 2835 vere
1472 2780 1648 2850 loqui,
1679 2781 1782 2836 nisi
1814 2783 2024 2854 pariter

444 2883 660 2922 mecum
693 2869 952 2922 sentires.
983 2867 1219 2922 Tantum
1246 2879 1429 2925 autem
1457 2871 1526 2926 ab
1546 2871 1640 2926 illo
1662 2871 1830 2938 disto,
1856 2888 2020 2942 quem

446 2971 503 3014 tu
541 2976 627 3015 me
653 2960 945 3025 describis,
975 2968 1035 3014 ut
1064 2970 1172 3015 tam
1216 2961 1270 3016 in
1305 2961 1546 3032 publicis
1597 2977 1762 3032 quam
1797 2963 2024 3032 privatis

443 3052 945 3107 deliberationibus
970 3095 984 3119 ,
1024 3069 1148 3108 cum
1183 3055 1516 3110 sententiam
1566 3055 1912 3124 probabilem
1967 3067 2025 3112 et

443 3145 523 3199 rei
562 3148 857 3216 proposita:
890 3145 1186 3200 utilitatem
1218 3145 1484 3214 opinione
1529 3160 1649 3199 mea
1673 3145 1908 3200 maxime
1939 3155 2022 3200 at-
2046 3185 2088 3244 ϐ

446 3239 748 3307 tingentem
810 3252 1188 3308 saepenumero
1240 3237 1635 3306 protulissem,
1685 3237 1885 3293 deinde
1923 3237 2017 3294 ubi

447 3331 514 3383 ad
543 3331 686 3384 farta
736 3340 959 3384 ventum
1013 3329 1201 3396 fuerit,
1233 3339 1328 3385 aut
1370 3331 1439 3385 ab
1475 3331 1600 3396 alio,
1633 3347 1794 3402 quem
1835 3334 2018 3391 minus

445 3423 776 3493 prudentem
807 3421 1139 3491 judicarem,
1179 3432 1273 3476 aut
1299 3438 1329 3476 a
1367 3434 1569 3478 memet
1616 3439 1930 3493 persuasus,
1963 3427 2016 3482 in

442 3515 548 3568 alia
575 3516 762 3570 omnia
793 3514 1169 3569 discesserim.
1197 3513 1258 3569 ln
1306 3515 1410 3570 hoc
1449 3525 1632 3571 autem
1661 3519 1904 3588 negotio,
1949 3520 2018 3575 de

446 3624 558 3676 quo
605 3625 756 3662 nunc
791 3608 1187 3679 disceptamus,
1236 3623 1346 3663 non
1403 3623 1524 3678 quae
1563 3609 1739 3675 vobis,
1773 3611 1867 3666 sed
1899 3628 2020 3682 quae

441 3700 576 3753 mihi
625 3699 916 3764 videntur,
954 3700 1253 3767 probanda
1302 3700 1589 3766 existimo,
1640 3700 1806 3772 idque
1851 3703 2020 3772 pluri-

441 3793 548 3848 lius
581 3793 649 3846 de
698 3792 898 3847 causis.
937 3791 1178 3846 Primum
1211 3793 1358 3847 enim
1395 3809 1590 3848 manus
1641 3793 1694 3847 in
1727 3794 2019 3864 imperato-

443 3901 582 3948 rem,
631 3893 686 3938 et
720 3895 945 3938 unctum
997 3885 1212 3942 Domini
1259 3885 1371 3956 (88)
1408 3886 1656 3957 injicere,
1693 3887 1854 3958 eique
1902 3891 2018 3942 ani-

447 3993 592 4031 mam
662 3977 1056 4047 exstinguere,
1121 3993 1229 4032 non
1301 3979 1446 4048 apud
1519 3979 1777 4034 homines
1839 3980 2016 4035 solum

447 4071 737 4126 universos
780 4071 939 4125 venia
988 4081 1160 4134 caret,
1189 4072 1306 4134 sed,
1349 4070 1429 4148 uti
1455 4072 1758 4135 credimus,
1793 4075 1957 4127 etiam
1987 4089 2018 4128 a

440 4165 554 4218 Deo
586 4163 905 4234 huiusmodi
940 4166 1191 4216 facinora
1225 4162 1580 4217 acerbissima
1604 4162 1858 4218 mercede
1882 4179 2016 4234 pen-

441 4267 654 4310 santur.
699 4254 903 4308 Deinde
932 4270 1038 4307 non
1085 4258 1226 4308 ismc
1259 4253 1420 4308 nobis
1464 4269 1493 4307 a
1521 4253 1795 4324 principio
1820 4271 2020 4326 propo-

442 4351 689 4411 suimus,
738 4358 797 4402 ut
845 4349 1077 4401 alterum
1129 4348 1515 4416 imperatorem
1568 4349 1689 4402 neci
1736 4348 2014 4416 daremus,

443 4442 675 4495 alterum
735 4441 790 4493 in
837 4441 975 4492 solio
1020 4439 1418 4494 collocarcmus
1461 4457 1475 4493 :
1529 4439 1622 4493 sed
1660 4439 1898 4494 sollicito
1946 4441 2013 4496 ad

2119 1939 2312 2008 ηκότα,
2339 1939 2413 2003 ὠς
2438 1939 2537 2009 μία
2567 1941 2761 2012 καιροῦ
2785 1943 2927 2014 ῥοπὴ
2957 1944 3170 1998 πολλῶν
3199 1946 3414 2017 ποιήσει
3443 1949 3704 2018 πραγμά-

2118 2044 2228 2081 των
2271 2031 2594 2096 μεταόολάς.
2659 2033 2786 2087 Ἐπὶ
2839 2037 3053 2102 τούτοις
3103 2039 3132 2091 ό
3161 2038 3333 2110 μέγας
3379 2039 3703 2110 δομέστικος

2121 2113 2242 2172 εἷπε
2267 2121 2445 2174 τοιάδε
2465 2137 2481 2153 ο
2508 2123 2712 2178 υὺδένα
2742 2127 2948 2196 νομίζω
2978 2129 3089 2182 τῶν
3139 2129 3232 2183 καὶ
3261 2130 3511 2182 ὁπωσοῦν
3563 2146 3700 2199 μετ-

2121 2211 2416 2282 ειληχότων
2450 2216 2664 2285 φρενῶν
2689 2217 2860 2283 οὑτως
2894 2221 3084 2274 ἑαυτὸν
3111 2216 3191 2286 οἷς
3222 2221 3281 2288 ἐξ
3331 2223 3505 2295 ἀρχῆς
3547 2222 3705 2276 ἐϐου-

2121 2302 2352 2359 λεύσατο
2376 2310 2703 2363 πεπεικέναι
2739 2309 2974 2381 βεϐαίως
3005 2315 3286 2384 ἐμμένειν,
3322 2314 3462 2369 ὥστε
3493 2318 3570 2386 μὴ
3604 2333 3701 2386 με-

2120 2397 2430 2462 ταῦάλλειν,
2452 2401 2655 2470 ἑτέρων
2683 2403 2740 2454 ἐν
2763 2403 2976 2475 ὑστέρῳ
3007 2407 3346 2478 φαινομένων
3381 2407 3697 2478 βελτιόνων.

2123 2491 2234 2543 Καὶ
2265 2491 2323 2544 σὲ
2352 2492 2410 2544 δὲ
2465 2493 2630 2548 αὑτὸν
2666 2495 2767 2550 οὐκ
2807 2497 2874 2550 ἂν
2903 2499 3234 2572 εὐπορήσειν
3277 2502 3369 2555 ἐπ’
3421 2503 3546 2573 ἐμοὶ
3593 2503 3704 2556 λοι-

2122 2581 2310 2652 δορίας
2344 2582 2672 2656 ὑπερδολῆς,
2713 2588 2746 2658 ἢ
2776 2587 2920 2643 οὑτω
2953 2593 3082 2662 περὶ
3105 2593 3214 2646 τῶν
3241 2599 3586 2665 πραγμάτων
3609 2597 3703 2652 λέ-

2123 2691 2242 2743 γειν
2269 2674 2434 2746 ἔχειν,
2471 2679 2528 2730 ὲν
2557 2679 2793 2752 διαφορᾷ
2833 2686 3200 2738 καταστάντα.
3253 2685 3394 2756 Ἐγὼ
3421 2687 3477 2740 δὲ
3510 2689 3704 2744 τοσού-

2123 2782 2217 2820 του
2246 2768 2350 2821 δέω
2373 2771 2555 2823 ὁποῖον
2586 2767 2729 2826 εἶναί
2756 2790 2918 2841 φατε,
2953 2774 3092 2829 ὥστε
3118 2778 3223 2832 κάν
3252 2782 3363 2842 τοῖς
3393 2780 3698 2850 δημοσίοις,

2123 2862 2228 2912 κᾶν
2256 2863 2367 2924 τοῖς
2405 2863 2576 2928 ἰδίοις,
2608 2864 2788 2936 ψῆφον
2818 2867 2895 2932 ὡς
2947 2871 3126 2934 καλῶς
3170 2872 3419 2942 ἔχουσαν,
3463 2879 3556 2930 καὶ
3603 2877 3700 2932 τοῦ

2123 2953 2530 3020 λυσιτελοῦντος
2552 2958 2612 3012 τὸ
2634 2959 2812 3013 δοκεῖν
2835 2962 2893 3025 ἐς
2924 2963 2992 3017 τά
3038 2965 3272 3034 μάλιστα
3300 2969 3702 3041 ἐφικνουμένην

2127 3047 2258 3118 περί
2301 3065 2446 3112 τινος
2475 3050 2734 3124 πολλάκις
2765 3053 3090 3125 ἐξενεγκὼν,
3127 3059 3227 3130 ήδη
3254 3061 3310 3114 δὲ
3339 3063 3435 3116 καὶ
3471 3065 3605 3134 πρὸς
3639 3069 3700 3120 τὸ

2123 3140 2387 3208 πράττειν
2412 3142 2625 3212 χωρῶν,
2681 3144 2858 3198 ἔπειτ’
2881 3146 2912 3216 ἢ
2934 3149 3108 3220 ἑτέρῳ
3147 3151 3204 3204 τὸ
3229 3148 3398 3224 ἧσσον
3431 3156 3576 3227 ἔχειν
3602 3159 3698 3212 ἐπὶ

2119 3229 2198 3300 τῷ
2231 3235 2448 3302 φρονεῖν
2479 3235 2745 3300 δοκοῦντι,
2800 3238 2832 3308 ἢ
2868 3239 3026 3302 abte;
3063 3244 3285 3315 ἐμαυτῷ
3317 3235 3698 3316 τὴνέναντίαν

2122 3322 2365 3387 πεισθεὶς
2396 3324 2641 3397 είλόμην.
2678 3327 2797 3393 Ἐφ’
2831 3323 2909 3390 οἷς
2941 3329 2996 3382 δὲ
3022 3333 3140 3385 νυνὶ
3169 3335 3506 3406 σκοποῦμεν,
3535 3341 3698 3408 μάλιο

2123 3430 2222 3466 στα
2248 3415 2346 3483 μὲν
2377 3408 2452 3470 ὧν
2505 3419 2663 3486 ὑμεῖς
2719 3419 3063 3491 βουλεύεσθε,
3121 3425 3481 3498 ἀποσχέσθαι,
3540 3426 3614 3486 ὧν
3653 3433 3683 3486 δ

2119 3506 2143 3556 ὲ
2152 3509 2242 3575 μοὶ
2262 3509 2426 3574 δοκεῖ,
2439 3509 2546 3561 δεῖν
2563 3509 2780 3578 ἔχεσθαι
2801 3515 3009 3583 νομίζω
3036 3517 3249 3571 πολλῶν
3272 3520 3460 3578 ἕνεκεν
3482 3527 3695 3583 αἰτιῶν.

2121 3600 2344 3669 Πρῶτον
2382 3599 2482 3671 μὲν
2511 3603 2619 3672 γὰρ
2666 3603 2724 3656 τὸ
2763 3607 2920 3675 χεῖρα
2968 3611 3186 3680 κινῆσαι
3242 3615 3384 3668 κατὰ
3431 3617 3696 3686 βασιλέως

2120 3695 2213 3744 καὶ
2246 3693 2322 3759 τῷ
2344 3693 2461 3764 Θεῴ
2493 3699 2882 3766 κεχρισμένου,
2934 3701 3030 3754 καὶ
3064 3706 3342 3775 σωτηρίαν
3383 3710 3695 3785 ἀποστερῆο

2121 3801 2212 3836 σαι
2237 3785 2434 3857 ψυχῆς,
2468 3788 2529 3840 ού
2561 3789 2722 3859 μόνον
2754 3792 2932 3862 πάσης
2960 3796 3017 3849 έν
3049 3795 3361 3864 ἀνθρώποις
3384 3802 3695 3876 ἀπεστέρη-

2121 3893 2210 3929 ται
2245 3879 2596 3951 συγγνῶμης,
2646 3882 2783 3968 ἀλλά
2841 3887 2936 3938 καὶ
2982 3889 3131 3958 παρὰ
3153 3889 3275 3961 Θεῷ
3307 3891 3408 3958 τὰς
3459 3898 3695 3968 ἰσχάτας
3796 3915 3800 3920 ·

2119 3971 2226 4023 τῶν
2254 3972 2510 4025 τοιούτων
2539 3975 2717 4046 ἔργων
2757 3964 3106 4048 πεπείσμεθα
3161 3984 3374 4039 κεῖσθαι
3420 3987 3518 4052 τὰς
3547 3993 3668 4044 ἀντι

2119 4062 2311 4124 δόσεις.
2339 4063 2570 4117 Ἔπειτα
2597 4066 2676 4130 δὲ,
2713 4067 2833 4120 οὐδὲ
2867 4069 3025 4124 τοῦτο
3064 4071 3122 4138 ἐξ
3151 4073 3326 4145 ἀρχῆς
3357 4078 3691 4149 ὑπεθέμεθα,

2118 4153 2258 4206 ὥστε
2292 4156 2382 4208 τὸν
2421 4158 2522 4225 μὲν
2549 4158 2777 4225 ἀνελεῖν,
2811 4161 2903 4214 τὸν
2932 4162 2978 4215 δ’
3011 4165 3404 4236 ἐγκαθιδρῦσαι
3436 4175 3546 4235 τοῖς
3569 4173 3695 4244 096—

2118 4264 2230 4308 νοις
2275 4247 2380 4300 τῶν
2415 4247 2716 4314 βασιλέων
2755 4252 2892 4306 ἀλλὰ
2948 4255 3115 4311 πολύν
3162 4275 3282 4312 τινα
3330 4261 3422 4315 τὸν
3481 4265 3692 4320 δικαίου

2119 4339 2432 4409 ποιούμενοι
2466 4341 2644 4408 λόγον,
2708 4344 2936 4414 ἀμύνειν
2971 4347 3047 4418 τῷ
3075 4349 3178 4420 νέῳ
3218 4354 3691 4427 προύθυμὴθημεν

2122 4427 2371 4498 βασιλεῖ,
2400 4431 2741 4505 ἀδικουμένῳ
2780 4452 2842 4487 τε
2874 4439 3001 4507 περὶ
3042 4440 3138 4510 τὴν
3173 4443 3368 4514 ἀρχὴν,
3401 4447 3495 4500 καὶ
3523 4449 3691 4502 δεδοι-

439 4534 710 4596 jnstitiam
756 4541 1028 4600 rcSpectu,
1080 4531 1381 4586 studiosius
1430 4531 1497 4585 ad
1549 4531 1598 4584 ei
1631 4531 2015 4600 opitulandum

2122 4524 2238 4575 κότι
2259 4525 2386 4594 περὶ
2415 4524 2475 4577 τὸ
2506 4525 2868 4595 ζῇν.”Ατοπον
2895 4525 3010 4597 οὖν,
3037 4533 3115 4602 τῷ
3145 4535 3244 4604 μὲν
3277 4538 3374 4590 σὺν
3395 4539 3472 4611 τῷ
3495 4541 3690 4596 δικαίιν

446 4627 820 4687 incubuinms,
859 4625 951 4694 qui
984 4632 1041 4678 et
1074 4623 1141 4678 de
1179 4623 1427 4692 imperio.
1463 4633 1516 4677 et
1545 4623 1612 4678 de
1654 4624 1760 4677 vita
1791 4639 2018 4679 conser-

445 4717 624 4770 vanda
676 4717 972 4769 laboraret.
1023 4714 1338 4768 Absurdum
1387 4714 1684 4784 estigitur,
1716 4714 2018 4786 buicjuste

444 4809 738 4878 imperium
777 4807 1080 4869 vindicare,
1116 4806 1194 4860 illi
1232 4807 1430 4876 injuste
1454 4809 1618 4860 etiam
1651 4807 1927 4876 spiritum,
1961 4816 2017 4862 et

445 4902 764 4971 sanguinem
810 4902 1026 4970 eripere
1060 4917 1071 4951 :
1121 4911 1175 4955 et
1203 4916 1346 4969 qum,
1389 4901 1432 4955 si
1473 4901 1524 4954 in
1562 4901 1727 4955 alium
1761 4902 2014 4970 designa-

444 5004 637 5048 rentur
671 4992 738 5045 ab
765 4991 908 5056 aliis,
942 4991 1322 5044 etudclissima
1355 4991 1702 5052 duceremus,
1741 4990 1805 5044 iis
1838 4991 2009 5042 multo

437 5085 755 5139 crudeliora
809 5098 908 5136 nos
967 5075 1113 5150 ipsos
1153 5084 1206 5134 in
1237 5082 1620 5150 imperatorem
1671 5081 2011 5134 machinatus

441 5178 619 5231 rideri
657 5195 669 5228 ;
703 5186 756 5230 et
781 5177 928 5230 velut
961 5177 1012 5228 in
1047 5176 1476 5248 trutinahrebus
1508 5176 1561 5228 in
1592 5189 1696 5228 una
1729 5175 1883 5227 lanc‘:
1912 5174 2009 5230 dc-

438 5270 814 5338 vergentibus,
868 5269 932 5321 ad
973 5267 1210 5321 similem
1247 5267 1670 5336 inaequalitatem
1697 5281 1761 5318 ex
1791 5276 2009 5319 contra-

2119 4617 2216 4684 τὴν
2248 4617 2418 4687 ἀρχὴν
2448 4620 2850 4688 κατακτᾶσθαι,
2888 4622 2979 4676 τὸν
3011 4626 3056 4677 δ’
3100 4627 3302 4692 ἀδίκως
3343 4632 3691 4704 ἀφαιρεῖσθαι

2120 4709 2214 4759 καὶ
2238 4706 2333 4776 τὴν
2375 4708 2522 4778 ζωήν
2548 4727 2561 4740 ο
2597 4711 2694 4763 καὶ
2721 4711 2756 4764 ἃ.
2792 4715 2921 4782 περὶ
2951 4714 3040 4767 τδν
3079 4716 3176 4772 ἕνα
3209 4724 3558 4788 πραττόντων
3577 4727 3688 4778 έτέ-
3781 4737 3794 4748 '

2121 4813 2250 4870 ρων,
2284 4797 2390 4852 τῶν
2423 4801 2786 4854 ἀτοπωτάτων
2839 4803 3032 4870 ἐδόκει,
3085 4807 3292 4860 τούτων
3336 4811 3690 4886 χαλεπώτερα

2119 4908 2184 4942 πε
2197 4896 2247 4962 pl.
2269 4891 2356 4945 τὸν
2379 4893 2564 4964 ἕτερον
2592 4894 3050 4964 ἐξειργασμένους
3070 4899 3269 4963 αὐτοὺς
3301 4900 3532 4970 ὀφθῆναι
3557 4920 3570 4933 ·
3596 4909 3691 4959 καὶ

2119 4982 2304 5054 ὥσπερ
2359 4987 2418 5036 ἐν
2474 4984 2657 5053 ζυγοῖς
2690 4985 2799 5038 τῶν
2831 4988 3179 5055 πραγμάτων
3211 4991 3295 5058 ἐφ’
3325 4993 3497 5063 ἑτέρῳ
3530 4997 3689 5064 μέρει

2119 5077 2521 5148 βαρυνομένων,
2547 5079 2640 5130 ἐπὶ
2681 5079 2779 5148 τὴν
2811 5078 2932 5149 ἴσην
2965 5081 3238 5152 ἀμετρίαν
3295 5085 3426 5155 πρὸς
3473 5087 3693 5142 τούναν-

2116 5172 2229 5222 τίον
2273 5172 2469 5233 αὐτοὺς
2527 5173 2882 5238 καταπιέσαι,
2933 5172 3051 5225 δέον
3105 5175 3199 5228 ὲπὶ
3238 5175 3298 5228 τὸ
3324 5178 3437 5230 ἴσον
3479 5180 3690 5247 ἀναγα-

2115 5266 2254 5331 γεῖν.
2292 5266 2364 5316 Οὑ
2392 5264 2498 5336 μὴν
2526 5263 2645 5316 οὑδὲ
2676 5265 2737 5315 τὸ
2761 5264 3030 5333 δήσαντας
3085 5271 3362 5338 φρουρεῖν,
3414 5269 3509 5323 τοῦ
3541 5271 3689 5335 ἅπαξ

1713 5399 1926 5460 Jacobi
1970 5398 2237 5458 Pontani
2274 5406 2462 5460 notae.

521 5524 632 5598 (88)
678 5523 969 5598 Loquitur,
1025 5533 1084 5576 ut
1140 5522 1307 5598 David
1337 5522 1432 5598 Lde
1482 5521 1646 5598 Sauli:
1699 5520 2011 5598 consuevit,

441 5591 624 5654 lib'llt
662 5591 786 5661 ιιιις
817 5595 1204 5664 t.lnterpretes
1236 5593 1533 5645 llibliurum
1571 5591 2016 5665 frequentissime

443 5684 634 5721 vocem
665 5666 904 5719 Graecam
935 5661 1149 5736 χριστὸς
1187 5668 1572 5736 retinuerunt,
1612 5672 1669 5736 u_t
1702 5661 1957 5736 lliegum
1995 5676 2008 5714 :

445 5739 739 5801 Loquimini
786 5754 810 5788 ε
833 5733 984 5789 runt
1014 5736 1116 5788 Deo
1149 5745 1196 5787 et
1232 5735 1421 5788 cluisto
1460 5733 1594 5800 ejus.
1647 5733 1700 5784 ln
1737 5733 1964 5785 Psalmis
1998 5749 2010 5784 :

444 5810 618 5865 Nolite
685 5819 898 5878 (turgere
962 5808 1182 5860 rltristos
1252 5823 1416 5859 τηεσε.
1473 5804 1707 5858 Salvum"!
1761 5801 2011 5854 Dominus

2119 5523 2369 5576 chi-istum
2399 5539 2577 5576 suum.
2633 5522 2789 5590 Apud
2840 5522 3040 5578 Lucam
3093 5525 3159 5580 de
3211 5527 3520 5585 Simeone:
3571 5531 3685 5587 Non

2117 5607 2349 5644 mserum
2382 5610 2435 5647 se
2473 5603 2711 5651 mortem,
2747 5595 2844 5646 nisi
2878 5598 3020 5663 prius
3057 5597 3250 5650 videret
3296 5599 3548 5655 climatum
3584 5603 3686 5656 Da-

2116 5663 2280 5732 mini;
2304 5671 2358 5716 et
2387 5666 2696 5718 sexcenties
2725 5666 2880 5719 alibi.
2913 5665 3126 5719 Dicitur
3162 5682 3370 5732 autem,
3406 5676 3465 5722 τὸ
3500 5681 3688 5727 unctus

2120 5731 2350 5809 Domini,
2388 5744 2520 5793 aut,
2566 5735 2792 5809 clm-istm
2844 5738 3076 5799 Domini,
3117 5753 3240 5792 cum
3287 5731 3691 5809 signiﬁcatione

2115 5806 2370 5869 maxima,
2399 5815 2553 5860 estet
2586 5805 2808 5859 verbum
2844 5809 3248 5876 gravissimum.
