4012 6606
298 429 389 490 105

1454 415 1999 479 HISTOI‘tlAllUM
2041 413 2269 476 LIBER
2307 415 2352 475 ῐ.

3423 410 3524 480 106

285 546 633 621 ἡμερώτερον
659 544 994 598 ἀποκτεῖναι.
1030 541 1152 604 Τοῖς
1188 540 1298 609 γάρ
1326 541 1382 592 ὲν
1414 539 1528 592 ἔθει
1552 541 1645 594 τοῦ
1693 540 1847 608 θερα-

1960 537 2038 590 ria
2091 544 2245 606 parte
2291 536 2517 590 alteram
2564 537 2775 592 lancem
2819 533 3148 605 deprimere,
3181 550 3304 590 cum
3338 536 3526 592 ambas

285 638 542 694 πεύεσθαι
563 638 652 690 καὶ
681 634 1119 705 δορυφορεῖσθαι,
1176 632 1554 702 φοὸερὼτερον
1601 631 1694 685 τοῦ
1722 635 1854 685 ἀποσ-

284 734 485 795 θανεῖν,
517 730 578 782 τὸ
620 729 752 798 παρ’
785 727 944 791 ἀξίαν
972 727 1366 794 κακοπραγεῖν.
1399 723 1491 776 Διὸ
1537 723 1633 776 καὶ
1667 723 1853 776 πολλοὶ

284 825 388 878 τῶν
434 819 786 891 ὑμνουμένων
865 816 1014 886 ποιρά
1077 815 1376 885 Ῥωμαίοις
1431 814 1852 884 αὐτοκρατόρων

293 912 488 982 μᾶλλον
537 912 746 964 εἴλοντο
779 909 1089 972 ἀποθανεῖν,
1141 907 1174 977 ἢ
1220 906 1419 970 ζῶντες
1449 906 1688 976 αἰσχρῶς
1733 905 1853 958 δου-

284 1004 454 1057 λεύειν
477 1002 849 1071 ἀτυχήσαντες
891 1001 1019 1069 περὶ
1077 999 1173 1061 τὰς
1206 998 1419 1067 μάχαςο
1456 996 1547 1049 καὶ
1594 995 1765 1064 χωρὶς
1793 993 1852 1048 δὲ

272 1096 499 1154 τούτων.
527 1093 586 1145 τὸ
620 1093 771 1162 παρά
803 1091 914 1144 τῶν
942 1090 1200 1159 φυλάκων
1243 1091 1320 1151 ὡς
1347 1088 1601 1158 δεσμώτῃ
1656 1104 1854 1156 προσε-

279 1188 478 1255 χόντων
511 1181 962 1254 περιῦὃρίζεσθαι
997 1181 1091 1235 καὶ
1123 1179 1506 1249 λοιδορεῖσθαι,
1552 1178 1752 1241 παντὸς
1783 1178 1852 1232 ἂν

279 1276 361 1344 εἴη
383 1275 706 1344 πικρότερον
730 1271 922 1334 ὓδατος
954 1269 1179 1338 Στυγός.
1209 1270 1328 1322 Ἔτι
1355 1268 1402 1322 δ’
1418 1267 1530 1320 οὐδ’
1553 1267 1852 1336 ἀσφάλειαν

278 1371 406 1436 ἡμῖν
431 1367 663 1437 παρέχει
698 1368 759 1419 τὸ
805 1368 1079 1435 δήσαντας
1121 1365 1403 1433 φρουρεῖν.
1443 1364 1542 1415 Ἂν
1577 1364 1686 1434 γὰρ
1717 1365 1854 1433 ὁτῳ-

279 1460 450 1528 δήτινι
499 1461 686 1528 τρόπῳ
725 1456 978 1527 δυνηθείη
1037 1455 1105 1508 τὰ
1132 1455 1308 1524 δεσμά
1358 1454 1664 1522 διαφυγεῖν,
1713 1455 1850 1526 ὅπερ

281 1550 408 1618 ἡμῖν
434 1550 693 1618 πρόσεστι
733 1547 864 1610 νῦν,
915 1547 976 1601 τὸ
1025 1546 1318 1611 δοκοῦντας
1365 1545 1667 1600 ἀδικεῖσθαι
1715 1563 1855 1617 καρε

282 1637 622 1708 ποῦοθαιτὴν
647 1639 904 1691 ἁπάντων
934 1637 1171 1704 εὔνοιαν,
1200 1639 1399 1708 ἐκείνῳ
1431 1637 1848 1708 περιστήσεταιο

279 1730 370 1782 καὶ
427 1730 784 1798 σφοδρότερον
829 1729 1131 1799 πολεμήσει
1188 1731 1502 1801 συμμάχοις
1550 1731 1852 1801 προθύμοις

277 1822 498 1882 καὶτοῖς
527 1821 827 1890 περιοίκοις
883 1820 1184 1892 βαρὸἀροις
1242 1824 1336 1876 καὶ
1374 1822 1662 1891 Ῥωμαίοις
1713 1824 1850 1892 χρώ-

279 1927 457 1980 μενος.
493 1913 622 1964 Ὅτε
648 1913 851 1976 τοίνυν,
892 1911 952 1964 τὸ
993 1912 1093 1982 μὲν
1156 1913 1481 1967 ἀποκτεῖναι
1533 1912 1851 1984 ἀλαστόρων

277 2003 370 2054 καὶ
396 2001 738 2070 ἀνδροφόνων
780 2003 1084 2071 ἐπιτιμίαν,
1116 2004 1178 2055 ού
1217 2003 1379 2070 μόνον
1419 2005 1568 2073 ἡμῖν,
1595 2004 1730 2056 ἀλλὰ
1761 2005 1853 2059 καὶ

279 2095 462 2146 παισὶν
500 2096 792 2165 ἡμετέροις
831 2094 1024 2148 ἔπειτα
1056 2096 1466 2165 προσάπτει,τὸ
1495 2095 1542 2148 δ’
1567 2097 1853 2165 εἴρξαντας

279 2188 552 2256 φρουρεῖν,
591 2187 728 2253 μετά
749 2186 841 2264 τοῦ
875 2185 1105 2257 αἰσχροῦ
1148 2188 1390 2249 καὶτοὺς
1426 2188 1687 2255 ἐσχάτους
1722 2189 1853 2241 ὕπο-

283 2277 470 2328 πτεύει
503 2277 806 2341 κινδύνους,
832 2280 927 2330 καὶ
955 2279 1232 2339 λυσιτελὲς
1272 2278 1388 2348 ἅμα
1419 2282 1511 2333 καὶ
1535 2281 1744 2335 δίκαιον
1766 2279 1848 2335 εῖ-

285 2383 370 2419 ναι
404 2368 626 2435 νομίξω,
659 2368 766 2420 τῶν
792 2369 1070 2438 προτέρων
1099 2371 1389 2439 ἐχομένους
1434 2371 1732 2442 λογισμῶν,
1759 2374 1852 2427 τὸν

283 2458 542 2528 ἡμέτερον
587 2459 812 2529 βασιλέα
869 2461 1156 2525 διασώζειν
1219 2464 1603 2533 ἀμυνομένους
1657 2465 1722 2519 ἀν
1764 2485 1850 2531 τις

282 2549 429 2622 ἐπίῃ.
471 2550 608 2604 Ἀλλ’
630 2553 796 2621 ἐρεῖς,
827 2553 892 2606 Ti
918 2552 1046 2618 οὖν,
1098 2553 1163 2606 ἂν
1195 2556 1564 2626 ἐπιστρατεύῃ
1595 2556 1850 2625 βασιλεὺς

283 2641 432 2709 ἡμῖν,
460 2643 528 2711 ού,
558 2641 876 2712 μαχούμεθα
918 2644 1087 2713 αὐτῷ,
1150 2644 1264 2699 οὐδ’
1320 2647 1748 2718 ἀποκτενοῦμεν,
1782 2649 1850 2702 ἂν

274 2731 418 2784 οὕτω
449 2735 722 2804 συμσαίης
760 2736 1009 2788 Μάλιστα
1050 2737 1148 2806 μὲν
1180 2732 1273 2791 οὖν
1300 2738 1659 2808 ἀμυνούμεθα
1695 2742 1845 2812 πάσῃ

276 2823 502 2893 δυνάμει
532 2840 547 2854 ο
577 2826 690 2880 ἀλλ’
719 2828 779 2879 οὐ
812 2827 898 2880 τὸν
944 2829 1109 2882 αὑτὸν
1170 2831 1281 2900 ἔχει
1341 2831 1402 2883 τό
1440 2847 1500 2884 τε
1553 2835 1848 2903 κατάρχειν

276 2917 370 2968 καὶ
393 2919 453 2970 τὸ
484 2919 798 2987 ἀμύνασθαί
826 2937 968 2984 τινα,
1002 2922 1180 2990 λόγον.
1216 2924 1308 2994 Τῷ
1343 2925 1442 2995 μὲν
1457 2927 1578 2996 ογὰρ
1611 2928 1745 2997 πρδς
1767 2927 1846 2998 τῷ

275 3011 482 3083 αἰσχρῷ
524 3012 788 3080 πρόσεστι
820 3014 914 3069 καὶ
955 3015 1015 3067 τὸ
1049 3015 1288 3070 ἀδικεῖνο
1320 3017 1378 3070 τὸ
1423 3017 1470 3070 δ’
1505 3019 1844 3089 ἀμύνασθαι,

273 3101 408 3171 πρὸς
451 3101 530 3173 τῷ
585 3103 779 3175 δικαίῳ
809 3107 905 3159 καὶ
957 3105 1055 3177 τὴν
1103 3107 1210 3160 ἀπὸ
1244 3109 1351 3161 τῶν
1380 3108 1562 3180 ἔργων
1590 3109 1844 3166 εὔκλειαν

269 3191 404 3259 εχει.
436 3193 536 3247 Ἂν
567 3197 675 3266 γὰρ
697 3196 877 3268 συμϐῇ
901 3197 992 3259 τὸν
1031 3199 1480 3270 προκατάρχοντα
1512 3202 1703 3254 παθεῖν
1737 3218 1842 3255 κα-

268 3283 400 3346 κῶς,
421 3284 486 3337 ού
509 3260 590 3355 τῷ
611 3260 933 3358 ἀμυνομένῳ
953 3289 1050 3359 τὴν
1067 3260 1354 3355 ἀπόϐασιν,
1375 3289 1509 3344 ἀλλά
1536 3293 1612 3362 τῷ
1633 3293 1841 3348 ἐπιόντι
1870 3260 1916 3321 c

268 3373 602 3444 λογίζεσθαι,
634 3381 742 3432 τῶν
798 3381 975 3450 ἔργων
1023 3381 1257 3438 δίκαιον.
1308 3384 1470 3454 Ἡμῖν
1507 3385 1606 3453 μὲν
1634 3383 1725 3438 οὖν
1751 3384 1839 3440 ἐπ’

268 3469 560 3538 ἀμφότερα
617 3472 955 3540 γυμνάζουσι
982 3473 1074 3526 τὸν
1118 3473 1275 3543 λόγον
1305 3474 1590 3546 ἑκατέροις
1625 3476 1839 3549 εἴρηται

272 3561 467 3614 πολλὰ.
512 3563 730 3616 Βασιλεῖ
766 3566 823 3617 δὲ
855 3567 1070 3620 πάντων
1113 3569 1448 3638 ἀκροωμένῳ
1493 3552 1707 3633 ἐξέσται
1750 3570 1842 3625 τὸν

268 3652 377 3707 τῶν
401 3655 599 3708 ἀλιέων
629 3657 830 3726 τρόπον
856 3658 954 3725 τῆς
987 3660 1230 3729 σαγήνης
1273 3659 1443 3713 πολλά
1475 3662 1844 3733 περισχούσης

263 3746 332 3798 τά
360 3749 614 3816 χρήσιμα
643 3749 1008 3818 ἐκλεξαμένῳ,
1038 3750 1142 3801 τῶν
1162 3750 1449 3819 ἀχρήστων
1480 3751 1839 3821 ἀποσχέσθαι.

276 3837 409 3890 Ἐπὶ
451 3837 661 3899 τούτοις
707 3841 802 3890 aut
828 3839 937 3891 τῶν
979 3839 1156 3892 ἀλλων
1206 3839 1568 3909 συνθεμένων,
1621 3845 1714 3897 καὶ
1742 3847 1841 3914 τὴν

261 3925 546 3998 διάκρισιν
600 3928 709 3980 τῶν
737 3929 912 3997 λόγων
963 3931 1314 4000 ἀναθεμένων
1353 3934 1430 4002 τῷ
1463 3934 1688 4003 βασιλεῖ,
1718 3933 1841 3988 εἷπε

263 4025 354 4073 καὶ
389 4022 556 4086 αὐτὸς
577 4022 801 4112 τοιαῦτμ
821 4037 836 4052 ⁸

1959 627 2143 696 potius
2194 627 2262 682 ad
2315 637 2744 696 aequaruentum,
2784 643 2881 681 seu
2911 626 3279 696 aequilibrium
3306 642 3527 696 compo-

1953 735 2088 775 nere
2112 720 2432 775 debeamus.
2467 719 2577 775 Nec
2613 734 2746 774 vero
2778 720 2968 773 mitius
3005 734 3132 774 eum
3174 719 3525 784 habebimus,

1955 809 2000 866 si
2037 811 2281 866 vinctum
2322 810 2376 864 in
2410 810 2718 864 custodiam
2755 811 3063 874 tradamus,
3091 826 3254 880 quam
3286 813 3329 867 si
3355 803 3526 866 semel

1949 903 2403 974 jugulaverimus.
2439 902 2541 970 Qui
2576 903 2721 958 enim
2755 912 2864 957 tam
2900 903 3142 959 ofﬁciose
3167 906 3296 968 coli,
3322 906 3529 960 satelli-

1954 997 2140 1065 tioque
2184 1012 2402 1064 semper
2451 995 2644 1066 stipari
2689 1007 3119 1060 consueverunt,
3157 998 3226 1052 iis
3265 998 3379 1068 (89)
3412 1015 3529 1054 am-

1953 1089 2225 1157 plitudine
2269 1097 2325 1142 et
2377 1087 2642 1163 dignitate
2693 1103 2789 1141 sua
2831 1088 3038 1142 orbatis
3076 1091 3337 1146 adversos
3366 1107 3528 1145 casus

1953 1182 2207 1246 volvere,
2255 1181 2406 1236 letho
2465 1181 2585 1250 ipso
2653 1181 3094 1236 borribiliusest.
3157 1183 3294 1238 llinc
3341 1184 3530 1253 plures

1953 1271 2324 1328 Romanorum
2388 1272 2789 1342 imperatores,
2841 1290 3075 1344 quorum
3129 1277 3367 1330 celebris
3441 1286 3527 1331 est

1953 1362 2098 1430 apud
2135 1377 2381 1432 posteros
2412 1363 2707 1423 memoria.
2736 1365 2936 1433 praeliis
2960 1364 3043 1419 usi
3075 1357 3340 1429 adversis,
3359 1368 3526 1430 mori,

1954 1469 2116 1524 quam
2142 1454 2418 1525 indignam
2443 1455 2697 1509 hostibus
2717 1457 3036 1511 servitutem
3061 1459 3290 1522 servire,
3315 1461 3524 1513 malue-

1907 1569 1924 1585 -
1955 1554 2084 1598 runt
2133 1543 2271 1614 (90).
2311 1545 2582 1598 Prmterea
2621 1560 2651 1598 τι
2701 1545 3045 1612 custodibus,
3089 1558 3145 1601 ttt
3173 1548 3240 1601 ad
3276 1550 3523 1602 vinctum

1953 1636 2198 1702 attentis,
2249 1637 2448 1705 probra
2522 1646 2575 1690 et
2644 1641 3008 1695 contumelias
3078 1642 3310 1710 perpeti,
3390 1643 3526 1695 tales

1954 1727 2168 1779 animos
2203 1729 2394 1794 quavis
2441 1741 2579 1794 aqua
2619 1725 2802 1797 Stygia
2846 1729 3058 1782 cruciat
3108 1731 3347 1784 amarius
3391 1730 3524 1800 (9|).

1953 1815 2059 1884 32
2113 1816 2231 1870 lluc
2281 1816 2518 1878 accedit,
2559 1818 2706 1886 quod
2755 1817 2929 1871 nihilo
2955 1820 3269 1873 securiores
3296 1821 3543 1887 erimus,

1886 1905 1926 1958 Β
1954 1911 2000 1964 si
2078 1909 2286 1963 catenis
2337 1909 2554 1978 injectis
2609 1925 2734 1964 eum
2787 1911 2994 1964 carceri
3057 1910 3522 1965 mandaverimus.

1957 1999 2168 2069 Quippe
2201 2000 2246 2054 si
2293 2010 2412 2054 arte
2461 2001 2644 2070 aliqua
2700 2001 2826 2054 inde
2880 2002 3102 2072 elapsus
3147 2003 3338 2065 fuerit,
3375 2004 3526 2070 quod

1957 2093 2118 2146 hodie
2172 2093 2387 2148 abunde
2435 2092 2600 2148 datur
2647 2093 2830 2157 nobis,
2862 2103 2941 2159 ut,
2970 2110 3095 2149 cum
3129 2095 3317 2166 inique
3337 2095 3526 2151 nobis-

1953 2199 2079 2239 cum
2133 2187 2388 2242 videatur
2442 2197 2658 2253 actum,
2705 2189 2952 2242 omnium
2977 2188 3171 2244 favore
3194 2205 3258 2246 ac
3288 2189 3526 2244 benevo-

1953 2278 2122 2334 lentia
2149 2281 2518 2349 perfruamur,
2544 2291 2675 2335 tunc
2703 2281 2781 2335 illi
2809 2281 3054 2346 dabitur,
3081 2290 3136 2335 et
3161 2283 3356 2336 vicinis
3385 2283 3520 2337 Bar-

1953 2372 2102 2428 baris
2166 2374 2538 2440 Romanisque
2606 2374 2837 2442 impigre
2894 2375 3328 2444 adjuvantibus,
3384 2377 3524 2432 infe-

1950 2466 2121 2521 stiore
2155 2465 2208 2518 in
2245 2481 2347 2518 nos
2376 2465 2549 2519 Marte
2584 2465 2870 2534 pugnabit.
2896 2465 3032 2530 Quia
3078 2466 3244 2533 igitur
3272 2482 3302 2520 e
3339 2467 3522 2519 medio

1953 2558 2146 2612 tollere
2198 2557 2612 2626 imperatorem,
2658 2558 2817 2612 nobis
2851 2557 3152 2626 liberisque
3193 2560 3397 2612 nostris
3429 2576 3525 2612 ue-

1950 2649 2214 2703 fariorum
2287 2658 2452 2718 atque.
2496 2647 2900 2701 homicidarum
2951 2656 3135 2700 notam
3193 2647 3396 2712 iuuret,
3471 2648 3523 2700 in

1951 2755 2229 2796 carcerem
2282 2749 2464 2794 antem
2510 2739 2904 2808 compingere,
2967 2748 3165 2808 praeter
3208 2737 3330 2792 facti
3385 2737 3526 2792 infa—

1951 2834 2113 2887 miam
2164 2834 2330 2887 etiam
2389 2847 2730 2887 summorum
2772 2831 3039 2885 malorum
3107 2831 3436 2900 suspicionis
3459 2846 3524 2884 ac

1948 2925 2262 2982 formidinis
2311 2925 2534 2996 plenum
2583 2934 2668 2978 est
2706 2940 2722 2978 :
2755 2939 2821 2978 ex
2857 2939 3014 2993 aequo
3069 2931 3125 2977 et
3173 2923 3318 2976 bono
3372 2923 3521 2976 futu-

1948 3033 2071 3072 rum
2119 3017 2330 3082 sentio,
2384 3016 2438 3069 in
2495 3015 2728 3086 pristino
2774 3015 3006 3068 consilio
3049 3029 3414 3083 permanere,
3465 3024 3522 3068 et

1947 3111 2336 3180 imperatorem
2379 3121 2628 3165 nostrum
2677 3110 2982 3181 iuniorem,
3020 3111 3065 3164 si
3096 3126 3204 3179 qua
3237 3109 3319 3162 vis
3349 3110 3520 3164 exsti-

1946 3203 2104 3268 terit,
2155 3211 2331 3258 tutum
2372 3211 2658 3273 priestare.
2716 3201 2816 3255 llic
2870 3213 2926 3256 tu
2953 3201 3181 3271 objicies
3218 3199 3516 3266 :Quid?si

1949 3293 2136 3349 senior
2178 3309 2328 3347 arma
2378 3293 2539 3348 nobis
2579 3293 2847 3358 intulerit,
2891 3309 3001 3349 non
3032 3301 3221 3348 contra
3250 3292 3522 3362 pugnabi-

1949 3385 2106 3441 mus?
2150 3401 2263 3440 non
2311 3400 2458 3449 eum,
2504 3386 2549 3440 si
2593 3401 2713 3441 sors
2767 3387 2838 3440 ita
2883 3385 3042 3447 ferat,
3077 3383 3523 3438 trucidabimus?

1947 3477 2182 3533 Maxime
2227 3476 2334 3530 imo
2371 3475 2760 3546 pugnabimus,
2784 3487 2838 3530 et
2874 3475 3097 3544 quidem
3128 3475 3314 3529 nervis
3337 3473 3520 3528 omni-

1951 3571 2094 3636 bus;
2138 3585 2333 3625 verum
2362 3568 2511 3622 aliud
2542 3578 2626 3624 est
2668 3583 3072 3638 praoccupare,
3105 3576 3160 3621 et
3194 3567 3344 3621 aliud
3379 3567 3520 3620 resi-

1952 3672 2120 3722 stere.
2148 3661 2284 3717 lllud
2307 3669 2363 3717 et
2391 3671 2549 3731 turpe
2577 3661 2645 3716 ad
2671 3659 2892 3726 famam,
2923 3668 2979 3714 et
3005 3659 3267 3729 injustam
3295 3676 3310 3722 ;
3343 3657 3447 3712 boc
3468 3669 3520 3711 et

1951 3754 2274 3824 gloriosum,
2300 3752 2584 3822 etjustum
2616 3761 2966 3804 numeratur.
3004 3750 3158 3816 Quod
3186 3749 3230 3804 si
3257 3750 3517 3801 damnum

1947 3845 2223 3914 acceperit
2264 3844 2354 3911 qui
2391 3843 2706 3906 antevertit,
2744 3859 2926 3896 rerum
2952 3844 3156 3898 exitum
3191 3857 3301 3896 non
3331 3839 3521 3895 defen-

1949 3940 2082 4002 sori,
2108 3937 2202 3991 sed
2233 3936 2472 3989 invasori
2505 3935 2830 3988 condecebit
2851 3934 3147 3988 ascribere.
3178 3935 3260 3988 Ab
3286 3944 3518 4001 ultoqnc

1948 4029 2112 4099 igitur
2159 4036 2411 4079 nostrum
2454 4024 2510 4080 in
2551 4033 2842 4093 utramque
2887 4035 3098 4093 partem
3125 4026 3272 4078 velut
3307 4025 3520 4078 exerci-

264 4113 496 4168 tationis
538 4129 700 4170 causa
731 4111 864 4171 satis
896 4115 1103 4170 dictum
1134 4123 1238 4171 est.
1275 4115 1468 4172 Restat
1512 4124 1572 4170 ut
1625 4115 1922 4187 imperator
1985 4116 2188 4171 auditis
2218 4115 2474 4170 omnibus
2526 4129 2554 4166 a
2607 4111 2901 4182 principio,
2953 4128 3102 4168 more
3158 4114 3516 4183 piscatorum,

262 4207 424 4275 quasi
468 4219 501 4258 e
532 4221 729 4276 sagena
801 4207 1002 4263 multos
1046 4208 1224 4278 pisces
1289 4209 1673 4272 concludente,
1718 4209 1873 4264 utilia
1911 4211 2136 4278 deligat,
2181 4205 2398 4259 inutilia
2447 4203 2677 4275 rejiciat.
2746 4203 2860 4258 Hoc
2904 4203 3081 4274 ipsum
3109 4205 3199 4259 ubi
3233 4214 3287 4260 et
3319 4206 3514 4276 reliqui

266 4297 382 4351 duo
412 4313 638 4353 assensu
667 4299 971 4366 ﬁrmarunt,
1000 4310 1058 4354 et
1083 4301 1532 4373 dijutlicatimtem
1565 4303 1955 4358 controversia:
1985 4303 2162 4356 eidem
2192 4297 2534 4364 detulerunt,
2567 4297 2646 4352 sic
2679 4295 2926 4366 profatus
2959 4307 3041 4351 est
3077 4315 3092 4352 :

1544 4455 1760 4520 Jacobi
1794 4457 2056 4520 Pontatti
2091 4467 2278 4518 noue.

344 4622 459 4691 (89)
513 4619 572 4675 Id
615 4619 889 4688 praecipue
945 4612 1138 4691 tragici
1188 4629 1364 4689 poem
1409 4620 1571 4675 nobis
1615 4622 1834 4691 egregie
1869 4625 1911 4681 ι)
1941 4618 2208 4691 Catonem
2258 4618 2594 4691 Uticensem.
2649 4619 2864 4691 Quibus
2914 4618 3062 4691 adde
3111 4634 3180 4674 ex
3237 4617 3541 4676 Suetonio.

270 4690 495 4762 ponunt
525 4699 652 4743 ante
691 4691 905 4762 oculos,
966 4690 1096 4745 dum
1131 4691 1326 4762 heroas
1353 4700 1409 4744 et
1443 4691 1713 4762 lteroinas
1738 4690 1834 4746 sua

271 4760 602 4820 infortunia,
657 4760 1158 4828 tristissimamque,
1192 4770 1267 4828 et
1316 4760 1488 4813 beata:
1535 4761 1837 4828 quondam,

270 4846 336 4884 ac
363 4831 512 4884 felici
557 4829 715 4896 longe
747 4829 1022 4897 disparem
1054 4827 1436 4897 conditionem
1489 4827 1842 4896 deplorantes

270 4901 572 4952 inducunt.
611 4896 866 4964 Exempla
895 4898 1065 4951 inulta
1101 4896 1477 4965 suppeditabit
1507 4915 1650 4952 unus
1677 4899 1838 4952 Euri-

275 4970 456 5038 pides.
495 4968 608 5021 Nec
640 4977 747 5019 tam
781 4967 1093 5038 iucundum
1123 4976 1230 5028 est,
1263 4983 1330 5020 ex
1363 4967 1564 5038 allltcto
1599 4983 1661 5022 ac
1705 4983 1838 5035 per-

271 5037 392 5092 dito
444 5039 691 5098 beatum,
750 5053 910 5105 quam
955 5037 1214 5090 acerbum
1265 5052 1327 5090 ac
1378 5037 1716 5099 luctuosum,
1772 5052 1840 5090 ex

275 5109 441 5161 beato
498 5113 759 5159 miserum
801 5117 857 5159 et
902 5107 1280 5160 calamitosum
1311 5109 1565 5159 evadere.
1605 5105 1836 5166 Seneca,

270 5177 347 5232 De
375 5174 765 5244 tranquirlitate
793 5178 977 5236 animi,
1006 5192 1126 5243 cap.
1145 5176 1177 5228 8
1200 5194 1209 5225 :
1238 5174 1580 5230 Tolerabilius
1598 5189 1695 5237 est,
1719 5174 1843 5244 [αοὶο

270 5249 482 5317 (iusque
528 5263 631 5298 non
668 5250 959 5315 acquirere,
990 5262 1150 5315 quam
1181 5246 1439 5298 amittere.
1482 5245 1707 5314 Ideoque
1744 5245 1836 5297 lae-

268 5319 435 5370 tiores
468 5317 662 5369 videbis
693 5333 820 5385 quos
853 5333 1122 5386 nunquam
1153 5318 1368 5385 fortuna
1402 5317 1647 5384 respexit,
1681 5329 1842 5384 quam

267 5403 397 5458 quos
428 5387 679 5458 degruit.

343 5458 460 5525 (90)
501 5455 802 5525 Enumerat
829 5453 1013 5510 Valer.
1049 5455 1189 5510 Max.
1233 5454 1332 5509 lib.
1370 5470 1452 5518 nt,
1495 5469 1616 5522 cap.
1662 5451 1733 5525 2,7
1763 5451 1840 5505 De

267 5527 607 5652 fortitudine,
647 5524 706 5578 P.
749 5527 1029 5586 Crassum,
1069 5527 1162 5593 qui
1209 5541 1336 5579 cum
1371 5525 1680 5578 Aristonieo
1725 5524 1838 5575 bel-

294 5614 386 5652 um
414 5597 471 5650 in
515 5595 643 5650 Asia
691 5597 880 5652 gessit.
931 5594 1243 5652 Scipionem
1295 5595 1516 5652 Pompei
1555 5607 1835 5652 socerum,

294 5614 386 5652 um
414 5597 471 5650 in
515 5595 643 5650 Asia
691 5597 880 5664 gessit,
931 5594 1243 5664 Scipionem
1295 5595 1516 5665 Pompei
1555 5607 1835 5654 socerum,

514 5932 787 5994 Ριτποι.
827 5930 942 5990 Gn.
983 5933 1183 5996 CLIII.

1939 4689 2235 4759 Othonem.
2265 4691 2480 4742 Primus
2520 4688 2676 4742 hoste
2702 4690 2978 4748 lacessito.
3015 4689 3084 4742 ab
3114 4705 3182 4743 eo
3216 4701 3300 4743 est
3331 4692 3534 4759 inter-.

1937 4758 2137 4817 fectus,
2167 4759 2363 4820 reliqui
2399 4773 2498 4810 sua
2531 4773 2694 4810 manu
2728 4775 2916 4814 necem
2945 4759 3050 4811 sibi
3084 4760 3408 4821 intulerunt,
3438 4758 3508 4815 ne

1941 4831 2235 4880 servirent.
2267 4827 2371 4880 Sed
2403 4827 2631 4880 Catonis
2668 4827 2878 4882 facinus
2913 4844 3036 4882 cum
3081 4828 3150 4880 ab
3201 4829 3344 4892 aliis,
3389 4844 3506 4882 tum

1941 4897 2108 4950 etiam
2132 4910 2161 4948 a
2186 4895 2452 4949 Cicerone
2480 4895 2702 4949 laudent
2734 4899 2967 4952 invenit.
2996 4898 3155 4950 Putat
3179 4899 3353 4960 enim,
3380 4915 3507 4951 eum

1942 4967 1992 5018 ei
2024 4965 2403 5018 incredibilem
2433 4965 2720 5019 tribuisset
2753 4977 2948 5020 natura
2981 4967 3330 5034 gravitatem,
3355 4983 3507 5020 eam-

1941 5049 2048 5102 que
2075 5035 2193 5103 ipse
2225 5043 2490 5102 perpetua
2533 5036 2843 5090 constantia
2886 5037 3225 5097 roborasset,
3256 5050 3507 5102 Semper-

1941 5119 2049 5172 quc
2077 5105 2131 5156 in
2165 5106 2467 5172 proposito.
2501 5114 2868 5174 susceptoque
2903 5104 3136 5158 consilio
3171 5106 3506 5171 permansis-

1943 5183 2047 5244 set.
2083 5188 2287 5244 necem
2319 5175 2500 5240 potius
2533 5174 2636 5226 sibi
2671 5176 3237 5244 consciscerentluam
3286 5177 3507 5244 tyranni

1941 5242 2182 5314 Caesaris?
2204 5237 2414 5314 vultum
2443 5243 2688 5314 aspicere
2713 5245 2992 5314 debuisse.
3030 5237 3132 5314 ΟΙΪ.
3170 5258 3208 5298 t.

2015 5313 2125 5382 (9i)
2171 5313 2288 5382 ipsa
2316 5311 2475 5382 Styge
2503 5324 2586 5365 est
2614 5312 2720 5365 illis
2745 5313 3014 5382 odiosius,
3047 5311 3170 5366 nam
3197 5325 3256 5369 et
3286 5314 3356 5369 ab
3377 5314 3506 5370 odio

1943 5380 2113 5450 palus
2137 5381 2226 5436 illa
2255 5380 2503 5436 fabulosa
2532 5396 2734 5434 nomen
2752 5381 2946 5452 habet.
2987 5384 3284 5452 Impatiens
3313 5393 3397 5439 est
3422 5387 3505 5440 in-

1935 5452 2095 5520 juria:
2127 5452 2584 5518 cotttumeliteqtte
2635 5451 2837 5505 nobilis
2885 5451 3125 5517 animus,
3149 5464 3205 5508 et
3230 5455 3504 5510 nobilium

1944 5521 2350 5588 illustriumque
2397 5523 2680 5575 hominum
2728 5523 3054 5592 plerumque
3088 5526 3254 5581 etiam
3287 5525 3507 5581 nobiles

1943 5607 2135 5647 alllllll.
