4012 6600
265 477 368 548 113

1428 482 1973 545 HISTORIARUM
2014 487 2247 548 LIBER
2264 485 2270 489 ’
2288 489 2339 549 Ι.

3392 477 3492 544 114

261 611 390 658 νως,
450 590 587 645 ἀλλά
619 589 1178 660 κατεσπουδασμένως
1212 591 1305 644 καὶ
1344 592 1440 646 σὺν
1460 594 1617 664 τάχει
1646 593 1830 665 πολλῷ

1941 598 2337 663 cunctandum,
2371 614 2552 670 neque
2582 597 2837 669 aequabili
2895 606 2951 653 et
2984 597 3135 653 lento
3190 610 3350 666 passu
3401 597 3495 650 bno

263 686 370 756 χρή
398 699 415 716 ·
457 683 545 738 ἴνα
578 682 652 753 μὴ
682 684 789 753 πρὸ
835 682 930 736 τοῦ
980 685 1130 753 ήμᾶς
1155 683 1473 751 ἀφικέσθαι,
1502 684 1601 756 τὴν
1643 685 1826 755 ἄφιξιν

264 776 425 843 ήμῶν
464 768 783 844 πυθόμενοι,
822 775 1220 845 βουλεύσωνται
1244 776 1387 829 κιτά
1421 779 1580 845 σφᾶς,
1614 778 1688 848 μὴ
1715 781 1831 832 είσ-

264 866 513 931 δέξασθαι
536 868 685 936 ἡμᾶς
722 870 788 936 τῇ
817 867 997 935 πόλει,
1053 872 1147 920 καὶ
1178 868 1442 935 γένωνται
1478 869 1830 938 παράδειγμα

268 958 360 1011 καὶ
383 960 506 1022 ταῖς
561 957 753 1021 ἄλλαις
807 958 875 1010 τὰ
930 960 1021 1012 ίσα
1070 960 1227 1030 δρᾷν,
1281 959 1395 1014 ἀλλ’
1435 960 1633 1023 αὐτοὺς
1679 961 1827 1030 ἡμᾶς

265 1050 545 1116 ἀγγέλλειν
595 1066 655 1103 τε
719 1049 817 1120 τήν
871 1050 1057 1120 ἄφιξιν
1084 1052 1266 1121 ήμῶν,
1315 1054 1410 1106 καὶ
1452 1053 1703 1122 κατέχειν
1726 1052 1827 1123 τήν

264 1139 418 1193 πόλιν
445 1155 460 1172 ·
496 1141 558 1194 οὐ
594 1141 705 1212 μὴν
730 1141 867 1195 ἀλλά
893 1144 988 1196 καὶ
1018 1142 1081 1196 τὸ
1110 1144 1248 1198 κατά
1279 1144 1520 1214 γαστρδς
1544 1144 1686 1215 ἔχειν
1726 1145 1827 1216 τήν

266 1227 536 1296 βεσιλίδτ,
568 1231 629 1283 οὐ
676 1230 876 1300 μικρὸν
903 1231 1136 1301 κώλυμα
1169 1232 1307 1301 πρὸς
1343 1233 1405 1286 τὸ
1441 1232 1669 1302 ἀνδράσι
1691 1233 1825 1303 φεύο

260 1336 450 1397 γουσιν
473 1320 807 1376 ἀκολουθεῖν.
847 1320 926 1374 Δι’
957 1322 993 1377 ἃ
1022 1324 1086 1393 δὴ
1136 1323 1312 1377 πάντα
1340 1324 1639 1394 προσήκειν
1664 1305 1830 1394 ἡγού-

265 1429 381 1478 μαι.
417 1412 623 1479 ταύτην
669 1413 769 1484 μὲν
805 1415 902 1484 ἑᾷν
933 1416 1057 1469 καθ’
1094 1416 1323 1487 ἡσυχίαν
1360 1416 1569 1485 μένειν,
1594 1417 1745 1487 ἡμᾶς
1772 1416 1827 1470 δὲ

260 1502 685 1556 διακινδυνεύειν
704 1521 718 1536 ’
742 1503 847 1558 κάν
884 1505 982 1574 μὲν
1008 1508 1140 1576 ἡμῖν
1163 1508 1231 1559 τά
1263 1507 1566 1578 πράγματα
1596 1509 1825 1578 χωρήσῃ

264 1594 406 1647 κατά
438 1594 564 1649 νοῦν
584 1594 730 1648 θεοῦ
755 1596 1110 1665 βουλομένου,
1144 1597 1255 1652 τότ’
1285 1599 1388 1668 ήδη
1415 1600 1512 1653 καὶ
1545 1599 1642 1666 τὴν
1673 1600 1830 1671 βασι·

1928 704 2061 743 num
2102 698 2320 761 tempus
2349 692 2754 747 conterendum
2789 708 2803 747 :
2842 692 2941 747 sed
2983 691 3144 747 enixe
3196 700 3253 744 et
3283 689 3493 744 accele-

1927 790 2050 835 rato
2082 782 2251 852 gradu
2292 783 2684 839 ambulandum
2722 793 2827 844 est.
2861 798 2929 839 ne
2959 793 3251 853 antequam
3296 796 3490 851 perve-

1930 872 2168 935 niamus,
2200 872 2396 930 incola:
2422 858 2661 929 adventu
2687 883 2877 929 nostro
2906 884 3209 943 praecepto,
3240 871 3490 927 unanimi

1929 977 2203 1018 consensu
2246 965 2386 1020 urbe
2421 979 2522 1019 nos
2569 975 2817 1033 arceant,
2873 965 3215 1036 reliquisque
3258 963 3493 1019 urbibus

1929 1056 1996 1110 ad
2028 1055 2265 1110 similem
2301 1057 2590 1111 audaciam
2635 1058 2887 1127 exemplo
2928 1072 3027 1111 suo
3076 1065 3318 1127 praecant
3346 1072 3361 1118 ;
3394 1056 3492 1110 sed
3521 1112 3530 1124 ,

1930 1156 1993 1201 ut
2023 1149 2246 1219 ipsimet
2294 1151 2551 1205 nuntium
2600 1149 2873 1205 adventus
2903 1149 3076 1205 nostri
3112 1158 3490 1220 apportemns.

1933 1238 2238 1310 urbemque
2293 1256 2649 1310 occupemus.
2702 1240 2841 1296 lllud
2872 1241 3098 1310 insuper
3142 1238 3490 1308 imperatrici

1930 1332 1996 1386 ad
2029 1333 2400 1387 comitandam
2430 1334 2680 1388 virorum
2717 1333 2900 1404 fugam
2946 1348 3056 1387 non
3102 1331 3210 1387 levi
3259 1329 3491 1399 impedi-

1934 1437 2119 1478 mento
2185 1431 2291 1487 est,
2332 1423 2480 1494 quod
2535 1433 2752 1478 uterum
2812 1424 2936 1478 fert.
2994 1421 3077 1478 0b
3127 1423 3244 1477 haec
3305 1420 3490 1475 omnia

1931 1528 2148 1583 aequum
2176 1512 2390 1583 judico,
2431 1523 2491 1569 ut
2525 1513 2613 1568 illa
2643 1530 2703 1568 se
2736 1529 2861 1568 non'
2893 1522 3145 1577 moveat;
3182 1526 3282 1566 nos
3308 1519 3491 1564 autem

1930 1603 2210 1658 fortunam
2243 1607 2564 1667 subeamus,
2591 1615 2669 1669 et,
2703 1604 2749 1658 si
2793 1602 3016 1674 quidem
3060 1617 3170 1665 res,
3204 1602 3327 1656 Deo
3354 1601 3493 1655 bene

265 1685 382 1739 λίδα
415 1689 842 1756 μετακαλεῖσθαι
893 1690 1027 1743 ὅπου
1079 1707 1185 1762 περ
1215 1691 1280 1745 ἂν
1389 1691 1665 1761 βασιλεὺς,
1700 1694 1749 1746 εί
1783 1694 1827 1746 δ’

1941 1698 2174 1762 iuvante,
2203 1696 2267 1750 ad
2294 1695 2632 1750 voluntatem
2661 1695 2902 1754 fluxerit.
2936 1703 3051 1747 tum
3072 1694 3182 1763 jam
3212 1691 3487 1762 ipsa'qno-

267 1778 523 1841 ὲναντέως
553 1778 587 1849 ἢ
615 1779 910 1850 ἐλπίζομεν
937 1780 1197 1851 ἀποϐαίη,
1230 1783 1402 1850 αὐτὴν
1427 1782 1557 1851 γοῦν
1581 1784 1638 1836 ἐν
1657 1784 1831 1853 ἀσφα-

1929 1801 2038 1856 que
2062 1800 2130 1841 eo
2169 1795 2512 1847 aceersatur,
2555 1785 2649 1839 ubi
2702 1786 2902 1855 coniux
2953 1782 3159 1848 fuerit;
3195 1782 3279 1838 sin
3311 1795 3491 1840 secus.

269 1867 390 1940 λείᾳ
434 1866 598 1925 εἶναι.
646 1870 871 1933 Τούτοις
909 1875 1037 1934 τοῖς
1068 1873 1251 1941 λόγοις
1282 1873 1359 1936 ὡς
1405 1873 1582 1937 καλῶς
1615 1873 1829 1944 ἔχουσιν

1941 1881 2049 1949 ipsa
2090 1880 2282 1935 saltem
2324 1894 2526 1935 secura
2556 1879 2731 1947 degat.
2767 1878 2865 1933 llis
2902 1888 2959 1932 ut
2992 1876 3257 1947 praeclare
3296 1872 3485 1932 dictis.

266 1959 736 2032 ὲπιῲηφισάμενος
767 1965 795 2016 ό
840 1962 1093 2031 βασιλεὺς
1140 1965 1240 2017 σὺν
1271 1969 1390 2029 τοῖς
1436 1964 1639 2031 ἄλλοις,
1681 1968 1830 2020 ἐσκέ-

272 2069 463 2105 πτοντο
490 2055 616 2125 περὶ
648 2054 744 2109 τοῦ
778 2055 909 2108 πότε
939 2056 1032 2109 καὶ
1061 2058 1210 2121 ὅπως
1230 2057 1329 2128 τήν
1357 2058 1704 2129 ἀναχώρησιν
1724 2058 1833 2130 χρὴ

270 2159 341 2195 πο
363 2144 562 2199 εἶσῦαι.
615 2146 883 2215 ὐρῶντες
920 2147 979 2201 δὲ
1030 2149 1128 2201 καὶ
1178 2150 1304 2213 τοὺς
1352 2148 1673 2213 ἐπιλοίπους
1732 2152 1831 2221 τῆς

275 2231 578 2301 συγκλήτου
625 2237 721 2289 καὶ
771 2240 897 2299 τοὺς
933 2239 989 2291 ὲν
1032 2240 1175 2293 τέλει
1201 2243 1257 2293 εν
1307 2241 1467 2312 δεινῷ
1513 2242 1833 2311 τιθεμένους

276 2323 377 2392 τήν
407 2324 514 2377 τῶν
547 2324 812 2394 βασιλέων
841 2329 1130 2402 διαφορὰν,
1165 2333 1260 2386 καλ
1283 2334 1469 2388 κακῶν
1502 2336 1725 2404 νιφάδας
1756 2335 1834 2404 τῷ

278 2416 443 2487 κοινῷ
467 2417 575 2472 τῶν
614 2419 901 2489 Ῥωμαίων
926 2422 987 2475 ού
1022 2426 1253 2496 μετρίας
1295 2427 1712 2497 προσδοκῶντας
1740 2431 1834 2484 καὶ

280 2508 407 2576 περὶ
433 2508 635 2563 τούτων
666 2511 803 2580 πρὸς
834 2512 1095 2583 ἀλλήλους
1146 2518 1232 2570 ἀεὶ
1264 2518 1703 2588 διαλεγομένους,
1740 2522 1834 2576 καὶ

278 2599 670 2670 προσδοκίμους
701 2603 860 2668 ὄντας
906 2609 1005 2660 καὶ
1054 2608 1267 2676 βασιλεῖ
1315 2611 1660 2689 διαλέξεσθαι
1706 2617 1835 2686 περὶ

274 2691 370 2745 τοῦ
403 2691 480 2763 μή
503 2693 615 2746 δεῖν
659 2698 1024 2767 νεωτερίζειν,
1060 2701 1176 2754 ἀλλ’
1212 2703 1307 2772 ὲᾷν
1349 2703 1443 2756 τὸν
1482 2704 1705 2773 ἔγγονον
1743 2707 1837 2762 ἐπὶ

277 2785 552 2855 σχήματος
576 2786 738 2851 εἶναι,
761 2789 835 2853 ὡς
864 2792 1121 2860 μεγάλων
1140 2795 1327 2850 κακῶν
1359 2798 1539 2862 αίτίας
1569 2800 1835 2870 ἐσομένης

274 2877 367 2929 καὶ
391 2879 635 2949 ταραχῆς
665 2882 763 2952 τῆς
795 2885 1060 2954 τοιαύτης
1093 2887 1514 2959 ἐπιχειρήσεως,
1545 2891 1666 2944 ἐπεὶ
1691 2891 1837 2958 ἔδοξε

275 2974 566 3043 καρτερεῖν
594 2974 655 3028 τὸ
684 2976 878 3046 μέλλον
905 2978 1286 3048 ἀποϐήσεσθαι
1325 2982 1686 3048 σκοποῦντας,
1713 2984 1841 3050 ὲεα-

276 3065 629 3119 ποστέλλουσι
653 3067 785 3135 πρὸς
816 3068 1039 3140 Θρᾴκην
1062 3070 1156 3124 τὸν
1180 3071 1520 3144 Συργιάννην
1546 3075 1648 3144 τῆς
1666 3077 1838 3147 ἀρχῆς

276 3157 769 3228 ἐπιμελησόμενον,
798 3161 954 3216 αὐτοὶ
988 3163 1045 3217 δὲ
1074 3167 1550 3237 προσεκαρτέρουν
1575 3170 1641 3238 τῇ
1681 3170 1839 3223 Κων-

1932 1973 2232 2043 imperator
2279 1981 2332 2027 et
2361 1971 2561 2042 reliqui
2606 1971 2990 2041 suﬂragautes,
3032 1968 3275 2039 quando,
3311 1978 3506 2037 quove

1935 2072 2093 2136 pacto
2181 2063 2500 2120 accederent
2531 2104 2546 2129 ,
2615 2062 3152 2131 circumspiciebant.
3222 2060 3491 2116 Cteteruzn

1932 2171 2057 2211 cum
2103 2154 2497 2228 pers'picerent,
2538 2152 2702 2208 etiam
2763 2152 3008 2221 reliquos
3059 2161 3172 2206 tum
3214 2164 3507 2220 proceres,

1933 2254 2048 2301 tum
2075 2247 2431 2317 magistratus
2456 2245 2687 2302 dissidio
2714 2244 3116 2314 imperatorum
3143 2240 3387 2311 graviter
3414 2240 3501 2293 of.

1934 2341 2107 2403 fendi,
2145 2338 2640 2409 calamitatumque
2684 2335 3061 2397 densissimos
3096 2335 3303 2389 imbres
3342 2349 3523 2413 com--

1935 2429 2086 2486 muni
2136 2430 2515 2485 Romanorum
2552 2429 2683 2485 inde
2722 2438 2992 2491 metuere,
3041 2436 3099 2482 et
3146 2442 3242 2482 eas
3290 2426 3511 2481 crebris-

1936 2536 2204 2593 usurpare
2231 2521 2607 2587 sermonibus,
2635 2521 3056 2590 exspectarique
3082 2528 3144 2573 ut
3172 2518 3338 2573 iidem
3371 2532 3497 2571 cum

1937 2614 2273 2686 imperatore
2302 2621 2556 2686 agerent,
2588 2628 2658 2668 ne
2692 2613 2826 2683 quid
2868 2613 2994 2667 novi
3026 2619 3082 2666 et
3119 2610 3360 2664 inusitati
3416 2609 3500 2661 in-

1936 2718 2206 2779 ceptaret,
2244 2708 2340 2764 sed
2382 2707 2572 2779 nepoti
2606 2716 2933 2762 ornamenta
2969 2705 3325 2777 imperatoria
3376 2719 3501 2771 per-

1938 2803 2223 2868 mitteret;
2279 2800 2426 2871 quod
2474 2798 2680 2870 alioqui
2737 2798 2951 2854 molitio
3002 2799 3150 2853 senis
3194 2797 3512 2867 ingentium-

1938 2890 2415 2947 incommodorum
2450 2903 2514 2943 ac
2545 2897 2799 2942 motuum
2856 2886 3040 2942 futura
3068 2894 3215 2941 esset
3246 2886 3497 2946 materia.

1939 2981 2279 3046 durandum,
2305 2987 2363 3036 et
2381 2994 2493 3050 quo
2523 2993 2614 3033 res
2640 2978 2920 3043 evaderet,
2950 2976 3356 3033 obserVandnm
3379 2991 3513 3030 esse

1940 3084 2306 3132 censuerunt.
2336 3073 2527 3143 Itaque
2554 3071 2857 3144 Syrgianne
2880 3070 2934 3124 in
2956 3069 3246 3125 Thraciam
3271 3069 3338 3123 ad
3363 3082 3504 3136 pra:-

1943 3166 2168 3223 fectura:
2201 3179 2315 3221 suae
2354 3178 2559 3219 munus
2587 3162 2839 3228 dimisso,
2883 3162 3067 3216 caeteri
3107 3158 3505 3215 Constantino-

278 3249 584 3305 σταντίνου.
637 3252 726 3305 Ἔν
758 3253 968 3318 τούτοις
997 3255 1055 3308 δὲ
1083 3256 1191 3310 τῶν
1227 3258 1571 3327 πραγμάτων
1594 3259 1785 3325 ὄντων,
1815 3262 1839 3314 δ

1946 3258 2057 3329 poli
2090 3258 2298 3312 haerere
2323 3264 2700 3325 perseverant.
2726 3253 2782 3309 ln
2824 3254 2930 3307 hoc
2977 3266 3165 3307 rerum
3209 3258 3353 3306 statu
3385 3263 3506 3303 ma-

277 3340 453 3409 μέγας
486 3343 842 3407 κονοσταῦλος
887 3347 1107 3417 Μιχαὴλ
1155 3348 1184 3402 6
1222 3350 1491 3420 Τορνίκης
1548 3350 1843 3422 (μητρόθεν

277 3435 378 3503 μὲν
436 3436 580 3489 κατά
624 3438 778 3504 γένος
832 3442 1130 3510 προσήκων
1185 3441 1264 3512 τῷ
1329 3442 1687 3514 πρεσϐυτέρῳ
1731 3444 1843 3499 τῶν

280 3527 568 3597 βασιλέων,
592 3529 689 3583 καὶ
708 3528 908 3600 πολλῆς
931 3531 1221 3602 εὐμενείας
1237 3532 1525 3588 ἀπολαύων
1543 3534 1672 3605 παρ’
1692 3535 1843 3606 αὐτῷ

276 3622 372 3675 καὶ
426 3623 619 3692 τιμῆς,
654 3622 718 3676 ού
777 3624 938 3691 μόνον
971 3623 1060 3678 διὰ
1085 3624 1186 3695 τὴν
1225 3625 1567 3695 συγγένειαν,
1602 3627 1718 3681 ἀλλ’
1760 3630 1845 3683 ὅτι

277 3714 375 3768 καὶ
423 3714 623 3782 φρενὸς
654 3709 724 3783 ἦν
752 3713 1000 3783 βαθείας,
1030 3716 1127 3768 καὶ¹
1175 3717 1300 3780 τοὺς
1338 3717 1575 3786 τρόπους
1617 3717 1841 3787 ἀγαθὸς,

276 3805 378 3858 καὶ
415 3803 553 3874 πρὸς
581 3803 680 3867 τὰς
708 3804 976 3874 ἐπαρχίας
1006 3799 1081 3860 ὧν
1110 3802 1247 3877 ἦρξε
1291 3807 1561 3877 βασιλέως
1588 3810 1841 3874 διδόντος,

274 3894 663 3965 εὐνομώτατος
686 3895 780 3949 καὶ
809 3896 1233 3960 σπουδαιότατος
1260 3897 1485 3967 επράνη),
1509 3890 1663 3963 οὗτος
1682 3899 1748 3969 δὴ
1776 3903 1842 3970 τῇ

271 3989 416 4058 πρὸς
444 3986 611 4040 αὑτὸν
636 3987 895 4059 εὐμενείᾳ
921 3986 1017 4040 τοῦ
1048 3986 1311 4057 βασιλέως
1352 3986 1653 4058 θαρρήσας,
1681 4006 1850 4060 προσ-

271 4072 407 4148 ῆλϐέ
454 4095 515 4131 τε
554 4079 647 4131 καί
669 4077 914 4149 διελέχθη
940 4076 1123 4149 κρύφα
1150 4077 1281 4151 περὶ
1303 4078 1566 4150 βασιλέως
1591 4079 1684 4133 τοῦ
1703 4081 1846 4145 νέου,

276 4173 341 4224 τὸ
366 4171 594 4233 ἄτοπον,
621 4168 699 4232 ῶς
736 4168 908 4232 είκδς,
939 4170 1050 4239 τῶν
1081 4169 1475 4240 μελετωμένων
1504 4171 1847 4236 ὑποδεικνὺς,

277 4263 372 4314 καὶ
409 4260 488 4321 ὼς
517 4259 728 4313 πολλῶν
752 4258 929 4312 ἔσοιτο
972 4259 1269 4331 συμφορῶν
1289 4260 1463 4315 αίτιον
1498 4263 1564 4332 τῇ
1599 4261 1847 4334 βασιλείᾳ

288 4352 603 4422 Ῥωμαίων,
632 4350 698 4405 ἄν
729 4368 787 4404 τε
820 4351 1139 4422 κατορθωθῇ
1164 4353 1226 4405 τὸ
1257 4352 1657 4423 μελετώμενον,
1690 4353 1757 4408 ἄν
1785 4371 1844 4407 τε

283 4446 385 4523 μήἲ
414 4445 460 4497 Τ
462 4444 492 4497 δ
542 4443 589 4495 δ’
619 4442 752 4495 αὐτὸ
795 4442 955 4496 τοῦτο
1006 4446 1100 4499 καλ⁸
1132 4443 1438 4515 Μετοχίτης
1493 4443 1787 4515 λογοθέτης
1819 4448 1848 4499 ὁ

285 4530 481 4601 μέγας,
510 4529 569 4592 δς
605 4529 902 4599 μεσιτεύων
934 4530 1033 4600 μὲν
1061 4533 1183 4584 τότε
1209 4535 1276 4602 τῇ
1316 4533 1577 4604 διοικήσει
1613 4534 1722 4588 τῶν
1753 4535 1849 4605 βα-

282 4622 511 4678 σ.λικῶν
543 4621 881 4691 πραγμάτων
914 4618 1005 4693 ἦν,
1025 4621 1202 4687 ἄλλως
1233 4623 1290 4676 δὲ
1342 4624 1623 4694 ἀγχίνους,
1657 4625 1752 4679 καὶ
1785 4627 1850 4679 οὐ

1946 3363 2089 3419 gnus
2113 3345 2501 3403 contostaulus
2540 3343 2768 3400 Michael
2807 3342 3074 3398 Tornices
3104 3342 3218 3411 (qui
3254 3348 3515 3396 materno

1944 3454 2145 3511 genere
2177 3439 2564 3506 imperatorem
2590 3436 2865 3491 seniorem
2900 3434 3226 3504 attingebat,
3251 3447 3356 3488 nec
3405 3447 3508 3502 po.

1949 3538 2221 3586 stremnm
2262 3529 2449 3599 gratim
2480 3537 2538 3583 et
2582 3526 2929 3583 auctoritatis
2964 3525 3146 3580 locum
3184 3525 3332 3594 apud
3380 3538 3507 3577 eum
3558 3550 3570 3561 -

1947 3621 2189 3687 tenebat,
2220 3635 2333 3675 non
2364 3629 2576 3674 tantum
2612 3618 2744 3690 quia
2786 3627 3073 3687 cognatus,
3109 3617 3204 3672 sed
3235 3615 3362 3685 quia
3400 3629 3510 3669 non
3606 3678 3611 3683 ι

1946 3713 2160 3781 vulgari
2190 3710 2513 3784 prudentia,
2557 3721 2614 3766 et
2652 3724 2870 3765 morum
2914 3709 3189 3779 probitate
3234 3706 3508 3778 egregius,

1947 3816 2112 3876 atque
2147 3821 2177 3860 a
2213 3805 2538 3876 provinciis,
2569 3818 2704 3872 quas
2737 3801 3088 3872 imperatoris
3118 3813 3384 3855 concessu
3411 3798 3510 3852 ad-

1949 3896 2320 3959 ministrarat,
2342 3894 2618 3963 aequitatis
2648 3902 2704 3947 ct
2725 3892 3060 3959 integritatis
3086 3889 3305 3945 laudem
3339 3888 3512 3943 maxi—

1949 4002 2092 4040 mam
2129 3985 2552 4055 reportaverat),
2586 3984 2693 4053 37
2724 3983 2816 4038 hic
2865 3983 3034 4051 igitur
3075 3968 3250 4037 fretus
3289 3996 3353 4036 ea
3388 3996 3513 4050 gra-

1949 4079 2024 4134 tia
2061 4091 2169 4148 qua
2198 4074 2440 4141 valebat,
2470 4074 2611 4129 clam
2642 4073 2765 4151 aliis
2795 4072 2865 4126 ad
2902 4074 3290 4140 imperatorem
3321 4085 3511 4125 acces-

1950 4173 2046 4237 sit,
2091 4178 2311 4225 etcum
2375 4180 2444 4222 eo
2501 4180 2671 4236 snper
2717 4173 2916 4235 nepote
2961 4163 3290 4228 collocutus,
3352 4177 3514 4232 quant

1948 4264 2129 4320 aliena
2172 4276 2204 4317 a
2234 4258 2447 4316 ratione
2483 4266 2740 4320 tentaret,
2778 4272 2885 4312 non
2939 4255 3213 4312 immerito
3249 4255 3513 4314 ostendit.

1946 4369 2225 4427 quamque
2276 4352 2460 4407 varias
2494 4351 2550 4405 in
2590 4349 2885 4420 imperium
2945 4350 3251 4405 Romanum
3298 4347 3523 4402 calami-

1949 4455 2089 4503 tates
2118 4446 2427 4509 inveheret,
2450 4444 2569 4498 sive
2601 4442 2861 4498 meditata
2882 4441 3141 4504 feliciter,
3173 4440 3289 4494 sive
3325 4448 3522 4493 contra

1953 4539 2121 4603 irent,
2149 4534 2566 4590 demonstravit.
2593 4534 2650 4588 Id
2686 4534 2863 4603 ipsum
2910 4540 2965 4587 et
2989 4544 3218 4602 magnus
3241 4531 3520 4602 legotheta

1954 4626 2286 4685 Metocbites
2316 4624 2429 4696 (94)
2465 4624 2742 4694 prrestitit,
2794 4623 2888 4693 qui
2940 4632 3056 4677 tum
3084 4623 3306 4679 domum
3342 4622 3518 4691 impe-

285 4714 448 4784 μόνον
488 4713 589 4785 τῆς
637 4714 761 4767 καθ’
796 4714 962 4784 ἡμᾶς,
997 4712 1136 4767 ἀλλά
1172 4713 1388 4782 καὶτῆς
1420 4712 1525 4778 ἔξω
1556 4714 1746 4784 σοφίας
1771 4716 1839 4779 είς

1957 4718 2239 4781 ratoriam,
2282 4716 2399 4771 sive
2437 4716 2615 4770 aulam
2657 4715 2880 4784 regebat
2906 4715 3042 4784 (95),
3077 4714 3160 4769 vir
3191 4714 3398 4783 alioqui
3429 4729 3524 4767 so-

283 4806 459 4878 ἀκρον
506 4804 784 4876 ὲληλακὼς
813 4821 831 4839 ο
863 4806 963 4876 τὴν
1011 4805 1121 4875 γὰρ
1163 4805 1530 4876 ἀστρονομίαν
1575 4806 1683 4859 ἀπό
1707 4822 1851 4869 τινος

285 4898 579 4970 Βρυεννίου
607 4896 815 4969 φαύλας
845 4896 1001 4961 τινὰς
1029 4896 1127 4951 καὶ
1152 4897 1254 4951 οὐκ
1283 4898 1532 4970 ἀκριϐεῖς
1555 4899 1711 4964 ,πάνυ
1744 4915 1851 4953 πα-

289 4990 545 5062 ραλαϐὼν
570 4989 765 5061 ἀρχὰς,
810 4988 974 5054 αὐτὸς
1019 4988 1170 5052 ίδίοις
1202 4987 1383 5053 πόνοις
1416 4989 1849 5061 ἑξηκριϐώσατο,

1955 4808 2067 4863 lers
2090 4850 2105 4873 ,
2139 4815 2197 4862 et
2223 4822 2334 4861 non
2359 4805 2693 4861 Christianis
2720 4804 2906 4871 modo,
2942 4803 3037 4859 sed
3072 4804 3318 4859 externis
3346 4805 3511 4858 etiam

1954 4898 2158 4955 litteris
2214 4895 2604 4968 politissimus.
2682 4894 2899 4951 Etenim
2957 4910 3082 4949 cum
3152 4893 3511 4951 astronomia

1957 4988 2228 5062 principia
2273 5004 2306 5044 a
2353 4987 2590 5059 quodam
2646 4987 2920 5060 Bryennio
2982 4987 3194 5044 minuta
3233 4996 3289 5043 et
3320 4989 3523 5057 imper-

1551 5135 1772 5198 Jacobi
1805 5135 2071 5199 Pontani
2103 5140 2293 5198 notas.

359 5279 472 5352 (94)
520 5277 651 5333 Erat
667 5286 791 5352 tum
826 5287 1006 5352 potens
1033 5275 1173 5352 apud
1198 5278 1571 5352 im_p_era_torem
1596 5293 1658 5352 ac
1680 5292 1839 5352 rerun

1960 5266 2060 5352 τῆς
2084 5277 2368 5352 βασιλίδος
2386 5276 2618 5352 (nam_et
2653 5273 2743 5352 illa
2767 5288 2925 5352 suum
2958 5274 3184 5343 μεσίτην
3206 5273 3397 5352 habuit
3417 5292 3528 5352 rne-

287 5344 523 5407 om‘niu'm
558 5344 855 5417 moderator
904 5344 1204 5401 Metochiles
1244 5345 1558 5410 Theodorus,
1599 5346 1860 5417 logotheta
1958 5344 2241 5413 diutorem,
2303 5344 2405 5402 ad
2439 5344 2710 5417 ver_bnm)_
2749 5344 3009 5417 videntur
3058 5359 3166 5397 non
3215 5345 3309 5399 alii
3354 5344 3527 5400 fuisse

289 5418 579 5491 generatis.
613 5416 699 5472 Sic
726 5425 906 5491 autem
927 5418 991 5469 ab
1010 5417 1341 5491 imperatore
1366 5416 1669 5491 ornabatur,
1693 5416 1857 5470 tanti-

324 5507 386 5546 ue
416 5489 597 5558 ﬁebat,
628 5495 684 5541 ut
728 5485 934 5540 nullum
971 5485 1380 5556 ejuaarcanum
1411 5487 1707 5557 ignoraret,
1746 5495 1855 5542 etc.

324 5510 386 5546 ue
416 5510 597 5558 (leuat,
628 5510 683 5541 ut
728 5510 828 5540 nus.

287 5510 559 5630 gregoras
591 5558 689 5612 lib.
730 5572 828 5630 vn.

359 5623 473 5699 (93)
515 5626 846 5699 Graece‘sie
876 5635 982 5699 est,
1024 5625 1083 5699 ξς
1138 5623 1440 5699 μεσιτεύων
1489 5625 1587 5694 μὲν
1628 5624 1748 5699 τότε
1786 5627 1852 5695 τῇ

288 5692 554 5767 διοικήσει
575 5692 683 5748 τῶν
705 5695 1001 5765 βασιλικῶν
1024 5692 1114 5766 ἦν,
1140 5692 1283 5767 quod
1309 5692 1737 5767 rerumomnium
1761 5692 1856 5765 pro

221 5762 240 5833 (
289 5762 608 5837 imperatore
654 5762 1059 5827 moderatorem,
1100 5762 1189 5837 seu
1224 5765 1478 5837 uicarium
1524 5762 1857 5837 imperatoris

293 5835 578 5892 transferri
613 5850 771 5905 posse
797 5851 904 5889 non
937 5843 1092 5905 puto.
1131 5835 1343 5888 Etenim
1378 5836 1466 5905 isti
1509 5835 1855 5905 μεσὰζοντες,

297 5922 390 5977 seu
426 5904 795 5978 μεσιτεύοντες
826 5904 945 5969 τοῖς
981 5904 1264 5975 πράγμασι
1301 5905 1391 5958 τοῦ
1434 5904 1719 5975 βασιλέως,
1750 5920 1849 5960 seu

1958 5433 2124 5486 quam
2172 5417 2416 5487 magistri
2457 5415 2616 5487 aulae,
2658 5413 3006 5487 Iloﬁfmeister,
3038 5423 3342 5487 curatores,
3383 5430 3525 5486 pra:-

1960 5484 2088 5543 fecti
2116 5499 2172 5542 et
2199 5484 2512 5542 administri
2542 5499 2724 5539 rerum
2752 5484 2950 5538 domus
2973 5484 3361 5553 imperatoriae,
3387 5484 3537 5553 quos
3562 5500 3570 5505 '

1949 5557 2317 5627 jureconsulti
2378 5562 2578 5627 vocant
2638 5554 2871 5608 comites
2923 5569 3104 5627 rerum
3148 5554 3525 5627 privatarum,

1956 5622 2047 5695 qui
2084 5626 2307 5697 quidem
2342 5623 2547 5679 assidui
2590 5632 2751 5677 erant
2794 5622 2936 5690 apud
2990 5624 3287 5697 principes,
3333 5638 3529 5697 eorum

1952 5692 2117 5766 j'nssa'
2136 5697 2475 5766 excipientes
2517 5703 2581 5766 get
2605 5707 2991 5766 exsequentes.
3025 5694 3331 5762 Πράγματα
3358 5692 3526 5759 igitur

1960 5762 2214 5848 βασιλικὰ
2240 5762 2358 5836 quae
2390 5762 2599 5819 fuerint
2631 5763 2733 5820 hoc
2768 5764 2908 5827 loco,
2942 5763 3075 5834 jam,
3111 5774 3169 5817 ut
3211 5778 3354 5828 reor,
3402 5778 3530 5833 νοις

1959 5852 2146 5908 ξριτιξ.
