4012 6590
247 427 347 494 ῙΠ
1427 430 1831 492 HISTORIA!

1932 431 1976 491 ll
2018 428 2253 492 LIBER
2293 431 2342 493 ῐ.
3417 425 3516 490 113

245 544 412 612 ἔχων,
440 541 608 614 ἤρετο
640 541 731 597 τὸν
761 533 1106 613 ρην-ύσαντα,
1146 547 1242 600 καὶ⁸
1280 544 1510 608 ἀξίωσιν
1541 544 1826 616 προσθεὶς,

1933 542 2048 609 bat,
2071 553 2124 598 et
2151 541 2412 613 precibus
2439 539 2633 595 orabat
2657 537 2945 604 nuntium,
2977 544 3038 592 ut
3092 535 3135 592 si
3168 534 3303 608 quid
3335 544 3517 592 nosset

247 637 303 688 εἴ
330 651 384 687 τι
421 635 662 688 σύνοιδεν
694 635 1063 704 ἀπαγγέλλειν
1085 653 1100 669 ·
1139 639 1168 691 ό
1191 638 1236 690 δ’
1262 637 1411 706 ἔλεγε
1457 636 1674 708 βέϐαιον
1731 636 1830 706 μὲν

1934 651 2005 692 ne
2043 634 2273 690 celaret.
2304 632 2444 688 Tum
2479 633 2592 696 ille,
2624 632 2766 686 nihil
2817 646 2875 685 se
2926 630 3275 700 exploratum
3308 628 3516 684 habere

247 725 407 778 οὐδὲν
431 727 609 778 εἰπεῖν
641 725 810 796 ἐχειν,
846 727 1211 797 στοχάζεσθαι
1235 729 1314 791 δὲ,
1342 729 1434 780 τὸν
1465 728 1686 782 πάππον
1708 727 1831 794 βού-

1938 726 2088 800 quod
2129 726 2463 791 aﬂirmaret;
2515 727 2569 780 in
2623 725 2994 796 suspicionum
3048 735 3233 779 autem
3295 724 3518 790 delabi,

237 804 444 870 ’λεσθαι
473 818 566 871 καὶ
599 815 832 886 βασιλέα
862 819 957 874 τοῦ
1014 821 1359 891 πατριάρχου
1391 819 1488 872 καὶ
1529 819 1821 890 τίιρχιεριίω·ι

1939 835 2102 874 avum
2152 819 2460 890 patriarcha
2515 828 2570 874 et
2620 820 2894 890 episcopis
2946 820 3310 890 prmscntibus
3382 835 3511 874 eum

255 912 546 981 παρόντων
592 911 786 980 λόγους
827 914 981 977 τινὰς
1012 913 1152 982 πρὸς
1205 913 1264 966 σὲ
1304 913 1534 968 διελθεῖν
1558 928 1570 944 ’
1601 913 1654 965 oi'
1685 894 1834 972 τινες

1939 912 2298 969 constituisse
2334 913 2564 982 alloqui.
2593 914 2792 968 Verum
2847 911 3132 979 quidnam,
3179 921 3236 966 et
3274 927 3383 984 quo
3416 911 3521 968 fine

253 1003 312 1056 δὲ
332 1004 380 1054 οἱ
413 1003 566 1071 λόγοι
610 1007 706 1058 καὶ
732 1005 870 1074 πρὸς
900 1005 952 1057 τί
978 1007 1232 1074 φέρουσι,
1265 1006 1455 1075 σαφῶς
1490 1005 1692 1058 εἰδέναι
1735 1021 1835 1073 μη-

1941 1005 2195 1060 dicturus
2230 1005 2322 1071 sit,
2355 1003 2460 1059 sibi
2507 1005 2828 1075 neutiquam
2878 1003 3089 1073 liquido
3129 1012 3422 1069 constare;
3467 1010 3523 1058 et

251 1094 466 1163 δαμῶς.
521 1090 656 1149 Εἶτα
694 1097 896 1167 μικρὸν
944 1096 1226 1167 ἐπισχών·
1257 1099 1475 1167 Ὠσπερ
1533 1099 1632 1166 μὲν
1678 1097 1835 1165 ἔφην,

1943 1110 2241 1166 parumper
2271 1096 2670 1161 conticescens,
2697 1093 2854 1149 Sicut
2889 1095 3133 1158 narravi,
3159 1094 3360 1164 inquit,
3389 1093 3524 1149 satis

255 1187 505 1256 ἀκριϐῶς
535 1189 634 1242 οὐκ
659 1183 798 1253 οἶδα,
829 1185 975 1250 εἷπε,
1010 1193 1142 1259 περὶ
1183 1184 1258 1244 ὧν
1291 1191 1339 1243 oi
1368 1190 1516 1258 λόγοι
1545 1206 1556 1219 ’
1592 1188 1838 1252 εἰκάζειν

1951 1197 2304 1258 perspectum
2348 1202 2456 1242 non
2495 1187 2698 1252 habeo,
2743 1187 2876 1254 quid
2914 1187 3210 1241 verborum
3243 1187 3315 1242 sit
3344 1185 3522 1241 factu-

261 1277 449 1346 μέντοι
508 1281 581 1350 μὴ
620 1285 916 1351 προσηνεῖς
975 1299 1125 1346 τινας
1178 1282 1401 1335 ἔσεσθαι
1449 1282 1540 1335 καὶ
1575 1283 1697 1349 mis
1723 1295 1840 1341 ους.

1947 1296 2069 1348 rus;
2123 1296 2364 1352 auguror
2415 1294 2620 1346 tamen,
2667 1281 2830 1335 molle
2885 1296 2948 1334 ac
3000 1291 3350 1334 mansuetum
3383 1279 3525 1334 nihil

257 1369 375 1421 ἀλλ’
404 1369 477 1432 ὡς
521 1373 621 1426 ἐπὶ
649 1372 776 1443 δίκῃ
807 1372 1134 1427 καλεῖσθαι·
1171 1374 1342 1435 ἐδεῖτό
1370 1391 1427 1426 τε
1482 1375 1682 1444 μικρόν
1714 1375 1841 1425 ἁνα-

1945 1374 2292 1436 locuturum,
2325 1375 2419 1430 sed
2454 1384 2504 1430 te
2537 1375 2685 1429 velut
2717 1375 2768 1428 in
2795 1374 3068 1442 judicium
3094 1373 3320 1427 arcessi.
3349 1371 3527 1439 Quare

263 1465 543 1534 μείναντα,
573 1467 671 1520 καὶ
699 1465 896 1536 μέλετῃ
953 1467 1126 1536 μικρᾷ.
1174 1466 1721 1536 προσασχοληθέντα,
1765 1467 1842 1528 ὡς

1947 1466 2269 1535 aliquandiu
2330 1466 2727 1536 prmmeiliteris
2788 1465 2935 1530 iicct,
2989 1474 3050 1518 ut
3110 1464 3377 1518 rationem
3437 1478 3526 1517 rc-

263 1559 496 1621 εὐθύνας
532 1561 821 1627 ὑφέξοντα,
877 1562 1016 1631 πρὸς
1059 1562 1359 1630 ἀπολογίαν
1411 1563 1630 1630 ἕτοιμον
1665 1563 1843 1632 ήκειν.

1951 1558 2279 1626 poscendus,
2324 1569 2548 1626 paratus
2578 1556 2644 1610 ad
2680 1555 3131 1626 respondendum
3172 1555 3383 1610 venias.
3429 1554 3535 1608 Nc-

277 1650 340 1706 Ὀ
375 1652 629 1721 βασιλεὺς
677 1652 734 1706 δὲ
765 1653 923 1722 χάριν
959 1653 1106 1722 αὐτῷ
1129 1653 1227 1723 τῆς
1266 1654 1673 1721 καλοκαγαθίας
1713 1655 1843 1722 ὀμο-

1952 1664 2052 1719 pos
2087 1659 2147 1704 ut
2182 1649 2329 1704 bono
2360 1651 2477 1705 viro
2505 1650 2709 1720 gratias
2740 1666 2930 1720 agens,
2964 1661 3018 1704 et
3052 1649 3333 1720 prtcmium
3369 1666 3397 1700 a
3423 1648 3465 1702 Ι)
3503 1663 3534 1700 o

267 1740 527 1809 λογήσας,
593 1741 688 1795 καὶ
746 1742 971 1808 ἀγαθῶν
1030 1745 1267 1814 άμοιξὴν
1323 1743 1846 1812 προσεπευξάμενος

1954 1758 2337 1814 comprecatus.
2384 1754 2548 1814 atque
2582 1745 2684 1798 hoc
2715 1743 2946 1813 insuper
2976 1743 3209 1806 addens,
3249 1741 3352 1796 sibi
3383 1751 3536 1810 cpta-

270 1833 421 1900 παρά
451 1832 612 1898 θεοῦ,
635 1828 754 1886 εἶτα
790 1833 1066 1886 καὶτοῦτο
1091 1833 1288 1899 εἰπὼν,
1323 1834 1400 1897 ὡς
1445 1835 1586 1887 κατα
1620 1833 1848 1904 γνώμην

1955 1843 2068 1887 ιιιηι
2106 1834 2243 1901 fore,
2282 1849 2466 1890 coram
2505 1833 2926 1904 multisjudicio
2965 1833 3394 1888 contendentem
3431 1830 3539 1884 cri-

274 1920 418 1991 αὑτῴ
452 1923 650 1988 γένοιτ’
685 1923 752 1976 ἂν
783 1921 848 1974 τὸ
895 1922 1111 1975 πολλῶν
1171 1922 1457 1993 παρόντοιν
1491 1920 1851 1990 δικαζόμενον

1955 1923 2104 1978 mina
2139 1923 2357 1994 objecta
2399 1921 2672 1986 refellere,
2706 1921 3032 1976 renuntiare
3067 1935 3169 1974 avo
3197 1919 3375 1989 jubet,
3412 1931 3537 1970 mox

276 2013 650 2067 ἀπολύσασθαι
670 2015 740 2066 τά
769 2014 1116 2084 ἐγκλήματα,
1141 2013 1511 2082 ἀπαγγέλλειν
1530 2013 1745 2067 ἐκέλευε
1775 2012 1851 2082 τῷ

1955 2030 2011 2068 sc
2039 2013 2366 2068 affuturum.
2398 2012 2698 2083 Apparitor
2720 2012 2963 2067 divinam
2994 2010 3044 2065 ci
3078 2021 3238 2080 opem
3273 2007 3364 2062 tali
3390 2016 3539 2061 statu

279 2108 488 2176 πάππῳ
532 2107 626 2158 καὶ
656 2105 886 2186 βασιλεῖ,
919 2106 994 2168 ὡς
1030 2106 1282 2175 ἀφίξεται
1323 2106 1448 2158 ὅσον
1478 2102 1651 2155 οὔπω.
1679 2103 1855 2157 Ἐκεῖ-

1956 2117 2233 2176 precatus,
2271 2115 2322 2162 et
2379 2115 2438 2160 ut
2496 2107 2888 2175 imperatorem
2937 2111 3254 2167 veneratus,
3309 2097 3539 2156 recedit.

279 2214 370 2262 νος
406 2201 503 2267 μὲν
526 2197 620 2251 οὖν
650 2199 751 2268 τὴν
801 2200 955 2269 παρᾶ
996 2197 1132 2252 Θεοῦ
1182 2197 1440 2269 βοήθειαν
1485 2196 1854 2266 ἐπευξάμενος

1961 2199 2246 2269 Extemplo
2282 2199 2464 2253 socios
2491 2205 2780 2252 convocat.
2801 2196 2976 2252 Porro
3018 2211 3246 2265 magnus
3278 2194 3545 2249 domestio

284 2293 342 2343 ἑν
403 2293 516 2354 τοῖς
575 2291 810 2359 παροῦσι
863 2291 941 2362 τῷ
1005 2290 1246 2361 βασιλεῖ,
1309 2290 1406 2343 καὶ
1462 2289 1856 2358 προσκυνήσας

1958 2307 2081 2352 cus.
2120 2290 2491 2345 Tarchaniota
2525 2290 2733 2344 sororis
2774 2289 2942 2359 primi
2992 2287 3276 2344 Michaelis
3305 2288 3542 2356 impera-

283 2383 517 2452 ἀπῆλθε.
550 2382 819 2444 Βασιλεὺς
875 2383 921 2435 δ’
965 2384 1127 2445 εὐθὺς
1175 2382 1302 2444 τοὺς
1344 2380 1596 2450 ἑταίρους
1625 2397 1859 2449 μετεκα-

1963 2385 2131 2447 toris,
2157 2392 2214 2438 et
2247 2383 2480 2453 majoris
2513 2390 2823 2436 materterte
2850 2396 2961 2436 sum
2992 2380 3104 2435 filio
3139 2380 3305 2434 rebus
3344 2380 3546 2433 huma-

287 2476 446 2528 λείτο.
485 2475 625 2527 Ἀλλ’
653 2477 678 2528 ὁ
708 2474 808 2543 μὲν
835 2475 1008 2544 μέγας
1039 2474 1381 2544 δομέστικος.
1417 2474 1564 2528 θείου
1597 2474 1742 2543 αὐτῴ
1764 2473 1859 2525 τοῦ

1960 2475 2049 2530 nis
2076 2485 2292 2545 erepto,
2322 2474 2389 2528 ad
2410 2473 2664 2528 exanime
2685 2487 2889 2542 corpus
2909 2472 3092 2526 luctus
3114 2487 3274 2526 causa
3295 2471 3503 2525 abierat
3528 2488 3541 2525 :

285 2566 726 2636 Ταρχανειώτου,
760 2566 1002 2635 ἀδελφῆς
1032 2565 1127 2620 τοῦ
1181 2565 1402 2638 πρώτου
1459 2566 1724 2638 βασιλέως
1761 2568 1862 2620 Μι-

1970 2578 2342 2640 protostrator
2373 2566 2526 2621 domi
2561 2581 2792 2621 manens
2827 2565 2978 2619 illico
3008 2564 3184 2625 adest.
3233 2580 3333 2619 cur
3383 2578 3546 2618 voca—

285 2660 425 2726 χαίιλ
473 2658 590 2712 uicti
643 2660 989 2730 τεθνηκότος,
1035 2661 1222 2731 παρῆν
1271 2663 1389 2713 ἐκεῖ
1453 2660 1742 2729 πενθήσων
1771 2661 1864 2716 ἐπὶ

1965 2671 2052 2714 tus
2078 2660 2151 2714 sit
2177 2659 2396 2730 quarrit.
2436 2659 2618 2728 Ncpos
2648 2667 2702 2710 et
2730 2658 2862 2728 quid
2897 2656 3003 2712 sibi
3047 2657 3119 2712 ab
3172 2671 3276 2712 avo
3312 2657 3543 2710 manda-

287 2750 526 2818 κειμένῳ
556 2749 632 2820 τῷ
681 2755 956 2820 συγγενεῖ.
999 2751 1058 2806 'U
1099 2753 1542 2823 πρωτοστράτωρ
1572 2751 1628 2804 δὲ
1657 2752 1866 2822 διαπρίει

1965 2762 2104 2814 tum,
2139 2760 2194 2805 ct
2223 2766 2281 2805 se
2315 2766 2468 2805 reum
2501 2751 2686 2814 citari,
2738 2766 2800 2804 ac
2851 2749 2969 2804 sine
3007 2764 3158 2802 mora
3195 2763 3254 2802 se
3283 2748 3543 2804 stiturum

289 2843 397 2895 ϐων
427 2843 856 2912 οἷκοι,·ιάφίκετό
903 2862 960 2897 τε
997 2844 1131 2912 πρὸς
1157 2845 1386 2916 βασιλέα
1415 2844 1601 2910 εὐθὺς,
1634 2846 1729 2898 καὶ
1765 2843 1865 2914 τὴν

1967 2843 2156 2898 refert.
2189 2843 2570 2906 Additetiam,
2615 2858 2672 2897 se
2713 2841 2982 2914 judicium
3015 2859 3082 2897 ex
3118 2842 3302 2896 animo
3333 2841 3549 2896 subitu-

289 2934 470 2992 αἰτίαν
499 2935 600 3004 τῆς
640 2935 886 3002 κλήσεως
932 2937 1123 3006 ἠρώτα
1160 2937 1376 3006 μαθεῖν.
1413 2937 1678 3000 Βασιλεὺς
1707 2937 1762 2990 δὲ
1796 2938 1866 2990 τά

1967 2951 2112 3000 rum,
2148 2951 2276 2990 cum
2311 2934 2449 2989 nihil
2496 2934 2705 3003 negotii
2749 2934 2820 2988 sit
2860 2926 3180 2996 ostendere.
3219 2945 3334 2988 tum
3365 2949 3424 2988 se
3459 2950 3549 2988 va-

287 3043 344 3079 τε
374 3028 526 3097 παρὰ
581 3029 849 3099 βασιλέως
898 3029 1229 3101 μηνυθέντα,
1263 3034 1356 3087 καὶ
1391 3032 1472 3084 ὅτι
1499 3031 1656 3098 δίκης
1703 3031 1868 3084 ἕνεκα

1969 3043 2095 3082 care
2147 3028 2299 3082 omni
2351 3025 2617 3091 crimine,
2670 3036 2784 3079 tum
2833 3027 3119 3080 dominum
3152 3034 3223 3081 et.
3255 3025 3551 3096 imperato-

291 3121 508 3172 καλοῖτο
549 3120 834 3190 γνωρίζει,
891 3123 985 3174 καὶ
1015 3122 1088 3184 ὡς
1121 3121 1274 3192 ἥξειν
1325 3123 1693 3193 ἐπηγγείλατο
1724 3122 1870 3176 κατὰ

1972 3137 2086 3174 rem
2126 3128 2304 3174 semet
2341 3119 2410 3173 de
2445 3118 2680 3188 maligna
2722 3119 3011 3172 voluntate
3044 3134 3139 3172 sua
3177 3117 3366 3172 ulcisci
3411 3117 3547 3188 (99).

292 3215 480 3283 τάχος,
529 3214 795 3282 προσθεὶς
844 3217 940 3268 καὶ
984 3215 1164 3276 τοῦτο,
1199 3215 1272 3279 ὡς
1317 3217 1461 3270 κατὰ
1522 3217 1750 3288 γνώμην
1781 3217 1872 3270 -ἂν

1977 3213 2226 3284 Subjecit
2275 3219 2690 3282 protostrator:
2732 3209 2918 3280 Longe
2959 3210 3094 3264 mihi
3143 3225 3172 3263 a
3205 3225 3335 3263 vcro
3367 3210 3552 3280 lapsus

288 3306 442 3375 αὐτῷ
468 3307 680 3372 γένοιτο
704 3306 1058 3376 δικασθῆναι,
1095 3307 1448 3378 δυνησομένῳ
1479 3308 1678 3379 ῥᾳδίως
1704 3299 1872 3361 αὑτὸν

1973 3307 2202 3372 videris,
2238 3308 2561 3376 imperator,
2591 3287 2759 3375 atque
2794 3313 2853 3358 ut
2881 3303 3185 3359 verisimile
3219 3306 3298 3366 fit,
3331 3319 3452 3373 qua:
3481 3303 3551 3358 de

295 3398 393 3464 μὲν
428 3396 607 3449 οὐδενὶ
658 3399 768 3450 τῶν
813 3397 1234 3468 ἐγκαλουμένων
1288 3399 1614 3469 ἐνεχόμενον
1649 3401 1870 3454 ἀποδεῖ-

1974 3399 2066 3453 tali
2097 3399 2312 3470 judicio
2343 3415 2373 3452 a
2406 3413 2606 3468 magno
2638 3397 2944 3453 domestico
2965 3396 3251 3461 audivisti,
3273 3396 3384 3468 39
3406 3412 3555 3466 quaa-

292 3491 403 3554 ξαι,
441 3488 533 3541 τὸν
555 3489 614 3544 δὲ
642 3489 832 3561 κύριον
861 3493 952 3544 καὶ
988 3490 1234 3560 βασιλέα,
1271 3492 1453 3561 ψυχῆς
1487 3493 1620 3556 ἰδίας
1645 3493 1870 3563 θέλησιν

1972 3507 2081 3561 que
2111 3505 2223 3546 tum
2255 3499 2309 3546 et
2352 3507 2382 3544 a
2416 3500 2489 3551 te.
2517 3499 2574 3544 et
2602 3505 2632 3544 α
2659 3490 2838 3552 nobis,
2873 3499 2932 3542 ut
2965 3498 3114 3544 recte
3143 3488 3285 3544 dicta
3319 3489 3553 3558 accipie-

265 3584 636 3638 ἐκδικοῦντα.
686 3585 744 3638 '0
774 3587 1218 3658 πρωτοστράτωρ
1254 3587 1330 3649 δὲ,
1369 3587 1516 3640 Πάνυ
1564 3605 1656 3666 μοι
1694 3588 1849 3641 δοκεῖ.

1972 3586 2197 3652 bantur,
2239 3601 2430 3638 eorum
2478 3591 2529 3639 te
2567 3582 2858 3652 occupavit
2885 3581 3110 3636 oblivxo.
3149 3580 3283 3636 Nam
3334 3597 3457 3635 cum
3497 3592 3553 3635 tu

292 3677 660 3747 ἁμαρτάνειν,
703 3676 832 3747 ἔφη,
886 3676 981 3729 τοῦ
1042 3677 1218 3740 ὄντος,
1257 3671 1302 3730 ὣ
1354 3677 1577 3747 βασιλεῦ
1604 3695 1617 3708 ο
1665 3680 1758 3731 καὶ
1796 3678 1872 3742 ὡς

1977 3680 2050 3734 ita
2083 3677 2464 3746 praulicasses,
2501 3676 2642 3730 velle
2677 3683 2748 3738 te,
2783 3676 2826 3728 si
2854 3674 2999 3744 apud
3028 3689 3186 3726 avum
3222 3689 3442 3730 causam
3476 3675 3559 3728 di-

293 3769 497 3832 ἓοικεν,
533 3760 608 3821 ὧν
635 3768 769 3837 πρὸς
794 3770 854 3821 σὲ
887 3771 1017 3836 περὶ
1044 3770 1146 3836 τῆς
1168 3769 1424 3835 τοιαύτης
1450 3771 1687 3838 κρίσεως
1718 3775 1744 3824 ό
1779 3773 1874 3840 μέο

1976 3786 2163 3834 ccres,
2193 3781 2286 3823 aut
2312 3769 2528 3837 objecta
2554 3767 2787 3829 diluere,
2821 3776 2937 3832 aut,
2964 3766 3008 3820 si
3039 3766 3091 3821 id
3133 3766 3314 3820 minus
3345 3781 3555 3836 posses,

295 3877 397 3927 γας
423 3861 744 3928 δομέστικος
777 3861 998 3930 εἴρηκεν
1036 3863 1333 3926 ἐπελάθου,
1365 3863 1400 3916 ὃ.
1431 3864 1493 3931 δή
1527 3880 1632 3915 που
1663 3865 1756 3916 καὶ
1791 3865 1874 3916 σοι

1979 3876 2091 3916 non
2121 3859 2356 3928 imperio
2391 3867 2628 3919 tantum,
2663 3873 2857 3912 verum
2892 3857 3058 3912 etiam
3088 3856 3200 3912 vita
3228 3872 3439 3918 carere,
3467 3857 3559 3913 ille

295 3954 555 4021 εἰρῆσθαι
578 3952 698 4004 τότε
730 3954 824 4005 καὶ
855 3953 988 4022 ήιιῖν
1015 3953 1190 4022 ὀρθῶς
1219 3952 1418 4006 ἐδόκει.
1453 3954 1554 4006 Σοῦ
1588 3955 1698 4022 γὰρ
1728 3957 1879 4024 εἰρη-

1982 3950 2160 4003 emori
2221 3949 2450 4015 optabat
2505 3949 2688 4017 potius
2735 3964 2900 4016 quam
2949 3948 3140 4003 videre
3177 3948 3324 4002 diem
3379 3949 3556 4012 ilium,

299 4046 481 4108 κότος,
523 4044 610 4108 Ὠς
640 4045 936 4114 βουλοίμην
962 4045 1029 4098 ἂν
1060 4045 1153 4098 ἐπὶ
1174 4045 1270 4097 τοῦ
1311 4045 1574 4116 βασιλέως
1603 4047 1696 4099 καὶ
1728 4047 1879 4101 πάπ-

1982 4055 2092 4108 quo
2126 4047 2184 4092 tu
2213 4037 2424 4108 judicio
2462 4053 2588 4092 cum
2623 4052 2727 4091 avo
2753 4037 3154 4091 \contenderes
3207 4057 3220 4090 :
3269 4055 3378 4092 non
3410 4039 3557 4094 enim

301 4155 405 4192 που
434 4139 592 4208 δίκης
627 4135 833 4207 τυχὼν,
865 4138 897 4207 ἢ
937 4137 1008 4191 τὰ
1055 4139 1378 4206 ἐγκλήματα
1412 4138 1808 4203 ἁπολίσασθαι,
1842 4137 1876 4206 ἢ

1977 4131 2200 4204 judicii,
2231 4131 2325 4186 sed
2363 4128 2848 4184 condemnatiouis
2881 4129 3028 4183 diem
3063 4144 3255 4184 revera
3283 4129 3561 4198 appellare

299 4229 459 4281 τοῦτο
495 4229 568 4297 μὴ
599 4228 868 4297 δυνηθεὶς,
932 4228 1007 4300 μὴ
1037 4229 1136 4297 τὴν
1192 4228 1474 4298 βασιλείαν
1509 4231 1690 4297 μόνον,
1740 4229 1878 4283 ἀλλὰ

1983 4225 2265 4282 convenit.
2298 4224 2436 4280 Cum
2468 4224 2620 4280 enim
2669 4223 2813 4278 idem
2861 4223 2935 4280 sit
2991 4222 3210 4277 futurus
3240 4223 3430 4294 judex,
3466 4223 3563 4293 qui

302 4320 394 4371 καὶ
420 4319 596 4389 αὐτὴν
629 4317 997 4389 ἀφαιρεθῆναι
1045 4318 1214 4388 ζωὴν,
1245 4317 1274 4372 ὃ
1327 4320 1370 4372 δ’
1405 4319 1612 4388 ηῠξατο
1665 4320 1739 4390 μὴ
1765 4319 1878 4384 ζῶν

1991 4327 2305 4384 accusator,
2338 4316 2489 4371 aliud
2542 4314 2928 4370 ratiocinando
2959 4314 3141 4384 colligi
3176 4313 3313 4368 nihil
3361 4322 3559 4384 potest.

303 4413 432 4480 ἰδεῖν
465 4411 723 4482 τοιαύτην
754 4411 967 4481 ἡμέραν
997 4413 1053 4464 ὲν
1149 4413 1442 4482 γενήσεταί
1485 4429 1569 4466 σοι
1617 4415 1695 4482 τῷ
1720 4413 1878 4484 βασι-

1982 4414 2256 4468 Praeterea
2291 4425 2402 4464 non
2427 4411 2500 4465 ita
2532 4418 2617 4464 est
2647 4409 2938 4479 insipiens,
2963 4417 3021 4462 ut
3055 4417 3162 4462 tam
3195 4407 3566 4462 inconsidera-

300 4504 382 4557 λεί
410 4507 504 4558 καὶ
524 4505 602 4574 τῷ
636 4507 848 4573 πάππῳ
879 4503 1236 4573 δικαζόμενον
1280 4505 1429 4569 ἰδεῖν,
1472 4506 1530 4557 οὐ
1556 4506 1662 4577 γὰρ
1693 4507 1872 4577 δίκης,

1987 4513 2040 4560 te
2071 4506 2141 4560 ad
2183 4505 2458 4577 judicium
2489 4503 2722 4567 feratur,
2757 4502 2968 4571 tibique
3013 4513 3232 4570 tempus
3277 4499 3445 4554 etiam
3494 4500 3561 4553 ad

303 4599 604 4665 καταδίκης
635 4598 692 4651 δὲ
725 4598 927 4666 μᾶλλόν
956 4599 1102 4650 ἐστιν
1129 4598 1328 4665 ἀληθὲς
1351 4599 1449 4669 τὴν
1479 4601 1696 4669 ἡμέραν
1714 4618 1856 4670 προσ

1991 4598 2408 4668 responsionem
2441 4595 2732 4659 concedat,
2759 4609 2871 4662 quo
2899 4604 2994 4647 aut
3021 4595 3370 4647 innocentem
3401 4604 3453 4646 te
3477 4606 3566 4646 os-

305 4694 479 4744 ειπεῐν
540 4690 779 4758 ἐκείνην.
825 4688 973 4750 Ἑνὸς
1029 4688 1138 4758 γάρ
1190 4687 1342 4749 ὄντος
1413 4688 1508 4741 τοῦ
1565 4689 1880 4754 δικάζοντος

1988 4693 2202 4756 tendas,
2231 4691 2276 4746 si
2315 4691 2477 4752 bene,
2538 4697 2978 4751 autnocentcm,
3015 4687 3059 4740 si
3099 4687 3238 4741 male
3272 4684 3568 4755 responde-

304 4785 398 4833 καὶ
439 4780 533 4834 τοῦ
571 4777 1024 4850 κατηγοροῦντοῖ,
1059 4778 1211 4831 οὐδὲν
1267 4776 1395 4831 άλλο
1449 4778 1697 4832 λείπεται
1760 4797 1888 4833 συν·

1988 4787 2098 4850 ris;
2129 4784 2223 4837 sed
2255 4799 2380 4838 cum
2419 4784 2512 4847 sit,
2547 4780 2692 4851 quod
2724 4781 2954 4841 scimus,
2993 4779 3277 4849 praestanti
3317 4778 3564 4848 pruden-

307 4873 704 4940 ά,ἐιν.Ἀλλως
731 4873 778 4925 τ’
817 4872 937 4926 οὐδὲ
967 4871 1079 4926 τῶν
1114 4873 1356 4942 ἀνοήτων
1386 4875 1413 4925 ό
1439 4873 1719 4942 βασιλεὺς,
1748 4872 1882 4925 ὥσθ’

1993 4876 2087 4936 tia,
2113 4882 2170 4928 et
2202 4889 2384 4927 rerum
2411 4871 2778 4942 gerendarum
2823 4871 3077 4931 callidus,
3107 4881 3220 4924 tum
3257 4869 3479 4924 demum
3510 4871 3561 4922 in

305 4967 478 5031 οὕτως
511 4966 936 5039 ἀπερισκέπτως
966 4964 1279 5034 ὁρμηθῆναι
1305 4965 1440 5033 πρὸς
1479 4965 1578 5034 τὴν
1607 4964 1783 5034 δίκην,
1808 4965 1883 5028 ὼς

1984 4967 2254 5036 judicium
2304 4975 2357 5020 te
2401 4965 2663 5028 adducet,
2703 4955 2925 5034 quan-do
2955 4965 3075 5033 ejus
3103 4963 3561 5030 arbitratuprrc-

311 5060 404 5112 καὶ
440 5059 634 5129 καιρὸν
666 5055 966 5124 ἀπολογίας
1009 5073 1090 5107 σοι
1142 5056 1463 5123 παρασχεῖν,
1498 5055 1650 5124 καὶῆ
1688 5057 1756 5106 τά
1789 5057 1878 5115 ἐγ-

1990 5055 2220 5115 structis
2249 5053 2532 5116 omnibus,
2564 5069 2733 5108 unum
2780 5053 2886 5108 hoc
2919 5053 3172 5115 restabit,
3205 5063 3265 5106 ut
3287 5057 3559 5106 sententia

311 5149 566 5220 κλήματα
615 5147 1014 5211 άπδλύσασθαι,
1061 5145 1093 5215 ἢ
1133 5148 1227 5199 καὶ
1280 5145 1636 5213 ἀδικούμενον
1683 5145 1876 5198 ἑαυτὸν

1986 5145 2053 5200 de
2086 5157 2157 5211 te,
2227 5154 2487 5214 tanquam
2528 5145 2596 5200 de
2641 5145 3197 5200 sceleratissimorum
3255 5144 3560 5199 facinorum

311 5234 588 5300 ἀποδεῖξαι
614 5250 628 5266 ⁶
666 5234 799 5287 ἀλλὰ
831 5233 1053 5303 βαθείας
1075 5231 1150 5286 ὢν
1180 5234 1273 5286 καὶ
1305 5234 1550 5302 συνετῆς.
1590 5234 1665 5296 ὡς
1697 5234 1880 5302 ἴσμεν,

1991 5237 2305 5303 manifesto,
2333 5247 2388 5291 et
2419 5237 2488 5290 ob
2522 5238 2574 5290 id
2606 5237 2894 5306 quibusvis
2930 5235 3218 5305 suppliciis
3265 5237 3559 5290 excarniﬁ-

319 5330 531 5396 φρενὸς,
559 5328 657 5381 καὶ⁵
683 5327 854 5390 δεινὸς
885 5326 1178 5396 πράγμασι
1217 5325 1479 5394 χρῆσθαι,
1508 5325 1621 5377 τότ’
1665 5327 1756 5376 ἐπὶ
1783 5327 1882 5393 τῆς

1986 5331 2164 5385 cando
2211 5333 2294 5394 (ut
2339 5331 2417 5384 sic.
2453 5329 2597 5399 apud
2633 5339 2852 5385 exteros
2890 5328 3054 5382 etiam
3085 5328 3314 5399 justitia:
3342 5330 3559 5397 Opinio-

313 5419 469 5491 δίκης
531 5437 590 5473 σε
655 5421 1009 5488 καταστήσει,
1061 5419 1150 5471 ὅτε
1204 5418 1339 5487 πρὸς
1387 5417 1448 5470 τὸ
1495 5417 1646 5488 αὐτῷ
1693 5417 1884 5472 δοκοῦν

1988 5439 2112 5478 nem
2149 5423 2384 5490 auferat)
2414 5420 2822 5490 pronuntietur.
2856 5420 2980 5475 Hatc
3034 5420 3144 5475 illis
3181 5421 3236 5476 in
3282 5421 3565 5491 colloquio

316 5516 491 5570 πάντα
551 5510 1237 5585 προκατασκευασάμενος,
1287 5509 1504 5574 οὐδενὸς
1555 5511 1716 5566 ἄλλου
1777 5512 1887 5565 λεί-

1990 5513 2350 5583 agitantibus,
2383 5523 2514 5568 ecce
2559 5512 2701 5568 alius
2748 5513 2818 5566 ab
2868 5512 3202 5584 imperatore
3254 5512 3565 5584 apparitor.

1577 5627 1795 5691 Jacobi
1828 5629 2094 5692 Pontani
2130 5638 2314 5693 notae.

389 5758 501 5824 (99)
542 5758 615 5813 Ut
659 5756 792 5811 facit
838 5768 1007 5810 senex
1049 5755 1194 5826 apud
1227 5754 1574 5820 Terentium,
1623 5758 1676 5811 in
1714 5755 1889 5814 ileau-
1999 5759 2104 5813 Sed
2136 5759 2297 5812 aliam
2333 5760 2403 5812 ob
2447 5773 2666 5813 causam
2703 5757 2816 5823 illc,
2855 5770 2910 5814 et
2942 5760 3014 5814 ob
3056 5759 3218 5813 aliam
3257 5757 3376 5814 iste.
3420 5759 3566 5813 Pric-

323 5829 752 5901 toutimarumeuo
785 5843 803 5880 :
988 5898 997 5901 _
1305 5895 1336 5901 η
1374 5896 1384 5901 _
1528 5897 1536 5901 _
1586 5899 1593 5901 _
1999 5840 2168 5896 terea,
2202 5829 2289 5885 ille
2317 5831 2501 5886 volens
2532 5847 2593 5885 ac
2619 5830 2883 5901 prudens,
2915 5830 3004 5886 hic
3033 5829 3260 5886 invitus.

423 5898 628 5954 Interea
663 5914 822 5967 usque
851 5895 930 5950 illi
965 5898 1027 5951 de
1056 5913 1135 5953 mc
1161 5895 1476 5964 supplicium
1503 5897 1658 5953 dabo.
