4012 6618
225 433 313 498 121

1401 445 1948 512 HISTORIARUM
1983 453 2221 518 LIBER
2266 457 2317 520 Ῑ.

3393 467 3495 534 122

221 556 347 618 τοὺς
385 551 665 624 βασιλέως
713 554 1053 628 συναθροίσιιι
1087 557 1181 612 καὶ
1217 559 1344 623 το“ς
1378 559 1546 630 ἐμούς
1574 579 1590 593 ·
1626 565 1704 625 ei;
1745 563 1802 616 ἓν

1929 570 2239 642 'ecipiemus
2271 593 2285 630 :
2317 575 2389 632 ibi
2426 578 2664 651 denique
2698 593 2758 639 nt
2787 583 2840 636 in
2875 584 3028 652 asylo
3057 583 3133 652 (Ξ)
3164 583 3382 639 tuenda:
3433 601 3498 641 ac

223 649 281 704 δὲ
317 648 688 714 συνελθόντες,
728 651 828 704 καὶ
858 651 954 703 τὴν
1015 652 1134 705 νέον
1197 651 1425 721 βασιλέα
1459 657 1808 724 παραλαϐόν-

227 759 338 805 τες,
378 743 539 812 (ὅπερ
571 738 727 812 οἶμαι
768 742 1130 815 δυνήσεσθαι)
1190 747 1328 817 πρὸς
1361 749 1454 802 τὸν
1479 750 1579 816 τῆς
1607 751 1808 820 Σοφέας

228 834 644 903 ἀπελευσόμεθα
683 834 776 888 τοῦ
807 834 943 888 θεοῦ
975 837 1154 906 Λόγου
1185 838 1333 892 θεῖον
1361 841 1518 907 νεὼν,
1552 843 1653 913 τὴν
1705 859 1808 896 σω·

234 927 429 997 τηρίαν
457 925 547 980 διὰ
579 927 680 996 τῆς
713 928 947 992 ἀσυλίας
976 930 1076 999 τῆς
1125 932 1336 986 ἐκείνου
1357 985 1361 987 ,
1386 935 1810 1004 πραγματευσό-

235 1034 406 1084 μενοι,
431 1011 550 1070 εἶτα
574 1009 1149 1090 διαπρεσϐευσάμενοι
1182 1022 1319 1093 πρὸς
1353 1023 1604 1092 βασιλέα,
1637 1025 1812 1095 ἀμνη-

231 1110 380 1162 στίαν
401 1109 707 1181 αίτήσομεν
729 1111 842 1164 τῶν
863 1111 1250 1183 τολμηθέντων
1275 1128 1289 1142 ⁶
1331 1116 1424 1168 τὸν
1446 1115 1525 1182 δὲ,
1557 1117 1812 1171 δείσαντα

225 1201 322 1271 τὴν
375 1203 582 1260 στάσιν.
624 1202 818 1274 ὥσπερ
880 1205 1051 1267 εἰκὸς,
1087 1205 1240 1276 ὅρκῳ
1306 1208 1400 1260 καὶ
1454 1207 1669 1276 βασιλεί
1717 1211 1812 1263 καὶ

226 1297 378 1373 ἡμῖν,
401 1297 495 1349 καὶ
520 1297 620 1368 τὴν
645 1297 952 1366 ἀσφάλειαν
979 1298 1365 1354 πιστώσασθαι
1395 1302 1489 1355 καὶ
1512 1303 1612 1371 τὴν
1633 1303 1814 1373 ἀμνη-

228 1383 383 1436 στίαν
441 1385 552 1436 τῶν
606 1386 1012 1454 εἰργασμένων.
1070 1388 1179 1440 Τοῦ
1250 1389 1372 1442 νέου
1428 1391 1485 1443 δὲ
1543 1391 1812 1462 βασιλέως

227 1476 638 1543 ἀπαλλαγέντος
665 1476 763 1531 τοῦ
792 1480 1146 1550 περισχόντος
1179 1481 1272 1534 νῦν
1309 1482 1587 1554 ἐξαπίνης
1632 1485 1812 1538 κινδύ-

232 1584 260 1618 ν
293 1583 344 1628 υ,
377 1568 492 1619 τότ’
522 1567 626 1638 ήδη
661 1569 1124 1642 βουλευσαμένοις
1152 1576 1292 1645 ὅπερ
1321 1575 1388 1628 ἂν
1410 1575 1543 1646 δοκῇ
1571 1575 1806 1646 βέλτιον,

230 1660 448 1724 ἐξέσται
501 1663 766 1732 πράττειν
816 1667 938 1718 κατ’
992 1667 1266 1732 ἐξουσίαν.
1305 1668 1375 1720 Ἦ
1432 1669 1544 1739 γὰρ
1607 1671 1670 1721 ὲκ
1714 1670 1814 1740 τῆς

200 1754 461 1823 ’ἠπείρου
520 1755 652 1824 μίαν
685 1756 797 1811 τῶν
825 1759 928 1827 τῆς
983 1759 1193 1824 πόλεως
1225 1759 1410 1813 πυλῶν
1455 1761 1816 1830 διατεμόντες

231 1837 607 1916 ἐκπετούμεθα
636 1848 855 1914 νυκτὸς,
895 1850 929 1922 ἦ
977 1849 1088 1904 τῶν
1117 1854 1182 1906 ὲκ
1217 1850 1489 1916 Γεννούας
1521 1851 1619 1906 τοῦ
1655 1852 1815 1923 βασι-

231 1939 367 1998 λέως
395 1940 564 2009 φίλων
611 1932 818 2014 τριήρη
859 1944 1016 2014 μίαν,
1061 1944 1095 2016 ἢ
1143 1945 1239 1998 καὶ
1270 1944 1364 1997 δύο
1400 1941 1807 2018 πληρωσάντῖυν
1847 1927 1885 1982 Β

232 2031 636 2102 ὲπιϐησόμεθα,
669 2037 764 2090 καὶ
793 2035 932 2107 πρὸς
971 2037 1068 2099 τὰς
1108 2037 1412 2107 παραλίους
1462 2040 1563 2108 τῆς
1593 2040 1817 2112 Θρᾴκης

234 2127 422 2191 πόλεις
468 2125 652 2198 (αὗται
704 2131 749 2184 δ’
806 2132 944 2184 εἰσιν
1003 2132 1271 2204 ἡμέτεραι
1339 2133 1427 2186 διὰ
1460 2133 1519 2186 τὸ
1555 2132 1648 2185 τὸν
1679 2134 1822 2204 Συρ-

240 2223 470 2291 γιὰννην
515 2222 698 2277 αὐτῶν
729 2222 1144 2294 ἐπιτροπεύειν)
1177 2225 1636 2297 διασωῡησόμεθα
1665 2241 1680 2256 ⁸
1723 2226 1820 2278 καὶ

241 2315 390 2375 οὕτω
423 2315 643 2386 μακρὰν
667 2317 958 2388 γενόμενοι
977 2318 1086 2371 τῶν
1117 2318 1402 2382 κινδύνων,
1429 2319 1464 2374 ἃ
1492 2319 1643 2372 δοκεῖ
1674 2336 1738 2372 συ
1750 2338 1816 2388 μ-

244 2408 436 2478 φέρειν
461 2410 517 2462 ὲν
543 2410 758 2481 ὑστέρῳ
790 2410 1096 2481 πράξομεν.
1129 2412 1202 2464 ΤΞ)
1236 2412 1292 2465 δὲ
1339 2413 1434 2465 νῦν
1480 2413 1626 2482 ἕχον,
1671 2413 1820 2483 πάσῃ

240 2501 326 2557 δετ
356 2502 666 2573 χρήσασθαι
699 2503 795 2557 καὶ
827 2504 1025 2576 ἀνδρίᾳ
1050 2506 1146 2558 καὶ
1171 2487 1476 2578 προθυμία,
1503 2509 1599 2559 καὶ
1625 2506 1819 2572 αὐτὴν,

240 2597 291 2649 εί
323 2595 457 2661 δέοι,
493 2594 593 2667 τὴν
622 2597 768 2665 ζωὴν
798 2595 1098 2668 προθύμως
1132 2598 1516 2669 προϊεμένους,
1542 2599 1684 2652 ὥστε
1713 2600 1822 2652 τῶν

237 2681 617 2760 περισχόντων
651 2687 966 2760 ἐξαρπάσαι
1013 2688 1286 2743 κινδύνων
1317 2689 1410 2742 τὸν
1448 2689 1698 2760 βασιλέα,
1728 2693 1825 2746 καὶ

241 2781 320 2852 μὴ
376 2781 642 2852 περιϊδεῖν
681 2781 848 2836 αὑτὸν
902 2782 1020 2852 ἅμα
1046 2781 1124 2852 τῷ
1178 2781 1378 2854 δικαίῳ
1401 2783 1778 2855 διαφθαρέντα
1805 2800 1820 2816 ο

238 2874 341 2928 καὶ
393 2874 598 2946 ἰατρῶν
631 2874 741 2946 γὰρ
791 2875 921 2939 τοὺς
955 2866 1415 2948 ’ἐμπειροτέρους
1462 2879 1686 2949 ὁρῶμεν
1727 2878 1824 2933 καὶ

238 2964 594 3037 στρατηγῶν,
619 2967 759 3039 πρὸς
786 2967 855 3020 τὰ
884 2968 1290 3035 κατεπείγοντα
1343 2968 1544 3038 μᾶλλον
1597 2970 1826 3040 ἱσταμέ-

238 3078 367 3126 νους
395 3062 508 3118 τῶν
537 3067 871 3133 νοσημάτων
900 3065 995 3117 καὶ
1023 3063 1134 3117 τῶν
1165 3065 1446 3135 πολέμων.
1479 3065 1699 3136 Ταύτης
1723 3068 1826 3135 τῆς

239 3155 442 3228 βουλῆς
475 3157 576 3211 καὶ
611 3148 1068 3228 πρωτοστράτορι
1105 3156 1398 3230 βελτίστης
1431 3155 1575 3214 εἶναι
1617 3160 1828 3228 κριθεί-

1914 665 2162 734 tegendae
2207 667 2370 723 saluti
2431 682 2634 726 nostra:
2681 674 3087 732 incumbemus.
3138 675 3493 732 Postmodum

1911 756 2098 810 missis
2139 757 2205 812 ad
2243 775 2404 815 avum
2439 764 2780 828 oratoribus,
2821 775 2879 820 ιιι
2904 783 3071 822 ausus
3097 769 3150 822 in
3185 784 3244 823 se
3275 777 3497 825 nostros

1911 849 2190 904 oblivione
2217 853 2556 923 sempiterna
2587 856 2766 912 deleat
2795 857 2868 928 (5)
2901 860 3237 928 rogabimus.
3276 861 3342 916 Et
3366 862 3496 931 quia
3547 883 3552 886 υ

1911 938 2264 1007 seditionem,
2298 942 2446 1012 quod
2479 944 2748 999 credibile
2779 958 2886 1010 est,
2925 947 3136 1011 timeat,
3179 959 3235 1004 ιιι
3283 950 3499 1020 jureju-
3600 1000 3618 1016 ,

1905 1031 2086 1086 rando
2115 1034 2299 1103 nepoti
2353 1035 2620 1106 nobisque
2657 1047 2770 1092 tum
2795 1040 3172 1105 securitatem,
3210 1050 3322 1095 tum
3349 1057 3499 1095 cum-

1911 1125 2206 1179 miscorum
2259 1125 2406 1180 illam
2457 1127 2792 1182 oblivionem
2838 1131 3143 1198 promittat.
3200 1131 3495 1202 Postquam

1911 1230 1977 1269 cx
2008 1215 2116 1270 hoc
2151 1224 2258 1270 tam
2294 1217 2480 1272 subito
2530 1220 2782 1289 periculo
2829 1223 3090 1286 evaserit,
3138 1233 3251 1277 tum
3297 1223 3498 1280 deinde

1916 1307 2010 1362 ubi
2052 1308 2523 1382 consuluerimus,
2553 1313 2699 1382 quod
2739 1323 3004 1382 praestare
3041 1315 3344 1382 videbitur,
3378 1318 3498 1387 ejus

1916 1402 2118 1472 agundi
2157 1401 2329 1457 libera
2367 1412 2613 1474 potestas
2644 1405 2772 1459 erit.
2798 1408 2907 1460 Aut
2939 1407 3088 1461 enim
3118 1423 3146 1460 a
3180 1408 3501 1463 continente

1918 1509 2024 1547 una
2040 1495 2192 1550 urbis
2209 1507 2365 1566 porta
2387 1498 2459 1564 (4)
2475 1497 2698 1552 effracta
2717 1499 3092 1554 noctuabundi
3114 1516 3466 1572 erumpemus
3480 1540 3502 1570 ,

1918 1595 2014 1638 aut
2056 1584 2334 1641 Genuates
2379 1589 2565 1658 nepoti
2615 1590 2843 1656 amicos,
2879 1592 3160 1647 triremem
3199 1594 3503 1660 unam,'bi-

1917 1693 2083 1730 nasve
2119 1678 2419 1734 instructas
2451 1682 2660 1737 auxilio
2718 1699 3034 1753 poscemus,
3073 1696 3130 1742 et
3176 1687 3242 1741 ad
3289 1689 3504 1743 mariti-

1916 1784 2034 1824 nias
2069 1768 2318 1828 Thracia:
2347 1775 2602 1829 civitates
2632 1777 2798 1845 (quae,
2831 1783 3097 1847 quoniam
3131 1797 3161 1834 a
3196 1780 3503 1852 Syrgianne

1922 1876 2212 1933 reguntur,
2269 1883 2300 1921 a
2335 1869 2495 1922 nobis
2547 1867 2698 1934 sunt)
2747 1869 3052 1926 incolumes
3101 1874 3503 1950 profugiemus.

1919 1958 2098 2025 Atque
2151 1958 2222 2013 ita
2275 1961 2468 2028 procul
2521 1961 2804 2029 periculis.
2837 1980 2960 2032 qua:
2997 1965 3050 2017 in
3101 1981 3215 2019 rem
3259 1977 3503 2022 nostram

1919 2046 2458 2110 existimaverimus,
2529 2049 2598 2104 de
2649 2063 2849 2106 caetero
2901 2068 3292 2122 exsequemur.
3349 2055 3507 2111 Nunc

1921 2139 2125 2191 animis
2175 2153 2316 2208 Opus
2345 2150 2399 2192 et
2435 2149 2661 2210 pectore
2695 2141 2891 2197 ﬁrmo:
2930 2160 3101 2210 nunc,
3135 2145 3178 2198 si
3225 2161 3316 2200 res
3358 2145 3508 2218 ﬂagi-

1926 2229 2080 2294 tabit,
2142 2229 2256 2299 ipsa
2304 2247 2524 2300 quoque
2555 2233 2737 2287 anima
2780 2233 3055 2305 intrepide
3100 2236 3496 2306 impendenda,

1923 2335 2035 2390 quo
2099 2319 2488 2390 imperatorem
2535 2323 2811 2393 juniorem
2863 2341 2893 2380 e
2943 2325 3126 2380 medio
3188 2327 3510 2382 discrimine

1923 2414 2322 2480 extrahamus;
2356 2432 2458 2472 nec
2487 2433 2614 2471 eum
2651 2418 2704 2472 in
2744 2435 2909 2473 causa
2944 2422 3090 2492 justa
3128 2423 3244 2490 rapi
3276 2423 3342 2474 ad
3367 2423 3512 2478 inte-

1926 2507 2091 2563 ritum
2117 2510 2414 2578 patiamur,
2461 2511 2736 2580 siquidem
2762 2522 2818 2566 et
2846 2514 3112 2576 medicos,
3147 2525 3202 2567 et
3239 2513 3369 2568 belli
3402 2515 3507 2569 (lu-

1924 2617 2018 2656 ces
2050 2602 2515 2671 experientiores,
2551 2604 2758 2658 morbis
2788 2620 2852 2659 ac
2887 2604 3085 2674 pugnis
3121 2606 3512 2674 ingravescen-

1927 2695 2076 2750 tibus
2117 2696 2305 2749 acrius
2360 2697 2568 2753 instare
2616 2697 2893 2752 videmus.
2926 2697 3040 2752 Hoc
3090 2699 3381 2753 consilium
3418 2698 3510 2753 ubi

1925 2797 1982 2843 et
2010 2796 2381 2858 protostrator
2413 2805 2512 2859 pro
2549 2791 2757 2859 optimo
2794 2791 3078 2860 amplexus
3106 2800 3210 2854 est,
3243 2792 3416 2846 visunt
3441 2792 3510 2846 ad

1926 2879 2185 2962 eﬂectum
2217 2878 2660 2950 perducendum.
2693 2879 2761 2935 Et
2789 2879 2879 2933 ille
2903 2879 3127 2948 quidem
3157 2880 3412 2949 protinus
3436 2877 3516 2935 [s-

1922 2973 2129 3036 vmulos,
2159 2981 2214 3027 et
2252 2971 2464 3026 amicos
2501 2982 2772 3041 quotquot
2807 2973 2987 3042 potuit
3011 2971 3209 3041 coegit,
3235 2985 3373 3038 quos
3403 2970 3514 3024 cito

1930 3067 2098 3137 pedes
2125 3065 2453 3119 attulerunt.
2483 3065 2630 3118 Idem
2659 3080 2889 3136 magnus
2924 3065 3260 3119 domesticus
3315 3065 3367 3119 in
3395 3063 3516 3120 suis

1930 3168 1986 3212 et
2017 3158 2258 3226 nepotis,
2293 3157 2761 3228 quantumlicuit,
2799 3157 3194 3212 contrahendis
3222 3165 3514 3226 praestans,

238 3265 368 3318 σης,
393 3248 650 3303 ἐδέδοκτο
679 3250 818 3320 πρὸς
853 3250 1002 3312 τέλος
1037 3250 1254 3319 ἐξάγειν
1277 3267 1292 3282 σ
1327 3253 1422 3306 καὶ
1469 3254 1826 3324 πρωτοστρά-

1929 3251 2317 3321 absentesque.
2352 3268 2477 3306 cum
2521 3253 2758 3322 primum
2818 3251 3043 3305 domum
3099 3251 3202 3322 41
3251 3250 3515 3305 revertis-

235 3358 354 3414 τωρ
391 3342 496 3412 μὲν
524 3341 689 3405 εὐθὺς
719 3341 968 3412 πέμψας,
1013 3343 1424 3412 μετεκαλέσατο
1450 3346 1563 3398 τῶν
1591 3347 1824 3399 οἰκετῶν

235 3436 334 3490 καὶ
387 3435 502 3488 τῶν
545 3434 718 3503 φίλων
753 3435 912 3497 ὅσους
977 3436 1143 3505 ἐνῆν⁸
1206 3437 1350 3491 οἶδὲ
1403 3439 1667 3508 παρῆσαν
1726 3439 1826 3494 σὺν

231 3530 438 3599 τάχει·
472 3528 501 3580 ό
535 3526 707 3597 μέγας
743 3527 800 3578 δὲ
827 3526 1155 3594 δομέστικος
1184 3526 1458 3591 ἀπελθὼν,
1489 3528 1651 3591 ὅσους
1689 3529 1820 3598 ὲνῆν

231 3622 348 3677 τῶν
386 3619 691 3691 βασιλικῶν
719 3618 814 3670 καὶ
842 3619 953 3671 τῶν
1013 3618 1164 3672 ἰδίων
1201 3618 1556 3688 συναγαγὼν,
1605 3621 1733 3683 τοὺς
1768 3620 1825 3674 δὲ

231 3713 746 3782 διεσκεδασμένους
768 3713 897 3765 ὅταν
925 3711 1244 3781 ὲπανήξωσι
1270 3713 1656 3783 παραγγείλας
1687 3715 1827 3767 ίέναι

233 3809 380 3879 πρὸς
412 3808 485 3860 τὰ
520 3805 792 3875 βασίλεια,
843 3803 1121 3871 ἐπανῆλθε
1167 3803 1267 3856 σὺν
1303 3805 1484 3875 τάχει.
1531 3804 1753 3859 Τούτων
1785 3805 1828 3857 δ’

234 3902 390 3956 οὕτω
422 3899 525 3951 σὺν
578 3895 782 3964 σπουδῇ
814 3894 1230 3964 πραττομένων.
1266 3896 1392 3946 ἐπεὶ
1447 3896 1708 3964 κυριακῇ
1740 3892 1830 3963 ἦν⁹

234 3991 362 4054 ἔθος
393 3989 442 4042 δ’
473 3984 861 4054 ἐπεκράτησεν
907 3985 972 4036 ὲκ
1003 3982 1204 4036 πολλοῦ
1236 3985 1296 4037 ὲν
1325 3987 1393 4055 τῇ
1425 3987 1623 4054 πρώτῃ
1657 3985 1832 4056 ταύτῃ

233 4084 340 4155 τῆς
372 4079 680 4150 ἑϐδομάδος
725 4078 912 4149 ἡμέρᾳ
973 4075 1302 4140 Γεννουίτας
1359 4092 1419 4129 τε
1475 4077 1731 4137 καὶτοὺς
1767 4077 1834 4129 ὲκ

237 4178 512 4240 Βενετίας
568 4173 836 4247 Λατίνους
871 4170 1315 4241 ἀφικνουμένους
1360 4171 1440 4234 είς
1472 4170 1542 4222 τὰ
1585 4168 1838 4239 βασίλεια

237 4271 416 4340 τιμῆς
447 4285 510 4321 τε
542 4266 706 4318 ἕνεκα
735 4265 834 4317 καὶ
868 4261 1166 4332 ὁμολογίας
1196 4263 1290 4314 τοῦ
1329 4263 1435 4315 ὑπὸ
1473 4261 1694 4332 βασιλεῖ
1722 4260 1834 4313 τῶν

249 4361 560 4432 Ῥωμαίων
590 4356 877 4426 τετάχθαι,
904 4355 1036 4408 ἄλλο
1069 4355 1169 4424 μὲν
1205 4355 1382 4416 οὐδὲν,
1419 4355 1589 4425 μόνην
1612 4353 1668 4406 δὲ
1704 4370 1838 4424 προ-

243 4454 520 4524 σκύνησιν
553 4451 952 4515 ἀπονέμοντας,
987 4447 1152 4500 πάλιν
1181 4445 1365 4500 οἴκαδε
1402 4439 1834 4500 άπιέναιΪΗκον

241 4550 342 4602 καὶ
375 4548 505 4598 τότε
532 4545 581 4596 οἱ
627 4544 692 4595 ἐκ
723 4540 989 4604 Γεννούας
1045 4540 1354 4612 πράξοντες
1386 4540 1455 4592 τὰ
1485 4538 1739 4602 εἰωθότα,
1773 4539 1833 4590 ὲν

1925 3355 2068 3407 sent,
2101 3347 2165 3400 ad
2206 3346 2472 3415 palatium
2513 3360 2811 3400 occurrere
2843 3345 3072 3414 jubens.
3107 3343 3262 3397 brevi
3318 3343 3515 3397 eodem

1926 3436 2111 3490 rediit.
2147 3435 2241 3490 His
2273 3435 2522 3490 studiose
2571 3450 2634 3489 ac
2681 3434 2873 3489 scdulo
2929 3434 3186 3502 peruetis,
3231 3434 3359 3503 quia
3411 3433 3518 3496 Do-

1928 3527 2130 3582 miniea
2162 3527 2447 3598 agebatur,
2483 3534 2539 3580 et
2586 3541 2705 3580 mos
2729 3526 3135 3594 longinquitate
3166 3526 3512 3591 invalnerat,

1931 3620 2183 3691 principe
2235 3618 2606 3674 hebdomadis
2655 3618 2766 3680 die,
2799 3618 3142 3682 Genuenses,
3176 3632 3240 3670 ac
3273 3617 3517 3672 Venetos

1929 3713 2175 3773 Latinos.
2227 3712 2454 3767 honoris
2496 3719 2551 3764 et
2591 3709 2954 3782 subiectionis
2983 3706 3304 3778 profitendae
3335 3708 3514 3777 gratia

1930 3804 1986 3859 in
2018 3804 2221 3873 regiam
2257 3805 2552 3866 ventitare,
2573 3800 2912 3870 adoratoque
2933 3801 3264 3870 imperatore
3289 3798 3516 3853 domum

1934 3895 2171 3963 regredi,
2202 3902 2476 3948 venerunt
2503 3900 2559 3946 et
2593 3901 2709 3946 tum
2738 3890 3087 3953 Genuenses,
3126 3892 3374 3946 solemne
3399 3890 3520 3946 olli-

1934 3983 2082 4041 cium
2129 3983 2486 4054 persoluturi.
2515 3981 2667 4036 Inter
2716 3981 2820 4036 bos
2869 3981 3099 4050 magnus
3143 3981 3517 4049 domesticus,

1936 4075 2157 4130 duobus
2187 4089 2255 4128 ex
2303 4072 2414 4127 illis
2451 4071 2652 4136 tribus,
2687 4085 2925 4140 quorum
2973 4087 3143 4139 supra
3179 4072 3518 4126 mentionem

1937 4164 2296 4227 faciebamus,
2331 4161 2550 4232 nepotis
2599 4159 2911 4216 fautoribus
2960 4159 3218 4229 repertis,
3247 4161 3518 4230 promissa

1935 4259 2017 4313 eis
2051 4257 2262 4327 redegit
2291 4256 2345 4309 in
2370 4253 2714 4318 memoriam,
2747 4261 2913 4322 atque
2949 4253 3178 4321 insuper
3205 4253 3274 4306 de
3301 4269 3516 4309 summa

1937 4348 2126 4404 auxilii
2164 4347 2492 4403 necessitate
2527 4345 2754 4400 edoctos
2780 4345 2846 4398 ad
2881 4344 3135 4398 triremes
3166 4344 3518 4400 instruendas

1938 4440 2164 4495 dimisit.
2197 4438 2282 4492 Illi
2313 4437 2604 4500 abeuntes,
2649 4444 2706 4489 et
2755 4449 2859 4505 pro
2897 4445 3143 4502 tempore
3175 4433 3518 4504 diligentiam

1939 4533 2283 4593 adhibentes,
2306 4531 2450 4584 intra
2476 4528 2636 4582 horas
2658 4527 2873 4593 viginti,
2909 4537 3096 4582 ternas
3125 4527 3385 4582 omnibus
3427 4542 3518 4581 re-

241 4633 325 4700 οἷς
357 4639 388 4689 ὁ
419 4637 601 4708 μέγας
620 4635 943 4705 δομέστικος
972 4632 1100 4696 τοὺς
1135 4631 1230 4686 δύο
1257 4631 1368 4686 τῶν
1401 4632 1711 4703 εἰρημένων
1743 4629 1826 4683 τοί

1945 4629 2049 4682 bus
2097 4633 2323 4678 ornant.
2376 4620 2508 4689 Quae
2556 4620 2782 4676 intuens
2813 4627 3175 4690 protostator,
3206 4619 3524 4690 multosque

1512 4777 1731 4839 Jacobi
1759 4772 2031 4838 Pontani
2067 4779 2258 4832 notas.

252 4939 258 4944 '
322 4931 400 5002 (2)
448 4927 708 4991 Ἀσυλος,
763 4925 861 5002 cui
911 4940 1134 5002 necesse
1187 4941 1314 5002 non‘
1353 4934 1436 4981 est
1468 4925 1698 5002 _timere,
1756 4939 1827 4980 ne

245 4995 550 5073 spolietur,
581 5014 672 5073 ne,
704 5013 824 5064 quae
851 4998 1035 5059 habet,
1071 4997 1252 5073 przeda
1286 4995 1438 5073 fiant.
1468 4996 1628 5060 Item,
1662 5011 1827 5064 quem

247 5065 498 5141 spoliare
525 5067 677 5122 nefas
711 5077 830 5141 est,_
866 5075 1018 5141 tutus
1050 5065 1084 5121 ιι
1111 5065 1390 5128 t‘iolentia,
1416 5075 1829 5141 sacrosanctus.

246 5136 485 5211 Templa
521 5153 686 5208 porro
720 5138 866 5211 asyla
913 5139 1196 5211 dicuntur,
1231 5153 1297 5211 ex
1337 5136 1539 5211 quibus
1567 5136 1722 5211 nefas
1749 5144 1833 5190 est

249 5207 703 5271 abstrabi’eum,
757 5207 850 5276 qui
888 5207 953 5259 ad
1008 5207 1098 5262 illa
1145 5207 1413 5276 confugit.
1462 5207 1686 5262 Servius
1711 5207 1764 5259 in
1795 5221 1834 5260 tt

250 5283 478 5339 IEneid.
519 5279 889 5350 vocaripuﬁtat
924 5279 1157 5350 asylum,
1187 5277 1344 5346 quasi
1375 5292 1619 5350 asyrum,
1655 5292 1687 5350 _a
1729 5293 1837 5350 non

252 5293 478 5339 Λςηεια.
519 5293 702 5333 vocari
733 5293 889 5346 putat
924 5293 1157 5350 asylum,
1187 5293 1344 5346 (ιιιιιει
1375 5293 1619 5402 asKrum,
1659 5293 1687 5330 a
1729 5293 1837 5330 non

252 5350 655 5409 abstrahendo.
707 5348 874 5403 Multa
925 5349 1072 5414 asyla
1123 5353 1422 5418 recenset]
1471 5346 1736 5403 lexander
1765 5347 1837 5402 ab

253 5422 600 5483 Alexandro,
632 5418 735 5472 lib.
767 5434 845 5479 In,
883 5433 1004 5486 cap.
1038 5418 1129 5472 νο.

328 5495 410 5563 (ὅ)
463 5490 795 5563 νἈμξιηστ-ί-α,
830 5488 883 5541 id
911 5501 1016 5563 est,
1072 5487 1400 5563 iniuriarum
1447 5487 1841 5563 offensionum-

254 5557 652 5634 que'obli’vio'.
707 5559 1034 5634 lloc__verho
1071 5557 1537 5634 Atheniensesin
1579 5559 1839 5634 sedandis

255 5627 559 5687 discordiis
606 5644 734 5683 usos
781 5627 1279 5698 aﬂirmatiClcero.
1343 5643 1357 5682 l
1396 5627 1716 5698 Philippica.
1776 5627 1844 5681 Et

257 5701 674 5770 Thrasybulus,
731 5710 959 5752 auctore
1002 5697 1224 5752 Emilio
1252 5698 1458 5763 Probo,
1492 5697 1665 5767 legem
1695 5699 1841 5763 tulit,

259 5771 628 5827 reconciliata
661 5785 820 5841 pace,
861 5784 930 5841 ne
978 5770 1105 5839 quis
1134 5779 1513 5824 anteactarum
1547 5784 1729 5841 rerum
1758 5785 1847 5822 ac-

259 5850 584 5903 cusaretur,
627 5839 765 5895 neve
823 5839 1153 5894 multaretur
1197 5855 1212 5892 :
1260 5854 1493 5909 eamque
1551 5839 1626 5894 illi
1683 5839 1848 5909 legent

258 5913 541 5971 oblivionis
592 5911 962 5983 appellarunt.
1015 5910 1120 5967 Sed
1167 5909 1342 5981 legem
1395 5910 1616 5980 quidem
1667 5911 1846 5978 ἀμνη-

1939 4922 2095 4982 στίας
2147 4917 2474 4987 appellatam
2507 4915 2765 4987 concedit
2807 4915 3054 4970 Muretus
3086 4931 3102 4970 :
3137 4915 3308 4969 verbo
3335 4926 3518 4971 autem

1941 5008 2072 5047 usos
2132 4985 2230 5057 μῆ
2259 4988 2646 5056 μνησικακεῖν.
2693 4985 2802 5041 hoc
2852 4994 2953 5050 est,
3007 5002 3112 5040 non
3147 5002 3256 5038 esse
3288 4987 3543 5057 παίωνι-³

1939 5064 2061 5117 dam
2107 5055 2698 5130 iiijnriwALntemoriam,
2745 5073 2866 5130 seu,
2898 5057 3157 5130 animum
3209 5055 3522 5130 malevola":

1941 5133 2001 5187 ob
2027 5126 2286 5202 injuriant
2322 5127 2534 5202 illatam
2581 5144 2685 5180 non
2713 5127 3120 5202 suscipiendum,
3155 5135 3210 5202 et
3240 5126 3522 5202 hugidem

1943 5195 2113 5259 fuisse
2144 5203 2198 5254 in
2240 5201 2358 5269 lege
2390 5197 2628 5267 positum
2665 5195 2883 5267 probat,
2910 5195 3125 5250 Variar.
3161 5197 3290 5252 lect.
3327 5197 3423 5252 lib.
3460 5212 3522 5264 ιι,

1941 5289 2060 5329 can.
2105 5272 2190 5326 15.

2011 5291 2212 5410 filiae
2257 5337 2676 5410 viginti‘tribus
2707 5337 2884 5410 portis
2929 5334 3524 5410 urbis_Constantino.

1941 5406 2237 5486 polit-anni,
2283 5406 2409 5486 vide
2458 5406 3057 5486 Joannis___Lemtclavi_i
3094 5408 3406 5486 Pandecten
3436 5408 3523 5461 hi-

1942 5477 2129 5539 storia
2189 5481 2459 5543 Turcicaz,
2525 5495 2635 5547 quo
2676 5478 2821 5532 libro
2878 5477 3117 5532 Annales
3168 5480 3516 5534 sultanorum

1942 5551 2428 5616 Otbmanidarum,
2473 5564 2570 5603 seu
2597 5547 3021 5603 Osmanidarum
3059 5549 3375 5613 illustravit,
3424 5565 3525 5603 no-

1941 5625 2138 5694 bisque
2193 5624 2258 5694 ad
2317 5622 2482 5675 hasce
2527 5621 3042 5694 notas__plu_ri_m_utn
3102 5619 3522 5694 commodavit:

1946 5689 2165 5764 quando
2206 5693 2406 5764 bonam
2442 5689 2905 5764 partetn__'l‘urcici
2942 5690 3156 5759 imperii
3194 5691 3523 5764 peragravit,

1947 5759 2004 5820 et
2033 5765 2275 5826 curiose,
2314 5763 2423 5816 imo
2456 5775 2588 5816 vero
2621 5759 3521 5831 diligentc(accurateque!ontiiia

1949 5834 2258 5904 inquisivit.
2287 5832 2422 5889 Vide
2474 5833 2603 5888 item
2646 5829 2866 5888 Petrum
2900 5829 3139 5902 Gyllium
3197 5831 3251 5884 in
3289 5829 3526 5886 Tltratio

1950 5905 2254 5976 Bosphoro.
