4012 6612
300 420 408 494 137
1460 417 1890 481 HISTORIAR‘

1987 417 1998 476 [
2025 415 2265 478 LIBER
2307 417 2351 480 Ῐ.
3423 411 3522 476 138

297 537 595 610 φαινεσθαι
623 537 722 590 καὶ
767 535 867 607 τὴν
900 534 1079 606 ψυχὴν
1117 532 1306 595 δεινῶς
1355 531 1730 601 ἐκταράττειν,
1779 529 1890 589 ἐτι

1987 543 2066 582 »το
2095 529 2320 582 numine
2355 528 2586 584 adorare
2633 542 2720 584 me
2751 527 2930 584 credis
2992 529 3187 583 inutile
3236 535 3290 580 et
3335 542 3529 597 super—

299 627 399 680 καὶ
435 624 615 694 ἐαυτῷ
665 624 1009 695 περιπίπτει.
1049 622 1112 676 El
1170 622 1268 692 μὲν
1296 614 1406 689 γὰρ
1440 621 1498 672 ἐν
1552 620 1666 680 τοῖς
1699 620 1866 687 ίεροτς

1987 631 2264 671 racaneum
2295 626 2396 682 est,
2427 632 2662 686 quorum
2708 617 2868 672 ﬁdem
2918 618 3129 673 irritam
3162 617 3288 683 fe¢i,
3336 633 3437 688 per
3463 632 3530 674 ea

301 717 394 772 τὸν
420 716 582 785 ὅρκον
615 714 960 781 εὐαγγελίοις
996 718 1092 768 και⁸
1127 713 1251 774 ταῖς
1314 709 1638 777 σεδασμίαις
1692 707 1867 761 εἰκόσι

1989 705 2345 774 usjurandum
2396 722 2426 760 a
2477 720 2563 761 me
2608 706 2794 775 exigi:
2825 707 2983 762 facile
3017 708 3288 778 siquidem
3335 717 3529 764 contra

303 805 548 867 κελεύεις
574 806 762 857 πιστὸν
790 805 983 866 ποιεῖν,
1014 802 1164 871 αὑτῷ
1191 801 1371 872 τούτῳ
1431 802 1560 870 περὶ
1609 801 1700 852 τὸν
1735 798 1869 854 Θεὸν

307 897 522 959 πιστὸν,
552 896 762 950 καὶτὸν
795 882 1037 964 Χριστὸν
1088 893 1470 958 ἀποδεικνύεις
1517 893 1872 960 ἐνδεδυμένον

305 986 428 1056 ἐμέ.
467 985 531 1038 El
559 983 604 1036 δ’
632 983 779 1052 ἄλλῳ
803 985 906 1036 τινὶ
942 983 1246 1052 σεδάσματι
1273 984 1564 1053 προσέχειν
1592 984 1694 1052 ἐμὲ
1718 981 1873 1052 νομί·

303 1074 440 1141 ζεις,
472 1075 580 1129 τῶν
609 1074 887 1144 ἀνονήτων
922 1073 1020 1126 καὶ
1051 1073 1342 1143 περιττῶν,
1375 1067 1451 1126 ὧν
1483 1073 1724 1144 ὴθέτησα
1773 1072 1872 1142 τὴν

304 1170 513 1231 πίστιν,
569 1164 723 1218 ταῦτ’
764 1168 845 1226 εἰς
903 1164 1067 1234 ὅρκον
1120 1163 1243 1231 ἐμοὶ
1281 1162 1644 1232 προϐάλλεινο
1677 1161 1874 1232 ῥᾳδίως

303 1259 416 1326 γὰρ
447 1256 514 1310 ἂν
567 1254 988 1324 καταψεύσομαι
1021 1251 1132 1305 τῶν
1188 1252 1266 1323 μὴ
1302 1252 1651 1321 τιμωμένων.
1691 1252 1782 1304 Διὸ
1806 1251 1870 1321 δή

307 1365 401 1402 σου
435 1348 652 1417 δέσμαι,
690 1345 936 1415 βασιλεῦ,
971 1343 1048 1414 μὴ
1083 1343 1213 1414 περὶ
1244 1343 1353 1396 τῶν
1383 1342 1644 1396 τοιούτων
1685 1342 1876 1410 λόγους

307 1443 516 1494 κινείνο
548 1439 735 1509 χάριτι
770 1437 880 1507 γὰρ
939 1435 1178 1506 Χριστοῦ
1223 1433 1321 1489 καὶ
1375 1433 1704 1503 Χριστιανός
1760 1433 1877 1502 εἰμι

309 1533 407 1588 καὶ
457 1532 565 1584 τῶν
625 1529 928 1599 ὀρθοδόξων
956 1541 972 1557 ο
1007 1526 1152 1580 κατὰ
1211 1525 1307 1578 σοῦ
1367 1525 1425 1578 δέ
1481 1526 1620 1594 μήτε
1678 1523 1877 1594 δρᾶσαι

313 1622 451 1692 μήτε
478 1618 875 1690 βουλεύσασθαί
926 1633 978 1670 τι
1016 1617 1210 1680 κακὸν,
1245 1614 1342 1670 καὶ
1393 1614 1489 1667 νῦν
1544 1614 1644 1684 μέν
1671 1613 1878 1684 δμνυμι

310 1713 404 1766 τὸν
435 1709 664 1778 οὐρανοῦ
721 1711 814 1763 καὶ
847 1709 951 1776 γῆς
1003 1707 1260 1777 ποιητὴν,
1317 1705 1396 1767 ὡς
1448 1704 1574 1758 οὔτε
1609 1706 1880 1773 πρότερον

311 1805 392 1869 είς
437 1802 730 1871 λογισμοὺς
760 1801 1011 1871 ὑπήχθην
1043 1798 1340 1863 τοιούτους,
1370 1794 1482 1849 οὔτ’
1531 1798 1587 1848 ἐν
1615 1794 1694 1864 τῷ
1753 1794 1881 1865 μέλ-

307 1895 454 1948 λοντι
487 1895 654 1957 κακὸς
679 1893 916 1962 ὀφθῆναι
945 1889 1209 1960 βούλομαι
1241 1889 1370 1959 περὶ⁵
1401 1887 1460 1940 σέ
1484 1903 1501 1919 ο
1543 1885 1634 1939 σδν
1665 1886 1712 1938 δ’
1747 1885 1872 1938 ἐπί-
1908 1871 1953 1927 Β

309 2001 498 2056 ἰιιιγμσ⁸
531 1983 847 2054 ἐκπληρῶν,
907 1981 1017 2035 καὶ
1036 1977 1196 2042 αὖθις
1232 1977 1500 2047 ὀμοῦμαι.
1535 1977 1670 2046 Περὶ
1697 1975 1754 2027 δέ
1786 1973 1880 2027 τοῦ

313 2075 652 2146 καταδήλους
681 2074 805 2136 τοὺς
839 2073 864 2124 ἐ
875 2073 968 2142 μολ⁵
1003 2070 1261 2131 συνόντας
1302 2069 1398 2122 καὶ
1427 2067 1600 2120 ταὺτὰ
1623 2065 1884 2135 βουλομέ-

311 2185 438 2230 νους
455 2185 541 2220 σοι
566 2165 777 2232 θέσθαι,
803 2165 980 2217 ἐκεῖνο
1000 2163 1166 2229 λέγω,
1182 2161 1258 2224 ὡς
1281 2158 1442 2222 αὐτὸς
1455 2158 1521 2212 ἂν
1536 2157 1734 2225 είδείης
1747 2157 1885 2226 μᾶλά

314 2258 407 2308 λον
457 2253 614 2324 ἐμοῦ,
647 2251 864 2313 ὁποίους
881 2251 1030 2314 τινὰς
1053 2250 1198 2312 είκδς
1231 2243 1374 2302 εἶναι
1396 2248 1521 2309 τοὺς
1553 2245 1886 2314 προσκειμέο

317 2363 442 2408 νους
459 2345 602 2414 ἐμοί.
623 2345 800 2398 Ὅπου
823 2346 934 2414 γὰρ
963 2342 1263 2414 χρημάτων
1287 2341 1385 2412 μέν
1406 2357 1496 2411 μοι
1521 2341 1687 2411 πόρος
1707 2340 1885 2402 οὐδεὶς

317 2431 404 2500 οἷς
442 2437 510 2488 ἂν
541 2436 671 2498 ἴσως
708 2435 964 2504 πείσαιμι
1013 2434 1123 2485 τῶν
1177 2432 1345 2497 ἀξίων
1376 2448 1468 2500 μοι
1524 2431 1687 2498 λόγου
1733 2427 1886 2489 τινὰς

316 2525 630 2596 προσέχειν,
660 2524 976 2596 παρρησίας
1000 2540 1060 2576 τε
1086 2523 1228 2592 πρὸς
1253 2523 1312 2575 σέ
1347 2524 1599 2589 μέτεστιν
1624 2519 1886 2590 οὐδεμιᾶς

315 2603 384 2670 διό
404 2611 474 2687 ἦς
498 2615 802 2686 εὐεργετῶν
836 2615 1056 2684 ἐμαυτῷ
1080 2615 1358 2684 κτήσομαι
1385 2613 1577 2682 φίλους
1597 2610 1752 2674 τινὰς
1778 2611 1888 2664 τῶν

313 2707 584 2776 δεομένων
620 2705 915 2776 ὠφελείας,
944 2706 1184 2776 συνορᾷν
1216 2705 1366 2758 ἐστιν
1393 2706 1458 2756 ἐκ
1487 2702 1596 2754 τῶν
1623 2702 1887 2773 πραγμά-

315 2816 427 2852 των
454 2798 532 2868 τῷ
571 2797 881 2867 βουλομένῳ
935 2798 1101 2850 παντὶ
1127 2795 1254 2858 τοὺς
1311 2794 1708 2865 ἡθροισμένους
1761 2796 1890 2862 περὶ

317 2889 442 2959 ἐμέ.
481 2890 542 2941 El
573 2887 618 2941 δ’
643 2888 753 2957 ἄρα
779 2887 876 2940 καί
920 2902 1063 2950 τινες
1091 2880 1202 2938 εἷεν
1232 2886 1489 2947 εὐνοϊκῶς
1535 2886 1658 2955 ἐμοὶ
1684 2883 1889 2936 διακεί-

323 2997 496 3050 μενοι,
527 2980 628 3032 οὑκ
650 2979 956 3049 ὀφείλοντες
983 2978 1083 3048 τὴν
1113 2976 1350 3040 εὖνοιαν,
1380 2975 1516 3030 ἀλλὰ
1553 2975 1756 3045 μᾶλλον
1795 2974 1890 3044 χά-

326 3085 472 3139 ριτος
517 3069 889 3140 κατάρχοντες
923 3069 1098 3120 είσιν·
1147 3061 1224 3120 ῶν
1247 3065 1389 3118 οὑτω
1419 3065 1712 3136 βελτίστων
1761 3066 1889 3135 περὶ

323 3159 424 3230 ἐμὲ
455 3158 656 3228 προῖκα
688 3157 1093 3227 γεγενημένων,
1119 3156 1220 3208 οὑκ
1243 3156 1310 3208 ἂν
1343 3154 1543 3253 ἐλλίπῃ
1580 3153 1889 3224 μοχθηρίας
1915 3193 1960 3253 c

327 3250 636 3322 ὑπερϐολὴν
664 3249 725 3302 τὸ
755 3250 1016 3304 κάκιστον
1039 3247 1204 3302 αὑτὸν
1250 3247 1344 3300 καὶ
1366 3245 1631 3316 προδότην
1658 3246 1890 3316 ὀφθῆναι

325 3341 458 3410 περὶ
489 3339 706 3401 αὑτούς.
727 3339 923 3393 Καίτοι
945 3354 1006 3406 γε
1023 3338 1116 3392 καὶ
1144 3337 1294 3390 αὐτοὶ
1318 3337 1468 3390 οὐδὲν
1497 3335 1626 3391 ἄλλο
1651 3353 1740 3406 μοι
1758 3351 1893 3407 προ-

326 3419 532 3493 σιόντες
567 3430 777 3482 πείθειν
820 3429 1212 3501 ἐπιχειροῦσιν,
1263 3427 1300 3500 ἢ
1326 3429 1411 3480 σοὶ
1443 3428 1520 3499 τῷ
1559 3427 1770 3498 βασιλεῖ
1797 3428 1894 3480 καὶ

327 3539 434 3575 πατ
443 3523 498 3592 ρ).
514 3521 737 3590 ὑπέχειν
757 3521 994 3590 ἐμαυτὸν
1017 3520 1115 3572 καὶ
1131 3519 1492 3574 καταδουλοῦν
1509 3517 1603 3572 καὶ
1627 3519 1702 3588 μὴ
1726 3518 1898 3588 παρέ-

326 3632 442 3685 χειν
470 3615 647 3674 αίτίας
674 3611 802 3665 ὥστ’
822 3611 1047 3682 ὲμαυτῷ
1067 3610 1166 3682 τὴν
1190 3611 1288 3681 σὴν
1309 3610 1653 3682 γαληνότητα
1679 3611 1894 3682 ἐξοργί-

329 3706 465 3769 ζειν.
499 3703 666 3775 Ἑμοῦ
681 3703 726 3757 δ’
753 3703 1165 3773 ἰσχυριζομένου
1193 3700 1437 3754 τοιοῦτον
1473 3701 1698 3772 ἐμαυτῷ
1719 3719 1897 3754 συνει-

325 3798 478 3851 δέναι
508 3795 698 3865 μηδὲν,
727 3796 821 3847 καὶ
847 3794 1077 3855 πολλοὺς
1102 3794 1180 3855 είς
1209 3793 1506 3860 ἀπολογίαν
1555 3795 1896 3862 συνείροντος

331 3886 549 3954 λόγους,
577 3884 732 3936 οὐδὲν
761 3884 944 3944 αὑτοῖς
974 3883 1053 3943 είς
1082 3881 1254 3934 πειθὼ
1275 3881 1554 3951 νομίζεται
1572 3882 1894 3950 ἀξιόχρεων,

330 3979 474 4045 ὅπερ
503 3978 652 4029 ἐστὶν
676 3973 818 4037 εἰκὸς
851 3973 1246 4044 λογιζομένοις,
1305 3973 1380 4036 ὡς
1409 3974 1511 4025 οὐκ
1554 3972 1621 4026 ἂν
1654 3973 1824 4036 οὑτως
1862 3976 1898 4045 ἡ

335 4069 499 4138 φύσις
526 4066 665 4136 πρὸς
715 4065 918 4135 ἑαυτὴν
962 4061 1381 4134 ἐκπολεμωθείη
1442 4063 1518 4133 μὴ
1549 4064 1659 4116 τῶν
1707 4062 1900 4116 αίτίων

331 4146 498 4213 ὄντων
549 4154 847 4226 ὑπερφυῶν
874 4171 888 4184 ·
915 4152 1036 4208 οὑδὲ
1101 4154 1210 4223 γὰρ
1248 4154 1371 4206 οὑδέ
1433 4155 1543 4207 τῶν
1572 4153 1779 4224 θηρίων
1830 4153 1900 4207 τὰ

333 4245 694 4319 χαλεπώτατα
724 4247 837 4308 τοῖς
878 4245 1093 4314 τέκνοις
1133 4243 1542 4298 ἐπεϐούλευσαν
1602 4259 1736 4298 ποτε
1785 4247 1898 4310 τοῖς

340 4337 515 4401 ίδίοις.
545 4336 610 4389 Εἰ
635 4336 691 4389 δέ
715 4350 861 4398 τινες
893 4335 951 4388 ἐν
991 4336 1178 4398 αὑτοῖς
1209 4331 1321 4388 εἶεν
1363 4335 1460 4388 καὶ
1506 4337 1582 4406 μὴ
1643 4335 1896 4403 τοιοῦτοι,

345 4427 492 4484 οὓτω
517 4428 699 4490 δοκεῖς
743 4426 846 4494 ἐμὲ
875 4425 1044 4479 κακὸν
1094 4425 1190 4480 καὶ
1236 4427 1530 4496 ἀγνώμονα
1580 4421 1720 4481 εἶναι
1766 4431 1898 4500 περὶ

1971 795 2060 849 illa
2085 795 2338 861 mentiar,
2367 811 2487 865 quae
2515 797 2693 851 colere
2723 797 2879 852 desii.
2904 798 3167 864 Quocirca
3196 807 3249 854 te
3281 810 3526 872 rogatum

1968 890 2114 954 volo,
2148 890 2466 958 imperator,
2501 905 2570 944 ne
2598 891 2730 959 quid
2764 905 2929 960 super
2958 892 3062 946 hoc
3089 893 3308 962 negotio
3336 894 3534 947 verbo-

1970 995 2092 1033 rum
2124 980 2325 1046 facias;
2368 981 2540 1052 gra'tia
2581 982 2729 1037 enim
2767 981 2970 1037 Christi
3000 991 3056 1037 et
3084 964 3449 1045 Christianus,
3478 993 3535 1037 et
3645 976 3652 983 ’

1972 1070 2311 1125 orthodoxus
2334 1086 2478 1126 sum.
2508 1072 2788 1130 Adversus
2819 1082 2871 1128 te
2897 1083 3077 1127 autem
3117 1074 3256 1128 nihil
3297 1074 3422 1153 maﬁ
3452 1075 3532 1128 vel

1973 1161 2254 1230 deslgnavi
2284 1163 2368 1216 vel
2402 1163 2669 1232 cogitavi;
2699 1173 2755 1218 et
2780 1179 2927 1218 nunc
2959 1165 3084 1219 caeli
3112 1174 3380 1235 terraeque
3407 1181 3539 1221 con-

1973 1249 2210 1304 ditorem
2245 1251 2392 1305 ultro
2417 1260 2607 1318 testor,
2640 1267 2726 1307 me
2756 1267 2933 1323 neque
2959 1254 3194 1310 antehac
3228 1255 3536 1311 istiusmodi

1977 1342 2205 1397 consilia
2239 1343 2474 1401 coxisse.
2519 1358 2696 1412 neque
2739 1343 2810 1399 de
2854 1353 3052 1400 caetero
3094 1345 3405 1415 improbum
3434 1347 3538 1401 ali-

1976 1433 2108 1502 quid
2142 1433 2197 1487 in
2234 1443 2286 1488 te
2331 1434 2805 1497 machinaturum;
2853 1435 2960 1490 tuis
2997 1451 3126 1491 vero
3149 1437 3316 1506 jussis
3343 1453 3542 1507 parens

1979 1523 2161 1577 denuo
2179 1522 2394 1592 jurabo.
2430 1524 2568 1590 Jam,
2594 1525 2741 1595 quod
2768 1525 2850 1580 vis
2879 1535 2939 1580 ut
2966 1525 3248 1595 adjutores
3275 1536 3332 1582 et
3364 1529 3544 1583 socios

1981 1614 2081 1668 tibi
2113 1629 2264 1670 meos
2295 1615 2551 1681 indicem,
2580 1617 2712 1672 illud
2753 1617 2898 1681 dico,
2928 1626 2980 1673 te
3019 1617 3222 1688 potius,
3258 1633 3421 1688 quam
3456 1635 3545 1674 me

1979 1704 2123 1760 scire
2165 1719 2324 1774 posse
2367 1707 2558 1774 quales
2603 1715 3031 1762 consentaneum
3063 1709 3135 1762 sit
3163 1723 3304 1769 esse.
3333 1709 3428 1777 qui
3457 1725 3546 1762 me

1982 1806 2306 1865 sequuntur.
2336 1796 2472 1852 Cum
2501 1798 2648 1852 enim
2681 1799 2926 1867 pecunia:
2950 1799 3214 1854 faciendae
3239 1801 3376 1853 ratio
3396 1800 3546 1853 nulla

1983 1886 2316 1955 suppeditet,
2347 1901 2452 1957 qua
2478 1887 2707 1942 forsitan
2743 1889 3008 1958 quosdam
3043 1905 3151 1943 non
3186 1890 3384 1943 infima:
3413 1905 3546 1945 con-

1981 1977 2208 2032 ditionis
2257 1979 2324 2032 ad
2375 1993 2524 2033 meas
2577 1988 2759 2048 partes
2804 1979 3112 2044 allicerem,
3165 1981 3417 2036 libertate
3449 1996 3550 2035 au-

1985 2077 2092 2123 tem
2125 2069 2268 2145 apud
2307 2077 2359 2124 te
2392 2070 2542 2123 nulla
2585 2071 2663 2125 uti
2696 2070 2876 2140 liceat,
2913 2086 3024 2140 quo
3053 2087 3156 2140 ope
3185 2071 3362 2126 aliena
3408 2070 3549 2125 indi-

1983 2160 2240 2229 gentibus
2289 2159 2659 2225 benefaciens,
2711 2162 2917 2216 amicos
2951 2177 3287 2232 comparem,
3337 2163 3549 2217 discere

1987 2250 2134 2317 hinc,
2161 2251 2342 2319 quivis
2368 2259 2564 2320 potest,
2594 2253 2636 2305 si
2665 2253 2801 2314 vult,
2832 2253 3022 2321 quales
3045 2267 3104 2307 se
3133 2254 3200 2307 ad
3231 2254 3548 2308 societatem
3589 2252 3604 2262 ’

1985 2359 2162 2398 meam
2182 2347 2608 2414 aggregaverint.
2637 2344 2792 2412 Quod
2816 2345 2861 2400 si
2886 2346 3027 2401 forte
3051 2347 3302 2402 nonnulli
3328 2363 3414 2402 me
3439 2363 3550 2402 non

1986 2434 2242 2498 oderunt,
2273 2442 2328 2488 at
2369 2436 2423 2488 in
2449 2448 2516 2488 eo
2549 2449 2660 2488 non
2698 2435 2778 2489 illi
2813 2435 3059 2490 debitum
3089 2452 3188 2504 pro
3213 2438 3385 2506 gratia
3410 2452 3552 2507 prae—

1986 2531 2156 2589 stant,
2191 2524 2290 2579 sed
2328 2523 2502 2595 gratia
2545 2539 2634 2579 me
2677 2534 3029 2580 anteVertunt
3059 2543 3073 2582 :
3103 2527 3198 2594 qui
3228 2543 3353 2583 cum
3399 2529 3550 2583 nulla

1987 2624 2294 2683 exspectata
2346 2613 2597 2669 mercede
2634 2600 2742 2670 mei
2772 2615 2882 2671 sint
2922 2631 3087 2686 quam
3128 2617 3548 2682 studiosissimi,

1987 2705 2123 2758 nihil
2155 2712 2341 2773 posset
2370 2702 2490 2758 fieri
2524 2705 2830 2771 scelestius,
2865 2706 2912 2760 si
2956 2721 3059 2776 ego
3103 2707 3160 2762 in
3207 2709 3330 2764 illos
3362 2720 3553 2764 contra

1989 2791 2390 2861 ingratissimus
2441 2807 2506 2848 ac
2544 2794 2794 2862 proditor
2841 2797 3182 2852 cxsisterem.
3232 2797 3554 2868 Quanquam

1988 2892 2045 2959 et
2076 2882 2179 2951 ipsi
2229 2898 2316 2936 me
2361 2882 2647 2949 adeuntes,
2698 2899 2807 2940 non
2851 2886 3000 2940 aliud
3049 2888 3182 2942 mihi
3225 2889 3556 2957 persuadere

1989 2973 2266 3038 nituntur,
2299 2989 2462 3043 quam
2492 2983 2552 3028 ut
2582 2975 2680 3029 tibi
2727 2977 3064 3046 imperatori,
3097 2993 3162 3034 ac
3192 2979 3404 3048 parenti
3433 2993 3556 3034 meo

1990 3063 2138 3142 dicto
2167 3064 2270 3118 sim
2302 3065 2549 3128 audiens,
2583 3067 2793 3136 tibique
2833 3069 3090 3130 serviam.
3123 3071 3439 3124 occasiones
3469 3069 3556 3124 fu-

1991 3153 2157 3223 giam,
2189 3154 2389 3223 quibus
2418 3156 2685 3210 serenitas
2732 3165 2821 3211 tua
2879 3157 3168 3230 adversum
3219 3174 3306 3214 me
3349 3158 3558 3213 turbari

1992 3252 2050 3298 et
2097 3243 2298 3299 irritari
2331 3254 2512 3315 queat.
2545 3247 2682 3301 Dum
2733 3255 2915 3302 autem
2963 3255 3279 3304 constanter
3327 3248 3559 3310 allirmo,

1993 3337 2133 3391 nihil
2166 3337 2478 3408 hujusmodi
2525 3337 2772 3392 conscire
2825 3338 2987 3403 mihi,
3025 3340 3300 3410 verbaque
3340 3341 3414 3396 ad
3463 3341 3563 3396 de-

1993 3429 2296 3513 fensionem
2332 3445 2548 3496 acervo,
2584 3430 2730 3486 haud
2783 3431 2890 3486 illis
2933 3430 3231 3502 quidquam
3279 3435 3346 3487 ad
3399 3433 3560 3488 fidem

1995 3523 2128 3578 satis
2151 3521 2373 3576 videtur
2400 3538 2414 3576 :
2442 3521 2802 3592 probabiliter
2829 3522 3306 3587 ratiocinantibus,
3332 3532 3453 3577 norr
3469 3539 3566 3594 po-

1998 3614 2168 3668 tuisse
2200 3622 2446 3668 naturam
2483 3620 2689 3667 tantam
2727 3614 2781 3667 in
2823 3614 3171 3683 semetipsam
3203 3614 3561 3669 hostilitatcm

1996 3706 2246 3774 induere,
2274 3705 2380 3759 nisi
2427 3719 2605 3760 causa;
2638 3705 2888 3767 fuissent,
2933 3711 2989 3760 et
3017 3707 3236 3774 quidem
3269 3707 3426 3770 tales,
3455 3707 3566 3778 49

1997 3811 2117 3866 quae
2144 3796 2290 3865 ipsas
2317 3806 2521 3850 natura!
2551 3805 2722 3850 metas
2747 3797 3074 3851 excederent
3102 3813 3115 3850 :
3139 3799 3358 3866 quando
3385 3814 3565 3868 neque

2001 3887 2479 3942 truculentissime
2521 3886 2760 3941 ferarum
2807 3888 2863 3940 in
2912 3888 3122 3943 catulos
3152 3903 3285 3943 suos
3317 3890 3426 3959 (l6)
3461 3906 3566 3943 un-

1983 3991 2162 4045 quam
2198 3990 2318 4030 sese
2376 3974 2668 4029 insidiosas
2705 3989 2769 4029 ac
2801 3976 3064 4054 malignas
3100 3977 3468 4046 praebuerunt.
3499 3979 3568 4034 Et

1999 4077 2062 4122 ut
2107 4067 2277 4137 aliqui
2314 4066 2456 4120 inter
2483 4080 2580 4120 eos
2627 4072 2735 4118 tam
2772 4067 2992 4120 solliciti
3039 4081 3148 4120 non
3197 4070 3328 4131 sint,
3363 4083 3432 4122 an
3479 4085 3568 4124 me

1998 4161 2136 4215 adeo
2167 4147 2402 4228 nequam
2434 4157 2492 4212 in
2520 4157 2753 4223 amicos,
2776 4167 2832 4212 et
2860 4156 3024 4211 olIicii
3058 4157 3432 4213 immemorem
3466 4177 3568 4229 pu-

1998 4260 2103 4317 tas,
2146 4261 2211 4304 ιιι
2253 4264 2445 4305 eorum
2489 4248 2813 4304 charitatem
2848 4247 3158 4318 proditione
3212 4264 3568 4304 remunerare

1997 4343 2199 4398 velim?
2227 4329 2344 4396 0h!
2395 4341 2744 4410 neutiquam;
2790 4341 2954 4396 citius
3004 4355 3114 4395 non
3162 4355 3262 4410 pro
3309 4341 3569 4396 omnibus

1998 4431 2163 4486 modo
2197 4431 2379 4497 simul,
2425 4430 2520 4484 sed
2566 4444 2666 4499 pro
2699 4430 2928 4501 singulis
2973 4431 3140 4486 etiam
3189 4439 3353 4501 caput
3386 4448 3569 4488 meum

334 4521 461 4583 τοὺς
494 4516 706 4588 φίλους,
741 4515 882 4568 ὥστε
897 4517 995 4586 τῆς
1023 4518 1104 4580 είς
1139 4517 1237 4588 ἐμὲ
1263 4517 1444 4586 φιλίας
1472 4519 1766 4590 προδοσίαν
1796 4536 1890 4574 πα-

2005 4523 2276 4578 devovere
2301 4537 2410 4577 non
2448 4521 2728 4587 dubitabo,
2759 4537 2922 4592 quam
2955 4531 3014 4577 ut
3053 4524 3174 4593 ejus
3199 4526 3451 4579 servandi
3487 4528 3571 4582 vel

338 4611 561 4683 ρασχεῖν
583 4607 932 4678 ἀντιμισθίαν
955 4623 970 4673 ;
995 4608 1110 4662 Οὐκ
1135 4605 1283 4661 ἐστιν
1303 4609 1556 4680 οὐδαμῶς
1583 4628 1596 4641 ⁸
1628 4612 1760 4682 ῥᾷον
1790 4611 1890 4681 γὰρ

2005 4616 2126 4670 leve
2157 4629 2254 4668 eos
2287 4613 2463 4684 patiar
2494 4613 2680 4668 subire
2713 4613 3143 4670 incommodum.
3191 4616 3456 4672 Pmterea
3501 4619 3570 4674 de

335 4701 403 4755 ἂν
451 4699 634 4766 αὐτὸς,
693 4700 790 4769 οὑχ
818 4699 964 4770 ὑπὲρ
1016 4699 1238 4754 πάντων
1295 4701 1458 4772 ὁμοῦ,
1489 4701 1625 4758 ἀλλὰ
1655 4705 1750 4757 καὶ
1781 4706 1890 4769 ἑνὸς

2009 4708 2136 4778 fuga
2180 4722 2291 4762 non
2338 4705 2682 4776 suscipienda
2725 4706 3080 4778 jurisjdrandi
3131 4709 3571 4766 testificationem

335 4791 518 4847 αὐτῶν
566 4793 666 4862 τὴν
697 4793 839 4863 ἐμὴν
892 4792 1210 4862 προήσομαι
1272 4793 1574 4864 σωτηρίαν,
1627 4795 1662 4864 ἢ
1697 4795 1890 4865 ταύτηι

2008 4800 2144 4855 mihi
2178 4800 2456 4869 imperasti
2483 4815 2496 4851 :
2519 4798 2625 4853 Per
2651 4798 3034 4854 universorum
3062 4797 3230 4870 igitur
3254 4801 3568 4866 Dominum,

337 4885 795 4956 περιποιούμενος
824 4885 1068 4946 ἐκείνους
1100 4883 1343 4955 ἐθελήσω
1387 4887 1484 4938 καὶ
1520 4890 1735 4958 μικροῖς
1789 4907 1890 4942 τισι

2007 4901 2064 4946 et
2091 4892 2392 4961 principem
2421 4891 2592 4945 Deum
2619 4891 2747 4960 jura
2779 4891 2900 4954 tibi,
2938 4893 2983 4944 si
3025 4899 3082 4973 te
3129 4893 3430 4963 quidquam
3464 4895 3572 4949 ini-

341 4976 744 5046 προσομιλῆσαι
798 4977 1013 5038 κακοῖς.
1071 4974 1192 5027 Ἔτι
1226 4976 1360 5042 πρὸς
1409 4976 1642 5041 τούτοις,
1672 4980 1766 5031 καὶ
1813 4981 1890 5049 ὃρ‹

2012 4985 2206 5040 micius
2259 4995 2452 5040 contra
2502 4999 2587 5037 me
2637 4984 2951 5039 molientem
2999 4999 3339 5056 cognovero,
3386 4988 3571 5044 nervis

338 5085 459 5132 κοις
487 5067 760 5134 ἐπόταξας
785 5065 847 5120 τδ
874 5066 952 5138 μὴ
1002 5066 1232 5138 δρασμῷ
1261 5067 1572 5139 χρήσασθαι
1606 5073 1890 5142 ἀσφαλίσα-

2011 5076 2288 5142 omnibus,
2313 5085 2368 5132 ct
2401 5083 2540 5138 toto,
2573 5073 2719 5145 quod
2753 5075 2927 5143 aiunt,
2959 5076 3098 5146 pede
3136 5078 3338 5148 fugiam
3375 5080 3509 5150 (l7).

1606 5239 1821 5303 Jacobi
1848 5242 2112 5306 Pontani
2153 5251 2340 5304 notae.

415 5386 548 5460 (16)_
573 5383 747 5460 Omne
788 5383 991 5460 animal
1021 5381 1208 5460 diligit_
1248 5379 1352 5436 sibi
1393 5381 1613 5460 ε-ἰιιιίιιι,⁸
1643 5391 1701 5436 ει
1745 5383 1899 5437 canis
2000 5384 2190 5438 liberos
2221 5393 2423 5460 nostros
2449 5383 2872 5460 esse‘debemus.’
2906 5381 3414 5460 Truculentissima;
3440 5385 3570 5442 fera:

335 5451 483 5523 cani,
520 5451 637 5532 bos
685 5455 836 5517 bovi,
892 5453 1098 5532 asinus_
1128 5451 1288 5507 asino
1329 5451 1744 5532 pulcherrimus
1787 5463 1891 5532 est.

336 5531 442 5588 Sed
470 5521 728 5581 maxime
777 5523 1212 5592 unumquodque
1254 5521 1481 5578 animal.
1527 5523 1897 5591 quamtpmvis

339 5607 600 5660 immane,
633 5609 698 5648 ac
725 5593 925 5658 ferum,
957 5593 1136 5662 diligit
1165 5592 1378 5646 catulos
1406 5601 1653 5662 suos.ﬂut
1697 5608 1796 5661 pro
1830 5593 1905 5646 iis‘

337 5674 504 5724 etiam
548 5671 903 5736 propugnet,
945 5661 1156 5736 tantum
1199 5661 1506 5736 abest,_ut
1567 5661 1636 5716 iis
1682 5673 1898 5736 noceat.

337 5729 667 5807 Apposiiuni
714 5729 800 5788 est
853 5730 986 5807 illud
1037 5731 1357 5795 Ciceronis,
1408 5729 1511 5807 De
1541 5740 1682 5807 ornt.
1731 5746 1769 5785 ιι
1798 5749 1810 5786 :
1841 5730 1901 5786 Si

337 5801 466 5878 {erit
506 5815 688 5876 partus
721 5819 844 5858 suos
871 5801 1122 5871 diligunt,
1173 5817 1280 5871 qua
1323 5816 1416 5854 nos
1463 5802 1733 5856 chariton
1773 5815 1896 5871 erga

616 5899 888 5958 PATROL.
931 5895 1051 5956 Gn.
1097 5894 1300 5957 CLlll.

1998 5463 2129 5508 sunt
2161 5471 2303 5526 uram
2333 5459 2476 5525 (qua:
2507 5456 2707 5510 mirum
2741 5463 3008 5526 quantum
3038 5457 3214 5525 raptis
3242 5455 3444 5511 catulis
3466 5471 3569 5512 ste-

2001 5523 2184 5595 viunt)
2207 5523 2408 5595 19mm.
2437 5527 2623 5595 tigres,
2660 5523 2820 5594 lupa}.

2072 5594 2190 5663 (17)·
2224 5593 2579 5666 Proverbium
2607 5593 2733 5655 est,
2759 5595 2934 5657 omni.
2964 5596 3080 5652 sive
3114 5607 3228 5653 ιοιο
3272 5595 3566 5666 ρεᾲοηριιο

1999 5663 2248 5794 lelidqgod
2287 5672 2394 5732 est,
2420 5681 2635 5721 summa
2664 5666 2715 5719 vl
2747 5679 3077 5736 summoque
3116 5663 3395 5722 nisuCAdi
3431 5663 3565 5720 Chi-

2023 5747 2070 5785 ia
2113 5749 2141 5786 a

2023 5747 2141 5786 1808

3168 5895 3208 5955 5
