4012 6512
487 349 590 414 139
1650 354 1974 414 JOANNIS
2012 356 2544 419 CANTACUZENI
3633 361 3751 425 MO

479 465 604 518 σθαι
625 481 639 494 ο
675 463 881 536 ὄμνυμι
915 467 978 536 δή
1019 481 1102 517 σοι
1124 465 1214 518 τὸν
1245 465 1498 519 ἁπάντων
1535 463 1727 533 κύριον
1754 467 1848 518 καὶ
1883 467 2110 536 βασιλέα
2150 469 2304 536 Θεὸν,
2325 470 2401 535 ὼς
2426 473 2490 526 ἄν
2519 489 2571 524 τι
2607 474 2842 548 φωράσω
2874 475 3000 545 περὶ
3035 475 3133 546 ἐμὲ
3161 475 3550 548 βουλευόμενον
3609 477 3743 532 κίν-

479 555 636 609 δυνον
667 556 950 623 ἀπειλοῦν,
979 557 1128 627 πάση
1152 557 1378 626 δυνάμει
1435 555 1527 608 καὶ
1555 553 1662 624 ὅλῳ
1697 555 1818 608 ποδὶ
1852 558 2132 628 χρήσομαι
2165 562 2299 630 “pb;
2322 563 2522 631 φυγήν.
2648 544 2662 561 .
2949 544 2955 545 γ
3070 544 3080 546 -
3162 544 3173 548 -
3391 544 3402 548 _
3643 575 3665 588 ς

1890 669 2116 726 CAPUT
2155 670 2298 725 XVI.

469 769 745 841 Invenitur
769 770 824 822 in
855 776 1093 838 nepotem
1136 783 1294 841 senex
1325 785 1441 841 cum
1483 769 1655 841 minis.
1698 767 1873 841 Nepos
1905 769 2276 841 veniamgpetit
2325 767 2521 822 delictis
2565 771 2711 841 suis;
2759 769 2938 838 pedem
2969 769 3074 834 illi,
3123 787 3425 841 quanquam
3456 772 3741 841 renitenti.

537 839 894 909 exosculatur,
923 837 988 891 et
1019 839 1252 891 osculum
1288 838 1350 890 ab
1381 854 1440 891 eo
1480 837 1891 908 recipit-Ficta
1935 837 2316 898 reconciliatio.
2343 849 2389 890 et
2425 841 2484 891 ob
2517 839 2572 891 id
2615 837 2774 892 inane
2822 841 3094 909 gaudium.
3136 837 3361 909 Magnus
3409 839 3738 896 domesticis

537 911 592 963 in
623 908 1040 979 Pelo'ponncsum
1087 910 1165 960 ire
1195 909 1401 974 jussus,
1438 918 1674 978 nepotem
1703 918 1752 961 et
1785 914 2224 976 protostratorem
2253 909 2501 961 certiores
2541 909 2692 976 facit.
2728 909 2801 962 De
2827 908 2900 963 ea
2933 926 2988 963 re
3018 908 3344 964 consultant.

538 1027 664 1095 Hac
705 1024 928 1094 juniore
960 1022 1289 1087 disserente,
1337 1021 1440 1076 sub
1484 1021 1651 1092 janua
1701 1020 2048 1074 domunculae
2080 1026 2122 1080 Α

2225 1018 2414 1073 Ταῦτα
2446 1020 2542 1073 τοῦ
2594 1021 2716 1074 νέου
2745 1021 3014 1090 βασιλέως
3064 1022 3378 1087 διεξιόντος,
3411 1025 3438 1076 6
3477 1026 3720 1096 πρεσϐύ-

465 1119 776 1173 consistens
806 1117 990 1170 senior
1019 1116 1361 1171 auscultabat
1393 1118 1596 1169 omnia.
1635 1115 1701 1169 Et
1743 1117 1806 1168 ad
1837 1125 2032 1168 etetera

2147 1126 2305 1179 τερος
2330 1111 2434 1164 ὑπὸ
2485 1112 2578 1174 τὰς
2605 1112 2780 1183 θύρας
2813 1115 3104 1183 ἱστάμενος
3141 1114 3237 1168 τοῦ
3273 1116 3544 1182 οίκίσκου,
3579 1120 3727 1173 πάν-

464 1206 689 1276 quidem
740 1215 947 1270 mutus,
995 1207 1089 1260 ubi
1143 1207 1281 1276 fuga:
1332 1207 1478 1260 illata
1522 1215 1606 1262 est
1654 1206 1902 1259 mentio:
1933 1205 2037 1268 Tu,

2147 1212 2258 1255 των
2297 1204 2632 1273 ἐπηκροᾶτο,
2684 1206 2779 1258 καὶ
2836 1207 3007 1260 τᾶλλα
3051 1208 3153 1276 μὲν
3219 1208 3422 1277 ἠνεγκε
3473 1212 3724 1271 σιωπῶν.

465 1299 662 1368 inquit,
687 1308 816 1352 tune
839 1307 900 1352 ut
917 1297 1128 1366 fugias?
1149 1297 1311 1366 Atqui
1346 1299 1564 1367 jamjam
1587 1297 2038 1365 comprehensus,

2146 1292 2245 1362 τὴν
2274 1294 2454 1364 φυγὴν
2512 1296 2569 1348 δὲ
2627 1298 2887 1364 ἀκούσας,
2923 1298 2996 1350 Σὺ
3025 1298 3091 1362 δ’,
3116 1299 3240 1369 ἐφη,
3297 1300 3473 1372 φεύξῃ
3505 1319 3569 1370 γε
3605 1303 3673 1356 σύ
3707 1321 3723 1368 ;

462 1399 517 1442 et
550 1390 786 1442 vinculis
817 1390 1151 1442 constrictus
1189 1387 1481 1451 abducere,
1516 1397 1572 1442 et
1598 1388 1662 1440 ad
1695 1389 1893 1457 captivi
1925 1389 2040 1442 for-

2159 1384 2303 1438 ⁹Δλλ’
2337 1386 2464 1438 ὅσον
2493 1387 2649 1440 οῠπω
2683 1389 2746 1441 σὺ
2783 1389 2882 1456 μὲν
2927 1389 3254 1459 συλληφθεὶς
3300 1377 3596 1463 ἀπαχθήση
3628 1394 3727 1448 δε-

466 1491 652 1533 tunam
682 1480 946 1548 redigere.
975 1478 1086 1548 Ego
1113 1493 1242 1532 vero
1273 1495 1375 1532 nec
1406 1479 1578 1531 tribus
1608 1477 1804 1539 obolis,
1839 1480 1884 1531 si
1915 1493 2040 1546 pos-

2144 1475 2393 1543 σμὼτης,
2448 1478 2725 1546 καὶπρὸς
2791 1479 3126 1546 δοριαλώτου
3179 1482 3461 1546 καταστὰς
3517 1485 3721 1554 τὺχην.

462 1571 588 1635 sim,
640 1579 692 1624 te
726 1586 757 1624 e
806 1571 1071 1624 servitute
1119 1570 1440 1622 exemerim.
1496 1568 1708 1623 Dehinc
1756 1569 2038 1637 paululum

2156 1565 2298 1634 Ἐγὼ
2329 1567 2374 1619 δ’
2412 1568 2534 1620 οὐδὲ
2564 1568 2734 1637 τριῶν
2762 1569 2966 1621 ὀϐολῶν
3013 1569 3262 1638 ἐθελήσω
3308 1571 3579 1626 λύσασθαι
3617 1574 3726 1644 τῆς

463 1674 787 1730 progressus
833 1659 1133 1723 :Cernitis,
1168 1659 1344 1728 inquit
1373 1658 1440 1712 ad
1483 1659 1800 1727 prmseutes,
1840 1675 2039 1728 quem-

2143 1658 2376 1720 δουλίας.
2431 1655 2563 1711 Εἶτα
2627 1661 2824 1729 μικρὸν
2879 1661 3109 1726 προσάς,
3154 1661 3378 1730 Ὁρᾶτε,
3413 1663 3516 1734 ἔφη
3577 1665 3727 1731 πρὸς

463 1749 758 1805 admodum
801 1751 905 1806 iste
957 1750 1142 1806 verbis
1184 1751 1320 1804 meis
1366 1750 1527 1804 (idem
1581 1751 1858 1816 conciliet,
1893 1765 2035 1805 con-

2143 1749 2268 1812 τοὺς
2295 1751 2592 1818 παρόντας,
2623 1753 2772 1814 ὅπως
2801 1754 2915 1813 τοῖς
2946 1754 3100 1821 ἐμοῖς
3132 1752 3312 1819 λόγοις
3362 1747 3519 1817 οὗτος
3577 1772 3725 1824 συμ-

465 1853 648 1896 tumax
699 1841 974 1906 videlicet,
1020 1856 1080 1896 se
1129 1839 1411 1911 magniﬁce
1460 1840 1928 1910 circumspiciens.
1983 1849 2039 1896 et

2147 1843 2442 1910 μαρτυρεῖ,
2488 1842 2727 1912 σκληρὸς
2758 1841 2834 1895 ῶν
2867 1845 2964 1896 καὶ
2999 1843 3268 1914 αὐθάδης,
3301 1846 3397 1898 καὶ
3432 1846 3573 1916 πέρα
3620 1846 3721 1899 τοῦ

463 1931 758 1987 immodice
808 1932 1110 2000 arrogans?
1153 1930 1298 2000 quod
1351 1945 1420 2005 ex
1471 1930 1647 1999 reipsa
1709 1931 1866 1984 vobis
1904 1931 2039 1987 licet

2141 1933 2356 1994 δέοντος
2387 1934 2603 1998 ἀλαζών
2632 1953 2646 2000 ;
2685 1937 2787 2005 ἠδη
2820 1939 2916 1988 καὶ
2948 1937 3081 2005 ὑμῖν
3135 1939 3252 1989 ἐστι
3283 1938 3474 2007 σαφῶς
3507 1942 3572 1992 ὲκ
3603 1941 3719 1992 τῶν

463 2025 694 2080 discere.
727 2025 962 2096 Subjicit
983 2024 1170 2094 junior
1195 2040 1208 2078 :
1239 2022 1504 2093 Equidem
1533 2037 1714 2093 neque
1744 2033 2036 2078 contumax

2140 2024 2486 2092 πραγμάτων
2517 2026 2962 2095 καταμαθεῖν.”0
2985 2027 3107 2090 νέος
3127 2027 3174 2081 δ’
3205 2028 3721 2097 Ἀνδρόνικος,Ἒπ⁹

461 2133 604 2183 sum,
630 2133 810 2187 neque
837 2117 1088 2172 mihimet
1120 2124 1403 2186 tantopere
1435 2115 1637 2185 plaudo
1668 2135 1680 2170 :
1709 2116 1805 2170 sed
1849 2116 2036 2170 multi-

2138 2115 2423 2184 ἀληθείας,
2451 2111 2628 2184 εἶπεν,
2678 2111 2722 2171 ὦ
2755 2103 3002 2187 βασιλεῦ,
3035 2119 3160 2172 οὔτε
3198 2121 3434 2190 σκληρός
3463 2122 3581 2190 εἰμί
3608 2140 3718 2188 τις,

464 2211 638 2266 tudini
671 2223 1022 2280 peccatorum
1058 2225 1303 2264 meorum
1335 2218 1618 2278 acceptum
1657 2208 1857 2272 refero,
1885 2209 2032 2278 quod

2136 2204 2262 2260 οὗτε
2291 2208 2533 2278 αὐθάδης
2558 2225 2572 2240 ο
2615 2210 2752 2262 ἀλλά
2783 2211 2892 2262 τῶν
2943 2210 3095 2282 ἐμῶν
3151 2213 3443 2282 ἁμαρτιῶν
3478 2215 3506 2266 6
3535 2213 3714 2283 σωρὸς

465 2302 586 2357 talis
620 2301 718 2357 tibi
762 2301 972 2356 videar.
1005 2301 1201 2355 'l‘estor
1244 2300 1436 2363 Deum,
1477 2315 1642 2368 quem
1685 2299 1824 2353 nihil
1875 2299 2028 2364 latet,

2136 2300 2380 2354 τοιοῦτον
2408 2297 2548 2354 εἶναι
2577 2301 2868 2371 φαίνεσθαί
2899 2319 2984 2355 σοι
3016 2304 3199 2356 ποιεῖ·
3235 2302 3347 2371 ἐγὼ
3375 2305 3420 2356 δ’
3451 2305 3543 2356 ἐπὶ
3571 2306 3715 2374 μὰρ·

465 2395 606 2448 haud
639 2409 726 2448 me
761 2395 925 2448 ullam
973 2394 1190 2462 culpam
1221 2394 1299 2446 ira
1345 2401 1434 2447 tua
1471 2403 1576 2446 tam
1611 2394 1781 2446 atroci
1813 2393 2030 2462 dignam

2135 2413 2260 2463 τυρι
2292 2395 2438 2463 λέγω
2469 2395 2548 2464 τῷ
2582 2395 2744 2447 εἰδότι
2772 2395 2951 2449 πάντα
2975 2395 3117 2465 Θεῷ,
3154 2397 3229 2460 ὠς
3283 2398 3434 2450 οὐδὲν
3465 2399 3712 2452 τοιοῦτον

460 2485 878 2542 commeruisse.
911 2486 1257 2554 Quapropter
1287 2484 1584 2553 p0tentiam
1612 2493 1756 2537 tuam
1780 2485 2030 2551 obsecro,

2136 2487 2360 2558 ἐμαυτῷ
2415 2487 2633 2541 σύνοιδα
2659 2489 3006 2558 εἰργασμένῳ
3036 2489 3112 2552 ὡς
3145 2490 3294 2553 ἀξιον
3338 2486 3479 2544 εἶναι
3502 2492 3599 2561 τῆς
3623 2509 3715 2545 το-

462 2594 557 2634 seu
607 2577 824 2643 noxius,
875 2593 970 2632 seu
1019 2575 1276 2630 innoxius
1309 2590 1452 2635 sum.
1481 2575 1614 2628 mihi
1647 2575 1896 2645 ignoscas
1928 2576 2033 2630 :ad

2138 2579 2342 2648 σαύτης
2376 2579 2569 2648 ὀργῆς.
2593 2579 2684 2631 Διὸ
2709 2579 2772 2649 δὴ
2812 2580 2908 2632 καὶ
2943 2579 3136 2650 δέομαι
3173 2580 3267 2633 τοῦ
3316 2581 3411 2634 σοῦ
3469 2585 3711 2652 κράτους

463 2679 587 2721 tuos
612 2666 758 2720 enim
786 2665 954 2734 pedes
975 2664 1114 2718 mori
1137 2665 1302 2734 cupio
1328 2663 1638 2730 (insinuans
1663 2665 1765 2718 hac
1785 2665 2033 2735 ambage,

2139 2670 2474 2740 συγγνώμης
2531 2671 2634 2723 κάν
2669 2687 2730 2723 τε
2787 2670 3038 2742 ἥμαρτον
3085 2673 3293 2740 τυχεῖν,
3351 2672 3454 2726 κάν
3488 2691 3547 2726 τε
3606 2676 3707 2745 μή.

462 2756 684 2810 nonnisi
739 2764 988 2810 eoactum
1017 2756 1085 2809 ab
1111 2771 1177 2811 eo
1207 2757 1594 2818 recessurum).
1628 2755 1692 2809 Et
1721 2756 1881 2810 simul
1909 2771 2034 2811 cum

2137 2761 2278 2831 Πρὸς
2312 2759 2435 2823 τοὺς
2473 2761 2639 2823 πόδας
2671 2760 2779 2832 γὰρ
2808 2762 3030 2831 ἐφίεμαι
3059 2763 3186 2825 τοὺς
3223 2764 3348 2825 σοὺς
3413 2763 3709 2818 ἀποθανεῖν

456 2849 566 2902 hoc
589 2846 740 2902 dicto
769 2846 837 2900 ad
866 2856 1068 2901 terram
1095 2845 1514 2916 procumbebat,
1539 2845 1622 2899 avi
1651 2846 1842 2914 pedem
1873 2862 2035 2902 oscu-

2135 2851 2552 2922 (αἰνιττόμενος,
2601 2852 2678 2914 ὡς
2721 2853 2822 2905 οὐκ
2847 2853 2914 2906 ἂν
2965 2854 3130 2906 αὐτοῦ
3197 2854 3512 2925 βουλήσοιτο
3572 2858 3709 2908 ἀπο⁴

461 2938 709 3004 laturus;
744 2953 908 3008 quem
946 2938 1038 2992 ille
1070 2937 1316 2991 humeris
1355 2939 1472 3008 ejus
1503 2937 1760 2991 obnitens
1793 2937 2034 2992 abstine-

2136 2942 2331 3011 στῆναι
2365 2943 2535 3012 χωρὶς
2587 2943 2834 3012 ἀνάγκης
2862 2943 2904 3013 ).
2951 2943 3106 3013 Ἀμα
3143 2943 3197 2996 δὲ
3227 2943 3438 3006 τούτοις
3475 2947 3589 3007 τοῖς
3617 2944 3709 2998 λό-

460 3033 572 3095 bat,
599 3046 664 3087 ac
697 3047 830 3087 voce
877 3031 1007 3086 item
1043 3029 1396 3101 prohibebat,
1427 3030 1755 3100 tandemque
1796 3029 2033 3098 amplius

2133 3048 2252 3100 γοις
2320 3032 2414 3085 καὶ
2451 3032 2587 3101 πρὸς
2641 3031 2746 3100 γῆν
2787 3032 3140 3086 κατεκλίνετο
3173 3035 3556 3104 ἀσπασόμενος
3611 3035 3709 3086 τὸν

457 3123 755 3178 luctantem
805 3121 1017 3192 capillis
1053 3119 1345 3176 retinebat.
1373 3119 1510 3175 Cum
1542 3118 1709 3174 etiam
1759 3120 1861 3183 sic,
1889 3119 2030 3173 sibi-

2136 3122 2274 3176 πόδα
2323 3122 2424 3174 τοῦ
2467 3121 2752 3191 βασιλέως.
2800 3122 2859 3175 ⁸0
2913 3122 2958 3174 δ’
3011 3124 3193 3192 ἀνεῖχε
3257 3123 3558 3194 λαδόμενος
3607 3123 3707 3177 τοῦ

461 3229 571 3273 met
594 3233 703 3273 non
733 3231 985 3288 parcens,
1016 3215 1123 3286 50
1151 3214 1205 3268 vi
1245 3228 1458 3269 summa
1482 3223 1754 3284 pergeret,
1783 3221 2034 3269 metuens

2132 3214 2306 3284 ὤμου,
2339 3215 2454 3284 ἃμα
2488 3215 2582 3268 καὶ
2618 3214 2798 3282 λόγοις
2829 3216 2888 3268 τὸ
2920 3215 3082 3285 ἔργον
3114 3215 3496 3284 ἀπαγορεύων.
3541 3215 3630 3279 Ὠς
3655 3217 3709 3268 δ’

458 3325 617 3375 avus,
648 3325 718 3364 ne
742 3307 834 3363 illa
861 3308 1126 3362 violentia
1151 3306 1330 3362 crines
1360 3320 1390 3359 a
1419 3306 1625 3360 vertice
1655 3305 2034 3360 abstraheret:-

2134 3305 2284 3376 ὲὼρα
2312 3306 2656 3374 βιαζόμενον,
2695 3307 2856 3373 ἀφεὶς
2883 3307 2975 3358 τὸν
2989 3299 3164 3375 ὦμον,
3191 3307 3413 3359 ὶλάσετο
3442 3306 3551 3358 τῶν
3583 3323 3705 3376 τρι-

460 3413 571 3467 tur,
600 3409 802 3454 terram
831 3409 1040 3469 petere,
1065 3407 1121 3452 et
1143 3397 1269 3467 pedi
1291 3397 1538 3451 osculum
1573 3396 1737 3466 ﬁgere
1762 3397 2028 3466 permisit,

2132 3397 2269 3466 χῶν.
2317 3395 2408 3459 Ὠς
2433 3394 2490 3446 δὲ
2522 3397 2614 3447 καὶ
2667 3394 2843 3457 οὕτως
2882 3394 3158 3459 ἐϐιάζετο,
3194 3393 3432 3462 ἀφειδῶν
3476 3395 3702 3458 ἑαυτοῦ,

458 3481 884 3562 surgentemque
937 3487 1116 3558 capite
1169 3487 1620 3558 apprehendens,
1671 3487 1860 3542 oculos
1914 3488 2034 3557 ejus

2131 3487 2313 3548 δείσας
2342 3487 2370 3538 6
2399 3485 2622 3548 πάππος
2653 3485 2728 3555 μὴ
2758 3487 2826 3556 τῇ
2871 3484 2962 3555 βίᾳ
2999 3487 3098 3554 τῆς
3129 3485 3375 3554 κεφαλῆς
3408 3486 3706 3538 διαστῶσιν

457 3582 811 3637 deosculatus
862 3590 947 3636 est
997 3579 1134 3650 (18).
1169 3580 1288 3646 Quo
1335 3585 1648 3649 conspecto,
1700 3579 2030 3647 patriarcha,

2135 3579 2190 3631 ai
2218 3578 2426 3647 τρίχες,
2458 3575 2689 3629 ἐνέδωκε
2740 3576 2839 3644 τὴν
2879 3575 3202 3630 κατάκλισιν
3225 3591 3240 3607 ο
3273 3579 3301 3628 6
3352 3577 3409 3631 δὲ
3441 3578 3708 3630 κατακλι-

456 3674 660 3744 quique
689 3673 918 3727 aderant
965 3687 1242 3742 proceres,
1285 3671 1392 3726 hoc
1424 3672 1650 3726 minime
1683 3671 1908 3724 dubium
1941 3687 2030 3727 rea

2136 3669 2249 3732 Θεὶς
2277 3671 2564 3738 ἡστιάσατο
2593 3669 2680 3722 τὸν
2709 3668 2844 3722 πόδα
2862 3669 2952 3722 τοῦ
2976 3669 3262 3738 βασιλέως.
3295 3665 3410 3721 Εἶτ’
3434 3670 3707 3723 ἀναστάν-

457 3765 778 3833 dintegratte
806 3762 955 3816 inter
984 3762 1342 3832 imperatores
1364 3763 1618 3816 amicitia:
1647 3775 2028 3830 argumentum

2131 3779 2221 3824 τος
2260 3761 2358 3830 τῆς
2410 3760 2652 3830 κεφαλῆς
2701 3759 3001 3830 λασόμενος
3028 3761 3056 3812 6
3105 3759 3380 3830 βασιλεὺς,
3419 3761 3702 3829 κατεφίλει

458 3853 580 3914 rati,
619 3853 968 3923 ingeminatis
1008 3854 1255 3918 vocibus,
1291 3852 1404 3908 Deo
1435 3854 1586 3922 pacis
1621 3851 1862 3923 largitori
1904 3868 2030 3923 gra-

2130 3850 2229 3912 τάς
2257 3847 2431 3918 δψεις.
2457 3848 2629 3900 Τοῦτο
2651 3847 2716 3917 δὴ
2746 3849 2773 3900 ό
2815 3848 3162 3918 πατριάρχης
3203 3849 3302 3902 καὶ
3330 3850 3381 3901 οἱ
3414 3849 3516 3920 τῆς
3570 3866 3701 3916 συγ-

458 3943 560 3997 tias
593 3958 774 4013 agere.
820 3942 962 4008 Quin
1006 3952 1062 3997 et
1099 3943 1288 4013 junior
1323 3943 1620 4012 imperator
1661 3956 1783 3995 cum
1834 3957 2029 4013 magno

2129 3939 2330 4011 κλήτου
2388 3941 2652 4010 παρόντες
2717 3939 2938 4004 ἰδόντες,
2972 3945 3068 3993 καὶ
3095 3941 3392 4010 διαλλαγῆς
3425 3942 3700 4007 ἀπόδειξιν

456 4035 781 4096 domestico,
816 4044 867 4088 ct
902 4043 1300 4104 protostratore
1329 4037 1604 4087 seniorem
1636 4033 1908 4101 placatum
1943 4049 2030 4087 ar-

2130 4032 2450 4101 νομίσαντες
2483 4032 2586 4102 ήδη
2618 4030 2842 4101 βεὸαίας
2866 4031 2974 4084 τῶν
2996 4031 3281 4102 βασιλέων,
3315 4033 3516 4098 πολλὰς
3559 4034 3698 4102 ἀφῆ.

455 4120 664 4187 bitrati,
697 4121 886 4175 laetitia
936 4122 1233 4186 exsultare,
1269 4120 1523 4189 diemque
1559 4122 1713 4174 illum
1755 4122 2031 4176 candidis-

2129 4134 2232 4170 καν
2260 4119 2438 4184 φωνάς
2465 4117 2918 4190 εὐχαριστοῦντες
2935 4121 3055 4190 Θεῷ
3081 4120 3157 4190 τῷ
3185 4122 3406 4192 χορηγῷ
3423 4126 3521 4190 τῆς
3549 4113 3699 4192 εἰρη-

452 4215 652 4268 simum
701 4213 972 4282 judicare.
1021 4212 1086 4266 Et
1136 4213 1355 4267 rediens
1405 4212 1650 4275 domum,
1702 4227 1894 4281 nepos,
1941 4214 2027 4266 in-

2129 4227 2248 4277 νης.
2283 4211 2394 4262 Καὶ⁵
2423 4210 2586 4273 αὐτὸς
2624 4210 2680 4263 δὲ
2715 4210 2966 4280 βασιλεὺς
2995 4214 3023 4264 6
3067 4212 3182 4274 νέος
3214 4214 3310 4264 καὶ
3340 4212 3392 4263 οι
3436 4214 3565 4282 περὶ
3598 4215 3696 4265 αὑ-

454 4321 639 4376 quam,
671 4319 955 4359 sermones
985 4304 1040 4356 in
1067 4303 1276 4373 judicio
1302 4301 1518 4358 habitos
1549 4303 1873 4358 necessariis
1910 4304 2026 4358 suis

2127 4302 2242 4366 τὸν,
2278 4300 2596 4372 διηλλάχθαι
2631 4303 2953 4371 νομίσαντες
2981 4303 3059 4373 τῷ
3093 4303 3302 4374 ὶγγόνῳ
3329 4303 3421 4356 τὸν
3451 4303 3695 4374 βασιλέα,

454 4393 831 4458 memorabat;
861 4393 956 4463 qui
1001 4407 1192 4446 omnes
1225 4407 1333 4446 una
1364 4391 1509 4446 diem
1544 4392 1742 4447 festum
1771 4407 2024 4448 commu-

2128 4393 2351 4464 ἔχαιρόν
2385 4402 2442 4446 τε
2471 4393 2652 4459 αὐτοὶ,
2689 4394 2781 4447 καὶ
2807 4393 3060 4463 εὐτυχίας
3097 4393 3274 4464 ἄκρας
3331 4391 3562 4465 ἡγοῦντο
3598 4397 3695 4466 τὴν

454 4487 625 4544 nibus
667 4485 884 4556 gaudiis
925 4484 1255 4554 exigebant;
1303 4483 1594 4556 Syrgianni
1639 4485 1862 4556 insuper
1907 4498 2024 4544 acta

2127 4487 2342 4556 ἡμέραν
2383 4485 2627 4556 ἐκείνην.
2669 4486 2764 4538 Ἐκ
2792 4485 2900 4538 τῶν
2941 4486 3228 4556 βασιλείων
3278 4487 3463 4540 οἶκαδε
3518 4490 3546 4541 6
3577 4491 3696 4550 νέος

453 4578 882 4650 perscribentes,
917 4585 976 4630 ut
1003 4585 1057 4630 ct
1093 4577 1209 4645 ipse
1236 4575 1499 4645 gauderet
1523 4591 1646 4630 cum
1671 4579 1861 4632 amicis
1894 4595 2026 4649 gau-

2127 4577 2384 4649 βασιλεὺς
2409 4576 2685 4643 ἀπελθὼν,
2710 4576 2946 4645 διηγεῖτό
2973 4594 3032 4629 τε
3062 4581 3172 4640 τοῖς
3197 4577 3370 4647 φίλοις
3400 4578 3526 4641 τοὺς
3555 4580 3696 4631 κατά

453 4671 732 4734 dentibus,
760 4683 938 4738 neque
982 4682 1040 4723 se
1070 4669 1179 4723 ulla
1211 4668 1265 4722 in
1309 4675 1589 4737 posterum
1616 4683 1748 4723 cura
1777 4685 2026 4726 macera-

2123 4669 2224 4740 τὴν
2277 4670 2435 4740 δίκην
2482 4669 2696 4735 λόγους,
2730 4668 3086 4739 συνεόρταζόν
3124 4685 3186 4722 τε
3242 4673 3336 4723 καὶ
3373 4671 3694 4740 συνέχαιρον

453 4771 568 4826 ret;
619 4771 811 4831 utpote
863 4760 1091 4830 objectis
1133 4761 1245 4832 jam
1297 4759 1576 4828 prioribus
1639 4762 1918 4826 consiliis,
1967 4773 2024 4818 et

2125 4759 2377 4828 ἀλλήλοις
2401 4776 2416 4792 ο
2447 4759 2719 4829 μηνύουσι
2740 4759 2805 4828 δὴ
2838 4759 2930 4812 καὶ
2957 4749 3270 4832 Συργιάννῃ
3305 4761 3374 4814 τὰ
3407 4762 3690 4829 γεγονότα,

453 4853 635 4908 stabili
685 4853 833 4908 inter
867 4855 1228 4922 imperatores
1260 4850 1554 4906 concordia
1602 4864 1855 4909 revocata
1891 4870 2024 4909 con-

2122 4849 2198 4912 ῶς
2238 4832 2430 4903 ἄν’καὶ
2485 4847 2650 4911 αὐτὸς
2687 4849 2966 4922 συγχαίρῃ
3021 4852 3134 4913 τοῖς
3193 4850 3372 4918 φίλοις
3410 4851 3691 4922 χαίρουσι,

452 4946 610 5001 tectis
642 4945 899 5000 omnibus
930 4961 998 4999 ex
1045 4944 1336 4999 sententia.
1373 4943 1488 4998 Hoc
1531 4944 1677 4998 enim
1710 4958 1830 5001 erat
1873 4950 2020 5017 quod

2125 4941 2220 4993 καὶ
2253 4939 2527 5010 μηδεμίαν
2563 4939 2662 5011 ἔχῃ
2720 4941 2984 5008 φροντίδα
3042 4944 3320 5012 τήκουσαν
3351 4941 3446 5012 τὴν
3486 4941 3690 5012 ψυχὴν,

451 5036 595 5091 votis
621 5050 999 5105 saepenumero
1023 5033 1355 5104 petiverant,
1387 5043 1444 5087 ut
1465 5048 1599 5088 avus
1619 5034 1804 5088 odium
1830 5047 2022 5092 contra

2125 5033 2200 5096 ὡς
2238 5031 2346 5085 τῶν
2381 5033 2665 5101 προτέρων
2716 5032 2818 5102 ήδη
2867 5032 3254 5102 βουλευμάτων
3308 5033 3689 5096 διαλυθέντων,

450 5135 708 5194 nepotem
766 5125 1106 5196 deponeret,
1183 5123 1398 5192 ipsique
1457 5123 1827 5191 periculorum
1877 5137 2022 5180 metu

2123 5122 2218 5173 καὶ
2271 5120 2496 5191 βεϐαίας
2551 5121 2778 5192 εἰρήνης
2809 5123 3186 5191 γεγενημένης
3241 5125 3357 5185 τοῖς
3387 5120 3688 5191 βασιλεῦσι,

449 5216 613 5272 soluti
657 5232 720 5274 ac
767 5215 945 5276 liberi,
984 5215 1151 5268 vitam
1185 5213 1449 5284 placidam
1483 5223 1537 5268 et
1570 5215 1813 5284 quietam
1858 5212 2024 5284 dege-

2126 5214 2222 5266 καὶ
2257 5214 2377 5266 κατ’
2405 5213 2570 5284 εὐχὴν
2597 5214 2782 5275 αὐτοῖς
2833 5213 2940 5266 τῶν
2969 5213 3318 5284 πραγμάτων
3372 5215 3690 5283 κεχωρηκόσ

1718 5327 1934 5390 Jacobi
1969 5329 2237 5392 Pontani
2269 5335 2455 5392 notas.

519 5435 634 5506 (l8)
675 5433 858 5507 Monet
909 5448 997 5489 me
1054 5446 1318 5507 numerus
1367 5431 1778 5507 multitudinis,
1841 5441 1901 5485 ut
1931 5432 2013 5507 _de
2115 5433 2436 5507 osculandis
2466 5433 2709 5507 animum
2741 5433 2920 5505 ipsum
2950 5435 3272 5507 contingere
3294 5437 3400 5492 sibi
3429 5435 3688 5507 videren-

450 5501 627 5562 oculis
655 5502 938 5577 accipiam
971 5505 1234 5577 :tametsi
1278 5504 1439 5572 paulo
1474 5503 1614 5558 infra
1659 5501 1795 5577 dicit
1839 5501 2010 5577 πρόσ-
2119 5514 2229 5558 tur.
2274 5503 2369 5577 De
2397 5505 2717 5577 osculorum
2753 5501 3053 5576 generibus
3088 5501 3211 5562 vide
3263 5507 3510 5577 Lipsiu_m
3552 5506 3692 5577 _Ele-

448 5593 620 5648 ωπον,
647 5571 840 5648 [aciein
873 5573 1179 5628 osculatum
1207 5571 1350 5648 esse,
1381 5589 1504 5648 nam
1532 5582 1586 5626 et
1613 5571 1758 5626 oculi
1790 5573 1917 5648 sunt
1955 5572 2010 5627 in
2115 5587 2281 5648 etei},
2316 5573 2411 5648 lib.
2445 5589 2483 5638 ι,
2533 5589 2657 5644 cap.
2689 5576 2743 5638 6,
2761 5571 2836 5629 ‘et
2869 5577 3145 5648 symbolas
3185 5571 3404 5633 nostras
3448 5575 3506 5630 in
3549 5575 3688 5635 illud

448 5645 612 5700 facie.
676 5643 863 5714 Labia,
923 5661 1114 5714 genas,
1172 5645 1384 5705 oculos,
1451 5645 1708 5699 irmntcm.
1746 5642 2007 5714 _collum,
2115 5643 2421 5698 i/Eneid.:
2602 5642 2616 5644 “
2899 5642 2916 5648 ⁷
3167 5647 3174 5657 ⁴

449 5715 833 5853 ειηςῑιιιιξῖ
857 5716 1029 5857 Ἦδὶςᾶ
1043 5710 2014 5850 “at.“:3;reuixisti$17.21;
2353 5737 2499 5791 dm
3031 5743 3212 5799 οεευια
3237 5741 3417 5798 dum
3439 5742 3586 5815 ρςιιο
