4012 6602
243 409 364 502 ut

1413 424 1958 491 HISTORIARUM
2000 426 2230 488 unus
2283 404 2321 490 ι’.

3385 419 3482 486 1‘42

237 573 373 611 των.
402 552 577 607 Τοῦτο
606 552 715 623 γὰρ
768 547 1016 619 ηὔχοντο,
1070 547 1163 600 τὸν
1197 565 1293 616 μιν
1331 545 1558 614 βασιλέα
1586 544 1684 613 τῆς
1726 544 1805 604 εἰς
1836 603 1842 613 ε

1942 538 2049 593 ent.
2100 539 2231 605 Qum
2278 538 2443 605 ig'tur
2491 547 2639 607 gesta
2696 536 2934 600 fuerant,
2977 533 3129 590 hunc
3172 533 3227 589 in
3264 524 3517 591 modunn
3576 609 3583 616 .

239 643 334 698 τδν
365 642 588 713 ἔγγονον
615 637 918 709 ἀπεχθείας
954 635 1306 706 μεταϐαλεῖν,
1339 636 1522 697 αὐτοῖς
1547 633 1609 687 δὲ’
1630 630 1813 687 κινδύε-

243 751 351 788 νων
405 731 511 799 ἔξω
557 727 960 793 καταστάντας,
988 724 1244 798 λήσυχίαν
1301 725 1483 793 ἀγειν.
1521 723 1679 778 Οὕτω
1715 722 1814 793 μὲν

245 818 341 877 οὖν
367 822 556 883 αὐτοῖς
584 819 732 890 ἔχειν
756 817 931 871 ἐδόκει
967 815 1035 869 τὰ
1076 815 1424 884 γεγενημένα
1454 828 1468 843 °
1505 812 1575 866 τὰ
1602 812 1648 867 δ’
1674 807 1815 882 ἦσαν

245 915 437 980 ἕτερον
458 911 693 983 τρόπον.
717 910 794 973 ὡς
818 900 965 974 εδοξε
1020 909 1136 971 τοῖς
1167 907 1382 969 πολλοῖς
1426 907 1488 958 ἐκ
1513 905 1624 958 τῶν
1677 900 1818 974 μετά

245 1006 467 1061 ταῦτα’
508 992 701 1076 ἐκρίθη
754 1002 867 1072 γὰρ
930 1000 1142 1070 διανοίᾳ
1194 998 1523 1069 γεγενῆσθαι
1576 992 1814 1067 τοιαύτῃ.

250 1099 410 1162 Ἐθος
454 1095 806 1167 ἐπεκράτησε
839 1092 992 1164 παρὰ
1038 1094 1150 1155 τοῖς
1176 1088 1457 1162 βασιλεῦσι
1495 1086 1805 1173 Ῥωμαίων,
1844 1170 1847 1173 Δ

245 1189 468 1244 ἐπειδάν
513 1204 596 1261 τις
653 1186 763 1241 τῶν
814 1184 937 1239 καθ’
971 1177 1112 1254 αῗμα
1171 1182 1582 1255 προσηκόντων,
1638 1170 1687 1254 ἢ
1728 1179 1822 1232 καὶ

245 1280 421 1344 ἄλλως
433 1278 549 1332 τῶν
562 1280 619 1332 ὲν
643 1276 812 1342 τέλει,
831 1274 1219 1345 προσκυνήσας
1239 1272 1557 1340 ἀσπάσηται
1569 1272 1661 1324 τὸν
1683 1269 1825 1324 πόδα

247 1371 343 1425 τοῦ
386 1369 671 1442 βασιλέως,
717 1363 1163 1429 ἀντασπάζεσθαι
1202 1366 1298 1417 καὶ
1337 1363 1500 1416 αὑτὸν
1541 1361 1705 1415 αὑτὸν
1744 1362 1826 1425 εἰς

250 1462 353 1533 τὴν
374 1461 518 1532 δψιν.
543 1461 654 1514 Καὶ
669 1457 793 1511 τότε
810 1456 874 1526 δὴ
893 1455 989 1510 τοῦ
1009 1454 1130 1507 νέου
1156 1453 1418 1525 βασιλέως
1430 1450 1825 1521 ἀσπασαμένου

260 1557 400 1626 πρὸς
426 1553 517 1607 τὸν
545 1552 681 1606 πόδα
707 1551 800 1604 τὸν
830 1550 1077 1614 πάππον,
1111 1547 1199 1601 ῐνα
1230 1545 1306 1618 μὴ
1350 1547 1431 1608 είς
1458 1545 1627 1614 ἀκρον
1652 1543 1826 1613 ἀπεχ-

256 1646 411 1708 θείας
443 1643 768 1715 ἐληλακεναι
830 1642 985 1712 δοκῇ,
1013 1639 1137 1694 οὐδὲ
1192 1639 1304 1691 τῶν
1336 1636 1578 1698 ἰδιώταις
1626 1649 1831 1706 προση-

257 1738 464 1793 κόντων
493 1734 660 1802 ἀξιῶν
684 1732 783 1787 τδν
807 1732 1038 1801 ἔγγονον
1068 1731 1187 1783 ’καὶ
1219 1729 1443 1801 βασιλέα
1474 1724 1831 1795 ἀντειρίλησεν

267 1828 350 1890 είς
372 1825 437 1879 τὺ
481 1824 772 1895 πρόσωπον
802 1821 895 1875 καὶ
913 1820 1100 1884 αὑτός.
1148 1819 1310 1872 ’Δλλὰ
1340 1820 1411 1871 τὰ
1440 1815 1542 1885 μὲν
1563 1816 1661 1886 τῆς
1691 1812 1832 1885 πρὸς

1915 631 2123 686 habere
2164 646 2221 684 se
2250 629 2360 684 illis
2393 629 2718 684 videbantur
2750 647 2763 682 :
2799 628 2959 682 aliter
2994 635 3172 682 tamen
3205 624 3485 691 habuisse,

1916 721 2072 776 multi
2105 737 2172 776 ex
2208 719 2436 789 iisquae
2473 731 2660 790 postea
2694 726 2985 798 consecuta
3031 725 3180 783 sunt,
3219 716 3488 788 judicium

1917 806 2187 861 fecerunt.
2214 806 2327 861 Hac
2350 807 2496 860 enim
2529 812 2711 860 mente
2733 814 2885 875 gesta
2912 802 3104 872 fuisse,
3131 821 3293 876 quam
3319 804 3494 874 expli-

1919 894 2185 950 cabimus.
2234 895 2381 950 Mo‘re
2428 895 2690 950 Romanis
2735 896 3161 965 imperatoribus
3207 905 3487 965 receptum

1919 994 2057 1051 erat,
2086 1001 2211 1041 cum
2256 985 2528 1055 quispiam
2570 986 3126 1059 consanguineorum,
3158 994 3253 1041 aut
3282 986 3489 1057 alioqui

1921 1077 2096 1147 gratia
2122 1076 2266 1147 apud
2291 1092 2387 1132 eos
2409 1076 2745 1144 ﬂorentium,
2764 1077 3064 1133 sccundutn
3088 1076 3489 1144 adorationem,

1921 1168 2117 1239 pedem
2145 1168 2496 1238 imperatoris
2523 1170 2713 1224 osculo
2742 1171 3079 1239 contigisset,
3111 1182 3172 1225 ut
3194 1171 3497 1240 imperator

1924 1259 2167 1315 vicissim
2189 1261 2310 1331 ejus
2335 1258 2531 1315 faciem
2555 1259 2987 1315 deoscularetur.
3010 1260 3357 1332 Cum'itaque
3379 1271 3494 1317 tum

1926 1365 2100 1421 nepos
2128 1351 2214 1405 avi
2243 1351 2438 1420 pedem
2469 1352 2746 1407 osculatus
2772 1349 2984 1419 luisset,
3014 1352 3129 1418 ille,
3158 1367 3229 1408 ne
3252 1352 3499 1422 inexpia-

1927 1441 2025 1496 bili
2049 1440 2178 1497 odio
2207 1442 2437 1512 ﬂagrare
2475 1442 2810 1510 crederetur,
2838 1443 2886 1499 si
2915 1457 3019 1498 nec
3043 1444 3110 1497 iis
3136 1452 3416 1513 nepotem,
3444 1454 3500 1499 et

1927 1534 2320 1604 imperatorem
2348 1535 2687 1605 dignaretur,
2705 1550 2827 1606 quas
2848 1534 3076 1605 privatis
3102 1536 3496 1598 tribuerentur.

1927 1622 2123 1677 faciem
2155 1623 2272 1694 ejus
2302 1632 2495 1678 contra
2530 1633 2585 1680 et
2622 1625 2741 1695 ipse
2764 1625 2957 1680 osculo
2978 1625 3192 1681 libavit.
3223 1628 3303 1681 Ac
3326 1626 3501 1697 impe-

1930 1722 2171 1768 ratorum
2199 1713 2419 1784 quidem
2444 1716 2535 1783 lis,
2567 1724 2625 1772 et
2649 1717 3025 1773 controversia
3047 1719 3102 1773 in
3119 1718 3330 1788 judicio
3352 1718 3502 1773 hunc

1932 1802 2095 1858 ﬁnem
2123 1803 2269 1859 tulit.
2294 1804 2481 1860 Tertio
2508 1815 2632 1876 post
2655 1807 2744 1864 die
2769 1808 2954 1864 senior
2979 1824 3174 1880 magno
3197 1808 3502 1866 domestico

258 1894 539 1986 ἀλλήλους
570 1912 860 1978 διαλόξεως
882 1910 992 1966 τῶν
1042 1909 1310 1980 βασιλέων
1372 1909 1465 1962 ἐπὶ
1514 1908 1615 1980 τῆς
1669 1906 1828 1977 δίκης

1942 1909 2030 1964 per
2051 1902 2261 1949 certum
2287 1895 2565 1952 hominem
2586 1902 2829 1966 mandat,
2857 1900 2936 1955 uti
2959 1900 3014 1955 in
3034 1899 3498 1971 Peloponnesum,
3528 1915 3532 1921 ‘

261 2007 494 2063 ἐνταῦθα
525 2005 872 2076 ἐτελεύτησε.
896 2004 1028 2057 Ausi.
1054 2004 1109 2058 δὲ
1138 2002 1371 2074 ὕστερον
1405 2002 1640 2073 ἡμέραις
1691 2001 1829 2072 μετὰ

264 2099 447 2166 τοῦτο,
477 2100 506 2153 ό
536 2094 911 2170 πρεσϐύτερος
973 2096 1084 2150 τῶν
1142 2095 1408 2167 βασιλέων
1460 2094 1540 2164 τῷ
1578 2093 1820 2164 μεγάλῳ

265 2184 357 2244 δίἀ
435 2202 580 2251 τινος
637 2187 789 2258 δηλοῖ
856 2186 1162 2258 δομεστίκῳ
1229 2185 1370 2256 πρὸς
1421 2183 1831 2265 Πελοπόννησον

267 2280 519 2337 ἀπελθεῖν
586 2277 801 2348 ἐκείνης
875 2276 1361 2348 ἐπιτροπεύσοντα.
1440 2276 1514 2329 To
1561 2275 1610 2329 δ’
1668 2274 1832 2340 εὐθὺς

269 2373 448 2427 ἐδόκει
498 2350 597 2442 μὲν
631 2367 775 2424 εἶναι
840 2368 951 2423 τῶν
994 2367 1302 2441 ἀριστερῶν
1353 2367 1585 2423 οίωνῶν.
1638 2369 1832 2432 Ὅπως

267 2458 314 2519 δ’
364 2462 621 2534 ἀνακωχὴ
676 2462 907 2531 γένηται
957 2466 1054 2514 καὶ
1101 2456 1318 2531 βασιλεί
1367 2459 1449 2531 τῷ
1500 2458 1608 2531 νέῳ
1635 2459 1707 2514 τὰ
1731 2459 1830 2530 τῆς

267 2554 532 2627 ἀγγελίας
579 2552 718 2622 δῆλα
740 2551 1043 2623 γενέσθαι,
1105 2552 1452 2624 ἀντεμήνυσε
1514 2552 1609 2607 καὶ
1667 2551 1834 2615 αὐτὸς

265 2644 535 2701 τοιαῦταο
585 2644 699 2715 Τῆς
736 2646 817 2707 είς
847 2643 952 2714 ἐμὲ
1000 2642 1290 2714 εὐμενείας
1319 2644 1420 2697 καὶ
1460 2642 1831 2714 προμηθείας,

186 2738 198 2749 ’
265 2733 312 2792 ὧ
346 2736 593 2809 βασιλεῦ,
650 2734 855 2800 πολλὰς
901 2734 1000 2806 μὲν
1039 2736 1135 2788 καὶ
1167 2735 1337 2799 ἄλλας
1361 2734 1470 2806 ῐχω
1497 2736 1597 2798 τὰς
1621 2734 1851 2788 ἀποδείο’

268 2830 418 2897 ξεις·
460 2829 698 2900 μάλιστα
750 2827 811 2880 δὶ
831 2826 893 2881 τὸ
945 2825 1006 2893 ἐξ
1052 2827 1294 2898 ἡλικίας,
1341 2827 1418 2892 ὡς
1456 2827 1650 2893 εἰπεῖν,
1680 2825 1837 2900 πρώ-

265 2937 369 2993 της
419 2920 502 2985 είς
546 2919 721 2992 ἀρχὰς
768 2918 1090 2988 ἐκλιγεσθαι
1147 2919 1243 2972 καὶ
1297 2918 1575 2991 διοκήσεις
1622 2917 1839 2988 ἐπιτρέ-

266 3029 390 3068 πειν
414 3010 629 3066 πόλεών
661 3028 724 3065 τε
750 3011 848 3066 καὶ
880 3010 1174 3082 στρατιῶν,
1201 3011 1419 3065 οἴκοθεν
1477 3009 1835 3082 ὡρμημένον.

264 3103 380 3162 Καὶ
431 3105 505 3158 τδη
527 3103 623 3159 νῦν
651 3102 711 3156 δὲ
761 3099 921 3156 τοῦτο
960 3102 1161 3167 πολλὰς
1185 3102 1266 3174 τῷ
1316 3101 1394 3173 σῷ
1434 3102 1627 3173 κράτει
1661 3099 1840 3154 πείθει

266 3195 505 3267 χάριτας
533 3193 837 3263 όμολογείν,
888 3190 1133 3262 βασιλεῦ.
1179 3192 1381 3261 Δέομαι
1415 3190 1479 3261 δὴ
1508 3190 1606 3244 καὶ
1635 3188 1842 3259 ταύτην

1929 1985 1982 2043 ei
2007 1987 2337 2055 praefuturus
2359 1990 2650 2046 discedat:
2676 1991 2731 2046 id
2758 1992 2904 2063 quod
2932 1993 3117 2048 statim
3147 2009 3248 2064 pro
3276 1992 3503 2048 sinistro

1929 2078 2162 2150 augurio
2193 2078 2315 2133 fuit.
2353 2079 2459 2136 Sed
2500 2070 2745 2159 quolres
2790 2084 3062 2154 tantisper
3102 2085 3533 2150 extraheretur,‘

1931 2171 2060 2224 dum
2095 2183 2265 2238 super
2304 2169 2412 2225 hoc
2450 2172 2708 2227 mandato
2750 2188 2922 2244 nepos
2947 2174 3151 2230 certior
3182 2175 3355 2244 ﬁeret,
3385 2176 3531 2232 bec'

1932 2260 2008 2316 illi
2034 2276 2132 2332 per
2155 2262 2560 2335 internuntium
2588 2267 2874 2337 respondit
2901 2285 2915 2323 :
2939 2266 3063 2338 ejus
3083 2283 3211 2341 erga
3235 2284 3296 2325 se
3333 2270 3503 2326 bene-

1930 2353 2185 2409 volentiae
2229 2369 2487 2425 curaeque
2528 2371 2655 2411 cum
2700 2357 2807 2412 alia
2850 2372 2961 2413 non
3009 2359 3150 2415 levia
3183 2369 3505 2431 argumenta

1926 2442 2187 2513 proferre
2215 2459 2402 2515 posse,
2433 2456 2548 2501 tum
2580 2446 2718 2502 illud
2746 2447 2803 2503 in
2841 2447 3057 2518 primis,
3083 2451 3228 2520 quod
3256 2451 3423 2518 ultro,
3451 2458 3507 2505 et

1932 2549 2034 2591 sua
2063 2545 2263 2607 sponte
2300 2536 2408 2592 sibi
2443 2551 2584 2607 pene
2625 2538 2809 2593 adhuc
2834 2553 3005 2619 puero
3031 2540 3389 2611 magistratus
3413 2541 3509 2596 de-

1933 2627 2128 2695 disset,
2143 2629 2431 2695 civitates,
2450 2640 2507 2687 et
2531 2632 2809 2690 exercitus
2831 2634 3098 2705 regendos
3118 2636 3506 2692 commisisset.

1935 2718 2038 2791 51
2068 2720 2138 2776 Et
2158 2721 2264 2777 hoc
2284 2722 2468 2793 ipsum
2493 2723 2643 2793 quod
2666 2725 2831 2782 modo
2864 2724 3179 2796 imperaret,
3214 2726 3282 2782 ad
3322 2728 3511 2800 singu-

1935 2813 2080 2869 lares
2102 2813 2277 2884 ipsius
2304 2815 2577 2886 majestati
2603 2819 2806 2889 gratias
2831 2819 3069 2892 agendas
3093 2821 3376 2878 stimulum
3402 2822 3510 2878 sibi

1936 2904 2160 2960 addere.
2190 2904 2406 2975 Rogare
2431 2916 2636 2973 autem,
2668 2909 2811 2965 hanc
2839 2926 3002 2967 unam
3043 2913 3273 2984 gratiam
3303 2913 3512 2985 adjiceo
3556 2893 3575 2912 ⁸

1939 3001 2041 3057 ret,
2077 3006 2400 3064 praesentem
2445 2997 2589 3052 diem
2616 2998 2686 3053 ad
2719 2999 3136 3057 deliberandum
3178 3003 3285 3059 sibi
3315 3019 3512 3060 conce-

1940 3084 2135 3140 deret:
2162 3087 2405 3142 crastina
2448 3089 2591 3155 lucc,
2627 3104 2749 3158 quae
2776 3092 3174 3159 occurrissent,
3215 3110 3513 3164 responsu-

1940 3189 2085 3229 rum.
2131 3173 2257 3231 Haec
2295 3177 2363 3233 ad
2404 3192 2587 3234 avum.
2619 3179 2702 3235 Ad
2744 3191 2997 3252 nepotem
3030 3198 3160 3240 vero
3200 3185 3320 3241 sine
3359 3199 3512 3243 mora

263 3263 537 3341 idenm
561 3285 677 3358 τὴν»
701 3285 881 3359 χάριν,
926 3286 1029 3355 τὴν
1067 3283 1348 3355 παροῦσαν
1375 3282 1667 3353 ἐπιτρέψαι
1702 3281 1840 3354 πρὸς

1943 3267 2158 3333 abiens,
2185 3280 2452 3338 praesente
2481 3269 2649 3326 etiam
2672 3278 3102 3343 'protostratore,
3124 3277 3255 3347 quid
3279 3279 3335 3334 in
3359 3295 3514 3335 mane

262 3377 554 3447 διάσκεψιν
572 3376 787 3448 ἡμέραν
811 3376 889 3443 ὡς
917 3375 976 3440 ις
1004 3375 1105 3448 τὴν
1144 3375 1437 3447 ὑστεραίαν
1477 3374 1841 3443 ἐπιτέταγμαι

263 3473 364 3543 τὴν
394 3469 698 3538 ἀπολογίαν
711 3469 1067 3524 ἀποδώσοντι.
1097 3468 1243 3539 Πρὸς
1272 3467 1370 3538 μεν
1398 3466 1464 3535 δὴ
1494 3467 1586 3520 τὸν
1610 3465 1846 3537 πρεσϐύη

263 3580 424 3634 τερον
444 3561 558 3615 τῶν
581 3560 842 3632 βασιλέων
862 3559 1194 3630 ἀπεκρίνατο
1214 3557 1458 3614 τοιαῦτα.
1473 3550 1555 3630 ’ᾘ
1576 3556 1634 3610 δὲ
1661 3556 1846 3629 τάχος,

265 3650 527 3706 ἀπελθὼν
551 3650 688 3719 πρὸς
714 3652 809 3703 τδν
857 3648 996 3714 νέον,
1030 3649 1092 3702 τδ
1145 3646 1243 3701 τοῦ
1274 3646 1540 3718 βασιλέως
1567 3646 1849 3716 ἐπίταγμα

266 3742 618 3813 Willet,
674 3743 768 3794 καὶ
807 3738 1112 3809 Συναδηνοῦ
1174 3738 1446 3808 παρόντος
1487 3738 1582 3791 τοῦ
1638 3750 1851 3807 ⁴ιερωτο-

152 3880 164 3886 -
270 3837 601 3906 στράτορος.
621 3832 749 3895 Τοῖς
773 3831 820 3885 δ’
843 3831 1021 3885 ἐδόκει
1054 3818 1351 3901 βουλευτέα
1400 3828 1563 3882 πάλιν
1591 3829 1653 3895 ἐξ
1675 3828 1851 3897 ἀρχῆς

269 3923 417 3980 εἶναι
449 3924 583 3995 περὶ
611 3912 723 3977 τῶν
751 3923 889 3977 ὅλων
921 3920 1291 3993 πραγμάτων*
1315 3918 1439 3973 οὐδὲ
1466 3918 1576 3987 γὰρ
1595 3918 1729 3988 πρὸς
1754 3916 1853 3971 ινα

271 4020 467 4092 φέρειν
494 4016 589 4070 τὸν
616 4014 881 4079 κίνδυνον,
913 4012 1052 4084 πρὸς
1093 4012 1302 4076 πάντας
1325 4010 1404 4066 δέ.
1421 4006 1601 4080 *Ηρχε
1628 4007 1687 4064 δέ
1707 4008 1736 4060 ό
1758 4007 1856 4079 βα-

274 4111 461 4173 σιλεὺς
481 4107 584 4178 τῆς
608 4106 803 4179 βουλῆς
820 4104 965 4160 οὕτω
992 4103 1298 4176 διαλεχθείς
1319 4120 1337 4157 2
1368 4103 1542 4161 Διδτοὶ⁵
1579 4101 1855 4175 μάρτυρες

271 4203 437 4274 ἡμεῖς
477 4190 899 4270 καθεστήκαμεν
929 4197 1163 4261 ἑαυτοῖς,
1208 4195 1425 4266 ἔχοντες
1473 4196 1569 4249 καὶ
1612 4192 1745 4248 Θεὸν
1767 4192 1853 4262 ἐφ’

275 4284 359 4352 οἷς
389 4285 796 4358 βεϐουλεύμεθα
831 4282 1125 4349 συνειδότα,
1156 4283 1233 4347 ὡς
1256 4280 1387 4337 050“
1403 4281 1728 4353 ἡττηθέντες
1763 4281 1857 4336 λύ-

279 4397 382 4452 πῃ,
404 4377 521 4433 οὔτ⁹
553 4377 795 4443 εἴξαντες
825 4374 1041 4446 ἀκαίρῳ
1056 4374 1363 4447 θράσεικαὶ
1392 4374 1711 4446 παραϐόλῳ,
1743 4373 1857 4429 οὔτ’

280 4471 604 4545 ἐπράξαμεν
626 4466 753 4527 οὔτ’,
781 4467 1222 4538 ἐϐουλευσάμεθά
1268 4484 1324 4521 τι
1348 4467 1458 4521 τῶν
1495 4466 1570 4538 μή
1603 4467 1853 4525 δεόντων.

1946 3358 2088 3415 datis
2115 3362 2405 3431 acceperit,
2438 3370 2643 3419 narrat;
2672 3364 2812 3420 Tum
2837 3382 2948 3421 rem
2973 3382 3002 3420 a
3028 3369 3208 3438 capite
3232 3383 3518 3428 arcessen-

1948 3449 2095 3518 dam,
2138 3459 2195 3506 et
2236 3452 2307 3507 de
2346 3452 2557 3524 integro
2601 3456 3023 3512 consultandum
3068 3459 3240 3515 videri
3290 3477 3304 3515 :
3338 3476 3517 3527 neque

1947 3545 2094 3600 enim
2120 3544 2188 3599 ad
2227 3559 2420 3608 unum,
2444 3545 2540 3600 sed
2570 3545 2639 3600 ad
2675 3560 2867 3605 omnes
2894 3550 3261 3606 communiter
3301 3553 3519 3622 pericu-

1947 3637 2061 3692 lum
2108 3636 2402 3704 pertinere.
2446 3638 2667 3693 Initium
2699 3639 2827 3694 fecit
2861 3640 3049 3711 junior
3079 3642 3395 3712 imperator,
3433 3644 3519 3700 lo-
3567 3659 3575 3665 '

1949 3742 2123 3798 quens
2145 3728 2309 3783 verba
2333 3728 2715 3798 hujuscemodi
2738 3748 2752 3784 :
2777 3729 2969 3789 Testes
2993 3733 3095 3803 ipsi
3120 3734 3281 3791 nobis
3302 3752 3515 3801 sumus,

1949 3828 2008 3874 et
2028 3819 2198 3872 Deum
2219 3817 2488 3873 habemus
2506 3820 2811 3887 conscium,
2836 3836 3027 3878 eorum
3051 3840 3173 3895 quae
3195 3826 3249 3881 in
3274 3830 3519 3885 consiliis

1952 3909 2278 3979 agitavimus
2303 3925 2318 3963 :
2349 3912 2606 3981 quodque
2633 3927 2736 3968 nec
2764 3916 3125 3989 mmstitudini
3157 3920 3523 3973 succumben-

1955 4011 2058 4066 tes,
2105 4014 2210 4055 nec
2251 4001 2670 4072 intempestivae,
2716 4015 2772 4059 et
2816 4006 3235 4066 inconsiderata:
3279 4012 3523 4068 audacia:

1957 4090 2237 4160 cedentes,
2279 4094 2575 4166 quidquam
2604 4096 2867 4171 iniustum
2902 4099 2986 4153 vel
3014 4101 3244 4171 egimus,
3270 4104 3357 4158 vel
3387 4108 3522 4159 ροη-

1957 4185 2231 4240 suluimus
2262 4202 2279 4241 :
2314 4186 2409 4242 sed
2444 4187 2567 4244 ideo
2592 4197 2794 4244 tantam
2818 4189 3125 4247 animorum
3153 4194 3519 4263 altitudinem,

1955 4290 2019 4332 ac
2047 4277 2393 4332 tolerantiam
2418 4292 2532 4348 prae
2556 4279 2717 4335 nobis
2745 4280 2990 4349 tulimus,
3019 4297 3088 4338 ne
3112 4283 3428 4355 imperatori
3467 4282 3541 4341 in

1956 4381 2060 4423 nos
2103 4381 2266 4423 secus
2309 4369 2584 4425 statuendi
2637 4369 2922 4427 minimam
2969 4389 3192 4457 causam
3242 4371 3522 4434 daremus.

1957 4457 2116 4525 Quod
2157 4460 2264 4515 uisi
2295 4459 2440 4518 Deus
2465 4463 2702 4535 desuper
2733 4481 2951 4521 manum
2980 4482 3134 4523 suam
3166 4462 3523 4541 extendisset,

287 4560 455 4619 ’Δλλά
517 4557 788 4630 τοσαύτην
842 4556 1226 4627 ἐνεδειξάμεθα
1287 4557 1698 4629 μεγαλοψυχίαν
1757 4558 1842 4612 καῖ

1959 4549 2104 4605 haud
2150 4550 2312 4622 longe
2362 4552 2657 4609 admodum
2701 4570 2732 4609 a
2780 4566 2935 4626 porta
2985 4563 3179 4617 mortis
3225 4563 3520 4621 abluimus.

278 4652 580 4726 καρτερίαν
612 4649 747 4722 πρδς
772 4649 839 4703 τὸ
867 4648 1226 4720 μηδηντινοῦν
1271 4649 1454 4704 αἰτίαν
1482 4646 1567 4719 ἐφ’
1598 4645 1679 4712 οἷς
1705 4653 1732 4703 ὁ
1754 4650 1854 4720 βα-

282 4746 467 4810 σιλεὺς
498 4741 826 4814 βεϐούληται
859 4740 984 4794 καθ’
1008 4741 1166 4811 ἡμῶν
1185 4739 1340 4793 αὐτοὶ
1376 4742 1704 4811 παρασχεῖν,
1726 4739 1857 4794 ὥστ’

281 4841 331 4893 εί
363 4838 440 4908 μὴ
466 4833 602 4898 Θεὸς
625 4832 833 4887 ἀνωθεν
849 4831 1122 4902 ὑπερέσχε
1143 4833 1323 4902 χεῖρα,
1353 4830 1475 4884 οὐδὲ
1504 4835 1643 4885 πάνυ
1671 4832 1859 4902 ⁶ιτορῤω

280 4931 392 4984 τῶν
420 4926 657 4983 θανάτου
692 4925 1113 4995 κατηντήκαμεν
1160 4920 1368 4976 πυλῶν.
1422 4923 1586 4995 ’Δχρι
1627 4924 1726 4998 μὲν
1765 4921 1859 4976 οὖν

282 5020 444 5093 δεῦρο
469 5018 534 5072 τὸ
551 5020 662 5081 τοῖς
680 5016 872 5080 δεινοῖς
898 5013 1256 5087 ἐγκαρτερεῖν
1276 5056 1292 5081 ,
1317 5014 1479 5077 αὐτός
1516 5002 1860 5086 τξέπῄνουν,

286 5112 383 5167 καὶ
410 5107 805 5166 συνεϐούλευον
832 5109 978 5177 ὑμῖν
1005 5107 1110 5175 (ἔτι
1138 5106 1249 5177 γὰρ
1275 5105 1446 5160 ὄντων
1466 5105 1524 5160 ἐν
1556 5104 1737 5178 ἀδήλῳ
1753 5106 1864 5159 τῶν

286 5201 410 5258 καθ’
432 5202 604 5273 ἡμᾶς,
634 5200 773 5271 πρὸς
800 5198 1089 5270 ἐμὲσμόνον
1122 5196 1261 5269 ᾤετο
1288 5197 1391 5266 τὴν
1420 5196 1688 5267 διαφορὰν
1718 5196 1863 5267 ἔχειν

286 5299 316 5351 ό
343 5291 619 5366 βασιλεὺς,
662 5292 760 5346 καὶ
806 5289 1195 5361 μαλακώτερον
1236 5288 1440 5359 ἥπτετο
1465 5288 1576 5342 τῶν
1607 5288 1866 5359 πραγμά-

287 5401 420 5451 των,
472 5380 712 5454 εὐχερῶς
761 5381 1000 5450 νομίζων
1055 5379 1190 5434 δταν
1220 5378 1458 5451 ἐθελήσῃ
1494 5378 1633 5450 πρὸς
1690 5380 1864 5449 πέρας

287 5476 516 5544 ἀγαγεῖν
542 5473 580 5528 ἀ
601 5471 881 5544 προῄρητο
918 5470 1099 5542 δρᾷν),
1131 5470 1251 5525 νυνὶ
1269 5469 1327 5524 δὲ
1360 5468 1599 5541 φανεροῦ
1636 5482 1865 5540 γεγενηο

294 5562 458 5639 μένου
485 5564 583 5618 τοῦ
616 5562 772 5626 τινας
816 5557 1106 5625 εἶναιτοὺς
1139 5560 1567 5633 συναιρομένους
1597 5559 1743 5629 ἐμοὶ,
1777 5561 1867 5640 οὑ-

291 5657 411 5710 κέτι
438 5653 551 5709 τῶν
575 5652 778 5725 ὁμοίων
821 5649 1006 5718 ἒξεται
1037 5650 1341 5720 λογισμῶν.
1406 5648 1569 5703 Ἀλλά
1604 5649 1869 5720 πρότερον

292 5749 439 5818 ὑμᾶς
485 5748 546 5800 ἐν
593 5742 782 5816 ἀρχῶν
837 5741 1192 5813 προσχήματι
1244 5740 1541 5811 διαστήσας
1583 5739 1740 5810 ἐμοῦ,
1773 5741 1869 5793 καὶ

293 5839 392 5910 τῆς
426 5838 559 5908 παρ’
592 5835 840 5906 ἀλλήλων
874 5834 1026 5906 ἡμᾶς
1081 5832 1413 5903 ’ἐπικουρίας
1460 5831 1865 5903 ἀποστερήσας,

1960 4641 2260 4712 ﬂuensque
2298 4642 2464 4714 igitur
2494 4644 2550 4699 in
2581 4646 2747 4702 rebus
2776 4648 2991 4705 aﬂlictis
3023 4652 3319 4721 perdurare
3349 4671 3450 4728 ego
3470 4669 3526 4715 ct

1958 4731 2201 4800 laudavi,
2222 4743 2277 4787 et
2295 4733 2473 4801 vobis,
2496 4743 2557 4791 ut
2578 4735 2633 4790 id
2661 4736 2943 4808 faceretis,
2966 4752 3160 4798 auctor
3183 4743 3285 4800 fui.
3315 4745 3527 4819 Quippe

1959 4825 2204 4880 nondum
2254 4834 2471 4895 patente
2519 4828 2960 4898 consociatione,
3009 4844 3065 4890 et
3113 4838 3528 4908 conspiratione

1959 4922 2167 4981 nostra,
2202 4930 2415 4972 meeum
2441 4919 2558 4973 solo
2584 4921 2813 4989 putabat
2838 4922 3140 4993 imperator
3159 4927 3265 4982 sibi
3289 4943 3409 4983 esse
3434 4946 3525 4986 ne-

1961 5007 2190 5075 gotium,
2214 5014 2269 5061 et
2313 5008 2537 5079 segnius
2569 5011 2780 5081 agebat,
2816 5013 3079 5081 conﬁsus,
3109 5020 3282 5086 parvo
3318 5018 3526 5085 labore,

1962 5112 2088 5152 cum
2125 5098 2398 5165 libuisset,
2431 5100 2692 5157 meditata
2732 5118 2898 5174 Opere
2931 5105 3323 5175 perfecturum.
3348 5104 3528 5178 Nunc,

1963 5190 2224 5259 quoniam
2257 5201 2490 5263 constat,
2519 5208 2644 5250 esse
2668 5195 2763 5265 qui
2795 5211 2884 5251 me
2908 5194 3191 5268 adiuvent,
3214 5198 3375 5257 aliter
3406 5217 3533 5257 sen-

1963 5280 2065 5336 tiet
2091 5297 2106 5335 :
2136 5291 2188 5337 et
2226 5293 2513 5354 postquam
2559 5299 2659 5340 vos
2699 5294 2964 5355 pmtextu
3008 5286 3456 5355 praefecturarum
3499 5308 3531 5346 a

1966 5387 2055 5427 me
2085 5372 2381 5442 divellerit,
2428 5375 2746 5445 mutuisque
2785 5391 2889 5432 nos
2933 5378 3151 5434 auxiliis
3192 5380 3528 5450 spoliaverit.

1965 5464 2225 5523 omnibus
2256 5538 2257 5541 η
2286 5476 2513 5538 propter
2561 5469 3014 5539 disiunctionem,
3068 5474 3532 5548 solitudinemque

1963 5556 2078 5627 jam
2120 5557 2490 5615 imbecillimis
2523 5573 2739 5630 penam
2770 5577 2891 5639 pro
2939 5564 3202 5621 arbitratu
3248 5567 3531 5639 irrogabit.

1972 5649 2144 5705 Hodie
2175 5650 2299 5716 tibi,
2327 5651 2653 5717 domestice,
2679 5637 2966 5724 imperavit
2989 5637 3423 5727 Peloponnesum
3447 5676 3539 5714 ca-

1973 5757 2193 5812 pessere
2230 5759 2244 5797 :
2276 5758 2401 5799 cras
2446 5754 2895 5814 protostratorem
2942 5750 3009 5803 ad
3053 5751 3213 5805 aliam
3247 5752 3538 5821 quamdam

1977 5836 2360 5905 provinciam,
2411 5837 2466 5893 in
2518 5838 2727 5895 ultimis
2776 5841 3272 5913 Romani‘imperii
3337 5844 3540 5898 ﬁnibus
