4012 6680
373 389 378 394 ’
476 381 584 450 H3

1664 381 1991 447 JOANNIS
2027 381 2522 448 CANTACUZEN
2529 381 2556 443 Ι

3617 381 3742 453 ιιι

466 493 782 551 smandabit
859 495 1217 565 celeriterque
1257 492 1529 565 proﬁcisci
1575 496 1886 566 compellet.
1936 494 2030 552 Ubi

2144 497 2278 550 πᾶσι
2300 496 2389 550 διὰ
2419 495 2520 566 τήν
2578 493 2815 564 μόνωσιν
2869 486 3021 546 οῦσιν
3067 489 3499 558 ἀσθενεστάτοις,
3536 491 3606 563 ήν
3659 495 3739 546 ὃν

465 604 565 645 vos
601 590 951 651 illustriores.
979 598 1034 644 et
1064 589 1183 660 ipsa
1217 590 1396 660 capita
1427 605 1458 644 c
1501 588 1683 644 medio
1716 589 2036 653 removerit,

464 691 580 738 tum
612 683 722 754 jam
750 691 803 737 et
833 683 1098 752 reliquos,
1123 683 1169 738 si
1194 683 1288 754 qui
1319 692 1467 748 sunt,
1496 681 1867 752 investigabit,
1900 690 2040 735 tota-

464 789 573 845 que
599 789 657 828 re
685 781 844 828 antea
874 787 940 828 ex
968 788 1064 828 sua
1098 773 1371 828 sententia
1403 772 1542 826 bene
1571 772 1892 831 conStituta.
1920 778 2039 824 tan-

463 865 586 918 dem
625 879 721 932 pro
763 863 1112 932 catastmphe
1163 862 1230 916 ad
1265 878 1350 916 me
1383 875 1623 931 quoque,
1671 870 1732 916 ut
1775 869 2034 930 superatu

465 953 700 1015 facilem,
734 968 793 1010 se
826 963 1106 1008 convertet
1147 953 1281 1024 (l9).
1329 953 1481 1008 Dicet
1522 952 1820 1022 quispiam,
1850 951 1930 1014 Si,
1977 961 2038 1006 ut

461 1047 565 1109 ais,
616 1055 668 1100 te
713 1045 910 1099 horum
962 1045 1205 1099 virorum
1260 1043 1516 1114 praesidio
1567 1043 1779 1098 nudare
1825 1042 2032 1106 volens,

462 1139 776 1209 provincias
797 1139 854 1193 in
877 1137 1260 1194 remotissimis
1293 1139 1521 1192 Romani
1553 1136 1771 1207 imperii
1794 1135 1907 1191 oris
1930 1136 2038 1189 illis

461 1231 748 1297 describit,
774 1230 1085 1301 expeditius
1107 1238 1227 1285 erat
1255 1230 1372 1284 sine
1397 1230 1587 1295 dubio,
1616 1229 1896 1298 multoque
1925 1225 2036 1282 uti-

461 1325 590 1390 lius,
617 1324 663 1378 si
697 1323 767 1378 iis
797 1323 1174 1393 apprehensis,
1199 1331 1256 1376 et
1277 1321 1527 1377 custodia
1553 1321 1778 1385 clausis,
1800 1323 1948 1377 curis
1977 1336 2036 1376 se

466 1416 617 1470 hisce
651 1416 893 1470 exuisset
921 1433 934 1470 :
961 1414 1092 1486 quid
1138 1414 1287 1469 enim
1321 1425 1426 1478 est,
1472 1414 1619 1483 quod
1666 1414 1809 1468 istuc
1855 1413 2037 1470 facere

466 1508 757 1576 prohibeat
790 1507 1218 1577 imperatorem?
1245 1506 1432 1571 Recte,
1478 1506 1622 1576 quod
1664 1505 1818 1559 illum
1853 1506 2037 1574 prohi-

465 1600 610 1664 beat,
645 1600 782 1654 nihil
813 1608 898 1654 est
927 1615 942 1662 ;
971 1599 1076 1669 52
1120 1597 1228 1652 Sed
1273 1597 1553 1663 callidum,
1591 1611 1806 1666 usuque
1849 1612 2032 1652 rerum

461 1693 684 1748 doctum
717 1692 1098 1760 imperatorem
1131 1703 1472 1759 nequaquam
1507 1688 1665 1751 fallit,
1710 1688 1857 1743 haud
1899 1703 2037 1744 con-

462 1785 686 1848 ducere,
717 1783 1034 1853 priusquam
1083 1782 1352 1851 exquisite
1383 1781 1552 1845 norit,
1586 1789 1722 1850 quot
1749 1791 1805 1836 et
1845 1781 2034 1851 quales

462 1875 595 1940 sint,
628 1875 719 1945 qui
763 1887 977 1928 mecum
1020 1874 1334 1927 societatem
1366 1871 1655 1937 coiverint,
1683 1873 1749 1926 ad
1780 1887 2030 1942 pugnan-

462 1968 594 2022 dum
615 1965 865 2020 cominus
887 1963 1131 2034 aggredi.
1154 1962 1480 2016 Timendum
1511 1963 1677 2026 enim,
1699 1979 1770 2017 ne
1798 1963 1844 2018 si
1873 1964 2028 2019 multi

464 2060 597 2124 sint,
627 2073 692 2113 ac
727 2056 1117 2125 potentissimi,
1148 2071 1316 2110 unum
1349 2055 1596 2125 quidem,
1627 2056 1933 2110 alterumve
1974 2057 2030 2110 in

462 2149 681 2204 vincula
715 2148 931 2202 tradere
956 2144 1402 2216 queattcsetcris
1427 2157 1608 2200 autem
1634 2146 1746 2216 jam
1779 2161 2030 2201 necessao

463 2239 548 2293 rio
593 2236 1030 2308 conjurantibus,
1079 2236 1314 2306 cogitata
1368 2234 1629 2304 perﬁcere
1677 2250 1782 2289 non
1834 2234 2026 2304 possit.

458 2329 748 2385 Probabile
802 2342 967 2398 porro
1012 2337 1119 2389 est,
1163 2342 1288 2381 eum
1336 2328 1674 2394 existimare,
1733 2329 1936 2383 multos
1976 2337 2032 2384 et

460 2423 752 2492 opulentos
789 2430 1106 2474 nostrarum
1147 2433 1272 2474 esse
1304 2419 1564 2488 partium.
1609 2419 1746 2474 Nam
1788 2419 1934 2489 quod
1974 2421 2030 2475 in

457 2513 668 2586 judicio
696 2511 1098 2567 nudiustertius
1122 2525 1222 2579 ego
1251 2510 1398 2564 solus
1432 2511 1787 2580 interceptus,
1815 2521 1869 2565 et
1896 2526 2030 2565 con-

463 2604 651 2658 clusus
694 2617 802 2656 non
839 2601 1079 2664 concidi,
1129 2613 1306 2670 neque
1356 2599 1643 2655 timiditate
1687 2601 1866 2671 aliqua
1900 2616 2032 2656 con-

461 2710 678 2757 cussus,
707 2693 878 2749 multa
909 2706 1034 2747 cum
1070 2689 1292 2754 ﬁducia,
1323 2691 1708 2761 constantique
1739 2693 2033 2764 animo,_et

464 2785 684 2857 ingenio
730 2782 1070 2848 contradixi;
1121 2781 1378 2856 quodque
1421 2782 1684 2849 accessit,
1730 2793 1790 2838 ut
1827 2782 2033 2838 Melite-

465 2877 652 2935 nensis
697 2875 928 2929 veniens
959 2873 1255 2939 nuntiaret,
1288 2872 1423 2928 {oris
1456 2882 1602 2930 stare
1633 2874 1900 2944 quosdam
1935 2891 2033 2945 po-

467 2979 667 3031 tentes,
703 2981 822 3020 mea
871 2979 1033 3020 causa
1065 2974 1283 3034 paratos
1329 2965 1395 3018 ad
1447 2966 1651 3031 omnia,
1683 2981 1793 3020 non
1840 2981 2031 3036 parum

465 3062 588 3132 ejus
632 3059 861 3117 consilia
913 3058 1152 3113 turbavit
1189 3057 1379 3114 :unde
1418 3060 1602 3113 statim
1655 3060 1852 3116 throno
1883 3065 2032 3116 exsi-

2148 587 2394 658 βούλοιτο
2423 586 2581 658 δίκην
2609 586 2882 655 ἐπιθήσει.
2919 584 3035 640 Νῦν
3071 584 3172 656 μὲν
3203 579 3296 639 οὖν
3329 584 3414 638 σοὶ
3445 586 3544 654 τήν
3579 585 3737 655 πρὸς

2142 679 2549 746 Πελοπόννησον
2585 677 2849 742 ἐπέταξεν
2891 668 3136 732 ἀπιέναι.
3169 676 3265 740 Είς
3295 678 3393 747 τήν
3422 676 3732 746 ὑστεραίαν

2138 771 2196 824 δὲ
2249 769 2697 841 πρωτοπράτορι
2749 768 2942 838 ἑτέραν
2987 767 3148 837 δῆθεν
3183 768 3363 838 ἀρχήν
3414 784 3536 820 τινα
3576 769 3730 836 πρὸς

2137 863 2258 924 ταῖς
2318 861 2593 931 ἐσχατιαῖς
2638 860 2738 928 τῆς
2785 859 3072 929 Ῥωμαίων
3121 859 3224 929 γῆς
3253 858 3575 929 ἐγχειρίσει,
3623 859 3733 912 καὶ

2139 951 2550 1019 καταναγκάσει
2577 953 2711 1022 πρὸς
2740 951 2903 1020 τάχος
2939 967 3002 1018 γε
3048 951 3270 1004 ἀπιέναι
3295 964 3311 980 ·
3345 951 3492 1020 ὑμᾶς
3537 951 3583 1003 δ’
3621 953 3727 1003 ὲκ-

2139 1043 2319 1096 ποδὼν
2356 1044 2592 1113 ποιήσας
2637 1043 2766 1106 τοὺς
2795 1042 3315 1114 περιφανεστέρους,
3340 1043 3450 1096 τότ’
3478 1043 3580 1114 ήδη
3615 1044 3724 1096 καὶ

2137 1133 2267 1204 περὶ
2295 1133 2498 1203 ἐτέρων
2519 1133 2574 1186 εί
2618 1133 2724 1204 πέρ
2774 1134 2912 1186 εἰσιν
2950 1135 3325 1204 ἀνερευνήσει.
3362 1135 3545 1188 Πάντα
3569 1133 3614 1186 δ’
3642 1134 3728 1194 ὡς

2138 1224 2205 1278 ἂν
2224 1221 2373 1293 αὐτῷ
2427 1223 2608 1285 καλῶς
2637 1222 2749 1294 ἔχοι
2796 1224 3062 1294 πρότερον
3099 1222 3453 1297 διαθέμενος,
3509 1225 3584 1287 ὡς
3610 1227 3724 1297 ήδη

2137 1316 2276 1386 πρὸς
2305 1315 2688 1387 καταστροφὴν
2741 1315 3159 1387 εὐεπιχείρητον
3211 1314 3440 1386 ὕστερον
3468 1317 3722 1386 χωρήσει

2137 1407 2232 1459 καὶ
2267 1408 2406 1477 πρὸς
2451 1406 2572 1476 ἐμέ.
2619 1406 2758 1459 Ἀλλ’
2807 1407 2936 1470 ἴσως
2989 1408 3110 1477 ἐρεῖ
3144 1423 3251 1471 τις,
3275 1406 3351 1469 ὡς
3387 1406 3452 1458 Et
3475 1423 3540 1474 γε
3569 1409 3722 1459 κατὰ

2137 1495 2293 1563 λόγον
2324 1482 2423 1550 τὸν
2446 1497 2537 1550 σὺν
2587 1497 2647 1550 σέ
2676 1498 2778 1568 τῆς
2809 1497 2918 1551 ἀπὸ
2957 1496 3162 1552 τούτων
3191 1497 3516 1568 ἐπικουρίας
3569 1493 3717 1550 ἁπο-

2137 1589 2400 1658 στερῆσαι
2454 1589 2774 1660 βουλόμενος
2827 1589 3002 1660 ἀρχάς
3037 1591 3222 1654 αὐτοῖς
3271 1591 3569 1661 ἐγχειρίσει
3610 1593 3718 1650 τὰς

2137 1683 2196 1736 ἐν
2228 1683 2514 1752 ἐσχατιαῖς
2545 1682 2646 1752 τῆς
2682 1681 2972 1751 Ῥωμαίων
3027 1682 3222 1752 ἀρχῆς,
3273 1683 3405 1752 ῥᾷον
3440 1678 3508 1752 ἦν
3533 1681 3716 1751 δήπου

2138 1771 2236 1825 καὶ
2256 1772 2697 1842 λυσιτελέστερον
2749 1773 2884 1827 πολὺ
2935 1772 3266 1826 συλλαϐόντα
3299 1775 3395 1826 καὶ
3423 1773 3722 1825 κατακλεί-

2138 1881 2308 1918 σαντα
2342 1867 2555 1937 φρουρᾷ
2592 1866 2690 1936 τῆς
2739 1866 2848 1919 ἀπὸ
2879 1865 3084 1919 τούτων
3110 1864 3460 1936 ἀπηλλάχθαι
3496 1865 3721 1936 φροντί-

2135 1957 2258 2019 δοςο
2289 1956 2344 2008 τί
2376 1957 2485 2026 γὰρ
2511 1957 2662 2011 ἔσται
2689 1958 2749 2010 τὸ
2800 1956 3044 2010 κωλῦσον
3085 1955 3182 2010 τοῦ
3217 1955 3390 2010 ταῦτα
3420 1958 3719 2027 καταπρά-

2137 2047 2333 2115 ξασθαι
2365 2049 2456 2102 τὸν
2490 2048 2752 2119 βασιλέας
2793 2050 2903 2103 Καὶ
2931 2048 3057 2103 νοῦν
3081 2049 3272 2120 ἔχοντα
3307 2049 3462 2117 λόγον
3486 2051 3626 2118 ἐρεῖ,
3655 2051 3718 2101 τὸ

2139 2140 2382 2194 κωλῦσον
2413 2142 2513 2212 μὲν
2548 2140 2642 2194 οῦν
2674 2142 2852 2196 οὐδέν.
2893 2141 3120 2195 Συνετδν
3145 2141 3199 2194 δὲ
3227 2141 3356 2195 ὄντα
3381 2142 3474 2194 καὶ
3501 2141 3718 2194 πολλῶν

2135 2235 2479 2304 πραγμάτων
2509 2231 2772 2304 ἔμπειρον
2799 2235 2887 2288 τδν
2917 2233 3140 2303 βασιλέα
3171 2234 3331 2287 τοῦτο
3360 2233 3583 2302 λέληθεν
3612 2235 3720 2306 οῦ·-¹

2135 2325 2344 2396 δαμῶς,
2373 2326 2448 2388 ὡς
2486 2326 2822 2394 ἀλυσιτελὲς,
2854 2326 2986 2396 πρὶν
3009 2325 3253 2395 ἀκριϐῶς
3286 2324 3550 2396 ἐκμαθεῖν
3575 2327 3712 2379 όπό-

2138 2434 2222 2470 σοι
2240 2417 2384 2480 τινες
2405 2416 2501 2470 καὶ
2529 2411 2741 2487 οἴοιτήν
2773 2418 2908 2486 πρὸς
2929 2417 3032 2488 ἐμὲ
3059 2417 3367 2489 προείλοντο
3395 2419 3707 2485 κοινωνίαν,

2134 2509 2300 2577 όμόσε
2328 2508 2464 2579 πρὸς
2495 2509 2556 2562 τὸ
2584 2509 2860 2579 πολεμεῖν.
2891 2509 3021 2574 Δέος
3057 2509 3164 2580 γὰρ
3191 2510 3265 2580 μή
3296 2509 3506 2564 πολλῶν
3541 2527 3710 2563 τινων

2137 2601 2232 2653 καὶ
2255 2599 2640 2654 δυνατωτάτων
2667 2599 2837 2654 όντων
2863 2601 2960 2654 ινα
2998 2600 3098 2670 μὲν
3123 2601 3158 2672 ἢ
3179 2603 3273 2655 καὶ
3300 2600 3393 2672 δύο
3419 2599 3706 2672 καθείρξῃ.

2136 2688 2243 2741 τῶν
2274 2688 2330 2742 δὲ
2361 2688 2564 2742 λοιπῶν
2593 2689 2696 2762 ήδη
2715 2690 2865 2761 ’πρὸς
2891 2691 3134 2760 ἀνάγκην
3166 2693 3594 2760 συνισταμένων,
3644 2695 3709 2745 οὐ

2137 2782 2276 2834 κατά
2321 2781 2445 2835 νοῦν
2483 2783 2708 2854 χωρήσῃ
2756 2783 2825 2836 τά
2871 2783 3173 2853 πράγματα
3229 2783 3398 2854 αὐτῷ.
3454 2783 3613 2847 Elite;
3649 2784 3710 2836 δὲ

2135 2873 2298 2926 αὑτὸν
2322 2873 2418 2927 καὶ
2447 2873 2674 2937 πολλοῦς
2721 2891 2871 2938 τινας
2899 2876 2994 2928 καὶ
3020 2875 3280 2940 δυνατοὺς
3305 2876 3434 2937 τοὺς
3461 2876 3531 2928 τά
3565 2877 3706 2946 ήμὲ-

2135 2979 2271 3033 τερα
2291 2961 2431 3020 εἶναι
2456 2966 2665 3022 οἴεσθαι
2686 2968 3102 3037 προῃρημένους
3125 2985 3140 2999 ·
3167 2968 3225 3022 τὺ
3255 2970 3366 3041 γὰρ
3404 2967 3461 3021 ἐν
3490 2971 3554 3039 τῇ
3575 2968 3708 3040 δίκῃ

2137 3057 2244 3128 πρὸ
2273 3057 2372 3127 τῆς
2402 3059 2528 3128 χὺὲς
2559 3060 2658 3129 ἐμὲ
2717 3061 2876 3130 μόνον
2900 3060 3394 3134 ἐναπειλήμμένον,
3427 3062 3503 3132 μὴ
3537 3079 3710 3115 κατα-

466 3154 640 3216 licns,
689 3147 974 3206 securitati
1024 3163 1138 3203 sua:
1190 3148 1487 3203 consuluit.
1538 3149 1693 3204 Nunc
1743 3151 1848 3205 sibi
1897 3167 2030 3207 con-

2138 3151 2324 3203 πεσεῖν
2385 3151 2522 3222 μηδὲ
2571 3151 2743 3220 δειλίᾳ
2772 3153 3100 3224 συσχεθῆναι
3142 3171 3272 3218 τινι,
3302 3153 3418 3208 ἀλλ’
3446 3150 3709 3225 ἀτρέπτῳ

464 3245 661 3300 ducere
705 3243 941 3305 censuit,
999 3255 1100 3294 vos
1144 3239 1384 3305 delatos,
1435 3255 1533 3310 per
1576 3242 1812 3310 speciem
1861 3243 2034 3298 bene-

465 3333 695 3390 licentiae
743 3347 775 3387 a
827 3346 916 3386 me
972 3329 1296 3386 distrahere.
1359 3331 1552 3387 Postea
1604 3333 1801 3388 iterum
1868 3336 2034 3391 rebus

464 3427 599 3496 ipsis
631 3421 982 3486 docentibus,
1017 3421 1218 3491 quibus
1251 3437 1310 3477 se
1351 3437 1533 3492 operae
1581 3425 1810 3495 pretium
1854 3425 2034 3482 factu-

464 3532 584 3571 rum
613 3514 845 3585 putabit,
879 3528 979 3568 nos
1004 3511 1378 3584 aggredietur.
1409 3513 1506 3569 His
1533 3515 1789 3571 omnibus
1809 3516 1878 3574 de
1898 3533 2032 3573 cau-

463 3607 540 3661 sis
587 3622 694 3660 non
744 3603 978 3674 amplius
1028 3602 1518 3673 tergiversandum,
1563 3619 1686 3671 nec,
1719 3606 1876 3676 quasi
1921 3621 2033 3677 pra:

462 3697 732 3752 malorum
765 3693 1140 3764 magnitudine
1181 3692 1249 3747 de
1281 3701 1550 3762 potestate
1578 3695 1906 3762 exisscmus,
1941 3712 2032 3753 sa-

463 3790 632 3843 lutem
660 3794 898 3841 nostram
930 3800 1102 3854 usque
1133 3784 1202 3840 ad
1230 3784 1406 3854 ipsum
1441 3786 1668 3854 periculi
1703 3787 1864 3844 nobis
1893 3804 2032 3858 prte-

461 3878 602 3948 ccpti
651 3893 716 3932 ac
750 3876 964 3946 przevisi
1021 3883 1282 3946 punctum
1321 3865 1724 3948 negligentiam,
1771 3878 1866 3934 sed
1908 3895 2027 3934 eam

464 3986 562 4041 pro
603 3969 810 4025 viribus
851 3966 1281 4024 conservandam
1325 3969 1540 4038 opinor.
1567 3968 1703 4023 Volo
1747 3978 1948 4036 tamen,
1982 3971 2027 4026 si

460 4063 617 4118 vobis
665 4063 864 4130 placet,
899 4076 1064 4130 super
1111 4075 1178 4114 eo
1228 4060 1294 4113 de
1326 4074 1435 4128 quo
1486 4061 1718 4129 agimus,
1765 4069 1822 4117 et
1865 4062 2026 4117 aliam

460 4154 784 4211 sententiam
827 4164 1155 4221 proponere.
1204 4147 1378 4215 Qdam
1421 4149 1606 4202 illam?
1656 4154 1803 4206 Avus
1850 4153 2028 4208 socios

461 4260 611 4302 meos
633 4244 724 4314 qui
749 4252 930 4297 essent
956 4241 1096 4294 scire
1125 4239 1366 4305 studuit;
1397 4254 1499 4308 ego
1525 4255 1618 4309 pro
1646 4250 1887 4310 tempore
1913 4252 2026 4296 tum

459 4334 742 4406 respondi,
776 4348 956 4400 neque
1005 4331 1187 4386 socios
1221 4329 1357 4383 milii
1404 4344 1522 4384 esse
1565 4331 1726 4394 ullos,
1777 4349 1950 4402 neque
1979 4335 2026 4390 si

460 4435 667 4489 essent,
705 4439 791 4479 me
824 4423 972 4492 ipsos
997 4422 1422 4476 nominaturum.
1451 4423 1612 4492 Atqui
1646 4424 1808 4479 modo
1836 4427 2028 4495 profu-

2132 3243 2227 3294 καὶ
2260 3244 2568 3312 φρονήματι
2598 3243 2696 3297 καὶ
2716 3243 2836 3314 ήθει
2882 3244 3022 3312 μετά
3069 3245 3372 3314 ἀσφαλείας
3399 3246 3706 3315 ἀντιλέγειν

2134 3333 2359 3403 πολλῆς,
2387 3335 2450 3387 τὸ
2470 3334 2567 3388 καὶ
2587 3335 2678 3388 τδν
2710 3336 3124 3408 Μελιτήνιώτήν
3149 3336 3349 3404 ἐξωθεν
3375 3339 3600 3393 ἐστάναι
3623 3358 3706 3392 τι-

2131 3423 2229 3486 νάς
2263 3422 2373 3476 τῶν
2429 3425 2675 3479 δυνατῶν
2734 3427 3068 3497 ἀπαγγεῖλαι
3130 3428 3274 3500 ὑπὲρ
3331 3430 3466 3501 ἐμοῦ
3524 3431 3706 3484 πάντα

2131 3514 2392 3583 πράττειν
2439 3517 2874 3588 προσγενόμενον
2929 3519 3433 3590 προθυμουμένους,
3463 3521 3567 3575 οὐκ
3607 3523 3703 3574 ἐπὶ

2135 3606 2332 3674 μικρὸν
2360 3606 2646 3662 κατέσεισε
2697 3608 2825 3672 τοὺς
2853 3609 3152 3678 λογισμοὺς
3182 3613 3312 3674 τοὺς
3365 3611 3700 3681 βασιλικούς.

2132 3697 2224 3748 Διὸ
2246 3696 2368 3750 τότε
2395 3698 2496 3767 μὲν
2535 3699 2698 3762 εὐθὺς
2723 3701 2860 3771 ὅπερ
2897 3701 3198 3769 ἀσφάλειαν
3231 3703 3404 3756 ἐδόκει
3441 3706 3702 3775 παρέχειν

2128 3787 2406 3857 ἔπραττε,
2456 3789 2567 3842 τῶν
2625 3790 2831 3858 θρόνων
2883 3793 3204 3858 ἐξαναστάς.
3256 3795 3395 3848 Νυνὶ
3432 3796 3489 3848 δέ
3518 3797 3699 3859 καλῶς

2130 3877 2276 3949 ἔχειν
2326 3877 2504 3944 ἔδοξεν
2556 3881 2703 3952 αῦτῷ
2771 3883 2898 3947 τοὺς
2962 3884 3302 3956 καταδήλους
3369 3887 3698 3957 γενομένους

2129 3971 2293 4040 ὑμᾶς,
2337 3972 2396 4024 ἐν
2431 3972 2750 4042 εὐεργεσίας
2802 3976 3154 4046 προσχήματι
3206 3978 3556 4049 ἀποστῆσαι·
3605 3982 3702 4033 καὶ

2132 4061 2274 4130 μετά
2300 4060 2462 4115 τοῦτο
2509 4062 2672 4116 πάλιν
2701 4064 2882 4118 αὐτῶν
2912 4065 3278 4122 διδασκόντων
3303 4069 3413 4123 τῶν
3441 4073 3698 4140 πραγμάο

2127 4166 2237 4206 των
2266 4145 2346 4214 οἷς
2376 4153 2621 4223 οἰήσεται
2673 4154 3044 4225 λυσιτελήσειν
3072 4159 3439 4230 ἐπιχειρήσει.
3482 4162 3698 4215 Τούτων

2129 4243 2296 4296 ἕνεκα
2328 4244 2568 4309 πάντων,
2601 4244 2789 4298 οὐκέτι
2825 4247 3132 4316 διαμέλλειν
3180 4248 3363 4314 οἴομαι
3394 4249 3526 4315 δεῖν,
3573 4252 3696 4304 οὐδὲ

2130 4332 2268 4402 πρὸς
2296 4332 2574 4401 προῦπτον
2606 4334 2849 4387 κίνδυνον
2880 4336 3078 4398 αὐτοὺς
3105 4337 3346 4405 ἀμελεῖν,
3377 4337 3567 4411 ὥσπερ
3591 4342 3696 4393 ὑπὸ

2133 4422 2398 4490 μεγέθους
2422 4423 2529 4478 τῶν
2566 4425 2755 4478 δεινῶν
2782 4427 3084 4488 ἐκστάντας
3112 4426 3222 4479 τῶν
3257 4428 3556 4502 λογισμῶν,
3584 4433 3694 4484 ἀλλ’

461 4528 642 4572 turum
668 4513 866 4579 sentio,
898 4511 1357 4582 lcgatioue'missa
1398 4514 1666 4580 conﬁteri,
1703 4515 1906 4572 habere
1935 4535 2022 4576 me

2133 4512 2321 4573 αὐτοὺς
2358 4511 2646 4575 διασώζειν
2675 4512 2750 4575 ὡς
2782 4512 2847 4566 ἂν
2877 4507 2979 4566 οἷοί
3027 4531 3084 4566 τε
3118 4509 3288 4584 ὦμεν.
3323 4518 3444 4571 Ἔτι
3475 4535 3539 4586 γε
3591 4523 3696 4590 μὴν

458 4606 658 4672 socios,
689 4612 743 4658 et
777 4616 999 4672 poscere
1031 4603 1100 4655 ab
1145 4615 1213 4655 eo
1255 4601 1646 4676 juramentum,
1699 4620 1815 4660 mea
1861 4623 2024 4664 causa

457 4713 567 4750 non
617 4695 735 4748 fore
789 4690 1002 4761 injuriae
1051 4706 1370 4756 memorem,
1422 4706 1601 4761 neque
1651 4695 1852 4749 malum
1893 4697 2027 4767 ipsis

456 4789 737 4844 daturum.
781 4783 837 4839 Si
883 4792 1067 4852 pacate
1105 4790 1162 4838 et
1201 4791 1483 4838 mansuete
1517 4785 1828 4853 petitionem
1872 4790 2024 4844 exci-

456 4880 644 4950 piens,
705 4876 1086 4947 impunitatem
1143 4874 1250 4929 illis
1296 4887 1641 4931 sacramento
1688 4879 2022 4947 promiserit,

2129 4600 2223 4654 καὶ
2248 4599 2472 4671 γνώμην
2489 4601 2682 4671 ἑτέραν
2715 4602 2968 4672 περὶτῶν
2996 4606 3399 4675 προκειμένων,
3434 4611 3488 4662 εί
3511 4626 3575 4678 γε
3600 4613 3694 4663 καὶ

2129 4693 2258 4762 ὑμῖν
2289 4693 2555 4758 συνδοκεῖ,
2596 4691 2861 4763 βούλομαι
2892 4694 3216 4764 ἐξενεγκεῖν.
3271 4698 3436 4751 Ποίαν
3468 4699 3531 4770 δὴ
3560 4702 3692 4754 ταῦο

2127 4800 2258 4854 την;
2286 4784 2343 4837 Ὀ
2366 4783 2616 4854 βασιλεὺς
2641 4784 2736 4838 καὶ
2758 4787 2977 4866 πάππος
3003 4788 3200 4857 όὲμδς,
3230 4790 3605 4861 καθάπερῐστε
3633 4796 3696 4866 δή

2127 4877 2223 4929 καὶ
2247 4877 2420 4940 αὐτοὶ,
2453 4877 2789 4946 καταδήλους
2815 4881 2942 4943 τοὺς
2969 4881 3095 4950 ἐμοὶ
3124 4883 3383 4946 συνόντας
3426 4887 3694 4958 ἐζήτησεν

453 4971 681 5028 evidens
728 4970 835 5024 erit
882 4967 1167 5032 indicium,
1213 4974 1268 5021 et
1311 4981 1520 5021 mecum
1565 4969 1698 5023 citra
1747 4969 1929 5029 fucum
1965 4971 2022 5027 in

2133 4967 2274 5038 αὐτῷ
2307 4971 2554 5035 ποιῆσαι,
2591 4970 2715 5023 τότε
2753 4969 2854 5040 μὲν
2883 4970 2976 5024 οῦν
3019 4973 3372 5044 ἁρμόζοντας
3399 4979 3698 5049 ἀπεκρι.ἀ-

451 5049 684 5132 gratiam
715 5060 966 5124 rediisse,
992 5067 1046 5112 et
1075 5072 1173 5112 vos
1203 5057 1321 5111 sine
1353 5066 1497 5120 astu,
1524 5068 1578 5112 et
1621 5059 1855 5124 insidiis,
1891 5077 2021 5118 can-

453 5155 685 5224 dideque
732 5153 785 5208 in
824 5149 1135 5222 provincias
1178 5147 1392 5202 mittere
1434 5150 1719 5218 cogitasse.
1768 5150 1826 5205 Si
1875 5150 2020 5209 indi-

452 5255 667 5315 gnatus,
697 5243 1020 5313 legationem
1051 5240 1283 5308 rejiciet,
1319 5239 1464 5295 nulla
1495 5228 1620 5295 ετὶι⁸
1637 5241 1739 5296 hac
1777 5243 1892 5312 ipsa
1924 5242 2019 5298 tir-

453 5337 592 5392 mior
617 5325 884 5406 probatio,
916 5331 1097 5387 omnia
1125 5330 1242 5386 haec
1265 5330 1494 5387 subdole
1517 5339 1704 5394 contra
1732 5348 1834 5388 nos
1863 5334 2021 5389 insti-

2128 5075 2237 5128 μην
2276 5059 2354 5130 τῷ
2378 5060 2554 5131 καιρῷ
2589 5060 2798 5129 λόγους,
2839 5061 2965 5134 μήτ’
2995 5061 3138 5118 εῐναι
3165 5065 3337 5120 είπὼν
3356 5071 3482 5134 τοὺς
3505 5075 3698 5126 συνών·

2123 5169 2222 5218 τας
2259 5153 2382 5222 ἐμοὶ
2401 5153 2575 5219 τινὰς,
2607 5153 2731 5224 μήτ’
2755 5153 2810 5206 εῐ
2837 5171 2945 5226 περ
2973 5156 3102 5222 εἰσὶ,
3126 5145 3459 5228 καταδήλους
3491 5162 3694 5227 αὐτοὺς
3779 5147 3782 5150 ”

2127 5245 2398 5324 ποιήσειν.
2424 5245 2541 5298 Νῦν
2560 5244 2619 5298 δέ
2644 5261 2733 5315 μοι
2755 5244 2903 5301 δοκεῖ
2930 5246 3249 5314 λυσιτελεῖν,
3276 5251 3540 5323 πρεσὸείᾳ
3557 5271 3698 5324 χρη-

2128 5337 2364 5407 σάμενον
2414 5339 2550 5409 πρὸς
2581 5337 2779 5406 αὐτὸν,
2823 5340 2908 5394 ὃτι
2923 5357 2984 5393 τε
3025 5341 3166 5396 είσὶν
3196 5343 3553 5416 ὁμολογῆσαι,
3598 5350 3696 5402 καὶ

1715 5463 1935 5526 Jacobi
1975 5466 2238 5526 Pontani
2275 5474 2462 5530 notas.

522 5591 635 5659 (l9)
674 5586 986 5659 Cujruslibet
1038 5587 1115 5659 rei
1162 5587 1344 5642 exitus
1384 5587 1589 5641 dicitur
1638 5585 2021 5659 catastrophe,

2122 5589 2214 5668 ille
2240 5593 2542 5668 tumultus,
2579 5594 2734 5668 quasi
2759 5595 3018 5668 gliscens.
3051 5597 3291 5668 Epitasis
3329 5601 3488 5655 turba
3521 5600 3691 5660 fervi-

450 5655 785 5733 proverbial’i
834 5657 1028 5733 tigura.
1083 5658 1370 5733 Sumptum
1426 5657 1760 5733 aucomicis.
1812 5655 2017 5733 Fabula
2119 5659 2369 5733 dissima.
2414 5655 2787 5733 catastrophe
2830 5667 3015 5722 subita
3063 5655 3251 5723 rerum
3298 5655 3684 5732 commutatio.

448 5726 598 5787 enim
633 5727 814 5783 omnis
849 5729 903 5782 in
939 5736 1050 5783 tres
1087 5726 1273 5798 partes
1304 5726 1680 5798 distribuitur,
1727 5726 1780 5779 in
1817 5727 2021 5798 πρότα-

451 5819 556 5868 σιν,
603 5801 870 5863 ἐπίτασιν,
923 5795 1330 5870 καταστροφήν.
1382 5797 1625 5854 Protasis
1671 5803 1752 5850 est
1801 5795 2017 5866 primus

2119 5728 2282 5784 Plura
2305 5731 2447 5801 apud
2472 5728 2796 5789 Chilias'ten.
