4012 6670
273 496 370 562 145

1430 495 1976 559 HiS'I‘ORlARUM
2017 498 2248 559 LIBER
2293 499 2342 558 Ι.

3398 493 3499 558 146

265 606 445 675 ὅρκοις
465 601 628 658 αὐτὸν
650 604 950 673 ἀπαιτῆσαι
977 604 1354 660 πιστώσασθαι
1386 607 1464 676 μὴ
1491 607 1834 677 μνησικακή-

1947 615 2074 672 tuta,
2109 613 2163 659 et
2204 615 2514 675 comparata
2558 620 2702 661 esse.
2748 604 3008 675 Legatum
3057 617 3313 674 magnum
3348 598 3498 673 logo-

269 711 382 748 σειν
413 693 593 756 αὐτοῖς
650 695 776 763 μηδ’
825 695 1150 763 ἀμυνεῖσθαι
1189 697 1554 767 τῆς,εὑνοίας
1608 697 1706 765 τῆς
1751 699 1832 760 είς

268 783 387 852 ἔμέ.
420 783 481 836 El
531 785 631 852 μὲν
659 782 752 836 οῦν
797 784 1018 853 ήμὲρως
1048 785 1142 837 καὶ
1193 785 1481 857 προσηνῶς
1537 786 1662 850 τοὺς
1697 785 1828 856 παρ’

268 871 402 940 ἐμοῦ
431 872 716 942 δεξάμενος
746 872 961 940 λόγους,
981 874 1165 944 ὅρκοις
1198 877 1541 946 πιστώσηται
1563 877 1662 945 τὴν
1683 876 1827 930 ἀπά·

270 967 417 1017 θειαν
436 965 546 1023 τοῖς
591 964 746 1033 ἐμοῖς
785 965 983 1033 φίλοις,
1028 967 1258 1036 ἐναργὲς
1289 967 1356 1022 ἂν
1385 968 1470 1038 εῐη
1521 968 1825 1037 τεκμήριον

1934 696 2142 750 thetam
2192 694 2539 749 Metocbitem
2594 695 2900 760 adhibebo,
2960 695 3056 764 qui
3109 703 3223 747 tum
3277 706 3498 762 quoque

1936 801 2113 850 meus,
2161 793 2217 838 et
2264 785 2350 838 avi
2397 786 2666 854 interpres
2708 786 2830 853 fuit,
2879 787 3086 856 quique
3129 800 3190 840 ea
3240 792 3324 839 est
3355 784 3499 854 apud

1933 877 2085 931 illum
2117 877 2464 943 auctoritate,
2503 886 2561 932 ut
2594 877 2747 933 obire
2778 880 2879 934 hoc
2911 894 3112 933 munus
3159 891 3269 931 non
3315 876 3498 932 refor-

1933 967 2130 1022 midet.
2555 1020 2558 1022 .
3381 958 3384 962 ’

267 1061 340 1122 ώς
371 1059 530 1122 αὐτός
563 1075 623 1112 τε
651 1059 912 1132 καθαρῶς
972 1061 1290 1132 διήλλακται
1330 1062 1467 1133 πρὸς
1514 1061 1637 1132 ἐμὲ,
1683 1063 1779 1114 καὶ
1830 1063 1892 1114 τὸ
1937 1062 2082 1131 ὑμᾶς
2113 1064 2192 1125 είς
2220 1061 2392 1133 ἀρχὰς
2424 1062 2754 1132 ἐκπέμπειν,
2791 1063 2851 1116 ού
2912 1062 3219 1133 περιέργως
3247 1061 3356 1116 οὐδ’
3385 1063 3506 1116 ἐπι-

268 1153 491 1218 ϐούλως,
519 1154 636 1208 ἀλλ’
671 1157 857 1220 ἁπλῶς
892 1157 1043 1228 αὐτῷ
1081 1157 1253 1222 οὕτως
1281 1159 1622 1229 ἐπινενόηται
1645 1174 1660 1190 ο
1695 1159 1744 1211 εί
1770 1158 1816 1212 δ’
1854 1159 2230 1228 ἀγανακτήσει
2291 1159 2386 1214 καὶ
2437 1159 2786 1212 ἀποσείσεται
2847 1157 2946 1229 τήν
3019 1158 3342 1228 πρεσϐείαν,
3397 1175 3506 1229 μη-

265 1246 456 1315 δεμίαν
507 1247 676 1318 ἀλλην
719 1249 994 1316 ἀπόδειξιν
1049 1251 1452 1323 ἐναργεστέραν
1497 1253 1680 1322 ζητεῖν
1728 1251 1823 1305 τοῦ
1866 1252 2044 1306 πάντα
2111 1249 2543 1315 συσκευάζεσθαι
2577 1252 2699 1306 καθ’
2729 1252 2909 1322 ἡμῶν.
2971 1251 3261 1321 Χρήσομαι
3287 1251 3345 1303 δὲ
3370 1267 3506 1319 πρε-

267 1335 463 1408 σϐευτῇ
522 1337 601 1410 τῷ
646 1341 871 1412 μεγάλῳ
919 1342 1176 1415 λογοθέτῃ
1231 1343 1306 1413 τῷ
1349 1343 1646 1416 Μετοχίτῃ,
1705 1344 1800 1398 ἅτε
1831 1343 1896 1412 δὴ
1935 1343 2028 1396 καὶ
2082 1343 2204 1397 τότε
2234 1343 2616 1413 μεσιτεύσαντι
2651 1343 2786 1414 πρὸς
2815 1345 2914 1406 τὰς
2961 1342 3224 1411 ἀγγελίας
3257 1343 3381 1413 ἐμοὶ
3411 1344 3507 1396 καὶ

262 1427 340 1496 τῷ
361 1430 594 1498 βασιλεῖ,
625 1433 718 1485 καὶ
750 1433 1064 1504 παρρησίαν
1093 1435 1272 1504 ἔχοντι
1308 1435 1446 1505 πρὸς
1475 1435 1658 1500 αὑτὸν,
1686 1434 1828 1488 ὥστε
1867 1434 2145 1506 θαρρῆσαι
2176 1437 2309 1506 περὶ
2340 1434 2601 1489 τοιούτων
2640 1435 2988 1506 πρεσϐεύειν.

1602 1553 1707 1625 53
1745 1552 1966 1609 CAPUT
2003 1551 2157 1607 xvn.

265 1633 494 1725 Hagn'us
519 1641 776 1725 logotlreta
811 1645 1350 1725 legationemnepotis
1380 1666 1477 1718 pro
1511 1651 1828 1725 impunitate
1858 1650 2132 1725 sociorum
2174 1651 2544 1725 ejus_recusat_
2574 1664 2593 1702 :
2624 1665 2841 1702 causam
2893 1648 3062 1709 addit,
3118 1661 3280 1716 quam
3328 1660 3512 1725 nepos.

336 1707 522 1788 melius
555 1707 780 1768 sentiens
813 1707 891 1784 (u't
917 1726 1095 1788 postea
1123 1707 1449 1773 intellectum
1476 1707 1820 1788 estfrefellit.
1847 1719 2072 1782 Magnus
2097 1707 2410 1773 domesticus
2452 1718 2870 1788 Peloponnesum
2912 1734 2977 1771 ne
3009 1707 3174 1787 petat,
3202 1707 3514 1788 conﬁctam

336 1784 654 1859 etminanem
707 1784 926 1859 causam
980 1787 1234 1859 obtendit.
1296 1789 1369 1841 Ab
1419 1784 1738 1859 imperatore
1791 1788 1974 1858 pusilli
2006 1789 2192 1859 ‘anirni
2221 1784 2589 1859 reprehensus
2651 1789 2706 1842 in
2765 1784 3087 1859 Thessaliam
3125 1785 3343 1855 jubctur
3385 1784 3513 1836 ire:

329 1847 638 1915 sufﬁcientes
666 1855 865 1921 copias,
897 1862 946 1907 et
973 1858 1250 1925 pecuniam
1284 1847 1538 1927 postulat.
1587 1847 1961 1912 Protostratori
1995 1855 2228 1926 Prillapi
2266 1847 2585 1928 praefectura
2619 1856 2987 1911 committitur.

335 1963 574 2019 Τοιαῦτα
621 1965 714 2020 τοῦ
754 1967 874 2022 νέου
923 1969 1186 2038 βασιλέως
1241 1971 1712 2044 βουλευσαμένουι
1734 1973 1826 2026 και)⁸

1998 1969 2112 2026 Hoc
2148 1970 2381 2026 consilio
2434 1987 2464 2025 a
2529 1970 2749 2040 juniore
2798 1969 3116 2024 Andronico
3189 1966 3507 2036 explanata,

260 2054 359 2107 τοῦ
415 2058 656 2125 μεγάλου
709 2059 1027 2128 δομεστίκου
1086 2063 1183 2116 καὶ⁵
1233 2063 1717 2132 πρωτοστράτορος
1757 2063 1835 2126 ὡς

263 2147 452 2211 καλῶς
487 2148 597 2217 ἔχει
633 2136 1255 2223 συνεπιψηφισαμὲνων,
1293 2154 1570 2224 αὐτοὶομὲν
1599 2153 1834 2217 ἕκαστος

261 2238 456 2292 οῐκαδε
500 2240 854 2312 ἀπεχώρουν·
914 2243 1167 2313 βασιλεὺς
1215 2245 1260 2297 δ’
1291 2247 1319 2298 ὁ
1375 2245 1493 2310 νέος
1541 2245 1632 2298 τὸν
1664 2247 1837 2316 μέγαν

269 2329 787 2400 μετακαλεσάμενος
835 2333 1129 2404 λογοθὲτην
1155 2375 1170 2400 ,
1228 2335 1371 2390 οῦτω
1416 2337 1837 2407 διεπρεσϐεύετο

267 2421 412 2488 πρὸς
442 2421 536 2472 τὸν
557 2421 780 2475 πάππον
808 2437 822 2453 ⁸
863 2423 929 2477 Ἦ
953 2427 1032 2488 είς
1061 2425 1161 2494 ἐμὲ
1188 2427 1290 2496 πρὸ
1323 2428 1421 2496 τῆς
1459 2427 1587 2498 χθὲς
1603 2445 1837 2499 γεγενη-

268 2509 410 2579 μένη
447 2511 595 2581 παρά
633 2513 732 2582 τῆς
761 2517 860 2584 σῆς
909 2516 1293 2587 γαληνότητος,
1323 2513 1368 2573 ὦ
1411 2519 1658 2591 βασιλεῦ,
1681 2522 1840 2592 εύερ-

261 2599 429 2665 γεσία
452 2601 656 2664 πολλὰς
680 2604 774 2656 καὶ
799 2603 1011 2668 δικαίας
1067 2605 1349 2675 ὁμολογεῖν
1394 2608 1623 2678 χάριτας
1656 2606 1732 2677 τῷ
1761 2605 1840 2677 σῷ

262 2686 450 2740 πείθει
507 2688 720 2759 κράτει.
771 2690 892 2745 Κάν
941 2692 1052 2763 γὰρ
1094 2693 1202 2748 ἀπὺ
1253 2695 1501 2766 ταραχῆς
1543 2697 1638 2749 καὶ
1669 2697 1840 2766 ὀργῆς

257 2771 445 2848 ἧρξαν
477 2779 527 2830 οἱ
557 2778 726 2848 λόγοι,
775 2781 890 2836 ἀλλ’
918 2784 1001 2846 είς
1039 2783 1194 2848 τέλος
1219 2785 1429 2854 ἥμερον
1471 2786 1566 2839 καὶ
1621 2803 1840 2857 συμπα-

263 2869 424 2932 θείας
470 2869 642 2940 γέμον
673 2872 1177 2941 ἀποκαταστάντες,
1216 2875 1418 2944 μᾶλλον
1472 2876 1770 2948 εῦφραναν,
1805 2877 1841 2949 ἢ

258 2960 394 3013 καθ’
438 2960 567 3014 ὅσον
622 2961 891 3034 πρότερον
943 2965 1198 3021 ἐλύπουν.
1244 2966 1337 3019 Διὸ
1367 2965 1433 3038 δή
1463 2968 1558 3020 καὶ
1603 2967 1714 3021 τῶν
1742 2969 1842 3038 μὲν

260 3049 560 3117 προτέρων
596 3049 672 3111 ὡς
700 3051 974 3122 πατρικῆς
1001 3052 1169 3107 όντων
1198 3055 1294 3108 καὶ
1335 3055 1591 3119 παιδείας
1621 3058 1712 3110 καὶ
1746 3075 1844 3127 κη-

254 3137 550 3207 δεμονίας,
584 3140 694 3192 οὐδ’
721 3141 1232 3214 ἀναμιμνήσκεσθαι
1259 3145 1396 3212 ἀξιῶ
1417 3162 1433 3178 ·
1479 3146 1516 3202 ἃ
1545 3146 1664 3201 δ’ὲν
1687 3147 1844 3201 ὑστέ-

259 3247 341 3300 ρῳ
378 3231 728 3302 πέπρακται,
759 3234 836 3295 ὡς
878 3234 1006 3300 ἀξια
1033 3235 1125 3288 καὶ
1178 3235 1585 3306 μεγαλοψυχίας
1612 3238 1706 3292 καὶ
1748 3236 1840 3290 εύ-

1936 2078 1968 2118 a
1999 2077 2196 2132 magno
2239 2071 2421 2115 autem
2450 2061 2780 2125 domestico,
2811 2070 2869 2116 et
2900 2069 3297 2130 protostratore
3319 2073 3516 2128 appro-

1937 2154 2086 2218 bato,
2117 2153 2318 2222 singuli
2344 2152 2570 2206 domum
2603 2133 3022 2216 concesserunt,
3049 2159 3216 2220 atque
3241 2149 3518 2204 Androni-

1937 2255 2038 2299 cus
2069 2259 2267 2314 magno
2304 2244 2579 2313 logotltcta
2618 2245 2819 2308 accito,
2851 2258 2977 2310 eum
3019 2243 3124 2298 hac
3169 2243 3419 2296 oratione
3445 2240 3515 2295 ad

1939 2348 2100 2389 avum
2135 2334 2290 2389 illum
2322 2336 2540 2390 mittere
2565 2336 2888 2389 instituebat
2916 2353 2930 2389 :
2955 2349 3066 2404 quo
3093 2334 3360 2388 beneﬁcio
3387 2343 3517 2386 ante

1940 2424 2259 2479 hesternum
2307 2423 2455 2478 diem
2501 2425 2772 2479 serenitas
2801 2432 2892 2478 tua
2933 2439 3019 2477 me
3051 2423 3294 2485 ornavit.
3332 2422 3388 2478 id
3423 2436 3511 2476 me

1942 2515 2010 2570 ad
2066 2515 2296 2585 amplas,
2345 2517 2682 2584 meritasque
2726 2515 2930 2584 gratias
2967 2515 3205 2584 agendas
3259 2511 3512 2581 impellit.

1940 2606 2266 2675 Quanquam
2299 2606 2445 2659 enim
2481 2619 2664 2660 sermo
2681 2620 2708 2656 a
2729 2605 3165 2674 perturbatione,
3191 2612 3248 2656 et
3265 2603 3342 2657 ita
3363 2600 3516 2669 prin—

1939 2696 2143 2764 cipium
2167 2706 2407 2764 caperet,
2433 2702 2614 2748 tamen
2649 2694 2702 2748 in
2735 2694 2898 2750 tinem
2929 2709 3178 2757 suavem,
3201 2700 3513 2762 mutumque

1942 2787 2254 2842 affectionis
2283 2787 2508 2856 plenum
2531 2786 2816 2852 desinens,
2837 2785 3221 2842 delectationis
3245 2785 3399 2854 copia
3417 2799 3514 2838 an-

1943 2878 2283 2934 tecedentem
2313 2877 2621 2932 molestiam
2651 2878 2857 2932 obruit.
2879 2877 3059 2944 Quare
3086 2877 3357 2947 priorum,
3398 2886 3517 2930 uta

1942 2974 2160 3035 paterna
2204 2963 2580 3033 castigatione,
2617 2978 2682 3018 ac
2704 2963 3078 3020 sollicitudine
3115 2963 3516 3032 proiectorum.

1947 3056 2261 3112 meminisse
2283 3056 2409 3110 nolo
2447 3073 2462 3110 :
2487 3069 2609 3124 qua:
2646 3063 2830 3108 autem
2858 3056 3135 3123 posterius
3159 3056 3256 3109 abs
3290 3065 3341 3109 te
3371 3055 3514 3108 facta

1946 3156 2096 3213 sunt,
2127 3156 2187 3201 ut
2212 3146 2374 3216 digna
2400 3145 2850 3216 magnanimitate
2870 3145 3242 3215 imperatoria,
3265 3154 3518 3214 paternas

1953 3254 2060 3309 que
2108 3237 2394 3303 charitate,
2421 3250 2488 3292 ea
2525 3237 2660 3292 mibi
2693 3239 2750 3292 in
2789 3237 3048 3292 medullis
3077 3236 3245 3291 inﬁxa
3295 3251 3514 3305 semper

259 3301 512 3386 μενείαςν
548 3323 641 3375 καὶ
671 3325 945 3395 πατρικῆς
993 3327 1087 3380 καὶ
1115 3301 1422 3396 βασιλικῆς,
1461 3301 1842 3406 ’ἀνεξάλειπτα

1955 3301 2274 3385 manebunt.
2318 3301 2587 3386 Cancrum
2627 3331 2756 3399 quia
2786 3337 2900 3384 tum
2937 3328 3196 3399 quiddam
3245 3301 3516 3397 prolatum

251 3414 373 3468 δεῖν
401 3414 587 3483 ἔγνουν
609 3416 898 3484 φυλάττειν
927 3419 984 3470 ὲν
1007 3421 1073 3489 τῇ
1096 3418 1266 3489 ψυχῇ.
1311 3419 1467 3476 Ἐπεὶ
1490 3421 1536 3476 δ’
1559 3422 1618 3477 ἓν
1652 3439 1706 3476 τι
1739 3422 1843 3476 τῶν

1950 3423 2190 3493 graviter
2236 3435 2323 3476 me
2360 3421 2532 3491 angit,
2563 3431 2619 3475 et
2649 3435 2780 3476 cura
2821 3435 2933 3474 non
2967 3419 3075 3474 levi
3105 3419 3387 3479 sollicitat,
3415 3432 3519 3473 nec

256 3505 386 3558 τότε
415 3507 702 3576 ῥηθέντων
755 3506 854 3576 ἐμέ
878 3525 935 3560 τε
956 3507 1143 3573 δεινῶς
1170 3510 1518 3580 ὲκταράττει,
1564 3513 1661 3566 καὶ
1682 3529 1843 3582 φρον-

1952 3510 2074 3566 aliis
2098 3523 2318 3580 quoque
2341 3510 2600 3580 exiguum
2625 3509 2879 3566 timorem
2909 3509 3128 3573 incutit,
3153 3516 3363 3564 oratam
3391 3507 3518 3564 volo

251 3595 419 3660 τξδας
445 3597 511 3650 ού
546 3598 840 3668 παρέχεται
879 3599 1102 3670 μικρὰς,
1131 3601 1227 3654 καὶ
1265 3601 1470 3671 ἑτέροις
1493 3603 1765 3656 ἐνέσεισεν
1786 3604 1843 3656 ού

1951 3602 2303 3657 serenitatem
2337 3611 2507 3667 tuam,
2544 3609 2606 3655 ut
2633 3599 2761 3656 huic
2803 3600 2972 3656 etiam
3005 3600 3184 3656 dolori
3214 3601 3515 3655 medeatur.

253 3687 358 3739 τὸν
401 3688 648 3758 τυχόντα
682 3689 886 3758 φόϐον,
936 3690 1127 3761 δέομαι
1171 3693 1272 3763 τῆς
1328 3695 1427 3764 σῆς
1457 3695 1843 3766 γαληνότητος,

1950 3690 2106 3760 Quod
2152 3691 2296 3757 dico,
2336 3691 2442 3745 tale
2471 3699 2590 3746 est:
2619 3691 2754 3746 Cum
2785 3691 2919 3745 mihi
2942 3705 3038 3760 per
3061 3705 3320 3761 magnum
3363 3690 3522 3760 logo-o

254 3779 535 3832 ἰάσασθαι
564 3782 658 3832 καὶ
691 3779 890 3848 ταύτην
919 3778 1016 3852 τὴν
1044 3783 1334 3852 ἀλγηδόνα.
1367 3785 1526 3837 Ἔστι
1559 3785 1604 3837 δ’
1633 3785 1662 3839 ὃ
1704 3785 1843 3855 λέγω

1953 3786 2159 3840 tbetam
2199 3785 2539 3854 praeceperis,
2597 3793 2658 3838 ut
2712 3783 3063 3839 administros
3113 3794 3280 3853 atque
3338 3783 3519 3838 socios

249 3870 520 3924 τοιοῦτον
548 3885 564 3900 ο
593 3870 718 3933 Σοῦ,
748 3871 994 3940 βασιλεῦ,
1027 3874 1150 3941 ἐμοὶ
1177 3874 1266 3926 διὰ
1289 3873 1381 3926 τοῦ
1412 3876 1644 3944 μεγάλου
1694 3877 1843 3943 λογο‹

1952 3891 2106 3931 meos
2135 3876 2233 3930 tibi
2260 3875 2580 3940 indicarem,
2603 3885 2733 3930 tunc
2755 3890 2855 3944 ego
2885 3875 3108 3945 quidem
3131 3890 3243 3929 non
3264 3873 3512 3935 omnino,

252 3964 434 4017 θέτου
463 3961 870 4030 προστάξαντος
899 3961 1115 4015 τουτουῒ
1173 3964 1510 4034 καταδήλους
1557 3983 1640 4018 σοι
1665 3966 1843 4020 θέσθαι

1953 3975 2010 4021 et
2041 3966 2288 4021 absolute
2308 3980 2406 4019 eos
2427 3963 2628 4019 habere
2654 3981 2739 4020 me
2757 3967 2949 4034 negavi
2974 3982 2989 4019 :
3013 3976 3395 4020 verumtamen
3436 3979 3522 4020 ra-

249 4055 393 4117 τοὺς
420 4051 688 4115 συνόντας
713 4054 807 4107 καὶ
837 4054 1257 4125 συναιρομένους
1287 4056 1431 4124 ἐμοὶ,
1455 4055 1575 4110 τότε
1600 4057 1700 4128 μὲν
1722 4075 1843 4112 παν-

1957 4055 2202 4111 tionibus
2249 4053 2643 4110 verisimilibus
2693 4053 3075 4108 demonstrare
3115 4051 3398 4116 contendi,
3428 4065 3521 4106 eos

250 4146 486 4200 τάπασι
517 4143 595 4216 μὴ
622 4141 762 4198 εἶναι
784 4146 886 4199 οὐκ
914 4147 1264 4218 ἠρνησάμην,
1280 4147 1418 4219 πλὴν
1449 4149 1557 4202 ἀπὸ
1579 4149 1854 4220 λογισμῶν

253 4239 509 4291 εἰκότων
554 4237 876 4307 ἐπεχείρουν
912 4237 988 4300 ὡς
1015 4239 1115 4292 οὐκ
1168 4238 1234 4291 ἂν
1264 4235 1376 4292 εἷεν
1423 4241 1849 4296 ἀποδεικνύναι·

249 4331 362 4384 οἷδ’
396 4325 551 4400 ἦσαν
572 4341 586 4357 ⁸
626 4327 688 4380 τὸ
721 4328 861 4400 μήτε
893 4329 1059 4397 πόρον
1119 4331 1264 4400 ἔχειν
1294 4330 1394 4401 ἐμὲ
1445 4331 1742 4402 χρημάτων
1770 4327 1852 4396 οἷς

249 4420 326 4476 ἂν
358 4419 508 4480 ἴσως
531 4402 784 4487 πείσαιμί
825 4435 978 4483 τινας
1006 4420 1298 4489 προσέχειν
1351 4422 1496 4490 ὲμοὶ,
1530 4422 1654 4492 μήτ’
1703 4424 1843 4488 ἐξου-

1957 4436 2170 4492 possem
2185 4418 2327 4490 apud
2352 4429 2403 4474 te
2431 4419 2538 4472 frui
2569 4434 2635 4474 eo
2651 4419 2795 4490 jure,
2815 4433 2988 4488 eaque
3012 4417 3254 4483 licentia,
3277 4431 3399 4486 qua:
3423 4416 3524 4470 im-

254 4511 392 4572 σίας
429 4506 737 4562 ἀπολαύειν
766 4510 920 4578 παρά
975 4511 1060 4564 σοὶ
1091 4512 1186 4564 καὶ
1240 4511 1555 4583 παρρησίας
1586 4513 1843 4582 βασιλέως

1957 4513 2226 4582 pcratoris
2272 4511 2384 4564 tilio
2433 4510 2758 4574 deberetur;
2787 4519 3010 4580 propter
3031 4525 3199 4579 quam
3228 4509 3394 4564 etiam
3421 4508 3523 4562 ob-

252 4603 423 4654 παιδὶ
466 4599 810 4669 πρεπούσης,
835 4601 901 4652 δι’
933 4601 1001 4672 ἢν
1029 4600 1096 4654 ἂν
1130 4604 1228 4656 καὶ
1248 4603 1651 4673 θεραπευθείην
1700 4606 1843 4676 παρᾶ

1959 4618 2229 4668 servarer,
2261 4611 2316 4656 et
2346 4601 2557 4655 colerer
2588 4602 2657 4655 ab
2690 4601 2757 4655 iis
2783 4603 2878 4670 qui
2908 4615 3069 4668 opem
3100 4614 3278 4654 meam
3306 4596 3526 4653 deside-

250 4692 376 4768 τῶν
412 4650 530 4761 τῆς
563 4691 700 4760 ἐμῆς
739 4650 1004 4757 ῶφελείας
1040 4650 1401 4763 δεησομένῶν.
1455 4650 1672 4748 Νυνὶιδὲ
1718 4650 1843 4768 ad;

1959 4650 2229 4668 _--._---,
2267 4650 2315 4656 --
2352 4650 2546 4655 μη---
2590 4650 2652 4655 __
2690 4650 2753 4655 η-
2788 4650 2878 4670 γ-
3439 4650 3488 4651 ν-

1960 4695 2128 4749 raturi
2175 4703 2378 4748 essent.
2405 4692 2561 4747 Nunc
2606 4692 2726 4748 dies
2768 4693 2882 4760 ipsa
2927 4701 3210 4746 consortes
3237 4705 3392 4745 meos
3427 4689 3524 4758 qui

1955 4162 2077 4204 esse
2127 4145 2307 4203 nullos
2357 4160 2540 4214 posse,
2568 4143 2664 4214 qui
2713 4153 2874 4198 erant
2907 4160 2922 4196 :
2963 4142 3108 4212 quod
3145 4157 3250 4198 nec
3279 4142 3446 4205 viam,
3468 4151 3524 4196 et

1957 4237 2180 4293 modum
2213 4235 2582 4306 adipiscendae
2621 4235 2871 4304 pecunia:
2899 4249 3262 4304 nossem,qna
3294 4232 3524 4287 fortasse

1955 4329 2219 4400 quosdam
2259 4327 2328 4382 ad
2370 4326 2722 4396 obsequelam
2780 4341 2958 4381 meam
3022 4324 3341 4380 induceretn
3371 4341 3387 4378 :
3421 4339 3524 4379 nec

251 4801 320 4837 τε
353 4784 424 4838 τὸ
479 4783 718 4852 πρᾶγμα
779 4782 1047 4852 φανεροὺς
1102 4783 1379 4852 ἠνάγκασε
1412 4785 1667 4851 γενέσθαι
1726 4789 1843 4850 τοὺς

1962 4786 2073 4840 sint
2105 4786 2336 4853 aperuit,
2364 4794 2420 4839 et
2447 4799 2549 4854 ego
2586 4784 2654 4838 de
2683 4783 2752 4837 iis
2780 4783 3064 4837 confiteor.
3086 4782 3520 4850 Attamen,quod
3629 4801 3632 4805 ’

254 4874 719 4948 προσκειμένους
742 4874 886 4942 ἐμοὶ,
932 4876 1028 4928 καὶ
1063 4875 1228 4938 αὐτὸς
1256 4875 1313 4928 δὲ
1347 4875 1458 4943 ἐγὼ
1478 4875 1619 4930 εἶναι
1664 4880 1859 4948 ὁμολο-

253 4969 373 5038 γῶ.
401 4967 586 5036 Πλὴν,
612 4966 749 5036 ὅπερ
768 4965 1008 5043 ruat-cca
1034 4966 1192 5036 ἔφην,
1217 4967 1317 5020 οὐκ
1337 4967 1644 5036 ὀφείλοντες
1675 4969 1856 5039 χάριν,

254 5061 412 5116 ἀλλά
448 5060 934 5130 προκατάρχοντες
983 5057 1182 5128 μᾶλλον
1220 5059 1442 5129 χάριτός
1498 5061 1628 5113 εἰσι.
1663 5061 1755 5113 Διὸ
1791 5061 1858 5132 δὴ

257 5155 367 5205 καὶ
399 5147 680 5203 ἀντιϐολῶ
733 5149 834 5217 τὴν
868 5148 966 5215 σὴν
1016 5147 1352 5217 ήμερότητα,
1391 5146 1636 5216 βασιλεῦ,
1669 5147 1858 5218 ὅρκοις

255 5241 400 5312 ἔμοι
432 5256 502 5294 τε
531 5240 626 5291 καὶ
678 5239 862 5301 αὐτοῖς
892 5238 1286 5305 πιστώσασθαι,
1317 5240 1376 5292 τὸ
1409 5239 1641 5303 ἀπαθεῖς
1670 5241 1858 5295 κακῶν

262 5336 451 5406 μέχρι
485 5330 689 5392 παντὸς
723 5331 1138 5401 διατηρηθῆναι.
1176 5329 1332 5385 Οὕτω
1361 5333 1469 5404 γὰρ
1498 5333 1622 5401 ἐμοί
1653 5349 1713 5387 τε
1762 5335 1859 5388 καὶ

1961 4889 2018 4932 et
2048 4886 2161 4930 tum
2206 4877 2474 4940 dicebam,
2507 4891 2616 4929 non
2670 4876 2802 4929 mihi
2852 4876 3080 4944 gratiam
3121 4874 3400 4935 referunt;
3429 4873 3524 4926 sed

1965 4971 2147 5039 potius
2175 4969 2348 5037 gratia
2396 4982 2482 5021 me
2524 4975 2897 5022 antevertunt.
2923 4966 3188 5038 Quocirca
3239 4976 3346 5019 tute
3376 4976 3528 5028 man,-

1967 5058 2244 5137 suetudini
2271 5057 2500 5128 supplex
2540 5057 2634 5121 tio,
2673 5057 2836 5112 nobis
2870 5057 3230 5127 jurejurando
3255 5055 3416 5108 [idem
3448 5054 3530 5109 ta.

1965 5151 2102 5218 cias,
2127 5164 2237 5205 non
2258 5149 2314 5204 id
2344 5149 2452 5204 illis
2487 5163 2728 5219 unquam
2758 5149 2939 5206 fraudi
2968 5148 3238 5202 futurum.
3266 5146 3356 5201 Sic
3376 5160 3526 5201 nam-

1964 5259 2072 5315 que
2107 5244 2242 5298 mihi
2278 5243 2584 5311 iisdemque
2616 5240 2934 5304 ﬁdentibus,
2967 5247 3146 5293 metus
3174 5247 3428 5308 expertes
3448 5237 3529 5292 vi.

1969 5353 2122 5402 vere,
2152 5346 2370 5406 tuasque
2410 5334 2680 5406 majestati
2720 5331 3087 5402 amplissimas
3122 5345 3284 5401 agere
3323 5329 3527 5401 gratias

260 5425 471 5486 αὐτοῖς
513 5420 872 5491 θαρῤήσασιν,
899 5422 1114 5490 ἀφόϐως
1133 5440 1190 5477 τε
1219 5423 1388 5492 βιοῦν,
1408 5425 1504 5478 καὶ
1522 5424 1600 5494 τῷ
1623 5425 1702 5495 σῷ
1723 5427 1843 5496 κρά-

1966 5429 2172 5484 licebit.
2201 5426 2463 5500 55.11am
2485 5427 2551 5480 ad
2587 5438 2845 5494 magnum
2876 5422 3206 5492 logothetam
3239 5435 3431 5491 nepos,
3468 5429 3529 5474 ut

259 5533 356 5570 τει
415 5512 653 5584 χάριτος
707 5513 989 5592 ὁμολογεῖν
1037 5514 1234 5577 πολλὰς
1282 5515 1588 5585 περιέσται.
1621 5517 1843 5572 Τοιαῦτα

1968 5533 2069 5572 avo
2095 5515 2412 5587 imperatori
2438 5530 2503 5570 ea
2544 5513 2945 5584 expositurum,
2985 5519 3041 5566 et
3079 5510 3182 5569 sibi
3206 5524 3428 5580 quoque
3470 5507 3528 5562 in

265 5607 379 5678 μὲν
409 5605 446 5656 ὁ
474 5603 604 5682 ’νέος
648 5601 902 5674 βασιλεὺς
957 5602 1093 5674 πρὸς
1127 5603 1420 5674 λογοθέτην
1467 5604 1715 5674 διεξῆλθε
1769 5606 1843 5659 τὸγ

1966 5622 2032 5662 ea
2062 5621 2120 5662 re
2155 5620 2379 5675 operam
2411 5605 2691 5666 daturum,
2715 5601 2864 5672 quod
2891 5600 3167 5671 cupiebat,
3197 5613 3435 5668 eumque
3459 5597 3529 5652 de

266 5697 470 5768 μέγαν
492 5732 512 5760 ,
563 5691 639 5756 ὡς
686 5692 1102 5761 ἀπαγγελοῦντα
1130 5693 1208 5765 τῷ
1257 5697 1468 5766 πάππῳ
1495 5695 1591 5749 καὶ
1628 5696 1843 5766 βασιλεῖ

1963 5698 2277 5770 juramento
2303 5694 2688 5764 concipiendo,
2713 5702 2774 5748 ut
2802 5693 3052 5762 pluribus
3075 5693 3202 5748 inde
3232 5687 3532 5746 commodi-

265 5783 637 5854 συνάρασθαι
665 5785 760 5837 καὶ⁵
792 5783 959 5838 αὐτὸν
989 5783 1227 5850 ἀξιώσας
1263 5788 1402 5854 πρὸς
1431 5788 1612 5856 τοῦτο,
1643 5790 1740 5843 καὶ
1764 5789 1843 5858 τήε

1969 5789 2176 5844 tatibus
2207 5786 2632 5858 promanaturis,
2679 5785 3090 5842 admoniturum
3122 5783 3401 5839 videlicet.
3427 5777 3533 5833 Lo-

263 5877 396 5932 τῶν
423 5875 616 5943 ὅρκων
664 5873 1012 5947 ἑκπλήρωσιν
1059 5875 1359 5931 ὑποθέσθαι
1398 5876 1477 5950 τῷ
1529 5878 1744 5948 βασιλεί
1789 5878 1843 5934 ὧι

1972 5879 2188 5953 gotheta
2213 5877 2509 5935 continuo:
2546 5878 2660 5950 Ego
2692 5894 2779 5936 me
2803 5879 2929 5937 boni
2960 5877 3192 5947 alicujus
3217 5887 3349 5944 ergo
3377 5868 3445 5927 ad
3477 5876 3534 5924 te
