4012 6642
565 367 665 430 147

1747 371 2068 434 JOANNIS
2127 369 2656 432 CANTACUZENI
3722 381 3807 446 ηε

570 493 827 540 vocatum
852 485 1249 557 interpretaoar
1283 488 1413 560 (20),
1431 503 1628 558 nempe
1647 496 1706 543 ut
1729 501 1829 542 avo
1850 488 2131 557 subjectio-

2249 481 2456 536 πολλῶν
2490 486 2712 552 ἀγαθῶν
2736 488 2800 540 ἐκ
2840 486 3034 541 τούτου
3067 489 3523 561 συμϐησομένων.
3569 494 3634 549 ’0
3656 497 3702 550 δ’
3731 501 3809 551 εύ-

569 590 695 629 nem
727 585 897 642 tuam,
926 577 1252 648 plenamque
1281 579 1529 649 obsequii
1565 579 1899 632 voluntatem
1927 588 2021 631 tuo
2042 593 2142 632 no-

569 667 718 720 mine
741 667 1034 722 indicarem
1062 684 1081 722 :
1105 685 1214 739 quo
1257 679 1420 740 pacto
1461 686 1587 727 eum
1624 670 1978 739 placidiorem
2017 670 2138 729 tibi,

570 758 952 828 mitioremque
985 757 1248 815 efliceres.
1273 761 1438 831 Atqui
1464 776 1549 815 me
1595 759 1787 814 fefellit
1823 759 2135 828 augurium.

566 857 616 899 et
643 847 979 902 contrarium
1007 848 1211 904 evenit.
1229 849 1575 918 Quapropter
1598 866 1698 904 nec
1725 848 1981 902 nuntiare
2001 849 2135 912 haec,

565 952 668 991 nec
703 939 822 1008 ejus
850 940 1094 992 animum
1134 939 1338 993 talibus
1371 939 1554 993 verbis
1593 938 1927 992 exacerbare
1971 938 2132 1020 volo;

562 1017 782 1095 quando
809 1045 984 1099 usque
1015 1031 1174 1086 hodie
1198 1029 1505 1085 inauditum
1537 1038 1640 1093 est,
1671 1029 1923 1084 dominos
1949 1017 2134 1097 jurare

561 1121 735 1176 servis
765 1122 899 1193 (2|).
931 1121 1086 1188 Quod
1139 1123 1185 1177 si
1243 1123 1354 1185 ﬁat,
1385 1121 1591 1176 domini
1619 1120 2133 1178 condemnabuntur

561 1213 755 1272 servis,
782 1212 1246 1281 quemadmodum
1270 1213 1347 1266 illi
1379 1213 1642 1278 dominis;
1683 1212 1827 1281 quod
1892 1211 2134 1266 insolens

555 1306 614 1352 et
650 1299 950 1354 absurdum
997 1310 1100 1356 est.
1132 1301 1244 1372 Ego
1273 1319 1404 1356 vero
1437 1317 1636 1372 anceps
1665 1303 1863 1365 haereo,
1913 1300 2134 1355 dubito-

560 1407 668 1458 que
705 1392 1083 1458 vehementer,
1108 1395 1152 1449 si
1177 1396 1460 1464 quaesierit
1489 1396 1809 1465 imperator.
1847 1410 1947 1448 cur
1984 1394 2050 1448 ad
2077 1402 2130 1447 te

561 1481 744 1543 ierim,
774 1482 904 1550 quid
954 1483 1182 1537 honeste
1225 1485 1606 1553 respondeam.
1642 1483 1749 1539 Sed
1775 1497 1998 1538 causam
2025 1480 2131 1538 ali-

558 1589 721 1642 quam
749 1573 1104 1642 profectionis
1127 1575 1190 1628 ad
1225 1583 1278 1630 te
1308 1588 1441 1630 mete
1474 1575 1864 1641 comminiscar
1894 1590 1913 1628 :
1955 1583 2006 1628 te
2033 1587 2131 1626 au-

560 1673 668 1717 tem
696 1665 906 1729 hortor,
947 1673 1004 1719 et
1035 1667 1366 1732 obsecro,ut
1399 1667 1467 1720 de
1499 1667 1712 1736 reliquo
1739 1674 1919 1720 taceas
1953 1664 2129 1720 dehis

559 1754 775 1821 penitus
810 1773 824 1810 :
854 1756 1128 1826 prospicio
1159 1758 1329 1822 enim,
1357 1758 1608 1812 horribili
1631 1759 1781 1813 exitu
1807 1757 2124 1812 conclusum

556 1846 645 1909 iri,
678 1847 721 1901 si
745 1850 810 1900 ad
847 1863 1009 1902 aures
1042 1848 1126 1902 avi
1149 1851 1523 1918 pervenerint.
1556 1849 1625 1904 At
1650 1850 1785 1903 mihi
1815 1848 1973 1918 plane
1997 1863 2131 1902 con—

559 1949 640 1991 tra
663 1939 890 2002 sentire,
925 1939 1218 2010 dicereque
1248 1942 1302 1995 in
1336 1948 1576 1996 mentem
1599 1940 1768 1999 venit.
1801 1940 2006 2008 excipit
2033 1954 2133 1993 ne-

557 2043 654 2098 pus
681 2045 694 2091 ;
722 2045 831 2083 non
861 2029 1010 2085 enim
1050 2032 1209 2097 mala,
1240 2033 1332 2086 sed
1363 2031 1784 2094 innumerabilia
1816 2033 1973 2092 bona,
1993 2032 2134 2086 hanc

557 2122 886 2186 orationem,
907 2124 951 2177 si
972 2123 1066 2190 ita,
1087 2133 1145 2177 ut
1161 2124 1637 2192 cupio,haheatur,
1656 2125 1954 2193 parituram
1972 2122 2132 2179 nobis

555 2213 793 2270 confido.
831 2215 1004 2270 Porro
1034 2217 1280 2285 quasdam
1316 2217 1472 2271 istius
1495 2218 1716 2286 generis
1732 2218 1896 2272 etiam
1917 2217 2018 2271 sub
2043 2231 2134 2270 an-

557 2305 816 2373 tegr-essis
865 2303 1288 2374 imperatoribus
1343 2321 1445 2360 usu
1497 2315 1787 2361 venerunt.
1817 2307 1936 2362 Non
1970 2307 2131 2374 longe

557 2395 791 2460 abiero;
827 2409 986 2450 meus
1052 2411 1286 2465 proavus
1338 2397 1566 2454 Michael
1611 2397 1909 2467 imperator
1955 2397 2134 2452 adhuc

558 2485 826 2553 privatus,
859 2495 916 2543 et
961 2486 1156 2541 Joanni
1199 2488 1434 2543 Batatzaa
1479 2489 1795 2557 imperatori
1829 2489 2130 2560 subjectus.

543 2577 706 2646 'quod
744 2579 812 2632 ab
849 2594 914 2633 eo
950 2581 1196 2634 atrocius
1225 2580 1485 2650 quiddam
1517 2581 1619 2635 sibi
1657 2592 1911 2650 paratum
1954 2581 2133 2650 suspi-

557 2679 798 2733 caretur,
833 2671 898 2724 ad
942 2671 1235 2726 Persarum
1290 2673 1594 2740 principem
1632 2673 1909 2726 sultanum
1942 2673 2132 2727 confu-

557 2760 656 2827 git.
685 2757 817 2812 Inde
866 2773 966 2828 per
1008 2759 1246 2828 legatum
1277 2759 1648 2828 juramentutn
1687 2775 1812 2814 eum
1860 2761 2129 2831 poposcit,

556 2863 666 2916 quo
698 2858 1016 2913 testaretur,
1045 2859 1100 2904 et
1132 2850 1310 2920 fugam
1335 2866 1393 2905 se
1426 2852 1502 2905 illi
1537 2851 1873 2914 condonare,
1904 2862 1960 2905 et
1991 2853 2128 2906 nihil

559 2941 615 2995 in
646 2951 922 3008 posterum
961 2941 1184 3011 gravius
1200 2941 1338 2996 velle
1363 2941 1418 2994 in
1449 2942 1622 3010 ipsum
1649 2949 1916 2995 statuere.
1945 2943 2129 3010 impe-

559 3037 711 3082 rator
756 3026 998 3096 legatum
1038 3026 1277 3082 libenter
1306 3027 1523 3081 audiit:
1559 3037 1615 3081 et
1645 3042 1955 3096 quanquam
1982 3035 2129 3081 esset

557 3119 834 3182 dominus,
865 3119 1204 3189 juramento,
1233 3119 1378 3188 quod
1403 3117 1653 3173 subditus
1680 3120 1919 3188 petebat,
1943 3134 2000 3174 se
2031 3119 2133 3174 ob-
2157 3141 2204 3204 α

560 3208 807 3262 strinxit.
838 3208 952 3263 Nec
978 3209 1128 3263 solus
1155 3209 1468 3273 ille,\'erum
1497 3217 1622 3263 ante
1647 3209 1798 3266 illum
1827 3212 2137 3278 complures

559 3298 792 3368 alicujus
823 3300 1183 3354 emolumenti
1210 3314 1327 3368 spe,
1353 3299 1615 3370 subjectis
1644 3304 1989 3370 juraverunt.
2021 3301 2138 3367 Die,

560 3391 777 3456 amabo,
805 3407 903 3461 per
933 3393 1106 3462 ipsam
1131 3393 1439 3456 veritatem,
1468 3394 1512 3447 si
1539 3393 1620 3446 vel
1659 3393 1760 3448 hoc
1787 3403 2034 3462 tempore
2059 3394 2136 3450 illi

565 3483 694 3552 ipsi,
731 3499 963 3552 quorum
989 3500 1151 3539 causa
1183 3498 1282 3554 ego
1305 3485 1448 3539 istuc
1469 3485 1842 3554 juramentum
1875 3501 2134 3554 exposco,

562 3577 762 3630 timore
813 3575 1042 3645 periculi
1085 3576 1152 3632 ad
1193 3577 1429 3647 aliquem
1472 3575 1827 3631 finitimorum
1875 3579 2138 3633 barbaro-

559 3683 681 3724 rum
711 3682 769 3722 se
798 3668 1137 3731 conferrent,
1163 3677 1283 3738 post
1320 3669 1628 3730 mitterent,
1661 3679 1715 3722 et
1743 3671 1997 3739 adjurare
2030 3669 2136 3724 inn-

561 3768 866 3828 peratorem
918 3761 1280 3827 postularent,
1326 3761 1564 3815 reversis
1615 3760 1750 3814 nihil
1795 3761 2134 3817 inﬂicturum

561 3849 714 3914 mali,
746 3847 995 3918 nunquid
1037 3858 1417 3905 recusaturum
1467 3851 1702 3905 censes?
1731 3850 1998 3919 Equidem
2031 3867 2133 3922 ego

559 3955 671 3996 non
702 3953 919 3993 censeo.
948 3937 1091 4007 Ergo
1118 3939 1263 4008 quod
1296 3948 1346 3993 te
1380 3939 1565 4008 judice
1601 3939 1899 3996 necessitas
1927 3941 2132 4013 alioqui

559 4031 914 4100 exprimeret,
966 4031 1017 4084 id
1061 4031 1116 4084 in
1171 4046 1411 4099 przesens
1457 4033 1750 4086 multorum
1813 4037 2135 4091 commodo-

559 4136 681 4178 rum
701 4121 1042 4190 'eXSpeetatio
1073 4121 1348 4188 impetret.
1380 4119 1485 4190 55
1518 4119 1618 4175 Ubi
1647 4137 1817 4191 nepos
1837 4126 2128 4192 conticuit,

561 4227 791 4282 magnus
833 4211 1110 4282 logotheta
1140 4211 1280 4265 dicta
1307 4225 1406 4264 sua
1451 4212 1678 4272 iterans,
1713 4213 1930 4282 aliaque
1962 4217 2130 4271 multa

564 4303 936 4369 accumulans,
964 4302 1223 4370 omnique
1265 4301 1482 4356 ratione
1534 4304 1864 4371 postulatum
1915 4306 2128 4377 inutile,

565 4410 668 4450 nec
693 4393 811 4448 fieri
847 4407 1006 4464 posse
1029 4393 1412 4450 demonstrans
1444 4408 1457 4445 :
1484 4402 1745 4460 praeterea
1763 4411 1821 4450 se
1854 4396 1908 4450 in
1937 4397 2039 4452 ista
2072 4415 2129 4454 re

2245 576 2361 642 Οὓς,
2398 578 2636 646 Ἔγωγε,
2689 575 2841 632 εἶπεν
2871 619 2884 640 ,
2916 579 3126 650 ᾠήθην,
3177 576 3222 636 ὧ
3256 584 3503 652 βασιλεῦ,
3548 586 3650 658 τὴν
3681 590 3807 659 ἱμὴν

2246 665 2395 732 παρὰ
2446 666 2540 720 σοῦ
2569 668 2762 736 κλῆσιν
2794 669 2930 737 πρός
2976 687 3028 722 τι
3055 670 3246 740 φέρειν
3279 673 3389 726 τῶν
3411 675 3636 739 ἀγαθῶν
3659 691 3674 706 ⁸
3704 679 3805 730 ἑνό-

2248 750 2403 819 μιζον
2425 750 2532 820 γὰρ
2563 751 2637 814 ὡς
2665 751 3133 817 ὑποπεπτωκότας
3173 756 3330 819 τινὰς
3367 757 3465 809 καὶ
3497 758 3807 826 θεραπευτι-

2242 840 2373 902 κοὺς
2401 839 2593 907 λόγους
2634 840 2700 894 δι’
2749 841 2885 912 ιμοῦ
2929 843 3190 912 μηνύσεις
3239 844 3318 914 τῷ
3359 845 3596 915 βασιλεῖ,
3655 847 3714 912 ἐξ
3742 845 3804 900 ὧν

2240 931 2597 1002 ἡμερωτέραν
2634 932 2924 1003 ἀπεργάσῃ
2960 935 3056 986 καὶ
3085 936 3325 1006 πραεῖαν
3369 935 3538 988 αὑτοῦ
3579 937 3679 1006 τὴν
3721 937 3785 1006 ψυ

2239 1023 2362 1092 χήν.
2393 1022 2464 1076 Τὸ
2489 1023 2533 1075 δ’
2577 1023 2834 1086 ἐναντίως
2884 1024 2997 1093 1ἔχει
3051 1027 3251 1094 μᾶλλον
3299 1027 3330 1096 ἢ
3373 1028 3536 1090 αὐτὸς
3559 1029 3803 1098 προσεδό-

2238 1129 2370 1166 κων.
2423 1113 2585 1166 Ὅθεν
2615 1115 2723 1168 οὐδ’
2779 1115 2942 1177 αὐτὸς
2995 1116 3230 1184 ἄγγελος
3292 1115 3432 1171 εἶναι
3485 1118 3802 1188 βουλήσομαι

2236 1204 2518 1265 τοιούτων,
2554 1205 2663 1257 οὗδ⁹
2692 1205 2774 1268 είς
2820 1207 2991 1277 ὀργὴν
3036 1208 3231 1275 ἐξάψαι
3263 1208 3466 1277 μᾶλλον
3497 1208 3587 1262 διὰ
3611 1209 3802 1264 τούτων

2235 1295 2364 1357 τοὺς
2398 1293 2493 1347 τοῦ
2520 1295 2785 1365 βασιλέως
2809 1297 3034 1366 Θυμούς.
3057 1300 3192 1352 Οὐδὲ
3217 1299 3325 1369 γὰρ
3355 1301 3465 1354 οὐδ’
3499 1301 3640 1370 ἀκοῇ
3674 1319 3800 1372 παρα

2236 1385 2539 1454 ειλήφαμεν
2593 1385 2721 1457 ἄχρι
2791 1387 2885 1440 καὶ
2939 1387 3035 1440 νῦν
3083 1390 3208 1454 τοὺς
3262 1390 3531 1454 δεσπότας
3588 1391 3802 1461 ὀμνύναι

2232 1476 2345 1538 τοῖς
2407 1475 2612 1539 δούλοις
2639 1516 2654 1540 ,
2713 1477 3024 1531 τούναντίον
3076 1479 3132 1532 δὲ
3173 1480 3411 1548 μᾶλλον·
3454 1479 3487 1550 ἢ
3553 1483 3604 1534 si
3658 1482 3802 1534 τοῦτο

2233 1567 2465 1635 γένοιτο,
2518 1569 2611 1621 καὶ
2640 1570 2669 1621 ό
2725 1569 2994 1639 δεσπότης
3055 1571 3283 1641 ὀφλήσει
3365 1573 3479 1634 τοῖς
3529 1573 3800 1642 ὑπηκόοις,

2230 1660 2369 1728 ὅπερ
2397 1658 2656 1726 ὄφλουσιν
2702 1660 2858 1713 αὐτοὶ
2890 1663 3003 1723 τοῖς
3033 1661 3355 1725 δεσπόταιςο
3401 1664 3542 1732 ὅπερ
3579 1663 3798 1726 ἀτοπίας

2232 1755 2332 1809 οὐκ
2370 1754 2436 1807 ἂν
2457 1754 2541 1825 είη
2581 1756 2817 1824 μακράν.
2852 1755 2993 1824 Ἐγὼ
3038 1756 3094 1810 δὲ
3137 1757 3234 1811 καὶ
3283 1759 3487 1831 ἀπορίᾳ
3519 1760 3669 1830 δεινῇ
3697 1777 3804 1811 συν.

2243 1847 2460 1916 έχομαι,
2489 1847 2554 1899 ἂν
2586 1849 2614 1899 ὁ
2659 1845 2913 1915 βασιλεὺς
2961 1847 3151 1919 ἔρηται
3187 1849 3322 1902 ὃπου
3361 1849 3524 1920 χάριν
3575 1851 3711 1922 πρός
3753 1868 3802 1903 σε

2241 1938 2502 2007 ἀφῖγμαι,
2554 1936 2677 1990 τινα
2707 1937 2772 1991 ἂν
2801 1939 3098 2008 ἀπολογίαν
3147 1942 3504 2013 εὐπρόσωπον
3531 1945 3800 2014 ἀποδοίην.

2241 2029 2384 2100 Πρὸς
2416 2031 2622 2084 ἐκεῖνον
2654 2030 2754 2101 μὲν
2782 2031 2875 2085 οὖν
2906 2033 3087 2086 αἰτίαν
3110 2035 3230 2086 τινὰ
3258 2034 3539 2104 πλάσομαι
3575 2035 3676 2106 τῆς
3695 2038 3804 2103 def-

2241 2119 2398 2185 ξεσς,
2433 2121 2514 2174 σοὶ
2544 2121 2601 2175 δὲ
2639 2122 2888 2190 παραινῶ
2925 2123 3018 2176 καὶ
3049 2126 3275 2194 προσέτι
3303 2127 3396 2179 καὶ
3433 2125 3688 2190 ίκετεύω,
3714 2143 3780 2196 μη

2241 2212 2359 2266 κέτι
2411 2212 2676 2282 μηδαμῶς
2718 2215 2847 2284 περὶ
2877 2213 3134 2267 τοιούτων
3168 2214 3326 2282 λόγον
3368 2217 3558 2268 κινεῖν.
3600 2216 3800 2284 Συνορῶ

2241 2304 2349 2374 γὰρ
2380 2304 2562 2370 αὐτὸς,
2625 2305 2699 2367 ὡς
2731 2307 2811 2368 εἰς
2837 2308 3007 2359 κακὸν
3037 2307 3336 2376 ἀνήκεστον
3369 2307 3708 2378 τελευτήσει,
3746 2307 3800 2359 ἂν

2240 2395 2319 2458 εἰς
2345 2396 2512 2463 ἀκοὴν
2534 2395 2661 2466 ἔλθῃ
2695 2396 2772 2464 τῷ
2803 2396 3210 2467 βασιλεῖ.Ἐμοὶ
3235 2397 3291 2450 δὲ
3323 2398 3638 2452 τούναντίον
3673 2399 3801 2451 ἅπαν

2241 2483 2418 2536 ἔπεισι
2452 2484 2546 2537 καὶ
2568 2488 2706 2538 νοεῖν
2725 2487 2822 2538 καὶ
2843 2485 3046 2553 λέγειν,
3077 2487 3106 2540 δ
3146 2487 3263 2550 νέος
3297 2487 3488 2557 εἴρηκε
3531 2488 3801 2558 βασιλεύς·

2238 2577 2299 2629 ού
2333 2575 2439 2644 γὰρ
2475 2577 2662 2629 κακῶν
2710 2578 2913 2640 αἰτίους
2953 2579 3204 2631 τουτουσὶ⁵
3250 2579 3374 2639 τοὺς
3433 2578 3648 2645 λόγους,
3679 2579 3800 2631 ἀλλὰ

2242 2666 2450 2735 μυρίων
2476 2665 2716 2732 ἀγαθῶν,
2756 2665 2820 2719 ἄν
2841 2682 2946 2734 περ
2982 2664 3054 2728 ὡς
3079 2666 3240 2728 αὐτὸς
3273 2665 3411 2728 ἀξιῶ
3435 2665 3695 2735 γένηται.
3732 2683 3802 2718 νο-

2239 2755 2399 2826 μίζω.
2430 2756 2554 2808 Ὅτι
2593 2755 2648 2808 δὲ
2689 2756 2783 2809 καὶ
2812 2755 2905 2808 ἐπὶ
2942 2755 3051 2808 τῶν
3096 2756 3382 2828 προτέρων
3425 2756 3692 2826 βασιλέων
3722 2774 3800 2824 γει

2237 2848 2463 2918 γένηται
2516 2846 2740 2902 τοιαῦτα
2789 2864 2938 2912 τινα,
2992 2845 3225 2914 ἐγγύθεν
3285 2848 3669 2918 παράσχωμαι
3713 2848 3798 2915 τὴν

2235 2936 2533 3003 ἀπόδειξιν.
2563 2935 2626 2990 ’0
2656 2937 2764 3005 γάρ
2788 2937 2917 3007 ἐμὸς
2948 2937 3208 3006 πρόγονος
3232 2936 3259 2988 ὁ
3284 2935 3535 3004 βασιλεὺς
3566 2936 3796 3006 Μιχαὴλ,

2236 3026 2315 3080 ἔτι
2342 3027 2441 3098 τὴν
2475 3027 2749 3096 ἰδιωτικὴν
2777 3027 3021 3096 στέργων
3045 3025 3236 3097 τύχην,
3269 3028 3362 3081 καὶ
3398 3026 3503 3079 ὑπὸ
3536 3030 3697 3096 χεῖρα
3726 3043 3799 3077 τε·

2236 3117 2345 3170 λῶν
2382 3116 2602 3190 Ἰωάννῃ
2621 3115 2870 3188 Βατάτζῃ
2892 3116 2968 3186 τῷ
3003 3115 3235 3185 βασιλεῖ,
3265 3118 3507 3171 κίνδυνόν
3528 3134 3655 3169 τινα
3682 3116 3797 3167 ὑπο-

2245 3209 2442 3276 νοήσας
2481 3209 2537 3270 ἐς
2590 3207 2752 3260 αὐτὸν
2803 3205 2953 3278 ἥξειν
2999 3209 3062 3259 ὲκ
3113 3207 3415 3277 βασιλέως,
3465 3207 3795 3276 ηὐτομόλησε

2245 3303 2380 3373 πρὸς
2414 3303 2503 3356 τὸν
2551 3302 2658 3354 τῶν
2692 3303 2916 3372 Περσῶν
2947 3302 3190 3372 ἡγεμόνα
3225 3301 3480 3355 Σουλτάν.
3517 3295 3634 3354 Εἶτ’
3670 3300 3798 3352 ὲκεί-

2245 3395 2336 3448 Θεν
2379 3397 2513 3466 πρὸς
2555 3395 2646 3449 τὸν
2682 3395 2899 3465 βασιλέα
2942 3395 3162 3467 πέμψας
3221 3391 3553 3466 πρεσϐείαν,
3610 3395 3796 3465 ὅρκους

2243 3486 2442 3558 ἀπῄτει
2471 3489 2561 3539 τὸν
2614 3486 2860 3556 βασιλέα,
2893 3485 2966 3548 ὡς
3001 3485 3094 3539 τοῦ
3125 3503 3183 3538 τε
3215 3483 3461 3556 δρασμοῦ
3499 3486 3798 3553 συγγνώσε·

2241 3595 2352 3642 ται,
2383 3580 2478 3631 καὶ
2533 3579 2610 3641 είς
2639 3563 2861 3631 τούπιὸν
2892 3577 3044 3631 οὐδὲν
3091 3577 3212 3630 κατ’
3241 3575 3406 3630 αὑτοῦ
3456 3576 3796 3646 βουλεύσεται

2242 3670 2523 3742 δυσχερές.
2569 3668 2627 3720 '0
2676 3668 2926 3738 βασιλεὺς
2983 3668 3040 3721 δὲ
3074 3670 3311 3737 ἄσμενός
3357 3685 3416 3722 τε
3448 3668 3796 3738 προσεδέξατο

2240 3761 2338 3831 τὴν
2367 3759 2684 3830 πρεσϐείαν,
2713 3761 2807 3813 καὶ
2841 3760 2961 3823 τοὺς
2982 3761 3178 3828 ὅρκους
3211 3759 3380 3812 ἐδίδου
3423 3759 3687 3828 δεσπότης
3707 3758 3792 3820 ῶν,

2240 3853 2426 3922 ὥσπερ
2470 3853 2497 3904 b
2533 3851 2636 3905 ὑπὸ
2662 3854 2818 3922 χεῖρα
2856 3851 3028 3904 τελῶν
3052 3851 3226 3923 ἠξίου.
3264 3852 3378 3904 Οὐκ
3419 3851 3582 3914 αὐτὸς
3618 3851 3678 3904 δὲ
3711 3850 3794 3919 μό-

2238 3963 2350 4008 νον,
2405 3943 2541 3997 ἀλλὰ
2575 3947 2668 3994 καὶ
2719 3941 2825 4012 πρὸ
2853 3942 3044 3996 τούτου
3083 3943 3267 3996 πολλοὶ
3320 3942 3589 4013 ὠφελείας
3644 3939 3794 4000 ἕνεκά

2234 4051 2376 4092 τινος
2407 4033 2793 4102 δμωμόκεισαν
2815 4035 2922 4096 τοίς
2951 4033 3234 4102 ὑπηκόοις.
3264 4034 3408 4103 Πρὸς
3434 4033 3606 4101 αὐτῆς
3628 4034 3687 4088 δὲ
3707 4032 3794 4101 τῆς

2238 4125 2516 4194 ἀληθείας,
2557 4125 2610 4177 εί
2639 4140 2702 4192 γε
2732 4125 2824 4178 καὶ
2873 4124 2966 4177 νῦν
2999 4124 3152 4179 αὐτοὶ
3208 4119 3355 4178 οὗτοι
3394 4125 3522 4194 περὶ
3573 4117 3650 4178 ὧν
3691 4120 3792 4190 ἐγὼ

2234 4219 2359 4280 τοὺς
2389 4219 2582 4283 ὅρκους
2635 4216 2853 4270 ἀπαιτῶ
2880 4257 2893 4280 ,
2937 4216 3216 4278 δείσαντες
3249 4217 3339 4270 τὸν
3371 4215 3636 4281 κίνδυνον,
3694 4219 3792 4268 τινὶ

2235 4309 2667 4378 προσχωρήσωσι
2715 4309 2824 4360 ⁴τῶν
2853 4309 3276 4378 παρακειμένων
3308 4309 3453 4378 ἡμᾶς
3481 4307 3790 4378 βαρϐάρων,

2233 4397 2328 4454 εἶτ’
2366 4399 2576 4452 ἐκεῖθεν
2608 4399 2927 4469 πέμψαντες
2973 4400 3169 4469 ὅρκους
3214 4399 3490 4452 ἀπαιτῶσι
3528 4399 3619 4451 τὸν
3643 4400 3790 4470 βασι-

1823 4542 2036 4606 Jacobi
2076 4548 2338 4610 Pontani
2372 4557 2558 4610 nota}.

635 4661 2117 4752 Q92-9_'939I?§_§‘3f'£91‘39“!‘13"3‘933998F955't't"
2158 4677 2198 4731 υ
2227 4680 2276 4752 εξ
2312 4671 2485 4726 “beris
2529 4673 2675 4752 φείσο
2709 4671 2882 4752 neadd
2911 4669 3126 4752 υίεξνεει
3149 4687 3410 4752 mancam
3446 4671 3785 4752 dcimam-

561 4732 1364 4804 conjuratos’circumstetisse
1406 4732 1508 4797 ait,
1551 4732 1922 4804 indignantes.
1980 4748 2035 4792 et
2068 4740 2121 4794 in

560 4801 692 4876 eum
719 4802 1108 4876 vociferantes,
1143 4810 1212 4876 ut
1247 4801 1365 4876 quiA
1390 4801 1814 4876 sanctissimum,
1839 4806 2122 4876 jusjuran-

561 4875 692 4928 dum
725 4871 1003 4930 violasset,
1044 4885 1108 4940 ac
1143 4870 1306 4923 fidem
1343 4871 1592 4940 fregisset
1627 4889 1640 4924 :
1677 4873 1815 4936 Quid
1841 4870 2005 4937 enim.
2040 4879 2125 4931 iu-

559 4943 832 5014 quiebant,
879 4940 948 4994 ad
986 4939 1138 4994 istius
1178 4940 1392 5014 injurite
1424 4939 1841 5014 magnitudinem
1879 4947 2124 5001 accedere

559 5011 740 5083 queat,
791 5027 911 5068 cum
960 5021 1015 5083 tu
1047 5025 1154 5083 per
1209 5025 1310 5083 nos
1349 5011 1723 5083 formidabilis,
1777 5023 1824 5066 et
1877 5015 2122 5081 invictus,

559 5081 738 5136 omnia
783 5097 847 5151 ex
890 5081 1057 5151 animi
1092 5082 1349 5151 sententia
1391 5081 1546 5150 facile
1592 5084 1898 5151 confeceris,
1941 5087 1987 5138 si
2031 5103 2123 5140 nos

551 5150 880 5224 jugulandos
907 5150 962 5224 in
985 5151 1095 5210 orci
1118 5149 1367 5224 faucibus
1393 5149 1892 5224 deseruerisli'l‘um
1925 5155 1993 5208 de
2039 5171 2127 5224 re-

558 5219 748 5275 cu'sata
793 5219 1139 5292 legationea
1177 5219 1471 5292 Metochite
1502 5221 1619 5292 haec
1661 5223 1945 5292 subjungit
1977 5241 1990 5276 :
2024 5223 2122 5279 His

556 5301 606 5344 et
634 5289 935 5360 hujusmodi
960 5290 1206 5362 gestibus,
1251 5299 1300 5342 et
1329 5291 1534 5362 uocibus
1565 5289 1790 5360 fractus,
1823 5289 2128 5362 cit-pudefa-

557 5371 670 5414 ctus
698 5356 1315 5429 'magnum’Logothetam
1341 5361 1413 5412 ad
1446 5377 1501 5414 se
1527 5356 1702 5414 venire
1723 5356 1910 5430 jussit,
1935 5364 2000 5416 ab
2038 5356 2125 5416 eo-

556 5447 656 5511 que
684 5430 878 5512 petiitn
903 5439 974 5512 ut.
1002 5431 1330 5512 apud-auum
1377 5430 1875 5512 lcfﬁc_eret_.ju't“sua:
1902 5431 2122 5512 factioni

549 5497 910 5569 jurejurando
955 5497 1327 5569 impunitatem
1356 5497 1527 5553 daret.
1578 5504 1647 5554 At
1693 5500 1785 5553 ille
1829 5497 2124 5555 ne‘audire

555 5569 768 5635 quidem
797 5569 1061 5623 sustinens
1086 5585 1106 5624 :
1137 5569 1215 5622 Tu
1246 5585 1388 5632 vero,
1416 5571 1609 5635 inquit.
1649 5586 1751 5622 non
1798 5570 1924 5622 bene
1953 5579 2123 5625 tecum

558 5650 735 5710 actum
760 5655 868 5694 esse
898 5649 1077 5709 putas,
1110 5656 1202 5694 nec
1230 5639 1558 5695 immortales
1603 5639 1712 5694 Deo
1755 5643 1959 5708 gratias
1985 5644 2119 5710 agis,

555 5709 695 5781 quod
743 5719 937 5794 prater
975 5713 1430 5794 exspectationem
1473 5725 1538 5794 ea:
1578 5711 1692 5792 orci
1724 5710 1958 5794 faucibus
2002 5709 2119 5794 ere-

557 5779 700 5849 ptus,
739 5779 1018 5835 incolumis
1055 5779 1106 5832 et
1126 5779 1302 5833 salvus
1333 5779 1430 5836 es?
1457 5780 1538 5837 An
1573 5782 1787 5854 ignoras
1823 5787 1870 5833 te
1895 5789 1944 5832 et
1973 5781 2116 5848 mihi,

2229 4744 2381 4804 tiam,
2418 4741 2556 4811 quod
2594 4740 2870 4792 consilium
2905 4750 3090 4811 contra
3142 4748 3189 4794 te
3233 4742 3425 4794 initum
3484 4740 3789 4798 averti‘meo

2230 4813 2548 4911 interventu,
2580 4811 2819 4880 quodque
2850 4824 2963 4863 meo
2997 4810 3243 4879 beneﬁcio
3273 4811 3435 4864 solem
3459 4812 3595 4865 hunc
3620 4814 3788 4866 intue-

2231 4891 2302 4911 ...η
2363 4889 2450 4911 οη.

2231 4889 2340 4935 ris?
2363 4889 2470 4933 etc.

2303 4949 2722 5022 ('21)E}tetttplis
2762 4949 3096 5022 logothetam
3145 4950 3598 5022 itaisentientem
3645 4951 3791 5006 dein-

2229 5019 2358 5086 ceps
2422 5019 2621 5072 refellit
2661 5019 2850 5087 nepos.
2911 5020 3016 5073 Sed
3081 5020 3360 5087 logotheta
3401 5021 3650 5074 abutitur
3697 5037 3788 5074 no-

2229 5090 2376 5143 mine
2401 5102 2708 5157 servorum.
2741 5098 2797 5141 et
2825 5105 2924 5157 per
2947 5098 3321 5156 contemptum
3358 5093 3535 5144 socios
3576 5093 3784 5144 Andro-

2232 5158 2338 5211 nici
2407 5156 2648 5227 junioris
2699 5161 2777 5213 sic
2824 5156 3073 5218 nominat
3117 5174 3130 5212 :
3177 5175 3304 5212 vere
3355 5170 3540 5213 autem
3585 5159 3782 5214 subditi

2230 5237 2392 5297 erant
2436 5227 2689 5281 senioris.
2723 5229 2789 5283 Et
2828 5229 3041 5296 nepotis
3072 5229 3321 5297 exempla
3352 5245 3458 5281 non
3493 5231 3561 5284 de
3591 5231 3782 5290 servis,

2230 5295 2323 5349 sed
2354 5293 2422 5350 de
2451 5297 2689 5350 subditis
2722 5306 2870 5353 sunt.
2901 5293 3033 5352 Iure
3069 5293 3315 5352 Romano
3346 5299 3600 5353 dominus
3629 5314 3782 5352 servo

2230 5381 2341 5418 non
2396 5367 2568 5437 jurat,
2613 5382 2716 5421 nec
2759 5367 2902 5422 servi
2956 5367 3217 5429 dominis,
3261 5368 3386 5433 quia
3421 5384 3524 5422 nec
3553 5381 3779 5437 persona

2223 5438 2367 5508 servi
2419 5436 2526 5488 ulla
2557 5450 2678 5508 esse
2711 5437 3039 5508 intelligitur
3063 5439 3187 5507 jure
3215 5437 3387 5503 civili,
3419 5453 3520 5492 nec
3548 5436 3780 5508 jurando

2222 5504 2525 5575 quidquam
2560 5506 2692 5574 agit,
2725 5507 2829 5560 nisi
2855 5504 2974 5574 quae
2995 5504 3144 5575 jui'et
3178 5521 3390 5571 servus,
3421 5504 3612 5562 eadem
3645 5509 3778 5561 liber

2215 5571 2549 5646 juret'post
2577 5571 3084 5631 manumissionem.
3118 5576 3186 5629 Et
3221 5578 3321 5631 hoc
3349 5585 3432 5630 est
3463 5577 3610 5646 quod
3635 5578 3779 5646 jure-

2221 5643 2458 5715 eonsulti
2503 5644 2678 5715 aiunt,
2705 5660 2926 5698 servum
2957 5647 3167 5699 nullum
3194 5647 3285 5715 jus
3312 5643 3536 5700 habere.
3578 5643 3776 5700 subdi-

2220 5721 2305 5766 tos
2353 5712 2713 5787 principibus,
2763 5723 2820 5769 et
2871 5715 3148 5785 principes
3192 5712 3429 5772 subditis
3453 5716 3664 5772 utiliter
3687 5715 3776 5787 ju-

2220 5797 2367 5847 rare,
2400 5782 2544 5840 haud
2575 5782 2802 5838 dubiqu
2834 5782 2934 5840 eat.
