4012 6594
313 373 417 440 “9

1501 373 2044 438 HISTORIARUM
2086 379 2317 441 LIBER
2361 382 2387 439 Ι

3461 380 3564 442 150

304 485 405 537 lia
435 481 513 546 ῶς
571 497 630 534 τε
668 478 744 550 μὴ
798 475 983 538 κακῶς
1019 477 1214 531 παθεῖν
1272 477 1429 541 αὐθις
1467 481 1882 547 ἐπανελθόντες.

1999 487 2238 540 nuntium
2281 488 2635 556 interponere
2691 503 2921 558 prorsus
2972 487 3243 552 abnuens,
3289 485 3563 541 discessit.

303 578 410 630 οὐκ
433 576 502 628 ἀν
527 575 633 628 οῖει
657 573 1011 645 βουλήσεσθαι
1036 577 1372 645 παρασχεῖν;
1411 574 1567 645 Ἐμοὶ
1591 577 1689 644 μέν
1714 577 1881 632 δοκεῖ.

313 667 382 720 Ὀ
413 665 592 719 τοίνυν
639 667 698 717 ἐν
730 664 900 733 ἑτέρῳ
932 663 1111 732 χρόνῳ
1145 665 1458 736 γενήσεται,
1505 666 1670 736 φαίης
1701 666 1789 732 ἂν,
1817 666 1884 721 δι’

310 759 557 828 ἀνάγκην
583 754 826 824 γενέσθω
856 755 960 807 κάν
988 755 1064 825 τῷ
1089 755 1320 824 παρόντι
1368 756 1458 810 διὰ
1498 759 1565 810 τὰ
1609 757 1887 827 συμϐησό-

319 865 457 916 μενα
480 849 544 901 ἐκ
579 844 772 899 τούτου
820 845 992 898 πολλά
1020 845 1224 912 ἀγαθά.
1267 844 1392 899 Ἐπὶ
1436 845 1648 910 τούτοις
1674 845 1887 915 λογοθέ-

307 953 409 1005 της
449 937 478 988 ό
517 935 716 1005 μέγας,
745 933 874 996 τούς
904 950 964 987 τε
993 935 1293 1004 προτέρους
1349 934 1542 1004 λόγους
1572 936 1888 1002 ἀναλαϐὼν,

306 1026 404 1078 καὶ
436 1023 690 1086 πλείονας
742 1021 968 1092 ἐτέρους
1027 1024 1304 1093 συνείρας,
1367 1024 1462 1077 καὶ
1537 1026 1880 1096 πανταχόθεν

305 1117 596 1187 ἀλυσιτελῆ
625 1116 722 1170 καὶ
745 1115 1012 1168 ἀδύνατον
1043 1115 1144 1184 τὴν
1173 1115 1391 1185 αἴτησιν
1429 1117 1740 1182 ἀποδείξας,
1791 1117 1888 1172 καὶ

306 1205 446 1274 πρὸς
472 1203 549 1257 .τδ
579 1204 838 1272 γενέσθαι
865 1202 1125 1257 τοιούτων
1161 1202 1392 1272 ἄγγελος
1432 1206 1716 1270 παντελῶς
1751 1209 1885 1263 ἀνα-

305 1296 528 1360 νεύσας,
584 1295 832 1364 ἀπῆλθεν
891 1293 1124 1365 (ἔφασκε
1179 1296 1227 1350 δ’
1274 1297 1333 1350 ἐν
1375 1297 1624 1367 ὑστέροις
1673 1300 1888 1369 χρόνοις

306 1387 533 1456 εἰρήνης
569 1386 874 1457 γενομένης
900 1389 928 1440 ὁ
966 1385 1344 1458 πρεσϐύτερος
1387 1388 1668 1458 βασιλεὺς,
1705 1391 1781 1454 ὡς
1836 1394 1885 1446 εί

307 1484 441 1548 περὶ
471 1478 584 1531 τῶν
638 1479 818 1547 ὅρκων
844 1478 994 1548 αὐτῷ
1021 1478 1367 1548 ἀπηγγέλθη,
1402 1480 1686 1550 όμωμόκει
1709 1499 1768 1536 τε
1794 1481 1883 1546 ἂν,

309 1570 408 1620 καὶ
475 1567 631 1621 οὐδὲν
669 1567 946 1638 ἐτολμήθη
1005 1567 1115 1621 τῶν
1170 1567 1629 1640 τετολμημένων,
1679 1571 1762 1625 διὸ
1794 1573 1890 1626 καὶ

309 1659 412 1727 τὴν
441 1658 619 1712 αίτίαν
667 1657 888 1731 ἃπασαν
917 1657 1014 1712 τοῦ
1050 1659 1291 1729 πολέμου
1338 1662 1421 1719 είς
1442 1661 1736 1732 λογοθέτην
1765 1665 1890 1716 ἀνε-

311 1748 452 1801 τίθει
475 1749 566 1802 τὸν
603 1749 826 1820 μέγαν).
856 1749 980 1813 Τοῖς
1029 1749 1209 1819 φίλοις
1239 1750 1287 1803 δ’
1321 1751 1486 1815 εὐθὺς
1516 1753 1664 1822 αὐτῷ
1709 1772 1890 1825 παραυ

1994 573 2165 628 (Pace
2195 575 2542 642 postmodum
2598 578 2923 641 constituta,
2966 577 3356 644 imperatorem
3403 586 3565 626 avum
3615 586 3626 600 ο

1993 669 2307 715 autumasse
2332 661 2533 728 ierunt,
2573 663 2615 718 si
2649 663 2716 717 de
2744 663 3056 733 iuramento
3077 661 3436 716 intellexisset
3468 657 3568 711 ali—

1991 751 2481 821 quid,juraturum
2530 754 2723 816 fuisse,
2748 763 2804 809 et
2834 755 2906 809 ita
2951 763 3060 809 tam
3101 753 3402 808 audacibus
3429 747 3558 807 laci-

1993 844 2226 898 noribus
2253 846 2604 914 supersederi
2664 845 2948 915 potuisse;
2979 847 3109 901 hinc
3141 853 3198 900 et
3236 854 3406 900 totam
3435 845 3565 900 belli

1977 936 2214 1003 culpam
2259 936 2315 990 in
2350 953 2605 1007 magnum
2636 937 2970 1007 logotbetam
3021 936 3367 1006 conjiciebat.
3399 944 3414 999 ι
3445 935 3568 990 Mox

1986 1025 2180 1096 junior
2205 1029 2397 1083 amicis
2435 1029 2977 1099 supervenientibus,
3031 1044 3154 1099 qua:
3186 1029 3304 1099 ipse
3337 1029 3565 1086 dixerit.

1991 1134 2115 1188 qua:
2140 1119 2417 1189 logotheta
2456 1120 2806 1190 responderit
2836 1136 2960 1175 cum
3005 1129 3388 1183 memorasset,
3415 1129 3470 1174 et
3498 1121 3564 1173 ad

1991 1221 2299 1264 extremum
2346 1210 2635 1281 adjecisset
2674 1227 2688 1264 :
2726 1211 2820 1265 Dei
2883 1219 3122 1264 mentem
3163 1196 3566 1278 consiliumque

1993 1301 2118 1370 quis
2154 1302 2449 1372 cognovit?
2478 1306 2556 1357 uti
2587 1303 2767 1359 adhuc
2791 1302 3073 1370 paulisper
3108 1299 3394 1355 tolerando
3422 1300 3568 1354 viros

1993 1406 2052 1445 se
2091 1401 2444 1464 praestarent,
2506 1409 2602 1448 eos
2657 1403 2743 1449 est
2791 1393 3115 1446 cohortatus
3178 1407 3192 1443 :
3238 1391 3566 1445 hodiernum

1989 1486 2194 1554 quippe
2239 1485 2385 1540 diem
2447 1486 2762 1546 ducturum.
2823 1484 2969 1553 quod
3027 1485 3312 1552 hucusque
3373 1481 3569 1536 fuisset

1993 1576 2465 1648 ignoratum.Nam
2491 1592 2615 1632 cum
2631 1590 2860 1646 magnus
2881 1574 3220 1629 domesticus
3244 1573 3309 1626 ad
3334 1587 3569 1641 respon-

1995 1669 2231 1722 dendum
2266 1669 2608 1738 praestitutus
2641 1668 2730 1732 sit,
2760 1682 2885 1721 eum
2933 1665 3048 1734 ipsa
3107 1655 3464 1732 responsione
3513 1671 3571 1716 et

1995 1759 2231 1820 consilii,
2270 1766 2324 1812 et
2363 1758 2598 1814 actionis
2623 1759 2820 1812 ducem
2878 1757 3015 1813 fore.
3046 1756 3224 1824 Atque
3257 1756 3308 1807 bi
3346 1753 3566 1822 quidem

311 1841 650 1909 γενομένοις,
678 1840 715 1894 ἆ
762 1858 820 1894 τε
851 1841 1044 1913 εἴρηκε
1083 1844 1178 1896 καὶ⁵
1234 1838 1310 1897 ὧν
1347 1843 1506 1914 ἔτυχε
1545 1845 1892 1915 ἀποκρίσεων

1999 1846 2214 1917 [nepos,
2248 1848 2492 1916 inquam,
2513 1843 2581 1900 'et
2609 1844 2825 1916 amici],
2872 1846 2975 1900 hoc
2998 1844 3305 1898 deliberato
3330 1856 3361 1895 a
3385 1855 3443 1896 se
3486 1841 3573 1894 in-

308 1933 711 2002 διηγησάμενος
731 1935 759 1986 ό
781 1935 895 1996 νέος
930 1934 1206 2001 βασιλεὺς,
1249 1935 1345 1989 καὶ
1373 1937 1527 2000 τέλος
1565 1937 1729 1990 τοῦτο
1758 1940 1887 1992 ἐπιο

311 2022 722 2094 φθεγξάμενοςο
775 2025 911 2078 Θεοῦ
946 2025 1003 2079 δέ
1043 2026 1128 2089 τίς
1151 2026 1293 2096 ἐγνω
1329 2027 1526 2097 βουλήν
1562 2045 1622 2081 τε
1647 2030 1769 2082 νόον
1791 2029 1887 2093 τέ;

314 2114 399 2166 ἐτι
421 2112 583 2183 μέχρι
617 2114 763 2178 τινὸς
795 2115 1013 2169 ἐκέλευε
1037 2119 1107 2186 τῇ
1132 2117 1518 2188 μεγαλοψυχίᾳ
1545 2135 1891 2192 προσκαρτε-

319 2207 435 2274 ρεῖν
459 2221 475 2238 ο
520 2206 589 2259 Ἦ
614 2207 854 2277 σήμερον
903 2208 1014 2280 γὰρ
1046 2207 1316 2273 ἐπιδιδάξει
1365 2226 1419 2263 τι
1448 2210 1558 2262 τῶν
1586 2211 1890 2279 ἀγνοουμέ-

320 2312 450 2351 νων.
485 2296 803 2368 Προθεσμία
839 2298 948 2369 γάρ
1003 2298 1139 2354 οὐσα
1193 2302 1294 2370 τῆς
1350 2300 1489 2369 πρὸς
1518 2301 1612 2354 τδν
1664 2301 1891 2371 βασιλέα

319 2386 412 2440 τοῦ
445 2387 688 2456 μεγάλου
740 2388 1060 2457 δομεστίκου
1094 2391 1408 2460 ἀπολογίας,
1461 2393 1530 2447 δι’
1569 2395 1742 2463 αὐτῆς
1790 2395 1894 2463 τῆς

318 2477 620 2545 ἀπολογίας
643 2479 782 2548 πρὸς
811 2480 872 2557 sb
895 2479 949 2532 τί
977 2482 1083 2550 χρὴ
1109 2481 1463 2551 βουλεύεσθαι
1497 2485 1594 2537 καὶ
1615 2485 1749 2556 δρᾷν
1771 2486 1894 2556 ὁδη-

318 2568 498 2635 γήσει.
549 2561 709 2620 Οὗτοι
740 2569 838 2637 μὲν
869 2565 964 2624 οῦν
993 2571 1221 2627 τοιαῦτα
1257 2572 1684 2646 βουλευσάμενοι
1724 2575 1894 2628 διελέ-

317 2656 495 2710 λυντο.
528 2657 668 2726 Πρὸς
694 2659 751 2712 δέ
772 2659 864 2713 τὸν
899 2661 1074 2728 μέγαν
1101 2662 1423 2732 δομέστικον
1452 2666 1480 2718 ὀ
1511 2665 1639 2734 χθὲς
1661 2665 1894 2734 ἀγγελος

319 2751 629 2818 ἀφικνεῖται
665 2753 802 2820 προς
834 2751 1124 2821 βασιλέως,
1165 2755 1414 2808 ἀπαιτῶν
1439 2756 1538 2826 τήν
1563 2757 1890 2824 ἀπολογίαν

319 2843 618 2911 ἐποιήσατο
654 2844 712 2896 δὲ
750 2845 1045 2914 τοιαύτηνθ
1107 2845 1284 2915 Ἐμοὶ,
1343 2847 1603 2914 κράτιστε
1653 2849 1894 2918 βασιλεῦ,

320 2940 418 3005 τῆς
440 2937 729 3007 εὐμενείας
746 2938 843 3007 τῆς
872 2937 973 3006 σῆς
995 2937 1196 3000 πολλὰς
1235 2937 1410 3008 ἔχοντι
1434 2939 1532 3002 τὰς
1570 2939 1894 3006 ἀποδείξεις,

323 3030 514 3099 ὥσπερ
541 3029 700 3098 ἔφην,
741 3030 823 3081 ἐτι
850 3028 944 3082 καὶ
987 3029 1051 3081 τὸ
1094 3028 1189 3082 νῦν
1215 3029 1373 3083 τοῦτο
1412 3031 1632 3094 πλείους
1657 3033 1752 3085 καὶ
1782 3033 1898 3100 μεί-

324 3122 450 3223 ζους
483 3121 660 3175 πείθει
693 3120 792 3184 τὰς
817 3120 1050 3192 χάριτας
1092 3121 1408 3190 ὁμολογεῖν·
1439 3123 1532 3175 ἐπὶ
1580 3123 1788 3186 πάσαις
1833 3124 1895 3194 δὴ
1923 3159 1968 3223 C

322 3212 550 3274 ταύταις
581 3212 675 3264 καὶ
724 3216 930 3280 ταύτης
986 3211 1122 3264 αίτῶ
1181 3215 1364 3282 τυχεῖν
1413 3213 1510 3283 τῆς
1555 3214 1896 3284 εὐεργεσίας,

325 3303 608 3364 ἐλάττονος
645 3301 897 3370 οὐδαμῶς
920 3301 1047 3370 ἐμοὶ
1077 3301 1186 3355 τῶν
1215 3301 1390 3356 ἀλλων
1431 3303 1818 3374 νομιζομένης,
1839 3305 1899 3358 τὺ

329 3396 407 3464 μὴ
446 3394 582 3464 πρὸς
613 3391 1020 3461 Πελοπόννησον
1065 3396 1318 3448 ἀπελθεῖν
1345 3413 1360 3428 ο
1392 3397 1493 3450 οὐκ
1537 3397 1680 3468 ὄκνῳ
1713 3398 1896 3465 είκων,

326 3485 362 3556 ἢ
382 3483 481 3554 τὴν
507 3481 682 3554 ἀρχὴν
714 3485 861 3553 ἥττω
889 3485 989 3552 τῆς
1032 3486 1172 3554 ἐμῆς
1197 3485 1356 3551 ἀξίας
1385 3487 1642 3556 νομίζων,
1679 3488 1792 3540 ἀλλ’
1826 3489 1898 3551 ὼς

327 3576 446 3628 ἐκεῖ
473 3575 568 3628 τοῦ
599 3575 734 3645 ἐμοῦ
758 3577 966 3646 πατρὸς
997 3576 1471 3647 τετελευτηκότος,
1501 3578 1601 3632 οὐκ
1637 3579 1705 3633 ἂν
1738 3580 1901 3632 οῐσων

325 3671 441 3730 τοῖς
467 3667 689 3737 χωρίοις
723 3667 952 3731 ἐκείνοις
989 3668 1371 3739 ἐνδιατρίϐειν.
1407 3666 1577 3724 Οἶσθα
1605 3670 1713 3742 γὰρ
1737 3671 1900 3736 αὐτὸς

329 3759 467 3829 ἐμοῦ
499 3758 728 3824 βέλτιον,
755 3753 800 3812 ὦ
834 3758 1080 3827 βασιλεῦ,
1108 3760 1183 3821 ὼς
1226 3759 1346 3822 ἔτος
1378 3759 1436 3813 ἓν
1463 3762 1555 3814 ἐπὶ⁸
1586 3764 1697 3823 τοῖς
1730 3764 1900 3815 εἴκοσι

330 3850 696 3920 γεγενημένος
718 3850 818 3916 τῆς
840 3850 1059 3918 ἡλικίας
1088 3851 1254 3919 ούμδις
1279 3852 1485 3922 πατὴρ,
1515 3852 1604 3904 ὅτε
1627 3855 1780 3923 παρά
1804 3853 1900 3906 σοῦ

330 3941 468 4011 πρὸς
495 3940 594 4010 τὴν
625 3938 797 4010 ἀρχὴν
825 3937 1142 4007 ἐξεπέμφθη
1164 3939 1590 4008 Πελοποννήσου,
1614 3942 1758 3994 ὀκτὼ
1779 3945 1903 4005 τοὺς

329 4030 528 4098 ἐφεξῆς
564 4032 657 4082 ἐπὶ
688 4027 902 4091 τούτοις
941 4027 1307 4097 ἐνδιατρίψας,
1332 4029 1422 4082 τὸν
1462 4029 1578 4099 βίον
1614 4031 1902 4100 ἐτελεύτη-

330 4139 426 4174 σεν
457 4122 595 4176 ἐκεῖ.
627 4113 703 4175 οὗ
742 4119 808 4190 δὴ
840 4119 1004 4190 χάριν
1041 4121 1136 4176 καὶ
1162 4119 1296 4189 πρὸς
1336 4119 1436 4191 τὴν
1462 4123 1686 4192 μνήμην
1733 4122 1902 4191 μόνην

328 4214 511 4284 ἀηδῶς
538 4213 820 4282 διάκειμαι
843 4212 1256 4282 Πελοποννήσου
1283 4228 1296 4242 ·
1335 4213 1505 4266 πολλά
1539 4214 1634 4267 καὶ
1659 4213 1760 4284 τῆς
1802 4231 1905 4283 μη-

331 4306 462 4378 τρδς
523 4305 787 4366 πολλάκις
827 4303 965 4373 πρὸς
1008 4303 1110 4373 ἐμέ
1163 4301 1560 4373 διειλεγμένης,
1593 4303 1669 4365 ὡς
1708 4305 1808 4356 οὐκ
1835 4303 1900 4357 ἂν

331 4401 471 4468 αὐτῇ
492 4397 702 4466 γένοιτο
729 4395 852 4449 καθ’
884 4395 1078 4465 ἡδονήν
1113 4395 1217 4464 ἐμέ
1253 4395 1354 4458 τῆς
1382 4394 1566 4463 χώρας
1605 4394 1840 4464 ἐκείνης,
1868 4397 1900 4466 ἡ

1990 1935 2166 1989 vicem
2194 1934 2424 2003 digressi
2473 1943 2621 1988 sunt.
2644 1933 2724 1988 Ad
2759 1947 3016 2001 magnum
3047 1946 3178 1985 vero
3204 1928 3568 1984 domesticum

1993 2026 2286 2081 hesternus
2314 2025 2542 2080 nuntius
2570 2031 2877 2088 revertens,
2915 2036 3243 2092 responsum
3286 2021 3351 2074 ad
3402 2021 3574 2088 impe-

1992 2115 2196 2169 ratoris
2229 2117 2380 2186 jussa
2409 2115 2604 2184 exegit.
2634 2112 2939 2182 Respondit
2970 2113 3025 2166 in
3052 2113 3166 2165 haec
3204 2110 3370 2164 verba
3397 2126 3410 2162 :
3434 2109 3570 2163 Cum

1993 2207 2248 2276 propensi
2289 2207 2408 2277 ejus
2436 2207 2490 2260 in
2519 2220 2580 2260 se
2603 2205 2772 2258 animi
2805 2207 3134 2258 documenta
3173 2203 3458 2270 complura
3483 2201 3574 2254 ba-

1992 2298 2140 2360 beat,
2175 2307 2234 2352 ut
2259 2307 2387 2352 ante
2419 2297 2600 2352 fassus
2626 2296 2720 2360 sit,
2754 2297 2980 2364 insuper
3014 2296 3118 2348 ista
3153 2292 3450 2362 provinciae
3479 2291 3574 2345 de-

1994 2392 2198 2446 latione
2241 2391 2306 2445 ad
2355 2391 2558 2460 gratias
2605 2389 2894 2443 uberiores
2941 2384 3179 2455 agendas
3209 2398 3270 2438 se
3291 2381 3567 2452 compelli.

1993 2480 2164 2534 Orare
2197 2487 2402 2541 tamen,
2435 2487 2558 2548 post
2581 2478 2766 2530 omnia
2790 2477 2960 2530 etiam
2985 2475 3128 2528 istuc
3155 2473 3362 2526 sineret
3399 2469 3575 2537 impe-

1996 2572 2129 2625 trari
2193 2570 2262 2625 ab
2304 2585 2364 2624 se
2412 2569 2765 2633 beneﬁcium,
2797 2568 2941 2637 quod
2982 2564 3214 2634 reliquis
3243 2561 3576 2630 neutiquam.

1995 2663 2229 2720 inferius
2281 2662 2532 2724 duceret,
2563 2670 2620 2715 ut
2668 2675 2733 2714 ne
2766 2659 2820 2712 in
2853 2659 3295 2725 Peloponnesum
3332 2654 3575 2707 mittere-

1999 2760 2088 2807 tur
2119 2771 2131 2808 :
2164 2768 2272 2807 non
2305 2753 2448 2822 quod
2473 2751 2703 2822 ignavia:
2733 2749 3139 2812 succumberet,
3163 2757 3259 2801 aut
3281 2743 3572 2815 praefectu-

1998 2860 2116 2900 ram
2172 2847 2313 2900 hanc
2363 2843 2614 2912 dignitati
2671 2857 2783 2896 sua:
2831 2845 3096 2910 imparem
3146 2844 3420 2929 censeret:
3477 2833 3573 2929 sed

1999 2931 2146 3000 quod
2174 2932 2284 2986 illis
2310 2931 2365 2986 in
2405 2930 2539 2984 locis
2567 2929 2777 2984 versari
2811 2936 3066 2996 nequeat,
3086 2925 3175 2980 ubi
3197 2920 3411 2994 patretfi
3431 2920 3572 2976 ami-

2000 3020 2136 3075 serit
2164 3019 2299 3089 (22).
2335 3017 2487 3074 Scire
2521 3019 2670 3072 enim
2701 3017 2899 3071 melius
2933 3016 3134 3084 ipsum,
3165 3027 3275 3082 quo
3306 3019 3462 3080 pacto
3483 3024 3572 3077 pa-

2001 3121 2129 3162 rens
2149 3106 2290 3175 ejus,
2322 3122 2492 3160 unum
2533 3113 2604 3158 et-
2626 3103 2821 3172 viginti
2846 3111 3008 3158 natus
3039 3116 3233 3166 annos,
3265 3099 3335 3154 ab
3376 3113 3444 3152 eo
3477 3097 3575 3152 Pe-

2001 3199 2304 3268 loponneso
2337 3197 2647 3266 praefectus,
2706 3204 2831 3251 octo
2880 3193 3160 3248 continuis
3211 3191 3417 3246 ibidem
3443 3205 3578 3244 con-

1999 3290 2254 3359 sumptis,
2305 3291 2472 3351 vitam
2519 3288 2828 3360 reliquerit.
2857 3287 2977 3352 Quo
3011 3284 3214 3339 factum
3258 3280 3479 3345 deinde,
3517 3290 3576 3332 ut

2001 3383 2361 3451 Peloponnesi
2393 3380 2708 3436 memoriam
2738 3393 3019 3446 nunquam
3041 3377 3160 3430 sine
3189 3374 3377 3428 dolore
3414 3386 3571 3425 usur-

2001 3485 2114 3544 pet.
2149 3474 2292 3540 Quin
2333 3481 2389 3528 et
2426 3483 2652 3527 matrem
2678 3487 2822 3544 saepe
2849 3486 2913 3525 ac
2942 3469 3172 3523 multum
3209 3464 3312 3521 sibi
3345 3463 3574 3521 dixisse,

2001 3565 2328 3634 permoleste
2380 3563 2638 3626 laturam,
2678 3563 2722 3617 si
2755 3561 2806 3615 ei
2859 3559 3069 3628 regioni
3123 3563 3404 3627 praesset,
3455 3567 3576 3622 qua:

2002 3657 2178 3726 ipsum
2207 3657 2296 3710 tali
2328 3665 2477 3725 patre
2507 3655 2774 3709 orbasset.
2804 3653 2942 3707 Huic
2983 3652 3148 3722 igitur
3191 3645 3571 3704 detrectationi

2002 3762 2114 3804 suae
2128 3749 2342 3802 veniam
2361 3747 2535 3800 daret.
2559 3745 2662 3800 Sed
2681 3746 2826 3800 enim
2864 3747 2967 3798 hoc
3003 3744 3367 3796 velamentum
3404 3737 3577 3808 quotl-

2002 3838 2126 3892 dam
2150 3845 2286 3900 erat,
2311 3851 2418 3888 non
2437 3850 2560 3888 vera
2579 3849 2741 3887 causa
2770 3832 3119 3900 repudianda:
3143 3827 3456 3899 provinciae.
3479 3824 3575 3877 llis

2003 3931 2295 3985 intellectis
2317 3931 2614 3998 imperator
2632 3927 2869 3981 molliter
2890 3925 3162 3979 hominem
3201 3923 3451 3990 castigat,
3478 3918 3572 3988 qui

1987 4023 2382 4104 imprudenter
2399 4021 2612 4074 locutus
2627 4027 2770 4073 esset
2793 4035 2806 4072 :
2831 4017 3035 4088 quique
3052 4016 3301 4068 timorem
3319 4013 3440 4066 viro
3477 4011 3578 4064 mi-

2005 4113 2151 4166 nime
2169 4111 2426 4164 decorum
2443 4107 2808 4175 concepisset,
2837 4104 2967 4158 dum
2991 4111 3214 4171 propter
3233 4100 3403 4169 patris
3430 4113 3576 4151 mor-

2006 4207 2112 4254 tem
2133 4197 2245 4252 illic
2267 4197 2496 4261 obitam,
2517 4211 2547 4250 a
2575 4195 2796 4262 regione
2823 4191 3147 4244 abhorreret
3169 4203 3401 4257 ;perque
3423 4201 3579 4240 eum-

2003 4295 2126 4348 dem
2151 4289 2404 4343 nuntium
2425 4287 2475 4342 ei
2513 4285 2805 4358 significat,
2829 4284 2938 4354 56
2968 4281 3278 4337 consultius
3308 4281 3574 4334 iacturum

2005 4383 2194 4446 fuisse,
2213 4382 2256 4436 si
2277 4396 2383 4435 non
2407 4390 2771 4449 repugnanter
2796 4375 3063 4430 mandatis
3078 4375 3260 4429 statim
3285 4373 3574 4440 paruisset.

331 4460 576 4542 τοιούτου
613 4487 820 4557 πατρὸς
839 4460 1117 4548 ἀπέδειξεν
1145 4460 1412 4555 όρερανδν,
1433 4460 1617 4554 ἄρξαι.
1649 4487 1749 4538 Διά
1771 4460 1897 4538 ταῦξ

2006 4471 2141 4536 Quia
2171 4485 2300 4523 vero
2315 4467 2718 4523 excusationem
2743 4466 2808 4520 de
2829 4465 3201 4533 Peloponneso
3227 4477 3332 4513 non
3354 4460 3572 4528 quidem

331 4594 403 4631 τα
425 4575 754 4644 συγγνώμης
771 4573 906 4626 αίτῶ
931 4575 1112 4643 τυχεῖν
1142 4575 1257 4625 ἐκεῖ
1292 4573 1368 4644 μὴ
1391 4573 1715 4643 βουλόμενος
1738 4574 1903 4626 ἀπελ-

333 4669 467 4722 θεῖν.
505 4664 677 4718 Τοῦτο
695 4666 741 4717 δ’
762 4659 832 4736 ἦν
854 4663 1072 4732 σκῆψις,
1094 4664 1194 4716 οὐκ
1233 4663 1438 4733 ἀληθὴς
1471 4663 1619 4716 αἰτία
1667 4663 1762 4716 τοῦ
1801 4663 1902 4733 τὴν

332 4757 510 4828 ἀρχὴν
534 4756 639 4824 τῆς
685 4756 924 4818 Πέλοπος
968 4755 1302 4810 διωθεῖσθαι.
1349 4754 1567 4808 Τούτων
1593 4755 1842 4818 ἀκούσαςῖ
1874 4757 1903 4809 ὁ

336 4849 610 4919 βασιλεὺς,
639 4847 736 4902 καὶ
771 4845 963 4916 πράως
993 4847 1072 4921 είς
1115 4845 1278 4898 αὐτὸν
1321 4845 1657 4914 ἀποσκώψας
1696 4845 1772 4904 ὡς
1802 4845 1903 4898 οὐκ

336 4937 528 5008 ἀνδρὸς
586 4935 812 4990 συνετοῦ
864 4936 1207 5006 κεχρημένον
1265 4934 1464 5003 λόγοις,
1530 4935 1640 4988 οὐδ’
1678 4935 1902 5006 ἀνδράσι

340 5028 622 5099 πρέποντα
657 5025 822 5096 φόϐον
870 5025 1270 5094 πεφοϐημένον,
1303 5025 1389 5078 διὰ
1435 5025 1536 5095 τὴν
1568 5024 1662 5078 τοῦ
1694 5025 1904 5095 πατρὸς

337 5119 597 5188 τελευτήν
625 5118 684 5172 τὸ
706 5116 904 5188 χωρίον
927 5115 1291 5187 ὀρρωδοῦντα,
1315 5115 1404 5170 ϐιά
1433 5114 1524 5170 τοῦ
1556 5115 1722 5170 αὐτοῦ
1741 5116 1906 5170 πάλιν

2007 4562 2368 4618 necessariam
2398 4568 2736 4626 praitexeret,
2753 4557 2849 4613 sed
2873 4567 3050 4610 tamen
3071 4563 3412 4623 prietexcret,
3434 4567 3492 4604 se
3511 4551 3575 4605 il-

2007 4652 2120 4706 lum
2150 4665 2218 4704 eo
2250 4664 2474 4704 munere
2505 4649 2796 4701 liberatum
2823 4648 2960 4702 velle
2985 4664 2999 4700 :
3026 4647 3080 4700 in
3110 4644 3443 4698 Thessaliam
3475 4658 3575 4696 auo

2012 4743 2330 4812 temjubere
2366 4737 2659 4807 proﬁcisci.
2687 4755 2810 4807 quae
2842 4739 3147 4794 vicinorum
3188 4739 3573 4793 Catalanorum

2010 4831 2416 4887 incursionibus
2513 4829 2764 4884 aﬂlictata
2853 4830 3041 4897 (9.3),
3133 4829 3454 4889 exercitati,
3515 4844 3576 4882 ac

2009 4922 2298 4991 prudentis
2337 4920 2570 4990 alicujus
2601 4919 2757 4973 ducis
2791 4919 2996 4972 auxilio
3030 4919 3294 4987 indigeat.
3327 4919 3570 4987 Suscepit
3644 4941 3652 4947 -

2010 5036 2242 5090 magnus
2289 5019 2628 5074 domesticus
2660 5017 3022 5088 provinciam,
3050 5033 3171 5074 cum
3203 5019 3351 5087 quod
3402 5033 3569 5086 oppo—

2011 5121 2190 5176 neret,
2240 5127 2351 5166 non
2407 5111 2650 5165 haberet.
2692 5108 2965 5164 Czeterum
2995 5117 3053 5162 ut
3086 5107 3428 5176 inopinatum
3479 5108 3573 5162 ali
3619 5145 3622 5148 η

1610 5284 1828 5347 Jacobi
1855 5283 2120 5347 Pontani
2152 5293 2338 5346 notae.

416 5435 530 5506 (22)
578 5434 776 5506 Mirum
830 5441 939 5488 tam
985 5435 1174 5506 levem
1214 5433 1600 5506 recusationis,
1631 5441 1687 5488 et
1723 5431 1910 5506 d_etre_-

342 5501 520 5562 ctataa‘
534 5502 828 5572 provincia:
845 5517 1062 5559 causam
1078 5505 1148 5560 ab
1164 5503 1386 5557 homine
1405 5501 1674 5572 prudente
1697 5501 1908 5557 atl‘erri.

343 5575 454 5632 Sed
503 5571 752 5628 idoneam
796 5572 976 5628 bonus
1019 5575 1103 5628 vir
1151 5587 1262 5626 non
1315 5571 1648 5640 reperiebat.
1685 5572 1908 5626 Certum

343 5653 435 5698 est
471 5647 652 5701 tamen
709 5658 809 5696 nos
863 5642 956 5702 illa
997 5643 1120 5698 loca
1158 5651 1352 5698 natura
1406 5643 1664 5704 horrere,
1699 5656 1913 5694 aversa-

347 5714 532 5782 rique,
576 5712 631 5782 in
680 5710 885 5782 quibus
928 5726 1052 5775 nos,
1083 5711 1328 5782 nostrive
1357 5710 1557 5782 damno
1584 5711 1911 5782 aliqquma~

351 5779 470 5852 jore
516 5780 729 5836 multati
774 5789 903 5836 sunt
959 5799 972 5835 :
1024 5781 1200 5835 multo
1231 5781 1423 5850 magis,
1454 5781 1499 5836 si
1523 5779 1690 5835 etiam
1719 5779 1792 5835 ibi
1819 5789 1912 5833 aut

2005 5431 2303 5493 interfecti,
2337 5439 2430 5484 aut
2462 5429 2659 5483 morbo
2684 5428 3015 5496 consumpti.

2059 5501 2191 5583 es)
2246 5501 2318 5583 ος
2363 5501 2575 5581 origine
2629 5508 2687 5583 se
2741 5495 2974 5583 .nomilis
3007 5495 3417 5583 ςειειειξιοεειηιν
3449 5496 3573 5577 νί⁴ῐο

2008 5566 2137 5638 quid
2175 5566 2390 5625 scribat
2428 5566 2588 5640 initio
2629 5569 2754 5624 libri
2801 5569 2975 5640 quinti
3009 5567 3255 5640 Historiis
3283 5566 3568 5640 Cannensis

2010 5636 2204 5694 Petrus
2245 5641 2488 5693 Bizarus.
2539 5639 2674 5694 Malo
2708 5636 2887 5693 autem
2929 5654 3053 5692 cum
3085 5638 3270 5691 multis
3300 5636 3571 5696 Catelauni,

2010 5725 2173 5777 quam
2227 5726 2349 5762 cum
2393 5708 2582 5763 (ἑκ-πλεο
2635 5708 2910 5765 Catelam':
2959 5709 3152 5779 prima,
3204 5707 3446 5775 inquam,
3475 5719 3578 5756 vos

2013 5779 2139 5844 cali,
2169 5795 2332 5848 quam
2367 5781 2625 5833 secunda.
