4012 6606
278 367 386 436 153

1479 381 2023 444 HISTORIARUM
2065 387 2300 448 LIBER
2342 389 2386 450 I.

3439 389 3543 458 154

272 491 343 557 τῇ
374 487 421 540 δ’
451 489 685 560 ἐπιούσῃ
717 489 982 559 μηνύεται
1025 493 1176 562 παρὰ
1224 492 1491 563 βασιλέως
1516 494 1594 556 ὠς
1627 494 1850 564 τάχιστα

1960 511 2065 550 non
2089 507 2218 552 ante
2247 499 2302 552 id
2330 513 2514 568 posse,
2560 513 2723 568 quam
2777 499 3011 568 pecunia
3043 498 3148 556 sibi
3183 499 3237 554 in
3267 499 3536 571 stipendia

273 579 540 641 ἐξελθεῖν.
585 579 644 635 '0
686 581 731 632 δ’
763 582 1102 652 ἀπεκρίνατο
1158 583 1235 654 μὴ
1274 584 1543 654 πρότερον
1573 585 1855 653 δύνασθαι,

276 671 414 738 πρὶν
452 669 519 723 ἆυ
543 671 612 723 τὰ
640 671 904 741 χρήματα
930 672 1056 743 δοθῇ
1090 673 1229 742 πρὸς
1270 674 1452 739 αὐτὸν,
1485 670 1570 738 οἷς
1619 675 1686 730 ἂν
1713 676 1860 746 ’πρός

277 776 339 812 τε
364 761 425 812 τδ
451 761 840 830 μισθοφορικὸν
867 765 1143 833 χρήσηται
1160 765 1261 834 τῆς
1289 769 1573 834 στρατιᾶς,
1601 769 1696 821 καὶ
1723 767 1862 838 πρὸς

278 852 382 912 τάς
409 851 518 903 τῶν
542 851 832 921 πολιχνίων
857 853 967 906 τῶν
991 855 1048 906 ἐν
1071 853 1340 926 Θετταλίᾳ
1363 857 1624 926 φρουράς.
1655 859 1716 910 Ei
1748 857 1859 928 γὰρ

279 938 440 993 τοῦτο
471 941 700 1008 γένοιτο,
735 943 1015 1012 μηδεμίαν
1047 946 1315 1017 ἀναϐολὴν
1345 946 1422 1000 ἔτ’
1447 943 1595 1001 εἶναι
1631 937 1770 1018 arpi);
1799 949 1860 1003 τὸ

278 1031 479 1100 τειχῶν
518 1031 626 1098 ἔξω
651 1032 760 1085 τῶν
794 1032 1106 1095 Βυζαντίων
1141 1037 1220 1099 είς
1250 1025 1366 1108 ¹τὴν
1404 1037 1665 1092 ἐπιοῦσαν
1693 1040 1862 1110 ὀφθῆ-

279 1135 390 1174 ναι.
420 1119 501 1172 Τὰ
533 1120 634 1189 μὲν
684 1119 780 1174 οὖν
817 1123 1081 1194 χρήματα
1112 1114 1381 1194 βασιλέως
1427 1129 1855 1198 προστάξαντος,

277 1211 597 1283 αὐθημερὸν
648 1216 930 1285 παρέσχον
969 1217 1019 1269 οἱ
1069 1217 1181 1270 τῶν
1215 1217 1513 1288 βασιλικῶν
1556 1221 1859 1292 χρημάτων

275 1302 496 1372 ταμίαι,
533 1306 805 1376 μυριάδας
839 1307 970 1362 ὄντα
1010 1311 1241 1380 χρυσίου
1282 1311 1465 1376 πέντε⁹
1488 1312 1526 1367 ἃ
1555 1315 1650 1368 καὶ
1674 1292 1858 1378 παρα-

277 1393 540 1459 λαϐόντες
585 1397 637 1450 οἱ
669 1396 764 1450 τοῦ
785 1427 790 1434 ι
807 1399 1049 1468 μεγάλου
1077 1402 1399 1472 δομεστίκου
1428 1405 1651 1472 ταμίαι,
1697 1405 1858 1460 πάλιν

281 1487 477 1540 είασαν
509 1488 645 1559 πρὸς
676 1489 757 1559 τῷ
779 1491 1045 1562 βασιλικῷ
1066 1493 1278 1563 ταμείῳ
1307 1495 1669 1563 φρουρεῖσθαι
1694 1495 1859 1565 (οὕτω

281 1580 768 1649 προστεταγμένον
800 1584 985 1648 αὐτοῖς
1032 1585 1185 1654 παρὰ
1229 1585 1326 1638 τοῦ
1356 1586 1664 1656 δεσπότου),
1688 1605 1870 1658 προσ-.

282 1668 469 1731 θέντες
503 1671 686 1726 αἰτίαν
714 1673 815 1741 τῆς
881 1675 1277 1750 καταλείψεως,
1301 1676 1376 1738 ὡς
1402 1678 1463 1730 ἓν
1491 1678 1600 1732 τῶν
1627 1679 1860 1750 ξυστρα-

279 1760 464 1814 τεύειν
498 1764 686 1832 τάγμα
713 1763 792 1833 τῷ
825 1765 1048 1837 μεγάλῳ
1067 1742 1570 1837 προστεταγμένων
1599 1742 1856 1840 δομεστί-

285 1867 370 1920 κῳ
403 1853 469 1905 ἐκ
495 1854 756 1920 στρατιᾶς
779 1855 975 1923 ἐτέρας
1007 1854 1282 1923 ἐπανῆκον
1305 1855 1454 1926 ἄρτι,
1481 1857 1576 1910 καὶ
1607 1857 1859 1926 δεόμενον

289 1941 466 2012 μικρά
497 1945 620 2005 ταῖς
655 1944 859 2008 οἰκίαις
889 1943 1338 2016 προσδιατρίψαι,
1377 1946 1499 1998 ἐπεὶ
1522 1946 1694 2000 πολλὰ
1729 1965 1860 2001 κατ-

283 2033 603 2096 αναγκάσας
648 2034 679 2086 ὀ
719 2036 1024 2106 στρατηγὸς
1069 2038 1174 2090 οὐκ
1219 2037 1459 2109 ἠδυνήθη
1508 2039 1617 2092 τῶν
1669 2040 1857 2093 οἰκιῶν

281 2123 542 2187 ἐξελάσαι
571 2125 732 2180 ἄλλον
759 2127 951 2181 ἄλλοσε
974 2128 1475 2198 διαδιδράσκοντας,
1503 2110 1855 2202 συνεχώρησε

281 2217 382 2270 καὶ
410 2217 560 2270 άκων
583 2219 682 2288 τὴν
708 2219 802 2272 τοῦ
838 2221 1030 2290 Πάσχα
1061 2222 1252 2292 ἑορτὴν
1284 2225 1422 2277 οἴκοι
1445 2224 1855 2294 διατρίψαντας,

288 2307 410 2375 μετ’
434 2307 605 2378 αὐτὴν
639 2309 802 2373 εὐθὺς
832 2310 1053 2380 ἔχεσθαι
1098 2316 1197 2382 τῆς
1238 2313 1384 2366 ὀδοῦο
1418 2314 1515 2379 οὓς
1549 2317 1635 2370 δεῖ
1663 2318 1757 2370 καὶ
1786 2317 1856 2370 τά

285 2397 552 2467 χρήματα
586 2399 711 2468 μεθ’
737 2401 950 2454 ἑαυτῶν
983 2402 1222 2473 ἔχοντας,
1258 2405 1396 2476 πρὸς
1428 2406 1519 2459 τὸν
1552 2408 1856 2478 στρατηγὸν

281 2489 599 2558 ἀφικέσθαι,
639 2492 714 2544 Τὸ
737 2493 785 2546 δ’
813 2489 884 2564 ἦν
913 2496 1188 2562 πρόφασις
1217 2497 1603 2569 πεπλασμένη·
1633 2500 1858 2554 κατελέ-

277 2580 474 2633 λειπτο
496 2580 554 2634 δέ
586 2582 656 2636 τά
684 2584 968 2653 χρήματα,
1001 2586 1122 2654 άμα
1159 2588 1259 2657 μιν
1289 2589 1436 2651 ὅπως
1465 2587 1550 2660 εἴη
1577 2591 1852 2660 πρόφασις

276 2669 564 2740 εθπρεπὴς
581 2671 675 2724 τοῦ
698 2672 832 2742 περὶ
860 2672 923 2726 τὸ
955 2673 1246 2738 Βυζάντιον
1267 2676 1566 2746 διατρίϐειν
1587 2676 1854 2748 (διέτριψε

275 2763 390 2831 γάρ
421 2763 562 2832 μετὰ
582 2763 683 2834 τὴν
711 2763 894 2830 ἔξοδον
926 2767 1141 2838 ἡμέρας
1183 2768 1348 2821 πέντε
1382 2771 1511 2839 περὶ
1547 2770 1721 2837 αὐτὸ),
1753 2772 1856 2841 τὴν

272 2851 373 2906 τοῦ
401 2853 525 2908 νέου
565 2854 830 2938 βασιλέως
858 2857 1047 2927 ἄφιξιν
1094 2859 1475 2930 ἐκδεχόμενος,
1517 2861 1635 2930 ἅμα
1663 2862 1721 2915 δὲ
1757 2861 1854 2916 καὶ

277 2946 507 3012 ἀγεννὲς
537 2947 635 3000 καὶ
689 2949 958 3018 μηδαμῶς
1011 2950 1162 3020 αὐτῷ
1214 2952 1492 3023 προσῆκον
1553 2953 1853 3023 χρημάτων

273 3037 551 3107 ἡσσῆσθαι
575 3039 781 3104 δοκεῖν,
815 3040 1057 3109 νομίζων
1077 3041 1154 3105 ὡς
1180 3042 1366 3114 ἀπάτῃ
1397 3045 1492 3097 καὶ
1517 3045 1689 3116 κλοπῇ
1723 3063 1851 3116 σχε-

1962 589 2431 644 mercennariorum
2504 605 2567 644 ae
2633 591 3097 659 prmsidiariorum
3175 609 3275 662 per
3336 579 3535 663 oppida

1962 677 2259 734 Thessalia:
2289 686 2599 746 praestetur.
2647 679 2699 733 ld
2733 679 2776 734 si
2811 680 2923 745 ﬂat,
2955 681 3093 736 citra
3125 683 3535 751 tergiversatio-

1961 785 2084 824 nem
2114 768 2385 839 postridie
2411 778 2566 825 extra
2598 771 2798 826 mmuia
2830 786 2890 826 se
2940 772 3337 842 appariturum.
3365 773 3540 828 Pecu-

1960 863 2105 918 niam
2151 880 2218 920 eo
2253 866 2370 934 ipso
2404 864 2494 920 die
2537 867 2691 935 jussu
2729 866 3100 934 imperatoris,
3137 867 3537 936 quinquaginta

1961 971 2247 1034 nummum
2302 972 2600 1011 aureorum
2647 956 2816 1010 millia
2878 966 3184 1026 quaestores
3227 968 3537 1011 numerant.

1959 1048 2130 1113 Quam
2157 1062 2428 1102 summam
2445 1048 2980 1118 accipientesmagni
3005 1049 3289 1103 domestici
3307 1059 3543 1118 quaesto-

1961 1155 2069 1203 res,
2117 1156 2338 1195 rursum
2389 1141 2586 1195 aerario
2630 1140 2983 1210 imperatoris
3009 1142 3540 1206 asservandum,do-

1959 1230 2112 1284 mino
2164 1231 2239 1285 ita
2291 1230 2668 1300 praecipiente,
2699 1231 3045 1299 relinquunt,
3078 1232 3346 1283 rationem
3407 1230 3539 1284 facti

1960 1319 2104 1376 hanc
2137 1321 2452 1384 alIerentes,
2487 1336 2648 1374 unam
2677 1336 2864 1374 earum
2892 1320 3229 1385 cohortium,
3258 1337 3380 1389 qua:
3414 1336 3539 1374 cum

1961 1424 2161 1480 magno
2218 1409 2525 1464 domestico
2583 1409 2874 1462 militatum
2927 1409 3080 1463 abire
3128 1410 3412 1471 deberent,
3473 1425 3537 1463 ex

1959 1500 2063 1555 alia
2106 1500 2456 1569 expeditione
2513 1515 2706 1555 recens
2762 1515 3038 1554 reversam
3093 1515 3297 1560 orasse.
3332 1511 3391 1553 ut
3433 1500 3538 1554 sibi

1961 1590 2204 1660 pauxillo
2257 1602 2503 1660 tempore
2561 1589 2709 1644 domi
2765 1589 2975 1643 haerere
3021 1589 3378 1643 concedatur.
3409 1587 3538 1642 Eam
3622 1649 3624 1656 _

1959 1684 2212 1752 quamvis
2269 1681 2410 1737 duce
2477 1681 2777 1753 impensius
2841 1690 3091 1750 urgente,
3128 1696 3233 1734 non
3295 1681 3541 1750 potuisse

1961 1775 2257 1831 domiciliis
2286 1776 2422 1839 suis,
2446 1775 2568 1828 aliis
2603 1775 2736 1828 alias
2793 1773 3036 1827 latebras
3063 1771 3458 1841 quaerentibus,
3485 1781 3541 1826 et

1963 1883 2023 1924 se
2069 1867 2491 1932 occultantibus,
2547 1865 2778 1935 expelli.
2809 1863 2968 1920 Unde
3004 1864 3231 1916 invitum
3265 1863 3429 1917 etiam
3457 1862 3567 1916 cis'

1961 1956 2202 2019 dedisse,
2250 1965 2309 2009 ut
2345 1955 2489 2012 dietn
2541 1951 2760 2007 Pascha!
2798 1951 2947 2005 domi
3001 1958 3408 2012 consumentes,
3438 1963 3538 2018 po-

1961 2057 2114 2104 stero
2142 2047 2352 2102 lumine
2382 2045 2668 2100 confestim
2703 2042 3119 2112 egrederentur,
3141 2051 3196 2094 et
3223 2041 3276 2094 in
3311 2041 3450 2094 viam
3477 2055 3537 2094 se

1959 2138 2193 2200 darent;
2225 2152 2365 2206 quos
2393 2149 2618 2189 necesse
2662 2146 2828 2195 esset,
2857 2143 3146 2187 numerato
3189 2133 3295 2186 sibi
3325 2130 3536 2200 stipen-

1962 2229 2077 2293 dio,
2111 2229 2179 2282 ad
2210 2234 2407 2282 ducem
2465 2227 2774 2294 pervenire.
2806 2224 2913 2280 Sed
2965 2225 3106 2279 istuc
3138 2239 3346 2277 merum
3386 2215 3538 2275 com:-

1959 2330 2203 2375 mentum
2239 2326 2382 2373 erat.
2438 2318 2568 2372 ideo
2604 2331 2840 2385 namque
2869 2316 3154 2385 pecuniam
3210 2314 3530 2382 reliquerat,

1957 2416 2109 2462 utet
2160 2405 2304 2476 apud
2337 2404 2660 2474 Byzantium
2712 2405 2974 2471 temporis
3017 2402 3251 2457 ducendi
3305 2401 3534 2454 honesta

1955 2506 2103 2554 esset
2153 2495 2372 2552 occasio
2405 2495 2582 2560 (trivit
2629 2506 2813 2550 autem
2868 2494 2984 2548 illic
3019 2493 3138 2547 dies
3179 2491 3377 2562 quinos
3412 2500 3535 2559 post

1954 2603 2260 2660 egressum,
2309 2587 2699 2656 imperatorem
2743 2585 3020 2656 juniorem
3071 2578 3449 2652 praestolans);
3480 2589 3538 2634 et

1955 2680 2083 2749 quia
2143 2679 2288 2733 haud
2343 2677 2590 2742 liberale,
2650 2675 2868 2746 sibique
2927 2674 3150 2744 penitus
3209 2671 3534 2725 indecorum

1955 2769 2334 2834 existimabat,
2390 2767 2566 2822 videri
2600 2776 2818 2836 captum
2850 2763 3106 2835 pecunia,
3135 2777 3298 2832 quam
3341 2761 3408 2815 ab
3433 2760 3537 2814 im-

1955 2873 2209 2935 peratore
2237 2877 2368 2918 sene
2402 2859 2639 2923 fallacia,
2673 2869 2732 2914 et
2767 2857 2915 2912 furto
2944 2854 3345 2927 propemodum
3377 2870 3536 2908 aver-

1957 2963 2114 3019 teret,
2134 2952 2280 3024 quod
2299 2947 3078 3024 glorim,eeleb:itatique.58
3094 2963 3205 3000 suae
3228 2945 3450 3011 fmdam,
3472 2960 3537 2999 ac

1955 3045 2351 3114 sempiternam
2373 3040 2551 3095 labem
2569 3046 2905 3109 aspergeret.
2935 3036 2993 3090 Id
3027 3035 3212 3090 multis
3276 3034 3535 3103 quodque

273 3129 366 3224 δον
400 3127 809 3224 άιραιρούμενος
858 3129 1157 3200 βασιλέως·
1200 3132 1230 3186 δ
1267 3133 1504 3204 μάλιστα
1532 3135 1686 3206 αὐτῷ
1713 3138 1850 3207 πρὸς

1955 3137 2205 3208 pecunia:
2283 3132 2658 3190 servientibus
2708 3129 3162 3200 supra-modum
3213 3126 3534 3182 admirabile

277 3218 380 3290 τὴν
412 3217 668 3294 εὔκλειαν
699 3221 795 3273 καὶ⁵
824 3219 924 3290 τὴν
961 3220 1207 3288 εὐδοξίαν
1228 3223 1320 3277 τδν
1353 3225 1634 3280 είσέπειτα
1660 3228 1850 3297 χρόνον

1954 3228 2082 3295 fuit,
2120 3237 2231 3284 tam
2283 3226 2559 3296 ingentem
2611 3223 2731 3293 ejus
2770 3220 2904 3283 vim,
2927 3230 2984 3275 et
3011 3222 3078 3274 ad
3110 3234 3268 3274 usum
3297 3234 3536 3288 praesen-

275 3311 460 3363 πάντα
487 3311 587 3362 οὐκ
615 3310 773 3378 ὀλίγα
797 3310 1156 3381 λυμανεῖσθαι
1184 3313 1342 3384 ᾤετο.
1387 3317 1454 3369 ’0
1483 3316 1554 3388 δὴ
1599 3319 1694 3372 καὶ
1722 3318 1852 3372 πολ-

273 3400 388 3462 λοῖς
402 3400 513 3454 τῶν
539 3401 667 3470 περὶ
699 3403 960 3472 χρήματα
990 3405 1312 3476 ἡττημένων
1335 3407 1518 3474 ἔδοξεν
1545 3410 1845 3482 ὑπερφυὲς,

272 3495 338 3546 τδ
365 3493 645 3548 τοσούτων
677 3495 1000 3565 χρημάτων,
1037 3498 1134 3552 καὶ
1164 3499 1338 3564 οὕτως
1374 3501 1432 3554 ἐν
1460 3503 1728 3574 ἐπικαίρῳ
1750 3506 1850 3573 τῆς

274 3584 468 3654 χρείας
498 3584 693 3655 ῥᾳδίως
724 3585 799 3648 ὡς
833 3586 1066 3640 οὐδενῶν
1107 3592 1546 3661 καταφρονῆσαι,
1595 3593 1735 3661 ἐξὸν,
1767 3595 1848 3648 sl-

274 3692 384 3745 περ
405 3673 678 3740 ἐϐούλετο,
701 3678 797 3730 σὺν
820 3677 1075 3752 ῥαστώνῃ
1103 3683 1254 3754 πάσῃ
1280 3682 1490 3739 λαϐεῖν.
1535 3685 1597 3738 '0
1630 3685 1725 3754 μὲν
1754 3682 1849 3740 οὖν

278 3765 451 3833 μέγας
475 3764 794 3833 δομέστικος
817 3769 884 3837 τῇ
909 3769 1149 3842 τετάρτῃ
1179 3771 1278 3840 τῆς
1321 3773 1570 3843 μεγάλης
1614 3775 1848 3845 ἑϐδομά-

271 3859 362 3921 δος
393 3857 582 3930 ἐξῆλθε
637 3859 740 3927 τῆς
783 3860 1226 3926 Κωνσταντίνου,
1279 3865 1376 3917 καὶ
1425 3865 1663 3936 διέτριϐε
1716 3867 1847 3938 περὶ

272 3947 473 4017 αὐτὴν,
503 3948 633 4009 τοὺς
680 3944 1019 4016 στρατιώτας
1072 3947 1430 4018 ἐκδεχόμενος
1479 3953 1574 4003 καὶ
1609 3951 1678 4004 τά
1714 3942 1857 4022 χρή-4

278 4055 427 4108 ματα
456 4036 642 4105 δῆθεν.
675 4037 835 4091 Κατὰ
883 4036 942 4089 δὲ
994 4038 1092 4106 τὴν
1125 4037 1292 4107 ἕκτην
1322 4039 1421 4108 τῆς
1460 4040 1634 4108 αὐτῆς
1692 4043 1786 4095 καὶ
1818 4043 1846 4095 ό

276 4129 723 4198 πρωτοστράτωρ
751 4130 1064 4196 ἡνάγκαστο
1091 4129 1293 4194 ἐξιέναι
1315 4146 1330 4163 ·
1363 4132 1423 4184 οὐ
1459 4131 1843 4203 paveam“-

274 4219 414 4274 ἀλλὰ
437 4219 500 4273 τό
542 4235 599 4272 τε
621 4219 1006 4290 ἀπαράσκευον
1025 4218 1371 4290 αίτιώμενος,
1394 4223 1489 4276 καὶ
1505 4223 1669 4286 ἄλλας
1695 4226 1846 4288 τινὰς

271 4310 448 4374 αἰτίας
469 4309 757 4378 συνείρων,
809 4309 1175 4380 ἐπηγγείλατο
1227 4313 1366 4380 μετὰ
1393 4313 1591 4383 τρίτην
1623 4313 1841 4384 ἡμέραν

271 4400 366 4454 καὶ
398 4400 564 4462 αὐτὸς
591 4399 849 4465 ἐξελθεῖν.
905 4400 985 4472 Τῇ
1022 4401 1070 4452 δ’
1098 4401 1236 4474 αὐτῇ
1267 4402 1368 4471 τῆς
1401 4404 1645 4475 μεγάλης
1688 4404 1840 4459 ἐσδο.

1954 3329 2062 3375 tem
2096 3318 2234 3374 adeo
2268 3323 2634 3387 opportunam
2673 3313 2882 3381 (quam,
2911 3309 2958 3364 si
3002 3307 3282 3374 voluisset,
3335 3307 3534 3362 habere

1948 3410 2210 3466 facillime
2244 3406 2479 3480 poterat)
2513 3404 2747 3474 perinde
2778 3418 2841 3457 ac
2865 3403 2910 3457 'si
2940 3401 3086 3454 nulla
3113 3410 3258 3455 esset
3286 3409 3534 3454 contem-

1955 3517 2115 3556 nere.
2136 3500 2364 3571 Magnus
2390 3498 2577 3567 itaque
2603 3495 2945 3550 domesticus
2974 3501 3173 3562 quarto
3209 3493 3298 3546 die
3326 3505 3534 3561 magna:

1949 3591 2312 3649 hebdomadis
2365 3587 2840 3657 Constantinopoli
2889 3587 3187 3648 excedens,
3220 3583 3286 3638 ad
3335 3571 3530 3636 urbem

1949 3685 2174 3748 mansit,
2210 3683 2418 3737 milites
2447 3681 2723 3743 videlicet,
2754 3687 2808 3732 et
2839 3679 3126 3748 pecuniam
3180 3683 3530 3744 exspectans.

1947 3775 2046 3830 Die
2097 3784 2250 3828 sexto
2311 3772 2432 3845 [seu
2483 3767 2869 3841 Parasceves],
2921 3769 3090 3823 etiam
3166 3773 3534 3837 protostrator

1947 3868 2099 3924 exire
2159 3867 2642 3936 compellebatur:
2673 3880 2991 3934 quanquam
3039 3878 3144 3917 non
3200 3861 3394 3923 exivit,
3433 3857 3530 3912 sed

1951 3967 2066 4014 tum
2101 3958 2434 4028 imparatum
2465 3972 2547 4022 se,
2576 3965 2690 4010 tum
2716 3957 2822 4011 alia
2855 3955 3104 4025 quaedam
3139 3951 3530 4022 impedimenta

1947 4059 2225 4118 causatus,
2279 4064 2338 4104 se
2406 4048 2536 4103 item
2589 4055 2714 4117 post
2765 4047 2912 4100 diem
2971 4044 3194 4099 tertium
3250 4043 3525 4096 exiturun.

1947 4141 2314 4199 conﬁrmavit.
2365 4141 2634 4196 Caeterum
2691 4139 2781 4193 die
2834 4138 2928 4191 illo
2959 4145 3137 4200 sexto,
3175 4143 3396 4204 propter
3417 4134 3531 4187 lcco

1947 4244 2061 4291 tum
2108 4233 2351 4305 junioris
2425 4231 2780 4302 imperatoris
2833 4229 3054 4285 libellus
3111 4228 3367 4282 inventus
3419 4235 3525 4290 est,

1944 4327 2293 4397 conscriptus
2354 4325 2440 4380 his
2494 4325 2720 4380 verbis:
2766 4322 2872 4391 Qui
2924 4323 3046 4387 sim,
3079 4328 3174 4377 aut
3199 4319 3326 4389 quis
3363 4333 3529 4372 vocer

1943 4420 2037 4491 qui
2067 4419 2174 4474 hoc
2201 4416 2444 4480 exaravi,
2474 4431 2580 4471 non
2629 4430 2930 4486 cognosces
2960 4412 3142 4468 modo.
3174 4413 3306 4466 Dico
3345 4419 3527 4464 autem

273 4490 441 4558 μάδος
477 4489 636 4578 ἕκτη,
682 4489 884 4558 εὕρητο
929 4489 1068 4559 πρὸς
1116 4494 1185 4561 τῇ
1233 4492 1391 4566 κλίνῃ
1445 4493 1707 4564 βασιλέως
1744 4497 1838 4551 τοῦ

1952 4489 2096 4574 vere,
2129 4507 2292 4563 hodie
2327 4506 2544 4578 impleri
2584 4506 2717 4562 illud
2752 4523 2767 4562 :
2812 4506 2954 4560 Venit
3000 4506 3152 4570 hora,
3181 4513 3235 4556 ut
3261 4503 3533 4572 disperga-

268 4579 392 4632 νέου
441 4577 670 4648 βιϐλίον,
697 4579 824 4634 τάδε
857 4578 980 4649 ἔχον
1007 4582 1396 4651 γεγραμμέναι
1441 4583 1530 4649 Ὦς
1573 4587 1674 4656 μὲν
1695 4589 1834 4658 γρά-

264 4669 375 4740 ψας
419 4671 604 4732 ὁποῖος
641 4669 708 4722 ἂν
741 4669 826 4740 εἵη
857 4686 964 4736 τις,
1024 4670 1056 4738 ἢ
1085 4672 1112 4726 ὃ
1143 4689 1194 4725 τι
1247 4673 1588 4744 ὀνομάζοιτο,
1641 4679 1742 4732 οὐκ
1772 4679 1839 4733 ἂν

267 4760 465 4831 μάθοις
503 4761 563 4814 ἐν
587 4759 665 4831 τῷ
701 4761 954 4831 παρόντι*
992 4762 1136 4830 λέγω
1177 4764 1364 4833 μέντοι
1395 4766 1530 4836 πρὸς
1560 4767 1839 4839 ἀλήθειαν,

262 4850 338 4914 ὡς
367 4851 608 4922 σήμερον
661 4850 1030 4922 ἐκπληροῦται
1058 4855 1119 4906 τὸ
1167 4856 1460 4925 εἰρημένον
1496 4859 1580 4924 τὸ,
1619 4861 1846 4932 ι,Ἐλή²

263 4943 425 4996 λυθεν
454 4944 490 5013 ἠ
536 4943 656 5012 ὥρα
709 4943 798 4997 ἵνα
847 4946 1217 5018 σκορπισθῆτε
1274 4947 1529 5016 ἕκαστος,
1579 4953 1676 5005 καὶ
1733 4954 1835 5023 ἐμὲ

263 5036 426 5104 μόνον
453 5034 683 5103 ἀφῆτεη
714 5035 936 5099 συνετὸς
956 5036 1001 5089 δ’
1020 5036 1118 5103 ὢν,
1145 5037 1245 5091 οὐκ
1272 5040 1558 5110 ἀγνοήσεις
1580 5043 1649 5096 τὰ
1678 5044 1834 5112 λεγό-

263 5140 406 5194 μενα
440 5126 634 5197 δήπου.
665 5125 736 5179 -Ὀ
764 5125 863 5196 μὲν
889 5125 983 5188 οὖν
1019 5129 1156 5184 ἐνόει
1183 5131 1244 5182 τὸ
1278 5133 1536 5203 γράμμα,
1559 5134 1707 5188 τοῦτ’
1753 5132 1823 5208 ἦν

259 5217 400 5284 ὅπερ
431 5218 525 5270 καὶ
554 5217 719 5279 αὐτὸς
751 5218 1073 5289 ἐστοχάζετο
1104 5218 1380 5289 βασιλεὺς,
1413 5223 1487 5285 ὡς
1511 5224 1542 5276 ὁ
1568 5224 1677 5277 τῶν
1705 5226 1835 5296 περὶ

260 5307 445 5361 αὐτῶν
475 5309 892 5380 διασκεδασμδς,
921 5311 1136 5375 οὐδενὸς
1169 5313 1356 5383 ἑτέρου
1401 5314 1579 5384 χάριν,
1617 5317 1649 5387 ἢ
1684 5317 1834 5382 ὅπως

258 5398 425 5463 αὐτὸς
455 5399 685 5470 γένηται
732 5401 1176 5474 εὐεπιχείρητος,
1208 5403 1319 5474 εἴη.
1364 5403 1469 5459 Τὸν
1509 5406 1696 5478 μέντοι
1735 5425 1830 5478 γε-

329 5541 348 5574 ¹
375 5539 534 5596 Joan.
567 5558 678 5608 xvt,
711 5543 802 5600 32.

1934 4599 2065 4654 mini
2087 4599 2460 4668 unusquisque,
2482 4606 2530 4650 et
2555 4613 2633 4650 me
2648 4595 2817 4650 solum
2847 4595 3158 4665 relinquatis
3180 4595 3217 4658 ‘,
3243 4593 3296 4646 ni
3319 4593 3525 4646 stultus

1943 4690 2041 4755 sis,
2095 4689 2414 4760 assequeris
2469 4688 2661 4757 utique
2713 4687 2844 4757 quid
2900 4687 3138 4741 dicatur.
3170 4684 3304 4755 Ejus
3332 4681 3523 4751 scripti

1938 4781 2211 4836 sententia
2236 4780 2352 4834 haec
2377 4787 2515 4845 erat,
2543 4793 2705 4848 quam
2727 4787 2783 4833 et
2816 4791 2986 4847 nepos
3009 4775 3125 4845 ipse
3153 4772 3481 4844 conjiciebat
3506 4789 3521 4825 :
3557 4832 3570 4838 ἰ

1943 4873 2247 4929 amicorum
2299 4886 2527 4926 suorum
2586 4870 2986 4939 dispersionem
3039 4881 3148 4920 non
3179 4865 3320 4918 alius
3350 4865 3522 4933 gratia

1942 4964 2084 5026 ﬁeri,
2118 4977 2284 5034 quam
2319 4971 2378 5016 ut
2408 4961 2526 5032 ipse
2556 4961 2902 5016 commodius
2936 4957 3120 5013 invadi
3176 4955 3523 5024 Opprimique

1939 5065 2145 5127 posset.
2199 5057 2498 5110 Auctorem
2533 5054 2826 5124 scripturae
2870 5052 3035 5122 hujus
3082 5045 3430 5118 postmodum
3464 5045 3518 5100 in

1935 5161 2072 5216 pace
2105 5157 2326 5214 quoque
2381 5143 2476 5197 diu
2510 5143 2829 5212 indagatum
2863 5155 2974 5194 non
3032 5138 3279 5193 invenit:
3311 5136 3519 5190 interea

1937 5243 2170 5287 mortem
2221 5232 2428 5287 obiisse
2459 5231 2704 5285 creditus
2743 5238 2846 5284 est.
2876 5229 2945 5284 Et
2977 5227 3094 5282 haec
3123 5225 3346 5296 quidem
3374 5225 3528 5294 ejus,

1935 5323 2084 5378 modi
2140 5322 2386 5378 fuerunt.
2449 5322 2658 5377 Eodem
2716 5337 2843 5376 vere
2895 5336 2993 5376 xut
3054 5320 3166 5391 (25)
3247 5303 3517 5374 Kalendas

1936 5413 2107 5471 Maias
2171 5414 2474 5473 indictione
2545 5422 2741 5485 quarta
2805 5413 2934 5470 anni
3001 5412 3181 5469 sexies
3238 5409 3516 5467 millesimi

1512 5621 1724 5686 Jacobi
1764 5626 2035 5708 Pontani
2073 5636 2263 5692 uotae.

492 5714 568 5772 De
611 5715 1010 5776 indictionibus
1074 5720 1171 5792 qui
1241 5721 1406 5790 volet,
1439 5722 2002 5795 legatCovarruviatu
2058 5729 2348 5786 Varini-um
2391 5729 2770 5790 resolutionum
2797 5730 2896 5788 lib.
2934 5746 2972 5801 ι,
3020 5745 3142 5806 cap.
3203 5726 3288 5797 ιθ,
3356 5739 3510 5782 nunt.

254 5779 381 5841 ea
413 5785 465 5840 7.
