4012 6622
513 357 615 418 155

1697 362 2023 423 JOANNIS
2062 361 2590 424 CANTACUZENI

3660 359 3769 422 156

519 467 955 536 octingentestmi
993 469 1238 525 vicesimi
1272 470 1401 524 noni
1435 467 1573 538 (26),
1606 480 1731 540 post
1757 470 1934 525 noctis
1969 485 2082 524 me-

2194 470 2430 539 γραφότα
2476 469 2574 524 καὶ
2621 468 2849 540 ὕστερον
2891 470 2950 523 έν
2993 469 3106 532 τοῖς
3149 467 3247 537 τῆς
3291 466 3517 538 εἰρήνης
3543 474 3774 538 καιροῖς

509 555 682 620 dium,
716 557 828 612 sole
851 558 957 613 iam
990 558 1056 612 ad
1091 557 1489 627 apportandum
1522 558 1666 613 diem
1691 573 1845 612 nova:
1869 557 2078 612 hebdo-

510 647 685 720 madis
707 649 1008 702 secundum
1036 647 1148 718 (9.7)
1179 665 1406 718 surgere
1461 656 1712 718 parante,
1749 657 1927 718 porta.
1958 663 2082 718 quae

510 739 577 792 ad
612 739 966 809 Gyrolimnen
1015 742 1344 811 appellatur,
1379 750 1622 796 reserata
1653 741 1790 811 (28),
1824 751 2078 809 tanquam

509 830 578 883 ad
607 841 864 884 venatum
891 832 1080 902 junior
1115 834 1415 902 imperator
1447 833 1702 897 excessit,
1735 834 1923 901 paucis
1956 831 2080 901 qui-

510 920 741 974 busdam
777 920 1019 987 famulis,
1049 924 1280 977 canibus
1331 923 1483 986 item,
1508 932 1566 977 et
1621 923 1812 977 avibus
1839 921 2083 976 venatri-

510 1011 673 1063 cibus
703 1012 1019 1065 comitatus.
1047 1012 1202 1078 Quod
1237 1014 1366 1082 quia
1414 1013 1701 1066 iactitabat
1725 1013 1944 1082 quoties
1969 1012 2085 1080 pla-

513 1101 743 1163 cuisset,
794 1115 960 1154 nemo
1010 1102 1130 1172 ejus
1181 1102 1362 1170 fugam
1423 1101 1614 1164 sensit,
1651 1117 1756 1156 nec
1785 1100 2082 1170 quidquam

515 1191 784 1245 tumultus
815 1191 942 1245 inde
983 1203 1170 1248 natum
1202 1201 1304 1246 est.
1343 1192 1595 1262 Majorem
1621 1207 1782 1262 porro
1806 1192 2088 1246 ministro-

513 1297 660 1341 rum.
717 1285 1136 1351 amicorumque
1207 1291 1418 1352 partem
1491 1299 1615 1338 cum
1681 1283 2088 1352 impedimentis

516 1371 702 1440 pridie
731 1387 829 1440 per
862 1387 1054 1425 omnes
1086 1379 1274 1441 portas
1306 1374 1457 1426 urbis
1489 1373 1721 1442 sparsim
1750 1373 1920 1439 exire,
1948 1383 2002 1428 et
2031 1374 2084 1427 in

514 1463 636 1518 loco
671 1480 701 1518 a
730 1480 789 1519 se
815 1463 1042 1519 deﬁnito
1067 1464 1351 1519 collectam
1405 1474 1722 1532 exspectare
1747 1464 1914 1534 jussit
1945 1463 2084 1535 (29).

513 1558 634 1621 Quo
675 1569 800 1610 cum
860 1556 1128 1621 venisset,
1177 1555 1354 1625 juncti
1426 1570 1636 1620 omnes,
1687 1563 2088 1624 protostratore

514 1647 681 1699 etiam
718 1657 1008 1716 przcsente,
1053 1647 1196 1701 viam
1245 1646 1634 1716 Adrianopoliu
1665 1646 1984 1716 carpebant.
2006 1645 2089 1701 Ad

519 1736 746 1808 Nigrum
793 1739 1102 1811 [hlelaoem]
1131 1749 1312 1794 autem
1350 1739 1550 1793 ﬂumen
1585 1739 1720 1807 (30),
1745 1742 1888 1810 quod
1924 1756 2086 1796 voca-

519 1841 630 1892 tur,
683 1831 1162 1900 appropinquans,
1210 1833 1474 1903 juxtaque
1539 1847 1763 1902 magnos
1814 1848 2082 1902 equorum

516 1935 709 1990 greges
746 1921 854 1974 late
905 1936 1156 1990 campum
1203 1922 1495 1976 tondentes
1529 1923 1809 1992 reperiens
1843 1923 1900 1992 (ii
1926 1933 2086 1978 erant

519 2012 718 2079 partim
759 2012 994 2065 militum
1025 2011 1493 2083 Constantinopoli
1526 2013 1864 2082 degentium,
1888 2015 2085 2084 partim

519 2105 844 2170 optimatum
872 2119 936 2158 ae
973 2105 1438 2175 magistratuum),
1471 2107 1605 2161 nihil
1640 2107 1969 2178 injuriarum
2002 2109 2086 2161 in-

519 2195 663 2249 ferre
708 2194 914 2257 voluit,
974 2198 1261 2266 vetuitque
1327 2197 1560 2253 comites
1622 2213 1823 2252 novum
1880 2198 2087 2268 aliquid

519 2286 630 2356 59
656 2287 855 2349 moliri,
892 2297 944 2340 et
990 2297 1237 2356 pastores
1279 2289 1534 2358 equarios
1577 2289 1828 2344 hortatus
1869 2299 1974 2354 est,
2004 2305 2091 2344 ar-

521 2386 702 2429 menta
737 2377 789 2430 in
827 2378 1017 2431 urbem
1044 2387 1298 2448 agerent.
1354 2395 1422 2433 ne
1473 2380 1612 2434 forte
1643 2397 1675 2434 a
1705 2382 2092 2436 tumultuanti-

522 2467 628 2521 bus
651 2467 1047 2538 diriperentur.
1078 2470 1284 2524 Deinde
1317 2486 1512 2541 magno
1537 2472 1860 2536 domestico,
1881 2481 1938 2526 et
1967 2473 2093 2545 Syr-

519 2563 717 2628 g'anue
753 2574 973 2628 qu0que
1030 2564 1338 2628 conventis,
1383 2573 1648 2629 quantum
1683 2574 1957 2634 poterant,
1991 2566 2096 2620 iter

526 2665 753 2719 pergere
788 2651 1139 2705 maturabant
1171 2669 1185 2706 :
1221 2668 1285 2708 ac
1323 2654 1627 2709 secundum
1679 2656 1963 2711 meridiem
1986 2658 2093 2712 diei

523 2741 806 2808 sequentis
824 2741 1218 2812 Adrianopolin
1250 2743 1542 2808 intrantes,
1569 2745 1639 2800 ab
1672 2747 1864 2802 incolis
1887 2748 2094 2804 adven-

525 2840 640 2886 tum
669 2832 818 2885 hune
862 2834 1014 2887 velut
1045 2832 1139 2888 Dei
1169 2835 1477 2906 cujuspiam
1515 2836 1752 2892 faustum
1784 2839 1888 2894 sibi
1925 2841 2096 2895 inter-

527 2922 877 2990 pretantibus
909 2923 1045 2994 (5|),
1069 2925 1312 2995 jucunde
1343 2928 1554 2997 accepti
1578 2937 1730 2984 sunt.
1751 2929 1900 2986 Avus
1928 2946 2098 2998 nepo-

2183 563 2352 615 πολλὰ
2382 561 2625 632 ζητήσας
2663 564 2690 615 ό
2739 561 3016 630 βασιλεὺς,
3051 565 3151 616 οὐκ
3184 562 3344 631 ἔσχεν
3382 560 3563 630 εὑρεῖν
3593 577 3611 592 ο
3653 562 3776 613 ἑνο-

2185 652 2355 722 μίσθη
2401 653 2450 706 δ’
2508 655 2566 705 έν
2611 652 2690 722 τῷ
2750 652 2952 720 μεταξὺ
3001 652 3178 720 χρόνῳ
3225 650 3541 704 ἀποθανεῖν.
3597 650 3772 702 Ἀλλὰ

2180 745 2352 797 ταῦτα
2387 743 2486 812 μὲν
2516 737 2621 797 ὧδέ
2654 761 2731 813 πη
2759 743 2935 812 ἔσχεν.
2996 742 3103 795 Τοῦ
3136 742 3182 796 δ’
3205 741 3370 796 αὑτοῦ
3410 737 3568 812 ἦρος,
3609 743 3777 794 ἐννά-

2181 849 2281 902 την
2305 833 2528 899 ἄγοντος
2568 832 2877 900 ’Λπριλλίου
2905 833 3038 900 πρὸς
3070 835 3191 894 ταῖς
3221 831 3374 896 δέκα,
3402 832 3647 884 ίνδίκτου
3683 848 3776 883 τε·

2182 925 2391 994 τάρτης
2427 923 2520 976 τοῦ
2551 923 2772 976 ὲννάτου
2808 925 2903 976 καὶ
2945 921 3196 976 εἰκοστοῦ
3247 922 3383 991 πρὸς
3440 924 3554 984 τοῖς
3600 921 3778 972 ὀκτα-

2184 1014 2389 1077 κοσίοις
2416 1015 2511 1068 καὶ
2539 1014 2926 1084 ἑξακισχιλίοις
2956 1013 3132 1079 ἔτους,
3173 1013 3311 1083 μετὰ
3351 1014 3522 1081 μέσας
3555 1012 3776 1074 νύκτας

2185 1105 2281 1159 τοῦ
2317 1107 2455 1174 πρὸς
2483 1108 2582 1178 τὴν
2603 1106 2867 1176 δευτέραν
2895 1107 2994 1174 τῆς
3022 1104 3148 1167 νέας
3179 1103 3473 1172 ἑϐδομάδος
3509 1103 3776 1172 ἀνίσχον-

2185 1215 2274 1260 τος
2298 1197 2587 1268 ήλίου,τὰς
2615 1198 2750 1267 πρὸς
2765 1196 2863 1264 τὴν
2889 1196 3230 1265 Γυρολίμνην
3258 1193 3562 1262 λεγομένας
3586 1193 3777 1245 ὐπανο

2185 1289 2335 1354 οίξας
2391 1289 2590 1353 πύλας,
2637 1288 2713 1350 ὡς
2749 1288 2884 1358 πρὸς
2933 1287 3107 1357 Θήραν
3139 1287 3300 1354 δῆθεν
3338 1287 3365 1340 ό
3395 1284 3515 1348 νέος
3565 1284 3775 1353 ἐξῆλθε

2191 1380 2466 1450 βασιλεὺς,
2515 1380 2727 1448 ὀλίγους
2765 1378 2922 1442 τινας
2962 1377 3072 1430 τῶν
3121 1377 3348 1430 οἰκετῶν
3394 1375 3774 1444 ὶπαγὸμενος,

2189 1469 2358 1532 κύνας
2377 1485 2429 1520 τε
2451 1468 2543 1520 καὶ
2561 1467 2740 1538 ὄρνεις
2757 1466 3104 1538 ἠσκημένους
3127 1463 3436 1536 ΘηρᾷνῙΗν
3457 1464 3503 1519 δ’
3519 1463 3580 1527 ἐξ
3607 1465 3777 1527 ἔθους

2191 1558 2338 1629 αὑτῷ
2361 1557 2520 1612 τοῦτο
2549 1561 2724 1611 ποιεῖν
2744 1559 2834 1612 ὅτε
2868 1557 3135 1627 βούλοιτο,
3167 1559 3259 1610 καὶ
3279 1555 3369 1610 διὰ
3391 1554 3538 1610 τοῦτ’
3565 1555 3777 1624 αἴσθη-

2201 1667 2290 1704 σιν
2349 1650 2606 1719 οὐδεμίαν
2665 1651 2786 1704 οὐδὲ
2839 1650 3086 1720 ταραχὴν
3139 1651 3166 1702 ό
3215 1647 3456 1718 δρασμὸς
3504 1650 3775 1716 παρεῖχε.

2194 1743 2330 1804 Τοὺς
2360 1741 2417 1795 δέ
2442 1758 2505 1808 γε
2541 1742 2758 1804 πλείους
2803 1741 2912 1794 τῶν
2949 1740 3176 1793 οἰκετῶν
3203 1740 3294 1792 ταὶ
3323 1739 3433 1791 τῶν
3457 1738 3635 1806 φίλων
3667 1738 3777 1790 αὖε

2187 1837 2308 1897 ταῖς
2338 1835 2560 1898 σκευαῖς
2589 1836 2656 1903 τῇ
2691 1833 2796 1902 πρὸ
2831 1834 2930 1900 τῆς
2972 1831 3234 1899 δευτέρας
3272 1831 3777 1899 διεσκεδασμένους

2187 1926 2328 1980 κατὰ
2367 1926 2545 1987 πάσας
2578 1927 2676 1987 τὰς
2700 1927 2799 1994 τῆς
2827 1923 3035 1986 πόλεως
3065 1923 3240 1985 πύλας
3285 1923 3575 1975 ἐκέλευσεν
3617 1921 3778 1987 ἐξελ.

2188 2018 2400 2080 οόντας.
2442 2018 2503 2070 ὲν
2539 2005 2831 2086 ὡρισμένῳ
2894 2016 3001 2072 τινὶ
3028 2015 3214 2084 χωρίῳ
3245 2011 3775 2084 συναθροιζομένους

2188 2109 2532 2182 περιμένειν.
2555 2102 2633 2164 Οὗ
2661 2108 2726 2178 δὴ
2755 2108 2850 2162 καὶ¹
2879 2107 3192 2175 γενόμενος,
3240 2105 3335 2160 καὶ
3373 2107 3486 2169 τοῖς
3531 2106 3773 2167 οἰκείοις

2191 2202 2491 2272 συμμίξας,
2525 2201 2627 2270 τῆς
2657 2201 2737 2264 είς
2786 2200 2886 2268 τὴν
2943 2198 3228 2269 Ἀδριανοῦ
3278 2199 3434 2252 πόλιν
3487 2198 3775 2268 φερούσης

2191 2297 2388 2364 εῐχετο,
2421 2295 2674 2356 συνόντος
2711 2294 2806 2348 καὶ
2832 2290 3334 2362 πρωτοστράτορος.
3365 2291 3671 2360 Γενόμενος
3714 2291 3774 2343 δὲ

2193 2388 2331 2457 πρὸς
2369 2386 2461 2439 τὸν
2500 2367 2726 2438 Μέλανα
2757 2383 3094 2452 καλούμενον
3146 2381 3394 2451 ποταμὸν
3439 2381 3536 2435 καὶ
3581 2382 3774 2434 ἵππων

2197 2476 2416 2530 πολλῶν
2455 2475 2658 2542 ἀγέλας
2690 2475 2822 2545 παρ’
2851 2472 3000 2542 αὐτῷ
3043 2472 3349 2541 νεμομένας
3395 2471 3568 2542 εὑρὼν
3604 2466 3775 2541 (ἦσαν

2193 2567 2238 2621 δ’
2273 2569 2431 2620 ἵπποι
2458 2567 2558 2634 τῆς
2585 2565 2884 2636 ἱδρυμένης
2931 2565 2992 2615 ὲν
3025 2561 3306 2631 Βυζαντίῳ
3353 2563 3638 2630 στρατιᾶς,
3669 2562 3772 2614 καὶ

2194 2661 2303 2713 τῶν
2331 2658 2510 2712 ἄλλων
2538 2655 2919 2726 συγκλητικῶν
2942 2656 3038 2709 καὶ
3063 2655 3400 2719 πολιτικῶν),
3431 2653 3588 2707 οὐδὲν
3639 2653 3774 2719 me.

2195 2752 2362 2821 λησεν
2386 2751 2667 2818 ἀδικῆσαι·
2697 2749 2834 2803 ἀλλὰ
2877 2751 2991 2812 τοῖς
3029 2766 3089 2802 τε
3126 2747 3515 2813 συνεπομένοις
3563 2747 3771 2800 ἀπεῖπε

2199 2843 2539 2913 νεωτερίζειν
2582 2842 2772 2912 μηδὲν,
2806 2843 2902 2896 καὶ
2938 2845 3048 2903 τοίς
3092 2840 3450 2909 ίπποφορΰοῖς
3507 2839 3770 2892 ἐκέλευσε

2201 2937 2328 2999 τοὺς
2387 2935 2584 2997 ἵππους
2615 2934 2879 2995 λαϐόντας
2923 2934 3058 3003 πρὸς
3104 2933 3202 3002 τὴν
3248 2933 3403 2984 πόλιν
3433 2934 3656 3002 χωρεῖν,
3694 2931 3770 3000 μὴ

527 3013 598 3067 tis
627 3012 750 3084 fuga
773 3014 956 3068 audita
985 3025 1369 3070 consternatus
1403 3017 1744 3087 aliquandiu,
1777 3027 1837 3073 ut
1863 3020 2092 3089 primum

2202 3029 2448 3099 ταραχῆς
2487 3045 2633 3090 τινος
2677 3027 2980 3096 γενομένης
3034 3025 3469 3094 διαρπασθῶσιν.
3533 3024 3771 3092 Ἐφεξῆς

524 3106 645 3170 lux,
675 3106 846 3160 menti
885 3107 1097 3161 reddita
1146 3118 1251 3172 est,
1281 3109 1544 3178 parvique
1571 3127 1684 3165 rem
1717 3113 1916 3182 negotii
1947 3114 2092 3184 judi-

2199 3122 2257 3176 δὲ
2292 3119 2562 3174 συνελθὼν
2593 3119 2688 3173 καὶ
2715 3116 2793 3187 τῷ
2852 3117 3077 3186 μεγάλῳ
3130 3115 3436 3184 δομεστίκῳ
3490 3115 3582 3166 καὶ
3632 3115 3772 3182 Συρ-

527 3197 692 3260 cavit,
720 3214 845 3252 eum
877 3200 1156 3268 captivum
1186 3200 1388 3256 ducere
1418 3203 1882 3272 (quandoquidem
1921 3213 2092 3260 totum

2199 3216 2417 3283 γιάννῃ,
2452 3210 2527 3273 ὼς
2577 3206 2723 3279 εἶχον
2757 3209 2918 3278 ἤνυον
2964 3207 3062 3277 τὴν
3101 3208 3240 3260 όδόν’
3275 3209 3369 3259 καὶ
3417 3206 3556 3275 μετὰ
3588 3204 3768 3273 μέσην

522 3289 630 3343 sub
655 3305 713 3343 se
754 3289 1066 3358 imperium,
1095 3301 1151 3345 et
1201 3294 1499 3347 exercitum
1532 3294 1778 3363 haberet)
1800 3296 2092 3364 quemdam

2199 3305 2300 3373 τῆς
2332 3304 2470 3374 μετὰ
2500 3302 2598 3371 τὴν
2641 3301 2898 3368 δευτέραν
2941 3299 3180 3368 ἡμέρας,
3217 3292 3295 3360 εὶς
3341 3297 3439 3367 τὴν
3482 3294 3768 3365 Ἀδριανοῦ

524 3380 595 3434 de
642 3382 964 3450 proceribus
1020 3382 1135 3436 suis
1161 3382 1492 3438 OManuelcm
1541 3384 1774 3454 Tagarin
1839 3399 2092 3452 magnum

2201 3396 2508 3464 φθάσαντες
2537 3391 2975 3460 εἰσεληλύθασιν,
3005 3393 3178 3462 ἡδέως
3203 3391 3625 3460 ὑποδεξαμένων
3655 3391 3767 3444 τῶν

524 3473 1058 3543 stratopedarcham,
1113 3477 1209 3529 vili
1265 3486 1322 3530 et
1369 3477 1605 3532 obscuro
1635 3494 1835 3547 genere
1885 3489 2091 3545 ortum,

2198 3486 2494 3540 οἰκούντων
2519 3485 2617 3555 τὴν
2651 3483 2828 3546 πόλιν,
2855 3483 2950 3535 καὶ
2976 3482 3085 3534 τῶν
3127 3481 3453 3552 κρειττόνων
3488 3480 3633 3542 τινὸς
3663 3479 3767 3548 τὴν

523 3581 624 3619 seu
658 3566 984 3620 strenuitate
1045 3575 1102 3620 et
1128 3567 1356 3622 audacia
1395 3569 1613 3624 militari
1645 3585 1674 3622 a
1705 3571 2002 3640 semetipso
2025 3571 2092 3626 ad

2203 3579 2470 3648 βασιλέως
2521 3576 2815 3646 οίηθέντων
2859 3573 3180 3642 ἐπιδημίαν.
3227 3573 3286 3626 '0
3321 3573 3502 3642 μέντοι
3529 3571 3769 3640 πρεσϐύο

525 3673 795 3712 summam
847 3659 1078 3728 gloriam
1129 3669 1448 3728 provectum
1497 3667 1647 3727 (nam
1703 3661 2092 3731 Philadelphia

2201 3683 2358 3733 τερος
2383 3666 2635 3734 βασιλεὺς
2662 3665 2753 3717 τὸν
2784 3665 2878 3718 τοῦ
2914 3665 3138 3732 ἐγγόνου
3168 3665 3412 3735 δρασμὸν
3462 3664 3763 3735 γνωρίσας.

525 3749 804 3822 Lydorum
835 3750 948 3822 (32)
977 3761 1166 3806 contra
1199 3751 1390 3806 Persas
1416 3752 1585 3806 multa
1614 3755 1888 3824 praeclarae
1918 3755 2092 3809 virtu-

2201 3756 2540 3810 διασέσειστο
2586 3758 2684 3826 μὶν
2739 3755 2825 3808 ἐπ’
2872 3756 3056 3822 ὀλίγον
3100 3756 3225 3818 τοὺς
3271 3756 3613 3826 λογισμοὺς.
3666 3751 3764 3808 εἶτ’

1789 3873 2005 3935 Jacobi
2045 3875 2308 3936 Pontani
2350 3881 2540 3936 noue.

600 3993 712 4066 (26)
758 3992 1159 4066 Cceptumhoc
1204 3995 1406 4050 bellum
1431 3995 1498 4066 ab
1529 4010 1746 4066 egressu
1778 3996 2092 4051 Constanti-

525 4065 710 4134 nopoli
747 4065 1039 4119 Andronici
1068 4065 1326 4132 junioris,
1356 4069 1446 4134 qui
1475 4065 1600 4128 fuit,
1633 4077 1693 4120 ut
1723 4081 1820 4120 nos
1851 4081 2024 4119 annos
2060 4081 2088 4120 a

523 4135 744 4191 (.‘hristo
773 4146 900 4189 nato
931 4151 1304 4199 numeramus,
1334 4135 1490 4189 1521.
1517 4139 1636 4200 Quo
1658 4137 1850 4190 eodem
1877 4136 2090 4189 obierat

526 4205 756 4259 Michael
779 4205 898 4272 ejus
921 4217 1096 4274 pater,
1119 4206 1370 4272 quamvis
1394 4205 1614 4274 Octobri
1637 4204 2047 4274 menseobierit
2071 4220 2086 4267 ;

523 4274 699 4328 Graeci
733 4276 879 4327 enim
911 4272 1118 4326 annum
1146 4289 1307 4329 suum
1335 4289 1365 4326 a
1393 4272 1703 4342 Septembri
1734 4273 2089 4327 inchoabant.

531 4345 770 4397 Finitum
812 4345 972 4396 1527.

601 4413 723 4496 φιλ
741 4412 894 4496 ‘Néav
941 4412 1220 4492 ἑϐδομάδῆ
1240 4420 1426 4496 noster
1454 4418 1634 4496 vocat,
1669 4426 1832 4496 quam
1865 4411 2089 4496 quidam
2117 4437 2168 4496 Ι)

528 4482 798 4548 ὲῆδομάδα
849 4483 1248 4550 διακαινισμοῦ.
1287 4481 1665 4534 hebdomadam
1696 4483 2052 4534 renouationis
2075 4522 2090 4545 ,

531 4553 585 4607 id
617 4560 723 4620 est,
769 4551 1164 4604 hebdomadem
1198 4550 1532 4620 paschalem,
1569 4566 1675 4620 qua
1707 4550 2094 4620 Resurrectio-

531 4623 617 4675 nis
665 4619 876 4673 Domini
933 4619 1247 4674 memoriam
1287 4620 1538 4674 colimus.
1589 4619 1720 4673 Nam
1771 4619 1990 4675 Christo
2038 4621 2095 4674 in

529 4692 698 4744 vitam
744 4691 1028 4751 redeunte,
1073 4698 1330 4743 renovata
1371 4703 1424 4743 et
1479 4690 1780 4744 instaurata
1824 4699 1952 4744 sunt
1983 4705 2101 4742 om-

531 4775 642 4822 nia,
695 4770 753 4812 ut
786 4762 934 4814 canit
971 4761 1270 4812 Venantius
1309 4759 1361 4811 in
1403 4759 1648 4812 carmine
1685 4761 1750 4814 de
1781 4759 1999 4813 Pascha.
2037 4759 2098 4813 ln

528 4846 640 4901 quo
667 4829 937 4901 declarata
961 4845 1138 4901 rerum
1170 4827 1571 4901 remiseentium
1595 4829 1856 4884 varietate
1879 4828 2098 4884 Christo

530 4897 560 4958 ti
596 4899 824 4953 mortuis
855 4899 1194 4961 resuscitato,
1228 4897 1398 4953 addit.

674 5037 676 5039 .
734 4991 868 5045 Ecce
893 4989 1211 5043 renascentis
1237 4994 1461 5040 testatur
1494 4988 1667 5056 gratia
1709 4990 1911 5055 mundi,

735 5060 928 5117 Omnia
951 5075 1068 5112 cum
1095 5059 1306 5110 domino
1337 5057 1478 5109 dona
1516 5057 1712 5112 redisse
1736 5075 1852 5112 sua.

2265 4001 2360 4055 Vos
2398 4003 2608 4070 famuli,
2641 4016 2758 4069 qua:
2785 4001 2979 4061 dicam.
3016 4000 3208 4054 animis
3237 3996 3493 4070 advertite
3517 3999 3725 4056 vestris,

2261 4070 2355 4123 Est
2399 4068 2527 4125 urbe
2566 4068 2786 4139 egressis
2813 4072 3066 4131 tumulus,
3102 4068 3455 4135 tetuplumque
3501 4076 3763 4119 vetustum

2263 4140 2489 4194 Deserta:
2527 4140 2728 4194 Cereris
2771 4157 2788 4194 :
2820 4141 3082 4208 juxtaque
3123 4140 3340 4206 antiqua
3369 4151 3666 4201 cupressus,

2261 4208 2413 4262 Hanc
2437 4226 2501 4264 ex
2531 4211 2732 4263 diuerso
2758 4210 2928 4263 sedem
2957 4210 3223 4263 veniemus
3247 4209 3299 4260 iu
3323 4223 3509 4259 uuam.

2262 4301 2376 4370 ('50)
2399 4301 2586 4361 Μέλας
2616 4301 2864 4368 ποταμὸς
2893 4299 3292 4370 appellabatur,
3320 4310 3546 4366 propter
3563 4313 3763 4370 aquam

2192 4367 2375 4426 forsan
2447 4367 2833 4436 nigricanlem.
2902 4369 3158 4437 Gregorse
3209 4370 3480 4433 interpres
3541 4367 3762 4429 reddit,

2202 4443 2450 4511 Maurum
2494 4442 2730 4511 ﬂumen;
2770 4454 2895 4492 nam
2940 4438 3254 4511 recentibus
3306 4438 3510 4511 Graacis
3542 4437 3765 4511 Δμαῦρθν

2199 4519 2283 4564 est
2334 4507 2575 4578 nigrum.
2627 4507 2716 4562 Sic
2746 4519 2971 4577 pontum
3004 4507 3276 4578 Euxinum
3313 4507 3765 4578 μαυροθαλασσαν

2204 4576 2431 4641 νοοοηί,
2489 4584 2712 4647 propter
2750 4576 3109 4647 tempestates
3149 4576 3362 4638 fmdas,
3412 4586 3469 4629 et
3513 4577 3762 4647 nimbos.

2202 4664 2403 4718 eosque
2450 4645 2698 4718 subitos,
2738 4645 2940 4714 quibus
2971 4647 3452 4718 coelumserenum
3504 4659 3567 4699 ac
3597 4645 3765 4712 placio

2204 4715 2332 4772 dum
2381 4717 2626 4772 tenebris
2684 4726 2910 4783 repente
2961 4715 3219 4783 nigrescit
3247 4731 3273 4783 7:
3329 4729 3450 4767 nam
3503 4730 3640 4780 aqua
3685 4723 3763 4766 est

2204 4730 2332 4772 dum
2381 4730 2626 4772 tenebris
2684 4730 2742 4767 re
2785 4730 2910 4769 ente
2961 4730 3219 4783 ntgrescut
3260 4731 3273 4766 :
3329 4730 3450 4767 nam
3503 4730 3640 4780 aqua
3685 4730 3763 4766 ρει

2202 4787 2615 4856 litnpidissima;
2647 4783 2716 4838 de
2748 4730 2910 4838 ﬂuvio
2948 4794 3128 4836 autem
3159 4782 3350 4837 eadem
3384 4783 3763 4851 appellationis

2202 4855 2368 4912 causa
2394 4855 2577 4910 all'erri
2611 4870 2718 4908 non
2753 4863 2955 4923 potest.

2274 4945 2385 5014 (3i)
2435 4945 2655 5014 Vocem?
2689 4943 2845 5014 hanc,
2866 4939 3167 5014 κρείττωνΔ
3203 4939 3416 5014 deADeo
3448 4938 3761 5014 dictam._ex

2202 5009 2445 5072 Platonis
2491 5013 2770 5082 Saphista.
2822 5009 3100 5082 Plutarchi
3137 5010 3369 5082 Pyrrho,
3405 5010 3534 5063 item
3565 5009 3765 5082 exile-

2203 5085 2417 5140 liodoro
2441 5077 2682 5138 ostendit
2702 5079 2995 5134 Thesaurus
3035 5077 3230 5134 Graeca:
3253 5079 3448 5148 lingua:
3467 5079 3758 5142 ;crediturv

599 5154 716 5223 (28)
747 5153 883 5206 Dum
905 5151 1127 5223 illustris
1159 5148 1556 5223 resurrectionis
1583 5150 1692 5204 dies
1710 5149 1993 5223 illuxisset,
2020 5154 2100 5209 ait

525 5221 818 5295 Gregtiras,
866 5222 1166 5291 uesperique
1201 5221 1426 5295 decreta
1453 5221 1781 5295 egsequenda
1810 5232 2000 5285 essent,
2034 5226 2100 5278 de

529 5289 675 5354 more
732 5295 900 5362 petiit,
946 5289 993 5344 et
1033 5289 1235 5351 accepit
1265 5289 1448 5362 (claves
1483 5289 1827 5362 Ggrolimnia:
1874 5301 2042 5359 porta!
2081 5310 2099 5348 :

528 5367 625 5422 hoc
664 5360 802 5417 enim
843 5371 1055 5430 propter
1087 5361 1402 5430 matutinum
1425 5360 1752 5412 venationem
1779 5362 1951 5430 facere
1979 5378 2104 5414 cou-

529 5442 792 5487 sueverat.
848 5429 1020 5501 Igitur
1056 5431 1149 5482 sub
1186 5429 1419 5501 mediam
1465 5438 1687 5501 noctem,
1729 5432 1930 5484 cunctis
1981 5432 2106 5484 dor-

529 5502 832 5563 sitientibus,
874 5498 994 5552 eum
1031 5499 1280 5570 omnibus;
1302 5498 1596 5570 conjurotis
1628 5515 1884 5568 egressus,
1909 5503 2102 5570 postri-

527 5574 614 5624 a’ie
662 5572 718 5623 iu
767 5570 1106 5640 Syrgiannis.
1150 5577 1200 5624 et
1243 5568 1600 5640 Cantacuzeni
1636 5578 1814 5640 castra
1841 5568 2096 5638 pervenit.

533 5641 607 5693 Ili
655 5637 941 5692 enim’rum
973 5639 1169 5694 illustri
1202 5648 1469 5708 apparatu
1494 5637 1678 5707 fugam
1719 5637 1866 5692 illius
1903 5641 2104 5695 Adriov

530 5709 766 5780 nopolim
783 5710 1260 5780 (prastolabantur.

621 5779 736 5851 (‘29)
765 5779 930 5848 Quasi
959 5781 1092 5838 illud
1118 5777 1302 5838 dinem
1337 5777 1563 5845 diceret,
1596 5793 1634 5834 ιι
1669 5776 1883 5833 zEucid.
1907 5793 1926 5832 :

2203 5169 2310 5224 que
2359 5157 2459 5208 hoc
2488 5149 2762 5224 loquendi
2793 5165 2977 5224 genus
2999 5149 3396 5224 eXplicari_isto
3420 5149 3755 5224 Xenophon

2207 5216 2275 5278 tis
2305 5224 2448 5284 loco,
2486 5216 2678 5277 Pallia:
2704 5216 2822 5282 vnt',
2856 5216 3122 5286 κρείττων
3145 5235 3231 5280 τις
3259 5219 3290 5288 ἢ
3315 5219 3433 5271 κατ’
3457 5216 3759 5286 ἄνθρωπον,

2205 5295 2411 5347 homine
2433 5292 2641 5360 major,
2658 5292 2948 5360 augustior,
2972 5299 3081 5360 etc.

2275 5361 2387 5431 (32)
2431 5355 2560 5415 Eam
2594 5355 2892 5431 obsederat
2909 5355 3186 5412 Orchanes
3233 5357 3297 5419 ll.
3319 5355 3629 5431 Iuv-carum
3662 5357 3765 5431 im-

2205 5428 2460 5501 perator,
2499 5431 2585 5484 eui
2631 5443 2821 5501 postea
2855 5428 3266 5501 Cantacozenus
3312 5428 3478 5480 tiliam
3512 5441 3664 5480 suam
3709 5428 3758 5498 in

2205 5497 2490 5570 conjugem
2540 5500 2712 5570 dedit.
2751 5497 3042 5570 Egregiam
3093 5497 3166 5550 ibi
3211 5511 3444 5570 operam
3491 5504 3762 5570 nagarunt

2203 5563 2471 5635 Catélani,
2512 5582 2567 5624 et
2595 5563 2928 5636 Theoleptus
2951 5563 3261 5636 episcopus.
3287 5565 3531 5636 Meminit
3555 5563 3758 5632 Grego—

2205 5654 2296 5692 ras
2331 5641 2426 5693 lib.
2457 5656 2556 5703 vn,
2585 5648 2638 5692 et
2659 5635 3122 5706 Chalcocondylas
3146 5635 3290 5706 Ιίῠκι
3309 5653 3325 5702 ;
3347 5635 3548 5706 multis
3575 5643 3752 5686 autem

2205 5717 2328 5832 eost
2372 5711 2526 5764 annis
2544 5702 2705 5779 'eapta
2743 5715 2828 5762 est
2869 5721 2899 5762 a
2931 5702 3202 5777 Bajazete,
3233 5702 3506 5760 Orchauis
3535 5709 3753 5774 nepote,

2281 5794 2488 5832 nnner..

2281 5777 2488 5848 itnper..
