4012 6626
359 352 381 412 1
393 351 460 413 57

1534 365 2073 430 HISTORIARUM
2114 373 2348 436 LIBER
2393 378 2440 438 Ι.

3499 384 3597 449 153

358 461 643 566 ἀναλρϐὼν
661 464 872 534 ἑαυτὸν,
906 467 1000 522 καὶ
1032 470 1094 522 ού
1125 471 1267 555 μέγα
1293 474 1452 544 ἔργον
1487 477 1832 548 ἡγησάμενος
1861 484 1919 536 τὸ

2024 489 2109 554 tis,
2141 499 2197 544 et
2229 493 2592 562 imperatoria:
2628 495 2913 565 cujusdam
2965 497 3177 566 peritia:
3211 496 3451 553 facinora
3481 502 3600 554 edi-

356 551 451 604 τδν
487 552 713 622 ἔγγονον
738 559 1130 626 χειρώσασθαι,
1163 551 1257 616 ita
1290 567 1385 618 καὶ
1417 571 1676 638 στρατιᾶς
1703 576 1796 624 καὶ
1826 575 1923 644 τῆς

357 642 531 711 ἀρχῆς
571 646 791 714 ἀπάσης
819 648 910 701 ὑπ’
949 650 1098 717 αὐτῷ
1119 653 1309 725 οὔσης,
1357 658 1454 712 ἕνα
1493 660 1602 713 τῶν
1636 642 1925 733 συγκλητι-

358 733 470 784 ιιῶν
497 736 751 806 Μανηυηλ
795 738 1046 809 Τάγαριν
1079 744 1172 795 τὸν
1204 747 1378 814 μέγαν
1410 754 1921 826 στρατοπεδάρχην,

361 826 546 890 γένους
577 828 676 894 μὲν
698 828 1032 901 ὡρμημένον
1065 835 1129 886 ὲκ
1161 837 1369 902 φαύλου
1403 841 1499 893 καὶ
1541 842 1806 911 ἀφανοῦς,
1833 849 1924 901 ἀν-

357 913 478 984 δρία
509 915 566 968 δὲ
600 918 693 969 καὶ
723 920 900 993 τόλμῃ
931 925 998 994 τῇ
1029 927 1158 996 περὶ
1187 928 1287 990 τὰς
1325 930 1503 1000 μάχας
1528 934 1622 987 ἐπὶ
1670 937 1923 994 πλεῖστον

355 1005 508 1075 δόξης
533 1008 699 1061 αὐτὸν
729 1013 827 1079 ἀφ’
853 1015 1048 1070 ἑαυτοῦ
1074 1019 1403 1086 προελθόντα
1431 1025 1510 1090 (ἐν
1533 1025 1640 1095 γὰρ
1664 1028 1921 1081 Φιλαδελ-

354 1096 482 1188 φείᾳ
512 1101 578 1168 τῇ
611 1101 753 1154 κατὰ
775 1103 979 1157 Λυδίαν
1017 1108 1192 1162 πολλά
1235 1111 1332 1163 καὶ
1361 1113 1546 1182 χειρὸς
1593 1117 1689 1169 κα)⁸
1716 1118 1923 1188 τόλμης

353 1186 442 1272 καὶ
473 1191 846 1260 στρατηγικῆς
877 1194 1173 1272 ἐμπειρίας
1206 1201 1347 1254 κατά
1373 1203 1600 1272 Περσῶν
1621 1186 1922 1271 ἐνεδείξατο

352 1271 508 1341 εργα.
545 1275 620 1338 ὡς
653 1279 717 1330 ἐκ
745 1268 955 1334 τούτῶν
992 1284 1377 1352 θαυμασθέντα
1408 1268 1504 1343 καὶ
1533 1292 1716 1362 γάμου
1741 1268 1922 1364 τυγεῖν

353 1368 695 1432 ἐπιφανοῦς·
731 1375 798 1442 τῇ
851 1373 962 1444 γὰρ
1020 1376 1222 1449 ἀνεψιᾷ
1277 1382 1606 1445 συνέζευκτο
1656 1386 1922 1456 βασιλέως

353 1457 608 1548 Θεοδώρα
643 1465 706 1533 τῇ
752 1465 1056 1538 Ἀσανίνῃ),
1089 1471 1282 1524 τοῦτον
1309 1473 1373 1542 δὴ
1411 1475 1926 1548 μετακαλεσάμενος

355 1547 687 1615 δβασι).εὺς,
735 1555 796 1606 Ὀ
828 1556 961 1624 ἐμὸς
1009 1557 1274 1627 ἔγγονος.
1322 1561 1453 1632 ἔφη,
1503 1566 1700 1630 νυκτὸς
1749 1547 1924 1638 ᾤχετο

355 1639 597 1710 ἀποδρὰς
647 1643 746 1712 τῆς
779 1645 988 1710 πόλεως
1019 1651 1305 1720 ταυτησίν.
1360 1654 1536 1708 Ὅπου
1584 1657 1686 1725 μὲν
1729 1657 1822 1711 οὖν
1855 1659 1923 1712 ἂν

353 1726 628 1802 διατρίϐει,
678 1733 780 1786 οὐκ
817 1734 968 1789 ἔστιν
1016 1738 1215 1793 εἰδέναι
1251 1741 1462 1810 σαφῶς.
1519 1745 1692 1800 Τοῦτο
1723 1747 1780 1800 δὲ
1825 1749 1926 1802 πέε-

351 1835 582 1889 πεισμαι
613 1824 881 1893 ἀκριϐῶς,
925 1825 1002 1891 ὡς
1037 1830 1240 1899 ὀλίγων
1280 1833 1581 1903 ἀχθήσεται
1641 1836 1925 1909 δεσμώτης
1956 1817 1997 1870 Β

349 1911 575 1981 ἡμερῶν
605 1915 755 1968 εῑσω.
791 1917 864 1970 Τὸ
881 1918 940 1972 δὲ
964 1919 1059 1973 νῦν
1085 1920 1209 1990 ιχον
1239 1923 1404 1986 αὐτὸς
1435 1926 1726 1981 ἀναλαϐὼν
1758 1945 1896 2000 στρα

344 1999 474 2054 ,τιάν
523 2001 658 2074 ὅσην
714 2005 817 2060 οίει
869 2006 1006 2076 πρὸς
1049 2009 1112 2077 τὸ
1157 2010 1320 2081 ἔργον
1353 2014 1631 2083 ἀρκέσειν,
1666 1999 1925 2086 ἀπιστρά-

347 2106 541 2156 τευσον
587 2094 773 2158 αὐτοῖς
821 2098 1136 2163 καταπόδας
1165 2115 1182 2130 ⁸
1239 2102 1350 2156 κᾶν
1414 2106 1578 2173 μόνον
1628 2109 1921 2178 ἐγγένηται

360 2187 668 2266 συντυχεῖν,
701 2188 853 2241 οὐδὲν
884 2189 1070 2244 λοιπὸν
1110 2193 1145 2257 ἢ
1192 2193 1554 2264 δοριαλώτους
1579 2199 1922 2270 ὑποστρέψαι

353 2273 594 2328 λαϐόντα
625 2279 856 2342 πάντας·
908 2282 1136 2347 ἐκείνοις
1173 2285 1284 2354 γὰρ
1312 2289 1413 2358 οὐχ
1460 2290 1542 2342 ὅτι
1570 2290 1918 2360 ἀμύνασθαι,

358 2365 476 2426 ἀλλ’
501 2367 612 2420 οὐδ’
638 2370 958 2441 ἀντιϐλέψαι
975 2374 1040 2428 ἀν
1067 2392 1196 2429 ποτε
1229 2381 1572 2452 παρασταίη.
1589 2382 1920 2453 ὈΤάγαρις

350 2455 545 2524 μέντοι
599 2461 822 2525 συνετὸς
849 2461 926 2516 ὢν
958 2467 1052 2518 καὶ
1099 2467 1237 2537 πρὸς
1297 2471 1478 2539 μάχας
1523 2473 1919 2545 ἐξησκημένος,

354 2549 449 2602 Σοὶ
478 2549 598 2620 μιν,
625 2545 670 2606 ὦ
696 2555 956 2622 κράτιστε
986 2557 1235 2627 βασιλεῦ,
1258 2561 1387 2632 ἔφη,
1411 2564 1522 2618 τῶν
1545 2566 1727 2636 ὀλίγου
1757 2569 1918 2623 πόνου

351 2640 626 2710 δεομένων
680 2643 860 2713 ἔργων
911 2642 1054 2704 εἶναι
1092 2650 1244 2706 δοκεῖ
1291 2654 1353 2707 τὸ
1403 2655 1498 2709 τὸν
1549 2657 1642 2710 σὺν
1697 2657 1918 2727 ἔγγονον

350 2731 588 2802 ἀχθῆναι
619 2735 998 2808 συλληφθέντα
1026 2741 1336 2815 δεσμώτην·
1362 2747 1486 2817 ἐμοὶ
1523 2749 1580 2802 δὲ
1606 2751 1918 2807 τούναντίον

315 2824 523 2890 ,ἅπανο
553 2825 816 2916 βούλομαι
842 2831 908 2903 δὴ
949 2833 1052 2904 ἐμὲ
1093 2833 1398 2905 ψεύσασθαι
1447 2842 1542 2894 καὶ
1593 2842 1667 2913 μὴ
1730 2845 1789 2896 σὲ
1817 2846 1919 2916 τῆς

347 2917 583 2984 ἐλπίδος,
619 2914 666 2976 ὦ
701 2922 945 2992 βασιλεῦ.
979 2927 1151 2981 Τοῦτο
1183 2931 1284 3000 μὲν
1329 2932 1427 2986 οὖν
1463 2934 1645 2988 ὁποῖον
1689 2938 1755 2992 ἀν
1786 2914 1916 2992 ποτε

346 3009 779 3101 ἀποϐαίηςαύτό
816 3033 950 3083 φασι
976 3017 1160 3084 δείξει.
1203 3023 1357 3077 Ἐπεὶ
1383 3025 1427 3078 δ’
1456 3027 1723 3094 ἐπέταξας
1753 3047 1918 3101 στραο

345 3100 469 3156 τιάν
499 3098 845 3158 ἀναλαϐόντα
893 3108 1254 3164 καταδιώκειν
1285 3114 1516 3182 αὐτοὺς,

346 3193 572 3264 γένηται
605 3200 918 3268 συντυχεῖν,
945 3200 1006 3254 ού
1041 3202 1200 3270 μόνον
1236 3207 1336 3260 οὐκ
1359 3208 1774 3279 ἀμυνουμένων,
1802 3213 1918 3267 ἀλλ’

344 3285 458 3341 οὐδ’
491 3287 812 3358 ἀντιϐλέψαι
844 3292 1252 3364 τολμησόντων,
1274 3299 1350 3362 ὡς
1377 3299 1487 3371 ἔχω
1517 3305 1616 3357 καὶ
1639 3306 1767 3372 περὶ
1793 3305 1919 3358 τού-

346 3394 457 3433 των
498 3379 744 3450 γνώμης,
786 3381 919 3452 ἐρῶ.
955 3383 1061 3438 Τὸν
1103 3387 1338 3459 ἀριθμὶν
1365 3392 1468 3461 τῆς
1503 3394 1788 3466 παρούσης
1834 3397 1919 3450 ὲν-

347 3469 541 3524 ταυθοῖ
568 3475 852 3542 στρατιᾶς,
885 3475 945 3529 οὗ
1005 3478 1113 3547 μὴν
1161 3480 1301 3534 ἀλλά
1339 3483 1438 3535 καὶ
1482 3484 1581 3549 τὴν
1623 3485 1918 3557 ἐμπειρίαν

344 3566 443 3614 καὶ
475 3561 678 3632 τόλμαν
709 3566 737 3616 δ
770 3564 861 3627 σὸς
887 3565 1116 3636 ἔγγονος
1146 3571 1241 3624 καὶ
1271 3573 1320 3625 οἱ
1357 3573 1488 3644 περὶ
1527 3575 1693 3630 αὐτὸν
1730 3579 1916 3647 σαφῶς

346 3651 573 3716 ειδότες,
605 3653 707 3706 οὐκ
745 3654 812 3708 ἂν
841 3657 1151 3729 ἐτόλμησαν
1179 3664 1491 3732 τραπέσθαι
1519 3668 1657 3737 πρὸς
1685 3669 1785 3740 τὴν
1816 3687 1917 3739 φυ-

345 3741 472 3814 γὴν.
501 3745 553 3800 ,εί
588 3745 662 3816 μὴ
694 3747 966 3817 πρότερον
997 3750 1084 3803 ἐπ’
1113 3753 1305 3822 ἄκροις
1327 3755 1549 3826 δόρασιν
1580 3759 1918 3830 ἐξαρτήσαν-

343 3849 439 3895 τες
469 3834 566 3905 τὴν
599 3834 766 3908 ζωὴν,
802 3839 947 3892 οὕτω
1003 3843 1320 3912 παρέθηξαν
1363 3848 1611 3912 ἑαυτοὺς,
1643 3851 1718 3913 ὡς
1752 3854 1916 3908 πᾶσιν

340 3923 394 3977 οἳ
422 3923 489 3978 ἂν
518 3926 746 3980 ἐπίωσιν
775 3929 1148 4000 ἀμυνούμενοι
1183 3933 1348 4003 μέχρι
1376 3936 1473 3989 τοῦ
1500 3941 1710 3995 πεσεῖν.
1738 3943 1918 3995 Ἴσασι

341 4014 453 4082 γάρ
491 4016 677 4085 σαφῶς
718 4018 796 4082 ὡς
845 4019 913 4073 ἂν
957 4020 1180 4087 ἁλῶσιν,
1233 4023 1440 4093 ἣκιστα
1489 4026 1584 4079 τοῦ
1626 4029 1918 4084 ἀποθανεῖν

339 4107 624 4160 πείσονται
660 4110 1035 4180 μετριώτερα.
1068 4113 1273 4185 Διόπερ
1297 4115 1372 4179 ώς
1402 4116 1784 4188 τεθνηξόμενοι
1817 4137 1920 4192 μα-

341 4197 563 4268 χοῦνται
623 4201 718 4253 καὶ
786 4203 927 4274 ὑπὲρ
987 4203 1221 4276 δύναμιν
1272 4208 1624 4275 ἀφειδοῦντες
1681 4213 1912 4268 ἑαυτῶν.

341 4292 660 4346 Θανατῶσιν
683 4291 778 4348 οὖν
809 4295 1123 4366 ἀνθρώποις
1156 4298 1216 4362 ἐξ
1250 4299 1366 4353 ίσου
1394 4301 1488 4355 τοῦ
1514 4304 1752 4374 ἀριθμοῦ
1780 4324 1918 4377 συμ-ιι

2025 584 2196 644 derat.
2234 594 2292 639 et
2338 585 2409 639 ob
2454 587 2870 644 admirationem
2923 590 3048 645 inde
3098 598 3336 659 partam,
3368 607 3594 646 uxorem

2023 670 2222 726 illustri
2271 674 2396 728 loco
2443 678 2783 745 progenitam
2818 677 3159 733 Theodoram
3186 678 3457 733 Asaninen
3490 679 3597 732 im-

2022 765 2290 832 peratoris
2338 767 2723 822 consobrinam
2775 771 3102 837 acceperat),
3147 772 3310 824 hunc.
3345 770 3593 838 inquam,

2020 853 2322 908 Manuelem
2378 871 2706 912 accersens:
2739 857 2891 912 Meus
2941 875 3130 928 nepos,
3177 862 3274 922 ait.
3321 863 3594 930 prazterita

2020 956 2185 1000 nocte
2237 947 2468 1018 aufugit.
2525 947 2623 1002 Ubi
2657 959 2922 1012 moretur,
2971 961 3246 1018 pro.eerto
3277 951 3418 1005 haud
3455 953 3590 1005 scio.

2021 1037 2136 1091 Hoc
2167 1039 2386 1106 quidem
2412 1037 2544 1092 mihi
2569 1040 3068 1108 exploratissimum
3096 1041 3205 1104 'est.
3227 1042 3366 1096 intra
3395 1057 3597 1110 paucos

2021 1128 2136 1181 dies
2195 1128 2251 1181 in
2313 1129 2544 1183 vinculis
2585 1130 2651 1182 ad
2700 1145 2786 1184 me
2835 1132 3128 1187 adductum
3172 1133 3238 1186 iri
3284 1133 3598 1202 (35).Nunc

2021 1217 2297 1286 adjunctis
2350 1217 2449 1272 tibi
2516 1218 2809 1284 militibus,
2868 1231 3000 1289 quot
3053 1222 3303 1276 sufﬁcere
3355 1223 3593 1292 putabis,

2020 1307 2284 1373 fugitores
2326 1322 2424 1376 per
2449 1309 2676 1378 vestigia
2726 1308 3038 1379 insequere.
3063 1310 3482 1378 lnquas’simul
3508 1311 3596 1364 in-

2023 1398 2249 1461 cideris,
2288 1399 2426 1453 nihil
2488 1401 2593 1454 erit
2646 1401 2789 1470 quod
2845 1416 2973 1470 agas
3025 1401 3282 1470 amplius,
3327 1417 3492 1470 quam
3538 1409 3598 1454 ut

2023 1491 2199 1559 captis
2224 1491 2482 1546 omnibus
2513 1493 2737 1546 domum
2793 1502 3072 1548 revertare
3107 1511 3120 1547 :
3157 1493 3357 1562 quippe
3392 1493 3598 1562 quibus

2025 1596 2134 1635 non
2169 1582 2342 1635 solum
2380 1598 2438 1638 se
2483 1583 2798 1657 defendere,
2848 1585 2940 1638 sed
2988 1598 3098 1655 vos
3126 1594 3315 1638 contra
3349 1583 3597 1652 aspicere

2024 1689 2304 1742 nunquam
2327 1673 2384 1727 in
2418 1685 2656 1729 mentem
2689 1675 2891 1730 veniet.
2911 1677 2980 1730 At
3001 1675 3145 1728 enim
3177 1674 3401 1744 Tagaris
3433 1675 3596 1728 homo

2024 1765 2288 1836 prudens,
2322 1775 2378 1821 et
2425 1767 2659 1820 bellator
2703 1768 2929 1822 minime
2965 1767 3160 1822 rudis:
3191 1767 3288 1820 tibi
3343 1766 3593 1842 quidem,

2027 1856 2326 1926 imperator
2373 1858 2601 1926 Optime,
2641 1858 2840 1926 inquit,
2871 1853 3096 1912 minimc
3136 1857 3478 1926 negotiosum
3512 1853 3597 1906 vi-

2027 1947 2210 2013 detur,
2257 1958 2512 2019 nepotem
2569 1951 3057 2019 comprehendere,
3102 1951 3459 2018 vinctumque
3497 1948 3596 2002 ad-

2026 2039 2231 2095 ducere
2264 2057 2280 2098 :
2312 2055 2412 2112 ego
2445 2057 2576 2096 vero
2621 2042 2896 2097 diversum
2929 2043 3088 2112 plane
3119 2041 3300 2095 sentio
3333 2060 3346 2096 :
3381 2038 3594 2094 tametsi

2023 2133 2186 2202 cupio
2213 2149 2454 2193 sane,me
2473 2133 2729 2203 opinione
2758 2135 2937 2203 potius
2967 2134 3415 2202 aberrare,quam
3447 2147 3596 2201 spem

2024 2234 2175 2278 tuam
2225 2225 2423 2295 decipi.
2461 2224 2564 2279 Sed
2616 2225 2780 2295 hujus
2819 2225 3036 2279 consilii
3067 2235 3324 2277 eventum
3359 2239 3444 2277 res
3481 2224 3594 2292 ipsa

2024 2315 2249 2370 docebit
2273 2316 2406 2386 (54).
2434 2315 2704 2382 Quoniam
2734 2325 2917 2370 autem
2965 2316 3256 2380 mandasti,
3297 2325 3356 2369 ut
3388 2314 3595 2368 delecta

2022 2419 2187 2458 manu
2223 2420 2319 2459 eos
2365 2420 2729 2476 persequerer
2758 2425 2771 2460 :
2803 2421 2924 2459 nam
2964 2405 3007 2460 si
3043 2421 3138 2460 eos
3186 2419 3465 2473 assequar,
3496 2419 3597 2456 nec

2022 2496 2426 2558 resistere,nec
2459 2512 2557 2550 nos
2596 2498 2842 2566 aspicere
2883 2497 3366 2559 ausuros;'etiam
3403 2495 3455 2546 in
3493 2495 3598 2547 hoc

2020 2585 2149 2655 quid
2206 2585 2313 2640 mei
2356 2585 2553 2655 judicii
2613 2587 2706 2650 sit,
2757 2586 3005 2656 eloquar.
3054 2583 3282 2649 Quaan
3320 2584 3407 2637 hic
3440 2584 3598 2638 nobis

2018 2678 2212 2747 copim,
2245 2693 2406 2749 quam
2469 2679 2782 2733 exercitatae
2819 2689 2875 2732 et
2927 2679 3188 2731 animosa:
3236 2681 3365 2739 sint,
3427 2691 3595 2747 nepos

2020 2777 2169 2833 tuus,
2199 2778 2254 2822 et
2280 2754 2443 2822 amici
2499 2769 2621 2838 ejus
2667 2767 2980 2822 luculenter
3015 2767 3274 2832 scientes,
3309 2780 3429 2820 non'
3451 2783 3509 2821 se
3542 2769 3596 2822 in

2017 2857 2199 2928 fugam
2228 2857 2604 2922 tradidissent,
2631 2855 2686 2910 ni
2743 2857 2894 2927 prius
2924 2855 3036 2909 vita
3069 2855 3121 2908 in
3168 2855 3448 2908 hastarum
3478 2870 3597 2907 mu-

2019 2950 2279 3005 cronibus
2311 2965 2576 3019 suspensa
2613 2949 2750 3020 (35),
2801 2949 2944 3003 adeo
2979 2949 3302 3017 semetipsos
3347 2947 3596 3001 exacuis-

2019 3050 2161 3107 sent,
2183 3053 2242 3096 ut
2265 3043 2525 3097 adversus
2573 3039 2944 3110 quorumlibet
2978 3041 3395 3110 impressionem
3425 3053 3598 3108 usque

1577 3117 1654 3182 ὡς
1719 3121 1786 3173 ἂν
1831 3124 1920 3190 ἰὶγ·
1942 3137 1986 3200 C
2019 3134 2085 3189 ad
2117 3142 2348 3187 mortem
2392 3132 2688 3202 praeliaturi
2721 3131 2857 3186 sint.
2889 3132 3107 3186 Norunt
3151 3127 3297 3184 enim
3330 3129 3594 3199 perbene,

2019 3223 2065 3278 si
2118 3223 2170 3277 in
2205 3231 2532 3293 potestatem
2572 3225 2847 3284 venerint,
2901 3222 3010 3292 ϐο
3059 3221 3234 3274 nihilo
3280 3235 3337 3275 se
3377 3220 3596 3274 mitiora

2023 3313 2138 3383 ipsa
2194 3323 2369 3367 morte
2429 3328 2810 3383 perpessuros.
2867 3312 3232 3378 Quamobrem
3288 3310 3596 3363 animarum

2018 3421 2242 3460 suarum
2277 3405 2513 3474 prodigi,
2555 3413 2612 3458 et
2633 3413 2892 3474 tanquam
2947 3401 3225 3459 morituri.
3255 3398 3422 3469 supra
3452 3399 3598 3452 vires

2016 3498 2180 3552 etiam
2205 3494 2546 3566 pugnabunt.
2573 3494 2710 3550 Cum
2737 3491 3053 3547 hominibus
3083 3493 3246 3560 igitur
3275 3490 3398 3544 vitae.
3424 3491 3596 3544 aleam

2017 3587 2385 3643 subeuntibus
2411 3602 2566 3655 aequa
2601 3603 2762 3640 manu
2792 3601 3028 3656 pugnata
3057 3599 3372 3648 conserere,
3403 3599 3594 3653 parum

2017 3679 2188 3735 distat
2218 3678 2286 3733 ab
2313 3679 2565 3732 insania:
2597 3679 2768 3732 multo
2799 3678 3070 3747 siquidem
3104 3677 3311 3744 majore
3343 3691 3597 3738 numero,

2016 3771 2246 3841 parique
2304 3769 2589 3825 alacritate
2655 3771 2711 3824 in
2763 3785 2858 3823 eos
2910 3769 3262 3839 pugnandum
3319 3777 3598 3836 est:quzn

2017 3863 2176 3915 ambo
2235 3861 2392 3915 nobis
2452 3861 2505 3913 in
2555 3861 2762 3915 incerto
2810 3870 2959 3914 sunt.
3011 3860 3157 3914 Nam
3206 3869 3408 3928 quanta
3437 3874 3495 3912 se
3527 3857 3593 3912 ad

2020 3951 2142 4006 illos
2191 3950 2488 4004 multitudo
2541 3951 2936 4020 aggregaverit,
2971 3952 3329 4020 ignoramus:
3391 3960 3445 4004 et
3500 3964 3600 4002 no-

2019 4051 2260 4098 strorum
2304 4042 2538 4095 militum
2572 4043 2737 4095 animi
2785 4043 2837 4095 in
2869 4050 2940 4104 te,
2974 4057 3041 4094 an
3076 4043 3130 4095 in
3167 4042 3320 4096 illum
3354 4056 3596 4110 propen-

2019 4131 2204 4198 deant,
2259 4133 2664 4202 incompertum
2728 4131 3018 4186 habemus.
3051 4133 3327 4186 Prmterea
3361 4146 3485 4186 cum
3517 4130 3594 4183 illi

2019 4225 2123 4281 sub
2155 4223 2493 4295 gallicinium
2527 4237 2648 4277 sese
2690 4221 2990 4277 extulerint
3022 4222 3098 4293 (id
3137 4221 3282 4291 quod
3315 4233 3595 4290 portarum

2017 4318 2273 4374 custodes
2313 4315 2670 4385 retulerunt),
2711 4331 2812 4370 nos
2842 4327 3022 4369 autem
3056 4312 3394 4382 insequendo
3424 4325 3596 4380 usque

340 4382 642 4474 πλέκεσθαί
670 4402 813 4449 τινα,
843 4388 1182 4468 οὐδὲ-πόρρω
1219 4393 1417 4462 μανίας
1447 4395 1654 4461 δόξειεν
1685 4399 1771 4457 ἄν.
1790 4403 1913 4457 Ἐπὶ

2020 4409 2084 4464 ad
2115 4408 2474 4465 conticinium
2507 4408 2763 4462 insistere
2794 4422 2902 4461 non
2939 4406 3240 4473 possimus,
3277 4405 3411 4474 ipsis
3437 4417 3595 4457 secu-

339 4471 452 4542 γὰρ
504 4473 612 4526 τῶν
656 4475 919 4529 τοιούτων
973 4479 1098 4542 τοὺς
1143 4481 1640 4552 ἀντιτεταγμένους
1693 4493 1788 4543 καὶ
1832 4493 1911 4562 τῷ

2020 4501 2094 4556 ris
2145 4516 2246 4556 nos
2283 4500 2633 4570 captabimus
2682 4515 2804 4569 qua:
2867 4513 3068 4568 capere
3118 4485 3595 4570 nequibimusch

338 4563 539 4635 πλήθει
580 4567 766 4636 πολλῷ
798 4567 878 4639 τῷ
909 4570 1096 4642 μέτρῳ
1119 4573 1297 4641 χρεὼν
1320 4576 1632 4648 ὑπερέχειν,
1669 4583 1763 4636 καὶ
1793 4588 1911 4647 ταῖς

339 4657 677 4727 προθυμίαις
724 4658 876 4720 ίσους
912 4657 1078 4717 εἶναι·
1116 4663 1152 4718 ἀ
1197 4665 1262 4736 δὴ
1302 4667 1397 4719 καὶ
1437 4669 1725 4742 ἀμφότερα
1777 4677 1911 4744 ἡμῖν

336 4750 397 4803 ἒν
433 4750 726 4823 ἀμφιϐόλῳ
755 4755 958 4808 κεῖται.
1003 4755 1124 4810 Τῶν
1167 4775 1228 4811 τε
1264 4760 1376 4826 γάρ
1423 4764 1694 4818 συνόντων
1725 4769 1911 4832 αὐτοῖς

335 4843 439 4898 οὐκ
467 4844 628 4916 ίσμεν
651 4847 713 4900 τὸ
740 4847 965 4917 πλῆθος,
993 4850 1088 4903 καὶ
1121 4850 1230 4903 τῶν
1255 4852 1349 4922 ὑφ’
1379 4855 1510 4925 ἡμῖν
1533 4861 1908 4929 τεταγμένων,

2018 4593 2217 4646 horum
2269 4592 2502 4646 alterum
2532 4593 2834 4660 continget,
2869 4598 2926 4642 ut
2970 4599 3066 4644 aut
3093 4604 3188 4644 eos
3213 4604 3322 4642 non
3357 4565 3592 4642 assecut‘

2018 4685 2241 4740 domum
2290 4682 2498 4737 frustra
2544 4682 2832 4736 redeamus
2896 4681 3063 4750 (quod
3107 4681 3284 4751 ipsum
3321 4695 3421 4735 nos
3453 4680 3595 4735 infe-

2017 4774 2191 4830 riores
2221 4772 2458 4840 arguet),
2486 4777 2584 4823 aut
2632 4771 2676 4822 si
2705 4784 2799 4822 eos
2833 4767 3012 4838 adepti
3038 4770 3375 4831 adoriamur,
3411 4777 3593 4846 certa-

2019 4865 2167 4918 mine
2191 4861 2321 4915 victi
2349 4859 2727 4914 concidamus.
2759 4859 2853 4914 l-lis
2908 4875 3009 4930 ego
3061 4859 3129 4915 de
3162 4858 3342 4914 causis
3387 4873 3497 4912 non
3534 4857 3592 4912 in

1613 4977 1830 5039 Jacobi
1857 4978 2123 5040 Pontani
2155 4982 2340 5039 noue

413 5079 526 5149 (5'5)
577 5079 848 5151 Grcgoras
883 5083 1475 5158 itradit._antegfugam
1515 5088 1758 5146 voluisse
1789 5107 1914 5146 eum

335 5163 538 5230 capere
563 5190 608 5230 ,Δ
632 5155 1035 5230 et_c_o_nsili_um
1085 5155 1378 5230 Gerasimo:
1416 5160 1741 5230 patriarchae
1785 5175 1915 5230 ape-

337 5221 539 5301 i-uisse:
569 5219 724 5286 Quod
760 5225 950 5301 illead
993 5233 1248 5301 nepotem
1283 5219 1553 5292 defei-eus,
1589 5229 1728 5301 fuga:
1759 5219 1911 5287 acce-

335 5288 579 5344 leraudm
610 5304 801 5353 auctor
829 5294 878 5347 ei
912 5288 1099 5350 fuerit.

337 5425 352 5440 .
398 5358 521 5479 (με)
571 5362 850 5416 Ρεονθτιιίἰ
899 5365 1134 5447 speciem
1169 5365 1354 5434 habet,
1395 5368 1527 5420 αὐτὸ
1552 5367 1735 5435 δείξει,
1766 5369 1911 5440 quod

337 5441 392 5479 In
439 5437 548 5479 Icat
569 5431 800 5479 verbum
830 5437 984 5479 maa‘t-
1018 5444 1195 5479 smmi-

336 5431 548 5501 indicat
564 5431 800 5501 yerbum
830 5431 986 5501 φασὶ,
1017 5436 1196 5491 aiunt.

407 5497 521 5580 ('55).
555 5497 853 5580 Summum
885 5497 1164 5580 conatum,
1210 5515 1265 5579 ct
1313 5505 1754 5580 desperationem
1808 5525 1912 5580 pu-

335 5571 643 5646 gnantium
679 5571 817 5646 haec,
872 5581 934 5646 ιιι
972 5575 1235 5646 _videtur,
1300 5571 1566 5646 pardemia
1623 5571 1906 5646 declarat;

283 5682 287 5689 .
335 5637 559 5714 quando
591 5639 849 5714 nimirum
880 5641 988 5714 dici
1024 5637 1260 5714 potest:

423 5773 436 5788 ο
461 5775 475 5788 _
507 5707 622 5788 Uno
664 5709 812 5764 salus
839 5713 988 5788 picti:
1021 5707 1227 5788 ἱιιιίίαῃι
1255 5731 1472 5785 sperare
1491 5718 1740 5788 salutem.

335 5771 477 5842 Quid
520 5779 666 5836 enim
693 5789 802 5836 tam
833 5780 992 5838 facile
1024 5782 1185 5839 militi
1225 5771 1409 5855 potest
1442 5771 1904 5861 excidere,qu_am

2028 5091 2174 5162 quod
2231 5090 2300 5145 ab
2343 5100 2589 5162 extrema
2615 5089 2770 5162 hasta
2803 5082 3117 5162 dependet?
3145 5087 3234 5162 Sic
3263 5086 3430 5162 Qavid
3464 5101 3592 5156 per-

2025 5156 2192 5230 petuo
2239 5176 2303 5216 se
2344 5164 2396 5213 in
2428 5160 2746 5214 discrimine
2788 5159 2987 5230 mortis
3010 5160 3236 5230 versari,
3271 5156 3437 5230 Saule
3465 5173 3591 5220 per-

2021 5228 2314 5300 sequente,
2342 5231 2651 5300 significare
2677 5229 2851 5300 voluit
2875 5229 3213 5300 illisyerbis.
3246 5228 3437 5282 Anima
3464 5243 3582 5300 mea

2019 5301 2075 5354 in
2104 5296 2353 5356 inanibus
2393 5296 2520 5352 meis
2549 5314 2776 5369 semper.
2807 5298 2942 5351 Nam
2977 5296 3221 5369 Hebraeis
3245 5313 3450 5366 ponere
3473 5299 3592 5369 a_ni-

2018 5385 2164 5424 mam
2205 5370 2261 5423 in
2293 5369 2566 5431 manibus,
2597 5364 2678 5421 esi
2715 5381 2991 5434 exponere
3012 5381 3070 5420 se
3109 5364 3373 5435 periculo,
3397 5378 3458 5421 ut
3483 5364 3588 5419 Ju-

2018 5440 2200 5494 dicum
2254 5454 2328 5492 xu
2376 5447 2432 5492 et
2476 5438 2497 5490 ι
2553 5439 2662 5506 lteg
2719 5450 2907 5490 xxvm.
2969 5437 3195 5491 Portare
3239 5446 3422 5492 autem
3471 5437 3591 5490 ani-

2016 5524 2159 5563 mam
2205 5510 2259 5562 in
2306 5509 2595 5570 manibus,
2641 5514 2734 5560 aut
2776 5507 2978 5562 habere
3025 5507 3079 5561 in
3124 5509 3398 5564 manibus.
3435 5507 3585 5560 acci-

2016 5582 2175 5649 piunt
2222 5594 2323 5649 pro
2351 5593 2444 5649 eo,
2459 5576 2616 5649 quod
2649 5585 2754 5649 est,
2788 5578 2993 5631 versari
3014 5577 3080 5649 in
3111 5575 3502 5649 afﬂictionibus
3528 5585 3588 5630 et

2015 5645 2086 5704 de
2128 5645 2239 5703 vita
2282 5645 2806 5717 periclitari.7Plura
2854 5661 2962 5700 non
3009 5647 3269 5717 ignobilis
3298 5645 3588 5713 theologus

2013 5716 2307 5774 Jansenius
2332 5732 2496 5786 super
2530 5716 2824 5772 adductum
2857 5717 3051 5786 psalmi
3088 5716 3293 5770 locum.
