4012 6606
298 443 396 512 161

1473 439 2011 504 HISTORIARUM
2045 442 2282 504 LIBER
2321 443 2374 504 Ῑ.

3432 443 3538 510 162

287 558 473 620 αὐτοῖς
501 554 539 610 ἃ
569 553 745 609 ἐδόκει
790 551 978 607 δίκαια
1003 547 1168 619 εἶναι,
1217 551 1398 606 πείθει
1443 552 1722 624 χωρισμὸν
1751 551 1859 606 ἀπὸ

1963 561 2092 622 pote
2131 555 2267 618 siut,
2318 551 2522 624 quipue
2559 559 2746 623 postea
2796 549 2970 608 futuri
3017 552 3151 610 sint.
3177 553 3282 629 Sed
3313 569 3438 611 cum
3469 573 3539 612 ne

288 648 432 704 Θεοῦ
465 649 784 716 ἐκφωνήσαι
812 645 954 698 κατά
985 644 1184 708 παντὸς
1216 643 1506 715 ἀνθρώπου
1543 641 1638 697 τοῦ
1679 643 1863 708 τεννῦν

287 741 369 812 τῷ
398 741 607 808 ἐγγόνῳ
653 738 928 800 συνόντος.
965 737 1061 790 τοῦ
1092 737 1140 790 τ’
1172 738 1456 807 ἐσομίνου.
1501 737 1592 799 Ὠς
1625 735 1682 788 δὲ
1724 735 1862 806 μηδὲ

292 831 438 887 τοῦτ’
459 831 706 899 ἐπισχετν
720 827 961 899 ἠδυνήθη
981 828 1081 890 τάς
1103 830 1210 880 τῶν
1232 828 1629 897 ἀφισταμένων
1651 826 1852 895 ὁρμὰς,

293 921 471 984 δείσας
505 923 533 974 ὁ
583 918 960 990 πρεσϐύτερος
998 917 1255 986 βασιλεὺς
1291 919 1367 987 μὴ
1414 918 1510 972 καὶ
1557 917 1637 980 είς
1687 917 1861 987 πέρας

294 1013 558 1080 ἀφίκηται
591 1014 660 1065 τὰ
708 1010 1015 1081 πράγματα
1066 1008 1258 1070 κακὸν,
1299 1007 1472 1070 οὕτως
1517 1009 1775 1074 ἐναντίως
1823 1010 1856 1081 ἢ

293 1103 458 1166 αὐτὸς
524 1100 894 1170 προσεδόκησε
949 1099 1270 1171 χωροῦντα,
1331 1100 1420 1153 τὸν
1475 1101 1860 1170 Φιλαδελφείας

293 1192 624 1262 Θεόληπτον,
677 1192 776 1244 καὶ
826 1193 918 1244 τὸν
973 1190 1067 1243 τοῦ
1131 1191 1389 1254 κοιτῶνος
1440 1191 1858 1263 προκαθήμενον

296 1281 758 1353 Καλλικρηνίτην,
779 1280 1054 1360 πρέσϐεις
1077 1282 1216 1350 πρὸς
1245 1282 1337 1334 τὸν
1361 1281 1584 1349 ἔγγονον
1611 1282 1861 1335 ἀποστεί-

286 1374 406 1436 λας,
459 1374 602 1442 πρὸς
649 1373 948 1442 ξυμϐάσεις
995 1373 1216 1444 ἐχώρει,
1271 1374 1740 1442 ἐπαγγειλάμενος
1780 1373 1858 1436 ὡς

285 1465 426 1538 ὅπερ
456 1465 524 1518 ἂν
549 1468 576 1518 ὁ
602 1465 826 1533 ἔγγονος
855 1464 1056 1530 ἐθέλοι,
1089 1464 1376 1534 γράμμασι
1403 1464 1672 1533 δηλώσας,
1695 1463 1859 1527 αὐτὸς

289 1558 358 1612 ἃν
409 1557 491 1619 εἰς
533 1556 711 1624 πέρας
759 1556 980 1624 ἀγάγοι.
1040 1555 1107 1607 Οί
1169 1555 1269 1626 μὶν
1316 1550 1410 1608 οὖν
1465 1554 1728 1625 πρέσϐεις
1777 1555 1860 1620 είς

303 1646 749 1718 Ἀδριανούπολιν
792 1646 1064 1709 ἐλθόντες,
1103 1645 1226 1700 ἐπεὶ
1251 1645 1348 1698 καὶ
1385 1644 1645 1714 βασιλεὺς
1676 1648 1706 1698 ὁ
1740 1647 1860 1710 νέος

289 1739 452 1810 ἔτυχε
471 1721 578 1809 «pb
605 1737 705 1808 τῆς
733 1738 942 1800 πόλεως
962 1737 1425 1806 ἐπισκεπτόμενος
1450 1736 1550 1808 τὴν
1573 1739 1855 1808 στρατιὰν,

291 1830 600 1902 προσῄεσαν
617 1830 693 1894 ὡς
719 1830 1216 1900 προσκυνήσοντες,
1231 1828 1327 1884 καὶ
1344 1829 1410 1881 τὰ
1427 1828 1524 1897 τῆς
1563 1830 1859 1898 πρεσϐείας

194 1981 211 1996 ο
288 1919 865 1988 ἀπαγγελοῦντες..Τὸ
909 1919 968 1972 δὲ
1014 1917 1218 1988 πλῆθος
1247 1918 1606 1990 περιστάντες
1657 1919 1858 1984 αὐτοὺς

290 2015 518 2084 γυμνοῖς
573 2013 688 2075 τοῖς
744 2011 955 2081 ξίφεσιν
1007 2011 1082 2072 ὡς
1125 2009 1394 2064 ἐπύθοντο
1442 2011 1582 2081 ὑπὲρ
1635 2012 1859 2083 είρήνης

292 2104 630 2174 ἀφιγμένους
657 2143 672 2168 ,
711 2102 966 2155 ἐκέλευον
1025 2100 1278 2172 ἀλλήλοις
1323 2101 1738 2157 ἀποκτιννύναι.
1798 2103 1859 2158 '0

300 2199 403 2267 μὲν
447 2193 542 2249 οὖν
595 2195 1033 2264 Καλλικρηνίτης
1081 2192 1158 2262 τῷ
1200 2193 1311 2246 δέει
1344 2193 1729 2258 κατασεισθεὶς
1760 2195 1859 2266 τὴν

298 2288 502 2357 ψυχὴν,
553 2285 646 2338 τοῦ
697 2286 864 2338 ἵππου
895 2301 958 2338 τε
988 2285 1330 2356 ἀπεπήδησε,
1384 2287 1481 2340 καὶ
1519 2286 1858 2358 ἀμφοτέραις

297 2377 579 2450 περισχὼν
610 2378 697 2430 τὸν
727 2376 990 2447 βασιλέως
1024 2379 1176 2443 πόδα,
1214 2378 1399 2432 ἵστατο
1429 2378 1712 2448 περιδεὴς,
1732 2378 1859 2432 ὅσον

293 2471 448 2525 οὔπω
499 2468 736 2539 νομίζων
791 2469 1204 2524 ἀποθανεῖσθαι.
1245 2471 1306 2523 '0
1356 2469 1746 2538 Φιλαδελφείας
1796 2469 1856 2523 δέ

291 2561 483 2630 ὥσπερ
515 2561 584 2614 δι’
611 2559 835 2629 ἀψύχων
864 2560 1026 2613 τινῶν
1061 2559 1299 2630 παριὼν,
1341 2561 1436 2614 καὶ
1463 2560 1649 2630 ψόφων
1679 2559 1858 2613 κενῶν

293 2650 532 2712 ἀκούων,
554 2651 980 2719 ἀκατάπληκτος
1010 2647 1077 2720 ἦν
1113 2650 1252 2720 πρὸς
1281 2652 1390 2705 πᾶν
1411 2651 1608 2705 ὁτιοῦν.
1628 2650 1772 2703 Ἰδὼν
1798 2651 1856 2704 δέ

291 2740 386 2792 τὸν
423 2740 864 2810 Καλλικρηνίτην
905 2739 1096 2810 ὥσπερ
1138 2739 1548 2810 ἀποτεθνηκότα
1585 2739 1664 2808 τῷ
1712 2739 1855 2804 δέει,

294 2826 372 2882 Οὐ
404 2828 541 2895 δέον,
565 2824 740 2893 εἶπεν,
770 2823 815 2883 ὦ
835 2828 1131 2901 θαυμάσιε,
1165 2830 1223 2882 σέ
1239 2828 1385 2883 οὕτω
1416 2831 1700 2901 κατάκρας
1722 2831 1858 2900 πρὸς

288 2903 390 2970 τὸν
415 2918 646 2974 θάνατον
672 2920 1094 2988 κατεπτηχέναι.
1115 2918 1393 2989 μέλλοντα,
1413 2921 1462 2971 εί
1497 2919 1574 2990 μὴ
1599 2919 1709 2985 νῦν,
1737 2920 1856 2974 ἀλλ’

293 3009 387 3062 οὖν
425 3009 652 3078 ὕστερόν
685 3026 813 3062 ποτε
844 3008 1258 3064 ἀποθανεῖσθαι.
1299 3009 1360 3061 El
1386 3009 1480 3063 οὖν
1509 3009 1668 3062 τοῦτο
1706 3011 1858 3064 πᾶσα

1963 641 2045 696 sic
2074 642 2299 712 quidem
2351 641 2728 698 deﬁcientium
2779 643 3016 713 impetus
3063 635 3438 713 coerceretur,
3471 651 3541 702 ti-

1962 748 2138 796 mens,
2205 748 2297 799 ne,
2340 733 2599 804 quoniam
2627 736 2868 803 resltam
2916 745 3107 791 contra
3157 748 3536 808 exspectatum

1963 824 2345 894 procederent,
2389 834 2633 879 extrema
2668 827 2940 894 pernicies
2982 838 3328 898 sequeretur,
3354 831 3540 886 Phila~

1961 914 2200 984 delphize
2237 916 2556 985 episcopum
2604 915 2963 985 Theoleptum
3009 918 3144 988 (41),
3185 929 3241 975 et
3276 921 3541 979 Callicra-

1961 1005 2115 1059 niten
2162 1005 2308 1060 sacri
2354 1004 2593 1059 cubiculi
2625 1005 3032 1074 procubitorem
3070 1008 3182 1076 (42)
3231 1010 3440 1082 legatos
3466 1015 3552 1068 ad.

1964 1104 2218 1164 nepotem
2251 1095 2440 1162 mittit,
2481 1096 2914 1164 paciﬁcationem
2944 1097 3123 1163 ollert,
3155 1099 3537 1172 facturumque

1960 1200 2042 1251 se,
2081 1186 2226 1256 quod
2279 1187 2326 1242 is
2354 1187 2558 1242 litteris
2590 1188 2812 1258 scriptis
2851 1203 2880 1240 a
2926 1203 2988 1244 se
3027 1201 3264 1259 optaret,
3309 1194 3538 1260 pollice-

1960 1287 2068 1331 tur.
2113 1276 2284 1346 lgitur
2329 1278 2488 1349 legati
2539 1278 2934 1348 Adrianopolin
2957 1282 3222 1336 veniunt:
3254 1283 3532 1354 iuniorem

1961 1367 2348 1437 imperatorem
2429 1379 2559 1425 ante
2640 1371 2837 1425 urbem
2906 1372 3094 1441 copias
3154 1388 3535 1433 recensentem

1959 1460 2250 1514 oll'endunt
2282 1479 2296 1516 :
2344 1475 2471 1516 eum
2528 1462 2832 1526 adoraturi,
2858 1471 2916 1517 et
2948 1463 3281 1534 legationem
3313 1471 3530 1538 exposi-

1962 1551 2072 1606 turi
2130 1551 2356 1608 adeunt.
2402 1553 2540 1607 Tum
2594 1553 2797 1608 milites
2841 1569 3033 1624 magna
3085 1571 3182 1611 eos
3227 1549 3534 1629 frequentia

1958 1640 2228 1698 districtis
2253 1644 2480 1701 ensibus
2511 1643 2990 1709 circumfundunt,
3014 1656 3178 1717 atque
3218 1657 3278 1702 ut
3309 1649 3379 1705 de
3401 1666 3536 1720 pace

1957 1733 2282 1790 adventasse
2318 1735 2578 1800 audiunt,
2613 1736 2680 1790 ad
2731 1736 2858 1792 illos
2889 1739 3353 1798 contrucidandos
3389 1743 3536 1800 inter

1959 1838 2017 1878 se
2067 1823 2380 1879 hortantur.
2433 1827 2618 1896 Itaque
2670 1827 3053 1885 Callicrenites
3102 1845 3170 1886 ex
3216 1847 3360 1901 equo
3385 1834 3536 1896 desi-

1958 1913 2100 1968 liens
2145 1916 2434 1982 tremulus,
2480 1925 2537 1971 et
2587 1916 2938 1988 imperatoris
2980 1936 3157 1992 genua
3193 1925 3534 1994 complexus,

1959 2019 2155 2075 magno
2183 2021 2306 2059 cum
2337 2006 2534 2061 timore
2586 1995 2760 2073 astat:
2787 2010 3008 2080 jamjam
3066 2027 3127 2068 se
3182 2014 3532 2071 interfectum

1959 2094 2028 2150 iri
2054 2096 2372 2152 arbitratus.
2401 2099 2470 2152 At
2513 2098 3034 2169 Philadelphiensis,
3065 2113 3128 2158 ut
3179 2105 3225 2160 si
3270 2122 3370 2176 per
3419 2108 3537 2160 ina-

1961 2185 2108 2239 nima
2171 2189 2448 2250 transiret.
2485 2197 2542 2244 et
2581 2205 2754 2246 vanos
2775 2192 3038 2261 quosdam
3063 2197 3332 2266 strepitus
3359 2213 3534 2253 exau-
3567 2185 3588 2196 “

1959 2276 2126 2339 diret,
2148 2285 2205 2332 et
2223 2279 2289 2332 ad
2315 2279 2497 2334 omnia
2531 2279 2942 2350 imperterritus
2975 2295 3178 2350 manet,
3197 2287 3248 2342 el
3268 2287 3536 2345 Callicrev

1959 2369 2113 2424 niten
2158 2379 2306 2425 metu
2338 2385 2510 2440 prope
2547 2374 2917 2428 exanimatum
2947 2389 3180 2432 cernens
3212 2377 3400 2437 :Heus
3447 2390 3532 2448 tu,

1961 2460 2160 2529 inquit,
2192 2474 2302 2514 non
2353 2471 2406 2514 te
2433 2461 2666 2518 horrore
2694 2465 2888 2519 mortis
2948 2473 3235 2538 tantopere
3275 2471 3534 2540 perfundi

1959 2549 2140 2612 decet,
2167 2564 2318 2614 cum,
2350 2550 2395 2604 si
2441 2566 2551 2605 non
2597 2552 2782 2616 modo,
2811 2553 3108 2624 aliquando
3139 2560 3358 2628 quidem
3381 2573 3534 2619 certe

1958 2638 2270 2693 moriturus
2316 2640 2414 2695 sis.
2440 2640 2495 2694 Si
2529 2657 2660 2711 ergo
2697 2658 2844 2698 mors
2889 2654 2974 2702 est
3012 2647 3370 2718 inevitabilis,
3390 2669 3532 2722 pra:-

1966 2740 2075 2784 stat
2115 2732 2305 2801 utique
2330 2732 2492 2798 mori,
2521 2748 2646 2787 eum
2681 2749 2740 2789 se
2781 2737 3053 2792 commodi
3079 2739 3314 2810 alicujus
3343 2755 3531 2800 osten-

1957 2822 2040 2876 dit
2073 2823 2315 2878 occasio.
2349 2823 2504 2889 Quod
2534 2840 2659 2880 cum
2696 2825 2770 2880 ita
2797 2827 2891 2887 sit.
2922 2843 3045 2898 quae
3073 2832 3290 2887 tandem
3324 2835 3526 2892 conve-

1958 2913 2200 2985 nientior
2229 2915 2465 2980 occasio,
2485 2930 2647 2984 quam
2671 2931 2771 2984 pro
2803 2933 2933 2986 pace
2963 2919 3289 2989 legationem
3319 2925 3532 2980 obeun-

1960 3012 2068 3060 tem
2115 3004 2254 3060 mori
2306 3006 2461 3076 (ιδῃ
2503 3007 2710 3062 Dehinc
2747 3008 2813 3062 ad
2850 3025 3114 3081 magnam
3145 3013 3529 3084 domesticum,

290 3099 532 3168 ἀνάγκη,
570 3100 779 3170 βέλτιον
805 3100 896 3153 ὅτε
925 3099 1017 3152 καὶ
1052 3099 1322 3169 πρόφασίς
1349 3116 1494 3162 τινος
1546 3087 1856 3170 κέρδουςίῆ

1960 3096 2342 3166 Syrgiannem,
2373 3105 2429 3150 et
2452 3107 2938 3174 prostostratorem
2962 3117 3262 3160 conversus
3279 3106 3358 3176 (hi
3378 3109 3530 3162 enim

290 3193 388 3247 ὅτε
435 3193 508 3264 μή
532 3209 545 3222 ο
601 3191 792 3248 τούτου
828 3190 873 3248 δ’
904 3191 1082 3254 οὕτως
1112 3190 1350 3264 ἔχοντες,
1392 3191 1856 3266 ποίαν-πρόφασις

1960 3190 2208 3259 proxime
2235 3190 2698 3257 circumstabant,
2733 3207 2802 3247 ne
2825 3193 2958 3261 quid
2999 3195 3050 3249 ei
3084 3199 3400 3267 noceretur)
3430 3218 3445 3254 :
3472 3201 3530 3256 Si

293 3283 730 3354 εὐλογωτέρα,ἢ
780 3283 922 3354 ὺπέρ
965 3283 1190 3353 εἰρήνης
1225 3285 1628 3352 πρεσϐεύοντας
1672 3286 1859 3338 τελευ-

1959 3282 2120 3337 vobis
2156 3281 2236 3336 fas
2263 3292 2370 3344 est,
2410 3283 2610 3352 inquit,
2659 3284 2888 3339 stolidos
2915 3285 3052 3340 istos
3106 3302 3172 3341 ac
3205 3291 3532 3347 temerarios

287 3375 496 3448 τῆσαιῖ
529 3373 641 3428 Εἶτ’
668 3377 1028 3444 ἐπιστραφεὶς
1053 3375 1191 3444 πρὸς
1209 3375 1304 3428 τὸν
1329 3376 1504 3446 μέγαν
1537 3377 1858 3447 δομέστικον

1960 3377 2284 3445 reprimere,
2309 3376 2478 3432 vestri
2500 3375 2663 3432 cilicii
2690 3392 2892 3433 munus
2932 3377 3187 3449 implete;
3215 3380 3300 3436 sin
3324 3383 3530 3444 minus,

296 3467 394 3520 καὶ
423 3465 761 3535 Συργιάννην
792 3467 888 3519 καὶ
917 3467 1382 3535 πρωοστράτορα
1424 3461 1592 3535 (οὗτοι
1623 3469 1732 3538 γάρ
1761 3469 1860 3522 αὑ-

295 3557 392 3610 τὸν
420 3557 786 3628 περιέστησαν
817 3555 964 3618 ὅπως
994 3556 1068 3627 μή
1104 3575 1156 3609 τι
1188 3558 1318 3626 περὶ
1347 3558 1512 3610 αὑτὸν
1560 3559 1853 3630 τολμηθῇ),

295 3649 362 3702 Ei
393 3647 494 3716 μὲν
531 3647 736 3712 ἔξεστιν
775 3647 926 3716 ὑμῖν,
961 3647 1088 3718 ἔφη,
1137 3649 1262 3710 τοὺς
1299 3649 1563 3720 ἀνοήτους
1603 3654 1855 3704 τουτουσὶ

294 3739 394 3792 καὶ
423 3740 642 3817 θρασεζς
672 3739 1079 3817 καταστέλλεεν,
1113 3740 1387 3809 πράττετε
1412 3739 1449 3794 ἃ.
1481 3741 1770 3812 προσήκειο
1809 3743 1857 3794 εί

287 3834 340 3886 δ’
377 3831 492 3898 οὖν,
541 3809 686 3883 οὗτοί
714 3847 777 3898 γε
826 3827 1077 3898 δρώντων
1103 3828 1138 3882 ἃ.
1170 3829 1604 3899 προθυμοῦνται·
1640 3832 1858 3894 πάντως

1956 3467 2164 3522 faciant
2217 3469 2362 3538 quod
2414 3469 2593 3540 facere
2644 3469 2916 3539 gestiunt;
2986 3470 3160 3526 invito
3228 3472 3340 3527 Deo
3393 3475 3530 3530 nihil

1961 3559 2072 3614 ﬁet.
2133 3559 2266 3613 Tam
2318 3559 2595 3622 sublimis,
2657 3569 2712 3614 ct
2771 3559 2838 3613 ad
2891 3575 3121 3629 quaeque
3171 3563 3353 3631 gravia
3395 3548 3532 3618 {ole-

1962 3649 2134 3704 randa
2165 3661 2454 3720 promptus
2485 3650 2590 3704 viri
2620 3650 2837 3705 animus
2868 3650 3284 3707 admirationem
3317 3654 3527 3710 habuit.

1963 3742 2298 3821 Aliquandiu
2351 3742 2518 3812 igitur
2569 3741 2866 3797 multitudo
2911 3743 3150 3821 clamore
3205 3745 3526 3801 fremebat:

1963 3846 2074 3901 quo
2114 3819 2330 3894 sedato,
2368 3833 2574 3902 legatos
2596 3833 2865 3886 seducens
2892 3819 3208 3901 imperator,
3237 3835 3345 3904 62
3375 3838 3531 3905 cujus

283 3922 449 3977 οὐδὲν
501 3922 568 3975 ἂν
618 3919 708 3987 εἴη
760 3919 869 3971 τῶν
897 3917 1210 3988 ἀϐουλήτων
1255 3918 1396 3988 Θεῷ.
1443 3919 1568 3972 Ἐπὶ
1596 3918 1807 3981 τούτοις
1833 3922 1859 3972 ὁ

1960 3937 2086 3991 ergo
2119 3923 2720 3992 venissentcngnoscit,
2778 3930 2835 3976 et
2889 3937 2990 3991 per
3043 3924 3264 3978 eosdem
3313 3941 3414 3980 avo
3472 3928 3526 3980 in

281 4018 435 4086 ἀνὴρ
465 4011 804 4083 ἐθαυμάζετο
831 4013 929 4076 τῆς
964 4011 1371 4081 μεγαλοψυχίας
1405 4011 1569 4065 ἕνεκα
1591 4013 1686 4065 καὶ
1727 4027 1863 4080 καρ-

280 4109 484 4177 τερίας
518 4105 652 4177 πρὸς
682 4105 751 4157 τὰ
775 4104 944 4157 δεινά.
975 4103 1154 4172 Μέχρι
1189 4103 1288 4172 μὲν
1335 4102 1430 4156 οὖν
1461 4119 1608 4165 τινος
1644 4102 1740 4172 βοή
1773 4118 1858 4166 τις

283 4198 607 4270 Θορυϐὡδης
631 4197 875 4268 ἐξηχεϊτο
895 4195 984 4250 διὰ
1005 4193 1099 4248 τοῦ
1125 4195 1388 4267 πλήθουςο
1410 4191 1530 4249 εἶτα
1558 4195 1856 4249 κατεσταλ-

1958 4013 2099 4067 hanc
2139 4012 2464 4065 sententiam
2519 4012 3138 4080 respondetzAdversis
3187 4013 3405 4068 casibus
3439 4030 3529 4068 re-

1955 4103 2110 4165 dere,
2144 4112 2200 4157 et
2237 4101 2510 4156 illiberale
2546 4101 2836 4170 quidpiam
2874 4112 2968 4156 aut
2995 4117 3176 4171 agere,
3200 4113 3293 4158 aut
3321 4105 3527 4174 eloqui,

1955 4196 2292 4249 minutorum
2346 4207 2812 4264 angustorumque
2829 4193 3187 4263 quorumdam
3207 4194 3488 4249 hominum
3510 4210 3526 4248 :

1554 4312 1768 4375 Jacobi
1810 4294 2073 4375 Pontani
2111 4318 2296 4373 notae.

291 4445 594 4512 ἀνάθεμα,
653 4443 741 4498 vel
790 4440 1582 4512 availizpaeiepby‘nominare
1636 4441 1857 4512 gaudet,

2037 4439 2152 4512 (te)
2181 4439 2350 4513 unus
2377 4438 2466 4513 me
2494 4436 2710 4513 videnti
2742 4453 2772 4492 a
2813 4416 3315 4513 παρακοιμωμένῳ.
3348 4439 3528 4495 Vesti-

287 4507 597 4604 xulte'nliin
632 4507 1048 4604 significantius,
1075 4521 1130 4604 et
1158 4509 1488 4604 evidentius
1509 4507 1694 4604 loqui:
1710 4510 1857 4579 quod
1888 4550 1932 4604 θ
1964 4507 2089 4604 tum
2134 4507 2263 4580 'ejus
2319 4509 2562 4580 explicat
2616 4507 2964 4578 Curopalata,
3025 4507 3346 4580 dignitatem
3413 4526 3526 4566 non

288 4585 472 4644 (ζει-τεοί
500 4580 1184 4650 όίςιιηι’ἐμφατικὼεερον,
1216 4583 1308 4650 καὶ
1333 4580 1750 4650 ἐναργέστερον.

369 4656 482 4721 (ιι)
519 4647 765 4720 Elegans‘
783 4647 948 4721 hujus
995 4648 1281 4721 Theolepti
1332 4647 1568 4721 hymnus
1591 4659 1771 4721 exstat
1803 4649 1858 4702 in

285 4718 958 4786 Grecoruin'llorologio,
991 4732 1154 4786 quem
1185 4718 1239 4770 in
1262 4718 1620 4785 appendicem
1653 4718 1863 4772 Simeo-

288 4799 386 4851 nis
411 4791 646 4859 theologi
682 4805 711 4842 a
745 4788 906 4842 nobis
934 4785 1129 4859 Latine
1157 4801 1504 4859 conversum
1523 4787 1859 4859 addidimus.

288 4865 398 4920 Est
423 4855 620 4915 autem'
644 4856 1035 4918 κατανυκτικὸς
1052 4893 1067 4918 ,
1095 4855 1167 4909 ad
1210 4856 1656 4923 compunctionem
1695 4857 1862 4924 perti-

291 4948 449 4994 nens,
470 4945 536 4985 es
572 4925 1012 4982 consideratione
1053 4924 1227 4978 ultimi
1258 4925 1546 4994 judicii.—
1571 4925 1684 4978 Cur
1706 4927 1860 4994 lega-

293 5013 384 5057 tos
419 4992 662 5053 mitteret
696 5011 881 5058 senex,
915 5009 1130 5048 causam
1181 4996 1346 5047 refert
1392 4992 1661 5062 Gregoras
1693 4993 1862 5048 fuisse

295 5068 708 5124 multitudinem
787 5064 1054 5132 peditum,
1108 5064 1380 5134 equitum,
1432 5065 1860 5134 sagittariorum,

295 5139 639 5196 funditorum
665 5150 802 5205 pene
833 5132 1309 5205 innumerabilem,
1334 5132 1648 5205 Byzantium
1670 5147 1863 5186 versus

298 5202 736 5279 proﬁciscentem
763 5242 778 5257 .
805 5204 896 5270 qui
928 5202 1104 5279 primo
1136 5203 1341 5279 impetu
1369 5203 1557 5279 urbem
1589 5216 1865 5279 expugna-

299 5271 455 5332 iuros
488 5289 546 5328 se
578 5277 857 5334 rebantur.
912 5272 1184 5340 seditione
1241 5271 1608 5332 laborantem,
1660 5271 1860 5340 p0pulo

300 5348 449 5400 inter
476 5359 534 5398 se
560 5343 929 5410 discordante.
969 5339 1043 5393 De
1072 5337 1374 5408 Theolepto
1396 5349 1579 5395 autem
1609 5337 1858 5410 principe

299 5416 593 5484 legationis
619 5413 732 5465 ait:
781 5408 868 5463 Vir
904 5425 1007 5484 non
1050 5419 1255 5484 tantum
1295 5410 1542 5484 omnibus
1586 5408 1861 5484 virtutibus

299 5479 567 5548 ornatus,,
597 5491 647 5536 et
697 5480 1030 5550 reverendus,
1057 5479 1148 5533 sed
1189 5487 1237 5532 et
1279 5480 1542 5550 singulari
1579 5480 1861 5549 prudentia

206 5615 210 5619 ι
299 5555 575 5620 prieditus.
624 5553 794 5606 Porro
847 5549 1228 5616 Orestiadem,
1287 5549 1398 5604 non
1452 5549 1861 5620 Adrianopolim

298 5618 512 5691 legatos
537 5623 756 5683 missos,
785 5628 840 5691 et
876 5620 1018 5673 inter
1037 5633 1137 5691 eos
1165 5620 1514 5691 fuisseretiam
1545 5618 1864 5691 Syrgiannis

303 5688 557 5756 matrem,
588 5706 710 5760 qua
741 5689 911 5760 tilium
937 5688 1283 5758 potissimum
1305 5690 1543 5758 placaret
1566 5688 1861 5760 (eratenim

304 5761 362 5812 in
396 5762 486 5815 illo
527 5759 796 5829 exercitu)
837 5759 998 5827 eique
1034 5762 1410 5826 persuaderet,
1457 5776 1526 5815 ne
1558 5761 1624 5814 ad
1661 5759 1864 5813 mantia

305 5830 458 5887 urbis
487 5831 792 5897 accederet,
822 5841 878 5883 et
898 5844 1018 5897 qua:
1042 5837 1373 5898 sequuntur.

1961 4581 2114 4633 item.

2037 4650 2151 4717 (45)
2207 4647 2488 4717 llinctam
2517 4646 2720 4702 diserte
2776 4655 2831 4717 et
2875 4646 3160 4712 magniﬁce
3187 4647 3376 4702 laudat
3401 4647 3530 4702 Ser-

1961 4715 2111 4788 vium
2133 4715 2667 4788 SulpitiumCicero,
2698 4732 2752 4770 Ix
2769 4715 3024 4788 Pliilipp..
3045 4717 3224 4788 quiin
3255 4718 3527 4786 legatione

1962 4787 2031 4854 ad
2059 4787 2355 4841 Antonium
2396 4786 2670 4852 obeunda,
2711 4801 2770 4840 se
2806 4786 2931 4854 pro
2957 4787 3235 4853 republica
3267 4788 3521 4840 devovit:

1963 4853 2115 4918 Quod
2142 4857 2186 4908 si
2221 4857 2464 4923 cuiquam
2487 4855 2664 4922 justus
2691 4853 2852 4908 Itonos
2879 4854 3086 4908 habitas
3129 4865 3205 4907 est
3256 4857 3311 4906 in
3360 4865 3526 4908 morte

1963 4926 2166 4994 legato,
2194 4926 2248 4978 iu
2272 4923 2437 4994 nullo
2462 4926 2668 4988 iustior,
2699 4941 2857 4993 quam
2889 4926 2941 4976 in
2975 4923 3154 4976 Servio
3184 4923 3408 4994 sulpitio
3443 4940 3524 4994 ree

1962 4992 2216 5060 perietur.
2254 4992 2442 5047 Creteri
2471 4995 2635 5063 quiin
2663 4992 3165 5063 legationemortem
3181 4993 3435 5052 obierunt,
3456 4993 3527 5044 ad

1925 5081 1940 5096 ε
1962 5064 2219 5115 incertum
2251 5064 2369 5130 vita:
2397 5061 2725 5130 periculum,
2744 5063 2853 5115 sine
2881 5062 2990 5115 ullo
3024 5063 3205 5114 mortis
3229 5071 3368 5114 metu
3403 5077 3527 5129 pro-

1962 5132 2084 5198 fecti
2122 5142 2282 5196 sunt;
2317 5129 2525 5185 Servius
2556 5132 2810 5200 Sulpitius
2837 5148 2957 5184 cum
2983 5131 3160 5201 aliqua
3189 5130 3524 5198 perveniendi

1964 5201 2034 5252 ad
2064 5201 2141 5254 M.
2180 5202 2463 5255 Antonium
2496 5217 2586 5269 spe
2617 5203 2877 5270 profectus
2910 5209 3004 5264 est,
3039 5202 3186 5254 nulla
3214 5201 3522 5256 revertendi.

1967 5270 2068 5334 Qui
2097 5288 2214 5324 cum
2239 5274 2315 5324 ita
2341 5273 2550 5341 affectus
2575 5281 2727 5332 esset,
2755 5281 2829 5333 ut,
2851 5273 2900 5341 si
2931 5273 2998 5341 ad
3031 5286 3239 5338 gravem
3271 5270 3528 5323 valetudi-

1965 5357 2082 5394 nem
2121 5341 2269 5394 labor
2299 5339 2418 5395 vita:
2453 5342 2771 5402 arcessisset,
2813 5339 2909 5391 sibi
2945 5340 3055 5406 ipse
3095 5341 3371 5408 di/ﬁdcret,
3421 5355 3526 5392 non

1963 5411 2238 5474 recusavit,
2265 5412 2544 5480 quominus
2578 5410 2658 5462 vei
2684 5411 2740 5462 in
2770 5417 2999 5462 extremo
3025 5410 3238 5478 spiritu,
3280 5412 3326 5464 si
3365 5425 3525 5478 quam

1963 5496 2113 5549 apem
2138 5481 2433 5549 reipublicae
2462 5481 2598 5547 ferre
2630 5489 2821 5548 posset,
2855 5482 3196 5546 experiretur.
3214 5480 3398 5547 Itaque
3419 5494 3526 5533 non

1967 5549 2122 5603 illum
2159 5553 2232 5603 vis
2260 5551 2466 5611 hiemis,
2502 5564 2604 5602 non
2639 5553 2799 5613 nives,
2825 5564 2931 5619 non
2973 5549 3244 5619 longitudo
3297 5549 3524 5612 itineris,

1965 5636 2068 5672 non
2103 5621 2356 5686 asperitas
2388 5621 2617 5680 viarum,
2661 5635 2764 5671 non
2802 5618 3010 5673 morbus
3047 5618 3407 5690 ingravescens
3439 5633 3529 5669 re-

1965 5691 2225 5752 tardavit,
2264 5703 2484 5756 cumque
2503 5689 2624 5755 jam
2649 5691 2717 5741 ad
2731 5705 3060 5757 congressum
3109 5689 3528 5758 colloquiumque

1963 5759 2076 5828 ejus
2097 5761 2430 5825 pervenisset,
2457 5759 2525 5809 ad
2541 5774 2692 5827 quem
2713 5771 2825 5812 erat
2849 5761 3060 5821 missus,
3079 5761 3134 5811 in
3151 5763 3266 5826 ipsa
3296 5771 3447 5818 cura,
3476 5764 3525 5808 et

1967 5828 2301 5882 meditatione
2337 5828 2558 5882 obeundi
2586 5834 2816 5884 muneris
2848 5831 2928 5882 sui
2959 5830 3171 5882 excessit
3192 5845 3220 5881 ε
3246 5828 3384 5890 vita,
3414 5834 3526 5882 cte.
