4012 6616
226 463 326 527 165

1421 465 1960 530 HISTORIARUM
2003 469 2238 528 LIBER
2280 446 2334 532 Ι.

3381 469 3486 536 too
3523 427 3532 437 ’

217 579 319 632 καὶ
345 577 543 632 τούτου
577 579 746 650 χάριν
809 580 958 649 ἡμᾶς
1008 563 1109 650 μὲν
1150 579 1186 634 ἀ
1239 579 1568 653 βουλοίμεθα
1595 583 1791 650 αἰτεῖν,

1897 598 1928 640 e
1958 581 2236 655 republica
2258 583 2512 638 senserit.
2541 582 2639 638 llic
2674 599 2864 641 omnes
2895 585 3034 640 velut
3065 599 3128 640 ex
3154 589 3497 657 composito;
3546 574 3566 664 ξ

221 671 433 723 ἐκεῖνον
460 669 517 722 δὲ
554 670 724 740 ἡδέως
747 670 892 739 ἔχειν
915 672 995 735 είς
1033 672 1208 743 πέρας
1236 674 1414 742 ἄγειν.
1448 673 1651 727 Λοιπὸν
1679 674 1791 727 τοί-

221 776 320 813 νυν
346 760 492 830 ὑμᾶς
517 758 748 814 ἕκαστον
766 759 802 814 ἀ
831 761 898 814 ἂν
926 761 1106 831 οίηται
1125 762 1397 815 συνοίσειν
1422 763 1626 830 λέγειν.
1650 763 1797 834 Πρὸς

221 851 381 905 ταῦθ’
407 853 650 914 ἅπαντες
683 851 880 922 ῶσπερ
903 852 1010 907 ἀπὸ
1047 852 1326 924 συνθήκης
1369 854 1470 923 μία
1508 856 1793 926 γενόμενοι

225 945 472 1012 γλῶσσα.
512 945 587 1014 μὴ
625 945 883 1014 δέχεσθαι
936 946 1148 1015 ἔφασαν
1198 948 1298 1017 τὴν
1351 949 1604 1018 εἰρήνην,
1657 949 1795 1020 μηδὲ

225 1035 514 1102 βούλεσθαι
543 1036 684 1098 ὅλως
710 1035 1064 1106 βουλεύεσθαι
1107 1038 1234 1105 περὶ
1264 1039 1486 1093 τούτου.
1505 1041 1635 1095 Ἰδοὺ
1660 1046 1792 1112 γὰρ,

220 1127 296 1190 ῶς
331 1129 626 1198 ἀκούομεν,
661 1131 906 1200 βασιλεῦ,
929 1134 1023 1194 είς
1071 1133 1302 1204 ἔσχατον
1329 1135 1633 1204 ἀφιγμένος
1682 1152 1796 1188 κιν-

220 1216 402 1284 δύνου,
436 1221 532 1272 καὶ
591 1221 756 1289 μόγις
786 1221 924 1275 Θευῦ
972 1226 1368 1295 συναιρομένου
1395 1226 1456 1278 τὸ
1496 1226 1792 1279 ἀποθανεῖν

219 1309 524 1378 διαφυγὼν,
565 1313 677 1374 τοῖς
701 1313 943 1382 αὐτοῖςῆ
976 1315 1072 1367 καὶ
1105 1317 1313 1384 χείροσι
1349 1319 1538 1379 κακοῖς
1567 1335 1795 1387 περιπε-

225 1402 341 1452 σεῖν
367 1401 718 1470 φιλονεικεῖς.
758 1405 1006 1475 Δεόμεθα
1036 1407 1098 1475 δή
1144 1425 1238 1461 σου
1269 1408 1364 1461 τοῦ
1397 1411 1622 1462 τοιαῦτα
1645 1410 1792 1476 λογί-

223 1487 419 1551 ζεσθαι
445 1493 898 1562 ἀποτρέπεσθαι·
935 1497 1087 1570 δμως
1117 1498 1368 1568 ἐπείπερ,
1397 1497 1472 1560 ὡς
1508 1500 1572 1551 σὺ
1607 1499 1736 1570 φὴς,
1764 1501 1792 1552 ὀ

226 1583 319 1645 σὸς
350 1583 576 1647 πάππος
609 1580 794 1657 ὲίρηκε
828 1589 924 1640 καὶ
959 1587 1217 1654 βασιλεὺς
1259 1587 1335 1650 ὡς
1363 1588 1501 1656 ὅπερ
1541 1587 1606 1641 ἂν
1632 1588 1792 1653 αὐτὸς

158 1662 172 1673 ’
225 1673 426 1744 ἐθέλῃς
468 1675 642 1728 αἰτεῖν
698 1679 909 1731 ἐκεῖνον
959 1677 1272 1748 ἐκπληροῦν
1321 1680 1789 1748 παρεσκευάσθαι,

224 1763 326 1831 τῆς
349 1765 630 1834 βασιλείας
650 1766 886 1838 λέγομεν
921 1769 1254 1830 ἀποστάντα,
1292 1768 1415 1822 καθ’
1448 1771 1640 1823 ἑαυτὸν
1667 1772 1792 1826 ὅποι

227 1855 472 1926 βούλοιτο
521 1859 772 1926 διάγειν·
818 1859 878 1911 σὲ
923 1860 970 1912 δ’
1005 1861 1101 1930 ὲᾷν
1154 1859 1252 1929 τὴν
1293 1859 1580 1930 Ῥωμαίων
1614 1861 1792 1934 ἀρχὴν

1902 687 1959 731 et
2017 691 2129 730 uno
2173 690 2268 729 ore
2322 674 2582 741 clamare,
2644 691 2826 746 neque
2875 677 3128 748 accipere
3176 694 3234 733 se
3264 686 3482 748 pacem,
3521 667 3565 686 ’¹

1900 778 2085 836 neque
2119 782 2286 836 super
2319 767 2428 822 hoc
2472 768 2698 837 negotio
2731 769 2944 824 consuli
2972 770 3139 824 velle.
3161 764 3300 824 Ecce
3329 772 3483 825 enim

1901 865 1982 920 tu.
2005 858 2324 926 imperator,
2351 856 2404 911 in
2449 865 2781 922 extremum,
2809 867 2870 912 ut
2894 858 3036 912 fama
3065 867 3170 922 est,
3192 859 3488 915 devolutus

1901 948 2220 1015 discrimen,
2269 959 2325 1004 et
2380 949 2468 1004 vix
2499 948 2682 1014 morti,
2709 950 2822 1004 Deo
2863 949 3191 1019 opitulante,
3235 950 3481 1020 elapsus,

1905 1039 1960 1093 in
1992 1039 2182 1095 eadem
2234 1049 2291 1096 et
2324 1030 2602 1095 deteriora
2627 1041 2776 1095 mala
2805 1051 2856 1095 te
2883 1041 3221 1110 praecipitare
3246 1052 3479 1095 conten‘

1901 1131 2007 1185 dis.
2037 1127 2218 1199 Quare
2266 1148 2544 1204 rogamus,
2586 1132 2668 1187 uti
2696 1133 3081 1203 cogitationem
3133 1133 3288 1185 istam
3322 1146 3354 1184 a
3386 1140 3485 1186 tua

1902 1231 2086 1277 mente
2129 1223 2404 1292 repudies.
2461 1222 2859 1277 Verumtamen
2905 1221 3165 1290 quoniam
3211 1237 3372 1286 avus,
3419 1230 3481 1274 ut

1900 1320 2179 1377 autumas,
2231 1323 2490 1382 pra’stare
2544 1322 2773 1383 paratus
2822 1321 2906 1367 est
2949 1313 3094 1381 quod
3151 1313 3250 1366 tibi
3286 1323 3483 1382 petere

1904 1403 2196 1470 placuerit,
2234 1418 2546 1470 censemus,
2579 1404 2656 1457 uti
2714 1418 2773 1458 se
2805 1402 3043 1463 abdicet,
3078 1410 3134 1457 et
3181 1401 3274 1456 ubi
3330 1402 3483 1457 loco-

1901 1509 2020 1547 rum
2049 1492 2310 1558 voluerit,
2357 1494 2461 1549 sibi
2515 1495 2659 1549 vivat
2688 1512 2701 1548 :
2735 1503 2792 1548 tu
2850 1495 3154 1548 Romanum
3187 1493 3483 1562 imperium

1897 1599 2168 1655 capessas.
2218 1585 2274 1641 Si
2343 1585 2762 1650 detrectaverit,
2813 1584 3139 1655 Byzantium
3211 1585 3487 1639 adversus

1899 1675 2053 1730 illum
2089 1676 2304 1732 infestis
2347 1678 2518 1748 signis
2550 1677 2983 1748 procedendum.
3016 1673 3097 1730 Et
3148 1676 3488 1731 arbitramur

1900 1768 2235 1838 Byzantinos
2282 1785 2457 1839 usque
2499 1771 2566 1824 ad
2626 1783 2820 1824 muros
2871 1769 3165 1824 adventum
3227 1776 3484 1823 nostrum

1899 1860 2043 1915 haud
2081 1871 2490 1931 exspectaturos
2521 1882 2535 1918 :
2579 1862 2672 1918 sed
2717 1862 2911 1932 procul
2935 1863 3113 1917 adhuc
3144 1861 3483 1915 distantibus

230 1948 474 2002 ίθύνεινο
515 1949 582 2004 ἂν
623 1950 681 2004 δὲ
726 1950 801 2020 μὴ
833 1949 1098 2020 βούλοιτο,
1146 1951 1283 2023 πρὸς
1323 1951 1622 2016 Βυζάντιον
1656 1956 1792 2009 ίτέον

1899 1960 2254 2016 occursuros,
2303 1955 2606 2022 urbemque
2655 1953 2957 2009 dedituros.
2984 1953 3041 2009 Si
3068 1953 3254 2022 itaque
3289 1961 3481 2008 nostro

226 2039 315 2094 ἐπ’
344 2041 533 2095 αὐτόν,
567 2041 808 2111 Οἱόμεθα
828 2043 938 2111 γὰρ
969 2043 1094 2096 οὐδὲ
1139 2043 1307 2112 μέχρι
1332 2043 1532 2112 τειχῶν
1560 2061 1795 2116 περιμε-

229 2133 343 2185 νεῖν
381 2133 531 2202 ἡμᾶς
588 2133 714 2195 τοὺς
754 2131 1116 2197 Βυζαντίουςο
1161 2132 1280 2186 ἀλλ’
1327 2133 1408 2187 ἔτι
1455 2136 1797 2206 πορρωτέρω

233 2221 425 2285 ὅντων,
464 2224 544 2285 είς
572 2222 884 2292 ὑπάντησίν
911 2239 970 2274 τε
1002 2221 1102 2292 σὴν
1135 2220 1396 2289 ἐξελθεῖν,
1441 2222 1534 2274 καὶ
1566 2221 1666 2292 τὴν
1704 2221 1800 2274 πόο

235 2313 320 2368 λιν
351 2313 419 2367 ἂν
449 2312 811 2382 παραδοῦναι.
845 2314 907 2366 Ei
944 2314 1040 2382 μὲν
1063 2313 1153 2367 οὖν
1191 2309 1389 2385 οἷσπερ
1426 2313 1796 2384 βουλευόμεθα

237 2403 402 2476 πείθῃ
424 2407 520 2475 καὶ
557 2405 742 2466 αὐτὸς,
777 2399 822 2458 ὧ
846 2403 1086 2474 βασιλεῦ,
1119 2404 1318 2475 μηκέτι
1350 2404 1655 2473 μέλλωμεν,
1681 2403 1796 2456 ἀλλ’

232 2497 398 2566 ἔργου
429 2495 683 2567 ἐχώμεθα
709 2496 833 2567 ἤδη.
867 2497 928 2548 Et
961 2498 1006 2550 δ’
1031 2495 1204 2559 ἄλλως
1230 2497 1392 2555 αὐτὸς
1419 2496 1796 2566 βεϐούλευσαι,

231 2588 350 2641 ἀλλ’
377 2589 511 2658 ἡμῖν
539 2603 602 2656 γε
643 2586 892 2657 φανερῶς
929 2589 1138 2659 φράσον
1167 2588 1316 2650 ὅπως
1343 2588 1573 2649 ἕκαστος
1617 2586 1693 2650 ὡς
1730 2586 1798 2641 ἂν

227 2671 345 2740 οἷός
374 2694 434 2730 τε
533 2676 772 2746 διασὼζῃ
826 2677 1039 2747 ἑαυτόν.
1066 2676 1284 2729 Τούτων
1319 2675 1492 2736 οὓτως
1522 2676 1630 2730 ἀπὸ
1651 2678 1796 2730 πάν-

225 2785 339 2822 των
377 2768 567 2837 ῶσπερ
601 2768 709 2821 ἀπὸ
759 2769 886 2836 μιᾶς
924 2767 1236 2837 εἰρημένων
1291 2767 1558 2836 γλώττης,
1596 2769 1798 2838 πολλὴν

223 2859 376 2931 ὁρῶν
407 2861 666 2931 ἀκαιρίαν
699 2862 728 2913 ὁ
759 2859 1017 2930 βασιλεὺς
1052 2862 1136 2922 είς
1173 2860 1235 2912 τὸ
1288 2852 1798 2930 μεταπείθεινέπιι

226 2955 445 3021 χειρεῖν
493 2951 549 3022 (ἦ
582 2967 641 3003 τε
681 2950 792 3021 γάρ
835 2950 1071 3020 στρατιά
1103 2951 1396 3005 ἀκάθεκτοι
1430 2954 1550 3015 ταῖς
1597 2954 1796 3023 ὁρμαῖς

222 3040 394 3114 ἦσαν,
434 3045 527 3097 καὶ
563 3043 803 3113 μάλιστα
829 3044 879 3096 oi
898 3045 961 3095 ἐκ
990 3043 1286 3112 Γερμανῶν
1330 3043 1650 3114 μισθοφόροι
1684 3047 1796 3098 Λα-

223 3137 409 3200 τῖνοι,”
425 3136 484 3189 ἐν
516 3131 598 3197 οἷς
638 3131 785 3205 ἦσαν
839 3133 932 3187 καί
965 3150 1107 3195 τινες
1152 3135 1262 3187 τῶν
1294 3134 1628 3204 εὐπατριδῶν
1667 3134 1795 3205 παρ’

220 3225 437 3288 αὐτοῖς,
469 3225 631 3288 αὑτός
648 3241 706 3276 τε
731 3224 912 3294 ἀήθως
938 3223 1021 3276 ἔτι
1052 3221 1164 3294 εἶχε
1193 3224 1330 3292 πρὸς
1357 3224 1625 3288 ἅπαντας,
1650 3225 1792 3295 πλὴν

219 3316 431 3386 ὀλίγων
451 3315 633 3379 τινῶν,
662 3315 758 3368 καὶ
791 3315 892 3367 ούκ
919 3310 986 3386 ἦν
1012 3315 1075 3368 ἐκ
1101 3316 1194 3367 τοῦ
1226 3316 1430 3385 ῥᾴστου
1457 3317 1592 3386 πρὸς
1619 3317 1795 3384 ἀγνῶ-

215 3427 328 3472 τας
360 3406 723 3474 διαλέγεσθαι,
758 3403 949 3476 ῶσπερ
999 3401 1068 3474 ἦν
1121 3407 1394 3476 χρήσιμον
1435 3404 1514 3475 τῷ
1564 3405 1790 3477 καιρῷ),

216 3496 437 3561 πολλὰς
467 3496 564 3566 τῆς
596 3496 676 3559 είς
701 3495 863 3549 αὐτὸν
890 3495 1102 3558 εὐνοίας
1139 3496 1322 3558 αὐτοῖς
1349 3496 1578 3566 χάριτας
1606 3499 1795 3566 ὁμολο-

214 3593 429 3660 γήσας,
465 3590 559 3642 καὶ⁵
591 3589 702 3641 δεῖν
749 3583 888 3641 εἶναι
915 3586 1084 3640 είπὼν
1113 3587 1323 3640 πλείονι
1358 3589 1641 3658 διασκέψει
1671 3589 1794 3642 δοῦ-

213 3698 320 3736 ναι
353 3680 417 3732 τὸ
465 3681 716 3750 πρᾶγμα,
751 3677 847 3731 καὶ
899 3679 973 3748 μὴ
1035 3677 1122 3747 ἐφ’
1173 3676 1316 3730 οὕτω
1350 3677 1593 3748 μεγάλην
1652 3679 1793 3748 πρᾶ-

211 3771 313 3837 ειν
363 3771 788 3840 ἀπερισκέπτως
841 3770 1044 3839 χωρεῖν
1109 3769 1192 3838 (οὐ
1227 3770 1335 3838 γάρ
1392 3771 1521 3838 περὶ
1582 3770 1793 3840 μικρῶν

209 3879 392 3915 τινων
463 3859 869 3930 βουλευόμεθα,
931 3860 1067 3914 ἀλλὰ
1131 3861 1262 3930 περὶ
1329 3860 1423 3913 τοῦ
1480 3861 1794 3930 σύμπαντος

213 3952 468 4026 σχεδὸν),
502 3952 717 4005 διέλυσε
775 3951 868 4005 τὸν
921 3950 1202 4019 σύλλογον,
1243 3954 1322 4014 εἰς
1353 3953 1452 4021 τὴν
1499 3953 1795 4023 ὑστεραίαν

209 4050 276 4102 τὸ
320 4048 496 4119 πέρας
525 4047 624 4117 τῆς
657 4045 854 4117 βουλῆς
885 4046 1214 4115 ἐξαρτήσας.
1265 4045 1484 4099 Τούτων
1512 4046 1569 4099 δέ
1613 4047 1794 4102 διαλυ-

211 4141 454 4205 θέντων,
481 4140 598 4209 ἆμα
628 4141 745 4201 τοῖς
771 4140 924 4209 τρισὶ
957 4137 1118 4191 πάλιν
1146 4138 1174 4190 ὁ
1205 4137 1454 4207 βασιλεὺς
1481 4137 1794 4194 ἐϐουλεύετο

211 4251 282 4286 πε
295 4233 359 4302 pl
392 4231 501 4283 τῶν
529 4230 934 4300 προκειμένων,
965 4229 1001 4284 ἃ
1033 4231 1338 4301 συμφέρειν
1362 4228 1593 4296 ἕκαστος
1622 4232 1792 4285 οἴεται

211 4321 494 4385 κελεύσας
522 4322 720 4374 εἰπεῖν.
751 4318 918 4375 Εἶπεν
969 4317 1064 4376 οὖν
1098 4323 1318 4392 πρῶτος
1343 4325 1370 4376 ὁ
1412 4323 1752 4395 Συργιάννης
1773 4341 1788 4355 ·

216 4413 431 4484 Ἡμεῖς
479 4412 515 4467 ἃ
549 4415 644 4467 xui.
702 4414 968 4486 πρότερον
1027 4413 1494 4483 ἐϐουλευσάμεθα,
1543 4415 1788 4486 βασιλεῦ,

207 4509 380 4570 ὄντες
404 4509 462 4560 ἐν
488 4506 793 4576 Βυζαντίῳ,
831 4507 931 4559 οὐκ
966 4506 1074 4578 ἰδίᾳ
1103 4523 1155 4558 τι
1183 4507 1560 4577 ἐχθραίνοντες
1593 4509 1792 4578 ἐφθεγ-

1900 2045 2129 2099 consilio
2173 2045 2430 2110 flecteris,
2464 2062 2532 2101 ne
2579 2047 2934 2117 differamus,
2965 2045 3060 2101 sed
3091 2046 3157 2101 ad
3208 2061 3347 2111 opus
3390 2046 3479 2099 vel

1893 2136 2005 2205 jam
2039 2137 2444 2210 aggrediamur.
2473 2139 2569 2194 Sin
2609 2140 2714 2194 alia
2742 2140 2840 2194 tibi
2874 2154 3049 2206 mens,
3077 2151 3264 2208 aperte
3297 2154 3479 2192 enun-

1901 2225 1996 2288 tia,
2045 2237 2102 2281 ut
2146 2228 2378 2298 quisque
2431 2241 2680 2284 nostrum
2733 2231 3009 2299 quomodo
3056 2230 3261 2300 poterit
3312 2225 3479 2284 saluti

1901 2331 2012 2370 suae
2065 2318 2369 2387 provideat.
2401 2317 2498 2375 His
2545 2321 2620 2375 ita
2670 2321 2738 2375 ab
2772 2320 3031 2375 omnibus
3077 2330 3337 2390 tanquam
3370 2336 3478 2374 una

1902 2405 2086 2477 lingua
2126 2409 2308 2474 dictis,
2349 2411 2690 2480 perSpiciens
2741 2412 3060 2480 imperator,
3091 2409 3252 2465 valde
3283 2411 3480 2464 intem-

1900 2497 2169 2564 pestivum
2207 2512 2348 2564 esse,
2388 2498 2651 2553 aliorsum
2683 2514 2777 2554 eos
2823 2499 3009 2556 conari
3054 2497 3330 2553 deducere
3360 2499 3477 2568 (co-

1900 2585 2076 2640 hiberi
2112 2588 2258 2641 enim
2312 2589 2551 2643 militum
2589 2588 2745 2644 furor
2795 2604 2904 2643 non
2937 2597 3172 2658 poterat,
3198 2588 3476 2658 praecipue

1898 2678 2362 2733 conductitiorum
2392 2678 2714 2734 Latinorum
2751 2694 2783 2734 c
2816 2678 3128 2745 Germania,
3164 2679 3216 2731 in
3277 2677 3478 2748 quibus

1897 2766 2297 2835 erantquidam
2325 2767 2473 2822 domi
2506 2767 2720 2822 nobiles
2756 2783 2772 2822 :
2807 2775 2862 2822 et
2893 2767 3031 2835 ipse,
3076 2764 3268 2834 paucis
3317 2779 3476 2818 exce-

1897 2855 2029 2924 ptis,
2079 2857 2324 2911 omnium
2378 2858 2558 2911 adhuc
2580 2867 2700 2913 erat
2755 2858 3014 2921 insolens,
3062 2872 3165 2912 nec
3221 2857 3474 2936 dabatur,

1899 2949 2359 3016 quemadmodum
2418 2960 2633 3019 tempus
2681 2949 3018 3019 postulabat,
3050 2947 3250 3005 Grrecae
3275 2950 3478 3020 linguae

1901 3041 2117 3110 ignaros
2150 3042 2375 3112 alloqui)
2406 3043 2600 3112 amplis
2629 3041 2696 3097 de
2727 3042 2992 3096 benevola
3031 3057 3160 3112 erga
3199 3057 3258 3096 se
3283 3056 3474 3096 eorum

1897 3131 2178 3186 voluntate
2215 3133 2405 3201 gratiis
2453 3133 2612 3196 actis,
2643 3141 2700 3187 et
2734 3147 2848 3204 rem
2874 3131 3191 3187 accuratius
3221 3131 3475 3186 conside-

1897 3221 2144 3287 randam,
2187 3237 2290 3276 nec
2333 3223 2403 3278 ad
2462 3223 2598 3278 tanti
2654 3224 2913 3276 momenti
2963 3222 3242 3293 negotium
3285 3221 3477 3276 incon-

1897 3311 2041 3366 sulto
2076 3312 2447 3367 accedendum
2496 3312 2790 3382 (siquidem
2835 3328 2946 3367 non
2979 3313 3047 3367 de
3072 3313 3250 3382 nugis,
3275 3313 3370 3367 sed
3405 3315 3474 3368 de

1895 3417 2108 3458 summa
2152 3419 2336 3460 rerum
2385 3407 2790 3476 propemodum
2835 3406 3046 3476 agatur)
3095 3403 3372 3474 praefatus,
3416 3405 3472 3460 in

1894 3493 2038 3549 diem
2068 3494 2302 3549 alterum
2343 3499 2543 3566 rejecta
2591 3494 2867 3550 sententia
2915 3495 3210 3550 concilium
3241 3495 3470 3550 dimisit.

1895 3583 2013 3649 Quo
2059 3585 2307 3650 dimisso,
2357 3601 2483 3656 cum
2537 3588 2710 3640 tribus
2745 3587 2854 3641 illis
2889 3602 3107 3642 rursum
3137 3588 3349 3642 consilii
3381 3605 3474 3643 ca-

1893 3676 2076 3745 piendi
2129 3677 2430 3742 deliberat;
2479 3687 2534 3732 et
2583 3677 2855 3748 praecipit,
2897 3688 2958 3732 ut
3014 3677 3160 3743 quod
3210 3679 3474 3748 expedire

1894 3766 2163 3830 videatur,
2213 3783 2280 3823 ne
2329 3776 2569 3823 taceant.
2597 3769 2814 3823 Primus
2845 3767 3176 3838 Syrgiannes
3209 3769 3289 3824 sic
3319 3770 3472 3823 incec

1894 3859 1973 3927 pit
2003 3859 2171 3924 :Quaa
2194 3859 2301 3928 jam
2333 3869 2462 3912 ante
2511 3859 2756 3929 Byzantii
2793 3860 2848 3913 in
2880 3875 3175 3929 congressu
3208 3859 3468 3922 diximus,

1893 3964 2004 4002 non
2065 3951 2278 4018 privato
2330 3951 2515 4020 aliquo
2569 3952 2622 4004 in
2661 3967 2836 4021 avum
2902 3963 3055 4006 tuum
3087 3952 3236 4016 odio,
3287 3967 3471 4021 neque

1894 4041 2040 4110 quod
2080 4042 2137 4095 in
2186 4041 2424 4096 maximo
2478 4042 2633 4096 lucro
2687 4043 2807 4112 eius
2837 4043 3204 4096 calamitatem
3232 4059 3471 4112 ponere-

1894 4147 2034 4199 mus,
2067 4133 2239 4189 locuti
2287 4147 2514 4198 sumus;
2543 4133 2638 4188 sed
2697 4132 2822 4203 quia
2857 4134 2924 4187 de
2955 4133 3148 4199 salute,
3178 4141 3234 4188 et
3259 4132 3468 4188 incolu-

1893 4223 2083 4277 mitate
2139 4233 2230 4276 tua
2265 4223 2483 4278 solliciti
2534 4240 2771 4285 eramus,
2800 4223 2910 4296 64
2938 4239 3004 4279 eo
3031 4225 3342 4279 necessario
3368 4225 3466 4279 dc-

1893 4311 2252 4366 veniebamus
2284 4329 2298 4366 :
2336 4312 2497 4368 unius
2562 4313 2706 4367 enim
2763 4312 2986 4367 claritas
3041 4319 3100 4366 et
3151 4311 3470 4381 illustratio,

1892 4409 2122 4486 alterius
2163 4411 2382 4465 videtur
2409 4411 2623 4466 eversio
2671 4409 2782 4481 (46)
2813 4427 2827 4463 :
2862 4409 3010 4482 quod
3054 4418 3110 4465 et
3143 4425 3292 4467 nunc
3330 4426 3467 4467 usu-

1895 4512 2068 4567 venit.
2111 4512 2267 4579 Quod
2321 4513 2472 4566 enim
2531 4511 2805 4568 exercitus
2841 4512 3147 4568 universus
3201 4513 3318 4583 ejus
3369 4528 3469 4582 op-

210 4595 440 4667 ξάμεθα
472 4596 552 4667 τῷ
583 4595 660 4665 σῷ
699 4597 911 4666 πάππῳ
943 4597 1037 4648 καὶ
1067 4595 1298 4667 βασιλεῖ,
1337 4598 1458 4650 ούδέ
1487 4601 1617 4668 περὶ
1645 4599 1792 4652 πλεί-

1899 4612 2176 4682 pugnandi
2221 4612 2496 4666 desiderio
2540 4611 2736 4673 fervet.
2774 4628 2991 4682 mquum
3029 4613 3330 4678 desiderat,
3361 4630 3470 4670 nec

211 4709 358 4746 στου
391 4690 454 4743 τὸ
476 4689 666 4752 κακῶς
705 4681 877 4741 αὐτὸν
903 4690 1215 4758 ποιούμενοι
1255 4691 1467 4754 παθεῖν,
1509 4693 1649 4747 ἀλλὰ
1693 4694 1794 4762 τῆς

212 4783 330 4853 σῆς
385 4781 676 4852 κηδόμενοι
731 4782 1049 4852 σωτηρίας,
1113 4783 1426 4851 ἀναγκαίως
1487 4785 1793 4856 ἐφερόμεθα

215 4877 368 4944 πρὸς
391 4874 552 4928 τοῦτο
577 4887 591 4900 ⁶
621 4871 655 4943 ὴ
685 4871 792 4945 γὰρ
815 4874 909 4926 τοῦ
939 4873 1056 4938 ἐνδς
1078 4875 1460 4945 εὐδοκίμησις,
1483 4874 1578 4928 τοῦ
1602 4877 1789 4946 ἐτέρου

211 4962 367 5018 εἶναι
397 4964 651 5033 φαίνεται
686 4967 1042 5035 καταστροφή
1069 4979 1084 4995 ο
1123 4964 1150 5017 ὃ
1181 4965 1246 5034 δὴ
1276 4968 1374 5020 καί
1408 4968 1525 5019 νυνὶ
1556 4965 1790 5035 συμϐαί-

211 5074 324 5112 νει.
357 5055 477 5127 Τῆς
504 5058 613 5127 γὰρ
639 5058 896 5128 στρατιᾶς
922 5058 1143 5127 ἀπάσης
1174 5058 1261 5110 ἐπ’
1295 5060 1458 5112 αὑτὸν
1487 5060 1628 5113 ἰέναι
1655 5077 1790 5131 προσ

211 5151 598 5221 θυμουμένης,
633 5150 869 5221 (ἔχονται
913 5149 970 5202 δὲ
1003 5149 1180 5220 ὀρθῶν
1213 5149 1511 5220 λογισμῶν,
1555 5151 1651 5203 καὶ
1688 5153 1788 5204 οὐκ

211 5241 373 5295 ἐστιν
398 5239 590 5295 οὐδένα
614 5241 741 5295 νοῦν
774 5241 967 5312 ἔχοντα
1017 5240 1342 5308 άντειπεῖν,)
1369 5240 1422 5292 ετ
1450 5257 1503 5293 τι
1535 5243 1628 5293 καὶ
1660 5242 1789 5312 περὶ

213 5336 438 5390 ἐκεῖνον
490 5335 740 5405 συμϐαίη
793 5337 904 5389 τῶν
962 5333 1266 5405 δυσχερῶν,
1330 5335 1429 5403 οὐχ
1466 5334 1625 5403 ἡμῶν
1679 5335 1788 5388 τῶν

212 5427 684 5497 ἠναγκασμένων,
714 5427 829 5480 ἀλλ’
878 5428 1104 5481 ἐκείνων
1158 5426 1224 5480 ἀν
1262 5429 1348 5499 εἴη
1395 5428 1506 5481 τῶν
1545 5430 1633 5498 ,είς
1687 5430 1792 5500 τὴν

1897 4721 2022 4760 eum
2067 4707 2362 4776 quisquam
2412 4707 2655 4775 prudens
2705 4708 3071 4776 reprehendet
3116 4718 3218 4762 :et
3253 4709 3298 4764 si
3330 4709 3505 4786 quid.

1895 4799 2172 4875 odiosum,
2209 4809 2372 4869 atque
2402 4816 2569 4870 grave
2604 4799 2681 4854 illi
2711 4802 3020 4873 contigerit,
3059 4817 3164 4857 non
3196 4803 3251 4857 id
3275 4813 3467 4858 nostra

1897 4889 1992 4959 qui
2025 4889 2294 4957 cogimur,
2324 4889 2420 4944 sed
2458 4889 2678 4944 illorum
2709 4891 2804 4960 qui
2840 4899 3063 4962 cogunt,
3093 4893 3254 4960 culpa
3283 4893 3463 4948 conti-

1896 4978 2057 5049 gerit.
2086 4979 2323 5034 Proinde
2380 4979 2509 5048 quia
2553 4981 2920 5034 communiter
2965 4979 3224 5034 omnibus
3257 4996 3321 5035 ea
3347 4981 3466 5035 visa

1895 5078 2026 5123 sunt
2054 5070 2384 5136 conducere,
2410 5080 2464 5124 et
2489 5085 2590 5124 nos
2617 5085 2808 5124 eorum
2837 5070 3126 5125 consilium
3144 5071 3467 5140 vituperare

1893 5160 2044 5215 nullo
2094 5161 2256 5215 modo
2298 5177 2630 5234 possumus;
2660 5179 2783 5233 qua:
2833 5162 3107 5218 universis
3138 5162 3459 5230 probantur,

1892 5253 1960 5308 ad
1989 5270 2104 5308 rem
2141 5254 2469 5310 conferenda
2505 5266 2656 5310 sunt.
2689 5255 2748 5309 In
2779 5255 2921 5310 banc
2949 5255 3276 5310 sententiam
3307 5256 3460 5323 pedi-

1893 5339 1997 5395 bus
2055 5341 2156 5396 ivit
2194 5342 2358 5397 etiam
2424 5351 2810 5413 protostrator.
2865 5342 3116 5413 Cumque
3160 5344 3462 5400 addidisset

1890 5446 2117 5501 magnus
2175 5434 2529 5502 domesticus,
2558 5451 2692 5497 non
2741 5450 2800 5492 se
2859 5436 3221 5507 intelligentia
3265 5451 3459 5495 omnes

1489 5546 1706 5608 Jacobi
1733 5547 2000 5608 Pontani
2033 5556 2228 5612 notua.

289 5652 591 5737 “QQ-und
620 5654 1109 5737 senispotentiam,
1137 5657 1598 5737 et_auctoritatem
1620 5657 1794 5737 bustis
1896 5661 1962 5737 _ﬁ_t
1995 5659 2143 5737 illius
2173 5661 2540 5737 imbecillitas,
2576 5671 2666 5737 tua
2699 5664 2872 5737 gloria
2904 5665 3051 5722 illius
3066 5641 3454 5737 eomtemptus;

212 5723 302 5778 tui
341 5723 680 5790 videbamus,
709 5723 871 5780 saluti
923 5734 1027 5778 tua:
1075 5726 1422 5792 timebamus,
1467 5737 1524 5780 et
1581 5727 1788 5783 idcirco

213 5793 489 5848 dabamus
516 5793 661 5848 illius
688 5796 773 5850 vel
798 5795 1231 5862 constringendi,
1251 5797 1336 5849 vel
1368 5797 1676 5862 occidendi,
1698 5799 1782 5852 vel

215 5862 392 5919 etiam
423 5862 666 5933 fugiendi
695 5864 944 5922 consilia.
978 5863 1134 5920 Nunc
1158 5865 1396 5920 vicissim
1426 5875 1516 5920 tua
1540 5871 1780 5938 potentia

1894 5730 2206 5808 idquejure
2266 5730 2494 5800 Optimo,
2553 5735 2682 5803 quia
2703 5730 2847 5808 'ipse
2880 5747 2931 5794 te
2982 5739 3051 5805 ad
3092 5739 3207 5808 haec
3255 5730 3454 5808 coegit;

1893 5798 2045 5878 Hanc
2071 5798 2326 5878 istorum}
2360 5810 2415 5878 et
2442 5798 2943 5875 mox-sequentium
2991 5799 3287 5864 verborum
3325 5798 3456 5864 εδει-ι
3504 5849 3508 5856 .

1894 5871 2118 5923 tentiam
2147 5885 2269 5926 esse
2301 5871 2502 5940 iudico.
