4012 6606
275 422 292 482 i
308 425 377 485 73

1448 406 1990 472 IIISTORIARUM
2031 406 2263 465 LIBER
2304 407 2346 469 Ι.

3415 408 3516 470 174

265 499 379 609 γὰρ
412 537 640 592 δυνατὸν
695 537 775 600 είς
813 536 1084 590 ἀντίδοσιν
1140 531 1288 586 ποιεῖ
1348 530 1475 592 τοὺς
1524 525 1840 599 βαρϐάρους

1947 537 2007 577 eo
2042 523 2213 592 magis
2241 537 2301 578 se
2335 521 2410 576 illi
2441 522 2650 576 amicos
2684 535 2805 578 esse
2842 521 3090 579 student.
3137 521 3380 577 SUiiaClO
3416 539 3515 579 au-

272 631 481 701 μᾶλλον
505 630 644 700 πρὸς
679 629 864 699 φιλίαν
887 625 1212 698 τρέπεσθαι.
1241 621 1618 691 Ποιησάμενοι
1649 617 1710 672 δδ
1747 617 1836 685 ὑφ’

269 721 504 782 ἑαυτοὺς
533 720 634 789 τὴν
659 707 904 790 ἑσπέραν
955 716 1293 787 ἀντίρροπον
1330 709 1501 766 οὖσαν
1556 710 1709 780 ημῖν·
1745 707 1841 760 καὶ

265 810 736 872 διπλασιάσαντες
773 809 872 880 τὴν
931 806 1190 876 δύναμιν,
1247 803 1504 873 ἀσφαλῶς
1545 802 1648 872 ἠδη
1704 799 1841 870 πρὸς

273 901 573 962 Βυζάντιον
613 898 968 970 βαδιούμεθα.
1021 897 1140 952 Κᾶν
1199 897 1298 967 μὲν
1357 892 1734 965 προσχωροίη,
1779 886 1840 944 εὖ

268 990 475 1061 ἀνέχοι
499 1007 514 1022 ·
551 992 602 1043 εί
634 991 694 1044 δὲ
737 991 836 1061 μὴ,
881 989 1380 1060 περικαθεσθέντες
1405 984 1842 1054 ἐκπολιορκῆσο-

269 1099 370 1152 μεν
401 1083 480 1152 τῷ
520 1084 719 1154 χρόνῳ,
745 1083 963 1146 οὐδενὸς
981 1083 1136 1144 δντος
1154 1081 1250 1133 τοῦ
1277 1077 1688 1134 ἀπανίστασθαι
1711 1091 1846 1129 κατ·

265 1177 690 1241 αναγκὰσοντος.
736 1175 956 1228 Τούτων
991 1171 1059 1245 δὴ
1086 1173 1250 1226 ἕνεκα
1287 1172 1386 1242 τὴν
1417 1169 1685 1241 βασιλέως
1704 1167 1846 1237 γνώο

267 1281 378 1336 μην
395 1265 695 1319 λυσιτελεῖν
709 1270 956 1338 οἰόμενος
973 1267 1030 1329 ἐς
1046 1266 1116 1318 τὰ
1136 1266 1391 1335 μάλιστα,
1411 1264 1548 1333 αὐτῇ
1570 1264 1842 1315 συνεῖπονο

263 1355 360 1406 καὶ
378 1353 552 1406 πλείω
569 1355 613 1406 δ’
636 1353 803 1424 ἕτερα
826 1353 1037 1408 τούτων
1052 1353 1195 1423 ἔχων
1223 1353 1465 1425 παρίημι
1488 1354 1662 1406 εἰπεῖν
1682 1351 1844 1406 ἑκών.

263 1445 326 1497 Et
349 1445 449 1514 μὲν
468 1444 582 1514 γὰρ
595 1443 696 1498 οἷοί
717 1445 776 1497 τέ
793 1447 926 1518 ,ἐστι
949 1447 1050 1516 την
1063 1445 1264 1517 βουλὴν
1298 1443 1649 1516 μεταὸαλεῖν,
1677 1444 1848 1516 ἀρκέ-

267 1553 354 1588 σει
374 1536 684 1590 καὶταῦτα.
714 1537 776 1589 Ei
793 1536 840 1590 δ’
863 1538 962 1608 οὐχ
994 1532 1100 1590 οἷοί
1123 1553 1203 1600 τε,
1231 1539 1354 1608 είκῆ
1379 1539 1612 1591 κάκεῖνα
1636 1537 1850 1605 λέγοιτο

265 1627 354 1680 ἄν.
386 1627 624 1680 Τοιαῦτα
651 1625 752 1696 μὲν
781 1628 874 1680 καὶ
900 1627 1202 1697 βασιλεὺςό
1235 1628 1378 1690 νέος,
1403 1628 1499 1680 καὶ
1527 1627 1850 1697 δομέστικος

262 1719 294 1770 ὁ
341 1718 514 1786 μέγας
556 1719 674 1786 μετ’
709 1719 875 1772 αὐτὸν
925 1719 1310 1790 διειλέχθησαν
1345 1720 1485 1790 πρὸς
1531 1721 1632 1790 τὴν
1683 1733 1851 1788 στρα-

263 1809 408 1870 τιὰν,
441 1811 548 1878 οὐχ
600 1808 746 1863 οὕτω
775 1811 870 1864 καὶ
897 1811 1215 1866 λυσιτελεῖν
1239 1812 1576 1882 φρονοῦντες
1601 1829 1612 1842 ο
1647 1811 1850 1883 ᾔδεσαν

1941 622 2051 668 tem
2081 612 2406 677 Occidente,
2431 613 2524 684 qui
2554 615 2712 670 nobis
2741 631 2843 685 pro
2871 613 3098 671 Oriente
3127 616 3254 678 erit,
3297 619 3513 671 exerci-

1939 713 2111 773 tuque
2129 703 2432 774 duplicato,
2455 716 2569 760 tum
2594 721 2787 762 secure
2808 707 3124 777 Byzantium
3147 697 3511 763 movebimus.

1941 797 2010 852 Et
2046 797 2093 852 si
2128 798 2353 867 quidem
2401 814 2458 854 se
2488 798 2788 864 dediderit,
2823 800 2962 855 bene
2995 817 3012 859 ι
3046 801 3132 855 sin
3173 801 3278 854 alia
3328 801 3514 856 omnia

1943 889 2233 954 maluerit,
2281 889 2707 944 circumsessum
2759 891 2878 960 ipsa
2932 891 3297 946 diuturnitate
3343 906 3516 961 expu-

1941 982 2260 1053 gnabitnus,
2291 999 2440 1048 cum,
2473 983 2619 1054 quod
2657 999 2758 1040 nos
2789 984 3051 1054 depellat,
3084 985 3224 1038 nihil
3253 985 3380 1040 erit.
3418 984 3514 1038 llis

1944 1073 2013 1127 de
2052 1074 2236 1129 causis
2277 1075 2654 1145 imperatoris
2682 1077 3009 1133 sententiam
3059 1085 3120 1132 ut
3163 1077 3515 1132 utilissimam

1945 1145 2329 1237 probofeique
2361 1167 2658 1223 subscribe
2691 1185 2706 1223 :
2741 1176 2797 1224 et
2828 1183 2956 1223 cum
2983 1170 3135 1238 plura
3169 1170 3400 1224 habeam
3432 1169 3520 1223 di-

1943 1271 2100 1320 cere.
2155 1257 2340 1314 libens
2392 1260 2612 1316 omitto.
2671 1260 2807 1318 Nam
2854 1260 2898 1315 si
2953 1262 3243 1315 consilium
3303 1271 3521 1316 mutare

1951 1349 2210 1418 potestis,
2250 1350 2419 1404 etiam
2455 1351 2560 1406 iSta
2603 1351 2880 1407 sufﬁcient
2909 1370 2923 1406 :
2954 1353 3000 1408 si
3035 1368 3145 1407 non
3177 1353 3432 1423 potestis,
3464 1355 3519 1408 in

1947 1449 2176 1495 ventum
2206 1451 2266 1496 et
2315 1441 2406 1497 illa
2461 1444 2840 1514 loqueremur.
2887 1443 3047 1500 Hunc
3090 1445 3145 1499 in
3189 1445 3414 1500 modum
3466 1455 3524 1500 et.

1947 1533 2257 1603 imperator
2303 1550 2499 1606 nepos,
2545 1545 2604 1591 et
2647 1551 2878 1607 magnus
2926 1537 3285 1605 domesticus,
3331 1549 3523 1593 contra

1947 1640 2116 1695 quam
2162 1627 2426 1696 expedire
2458 1628 2894 1694 arbitrabantur,
2923 1645 3048 1684 cum
3098 1629 3367 1685 militibus
3396 1644 3524 1698 age-

1951 1716 2088 1772 bant
2114 1734 2128 1772 :
2158 1718 2366 1787 Optime
2409 1719 2556 1774 enim
2586 1736 2710 1776 cum
2745 1736 2814 1776 ex
2844 1722 3162 1793 transfugis,
3203 1731 3318 1776 tum
3341 1737 3409 1776 ex
3430 1736 3526 1775 oc-

1951 1808 2122 1863 cultis
2156 1809 2548 1880 Byzantiorum
2588 1813 2792 1869 litteris
2816 1815 3149 1880 didicerant,
3176 1814 3338 1868 simul
3361 1823 3525 1884 atque

264 1901 373 1970 γὰρ
394 1901 640 1970 ἀκριϐῶς
668 1901 735 1956 ἐκ
776 1919 837 1956 τε
880 1903 990 1956 τῶν
1025 1903 1343 1975 αὐτομόλων
1366 1905 1468 1959 καὶ
1499 1907 1566 1958 ἐκ
1620 1905 1730 1958 τῶν
1787 1907 1846 1959 ἐκ

1961 1896 2129 1965 ccepti
2188 1907 2378 1953 essent
2426 1903 2700 1971 conspici,
2749 1905 3012 1973 populum
3063 1915 3249 1974 portas
3299 1905 3368 1960 ad
3426 1919 3525 1960 eos

267 1992 570 2057 Βυζαντίου
619 1995 758 2064 πρὸς
810 1995 1014 2058 αὐτοὺς
1062 1997 1250 2066 κρύφα
1303 1996 1734 2066 διαλεγομένων,
1768 1998 1846 2063 ὡς

269 2085 391 2154 ἅμα
450 2086 530 2156 τῷ
597 2087 838 2158 φανῆναι
897 2089 1097 2152 αὐτοὺς
1151 2088 1485 2155 εἰσδέξονται
1541 2089 1844 2158 Βυζάντιοι,

268 2175 564 2246 διάραντες
593 2179 691 2242 τὰς
727 2180 927 2246 πύλας,
969 2180 1091 2252 ἅμα
1143 2181 1242 2251 μὲν
1267 2182 1724 2253 ἐκπεπληγμένοι
1753 2184 1847 2237 τὸν

271 2266 398 2322 νέον
431 2269 682 2338 βασιλέα,
715 2270 790 2334 ὡς
818 2272 876 2324 ἰν
902 2272 1068 2342 ὀλίγῳ
1104 2271 1202 2324 καὶ
1227 2273 1326 2342 τῆς
1350 2273 1467 2326 ἄνω
1499 2274 1722 2344 Θρᾴκης
1747 2274 1844 2328 καὶ

273 2359 375 2427 τῆς
403 2361 675 2430 παραλίου
705 2363 870 2432 μέχρι
900 2365 994 2417 καὶ
1022 2363 1191 2419 αὐτοῦ
1212 2364 1512 2429 Βυζαντίου
1543 2367 1736 2435 κύριον
1760 2383 1849 2436 γε-

274 2456 600 2523 γενημένον,
635 2457 732 2508 καὶ
763 2457 964 2526 πολλὴν
1014 2458 1358 2529 ἐπαγόμενον
1407 2459 1698 2528 στρατιὰν,
1730 2458 1849 2530 ἅμα
1883 2480 1887 2483 ·

271 2544 328 2597 δὲ
360 2546 458 2598 καὶ
490 2545 753 2610 εὐνοϊκῶς
773 2548 1117 2618 διακείμενοι
1149 2548 1286 2620 πρὸς
1319 2550 1504 2603 αὐτόν.
1536 2550 1849 2614 Διδοικότες

267 2637 325 2689 δὲ
357 2637 436 2706 μὴ
465 2639 887 2710 ὀπρεσὸύτερος
920 2639 1176 2710 βασιλεὺς
1211 2643 1292 2705 είς
1319 2642 1566 2696 κίνδυνον
1601 2642 1846 2714 καταστῇ

269 2731 512 2800 ἁλούσης
549 2734 648 2802 τῆς
689 2734 1136 2800 Κωνσταντίνου,
1186 2736 1523 2790 ὲπλάττοντο
1565 2736 1666 2807 τὴν
1711 2737 1850 2808 πρὸς

266 2825 514 2894 ἑσπέραν
565 2826 930 2896 ἐκστρατείαν
961 2827 1423 2901 λυσιτελεστέραν
1462 2830 1672 2883 οἴεσθαι
1695 2845 1710 2862 ·
1740 2847 1848 2900 φα-

266 2920 447 2988 νερῶς
505 2920 616 2991 γὰρ
664 2923 845 2976 είπεῖν
885 2924 985 2992 τὴν
1022 2924 1228 2990 αἰτίαν,
1265 2925 1332 2977 δι’
1364 2925 1430 2996 ἥν
1473 2924 1536 2978 οὐ
1570 2925 1850 2996 βούλοιντο

264 3009 396 3080 ἄρτι
425 3012 850 3082 ἐπιστρατεύειν
881 3012 1053 3083 αὐτῷ,
1087 3014 1190 3068 οὐκ
1213 3015 1457 3082 ἀσφαλὲς
1490 3011 1632 3069 εἶναι
1675 3016 1851 3071 ἐδόκει

261 3102 354 3156 διὰ
384 3102 444 3155 τὸ
481 3102 580 3173 τὴν
620 3105 887 3174 στρατιὰν
919 3105 1000 3157 ἔτι
1027 3106 1164 3174 πρὸς
1187 3105 1414 3175 βασιλέα
1443 3108 1537 3159 τὸν
1567 3108 1690 3160 νέον
1713 3109 1846 3162 ἀσέ-

261 3195 424 3248 ϐαιον
470 3191 634 3259 εἶναι,
671 3196 771 3250 καὶ
807 3197 1314 3268 διαλυθησομένην,
1375 3201 1428 3252 εί
1486 3215 1540 3252 τι
1586 3201 1843 3255 πύθοιντο

259 3285 540 3341 ⁴τοιοῦτον.
583 3287 730 3358 Πρὸς
781 3288 958 3341 ταῦτα
1009 3288 1065 3342 οῖ
1095 3303 1153 3342 τε
1183 3286 1410 3358 λογάδες
1445 3291 1540 3343 καὶ
1573 3293 1842 3361 σύμπασα

265 3380 535 3451 στρατιὰ,
567 3379 642 3433 Εὖ
673 3381 774 3451 μιν
804 3380 1060 3451 εἰρῆσθαι
1092 3383 1276 3437 πάντα
1306 3384 1403 3436 καὶ
1461 3385 1847 3456 στρατηγικῆς

258 3473 572 3543 ἐμπειρίας
601 3473 792 3540 ἀξίως,
815 3473 927 3526 οὐδ’
950 3474 1113 3528 αὐτοὶ
1141 3475 1523 3547 ἁρνηθείημεν
1551 3475 1638 3542 ἂν,
1666 3473 1846 3542 εἷπον,

255 3561 314 3621 ὣ
375 3564 638 3637 βασιλεῦ’
692 3566 728 3636 ἦ
762 3582 824 3619 τε
871 3568 981 3638 γὰρ
1044 3568 1261 3639 ἑσπέρα
1297 3569 1470 3640 πολλὴ
1503 3571 1598 3623 καὶ
1657 3570 1845 3635 πόλεις

257 3660 474 3731 ἔχουσα
527 3657 728 3723 πολλὰς
760 3659 858 3712 καὶ
889 3664 1237 3732 περιφανεῖς,
1273 3663 1369 3715 καὶ
1421 3663 1689 3733 στρατιὰν
1725 3666 1844 3735 ἅμα

257 3752 606 3821 στρατηγοῖς
651 3749 954 3820 βελτίστοις
1013 3751 1116 3805 οὐκ
1169 3752 1683 3822 εὐκαταφρόνητον,
1748 3758 1846 3810 καὶ

256 3843 472 3914 ῥᾳδίως
507 3843 916 3914 προσχωρήσει,
976 3843 1234 3914 καθάπερ
1283 3843 1456 3913 ἕψητε
1518 3847 1612 3898 καὶ
1667 3848 1842 3902 αὐτοί.

263 3934 488 3987 Ἐκεῖνο
524 3933 709 3999 μέντοι
741 3930 1048 4002 θαυμάζειν
1079 3933 1214 4003 ἡμῖν
1244 3933 1449 4003 ἐπῆλθε
1480 3937 1578 3988 τοῦ
1605 3938 1844 4005 μεγάλου

257 4026 621 4096 δομεστίκου,
655 4018 806 4088 ὅπως
834 4025 896 4079 τὸ
929 4024 1031 4096 μὲν
1057 4026 1158 4094 τὴν
1189 4026 1437 4094 ἑσπέραν
1475 4027 1565 4095 ὑφ’
1616 4031 1846 4094 ἑαυτοὺς

258 4117 610 4189 ποιήσασθαι
632 4117 743 4170 τῶν
767 4117 911 4171 πάνυ
945 4117 1147 4188 ῥᾳδίων
1192 4118 1476 4189 ἀπέφηνεν
1506 4115 1668 4186 εἶναι,
1708 4121 1770 4174 τὸ
1799 4121 1846 4174 δ’

261 4209 547 4263 εἰσελθεῖν
579 4209 842 4263 δύσκολον
874 4210 1130 4273 ἐλθόντας
1161 4211 1241 4272 είς
1270 4209 1370 4280 τὴν
1397 4210 1842 4269 Κωνσταντίνου.

270 4305 528 4359 έΕκείνου
569 4305 678 4376 γὰρ
734 4305 890 4368 ὄντος
930 4305 1134 4376 ῥᾳδίου,
1275 4308 1340 4379 δὴ
1371 4308 1466 4362 καὶ
1514 4309 1676 4372 αὐτὸς
1712 4308 1840 4379 ἔφη,

257 4400 431 4453 τοῦτο
472 4398 656 4470 πολλῷ
705 4399 784 4470 τῷ
819 4399 1003 4469 μέτρῳ
1034 4403 1100 4471 τῇ
1136 4402 1393 4471 ῥαστώνῃ
1439 4402 1716 4471 διαφέρειν
1743 4403 1841 4456 αύ-

258 4494 356 4546 το“ι
381 4491 632 4559 οἰόμεθα.
670 4492 826 4544 Ἐπεὶ
854 4491 900 4544 δ’
928 4493 1174 4562 ἁπάσαις
1217 4495 1336 4556 ταῖς
1373 4493 1577 4563 ψήφοις
1605 4493 1664 4546 re
1700 4495 1839 4564 πρὸς

1947 1985 2406 2045 inti-omittendos
2433 1991 2836 2060 patefacturum
2864 2011 2877 2047 :
2907 1995 3105 2064 partim
3141 1995 3288 2064 quod
3310 1995 3521 2064 iuniori

1949 2075 2087 2130 bene
2120 2078 2343 2145 vellent,
2364 2083 2561 2150 partim
2596 2084 2742 2153 quod
2767 2102 2892 2140 eum
2917 2087 3401 2156 obstupescerent,
3426 2089 3522 2156 qui

1949 2166 2102 2224 brevi
2133 2179 2380 2239 tempore
2411 2184 2469 2229 et
2502 2177 2850 2247 superiorem
2880 2190 2936 2233 et
2987 2181 3320 2238 maritimam
3349 2173 3526 2235 Thra-

1949 2259 2236 2318 ciam‘sibi
2269 2266 2638 2334 subdidisset,
2675 2272 2897 2342 tamque
2929 2272 3177 2342 ingentes
3215 2274 3402 2343 copias
3430 2273 3526 2327 ad—

1948 2352 2195 2411 duceret.
2229 2357 2725 2418 Verumenimvero
2754 2379 2880 2419 eum
2920 2362 3204 2429 timerent,
3241 2381 3311 2421 ne
3363 2375 3521 2436 capta

1951 2449 2090 2503 urbe
2131 2449 2191 2503 in
2239 2466 2428 2507 senem
2483 2442 2876 2525 imperatorem
2925 2459 3286 2528 inhumanius
3317 2460 3526 2530 aliquid

1923 2540 2355 2613 designaretur,
2391 2548 2802 2618 expeditionem
2830 2530 3232 2606 occidentalem
3268 2552 3375 2606 sibi
3407 2552 3525 2607 fru-

1949 2634 2292 2689 ctuosiorem
2319 2637 2496 2692 videri
2519 2640 2866 2696 comminisci
2900 2643 3215 2697 voluerunt.
3247 2643 3380 2696 Nam
3407 2644 3527 2699 sine

1953 2723 2338 2794 integumento
2372 2743 2596 2784 causam
2627 2733 2816 2799 edere,
2846 2733 2917 2788 ob
2957 2750 3120 2804 quam
3151 2751 3250 2806 per
3290 2737 3344 2791 id
3383 2745 3526 2793 tem-

1952 2831 2056 2884 pus
2083 2815 2862 2903 Constantinopolin/adoriri
2894 2829 3126 2893 nollent,
3174 2845 3368 2898 parum
3405 2830 3526 2885 fore

1955 2914 2133 2962 tutum
2167 2910 2498 2981 credebant,
2545 2919 2766 2986 quando
2790 2919 2926 2975 ﬁdes
2953 2923 3232 2978 exercitus
3265 2939 3394 2994 erga
3426 2926 3528 2979 im.

1953 3007 2262 3066 peratorem
2287 3003 2569 3082 iuniorem
2595 3008 2780 3063 adhuc
2816 3022 3057 3074 nutaret,
3094 3025 3150 3068 et
3179 3015 3223 3067 si
3253 3013 3387 3085 quid
3422 3016 3529 3070 tale

1953 3086 2197 3155 audiret,
2232 3092 2597 3150 dilaberetur.
2647 3098 2726 3152 Ad
2765 3101 2880 3155 haec
2925 3103 3140 3159 nobiles
3203 3105 3528 3163 uni-versus-

1954 3194 2062 3248 que
2092 3184 2368 3240 exercitus
2411 3189 2840 3259 responderunt,
2887 3209 2996 3248 non
3042 3209 3101 3249 se
3133 3212 3354 3268 negare,
3389 3215 3529 3255 con-

1950 3274 2240 3332 venienter
2267 3287 2418 3334 etex
2464 3297 2567 3336 usu
2617 3285 2754 3341 artis
2798 3286 3169 3357 imperatoria
3219 3293 3364 3348 dicta
3403 3309 3527 3350 esse

1951 3367 2137 3424 omnia
2164 3386 2178 3422 :
2215 3371 2324 3426 late
2354 3374 2502 3428 enim
2540 3387 2727 3445 patere
2759 3379 3104 3437 occidentem
3135 3383 3352 3448 orbem,
3382 3387 3529 3442 mul-

1952 3467 2034 3513 tas
2076 3461 2417 3536 et'inclytas
2465 3468 2744 3525 sustinere
2802 3472 3008 3540 urbes,
3073 3477 3263 3546 copias
3313 3478 3525 3535 habere

1945 3551 2060 3625 68
2089 3554 2232 3610 haud
2284 3562 2682 3628 aspernabiles,
2736 3579 2862 3619 cum
2905 3567 3235 3626 ductoribus
3282 3571 3526 3628 fortissi-

1950 3648 2073 3712 mis,
2115 3648 2335 3720 levique
2384 3667 2686 3721 moinento,
2726 3668 2787 3712 ut
2835 3663 2998 3718 ambo
3032 3663 3416 3734 aﬂirmassent,
3465 3686 3526 3726 se

1947 3749 2292 3808 dediturum.
2320 3755 2505 3811 Mirari
2543 3769 2747 3824 tamen,
2776 3766 3052 3833 quomodo
3082 3783 3310 3838 magnus
3339 3769 3530 3827 dome-

1948 3840 2122 3926 sticus
2152 3843 2514 3902 Ocridentem
2549 3851 2651 3906 sub
2695 3852 2964 3910 ditionem
3001 3857 3200 3928 subjici
3234 3861 3392 3917 facile
3427 3863 3526 3918 ad.

1949 3923 2170 3988 modum
2195 3951 2377 4006 posse,
2402 3939 2918 4014 ConstantinOpolin
2948 3923 3134 4005 autem
3172 3953 3379 4014 intrare
3399 3971 3526 4011 cum

1947 4028 2194 4080 exercitu
2252 4044 2378 4083 esse
2423 4031 2644 4087 dillicile
2699 4043 3120 4094 asseveraverit.
3178 4044 3318 4110 Quia
3377 4047 3528 4102 enim

1948 4117 2084 4172 illud
2109 4121 2284 4189 prius.
2314 4122 2433 4192 ejus
2459 4127 2762 4193 sententia,
2789 4128 3010 4186 difﬁcile
3036 4149 3145 4188 non
3175 4137 3267 4202 sit,
3296 4137 3401 4194 hoe
3426 4153 3528 4193 suo

1940 4211 2155 4281 judicio
2201 4216 2395 4270 multis
2427 4219 2677 4288 partibus
2725 4237 2846 4278 esse
2880 4224 3119 4281 facilius.
3165 4227 3234 4284 Et
3266 4231 3528 4299 quoniam

1943 4305 2347 4364 occidentalem
2377 4313 2788 4392 expeditionem
2821 4318 2965 4388 apud
3001 4320 3247 4379 animum
3281 4320 3520 4394 impera-

1941 4400 2083 4453 toris
2135 4401 2287 4454 velut
2333 4405 2593 4462 omnibus
2640 4407 2917 4480 snﬂ‘ragiis
2969 4412 3283 4472 obtinuisse
3331 4434 3526 4474 cerne-

1943 4505 2088 4560 rent,
2139 4495 2313 4551 ituros
2361 4501 2668 4554 secundum
2722 4505 2978 4560 mandata
3010 4517 3284 4579 quotquot
3331 4514 3529 4570 velint.

259 4586 371 4655 τὴν
401 4585 644 4655 ἑσπέραν
685 4583 1082 4654 ἐκστρατεύειν
1128 4585 1282 4654 παρὰ
1313 4587 1418 4651 σοὶ,
1474 4583 1724 4656 βασιλεῦ,
1756 4603 1846 4638 κε-

1953 4599 2058 4639 non
2097 4594 2276 4641 tamen
2307 4604 2461 4658 aeque
2493 4592 2772 4657 alacriter,
2803 4595 2899 4650 sed
2951 4597 3202 4668 ingratis.
3257 4601 3341 4668 Si,
3377 4606 3527 4676 quod

263 4677 558 4749 κρατηκὸς
591 4679 836 4748 ὁρῶμεν,
888 4676 1354 4748 συστρατεύσουσι
1405 4680 1504 4749 μὲν
1541 4681 1635 4732 καὶ
1661 4679 1840 4748 ἡμῶν,

265 4772 561 4840 ἐπίταγμα
620 4769 713 4822 σδν
759 4768 1186 4840 ἐκπληροῦντες,
1216 4771 1334 4824 ὅσοι
1384 4770 1450 4841 δὴ
1498 4771 1595 4824 καὶ
1652 4770 1852 4842 βουλή⁴

267 4853 664 4928 σονται·’πλὴν
704 4861 767 4914 ού
796 4862 938 4931 μετὰ
973 4862 1072 4930 τῆς
1106 4862 1230 4931 ῖσης
1285 4862 1621 4932 προθυμίας,
1681 4864 1851 4932 ἠναγ-

268 4955 566 5026 κασμένως
588 4954 666 5008 δέ.
704 4956 803 5007 ’Δν
831 4954 880 5006 δ’
927 4953 1120 5026 ὥσπερ
1151 4953 1414 5024 ἀξιοῦμεν
1454 4955 1611 5008 αὐτοὶ
1656 4954 1754 5026 τὴν
1791 4958 1850 5018 ἐς

133 5043 146 5050 ’
241 5045 574 5113 ’Βυζάντιον
599 5049 792 5118 ἴωμεν,
825 5047 1026 5108 πάντες
1064 5065 1124 5100 τε
1157 5046 1276 5116 ἅμα
1303 5046 1550 5115 ἑψόμεθα
1591 5048 1683 5099 καὶ
1715 5063 1850 5118 προ-

1951 4689 2242 4747 euperent,
2300 4680 2623 4751 Byzantium
2688 4697 2996 4755 peteretur,
3056 4693 3191 4748 mira
3247 4694 3528 4767 voluptate

1956 4769 2234 4825 neminem
2288 4789 2400 4826 non
2442 4785 2791 4834 secuturum.
2846 4781 3026 4846 Quare
3064 4799 3124 4839 se
3163 4785 3316 4839 illum
3363 4803 3527 4842 orare

1957 4861 2220 4932 majorem
2270 4863 2326 4917 in
2381 4855 2629 4934 modum,
2672 4859 3116 4942 justae'ipsorum
3159 4879 3526 4950 praesentique

1955 4951 2123 5005 statui
2185 4955 2675 5038 opportunissimae
2751 4964 3114 5029 postulationi
3195 4967 3527 5038 obsequere-

1957 5052 2045 5096 tur
2074 5043 2209 5115 (54).
2255 5043 2402 5099 idem
2440 5035 2625 5105 duces
2673 5047 2919 5108 aiebant.
2971 5055 3274 5126 Imperator
3330 5035 3528 5116 videns

273 5143 452 5213 θυμία
496 5142 594 5194 σὺν
619 5141 811 5211 πολλῇ.
868 5140 961 5193 Διὸ
1015 5140 1080 5210 δή
1116 5157 1208 5193 σου
1263 5139 1522 5210 δεόμεθα,
1576 5139 1708 5208 πρὸς
1735 5141 1837 5208 τὴν

1947 5150 2140 5190 eorum
2180 5131 2687 5210 Constantinopolis
2732 5144 3058 5202 invadendae
3104 5149 3393 5208 libidinem
3435 5157 3524 5209 ui-

270 5235 502 5300 ἀξίωσιν
531 5233 689 5302 ἡμῶν
719 5233 960 5298 ὑπεῖξαι,
990 5231 1210 5285 δικαίαν
1248 5248 1308 5284 τε
1331 5229 1522 5290 οὖσαν,
1559 5231 1654 5283 καὶ
1686 5234 1741 5292 ες
1778 5232 1846 5283 τὰ

1953 5225 2031 5279 hil
2069 5243 2299 5294 prorsus
2345 5227 2725 5300 languescere,
2768 5251 2895 5290 cum
2931 5251 3130 5309 cogere
3159 5257 3266 5296 non
3308 5258 3517 5312 posset,

274 5327 528 5397 παρόντα
581 5325 1071 5396 λυσιτελεστάτην.
1108 5322 1351 5377 Τοιαῦτα
1400 5323 1499 5392 μὲν
1528 5325 1624 5376 καὶ
1655 5325 1705 5376 οί
1747 5323 1846 5392 τῆς

1951 5317 2021 5372 de
2056 5319 2441 5377 benevolentia
2475 5324 2901 5398 obedientiaque
2931 5335 3366 5402 commendatos,
3424 5339 3518 5408 qui

275 5421 542 5491 στρατιᾶς
577 5420 843 5489 ἡγεμόνες
879 5414 1056 5472 εἶπον.
1100 5416 1279 5488 Ὁρῶν
1317 5416 1376 5470 δὲ
1409 5415 1439 5469 ὁ
1467 5415 1720 5486 βασιλεὺς
1747 5416 1845 5485 τὴν

1952 5411 2120 5467 etiam
2159 5429 2191 5467 a
2229 5415 2434 5484 quibus
2461 5417 2852 5488 abhorrerent,
2885 5425 3069 5480 studio
3097 5427 3201 5483 sibi
3233 5429 3520 5501 obtempe—

275 5515 371 5566 ἐπὶ
397 5513 458 5564 τὸ
493 5511 791 5576 Βυζάντιον
830 5510 1018 5572 αὐτοῖς
1047 5509 1226 5580 ὁρμὴν
1254 5509 1353 5561 οὐκ
1399 5507 1843 5578 ἀμδλυνομένην,

1947 5503 2108 5558 randi
2141 5504 2321 5560 facere
2349 5507 2696 5573 annuissent,
2727 5509 3246 5589 Constantinopolin
3282 5523 3362 5578 ire
3391 5540 3517 5594 per~

278 5603 564 5674 βιάζεσθαί
597 5618 656 5656 τε
709 5603 810 5656 οὐκ
860 5602 1017 5672 ἔχων,
1046 5602 1144 5670 τῆς
1194 5601 1410 5662 εὐνοίας
1445 5600 1564 5666 ἅμα
1614 5599 1843 5680 καὶτῆς

1948 5597 2120 5652 misit.
2169 5597 2368 5654 Vocem
2405 5599 2524 5668 ejus
2558 5601 2764 5658 milites
2795 5609 3181 5676 gratulabundi
3210 5617 3514 5686 excipiunt,

1543 5729 1756 5793 Jacobi
1797 5729 2057 5791 Ponteui
2096 5735 2281 5789 notae.

353 5841 462 5909 (5i)
504 5837 867 5895 Scribeudum
901 5839 957 5894 in
981 5837 1169 5892 αττεοο
1197 5836 1432 5900 ὑπεῖξαι,
1466 5836 1646 5890 cedere
1677 5853 1693 5889 :
1731 5846 1922 5906 rogant
1954 5835 2102 5890 enim
2136 5844 2194 5888 ut
2230 5835 2332 5889 sibi
2354 5837 2496 5905 justa
2539 5843 2856 5908 petentibus
2891 5861 3009 5900 mos
3031 5858 3270 5917 geratur.
