  <div class='ocr_page' id='page_1' title='image "/cluster/home/n/w/nwhite01/storage/ocr_20150623/153/hvd.32044019208412/095.png"; bbox 0 0 4012 6678; ppageno 0'>
   <div class='ocr_carea' id='block_1_1' title="bbox 484 373 588 434">
    <p class='ocr_par' dir='ltr' id='par_1_1' title="bbox 484 373 588 434">
     <span class='ocr_line' id='line_1_1' title="bbox 484 373 588 434; baseline -0.029 0"><span class='ocrx_word' id='word_1_1' title='bbox 484 373 588 434; x_wconf 63' lang='lat' dir='ltr'><strong>liii</strong></span> 
     </span>
    </p>
   </div>
   <div class='ocr_carea' id='block_1_2' title="bbox 1665 364 2556 429">
    <p class='ocr_par' dir='ltr' id='par_1_2' title="bbox 1665 364 2556 429">
     <span class='ocr_line' id='line_1_2' title="bbox 1665 364 2556 429; baseline 0.001 -3"><span class='ocrx_word' id='word_1_2' title='bbox 1665 365 1990 428; x_wconf 83' lang='lat' dir='ltr'><strong>JO.\NNIS</strong></span> <span class='ocrx_word' id='word_1_3' title='bbox 2028 364 2556 429; x_wconf 83' lang='lat' dir='ltr'><strong>CANTACUZENI</strong></span> 
     </span>
    </p>
   </div>
   <div class='ocr_carea' id='block_1_3' title="bbox 3637 364 3746 428">
    <p class='ocr_par' dir='ltr' id='par_1_3' title="bbox 3637 364 3746 428">
     <span class='ocr_line' id='line_1_3' title="bbox 3637 364 3746 428; baseline -0.028 0"><span class='ocrx_word' id='word_1_4' title='bbox 3637 364 3746 428; x_wconf 78' lang='lat'><strong>176</strong></span> 
     </span>
    </p>
   </div>
   <div class='ocr_carea' id='block_1_4' title="bbox 477 480 2039 559">
    <p class='ocr_par' dir='ltr' id='par_1_4' title="bbox 477 482 2039 559">
     <span class='ocr_line' id='line_1_4' title="bbox 477 482 2039 559; baseline -0.004 -17"><span class='ocrx_word' id='word_1_5' title='bbox 477 488 881 559; x_wconf 67' lang='lat' dir='ltr'><strong>ct‘Byzautium</strong></span> <span class='ocrx_word' id='word_1_6' title='bbox 918 494 1129 542; x_wconf 89' lang='lat' dir='ltr'><strong>tantum</strong></span> <span class='ocrx_word' id='word_1_7' title='bbox 1162 501 1272 540; x_wconf 85' lang='lat' dir='ltr'><strong>non</strong></span> <span class='ocrx_word' id='word_1_8' title='bbox 1309 483 1364 539; x_wconf 92' lang='lat' dir='ltr'><strong>in</strong></span> <span class='ocrx_word' id='word_1_9' title='bbox 1397 484 1671 554; x_wconf 51' lang='lat' dir='ltr'><strong>fmanibus</strong></span> <span class='ocrx_word' id='word_1_10' title='bbox 1695 485 1804 556; x_wconf 81' lang='lat' dir='ltr'><strong>jam</strong></span> <span class='ocrx_word' id='word_1_11' title='bbox 1838 497 1898 539; x_wconf 89' lang='lat' dir='ltr'><strong>se</strong></span> <span class='ocrx_word' id='word_1_12' title='bbox 1941 482 2039 536; x_wconf 85' lang='lat' dir='ltr'><strong>ba-</strong></span> 
     </span>
    </p>
   </div>
   <div class='ocr_carea' id='block_1_5' title="bbox 2142 480 3751 559">
    <p class='ocr_par' dir='ltr' id='par_1_5' title="bbox 2150 480 3751 559">
     <span class='ocr_line' id='line_1_5' title="bbox 2150 480 3751 559; baseline 0.002 -26"><span class='ocrx_word' id='word_1_13' title='bbox 2150 481 2468 559; x_wconf 82' lang='grc' dir='ltr'>εὐπειθείας</span> <span class='ocrx_word' id='word_1_14' title='bbox 2499 482 2795 548; x_wconf 74' lang='grc' dir='ltr'><strong>ἐπαινέσας</strong></span> <span class='ocrx_word' id='word_1_15' title='bbox 2816 481 3044 550; x_wconf 74' lang='grc' dir='ltr'>αὐτοὺς,</span> <span class='ocrx_word' id='word_1_16' title='bbox 3077 483 3163 538; x_wconf 76' lang='grc' dir='ltr'><strong>δτι</strong></span> <span class='ocrx_word' id='word_1_17' title='bbox 3189 481 3284 537; x_wconf 83' lang='grc' dir='ltr'>καὶ</span> <span class='ocrx_word' id='word_1_18' title='bbox 3317 481 3354 538; x_wconf 78' lang='grc' dir='ltr'>δ.</span> <span class='ocrx_word' id='word_1_19' title='bbox 3383 480 3462 553; x_wconf 84' lang='grc' dir='ltr'>μὴ</span> <span class='ocrx_word' id='word_1_20' title='bbox 3491 480 3751 551; x_wconf 81' lang='grc' dir='ltr'>βούλοιν-</span> 
     </span>
    </p>
   </div>
   <div class='ocr_carea' id='block_1_6' title="bbox 482 573 2047 651">
    <p class='ocr_par' dir='ltr' id='par_1_6' title="bbox 482 573 2047 651">
     <span class='ocr_line' id='line_1_6' title="bbox 482 573 2047 651; baseline -0.003 -17"><span class='ocrx_word' id='word_1_21' title='bbox 482 582 612 636; x_wconf 86' lang='lat' dir='ltr'><strong>bere</strong></span> <span class='ocrx_word' id='word_1_22' title='bbox 664 585 976 651; x_wconf 71' lang='lat' dir='ltr'><strong>opinantes,</strong></span> <span class='ocrx_word' id='word_1_23' title='bbox 1023 579 1132 634; x_wconf 92' lang='lat' dir='ltr'><strong>iter</strong></span> <span class='ocrx_word' id='word_1_24' title='bbox 1188 587 1407 648; x_wconf 88' lang='lat' dir='ltr'><strong>parant.</strong></span> <span class='ocrx_word' id='word_1_25' title='bbox 1461 577 1607 647; x_wconf 81' lang='lat' dir='ltr'><strong>Ergo</strong></span> <span class='ocrx_word' id='word_1_26' title='bbox 1655 575 1918 646; x_wconf 84' lang='lat' dir='ltr'><strong>quoniam</strong></span> <span class='ocrx_word' id='word_1_27' title='bbox 1978 573 2047 629; x_wconf 88' lang='lat' dir='ltr'><strong>ab</strong></span> 
     </span>
    </p>
   </div>
   <div class='ocr_carea' id='block_1_7' title="bbox 477 670 2046 744">
    <p class='ocr_par' dir='ltr' id='par_1_7' title="bbox 477 670 2046 744">
     <span class='ocr_line' id='line_1_7' title="bbox 477 670 2046 744; baseline -0.006 -13"><span class='ocrx_word' id='word_1_28' title='bbox 477 676 726 731; x_wconf 85' lang='lat' dir='ltr'><strong>exercitu</strong></span> <span class='ocrx_word' id='word_1_29' title='bbox 759 675 1057 744; x_wconf 88' lang='lat' dir='ltr'><strong>impetrare</strong></span> <span class='ocrx_word' id='word_1_30' title='bbox 1082 673 1487 743; x_wconf 83' lang='lat' dir='ltr'><strong>nequivissent,</strong></span> <span class='ocrx_word' id='word_1_31' title='bbox 1511 682 1574 727; x_wconf 93' lang='lat' dir='ltr'><strong>ut</strong></span> <span class='ocrx_word' id='word_1_32' title='bbox 1599 670 2046 726; x_wconf 85' lang='lat' dir='ltr'><strong>Thessalonicam</strong></span> 
     </span>
    </p>
   </div>
   <div class='ocr_carea' id='block_1_8' title="bbox 474 764 2044 836">
    <p class='ocr_par' dir='ltr' id='par_1_8' title="bbox 474 764 2044 836">
     <span class='ocr_line' id='line_1_8' title="bbox 474 764 2044 836; baseline -0.002 -15"><span class='ocrx_word' id='word_1_33' title='bbox 474 768 608 823; x_wconf 85' lang='lat' dir='ltr'><strong>duci</strong></span> <span class='ocrx_word' id='word_1_34' title='bbox 637 767 846 829; x_wconf 85' lang='lat' dir='ltr'><strong>mallet,</strong></span> <span class='ocrx_word' id='word_1_35' title='bbox 876 766 1378 836; x_wconf 81' lang='lat' dir='ltr'><strong>intelligebantque</strong></span> <span class='ocrx_word' id='word_1_36' title='bbox 1421 765 1700 821; x_wconf 80' lang='lat' dir='ltr'><strong>seniorem</strong></span> <span class='ocrx_word' id='word_1_37' title='bbox 1745 764 2044 833; x_wconf 86' lang='lat' dir='ltr'><strong>imperato-</strong></span> 
     </span>
    </p>
   </div>
   <div class='ocr_carea' id='block_1_9' title="bbox 461 855 2048 928">
    <p class='ocr_par' dir='ltr' id='par_1_9' title="bbox 461 855 2048 928">
     <span class='ocr_line' id='line_1_9' title="bbox 461 855 2048 928; baseline -0.001 -16"><span class='ocrx_word' id='word_1_38' title='bbox 461 875 593 914; x_wconf 80' lang='lat' dir='ltr'><strong>rem</strong></span> <span class='ocrx_word' id='word_1_39' title='bbox 629 858 817 913; x_wconf 88' lang='lat' dir='ltr'><strong>venire</strong></span> <span class='ocrx_word' id='word_1_40' title='bbox 865 859 919 912; x_wconf 90' lang='lat' dir='ltr'><strong>in</strong></span> <span class='ocrx_word' id='word_1_41' title='bbox 956 858 1294 928; x_wconf 68' lang='lat' dir='ltr'><strong>periculum,</strong></span> <span class='ocrx_word' id='word_1_42' title='bbox 1329 859 1448 926; x_wconf 84' lang='lat' dir='ltr'><strong>ipse</strong></span> <span class='ocrx_word' id='word_1_43' title='bbox 1479 865 1535 912; x_wconf 90' lang='lat' dir='ltr'><strong>et</strong></span> <span class='ocrx_word' id='word_1_44' title='bbox 1587 871 1817 926; x_wconf 79' lang='lat' dir='ltr'><strong>rnagnus</strong></span> <span class='ocrx_word' id='word_1_45' title='bbox 1855 855 2048 910; x_wconf 86' lang='lat' dir='ltr'><strong>dome-</strong></span> 
     </span>
    </p>
   </div>
   <div class='ocr_carea' id='block_1_10' title="bbox 477 947 2044 1020">
    <p class='ocr_par' dir='ltr' id='par_1_10' title="bbox 477 947 2044 1020">
     <span class='ocr_line' id='line_1_10' title="bbox 477 947 2044 1020; baseline -0.001 -16"><span class='ocrx_word' id='word_1_46' title='bbox 477 951 653 1006; x_wconf 89' lang='lat' dir='ltr'><strong>sticus</strong></span> <span class='ocrx_word' id='word_1_47' title='bbox 682 951 823 1005; x_wconf 89' lang='lat' dir='ltr'><strong>clam</strong></span> <span class='ocrx_word' id='word_1_48' title='bbox 873 951 1029 1005; x_wconf 91' lang='lat' dir='ltr'><strong>illum</strong></span> <span class='ocrx_word' id='word_1_49' title='bbox 1075 965 1175 1020; x_wconf 89' lang='lat' dir='ltr'><strong>per</strong></span> <span class='ocrx_word' id='word_1_50' title='bbox 1223 950 1515 1019; x_wconf 85' lang='lat' dir='ltr'><strong>epistolam</strong></span> <span class='ocrx_word' id='word_1_51' title='bbox 1562 949 1631 1004; x_wconf 79' lang='lat' dir='ltr'><strong>de</strong></span> <span class='ocrx_word' id='word_1_52' title='bbox 1666 950 1771 1004; x_wconf 86' lang='lat' dir='ltr'><strong>hoc</strong></span> <span class='ocrx_word' id='word_1_53' title='bbox 1798 947 2044 1003; x_wconf 83' lang='lat' dir='ltr'><strong>adventu</strong></span> 
     </span>
    </p>
   </div>
   <div class='ocr_carea' id='block_1_11' title="bbox 471 1038 2042 1109">
    <p class='ocr_par' dir='ltr' id='par_1_11' title="bbox 471 1038 2042 1109">
     <span class='ocr_line' id='line_1_11' title="bbox 471 1038 2042 1109; baseline -0.002 -14"><span class='ocrx_word' id='word_1_54' title='bbox 471 1043 773 1096; x_wconf 85' lang='lat' dir='ltr'><strong>admonere</strong></span> <span class='ocrx_word' id='word_1_55' title='bbox 836 1041 1169 1098; x_wconf 90' lang='lat' dir='ltr'><strong>decernunt.</strong></span> <span class='ocrx_word' id='word_1_56' title='bbox 1228 1039 1284 1095; x_wconf 89' lang='lat' dir='ltr'><strong>Id</strong></span> <span class='ocrx_word' id='word_1_57' title='bbox 1334 1041 1382 1096; x_wconf 88' lang='lat' dir='ltr'><strong>si</strong></span> <span class='ocrx_word' id='word_1_58' title='bbox 1433 1040 1591 1096; x_wconf 89' lang='lat' dir='ltr'><strong>miles</strong></span> <span class='ocrx_word' id='word_1_59' title='bbox 1643 1038 2042 1109; x_wconf 81' lang='lat' dir='ltr'><strong>comperisset,</strong></span> 
     </span>
    </p>
   </div>
   <div class='ocr_carea' id='block_1_12' title="bbox 473 1129 2042 1201">
    <p class='ocr_par' dir='ltr' id='par_1_12' title="bbox 473 1129 2042 1201">
     <span class='ocr_line' id='line_1_12' title="bbox 473 1129 2042 1201; baseline -0.001 -17"><span class='ocrx_word' id='word_1_60' title='bbox 473 1143 734 1201; x_wconf 80' lang='lat' dir='ltr'><strong>tanquam</strong></span> <span class='ocrx_word' id='word_1_61' title='bbox 768 1144 821 1184; x_wconf 82' lang='lat' dir='ltr'><strong>-a</strong></span> <span class='ocrx_word' id='word_1_62' title='bbox 871 1129 1217 1200; x_wconf 79' lang='lat' dir='ltr'><strong>principibus</strong></span> <span class='ocrx_word' id='word_1_63' title='bbox 1267 1131 1385 1186; x_wconf 90' lang='lat' dir='ltr'><strong>suis</strong></span> <span class='ocrx_word' id='word_1_64' title='bbox 1425 1129 1699 1200; x_wconf 88' lang='lat' dir='ltr'><strong>proditus,</strong></span> <span class='ocrx_word' id='word_1_65' title='bbox 1752 1144 1892 1200; x_wconf 87' lang='lat' dir='ltr'><strong>quas</strong></span> <span class='ocrx_word' id='word_1_66' title='bbox 1932 1144 2042 1184; x_wconf 89' lang='lat' dir='ltr'><strong>non</strong></span> 
     </span>
    </p>
   </div>
   <div class='ocr_carea' id='block_1_13' title="bbox 473 1221 2042 1291">
    <p class='ocr_par' dir='ltr' id='par_1_13' title="bbox 473 1221 2042 1291">
     <span class='ocr_line' id='line_1_13' title="bbox 473 1221 2042 1291; baseline -0.001 -15"><span class='ocrx_word' id='word_1_67' title='bbox 473 1223 668 1277; x_wconf 84' lang='lat' dir='ltr'><strong>turbas</strong></span> <span class='ocrx_word' id='word_1_68' title='bbox 697 1222 1030 1276; x_wconf 77' lang='lat' dir='ltr'><strong>excitasset?</strong></span> <span class='ocrx_word' id='word_1_69' title='bbox 1051 1221 1186 1277; x_wconf 84' lang='lat' dir='ltr'><strong>Eam</strong></span> <span class='ocrx_word' id='word_1_70' title='bbox 1211 1221 1500 1291; x_wconf 87' lang='lat' dir='ltr'><strong>epistolam</strong></span> <span class='ocrx_word' id='word_1_71' title='bbox 1529 1221 1774 1276; x_wconf 86' lang='lat' dir='ltr'><strong>dictante</strong></span> <span class='ocrx_word' id='word_1_72' title='bbox 1801 1221 2042 1290; x_wconf 89' lang='lat' dir='ltr'><strong>impera-</strong></span> 
     </span>
    </p>
   </div>
   <div class='ocr_carea' id='block_1_14' title="bbox 472 1313 2041 1384">
    <p class='ocr_par' dir='ltr' id='par_1_14' title="bbox 472 1313 2041 1384">
     <span class='ocr_line' id='line_1_14' title="bbox 472 1313 2041 1384; baseline 0 -15"><span class='ocrx_word' id='word_1_73' title='bbox 472 1327 590 1370; x_wconf 87' lang='lat' dir='ltr'><strong>tore</strong></span> <span class='ocrx_word' id='word_1_74' title='bbox 631 1315 856 1384; x_wconf 89' lang='lat' dir='ltr'><strong>juniore</strong></span> <span class='ocrx_word' id='word_1_75' title='bbox 888 1315 1231 1370; x_wconf 89' lang='lat' dir='ltr'><strong>domesticus</strong></span> <span class='ocrx_word' id='word_1_76' title='bbox 1259 1325 1449 1370; x_wconf 87' lang='lat' dir='ltr'><strong>exarat</strong></span> <span class='ocrx_word' id='word_1_77' title='bbox 1489 1315 1543 1370; x_wconf 90' lang='lat' dir='ltr'><strong>in</strong></span> <span class='ocrx_word' id='word_1_78' title='bbox 1581 1315 1700 1368; x_wconf 74' lang='lat' dir='ltr'><strong>hazc</strong></span> <span class='ocrx_word' id='word_1_79' title='bbox 1728 1313 1938 1370; x_wconf 88' lang='lat' dir='ltr'><strong>verba:</strong></span> <span class='ocrx_word' id='word_1_80' title='bbox 1975 1314 2041 1370; x_wconf 90' lang='lat' dir='ltr'><strong>Ut</strong></span> 
     </span>
    </p>
   </div>
   <div class='ocr_carea' id='block_1_15' title="bbox 469 1403 2040 1477">
    <p class='ocr_par' dir='ltr' id='par_1_15' title="bbox 469 1403 2040 1477">
     <span class='ocr_line' id='line_1_15' title="bbox 469 1403 2040 1477; baseline -0.001 -17"><span class='ocrx_word' id='word_1_81' title='bbox 469 1408 705 1461; x_wconf 87' lang='lat' dir='ltr'><strong>antehac</strong></span> <span class='ocrx_word' id='word_1_82' title='bbox 747 1403 972 1477; x_wconf 81' lang='lat' dir='ltr'><strong>saepius,</strong></span> <span class='ocrx_word' id='word_1_83' title='bbox 1019 1408 1101 1461; x_wconf 87' lang='lat' dir='ltr'><strong>sic</strong></span> <span class='ocrx_word' id='word_1_84' title='bbox 1133 1421 1283 1461; x_wconf 88' lang='lat' dir='ltr'><strong>nunc</strong></span> <span class='ocrx_word' id='word_1_85' title='bbox 1319 1407 1490 1462; x_wconf 91' lang='lat' dir='ltr'><strong>Deum</strong></span> <span class='ocrx_word' id='word_1_86' title='bbox 1535 1406 1810 1461; x_wconf 90' lang='lat' dir='ltr'><strong>dictorum</strong></span> <span class='ocrx_word' id='word_1_87' title='bbox 1845 1415 2040 1461; x_wconf 83' lang='lat' dir='ltr'><strong>testem</strong></span> 
     </span>
    </p>
   </div>
   <div class='ocr_carea' id='block_1_16' title="bbox 457 1494 2042 1570">
    <p class='ocr_par' dir='ltr' id='par_1_16' title="bbox 457 1494 2042 1570">
     <span class='ocr_line' id='line_1_16' title="bbox 457 1494 2042 1570; baseline -0.001 -17"><span class='ocrx_word' id='word_1_88' title='bbox 457 1499 708 1570; x_wconf 80' lang='lat' dir='ltr'><strong>appello,</strong></span> <span class='ocrx_word' id='word_1_89' title='bbox 744 1494 1121 1553; x_wconf 80' lang='lat' dir='ltr'><strong>sacratissime</strong></span> <span class='ocrx_word' id='word_1_90' title='bbox 1170 1497 1494 1567; x_wconf 86' lang='lat' dir='ltr'><strong>imperator,</strong></span> <span class='ocrx_word' id='word_1_91' title='bbox 1540 1511 1722 1565; x_wconf 89' lang='lat' dir='ltr'><strong>neque</strong></span> <span class='ocrx_word' id='word_1_92' title='bbox 1766 1511 1892 1551; x_wconf 91' lang='lat' dir='ltr'><strong>eum</strong></span> <span class='ocrx_word' id='word_1_93' title='bbox 1929 1495 2042 1551; x_wconf 90' lang='lat' dir='ltr'><strong>illic</strong></span> 
     </span>
    </p>
   </div>
   <div class='ocr_carea' id='block_1_17' title="bbox 458 1589 2041 1662">
    <p class='ocr_par' dir='ltr' id='par_1_17' title="bbox 458 1589 2041 1662">
     <span class='ocr_line' id='line_1_17' title="bbox 458 1589 2041 1662; baseline -0.002 -15"><span class='ocrx_word' id='word_1_94' title='bbox 458 1594 752 1662; x_wconf 77' lang='lat' dir='ltr'><strong>degerem,</strong></span> <span class='ocrx_word' id='word_1_95' title='bbox 791 1591 1136 1646; x_wconf 83' lang='lat' dir='ltr'><strong>stimulatum</strong></span> <span class='ocrx_word' id='word_1_96' title='bbox 1176 1605 1266 1645; x_wconf 92' lang='lat' dir='ltr'><strong>me</strong></span> <span class='ocrx_word' id='word_1_97' title='bbox 1297 1589 1635 1646; x_wconf 86' lang='lat' dir='ltr'><strong>conscientia</strong></span> <span class='ocrx_word' id='word_1_98' title='bbox 1669 1589 1897 1644; x_wconf 87' lang='lat' dir='ltr'><strong>admissi</strong></span> <span class='ocrx_word' id='word_1_99' title='bbox 1937 1590 2041 1644; x_wconf 90' lang='lat' dir='ltr'><strong>ali-</strong></span> 
     </span>
    </p>
   </div>
   <div class='ocr_carea' id='block_1_18' title="bbox 457 1681 2041 1754">
    <p class='ocr_par' dir='ltr' id='par_1_18' title="bbox 457 1681 2041 1754">
     <span class='ocr_line' id='line_1_18' title="bbox 457 1681 2041 1754; baseline -0.003 -14"><span class='ocrx_word' id='word_1_100' title='bbox 457 1685 652 1754; x_wconf 79' lang='lat' dir='ltr'><strong>cujus,</strong></span> <span class='ocrx_word' id='word_1_101' title='bbox 687 1699 797 1754; x_wconf 92' lang='lat' dir='ltr'><strong>quo</strong></span> <span class='ocrx_word' id='word_1_102' title='bbox 841 1693 998 1738; x_wconf 90' lang='lat' dir='ltr'><strong>tuum</strong></span> <span class='ocrx_word' id='word_1_103' title='bbox 1047 1682 1239 1740; x_wconf 91' lang='lat' dir='ltr'><strong>odium</strong></span> <span class='ocrx_word' id='word_1_104' title='bbox 1268 1681 1618 1753; x_wconf 86' lang='lat' dir='ltr'><strong>provocarim</strong></span> <span class='ocrx_word' id='word_1_105' title='bbox 1649 1698 1664 1735; x_wconf 92' lang='lat'><strong>:</strong></span> <span class='ocrx_word' id='word_1_106' title='bbox 1697 1697 1880 1751; x_wconf 87' lang='lat' dir='ltr'><strong>neque</strong></span> <span class='ocrx_word' id='word_1_107' title='bbox 1917 1681 2041 1736; x_wconf 89' lang='lat' dir='ltr'><strong>ideo</strong></span> 
     </span>
    </p>
   </div>
   <div class='ocr_carea' id='block_1_19' title="bbox 460 1770 2037 1839">
    <p class='ocr_par' dir='ltr' id='par_1_19' title="bbox 460 1770 2037 1839">
     <span class='ocr_line' id='line_1_19' title="bbox 460 1770 2037 1839; baseline -0.002 -10"><span class='ocrx_word' id='word_1_108' title='bbox 460 1775 599 1829; x_wconf 72' lang='lat' dir='ltr'><strong>inde</strong></span> <span class='ocrx_word' id='word_1_109' title='bbox 658 1774 894 1839; x_wconf 82' lang='lat' dir='ltr'><strong>abiisse,</strong></span> <span class='ocrx_word' id='word_1_110' title='bbox 949 1782 1011 1828; x_wconf 91' lang='lat' dir='ltr'><strong>ut</strong></span> <span class='ocrx_word' id='word_1_111' title='bbox 1069 1775 1222 1829; x_wconf 91' lang='lat' dir='ltr'><strong>omni</strong></span> <span class='ocrx_word' id='word_1_112' title='bbox 1280 1775 1496 1830; x_wconf 84' lang='lat' dir='ltr'><strong>ratione</strong></span> <span class='ocrx_word' id='word_1_113' title='bbox 1552 1773 1885 1828; x_wconf 88' lang='lat' dir='ltr'><strong>detrimenta</strong></span> <span class='ocrx_word' id='word_1_114' title='bbox 1937 1770 2037 1827; x_wconf 91' lang='lat' dir='ltr'><strong>tibi</strong></span> 
     </span>
    </p>
   </div>
   <div class='ocr_carea' id='block_1_20' title="bbox 2145 557 3747 657">
    <p class='ocr_par' dir='ltr' id='par_1_20' title="bbox 2145 557 3747 657">
     <span class='ocr_line' id='line_1_20' title="bbox 2145 557 3747 657; baseline 0.002 -32"><span class='ocrx_word' id='word_1_115' title='bbox 2145 589 2220 657; x_wconf 72' lang='grc' dir='ltr'><strong>το</strong></span> <span class='ocrx_word' id='word_1_116' title='bbox 2268 557 2370 627; x_wconf 78' lang='grc' dir='ltr'><strong>διά</strong></span> <span class='ocrx_word' id='word_1_117' title='bbox 2405 574 2506 644; x_wconf 76' lang='grc' dir='ltr'>τὴν</span> <span class='ocrx_word' id='word_1_118' title='bbox 2533 577 2616 640; x_wconf 81' lang='grc' dir='ltr'><strong>είς</strong></span> <span class='ocrx_word' id='word_1_119' title='bbox 2661 575 2824 630; x_wconf 78' lang='grc' dir='ltr'>αὐτὸν</span> <span class='ocrx_word' id='word_1_120' title='bbox 2873 577 3195 632; x_wconf 76' lang='grc' dir='ltr'><strong>εὐπείθειαν</strong></span> <span class='ocrx_word' id='word_1_121' title='bbox 3234 576 3522 632; x_wconf 76' lang='grc' dir='ltr'><strong>συνέθεντο</strong></span> <span class='ocrx_word' id='word_1_122' title='bbox 3573 577 3747 647; x_wconf 71' lang='grc' dir='ltr'>δρᾷν,</span> 
     </span>
    </p>
   </div>
   <div class='ocr_carea' id='block_1_21' title="bbox 2152 667 3745 742">
    <p class='ocr_par' dir='ltr' id='par_1_21' title="bbox 2152 667 3745 742">
     <span class='ocr_line' id='line_1_21' title="bbox 2152 667 3745 742; baseline 0.001 -22"><span class='ocrx_word' id='word_1_123' title='bbox 2152 667 2256 736; x_wconf 80' lang='grc' dir='ltr'>τὴν</span> <span class='ocrx_word' id='word_1_124' title='bbox 2286 669 2369 730; x_wconf 89' lang='grc' dir='ltr'><strong>είς</strong></span> <span class='ocrx_word' id='word_1_125' title='bbox 2399 667 2501 738; x_wconf 82' lang='grc' dir='ltr'>τὴν</span> <span class='ocrx_word' id='word_1_126' title='bbox 2541 670 3127 726; x_wconf 78' lang='grc' dir='ltr'>Κωνσταντινούπολιν</span> <span class='ocrx_word' id='word_1_127' title='bbox 3166 671 3343 742; x_wconf 80' lang='grc' dir='ltr'>ἐφῆκε</span> <span class='ocrx_word' id='word_1_128' title='bbox 3378 671 3638 742; x_wconf 85' lang='grc' dir='ltr'>πορείαν.</span> <span class='ocrx_word' id='word_1_129' title='bbox 3669 672 3745 724; x_wconf 80' lang='grc' dir='ltr'><strong>Οἱ</strong></span> 
     </span>
    </p>
   </div>
   <div class='ocr_carea' id='block_1_22' title="bbox 2153 757 3744 834">
    <p class='ocr_par' dir='ltr' id='par_1_22' title="bbox 2153 757 3744 834">
     <span class='ocr_line' id='line_1_22' title="bbox 2153 757 3744 834; baseline 0.003 -22"><span class='ocrx_word' id='word_1_130' title='bbox 2153 757 2211 813; x_wconf 87' lang='grc' dir='ltr'><strong>δέ</strong></span> <span class='ocrx_word' id='word_1_131' title='bbox 2237 758 2471 830; x_wconf 76' lang='grc' dir='ltr'>ἄσμενοι</span> <span class='ocrx_word' id='word_1_132' title='bbox 2499 760 2787 832; x_wconf 78' lang='grc' dir='ltr'><strong>δεξάμενοι</strong></span> <span class='ocrx_word' id='word_1_133' title='bbox 2823 761 2916 817; x_wconf 82' lang='grc' dir='ltr'><strong>τδν</strong></span> <span class='ocrx_word' id='word_1_134' title='bbox 2930 759 3124 833; x_wconf 85' lang='grc' dir='ltr'>λόγον,</span> <span class='ocrx_word' id='word_1_135' title='bbox 3157 763 3255 818; x_wconf 72' lang='grc' dir='ltr'>καὶ</span> <span class='ocrx_word' id='word_1_136' title='bbox 3305 764 3603 834; x_wconf 70' lang='grc' dir='ltr'><strong>μονονουχὶ</strong></span> <span class='ocrx_word' id='word_1_137' title='bbox 3629 764 3744 816; x_wconf 82' lang='grc' dir='ltr'><strong>Βυ-</strong></span> 
     </span>
    </p>
   </div>
   <div class='ocr_carea' id='block_1_23' title="bbox 2151 851 3747 927">
    <p class='ocr_par' dir='ltr' id='par_1_23' title="bbox 2151 851 3747 927">
     <span class='ocr_line' id='line_1_23' title="bbox 2151 851 3747 927; baseline 0.001 -21"><span class='ocrx_word' id='word_1_138' title='bbox 2151 851 2378 916; x_wconf 77' lang='grc' dir='ltr'>ζαντίου</span> <span class='ocrx_word' id='word_1_139' title='bbox 2433 853 2682 919; x_wconf 72' lang='grc' dir='ltr'>δόξαντες</span> <span class='ocrx_word' id='word_1_140' title='bbox 2732 856 3176 927; x_wconf 81' lang='grc' dir='ltr'><strong>κεκρατηκέναι,</strong></span> <span class='ocrx_word' id='word_1_141' title='bbox 3241 857 3747 926; x_wconf 79' lang='grc' dir='ltr'>παρεσκευάζοντο</span> 
     </span>
    </p>
   </div>
   <div class='ocr_carea' id='block_1_24' title="bbox 2157 943 3746 1020">
    <p class='ocr_par' dir='ltr' id='par_1_24' title="bbox 2157 943 3746 1020">
     <span class='ocr_line' id='line_1_24' title="bbox 2157 943 3746 1020; baseline 0.001 -24"><span class='ocrx_word' id='word_1_142' title='bbox 2157 943 2301 1013; x_wconf 82' lang='grc' dir='ltr'>πρὸς</span> <span class='ocrx_word' id='word_1_143' title='bbox 2326 943 2424 1015; x_wconf 84' lang='grc' dir='ltr'>τὴν</span> <span class='ocrx_word' id='word_1_144' title='bbox 2475 947 2729 1016; x_wconf 85' lang='grc' dir='ltr'>πορείαν.</span> <span class='ocrx_word' id='word_1_145' title='bbox 2774 947 2933 1001; x_wconf 80' lang='grc' dir='ltr'>Ἐπεὶ</span> <span class='ocrx_word' id='word_1_146' title='bbox 2965 948 3024 1002; x_wconf 82' lang='grc' dir='ltr'><strong>δέ</strong></span> <span class='ocrx_word' id='word_1_147' title='bbox 3073 948 3178 1002; x_wconf 85' lang='grc' dir='ltr'><strong>οὐκ</strong></span> <span class='ocrx_word' id='word_1_148' title='bbox 3227 947 3583 1020; x_wconf 76' lang='grc' dir='ltr'><strong>ἠδυνήθησαν</strong></span> <span class='ocrx_word' id='word_1_149' title='bbox 3633 949 3746 1017; x_wconf 73' lang='grc' dir='ltr'>τὴν</span> 
     </span>
    </p>
   </div>
   <div class='ocr_carea' id='block_1_25' title="bbox 2151 1026 3740 1104">
    <p class='ocr_par' dir='ltr' id='par_1_25' title="bbox 2151 1026 3740 1104">
     <span class='ocr_line' id='line_1_25' title="bbox 2151 1026 3740 1104; baseline 0.003 -24"><span class='ocrx_word' id='word_1_150' title='bbox 2151 1026 2295 1095; x_wconf 79' lang='grc' dir='ltr'>πρὸς</span> <span class='ocrx_word' id='word_1_151' title='bbox 2322 1027 2727 1101; x_wconf 79' lang='grc' dir='ltr'>Θεσσαλονίκην</span> <span class='ocrx_word' id='word_1_152' title='bbox 2787 1031 3007 1086; x_wconf 76' lang='grc' dir='ltr'>ἑλέσθαι</span> <span class='ocrx_word' id='word_1_153' title='bbox 3060 1035 3252 1087; x_wconf 87' lang='grc' dir='ltr'>πεῖσαι</span> <span class='ocrx_word' id='word_1_154' title='bbox 3299 1034 3401 1104; x_wconf 78' lang='grc' dir='ltr'>τὴν</span> <span class='ocrx_word' id='word_1_155' title='bbox 3432 1034 3740 1104; x_wconf 80' lang='grc' dir='ltr'>στρατιάν,</span> 
     </span>
    </p>
   </div>
   <div class='ocr_carea' id='block_1_26' title="bbox 2155 1119 3743 1195">
    <p class='ocr_par' dir='ltr' id='par_1_26' title="bbox 2155 1119 3743 1195">
     <span class='ocr_line' id='line_1_26' title="bbox 2155 1119 3743 1195; baseline 0.002 -22"><span class='ocrx_word' id='word_1_156' title='bbox 2155 1119 2447 1189; x_wconf 80' lang='grc' dir='ltr'>συνεώρων</span> <span class='ocrx_word' id='word_1_157' title='bbox 2470 1137 2530 1174; x_wconf 90' lang='grc' dir='ltr'><strong>τε</strong></span> <span class='ocrx_word' id='word_1_158' title='bbox 2563 1121 2666 1192; x_wconf 65' lang='grc' dir='ltr'>ἢδη</span> <span class='ocrx_word' id='word_1_159' title='bbox 2710 1123 2791 1193; x_wconf 84' lang='grc' dir='ltr'><strong>τῷ</strong></span> <span class='ocrx_word' id='word_1_160' title='bbox 2821 1123 3180 1195; x_wconf 81' lang='grc' dir='ltr'>πρεσϐυτέρῳ</span> <span class='ocrx_word' id='word_1_161' title='bbox 3213 1124 3429 1194; x_wconf 78' lang='grc' dir='ltr'>βασιλεῖ</span> <span class='ocrx_word' id='word_1_162' title='bbox 3463 1124 3522 1187; x_wconf 88' lang='grc' dir='ltr'><strong>ἐς</strong></span> <span class='ocrx_word' id='word_1_163' title='bbox 3544 1124 3743 1177; x_wconf 70' lang='grc' dir='ltr'>κίνδυ-</span> 
     </span>
    </p>
   </div>
   <div class='ocr_carea' id='block_1_27' title="bbox 2152 1211 3744 1288">
    <p class='ocr_par' dir='ltr' id='par_1_27' title="bbox 2152 1211 3744 1288">
     <span class='ocr_line' id='line_1_27' title="bbox 2152 1211 3744 1288; baseline 0.004 -25"><span class='ocrx_word' id='word_1_164' title='bbox 2152 1226 2244 1264; x_wconf 89' lang='grc' dir='ltr'><strong>νον</strong></span> <span class='ocrx_word' id='word_1_165' title='bbox 2271 1213 2342 1265; x_wconf 83' lang='grc' dir='ltr'>τὰ</span> <span class='ocrx_word' id='word_1_166' title='bbox 2369 1211 2676 1284; x_wconf 77' lang='grc' dir='ltr'>πράγματα</span> <span class='ocrx_word' id='word_1_167' title='bbox 2721 1217 3067 1285; x_wconf 76' lang='grc' dir='ltr'>χωρήσαντα,</span> <span class='ocrx_word' id='word_1_168' title='bbox 3102 1217 3222 1287; x_wconf 67' lang='grc' dir='ltr'>ἅμα</span> <span class='ocrx_word' id='word_1_169' title='bbox 3264 1217 3342 1286; x_wconf 81' lang='grc' dir='ltr'><strong>τῷ</strong></span> <span class='ocrx_word' id='word_1_170' title='bbox 3373 1217 3615 1288; x_wconf 85' lang='grc' dir='ltr'>μεγάλῳ</span> <span class='ocrx_word' id='word_1_171' title='bbox 3647 1217 3744 1269; x_wconf 85' lang='grc' dir='ltr'>δο-</span> 
     </span>
    </p>
   </div>
   <div class='ocr_carea' id='block_1_28' title="bbox 2153 1304 3743 1380">
    <p class='ocr_par' dir='ltr' id='par_1_28' title="bbox 2153 1304 3743 1380">
     <span class='ocr_line' id='line_1_28' title="bbox 2153 1304 3743 1380; baseline 0.001 -22"><span class='ocrx_word' id='word_1_172' title='bbox 2153 1304 2404 1377; x_wconf 86' lang='grc' dir='ltr'>μεστίκῳ</span> <span class='ocrx_word' id='word_1_173' title='bbox 2434 1307 2462 1358; x_wconf 89' lang='grc' dir='ltr'><strong>ό</strong></span> <span class='ocrx_word' id='word_1_174' title='bbox 2496 1305 2755 1376; x_wconf 80' lang='grc' dir='ltr'>βασιλεὺς</span> <span class='ocrx_word' id='word_1_175' title='bbox 2796 1307 3197 1362; x_wconf 78' lang='grc' dir='ltr'>ἐϐουλεύσαντο</span> <span class='ocrx_word' id='word_1_176' title='bbox 3242 1309 3321 1380; x_wconf 85' lang='grc' dir='ltr'>τῷ</span> <span class='ocrx_word' id='word_1_177' title='bbox 3362 1308 3743 1380; x_wconf 80' lang='grc' dir='ltr'>πρεσϐυτέρῳ</span> 
     </span>
    </p>
   </div>
   <div class='ocr_carea' id='block_1_29' title="bbox 2149 1395 3740 1472">
    <p class='ocr_par' dir='ltr' id='par_1_29' title="bbox 2149 1395 3740 1472">
     <span class='ocr_line' id='line_1_29' title="bbox 2149 1395 3740 1472; baseline 0.001 -22"><span class='ocrx_word' id='word_1_178' title='bbox 2149 1395 2364 1467; x_wconf 82' lang='grc' dir='ltr'>βασιλεῖ</span> <span class='ocrx_word' id='word_1_179' title='bbox 2409 1397 2502 1451; x_wconf 86' lang='grc' dir='ltr'><strong>διά</strong></span> <span class='ocrx_word' id='word_1_180' title='bbox 2553 1399 2905 1470; x_wconf 74' lang='grc' dir='ltr'>γραμμάτων</span> <span class='ocrx_word' id='word_1_181' title='bbox 2933 1401 3124 1472; x_wconf 84' lang='grc' dir='ltr'>κρύφα</span> <span class='ocrx_word' id='word_1_182' title='bbox 3175 1401 3276 1470; x_wconf 81' lang='grc' dir='ltr'>τὴν</span> <span class='ocrx_word' id='word_1_183' title='bbox 3318 1399 3511 1470; x_wconf 70' lang='grc' dir='ltr'>ἔφοδον</span> <span class='ocrx_word' id='word_1_184' title='bbox 3541 1401 3740 1453; x_wconf 78' lang='grc' dir='ltr'>αὐτῶν</span> 
     </span>
    </p>
   </div>
   <div class='ocr_carea' id='block_1_30' title="bbox 2147 1487 3734 1564">
    <p class='ocr_par' dir='ltr' id='par_1_30' title="bbox 2147 1487 3734 1564">
     <span class='ocr_line' id='line_1_30' title="bbox 2147 1487 3734 1564; baseline 0.003 -22"><span class='ocrx_word' id='word_1_185' title='bbox 2147 1487 2416 1558; x_wconf 84' lang='grc' dir='ltr'>δηλῶσαι.</span> <span class='ocrx_word' id='word_1_186' title='bbox 2437 1491 2620 1561; x_wconf 86' lang='grc' dir='ltr'>Ὅπερ</span> <span class='ocrx_word' id='word_1_187' title='bbox 2644 1492 2694 1544; x_wconf 92' lang='grc' dir='ltr'><strong>εί</strong></span> <span class='ocrx_word' id='word_1_188' title='bbox 2725 1492 3360 1564; x_wconf 80' lang='grc' dir='ltr'>κατάδηλονσυνηνέχθη</span> <span class='ocrx_word' id='word_1_189' title='bbox 3377 1493 3643 1560; x_wconf 78' lang='grc' dir='ltr'>γενέσθαι</span> <span class='ocrx_word' id='word_1_190' title='bbox 3664 1495 3734 1564; x_wconf 76' lang='grc' dir='ltr'>τῇ</span> 
     </span>
    </p>
   </div>
   <div class='ocr_carea' id='block_1_31' title="bbox 2150 1582 3739 1656">
    <p class='ocr_par' dir='ltr' id='par_1_31' title="bbox 2150 1582 3739 1656">
     <span class='ocr_line' id='line_1_31' title="bbox 2150 1582 3739 1656; baseline 0.004 -22"><span class='ocrx_word' id='word_1_191' title='bbox 2150 1583 2403 1654; x_wconf 77' lang='grc' dir='ltr'>στρατιᾷ,</span> <span class='ocrx_word' id='word_1_192' title='bbox 2420 1583 2658 1653; x_wconf 81' lang='grc' dir='ltr'>τάραχον</span> <span class='ocrx_word' id='word_1_193' title='bbox 2680 1582 2746 1637; x_wconf 80' lang='grc' dir='ltr'><strong>ἀν</strong></span> <span class='ocrx_word' id='word_1_194' title='bbox 2762 1585 3017 1654; x_wconf 75' lang='grc' dir='ltr'>ἐποίησεν</span> <span class='ocrx_word' id='word_1_195' title='bbox 3035 1585 3137 1639; x_wconf 89' lang='grc' dir='ltr'><strong>οὐκ</strong></span> <span class='ocrx_word' id='word_1_196' title='bbox 3163 1585 3370 1656; x_wconf 80' lang='grc' dir='ltr'>ὀλίγον,</span> <span class='ocrx_word' id='word_1_197' title='bbox 3387 1587 3463 1650; x_wconf 87' lang='grc' dir='ltr'>ὠς</span> <span class='ocrx_word' id='word_1_198' title='bbox 3487 1588 3596 1640; x_wconf 73' lang='grc' dir='ltr'>ὑπὸ</span> <span class='ocrx_word' id='word_1_199' title='bbox 3623 1589 3739 1641; x_wconf 77' lang='grc' dir='ltr'><strong>τῶν</strong></span> 
     </span>
    </p>
   </div>
   <div class='ocr_carea' id='block_1_32' title="bbox 2149 1674 3740 1752">
    <p class='ocr_par' dir='ltr' id='par_1_32' title="bbox 2149 1674 3740 1752">
     <span class='ocr_line' id='line_1_32' title="bbox 2149 1674 3740 1752; baseline 0.006 -26"><span class='ocrx_word' id='word_1_200' title='bbox 2149 1674 2432 1743; x_wconf 79' lang='grc' dir='ltr'>σφετέρων</span> <span class='ocrx_word' id='word_1_201' title='bbox 2448 1675 2726 1745; x_wconf 77' lang='grc' dir='ltr'>ἀρχόντων</span> <span class='ocrx_word' id='word_1_202' title='bbox 2738 1677 3101 1748; x_wconf 82' lang='grc' dir='ltr'>καταπροδιδο</span> <span class='ocrx_word' id='word_1_203' title='bbox 3107 1679 3288 1748; x_wconf 81' lang='grc' dir='ltr'>μένοις</span> <span class='ocrx_word' id='word_1_204' title='bbox 3303 1678 3472 1752; x_wconf 81' lang='grc' dir='ltr'>[κατα</span> <span class='ocrx_word' id='word_1_205' title='bbox 3480 1680 3740 1752; x_wconf 82' lang='grc' dir='ltr'>προδιδο-</span> 
     </span>
    </p>
   </div>
   <div class='ocr_carea' id='block_1_33' title="bbox 2151 1763 3738 1843">
    <p class='ocr_par' dir='ltr' id='par_1_33' title="bbox 2151 1763 3738 1843">
     <span class='ocr_line' id='line_1_33' title="bbox 2151 1763 3738 1843; baseline 0.005 -25"><span class='ocrx_word' id='word_1_206' title='bbox 2151 1763 2549 1837; x_wconf 84' lang='grc' dir='ltr'>μένη].Γράφει</span> <span class='ocrx_word' id='word_1_207' title='bbox 2565 1766 2631 1838; x_wconf 75' lang='grc' dir='ltr'>δὴ</span> <span class='ocrx_word' id='word_1_208' title='bbox 2651 1766 2903 1836; x_wconf 79' lang='grc' dir='ltr'>βασιλεὺς</span> <span class='ocrx_word' id='word_1_209' title='bbox 2919 1771 2947 1822; x_wconf 98' lang='lat'><strong>6</strong></span> <span class='ocrx_word' id='word_1_210' title='bbox 2962 1772 3081 1833; x_wconf 82' lang='grc' dir='ltr'>νέος</span> <span class='ocrx_word' id='word_1_211' title='bbox 3101 1771 3194 1825; x_wconf 81' lang='grc' dir='ltr'><strong>τοῦ</strong></span> <span class='ocrx_word' id='word_1_212' title='bbox 3214 1773 3452 1842; x_wconf 79' lang='grc' dir='ltr'>μεγάλου</span> <span class='ocrx_word' id='word_1_213' title='bbox 3468 1773 3738 1843; x_wconf 79' lang='grc' dir='ltr'>δομεστί-</span> 
     </span>
    </p>
   </div>
   <div class='ocr_carea' id='block_1_34' title="bbox 457 1845 2039 1935">
    <p class='ocr_par' dir='ltr' id='par_1_34' title="bbox 457 1866 2039 1935">
     <span class='ocr_line' id='line_1_34' title="bbox 457 1866 2039 1935; baseline -0.001 -13"><span class='ocrx_word' id='word_1_214' title='bbox 457 1867 812 1931; x_wconf 66' lang='grc' dir='ltr'>ιίιινείιετειη,</span> <span class='ocrx_word' id='word_1_215' title='bbox 861 1867 956 1922; x_wconf 91' lang='lat' dir='ltr'><strong>sed</strong></span> <span class='ocrx_word' id='word_1_216' title='bbox 999 1866 1071 1921; x_wconf 90' lang='lat' dir='ltr'><strong>ob</strong></span> <span class='ocrx_word' id='word_1_217' title='bbox 1116 1866 1172 1920; x_wconf 89' lang='lat' dir='ltr'><strong>id</strong></span> <span class='ocrx_word' id='word_1_218' title='bbox 1223 1867 1430 1932; x_wconf 87' lang='lat' dir='ltr'><strong>solum,</strong></span> <span class='ocrx_word' id='word_1_219' title='bbox 1462 1874 1524 1920; x_wconf 91' lang='lat' dir='ltr'><strong>ut</strong></span> <span class='ocrx_word' id='word_1_220' title='bbox 1559 1866 1887 1935; x_wconf 84' lang='lat' dir='ltr'><strong>impendens</strong></span> <span class='ocrx_word' id='word_1_221' title='bbox 1921 1881 2039 1921; x_wconf 91' lang='lat' dir='ltr'><strong>cer-</strong></span> 
     </span>
    </p>
   </div>
   <div class='ocr_carea' id='block_1_35' title="bbox 2142 1845 3739 1935">
    <p class='ocr_par' dir='ltr' id='par_1_35' title="bbox 2147 1858 3739 1934">
     <span class='ocr_line' id='line_1_35' title="bbox 2147 1858 3739 1934; baseline 0.004 -25"><span class='ocrx_word' id='word_1_222' title='bbox 2147 1873 2242 1910; x_wconf 88' lang='grc' dir='ltr'><strong>κου</strong></span> <span class='ocrx_word' id='word_1_223' title='bbox 2279 1858 2351 1910; x_wconf 83' lang='grc' dir='ltr'>τὰ</span> <span class='ocrx_word' id='word_1_224' title='bbox 2383 1859 2692 1930; x_wconf 83' lang='grc' dir='ltr'>γράμματα</span> <span class='ocrx_word' id='word_1_225' title='bbox 2749 1858 3189 1930; x_wconf 86' lang='grc' dir='ltr'>ἐγχαράττοντος</span> <span class='ocrx_word' id='word_1_226' title='bbox 3241 1860 3320 1934; x_wconf 77' lang='grc' dir='ltr'>τῷ</span> <span class='ocrx_word' id='word_1_227' title='bbox 3354 1863 3571 1932; x_wconf 87' lang='grc' dir='ltr'>πάππῳ</span> <span class='ocrx_word' id='word_1_228' title='bbox 3617 1879 3739 1914; x_wconf 85' lang='grc' dir='ltr'>τοι-</span> 
     </span>
    </p>
   </div>
   <div class='ocr_carea' id='block_1_36' title="bbox 463 1957 2039 2030">
    <p class='ocr_par' dir='ltr' id='par_1_36' title="bbox 463 1957 2039 2030">
     <span class='ocr_line' id='line_1_36' title="bbox 463 1957 2039 2030; baseline -0.002 -15"><span class='ocrx_word' id='word_1_229' title='bbox 463 1961 679 2016; x_wconf 77' lang='lat' dir='ltr'><strong>vicibus</strong></span> <span class='ocrx_word' id='word_1_230' title='bbox 729 1961 870 2016; x_wconf 87' lang='lat' dir='ltr'><strong>meis</strong></span> <span class='ocrx_word' id='word_1_231' title='bbox 911 1959 1212 2016; x_wconf 89' lang='lat' dir='ltr'><strong>discrimen</strong></span> <span class='ocrx_word' id='word_1_232' title='bbox 1245 1959 1573 2030; x_wconf 81' lang='lat' dir='ltr'><strong>en‘ugerem,</strong></span> <span class='ocrx_word' id='word_1_233' title='bbox 1623 1958 1768 2028; x_wconf 90' lang='lat' dir='ltr'><strong>quod</strong></span> <span class='ocrx_word' id='word_1_234' title='bbox 1817 1957 2039 2029; x_wconf 88' lang='lat' dir='ltr'><strong>quidem</strong></span> 
     </span>
    </p>
   </div>
   <div class='ocr_carea' id='block_1_37' title="bbox 461 2036 2039 2119">
    <p class='ocr_par' dir='ltr' id='par_1_37' title="bbox 461 2036 2039 2119">
     <span class='ocr_line' id='line_1_37' title="bbox 461 2036 2039 2119; baseline -0.003 -12"><span class='ocrx_word' id='word_1_235' title='bbox 461 2053 588 2107; x_wconf 91' lang='lat' dir='ltr'><strong>loco</strong></span> <span class='ocrx_word' id='word_1_236' title='bbox 638 2036 843 2108; x_wconf 84' lang='lat' dir='ltr'><strong>securo</strong></span> <span class='ocrx_word' id='word_1_237' title='bbox 898 2053 1240 2107; x_wconf 87' lang='lat' dir='ltr'><strong>constitutus</strong></span> <span class='ocrx_word' id='word_1_238' title='bbox 1299 2049 1502 2119; x_wconf 81' lang='lat' dir='ltr'><strong>eﬂ’ugi,</strong></span> <span class='ocrx_word' id='word_1_239' title='bbox 1559 2060 1612 2104; x_wconf 92' lang='lat' dir='ltr'><strong>te</strong></span> <span class='ocrx_word' id='word_1_240' title='bbox 1664 2056 1892 2114; x_wconf 90' lang='lat' dir='ltr'><strong>contra,</strong></span> <span class='ocrx_word' id='word_1_241' title='bbox 1951 2063 2039 2104; x_wconf 85' lang='lat' dir='ltr'><strong>me</strong></span> 
     </span>
    </p>
   </div>
   <div class='ocr_carea' id='block_1_38' title="bbox 459 2141 2037 2215">
    <p class='ocr_par' dir='ltr' id='par_1_38' title="bbox 459 2141 2037 2215">
     <span class='ocr_line' id='line_1_38' title="bbox 459 2141 2037 2215; baseline -0.001 -17"><span class='ocrx_word' id='word_1_242' title='bbox 459 2144 716 2215; x_wconf 84' lang='lat' dir='ltr'><strong>quamvis</strong></span> <span class='ocrx_word' id='word_1_243' title='bbox 743 2144 965 2215; x_wconf 86' lang='lat' dir='ltr'><strong>penitus</strong></span> <span class='ocrx_word' id='word_1_244' title='bbox 996 2145 1243 2209; x_wconf 88' lang='lat' dir='ltr'><strong>nolente,</strong></span> <span class='ocrx_word' id='word_1_245' title='bbox 1275 2142 1575 2198; x_wconf 81' lang='lat' dir='ltr'><strong>discrimen</strong></span> <span class='ocrx_word' id='word_1_246' title='bbox 1607 2141 1862 2196; x_wconf 85' lang='lat' dir='ltr'><strong>involvit.</strong></span> <span class='ocrx_word' id='word_1_247' title='bbox 1896 2141 2037 2197; x_wconf 82' lang='lat' dir='ltr'><strong>Ecce</strong></span> 
     </span>
    </p>
   </div>
   <div class='ocr_carea' id='block_1_39' title="bbox 457 2233 2036 2302">
    <p class='ocr_par' dir='ltr' id='par_1_39' title="bbox 457 2233 2036 2302">
     <span class='ocr_line' id='line_1_39' title="bbox 457 2233 2036 2302; baseline -0.003 -10"><span class='ocrx_word' id='word_1_248' title='bbox 457 2238 635 2302; x_wconf 87' lang='lat' dir='ltr'><strong>enim,</strong></span> <span class='ocrx_word' id='word_1_249' title='bbox 671 2250 798 2292; x_wconf 89' lang='lat' dir='ltr'><strong>cum</strong></span> <span class='ocrx_word' id='word_1_250' title='bbox 845 2236 985 2291; x_wconf 89' lang='lat' dir='ltr'><strong>nihil</strong></span> <span class='ocrx_word' id='word_1_251' title='bbox 1042 2251 1152 2290; x_wconf 89' lang='lat' dir='ltr'><strong>non</strong></span> <span class='ocrx_word' id='word_1_252' title='bbox 1211 2235 1496 2299; x_wconf 86' lang='lat' dir='ltr'><strong>tentarim,</strong></span> <span class='ocrx_word' id='word_1_253' title='bbox 1545 2243 1605 2288; x_wconf 94' lang='lat' dir='ltr'><strong>ut</strong></span> <span class='ocrx_word' id='word_1_254' title='bbox 1653 2233 1924 2291; x_wconf 80' lang='lat' dir='ltr'><strong>exercitui</strong></span> <span class='ocrx_word' id='word_1_255' title='bbox 1982 2233 2036 2287; x_wconf 94' lang='lat' dir='ltr'><strong>in</strong></span> 
     </span>
    </p>
   </div>
   <div class='ocr_carea' id='block_1_40' title="bbox 462 2324 2039 2398">
    <p class='ocr_par' dir='ltr' id='par_1_40' title="bbox 462 2324 2039 2398">
     <span class='ocr_line' id='line_1_40' title="bbox 462 2324 2039 2398; baseline -0.003 -12"><span class='ocrx_word' id='word_1_256' title='bbox 462 2330 819 2386; x_wconf 87' lang='lat' dir='ltr'><strong>Occidentem</strong></span> <span class='ocrx_word' id='word_1_257' title='bbox 853 2329 1150 2384; x_wconf 90' lang='lat' dir='ltr'><strong>transitum</strong></span> <span class='ocrx_word' id='word_1_258' title='bbox 1178 2326 1594 2398; x_wconf 88' lang='lat' dir='ltr'><strong>persuaderem,</strong></span> <span class='ocrx_word' id='word_1_259' title='bbox 1626 2325 1764 2380; x_wconf 87' lang='lat' dir='ltr'><strong>nihil</strong></span> <span class='ocrx_word' id='word_1_260' title='bbox 1793 2326 1897 2396; x_wconf 87' lang='lat' dir='ltr'><strong>egi.</strong></span> <span class='ocrx_word' id='word_1_261' title='bbox 1928 2324 2039 2382; x_wconf 83' lang='lat' dir='ltr'><strong>Nos</strong></span> 
     </span>
    </p>
   </div>
   <div class='ocr_carea' id='block_1_41' title="bbox 462 2417 2036 2494">
    <p class='ocr_par' dir='ltr' id='par_1_41' title="bbox 462 2417 2036 2494">
     <span class='ocr_line' id='line_1_41' title="bbox 462 2417 2036 2494; baseline -0.002 -19"><span class='ocrx_word' id='word_1_262' title='bbox 462 2421 632 2493; x_wconf 78' lang='lat' dir='ltr'><strong>igitur</strong></span> <span class='ocrx_word' id='word_1_263' title='bbox 660 2431 854 2494; x_wconf 81' lang='lat' dir='ltr'><strong>contra</strong></span> <span class='ocrx_word' id='word_1_264' title='bbox 886 2432 938 2477; x_wconf 94' lang='lat' dir='ltr'><strong>te</strong></span> <span class='ocrx_word' id='word_1_265' title='bbox 965 2421 1160 2476; x_wconf 87' lang='lat' dir='ltr'><strong>venire</strong></span> <span class='ocrx_word' id='word_1_266' title='bbox 1198 2430 1425 2474; x_wconf 71' lang='lat' dir='ltr'><strong>nccesse</strong></span> <span class='ocrx_word' id='word_1_267' title='bbox 1451 2429 1537 2474; x_wconf 88' lang='lat' dir='ltr'><strong>est</strong></span> <span class='ocrx_word' id='word_1_268' title='bbox 1561 2417 1813 2472; x_wconf 87' lang='lat' dir='ltr'><strong>omnino.</strong></span> <span class='ocrx_word' id='word_1_269' title='bbox 1843 2417 1912 2471; x_wconf 86' lang='lat' dir='ltr'><strong>At</strong></span> <span class='ocrx_word' id='word_1_270' title='bbox 1935 2431 2036 2487; x_wconf 92' lang='lat' dir='ltr'><strong>ego</strong></span> 
     </span>
    </p>
   </div>
   <div class='ocr_carea' id='block_1_42' title="bbox 460 2509 2038 2572">
    <p class='ocr_par' dir='ltr' id='par_1_42' title="bbox 460 2509 2038 2572">
     <span class='ocr_line' id='line_1_42' title="bbox 460 2509 2038 2572; baseline -0.003 -6"><span class='ocrx_word' id='word_1_271' title='bbox 460 2511 820 2566; x_wconf 78' lang='lat' dir='ltr'><strong>excusatione</strong></span> <span class='ocrx_word' id='word_1_272' title='bbox 874 2511 1214 2566; x_wconf 86' lang='lat' dir='ltr'><strong>valetudinis</strong></span> <span class='ocrx_word' id='word_1_273' title='bbox 1267 2510 1524 2564; x_wconf 89' lang='lat' dir='ltr'><strong>simulate</strong></span> <span class='ocrx_word' id='word_1_274' title='bbox 1585 2517 1771 2572; x_wconf 89' lang='lat' dir='ltr'><strong>utens,</strong></span> <span class='ocrx_word' id='word_1_275' title='bbox 1828 2509 2038 2563; x_wconf 88' lang='lat' dir='ltr'><strong>lentius</strong></span> 
     </span>
    </p>
   </div>
   <div class='ocr_carea' id='block_1_43' title="bbox 459 2600 2036 2672">
    <p class='ocr_par' dir='ltr' id='par_1_43' title="bbox 459 2600 2036 2672">
     <span class='ocr_line' id='line_1_43' title="bbox 459 2600 2036 2672; baseline -0.003 -14"><span class='ocrx_word' id='word_1_276' title='bbox 459 2603 920 2667; x_wconf 87' lang='lat' dir='ltr'><strong>castrametabor,</strong></span> <span class='ocrx_word' id='word_1_277' title='bbox 976 2611 1034 2656; x_wconf 89' lang='lat' dir='ltr'><strong>et</strong></span> <span class='ocrx_word' id='word_1_278' title='bbox 1083 2611 1212 2672; x_wconf 89' lang='lat' dir='ltr'><strong>post</strong></span> <span class='ocrx_word' id='word_1_279' title='bbox 1261 2601 1502 2672; x_wconf 90' lang='lat' dir='ltr'><strong>primum</strong></span> <span class='ocrx_word' id='word_1_280' title='bbox 1560 2601 1845 2656; x_wconf 87' lang='lat' dir='ltr'><strong>incursum</strong></span> <span class='ocrx_word' id='word_1_281' title='bbox 1891 2600 2036 2655; x_wconf 87' lang='lat' dir='ltr'><strong>dabo</strong></span> 
     </span>
    </p>
   </div>
   <div class='ocr_carea' id='block_1_44' title="bbox 460 2693 2036 2765">
    <p class='ocr_par' dir='ltr' id='par_1_44' title="bbox 460 2693 2036 2765">
     <span class='ocr_line' id='line_1_44' title="bbox 460 2693 2036 2765; baseline 0 -17"><span class='ocrx_word' id='word_1_282' title='bbox 460 2710 710 2765; x_wconf 71' lang='lat' dir='ltr'><strong>operam,</strong></span> <span class='ocrx_word' id='word_1_283' title='bbox 755 2705 816 2749; x_wconf 92' lang='lat' dir='ltr'><strong>ut</strong></span> <span class='ocrx_word' id='word_1_284' title='bbox 849 2693 1117 2748; x_wconf 86' lang='lat' dir='ltr'><strong>citissime</strong></span> <span class='ocrx_word' id='word_1_285' title='bbox 1158 2694 1440 2748; x_wconf 88' lang='lat' dir='ltr'><strong>recedam.</strong></span> <span class='ocrx_word' id='word_1_286' title='bbox 1478 2693 1600 2747; x_wconf 89' lang='lat' dir='ltr'><strong>Tibi</strong></span> <span class='ocrx_word' id='word_1_287' title='bbox 1641 2693 1855 2748; x_wconf 89' lang='lat' dir='ltr'><strong>interea</strong></span> <span class='ocrx_word' id='word_1_288' title='bbox 1885 2693 2036 2762; x_wconf 86' lang='lat' dir='ltr'><strong>pala—</strong></span> 
     </span>
    </p>
   </div>
   <div class='ocr_carea' id='block_1_45' title="bbox 458 2786 2030 2858">
    <p class='ocr_par' dir='ltr' id='par_1_45' title="bbox 458 2786 2030 2858">
     <span class='ocr_line' id='line_1_45' title="bbox 458 2786 2030 2858; baseline -0.001 -16"><span class='ocrx_word' id='word_1_289' title='bbox 458 2791 598 2844; x_wconf 88' lang='lat' dir='ltr'><strong>ti-um</strong></span> <span class='ocrx_word' id='word_1_290' title='bbox 625 2788 882 2858; x_wconf 65' lang='lat' dir='ltr'><strong>praesidio</strong></span> <span class='ocrx_word' id='word_1_291' title='bbox 915 2788 1137 2842; x_wconf 83' lang='lat' dir='ltr'><strong>ﬁrmare</strong></span> <span class='ocrx_word' id='word_1_292' title='bbox 1169 2787 1380 2853; x_wconf 90' lang='lat' dir='ltr'><strong>licebit,</strong></span> <span class='ocrx_word' id='word_1_293' title='bbox 1403 2786 1516 2858; x_wconf 76' lang='lat'><strong>69</strong></span> <span class='ocrx_word' id='word_1_294' title='bbox 1543 2787 1830 2857; x_wconf 89' lang='lat' dir='ltr'><strong>portisque</strong></span> <span class='ocrx_word' id='word_1_295' title='bbox 1857 2786 2030 2852; x_wconf 84' lang='lat' dir='ltr'><strong>urbis,</strong></span> 
     </span>
    </p>
   </div>
   <div class='ocr_carea' id='block_1_46' title="bbox 461 2879 2036 2951">
    <p class='ocr_par' dir='ltr' id='par_1_46' title="bbox 461 2879 2036 2951">
     <span class='ocr_line' id='line_1_46' title="bbox 461 2879 2036 2951; baseline -0.002 -15"><span class='ocrx_word' id='word_1_296' title='bbox 461 2897 603 2951; x_wconf 85' lang='lat' dir='ltr'><strong>quos</strong></span> <span class='ocrx_word' id='word_1_297' title='bbox 625 2882 804 2936; x_wconf 82' lang='lat' dir='ltr'><strong>:habes</strong></span> <span class='ocrx_word' id='word_1_298' title='bbox 831 2881 909 2936; x_wconf 89' lang='lat' dir='ltr'><strong>tui</strong></span> <span class='ocrx_word' id='word_1_299' title='bbox 955 2880 1398 2936; x_wconf 88' lang='lat' dir='ltr'><strong>studiosissimos</strong></span> <span class='ocrx_word' id='word_1_300' title='bbox 1440 2881 1754 2950; x_wconf 64' lang='lat' dir='ltr'><strong>praalicere;</strong></span> <span class='ocrx_word' id='word_1_301' title='bbox 1794 2879 2036 2936; x_wconf 88' lang='lat' dir='ltr'><strong>attribu-</strong></span> 
     </span>
    </p>
   </div>
   <div class='ocr_carea' id='block_1_47' title="bbox 459 2973 2032 3054">
    <p class='ocr_par' dir='ltr' id='par_1_47' title="bbox 459 2973 2032 3054">
     <span class='ocr_line' id='line_1_47' title="bbox 459 2973 2032 3054; baseline -0.003 -24"><span class='ocrx_word' id='word_1_302' title='bbox 459 2975 531 3030; x_wconf 89' lang='lat' dir='ltr'><strong>tis</strong></span> <span class='ocrx_word' id='word_1_303' title='bbox 557 2974 760 3045; x_wconf 89' lang='lat' dir='ltr'><strong>cuique</strong></span> <span class='ocrx_word' id='word_1_304' title='bbox 787 2983 869 3029; x_wconf 93' lang='lat' dir='ltr'><strong>tot</strong></span> <span class='ocrx_word' id='word_1_305' title='bbox 903 2973 1276 3030; x_wconf 86' lang='lat' dir='ltr'><strong>mercenariis</strong></span> <span class='ocrx_word' id='word_1_306' title='bbox 1311 2973 1580 3028; x_wconf 88' lang='lat' dir='ltr'><strong>militibus</strong></span> <span class='ocrx_word' id='word_1_307' title='bbox 1613 2973 1755 3054; x_wconf 67' lang='lat' dir='ltr'><strong>bene</strong></span> <span class='ocrx_word' id='word_1_308' title='bbox 1785 2973 2032 3036; x_wconf 87' lang='lat' dir='ltr'><strong>armatis,</strong></span> 
     </span>
    </p>
   </div>
   <div class='ocr_carea' id='block_1_48' title="bbox 457 3063 2031 3135">
    <p class='ocr_par' dir='ltr' id='par_1_48' title="bbox 457 3063 2031 3135">
     <span class='ocr_line' id='line_1_48' title="bbox 457 3063 2031 3135; baseline -0.001 -17"><span class='ocrx_word' id='word_1_309' title='bbox 457 3073 593 3135; x_wconf 92' lang='lat' dir='ltr'><strong>quot</strong></span> <span class='ocrx_word' id='word_1_310' title='bbox 631 3064 698 3118; x_wconf 86' lang='lat' dir='ltr'><strong>ad</strong></span> <span class='ocrx_word' id='word_1_311' title='bbox 737 3065 1142 3120; x_wconf 75' lang='lat' dir='ltr'><strong>retundendam</strong></span> <span class='ocrx_word' id='word_1_312' title='bbox 1188 3064 1519 3119; x_wconf 86' lang='lat' dir='ltr'><strong>irruentium</strong></span> <span class='ocrx_word' id='word_1_313' title='bbox 1560 3064 1669 3118; x_wconf 91' lang='lat' dir='ltr'><strong>vim</strong></span> <span class='ocrx_word' id='word_1_314' title='bbox 1698 3063 1810 3133; x_wconf 83' lang='lat'><strong>(55)</strong></span> <span class='ocrx_word' id='word_1_315' title='bbox 1843 3064 2031 3132; x_wconf 81' lang='lat' dir='ltr'><strong>requi-</strong></span> 
     </span>
    </p>
   </div>
   <div class='ocr_carea' id='block_1_49' title="bbox 458 3153 2105 3240">
    <p class='ocr_par' dir='ltr' id='par_1_49' title="bbox 458 3153 2105 3240">
     <span class='ocr_line' id='line_1_49' title="bbox 458 3153 2105 3240; baseline -0.001 -32"><span class='ocrx_word' id='word_1_316' title='bbox 458 3164 670 3209; x_wconf 88' lang='lat' dir='ltr'><strong>rentur.</strong></span> <span class='ocrx_word' id='word_1_317' title='bbox 708 3154 869 3209; x_wconf 78' lang='lat' dir='ltr'><strong>Modo</strong></span> <span class='ocrx_word' id='word_1_318' title='bbox 903 3153 1178 3224; x_wconf 81' lang='lat' dir='ltr'><strong>ingressui</strong></span> <span class='ocrx_word' id='word_1_319' title='bbox 1210 3164 1400 3207; x_wconf 90' lang='lat' dir='ltr'><strong>nostro</strong></span> <span class='ocrx_word' id='word_1_320' title='bbox 1423 3153 1607 3207; x_wconf 85' lang='lat' dir='ltr'><strong>obstet</strong></span> <span class='ocrx_word' id='word_1_321' title='bbox 1637 3153 1869 3222; x_wconf 88' lang='lat' dir='ltr'><strong>aliquid,</strong></span> <span class='ocrx_word' id='word_1_322' title='bbox 1903 3167 2034 3206; x_wconf 89' lang='lat' dir='ltr'><strong>con-</strong></span> <span class='ocrx_word' id='word_1_323' title='bbox 2062 3183 2105 3240; x_wconf 66' lang='grc' dir='ltr'>ο</span> 
     </span>
    </p>
   </div>
   <div class='ocr_carea' id='block_1_50' title="bbox 457 3243 2034 3315">
    <p class='ocr_par' dir='ltr' id='par_1_50' title="bbox 457 3243 2034 3315">
     <span class='ocr_line' id='line_1_50' title="bbox 457 3243 2034 3315; baseline -0.001 -16"><span class='ocrx_word' id='word_1_324' title='bbox 457 3247 616 3300; x_wconf 82' lang='grc' dir='ltr'>ιίιιυο</span> <span class='ocrx_word' id='word_1_325' title='bbox 663 3245 992 3309; x_wconf 80' lang='lat' dir='ltr'><strong>exercitum,</strong></span> <span class='ocrx_word' id='word_1_326' title='bbox 1027 3253 1092 3300; x_wconf 87' lang='lat' dir='ltr'><strong>ut</strong></span> <span class='ocrx_word' id='word_1_327' title='bbox 1136 3244 1206 3299; x_wconf 87' lang='lat' dir='ltr'><strong>ab</strong></span> <span class='ocrx_word' id='word_1_328' title='bbox 1238 3244 1374 3299; x_wconf 85' lang='lat' dir='ltr'><strong>urbe</strong></span> <span class='ocrx_word' id='word_1_329' title='bbox 1420 3243 1836 3315; x_wconf 81' lang='lat' dir='ltr'><strong>inexpugnabili</strong></span> <span class='ocrx_word' id='word_1_330' title='bbox 1875 3259 2034 3298; x_wconf 87' lang='lat' dir='ltr'><strong>revo-</strong></span> 
     </span>
    </p>
   </div>
   <div class='ocr_carea' id='block_1_51' title="bbox 455 3337 2037 3408">
    <p class='ocr_par' dir='ltr' id='par_1_51' title="bbox 455 3337 2037 3408">
     <span class='ocr_line' id='line_1_51' title="bbox 455 3337 2037 3408; baseline -0.001 -15"><span class='ocrx_word' id='word_1_331' title='bbox 455 3339 615 3393; x_wconf 88' lang='lat' dir='ltr'><strong>cabo.</strong></span> <span class='ocrx_word' id='word_1_332' title='bbox 656 3338 847 3407; x_wconf 89' lang='lat' dir='ltr'><strong>Itaque</strong></span> <span class='ocrx_word' id='word_1_333' title='bbox 880 3353 1013 3408; x_wconf 90' lang='lat' dir='ltr'><strong>rogo</strong></span> <span class='ocrx_word' id='word_1_334' title='bbox 1053 3346 1126 3401; x_wconf 88' lang='lat' dir='ltr'><strong>te,</strong></span> <span class='ocrx_word' id='word_1_335' title='bbox 1163 3353 1233 3391; x_wconf 89' lang='lat' dir='ltr'><strong>ne</strong></span> <span class='ocrx_word' id='word_1_336' title='bbox 1265 3338 1435 3392; x_wconf 85' lang='lat' dir='ltr'><strong>verba</strong></span> <span class='ocrx_word' id='word_1_337' title='bbox 1466 3354 1607 3402; x_wconf 84' lang='lat' dir='ltr'><strong>mea,</strong></span> <span class='ocrx_word' id='word_1_338' title='bbox 1648 3338 1799 3393; x_wconf 84' lang='lat' dir='ltr'><strong>velut</strong></span> <span class='ocrx_word' id='word_1_339' title='bbox 1841 3337 1941 3392; x_wconf 87' lang='lat' dir='ltr'><strong>abs</strong></span> <span class='ocrx_word' id='word_1_340' title='bbox 1983 3345 2037 3392; x_wconf 90' lang='lat' dir='ltr'><strong>te</strong></span> 
     </span>
    </p>
   </div>
   <div class='ocr_carea' id='block_1_52' title="bbox 454 3429 2035 3500">
    <p class='ocr_par' dir='ltr' id='par_1_52' title="bbox 454 3429 2035 3500">
     <span class='ocr_line' id='line_1_52' title="bbox 454 3429 2035 3500; baseline -0.001 -14"><span class='ocrx_word' id='word_1_341' title='bbox 454 3431 622 3486; x_wconf 84' lang='lat' dir='ltr'><strong>alieni</strong></span> <span class='ocrx_word' id='word_1_342' title='bbox 653 3438 1003 3500; x_wconf 86' lang='lat' dir='ltr'><strong>suspectans,</strong></span> <span class='ocrx_word' id='word_1_343' title='bbox 1028 3430 1093 3484; x_wconf 83' lang='lat' dir='ltr'><strong>in</strong></span> <span class='ocrx_word' id='word_1_344' title='bbox 1129 3430 1302 3484; x_wconf 86' lang='lat' dir='ltr'><strong>tutela</strong></span> <span class='ocrx_word' id='word_1_345' title='bbox 1334 3431 1651 3500; x_wconf 82' lang='lat' dir='ltr'><strong>apparamla</strong></span> <span class='ocrx_word' id='word_1_346' title='bbox 1684 3429 1904 3500; x_wconf 88' lang='lat' dir='ltr'><strong>segnior</strong></span> <span class='ocrx_word' id='word_1_347' title='bbox 1937 3429 2035 3486; x_wconf 89' lang='lat' dir='ltr'><strong>sis.</strong></span> 
     </span>
    </p>
   </div>
   <div class='ocr_carea' id='block_1_53' title="bbox 457 3521 2036 3592">
    <p class='ocr_par' dir='ltr' id='par_1_53' title="bbox 457 3521 2036 3592">
     <span class='ocr_line' id='line_1_53' title="bbox 457 3521 2036 3592; baseline -0.001 -15"><span class='ocrx_word' id='word_1_348' title='bbox 457 3523 592 3577; x_wconf 79' lang='lat' dir='ltr'><strong>Nam</strong></span> <span class='ocrx_word' id='word_1_349' title='bbox 627 3539 738 3591; x_wconf 93' lang='lat' dir='ltr'><strong>quo</strong></span> <span class='ocrx_word' id='word_1_350' title='bbox 775 3523 962 3577; x_wconf 83' lang='lat' dir='ltr'><strong>animo</strong></span> <span class='ocrx_word' id='word_1_351' title='bbox 991 3523 1143 3577; x_wconf 88' lang='lat' dir='ltr'><strong>cives</strong></span> <span class='ocrx_word' id='word_1_352' title='bbox 1164 3531 1291 3576; x_wconf 88' lang='lat' dir='ltr'><strong>tuos</strong></span> <span class='ocrx_word' id='word_1_353' title='bbox 1326 3537 1450 3576; x_wconf 82' lang='lat' dir='ltr'><strong>esse</strong></span> <span class='ocrx_word' id='word_1_354' title='bbox 1479 3522 1668 3587; x_wconf 81' lang='lat' dir='ltr'><strong>audio,</strong></span> <span class='ocrx_word' id='word_1_355' title='bbox 1701 3521 2036 3592; x_wconf 85' lang='lat' dir='ltr'><strong>simulatque</strong></span> 
     </span>
    </p>
   </div>
   <div class='ocr_carea' id='block_1_54' title="bbox 456 3611 2034 3684">
    <p class='ocr_par' dir='ltr' id='par_1_54' title="bbox 456 3611 2034 3684">
     <span class='ocr_line' id='line_1_54' title="bbox 456 3611 2034 3684; baseline -0.003 -14"><span class='ocrx_word' id='word_1_356' title='bbox 456 3631 558 3670; x_wconf 87' lang='lat' dir='ltr'><strong>nos</strong></span> <span class='ocrx_word' id='word_1_357' title='bbox 585 3615 764 3671; x_wconf 89' lang='lat' dir='ltr'><strong>oculis</strong></span> <span class='ocrx_word' id='word_1_358' title='bbox 795 3614 1140 3683; x_wconf 88' lang='lat' dir='ltr'><strong>usurparint,</strong></span> <span class='ocrx_word' id='word_1_359' title='bbox 1175 3613 1336 3684; x_wconf 84' lang='lat' dir='ltr'><strong>plane</strong></span> <span class='ocrx_word' id='word_1_360' title='bbox 1380 3613 1805 3667; x_wconf 86' lang='lat' dir='ltr'><strong>intromissuros</strong></span> <span class='ocrx_word' id='word_1_361' title='bbox 1843 3611 2034 3667; x_wconf 88' lang='lat' dir='ltr'><strong>credo.</strong></span> 
     </span>
    </p>
   </div>
   <div class='ocr_carea' id='block_1_55' title="bbox 459 3703 2037 3776">
    <p class='ocr_par' dir='ltr' id='par_1_55' title="bbox 459 3703 2037 3776">
     <span class='ocr_line' id='line_1_55' title="bbox 459 3703 2037 3776; baseline -0.003 -14"><span class='ocrx_word' id='word_1_362' title='bbox 459 3708 586 3762; x_wconf 70' lang='lat' dir='ltr'><strong>Ilazc</strong></span> <span class='ocrx_word' id='word_1_363' title='bbox 620 3721 792 3776; x_wconf 89' lang='lat' dir='ltr'><strong>nepos</strong></span> <span class='ocrx_word' id='word_1_364' title='bbox 835 3719 960 3768; x_wconf 86' lang='lat' dir='ltr'><strong>avo,</strong></span> <span class='ocrx_word' id='word_1_365' title='bbox 998 3703 1289 3776; x_wconf 86' lang='lat' dir='ltr'><strong>quemdam</strong></span> <span class='ocrx_word' id='word_1_366' title='bbox 1331 3705 1400 3759; x_wconf 94' lang='lat' dir='ltr'><strong>de</strong></span> <span class='ocrx_word' id='word_1_367' title='bbox 1444 3703 1666 3758; x_wconf 83' lang='lat' dir='ltr'><strong>famulis</strong></span> <span class='ocrx_word' id='word_1_368' title='bbox 1722 3704 1902 3774; x_wconf 83' lang='lat' dir='ltr'><strong>magni</strong></span> <span class='ocrx_word' id='word_1_369' title='bbox 1937 3703 2037 3757; x_wconf 90' lang='lat' dir='ltr'><strong>do-</strong></span> 
     </span>
    </p>
   </div>
   <div class='ocr_carea' id='block_1_56' title="bbox 456 3796 2035 3854">
    <p class='ocr_par' dir='ltr' id='par_1_56' title="bbox 456 3796 2035 3854">
     <span class='ocr_line' id='line_1_56' title="bbox 456 3796 2035 3854; baseline -0.001 -2"><span class='ocrx_word' id='word_1_370' title='bbox 456 3799 670 3853; x_wconf 80' lang='lat' dir='ltr'><strong>mestici</strong></span> <span class='ocrx_word' id='word_1_371' title='bbox 705 3797 1086 3854; x_wconf 81' lang='lat' dir='ltr'><strong>ﬁdelissimum</strong></span> <span class='ocrx_word' id='word_1_372' title='bbox 1119 3797 1394 3852; x_wconf 90' lang='lat' dir='ltr'><strong>adhibens</strong></span> <span class='ocrx_word' id='word_1_373' title='bbox 1424 3797 1796 3851; x_wconf 84' lang='lat' dir='ltr'><strong>tabellarium.</strong></span> <span class='ocrx_word' id='word_1_374' title='bbox 1826 3796 2035 3850; x_wconf 84' lang='lat' dir='ltr'><strong>Dehinc</strong></span> 
     </span>
    </p>
   </div>
   <div class='ocr_carea' id='block_1_57' title="bbox 455 3877 2033 3961">
    <p class='ocr_par' dir='ltr' id='par_1_57' title="bbox 455 3877 2033 3961">
     <span class='ocr_line' id='line_1_57' title="bbox 455 3877 2033 3961; baseline -0.004 -14"><span class='ocrx_word' id='word_1_375' title='bbox 455 3907 522 3948; x_wconf 81' lang='lat' dir='ltr'><strong>ex</strong></span> <span class='ocrx_word' id='word_1_376' title='bbox 558 3877 806 3961; x_wconf 65' lang='lat' dir='ltr'><strong>Odrysis</strong></span> <span class='ocrx_word' id='word_1_377' title='bbox 837 3889 1133 3956; x_wconf 82' lang='lat' dir='ltr'><strong>excedens,</strong></span> <span class='ocrx_word' id='word_1_378' title='bbox 1182 3905 1306 3943; x_wconf 90' lang='lat' dir='ltr'><strong>cum</strong></span> <span class='ocrx_word' id='word_1_379' title='bbox 1342 3888 1741 3958; x_wconf 81' lang='lat' dir='ltr'><strong>quinquaginta</strong></span> <span class='ocrx_word' id='word_1_380' title='bbox 1781 3888 2033 3956; x_wconf 88' lang='lat' dir='ltr'><strong>equitum</strong></span> 
     </span>
    </p>
   </div>
   <div class='ocr_carea' id='block_1_58' title="bbox 461 3979 2033 4052">
    <p class='ocr_par' dir='ltr' id='par_1_58' title="bbox 461 3979 2033 4052">
     <span class='ocr_line' id='line_1_58' title="bbox 461 3979 2033 4052; baseline -0.003 -15"><span class='ocrx_word' id='word_1_381' title='bbox 461 3982 706 4037; x_wconf 88' lang='lat' dir='ltr'><strong>millibus</strong></span> <span class='ocrx_word' id='word_1_382' title='bbox 729 3981 864 4052; x_wconf 78' lang='lat'><strong>(56),</strong></span> <span class='ocrx_word' id='word_1_383' title='bbox 895 3990 992 4036; x_wconf 88' lang='lat' dir='ltr'><strong>aut</strong></span> <span class='ocrx_word' id='word_1_384' title='bbox 1021 3981 1308 4052; x_wconf 89' lang='lat' dir='ltr'><strong>aliquanto</strong></span> <span class='ocrx_word' id='word_1_385' title='bbox 1337 3980 1715 4051; x_wconf 88' lang='lat' dir='ltr'><strong>paucioribus,</strong></span> <span class='ocrx_word' id='word_1_386' title='bbox 1756 3989 1816 4032; x_wconf 91' lang='lat' dir='ltr'><strong>ut</strong></span> <span class='ocrx_word' id='word_1_387' title='bbox 1855 3979 2033 4050; x_wconf 85' lang='lat' dir='ltr'><strong>conji-</strong></span> 
     </span>
    </p>
   </div>
   <div class='ocr_carea' id='block_1_59' title="bbox 461 4071 2034 4143">
    <p class='ocr_par' dir='ltr' id='par_1_59' title="bbox 461 4071 2034 4143">
     <span class='ocr_line' id='line_1_59' title="bbox 461 4071 2034 4143; baseline -0.003 -13"><span class='ocrx_word' id='word_1_388' title='bbox 461 4090 588 4130; x_wconf 87' lang='lat' dir='ltr'><strong>cere</strong></span> <span class='ocrx_word' id='word_1_389' title='bbox 619 4074 819 4129; x_wconf 83' lang='lat' dir='ltr'><strong>licebat</strong></span> <span class='ocrx_word' id='word_1_390' title='bbox 856 4085 980 4143; x_wconf 87' lang='lat' dir='ltr'><strong>(nec</strong></span> <span class='ocrx_word' id='word_1_391' title='bbox 1023 4075 1171 4128; x_wconf 87' lang='lat' dir='ltr'><strong>enim</strong></span> <span class='ocrx_word' id='word_1_392' title='bbox 1204 4073 1272 4128; x_wconf 88' lang='lat' dir='ltr'><strong>ad</strong></span> <span class='ocrx_word' id='word_1_393' title='bbox 1311 4089 1547 4143; x_wconf 88' lang='lat' dir='ltr'><strong>unguem</strong></span> <span class='ocrx_word' id='word_1_394' title='bbox 1597 4071 1722 4125; x_wconf 89' lang='lat' dir='ltr'><strong>iniri</strong></span> <span class='ocrx_word' id='word_1_395' title='bbox 1770 4085 2034 4126; x_wconf 85' lang='lat' dir='ltr'><strong>numerus</strong></span> 
     </span>
    </p>
   </div>
   <div class='ocr_carea' id='block_1_60' title="bbox 457 4162 2032 4236">
    <p class='ocr_par' dir='ltr' id='par_1_60' title="bbox 457 4162 2032 4236">
     <span class='ocr_line' id='line_1_60' title="bbox 457 4162 2032 4236; baseline -0.001 -18"><span class='ocrx_word' id='word_1_396' title='bbox 457 4177 698 4236; x_wconf 81' lang='lat' dir='ltr'><strong>poterat,</strong></span> <span class='ocrx_word' id='word_1_397' title='bbox 751 4165 899 4235; x_wconf 86' lang='lat' dir='ltr'><strong>quod</strong></span> <span class='ocrx_word' id='word_1_398' title='bbox 947 4165 1104 4220; x_wconf 91' lang='lat' dir='ltr'><strong>multi</strong></span> <span class='ocrx_word' id='word_1_399' title='bbox 1159 4180 1271 4220; x_wconf 90' lang='lat' dir='ltr'><strong>non</strong></span> <span class='ocrx_word' id='word_1_400' title='bbox 1324 4163 1655 4232; x_wconf 90' lang='lat' dir='ltr'><strong>conscripti,</strong></span> <span class='ocrx_word' id='word_1_401' title='bbox 1710 4162 2032 4231; x_wconf 88' lang='lat' dir='ltr'><strong>imperatori</strong></span> 
     </span>
    </p>
   </div>
   <div class='ocr_carea' id='block_1_61' title="bbox 454 4245 2034 4330">
    <p class='ocr_par' dir='ltr' id='par_1_61' title="bbox 454 4245 2034 4330">
     <span class='ocr_line' id='line_1_61' title="bbox 454 4245 2034 4330; baseline -0.001 -19"><span class='ocrx_word' id='word_1_402' title='bbox 454 4245 849 4330; x_wconf 81' lang='lat' dir='ltr'><strong>gratiﬁcantes,</strong></span> <span class='ocrx_word' id='word_1_403' title='bbox 891 4274 999 4313; x_wconf 88' lang='lat' dir='ltr'><strong>una</strong></span> <span class='ocrx_word' id='word_1_404' title='bbox 1051 4257 1406 4324; x_wconf 89' lang='lat' dir='ltr'><strong>militabant),</strong></span> <span class='ocrx_word' id='word_1_405' title='bbox 1453 4254 1780 4325; x_wconf 80' lang='lat' dir='ltr'><strong>Byzantium</strong></span> <span class='ocrx_word' id='word_1_406' title='bbox 1836 4254 2034 4310; x_wconf 85' lang='lat' dir='ltr'><strong>castris</strong></span> 
     </span>
    </p>
   </div>
   <div class='ocr_carea' id='block_1_62' title="bbox 454 4345 2032 4420">
    <p class='ocr_par' dir='ltr' id='par_1_62' title="bbox 454 4345 2032 4420">
     <span class='ocr_line' id='line_1_62' title="bbox 454 4345 2032 4420; baseline -0.002 -17"><span class='ocrx_word' id='word_1_407' title='bbox 454 4365 620 4420; x_wconf 88' lang='lat' dir='ltr'><strong>quam</strong></span> <span class='ocrx_word' id='word_1_408' title='bbox 649 4349 1028 4416; x_wconf 87' lang='lat' dir='ltr'><strong>creberrimis,</strong></span> <span class='ocrx_word' id='word_1_409' title='bbox 1069 4363 1134 4404; x_wconf 91' lang='lat' dir='ltr'><strong>ac</strong></span> <span class='ocrx_word' id='word_1_410' title='bbox 1178 4348 1224 4404; x_wconf 87' lang='lat' dir='ltr'><strong>si</strong></span> <span class='ocrx_word' id='word_1_411' title='bbox 1260 4348 1402 4402; x_wconf 87' lang='lat' dir='ltr'><strong>male</strong></span> <span class='ocrx_word' id='word_1_412' title='bbox 1447 4345 1682 4410; x_wconf 81' lang='lat' dir='ltr'><strong>valeret,</strong></span> <span class='ocrx_word' id='word_1_413' title='bbox 1727 4345 2032 4415; x_wconf 87' lang='lat' dir='ltr'><strong>procedere</strong></span> 
     </span>
    </p>
   </div>
   <div class='ocr_carea' id='block_1_63' title="bbox 456 4443 719 4514">
    <p class='ocr_par' dir='ltr' id='par_1_63' title="bbox 456 4443 719 4514">
     <span class='ocr_line' id='line_1_63' title="bbox 456 4443 719 4514; baseline 0 -19"><span class='ocrx_word' id='word_1_414' title='bbox 456 4443 719 4514; x_wconf 81' lang='lat' dir='ltr'><strong>perrexit.</strong></span> 
     </span>
    </p>
   </div>
   <div class='ocr_carea' id='block_1_64' title="bbox 2141 1944 3737 2025">
    <p class='ocr_par' dir='ltr' id='par_1_64' title="bbox 2141 1944 3737 2025">
     <span class='ocr_line' id='line_1_64' title="bbox 2141 1944 3737 2025; baseline 0.003 -22"><span class='ocrx_word' id='word_1_415' title='bbox 2141 1948 2290 2003; x_wconf 79' lang='grc' dir='ltr'>αὕτα</span> <span class='ocrx_word' id='word_1_416' title='bbox 2315 1964 2332 1981; x_wconf 87' lang='grc'><strong>·</strong></span> <span class='ocrx_word' id='word_1_417' title='bbox 2362 1944 2436 2002; x_wconf 81' lang='grc' dir='ltr'><strong><em>Ὦ</em></strong></span> <span class='ocrx_word' id='word_1_418' title='bbox 2489 1950 2742 2005; x_wconf 79' lang='grc' dir='ltr'>θειότατε</span> <span class='ocrx_word' id='word_1_419' title='bbox 2781 1951 3029 2022; x_wconf 82' lang='grc' dir='ltr'>βασιλεῦ,</span> <span class='ocrx_word' id='word_1_420' title='bbox 3063 1953 3256 2025; x_wconf 83' lang='grc' dir='ltr'>ὥσπερ</span> <span class='ocrx_word' id='word_1_421' title='bbox 3297 1954 3588 2019; x_wconf 80' lang='grc' dir='ltr'>πολλάκις,</span> <span class='ocrx_word' id='word_1_422' title='bbox 3632 1955 3737 2008; x_wconf 77' lang='grc' dir='ltr'>καὶ</span> 
     </span>
    </p>
   </div>
   <div class='ocr_carea' id='block_1_65' title="bbox 2141 2038 3736 2121">
    <p class='ocr_par' dir='ltr' id='par_1_65' title="bbox 2141 2038 3736 2121">
     <span class='ocr_line' id='line_1_65' title="bbox 2141 2038 3736 2121; baseline 0.004 -23"><span class='ocrx_word' id='word_1_423' title='bbox 2141 2043 2238 2098; x_wconf 73' lang='grc' dir='ltr'><strong>νῦν</strong></span> <span class='ocrx_word' id='word_1_424' title='bbox 2265 2044 2400 2100; x_wconf 82' lang='grc' dir='ltr'>Θεὸν</span> <span class='ocrx_word' id='word_1_425' title='bbox 2427 2047 2891 2119; x_wconf 75' lang='grc' dir='ltr'>ἐπιμαρτύρομαι</span> <span class='ocrx_word' id='word_1_426' title='bbox 2927 2050 3041 2112; x_wconf 85' lang='grc' dir='ltr'>τοῖς</span> <span class='ocrx_word' id='word_1_427' title='bbox 3096 2048 3443 2121; x_wconf 79' lang='grc' dir='ltr'>λεγομένοις,</span> <span class='ocrx_word' id='word_1_428' title='bbox 3477 2038 3564 2114; x_wconf 66' lang='grc' dir='ltr'>’ὡς</span> <span class='ocrx_word' id='word_1_429' title='bbox 3610 2051 3736 2104; x_wconf 77' lang='grc' dir='ltr'>οὐτ’</span> 
     </span>
    </p>
   </div>
   <div class='ocr_carea' id='block_1_66' title="bbox 2142 2136 3736 2213">
    <p class='ocr_par' dir='ltr' id='par_1_66' title="bbox 2142 2136 3736 2213">
     <span class='ocr_line' id='line_1_66' title="bbox 2142 2136 3736 2213; baseline 0.003 -24"><span class='ocrx_word' id='word_1_430' title='bbox 2142 2136 2337 2192; x_wconf 88' lang='grc' dir='ltr'>αὐτόθι</span> <span class='ocrx_word' id='word_1_431' title='bbox 2371 2137 2565 2207; x_wconf 74' lang='grc' dir='ltr'>παρὼν</span> <span class='ocrx_word' id='word_1_432' title='bbox 2623 2139 2848 2210; x_wconf 88' lang='grc' dir='ltr'>ἐμαυτῷ</span> <span class='ocrx_word' id='word_1_433' title='bbox 2876 2157 2929 2193; x_wconf 91' lang='grc' dir='ltr'><strong>τι</strong></span> <span class='ocrx_word' id='word_1_434' title='bbox 2960 2140 3180 2194; x_wconf 89' lang='grc' dir='ltr'>σύνοιδα</span> <span class='ocrx_word' id='word_1_435' title='bbox 3207 2141 3346 2213; x_wconf 74' lang='grc' dir='ltr'>πρὸς</span> <span class='ocrx_word' id='word_1_436' title='bbox 3377 2140 3474 2212; x_wconf 83' lang='grc' dir='ltr'>σὴν</span> <span class='ocrx_word' id='word_1_437' title='bbox 3515 2142 3736 2212; x_wconf 72' lang='grc' dir='ltr'>ἔχθραν</span> 
     </span>
    </p>
   </div>
   <div class='ocr_carea' id='block_1_67' title="bbox 2143 2229 3734 2308">
    <p class='ocr_par' dir='ltr' id='par_1_67' title="bbox 2143 2229 3734 2308">
     <span class='ocr_line' id='line_1_67' title="bbox 2143 2229 3734 2308; baseline 0.002 -22"><span class='ocrx_word' id='word_1_438' title='bbox 2143 2229 2584 2304; x_wconf 80' lang='grc' dir='ltr'>ἐξειργασμένῳ,</span> <span class='ocrx_word' id='word_1_439' title='bbox 2617 2232 2734 2286; x_wconf 84' lang='grc' dir='ltr'>οὐτ’</span> <span class='ocrx_word' id='word_1_440' title='bbox 2769 2235 2862 2288; x_wconf 84' lang='grc' dir='ltr'>ἐπὶ</span> <span class='ocrx_word' id='word_1_441' title='bbox 2893 2238 3105 2300; x_wconf 82' lang='grc' dir='ltr'>τούτοις</span> <span class='ocrx_word' id='word_1_442' title='bbox 3149 2236 3396 2307; x_wconf 81' lang='grc' dir='ltr'>ἀπέστην</span> <span class='ocrx_word' id='word_1_443' title='bbox 3427 2237 3505 2299; x_wconf 85' lang='grc' dir='ltr'>ὼς</span> <span class='ocrx_word' id='word_1_444' title='bbox 3531 2239 3734 2308; x_wconf 78' lang='grc' dir='ltr'>τρόπῳ</span> 
     </span>
    </p>
   </div>
   <div class='ocr_carea' id='block_1_68' title="bbox 2142 2324 3734 2402">
    <p class='ocr_par' dir='ltr' id='par_1_68' title="bbox 2142 2324 3734 2402">
     <span class='ocr_line' id='line_1_68' title="bbox 2142 2324 3734 2402; baseline 0.003 -24"><span class='ocrx_word' id='word_1_445' title='bbox 2142 2328 2309 2378; x_wconf 73' lang='grc' dir='ltr'>παντὶ</span> <span class='ocrx_word' id='word_1_446' title='bbox 2343 2324 2618 2380; x_wconf 85' lang='grc' dir='ltr'>κακώσων</span> <span class='ocrx_word' id='word_1_447' title='bbox 2649 2327 2720 2381; x_wconf 85' lang='grc' dir='ltr'>τὰ</span> <span class='ocrx_word' id='word_1_448' title='bbox 2750 2327 2817 2380; x_wconf 87' lang='grc' dir='ltr'><strong>σά</strong></span> <span class='ocrx_word' id='word_1_449' title='bbox 2837 2343 2851 2358; x_wconf 89' lang='grc'><strong>·</strong></span> <span class='ocrx_word' id='word_1_450' title='bbox 2879 2327 2996 2382; x_wconf 85' lang='grc' dir='ltr'>ἀλλ’</span> <span class='ocrx_word' id='word_1_451' title='bbox 3029 2328 3119 2381; x_wconf 82' lang='grc' dir='ltr'><strong>ῖνα</strong></span> <span class='ocrx_word' id='word_1_452' title='bbox 3154 2329 3316 2398; x_wconf 88' lang='grc' dir='ltr'>μόνον</span> <span class='ocrx_word' id='word_1_453' title='bbox 3345 2330 3436 2383; x_wconf 85' lang='grc' dir='ltr'>τὸν</span> <span class='ocrx_word' id='word_1_454' title='bbox 3471 2333 3734 2402; x_wconf 76' lang='grc' dir='ltr'>ἐπηρτηο</span> 
     </span>
    </p>
   </div>
   <div class='ocr_carea' id='block_1_69' title="bbox 2144 2416 3731 2491">
    <p class='ocr_par' dir='ltr' id='par_1_69' title="bbox 2144 2416 3731 2491">
     <span class='ocr_line' id='line_1_69' title="bbox 2144 2416 3731 2491; baseline 0.005 -21"><span class='ocrx_word' id='word_1_455' title='bbox 2144 2416 2307 2488; x_wconf 87' lang='grc' dir='ltr'>μένον</span> <span class='ocrx_word' id='word_1_456' title='bbox 2359 2419 2490 2488; x_wconf 75' lang='grc' dir='ltr'>ἐμοὶ</span> <span class='ocrx_word' id='word_1_457' title='bbox 2530 2417 2779 2473; x_wconf 82' lang='grc' dir='ltr'>κίνδυνον</span> <span class='ocrx_word' id='word_1_458' title='bbox 2828 2420 3045 2491; x_wconf 81' lang='grc' dir='ltr'>δυνηθῶ</span> <span class='ocrx_word' id='word_1_459' title='bbox 3084 2422 3373 2491; x_wconf 79' lang='grc' dir='ltr'>διαφυγεῖν</span> <span class='ocrx_word' id='word_1_460' title='bbox 3426 2440 3443 2456; x_wconf 79' lang='grc' dir='ltr'><strong>ο</strong></span> <span class='ocrx_word' id='word_1_461' title='bbox 3507 2426 3631 2476; x_wconf 78' lang='grc' dir='ltr'>νυνὶ</span> <span class='ocrx_word' id='word_1_462' title='bbox 3669 2426 3731 2478; x_wconf 77' lang='grc' dir='ltr'>δὲ</span> 
     </span>
    </p>
   </div>
   <div class='ocr_carea' id='block_1_70' title="bbox 2136 2509 3725 2584">
    <p class='ocr_par' dir='ltr' id='par_1_70' title="bbox 2136 2509 3725 2584">
     <span class='ocr_line' id='line_1_70' title="bbox 2136 2509 3725 2584; baseline 0.004 -22"><span class='ocrx_word' id='word_1_463' title='bbox 2136 2509 2302 2563; x_wconf 79' lang='grc' dir='ltr'>τοῦτο</span> <span class='ocrx_word' id='word_1_464' title='bbox 2336 2510 2438 2580; x_wconf 84' lang='grc' dir='ltr'>μὲν</span> <span class='ocrx_word' id='word_1_465' title='bbox 2463 2511 2588 2581; x_wconf 76' lang='grc' dir='ltr'>ἐμοὶ</span> <span class='ocrx_word' id='word_1_466' title='bbox 2613 2511 2896 2580; x_wconf 86' lang='grc' dir='ltr'>περίεστιν</span> <span class='ocrx_word' id='word_1_467' title='bbox 2929 2513 2988 2565; x_wconf 87' lang='grc' dir='ltr'><strong>ἐν</strong></span> <span class='ocrx_word' id='word_1_468' title='bbox 3013 2514 3093 2584; x_wconf 84' lang='grc' dir='ltr'>τῷ</span> <span class='ocrx_word' id='word_1_469' title='bbox 3125 2515 3362 2584; x_wconf 76' lang='grc' dir='ltr'>ἀσφαλεῖ</span> <span class='ocrx_word' id='word_1_470' title='bbox 3386 2515 3501 2570; x_wconf 76' lang='grc' dir='ltr'>δντι</span> <span class='ocrx_word' id='word_1_471' title='bbox 3528 2532 3546 2548; x_wconf 76' lang='grc' dir='ltr'><strong>ο</strong></span> <span class='ocrx_word' id='word_1_472' title='bbox 3583 2519 3645 2570; x_wconf 88' lang='grc' dir='ltr'><strong>σέ</strong></span> <span class='ocrx_word' id='word_1_473' title='bbox 3677 2516 3725 2568; x_wconf 76' lang='grc' dir='ltr'>δ’</span> 
     </span>
    </p>
   </div>
   <div class='ocr_carea' id='block_1_71' title="bbox 2139 2599 3732 2678">
    <p class='ocr_par' dir='ltr' id='par_1_71' title="bbox 2139 2599 3732 2678">
     <span class='ocr_line' id='line_1_71' title="bbox 2139 2599 3732 2678; baseline 0.004 -24"><span class='ocrx_word' id='word_1_474' title='bbox 2139 2603 2206 2656; x_wconf 91' lang='grc' dir='ltr'><strong>ἐκ</strong></span> <span class='ocrx_word' id='word_1_475' title='bbox 2241 2599 2336 2654; x_wconf 80' lang='grc' dir='ltr'>τοῦ</span> <span class='ocrx_word' id='word_1_476' title='bbox 2367 2602 2614 2656; x_wconf 82' lang='grc' dir='ltr'>ἐναντίου</span> <span class='ocrx_word' id='word_1_477' title='bbox 2649 2603 2806 2673; x_wconf 84' lang='grc' dir='ltr'>παρὰ</span> <span class='ocrx_word' id='word_1_478' title='bbox 2837 2606 3022 2658; x_wconf 82' lang='grc' dir='ltr'>πᾶσαν</span> <span class='ocrx_word' id='word_1_479' title='bbox 3055 2605 3196 2678; x_wconf 76' lang='grc' dir='ltr'>ἐμὴν</span> <span class='ocrx_word' id='word_1_480' title='bbox 3249 2605 3511 2678; x_wconf 85' lang='grc' dir='ltr'>βούλησιν</span> <span class='ocrx_word' id='word_1_481' title='bbox 3541 2609 3573 2662; x_wconf 88' lang='lat'><strong>6</strong></span> <span class='ocrx_word' id='word_1_482' title='bbox 3601 2610 3732 2663; x_wconf 77' lang='grc' dir='ltr'>κῖν-</span> 
     </span>
    </p>
   </div>
   <div class='ocr_carea' id='block_1_72' title="bbox 2136 2694 3732 2772">
    <p class='ocr_par' dir='ltr' id='par_1_72' title="bbox 2136 2694 3732 2772">
     <span class='ocr_line' id='line_1_72' title="bbox 2136 2694 3732 2772; baseline 0.006 -26"><span class='ocrx_word' id='word_1_483' title='bbox 2136 2695 2298 2758; x_wconf 86' lang='grc' dir='ltr'>δυνος</span> <span class='ocrx_word' id='word_1_484' title='bbox 2352 2694 2747 2765; x_wconf 86' lang='grc' dir='ltr'>περιέστηκεν.</span> <span class='ocrx_word' id='word_1_485' title='bbox 2788 2696 2920 2751; x_wconf 79' lang='grc' dir='ltr'>Ἰδοὺ</span> <span class='ocrx_word' id='word_1_486' title='bbox 2977 2698 3086 2767; x_wconf 83' lang='grc' dir='ltr'>γὰρ</span> <span class='ocrx_word' id='word_1_487' title='bbox 3148 2697 3303 2772; x_wconf 77' lang='grc' dir='ltr'>πάσῃ</span> <span class='ocrx_word' id='word_1_488' title='bbox 3365 2703 3732 2772; x_wconf 71' lang='grc' dir='ltr'>χρησάμενος</span> 
     </span>
    </p>
   </div>
   <div class='ocr_carea' id='block_1_73' title="bbox 2143 2787 3730 2866">
    <p class='ocr_par' dir='ltr' id='par_1_73' title="bbox 2143 2787 3730 2866">
     <span class='ocr_line' id='line_1_73' title="bbox 2143 2787 3730 2866; baseline 0.006 -27"><span class='ocrx_word' id='word_1_489' title='bbox 2143 2790 2362 2858; x_wconf 81' lang='grc' dir='ltr'>μηχανῇ</span> <span class='ocrx_word' id='word_1_490' title='bbox 2395 2787 2472 2851; x_wconf 84' lang='grc' dir='ltr'>ὣς</span> <span class='ocrx_word' id='word_1_491' title='bbox 2509 2805 2569 2842; x_wconf 89' lang='grc' dir='ltr'><strong>τε</strong></span> <span class='ocrx_word' id='word_1_492' title='bbox 2605 2789 2705 2860; x_wconf 81' lang='grc' dir='ltr'>τὴν</span> <span class='ocrx_word' id='word_1_493' title='bbox 2743 2789 3005 2860; x_wconf 72' lang='grc' dir='ltr'>στρατιὰν</span> <span class='ocrx_word' id='word_1_494' title='bbox 3034 2792 3171 2861; x_wconf 70' lang='grc' dir='ltr'>πρὸς</span> <span class='ocrx_word' id='word_1_495' title='bbox 3196 2792 3295 2863; x_wconf 79' lang='grc' dir='ltr'>τὴν</span> <span class='ocrx_word' id='word_1_496' title='bbox 3317 2794 3448 2846; x_wconf 84' lang='grc' dir='ltr'><strong>ἐσπέ</strong></span> <span class='ocrx_word' id='word_1_497' title='bbox 3461 2813 3562 2864; x_wconf 89' lang='grc' dir='ltr'><strong>ραν</strong></span> <span class='ocrx_word' id='word_1_498' title='bbox 3587 2813 3730 2866; x_wconf 80' lang='grc' dir='ltr'>τρα-</span> 
     </span>
    </p>
   </div>
   <div class='ocr_carea' id='block_1_74' title="bbox 2144 2879 3727 2956">
    <p class='ocr_par' dir='ltr' id='par_1_74' title="bbox 2144 2879 3727 2956">
     <span class='ocr_line' id='line_1_74' title="bbox 2144 2879 3727 2956; baseline 0.006 -24"><span class='ocrx_word' id='word_1_499' title='bbox 2144 2879 2348 2933; x_wconf 79' lang='grc' dir='ltr'>πέσθαι</span> <span class='ocrx_word' id='word_1_500' title='bbox 2383 2883 2594 2947; x_wconf 77' lang='grc' dir='ltr'>πεῖσαι,</span> <span class='ocrx_word' id='word_1_501' title='bbox 2635 2881 2915 2945; x_wconf 83' lang='grc' dir='ltr'>ἀδυνάτως</span> <span class='ocrx_word' id='word_1_502' title='bbox 2952 2883 3132 2952; x_wconf 78' lang='grc' dir='ltr'>ἔσχον.</span> <span class='ocrx_word' id='word_1_503' title='bbox 3177 2885 3420 2955; x_wconf 79' lang='grc' dir='ltr'>Ἀνάγκη</span> <span class='ocrx_word' id='word_1_504' title='bbox 3466 2886 3530 2956; x_wconf 82' lang='grc' dir='ltr'>δὴ</span> <span class='ocrx_word' id='word_1_505' title='bbox 3567 2891 3727 2942; x_wconf 81' lang='grc' dir='ltr'>πᾶσα</span> 
     </span>
    </p>
   </div>
   <div class='ocr_carea' id='block_1_75' title="bbox 2144 2971 3726 3049">
    <p class='ocr_par' dir='ltr' id='par_1_75' title="bbox 2144 2971 3726 3049">
     <span class='ocr_line' id='line_1_75' title="bbox 2144 2971 3726 3049; baseline 0.006 -26"><span class='ocrx_word' id='word_1_506' title='bbox 2144 2971 2278 3040; x_wconf 87' lang='grc' dir='ltr'>ύμῖν</span> <span class='ocrx_word' id='word_1_507' title='bbox 2307 2971 2583 3024; x_wconf 84' lang='grc' dir='ltr'>ἐπελθεῖν.</span> <span class='ocrx_word' id='word_1_508' title='bbox 2628 2971 2771 3040; x_wconf 85' lang='grc' dir='ltr'><strong>Ἐγὼ</strong></span> <span class='ocrx_word' id='word_1_509' title='bbox 2815 2973 2915 3042; x_wconf 78' lang='grc' dir='ltr'>μὲν</span> <span class='ocrx_word' id='word_1_510' title='bbox 2963 2973 3058 3026; x_wconf 82' lang='grc' dir='ltr'><strong>οὐν</strong></span> <span class='ocrx_word' id='word_1_511' title='bbox 3105 2975 3464 3047; x_wconf 79' lang='grc' dir='ltr'>σχολαίτερον</span> <span class='ocrx_word' id='word_1_512' title='bbox 3494 2978 3726 3049; x_wconf 83' lang='grc' dir='ltr'>βαδιοῦ-</span> 
     </span>
    </p>
   </div>
   <div class='ocr_carea' id='block_1_76' title="bbox 2140 3063 3722 3142">
    <p class='ocr_par' dir='ltr' id='par_1_76' title="bbox 2140 3063 3722 3142">
     <span class='ocr_line' id='line_1_76' title="bbox 2140 3063 3722 3142; baseline 0.008 -28"><span class='ocrx_word' id='word_1_513' title='bbox 2140 3079 2244 3129; x_wconf 88' lang='grc' dir='ltr'><strong>μαι</strong></span> <span class='ocrx_word' id='word_1_514' title='bbox 2278 3066 2463 3117; x_wconf 83' lang='grc' dir='ltr'>νοσεῖν</span> <span class='ocrx_word' id='word_1_515' title='bbox 2497 3063 2898 3134; x_wconf 86' lang='grc' dir='ltr'>πλαττόμενος.</span> <span class='ocrx_word' id='word_1_516' title='bbox 2947 3065 3233 3123; x_wconf 83' lang='grc' dir='ltr'>Είσϐαλὼν</span> <span class='ocrx_word' id='word_1_517' title='bbox 3278 3069 3334 3122; x_wconf 83' lang='grc' dir='ltr'><strong>δέ</strong></span> <span class='ocrx_word' id='word_1_518' title='bbox 3375 3072 3722 3142; x_wconf 81' lang='grc' dir='ltr'>πειράσομαι</span> 
     </span>
    </p>
   </div>
   <div class='ocr_carea' id='block_1_77' title="bbox 2138 3155 3722 3236">
    <p class='ocr_par' dir='ltr' id='par_1_77' title="bbox 2138 3155 3722 3236">
     <span class='ocr_line' id='line_1_77' title="bbox 2138 3155 3722 3236; baseline 0.006 -28"><span class='ocrx_word' id='word_1_519' title='bbox 2138 3155 2238 3226; x_wconf 82' lang='grc' dir='ltr'>τὴν</span> <span class='ocrx_word' id='word_1_520' title='bbox 2267 3157 2537 3226; x_wconf 82' lang='grc' dir='ltr'>ταχίστην</span> <span class='ocrx_word' id='word_1_521' title='bbox 2566 3160 2900 3228; x_wconf 81' lang='grc' dir='ltr'>ἀναχωρεῖν.</span> <span class='ocrx_word' id='word_1_522' title='bbox 2928 3157 3020 3213; x_wconf 74' lang='grc' dir='ltr'><strong>Σοὶ</strong></span> <span class='ocrx_word' id='word_1_523' title='bbox 3058 3159 3107 3213; x_wconf 79' lang='grc' dir='ltr'>δ’</span> <span class='ocrx_word' id='word_1_524' title='bbox 3137 3161 3196 3214; x_wconf 83' lang='grc' dir='ltr'><strong>ἐν</strong></span> <span class='ocrx_word' id='word_1_525' title='bbox 3220 3162 3464 3233; x_wconf 84' lang='grc' dir='ltr'>τοσούτῳ</span> <span class='ocrx_word' id='word_1_526' title='bbox 3495 3167 3722 3236; x_wconf 77' lang='grc' dir='ltr'>φρουρᾷ</span> 
     </span>
    </p>
   </div>
   <div class='ocr_carea' id='block_1_78' title="bbox 2141 3242 3720 3319">
    <p class='ocr_par' dir='ltr' id='par_1_78' title="bbox 2141 3242 3720 3319">
     <span class='ocr_line' id='line_1_78' title="bbox 2141 3242 3720 3319; baseline 0.009 -23"><span class='ocrx_word' id='word_1_527' title='bbox 2141 3260 2200 3296; x_wconf 90' lang='grc' dir='ltr'><strong>τε</strong></span> <span class='ocrx_word' id='word_1_528' title='bbox 2226 3242 2447 3309; x_wconf 81' lang='grc' dir='ltr'>ἐξέσται</span> <span class='ocrx_word' id='word_1_529' title='bbox 2483 3244 2895 3314; x_wconf 78' lang='grc' dir='ltr'>ἀσφαλίσασθαι</span> <span class='ocrx_word' id='word_1_530' title='bbox 2924 3247 2992 3300; x_wconf 77' lang='grc' dir='ltr'>τὰ</span> <span class='ocrx_word' id='word_1_531' title='bbox 3027 3247 3300 3319; x_wconf 85' lang='grc' dir='ltr'>βασίλεια,</span> <span class='ocrx_word' id='word_1_532' title='bbox 3333 3253 3430 3306; x_wconf 76' lang='grc' dir='ltr'>καὶ</span> <span class='ocrx_word' id='word_1_533' title='bbox 3468 3257 3591 3318; x_wconf 87' lang='grc' dir='ltr'>ταῖς</span> <span class='ocrx_word' id='word_1_534' title='bbox 3619 3257 3720 3310; x_wconf 82' lang='grc' dir='ltr'>τοῦ</span> 
     </span>
    </p>
   </div>
   <div class='ocr_carea' id='block_1_79' title="bbox 2141 3333 3715 3410">
    <p class='ocr_par' dir='ltr' id='par_1_79' title="bbox 2141 3333 3715 3410">
     <span class='ocr_line' id='line_1_79' title="bbox 2141 3333 3715 3410; baseline 0.01 -24"><span class='ocrx_word' id='word_1_535' title='bbox 2141 3333 2442 3397; x_wconf 79' lang='grc' dir='ltr'>Βυζαντίου</span> <span class='ocrx_word' id='word_1_536' title='bbox 2488 3335 2690 3398; x_wconf 85' lang='grc' dir='ltr'>πύλαις</span> <span class='ocrx_word' id='word_1_537' title='bbox 2730 3339 2858 3403; x_wconf 84' lang='grc' dir='ltr'><strong>τούς</strong></span> <span class='ocrx_word' id='word_1_538' title='bbox 2911 3340 3153 3409; x_wconf 88' lang='grc' dir='ltr'>μάλιστα</span> <span class='ocrx_word' id='word_1_539' title='bbox 3199 3343 3596 3410; x_wconf 78' lang='grc' dir='ltr'>εὐνουστάτους</span> <span class='ocrx_word' id='word_1_540' title='bbox 3627 3365 3715 3402; x_wconf 73' lang='grc' dir='ltr'><strong>σοι</strong></span> 
     </span>
    </p>
   </div>
   <div class='ocr_carea' id='block_1_80' title="bbox 2139 3413 3715 3506">
    <p class='ocr_par' dir='ltr' id='par_1_80' title="bbox 2139 3413 3715 3506">
     <span class='ocr_line' id='line_1_80' title="bbox 2139 3413 3715 3506; baseline 0.012 -28"><span class='ocrx_word' id='word_1_541' title='bbox 2139 3413 2480 3498; x_wconf 32' lang='grc' dir='ltr'>ἐπιστῆσαικ</span> <span class='ocrx_word' id='word_1_542' title='bbox 2511 3430 2881 3502; x_wconf 85' lang='grc' dir='ltr'>μισθοφόρους</span> <span class='ocrx_word' id='word_1_543' title='bbox 2934 3435 3158 3502; x_wconf 74' lang='grc' dir='ltr'>ἔχοντας</span> <span class='ocrx_word' id='word_1_544' title='bbox 3199 3436 3442 3502; x_wconf 79' lang='grc' dir='ltr'>ὁπλίτας,</span> <span class='ocrx_word' id='word_1_545' title='bbox 3490 3443 3715 3506; x_wconf 80' lang='grc' dir='ltr'>ίκανούς</span> 
     </span>
    </p>
   </div>
   <div class='ocr_carea' id='block_1_81' title="bbox 2137 3519 3717 3601">
    <p class='ocr_par' dir='ltr' id='par_1_81' title="bbox 2137 3519 3717 3601">
     <span class='ocr_line' id='line_1_81' title="bbox 2137 3519 3717 3601; baseline 0.013 -31"><span class='ocrx_word' id='word_1_546' title='bbox 2137 3519 2258 3582; x_wconf 85' lang='grc' dir='ltr'>ταῖς</span> <span class='ocrx_word' id='word_1_547' title='bbox 2285 3520 2394 3572; x_wconf 85' lang='grc' dir='ltr'>τῶν</span> <span class='ocrx_word' id='word_1_548' title='bbox 2417 3520 2888 3578; x_wconf 84' lang='grc' dir='ltr'>ἐπιϐουλευόντων</span> <span class='ocrx_word' id='word_1_549' title='bbox 2919 3526 3122 3596; x_wconf 83' lang='grc' dir='ltr'>ὁρμαῖς</span> <span class='ocrx_word' id='word_1_550' title='bbox 3140 3530 3481 3601; x_wconf 79' lang='grc' dir='ltr'>ἀντιστῆναι.</span> <span class='ocrx_word' id='word_1_551' title='bbox 3511 3535 3630 3588; x_wconf 75' lang='grc' dir='ltr'><strong>Κάν</strong></span> <span class='ocrx_word' id='word_1_552' title='bbox 3657 3554 3717 3590; x_wconf 77' lang='grc' dir='ltr'><strong>τι</strong></span> 
     </span>
    </p>
   </div>
   <div class='ocr_carea' id='block_1_82' title="bbox 2141 3609 3712 3697">
    <p class='ocr_par' dir='ltr' id='par_1_82' title="bbox 2141 3609 3712 3697">
     <span class='ocr_line' id='line_1_82' title="bbox 2141 3609 3712 3697; baseline 0.011 -34"><span class='ocrx_word' id='word_1_553' title='bbox 2141 3609 2308 3680; x_wconf 89' lang='grc' dir='ltr'>μόνον</span> <span class='ocrx_word' id='word_1_554' title='bbox 2343 3610 2484 3682; x_wconf 74' lang='grc' dir='ltr'>πρὸς</span> <span class='ocrx_word' id='word_1_555' title='bbox 2533 3613 2594 3666; x_wconf 81' lang='grc' dir='ltr'>τὸ</span> <span class='ocrx_word' id='word_1_556' title='bbox 2619 3615 2970 3680; x_wconf 75' lang='grc' dir='ltr'>εἰσδέξασθαι</span> <span class='ocrx_word' id='word_1_557' title='bbox 3021 3620 3173 3687; x_wconf 80' lang='grc' dir='ltr'>ἡμᾶς</span> <span class='ocrx_word' id='word_1_558' title='bbox 3222 3621 3453 3694; x_wconf 83' lang='grc' dir='ltr'>κώλυμα</span> <span class='ocrx_word' id='word_1_559' title='bbox 3486 3626 3712 3697; x_wconf 71' lang='grc' dir='ltr'>εὑρεθῇ,</span> 
     </span>
    </p>
   </div>
   <div class='ocr_carea' id='block_1_83' title="bbox 2135 3698 3717 3790">
    <p class='ocr_par' dir='ltr' id='par_1_83' title="bbox 2135 3698 3717 3790">
     <span class='ocr_line' id='line_1_83' title="bbox 2135 3698 3717 3790; baseline 0.013 -38"><span class='ocrx_word' id='word_1_560' title='bbox 2135 3698 2213 3764; x_wconf 86' lang='grc' dir='ltr'><strong>ὡς</strong></span> <span class='ocrx_word' id='word_1_561' title='bbox 2245 3701 2382 3771; x_wconf 78' lang='grc' dir='ltr'>πρὸς</span> <span class='ocrx_word' id='word_1_562' title='bbox 2412 3703 2676 3758; x_wconf 86' lang='grc' dir='ltr'>ἀδύνατον</span> <span class='ocrx_word' id='word_1_563' title='bbox 2698 3708 2797 3776; x_wconf 79' lang='grc' dir='ltr'>τὴν</span> <span class='ocrx_word' id='word_1_564' title='bbox 2819 3710 3171 3781; x_wconf 83' lang='grc' dir='ltr'>ἐπιχείρησιν</span> <span class='ocrx_word' id='word_1_565' title='bbox 3187 3714 3383 3779; x_wconf 84' lang='grc' dir='ltr'>ἀπάξω</span> <span class='ocrx_word' id='word_1_566' title='bbox 3410 3717 3513 3788; x_wconf 78' lang='grc' dir='ltr'>τὴν</span> <span class='ocrx_word' id='word_1_567' title='bbox 3543 3735 3717 3790; x_wconf 87' lang='grc' dir='ltr'>στρα-</span> 
     </span>
    </p>
   </div>
   <div class='ocr_carea' id='block_1_84' title="bbox 2135 3793 3712 3876">
    <p class='ocr_par' dir='ltr' id='par_1_84' title="bbox 2135 3793 3712 3876">
     <span class='ocr_line' id='line_1_84' title="bbox 2135 3793 3712 3876; baseline 0.013 -30"><span class='ocrx_word' id='word_1_568' title='bbox 2135 3793 2285 3850; x_wconf 85' lang='grc' dir='ltr'>τιάν.</span> <span class='ocrx_word' id='word_1_569' title='bbox 2329 3794 2532 3866; x_wconf 84' lang='grc' dir='ltr'>Δέομαι</span> <span class='ocrx_word' id='word_1_570' title='bbox 2565 3797 2630 3868; x_wconf 81' lang='grc' dir='ltr'>δὴ</span> <span class='ocrx_word' id='word_1_571' title='bbox 2663 3800 2740 3871; x_wconf 77' lang='grc' dir='ltr'>μὴ</span> <span class='ocrx_word' id='word_1_572' title='bbox 2770 3800 2901 3864; x_wconf 85' lang='grc' dir='ltr'>τοὺς</span> <span class='ocrx_word' id='word_1_573' title='bbox 2950 3802 3144 3872; x_wconf 89' lang='grc' dir='ltr'>λόγους</span> <span class='ocrx_word' id='word_1_574' title='bbox 3177 3806 3600 3864; x_wconf 85' lang='grc' dir='ltr'>ὑποπτεύσαντα</span> <span class='ocrx_word' id='word_1_575' title='bbox 3635 3813 3712 3876; x_wconf 83' lang='grc' dir='ltr'><strong>ὡς</strong></span> 
     </span>
    </p>
   </div>
   <div class='ocr_carea' id='block_1_85' title="bbox 2136 3885 3708 3975">
    <p class='ocr_par' dir='ltr' id='par_1_85' title="bbox 2136 3885 3708 3975">
     <span class='ocr_line' id='line_1_85' title="bbox 2136 3885 3708 3975; baseline 0.011 -36"><span class='ocrx_word' id='word_1_576' title='bbox 2136 3885 2272 3955; x_wconf 78' lang='grc' dir='ltr'>ἐμοῦ</span> <span class='ocrx_word' id='word_1_577' title='bbox 2329 3885 2730 3958; x_wconf 81' lang='grc' dir='ltr'>διαφερομένου</span> <span class='ocrx_word' id='word_1_578' title='bbox 2792 3892 3266 3965; x_wconf 71' lang='grc' dir='ltr'>ἁπορῥαθυμῆσαι</span> <span class='ocrx_word' id='word_1_579' title='bbox 3314 3898 3450 3969; x_wconf 63' lang='grc' dir='ltr'>πρὸς</span> <span class='ocrx_word' id='word_1_580' title='bbox 3507 3903 3570 3955; x_wconf 88' lang='grc' dir='ltr'>τὸ</span> <span class='ocrx_word' id='word_1_581' title='bbox 3607 3906 3708 3975; x_wconf 74' lang='grc' dir='ltr'>τὴν</span> 
     </span>
    </p>
   </div>
   <div class='ocr_carea' id='block_1_86' title="bbox 2135 3975 3708 4065">
    <p class='ocr_par' dir='ltr' id='par_1_86' title="bbox 2135 3975 3708 4065">
     <span class='ocr_line' id='line_1_86' title="bbox 2135 3975 3708 4065; baseline 0.013 -35"><span class='ocrx_word' id='word_1_582' title='bbox 2135 3975 2443 4048; x_wconf 81' lang='grc' dir='ltr'>ἀσφάλειαν</span> <span class='ocrx_word' id='word_1_583' title='bbox 2501 3979 2936 4050; x_wconf 84' lang='grc' dir='ltr'>ἐξαρτύσασθαι.</span> <span class='ocrx_word' id='word_1_584' title='bbox 3008 3987 3322 4060; x_wconf 85' lang='grc' dir='ltr'>Πέπεισμαι</span> <span class='ocrx_word' id='word_1_585' title='bbox 3386 3992 3496 4062; x_wconf 80' lang='grc' dir='ltr'><strong>γὰρ</strong></span> <span class='ocrx_word' id='word_1_586' title='bbox 3542 3996 3708 4065; x_wconf 83' lang='grc' dir='ltr'>αὐτὸς</span> 
     </span>
    </p>
   </div>
   <div class='ocr_carea' id='block_1_87' title="bbox 2135 4069 3706 4156">
    <p class='ocr_par' dir='ltr' id='par_1_87' title="bbox 2135 4069 3706 4156">
     <span class='ocr_line' id='line_1_87' title="bbox 2135 4069 3706 4156; baseline 0.012 -32"><span class='ocrx_word' id='word_1_587' title='bbox 2135 4069 2381 4140; x_wconf 75' lang='grc' dir='ltr'>ἀκριϐῶς</span> <span class='ocrx_word' id='word_1_588' title='bbox 2419 4073 2484 4144; x_wconf 69' lang='grc' dir='ltr'><strong>ἐκ</strong></span> <span class='ocrx_word' id='word_1_589' title='bbox 2538 4073 2646 4128; x_wconf 85' lang='grc' dir='ltr'>τῶν</span> <span class='ocrx_word' id='word_1_590' title='bbox 2690 4073 2902 4140; x_wconf 85' lang='grc' dir='ltr'>αὐτόθι,</span> <span class='ocrx_word' id='word_1_591' title='bbox 2949 4077 3024 4144; x_wconf 84' lang='grc' dir='ltr'><strong>ὡς</strong></span> <span class='ocrx_word' id='word_1_592' title='bbox 3056 4079 3174 4150; x_wconf 71' lang='grc' dir='ltr'>ἅμα</span> <span class='ocrx_word' id='word_1_593' title='bbox 3196 4083 3276 4153; x_wconf 88' lang='grc' dir='ltr'><strong>τῷ</strong></span> <span class='ocrx_word' id='word_1_594' title='bbox 3320 4086 3558 4156; x_wconf 82' lang='grc' dir='ltr'>φανῆναι</span> <span class='ocrx_word' id='word_1_595' title='bbox 3592 4093 3706 4143; x_wconf 76' lang='grc' dir='ltr'>εἰσ-</span> 
     </span>
    </p>
   </div>
   <div class='ocr_carea' id='block_1_88' title="bbox 2135 4165 3705 4247">
    <p class='ocr_par' dir='ltr' id='par_1_88' title="bbox 2135 4165 3705 4247">
     <span class='ocr_line' id='line_1_88' title="bbox 2135 4165 3705 4247; baseline 0.011 -28"><span class='ocrx_word' id='word_1_596' title='bbox 2135 4165 2385 4228; x_wconf 82' lang='grc' dir='ltr'>δέξονται</span> <span class='ocrx_word' id='word_1_597' title='bbox 2414 4167 2585 4236; x_wconf 79' lang='grc' dir='ltr'><strong>ήμᾶς.</strong></span> <span class='ocrx_word' id='word_1_598' title='bbox 2618 4168 2858 4223; x_wconf 81' lang='grc' dir='ltr'>Τοιαῦτα</span> <span class='ocrx_word' id='word_1_599' title='bbox 2891 4171 2991 4237; x_wconf 82' lang='grc' dir='ltr'>μὲν</span> <span class='ocrx_word' id='word_1_600' title='bbox 3045 4175 3073 4225; x_wconf 88' lang='grc' dir='ltr'><strong>ὀ</strong></span> <span class='ocrx_word' id='word_1_601' title='bbox 3108 4175 3230 4238; x_wconf 83' lang='grc' dir='ltr'>νέος</span> <span class='ocrx_word' id='word_1_602' title='bbox 3279 4176 3544 4247; x_wconf 84' lang='grc' dir='ltr'>βασιλεύς</span> <span class='ocrx_word' id='word_1_603' title='bbox 3578 4184 3705 4235; x_wconf 79' lang='grc' dir='ltr'>ἐπέ-</span> 
     </span>
    </p>
   </div>
   <div class='ocr_carea' id='block_1_89' title="bbox 2138 4255 3701 4330">
    <p class='ocr_par' dir='ltr' id='par_1_89' title="bbox 2138 4255 3701 4330">
     <span class='ocr_line' id='line_1_89' title="bbox 2138 4255 3701 4330; baseline 0.015 -23"><span class='ocrx_word' id='word_1_604' title='bbox 2138 4255 2323 4308; x_wconf 83' lang='grc' dir='ltr'>στελλε</span> <span class='ocrx_word' id='word_1_605' title='bbox 2360 4255 2439 4326; x_wconf 83' lang='grc' dir='ltr'>τῷ</span> <span class='ocrx_word' id='word_1_606' title='bbox 2473 4257 2706 4328; x_wconf 84' lang='grc' dir='ltr'>πάππῳ,</span> <span class='ocrx_word' id='word_1_607' title='bbox 2740 4260 2849 4313; x_wconf 87' lang='grc' dir='ltr'><strong>τῶν</strong></span> <span class='ocrx_word' id='word_1_608' title='bbox 2912 4266 3255 4320; x_wconf 84' lang='grc' dir='ltr'>πιστοτάτων</span> <span class='ocrx_word' id='word_1_609' title='bbox 3318 4271 3550 4327; x_wconf 75' lang='grc' dir='ltr'>οἰκετῶν</span> <span class='ocrx_word' id='word_1_610' title='bbox 3593 4293 3701 4330; x_wconf 90' lang='grc' dir='ltr'>τινι</span> 
     </span>
    </p>
   </div>
   <div class='ocr_carea' id='block_1_90' title="bbox 2137 4342 3702 4436">
    <p class='ocr_par' dir='ltr' id='par_1_90' title="bbox 2137 4342 3702 4436">
     <span class='ocr_line' id='line_1_90' title="bbox 2137 4342 3702 4436; baseline 0.014 -36"><span class='ocrx_word' id='word_1_611' title='bbox 2137 4346 2230 4400; x_wconf 82' lang='grc' dir='ltr'>τοῦ</span> <span class='ocrx_word' id='word_1_612' title='bbox 2281 4347 2528 4417; x_wconf 83' lang='grc' dir='ltr'>μεγάλου</span> <span class='ocrx_word' id='word_1_613' title='bbox 2563 4342 2903 4419; x_wconf 66' lang='grc' dir='ltr'>’δομεστίκου</span> <span class='ocrx_word' id='word_1_614' title='bbox 2943 4357 3296 4426; x_wconf 84' lang='grc' dir='ltr'>χρησάμενος</span> <span class='ocrx_word' id='word_1_615' title='bbox 3347 4360 3702 4436; x_wconf 79' lang='grc' dir='ltr'>διακομιστῇ.</span> 
     </span>
    </p>
   </div>
   <div class='ocr_carea' id='block_1_91' title="bbox 2143 4439 3704 4528">
    <p class='ocr_par' dir='ltr' id='par_1_91' title="bbox 2143 4439 3704 4528">
     <span class='ocr_line' id='line_1_91' title="bbox 2143 4439 3704 4528; baseline 0.012 -36"><span class='ocrx_word' id='word_1_616' title='bbox 2143 4439 2317 4502; x_wconf 80' lang='grc' dir='ltr'>Λύτδς</span> <span class='ocrx_word' id='word_1_617' title='bbox 2342 4440 2399 4493; x_wconf 80' lang='grc' dir='ltr'>δὲ</span> <span class='ocrx_word' id='word_1_618' title='bbox 2434 4439 2576 4511; x_wconf 75' lang='grc' dir='ltr'>ἄρας</span> <span class='ocrx_word' id='word_1_619' title='bbox 2614 4439 2675 4506; x_wconf 81' lang='grc' dir='ltr'><strong>ἐξ</strong></span> <span class='ocrx_word' id='word_1_620' title='bbox 2714 4442 2991 4526; x_wconf 85' lang='grc' dir='ltr'>Ὀδρυσῶν</span> <span class='ocrx_word' id='word_1_621' title='bbox 3039 4447 3159 4517; x_wconf 74' lang='grc' dir='ltr'>ἅμα</span> <span class='ocrx_word' id='word_1_622' title='bbox 3208 4459 3704 4528; x_wconf 79' lang='grc' dir='ltr'>πεντακισμυρίοις</span> 
     </span>
    </p>
   </div>
   <div class='ocr_carea' id='block_1_92' title="bbox 453 4535 3706 4622">
    <p class='ocr_par' dir='ltr' id='par_1_92' title="bbox 453 4535 3706 4622">
     <span class='ocr_line' id='line_1_92' title="bbox 453 4535 3706 4622; baseline 0.003 -29"><span class='ocrx_word' id='word_1_623' title='bbox 453 4539 722 4593; x_wconf 81' lang='grc' dir='ltr'>ίππεῦσιν</span> <span class='ocrx_word' id='word_1_624' title='bbox 771 4539 1004 4610; x_wconf 77' lang='grc' dir='ltr'>ἦόλίγῳ</span> <span class='ocrx_word' id='word_1_625' title='bbox 1036 4539 1272 4605; x_wconf 86' lang='grc' dir='ltr'>δέουσιν,</span> <span class='ocrx_word' id='word_1_626' title='bbox 1318 4535 1394 4598; x_wconf 85' lang='grc' dir='ltr'><strong>ὡς</strong></span> <span class='ocrx_word' id='word_1_627' title='bbox 1451 4535 1706 4598; x_wconf 79' lang='grc' dir='ltr'>εἰκάζετο</span> <span class='ocrx_word' id='word_1_628' title='bbox 1759 4536 1839 4605; x_wconf 90' lang='grc' dir='ltr'>(οὐ</span> <span class='ocrx_word' id='word_1_629' title='bbox 1890 4537 2002 4608; x_wconf 77' lang='grc' dir='ltr'>γὰρ</span> <span class='ocrx_word' id='word_1_630' title='bbox 2041 4538 2168 4608; x_wconf 81' lang='grc' dir='ltr'>ἐξῆν</span> <span class='ocrx_word' id='word_1_631' title='bbox 2237 4537 2484 4608; x_wconf 82' lang='grc' dir='ltr'>ἀκριϐῶς</span> <span class='ocrx_word' id='word_1_632' title='bbox 2521 4537 2614 4590; x_wconf 77' lang='grc' dir='ltr'>τὸν</span> <span class='ocrx_word' id='word_1_633' title='bbox 2680 4539 2915 4609; x_wconf 83' lang='grc' dir='ltr'>ἀριθμὸν</span> <span class='ocrx_word' id='word_1_634' title='bbox 2967 4543 3194 4612; x_wconf 76' lang='grc' dir='ltr'>εἰδέναι,</span> <span class='ocrx_word' id='word_1_635' title='bbox 3253 4546 3341 4602; x_wconf 76' lang='grc' dir='ltr'>οἶα</span> <span class='ocrx_word' id='word_1_636' title='bbox 3381 4551 3444 4622; x_wconf 82' lang='grc' dir='ltr'><strong>δὴ</strong></span> <span class='ocrx_word' id='word_1_637' title='bbox 3492 4554 3706 4607; x_wconf 79' lang='grc' dir='ltr'>πολλῶν</span> 
     </span>
    </p>
   </div>
   <div class='ocr_carea' id='block_1_93' title="bbox 455 4631 3704 4711">
    <p class='ocr_par' dir='ltr' id='par_1_93' title="bbox 455 4631 3704 4711">
     <span class='ocr_line' id='line_1_93' title="bbox 455 4631 3704 4711; baseline 0.004 -23"><span class='ocrx_word' id='word_1_638' title='bbox 455 4635 683 4688; x_wconf 76' lang='grc' dir='ltr'>καὶτῶν</span> <span class='ocrx_word' id='word_1_639' title='bbox 712 4634 787 4706; x_wconf 85' lang='grc' dir='ltr'>μὴ</span> <span class='ocrx_word' id='word_1_640' title='bbox 810 4635 947 4705; x_wconf 80' lang='grc' dir='ltr'>πρὸς</span> <span class='ocrx_word' id='word_1_641' title='bbox 980 4634 1247 4704; x_wconf 82' lang='grc' dir='ltr'>στρατιάν</span> <span class='ocrx_word' id='word_1_642' title='bbox 1277 4631 1632 4701; x_wconf 82' lang='grc' dir='ltr'>τεταγμένων</span> <span class='ocrx_word' id='word_1_643' title='bbox 1654 4634 2181 4701; x_wconf 81' lang='grc' dir='ltr'>συστρατευομένων</span> <span class='ocrx_word' id='word_1_644' title='bbox 2208 4633 2344 4703; x_wconf 85' lang='grc' dir='ltr'>πρὸς</span> <span class='ocrx_word' id='word_1_645' title='bbox 2370 4633 2533 4704; x_wconf 86' lang='grc' dir='ltr'>χάριν</span> <span class='ocrx_word' id='word_1_646' title='bbox 2555 4631 2636 4703; x_wconf 82' lang='grc' dir='ltr'><strong>τῷ</strong></span> <span class='ocrx_word' id='word_1_647' title='bbox 2694 4633 2952 4705; x_wconf 84' lang='grc' dir='ltr'>βασιλεῖ),</span> <span class='ocrx_word' id='word_1_648' title='bbox 3007 4636 3094 4709; x_wconf 70' lang='grc' dir='ltr'>ᾔει</span> <span class='ocrx_word' id='word_1_649' title='bbox 3155 4638 3255 4711; x_wconf 78' lang='grc' dir='ltr'>τὴν</span> <span class='ocrx_word' id='word_1_650' title='bbox 3294 4645 3353 4707; x_wconf 85' lang='grc' dir='ltr'><strong>ἐς</strong></span> <span class='ocrx_word' id='word_1_651' title='bbox 3411 4645 3704 4710; x_wconf 76' lang='grc' dir='ltr'>Βυζάντιον</span> 
     </span>
    </p>
   </div>
   <div class='ocr_carea' id='block_1_94' title="bbox 455 4719 2466 4803">
    <p class='ocr_par' dir='ltr' id='par_1_94' title="bbox 455 4719 2466 4803">
     <span class='ocr_line' id='line_1_94' title="bbox 455 4719 2466 4803; baseline 0 -23"><span class='ocrx_word' id='word_1_652' title='bbox 455 4731 664 4792; x_wconf 76' lang='grc' dir='ltr'>πυκνὰς</span> <span class='ocrx_word' id='word_1_653' title='bbox 695 4729 796 4803; x_wconf 73' lang='grc' dir='ltr'><strong>καέ</strong></span> <span class='ocrx_word' id='word_1_654' title='bbox 827 4727 1076 4797; x_wconf 88' lang='grc' dir='ltr'>συνεχεῖς</span> <span class='ocrx_word' id='word_1_655' title='bbox 1101 4727 1198 4788; x_wconf 73' lang='grc' dir='ltr'><strong>τὰς</strong></span> <span class='ocrx_word' id='word_1_656' title='bbox 1224 4723 1665 4796; x_wconf 80' lang='grc' dir='ltr'>στρατοπεδείας</span> <span class='ocrx_word' id='word_1_657' title='bbox 1692 4723 2023 4793; x_wconf 79' lang='grc' dir='ltr'>ποιούμενος</span> <span class='ocrx_word' id='word_1_658' title='bbox 2063 4719 2152 4779; x_wconf 75' lang='grc' dir='ltr'><strong>οἷα</strong></span> <span class='ocrx_word' id='word_1_659' title='bbox 2178 4725 2244 4788; x_wconf 79' lang='grc' dir='ltr'>δὴ</span> <span class='ocrx_word' id='word_1_660' title='bbox 2271 4723 2466 4781; x_wconf 80' lang='grc' dir='ltr'>νοσῶν.</span> 
     </span>
    </p>
   </div>
   <div class='ocr_carea' id='block_1_95' title="bbox 1857 4842 2286 4899">
    <p class='ocr_par' dir='ltr' id='par_1_95' title="bbox 1857 4842 2286 4899">
     <span class='ocr_line' id='line_1_95' title="bbox 1857 4842 2286 4899; baseline 0.007 -3"><span class='ocrx_word' id='word_1_661' title='bbox 1857 4842 2082 4898; x_wconf 82' lang='lat' dir='ltr'><strong>CAPUT</strong></span> <span class='ocrx_word' id='word_1_662' title='bbox 2121 4842 2286 4899; x_wconf 75' lang='lat' dir='ltr'><strong>XXII.</strong></span> 
     </span>
    </p>
   </div>
   <div class='ocr_carea' id='block_1_96' title="bbox 457 4930 3700 5011">
    <p class='ocr_par' dir='ltr' id='par_1_96' title="bbox 457 4930 3700 5011">
     <span class='ocr_line' id='line_1_96' title="bbox 457 4930 3700 5011; baseline 0.005 -18"><span class='ocrx_word' id='word_1_663' title='bbox 457 4939 676 5011; x_wconf 73' lang='lat' dir='ltr'><strong>Insidia:</strong></span> <span class='ocrx_word' id='word_1_664' title='bbox 729 4939 784 4992; x_wconf 78' lang='lat' dir='ltr'><strong>in</strong></span> <span class='ocrx_word' id='word_1_665' title='bbox 811 4935 1198 5011; x_wconf 46' lang='lat' dir='ltr'><strong>Andronicum</strong></span> <span class='ocrx_word' id='word_1_666' title='bbox 1251 4934 1520 5011; x_wconf 59' lang='lat' dir='ltr'><strong>mitterent</strong></span> <span class='ocrx_word' id='word_1_667' title='bbox 1556 4950 1588 4986; x_wconf 91' lang='lat' dir='ltr'><strong>a</strong></span> <span class='ocrx_word' id='word_1_668' title='bbox 1634 4930 2074 5011; x_wconf 64' lang='lat' dir='ltr'><strong>Sphentisthlabd</strong></span> <span class='ocrx_word' id='word_1_669' title='bbox 2107 4936 2392 5011; x_wconf 66' lang='lat' dir='ltr'><strong>Moesorum</strong></span> <span class='ocrx_word' id='word_1_670' title='bbox 2440 4953 2582 5008; x_wconf 83' lang='lat' dir='ltr'><strong>rege.</strong></span> <span class='ocrx_word' id='word_1_671' title='bbox 2636 4939 2852 5011; x_wconf 66' lang='lat' dir='ltr'><strong>Legatlo</strong></span> <span class='ocrx_word' id='word_1_672' title='bbox 2893 4939 3006 4996; x_wconf 78' lang='grc' dir='ltr'><strong><em>ἀυί</em></strong></span> <span class='ocrx_word' id='word_1_673' title='bbox 3062 4942 3126 4996; x_wconf 82' lang='lat' dir='ltr'><strong>de</strong></span> <span class='ocrx_word' id='word_1_674' title='bbox 3162 4945 3389 5001; x_wconf 78' lang='lat' dir='ltr'><strong>adventu</strong></span> <span class='ocrx_word' id='word_1_675' title='bbox 3417 4950 3488 5004; x_wconf 86' lang='lat' dir='ltr'><strong>ad</strong></span> <span class='ocrx_word' id='word_1_676' title='bbox 3523 4953 3700 5007; x_wconf 81' lang='lat' dir='ltr'><strong>urbem</strong></span> 
     </span>
    </p>
   </div>
   <div class='ocr_carea' id='block_1_97' title="bbox 528 5005 3699 5084">
    <p class='ocr_par' dir='ltr' id='par_1_97' title="bbox 528 5005 3699 5084">
     <span class='ocr_line' id='line_1_97' title="bbox 528 5005 3699 5084; baseline 0.004 -21"><span class='ocrx_word' id='word_1_677' title='bbox 528 5009 751 5081; x_wconf 81' lang='lat' dir='ltr'><strong>paulum</strong></span> <span class='ocrx_word' id='word_1_678' title='bbox 785 5006 1310 5079; x_wconf 65' lang='lat' dir='ltr'><strong>differendo.Concio</strong></span> <span class='ocrx_word' id='word_1_679' title='bbox 1344 5005 1547 5076; x_wconf 78' lang='lat' dir='ltr'><strong>nepotis</strong></span> <span class='ocrx_word' id='word_1_680' title='bbox 1587 5005 1656 5059; x_wconf 85' lang='lat' dir='ltr'><strong>ad</strong></span> <span class='ocrx_word' id='word_1_681' title='bbox 1706 5005 1992 5058; x_wconf 73' lang='lat' dir='ltr'><strong>exercitum</strong></span> <span class='ocrx_word' id='word_1_682' title='bbox 2039 5006 2102 5058; x_wconf 87' lang='lat' dir='ltr'><strong>de</strong></span> <span class='ocrx_word' id='word_1_683' title='bbox 2149 5009 2314 5061; x_wconf 78' lang='lat' dir='ltr'><strong>armis</strong></span> <span class='ocrx_word' id='word_1_684' title='bbox 2359 5005 2793 5078; x_wconf 45' lang='lat' dir='ltr'><strong>deponendisfet</strong></span> <span class='ocrx_word' id='word_1_685' title='bbox 2820 5029 2952 5082; x_wconf 85' lang='lat' dir='ltr'><strong>pace</strong></span> <span class='ocrx_word' id='word_1_686' title='bbox 2993 5013 3406 5084; x_wconf 70' lang='lat' dir='ltr'><strong>complectenda.</strong></span> <span class='ocrx_word' id='word_1_687' title='bbox 3452 5005 3699 5077; x_wconf 62' lang='lat' dir='ltr'><strong>Omnium</strong></span> 
     </span>
    </p>
   </div>
   <div class='ocr_carea' id='block_1_98' title="bbox 529 5097 794 5134">
    <p class='ocr_par' dir='ltr' id='par_1_98' title="bbox 529 5097 794 5134">
     <span class='ocr_line' id='line_1_98' title="bbox 529 5097 794 5134; baseline -0.008 0"><span class='ocrx_word' id='word_1_688' title='bbox 529 5097 794 5134; x_wconf 68' lang='grc' dir='ltr'>αδδειιειιε.</span> 
     </span>
    </p>
   </div>
   <div class='ocr_carea' id='block_1_99' title="bbox 529 5162 2106 5236">
    <p class='ocr_par' dir='ltr' id='par_1_99' title="bbox 529 5162 2106 5236">
     <span class='ocr_line' id='line_1_99' title="bbox 529 5162 2106 5236; baseline -0.006 -10"><span class='ocrx_word' id='word_1_689' title='bbox 529 5172 682 5227; x_wconf 76' lang='lat' dir='ltr'><strong>later</strong></span> <span class='ocrx_word' id='word_1_690' title='bbox 715 5170 835 5224; x_wconf 83' lang='lat' dir='ltr'><strong>haec</strong></span> <span class='ocrx_word' id='word_1_691' title='bbox 868 5184 898 5223; x_wconf 90' lang='lat' dir='ltr'><strong>a</strong></span> <span class='ocrx_word' id='word_1_692' title='bbox 934 5162 1414 5236; x_wconf 75' lang='lat' dir='ltr'><strong>Sphentisthlabo,</strong></span> <span class='ocrx_word' id='word_1_693' title='bbox 1450 5163 1744 5220; x_wconf 59' lang='lat' dir='ltr'><strong>Moesorum</strong></span> <span class='ocrx_word' id='word_1_694' title='bbox 1779 5180 1904 5235; x_wconf 85' lang='lat' dir='ltr'><strong>rege</strong></span> <span class='ocrx_word' id='word_1_695' title='bbox 1943 5163 2027 5219; x_wconf 85' lang='lat' dir='ltr'><strong>af-</strong></span> <span class='ocrx_word' id='word_1_696' title='bbox 2061 5170 2106 5225; x_wconf 85' lang='lat' dir='ltr'><strong>D</strong></span> 
     </span>
    </p>
   </div>
   <div class='ocr_carea' id='block_1_100' title="bbox 2218 5168 3697 5260">
    <p class='ocr_par' dir='ltr' id='par_1_100' title="bbox 2218 5168 3697 5260">
     <span class='ocr_line' id='line_1_100' title="bbox 2218 5168 3697 5260; baseline 0.016 -40"><span class='ocrx_word' id='word_1_697' title='bbox 2218 5168 2308 5222; x_wconf 85' lang='grc' dir='ltr'>Ἐν</span> <span class='ocrx_word' id='word_1_698' title='bbox 2334 5168 2547 5236; x_wconf 80' lang='grc' dir='ltr'>τούτοις</span> <span class='ocrx_word' id='word_1_699' title='bbox 2589 5173 2645 5227; x_wconf 83' lang='grc' dir='ltr'>δὲ</span> <span class='ocrx_word' id='word_1_700' title='bbox 2697 5175 3016 5244; x_wconf 83' lang='grc' dir='ltr'>ἀφικνεῖται</span> <span class='ocrx_word' id='word_1_701' title='bbox 3046 5180 3182 5252; x_wconf 78' lang='grc' dir='ltr'>πρὸς</span> <span class='ocrx_word' id='word_1_702' title='bbox 3207 5183 3370 5237; x_wconf 80' lang='grc' dir='ltr'>αὐτὸν</span> <span class='ocrx_word' id='word_1_703' title='bbox 3416 5188 3510 5239; x_wconf 78' lang='grc' dir='ltr'>καὶ</span> <span class='ocrx_word' id='word_1_704' title='bbox 3542 5170 3697 5260; x_wconf 78' lang='grc' dir='ltr'><strong>παρά</strong></span> 
     </span>
    </p>
   </div>
   <div class='ocr_carea' id='block_1_101' title="bbox 1705 5277 2463 5345">
    <p class='ocr_par' dir='ltr' id='par_1_101' title="bbox 1705 5277 2463 5345">
     <span class='ocr_line' id='line_1_101' title="bbox 1705 5277 2463 5345; baseline 0.013 -10"><span class='ocrx_word' id='word_1_705' title='bbox 1705 5277 1937 5338; x_wconf 77' lang='lat' dir='ltr'><strong>Jacobi</strong></span> <span class='ocrx_word' id='word_1_706' title='bbox 1972 5277 2238 5342; x_wconf 74' lang='lat' dir='ltr'><strong>Pontani</strong></span> <span class='ocrx_word' id='word_1_707' title='bbox 2275 5291 2463 5345; x_wconf 63' lang='lat' dir='ltr'><strong>uotae.</strong></span> 
     </span>
    </p>
   </div>
   <div class='ocr_carea' id='block_1_102' title="bbox 532 5380 2024 5456">
    <p class='ocr_par' dir='ltr' id='par_1_102' title="bbox 532 5380 2024 5456">
     <span class='ocr_line' id='line_1_102' title="bbox 532 5380 2024 5456; baseline -0.003 -17"><span class='ocrx_word' id='word_1_708' title='bbox 532 5386 644 5456; x_wconf 55' lang='grc' dir='ltr'><strong>ςδῖῦ</strong></span> <span class='ocrx_word' id='word_1_709' title='bbox 684 5383 804 5439; x_wconf 77' lang='lat' dir='ltr'><strong>Non</strong></span> <span class='ocrx_word' id='word_1_710' title='bbox 827 5380 1422 5456; x_wconf 71' lang='grc' dir='ltr'>ἐπιϐουλευόντων,-εθὰ</span> <span class='ocrx_word' id='word_1_711' title='bbox 1471 5381 1846 5456; x_wconf 4' lang='grc' dir='ltr'>ἐπιϐαλόντων,</span> <span class='ocrx_word' id='word_1_712' title='bbox 1858 5451 1870 5456; x_wconf 86' lang='lat'><strong><em>_</em></strong></span> <span class='ocrx_word' id='word_1_713' title='bbox 1882 5381 2024 5453; x_wconf 84' lang='lat' dir='ltr'><strong>lego,</strong></span> 
     </span>
    </p>
   </div>
   <div class='ocr_carea' id='block_1_103' title="bbox 461 5451 2024 5523">
    <p class='ocr_par' dir='ltr' id='par_1_103' title="bbox 461 5451 2024 5523">
     <span class='ocr_line' id='line_1_103' title="bbox 461 5451 2024 5523; baseline 0.004 -23"><span class='ocrx_word' id='word_1_714' title='bbox 461 5451 838 5522; x_wconf 41' lang='lat' dir='ltr'><strong>_.‘lnterpres</strong></span> <span class='ocrx_word' id='word_1_715' title='bbox 867 5453 999 5523; x_wconf 83' lang='lat' dir='ltr'><strong>legit</strong></span> <span class='ocrx_word' id='word_1_716' title='bbox 1039 5454 1428 5516; x_wconf 84' lang='grc' dir='ltr'>ἐπιϐαλόντων,</span> <span class='ocrx_word' id='word_1_717' title='bbox 1457 5467 1769 5523; x_wconf 86' lang='lat' dir='ltr'><strong>quanquam</strong></span> <span class='ocrx_word' id='word_1_718' title='bbox 1797 5451 1876 5504; x_wconf 91' lang='lat' dir='ltr'><strong>nil</strong></span> <span class='ocrx_word' id='word_1_719' title='bbox 1900 5451 2024 5506; x_wconf 79' lang='lat' dir='ltr'><strong>niu-</strong></span> 
     </span>
    </p>
   </div>
   <div class='ocr_carea' id='block_1_104' title="bbox 465 5521 2028 5602">
    <p class='ocr_par' dir='ltr' id='par_1_104' title="bbox 465 5521 2028 5602">
     <span class='ocr_line' id='line_1_104' title="bbox 465 5521 2028 5602; baseline -0.006 -18"><span class='ocrx_word' id='word_1_720' title='bbox 465 5521 900 5602; x_wconf 68' lang='lat' dir='ltr'><strong>tandum_._lntell</strong></span> <span class='ocrx_word' id='word_1_721' title='bbox 930 5521 981 5591; x_wconf 79' lang='lat' dir='ltr'><strong>gi</strong></span> <span class='ocrx_word' id='word_1_722' title='bbox 1001 5525 1148 5579; x_wconf 89' lang='lat' dir='ltr'><strong>enim</strong></span> <span class='ocrx_word' id='word_1_723' title='bbox 1177 5532 1358 5594; x_wconf 88' lang='lat' dir='ltr'><strong>potest</strong></span> <span class='ocrx_word' id='word_1_724' title='bbox 1381 5523 1450 5577; x_wconf 90' lang='lat' dir='ltr'><strong>de</strong></span> <span class='ocrx_word' id='word_1_725' title='bbox 1479 5521 1555 5576; x_wconf 86' lang='lat' dir='ltr'><strong>iis</strong></span> <span class='ocrx_word' id='word_1_726' title='bbox 1594 5526 1690 5592; x_wconf 87' lang='lat' dir='ltr'><strong>qui</strong></span> <span class='ocrx_word' id='word_1_727' title='bbox 1742 5521 1887 5575; x_wconf 87' lang='lat' dir='ltr'><strong>intra</strong></span> <span class='ocrx_word' id='word_1_728' title='bbox 1936 5539 2028 5575; x_wconf 89' lang='lat' dir='ltr'><strong>ur-</strong></span> 
     </span>
    </p>
   </div>
   <div class='ocr_carea' id='block_1_105' title="bbox 460 5591 1126 5662">
    <p class='ocr_par' dir='ltr' id='par_1_105' title="bbox 460 5591 1126 5662">
     <span class='ocr_line' id='line_1_105' title="bbox 460 5591 1126 5662; baseline -0.006 -9"><span class='ocrx_word' id='word_1_729' title='bbox 460 5603 581 5653; x_wconf 83' lang='lat' dir='ltr'><strong>bem</strong></span> <span class='ocrx_word' id='word_1_730' title='bbox 616 5593 744 5662; x_wconf 86' lang='lat' dir='ltr'><strong>quid</strong></span> <span class='ocrx_word' id='word_1_731' title='bbox 769 5591 1126 5649; x_wconf 76' lang='lat' dir='ltr'><strong>molirentur.</strong></span> 
     </span>
    </p>
   </div>
   <div class='ocr_carea' id='block_1_106' title="bbox 533 5660 2027 5745">
    <p class='ocr_par' dir='ltr' id='par_1_106' title="bbox 533 5660 2027 5745">
     <span class='ocr_line' id='line_1_106' title="bbox 533 5660 2027 5745; baseline -0.004 -26"><span class='ocrx_word' id='word_1_732' title='bbox 533 5660 648 5736; x_wconf 58' lang='lat'><strong>(56}</strong></span> <span class='ocrx_word' id='word_1_733' title='bbox 687 5663 956 5745; x_wconf 76' lang='lat' dir='ltr'><strong>Expresse</strong></span> <span class='ocrx_word' id='word_1_734' title='bbox 984 5665 1072 5745; x_wconf 71' lang='lat' dir='ltr'><strong>sic</strong></span> <span class='ocrx_word' id='word_1_735' title='bbox 1093 5662 1498 5745; x_wconf 50' lang='lat' dir='ltr'><strong>habetnﬁrzecus</strong></span> <span class='ocrx_word' id='word_1_736' title='bbox 1530 5661 1724 5742; x_wconf 81' lang='lat' dir='ltr'><strong>codex,</strong></span> <span class='ocrx_word' id='word_1_737' title='bbox 1749 5660 1874 5745; x_wconf 51' lang='lat' dir='ltr'><strong>.6th</strong></span> <span class='ocrx_word' id='word_1_738' title='bbox 1902 5678 2027 5745; x_wconf 80' lang='grc' dir='ltr'>πεν-</span> 
     </span>
    </p>
   </div>
   <div class='ocr_carea' id='block_1_107' title="bbox 443 5731 2022 5876">
    <p class='ocr_par' dir='ltr' id='par_1_107' title="bbox 443 5731 2022 5876">
     <span class='ocr_line' id='line_1_107' title="bbox 456 5731 2022 5803; baseline -0.004 -12"><span class='ocrx_word' id='word_1_739' title='bbox 456 5731 841 5803; x_wconf 76' lang='grc' dir='ltr'>τακισμύριοις</span> <span class='ocrx_word' id='word_1_740' title='bbox 906 5734 1190 5788; x_wconf 82' lang='grc' dir='ltr'>ίππεῦσιν.</span> <span class='ocrx_word' id='word_1_741' title='bbox 1255 5734 1325 5789; x_wconf 85' lang='grc' dir='ltr'>Ει</span> <span class='ocrx_word' id='word_1_742' title='bbox 1379 5732 1631 5803; x_wconf 82' lang='lat' dir='ltr'><strong>quamvis</strong></span> <span class='ocrx_word' id='word_1_743' title='bbox 1678 5731 2022 5801; x_wconf 85' lang='lat' dir='ltr'><strong>subjiciatur,</strong></span> 
     </span>
     <span class='ocr_line' id='line_1_108' title="bbox 443 5803 2018 5876; baseline -0.006 -12"><span class='ocrx_word' id='word_1_744' title='bbox 443 5816 548 5864; x_wconf 69' lang='lat' dir='ltr'><strong>aut</strong></span> <span class='ocrx_word' id='word_1_745' title='bbox 588 5803 861 5876; x_wconf 59' lang='lat' dir='ltr'><strong>aliquaulo</strong></span> <span class='ocrx_word' id='word_1_746' title='bbox 901 5805 1259 5876; x_wconf 77' lang='lat' dir='ltr'><strong>paucioribus,</strong></span> <span class='ocrx_word' id='word_1_747' title='bbox 1317 5805 1792 5875; x_wconf 78' lang='lat' dir='ltr'><strong>subjungaturque</strong></span> <span class='ocrx_word' id='word_1_748' title='bbox 1835 5817 2018 5866; x_wconf 77' lang='lat' dir='ltr'><strong>causa,</strong></span> 
     </span>
    </p>
   </div>
   <div class='ocr_carea' id='block_1_108' title="bbox 2136 5386 3704 5469">
    <p class='ocr_par' dir='ltr' id='par_1_108' title="bbox 2136 5386 3704 5469">
     <span class='ocr_line' id='line_1_109' title="bbox 2136 5386 3704 5469; baseline 0.015 -30"><span class='ocrx_word' id='word_1_749' title='bbox 2136 5386 2263 5468; x_wconf 80' lang='lat' dir='ltr'><strong>quia</strong></span> <span class='ocrx_word' id='word_1_750' title='bbox 2282 5388 2453 5469; x_wconf 66' lang='lat' dir='ltr'><strong>etiam</strong></span> <span class='ocrx_word' id='word_1_751' title='bbox 2482 5404 2590 5444; x_wconf 91' lang='lat' dir='ltr'><strong>non</strong></span> <span class='ocrx_word' id='word_1_752' title='bbox 2620 5393 2920 5469; x_wconf 76' lang='lat' dir='ltr'><strong>conscripti</strong></span> <span class='ocrx_word' id='word_1_753' title='bbox 2944 5410 3012 5469; x_wconf 84' lang='lat' dir='ltr'><strong>se</strong></span> <span class='ocrx_word' id='word_1_754' title='bbox 3033 5395 3412 5469; x_wconf 76' lang='lat' dir='ltr'><strong>adjunxerint,</strong></span> <span class='ocrx_word' id='word_1_755' title='bbox 3447 5405 3704 5462; x_wconf 81' lang='lat' dir='ltr'><strong>volunta-</strong></span> 
     </span>
    </p>
   </div>
   <div class='ocr_carea' id='block_1_109' title="bbox 2138 5458 3707 5547">
    <p class='ocr_par' dir='ltr' id='par_1_109' title="bbox 2138 5458 3707 5547">
     <span class='ocr_line' id='line_1_110' title="bbox 2138 5458 3707 5547; baseline 0.015 -38"><span class='ocrx_word' id='word_1_756' title='bbox 2138 5458 2210 5547; x_wconf 55' lang='grc' dir='ltr'><strong>ξιξ</strong></span> <span class='ocrx_word' id='word_1_757' title='bbox 2225 5458 2383 5547; x_wconf 56' lang='lat' dir='ltr'><strong>videi</strong></span> <span class='ocrx_word' id='word_1_758' title='bbox 2394 5460 2518 5547; x_wconf 75' lang='lat' dir='ltr'><strong>icet,</strong></span> <span class='ocrx_word' id='word_1_759' title='bbox 2539 5475 2637 5514; x_wconf 90' lang='lat' dir='ltr'><strong>seu</strong></span> <span class='ocrx_word' id='word_1_760' title='bbox 2661 5458 2884 5547; x_wconf 69' lang='lat' dir='ltr'><strong>volones</strong></span> <span class='ocrx_word' id='word_1_761' title='bbox 2903 5458 3146 5547; x_wconf 75' lang='lat' dir='ltr'><strong>plurimi,</strong></span> <span class='ocrx_word' id='word_1_762' title='bbox 3173 5458 3473 5547; x_wconf 66' lang='lat' dir='ltr'><strong>tamenpro</strong></span> <span class='ocrx_word' id='word_1_763' title='bbox 3493 5458 3707 5547; x_wconf 51' lang='lat' dir='ltr'><strong>exigu—i-</strong></span> 
     </span>
    </p>
   </div>
   <div class='ocr_carea' id='block_1_110' title="bbox 2137 5535 3703 5602">
    <p class='ocr_par' dir='ltr' id='par_1_110' title="bbox 2137 5535 3703 5602">
     <span class='ocr_line' id='line_1_111' title="bbox 2137 5535 3703 5602; baseline 0.014 -22"><span class='ocrx_word' id='word_1_764' title='bbox 2137 5535 2249 5582; x_wconf 79' lang='lat' dir='ltr'><strong>tate</strong></span> <span class='ocrx_word' id='word_1_765' title='bbox 2279 5535 2492 5596; x_wconf 90' lang='lat' dir='ltr'><strong>imperii</strong></span> <span class='ocrx_word' id='word_1_766' title='bbox 2526 5545 2650 5602; x_wconf 65' lang='lat' dir='ltr'><strong>quae</strong></span> <span class='ocrx_word' id='word_1_767' title='bbox 2676 5539 2806 5602; x_wconf 81' lang='lat' dir='ltr'><strong>tunc</strong></span> <span class='ocrx_word' id='word_1_768' title='bbox 2831 5546 2970 5598; x_wconf 85' lang='lat' dir='ltr'><strong>erat,</strong></span> <span class='ocrx_word' id='word_1_769' title='bbox 3010 5539 3096 5590; x_wconf 82' lang='lat' dir='ltr'><strong>vix</strong></span> <span class='ocrx_word' id='word_1_770' title='bbox 3123 5547 3204 5592; x_wconf 86' lang='lat' dir='ltr'><strong>est</strong></span> <span class='ocrx_word' id='word_1_771' title='bbox 3245 5535 3530 5599; x_wconf 77' lang='lat' dir='ltr'><strong>credibile.</strong></span> <span class='ocrx_word' id='word_1_772' title='bbox 3563 5535 3703 5602; x_wconf 69' lang='grc' dir='ltr'>ίῖυο-</span> 
     </span>
    </p>
   </div>
   <div class='ocr_carea' id='block_1_111' title="bbox 2135 5599 3696 5683">
    <p class='ocr_par' dir='ltr' id='par_1_111' title="bbox 2135 5599 3696 5683">
     <span class='ocr_line' id='line_1_112' title="bbox 2135 5599 3696 5683; baseline 0.016 -35"><span class='ocrx_word' id='word_1_773' title='bbox 2135 5612 2284 5683; x_wconf 75' lang='lat' dir='ltr'><strong>sum,</strong></span> <span class='ocrx_word' id='word_1_774' title='bbox 2326 5613 2390 5650; x_wconf 87' lang='lat' dir='ltr'><strong>ex</strong></span> <span class='ocrx_word' id='word_1_775' title='bbox 2415 5607 2570 5683; x_wconf 59' lang='lat' dir='ltr'><strong>tanta</strong></span> <span class='ocrx_word' id='word_1_776' title='bbox 2619 5599 2925 5683; x_wconf 79' lang='lat' dir='ltr'><strong>delectione</strong></span> <span class='ocrx_word' id='word_1_777' title='bbox 2969 5606 3034 5660; x_wconf 88' lang='lat' dir='ltr'><strong>ad</strong></span> <span class='ocrx_word' id='word_1_778' title='bbox 3071 5607 3378 5683; x_wconf 71' lang='lat' dir='ltr'><strong>juniorem,</strong></span> <span class='ocrx_word' id='word_1_779' title='bbox 3433 5599 3696 5683; x_wconf 73' lang='lat' dir='ltr'><strong>quantam</strong></span> 
     </span>
    </p>
   </div>
   <div class='ocr_carea' id='block_1_112' title="bbox 2133 5667 3698 5746">
    <p class='ocr_par' dir='ltr' id='par_1_112' title="bbox 2133 5667 3698 5746">
     <span class='ocr_line' id='line_1_113' title="bbox 2133 5667 3698 5746; baseline 0.018 -29"><span class='ocrx_word' id='word_1_780' title='bbox 2133 5667 2650 5746; x_wconf 69' lang='lat' dir='ltr'><strong>supraaudivnmus,</strong></span> <span class='ocrx_word' id='word_1_781' title='bbox 2685 5687 2800 5746; x_wconf 83' lang='lat' dir='ltr'><strong>non</strong></span> <span class='ocrx_word' id='word_1_782' title='bbox 2831 5675 2893 5746; x_wconf 80' lang='lat' dir='ltr'><strong>tit</strong></span> <span class='ocrx_word' id='word_1_783' title='bbox 2916 5685 3030 5730; x_wconf 88' lang='lat' dir='ltr'><strong>tam</strong></span> <span class='ocrx_word' id='word_1_784' title='bbox 3068 5667 3408 5740; x_wconf 68' lang='lat' dir='ltr'><strong>incredibile.</strong></span> <span class='ocrx_word' id='word_1_785' title='bbox 3446 5667 3698 5746; x_wconf 51' lang='lat' dir='ltr'><strong>Latii-ii;</strong></span> 
     </span>
    </p>
   </div>
   <div class='ocr_carea' id='block_1_113' title="bbox 2131 5735 2942 5812">
    <p class='ocr_par' dir='ltr' id='par_1_113' title="bbox 2131 5735 2942 5812">
     <span class='ocr_line' id='line_1_114' title="bbox 2131 5735 2942 5812; baseline 0.015 -23"><span class='ocrx_word' id='word_1_786' title='bbox 2131 5735 2420 5807; x_wconf 73' lang='lat' dir='ltr'><strong>legendum</strong></span> <span class='ocrx_word' id='word_1_787' title='bbox 2465 5743 2942 5812; x_wconf 81' lang='grc' dir='ltr'>πεντακισχιλίοις.</span> 
     </span>
    </p>
   </div>
  </div>
