4012 6492
415 439 423 445 .
523 375 624 442 179

1719 389 1967 451 JOANN
1981 390 2047 449 lS
2087 388 2617 454 CANTACUZENI

3663 393 3784 455 180

523 509 610 548 me
644 493 902 562 periculis
928 494 1176 565 scjnnxi;
1225 503 1280 550 et
1323 511 1420 551 vos
1451 498 1818 566 oonfluxistis,
1856 511 1916 555 ut
1944 500 2085 570 inju-

2194 500 2434 570 λογάδων
2461 503 2559 573 τῆς
2591 503 2849 572 στρατιᾶς
2888 503 2968 566 είς
3000 501 3058 554 ἓν
3091 501 3438 572 γενομένων,
3475 504 3782 575 παρελθων

518 587 721 642 rinsius
748 596 976 641 tractato
1002 587 1372 659 opitulemi'ni.
1408 591 1567 647 Modo
1599 605 1806 658 autem,
1837 595 2086 664 quando-

515 677 738 746 quidem
777 677 910 731 mihi
934 678 1040 748 jam
1072 678 1125 732 in
1165 696 1327 734 manu
1355 693 1458 748 est,
1484 685 1631 752 quod
1659 686 1728 740 ab
1764 687 1921 742 initio
1955 703 2085 742 con-

489 763 691 834 ‘stitui,
726 778 782 824 et
807 769 986 833 vobis,
1013 771 1163 840 quali
1189 788 1329 842 opus
1359 783 1501 836 erat,
1537 778 1799 831 auxilium
1831 779 2084 845 accessit,

516 861 560 915 si
589 860 720 930 quid
753 861 892 916 ultra
920 859 1333 930 desideramus,
1368 864 1420 918 id
1449 864 1577 928 erit,
1610 874 1670 920 ut
1693 883 1794 939 ego
1820 884 2082 939 reponam

517 949 770 1019 injurias,
804 965 900 1004 vos
926 961 1282 1021 reponentem
1306 955 1596 1026 adjuvetis.
1623 956 1897 1014 Constitui
1923 975 2086 1029 porro

516 1041 644 1097 inde
675 1056 703 1096 a
734 1043 1008 1114 principio
1037 1061 1200 1100 avum
1235 1063 1336 1102 nec
1360 1049 1470 1103 vita
1513 1067 1738 1118 exuere,
1769 1053 1985 1110 etiamsi
2013 1053 2084 1109 li-

511 1143 682 1198 ceret,
735 1147 840 1188 uec
887 1135 1121 1204 imperio
1163 1137 1397 1193 multare
1433 1156 1446 1193 :
1482 1156 1672 1194 verum
1717 1151 1917 1198 memet
1949 1160 2084 1199 con~

511 1238 756 1290 servare,
811 1225 1023 1296 ipsique
1060 1229 1128 1282 de
1179 1229 1486 1300 principatu
1535 1233 1746 1288 nullum
1798 1236 2084 1304 negotium

513 1316 807 1372 facessere.
865 1319 1202 1388 Periculum,
1235 1322 1347 1378 Deo
1397 1323 1536 1379 bene
1573 1326 1839 1395 propitio,
1892 1329 2082 1386 evasi:

512 1409 866 1464 securitatem
896 1420 1080 1465 autem
1134 1421 1190 1466 et
1222 1429 1411 1482 pacem
1440 1417 1492 1470 in
1519 1415 1790 1478 futurum.
1812 1418 1881 1472 ab
1910 1419 2086 1489 impe-

515 1509 696 1554 ratore
723 1501 987 1568 oblatam,
1015 1503 1156 1557 male
1178 1505 1504 1572 repulimus.
1533 1506 1757 1562 Tenetis
1791 1511 1937 1566 enim
1974 1526 2088 1564 me-

515 1591 710 1655 moria,
741 1595 1019 1662 quomodo
1043 1595 1400 1664 Adrianopoli
1426 1598 1632 1665 legatos
1659 1601 1728 1654 ab
1755 1615 1822 1654 eo
1850 1601 1916 1656 de
1937 1617 2087 1658 com-

513 1684 788 1753 positione
828 1688 1047 1753 missos,
1097 1688 1368 1742 seditione
1423 1690 1719 1755 concitata,
1772 1692 1939 1748 rebus
1983 1695 2086 1748 im-

514 1774 797 1851 perchIis,
829 1793 1018 1832 necem
1051 1779 1158 1833 illis
1187 1779 1524 1834 intentantes
1559 1782 1905 1837 remiseritis.
1929 1782 2085 1850 Quod

517 1883 642 1923 cum
684 1869 834 1926 illico
873 1871 1088 1926 facinus
1131 1874 1477 1927 teterrimum
1509 1873 2086 1946 judicassempaltera

517 1962 639 2016 luce
684 1961 736 2017 in
765 1963 1032 2019 concione
1060 1965 1226 2018 multa
1248 1967 1416 2019 verba
1440 1965 1565 2034 feci,
1596 1966 2087 2038 eonfusionemque

515 2063 572 2107 et
625 2053 945 2110 effrenatam
1020 2056 1298 2112 licentiam
1357 2069 1637 2124 vestram,
1705 2071 1764 2116 ut
1816 2060 2087 2114 malorum

521 2145 752 2208 istorum
786 2161 982 2202 causas
1008 2149 1270 2219 castigavi
1301 2167 1315 2203 :
1341 2159 1394 2204 et
1421 2167 1488 2205 ne
1512 2151 1641 2221 quid
1679 2152 1914 2221 amplius
1943 2153 2090 2224 ejus-

517 2237 733 2292 eemodi
763 2239 1062 2306 auderetis,
1095 2255 1288 2296 severe
1323 2242 1608 2312 imperavi.
1648 2243 1804 2298 Nunc
1839 2259 1965 2298 cum
1996 2259 2092 2298 su-

517 2344 614 2397 per
657 2330 853 2385 eodem
898 2342 1188 2403 cognatam
1227 2333 1341 2404 (60)
1373 2350 1548 2390 meam
1581 2335 1865 2406 legaverit,
1903 2335 2089 2392 delicti

516 2421 746 2490 gratiam
796 2422 1012 2490 fecerit,
1067 2426 1430 2498 redintegrari
1481 2427 1832 2482 concordiam
1879 2427 2091 2497 petive-

518 2514 623 2575 rit,
682 2529 863 2585 neque
925 2515 1248 2585 justorum,
1303 2530 1483 2586 neque
1554 2517 1912 2586 prudentium
1959 2527 2086 2582 est,

518 2618 708 2672 pacem
776 2607 1087 2687 aspernari.
1163 2607 1292 2662 Tria
1355 2608 1503 2663 enim
1559 2624 1687 2663 eum
1755 2609 1909 2674 sint,
1969 2625 2092 2680 qua:

516 2697 680 2755 bellis
736 2699 996 2755 omnibus
1057 2699 1220 2754 finem
1281 2701 1572 2770 imponunt
1624 2702 1768 2772 (61)
1817 2717 1972 2758 :sua
2034 2702 2091 2757 in

519 2798 640 2843 tuto
697 2790 999 2853 statuisse,
1059 2791 1305 2846 hostium
1378 2806 1515 2863 Opes
1576 2793 1684 2848 sibi
1745 2795 2089 2865 subjecisse,

518 2879 620 2950 71
651 2879 834 2936 hostes
868 2881 1014 2950 ipsos
1050 2883 1376 2952 perdidisse,
1421 2885 1532 2939 duo
1563 2886 1758 2941 horum
1810 2903 1920 2942 non
1971 2889 2092 2945 sine

516 2971 688 3039 gloria
739 2972 903 3027 nobis
948 2976 1350 3042 contigerunt:
1401 2977 1621 3032 tertium
1676 2979 1819 3034 absit
1867 2963 1956 3035 ut,
1989 2998 2094 3036 un-

515 3075 680 3127 quam
709 3061 869 3117 nobis
909 3063 1166 3134 adipisci,
1213 3067 1495 3120 autetiam
1533 3077 1724 3138 optare
1768 3071 2090 3142 contingat!

2191 594 2269 657 είς
2313 594 2554 662 μέσους,
2608 592 2758 659 ἔλεξε
2813 592 2990 647 τοιάδε
3018 609 3032 624 ·
3095 593 3304 648 Οὐδένα
3361 594 3519 664 ὑμῶν
3577 595 3783 664 οἴομαι

2189 683 2406 750 ἀγνοεῖν
2461 682 2534 747 ὡς
2588 683 2858 753 διαφορᾶς
2911 683 3036 752 ἐμοὶ
3073 681 3211 754 πρὸς
3264 683 3356 737 τὸν
3388 683 3622 754 βασιλέα
3669 685 3781 737 καὶ

2188 774 2416 827 πάππον
2449 775 2849 844 γεγενημένης,
2883 773 3058 828 πολλά
3081 776 3149 828 τά
3173 775 3274 844 μὲν
3302 776 3584 846 ἐπράχθη,
3617 777 3692 829 τὰ
3716 778 3780 830 δὲ

2189 866 2285 919 καὶ
2321 867 2379 918 ἐν
2421 865 2625 937 μελέτη
2659 865 2740 919 έτι
2783 861 2950 936 ἦσαν,
2995 867 3100 936 ὲμὶ
3140 867 3280 936 πρὸς
3317 867 3552 936 έσχατον
3583 868 3781 921 κινδύ-

2188 974 2280 1012 νου
2332 957 2700 1013 καθιστῶντα.
2760 958 2840 1011 Δι’
2873 958 3023 1031 ἅπερ
3071 959 3238 1022 αὐτός
3301 976 3364 1012 τε
3417 959 3666 1028 ἀπέστην
3709 960 3779 1014 οὐ

2193 1050 2394 1121 μᾶλλον
2440 1050 2538 1103 τοῦ
2595 1049 2861 1119 βασιλέως
2919 1049 2952 1119 ἢ
3012 1048 3109 1102 τοῦ
3156 1049 3404 1103 κινδύνου
3434 1065 3449 1078 ⁸
3482 1049 3579 1102 καὶ
3609 1049 3780 1117 ὑμεῖς

2189 1142 2429 1212 πάρεστε
2475 1141 2844 1212 βοηθήσοντες
2875 1141 3247 1212 ἀδικουμένῳ.
3281 1142 3420 1193 Νυνὶ
3453 1140 3511 1194 δὲ
3540 1141 3669 1211 ἐμοί
3714 1157 3779 1192 τε

2188 1233 2480 1303 παρόντες,
2527 1233 2555 1286 ὃ
2613 1231 2938 1304 προύθέμην
2989 1233 3048 1300 ἐξ
3109 1232 3308 1303 ἀρχῆς,
3347 1232 3446 1287 καὶ⁸
3483 1234 3618 1301 ὑμῖν
3669 1232 3785 1300 τῆς

2190 1327 2448 1398 βοηθείας
2479 1326 2674 1389 ὁποίας
2707 1327 2875 1396 ἐχρῆν
2925 1327 3329 1396 γεγενημένης,
3361 1327 3426 1379 ἄν
3471 1341 3526 1377 τι
3573 1341 3786 1393 περαι-

2186 1419 2336 1490 τέρω
2376 1418 2585 1471 τούτων
2638 1416 2917 1489 ζητῶμεν,
2971 1416 3100 1485 ἐμοὶ
3148 1415 3252 1486 μὲν
3299 1417 3360 1468 τδ
3419 1415 3656 1478 ἀδικεῖν,
3706 1414 3776 1466 τὸ

2189 1512 2468 1567 ἀδικοῦντι
2525 1510 2584 1563 δι
2642 1510 3026 1580 συμπράττειν
3100 1509 3232 1577 ὑμῖν
3292 1507 3360 1562 ἂν
3418 1507 3780 1577 περισταίηο

2190 1604 2512 1674 προύθέμην
2544 1603 2601 1656 δὲ
2639 1601 2701 1665 ἐξ
2751 1602 2952 1671 ἀρχῆς,
2997 1600 3111 1654 οὔτ’
3161 1603 3221 1653 tv
3273 1600 3540 1669 πολεμίου
3602 1599 3783 1669 μοίρᾳ

2188 1696 2280 1749 τὸν
2319 1695 2533 1764 πατέρα
2582 1694 3014 1762 κατασφάττειν,
3065 1693 3133 1747 ἄν
3173 1710 3282 1762 περ
3329 1694 3462 1763 ἐξῇ,
3493 1691 3622 1746 οῦτε
3674 1693 3780 1762 τὴν

2190 1782 2368 1852 ἀρχὴν
2419 1781 2800 1850 ἀφαιρεῖσθαι,
2851 1780 2970 1835 ἀλλ’
3015 1781 3252 1850 ἐμαυτὸν
3297 1781 3641 1847 διασῴζοντα
3675 1781 3779 1836 τοῦ

2191 1872 2466 1935 κινδύνου,
2500 1872 2670 1942 μηδὲν
2703 1871 2898 1940 ὲκείνῳ
2949 1871 3048 1942 τῆς
3099 1871 3274 1942 ἀρχῆς
3323 1871 3488 1924 ἕνεκα
3527 1887 3778 1939 παρενο-

2190 1963 2364 2034 χλεῖν.
2425 1963 2498 2015 Τὸ
2549 1962 2650 2031 μὲν
2693 1959 2790 2015 οὖν
2842 1961 2934 2014 τὸν
2989 1961 3236 2015 κίνδυνον
3279 1961 3592 2030 διαφυγεῖν,
3635 1961 3781 2024 Θεὸς

2191 2051 2358 2119 αὐτὸς
2396 2054 2778 2126 συναράμενος
2833 2054 3101 2126 παρέσχεο
3154 2054 3254 2123 τὴν
3290 2053 3334 2107 δ’
3383 2055 3466 2118 εἰς
3523 2053 3586 2107 τὸ
3638 2053 3776 2121 ἑξῆς

2189 2147 2498 2217 ἀσφάλειαν
2579 2146 2676 2200 καὶ⁸
2740 2147 2966 2216 εἰρήνην
3023 2145 3290 2216 βασιλέως
3347 2146 3776 2216 παρεχομένου.

2188 2235 2570 2306 ἀπεωσάμεθα
2611 2235 2765 2288 αὐτοὶ
2799 2235 3013 2300 κακῶς.
3051 2235 3353 2306 Μέμνησθε
3394 2235 3506 2304 γάρ
3552 2235 3617 2305 δή
3671 2253 3779 2292 που

2195 2329 2272 2392 ὡς
2337 2331 2394 2381 ἐν
2441 2325 2728 2397 Ἀδριανοῦ
2761 2325 2897 2390 ,τοὺς
2956 2326 3212 2390 ἐλθόντας
3263 2326 3328 2380 ἐκ
3365 2325 3636 2397 βασιλέως
3678 2325 3784 2380 ἐπὶ

2188 2424 2255 2492 τῇ
2320 2421 2516 2491 εἰρήνῃ
2579 2419 2876 2490 πρέσϐεις,
2938 2419 3338 2481 στασιάσαντες
3400 2419 3779 2490 ἀπεπέμψατε

2189 2513 2509 2583 ἀπράκτους
2547 2512 2648 2564 καὶ
2699 2511 2791 2562 τὸν
2833 2510 2962 2580 περὶ
2993 2510 3090 2564 τοῦ
3137 2509 3237 2580 ζῇν
3268 2509 3515 2574 κίνδυνον
3543 2511 3781 2580 ἐπικρε-

2193 2605 2469 2678 μὰσαντες
2519 2603 2724 2667 αὐτοῖς,
2758 2602 2787 2655 δ
2819 2603 2943 2674 ἐμοὶ
2976 2601 3139 2666 εὐθύς
3183 2619 3245 2657 τε
3277 2603 3453 2657 ἐδόκει
3503 2603 3618 2657 τῶν
3653 2604 3771 2658 δει-

2189 2700 2445 2762 νοτάτων,
2477 2697 2571 2752 καὶ
2622 2697 2678 2759 ἐς
2710 2695 2827 2767 ιτὴν
2865 2695 3158 2766 ὑστεραίαν
3203 2696 3262 2748 ὲν
3295 2697 3580 2769 ἐκκλησία
3617 2714 3777 2765 γενο-

2193 2791 2343 2863 μένῳ
2382 2789 2539 2861 λόγος
2566 2789 2782 2858 ὲγένετο
2813 2787 3000 2855 πολὺς,
3019 2789 3117 2860 τήν
3132 2805 3189 2842 τε
3222 2788 3451 2854 ἀταξίαν
3477 2793 3578 2843 καὶ
3606 2793 3780 2861 ἀναρ-

2191 2883 2314 2953 χίαν
2341 2880 2415 2945 ὡς
2444 2880 2634 2935 κακῶν
2667 2880 2848 2932 αἰτίαν
2874 2880 3214 2952 αίτιωμένῳ,
3258 2882 3356 2935 καὶ
3394 2883 3525 2951 περὶ
3551 2881 3645 2934 τοῦ
3677 2899 3779 2952 μη-

2192 2976 2314 3029 κέτι
2354 2973 2561 3044 τολμᾷν
2589 2970 2820 3025 τοιαῦτα
2875 2972 3316 3041 παραγγέλλοντι
3361 2973 3556 3026 πολλά.
3605 2969 3778 3036 Αὖθις

2193 3067 2250 3122 δι
2295 3067 2390 3118 ἐπὶ
2419 3069 2532 3128 τοῖς
2560 3065 2745 3127 αὐτοῖς
2789 3065 2889 3133 τὴν
2938 3064 3080 3136 ἐμὴν
3113 3065 3210 3118 νῦν
3243 3065 3564 3135 πέμψαντος
3599 3065 3778 3128 θείαν,

521 3150 703 3208 Otium
747 3163 802 3208 et
835 3156 1186 3211 securitatem
1214 3157 1359 3213 Deus
1387 3160 1682 3225 concessit,
1709 3171 1764 3216 ct
1801 3162 2090 3232 imperator

2202 3154 2534 3226 συγγνώμην
2567 3170 2625 3208 τε
2671 3156 2757 3224 ἐφ’
2787 3149 2867 3218 οἷς
2907 3154 3233 3225 ἡμάρτομεν
3266 3154 3648 3225 παρεχομένου
3679 3157 3784 3208 καὶ

516 3245 876 3314 jurejurando
927 3263 1046 3302 eam
1089 3249 1476 3315 confirmabit;
1509 3267 1632 3322 qua:
1685 3254 1730 3306 si
1765 3253 1929 3323 prius
1962 3253 2088 3312 data

527 3334 744 3400 fuisset,
779 3338 948 3392 armis
986 3355 1214 3410 prorsus
1245 3341 1734 3400 abstinuissemus.
1784 3345 2090 3400 Romanum

519 3428 889 3498 principatum
919 3431 1083 3486 simul
1116 3419 1181 3487 ac
1212 3433 1262 3487 in
1289 3434 1469 3490 lucem
1496 3447 1791 3506 susceptus
1819 3453 1965 3503 sum,
1992 3439 2093 3493 im-

523 3532 744 3592 perator
781 3539 980 3592 parens
1014 3539 1168 3579 meus
1201 3526 1357 3593 mihi,
1389 3527 1726 3597 imperatore
1772 3544 1858 3583 me
1885 3539 2094 3594 creato,

520 3615 860 3675 destinavit;
897 3631 1061 3684 quem
1093 3632 1239 3672 nunc
1272 3627 1391 3674 tuto
1429 3620 1636 3676 habere
1678 3621 1828 3683 licet,
1861 3621 2095 3677 haeredi—

528 3708 670 3763 taria
705 3709 1059 3764 successione
1085 3708 1157 3764 ad
1181 3711 1349 3765 alium
1377 3713 1604 3766 omnino
1629 3712 1930 3776 neminem,
1958 3712 2098 3784 ρπβ-⁷

533 3811 618 3854 ter
660 3816 748 3856 me
797 3809 1214 3871 perventurum.
1260 3803 1318 3857 In
1374 3803 1632 3860 hostibus
1681 3815 1866 3860 autem
1917 3822 2099 3876 neque

523 3895 655 3950 duxi
709 3893 1006 3964 aliquando
1047 3909 1208 3948 avum
1252 3911 1459 3958 meum,
1501 3913 1679 3969 neque
1715 3899 1855 3955 adeo
1896 3899 2100 3956 insani-

522 3987 720 4052 verim,
754 3997 814 4042 ut
842 3989 1122 4058 quidpiam
1161 3989 1216 4044 in
1249 3988 1504 4044 eumdem
1536 4000 1741 4045 tetrum
1788 4007 1852 4046 ac
1905 3996 2099 4048 nefan-

523 4079 654 4132 dum
679 4078 765 4133 vel
815 4065 1073 4150 cogitem,
1104 4080 1191 4136 vel
1244 4080 1568 4135 deliberem.
1619 4082 1724 4138 Sed
1770 4098 1956 4152 neque
2001 4101 2100 4142 vos

523 4173 732 4228 amicos
778 4187 932 4227 meos
979 4187 1137 4242 mquo
1183 4172 1370 4226 animo
1417 4173 1627 4228 laturos
1672 4174 1895 4243 opinor,
1947 4183 2099 4231 tanta

521 4279 650 4318 eum
687 4263 996 4320 calamitate
1031 4264 1450 4331 circumveniri,
1497 4273 1557 4318 ut
1584 4279 1686 4334 ego
1738 4265 1808 4322 ab
1843 4267 2101 4322 omnibus

522 4369 668 4423 quos
715 4353 795 4408 sol
854 4353 1000 4409 videt
1057 4354 1407 4418 mortalibus,
1458 4370 1560 4424 pro
1619 4356 1994 4411 conscelerato
2045 4367 2101 4414 et

525 4445 800 4512 parricida
829 4445 1187 4502 condemuer.
1215 4445 1444 4512 Quando
1471 4446 1640 4516 igitur
1668 4461 1790 4516 quae
1831 4447 1977 4502 bello
2009 4463 2102 4504 so-

2200 3247 2496 3317 διαλλαγὰς
2541 3246 2860 3311 αἰτοῦντος,
2925 3245 3040 3300 οὔθ’
3093 3247 3238 3301 ὅσιον
3294 3246 3409 3300 οὒτ’
3467 3246 3782 3334 ἀνθρώπων

2200 3344 2438 3414 ἑχόντων
2477 3342 2606 3396 νοῦν
2651 3340 2751 3409 τὴν
2799 3340 3024 3412 εἰρήνην
3059 3340 3423 3394 ἀπωθεῖσθαι.
3453 3339 3636 3410 Τριῶν
3667 3339 3783 3412 γὰρ

2197 3436 2365 3490 ὄντων
2407 3435 2579 3488 ἅπασι
2615 3431 2672 3506 [ἀ
2706 3429 2866 3502 πᾶσι]
2916 3431 3176 3501 πολέμοις
3224 3431 3397 3498 πέρας
3437 3431 3656 3498 ἐπάγει,
3679 3428 3782 3482 τοῦ

2196 3548 2256 3583 τε
2295 3529 2365 3582 τὰ
2409 3527 2590 3580 οἰκεῖα
2617 3526 2675 3577 ὲν
2720 3523 2990 3594 ἀσφαλείᾳ
3014 3521 3203 3576 θέσθαι
3234 3521 3380 3586 τινὰ,
3412 3522 3510 3574 καὶ
3554 3520 3648 3574 τοῦ
3678 3521 3782 3591 τὴν

2198 3622 2310 3676 τῶν
2345 3618 2726 3690 πολεμούντων
2759 3615 2933 3687 ἀρχὴν
2962 3617 3052 3684 ὑφ’
3085 3615 3276 3671 ἑαυτὸν
3307 3615 3660 3684 ποιήσασθαι,
3682 3616 3782 3666 καὶ

2201 3716 2388 3784 τρίτου
2409 3712 2506 3766 τοῦ
2530 3711 2731 3771 αὐτοὺς
2760 3709 2887 3772 τοὺς
2917 3708 3293 3778 πολεμοῦντας
3330 3708 3675 3768 ἀποκτεῖναι,
3707 3706 3782 3759 τὰ
3857 3744 3874 3756 .

2197 3807 2294 3862 δύο
2344 3807 2442 3877 μὲν
2473 3807 2604 3876 ἡμῖν
2655 3804 2891 3874 πάρεστι
2945 3804 3086 3874 μετά
3133 3801 3408 3863 εὐκλείαςο
3441 3801 3539 3854 τοῦ
3587 3801 3781 3871 τρίτου

2197 3901 2262 3973 δὴ
2295 3900 2434 3971 μήτε
2479 3897 2662 3967 τυχεῖν
2699 3894 2933 3963 γένοιτο,
2971 3895 3102 3965 μήτ’
3131 3893 3470 3964 ἐπιθυμῆσαι
3506 3889 3662 3948 ποτε.
3699 3895 3784 3946 Τὸ

2203 3993 2304 4063 μὲν
2331 3993 2444 4062 γὰρ
2487 3993 2545 4044 ὲν
2596 3987 2870 4060 ἀσφαλείᾳ
2903 3984 3065 4051 εἶναι,
3097 3987 3126 4040 ὁ
3165 3985 3297 4048 Θεός
3337 4002 3396 4039 τε
3431 3986 3778 4055 παρέσχετο,

2200 4084 2296 4138 καὶ
2324 4083 2488 4146 αὐτὸς
2515 4084 2704 4151 ὅρκοις
2747 4078 3084 4134 πιστώσεται
3111 4078 3391 4148 βασιλεύςο
3423 4078 3563 4147 ὅπερ
3592 4079 3643 4130 εί
3676 4079 3779 4131 καὶ

2201 4174 2473 4245 πρότερον
2502 4173 2637 4242 ἡμῖν
2678 4171 2828 4243 ἐξῆν,
2878 4171 2987 4224 οὐδ’
3017 4171 3084 4224 ἂν
3120 4171 3220 4242 τὴν
3273 4169 3453 4242 ἀρχὴν
3485 4170 3630 4224 ὅπλα
3665 4171 3784 4222 ἔκι-

2201 4266 2424 4336 νοῦμεν.
2465 4262 2575 4337 Τὴν
2613 4247 2904 4336 Ῥῶμαίων
2947 4263 3005 4316 δὲ
3045 4262 3345 4332 ἠγεμονίαν
3402 4263 3497 4315 καὶ
3529 4263 3647 4333 αμα
3677 4261 3784 4332 μὲν

2200 4357 2279 4428 τῷ
2303 4356 2586 4428 προελθεῖν
2622 4355 2704 4419 είς
2747 4354 2926 4424 φῶς”ὁ
2973 4352 3165 4423 πατὴρ
3191 4353 3508 4425 παρέσχετο
3553 4352 3648 4405 καὶ
3683 4353 3785 4423 βα-

2205 4453 2409 4520 σιλεὺς,
2450 4451 2675 4524 βασιλέα
2714 4449 3126 4521 χειροτονήσας,
3161 4449 3256 4502 καὶ
3286 4448 3382 4501 νῦν
3433 4449 3492 4502 δὲ
3517 4448 3781 4517 ἀσφαλῶς

527 4537 731 4606 piendo
760 4538 992 4602 faciunt,
1024 4552 1196 4607 penes
1227 4552 1326 4592 nos
1355 4546 1484 4592 sunt
1519 4538 1629 4608 (cui
1658 4553 1768 4594 non
1805 4539 2090 4608 interesse,

2203 4546 2352 4600 ἐστιν
2381 4547 2548 4617 ἔχειν,
2588 4545 2726 4616 πρὸς
2751 4543 2944 4597 οὐδένα
2977 4541 3063 4595 ἱτε
3074 4559 3187 4612 ρον,
3219 4541 3253 4612 ἢ
3284 4541 3385 4611 ἐμὲ
3425 4543 3490 4594 ὲκ
3523 4541 3779 4612 διαδοχῆς

525 4630 760 4688 maxima
799 4644 888 4689 est
930 4629 1209 4699 felicitas).
1245 4639 1408 4698 atque
1456 4629 1562 4686 hoc
1611 4629 1814 4700 ipsum,
1868 4635 2095 4706 bellum,

2209 4640 2432 4701 πάντως
2503 4637 2890 4706 ἐλευσομένην.
2948 4633 3219 4705 Πολέμιον
3274 4634 3333 4688 δὲ
3392 4632 3508 4688 οὗθ’
3551 4634 3779 4706 ῆγημαί

1789 4776 2006 4841 Jacobi
2039 4779 2310 4844 Pontani
2349 4788 2540 4843 nota.

598 4925 710 4998 (60)
739 4925 859 4982 Non
920 4925 1022 4981 fuit
1061 4927 1290 4998 proprie
1341 4927 1500 4989 θεία,
1538 4927 1591 4982 id
1619 4937 1743 4991 est,
1786 4930 1957 4998 patris
1999 4941 2096 4986 aut

525 4997 720 5070 matris
749 5006 1018 5070 sororLet
1043 4997 1456 5070 Cantacuzenus
1489 4999 1639 5070 verbi
1674 4997 1838 5070 hujus
1867 5000 2088 5056 licentia

525 5067 751 5122 liberior
780 5065 1171 5138 estaForsitan
1194 5109 1208 5130 .
1258 5083 1382 5122 cum
1413 5068 1631 5138 proprio
1659 5065 1952 5134 uti'vellet,
1988 5086 2090 5126 nec

528 5138 823 5210 inveniret,
859 5136 1363 5210 viciuumaccepit.
1393 5136 1450 5193 et
1482 5136 1535 5194 id
1565 5140 1744 5210 eidem
1776 5140 1848 5210 in,
1863 5140 2086 5210 ἀνεψιὸν

526 5208 847 5276 contingere
881 5207 1076 5274 potuit.
1117 5207 1227 5261 Nec
1253 5249 1269 5272 ,
1302 5217 1360 5263 ut
1390 5224 1580 5263 verum
1609 5209 1803 5270 fatear,
1831 5207 2084 5264 Latinum

529 5279 817 5349 proprium
851 5276 984 5349 mihi
1016 5280 1276 5345 occurrit,
1304 5295 1435 5349 quo.
1461 5280 1708 5349 inquam,
1733 5280 1898 5336 tiliam
1928 5295 2089 5334 soro-

527 5345 822 5419 i'isproavi
853 5345 965 5419 mei
994 5350 1260 5417 appellem
1285 5391 1298 5412 ,
1322 5345 1435 5404 'nisi
1487 5345 1753 5419 majorem
1805 5351 2086 5405 amitinam

527 5417 664 5490 velis
707 5417 1008 5490 appellari,
1053 5420 1180 5487 quia
1215 5421 1330 5488 ipSn
1375 5435 1534 5475 soror
1576 5417 1769 5489 proavi
1801 5431 1883 5475 est
1916 5421 2089 5490 major

527 5488 715 5558 amita.
749 5487 875 5558 Ideo
903 5498 1184 5558 cognatam
1221 5487 1522 5552 nominavi,
1553 5487 1606 5544 in
1630 5505 1739 5558 quo
1759 5506 1946 5545 errare
1977 5487 2087 5545 non

531 5557 704 5629 potui,
785 5557 992 5629 Possis
1032 5560 1197 5613 etiam
1252 5557 1661 5614 consobrinam
1699 5561 2086 5629 interpretari;

527 5626 654 5682 nam
689 5626 852 5682 hodie
884 5628 1048 5682 latius
1077 5640 1225 5699 patet
1256 5631 1371 5684 haec
1393 5645 1524 5696 vox,
1553 5644 1656 5684 nec
1683 5626 1894 5684 tantuiu
1924 5631 2088 5685 modo

529 5713 583 5798 in
614 5713 864 5798 soiorgrp
915 5709 1010 5798 putt
1039 5699 1678 5798 fratrun'i,lsororgtnquf
1706 5700 1830 5754 filiis
1857 5699 2090 5756 domici-

529 5769 660 5822 lium
692 5767 875 5824 habet.
916 5767 1061 5824 Infra
1088 5771 1452 5839 appellabitur
1476 5767 1692 5838 ἀνεψιὰ.

600 5839 712 5910 (Μ)
751 5839 991 5894 Primum
1023 5842 1218 5896 horum
1245 5882 1258 5904 .
1293 5856 1390 5895 sua
1448 5839 1708 5895 nimirum
1741 5839 1795 5894 in
1831 5847 1947 5896 tut-0
1977 5849 2087 5896 sta-

2203 4941 2382 4998 tuere,
2415 4946 2562 5000 szepe
2597 4930 2715 5000 sine
2762 4929 2888 4985 aliis
2934 4928 3152 4985 duobus
3175 4965 3191 4988 ,
3225 4935 3322 4980 aut
3346 4926 3522 4982 altero
3571 4925 3768 5000 saltem

2201 5017 2310 5058 non
2336 4998 2616 5071 contingit
2671 4999 2788 5055 Non
2838 5010 3018 5070 potest
3046 5013 3190 5071 saepe
3223 5013 3340 5071 rex,
3367 5004 3513 5071 _aut_
3539 4998 3765 5071 respub.

2197 5087 2320 5128 esse
2353 5081 2492 5136 tuta,
2521 5065 2626 5126 nisi
2654 5065 2953 5125 hostes'vel
2982 5065 3240 5138 subjiciat
3260 5067 3403 5138 sibi,
3431 5065 3516 5120 vel
3549 5065 3769 5134 perdat.

2196 5141 2556 5210 Suscipienda
2609 5141 2776 5218 bella.
2808 5141 2886 5218 ait
2914 5156 2953 5218 _I
3009 5137 3110 5218 Qﬁ‘.
3147 5137 3218 5193 Μ.
3254 5137 3487 5218 Tullius,
3521 5139 3592 5189 ob
3644 5153 3762 5218 eam

2195 5227 2441 5276 causam,
2497 5222 2557 5266 ut
2600 5213 2718 5266 sine
2763 5211 2963 5280 injuria
3011 5212 3066 5264 in
3116 5225 3251 5280 pace
3307 5211 3562 5280 vivatur;
3602 5217 3760 5280 parta

2197 5292 2378 5337 autem
2408 5281 2638 5336 victoria
2681 5277 3132 5346 conservandos,'
3159 5280 3252 5346 qui
3285 5293 3394 5332 non
3427 5277 3680 5331 crudeles
3710 5277 3762 5329 in

2197 5351 2363 5427 bello,
2416 5367 2518 5427 nec
2562 5354 2828 5427 immanes
2877 5351 3140 5427 (denunt:
3177 5348 3242 5405 Ut
3263 5348 3522 5427 Jnajpres
3561 5348 3763 5427 nostri,

2198 5423 2395 5491 inquit,
2425 5421 2648 5490 ﬁrmos.
2687 5420 2895 5475 Volscos
2919 5461 2936 5486 ,
2975 5419 3218 5491 Sabinos,
3257 5419 3510 5491 Hernicos
3535 5419 3609 5491 Δξιι
3641 5419 3767 5469 civi-

2195 5483 2354 5546 tatem
2381 5483 2548 5546 etiam
2579 5483 3000 5561 acceperuntpat
3025 5489 3421 5561 -ςέανείιαςίπεηι
3449 5496 3496 5561 et
3526 5483 3766 5561 Numam.

2196 5563 2326 5616 tiam
2357 5563 2594 5632 inliditur
2620 5555 2964 5615 sustulerunt.
3015 5559 3228 5614 Nollem
3249 5555 3596 5632 '_Corinthu_rn
3622 5597 3637 5620 ,
3673 5555 3765 5608 sed

2193 5628 2496 5686 credo'illos
2526 5642 2725 5686 secutos
2757 5633 3213 5703 opportunitatem
3255 5628 3357 5703 loci
3410 5629 3666 5703 meminit,
3699 5640 3765 5678 ne

2193 5712 2362 5772 posset
2413 5702 2703 5773 aliquando
2751 5697 2836 5757 ad
2865 5699 3060 5756 bellum
3115 5699 3416 5770 faciendum
3463 5697 3606 5752 locus
3654 5698 3765 5766 ipse

2193 5773 2491 5828 adhortari.
