3918 6660
275 422 380 488 185

1441 443 1979 506 HISTORIARUM
2023 449 2250 512 LIBER
2299 454 2348 514 l.

3412 461 3518 525 1&6

267 537 742 608 παρασχομένων,
794 539 968 605 οὐδεὶς
1041 544 1110 598 ἂν
1184 550 1614 622 καταμέμψαιτο
1665 554 1837 626 δειλίᾳ

1958 575 2063 614 neo
2095 562 2231 618 alios
2264 565 2458 620 timore
2477 567 2740 636 quodam,
2775 569 2912 624 alios
2937 550 3328 638 perversitate,
3349 571 3513 633 alios.

266 631 658 700 κατεχόμενον.
720 633 990 706 Δεύτερον
1040 636 1106 702 δ’,
1143 637 1171 690 ὃ
1225 639 1318 693 καὶ
1368 644 1717 714 ἰσχυρότερον
1745 646 1840 700 τοῦ

1958 653 2095 722 quod
2129 654 2324 710 alienis
2359 659 2722 715 incommodis
2755 661 3064 732 gaudeant,
3112 663 3258 718 bello
3289 679 3348 719 se
3393 679 3516 719 cre-
3613 693 3624 700 ~

266 726 560 795 προτέρου,
594 727 782 798 ἐπειδὴ
826 728 955 792 τοὺς
1014 730 1122 784 σὺν
1160 735 1283 804 ἐμοὶ
1315 737 1546 802 πάντας,
1577 734 1704 802 τοῦς
1744 741 1844 810 μὲν

269 815 374 869 ὑπὸ
407 815 626 880 δειλίας,
655 819 782 882 τοὺς
813 819 858 872 δ’
892 820 999 872 ὑπὸ
1056 824 1441 890 κακοϐουλίας,
1500 826 1616 881 ἐστι
1662 829 1708 882 δ’
1749 828 1844 893 οὓς

271 909 365 962 καὶ
393 908 480 961 διὰ
515 909 574 961 τὸ
607 908 722 972 τὸῖς
755 913 948 972 κακοῖς
987 912 1223 982 χαίρειν,
1259 914 1447 986 ἐώρων
1481 917 1572 971 τὸν
1604 919 1844 989 πόλεμον

270 1000 652 1070 αἱρουμένους,
709 1002 939 1072 εἰρήνης
981 1003 1037 1056 δὲ
1088 1005 1162 1075 μὴ
1196 1006 1390 1076 μέχρις
1449 1007 1637 1081 ἄκρων
1690 1009 1846 1063 ὢτων

267 1090 656 1159 ἀνεχομένους,
683 1091 1049 1162 ἠναγκάσθην
1077 1111 1126 1147 τι
1160 1097 1360 1167 μικρὸν
1409 1099 1507 1152 καὶ
1545 1099 1638 1169 τοῦ
1694 1101 1846 1165 δντυς

267 1179 436 1232 καλοῦ
469 1181 561 1234 καὶ
603 1181 814 1236 δικαίου
851 1185 1207 1254 παραλιπεῖν,
1237 1187 1312 1249 ὡς
1345 1189 1412 1242 ἂν
1437 1192 1648 1261 ποιήσω
1681 1194 1847 1246 πᾶσιν

267 1272 504 1341 ἀνεκτὴν
532 1273 630 1344 τὴν
658 1275 904 1344 εἰρήνην.
944 1277 1102 1330 Ἐστι
1125 1277 1183 1365 δὲ
1229 1278 1410 1344 τοῦτο,
1433 1282 1492 1334 τὸ
1525 1283 1627 1352 ἐμὲ
1659 1283 1758 1354 μέν
1783 1285 1848 1337 ἐκ

267 1363 576 1434 Σηλυϐρίας
627 1365 756 1436 ἄχρι
806 1369 900 1419 καὶ
945 1363 1405 1439 Χριστουπόλεως
1460 1373 1571 1428 τῶν
1644 1376 1874 1446 μεταξὺ-

267 1455 466 1526 χωρῶν
500 1474 559 1509 τε
591 1459 687 1511 καὶ
718 1459 925 1513 πόλεων
955 1463 1050 1514 καὶ
1079 1466 1364 1533 στρατιᾶς,
1384 1464 1464 1518 ἔτι
1485 1465 1541 1520 δὲ
1562 1467 1654 1520 καὶ
1683 1468 1852 1538 δημο-

273 1548 407 1598 σίων
455 1549 639 1618 φόρων
668 1550 767 1618 τὴν
811 1550 1084 1622 διοίκησιν
1136 1553 1318 1624 ἔχειν·
1353 1556 1414 1609 σέ
1457 1557 1549 1621 δέ,
1606 1555 1850 1628 βασιλεῦ,

270 1639 445 1708 αὐτῆς
475 1657 533 1693 τε
563 1641 662 1709 τῆς
686 1643 1096 1700 Κωνσταντίνου
1151 1647 1314 1718 μέχρι
1377 1650 1711 1723 Σηλυϐρίας,
1754 1655 1850 1708 καὶ

269 1731 379 1785 τῶν
407 1734 549 1787 κατὰ
598 1739 697 1804 τὴν
728 1736 803 1790 ἐω
832 1740 948 1801 τοῖς
995 1739 1295 1811 Ῥωμαίοις
1318 1742 1576 1815 ὑπηκόων
1606 1745 1847 1799 πόλεων*

270 1821 351 1874 ἔτι
397 1823 452 1874 δὲ
505 1823 600 1877 καὶ
636 1829 818 1894 νήσων
852 1827 1062 1891 πασῶν.
1101 1831 1332 1886 καὶτῶν
1366 1833 1476 1887 ἀπὸ
1505 1836 1850 1904 Χριστουπό-

269 1910 406 1974 λεως
439 1913 834 1970 Μακεδονικῶν
871 1935 929 1971 τε
959 1921 1053 1973 καὶ
1079 1921 1352 1993 ἐσπερίων
1390 1925 1668 1996 ἐπαρχιῶν
1690 1927 1849 1998 ἄχρις

281 1999 612 2088 Ἐπιδάμνου
648 2011 744 2060 καὶ
796 2009 1108 2080 Δαλματίας
1166 2013 1277 2066 τῶν
1338 2015 1525 2086 ἄκρων
1572 2019 1712 2088 ὅρων
1746 2019 1848 2089 τῆς

283 2091 576 2165 Ῥωμαίων
608 2100 932 2169 ἡγεμονίας.
959 2103 1198 2168 Ἐλπίζω
1213 2105 1270 2159 δὲ
1297 2105 1388 2160 τοῦ
1419 2108 1612 2178 χρόνου
1629 2110 1849 2181 προῖόνο

273 2201 388 2250 τος,
421 2189 524 2258 ἐμέ
555 2207 616 2243 τε
651 2192 832 2258 αὐτὸν,
866 2196 960 2248 καὶ
990 2193 1025 2249 ἃ
1066 2196 1210 2250 δοκῶ
1255 2199 1371 2252 νυνὶ
1408 2201 1845 2270 σιρετερίζεσθαι,

279 2274 387 2328 ὑπὸ
429 2277 531 2346 τὴν
565 2281 666 2348 σὴν
714 2279 962 2346 ἐξουσίαν
1017 2284 1362 2355 παραδώσειν
1394 2287 1643 2357 ἀγαγὼν,
1665 2289 1848 2359 ἐπειδὴ

279 2366 375 2417 καὶ
409 2365 506 2420 νῦν
556 2369 659 2421 οὐκ
721 2373 787 2424 ἐκ
828 2375 1219 2443 προαιρέσεως,
1263 2377 1381 2431 ἀλλ’
1423 2359 1640 2452 ἇνάγκῃ
1679 2396 1850 2434 συνω-

278 2457 562 2528 θούμενος,
594 2464 882 2534 προῆγμαι
907 2469 1100 2523 ποιεῖν.
1126 2469 1368 2525 Τοιαῦτα
1403 2470 1542 2540 πρὸς
1578 2472 1670 2524 τὸν
1693 2473 1876 2542 βασι--

274 2549 372 2604 λέα
425 2551 682 2621 βασιλεὺς
736 2555 766 2608 δ
821 2557 943 2621 νέος
1009 2559 1304 2631 μηνύσας,
1353 2563 1684 2628 ἀπέστειλε,
1753 2565 1849 2620 καὶ

272 2640 474 2710 ὅρκους
497 2643 555 2695 ἐν
575 2643 699 2697 δυσὶ
731 2644 959 2715 βιϐλίοις
987 2649 1480 2722 ἐγγεγραμμένους
1504 2653 1560 2719 ἐξ
1583 2653 1848 2724 ἐκατέρου

275 2733 416 2801 πρὸς
447 2733 537 2787 τὸν
566 2735 753 2807 ἕτερον
793 2737 1018 2806 βασιλέα
1057 2740 1149 2793 τὸν
1183 2743 1450 2812 μερισμὸν
1493 2743 1850 2814 περιέχοντας

257 2817 349 2880 ,ὧν
375 2825 605 2894 ἄρξουσι
634 2828 844 2882 πόλεων
873 2831 970 2883 καὶ
997 2833 1110 2896 τοίς
1142 2832 1562 2904 ὀμωμοσμένοις
1591 2837 1849 2906 ἐμμενεῖν

277 2916 542 2987 ἑκάτερον
577 2919 1054 2990 ἰσχυριζομένους,
1109 2911 1184 2987 ὡς
1225 2924 1291 2979 ἂν
1324 2927 1374 2979 εἰ
1417 2927 1623 2994 ἀρεστὰ
1665 2928 1850 2998 δοκοίη

278 3006 452 3059 ταῦτα
494 3009 883 3081 κάκείνῳ,τοῖς
913 3014 1081 3085 ἰεροῖς
1108 3016 1467 3086 Εὑαγγελίοις
1499 3020 1624 3082 τοὺς
1651 3021 1852 3089 ὅρκους

279 3101 510 3162 πιστοὺς
535 3103 799 3171 ποιήσας,
819 3106 925 3182 ’καὶ
951 3107 1301 3178 ὑπογραφαῖς
1329 3111 1425 3176 τῆς
1443 3109 1650 3172 οἰκείας
1667 3109 1852 3181 χειρὸς

1882 1899 1923 1952 Β

1946 747 2078 804 dere
2109 749 2470 806 animadverti
2514 754 2688 822 (pacis
2739 769 2870 810 vero
2914 757 3253 810 mentionem
3289 757 3519 812 auribus

1946 840 2238 905 aversari),
2261 849 2321 894 ut
2350 842 2608 898 omnibus
2640 858 2761 898 eam
2793 843 3030 900 facerem
3064 846 3428 912 tolerabilem,
3449 848 3518 901 ab

1943 931 2091 1001 justo
2139 941 2195 986 et
2239 932 2469 988 honesm
2503 935 2788 1003 paululum
2833 936 3114 991 declinare
3162 953 3388 992 necesse
3421 939 3521 992 lia.

1948 1020 2066 1076 bui.
2096 1021 2191 1076 Est
2221 1033 2404 1077 autem
2437 1024 2562 1088 hoc,
2598 1035 2658 1080 ut
2689 1041 2791 1096 ego
2823 1042 2850 1080 a
2881 1013 3130 1098 Selyb‘ria
3153 1045 3328 1098 usque
3356 1029 3518 1085 Chri-

1950 1113 2192 1184 stopolin
2230 1115 2340 1185 (68)
2377 1115 2626 1171 locorum
2669 1117 3137 1188 interiacentium,
3164 1121 3513 1190 oppidorum,

1949 1203 2282 1260 militarium
2325 1207 2607 1277 copiarum
2633 1248 2648 1272 ,
2688 1210 3039 1280 vectigalium
3083 1211 3521 1267 administratio-

1949 1313 2074 1352 nem
2093 1298 2374 1354 obtineam
2401 1316 2415 1354 :
2455 1311 2512 1354 tu
2542 1317 2572 1354 a
2618 1302 3096 1372 Constantinopoli
3127 1291 3520 1374 omnia'usque

1950 1389 2279 1460 Selybriam,
2311 1399 2369 1446 et
2407 1392 2574 1447 urbes
2603 1390 2866 1460 Orientis,
2900 1410 3023 1464 quae
3059 1393 3284 1464 quidem
3320 1396 3522 1449 Roma-

1952 1480 2038 1532 nis
2064 1488 2261 1550 parept
2287 1497 2301 1533 :
2339 1490 2603 1550 pra-terea
2645 1482 2854 1536 insulas
2883 1497 3092 1543 omnes.
3123 1492 3183 1556 et
3211 1499 3240 1536 a
3265 1477 3520 1538 Christo—

1953 1571 2066 1640 poli
2125 1571 2504 1628 Macedonicas
2555 1583 2721 1640 atque
2769 1575 3140 1629 occidentales
3205 1574 3519 1641 provincias

1953 1677 2128 1730 usque
2166 1661 2531 1732 Epidamnum
2565 1662 2699 1733 (69),
2753 1673 2810 1718 et
2838 1663 3159 1718 Dalmatiam
3196 1663 3341 1733 (quae
3388 1672 3521 1717 sunt

1952 1751 2184 1808 Rmiani
2227 1753 2445 1822 imperii
2489 1764 2645 1809 meta:
2695 1754 2923 1822 ultimae)
2958 1754 3262 1824 possideas.
3322 1753 3382 1808 ln
3424 1770 3522 1823 spe

1953 1861 2098 1910 sum,
2135 1861 2222 1901 me
2277 1847 2576 1917 aliquando
2611 1857 2667 1902 et
2696 1849 3104 1918 memetipsum,
3132 1857 3187 1902 et
3215 1864 3337 1917 qua:
3374 1862 3522 1901 nunc

1956 1940 2092 1993 mihi
2139 1938 2419 1995 vindicare
2467 1939 2684 2006 videor,
2725 1941 2782 1996 in
2831 1941 3125 1996 arbitrium
3161 1950 3522 2010 potestatem-

1953 2042 2061 2096 que
2088 2036 2234 2081 tuam
2263 2026 2708 2082 contraditurum
2742 2045 2758 2083 :
2788 2027 3232 2098 quandoquidem
3283 2037 3338 2082 et
3380 2027 3524 2096 istuc

1949 2121 2063 2191 iam
2098 2121 2241 2176 haud
2271 2121 2526 2176 consulto
2559 2130 2616 2176 et
2647 2121 2912 2192 cogitato,
2950 2120 3047 2176 sed
3079 2119 3392 2175 necessitati
3425 2133 3524 2174 ce-

1955 2214 2092 2270 dens
2125 2214 2290 2269 facio.
2321 2213 2710 2285 Huiuscemodi
2750 2228 3076 2283 responsum
3103 2213 3291 2283 iunior
3317 2211 3521 2266 seniori

1956 2306 2280 2377 imperatori
2311 2306 2482 2368 misit.
2537 2305 2814 2376 simulque
2850 2305 3072 2360 libellos
3106 2305 3266 2368 duos,
3306 2304 3362 2357 in
3396 2303 3524 2373 qui-

1957 2401 2060 2455 bus
2090 2398 2358 2468 inscripta
2398 2398 2736 2468 iuramenta.
2764 2405 2822 2451 et
2851 2396 3041 2460 urbes,
3096 2409 3234 2466 quas
3261 2395 3401 2448 alter
3443 2394 3525 2448 al-

1957 2489 2056 2543 teri
2126 2503 2225 2557 per
2287 2488 2641 2557 partitionem
2698 2485 3028 2539 attribueret
3073 2485 3436 2549 continentia,
3468 2492 3527 2537 et

1957 2585 2253 2644 utrumque
2291 2574 2475 2646 iurata
2527 2573 2904 2643 praestiturum
2951 2573 3279 2627 allirmantia
3313 2586 3331 2627 :
3371 2580 3430 2626 ut
3476 2572 3524 2626 si

1953 2668 2146 2724 eadem
2170 2668 2248 2722 illi
2283 2667 2673 2737 probarentur,
2700 2666 2963 2721 adhibitis
2987 2667 3162 2720 sacris
3185 2665 3523 2735 Evangeliis,

1954 2770 2011 2816 et
2043 2761 2270 2815 miniata
2320 2775 2516 2814 manus
2547 2773 2658 2814 suae
2713 2759 3123 2829 subscriptione
3175 2758 3279 2814 lide
3341 2773 3528 2813 sacra-

1955 2862 2142 2908 mento
2172 2851 2483 2918 conciliata,
2516 2851 2623 2906 sibi
2651 2851 2875 2907 eosdem
2908 2851 3053 2906 idem
3091 2851 3304 2904 facturo
3331 2852 3526 2904 remit-

1957 2951 2134 2998 teret.
2169 2945 2442 2999 Caeterum
2467 2943 2598 3013 quia
2620 2944 2687 2998 de
2716 2943 2910 2998 amicis
2938 2943 3179 3013 iunioris
3226 2945 3526 3013 imperato-

1957 3034 2036 3088 ris
2067 3033 2362 3103 oportebat
2407 3047 2553 3094 esse,
2589 3033 2684 3102 qui
2741 3033 3057 3100 conscripta
3079 3033 3392 3102 iuramenta
3426 3033 3526 3087 de-

1954 3133 2224 3195 portaret,
2259 3139 2423 3180 suasu
2453 3123 2774 3194 Syrgiannis
2817 3139 2846 3177 a
2875 3138 3071 3193 magno
3102 3123 3404 3178 domestico
3432 3138 3526 3177 cu-

279 3189 566 3311 :puepai’c,
601 3193 797 3267 πέμψῃ
833 3183 968 3265 πρὸς
988 3197 1152 3252 αὐτὸν
1186 3195 1348 3264 αὖθις
1384 3200 1450 3254 τὰ
1474 3201 1566 3255 ἰσα
1595 3201 1847 3256 κάκείνου

318 3282 572 3311 Αιι-Αη-Αρ
636 3283 786 3311 ὐ--ὶ
824 3287 878 3311 υ.
918 3288 1019 3311 ιιι--
1059 3293 1147 3311 ---Α
1188 3292 1292 3311 ,κη
1327 3293 1342 3311 ι
1377 3310 1384 3311 ,
1428 3309 1447 3311 ᾼ
1489 3293 1513 3304 ο
1596 3293 1610 3311 ο
1653 3308 1663 3311 -
1709 3294 1734 3311 Λ

1958 3183 2126 3273 biculi
2153 3183 2296 3271 sacri
2345 3183 2673 3286 praepositus
2716 3183 3080 3286 Apocauclius
3107 3215 3218 3284 (70)
3249 3213 3358 3286 74
3391 3214 3529 3269 deli-

278 3280 592 3351 δράσοντος.
636 3283 790 3338 Ἐπεὶ
821 3287 881 3340 δὲ
916 3288 1023 3342 ἔδει
1057 3293 1154 3344 καί
1185 3292 1294 3346 τῶν
1324 3293 1388 3346 ἐκ
1420 3293 1515 3347 τοῦ
1555 3293 1677 3349 νέου
1707 3294 1858 3365 βασι-

278 3371 418 3436 λέως
448 3375 572 3428 τινὰ
616 3379 872 3444 παρεῖναι
901 3380 1031 3443 τοὺς
1079 3382 1392 3452 ἐγγράφους
1422 3385 1620 3454 ὅρκους
1658 3389 1857 3441 ἀποκο⁹

285 3465 534 3533 μίσοντα,
551 3468 579 3519 δ
596 3469 1094 3539 παρακοιμὼμενος
1110 3474 1168 3526 ’A
1177 3474 1451 3545 πόκαυχος
1469 3477 1859 3531 ἀποστέλλεται

285 3557 438 3627 παρὰ
464 3557 559 3611 τοῦ
589 3560 829 3628 μεγάλου
866 3563 1193 3631 δομεστίκου
1228 3565 1324 3618 τοῦ
1349 3567 1682 3638 Συργιάννου
1720 3569 1858 3640 πρὸς

281 3649 444 3702 τοῦτο
471 3651 782 3717 πείσαντος.
809 3654 922 3724 Τῆς
951 3656 1136 3724 μέντοι
1169 3656 1437 3725 βασιλέως
1470 3659 1695 3729 ἀνεψιᾶς
1723 3661 1860 3730 πρὸς

289 3742 508 3810 βασιλέα
560 3746 637 3807 εἰς
684 3745 980 3809 Βυζάντιον
1024 3749 1480 3828 ἀφιγμένηςηκαί
1515 3751 1642 3815 τούς
1682 3769 1741 3806 τε
1775 3752 1861 3805 λό-

283 3851 414 3902 γους
441 3834 530 3887 τοῦ
557 3835 784 3904 ἐγγόνου
817 3837 912 3890 καὶ
947 3837 1232 3907 βασιλέως,
1267 3839 1347 3892 ἐτι
1380 3840 1438 3893 δέ
1461 3843 1556 3894 καὶ
1585 3841 1682 3912 τὴν
1710 3843 1859 3912 εἰρή-

284 3944 386 3996 νην
413 3925 510 3996 τὴν
544 3928 627 3995 ἐφ’
656 3922 739 3991 οἷς
782 3928 1000 3996 ἐγένετο
1042 3931 1482 4000 ἀπαγγειλάσης,
1528 3934 1720 4001 πρῶτα
1758 3934 1859 4002 μὲν

285 4017 547 4087 ἔκπληξις
583 4016 697 4089 εἶχε
727 4020 820 4073 τὸν
851 4020 1096 4090 βασιλέα,
1139 4025 1235 4076 καὶ
1267 4025 1452 4092 σχεδὸν
1491 4023 1718 4092 ἠπίστει
1748 4026 1860 4087 τοῖς

284 4111 620 4181 λεγομένοις.
676 4114 830 4166 Ἐπεὶ
875 4114 932 4166 δὲ
980 4115 1231 4170 ἐπείθετο
1264 4118 1441 4185 ἀληθῆ
1489 4113 1652 4184 εἶναι,
1686 4118 1859 4188 ἡδέως

284 4193 346 4257 τε
402 4205 620 4270 ἐδέξατο
663 4206 760 4276 τὴν
811 4207 1057 4278 εἰρήνην,
1113 4211 1206 4262 καὶ
1256 4208 1332 4280 τῷ
1385 4211 1593 4283 ἐγγόνῳ
1629 4213 1861 4282 χάριτας

285 4296 557 4366 ὡμολόγει
596 4297 798 4362 πολλάς
822 4315 836 4330 ’
867 4300 1190 4370 συναγαγὼν
1219 4302 1262 4356 δ’
1296 4305 1355 4356 ἐν
1378 4302 1669 4374 βασιλείοις
1697 4306 1861 4369 εὐθὺς

286 4390 414 4450 τοὺς
438 4392 493 4443 ἐν
521 4394 588 4462 τῇ
622 4392 1032 4447 Κωνσταντίνου
1055 4395 1384 4464 εὑρεθέντας
1396 4399 1708 4467 ἀρχιερέας,
1733 4397 1860 4462 τούς

287 4499 349 4535 τε
382 4483 578 4552 ὅρκους
619 4484 886 4546 ἐπετέλει,
924 4487 1017 4537 καί
1054 4485 1144 4537 τὸν
1180 4487 1445 4558 πρότερον
1475 4490 1860 4560 ἐκφωνηθέντα

1959 3307 2127 3380 gitur.
2151 3309 2255 3365 Ubi
2281 3307 2604 3380 Byzantium
2631 3322 2854 3362 reversa
2878 3307 3242 3377 Palaeologina
3285 3307 3526 3375 impera-

1961 3402 2064 3458 tori
2092 3399 2237 3458 dicta
2271 3403 2506 3472 nepotis,
2541 3409 2597 3456 et
2624 3416 2813 3472 pacem
2844 3415 2970 3455 cum
3001 3399 3412 3466 conditionibus
3433 3399 3529 3453 ad-

1960 3494 2179 3548 missam
2237 3493 2514 3562 exposuit,
2552 3492 2644 3547 ille
2695 3492 2938 3562 primum
2993 3490 3074 3545 sic
3125 3491 3432 3560 obstupuit,
3468 3500 3528 3544 ut

1957 3594 2080 3647 qua:
2137 3579 2466 3635 dicebantur
2524 3581 2612 3634 vix
2663 3579 2941 3637 crederet.
2982 3579 3188 3634 Tamen
3251 3588 3313 3635 ut
3363 3580 3525 3634 (idem

1958 3672 2232 3743 adiunxit,
2259 3672 2496 3727 libenter
2525 3686 2714 3741 pacem
2751 3673 2988 3742 accepit,
3020 3682 3075 3727 et
3098 3672 3283 3742 nepoti
3322 3673 3528 3743 gratias

1959 3778 2070 3816 non
2096 3763 2353 3832 vulgares
2379 3761 2594 3826 habuit,
2626 3761 2924 3831 statimque
2944 3761 3236 3831 episcopis,
3261 3761 3356 3830 qui
3379 3761 3528 3816 Con-

1959 3853 2310 3923 stantinOpoli
2337 3862 2453 3907 tum
2505 3853 2950 3918 inveniebantur,
3008 3853 3062 3908 in
3089 3852 3350 3923 palatium
3387 3853 3531 3907 acci-

1961 3945 2053 4008 tis,
2108 3943 2498 4012 iusiurandum
2559 3942 2750 4007 dedit;
2793 3952 2850 3997 et
2901 3958 3080 4012 nuper
3135 3944 3189 3997 in
3245 3951 3528 4013 nepotem,

1959 4036 2188 4106 eiusque
2228 4033 2528 4088 factionem
2576 4035 2989 4103 pronuntiatam
3035 4033 3356 4088 devotionis
3400 4049 3530 4088 sen-

1962 4126 2188 4182 tentiam
2222 4134 2550 4187 retractans,
2607 4139 2802 4179 rursus
2862 4124 3258 4194 imperatorem
3305 4134 3362 4179 et
3405 4139 3528 4178 esse

1959 4231 2015 4276 et
2049 4218 2325 4274 nominari
2359 4217 2544 4288 iussit.
2569 4215 2831 4272 Eamdem
2877 4232 3043 4286 porro
3087 4215 3370 4270 amitinam
3428 4217 3532 4271 ite-

1961 4327 2085 4368 rum
2119 4311 2188 4366 ad
2247 4311 2423 4376 illum,
2465 4299 2592 4380 eius
2633 4309 2924 4380 adiurandi
2967 4310 3261 4375 missurus,
3313 4309 3528 4376 dolens,

1961 4416 2072 4456 non
2108 4399 2346 4469 aliquem
2374 4399 2691 4453 honestiore
2725 4397 2849 4453 loco
2891 4405 3106 4460 natum,
3137 4397 3248 4452 sed
3277 4397 3531 4466 Apocan—

1961 4495 2132 4549 chum
2187 4491 2256 4546 ad
2298 4492 2689 4562 ‘iuramentum
2741 4489 3102 4546 deferendum
3156 4488 3402 4552 venisse,
3448 4488 3532 4542 sic

287 4575 434 4629 κατὰ
462 4569 558 4630 τοῦ
606 4576 728 4629 νέου
764 4575 1031 4659 βασιλέως
1063 4577 1158 4631 καὶ
1197 4579 1304 4632 τῶν
1347 4581 1614 4635 συνόντων
1655 4581 1855 4637 διέλυεν

1965 4599 2085 4640 eam
2115 4581 2446 4652 compellat:
2472 4579 2629 4648 Quod
2679 4595 2854 4650 nepos
2890 4594 3044 4634 meus
3067 4578 3206 4635 adeo
3245 4594 3335 4634 me
3364 4593 3533 4633 vene-

289 4670 615 4744 ἀφορισμὸν,
645 4671 871 4741 βασιλέα
902 4672 1064 4726 πάλιν
1086 4672 1177 4726 τὸν
1201 4673 1424 4743 ἔγγονον
1458 4675 1722 4740 κελεύσας
1759 4679 1855 4732 καὶ

1965 4685 2119 4732 rat-tr
2149 4685 2206 4731 et
2261 4675 2415 4739 colit,
2466 4688 2700 4744 meaque
2750 4687 2916 4729 causa
2964 4681 3076 4728 tam
3117 4683 3205 4730 est
3237 4671 3528 4736 sollicitus,

1556 4819 1773 4882 Jacobi
1815 4819 2085 4881 Pontani
2116 4825 2301 4879 notae.

367 4955 479 5024 (68)
522 4955 596 5008 De
625 4953 730 5008 hac
773 4951 1112 5024 conditione.
1156 4968 1250 5008 seu
1285 4955 1538 5024 pactione
1588 4955 1860 5023 Gregoras

291 5025 365 5080 ita
381 5023 529 5080 libro
547 5033 739 5096 octavo
760 5043 773 5078 :
797 5023 1024 5096 Tandem
1052 5026 1188 5078 inter
1213 5023 1300 5078 eos
1315 5028 1574 5087 convenit,
1602 5034 1657 5078 ut
1673 5029 1862 5096 junior

287 5099 580 5167 imperator
634 5091 950 5167 Thraciam,
1002 5110 1118 5167 qua:
1151 5111 1186 5167 α
1231 5095 1549 5163 Cliristopoli
1582 5091 1745 5167 usque
1791 5099 1861 5150 ad

291 5165 549 5234 Rhegium
575 5206 588 5229 ,
625 5173 673 5215 et
731 5164 1215 5236 Constantinopolis
1242 5168 1564 5236 suburbana
1616 5164 1857 5236 pertinet,

291 5252 388 5304 pro
419 5236 736 5288 auctoritate
765 5234 1017 5287 obtineret
1043 5275 1058 5298 ,
1091 5235 1349 5305 simulque
1376 5253 1438 5289 ea
1485 5234 1706 5305 pradia,
1740 5254 1859 5305 quin

289 5321 405 5376 sum
473 5306 688 5375 {actioni
753 5305 1072 5376 assignasset
1125 5307 1178 5357 in
1233 5304 1580 5376 Macedonia,
1635 5304 1859 5376 quorum

191 5436 208 5444 -
291 5373 680 5439 multa'erant,
713 5391 827 5444 qua:
857 5375 1078 5444 singulis
1133 5375 1298 5446 multa
1355 5377 1526 5430 millia
1577 5373 1860 5446 quotannis

292 5447 576 5516 penderent
603 5461 621 5497 :
643 5447 818 5498 senior
864 5459 984 5497 vero
1032 5455 1165 5516 tun3_
1194 5445 1713 5516 Constantinopblin,
1751 5457 1861 5501 tum

291 5511 445 5568 urbes
477 5525 523 5567 et
555 5516 850 5583 provincias
905 5531 1082 5570 omnes
1110 5511 1165 5566 Μ
1172 5518 1482 5571 acedonicas
1537 5511 1681 5570 ultra
1712 5517 1868 5573 Chri-

285 5584 520 5654 stopolin
547 5586 699 5639 sitas.

369 5657 479 5728 {69)
519 5655 877 5728 Epidamnus,
911 5673 1005 5711 seu
1063 5655 1448 5728 Epidamnum,
1495 5657 1633 5714 alias
1667 5657 1892 5727 Dyrra-,

293 5725 502 5789 chium,
555 5729 685 5780 urbs
735 5726 1064 5782 Macedonia:
1109 5725 1303 5782 versus
1354 5743 1503 5780 mare
1537 5725 1860 5790 Adrianum,

293 5810 416 5864 quae
436 5795 754 5849 Ciceronem
787 5797 1031 5851 exsulem
1060 5795 1294 5864 excepit,
1329 5812 1564 5864 eumque
1625 5797 1862 5851 olliciose

297 5865 722 5936 lxumaniterque
771 5865 899 5923 totis
946 5868 1221 5925 sexdecim
1261 5868 1544 5923 mensibus
1582 5866 1852 5922 tractavit.

1965 4957 2278 5028 Stephanus
2299 4954 2374 5028 de
2399 4953 2639 5028 urbibus
2659 4951 2822 5008 docet
2860 4951 3156 5028 duas_esse_
3171 4949 3530 5028 Epidamnos,

1952 5019 2192 5082 alteram
2228 5026 2283 5080 in
2320 5024 2550 5095 Illyrico,
2593 5023 2919 5095 alteram_in
2969 5021 3095 5095 sinu
3136 5019 3309 5095 Ionio.
3360 5023 3531 5078 Voca-

1965 5107 2082 5152 tum
2112 5110 2275 5166 porro
2322 5089 2680 5166 Dirrachium
2718 5108 2760 5166 7a
2819 5089 3120 5166 Romanis,
3175 5091 3268 5159 qui
3313 5109 3530 5166 nomen

1963 5160 2273 5220 ominosum
2323 5160 2385 5220 et
2412 5164 2568 5234 quasi
2620 5179 2653 5234 a
2697 5165 2896 5216 damno
2925 5160 3221 5234 deductum
3273 5162 3530 5234 vitarent.

1964 5236 2056 5293 Sic
2077 5238 2336 5306 oppidum
2393 5230 2448 5289 et
2479 5230 2748 5306 caloniam
2781 5246 2934 5285 suam
2959 5230 3368 5306 Beneventum.
3389 5231 3532 5306 bene

1961 5301 2240 5361 ominandi
2299 5321 2482 5369 causa,
2514 5304 2890 5362 nominarunt,
2924 5315 3049 5353 cum
3084 5311 3242 5355 antea
3273 5317 3305 5357 a
3330 5301 3533 5357 Graecis

1969 5377 2327 5431 Maleventum
2356 5376 2654 5429 diceretur.
2682 5371 2786 5426 Sed
2812 5369 3159 5441 Dyrrhachus
3189 5371 3434 5429 Herculis
3464 5389 3532 5427 ex

1970 5446 2078 5502 lilia
2104 5463 2294 5516 nepos,
2319 5445 2464 5516 quod
2495 5452 2709 5513 portum
2735 5442 2882 5516 Διιι-ἰή
2919 5443 3216 5510 adiecerat,
3234 5442 3531 5512 iam'antea

1970 5519 2039 5571 ab
2072 5533 2129 5571 se
2171 5511 2561 5588 Dyrrhachium
2593 5511 2912 5588 appellarat.

2041 5589 2150 5658 (70)
2183 5582 2284 5654 Qui
2311 5582 2992 5658 ergo_senex_paulo_infra
3023 5584 3297 5658 queritur,
3323 5582 3531 5658 Abomi-

1970 5653 2093 5713 nem
2120 5653 2548 5731 intimum—adse
2580 5653 2848 5731 missum?
2880 5653 3122 5731 Respicit
3161 5654 3236 5707 ibi
3271 5653 3535 5731 ad-origi:

1967 5744 2091 5782 nem
2146 5737 2202 5781 et
2229 5726 2440 5780 natales
2470 5723 2820 5793 Apocauchi,
2883 5723 3002 5792 qui’
3033 5726 3258 5779 luerunt
3306 5723 3529 5793 obscuri

1964 5808 2020 5853 et
2044 5797 2331 5870 ignobiles,
2367 5807 2424 5850 ut
2451 5790 2681 5851 docetur
2731 5790 3044 5850 initio—libri
3094 5795 3257 5864 huius
3308 5807 3428 5862 cap.
3474 5790 3530 5844 4.
