3918 6686
436 397 532 461 1δ7

1619 375 1945 466 tonsas
1984 405 2515 466 CAN'I‘ACUZENI

3590 395 3709 462 188

431 507 602 563 multa
635 509 688 564 ei
719 507 959 564 vicissim
1012 510 1176 570 bona,
1217 526 1323 565 non
1379 528 1432 566 tn
1470 529 1572 568 nae
1613 521 1854 579 tantum,
1898 528 1990 566 ve-

2099 508 2236 564 εἶναι
2279 515 2371 566 καὶ
2405 515 2787 584 ονομάζεσθαι.
2836 514 3062 570 Μέλλων
3108 514 3157 568 δ’
3196 507 3352 573 αὖθις
3380 511 3484 584 τὴν
3511 512 3708 580 αὐτὴν

428 616 549 654 rum
572 601 733 655 etiam
772 601 822 654 in
856 601 941 655 illa
974 602 1273 657 immortali
1303 604 1410 658 vita
1443 619 1473 658 a
1500 605 1609 659 Deo
1645 619 1991 674 comprecor.

424 691 629 746 Adliazc
659 691 998 747 moderatum
1049 695 1171 766 ejus
1212 697 1491 764 ingenium
1527 696 1843 766 probosque
1874 710 1994 750 mo-

426 799 537 846 res,
571 794 736 854 atque
770 785 822 838 in
859 786 1007 840 omni
1042 786 1332 842 honestate
1360 804 1686 858 progressus
1709 791 1991 858 admiror;

422 876 566 944 quod
595 876 832 946 juvenis,
878 887 934 931 et
962 877 1284 947 imperator,
1337 881 1618 948 multoque
1653 882 1992 940 adversariis

421 966 706 1033 superior;
742 966 888 1020 unde
930 967 1217 1036 probabile
1253 968 1441 1034 ﬁebat,
1477 972 1711 1026 subnixe
1738 975 1989 1028 ambula-

424 1068 627 1122 turum,
668 1060 1096 1130 arrogantiaque
1151 1062 1443 1128 tumidum,
1478 1073 1574 1118 aut
1620 1051 1896 1134 ingratum
1934 1066 1988 1120 in

422 1161 522 1200 nos
549 1146 822 1224 tutulum,
858 1161 953 1203 aut
986 1162 1160 1214 certe,
1193 1168 1314 1221 quae
1347 1168 1450 1208 nos
1482 1154 1806 1223 petebamus
1833 1157 1993 1211 evul-

420 1239 563 1305 gatis
591 1257 615 1304 ,-
653 1238 856 1296 deinde
889 1257 1012 1310 qua:
1061 1243 1166 1313 ipsi
1203 1244 1591 1300 collib-uissent
1639 1247 1989 1318 largiturum,

421 1341 479 1385 nt
507 1332 609 1387 sibi
637 1334 998 1402 plauderetur
1041 1335 1112 1392 ab
1137 1338 1429 1398 omnibus;
1469 1340 1608 1394 nihil
1637 1340 1834 1394 horum
1866 1357 1992 1411 per-

421 1426 676 1488 petravit,
727 1427 821 1482 sed
873 1429 1194 1498 petitionem
1226 1446 1400 1485 meam
1448 1435 1542 1486 uni
1583 1448 1782 1502 magno
1808 1434 1994 1488 dome-

420 1517 559 1588 stico
590 1520 866 1587 aperiens,
913 1521 1324 1593 prudenterque
1379 1539 1444 1578 ac
1495 1526 1744 1580 modeste
1804 1526 1986 1579 admo-

366 1651 373 1664 .
420 1610 549 1662 dum
581 1611 943 1680 respondens,
977 1613 1251 1682 duplicem
1310 1617 1472 1670 nobis
1512 1618 1741 1688 gratiam
1779 1619 1993 1688 persol-

2096 606 2324 674 ἀνεψιὰν
2357 605 2525 660 αὐτοῦ
2573 607 2709 676 πρὸς
2750 605 2976 676 βασιλέα
3029 606 3120 660 τὸν
3171 606 3293 658 νέον
3332 607 3584 674 πέμπειν
3615 602 3707 663 ὡς

2094 697 2223 758 τοὺς
2251 697 2382 767 παρ’
2419 698 2631 750 ἐκείνου
2664 698 2980 769 ληψομένην
3003 699 3225 765 ὅρκους,
3266 695 3574 764 ἀνιώμενος
3605 695 3700 745 δτι

2096 790 2170 854 μὴ
2199 787 2306 839 τῶν
2343 786 2400 839 εὖ
2445 786 2748 854 γεγονότων
2791 804 2900 852 τις,
2953 786 3069 839 ἀλλ’
3120 785 3458 855 Ἀπόκαυχος
3492 784 3592 836 ἐπὶ
3626 783 3698 834 τὸ

2093 879 2219 941 τοὺς
2251 878 2445 948 ὅρκους
2469 877 2810 946 παραλαϐεῖν
2836 877 3163 938 ἀπέσταλτο,
3192 875 3293 945 ἔφη
3319 876 3456 943 πρὸς
3481 875 3696 942 αὑτήν·

2096 971 2208 1038 Τῆς
2253 970 2354 1039 μὲν
2381 970 2459 1032 είς
2489 969 2588 1038 ἐμὲ
2628 968 2812 1032 αίδοῦς
2846 969 2938 1020 καὶ
2985 967 3326 1038 προμηθείας
3358 983 3413 1019 τε
3462 967 3562 1017 καὶ
3598 981 3695 1017 τι-

2098 1062 2225 1133 μῆς,
2265 1059 2475 1122 πολλῶν
2525 1061 2758 1130 ἀμοιὸἀς
2797 1059 3017 1129 ἀγαθῶν
3062 1059 3292 1128 εὔχομαι
3344 1057 3418 1128 τῷ
3466 1055 3698 1126 βασιλεῖ

2093 1153 2189 1207 καὶ
2234 1152 2352 1223 ἐμῷ
2379 1152 2590 1223 ἔγγόνῳ
2617 1152 2768 1222 πσρά
2798 1152 2956 1215 Θεοῦ,
2987 1152 3047 1204 οὐ
3087 1151 3244 1219 μόνον
3270 1151 3408 1203 κατά
3436 1149 3528 1203 τὸν
3558 1147 3698 1216 τῇδε

2097 1249 2231 1320 βίον,
2273 1246 2410 1300 ἀλλὰ
2447 1250 2541 1300 καὶ
2588 1247 2709 1299 κατ’
2750 1246 2958 1299 ἐκεῖνον
3005 1245 3096 1297 τὸν
3129 1243 3505 1312 ἀτελεύτητον.
3551 1239 3695 1294 Ἔτι

2097 1337 2156 1391 δέ
2194 1354 2285 1407 μοι
2333 1337 2428 1389 καὶ
2469 1334 2772 1407 θαυμάζειν
2805 1336 2985 1388 ἔπεισι
3033 1335 3095 1387 τό
3150 1351 3206 1387 τε
3256 1334 3476 1404 μέτριον
3523 1332 3694 1401 αὐτῷ

2090 1429 2184 1483 τοῦ
2214 1431 2397 1500 ήυους,
2422 1429 2516 1482 καὶ
2542 1432 2640 1496 τὴν
2668 1427 2939 1498 εὐθύτητα
2967 1426 3061 1479 τοῦ
3083 1426 3308 1496 τρόπου,
3330 1425 3422 1477 καὶ
3453 1424 3516 1476 τὸ
3543 1424 3694 1494 πρὸς

2091 1522 2159 1573 τὰ
2207 1521 2347 1574 καλά
2404 1519 2656 1590 βεϐηκὸς,
2715 1521 2797 1573 ὃτι
2853 1519 2972 1582 νέος
3007 1515 3082 1570 ὢν
3135 1516 3232 1571 καὶ
3284 1517 3557 1587 βασιλεὺς,
3592 1519 3695 1568 καὶ

2097 1612 2252 1682 παρὰ
2288 1611 2425 1664 πυλὺ
2456 1611 2563 1664 τῶν
2601 1611 2912 1665 ἀντιπάλων
2946 1609 3307 1679 κεκρατηκὼς
3341 1608 3397 1673 ἐξ
3431 1602 3508 1662 ὧν
3533 1608 3696 1670 εἰκὸς

421 1702 500 1754 vit
521 1740 536 1763 ,
589 1717 698 1754 non
727 1705 904 1757 solum
936 1706 1084 1774 quod
1127 1705 1373 1760 Romano
1397 1707 1632 1776 imperio
1653 1708 1763 1778 jam
1793 1716 1908 1762 toto
1937 1708 1992 1763 in

2097 1696 2162 1771 ἦν
2194 1702 2329 1771 πρὶς
2371 1699 2684 1770 φιλοτιμίαν
2719 1698 3034 1768 ἐπαρθῆναι
3082 1699 3176 1752 καὶ
3226 1697 3696 1767 φυσηθῆναι,;καὀ.

421 1809 550 1862 eum
604 1791 934 1858 inclinante,
983 1804 1194 1864 partem
1233 1799 1457 1861 retinet,
1518 1799 1795 1868 reliquum
1826 1815 1992 1854 omne

2097 1794 2481 1863 ἀγνωμονῆσαι
2508 1809 2572 1845 πε
2582 1793 2634 1863 pi
2655 1790 2878 1862 ήμᾶς,ἧ
2906 1791 3029 1860 τόγε
3053 1791 3328 1860 δεύτερον,
3351 1788 3495 1859 ειπερ
3522 1790 3696 1861 ᾐτού-

405 1883 584 1964 ⁸ιιιιιιίε
641 1884 826 1951 cedit;
863 1902 1057 1942 verum
1119 1892 1311 1953 etiam,
1347 1889 1494 1959 quod
1564 1891 1732 1946 rebus
1783 1893 1991 1948 nostris

424 1988 532 2029 tam
577 1977 935 2033 vehementer
966 1979 1377 2045 laborantibus,
1406 1982 1556 2045 nullo
1595 1981 1738 2037 fastu
1785 1982 1990 2038 insole-

419 2066 548 2119 scit.
589 2065 667 2120 Ex
714 2082 826 2136 quo
862 2068 1084 2137 penitus
1130 2069 1206 2123 ita
1240 2071 1440 2136 sentio,
1490 2087 1776 2141 nunquam
1809 2072 1862 2127 ei
1900 2088 1992 2126 ve-

424 2158 570 2213 uisse
603 2161 658 2212 in
691 2169 952 2223 utentem,
985 2161 1068 2216 vel
1102 2161 1425 2230 particulam
1473 2162 1850 2234 despicientia:
1895 2179 1996 2218 no-

421 2252 524 2306 stri
576 2267 690 2322 pra:
733 2267 792 2307 se
832 2252 1002 2319 ferre,
1055 2255 1152 2310 sed
1207 2255 1577 2310 reverentiam
1625 2271 1690 2310 ac
1733 2257 1992 2326 pietatem

419 2346 702 2415 antiquam
733 2362 862 2417 erga
897 2362 997 2402 nos
1019 2347 1320 2403 custodire.
1359 2349 1491 2403 Illud
1541 2357 1724 2404 tamen
1757 2349 1994 2404 maxime

417 2437 629 2490 cruciat
660 2437 929 2505 animum,
971 2438 1117 2508 quod
1151 2454 1275 2494 cum
1307 2441 1452 2509 apud
1493 2456 1554 2496 se
1584 2441 1772 2509 plures
1792 2451 1847 2496 et
1869 2457 1994 2511 pro-

420 2527 520 2581 bos
570 2539 624 2582 et
648 2529 933 2599 sanguinis
961 2531 1374 2586 necessitudine
1397 2534 1727 2603 coniunctos
1743 2533 1993 2596 haberet,

423 2633 522 2688 per
566 2636 706 2689 quos
747 2622 1124 2691 iui-amentum
1177 2639 1206 2676 a
1240 2623 1405 2678 nobis
1451 2624 1747 2693 reciperet,
1797 2624 1992 2680 horum

422 2712 660 2774 nullum,
687 2712 785 2767 sed
847 2712 1264 2781 Apocauchum,
1312 2714 1611 2769 obscurum
1638 2730 1706 2770 ex
1739 2714 1997 2771 obscuris

424 2814 614 2860 natum
655 2806 826 2870 misit,
865 2807 961 2876 qui
999 2811 1317 2877 nuperrime
1345 2809 1694 2863 exactionum
1724 2811 1994 2864 coactori-

419 2891 528 2948 bus
567 2895 831 2964 scriptum
866 2893 1123 2950 faciebat.
1160 2897 1484 2966 Quanquam
1539 2899 1694 2968 quasi
1729 2899 1993 2969 quiddam

422 2972 704 3056 singulare
768 2988 1010 3043 dicerem
1043 3026 1058 3051 ,
1111 2989 1260 3059 quod
1319 2991 1620 3047 absurdius
1661 3002 1750 3048 est
1805 2993 1990 3048 omisi.

423 3077 579 3133 Idem
611 3080 760 3134 eniut
808 3081 1174 3150 Apocauchus
1215 3096 1340 3135 cum
1372 3083 1562 3137 multis
1594 3099 1681 3138 me
1711 3085 1997 3152 promissis

2097 1884 2239 1952 μεθα
2293 1885 2446 1937 αὐτοὶ
2498 1885 2799 1964 ποιήσαντα
2849 1881 3081 1952 φανερὰ,
3129 1878 3250 1935 εἶτα
3303 1881 3447 1952 ειπερ
3482 1881 3696 1951 ἤθελεν

2094 1974 2254 2037 αὐτὸς
2285 1973 2641 2044 χαρίσασθαι,
2677 1973 2764 2027 ἵνα
2795 1971 3129 2042 θαυμάζοιτο
3159 1973 3309 2042 παρά
3339 1971 3581 2024 πάντων.
3624 1970 3694 2024 Ὀ

2091 2065 2138 2119 δ’
2163 2066 2384 2135 ἐποίησε
2413 2064 2652 2118 τοιοῦτον
2681 2064 2834 2123 οὐδέν
2862 2079 2878 2095 ⁶
2915 2062 3051 2116 ἀλλά
3095 2063 3224 2126 τοὺς
3256 2063 3354 2132 μὲν
3397 2062 3568 2134 ἐμοὺς
3594 2061 3697 2114 λό-

2094 2175 2226 2229 γους
2258 2158 2586 2229 διετήρησεν
2614 2160 2675 2211 ὲν
2701 2157 2900 2228 ἀδήλῳ,
2927 2157 3142 2219 οὐδενὸς
3166 2156 3466 2226 ἐγνωκότος
3483 2155 3690 2225 ἑτέρου

2095 2251 2233 2321 πλὴν
2259 2250 2354 2303 τοῦ
2387 2248 2627 2321 μεγάλου
2656 2249 2983 2320 δομεστίκου
3023 2248 3187 2318 μόνου
3210 2264 3224 2279 ·
3259 2249 3422 2311 αὒτδς
3463 2247 3523 2300 δὲ
3550 2249 3694 2312 τοὺς

2095 2343 2288 2411 λόγους
2319 2342 2559 2404 συνετῶς
2589 2341 2731 2410 ἄγαν
2775 2341 2872 2407 καὶ
2901 2341 3150 2410 κοσμίως
3177 2340 3563 2410 οίκονομήσας,
3594 2341 3692 2392 διο

2097 2436 2239 2502 πλῆν
2269 2437 2404 2503 ἡμῖν
2451 2436 2712 2488 κατέθετο
2761 2437 2861 2504 τὴν
2909 2433 3093 2502 χάριν,
3145 2434 3208 2486 οὐ
3265 2426 3426 2503 μόνον
3464 2434 3544 2502 τῷ
3577 2434 3692 2503 τῆς

2107 2528 2400 2597 Ῥωμαίων
2432 2527 2730 2596 ἡγεμονίας
2760 2526 2943 2596 πάσης
2973 2525 3073 2596 ἤδη
3099 2525 3238 2596 πρὸς
3264 2525 3427 2580 αὐτὸν
3465 2525 3690 2578 κλινού-

2098 2637 2198 2689 σης
2257 2621 2418 2690 μέρος
2470 2619 2569 2688 μέν
2617 2635 2670 2671 τι
2726 2619 3196 2688 παρακατασχεῖν,
3249 2617 3350 2686 τῆς
3399 2617 3597 2684 λοιπῆς
3631 2618 3667 2670 δ

2098 2713 2316 2783 ἀπάσης
2344 2715 2477 2782 ἡμῖν
2509 2711 2929 2784 παραχωρῆσαι,
2960 2709 3094 2764 ἀλλά
3125 2712 3222 2765 καὶ
3248 2710 3325 2776 τῷ
3359 2709 3481 2780 μηδ’
3500 2709 3688 2774 οὕτως

2098 2807 2178 2869 είς
2217 2805 2399 2858 στενὸν
2433 2804 2629 2874 κομιδῆ
2683 2803 2754 2856 τὰ
2803 2803 3048 2872 ήμέτερα
3091 2801 3391 2873 ὲληλακότα
3460 2802 3685 2870 ἐκπομ-

2098 2898 2301 2950 πεῦσαι
2332 2895 2584 2966 θελῆσαι.
2631 2895 2724 2962 Ἐξ
2755 2887 2829 2948 ῶν
2860 2894 2959 2963 ἐμὲ
2988 2893 3282 2948 πεπεῖσθαι
3329 2894 3516 2962 σαφῶς
3545 2911 3688 2963 συμ-

2099 2986 2298 3053 ϐαίνει,
2335 2985 2411 3050 ὡς
2441 2985 2549 3038 οὐδ’
2575 2985 2722 3055 ίχνος
2755 2987 3218 3054 καταφρονήσεως
3248 2985 3341 3039 ἐπὶ
3366 2983 3490 3036 νοῦν
3515 2979 3685 3054 ἦλθεν

2099 3079 2248 3148 αὑτῷ
2283 3077 2618 3141 ἐνδείξασθαι
2644 3077 2721 3140 είς
2758 3078 2878 3147 ἐμὲ,
2935 3076 3073 3130 ἀλλά
3105 3077 3204 3147 τήν
3238 3077 3514 3145 προτέραν
3545 3077 3684 3130 αίδῶ

419 3167 910 3233 circumduxisset,
963 3188 1083 3227 mea
1118 3175 1451 3228 auctoritate
1497 3174 1575 3229 rei
1621 3176 1832 3232 salaria:
1859 3193 1992 3247 pra:-

2100 3173 2193 3224 καὶ
2221 3170 2510 3225 εὐλάϐειαν
2554 3168 3082 3234 ἀποσώζει.Ἐκε¹ίνο
3126 3168 3180 3221 δὲ
3215 3169 3315 3237 οὐχ
3347 3169 3551 3238 ἣκιστα
3589 3169 3680 3220 λυ-

421 3259 604 3315 t‘ectus
647 3271 754 3315 est.
812 3254 1018 3317 Deinde
1066 3265 1336 3333 promissa
1369 3266 1724 3336 posthabens,
1771 3283 1894 3323 cum
1927 3273 1994 3325 sl-

424 3353 538 3406 mul
565 3368 757 3408 omnes
804 3369 835 3409 e
885 3354 998 3411 sale
1031 3355 1137 3425 75
1174 3357 1386 3424 reditus
1417 3357 1760 3424 devorasset,
1795 3373 1850 3416 et
1883 3378 1986 3435 ego

425 3444 634 3498 idcirco
692 3444 760 3500 de
819 3446 1010 3502 multis
1072 3462 1249 3516 pauca
1287 3449 1658 3517 requirerem,
1701 3453 1994 3509 occasione

425 3550 578 3600 usus,
606 3535 673 3590 ad
705 3544 963 3607 nepotem
989 3553 1170 3591 meum
1205 3537 1467 3609 profugit.
1491 3538 1624 3606 Quis
1653 3541 1821 3611 igitur
1844 3541 1995 3599 hunc

429 3624 712 3680 hominem
758 3636 1046 3695 tantopere
1096 3627 1165 3682 ab
1214 3628 1308 3682 illo
1354 3628 1685 3685 honoratum
1735 3647 1991 3697 cernens,

425 3726 486 3770 ut
515 3717 568 3770 in
597 3718 860 3788 negotiis.
890 3719 1056 3774 etiam
1111 3719 1472 3775 nobilissimis
1500 3720 1817 3777 hominibus
1840 3723 1994 3778 defe-

423 3809 634 3870 rendis,
661 3810 784 3880 ejus
802 3825 966 3880 opera
993 3819 1204 3873 utatur.
1227 3811 1410 3866 nonid
1441 3812 1510 3867 de
1531 3813 1798 3868 industria
1829 3830 1859 3868 a
1896 3830 1994 3870 ne-

423 3909 552 3970 pote
609 3900 678 3956 ad
737 3901 982 3957 dolorem
1039 3903 1174 3957 mihi
1227 3903 1560 3959 inurendum
1619 3904 1996 3960 lrandulenter

421 4009 544 4062 esse
575 3985 950 4064 comparatum
974 3995 1298 4051 existimet?
1329 3997 1398 4052 Et
1427 4007 1488 4053 ut
1520 3997 1662 4052 istuc
1683 3997 1786 4052 hac
1812 4007 1994 4052 mente

423 4101 538 4140 non
569 4085 784 4149 fecerit,
825 4085 984 4141 multi
1040 4093 1220 4142 tamen
1252 4087 1354 4142 hac
1378 4097 1561 4143 mente
1605 4087 1810 4142 factum
1845 4090 1996 4157 cogi-

425 4175 646 4232 tabunt.
673 4177 1068 4248 Respondeute
1111 4178 1495 4247 Palmlogina,
1529 4193 1640 4232 non
1670 4179 1774 4233 sibi
1819 4179 1994 4235 videri

421 4267 819 4336 Apocauchum
848 4283 881 4322 a
907 4277 1104 4338 nepote
1125 4275 1479 4337 contemptus
1527 4269 1701 4336 gratia
1734 4269 1992 4338 legatum,

361 4385 364 4389 -
423 4359 877 4430 quandoquidem
905 4361 1027 4432 eius
1057 4368 1138 4414 tut
1175 4375 1304 4430 erga
1328 4359 1506 4430 ipsum
1541 4371 1702 4415 antea
1735 4375 1996 4416 reveren-

424 4455 535 4517 tiae,
571 4461 627 4507 et
665 4453 889 4523 ingenui
923 4453 1138 4507 timoris
1163 4451 1493 4506 documenta
1518 4461 1772 4518 exstent;
1818 4453 1996 4523 impe-

423 4556 576 4600 rator
613 4544 1140 4615 protosecretarium
1171 4543 1443 4599 Bardalen
1503 4553 1560 4601 et
1602 4543 1990 4602 Call-icreniten
2022 4524 2072 4586 θ

422 4651 549 4692 cum
580 4651 646 4690 ea
677 4635 745 4689 ad
790 4644 1052 4704 nepotem
1099 4635 1288 4689 mittit.
1346 4634 1450 4701 Qui
1503 4633 1598 4689 ubi
1648 4635 1798 4689 senis
1825 4650 1995 4706 super

421 4725 756 4796 Apocaucho
786 4740 1096 4780 sermonem
1121 4724 1356 4790 audivit,
1397 4725 1594 4781 Procul
1619 4743 1650 4782 a
1680 4743 1765 4782 me
1793 4729 1864 4783 sit
1885 4729 1989 4784 ista

425 4819 658 4881 insania,
691 4819 891 4886 inquit.
924 4827 983 4873 ut
1014 4817 1096 4871 vel
1145 4833 1374 4887 parvum
1408 4819 1492 4872 vel
1527 4835 1781 4889 magnum
1818 4820 1987 4890 quid-

422 4909 566 4976 piam
589 4908 655 4962 ad
682 4909 994 4964 molestiam
1035 4915 1488 4977 contemptnmve
1525 4909 1736 4964 domini
1766 4915 1873 4967 mei
1938 4922 1996 4968 et

423 4995 773 5070 imperatoris
791 4999 1072 5070 designem
1108 5017 1121 5052 :
1157 4999 1209 5053 in
1237 5014 1402 5068 quem
1446 5001 1718 5056 scientem
1743 5017 2000 5072 peccare,

423 5105 618 5162 magna
648 5093 875 5146 omnino
903 5091 1058 5160 culpa
1092 5098 1334 5155 tenetur,
1391 5107 1479 5146 me
1519 5092 1739 5163 judice.
1774 5095 1992 5150 etiamsi

424 5191 707 5251 peccatum
755 5198 866 5236 non
913 5197 1171 5251 magnum
1215 5181 1384 5236 fuerit
1426 5183 1564 5253 (Η).
1624 5183 1993 5254 Apocauchus

423 5291 531 5328 non
555 5283 616 5327 ut
647 5274 878 5344 legatus,
937 5289 1118 5345 neque
1153 5283 1213 5328 ut
1264 5275 1418 5345 pacis
1454 5276 1810 5331 conﬁrmator
1853 5278 1994 5347 (haec

2099 3265 2207 3327 πεί,
2237 3264 2320 3316 ὅτι
2355 3263 2433 3333 μὴ
2463 3261 2602 3332 πρὸς
2623 3261 2722 3332 τήν
2754 3260 3074 3331 παράληψιν
3103 3259 3210 3312 τῶν
3239 3261 3438 3343 ὅρκων,
3467 3259 3682 3312 πολλῶν

2097 3373 2156 3409 τε
2193 3357 2286 3409 καὶ
2331 3355 2557 3422 ἀγαθῶν
2609 3356 2706 3407 καὶ
2755 3355 2864 3406 τῶν
2920 3353 3045 3406 καθ’
3097 3347 3236 3424 αἷμα
3290 3354 3679 3422 προσηκόντων

2099 3441 2247 3510 αὐτῷ
2276 3441 2566 3506 συνόντων,
2597 3442 2803 3495 τούτων
2838 3441 2936 3513 μὲν
2969 3441 3313 3495 ἀπέσταλκεν
3340 3442 3550 3506 οὐδένα,
3585 3442 3677 3495 τὸν

2097 3532 2155 3585 δὲ
2207 3533 2571 3603 Ἀπόκαυχον,
2624 3533 2837 3603 ἄσημον
2870 3533 2970 3600 μὲν
3009 3533 3138 3587 ὄντα
3169 3533 3264 3586 καὶ
3313 3533 3373 3598 ἐξ
3422 3529 3672 3603 ἀσήμιιῖν,

2099 3627 2193 3679 καὶ
2222 3624 2376 3679 οὔπω
2399 3627 2527 3696 χθὲς
2563 3626 2660 3678 καὶ
2691 3625 2886 3697 πρώην
2911 3629 3021 3689 τοῖς
3049 3626 3157 3678 τῶν
3186 3626 3464 3694 δημοσίων
3493 3626 3675 3694 φόρων

2100 3719 2376 3790 πράκταις
2431 3719 3029 3791 ὑπογραμματεύοντα.
3075 3712 3270 3773 Καίτοι
3333 3720 3409 3772 τὸ’
3439 3719 3674 3772 δεινότε-

2104 3827 2196 3882 ρον
2234 3811 2476 3880 ἀφεῖλον,
2533 3812 2610 3874 ὼς
2659 3811 2722 3883 δή
2775 3829 2828 3864 τι
2863 3811 3178 3881 θαυμαστὸν
3227 3811 3428 3878 λέγων.
3473 3809 3532 3861 Ὀ
3568 3811 3674 3879 γὶρ

2101 3903 2266 3966 αὐτὸς
2315 3903 2415 3973 ἐμὲ
2455 3902 2680 3967 πολλαῖς
2737 3903 3096 3973 ὑποσχέσεσιν
3141 3902 3518 3970 ἐξαπατήσας,
3565 3901 3674 3953 τῶν

2096 3996 2376 4065 δημοσίων
2421 3995 2568 4050 ἀλῶν
2624 3995 2816 4067 ἔφορος
2867 3995 3184 4065 ἀπεδείχθη.
3235 3993 3372 4050 Εἶτα
3415 3995 3522 4047 τῶν
3575 3995 3674 4060 μὲν
3735 3991 3748 4004 “

2099 4087 2448 4157 ὑποσχέσεων
2497 4086 2927 4157 ἐκπεπλήρωκεν
2953 4086 3137 4139 -οὐδέν
3162 4101 3176 4116 ·
3223 4085 3358 4155 ὁμοῦ
3393 4085 3448 4138 δὲ
3492 4087 3673 4139 πᾶσαν

2098 4178 2198 4249 τὴν
2225 4182 2290 4231 ἑκ
2318 4178 2426 4232 τῶν
2445 4178 2590 4232 ἀλῶν
2622 4179 2885 4249 πρόσοδον
2906 4176 3262 4247 καταφαγὼν,
3299 4179 3396 4232 καὶ
3416 4179 3507 4232 διὰ
3533 4177 3672 4231 τοῦτ’

2097 4272 2163 4324 ἐκ
2195 4270 2405 4324 πολλῶν
2445 4271 2601 4340 ὀλίγα
2639 4269 2931 4340 ζητοῦντος
2973 4269 3109 4341 ἐμοῦ
3145 4271 3353 4336 λαϐεῖν,
3387 4270 3465 4341 τῷ
3494 4263 3673 4340 καιρῷ

2098 4365 2469 4434 χρησάμενος,
2501 4365 2636 4434 πρὸς
2667 4366 2756 4416 τὸν
2785 4363 2919 4433 ἐμὸν
2953 4362 3173 4431 ἔγγονον
3203 4361 3385 4433 ῷχετο
3409 4366 3667 4434 ἀποδράς.

2099 4457 2194 4517 Τίς
2219 4451 2312 4510 οὖν
2355 4455 2546 4509 τοῦτον
2605 4455 2729 4508 ίδὼν
2779 4453 2923 4508 οὕτω
2970 4454 3290 4524 τιμώμενον
3328 4455 3466 4524 παρ’
3497 4453 3667 4522 αὑτῷ,

2098 4544 2238 4599 ὥστε
2271 4547 2367 4600 καὶ
2397 4547 2489 4599 ἐπὶ
2521 4550 2655 4612 τοῖς,
2679 4548 2794 4611 τοῖς
2827 4546 3244 4614 εὐγενεστάτοις
3275 4549 3666 4615 προσήκουσιν,

2098 4639 2282 4712 εργοις
2311 4639 2464 4711 αὑτῷ
2488 4639 2746 4710 χρῆσθαι,
2773 4639 2876 4694 οὐκ
2905 4639 2973 4694 ἀν
3000 4638 3316 4709 ὶξεπίτηδες
3339 4639 3557 4706 νομίσαι
3589 4639 3668 4702 είς

2097 4731 2257 4785 ἀνίαν
2294 4731 2418 4800 ἐμοὶ
2447 4731 2598 4800 παρὰ
2633 4729 2898 4799 βασιλέως
2937 4727 3031 4782 τοῦ
3074 4729 3298 4796 ἑγγόνου
3340 4730 3670 4780 συνεσκευά-

2099 4821 2223 4874 σθαι
2249 4838 2264 4886 ;
2303 4821 2364 4874 Ei
2395 4821 2505 4890 γὰρ
2535 4822 2632 4876 καὶ
2671 4820 2750 4891 τῷ
2780 4821 2893 4874 δντι
2921 4819 2996 4890 μὴ
3039 4819 3172 4890 παρ’
3206 4819 3416 4872 ἐκείνου
3446 4819 3667 4889 τοιαύτῃ

2098 4915 2415 4986 πέπρακται
2443 4913 2662 4986 γνώμῃ,
2684 4913 2797 4968 ἀλλ’
2823 4914 2872 4966 οί
2894 4912 3080 4966 πολλοὶ
3109 4913 3252 4966 οὓτω
3277 4930 3339 4978 γε
3365 4911 3666 4981 νομιοῦσιν.

2111 5007 2584 5076 Ἀποκριναμένης
2613 5006 2670 5058 δὲ
2711 5007 2808 5060 καὶ
2837 5007 3029 5074 αὐτῆς,
3058 5004 3185 5057 Οὐδ’
3219 5005 3284 5058 ἂν
3315 5005 3454 5074 αὐτῇ
3494 5003 3667 5055 δοκεῖν

2097 5096 2591 5166 καταφρονητικῶς
2624 5095 2776 5165 παρά
2804 5094 3067 5165 βασιλέως
3097 5093 3191 5146 τοῦ
3219 5095 3340 5147 νέου
3377 5093 3470 5147 τὸν
3507 5094 3668 5147 Ἀπό-

2094 5207 2301 5258 καυχον
2355 5187 2714 5252 ἀπεστάλθαι,
2765 5186 2968 5249 πολλὰς
3005 5189 3106 5257 τῆς
3155 5187 3236 5250 εἰς
3282 5187 3364 5252 σὲ,
3419 5185 3662 5257 βασιλεῦ,

2096 5279 2280 5343 αἰδοῦς
2305 5297 2363 5334 τε
2398 5281 2493 5332 καὶ
2531 5279 2820 5342 εὐλαϐείας
2857 5278 3150 5342 δεδωκότος
3193 5279 3292 5343 τὰς
3323 5277 3625 5343 ἀποδείξεις
3647 5295 3660 5308 ·

1691 5394 1906 5456 Jacobi
1945 5396 2214 5458 Pontani
2248 5404 2433 5458 notis.

497 5496 612 5568 (7i)
653 5495 794 5568 Num
845 5495 1160 5564 paradoxon
1207 5495 1341 5568 illud
1377 5495 1687 5551 Stoicorum
1732 5497 1994 5563 insinuat,

424 5566 515 5620 ὅτι
540 5567 628 5618 ἶσα
653 5571 723 5638 τὰ
747 5566 1138 5638 ἁμαρτήματα,
1162 5567 1340 5638 omnia
1368 5577 1708 5638 peccataiesse
1721 5569 1950 5636 wqualia
1971 5570 1998 5622 ?

425 5639 496 5690 de
523 5653 633 5706 quo
657 5637 876 5708 Cicero,
907 5647 964 5688 ut
995 5637 1068 5690 de
1091 5638 1212 5708 aliis
1238 5637 1499 5708 disseruit
1526 5654 1544 5690 :
1575 5637 1773 5701 Parva,
1799 5639 1992 5708 inquis,

426 5723 508 5760 res
525 5705 634 5772 est;
661 5707 810 5778 atqui
837 5723 1028 5776 magna
1051 5706 1227 5776 culpa.
1263 5705 1374 5759 Nec
1399 5709 1539 5761 enim
1572 5718 1785 5777 peccata
1819 5705 1994 5763 rerum

427 5787 634 5844 rerum,
656 5781 746 5833 sed
763 5779 900 5832 vitiis
921 5780 1192 5832 hom-mum
1220 5779 1478 5831 metienda
1505 5788 1648 5842 sunt,
1665 5788 1770 5831 etc.
1799 5780 1991 5832 Verum

430 5854 502 5903 ιιι
537 5850 801 5915 loquitur,
841 5859 899 5904 ut
951 5858 1218 5914 quantum
1253 5859 1548 5904 veneretur
1575 5864 1757 5913 avum,
1787 5849 1989 5903 intelli-

2105 5509 2282 5569 gatur.
2312 5499 2638 5574 Quos_enim
2696 5498 2926 5574 multum
2975 5490 3665 5574 reverentur,__autdili_gi-

2106 5561 2250 5635 inus,
2281 5561 2376 5624 aut
2403 5570 2596 5644 saltem
2627 5569 2860 5623 multum
2893 5567 3131 5644 revereri
3165 5581 3226 5618 ac
3256 5564 3483 5644 diligere
3508 5561 3666 5644 debe-

2103 5631 2246 5712 mus,
2275 5655 2371 5696 eos
2407 5639 2819 5712 etiamparum
2869 5640 3110 5712 olfensos
3139 5676 3154 5698 ,
3211 5635 3366 5712 quasi
3427 5631 3667 5712 indignis

2101 5711 2280 5765 modis
2314 5711 2543 5766 violatos
2573 5701 2842 5775 dolemus,
2891 5717 3058 5780 atque
3098 5701 3407 5760 irascimur.
3457 5701 3570 5759 Nec
3609 5701 3663 5757 id

2103 5780 2399 5838 immerito.
3087 5798 3098 5806 ‘
