  <div class='ocr_page' id='page_1' title='image "/cluster/home/n/w/nwhite01/storage/ocr_20150623/153/hvd.32044019208412/106.png"; bbox 0 0 3918 6674; ppageno 0'>
   <div class='ocr_carea' id='block_1_1' title="bbox 170 389 271 452">
    <p class='ocr_par' dir='ltr' id='par_1_1' title="bbox 170 389 271 452">
     <span class='ocr_line' id='line_1_1' title="bbox 170 389 271 452; baseline -0.02 0"><span class='ocrx_word' id='word_1_1' title='bbox 170 389 271 452; x_wconf 80' lang='lat'><strong>197</strong></span> 
     </span>
    </p>
   </div>
   <div class='ocr_carea' id='block_1_2' title="bbox 1362 340 2281 477">
    <p class='ocr_par' dir='ltr' id='par_1_2' title="bbox 1362 340 2281 477">
     <span class='ocr_line' id='line_1_2' title="bbox 1362 340 2281 477; baseline 0 -34"><span class='ocrx_word' id='word_1_2' title='bbox 1362 340 1904 477; x_wconf 56' lang='lat' dir='ltr'><strong>HlS’t‘ORIaRUM</strong></span> <span class='ocrx_word' id='word_1_3' title='bbox 1955 381 2187 443; x_wconf 72' lang='lat' dir='ltr'><strong>uasa</strong></span> <span class='ocrx_word' id='word_1_4' title='bbox 2232 380 2281 443; x_wconf 74' lang='grc' dir='ltr'>ι.</span> 
     </span>
    </p>
   </div>
   <div class='ocr_carea' id='block_1_3' title="bbox 3322 384 3426 449">
    <p class='ocr_par' dir='ltr' id='par_1_3' title="bbox 3322 384 3426 449">
     <span class='ocr_line' id='line_1_3' title="bbox 3322 384 3426 449; baseline 0.01 -2"><span class='ocrx_word' id='word_1_5' title='bbox 3322 384 3426 449; x_wconf 76' lang='grc' dir='ltr'><strong>Ῑῗίὃ</strong></span> 
     </span>
    </p>
   </div>
   <div class='ocr_carea' id='block_1_4' title="bbox 170 493 1758 572">
    <p class='ocr_par' dir='ltr' id='par_1_4' title="bbox 170 496 1741 572">
     <span class='ocr_line' id='line_1_4' title="bbox 170 496 1741 572; baseline -0.004 -15"><span class='ocrx_word' id='word_1_6' title='bbox 170 502 331 572; x_wconf 82' lang='grc' dir='ltr'>γίναν</span> <span class='ocrx_word' id='word_1_7' title='bbox 362 498 673 569; x_wconf 82' lang='grc' dir='ltr'>Θεοδῶραν,</span> <span class='ocrx_word' id='word_1_8' title='bbox 704 498 816 572; x_wconf 73' lang='grc' dir='ltr'>τὴν</span> <span class='ocrx_word' id='word_1_9' title='bbox 843 498 1013 554; x_wconf 86' lang='grc' dir='ltr'>αὐτοῦ</span> <span class='ocrx_word' id='word_1_10' title='bbox 1066 500 1169 571; x_wconf 65' lang='grc' dir='ltr'>μὲν</span> <span class='ocrx_word' id='word_1_11' title='bbox 1211 496 1389 560; x_wconf 84' lang='grc' dir='ltr'>θείαν.</span> <span class='ocrx_word' id='word_1_12' title='bbox 1420 499 1635 571; x_wconf 82' lang='grc' dir='ltr'>μητέρα</span> <span class='ocrx_word' id='word_1_13' title='bbox 1682 497 1741 555; x_wconf 78' lang='grc' dir='ltr'>δὲ</span> 
     </span>
    </p>
   </div>
   <div class='ocr_carea' id='block_1_5' title="bbox 1860 493 3418 572">
    <p class='ocr_par' dir='ltr' id='par_1_5' title="bbox 1860 493 3418 567">
     <span class='ocr_line' id='line_1_5' title="bbox 1860 493 3418 567; baseline 0.001 -18"><span class='ocrx_word' id='word_1_14' title='bbox 1860 511 1945 550; x_wconf 73' lang='lat' dir='ltr'><strong>sua</strong></span> <span class='ocrx_word' id='word_1_15' title='bbox 1971 494 2193 564; x_wconf 83' lang='lat' dir='ltr'><strong>quidem</strong></span> <span class='ocrx_word' id='word_1_16' title='bbox 2217 504 2468 567; x_wconf 77' lang='lat' dir='ltr'><strong>cognata,</strong></span> <span class='ocrx_word' id='word_1_17' title='bbox 2485 493 2878 566; x_wconf 81' lang='lat' dir='ltr'><strong>magniautcm</strong></span> <span class='ocrx_word' id='word_1_18' title='bbox 2906 493 3188 551; x_wconf 81' lang='lat' dir='ltr'><strong>domestici</strong></span> <span class='ocrx_word' id='word_1_19' title='bbox 3221 504 3418 560; x_wconf 86' lang='lat' dir='ltr'><strong>matre,</strong></span> 
     </span>
    </p>
   </div>
   <div class='ocr_carea' id='block_1_6' title="bbox 168 592 1746 667">
    <p class='ocr_par' dir='ltr' id='par_1_6' title="bbox 168 592 1746 667">
     <span class='ocr_line' id='line_1_6' title="bbox 168 592 1746 667; baseline -0.004 -16"><span class='ocrx_word' id='word_1_20' title='bbox 168 594 268 652; x_wconf 85' lang='grc' dir='ltr'><strong>τοῦ</strong></span> <span class='ocrx_word' id='word_1_21' title='bbox 308 594 551 667; x_wconf 76' lang='grc' dir='ltr'><strong>μεγάλου</strong></span> <span class='ocrx_word' id='word_1_22' title='bbox 597 592 923 664; x_wconf 85' lang='grc' dir='ltr'>δομεστίκου</span> <span class='ocrx_word' id='word_1_23' title='bbox 956 593 1082 646; x_wconf 81' lang='grc' dir='ltr'>ἀντὶ</span> <span class='ocrx_word' id='word_1_24' title='bbox 1115 593 1364 662; x_wconf 76' lang='grc' dir='ltr'>φρουρᾶς</span> <span class='ocrx_word' id='word_1_25' title='bbox 1390 592 1611 662; x_wconf 73' lang='grc' dir='ltr'>ἁπάσης</span> <span class='ocrx_word' id='word_1_26' title='bbox 1646 607 1746 648; x_wconf 89' lang='grc' dir='ltr'>κα-</span> 
     </span>
    </p>
   </div>
   <div class='ocr_carea' id='block_1_7' title="bbox 170 683 1747 759">
    <p class='ocr_par' dir='ltr' id='par_1_7' title="bbox 170 683 1747 759">
     <span class='ocr_line' id='line_1_7' title="bbox 170 683 1747 759; baseline -0.006 -13"><span class='ocrx_word' id='word_1_27' title='bbox 170 690 429 746; x_wconf 81' lang='grc' dir='ltr'>ταλιπὼν</span> <span class='ocrx_word' id='word_1_28' title='bbox 469 684 556 759; x_wconf 75' lang='grc' dir='ltr'>(ἧν</span> <span class='ocrx_word' id='word_1_29' title='bbox 588 685 697 759; x_wconf 75' lang='grc' dir='ltr'><strong>γὰρ</strong></span> <span class='ocrx_word' id='word_1_30' title='bbox 734 685 800 758; x_wconf 81' lang='grc' dir='ltr'>δὴ</span> <span class='ocrx_word' id='word_1_31' title='bbox 850 685 947 739; x_wconf 75' lang='grc' dir='ltr'>καὶ</span> <span class='ocrx_word' id='word_1_32' title='bbox 999 686 1139 756; x_wconf 76' lang='grc' dir='ltr'>πρὸς</span> <span class='ocrx_word' id='word_1_33' title='bbox 1174 684 1449 753; x_wconf 84' lang='grc' dir='ltr'>διοίκησιν</span> <span class='ocrx_word' id='word_1_34' title='bbox 1481 683 1747 754; x_wconf 82' lang='grc' dir='ltr'>ἔμπειρος</span> 
     </span>
    </p>
   </div>
   <div class='ocr_carea' id='block_1_8' title="bbox 173 775 1748 848">
    <p class='ocr_par' dir='ltr' id='par_1_8' title="bbox 173 775 1748 848">
     <span class='ocr_line' id='line_1_8' title="bbox 173 775 1748 848; baseline -0.006 -13"><span class='ocrx_word' id='word_1_35' title='bbox 173 777 473 836; x_wconf 72' lang='grc' dir='ltr'><strong>πολιτικῶν</strong></span> <span class='ocrx_word' id='word_1_36' title='bbox 502 775 873 848; x_wconf 80' lang='grc' dir='ltr'><strong>πραγμάτων,</strong></span> <span class='ocrx_word' id='word_1_37' title='bbox 916 775 1011 829; x_wconf 75' lang='grc' dir='ltr'>καὶ</span> <span class='ocrx_word' id='word_1_38' title='bbox 1051 775 1375 846; x_wconf 81' lang='grc' dir='ltr'>φρονήσεως</span> <span class='ocrx_word' id='word_1_39' title='bbox 1428 775 1748 845; x_wconf 69' lang='grc' dir='ltr'>ἐρρωμενε-</span> 
     </span>
    </p>
   </div>
   <div class='ocr_carea' id='block_1_9' title="bbox 179 865 1750 947">
    <p class='ocr_par' dir='ltr' id='par_1_9' title="bbox 179 865 1750 947">
     <span class='ocr_line' id='line_1_9' title="bbox 179 865 1750 947; baseline -0.006 -18"><span class='ocrx_word' id='word_1_40' title='bbox 179 873 380 947; x_wconf 76' lang='grc' dir='ltr'>στέρας</span> <span class='ocrx_word' id='word_1_41' title='bbox 404 871 438 943; x_wconf 77' lang='grc' dir='ltr'><strong>ἡ</strong></span> <span class='ocrx_word' id='word_1_42' title='bbox 468 870 609 926; x_wconf 75' lang='grc' dir='ltr'>κατὰ</span> <span class='ocrx_word' id='word_1_43' title='bbox 638 869 806 940; x_wconf 73' lang='grc' dir='ltr'>φύσιν</span> <span class='ocrx_word' id='word_1_44' title='bbox 832 867 1155 938; x_wconf 76' lang='grc' dir='ltr'><strong>γυναικείαν</strong></span> <span class='ocrx_word' id='word_1_45' title='bbox 1179 865 1464 937; x_wconf 79' lang='grc' dir='ltr'>τυχοῦσα),</span> <span class='ocrx_word' id='word_1_46' title='bbox 1490 868 1586 921; x_wconf 80' lang='grc' dir='ltr'>καὶ</span> <span class='ocrx_word' id='word_1_47' title='bbox 1615 868 1750 921; x_wconf 81' lang='grc' dir='ltr'>πᾶσι</span> 
     </span>
    </p>
   </div>
   <div class='ocr_carea' id='block_1_10' title="bbox 176 957 1750 1033">
    <p class='ocr_par' dir='ltr' id='par_1_10' title="bbox 176 957 1750 1033">
     <span class='ocr_line' id='line_1_10' title="bbox 176 957 1750 1033; baseline -0.008 -13"><span class='ocrx_word' id='word_1_48' title='bbox 176 969 290 1031; x_wconf 86' lang='grc' dir='ltr'>τοῖς</span> <span class='ocrx_word' id='word_1_49' title='bbox 347 964 557 1019; x_wconf 78' lang='grc' dir='ltr'>πόλεων</span> <span class='ocrx_word' id='word_1_50' title='bbox 593 964 826 1033; x_wconf 78' lang='grc' dir='ltr'>ἄρχουσι</span> <span class='ocrx_word' id='word_1_51' title='bbox 860 963 956 1014; x_wconf 77' lang='grc' dir='ltr'>καὶ</span> <span class='ocrx_word' id='word_1_52' title='bbox 985 959 1290 1028; x_wconf 76' lang='grc' dir='ltr'>διοικηταῖς</span> <span class='ocrx_word' id='word_1_53' title='bbox 1326 959 1440 1011; x_wconf 86' lang='grc' dir='ltr'><strong>τῶν</strong></span> <span class='ocrx_word' id='word_1_54' title='bbox 1484 957 1750 1028; x_wconf 80' lang='grc' dir='ltr'>πραγμά-</span> 
     </span>
    </p>
   </div>
   <div class='ocr_carea' id='block_1_11' title="bbox 176 1048 1750 1131">
    <p class='ocr_par' dir='ltr' id='par_1_11' title="bbox 176 1048 1750 1131">
     <span class='ocr_line' id='line_1_11' title="bbox 176 1048 1750 1131; baseline -0.008 -18"><span class='ocrx_word' id='word_1_55' title='bbox 176 1075 286 1113; x_wconf 92' lang='grc' dir='ltr'><strong>των</strong></span> <span class='ocrx_word' id='word_1_56' title='bbox 313 1057 449 1131; x_wconf 77' lang='grc' dir='ltr'>αὐτῇ</span> <span class='ocrx_word' id='word_1_57' title='bbox 489 1054 784 1110; x_wconf 85' lang='grc' dir='ltr'>πείθεσθαι</span> <span class='ocrx_word' id='word_1_58' title='bbox 817 1053 925 1107; x_wconf 86' lang='grc' dir='ltr'><strong>πᾶν</strong></span> <span class='ocrx_word' id='word_1_59' title='bbox 951 1053 1036 1107; x_wconf 83' lang='grc' dir='ltr'>ὅτι</span> <span class='ocrx_word' id='word_1_60' title='bbox 1081 1051 1146 1105; x_wconf 79' lang='grc' dir='ltr'>ἂν</span> <span class='ocrx_word' id='word_1_61' title='bbox 1174 1049 1376 1120; x_wconf 81' lang='grc' dir='ltr'>κελεύῃ</span> <span class='ocrx_word' id='word_1_62' title='bbox 1411 1048 1750 1120; x_wconf 79' lang='grc' dir='ltr'>προστάξας,</span> 
     </span>
    </p>
   </div>
   <div class='ocr_carea' id='block_1_12' title="bbox 177 1138 1749 1216">
    <p class='ocr_par' dir='ltr' id='par_1_12' title="bbox 177 1138 1749 1216">
     <span class='ocr_line' id='line_1_12' title="bbox 177 1138 1749 1216; baseline -0.006 -14"><span class='ocrx_word' id='word_1_63' title='bbox 177 1148 274 1203; x_wconf 82' lang='grc' dir='ltr'>καὶ</span> <span class='ocrx_word' id='word_1_64' title='bbox 301 1146 409 1201; x_wconf 89' lang='grc' dir='ltr'><strong>τῶν</strong></span> <span class='ocrx_word' id='word_1_65' title='bbox 438 1145 569 1216; x_wconf 72' lang='grc' dir='ltr'>περὶ</span> <span class='ocrx_word' id='word_1_66' title='bbox 628 1143 811 1198; x_wconf 89' lang='grc' dir='ltr'>αὐτῶν</span> <span class='ocrx_word' id='word_1_67' title='bbox 848 1141 1153 1212; x_wconf 78' lang='grc' dir='ltr'><strong>φροντίδων</strong></span> <span class='ocrx_word' id='word_1_68' title='bbox 1209 1138 1495 1204; x_wconf 78' lang='grc' dir='ltr'><strong>ἀπολύσας</strong></span> <span class='ocrx_word' id='word_1_69' title='bbox 1527 1139 1749 1205; x_wconf 76' lang='grc' dir='ltr'>ἐαυτὸν,</span> 
     </span>
    </p>
   </div>
   <div class='ocr_carea' id='block_1_13' title="bbox 175 1231 1752 1308">
    <p class='ocr_par' dir='ltr' id='par_1_13' title="bbox 175 1231 1752 1308">
     <span class='ocr_line' id='line_1_13' title="bbox 175 1231 1752 1308; baseline -0.006 -15"><span class='ocrx_word' id='word_1_70' title='bbox 175 1240 301 1293; x_wconf 82' lang='grc' dir='ltr'>ἐπεὶ</span> <span class='ocrx_word' id='word_1_71' title='bbox 353 1238 454 1292; x_wconf 70' lang='grc' dir='ltr'>καὶ</span> <span class='ocrx_word' id='word_1_72' title='bbox 488 1238 521 1307; x_wconf 91' lang='grc' dir='ltr'><strong>ἡ</strong></span> <span class='ocrx_word' id='word_1_73' title='bbox 560 1234 795 1308; x_wconf 84' lang='grc' dir='ltr'>στρατιὰ</span> <span class='ocrx_word' id='word_1_74' title='bbox 837 1234 1084 1305; x_wconf 77' lang='grc' dir='ltr'><strong>ἡμέραις</strong></span> <span class='ocrx_word' id='word_1_75' title='bbox 1133 1232 1281 1285; x_wconf 80' lang='grc' dir='ltr'>ὀκτὼ</span> <span class='ocrx_word' id='word_1_76' title='bbox 1331 1231 1752 1302; x_wconf 77' lang='grc' dir='ltr'>παρεσκεύαστο</span> 
     </span>
    </p>
   </div>
   <div class='ocr_carea' id='block_1_14' title="bbox 176 1320 1747 1397">
    <p class='ocr_par' dir='ltr' id='par_1_14' title="bbox 176 1320 1747 1397">
     <span class='ocr_line' id='line_1_14' title="bbox 176 1320 1747 1397; baseline -0.008 -12"><span class='ocrx_word' id='word_1_77' title='bbox 176 1322 253 1386; x_wconf 82' lang='grc' dir='ltr'>ὧν</span> <span class='ocrx_word' id='word_1_78' title='bbox 278 1330 473 1393; x_wconf 79' lang='grc' dir='ltr'>ἐδεῖτο,</span> <span class='ocrx_word' id='word_1_79' title='bbox 508 1328 651 1396; x_wconf 80' lang='grc' dir='ltr'>ἄρας</span> <span class='ocrx_word' id='word_1_80' title='bbox 681 1327 914 1393; x_wconf 86' lang='grc' dir='ltr'>ἐκεῖθεν,</span> <span class='ocrx_word' id='word_1_81' title='bbox 957 1320 1123 1397; x_wconf 75' lang='grc' dir='ltr'>ἦλθεν</span> <span class='ocrx_word' id='word_1_82' title='bbox 1161 1324 1292 1396; x_wconf 83' lang='grc' dir='ltr'>ἄχρι</span> <span class='ocrx_word' id='word_1_83' title='bbox 1332 1320 1747 1393; x_wconf 57' lang='grc' dir='ltr'>Τζουμιυλόηςί</span> 
     </span>
    </p>
   </div>
   <div class='ocr_carea' id='block_1_15' title="bbox 178 1413 1749 1492">
    <p class='ocr_par' dir='ltr' id='par_1_15' title="bbox 178 1413 1749 1492">
     <span class='ocr_line' id='line_1_15' title="bbox 178 1413 1749 1492; baseline 0 -17"><span class='ocrx_word' id='word_1_84' title='bbox 178 1420 791 1492; x_wconf 75' lang='grc' dir='ltr'><strong>στρατοπεδευσάμενος</strong></span> <span class='ocrx_word' id='word_1_85' title='bbox 826 1419 874 1472; x_wconf 78' lang='grc' dir='ltr'>δ’</span> <span class='ocrx_word' id='word_1_86' title='bbox 904 1418 1043 1481; x_wconf 87' lang='grc' dir='ltr'>ἐκεῖ,</span> <span class='ocrx_word' id='word_1_87' title='bbox 1074 1416 1293 1487; x_wconf 74' lang='grc' dir='ltr'>ἔμεινεν</span> <span class='ocrx_word' id='word_1_88' title='bbox 1322 1416 1537 1487; x_wconf 89' lang='grc' dir='ltr'>ἡμέρας</span> <span class='ocrx_word' id='word_1_89' title='bbox 1568 1413 1749 1475; x_wconf 78' lang='grc' dir='ltr'>τινάς⁹</span> 
     </span>
    </p>
   </div>
   <div class='ocr_carea' id='block_1_16' title="bbox 175 1504 1755 1584">
    <p class='ocr_par' dir='ltr' id='par_1_16' title="bbox 175 1504 1755 1584">
     <span class='ocr_line' id='line_1_16' title="bbox 175 1504 1755 1584; baseline -0.004 -18"><span class='ocrx_word' id='word_1_90' title='bbox 175 1512 341 1567; x_wconf 88' lang='grc' dir='ltr'>τοῦτο</span> <span class='ocrx_word' id='word_1_91' title='bbox 370 1513 476 1584; x_wconf 78' lang='grc' dir='ltr'>μὲν</span> <span class='ocrx_word' id='word_1_92' title='bbox 510 1513 593 1566; x_wconf 83' lang='grc' dir='ltr'>ὅτι</span> <span class='ocrx_word' id='word_1_93' title='bbox 624 1504 720 1565; x_wconf 69' lang='grc' dir='ltr'>καὶ</span> <span class='ocrx_word' id='word_1_94' title='bbox 746 1510 955 1583; x_wconf 85' lang='grc' dir='ltr'>χειμὼν</span> <span class='ocrx_word' id='word_1_95' title='bbox 985 1509 1227 1577; x_wconf 80' lang='grc' dir='ltr'>ἐξαίσιος</span> <span class='ocrx_word' id='word_1_96' title='bbox 1260 1510 1556 1577; x_wconf 79' lang='grc' dir='ltr'>ἐπεγένετο</span> <span class='ocrx_word' id='word_1_97' title='bbox 1605 1505 1755 1575; x_wconf 80' lang='grc' dir='ltr'>(ἐπεὶ</span> 
     </span>
    </p>
   </div>
   <div class='ocr_carea' id='block_1_17' title="bbox 183 1600 1756 1676">
    <p class='ocr_par' dir='ltr' id='par_1_17' title="bbox 183 1600 1756 1676">
     <span class='ocr_line' id='line_1_17' title="bbox 183 1600 1756 1676; baseline -0.006 -16"><span class='ocrx_word' id='word_1_98' title='bbox 183 1606 279 1660; x_wconf 84' lang='grc' dir='ltr'>καὶ</span> <span class='ocrx_word' id='word_1_99' title='bbox 324 1606 592 1676; x_wconf 85' lang='grc' dir='ltr'>χειμῶνος</span> <span class='ocrx_word' id='word_1_100' title='bbox 632 1600 701 1675; x_wconf 76' lang='grc' dir='ltr'>ἦν</span> <span class='ocrx_word' id='word_1_101' title='bbox 729 1603 872 1676; x_wconf 90' lang='grc' dir='ltr'>ῶρα,</span> <span class='ocrx_word' id='word_1_102' title='bbox 896 1605 1040 1657; x_wconf 87' lang='grc' dir='ltr'>κατὰ</span> <span class='ocrx_word' id='word_1_103' title='bbox 1080 1602 1228 1674; x_wconf 79' lang='grc' dir='ltr'>μῆνα</span> <span class='ocrx_word' id='word_1_104' title='bbox 1274 1601 1385 1673; x_wconf 78' lang='grc' dir='ltr'>γὰρ</span> <span class='ocrx_word' id='word_1_105' title='bbox 1411 1604 1756 1672; x_wconf 70' lang='grc' dir='ltr'>ἐστρατοπε-</span> 
     </span>
    </p>
   </div>
   <div class='ocr_carea' id='block_1_18' title="bbox 143 1692 1756 1769">
    <p class='ocr_par' dir='ltr' id='par_1_18' title="bbox 143 1692 1756 1769">
     <span class='ocr_line' id='line_1_18' title="bbox 143 1692 1756 1769; baseline -0.006 -14"><span class='ocrx_word' id='word_1_106' title='bbox 143 1742 147 1755; x_wconf 84' lang='grc'><strong><em>.</em></strong></span> <span class='ocrx_word' id='word_1_107' title='bbox 180 1698 398 1753; x_wconf 84' lang='grc' dir='ltr'>δεύοντο</span> <span class='ocrx_word' id='word_1_108' title='bbox 425 1698 811 1769; x_wconf 83' lang='grc' dir='ltr'>Δεκέμϐριον),</span> <span class='ocrx_word' id='word_1_109' title='bbox 849 1697 1012 1752; x_wconf 87' lang='grc' dir='ltr'>τοῦτο</span> <span class='ocrx_word' id='word_1_110' title='bbox 1043 1696 1090 1750; x_wconf 85' lang='grc' dir='ltr'>δ’</span> <span class='ocrx_word' id='word_1_111' title='bbox 1118 1696 1206 1750; x_wconf 74' lang='grc' dir='ltr'>ἵνα</span> <span class='ocrx_word' id='word_1_112' title='bbox 1226 1697 1322 1749; x_wconf 71' lang='grc' dir='ltr'>καὶ</span> <span class='ocrx_word' id='word_1_113' title='bbox 1348 1694 1409 1749; x_wconf 83' lang='grc' dir='ltr'><strong>τὺ</strong></span> <span class='ocrx_word' id='word_1_114' title='bbox 1442 1694 1629 1749; x_wconf 83' lang='grc' dir='ltr'>λεῖπον</span> <span class='ocrx_word' id='word_1_115' title='bbox 1659 1692 1756 1763; x_wconf 82' lang='grc' dir='ltr'>τῆς</span> 
     </span>
    </p>
   </div>
   <div class='ocr_carea' id='block_1_19' title="bbox 182 1786 1751 1862">
    <p class='ocr_par' dir='ltr' id='par_1_19' title="bbox 182 1786 1751 1862">
     <span class='ocr_line' id='line_1_19' title="bbox 182 1786 1751 1862; baseline -0.003 -20"><span class='ocrx_word' id='word_1_116' title='bbox 182 1791 440 1861; x_wconf 80' lang='grc' dir='ltr'>στρατιᾶς</span> <span class='ocrx_word' id='word_1_117' title='bbox 490 1790 790 1862; x_wconf 71' lang='grc' dir='ltr'>ἀθροισθῇο</span> <span class='ocrx_word' id='word_1_118' title='bbox 838 1789 903 1844; x_wconf 78' lang='grc' dir='ltr'><strong>τὸ</strong></span> <span class='ocrx_word' id='word_1_119' title='bbox 950 1789 997 1845; x_wconf 87' lang='grc' dir='ltr'>δ’</span> <span class='ocrx_word' id='word_1_120' title='bbox 1030 1787 1113 1843; x_wconf 80' lang='grc' dir='ltr'>ἔτι</span> <span class='ocrx_word' id='word_1_121' title='bbox 1160 1788 1368 1842; x_wconf 84' lang='grc' dir='ltr'>τούτων</span> <span class='ocrx_word' id='word_1_122' title='bbox 1408 1786 1751 1856; x_wconf 78' lang='grc' dir='ltr'>αἰτιώτερον,</span> 
     </span>
    </p>
   </div>
   <div class='ocr_carea' id='block_1_20' title="bbox 179 1878 1749 1953">
    <p class='ocr_par' dir='ltr' id='par_1_20' title="bbox 179 1878 1749 1953">
     <span class='ocr_line' id='line_1_20' title="bbox 179 1878 1749 1953; baseline -0.003 -18"><span class='ocrx_word' id='word_1_123' title='bbox 179 1882 259 1936; x_wconf 83' lang='grc' dir='ltr'>ὅτι</span> <span class='ocrx_word' id='word_1_124' title='bbox 283 1882 381 1953; x_wconf 83' lang='grc' dir='ltr'><strong>τῆς</strong></span> <span class='ocrx_word' id='word_1_125' title='bbox 421 1881 567 1935; x_wconf 73' lang='grc' dir='ltr'>κατὰ</span> <span class='ocrx_word' id='word_1_126' title='bbox 597 1881 820 1953; x_wconf 77' lang='grc' dir='ltr'>θρᾲκην</span> <span class='ocrx_word' id='word_1_127' title='bbox 867 1879 1187 1950; x_wconf 79' lang='grc' dir='ltr'>Ἡρακλείας</span> <span class='ocrx_word' id='word_1_128' title='bbox 1207 1878 1300 1934; x_wconf 87' lang='grc' dir='ltr'><strong>τοῦ</strong></span> <span class='ocrx_word' id='word_1_129' title='bbox 1332 1878 1454 1933; x_wconf 83' lang='grc' dir='ltr'>νέου</span> <span class='ocrx_word' id='word_1_130' title='bbox 1485 1878 1749 1950; x_wconf 81' lang='grc' dir='ltr'>βασιλέως</span> 
     </span>
    </p>
   </div>
   <div class='ocr_carea' id='block_1_21' title="bbox 183 1969 1749 2044">
    <p class='ocr_par' dir='ltr' id='par_1_21' title="bbox 183 1969 1749 2044">
     <span class='ocr_line' id='line_1_21' title="bbox 183 1969 1749 2044; baseline -0.003 -17"><span class='ocrx_word' id='word_1_131' title='bbox 183 1973 316 2044; x_wconf 75' lang='grc' dir='ltr'>πρὸς</span> <span class='ocrx_word' id='word_1_132' title='bbox 343 1973 436 2025; x_wconf 81' lang='grc' dir='ltr'>τὸν</span> <span class='ocrx_word' id='word_1_133' title='bbox 470 1972 849 2043; x_wconf 82' lang='grc' dir='ltr'>πρεσϐύτερον</span> <span class='ocrx_word' id='word_1_134' title='bbox 871 1972 1208 2041; x_wconf 82' lang='grc' dir='ltr'>ἀποστάσης,</span> <span class='ocrx_word' id='word_1_135' title='bbox 1237 1971 1267 2025; x_wconf 80' lang='grc' dir='ltr'><strong>ὁ</strong></span> <span class='ocrx_word' id='word_1_136' title='bbox 1293 1969 1630 2042; x_wconf 84' lang='grc' dir='ltr'>Συργιάννης</span> <span class='ocrx_word' id='word_1_137' title='bbox 1650 1969 1749 2041; x_wconf 84' lang='grc' dir='ltr'>τὴν</span> 
     </span>
    </p>
   </div>
   <div class='ocr_carea' id='block_1_22' title="bbox 181 2060 1750 2135">
    <p class='ocr_par' dir='ltr' id='par_1_22' title="bbox 181 2060 1750 2135">
     <span class='ocr_line' id='line_1_22' title="bbox 181 2060 1750 2135; baseline -0.001 -19"><span class='ocrx_word' id='word_1_138' title='bbox 181 2061 551 2133; x_wconf 75' lang='grc' dir='ltr'>Βυζαντίηθεν</span> <span class='ocrx_word' id='word_1_139' title='bbox 613 2062 876 2135; x_wconf 83' lang='grc' dir='ltr'>στρατιὰν</span> <span class='ocrx_word' id='word_1_140' title='bbox 938 2060 1299 2133; x_wconf 79' lang='grc' dir='ltr'>παραλαϐὼν,</span> <span class='ocrx_word' id='word_1_141' title='bbox 1353 2060 1642 2134; x_wconf 74' lang='grc' dir='ltr'>ἐνήδρευεν</span> <span class='ocrx_word' id='word_1_142' title='bbox 1691 2061 1750 2114; x_wconf 78' lang='grc' dir='ltr'><strong>ἐν</strong></span> 
     </span>
    </p>
   </div>
   <div class='ocr_carea' id='block_1_23' title="bbox 183 2150 1754 2225">
    <p class='ocr_par' dir='ltr' id='par_1_23' title="bbox 183 2150 1754 2225">
     <span class='ocr_line' id='line_1_23' title="bbox 183 2150 1754 2225; baseline 0 -18"><span class='ocrx_word' id='word_1_143' title='bbox 183 2154 343 2225; x_wconf 75' lang='grc' dir='ltr'>αὐτῇ.</span> <span class='ocrx_word' id='word_1_144' title='bbox 370 2153 588 2218; x_wconf 82' lang='grc' dir='ltr'>Ἐδοξεν</span> <span class='ocrx_word' id='word_1_145' title='bbox 612 2150 704 2208; x_wconf 85' lang='grc' dir='ltr'><strong>οῦν</strong></span> <span class='ocrx_word' id='word_1_146' title='bbox 728 2153 899 2222; x_wconf 80' lang='grc' dir='ltr'>αὐτῆς</span> <span class='ocrx_word' id='word_1_147' title='bbox 926 2153 1145 2225; x_wconf 85' lang='grc' dir='ltr'>πρῶτον</span> <span class='ocrx_word' id='word_1_148' title='bbox 1189 2154 1581 2224; x_wconf 74' lang='grc' dir='ltr'>ἀποπειρᾶσαι.</span> <span class='ocrx_word' id='word_1_149' title='bbox 1610 2154 1754 2224; x_wconf 83' lang='grc' dir='ltr'><strong>Χρό-</strong></span> 
     </span>
    </p>
   </div>
   <div class='ocr_carea' id='block_1_24' title="bbox 188 2244 1753 2317">
    <p class='ocr_par' dir='ltr' id='par_1_24' title="bbox 188 2244 1753 2317">
     <span class='ocr_line' id='line_1_24' title="bbox 188 2244 1753 2317; baseline 0.001 -20"><span class='ocrx_word' id='word_1_150' title='bbox 188 2261 279 2297; x_wconf 86' lang='grc' dir='ltr'><strong>νου</strong></span> <span class='ocrx_word' id='word_1_151' title='bbox 309 2244 367 2298; x_wconf 78' lang='grc' dir='ltr'><strong>δέ</strong></span> <span class='ocrx_word' id='word_1_152' title='bbox 397 2244 562 2298; x_wconf 83' lang='grc' dir='ltr'>αὐτοῦ</span> <span class='ocrx_word' id='word_1_153' title='bbox 601 2262 746 2311; x_wconf 88' lang='grc' dir='ltr'>τινος</span> <span class='ocrx_word' id='word_1_154' title='bbox 778 2246 1121 2317; x_wconf 76' lang='grc' dir='ltr'>τριϐομένου,</span> <span class='ocrx_word' id='word_1_155' title='bbox 1164 2245 1315 2312; x_wconf 71' lang='grc' dir='ltr'>εδοξε</span> <span class='ocrx_word' id='word_1_156' title='bbox 1360 2246 1473 2310; x_wconf 77' lang='grc' dir='ltr'>τοῖς</span> <span class='ocrx_word' id='word_1_157' title='bbox 1515 2248 1574 2300; x_wconf 71' lang='grc' dir='ltr'><strong>ἐν</strong></span> <span class='ocrx_word' id='word_1_158' title='bbox 1604 2245 1753 2299; x_wconf 80' lang='grc' dir='ltr'>τέλει</span> 
     </span>
    </p>
   </div>
   <div class='ocr_carea' id='block_1_25' title="bbox 191 2336 1752 2410">
    <p class='ocr_par' dir='ltr' id='par_1_25' title="bbox 191 2336 1752 2410">
     <span class='ocr_line' id='line_1_25' title="bbox 191 2336 1752 2410; baseline 0.001 -21"><span class='ocrx_word' id='word_1_159' title='bbox 191 2337 327 2390; x_wconf 77' lang='grc' dir='ltr'>πᾶσι</span> <span class='ocrx_word' id='word_1_160' title='bbox 376 2336 473 2390; x_wconf 82' lang='grc' dir='ltr'>καὶ</span> <span class='ocrx_word' id='word_1_161' title='bbox 519 2338 634 2403; x_wconf 81' lang='grc' dir='ltr'>τρῖς</span> <span class='ocrx_word' id='word_1_162' title='bbox 684 2338 913 2409; x_wconf 75' lang='grc' dir='ltr'>ἡγεμόσι</span> <span class='ocrx_word' id='word_1_163' title='bbox 952 2338 1049 2407; x_wconf 85' lang='grc' dir='ltr'>τῆς</span> <span class='ocrx_word' id='word_1_164' title='bbox 1100 2339 1362 2410; x_wconf 79' lang='grc' dir='ltr'>στρατιᾶς</span> <span class='ocrx_word' id='word_1_165' title='bbox 1416 2338 1752 2406; x_wconf 79' lang='grc' dir='ltr'>συνελθοῦσι,</span> 
     </span>
    </p>
   </div>
   <div class='ocr_carea' id='block_1_26' title="bbox 196 2425 1753 2502">
    <p class='ocr_par' dir='ltr' id='par_1_26' title="bbox 196 2425 1753 2502">
     <span class='ocr_line' id='line_1_26' title="bbox 196 2425 1753 2502; baseline 0.002 -23"><span class='ocrx_word' id='word_1_166' title='bbox 196 2425 492 2497; x_wconf 84' lang='grc' dir='ltr'>πρεσϐείαν</span> <span class='ocrx_word' id='word_1_167' title='bbox 523 2428 599 2494; x_wconf 84' lang='grc' dir='ltr'><strong>ὡς</strong></span> <span class='ocrx_word' id='word_1_168' title='bbox 629 2428 856 2499; x_wconf 75' lang='grc' dir='ltr'>βασιλέα</span> <span class='ocrx_word' id='word_1_169' title='bbox 901 2429 992 2483; x_wconf 83' lang='grc' dir='ltr'>τὸν</span> <span class='ocrx_word' id='word_1_170' title='bbox 1032 2429 1407 2502; x_wconf 87' lang='grc' dir='ltr'>πρεσϐύτερον</span> <span class='ocrx_word' id='word_1_171' title='bbox 1432 2429 1753 2484; x_wconf 75' lang='grc' dir='ltr'>ἀποστεῖλαι</span> 
     </span>
    </p>
   </div>
   <div class='ocr_carea' id='block_1_27' title="bbox 188 2520 1755 2595">
    <p class='ocr_par' dir='ltr' id='par_1_27' title="bbox 188 2520 1755 2595">
     <span class='ocr_line' id='line_1_27' title="bbox 188 2520 1755 2595; baseline 0.002 -22"><span class='ocrx_word' id='word_1_172' title='bbox 188 2520 582 2593; x_wconf 79' lang='grc' dir='ltr'>ἐξαιτήσουσαν</span> <span class='ocrx_word' id='word_1_173' title='bbox 612 2522 935 2595; x_wconf 80' lang='grc' dir='ltr'>είρήνην.⁶0</span> <span class='ocrx_word' id='word_1_174' title='bbox 964 2523 1061 2579; x_wconf 81' lang='grc' dir='ltr'>καὶ</span> <span class='ocrx_word' id='word_1_175' title='bbox 1086 2522 1181 2577; x_wconf 86' lang='grc' dir='ltr'><strong>τοῦ</strong></span> <span class='ocrx_word' id='word_1_176' title='bbox 1208 2523 1331 2578; x_wconf 82' lang='grc' dir='ltr'>νέου</span> <span class='ocrx_word' id='word_1_177' title='bbox 1354 2521 1618 2594; x_wconf 83' lang='grc' dir='ltr'>βασιλέως</span> <span class='ocrx_word' id='word_1_178' title='bbox 1652 2540 1755 2576; x_wconf 86' lang='grc' dir='ltr'>πυ·</span> 
     </span>
    </p>
   </div>
   <div class='ocr_carea' id='block_1_28' title="bbox 189 2604 1756 2687">
    <p class='ocr_par' dir='ltr' id='par_1_28' title="bbox 189 2604 1756 2687">
     <span class='ocr_line' id='line_1_28' title="bbox 189 2604 1756 2687; baseline 0.001 -22"><span class='ocrx_word' id='word_1_179' title='bbox 189 2612 437 2684; x_wconf 86' lang='grc' dir='ltr'>θομένου,</span> <span class='ocrx_word' id='word_1_180' title='bbox 479 2614 602 2668; x_wconf 75' lang='grc' dir='ltr'>ἐπεὶ</span> <span class='ocrx_word' id='word_1_181' title='bbox 661 2616 804 2669; x_wconf 80' lang='grc' dir='ltr'>κατὰ</span> <span class='ocrx_word' id='word_1_182' title='bbox 855 2614 1084 2686; x_wconf 83' lang='grc' dir='ltr'>γνώμην</span> <span class='ocrx_word' id='word_1_183' title='bbox 1137 2614 1286 2687; x_wconf 80' lang='grc' dir='ltr'>αὐτῷ</span> <span class='ocrx_word' id='word_1_184' title='bbox 1335 2609 1427 2687; x_wconf 77' lang='grc' dir='ltr'>ἦν,</span> <span class='ocrx_word' id='word_1_185' title='bbox 1472 2604 1756 2683; x_wconf 73' lang='grc' dir='ltr'>πέμῖπουσί</span> 
     </span>
    </p>
   </div>
   <div class='ocr_carea' id='block_1_29' title="bbox 185 2702 1756 2776">
    <p class='ocr_par' dir='ltr' id='par_1_29' title="bbox 185 2702 1756 2776">
     <span class='ocr_line' id='line_1_29' title="bbox 185 2702 1756 2776; baseline 0.002 -23"><span class='ocrx_word' id='word_1_186' title='bbox 185 2719 309 2756; x_wconf 83' lang='grc' dir='ltr'>τινα</span> <span class='ocrx_word' id='word_1_187' title='bbox 334 2702 445 2755; x_wconf 81' lang='grc' dir='ltr'><strong>τῶν</strong></span> <span class='ocrx_word' id='word_1_188' title='bbox 475 2702 573 2772; x_wconf 79' lang='grc' dir='ltr'>τῆς</span> <span class='ocrx_word' id='word_1_189' title='bbox 606 2705 869 2769; x_wconf 80' lang='grc' dir='ltr'>στρατιᾶς</span> <span class='ocrx_word' id='word_1_190' title='bbox 897 2704 1312 2775; x_wconf 81' lang='grc' dir='ltr'>Καλοχαιρέτην</span> <span class='ocrx_word' id='word_1_191' title='bbox 1340 2702 1756 2776; x_wconf 76' lang='grc' dir='ltr'>ὠνομασμένον,</span> 
     </span>
    </p>
   </div>
   <div class='ocr_carea' id='block_1_30' title="bbox 184 2792 1758 2871">
    <p class='ocr_par' dir='ltr' id='par_1_30' title="bbox 184 2792 1758 2871">
     <span class='ocr_line' id='line_1_30' title="bbox 184 2792 1758 2871; baseline 0.002 -25"><span class='ocrx_word' id='word_1_192' title='bbox 184 2792 254 2848; x_wconf 84' lang='grc' dir='ltr'>τὰ</span> <span class='ocrx_word' id='word_1_193' title='bbox 278 2793 583 2865; x_wconf 81' lang='grc' dir='ltr'>γράμματα</span> <span class='ocrx_word' id='word_1_194' title='bbox 621 2793 1030 2865; x_wconf 82' lang='grc' dir='ltr'>ἐγχειρίσαντες</span> <span class='ocrx_word' id='word_1_195' title='bbox 1077 2795 1225 2866; x_wconf 79' lang='grc' dir='ltr'>(ἐπεὶ</span> <span class='ocrx_word' id='word_1_196' title='bbox 1286 2795 1375 2851; x_wconf 86' lang='grc' dir='ltr'><strong>διὰ</strong></span> <span class='ocrx_word' id='word_1_197' title='bbox 1412 2795 1758 2871; x_wconf 80' lang='grc' dir='ltr'>γραμμάτων</span> 
     </span>
    </p>
   </div>
   <div class='ocr_carea' id='block_1_31' title="bbox 182 2878 1758 2955">
    <p class='ocr_par' dir='ltr' id='par_1_31' title="bbox 182 2878 1758 2955">
     <span class='ocr_line' id='line_1_31' title="bbox 182 2878 1758 2955; baseline 0.001 -19"><span class='ocrx_word' id='word_1_198' title='bbox 182 2878 253 2954; x_wconf 78' lang='grc' dir='ltr'>ἦν</span> <span class='ocrx_word' id='word_1_199' title='bbox 290 2884 324 2954; x_wconf 91' lang='grc' dir='ltr'><strong>ἡ</strong></span> <span class='ocrx_word' id='word_1_200' title='bbox 359 2882 629 2952; x_wconf 84' lang='grc' dir='ltr'>πρεσϐεία</span> <span class='ocrx_word' id='word_1_201' title='bbox 657 2898 669 2911; x_wconf 83' lang='grc'><em>’</em></span> <span class='ocrx_word' id='word_1_202' title='bbox 713 2884 876 2948; x_wconf 80' lang='grc' dir='ltr'>αὐτὸς</span> <span class='ocrx_word' id='word_1_203' title='bbox 910 2884 966 2938; x_wconf 82' lang='grc' dir='ltr'>δὲ</span> <span class='ocrx_word' id='word_1_204' title='bbox 1005 2885 1168 2955; x_wconf 88' lang='grc' dir='ltr'>μόνον</span> <span class='ocrx_word' id='word_1_205' title='bbox 1197 2883 1552 2954; x_wconf 83' lang='grc' dir='ltr'>διακομιστοῦ</span> <span class='ocrx_word' id='word_1_206' title='bbox 1605 2885 1758 2953; x_wconf 81' lang='grc' dir='ltr'>τάξιν</span> 
     </span>
    </p>
   </div>
   <div class='ocr_carea' id='block_1_32' title="bbox 184 2974 1764 3048">
    <p class='ocr_par' dir='ltr' id='par_1_32' title="bbox 184 2974 1764 3048">
     <span class='ocr_line' id='line_1_32' title="bbox 184 2974 1764 3048; baseline 0.003 -22"><span class='ocrx_word' id='word_1_207' title='bbox 184 2977 455 3047; x_wconf 70' lang='grc' dir='ltr'>ἐπεῖχεν).</span> <span class='ocrx_word' id='word_1_208' title='bbox 496 2974 721 3048; x_wconf 79' lang='grc' dir='ltr'>Ἐδὴλου</span> <span class='ocrx_word' id='word_1_209' title='bbox 743 2975 800 3029; x_wconf 83' lang='grc' dir='ltr'><strong>δέ</strong></span> <span class='ocrx_word' id='word_1_210' title='bbox 825 2977 894 3030; x_wconf 80' lang='grc' dir='ltr'><strong>τὰ</strong></span> <span class='ocrx_word' id='word_1_211' title='bbox 920 2976 1226 3047; x_wconf 81' lang='grc' dir='ltr'>γράμματα</span> <span class='ocrx_word' id='word_1_212' title='bbox 1252 2976 1480 3031; x_wconf 81' lang='grc' dir='ltr'>τοιαῦτα</span> <span class='ocrx_word' id='word_1_213' title='bbox 1502 2992 1518 3007; x_wconf 79' lang='grc' dir='ltr'><strong><em>ο</em></strong></span> <span class='ocrx_word' id='word_1_214' title='bbox 1555 2976 1764 3047; x_wconf 80' lang='grc' dir='ltr'>Κράτι-</span> 
     </span>
    </p>
   </div>
   <div class='ocr_carea' id='block_1_33' title="bbox 186 3066 1761 3140">
    <p class='ocr_par' dir='ltr' id='par_1_33' title="bbox 186 3066 1761 3140">
     <span class='ocr_line' id='line_1_33' title="bbox 186 3066 1761 3140; baseline 0.001 -21"><span class='ocrx_word' id='word_1_215' title='bbox 186 3083 282 3119; x_wconf 81' lang='grc' dir='ltr'><strong>στε</strong></span> <span class='ocrx_word' id='word_1_216' title='bbox 308 3066 551 3139; x_wconf 82' lang='grc' dir='ltr'>βασιλεῦ,</span> <span class='ocrx_word' id='word_1_217' title='bbox 581 3069 743 3137; x_wconf 78' lang='grc' dir='ltr'>ἡμεῖς</span> <span class='ocrx_word' id='word_1_218' title='bbox 770 3066 977 3122; x_wconf 73' lang='grc' dir='ltr'>ἀνωθεν</span> <span class='ocrx_word' id='word_1_219' title='bbox 1015 3069 1080 3130; x_wconf 80' lang='grc' dir='ltr'><strong>ἐκ</strong></span> <span class='ocrx_word' id='word_1_220' title='bbox 1098 3068 1391 3140; x_wconf 65' lang='grc' dir='ltr'>*προγόνων</span> <span class='ocrx_word' id='word_1_221' title='bbox 1419 3066 1573 3132; x_wconf 76' lang='grc' dir='ltr'>ὅντες</span> <span class='ocrx_word' id='word_1_222' title='bbox 1625 3067 1761 3123; x_wconf 75' lang='grc' dir='ltr'><strong>Ῥω-</strong></span> 
     </span>
    </p>
   </div>
   <div class='ocr_carea' id='block_1_34' title="bbox 1853 585 3427 657">
    <p class='ocr_par' dir='ltr' id='par_1_34' title="bbox 1853 585 3427 657">
     <span class='ocr_line' id='line_1_34' title="bbox 1853 585 3427 657; baseline -0.001 -15"><span class='ocrx_word' id='word_1_223' title='bbox 1853 589 1975 642; x_wconf 88' lang='lat' dir='ltr'><strong>loco</strong></span> <span class='ocrx_word' id='word_1_224' title='bbox 1997 588 2180 643; x_wconf 87' lang='lat' dir='ltr'><strong>omnis</strong></span> <span class='ocrx_word' id='word_1_225' title='bbox 2218 586 2464 657; x_wconf 69' lang='lat' dir='ltr'><strong>prmsidii</strong></span> <span class='ocrx_word' id='word_1_226' title='bbox 2509 599 2574 641; x_wconf 87' lang='lat' dir='ltr'><strong>ac</strong></span> <span class='ocrx_word' id='word_1_227' title='bbox 2600 586 2783 642; x_wconf 77' lang='lat' dir='ltr'><strong>tutela:</strong></span> <span class='ocrx_word' id='word_1_228' title='bbox 2814 588 3042 643; x_wconf 77' lang='lat' dir='ltr'><strong>relictis.</strong></span> <span class='ocrx_word' id='word_1_229' title='bbox 3087 585 3220 643; x_wconf 88' lang='lat' dir='ltr'><strong>Erat</strong></span> <span class='ocrx_word' id='word_1_230' title='bbox 3251 586 3427 657; x_wconf 83' lang='lat' dir='ltr'><strong>siqui-</strong></span> 
     </span>
    </p>
   </div>
   <div class='ocr_carea' id='block_1_35' title="bbox 1852 678 3425 750">
    <p class='ocr_par' dir='ltr' id='par_1_35' title="bbox 1852 678 3425 750">
     <span class='ocr_line' id='line_1_35' title="bbox 1852 678 3425 750; baseline -0.001 -16"><span class='ocrx_word' id='word_1_231' title='bbox 1852 679 1974 734; x_wconf 87' lang='lat' dir='ltr'><strong>dem</strong></span> <span class='ocrx_word' id='word_1_232' title='bbox 2010 680 2183 748; x_wconf 87' lang='lat' dir='ltr'><strong>perita</strong></span> <span class='ocrx_word' id='word_1_233' title='bbox 2227 679 2588 750; x_wconf 58' lang='lat' dir='ltr'><strong>Palmologina</strong></span> <span class='ocrx_word' id='word_1_234' title='bbox 2617 679 2991 748; x_wconf 73' lang='lat' dir='ltr'><strong>gubernanda:</strong></span> <span class='ocrx_word' id='word_1_235' title='bbox 3024 678 3340 748; x_wconf 54' lang='lat' dir='ltr'><strong>reipublicae</strong></span> <span class='ocrx_word' id='word_1_236' title='bbox 3366 688 3425 735; x_wconf 88' lang='lat' dir='ltr'><strong>et</strong></span> 
     </span>
    </p>
   </div>
   <div class='ocr_carea' id='block_1_36' title="bbox 1851 766 3424 840">
    <p class='ocr_par' dir='ltr' id='par_1_36' title="bbox 1851 766 3424 840">
     <span class='ocr_line' id='line_1_36' title="bbox 1851 766 3424 840; baseline -0.001 -15"><span class='ocrx_word' id='word_1_237' title='bbox 1851 769 2113 825; x_wconf 82' lang='lat' dir='ltr'><strong>solidiore</strong></span> <span class='ocrx_word' id='word_1_238' title='bbox 2138 769 2453 839; x_wconf 75' lang='lat' dir='ltr'><strong>prudentia,</strong></span> <span class='ocrx_word' id='word_1_239' title='bbox 2478 783 2642 840; x_wconf 86' lang='lat' dir='ltr'><strong>quam</strong></span> <span class='ocrx_word' id='word_1_240' title='bbox 2672 766 2832 825; x_wconf 83' lang='lat' dir='ltr'><strong>cadat</strong></span> <span class='ocrx_word' id='word_1_241' title='bbox 2854 770 2908 824; x_wconf 88' lang='lat' dir='ltr'><strong>in</strong></span> <span class='ocrx_word' id='word_1_242' title='bbox 2940 780 3188 824; x_wconf 79' lang='lat' dir='ltr'><strong>naturam</strong></span> <span class='ocrx_word' id='word_1_243' title='bbox 3224 769 3424 823; x_wconf 75' lang='lat' dir='ltr'><strong>mulie-</strong></span> 
     </span>
    </p>
   </div>
   <div class='ocr_carea' id='block_1_37' title="bbox 1850 846 3426 929">
    <p class='ocr_par' dir='ltr' id='par_1_37' title="bbox 1850 846 3426 929">
     <span class='ocr_line' id='line_1_37' title="bbox 1850 846 3426 929; baseline -0.005 -13"><span class='ocrx_word' id='word_1_244' title='bbox 1850 861 2026 916; x_wconf 87' lang='lat' dir='ltr'><strong>brem.</strong></span> <span class='ocrx_word' id='word_1_245' title='bbox 2078 860 2210 929; x_wconf 84' lang='lat' dir='ltr'><strong>Ejus</strong></span> <span class='ocrx_word' id='word_1_246' title='bbox 2265 846 2542 915; x_wconf 78' lang='lat' dir='ltr'><strong>mandatis</strong></span> <span class='ocrx_word' id='word_1_247' title='bbox 2590 861 2866 923; x_wconf 87' lang='lat' dir='ltr'><strong>omnibus,</strong></span> <span class='ocrx_word' id='word_1_248' title='bbox 2899 872 2954 914; x_wconf 89' lang='lat' dir='ltr'><strong>et</strong></span> <span class='ocrx_word' id='word_1_249' title='bbox 2999 859 3218 914; x_wconf 84' lang='lat' dir='ltr'><strong>urbium</strong></span> <span class='ocrx_word' id='word_1_250' title='bbox 3256 860 3426 928; x_wconf 81' lang='lat' dir='ltr'><strong>magi-</strong></span> 
     </span>
    </p>
   </div>
   <div class='ocr_carea' id='block_1_38' title="bbox 1853 937 3475 1020">
    <p class='ocr_par' dir='ltr' id='par_1_38' title="bbox 1853 937 3475 1020">
     <span class='ocr_line' id='line_1_38' title="bbox 1853 937 3475 1020; baseline -0.002 -12"><span class='ocrx_word' id='word_1_251' title='bbox 1853 962 2065 1009; x_wconf 90' lang='lat' dir='ltr'><strong>stratus</strong></span> <span class='ocrx_word' id='word_1_252' title='bbox 2092 968 2308 1018; x_wconf 91' lang='lat' dir='ltr'><strong>omnes,</strong></span> <span class='ocrx_word' id='word_1_253' title='bbox 2340 963 2395 1008; x_wconf 90' lang='lat' dir='ltr'><strong>et</strong></span> <span class='ocrx_word' id='word_1_254' title='bbox 2426 968 2609 1007; x_wconf 90' lang='lat' dir='ltr'><strong>rerum</strong></span> <span class='ocrx_word' id='word_1_255' title='bbox 2658 952 3135 1008; x_wconf 88' lang='lat' dir='ltr'><strong>administratores</strong></span> <span class='ocrx_word' id='word_1_256' title='bbox 3166 959 3427 1020; x_wconf 87' lang='lat' dir='ltr'><strong>parerent</strong></span> <span class='ocrx_word' id='word_1_257' title='bbox 3462 937 3475 945; x_wconf 64' lang='grc'><em>’</em></span> 
     </span>
    </p>
   </div>
   <div class='ocr_carea' id='block_1_39' title="bbox 1852 1044 3427 1113">
    <p class='ocr_par' dir='ltr' id='par_1_39' title="bbox 1852 1044 3427 1113">
     <span class='ocr_line' id='line_1_39' title="bbox 1852 1044 3427 1113; baseline -0.003 -13"><span class='ocrx_word' id='word_1_258' title='bbox 1852 1060 1977 1100; x_wconf 88' lang='lat' dir='ltr'><strong>cum</strong></span> <span class='ocrx_word' id='word_1_259' title='bbox 2016 1044 2302 1112; x_wconf 80' lang='lat' dir='ltr'><strong>edixisset,</strong></span> <span class='ocrx_word' id='word_1_260' title='bbox 2339 1054 2401 1101; x_wconf 90' lang='lat' dir='ltr'><strong>et</strong></span> <span class='ocrx_word' id='word_1_261' title='bbox 2432 1061 2492 1101; x_wconf 87' lang='lat' dir='ltr'><strong>se</strong></span> <span class='ocrx_word' id='word_1_262' title='bbox 2520 1046 2671 1102; x_wconf 88' lang='lat' dir='ltr'><strong>curis</strong></span> <span class='ocrx_word' id='word_1_263' title='bbox 2719 1053 3096 1107; x_wconf 80' lang='lat' dir='ltr'><strong>exonerasset,</strong></span> <span class='ocrx_word' id='word_1_264' title='bbox 3130 1054 3427 1113; x_wconf 66' lang='lat' dir='ltr'><strong>praeterea-</strong></span> 
     </span>
    </p>
   </div>
   <div class='ocr_carea' id='block_1_40' title="bbox 1852 1122 3428 1209">
    <p class='ocr_par' dir='ltr' id='par_1_40' title="bbox 1852 1122 3428 1209">
     <span class='ocr_line' id='line_1_40' title="bbox 1852 1122 3428 1209; baseline -0.003 -16"><span class='ocrx_word' id='word_1_265' title='bbox 1852 1122 1960 1209; x_wconf 77' lang='lat' dir='ltr'><strong>que</strong></span> <span class='ocrx_word' id='word_1_266' title='bbox 1990 1138 2267 1195; x_wconf 78' lang='lat' dir='ltr'><strong>exercitus</strong></span> <span class='ocrx_word' id='word_1_267' title='bbox 2298 1154 2396 1209; x_wconf 87' lang='lat' dir='ltr'><strong>per</strong></span> <span class='ocrx_word' id='word_1_268' title='bbox 2429 1139 2737 1207; x_wconf 70' lang='lat' dir='ltr'><strong>octiduunu,</strong></span> <span class='ocrx_word' id='word_1_269' title='bbox 2797 1139 2875 1193; x_wconf 86' lang='lat' dir='ltr'><strong>uti</strong></span> <span class='ocrx_word' id='word_1_270' title='bbox 2905 1140 3212 1209; x_wconf 80' lang='lat' dir='ltr'><strong>rogaverat,</strong></span> <span class='ocrx_word' id='word_1_271' title='bbox 3247 1152 3307 1193; x_wconf 89' lang='lat' dir='ltr'><strong>se</strong></span> <span class='ocrx_word' id='word_1_272' title='bbox 3341 1138 3428 1191; x_wconf 86' lang='lat' dir='ltr'><strong>in-</strong></span> 
     </span>
    </p>
   </div>
   <div class='ocr_carea' id='block_1_41' title="bbox 1854 1229 3433 1302">
    <p class='ocr_par' dir='ltr' id='par_1_41' title="bbox 1854 1229 3433 1302">
     <span class='ocr_line' id='line_1_41' title="bbox 1854 1229 3433 1302; baseline -0.001 -17"><span class='ocrx_word' id='word_1_273' title='bbox 1854 1231 2484 1298; x_wconf 75' lang='lat' dir='ltr'><strong>struxissel,Tzurulum</strong></span> <span class='ocrx_word' id='word_1_274' title='bbox 2511 1232 2639 1288; x_wconf 89' lang='lat' dir='ltr'><strong>inde</strong></span> <span class='ocrx_word' id='word_1_275' title='bbox 2664 1231 2963 1302; x_wconf 83' lang='lat' dir='ltr'><strong>profectus,</strong></span> <span class='ocrx_word' id='word_1_276' title='bbox 2993 1241 3171 1286; x_wconf 84' lang='lat' dir='ltr'><strong>castra</strong></span> <span class='ocrx_word' id='word_1_277' title='bbox 3196 1229 3348 1296; x_wconf 88' lang='lat' dir='ltr'><strong>fecit,</strong></span> <span class='ocrx_word' id='word_1_278' title='bbox 3374 1239 3433 1285; x_wconf 91' lang='lat' dir='ltr'><strong>et</strong></span> 
     </span>
    </p>
   </div>
   <div class='ocr_carea' id='block_1_42' title="bbox 1856 1322 3429 1396">
    <p class='ocr_par' dir='ltr' id='par_1_42' title="bbox 1856 1322 3429 1396">
     <span class='ocr_line' id='line_1_42' title="bbox 1856 1322 3429 1396; baseline -0.002 -18"><span class='ocrx_word' id='word_1_279' title='bbox 1856 1323 1974 1380; x_wconf 90' lang='lat' dir='ltr'><strong>dies</strong></span> <span class='ocrx_word' id='word_1_280' title='bbox 2011 1324 2223 1396; x_wconf 82' lang='lat' dir='ltr'><strong>aliquot</strong></span> <span class='ocrx_word' id='word_1_281' title='bbox 2275 1325 2352 1380; x_wconf 89' lang='lat' dir='ltr'><strong>ibi</strong></span> <span class='ocrx_word' id='word_1_282' title='bbox 2390 1325 2598 1381; x_wconf 83' lang='lat' dir='ltr'><strong>mansit</strong></span> <span class='ocrx_word' id='word_1_283' title='bbox 2631 1343 2643 1378; x_wconf 91' lang='lat'><strong>:</strong></span> <span class='ocrx_word' id='word_1_284' title='bbox 2686 1324 2853 1380; x_wconf 87' lang='lat' dir='ltr'><strong>simul</strong></span> <span class='ocrx_word' id='word_1_285' title='bbox 2888 1332 3110 1393; x_wconf 79' lang='lat' dir='ltr'><strong>propter</strong></span> <span class='ocrx_word' id='word_1_286' title='bbox 3165 1322 3429 1393; x_wconf 70' lang='lat' dir='ltr'><strong>frigorum</strong></span> 
     </span>
    </p>
   </div>
   <div class='ocr_carea' id='block_1_43' title="bbox 1854 1414 3428 1483">
    <p class='ocr_par' dir='ltr' id='par_1_43' title="bbox 1854 1414 3428 1483">
     <span class='ocr_line' id='line_1_43' title="bbox 1854 1414 3428 1483; baseline -0.001 -12"><span class='ocrx_word' id='word_1_287' title='bbox 1854 1415 2214 1473; x_wconf 73' lang='lat' dir='ltr'><strong>acerbitatem</strong></span> <span class='ocrx_word' id='word_1_288' title='bbox 2271 1415 2475 1478; x_wconf 80' lang='lat' dir='ltr'><strong>(hiems</strong></span> <span class='ocrx_word' id='word_1_289' title='bbox 2502 1418 2651 1472; x_wconf 90' lang='lat' dir='ltr'><strong>enim</strong></span> <span class='ocrx_word' id='word_1_290' title='bbox 2696 1425 2837 1483; x_wconf 87' lang='lat' dir='ltr'><strong>erat,</strong></span> <span class='ocrx_word' id='word_1_291' title='bbox 2873 1425 2929 1470; x_wconf 88' lang='lat' dir='ltr'><strong>et</strong></span> <span class='ocrx_word' id='word_1_292' title='bbox 2961 1415 3167 1469; x_wconf 82' lang='lat' dir='ltr'><strong>mensis</strong></span> <span class='ocrx_word' id='word_1_293' title='bbox 3202 1414 3428 1469; x_wconf 85' lang='lat' dir='ltr'><strong>Decem-</strong></span> 
     </span>
    </p>
   </div>
   <div class='ocr_carea' id='block_1_44' title="bbox 1854 1506 3430 1579">
    <p class='ocr_par' dir='ltr' id='par_1_44' title="bbox 1854 1506 3430 1579">
     <span class='ocr_line' id='line_1_44' title="bbox 1854 1506 3430 1579; baseline -0.002 -17"><span class='ocrx_word' id='word_1_294' title='bbox 1854 1506 1997 1578; x_wconf 88' lang='lat' dir='ltr'><strong>ber),</strong></span> <span class='ocrx_word' id='word_1_295' title='bbox 2030 1507 2193 1562; x_wconf 86' lang='lat' dir='ltr'><strong>simul</strong></span> <span class='ocrx_word' id='word_1_296' title='bbox 2225 1515 2286 1563; x_wconf 92' lang='lat' dir='ltr'><strong>ut</strong></span> <span class='ocrx_word' id='word_1_297' title='bbox 2306 1523 2359 1564; x_wconf 90' lang='lat' dir='ltr'><strong>et</strong></span> <span class='ocrx_word' id='word_1_298' title='bbox 2384 1519 2581 1564; x_wconf 81' lang='lat' dir='ltr'><strong>caetera</strong></span> <span class='ocrx_word' id='word_1_299' title='bbox 2616 1524 2743 1579; x_wconf 84' lang='lat' dir='ltr'><strong>pars</strong></span> <span class='ocrx_word' id='word_1_300' title='bbox 2760 1508 3043 1579; x_wconf 84' lang='lat' dir='ltr'><strong>exercitus</strong></span> <span class='ocrx_word' id='word_1_301' title='bbox 3062 1508 3269 1561; x_wconf 83' lang='lat' dir='ltr'><strong>interea</strong></span> <span class='ocrx_word' id='word_1_302' title='bbox 3297 1521 3430 1560; x_wconf 83' lang='lat' dir='ltr'><strong>con-</strong></span> 
     </span>
    </p>
   </div>
   <div class='ocr_carea' id='block_1_45' title="bbox 1852 1599 3431 1672">
    <p class='ocr_par' dir='ltr' id='par_1_45' title="bbox 1852 1599 3431 1672">
     <span class='ocr_line' id='line_1_45' title="bbox 1852 1599 3431 1672; baseline 0.001 -23"><span class='ocrx_word' id='word_1_303' title='bbox 1852 1600 2105 1656; x_wconf 86' lang='lat' dir='ltr'><strong>veniret:</strong></span> <span class='ocrx_word' id='word_1_304' title='bbox 2130 1600 2395 1672; x_wconf 82' lang='lat' dir='ltr'><strong>quodque</strong></span> <span class='ocrx_word' id='word_1_305' title='bbox 2427 1602 2652 1672; x_wconf 79' lang='lat' dir='ltr'><strong>majoris</strong></span> <span class='ocrx_word' id='word_1_306' title='bbox 2683 1601 2872 1668; x_wconf 83' lang='lat' dir='ltr'><strong>utique</strong></span> <span class='ocrx_word' id='word_1_307' title='bbox 2904 1599 3162 1654; x_wconf 83' lang='lat' dir='ltr'><strong>momenti</strong></span> <span class='ocrx_word' id='word_1_308' title='bbox 3200 1607 3341 1662; x_wconf 87' lang='lat' dir='ltr'><strong>erat,</strong></span> <span class='ocrx_word' id='word_1_309' title='bbox 3367 1606 3431 1652; x_wconf 90' lang='lat' dir='ltr'><strong>ut</strong></span> 
     </span>
    </p>
   </div>
   <div class='ocr_carea' id='block_1_46' title="bbox 1854 1690 3507 1763">
    <p class='ocr_par' dir='ltr' id='par_1_46' title="bbox 1854 1690 3507 1763">
     <span class='ocr_line' id='line_1_46' title="bbox 1854 1690 3507 1763; baseline 0.001 -18"><span class='ocrx_word' id='word_1_310' title='bbox 1854 1692 1984 1762; x_wconf 85' lang='lat' dir='ltr'><strong>quia</strong></span> <span class='ocrx_word' id='word_1_311' title='bbox 2014 1691 2275 1749; x_wconf 85' lang='lat' dir='ltr'><strong>Heraclea</strong></span> <span class='ocrx_word' id='word_1_312' title='bbox 2309 1693 2552 1749; x_wconf 71' lang='lat' dir='ltr'><strong>Thraciae</strong></span> <span class='ocrx_word' id='word_1_313' title='bbox 2578 1694 2772 1750; x_wconf 83' lang='lat' dir='ltr'><strong>civitas</strong></span> <span class='ocrx_word' id='word_1_314' title='bbox 2813 1694 2918 1749; x_wconf 79' lang='lat' dir='ltr'><strong>ﬁde</strong></span> <span class='ocrx_word' id='word_1_315' title='bbox 2948 1702 3105 1763; x_wconf 87' lang='lat' dir='ltr'><strong>rupta</strong></span> <span class='ocrx_word' id='word_1_316' title='bbox 3145 1692 3212 1746; x_wconf 82' lang='lat' dir='ltr'><strong>ad</strong></span> <span class='ocrx_word' id='word_1_317' title='bbox 3240 1690 3426 1762; x_wconf 79' lang='lat' dir='ltr'><strong>senio-</strong></span> <span class='ocrx_word' id='word_1_318' title='bbox 3506 1760 3507 1763; x_wconf 20' lang='grc' dir='ltr'><strong>η</strong></span> 
     </span>
    </p>
   </div>
   <div class='ocr_carea' id='block_1_47' title="bbox 1856 1782 3432 1859">
    <p class='ocr_par' dir='ltr' id='par_1_47' title="bbox 1856 1782 3432 1859">
     <span class='ocr_line' id='line_1_47' title="bbox 1856 1782 3432 1859; baseline 0.003 -23"><span class='ocrx_word' id='word_1_319' title='bbox 1856 1798 1972 1839; x_wconf 79' lang='lat' dir='ltr'><strong>rem</strong></span> <span class='ocrx_word' id='word_1_320' title='bbox 2006 1782 2320 1850; x_wconf 75' lang='lat' dir='ltr'><strong>defecisset,</strong></span> <span class='ocrx_word' id='word_1_321' title='bbox 2345 1795 2398 1839; x_wconf 93' lang='lat' dir='ltr'><strong>et</strong></span> <span class='ocrx_word' id='word_1_322' title='bbox 2445 1785 2777 1859; x_wconf 79' lang='lat' dir='ltr'><strong>Syrgiannes</strong></span> <span class='ocrx_word' id='word_1_323' title='bbox 2807 1800 2933 1840; x_wconf 91' lang='lat' dir='ltr'><strong>cum</strong></span> <span class='ocrx_word' id='word_1_324' title='bbox 2962 1784 3142 1855; x_wconf 84' lang='lat' dir='ltr'><strong>copiis</strong></span> <span class='ocrx_word' id='word_1_325' title='bbox 3168 1783 3432 1854; x_wconf 74' lang='lat' dir='ltr'><strong>Byzantio</strong></span> 
     </span>
    </p>
   </div>
   <div class='ocr_carea' id='block_1_48' title="bbox 1852 1874 3433 1949">
    <p class='ocr_par' dir='ltr' id='par_1_48' title="bbox 1852 1874 3433 1949">
     <span class='ocr_line' id='line_1_48' title="bbox 1852 1874 3433 1949; baseline -0.003 -18"><span class='ocrx_word' id='word_1_326' title='bbox 1852 1877 2096 1946; x_wconf 82' lang='lat' dir='ltr'><strong>acceptis</strong></span> <span class='ocrx_word' id='word_1_327' title='bbox 2115 1892 2236 1933; x_wconf 87' lang='lat' dir='ltr'><strong>eam</strong></span> <span class='ocrx_word' id='word_1_328' title='bbox 2258 1876 2550 1942; x_wconf 81' lang='lat' dir='ltr'><strong>insideret,</strong></span> <span class='ocrx_word' id='word_1_329' title='bbox 2566 1878 2690 1949; x_wconf 83' lang='lat' dir='ltr'><strong>ejus</strong></span> <span class='ocrx_word' id='word_1_330' title='bbox 2705 1877 3095 1948; x_wconf 60' lang='lat' dir='ltr'><strong>recuperanda</strong></span> <span class='ocrx_word' id='word_1_331' title='bbox 3126 1874 3433 1946; x_wconf 85' lang='lat' dir='ltr'><strong>periculum</strong></span> 
     </span>
    </p>
   </div>
   <div class='ocr_carea' id='block_1_49' title="bbox 1851 1967 3432 2039">
    <p class='ocr_par' dir='ltr' id='par_1_49' title="bbox 1851 1967 3432 2039">
     <span class='ocr_line' id='line_1_49' title="bbox 1851 1967 3432 2039; baseline -0.001 -18"><span class='ocrx_word' id='word_1_332' title='bbox 1851 1967 2008 2036; x_wconf 91' lang='lat' dir='ltr'><strong>prius</strong></span> <span class='ocrx_word' id='word_1_333' title='bbox 2034 1967 2216 2024; x_wconf 80' lang='lat' dir='ltr'><strong>ﬂeret.</strong></span> <span class='ocrx_word' id='word_1_334' title='bbox 2233 1968 2507 2024; x_wconf 83' lang='lat' dir='ltr'><strong>Nonnulla</strong></span> <span class='ocrx_word' id='word_1_335' title='bbox 2525 1977 2771 2039; x_wconf 81' lang='lat' dir='ltr'><strong>tempore</strong></span> <span class='ocrx_word' id='word_1_336' title='bbox 2787 1969 2900 2024; x_wconf 85' lang='lat' dir='ltr'><strong>illic</strong></span> <span class='ocrx_word' id='word_1_337' title='bbox 2921 1978 3268 2039; x_wconf 79' lang='lat' dir='ltr'><strong>consumpto,</strong></span> <span class='ocrx_word' id='word_1_338' title='bbox 3291 1968 3432 2036; x_wconf 83' lang='lat' dir='ltr'><strong>cpti-</strong></span> 
     </span>
    </p>
   </div>
   <div class='ocr_carea' id='block_1_50' title="bbox 1852 2061 3432 2132">
    <p class='ocr_par' dir='ltr' id='par_1_50' title="bbox 1852 2061 3432 2132">
     <span class='ocr_line' id='line_1_50' title="bbox 1852 2061 3432 2132; baseline 0.001 -17"><span class='ocrx_word' id='word_1_339' title='bbox 1852 2069 2031 2116; x_wconf 89' lang='lat' dir='ltr'><strong>mates</strong></span> <span class='ocrx_word' id='word_1_340' title='bbox 2091 2077 2156 2116; x_wconf 89' lang='lat' dir='ltr'><strong>ac</strong></span> <span class='ocrx_word' id='word_1_341' title='bbox 2184 2062 2353 2117; x_wconf 87' lang='lat' dir='ltr'><strong>duces</strong></span> <span class='ocrx_word' id='word_1_342' title='bbox 2380 2076 2575 2117; x_wconf 87' lang='lat' dir='ltr'><strong>omnes</strong></span> <span class='ocrx_word' id='word_1_343' title='bbox 2594 2072 2876 2130; x_wconf 83' lang='lat' dir='ltr'><strong>coeuntes,</strong></span> <span class='ocrx_word' id='word_1_344' title='bbox 2897 2062 3223 2132; x_wconf 78' lang='lat' dir='ltr'><strong>legationem</strong></span> <span class='ocrx_word' id='word_1_345' title='bbox 3248 2061 3316 2117; x_wconf 82' lang='lat' dir='ltr'><strong>ad</strong></span> <span class='ocrx_word' id='word_1_346' title='bbox 3342 2076 3432 2116; x_wconf 87' lang='lat' dir='ltr'><strong>sc-</strong></span> 
     </span>
    </p>
   </div>
   <div class='ocr_carea' id='block_1_51' title="bbox 1852 2151 3435 2224">
    <p class='ocr_par' dir='ltr' id='par_1_51' title="bbox 1852 2151 3435 2224">
     <span class='ocr_line' id='line_1_51' title="bbox 1852 2151 3435 2224; baseline -0.001 -18"><span class='ocrx_word' id='word_1_347' title='bbox 1852 2151 2063 2218; x_wconf 85' lang='lat' dir='ltr'><strong>niorem</strong></span> <span class='ocrx_word' id='word_1_348' title='bbox 2110 2151 2178 2207; x_wconf 89' lang='lat' dir='ltr'><strong>de</strong></span> <span class='ocrx_word' id='word_1_349' title='bbox 2208 2167 2342 2223; x_wconf 86' lang='lat' dir='ltr'><strong>pace</strong></span> <span class='ocrx_word' id='word_1_350' title='bbox 2384 2152 2773 2209; x_wconf 85' lang='lat' dir='ltr'><strong>decreverunt.</strong></span> <span class='ocrx_word' id='word_1_351' title='bbox 2805 2153 2885 2210; x_wconf 84' lang='lat' dir='ltr'><strong>Re</strong></span> <span class='ocrx_word' id='word_1_352' title='bbox 2930 2153 3171 2224; x_wconf 78' lang='lat' dir='ltr'><strong>cognita,</strong></span> <span class='ocrx_word' id='word_1_353' title='bbox 3203 2168 3330 2207; x_wconf 88' lang='lat' dir='ltr'><strong>cum</strong></span> <span class='ocrx_word' id='word_1_354' title='bbox 3376 2158 3435 2206; x_wconf 89' lang='lat' dir='ltr'><strong>et</strong></span> 
     </span>
    </p>
   </div>
   <div class='ocr_carea' id='block_1_52' title="bbox 1852 2242 3436 2316">
    <p class='ocr_par' dir='ltr' id='par_1_52' title="bbox 1852 2242 3436 2316">
     <span class='ocr_line' id='line_1_52' title="bbox 1852 2242 3436 2316; baseline -0.001 -19"><span class='ocrx_word' id='word_1_355' title='bbox 1852 2259 2024 2315; x_wconf 80' lang='lat' dir='ltr'><strong>nepos</strong></span> <span class='ocrx_word' id='word_1_356' title='bbox 2046 2258 2113 2301; x_wconf 85' lang='lat' dir='ltr'><strong>eo</strong></span> <span class='ocrx_word' id='word_1_357' title='bbox 2139 2243 2530 2315; x_wconf 88' lang='lat' dir='ltr'><strong>propenderet,</strong></span> <span class='ocrx_word' id='word_1_358' title='bbox 2572 2245 2883 2316; x_wconf 75' lang='lat' dir='ltr'><strong>gregarium</strong></span> <span class='ocrx_word' id='word_1_359' title='bbox 2927 2245 3242 2315; x_wconf 81' lang='lat' dir='ltr'><strong>quemdam,</strong></span> <span class='ocrx_word' id='word_1_360' title='bbox 3274 2242 3436 2298; x_wconf 88' lang='lat' dir='ltr'><strong>Calo-</strong></span> 
     </span>
    </p>
   </div>
   <div class='ocr_carea' id='block_1_53' title="bbox 1853 2335 3435 2407">
    <p class='ocr_par' dir='ltr' id='par_1_53' title="bbox 1853 2335 3435 2407">
     <span class='ocr_line' id='line_1_53' title="bbox 1853 2335 3435 2407; baseline 0 -17"><span class='ocrx_word' id='word_1_361' title='bbox 1853 2336 2128 2391; x_wconf 81' lang='lat' dir='ltr'><strong>chacrcten</strong></span> <span class='ocrx_word' id='word_1_362' title='bbox 2177 2337 2417 2403; x_wconf 89' lang='lat' dir='ltr'><strong>nomine,</strong></span> <span class='ocrx_word' id='word_1_363' title='bbox 2447 2352 2573 2393; x_wconf 91' lang='lat' dir='ltr'><strong>cum</strong></span> <span class='ocrx_word' id='word_1_364' title='bbox 2612 2338 2816 2394; x_wconf 81' lang='lat' dir='ltr'><strong>litteris</strong></span> <span class='ocrx_word' id='word_1_365' title='bbox 2864 2336 3093 2393; x_wconf 82' lang='lat' dir='ltr'><strong>m’ittunt</strong></span> <span class='ocrx_word' id='word_1_366' title='bbox 3121 2355 3134 2392; x_wconf 88' lang='lat'><strong>:</strong></span> <span class='ocrx_word' id='word_1_367' title='bbox 3163 2351 3263 2407; x_wconf 88' lang='lat' dir='ltr'><strong>per</strong></span> <span class='ocrx_word' id='word_1_368' title='bbox 3286 2335 3435 2392; x_wconf 88' lang='lat' dir='ltr'><strong>litte-</strong></span> 
     </span>
    </p>
   </div>
   <div class='ocr_carea' id='block_1_54' title="bbox 1856 2427 3436 2501">
    <p class='ocr_par' dir='ltr' id='par_1_54' title="bbox 1856 2427 3436 2501">
     <span class='ocr_line' id='line_1_54' title="bbox 1856 2427 3436 2501; baseline 0 -19"><span class='ocrx_word' id='word_1_369' title='bbox 1856 2443 1945 2484; x_wconf 85' lang='lat' dir='ltr'><strong>ras</strong></span> <span class='ocrx_word' id='word_1_370' title='bbox 1968 2427 2117 2485; x_wconf 89' lang='lat' dir='ltr'><strong>enim</strong></span> <span class='ocrx_word' id='word_1_371' title='bbox 2150 2429 2349 2499; x_wconf 80' lang='lat' dir='ltr'><strong>legatio</strong></span> <span class='ocrx_word' id='word_1_372' title='bbox 2392 2429 2808 2499; x_wconf 83' lang='lat' dir='ltr'><strong>conficiebatur,</strong></span> <span class='ocrx_word' id='word_1_373' title='bbox 2839 2430 2956 2501; x_wconf 87' lang='lat' dir='ltr'><strong>ipse</strong></span> <span class='ocrx_word' id='word_1_374' title='bbox 3008 2430 3275 2487; x_wconf 76' lang='lat' dir='ltr'><strong>tabellarii</strong></span> <span class='ocrx_word' id='word_1_375' title='bbox 3317 2437 3436 2485; x_wconf 85' lang='lat' dir='ltr'><strong>tan-</strong></span> 
     </span>
    </p>
   </div>
   <div class='ocr_carea' id='block_1_55' title="bbox 1858 2519 3436 2579">
    <p class='ocr_par' dir='ltr' id='par_1_55' title="bbox 1858 2519 3436 2579">
     <span class='ocr_line' id='line_1_55' title="bbox 1858 2519 3436 2579; baseline 0.002 -6"><span class='ocrx_word' id='word_1_376' title='bbox 1858 2519 2142 2574; x_wconf 90' lang='lat' dir='ltr'><strong>tummodo</strong></span> <span class='ocrx_word' id='word_1_377' title='bbox 2181 2520 2362 2576; x_wconf 87' lang='lat' dir='ltr'><strong>locum</strong></span> <span class='ocrx_word' id='word_1_378' title='bbox 2400 2524 2640 2576; x_wconf 77' lang='lat' dir='ltr'><strong>tenebat.</strong></span> <span class='ocrx_word' id='word_1_379' title='bbox 2690 2522 2915 2579; x_wconf 44' lang='lat' dir='ltr'><strong>Earum‘</strong></span> <span class='ocrx_word' id='word_1_380' title='bbox 2950 2523 3262 2579; x_wconf 87' lang='lat' dir='ltr'><strong>litterarum</strong></span> <span class='ocrx_word' id='word_1_381' title='bbox 3320 2524 3436 2576; x_wconf 72' lang='lat' dir='ltr'><strong>haec</strong></span> 
     </span>
    </p>
   </div>
   <div class='ocr_carea' id='block_1_56' title="bbox 1856 2610 3439 2684">
    <p class='ocr_par' dir='ltr' id='par_1_56' title="bbox 1856 2610 3439 2684">
     <span class='ocr_line' id='line_1_56' title="bbox 1856 2610 3439 2684; baseline 0 -19"><span class='ocrx_word' id='word_1_382' title='bbox 1856 2610 1963 2667; x_wconf 91' lang='lat' dir='ltr'><strong>fuit</strong></span> <span class='ocrx_word' id='word_1_383' title='bbox 1989 2613 2263 2667; x_wconf 88' lang='lat' dir='ltr'><strong>sententia</strong></span> <span class='ocrx_word' id='word_1_384' title='bbox 2290 2629 2306 2667; x_wconf 90' lang='lat'><strong>:</strong></span> <span class='ocrx_word' id='word_1_385' title='bbox 2343 2612 2478 2677; x_wconf 82' lang='lat' dir='ltr'><strong>Nos.</strong></span> <span class='ocrx_word' id='word_1_386' title='bbox 2508 2613 2812 2683; x_wconf 86' lang='lat' dir='ltr'><strong>imperator</strong></span> <span class='ocrx_word' id='word_1_387' title='bbox 2842 2614 3071 2684; x_wconf 83' lang='lat' dir='ltr'><strong>optime.</strong></span> <span class='ocrx_word' id='word_1_388' title='bbox 3102 2614 3234 2669; x_wconf 87' lang='lat' dir='ltr'><strong>inde</strong></span> <span class='ocrx_word' id='word_1_389' title='bbox 3260 2628 3439 2683; x_wconf 83' lang='lat' dir='ltr'><strong>usque</strong></span> 
     </span>
    </p>
   </div>
   <div class='ocr_carea' id='block_1_57' title="bbox 1858 2705 3447 2777">
    <p class='ocr_par' dir='ltr' id='par_1_57' title="bbox 1858 2705 3447 2777">
     <span class='ocr_line' id='line_1_57' title="bbox 1858 2705 3447 2777; baseline 0 -17"><span class='ocrx_word' id='word_1_390' title='bbox 1858 2720 1889 2760; x_wconf 86' lang='lat' dir='ltr'><strong>a</strong></span> <span class='ocrx_word' id='word_1_391' title='bbox 1943 2706 2249 2777; x_wconf 83' lang='lat' dir='ltr'><strong>majoribus</strong></span> <span class='ocrx_word' id='word_1_392' title='bbox 2289 2706 2525 2767; x_wconf 76' lang='lat' dir='ltr'><strong>Romani</strong></span> <span class='ocrx_word' id='word_1_393' title='bbox 2579 2716 2637 2762; x_wconf 88' lang='lat' dir='ltr'><strong>et</strong></span> <span class='ocrx_word' id='word_1_394' title='bbox 2681 2705 2997 2762; x_wconf 83' lang='lat' dir='ltr'><strong>felicitatem</strong></span> <span class='ocrx_word' id='word_1_395' title='bbox 3065 2706 3447 2762; x_wconf 79' lang='lat' dir='ltr'><strong>Romanorum</strong></span> 
     </span>
    </p>
   </div>
   <div class='ocr_carea' id='block_1_58' title="bbox 1860 2795 3441 2866">
    <p class='ocr_par' dir='ltr' id='par_1_58' title="bbox 1860 2795 3441 2866">
     <span class='ocr_line' id='line_1_58' title="bbox 1860 2795 3441 2866; baseline 0 -16"><span class='ocrx_word' id='word_1_396' title='bbox 1860 2795 2180 2851; x_wconf 87' lang='lat' dir='ltr'><strong>beatitatem</strong></span> <span class='ocrx_word' id='word_1_397' title='bbox 2213 2808 2480 2866; x_wconf 86' lang='lat' dir='ltr'><strong>nostram,</strong></span> <span class='ocrx_word' id='word_1_398' title='bbox 2539 2807 2598 2854; x_wconf 89' lang='lat' dir='ltr'><strong>et</strong></span> <span class='ocrx_word' id='word_1_399' title='bbox 2643 2798 2923 2855; x_wconf 87' lang='lat' dir='ltr'><strong>miseriam</strong></span> <span class='ocrx_word' id='word_1_400' title='bbox 2979 2797 3303 2853; x_wconf 82' lang='lat' dir='ltr'><strong>eorumdem</strong></span> <span class='ocrx_word' id='word_1_401' title='bbox 3350 2798 3441 2851; x_wconf 77' lang='lat' dir='ltr'><strong>in-</strong></span> 
     </span>
    </p>
   </div>
   <div class='ocr_carea' id='block_1_59' title="bbox 1871 2884 3436 2959">
    <p class='ocr_par' dir='ltr' id='par_1_59' title="bbox 1871 2884 3436 2959">
     <span class='ocr_line' id='line_1_59' title="bbox 1871 2884 3436 2959; baseline 0.003 -20"><span class='ocrx_word' id='word_1_402' title='bbox 1871 2884 2183 2942; x_wconf 88' lang='lat' dir='ltr'><strong>fortunium</strong></span> <span class='ocrx_word' id='word_1_403' title='bbox 2271 2896 2525 2943; x_wconf 89' lang='lat' dir='ltr'><strong>nostrum</strong></span> <span class='ocrx_word' id='word_1_404' title='bbox 2590 2903 2715 2947; x_wconf 86' lang='lat' dir='ltr'><strong>esse</strong></span> <span class='ocrx_word' id='word_1_405' title='bbox 2772 2889 3089 2959; x_wconf 85' lang='lat' dir='ltr'><strong>opinamur.</strong></span> <span class='ocrx_word' id='word_1_406' title='bbox 3154 2889 3436 2955; x_wconf 84' lang='lat' dir='ltr'><strong>Quamob-</strong></span> 
     </span>
    </p>
   </div>
   <div class='ocr_carea' id='block_1_60' title="bbox 1860 2979 3438 3048">
    <p class='ocr_par' dir='ltr' id='par_1_60' title="bbox 1860 2979 3438 3048">
     <span class='ocr_line' id='line_1_60' title="bbox 1860 2979 3438 3048; baseline 0.003 -16"><span class='ocrx_word' id='word_1_407' title='bbox 1860 2993 1979 3034; x_wconf 86' lang='lat' dir='ltr'><strong>rem</strong></span> <span class='ocrx_word' id='word_1_408' title='bbox 2020 2994 2120 3035; x_wconf 90' lang='lat' dir='ltr'><strong>vos</strong></span> <span class='ocrx_word' id='word_1_409' title='bbox 2171 2979 2535 3048; x_wconf 85' lang='lat' dir='ltr'><strong>imperatores</strong></span> <span class='ocrx_word' id='word_1_410' title='bbox 2564 2986 2786 3035; x_wconf 79' lang='lat' dir='ltr'><strong>nostros</strong></span> <span class='ocrx_word' id='word_1_411' title='bbox 2854 2996 2964 3035; x_wconf 88' lang='lat' dir='ltr'><strong>non</strong></span> <span class='ocrx_word' id='word_1_412' title='bbox 2998 2989 3059 3034; x_wconf 91' lang='lat' dir='ltr'><strong>ut</strong></span> <span class='ocrx_word' id='word_1_413' title='bbox 3103 2980 3295 3036; x_wconf 83' lang='lat' dir='ltr'><strong>hostes</strong></span> <span class='ocrx_word' id='word_1_414' title='bbox 3320 2983 3438 3037; x_wconf 87' lang='lat' dir='ltr'><strong>dis-</strong></span> 
     </span>
    </p>
   </div>
   <div class='ocr_carea' id='block_1_61' title="bbox 1865 3070 3448 3145">
    <p class='ocr_par' dir='ltr' id='par_1_61' title="bbox 1865 3070 3448 3145">
     <span class='ocr_line' id='line_1_61' title="bbox 1865 3070 3448 3145; baseline 0.002 -18"><span class='ocrx_word' id='word_1_415' title='bbox 1865 3070 2116 3138; x_wconf 84' lang='lat' dir='ltr'><strong>cordare,</strong></span> <span class='ocrx_word' id='word_1_416' title='bbox 2165 3072 2264 3127; x_wconf 88' lang='lat' dir='ltr'><strong>sed</strong></span> <span class='ocrx_word' id='word_1_417' title='bbox 2315 3082 2373 3128; x_wconf 88' lang='lat' dir='ltr'><strong>ut</strong></span> <span class='ocrx_word' id='word_1_418' title='bbox 2417 3074 2626 3129; x_wconf 86' lang='lat' dir='ltr'><strong>amicos</strong></span> <span class='ocrx_word' id='word_1_419' title='bbox 2669 3073 3009 3129; x_wconf 85' lang='lat' dir='ltr'><strong>concordare</strong></span> <span class='ocrx_word' id='word_1_420' title='bbox 3068 3073 3448 3145; x_wconf 81' lang='lat' dir='ltr'><strong>maximopere-</strong></span> 
     </span>
    </p>
   </div>
   <div class='ocr_carea' id='block_1_62' title="bbox 178 3156 1758 3236">
    <p class='ocr_par' dir='ltr' id='par_1_62' title="bbox 178 3158 1758 3231">
     <span class='ocr_line' id='line_1_62' title="bbox 178 3158 1758 3231; baseline -0.001 -16"><span class='ocrx_word' id='word_1_421' title='bbox 178 3162 365 3230; x_wconf 76' lang='grc' dir='ltr'>μαῖοι,</span> <span class='ocrx_word' id='word_1_422' title='bbox 413 3159 507 3213; x_wconf 71' lang='grc' dir='ltr'>καὶ</span> <span class='ocrx_word' id='word_1_423' title='bbox 538 3159 636 3231; x_wconf 82' lang='grc' dir='ltr'>τὴν</span> <span class='ocrx_word' id='word_1_424' title='bbox 698 3159 1007 3229; x_wconf 81' lang='grc' dir='ltr'>εὐπραγίαν</span> <span class='ocrx_word' id='word_1_425' title='bbox 1040 3159 1148 3213; x_wconf 92' lang='grc' dir='ltr'><strong>τῶν</strong></span> <span class='ocrx_word' id='word_1_426' title='bbox 1207 3158 1500 3231; x_wconf 81' lang='grc' dir='ltr'>Ῥωμαίων</span> <span class='ocrx_word' id='word_1_427' title='bbox 1552 3160 1758 3214; x_wconf 81' lang='grc' dir='ltr'>οίκείαν</span> 
     </span>
    </p>
   </div>
   <div class='ocr_carea' id='block_1_63' title="bbox 1860 3156 3437 3236">
    <p class='ocr_par' dir='ltr' id='par_1_63' title="bbox 1863 3156 3437 3236">
     <span class='ocr_line' id='line_1_63' title="bbox 1863 3156 3437 3236; baseline 0.003 -19"><span class='ocrx_word' id='word_1_428' title='bbox 1863 3163 2117 3234; x_wconf 90' lang='lat' dir='ltr'><strong>cupimus</strong></span> <span class='ocrx_word' id='word_1_429' title='bbox 2144 3179 2310 3221; x_wconf 82' lang='lat' dir='ltr'><strong>:vere</strong></span> <span class='ocrx_word' id='word_1_430' title='bbox 2333 3165 2656 3236; x_wconf 68' lang='lat' dir='ltr'><strong>cogitantes,</strong></span> <span class='ocrx_word' id='word_1_431' title='bbox 2695 3156 3048 3223; x_wconf 80' lang='lat' dir='ltr'><strong>concordiam</strong></span> <span class='ocrx_word' id='word_1_432' title='bbox 3077 3178 3316 3222; x_wconf 81' lang='lat' dir='ltr'><strong>vestram</strong></span> <span class='ocrx_word' id='word_1_433' title='bbox 3349 3168 3437 3222; x_wconf 54' lang='lat' dir='ltr'><strong>in.</strong></span> 
     </span>
    </p>
   </div>
   <div class='ocr_carea' id='block_1_64' title="bbox 112 3250 1758 3326">
    <p class='ocr_par' dir='ltr' id='par_1_64' title="bbox 112 3250 1758 3326">
     <span class='ocr_line' id='line_1_64' title="bbox 112 3250 1758 3326; baseline -0.001 -21"><span class='ocrx_word' id='word_1_434' title='bbox 112 3308 115 3313; x_wconf 21' lang='grc'><em>⁴</em></span> <span class='ocrx_word' id='word_1_435' title='bbox 183 3250 487 3323; x_wconf 74' lang='grc' dir='ltr'>νομίζομεν</span> <span class='ocrx_word' id='word_1_436' title='bbox 513 3251 885 3323; x_wconf 82' lang='grc' dir='ltr'>εὐδαιμονίαν,</span> <span class='ocrx_word' id='word_1_437' title='bbox 911 3252 1006 3307; x_wconf 73' lang='grc' dir='ltr'>καὶ</span> <span class='ocrx_word' id='word_1_438' title='bbox 1038 3252 1137 3326; x_wconf 78' lang='grc' dir='ltr'>τὴν</span> <span class='ocrx_word' id='word_1_439' title='bbox 1163 3250 1548 3322; x_wconf 79' lang='grc' dir='ltr'>κακοπραγίαν</span> <span class='ocrx_word' id='word_1_440' title='bbox 1576 3251 1758 3305; x_wconf 81' lang='grc' dir='ltr'>ὡσαύ-</span> 
     </span>
    </p>
   </div>
   <div class='ocr_carea' id='block_1_65' title="bbox 182 3340 1763 3418">
    <p class='ocr_par' dir='ltr' id='par_1_65' title="bbox 182 3340 1763 3418">
     <span class='ocr_line' id='line_1_65' title="bbox 182 3340 1763 3418; baseline 0 -19"><span class='ocrx_word' id='word_1_441' title='bbox 182 3362 297 3409; x_wconf 89' lang='grc' dir='ltr'>τως</span> <span class='ocrx_word' id='word_1_442' title='bbox 322 3347 379 3399; x_wconf 88' lang='grc' dir='ltr'><strong>ἐν</strong></span> <span class='ocrx_word' id='word_1_443' title='bbox 407 3345 513 3416; x_wconf 77' lang='grc' dir='ltr'>ἰδίᾳ</span> <span class='ocrx_word' id='word_1_444' title='bbox 543 3344 808 3418; x_wconf 81' lang='grc' dir='ltr'>τιθέμεθα</span> <span class='ocrx_word' id='word_1_445' title='bbox 833 3345 1094 3417; x_wconf 77' lang='grc' dir='ltr'>δυστυχίᾳ.</span> <span class='ocrx_word' id='word_1_446' title='bbox 1118 3360 1131 3373; x_wconf 92' lang='grc'><strong>·</strong></span> <span class='ocrx_word' id='word_1_447' title='bbox 1163 3340 1224 3401; x_wconf 75' lang='grc' dir='ltr'><strong>οὗ</strong></span> <span class='ocrx_word' id='word_1_448' title='bbox 1255 3345 1319 3415; x_wconf 78' lang='grc' dir='ltr'>δὴ</span> <span class='ocrx_word' id='word_1_449' title='bbox 1338 3344 1501 3398; x_wconf 69' lang='grc' dir='ltr'>ἕνεκα</span> <span class='ocrx_word' id='word_1_450' title='bbox 1521 3346 1763 3411; x_wconf 76' lang='grc' dir='ltr'>καὶτοὺς</span> 
     </span>
    </p>
   </div>
   <div class='ocr_carea' id='block_1_66' title="bbox 183 3435 1762 3509">
    <p class='ocr_par' dir='ltr' id='par_1_66' title="bbox 183 3435 1762 3509">
     <span class='ocr_line' id='line_1_66' title="bbox 183 3435 1762 3509; baseline 0.003 -21"><span class='ocrx_word' id='word_1_451' title='bbox 183 3435 447 3507; x_wconf 76' lang='grc' dir='ltr'>βασιλέας</span> <span class='ocrx_word' id='word_1_452' title='bbox 509 3435 666 3507; x_wconf 87' lang='grc' dir='ltr'>ἡμῶν</span> <span class='ocrx_word' id='word_1_453' title='bbox 723 3437 868 3506; x_wconf 80' lang='grc' dir='ltr'>ὑμᾶς</span> <span class='ocrx_word' id='word_1_454' title='bbox 912 3436 1117 3492; x_wconf 85' lang='grc' dir='ltr'>εὐνοεῖν</span> <span class='ocrx_word' id='word_1_455' title='bbox 1177 3436 1451 3509; x_wconf 84' lang='grc' dir='ltr'>ἀλλὴλοις,</span> <span class='ocrx_word' id='word_1_456' title='bbox 1492 3436 1629 3492; x_wconf 87' lang='grc' dir='ltr'>ἀλλὰ</span> <span class='ocrx_word' id='word_1_457' title='bbox 1685 3437 1762 3507; x_wconf 81' lang='grc' dir='ltr'>μὴ</span> 
     </span>
    </p>
   </div>
   <div class='ocr_carea' id='block_1_67' title="bbox 183 3525 1763 3600">
    <p class='ocr_par' dir='ltr' id='par_1_67' title="bbox 183 3525 1763 3600">
     <span class='ocr_line' id='line_1_67' title="bbox 183 3525 1763 3600; baseline -0.001 -19"><span class='ocrx_word' id='word_1_458' title='bbox 183 3528 485 3600; x_wconf 85' lang='grc' dir='ltr'>πολεμίους</span> <span class='ocrx_word' id='word_1_459' title='bbox 517 3525 680 3594; x_wconf 79' lang='grc' dir='ltr'>εῖναι,</span> <span class='ocrx_word' id='word_1_460' title='bbox 738 3528 1043 3600; x_wconf 82' lang='grc' dir='ltr'>ποιούμεθα</span> <span class='ocrx_word' id='word_1_461' title='bbox 1110 3528 1241 3600; x_wconf 76' lang='grc' dir='ltr'>περὶ</span> <span class='ocrx_word' id='word_1_462' title='bbox 1305 3527 1583 3595; x_wconf 79' lang='grc' dir='ltr'>πλείστου,</span> <span class='ocrx_word' id='word_1_463' title='bbox 1625 3529 1763 3598; x_wconf 82' lang='grc' dir='ltr'>ὅπερ</span> 
     </span>
    </p>
   </div>
   <div class='ocr_carea' id='block_1_68' title="bbox 183 3619 1756 3693">
    <p class='ocr_par' dir='ltr' id='par_1_68' title="bbox 183 3619 1756 3693">
     <span class='ocr_line' id='line_1_68' title="bbox 183 3619 1756 3693; baseline -0.001 -18"><span class='ocrx_word' id='word_1_464' title='bbox 183 3624 343 3677; x_wconf 78' lang='grc' dir='ltr'>ἐστὶν</span> <span class='ocrx_word' id='word_1_465' title='bbox 374 3620 574 3692; x_wconf 73' lang='grc' dir='ltr'>ἀληθὲς</span> <span class='ocrx_word' id='word_1_466' title='bbox 603 3620 937 3687; x_wconf 76' lang='grc' dir='ltr'>ἐννοοῦντες,</span> <span class='ocrx_word' id='word_1_467' title='bbox 966 3621 1042 3688; x_wconf 86' lang='grc' dir='ltr'>ὠς</span> <span class='ocrx_word' id='word_1_468' title='bbox 1069 3619 1223 3691; x_wconf 79' lang='grc' dir='ltr'>ὑμῶν</span> <span class='ocrx_word' id='word_1_469' title='bbox 1268 3619 1370 3693; x_wconf 80' lang='grc' dir='ltr'>μὲν</span> <span class='ocrx_word' id='word_1_470' title='bbox 1394 3620 1587 3691; x_wconf 77' lang='grc' dir='ltr'>φιλίως</span> <span class='ocrx_word' id='word_1_471' title='bbox 1622 3624 1756 3691; x_wconf 77' lang='grc' dir='ltr'>πρὸς</span> 
     </span>
    </p>
   </div>
   <div class='ocr_carea' id='block_1_69' title="bbox 181 3711 1759 3786">
    <p class='ocr_par' dir='ltr' id='par_1_69' title="bbox 181 3711 1759 3786">
     <span class='ocr_line' id='line_1_69' title="bbox 181 3711 1759 3786; baseline -0.004 -16"><span class='ocrx_word' id='word_1_472' title='bbox 181 3715 457 3786; x_wconf 78' lang='grc' dir='ltr'>ἀλλήλους</span> <span class='ocrx_word' id='word_1_473' title='bbox 479 3714 865 3785; x_wconf 83' lang='grc' dir='ltr'>διακειμένων,</span> <span class='ocrx_word' id='word_1_474' title='bbox 898 3714 994 3768; x_wconf 76' lang='grc' dir='ltr'>καὶ</span> <span class='ocrx_word' id='word_1_475' title='bbox 1035 3711 1105 3767; x_wconf 81' lang='grc' dir='ltr'>τὰ</span> <span class='ocrx_word' id='word_1_476' title='bbox 1137 3712 1238 3783; x_wconf 82' lang='grc' dir='ltr'>τῆς</span> <span class='ocrx_word' id='word_1_477' title='bbox 1278 3712 1454 3784; x_wconf 80' lang='grc' dir='ltr'>ἀρχῆς</span> <span class='ocrx_word' id='word_1_478' title='bbox 1482 3712 1759 3781; x_wconf 74' lang='grc' dir='ltr'>αὐξάνειν,</span> 
     </span>
    </p>
   </div>
   <div class='ocr_carea' id='block_1_70' title="bbox 180 3803 1763 3882">
    <p class='ocr_par' dir='ltr' id='par_1_70' title="bbox 180 3803 1763 3882">
     <span class='ocr_line' id='line_1_70' title="bbox 180 3803 1763 3882; baseline -0.001 -21"><span class='ocrx_word' id='word_1_479' title='bbox 180 3809 217 3882; x_wconf 77' lang='grc' dir='ltr'><strong>ἡ</strong></span> <span class='ocrx_word' id='word_1_480' title='bbox 244 3809 384 3877; x_wconf 82' lang='grc' dir='ltr'>τόγε</span> <span class='ocrx_word' id='word_1_481' title='bbox 409 3805 661 3876; x_wconf 85' lang='grc' dir='ltr'>δεύτερον</span> <span class='ocrx_word' id='word_1_482' title='bbox 691 3807 770 3877; x_wconf 80' lang='grc' dir='ltr'>μὴ</span> <span class='ocrx_word' id='word_1_483' title='bbox 795 3803 1157 3860; x_wconf 75' lang='grc' dir='ltr'>ἐλασσοῦσθαι</span> <span class='ocrx_word' id='word_1_484' title='bbox 1185 3804 1333 3877; x_wconf 74' lang='grc' dir='ltr'>εἰκός</span> <span class='ocrx_word' id='word_1_485' title='bbox 1355 3820 1369 3836; x_wconf 90' lang='grc'><strong>·</strong></span> <span class='ocrx_word' id='word_1_486' title='bbox 1401 3805 1676 3872; x_wconf 79' lang='grc' dir='ltr'>πολεμίων</span> <span class='ocrx_word' id='word_1_487' title='bbox 1704 3806 1763 3860; x_wconf 67' lang='grc' dir='ltr'>δὲ</span> 
     </span>
    </p>
   </div>
   <div class='ocr_carea' id='block_1_71' title="bbox 177 3896 1768 3970">
    <p class='ocr_par' dir='ltr' id='par_1_71' title="bbox 177 3896 1768 3970">
     <span class='ocr_line' id='line_1_71' title="bbox 177 3896 1768 3970; baseline -0.003 -15"><span class='ocrx_word' id='word_1_488' title='bbox 177 3900 446 3970; x_wconf 76' lang='grc' dir='ltr'>ἀλλήλοις</span> <span class='ocrx_word' id='word_1_489' title='bbox 470 3899 665 3964; x_wconf 76' lang='grc' dir='ltr'>ὄντων,</span> <span class='ocrx_word' id='word_1_490' title='bbox 706 3898 771 3951; x_wconf 86' lang='grc' dir='ltr'><strong>οὐ</strong></span> <span class='ocrx_word' id='word_1_491' title='bbox 810 3899 973 3968; x_wconf 78' lang='grc' dir='ltr'>μόνον</span> <span class='ocrx_word' id='word_1_492' title='bbox 1016 3896 1120 3952; x_wconf 83' lang='grc' dir='ltr'>ὐπὸ</span> <span class='ocrx_word' id='word_1_493' title='bbox 1155 3913 1267 3949; x_wconf 86' lang='grc' dir='ltr'><strong>των</strong></span> <span class='ocrx_word' id='word_1_494' title='bbox 1300 3896 1608 3966; x_wconf 86' lang='grc' dir='ltr'>προσοίκων</span> <span class='ocrx_word' id='word_1_495' title='bbox 1632 3896 1768 3968; x_wconf 81' lang='grc' dir='ltr'>βαρ-</span> 
     </span>
    </p>
   </div>
   <div class='ocr_carea' id='block_1_72' title="bbox 180 3989 1767 4068">
    <p class='ocr_par' dir='ltr' id='par_1_72' title="bbox 180 3989 1767 4068">
     <span class='ocr_line' id='line_1_72' title="bbox 180 3989 1767 4068; baseline -0.003 -20"><span class='ocrx_word' id='word_1_496' title='bbox 180 3996 404 4068; x_wconf 72' lang='grc' dir='ltr'>ϐάρων,</span> <span class='ocrx_word' id='word_1_497' title='bbox 447 3994 583 4050; x_wconf 76' lang='grc' dir='ltr'>ἀλλὰ</span> <span class='ocrx_word' id='word_1_498' title='bbox 636 3994 731 4047; x_wconf 83' lang='grc' dir='ltr'>καὶ</span> <span class='ocrx_word' id='word_1_499' title='bbox 781 3991 872 4064; x_wconf 86' lang='grc' dir='ltr'><strong>ὐφ’</strong></span> <span class='ocrx_word' id='word_1_500' title='bbox 928 3990 1081 4063; x_wconf 82' lang='grc' dir='ltr'>ὐμῶν</span> <span class='ocrx_word' id='word_1_501' title='bbox 1140 3989 1319 4047; x_wconf 86' lang='grc' dir='ltr'>αὐτῶν</span> <span class='ocrx_word' id='word_1_502' title='bbox 1363 3990 1462 4061; x_wconf 73' lang='grc' dir='ltr'>τὴν</span> <span class='ocrx_word' id='word_1_503' title='bbox 1493 3990 1767 4061; x_wconf 75' lang='grc' dir='ltr'>ὑμετέραν</span> 
     </span>
    </p>
   </div>
   <div class='ocr_carea' id='block_1_73' title="bbox 181 4078 1764 4159">
    <p class='ocr_par' dir='ltr' id='par_1_73' title="bbox 181 4078 1764 4159">
     <span class='ocr_line' id='line_1_73' title="bbox 181 4078 1764 4159; baseline -0.003 -20"><span class='ocrx_word' id='word_1_504' title='bbox 181 4085 492 4159; x_wconf 84' lang='grc' dir='ltr'>ἡγεμονίαν</span> <span class='ocrx_word' id='word_1_505' title='bbox 522 4083 1018 4155; x_wconf 83' lang='grc' dir='ltr'>καταλυθὴσεσθαι.</span> <span class='ocrx_word' id='word_1_506' title='bbox 1054 4082 1166 4153; x_wconf 83' lang='grc' dir='ltr'><strong>Πρὸ</strong></span> <span class='ocrx_word' id='word_1_507' title='bbox 1195 4082 1393 4155; x_wconf 82' lang='grc' dir='ltr'>χρόνου</span> <span class='ocrx_word' id='word_1_508' title='bbox 1428 4084 1528 4153; x_wconf 72' lang='grc' dir='ltr'>μὲν</span> <span class='ocrx_word' id='word_1_509' title='bbox 1558 4078 1652 4135; x_wconf 86' lang='grc' dir='ltr'>οὖν</span> <span class='ocrx_word' id='word_1_510' title='bbox 1680 4098 1764 4136; x_wconf 80' lang='grc' dir='ltr'>τι-</span> 
     </span>
    </p>
   </div>
   <div class='ocr_carea' id='block_1_74' title="bbox 150 4174 1766 4249">
    <p class='ocr_par' dir='ltr' id='par_1_74' title="bbox 150 4174 1766 4249">
     <span class='ocr_line' id='line_1_74' title="bbox 150 4174 1766 4249; baseline -0.002 -17"><span class='ocrx_word' id='word_1_511' title='bbox 150 4195 275 4244; x_wconf 74' lang='grc' dir='ltr'>’νος</span> <span class='ocrx_word' id='word_1_512' title='bbox 302 4178 401 4248; x_wconf 80' lang='grc' dir='ltr'>τῆς</span> <span class='ocrx_word' id='word_1_513' title='bbox 422 4178 690 4249; x_wconf 81' lang='grc' dir='ltr'>διαφορᾶς</span> <span class='ocrx_word' id='word_1_514' title='bbox 720 4175 1056 4247; x_wconf 80' lang='grc' dir='ltr'>κινηθείσης,</span> <span class='ocrx_word' id='word_1_515' title='bbox 1091 4177 1186 4231; x_wconf 81' lang='grc' dir='ltr'>καὶ</span> <span class='ocrx_word' id='word_1_516' title='bbox 1210 4176 1305 4230; x_wconf 81' lang='grc' dir='ltr'><strong>τοῦ</strong></span> <span class='ocrx_word' id='word_1_517' title='bbox 1346 4177 1473 4231; x_wconf 81' lang='grc' dir='ltr'>νέου</span> <span class='ocrx_word' id='word_1_518' title='bbox 1498 4174 1766 4244; x_wconf 81' lang='grc' dir='ltr'>βασιλέως</span> 
     </span>
    </p>
   </div>
   <div class='ocr_carea' id='block_1_75' title="bbox 181 4265 1764 4345">
    <p class='ocr_par' dir='ltr' id='par_1_75' title="bbox 181 4265 1764 4345">
     <span class='ocr_line' id='line_1_75' title="bbox 181 4265 1764 4345; baseline -0.001 -22"><span class='ocrx_word' id='word_1_519' title='bbox 181 4267 726 4341; x_wconf 80' lang='grc' dir='ltr'>ἐπιστρατεύσαντός</span> <span class='ocrx_word' id='word_1_520' title='bbox 770 4282 875 4333; x_wconf 87' lang='grc' dir='ltr'>σοι,</span> <span class='ocrx_word' id='word_1_521' title='bbox 902 4265 1021 4338; x_wconf 62' lang='grc' dir='ltr'>ἃμα</span> <span class='ocrx_word' id='word_1_522' title='bbox 1074 4282 1136 4320; x_wconf 90' lang='grc' dir='ltr'><strong>τε</strong></span> <span class='ocrx_word' id='word_1_523' title='bbox 1181 4265 1465 4345; x_wconf 82' lang='grc' dir='ltr'>ἐμνήσθης</span> <span class='ocrx_word' id='word_1_524' title='bbox 1518 4265 1764 4336; x_wconf 71' lang='grc' dir='ltr'>εἰρήνης,</span> 
     </span>
    </p>
   </div>
   <div class='ocr_carea' id='block_1_76' title="bbox 181 4355 1766 4428">
    <p class='ocr_par' dir='ltr' id='par_1_76' title="bbox 181 4355 1766 4428">
     <span class='ocr_line' id='line_1_76' title="bbox 181 4355 1766 4428; baseline -0.003 -13"><span class='ocrx_word' id='word_1_525' title='bbox 181 4362 287 4415; x_wconf 71' lang='grc' dir='ltr'>καὶ</span> <span class='ocrx_word' id='word_1_526' title='bbox 340 4361 374 4419; x_wconf 79' lang='grc' dir='ltr'><strong>δ</strong></span> <span class='ocrx_word' id='word_1_527' title='bbox 408 4357 501 4424; x_wconf 88' lang='grc' dir='ltr'><strong>σδς</strong></span> <span class='ocrx_word' id='word_1_528' title='bbox 555 4358 801 4428; x_wconf 73' lang='grc' dir='ltr'>ἔγγονος,</span> <span class='ocrx_word' id='word_1_529' title='bbox 855 4356 1045 4428; x_wconf 82' lang='grc' dir='ltr'>ὥσπερ</span> <span class='ocrx_word' id='word_1_530' title='bbox 1085 4358 1153 4413; x_wconf 84' lang='grc' dir='ltr'>ἂν</span> <span class='ocrx_word' id='word_1_531' title='bbox 1206 4356 1370 4421; x_wconf 80' lang='grc' dir='ltr'>αὐτὸς</span> <span class='ocrx_word' id='word_1_532' title='bbox 1407 4355 1484 4410; x_wconf 80' lang='grc' dir='ltr'>ὢν</span> <span class='ocrx_word' id='word_1_533' title='bbox 1519 4359 1546 4412; x_wconf 86' lang='grc' dir='ltr'>ὁ</span> <span class='ocrx_word' id='word_1_534' title='bbox 1584 4357 1766 4412; x_wconf 87' lang='grc' dir='ltr'>αὐτῶν</span> 
     </span>
    </p>
   </div>
   <div class='ocr_carea' id='block_1_77' title="bbox 183 4436 1767 4524">
    <p class='ocr_par' dir='ltr' id='par_1_77' title="bbox 183 4436 1767 4524">
     <span class='ocr_line' id='line_1_77' title="bbox 183 4436 1767 4524; baseline -0.003 -16"><span class='ocrx_word' id='word_1_535' title='bbox 183 4451 398 4524; x_wconf 84' lang='grc' dir='ltr'>(καίτοι</span> <span class='ocrx_word' id='word_1_536' title='bbox 425 4450 597 4505; x_wconf 81' lang='grc' dir='ltr'>δοκῶν</span> <span class='ocrx_word' id='word_1_537' title='bbox 638 4451 697 4505; x_wconf 76' lang='grc' dir='ltr'><strong>ἐν</strong></span> <span class='ocrx_word' id='word_1_538' title='bbox 724 4448 802 4522; x_wconf 83' lang='grc' dir='ltr'><strong>τῷ</strong></span> <span class='ocrx_word' id='word_1_539' title='bbox 853 4436 1080 4521; x_wconf 78' lang='grc' dir='ltr'>πολέμῳ</span> <span class='ocrx_word' id='word_1_540' title='bbox 1135 4449 1531 4519; x_wconf 82' lang='grc' dir='ltr'>πλεονεκτεῖν),</span> <span class='ocrx_word' id='word_1_541' title='bbox 1570 4467 1767 4520; x_wconf 82' lang='grc' dir='ltr'>προσε-</span> 
     </span>
    </p>
   </div>
   <div class='ocr_carea' id='block_1_78' title="bbox 181 4511 1843 4615">
    <p class='ocr_par' dir='ltr' id='par_1_78' title="bbox 181 4511 1843 4615">
     <span class='ocr_line' id='line_1_78' title="bbox 181 4511 1843 4615; baseline -0.001 -17"><span class='ocrx_word' id='word_1_542' title='bbox 181 4511 383 4608; x_wconf 75' lang='grc' dir='ltr'>δέξατο</span> <span class='ocrx_word' id='word_1_543' title='bbox 408 4541 683 4615; x_wconf 80' lang='grc' dir='ltr'>ἁσμένως,</span> <span class='ocrx_word' id='word_1_544' title='bbox 714 4511 812 4596; x_wconf 76' lang='grc' dir='ltr'>καίι</span> <span class='ocrx_word' id='word_1_545' title='bbox 856 4511 1128 4595; x_wconf 71' lang='grc' dir='ltr'>διελέλύτο</span> <span class='ocrx_word' id='word_1_546' title='bbox 1175 4542 1360 4607; x_wconf 78' lang='grc' dir='ltr'>εὐθὺς,</span> <span class='ocrx_word' id='word_1_547' title='bbox 1388 4511 1578 4613; x_wconf 73' lang='grc' dir='ltr'>ῶσπερ</span> <span class='ocrx_word' id='word_1_548' title='bbox 1611 4511 1680 4596; x_wconf 59' lang='grc' dir='ltr'><strong>αν</strong></span> <span class='ocrx_word' id='word_1_549' title='bbox 1712 4543 1762 4597; x_wconf 82' lang='grc' dir='ltr'><strong>εί</strong></span> <span class='ocrx_word' id='word_1_550' title='bbox 1790 4511 1843 4571; x_wconf 74' lang='lat' dir='ltr'><strong>D</strong></span> 
     </span>
    </p>
   </div>
   <div class='ocr_carea' id='block_1_79' title="bbox 186 4632 1766 4709">
    <p class='ocr_par' dir='ltr' id='par_1_79' title="bbox 186 4632 1766 4709">
     <span class='ocr_line' id='line_1_79' title="bbox 186 4632 1766 4709; baseline -0.001 -20"><span class='ocrx_word' id='word_1_551' title='bbox 186 4636 333 4709; x_wconf 78' lang='grc' dir='ltr'><strong>μηδέ</strong></span> <span class='ocrx_word' id='word_1_552' title='bbox 359 4634 460 4707; x_wconf 84' lang='grc' dir='ltr'><strong>τὴν</strong></span> <span class='ocrx_word' id='word_1_553' title='bbox 508 4634 684 4706; x_wconf 77' lang='grc' dir='ltr'>ἀρχὴν</span> <span class='ocrx_word' id='word_1_554' title='bbox 734 4635 763 4686; x_wconf 82' lang='grc' dir='ltr'><strong>ὁ</strong></span> <span class='ocrx_word' id='word_1_555' title='bbox 807 4633 1041 4702; x_wconf 77' lang='grc' dir='ltr'>πόλεμος</span> <span class='ocrx_word' id='word_1_556' title='bbox 1080 4635 1313 4702; x_wconf 86' lang='grc' dir='ltr'>συνέστη</span> <span class='ocrx_word' id='word_1_557' title='bbox 1334 4648 1348 4663; x_wconf 80' lang='grc'><strong><em>⁸</em></strong></span> <span class='ocrx_word' id='word_1_558' title='bbox 1374 4632 1408 4688; x_wconf 85' lang='grc' dir='ltr'><strong>δ</strong></span> <span class='ocrx_word' id='word_1_559' title='bbox 1452 4632 1518 4706; x_wconf 77' lang='grc' dir='ltr'>δὴ</span> <span class='ocrx_word' id='word_1_560' title='bbox 1545 4633 1677 4704; x_wconf 85' lang='grc' dir='ltr'>ὑμῖν</span> <span class='ocrx_word' id='word_1_561' title='bbox 1703 4649 1766 4687; x_wconf 84' lang='grc' dir='ltr'><strong>τε</strong></span> 
     </span>
    </p>
   </div>
   <div class='ocr_carea' id='block_1_80' title="bbox 185 4724 1763 4803">
    <p class='ocr_par' dir='ltr' id='par_1_80' title="bbox 185 4724 1763 4803">
     <span class='ocr_line' id='line_1_80' title="bbox 185 4724 1763 4803; baseline -0.001 -21"><span class='ocrx_word' id='word_1_562' title='bbox 185 4728 287 4782; x_wconf 77' lang='grc' dir='ltr'>καὶ</span> <span class='ocrx_word' id='word_1_563' title='bbox 324 4725 405 4798; x_wconf 83' lang='grc' dir='ltr'><strong>τῷ</strong></span> <span class='ocrx_word' id='word_1_564' title='bbox 432 4725 587 4797; x_wconf 87' lang='grc' dir='ltr'>ὐμῶν</span> <span class='ocrx_word' id='word_1_565' title='bbox 616 4725 843 4803; x_wconf 79' lang='grc' dir='ltr'>ὑπηκόῳ</span> <span class='ocrx_word' id='word_1_566' title='bbox 869 4725 1031 4781; x_wconf 78' lang='grc' dir='ltr'>παντὶ</span> <span class='ocrx_word' id='word_1_567' title='bbox 1054 4725 1248 4797; x_wconf 81' lang='grc' dir='ltr'>ἡδονῆς</span> <span class='ocrx_word' id='word_1_568' title='bbox 1283 4724 1459 4781; x_wconf 83' lang='grc' dir='ltr'>αίτιον</span> <span class='ocrx_word' id='word_1_569' title='bbox 1478 4725 1576 4781; x_wconf 67' lang='grc' dir='ltr'><strong>καὶ⁵</strong></span> <span class='ocrx_word' id='word_1_570' title='bbox 1603 4725 1763 4780; x_wconf 84' lang='grc' dir='ltr'>εὐθυ-</span> 
     </span>
    </p>
   </div>
   <div class='ocr_carea' id='block_1_81' title="bbox 189 4816 1764 4890">
    <p class='ocr_par' dir='ltr' id='par_1_81' title="bbox 189 4816 1764 4890">
     <span class='ocr_line' id='line_1_81' title="bbox 189 4816 1764 4890; baseline 0.001 -18"><span class='ocrx_word' id='word_1_571' title='bbox 189 4819 326 4890; x_wconf 87' lang='grc' dir='ltr'>μίας</span> <span class='ocrx_word' id='word_1_572' title='bbox 371 4818 636 4889; x_wconf 76' lang='grc' dir='ltr'>κατέστη,</span> <span class='ocrx_word' id='word_1_573' title='bbox 669 4816 927 4887; x_wconf 78' lang='grc' dir='ltr'>εὐτυχίας</span> <span class='ocrx_word' id='word_1_574' title='bbox 963 4819 1076 4882; x_wconf 86' lang='grc' dir='ltr'>τοῖς</span> <span class='ocrx_word' id='word_1_575' title='bbox 1123 4817 1425 4887; x_wconf 78' lang='grc' dir='ltr'>Ῥωμαίοις</span> <span class='ocrx_word' id='word_1_576' title='bbox 1457 4820 1632 4890; x_wconf 81' lang='grc' dir='ltr'>ἀρχὴν</span> <span class='ocrx_word' id='word_1_577' title='bbox 1663 4820 1764 4886; x_wconf 79' lang='grc' dir='ltr'>τὴν</span> 
     </span>
    </p>
   </div>
   <div class='ocr_carea' id='block_1_82' title="bbox 188 4905 1763 4983">
    <p class='ocr_par' dir='ltr' id='par_1_82' title="bbox 188 4905 1763 4983">
     <span class='ocr_line' id='line_1_82' title="bbox 188 4905 1763 4983; baseline 0.003 -22"><span class='ocrx_word' id='word_1_578' title='bbox 188 4912 409 4983; x_wconf 79' lang='grc' dir='ltr'>ἡμέραν</span> <span class='ocrx_word' id='word_1_579' title='bbox 441 4909 656 4981; x_wconf 84' lang='grc' dir='ltr'>ἐκείνην</span> <span class='ocrx_word' id='word_1_580' title='bbox 714 4905 1114 4979; x_wconf 73' lang='grc' dir='ltr'>λογισαμένοις.</span> <span class='ocrx_word' id='word_1_581' title='bbox 1146 4908 1285 4963; x_wconf 78' lang='grc' dir='ltr'>Νυνὶ</span> <span class='ocrx_word' id='word_1_582' title='bbox 1339 4908 1400 4963; x_wconf 74' lang='grc' dir='ltr'><strong>δέ</strong></span> <span class='ocrx_word' id='word_1_583' title='bbox 1431 4909 1663 4981; x_wconf 81' lang='grc' dir='ltr'>ὁρῶντές</span> <span class='ocrx_word' id='word_1_584' title='bbox 1702 4929 1763 4966; x_wconf 84' lang='grc' dir='ltr'><strong>σε</strong></span> 
     </span>
    </p>
   </div>
   <div class='ocr_carea' id='block_1_83' title="bbox 186 4999 1765 5075">
    <p class='ocr_par' dir='ltr' id='par_1_83' title="bbox 186 4999 1765 5075">
     <span class='ocr_line' id='line_1_83' title="bbox 186 4999 1765 5075; baseline 0.003 -18"><span class='ocrx_word' id='word_1_585' title='bbox 186 5003 283 5057; x_wconf 75' lang='grc' dir='ltr'>τὸν</span> <span class='ocrx_word' id='word_1_586' title='bbox 316 5001 516 5073; x_wconf 81' lang='grc' dir='ltr'>μᾶλλον</span> <span class='ocrx_word' id='word_1_587' title='bbox 544 5001 675 5055; x_wconf 72' lang='grc' dir='ltr'>ὄντα</span> <span class='ocrx_word' id='word_1_588' title='bbox 701 5000 907 5055; x_wconf 87' lang='grc' dir='ltr'>δίκαιον</span> <span class='ocrx_word' id='word_1_589' title='bbox 936 4999 993 5054; x_wconf 84' lang='grc' dir='ltr'>εῐ</span> <span class='ocrx_word' id='word_1_590' title='bbox 1021 5018 1074 5054; x_wconf 89' lang='grc' dir='ltr'><strong>τι</strong></span> <span class='ocrx_word' id='word_1_591' title='bbox 1136 5002 1233 5056; x_wconf 74' lang='grc' dir='ltr'>καὶ</span> <span class='ocrx_word' id='word_1_592' title='bbox 1264 5004 1556 5074; x_wconf 82' lang='grc' dir='ltr'>προπετῶς</span> <span class='ocrx_word' id='word_1_593' title='bbox 1611 5006 1765 5075; x_wconf 80' lang='grc' dir='ltr'>παρὰ</span> 
     </span>
    </p>
   </div>
   <div class='ocr_carea' id='block_1_84' title="bbox 187 5087 1765 5163">
    <p class='ocr_par' dir='ltr' id='par_1_84' title="bbox 187 5087 1765 5163">
     <span class='ocr_line' id='line_1_84' title="bbox 187 5087 1765 5163; baseline 0 -14"><span class='ocrx_word' id='word_1_594' title='bbox 187 5095 287 5149; x_wconf 88' lang='grc' dir='ltr'><strong>τοῦ</strong></span> <span class='ocrx_word' id='word_1_595' title='bbox 322 5094 549 5163; x_wconf 58' lang='grc' dir='ltr'>ἐγγλόνου</span> <span class='ocrx_word' id='word_1_596' title='bbox 586 5096 683 5146; x_wconf 87' lang='grc' dir='ltr'><strong>τοῦ</strong></span> <span class='ocrx_word' id='word_1_597' title='bbox 713 5090 807 5145; x_wconf 87' lang='grc' dir='ltr'><strong>σοῦ</strong></span> <span class='ocrx_word' id='word_1_598' title='bbox 831 5093 1156 5163; x_wconf 76' lang='grc' dir='ltr'>ἐπράττετο,</span> <span class='ocrx_word' id='word_1_599' title='bbox 1191 5087 1280 5146; x_wconf 72' lang='grc' dir='ltr'>οἷα</span> <span class='ocrx_word' id='word_1_600' title='bbox 1305 5094 1452 5158; x_wconf 85' lang='grc' dir='ltr'>νέου,</span> <span class='ocrx_word' id='word_1_601' title='bbox 1489 5095 1582 5148; x_wconf 72' lang='grc' dir='ltr'>τὸν</span> <span class='ocrx_word' id='word_1_602' title='bbox 1603 5096 1765 5149; x_wconf 81' lang='grc' dir='ltr'>πόλε-</span> 
     </span>
    </p>
   </div>
   <div class='ocr_carea' id='block_1_85' title="bbox 195 5183 1766 5257">
    <p class='ocr_par' dir='ltr' id='par_1_85' title="bbox 195 5183 1766 5257">
     <span class='ocr_line' id='line_1_85' title="bbox 195 5183 1766 5257; baseline 0 -17"><span class='ocrx_word' id='word_1_603' title='bbox 195 5203 299 5256; x_wconf 87' lang='grc' dir='ltr'><strong>μον</strong></span> <span class='ocrx_word' id='word_1_604' title='bbox 327 5184 732 5250; x_wconf 83' lang='grc' dir='ltr'>καταστέλλειν,</span> <span class='ocrx_word' id='word_1_605' title='bbox 753 5183 815 5249; x_wconf 78' lang='grc' dir='ltr'>ἐξ</span> <span class='ocrx_word' id='word_1_606' title='bbox 845 5184 1105 5257; x_wconf 82' lang='grc' dir='ltr'>οὐδεμιᾶς</span> <span class='ocrx_word' id='word_1_607' title='bbox 1133 5184 1312 5248; x_wconf 85' lang='grc' dir='ltr'>αίτίας</span> <span class='ocrx_word' id='word_1_608' title='bbox 1338 5186 1646 5256; x_wconf 81' lang='grc' dir='ltr'>προφανοῦς</span> <span class='ocrx_word' id='word_1_609' title='bbox 1666 5186 1766 5252; x_wconf 81' lang='grc' dir='ltr'>τάς</span> 
     </span>
    </p>
   </div>
   <div class='ocr_carea' id='block_1_86' title="bbox 190 5262 1770 5349">
    <p class='ocr_par' dir='ltr' id='par_1_86' title="bbox 190 5262 1770 5349">
     <span class='ocr_line' id='line_1_86' title="bbox 190 5262 1770 5349; baseline -0.006 -21"><span class='ocrx_word' id='word_1_610' title='bbox 190 5291 254 5330; x_wconf 83' lang='grc' dir='ltr'><strong>τε</strong></span> <span class='ocrx_word' id='word_1_611' title='bbox 288 5273 523 5338; x_wconf 78' lang='grc' dir='ltr'>σπονδὰς</span> <span class='ocrx_word' id='word_1_612' title='bbox 546 5262 813 5328; x_wconf 73' lang='grc' dir='ltr'>λελυκότα</span> <span class='ocrx_word' id='word_1_613' title='bbox 844 5275 938 5328; x_wconf 74' lang='grc' dir='ltr'>καὶ</span> <span class='ocrx_word' id='word_1_614' title='bbox 967 5272 1306 5345; x_wconf 84' lang='grc' dir='ltr'>πολεμοῦντα</span> <span class='ocrx_word' id='word_1_615' title='bbox 1340 5270 1611 5349; x_wconf 75' lang='grc' dir='ltr'>φανερῶς,</span> <span class='ocrx_word' id='word_1_616' title='bbox 1636 5277 1770 5333; x_wconf 58' lang='lat' dir='ltr'><strong>aeu-</strong></span> 
     </span>
    </p>
   </div>
   <div class='ocr_carea' id='block_1_87' title="bbox 180 5366 1765 5442">
    <p class='ocr_par' dir='ltr' id='par_1_87' title="bbox 180 5366 1765 5442">
     <span class='ocr_line' id='line_1_87' title="bbox 180 5366 1765 5442; baseline 0.004 -22"><span class='ocrx_word' id='word_1_617' title='bbox 180 5367 411 5439; x_wconf 24' lang='lat' dir='ltr'><strong>‘ﬂogpév</strong></span> <span class='ocrx_word' id='word_1_618' title='bbox 439 5383 522 5432; x_wconf 85' lang='grc' dir='ltr'><strong>τε,</strong></span> <span class='ocrx_word' id='word_1_619' title='bbox 581 5366 656 5430; x_wconf 78' lang='grc' dir='ltr'><strong>ὡς</strong></span> <span class='ocrx_word' id='word_1_620' title='bbox 695 5368 864 5432; x_wconf 82' lang='grc' dir='ltr'>είκδς,</span> <span class='ocrx_word' id='word_1_621' title='bbox 897 5367 993 5422; x_wconf 73' lang='grc' dir='ltr'>καὶ</span> <span class='ocrx_word' id='word_1_622' title='bbox 1041 5369 1341 5441; x_wconf 78' lang='grc' dir='ltr'>συμφορῶν</span> <span class='ocrx_word' id='word_1_623' title='bbox 1376 5368 1552 5441; x_wconf 79' lang='grc' dir='ltr'>ἀρχὴν</span> <span class='ocrx_word' id='word_1_624' title='bbox 1596 5369 1765 5442; x_wconf 86' lang='grc' dir='ltr'>ἡγού-</span> 
     </span>
    </p>
   </div>
   <div class='ocr_carea' id='block_1_88' title="bbox 148 5453 1762 5533">
    <p class='ocr_par' dir='ltr' id='par_1_88' title="bbox 148 5453 1762 5533">
     <span class='ocr_line' id='line_1_88' title="bbox 148 5453 1762 5533; baseline 0.004 -22"><span class='ocrx_word' id='word_1_625' title='bbox 148 5475 152 5478; x_wconf 91' lang='grc'><strong>·</strong></span> <span class='ocrx_word' id='word_1_626' title='bbox 197 5459 340 5530; x_wconf 80' lang='grc' dir='ltr'>μεθα</span> <span class='ocrx_word' id='word_1_627' title='bbox 360 5458 460 5533; x_wconf 83' lang='grc' dir='ltr'><strong>τὴν</strong></span> <span class='ocrx_word' id='word_1_628' title='bbox 495 5458 653 5512; x_wconf 84' lang='grc' dir='ltr'>λύσιν</span> <span class='ocrx_word' id='word_1_629' title='bbox 684 5458 795 5513; x_wconf 90' lang='grc' dir='ltr'><strong>τῶν</strong></span> <span class='ocrx_word' id='word_1_630' title='bbox 822 5458 1084 5516; x_wconf 88' lang='grc' dir='ltr'>σπονδῶν.</span> <span class='ocrx_word' id='word_1_631' title='bbox 1117 5453 1193 5515; x_wconf 80' lang='grc' dir='ltr'><strong>Οὐ</strong></span> <span class='ocrx_word' id='word_1_632' title='bbox 1220 5460 1286 5533; x_wconf 86' lang='grc' dir='ltr'><strong>δὴ</strong></span> <span class='ocrx_word' id='word_1_633' title='bbox 1311 5460 1478 5516; x_wconf 73' lang='grc' dir='ltr'>ἕνεκα</span> <span class='ocrx_word' id='word_1_634' title='bbox 1509 5464 1606 5518; x_wconf 75' lang='grc' dir='ltr'><strong>καὶ</strong></span> <span class='ocrx_word' id='word_1_635' title='bbox 1643 5463 1762 5518; x_wconf 82' lang='grc' dir='ltr'>δεό-</span> 
     </span>
    </p>
   </div>
   <div class='ocr_carea' id='block_1_89' title="bbox 1864 3259 3435 3327">
    <p class='ocr_par' dir='ltr' id='par_1_89' title="bbox 1864 3259 3435 3327">
     <span class='ocr_line' id='line_1_89' title="bbox 1864 3259 3435 3327; baseline 0.003 -17"><span class='ocrx_word' id='word_1_636' title='bbox 1864 3266 2232 3322; x_wconf 82' lang='lat' dir='ltr'><strong>crementum,</strong></span> <span class='ocrx_word' id='word_1_637' title='bbox 2277 3267 2375 3312; x_wconf 84' lang='lat' dir='ltr'><strong>aut</strong></span> <span class='ocrx_word' id='word_1_638' title='bbox 2407 3268 2580 3321; x_wconf 88' lang='lat' dir='ltr'><strong>certe,</strong></span> <span class='ocrx_word' id='word_1_639' title='bbox 2630 3268 2691 3313; x_wconf 91' lang='lat' dir='ltr'><strong>ut</strong></span> <span class='ocrx_word' id='word_1_640' title='bbox 2717 3259 3018 3314; x_wconf 78' lang='lat' dir='ltr'><strong>verisimile</strong></span> <span class='ocrx_word' id='word_1_641' title='bbox 3069 3259 3435 3327; x_wconf 36' lang='lat' dir='ltr'><strong>est,&#39;nullum</strong></span> 
     </span>
    </p>
   </div>
   <div class='ocr_carea' id='block_1_90' title="bbox 1800 3348 3438 3420">
    <p class='ocr_par' dir='ltr' id='par_1_90' title="bbox 1800 3348 3438 3420">
     <span class='ocr_line' id='line_1_90' title="bbox 1800 3348 3438 3420; baseline 0.003 -19"><span class='ocrx_word' id='word_1_642' title='bbox 1800 3382 1817 3401; x_wconf 86' lang='lat'><strong>.</strong></span> <span class='ocrx_word' id='word_1_643' title='bbox 1862 3348 2107 3420; x_wconf 73' lang='lat' dir='ltr'><strong>ejusdem</strong></span> <span class='ocrx_word' id='word_1_644' title='bbox 2127 3349 2516 3405; x_wconf 87' lang='lat' dir='ltr'><strong>detrimentum</strong></span> <span class='ocrx_word' id='word_1_645' title='bbox 2531 3365 2654 3406; x_wconf 86' lang='lat' dir='ltr'><strong>esse</strong></span> <span class='ocrx_word' id='word_1_646' title='bbox 2675 3369 2690 3404; x_wconf 90' lang='lat'><strong>:</strong></span> <span class='ocrx_word' id='word_1_647' title='bbox 2707 3363 2897 3406; x_wconf 87' lang='lat' dir='ltr'><strong>contra</strong></span> <span class='ocrx_word' id='word_1_648' title='bbox 2916 3350 3223 3406; x_wconf 90' lang='lat' dir='ltr'><strong>inimicitiis</strong></span> <span class='ocrx_word' id='word_1_649' title='bbox 3239 3352 3438 3407; x_wconf 85' lang='lat' dir='ltr'><strong>vestris</strong></span> 
     </span>
    </p>
   </div>
   <div class='ocr_carea' id='block_1_91' title="bbox 1862 3426 3450 3509">
    <p class='ocr_par' dir='ltr' id='par_1_91' title="bbox 1862 3426 3450 3509">
     <span class='ocr_line' id='line_1_91' title="bbox 1862 3426 3450 3509; baseline 0.004 -15"><span class='ocrx_word' id='word_1_650' title='bbox 1862 3455 1970 3496; x_wconf 89' lang='lat' dir='ltr'><strong>non</strong></span> <span class='ocrx_word' id='word_1_651' title='bbox 1993 3441 2206 3500; x_wconf 84' lang='lat' dir='ltr'><strong>modoa</strong></span> <span class='ocrx_word' id='word_1_652' title='bbox 2227 3426 2478 3501; x_wconf 81' lang='lat' dir='ltr'><strong>barbaris</strong></span> <span class='ocrx_word' id='word_1_653' title='bbox 2498 3442 2772 3509; x_wconf 86' lang='lat' dir='ltr'><strong>finitimis,</strong></span> <span class='ocrx_word' id='word_1_654' title='bbox 2792 3459 2982 3500; x_wconf 83' lang='lat' dir='ltr'><strong>verum</strong></span> <span class='ocrx_word' id='word_1_655' title='bbox 3007 3444 3175 3500; x_wconf 83' lang='lat' dir='ltr'><strong>etiam</strong></span> <span class='ocrx_word' id='word_1_656' title='bbox 3197 3461 3227 3499; x_wconf 89' lang='lat' dir='ltr'><strong>a</strong></span> <span class='ocrx_word' id='word_1_657' title='bbox 3252 3443 3450 3500; x_wconf 75' lang='lat' dir='ltr'><strong>vobis-</strong></span> 
     </span>
    </p>
   </div>
   <div class='ocr_carea' id='block_1_92' title="bbox 1863 3531 3443 3609">
    <p class='ocr_par' dir='ltr' id='par_1_92' title="bbox 1863 3531 3443 3609">
     <span class='ocr_line' id='line_1_92' title="bbox 1863 3531 3443 3609; baseline 0.004 -23"><span class='ocrx_word' id='word_1_658' title='bbox 1863 3531 2000 3602; x_wconf 86' lang='lat' dir='ltr'><strong>ipsis</strong></span> <span class='ocrx_word' id='word_1_659' title='bbox 2029 3534 2396 3604; x_wconf 80' lang='lat' dir='ltr'><strong>principatum</strong></span> <span class='ocrx_word' id='word_1_660' title='bbox 2428 3545 2670 3590; x_wconf 86' lang='lat' dir='ltr'><strong>vestrum</strong></span> <span class='ocrx_word' id='word_1_661' title='bbox 2696 3537 3043 3591; x_wconf 88' lang='lat' dir='ltr'><strong>destructum</strong></span> <span class='ocrx_word' id='word_1_662' title='bbox 3069 3546 3236 3608; x_wconf 83' lang='lat' dir='ltr'><strong>atque</strong></span> <span class='ocrx_word' id='word_1_663' title='bbox 3256 3553 3443 3609; x_wconf 75' lang='lat' dir='ltr'><strong>ever-</strong></span> 
     </span>
    </p>
   </div>
   <div class='ocr_carea' id='block_1_93' title="bbox 1861 3622 3441 3697">
    <p class='ocr_par' dir='ltr' id='par_1_93' title="bbox 1861 3622 3441 3697">
     <span class='ocr_line' id='line_1_93' title="bbox 1861 3622 3441 3697; baseline 0.001 -17"><span class='ocrx_word' id='word_1_664' title='bbox 1861 3638 1985 3681; x_wconf 81' lang='lat' dir='ltr'><strong>sum</strong></span> <span class='ocrx_word' id='word_1_665' title='bbox 2010 3622 2101 3679; x_wconf 90' lang='lat' dir='ltr'><strong>iri.</strong></span> <span class='ocrx_word' id='word_1_666' title='bbox 2152 3624 2267 3696; x_wconf 71' lang='lat'><strong>80</strong></span> <span class='ocrx_word' id='word_1_667' title='bbox 2294 3624 2593 3697; x_wconf 80' lang='lat' dir='ltr'><strong>Aliquanto</strong></span> <span class='ocrx_word' id='word_1_668' title='bbox 2620 3625 2789 3697; x_wconf 75' lang='lat' dir='ltr'><strong>igitur</strong></span> <span class='ocrx_word' id='word_1_669' title='bbox 2820 3627 3053 3682; x_wconf 82' lang='lat' dir='ltr'><strong>antehac</strong></span> <span class='ocrx_word' id='word_1_670' title='bbox 3076 3628 3299 3683; x_wconf 84' lang='lat' dir='ltr'><strong>suborta</strong></span> <span class='ocrx_word' id='word_1_671' title='bbox 3329 3628 3441 3683; x_wconf 82' lang='lat' dir='ltr'><strong>dis-</strong></span> 
     </span>
    </p>
   </div>
   <div class='ocr_carea' id='block_1_94' title="bbox 1863 3715 3441 3791">
    <p class='ocr_par' dir='ltr' id='par_1_94' title="bbox 1863 3715 3441 3791">
     <span class='ocr_line' id='line_1_94' title="bbox 1863 3715 3441 3791; baseline 0.003 -22"><span class='ocrx_word' id='word_1_672' title='bbox 1863 3715 2142 3791; x_wconf 79' lang='lat' dir='ltr'><strong>sensionc,</strong></span> <span class='ocrx_word' id='word_1_673' title='bbox 2174 3725 2233 3770; x_wconf 89' lang='lat' dir='ltr'><strong>et</strong></span> <span class='ocrx_word' id='word_1_674' title='bbox 2265 3726 2463 3787; x_wconf 84' lang='lat' dir='ltr'><strong>nepote</strong></span> <span class='ocrx_word' id='word_1_675' title='bbox 2487 3721 2544 3772; x_wconf 90' lang='lat' dir='ltr'><strong>in</strong></span> <span class='ocrx_word' id='word_1_676' title='bbox 2572 3725 2625 3772; x_wconf 91' lang='lat' dir='ltr'><strong>te</strong></span> <span class='ocrx_word' id='word_1_677' title='bbox 2650 3733 2804 3773; x_wconf 87' lang='lat' dir='ltr'><strong>arma</strong></span> <span class='ocrx_word' id='word_1_678' title='bbox 2826 3718 3108 3785; x_wconf 84' lang='lat' dir='ltr'><strong>moliente,</strong></span> <span class='ocrx_word' id='word_1_679' title='bbox 3154 3734 3278 3775; x_wconf 90' lang='lat' dir='ltr'><strong>cum</strong></span> <span class='ocrx_word' id='word_1_680' title='bbox 3328 3719 3441 3790; x_wconf 79' lang='lat' dir='ltr'><strong>pri-</strong></span> 
     </span>
    </p>
   </div>
   <div class='ocr_carea' id='block_1_95' title="bbox 1864 3809 3441 3893">
    <p class='ocr_par' dir='ltr' id='par_1_95' title="bbox 1864 3809 3441 3893">
     <span class='ocr_line' id='line_1_95' title="bbox 1864 3809 3441 3893; baseline 0.004 -33"><span class='ocrx_word' id='word_1_681' title='bbox 1864 3821 2016 3869; x_wconf 83' lang='lat' dir='ltr'><strong>mum</strong></span> <span class='ocrx_word' id='word_1_682' title='bbox 2063 3811 2215 3877; x_wconf 81' lang='lat' dir='ltr'><strong>pacis</strong></span> <span class='ocrx_word' id='word_1_683' title='bbox 2243 3809 2584 3893; x_wconf 72' lang='lat' dir='ltr'><strong>mentionem</strong></span> <span class='ocrx_word' id='word_1_684' title='bbox 2626 3809 2829 3877; x_wconf 76' lang='lat' dir='ltr'><strong>fecisti,</strong></span> <span class='ocrx_word' id='word_1_685' title='bbox 2864 3810 3010 3866; x_wconf 91' lang='lat' dir='ltr'><strong>illico</strong></span> <span class='ocrx_word' id='word_1_686' title='bbox 3037 3813 3106 3876; x_wconf 87' lang='lat' dir='ltr'><strong>is,</strong></span> <span class='ocrx_word' id='word_1_687' title='bbox 3133 3827 3240 3866; x_wconf 90' lang='lat' dir='ltr'><strong>non</strong></span> <span class='ocrx_word' id='word_1_688' title='bbox 3279 3827 3441 3867; x_wconf 86' lang='lat' dir='ltr'><strong>secus</strong></span> 
     </span>
    </p>
   </div>
   <div class='ocr_carea' id='block_1_96' title="bbox 1864 3900 3441 3974">
    <p class='ocr_par' dir='ltr' id='par_1_96' title="bbox 1864 3900 3441 3974">
     <span class='ocr_line' id='line_1_96' title="bbox 1864 3900 3441 3974; baseline 0.003 -21"><span class='ocrx_word' id='word_1_689' title='bbox 1864 3914 2031 3968; x_wconf 89' lang='lat' dir='ltr'><strong>quam</strong></span> <span class='ocrx_word' id='word_1_690' title='bbox 2065 3901 2111 3954; x_wconf 87' lang='lat' dir='ltr'><strong>si</strong></span> <span class='ocrx_word' id='word_1_691' title='bbox 2131 3900 2248 3970; x_wconf 87' lang='lat' dir='ltr'><strong>ipse</strong></span> <span class='ocrx_word' id='word_1_692' title='bbox 2273 3912 2464 3971; x_wconf 83' lang='lat' dir='ltr'><strong>pacem</strong></span> <span class='ocrx_word' id='word_1_693' title='bbox 2489 3912 2721 3972; x_wconf 89' lang='lat' dir='ltr'><strong>peteret,</strong></span> <span class='ocrx_word' id='word_1_694' title='bbox 2750 3905 3005 3974; x_wconf 84' lang='lat' dir='ltr'><strong>quamvis</strong></span> <span class='ocrx_word' id='word_1_695' title='bbox 3032 3919 3311 3960; x_wconf 82' lang='lat' dir='ltr'><strong>armorum</strong></span> <span class='ocrx_word' id='word_1_696' title='bbox 3337 3918 3441 3974; x_wconf 85' lang='lat' dir='ltr'><strong>po-</strong></span> 
     </span>
    </p>
   </div>
   <div class='ocr_carea' id='block_1_97' title="bbox 1872 3989 3440 4063">
    <p class='ocr_par' dir='ltr' id='par_1_97' title="bbox 1872 3989 3440 4063">
     <span class='ocr_line' id='line_1_97' title="bbox 1872 3989 3440 4063; baseline 0.003 -20"><span class='ocrx_word' id='word_1_697' title='bbox 1872 3989 2044 4045; x_wconf 87' lang='lat' dir='ltr'><strong>tentia</strong></span> <span class='ocrx_word' id='word_1_698' title='bbox 2068 3990 2450 4058; x_wconf 84' lang='lat' dir='ltr'><strong>antecelleret,</strong></span> <span class='ocrx_word' id='word_1_699' title='bbox 2502 3994 2757 4063; x_wconf 81' lang='lat' dir='ltr'><strong>petitioni</strong></span> <span class='ocrx_word' id='word_1_700' title='bbox 2789 3995 3027 4050; x_wconf 82' lang='lat' dir='ltr'><strong>libenter</strong></span> <span class='ocrx_word' id='word_1_701' title='bbox 3058 3994 3236 4050; x_wconf 86' lang='lat' dir='ltr'><strong>loeum</strong></span> <span class='ocrx_word' id='word_1_702' title='bbox 3263 3994 3440 4058; x_wconf 83' lang='lat' dir='ltr'><strong>dedit,</strong></span> 
     </span>
    </p>
   </div>
   <div class='ocr_carea' id='block_1_98' title="bbox 1866 4081 3431 4143">
    <p class='ocr_par' dir='ltr' id='par_1_98' title="bbox 1866 4081 3431 4143">
     <span class='ocr_line' id='line_1_98' title="bbox 1866 4081 3431 4143; baseline 0.003 -9"><span class='ocrx_word' id='word_1_703' title='bbox 1866 4081 2261 4138; x_wconf 77' lang='lat' dir='ltr'><strong>reconciliatus</strong></span> <span class='ocrx_word' id='word_1_704' title='bbox 2307 4092 2393 4139; x_wconf 85' lang='lat' dir='ltr'><strong>est</strong></span> <span class='ocrx_word' id='word_1_705' title='bbox 2432 4084 2620 4139; x_wconf 81' lang='lat' dir='ltr'><strong>statim</strong></span> <span class='ocrx_word' id='word_1_706' title='bbox 2665 4100 2730 4142; x_wconf 87' lang='lat' dir='ltr'><strong>ac</strong></span> <span class='ocrx_word' id='word_1_707' title='bbox 2774 4087 2820 4141; x_wconf 89' lang='lat' dir='ltr'><strong>si</strong></span> <span class='ocrx_word' id='word_1_708' title='bbox 2864 4086 3079 4141; x_wconf 82' lang='lat' dir='ltr'><strong>bellum</strong></span> <span class='ocrx_word' id='word_1_709' title='bbox 3132 4086 3431 4143; x_wconf 81' lang='lat' dir='ltr'><strong>conﬂatum</strong></span> 
     </span>
    </p>
   </div>
   <div class='ocr_carea' id='block_1_99' title="bbox 1865 4176 3440 4261">
    <p class='ocr_par' dir='ltr' id='par_1_99' title="bbox 1865 4176 3440 4261">
     <span class='ocr_line' id='line_1_99' title="bbox 1865 4176 3440 4261; baseline 0.003 -33"><span class='ocrx_word' id='word_1_710' title='bbox 1865 4188 2098 4242; x_wconf 89' lang='lat' dir='ltr'><strong>prorsus</strong></span> <span class='ocrx_word' id='word_1_711' title='bbox 2128 4190 2410 4261; x_wconf 83' lang='lat' dir='ltr'><strong>nunquam</strong></span> <span class='ocrx_word' id='word_1_712' title='bbox 2442 4176 2639 4233; x_wconf 77' lang='lat' dir='ltr'><strong>fuisset</strong></span> <span class='ocrx_word' id='word_1_713' title='bbox 2686 4196 2701 4234; x_wconf 90' lang='lat'><strong>:</strong></span> <span class='ocrx_word' id='word_1_714' title='bbox 2752 4178 2806 4234; x_wconf 89' lang='lat' dir='ltr'><strong>id</strong></span> <span class='ocrx_word' id='word_1_715' title='bbox 2840 4180 2988 4250; x_wconf 89' lang='lat' dir='ltr'><strong>quod</strong></span> <span class='ocrx_word' id='word_1_716' title='bbox 3016 4178 3199 4245; x_wconf 89' lang='lat' dir='ltr'><strong>nobis,</strong></span> <span class='ocrx_word' id='word_1_717' title='bbox 3226 4188 3440 4234; x_wconf 80' lang='lat' dir='ltr'><strong>vestro-</strong></span> 
     </span>
    </p>
   </div>
   <div class='ocr_carea' id='block_1_100' title="bbox 1864 4269 3435 4351">
    <p class='ocr_par' dir='ltr' id='par_1_100' title="bbox 1864 4269 3435 4351">
     <span class='ocr_line' id='line_1_100' title="bbox 1864 4269 3435 4351; baseline 0.001 -28"><span class='ocrx_word' id='word_1_718' title='bbox 1864 4283 1973 4338; x_wconf 85' lang='lat' dir='ltr'><strong>que</strong></span> <span class='ocrx_word' id='word_1_719' title='bbox 2010 4269 2243 4339; x_wconf 81' lang='lat' dir='ltr'><strong>imperio</strong></span> <span class='ocrx_word' id='word_1_720' title='bbox 2283 4272 2879 4351; x_wconf 63' lang='lat' dir='ltr'><strong>contentisomnibus,</strong></span> <span class='ocrx_word' id='word_1_721' title='bbox 2932 4272 3080 4328; x_wconf 87' lang='lat' dir='ltr'><strong>diem</strong></span> <span class='ocrx_word' id='word_1_722' title='bbox 3124 4272 3281 4328; x_wconf 85' lang='lat' dir='ltr'><strong>illum</strong></span> <span class='ocrx_word' id='word_1_723' title='bbox 3325 4272 3435 4326; x_wconf 79' lang='lat' dir='ltr'><strong>Ito-</strong></span> 
     </span>
    </p>
   </div>
   <div class='ocr_carea' id='block_1_101' title="bbox 1867 4363 3441 4436">
    <p class='ocr_par' dir='ltr' id='par_1_101' title="bbox 1867 4363 3441 4436">
     <span class='ocr_line' id='line_1_101' title="bbox 1867 4363 3441 4436; baseline 0.001 -21"><span class='ocrx_word' id='word_1_724' title='bbox 1867 4377 2042 4417; x_wconf 67' lang='lat' dir='ltr'><strong>mana:</strong></span> <span class='ocrx_word' id='word_1_725' title='bbox 2074 4363 2322 4420; x_wconf 84' lang='lat' dir='ltr'><strong>felicitati</strong></span> <span class='ocrx_word' id='word_1_726' title='bbox 2368 4365 2866 4436; x_wconf 79' lang='lat' dir='ltr'><strong>auspicatissimum</strong></span> <span class='ocrx_word' id='word_1_727' title='bbox 2900 4364 3288 4436; x_wconf 77' lang='lat' dir='ltr'><strong>reputantibus</strong></span> <span class='ocrx_word' id='word_1_728' title='bbox 3325 4364 3441 4419; x_wconf 83' lang='lat' dir='ltr'><strong>sin~</strong></span> 
     </span>
    </p>
   </div>
   <div class='ocr_carea' id='block_1_102' title="bbox 1868 4444 3436 4529">
    <p class='ocr_par' dir='ltr' id='par_1_102' title="bbox 1868 4444 3436 4529">
     <span class='ocr_line' id='line_1_102' title="bbox 1868 4444 3436 4529; baseline -0.001 -21"><span class='ocrx_word' id='word_1_729' title='bbox 1868 4453 2043 4524; x_wconf 76' lang='lat' dir='ltr'><strong>galati</strong></span> <span class='ocrx_word' id='word_1_730' title='bbox 2065 4452 2269 4510; x_wconf 62' lang='lat' dir='ltr'><strong>laetitia</strong></span> <span class='ocrx_word' id='word_1_731' title='bbox 2295 4453 2419 4529; x_wconf 80' lang='lat' dir='ltr'><strong>fuit.</strong></span> <span class='ocrx_word' id='word_1_732' title='bbox 2444 4454 2513 4511; x_wconf 83' lang='lat' dir='ltr'><strong>At</strong></span> <span class='ocrx_word' id='word_1_733' title='bbox 2535 4444 2700 4522; x_wconf 77' lang='lat' dir='ltr'><strong>nunc,</strong></span> <span class='ocrx_word' id='word_1_734' title='bbox 2720 4470 2846 4511; x_wconf 83' lang='lat' dir='ltr'><strong>cum</strong></span> <span class='ocrx_word' id='word_1_735' title='bbox 2866 4455 3152 4510; x_wconf 76' lang='lat' dir='ltr'><strong>videamus</strong></span> <span class='ocrx_word' id='word_1_736' title='bbox 3173 4463 3245 4520; x_wconf 84' lang='lat' dir='ltr'><strong>te,</strong></span> <span class='ocrx_word' id='word_1_737' title='bbox 3271 4468 3436 4524; x_wconf 78' lang='lat' dir='ltr'><strong>(luem</strong></span> 
     </span>
    </p>
   </div>
   <div class='ocr_carea' id='block_1_103' title="bbox 1870 4545 3443 4618">
    <p class='ocr_par' dir='ltr' id='par_1_103' title="bbox 1870 4545 3443 4618">
     <span class='ocr_line' id='line_1_103' title="bbox 1870 4545 3443 4618; baseline -0.002 -18"><span class='ocrx_word' id='word_1_738' title='bbox 1870 4561 2087 4616; x_wconf 70' lang='lat' dir='ltr'><strong>aequum</strong></span> <span class='ocrx_word' id='word_1_739' title='bbox 2121 4555 2260 4612; x_wconf 88' lang='lat' dir='ltr'><strong>erat,</strong></span> <span class='ocrx_word' id='word_1_740' title='bbox 2292 4547 2339 4603; x_wconf 89' lang='lat' dir='ltr'><strong>si</strong></span> <span class='ocrx_word' id='word_1_741' title='bbox 2395 4547 2528 4618; x_wconf 89' lang='lat' dir='ltr'><strong>quid</strong></span> <span class='ocrx_word' id='word_1_742' title='bbox 2560 4549 2727 4602; x_wconf 89' lang='lat' dir='ltr'><strong>etiam</strong></span> <span class='ocrx_word' id='word_1_743' title='bbox 2764 4559 2966 4602; x_wconf 89' lang='lat' dir='ltr'><strong>temere</strong></span> <span class='ocrx_word' id='word_1_744' title='bbox 2997 4556 3163 4616; x_wconf 89' lang='lat' dir='ltr'><strong>atque</strong></span> <span class='ocrx_word' id='word_1_745' title='bbox 3201 4545 3443 4601; x_wconf 90' lang='lat' dir='ltr'><strong>inconsi-</strong></span> 
     </span>
    </p>
   </div>
   <div class='ocr_carea' id='block_1_104' title="bbox 1870 4635 3453 4707">
    <p class='ocr_par' dir='ltr' id='par_1_104' title="bbox 1870 4635 3453 4707">
     <span class='ocr_line' id='line_1_104' title="bbox 1870 4635 3453 4707; baseline -0.001 -18"><span class='ocrx_word' id='word_1_746' title='bbox 1870 4635 2061 4691; x_wconf 86' lang='lat' dir='ltr'><strong>derate</strong></span> <span class='ocrx_word' id='word_1_747' title='bbox 2088 4651 2119 4690; x_wconf 88' lang='lat' dir='ltr'><strong>a</strong></span> <span class='ocrx_word' id='word_1_748' title='bbox 2151 4644 2352 4707; x_wconf 85' lang='lat' dir='ltr'><strong>nepote</strong></span> <span class='ocrx_word' id='word_1_749' title='bbox 2383 4636 2457 4692; x_wconf 89' lang='lat' dir='ltr'><strong>ob</strong></span> <span class='ocrx_word' id='word_1_750' title='bbox 2488 4636 2762 4694; x_wconf 85' lang='lat' dir='ltr'><strong>fervorem</strong></span> <span class='ocrx_word' id='word_1_751' title='bbox 2789 4636 2969 4692; x_wconf 77' lang='lat' dir='ltr'><strong>aetatis</strong></span> <span class='ocrx_word' id='word_1_752' title='bbox 2989 4643 3291 4707; x_wconf 74' lang='lat' dir='ltr'><strong>gereretur,</strong></span> <span class='ocrx_word' id='word_1_753' title='bbox 3326 4636 3453 4689; x_wconf 78' lang='lat' dir='ltr'><strong>bel-</strong></span> 
     </span>
    </p>
   </div>
   <div class='ocr_carea' id='block_1_105' title="bbox 1866 4726 3449 4796">
    <p class='ocr_par' dir='ltr' id='par_1_105' title="bbox 1866 4726 3449 4796">
     <span class='ocr_line' id='line_1_105' title="bbox 1866 4726 3449 4796; baseline 0.001 -10"><span class='ocrx_word' id='word_1_754' title='bbox 1866 4728 1984 4786; x_wconf 86' lang='lat' dir='ltr'><strong>lum</strong></span> <span class='ocrx_word' id='word_1_755' title='bbox 2006 4729 2223 4796; x_wconf 87' lang='lat' dir='ltr'><strong>sedare,</strong></span> <span class='ocrx_word' id='word_1_756' title='bbox 2249 4731 2400 4789; x_wconf 86' lang='lat' dir='ltr'><strong>nulla</strong></span> <span class='ocrx_word' id='word_1_757' title='bbox 2413 4730 2483 4786; x_wconf 87' lang='lat' dir='ltr'><strong>de</strong></span> <span class='ocrx_word' id='word_1_758' title='bbox 2503 4745 2666 4787; x_wconf 82' lang='lat' dir='ltr'><strong>causa</strong></span> <span class='ocrx_word' id='word_1_759' title='bbox 2685 4730 2995 4794; x_wconf 85' lang='lat' dir='ltr'><strong>manifesta,</strong></span> <span class='ocrx_word' id='word_1_760' title='bbox 3020 4728 3192 4785; x_wconf 85' lang='lat' dir='ltr'><strong>fracto</strong></span> <span class='ocrx_word' id='word_1_761' title='bbox 3209 4726 3449 4787; x_wconf 81' lang='lat' dir='ltr'><strong>foedere.-</strong></span> 
     </span>
    </p>
   </div>
   <div class='ocr_carea' id='block_1_106' title="bbox 1866 4820 3443 4897">
    <p class='ocr_par' dir='ltr' id='par_1_106' title="bbox 1866 4820 3443 4897">
     <span class='ocr_line' id='line_1_106' title="bbox 1866 4820 3443 4897; baseline -0.004 -20"><span class='ocrx_word' id='word_1_762' title='bbox 1866 4820 2077 4877; x_wconf 84' lang='lat' dir='ltr'><strong>bellum</strong></span> <span class='ocrx_word' id='word_1_763' title='bbox 2113 4824 2396 4894; x_wconf 85' lang='lat' dir='ltr'><strong>propalam</strong></span> <span class='ocrx_word' id='word_1_764' title='bbox 2427 4822 2654 4897; x_wconf 77' lang='lat' dir='ltr'><strong>inferre,</strong></span> <span class='ocrx_word' id='word_1_765' title='bbox 2693 4824 2901 4891; x_wconf 87' lang='lat' dir='ltr'><strong>animo,</strong></span> <span class='ocrx_word' id='word_1_766' title='bbox 2941 4830 3003 4877; x_wconf 88' lang='lat' dir='ltr'><strong>ut</strong></span> <span class='ocrx_word' id='word_1_767' title='bbox 3033 4835 3132 4893; x_wconf 88' lang='lat' dir='ltr'><strong>par</strong></span> <span class='ocrx_word' id='word_1_768' title='bbox 3162 4827 3269 4885; x_wconf 84' lang='lat' dir='ltr'><strong>est,</strong></span> <span class='ocrx_word' id='word_1_769' title='bbox 3308 4832 3443 4872; x_wconf 90' lang='lat' dir='ltr'><strong>con-</strong></span> 
     </span>
    </p>
   </div>
   <div class='ocr_carea' id='block_1_107' title="bbox 1868 4911 3447 4981">
    <p class='ocr_par' dir='ltr' id='par_1_107' title="bbox 1868 4911 3447 4981">
     <span class='ocr_line' id='line_1_107' title="bbox 1868 4911 3447 4981; baseline -0.004 -11"><span class='ocrx_word' id='word_1_770' title='bbox 1868 4913 2127 4981; x_wconf 86' lang='lat' dir='ltr'><strong>cidimus,</strong></span> <span class='ocrx_word' id='word_1_771' title='bbox 2161 4922 2219 4970; x_wconf 90' lang='lat' dir='ltr'><strong>et</strong></span> <span class='ocrx_word' id='word_1_772' title='bbox 2246 4915 2597 4971; x_wconf 83' lang='lat' dir='ltr'><strong>violationem</strong></span> <span class='ocrx_word' id='word_1_773' title='bbox 2626 4918 2786 4971; x_wconf 88' lang='lat' dir='ltr'><strong>istam</strong></span> <span class='ocrx_word' id='word_1_774' title='bbox 2809 4914 3035 4970; x_wconf 76' lang='lat' dir='ltr'><strong>l&#39;mderis</strong></span> <span class='ocrx_word' id='word_1_775' title='bbox 3062 4911 3447 4968; x_wconf 76' lang='lat' dir='ltr'><strong>calamitatum</strong></span> 
     </span>
    </p>
   </div>
   <div class='ocr_carea' id='block_1_108' title="bbox 1871 5003 3447 5074">
    <p class='ocr_par' dir='ltr' id='par_1_108' title="bbox 1871 5003 3447 5074">
     <span class='ocr_line' id='line_1_108' title="bbox 1871 5003 3447 5074; baseline -0.004 -13"><span class='ocrx_word' id='word_1_776' title='bbox 1871 5006 2163 5061; x_wconf 79' lang='lat' dir='ltr'><strong>exordium</strong></span> <span class='ocrx_word' id='word_1_777' title='bbox 2209 5006 2330 5063; x_wconf 83' lang='lat' dir='ltr'><strong>fore</strong></span> <span class='ocrx_word' id='word_1_778' title='bbox 2363 5008 2719 5063; x_wconf 80' lang='lat' dir='ltr'><strong>arbitramur.</strong></span> <span class='ocrx_word' id='word_1_779' title='bbox 2750 5006 2886 5074; x_wconf 70' lang='grc' dir='ltr'>ριιω</span> <span class='ocrx_word' id='word_1_780' title='bbox 2924 5021 3051 5061; x_wconf 89' lang='lat' dir='ltr'><strong>cum</strong></span> <span class='ocrx_word' id='word_1_781' title='bbox 3086 5008 3160 5059; x_wconf 84' lang='lat' dir='ltr'><strong>ita</strong></span> <span class='ocrx_word' id='word_1_782' title='bbox 3190 5003 3324 5066; x_wconf 89' lang='lat' dir='ltr'><strong>sint,</strong></span> <span class='ocrx_word' id='word_1_783' title='bbox 3365 5012 3447 5067; x_wconf 77' lang='lat' dir='ltr'><strong>te,</strong></span> 
     </span>
    </p>
   </div>
   <div class='ocr_carea' id='block_1_109' title="bbox 1872 5094 3438 5171">
    <p class='ocr_par' dir='ltr' id='par_1_109' title="bbox 1872 5094 3438 5171">
     <span class='ocr_line' id='line_1_109' title="bbox 1872 5094 3438 5171; baseline -0.004 -17"><span class='ocrx_word' id='word_1_784' title='bbox 1872 5097 2192 5169; x_wconf 88' lang='lat' dir='ltr'><strong>imperator,</strong></span> <span class='ocrx_word' id='word_1_785' title='bbox 2230 5113 2326 5168; x_wconf 86' lang='lat' dir='ltr'><strong>per</strong></span> <span class='ocrx_word' id='word_1_786' title='bbox 2350 5099 2501 5153; x_wconf 91' lang='lat' dir='ltr'><strong>illum</strong></span> <span class='ocrx_word' id='word_1_787' title='bbox 2543 5100 2724 5171; x_wconf 88' lang='lat' dir='ltr'><strong>ipsum</strong></span> <span class='ocrx_word' id='word_1_788' title='bbox 2769 5100 3213 5170; x_wconf 87' lang='lat' dir='ltr'><strong>juramentorum</strong></span> <span class='ocrx_word' id='word_1_789' title='bbox 3246 5094 3438 5164; x_wconf 62' lang='lat' dir='ltr'><strong>prasi-</strong></span> 
     </span>
    </p>
   </div>
   <div class='ocr_carea' id='block_1_110' title="bbox 1872 5188 3443 5261">
    <p class='ocr_par' dir='ltr' id='par_1_110' title="bbox 1872 5188 3443 5261">
     <span class='ocr_line' id='line_1_110' title="bbox 1872 5188 3443 5261; baseline -0.006 -16"><span class='ocrx_word' id='word_1_790' title='bbox 1872 5190 2021 5257; x_wconf 88' lang='lat' dir='ltr'><strong>dem,</strong></span> <span class='ocrx_word' id='word_1_791' title='bbox 2051 5190 2145 5261; x_wconf 91' lang='lat' dir='ltr'><strong>qui</strong></span> <span class='ocrx_word' id='word_1_792' title='bbox 2173 5200 2255 5247; x_wconf 90' lang='lat' dir='ltr'><strong>est</strong></span> <span class='ocrx_word' id='word_1_793' title='bbox 2306 5200 2363 5248; x_wconf 90' lang='lat' dir='ltr'><strong>et</strong></span> <span class='ocrx_word' id='word_1_794' title='bbox 2406 5192 2607 5249; x_wconf 83' lang='lat' dir='ltr'><strong>dicitur</strong></span> <span class='ocrx_word' id='word_1_795' title='bbox 2656 5193 2800 5248; x_wconf 86' lang='lat' dir='ltr'><strong>Deus</strong></span> <span class='ocrx_word' id='word_1_796' title='bbox 2835 5190 3009 5261; x_wconf 82' lang='lat' dir='ltr'><strong>pacis,</strong></span> <span class='ocrx_word' id='word_1_797' title='bbox 3056 5188 3443 5250; x_wconf 78' lang='lat' dir='ltr'><strong>obsecramus,</strong></span> 
     </span>
    </p>
   </div>
   <div class='ocr_carea' id='block_1_111' title="bbox 1872 5280 3444 5357">
    <p class='ocr_par' dir='ltr' id='par_1_111' title="bbox 1872 5280 3444 5357">
     <span class='ocr_line' id='line_1_111' title="bbox 1872 5280 3444 5357; baseline -0.003 -20"><span class='ocrx_word' id='word_1_798' title='bbox 1872 5282 1953 5338; x_wconf 90' lang='lat' dir='ltr'><strong>uti</strong></span> <span class='ocrx_word' id='word_1_799' title='bbox 1984 5280 2135 5341; x_wconf 78' lang='lat' dir='ltr'><strong>arma</strong></span> <span class='ocrx_word' id='word_1_800' title='bbox 2166 5282 2432 5356; x_wconf 87' lang='lat' dir='ltr'><strong>deponas,</strong></span> <span class='ocrx_word' id='word_1_801' title='bbox 2468 5301 2609 5343; x_wconf 87' lang='lat' dir='ltr'><strong>neve</strong></span> <span class='ocrx_word' id='word_1_802' title='bbox 2633 5286 2912 5357; x_wconf 80' lang='lat' dir='ltr'><strong>subjectos</strong></span> <span class='ocrx_word' id='word_1_803' title='bbox 2938 5280 3172 5354; x_wconf 90' lang='lat' dir='ltr'><strong>populos</strong></span> <span class='ocrx_word' id='word_1_804' title='bbox 3209 5285 3444 5350; x_wconf 80' lang='lat' dir='ltr'><strong>propter</strong></span> 
     </span>
    </p>
   </div>
   <div class='ocr_carea' id='block_1_112' title="bbox 1858 5362 3473 5445">
    <p class='ocr_par' dir='ltr' id='par_1_112' title="bbox 1858 5362 3473 5445">
     <span class='ocr_line' id='line_1_112' title="bbox 1858 5362 3473 5445; baseline -0.004 -15"><span class='ocrx_word' id='word_1_805' title='bbox 1858 5362 2205 5433; x_wconf 85' lang='lat' dir='ltr'><strong>discordiam</strong></span> <span class='ocrx_word' id='word_1_806' title='bbox 2230 5387 2467 5437; x_wconf 83' lang='lat' dir='ltr'><strong>vestram</strong></span> <span class='ocrx_word' id='word_1_807' title='bbox 2494 5378 2653 5433; x_wconf 88' lang='lat' dir='ltr'><strong>malis</strong></span> <span class='ocrx_word' id='word_1_808' title='bbox 2673 5375 2971 5435; x_wconf 83' lang='lat' dir='ltr'><strong>teterrimis</strong></span> <span class='ocrx_word' id='word_1_809' title='bbox 2986 5371 3175 5445; x_wconf 66' lang='lat' dir='ltr'><strong>amisi,</strong></span> <span class='ocrx_word' id='word_1_810' title='bbox 3201 5370 3473 5443; x_wconf 75' lang='lat' dir='ltr'><strong>patiane.&#39;</strong></span> 
     </span>
    </p>
   </div>
   <div class='ocr_carea' id='block_1_113' title="bbox 1874 5451 3444 5541">
    <p class='ocr_par' dir='ltr' id='par_1_113' title="bbox 1874 5451 3444 5541">
     <span class='ocr_line' id='line_1_113' title="bbox 1874 5451 3444 5541; baseline -0.004 -18"><span class='ocrx_word' id='word_1_811' title='bbox 1874 5465 1932 5523; x_wconf 89' lang='lat' dir='ltr'><strong>Si</strong></span> <span class='ocrx_word' id='word_1_812' title='bbox 1979 5475 2039 5533; x_wconf 88' lang='lat' dir='ltr'><strong>tu</strong></span> <span class='ocrx_word' id='word_1_813' title='bbox 2070 5468 2252 5541; x_wconf 86' lang='lat' dir='ltr'><strong>nobis</strong></span> <span class='ocrx_word' id='word_1_814' title='bbox 2301 5469 2707 5535; x_wconf 84' lang='lat' dir='ltr'><strong>obsecundans,</strong></span> <span class='ocrx_word' id='word_1_815' title='bbox 2737 5469 2881 5529; x_wconf 83' lang='lat' dir='ltr'><strong>bello</strong></span> <span class='ocrx_word' id='word_1_816' title='bbox 2920 5467 3214 5540; x_wconf 87' lang='lat' dir='ltr'><strong>repudiato</strong></span> <span class='ocrx_word' id='word_1_817' title='bbox 3244 5451 3444 5536; x_wconf 66' lang='lat' dir='ltr'><strong>patiens</strong></span> 
     </span>
    </p>
   </div>
   <div class='ocr_carea' id='block_1_114' title="bbox 1460 5580 2186 5648">
    <p class='ocr_par' dir='ltr' id='par_1_114' title="bbox 1460 5580 2186 5648">
     <span class='ocr_line' id='line_1_114' title="bbox 1460 5580 2186 5648; baseline 0.01 -6"><span class='ocrx_word' id='word_1_818' title='bbox 1460 5580 1676 5643; x_wconf 81' lang='lat' dir='ltr'><strong>Jacobi</strong></span> <span class='ocrx_word' id='word_1_819' title='bbox 1703 5583 1973 5647; x_wconf 71' lang='lat' dir='ltr'><strong>Pontiani</strong></span> <span class='ocrx_word' id='word_1_820' title='bbox 1996 5593 2186 5648; x_wconf 68' lang='lat' dir='ltr'><strong>notae.</strong></span> 
     </span>
    </p>
   </div>
   <div class='ocr_carea' id='block_1_115' title="bbox 221 5674 1769 5755">
    <p class='ocr_par' dir='ltr' id='par_1_115' title="bbox 221 5674 1769 5755">
     <span class='ocr_line' id='line_1_115' title="bbox 221 5674 1769 5755; baseline 0.006 -25"><span class='ocrx_word' id='word_1_821' title='bbox 221 5674 399 5755; x_wconf 46' lang='lat'><strong>&quot;‘78).</strong></span> <span class='ocrx_word' id='word_1_822' title='bbox 431 5676 780 5755; x_wconf 82' lang='lat' dir='ltr'><strong>Etiam__ba_nc</strong></span> <span class='ocrx_word' id='word_1_823' title='bbox 812 5677 965 5755; x_wconf 76' lang='grc' dir='ltr'>θείαν</span> <span class='ocrx_word' id='word_1_824' title='bbox 984 5677 1234 5755; x_wconf 65' lang='lat' dir='ltr'><strong>Juuiqris</strong></span> <span class='ocrx_word' id='word_1_825' title='bbox 1266 5682 1523 5755; x_wconf 70' lang='lat' dir='ltr'><strong>appellat.</strong></span> <span class='ocrx_word' id='word_1_826' title='bbox 1549 5699 1672 5755; x_wconf 63' lang='lat' dir='ltr'><strong>qua!</strong></span> <span class='ocrx_word' id='word_1_827' title='bbox 1702 5700 1769 5740; x_wconf 84' lang='lat' dir='ltr'><strong>ex</strong></span> 
     </span>
    </p>
   </div>
   <div class='ocr_carea' id='block_1_116' title="bbox 202 5743 1766 5823">
    <p class='ocr_par' dir='ltr' id='par_1_116' title="bbox 202 5743 1766 5823">
     <span class='ocr_line' id='line_1_116' title="bbox 202 5743 1766 5823; baseline 0.007 -25"><span class='ocrx_word' id='word_1_828' title='bbox 202 5743 310 5823; x_wconf 56' lang='lat' dir='ltr'><strong>filia</strong></span> <span class='ocrx_word' id='word_1_829' title='bbox 346 5743 551 5803; x_wconf 76' lang='lat' dir='ltr'><strong>sororis</strong></span> <span class='ocrx_word' id='word_1_830' title='bbox 598 5748 881 5823; x_wconf 61' lang='lat' dir='ltr'><strong>Michaelis</strong></span> <span class='ocrx_word' id='word_1_831' title='bbox 925 5743 1086 5823; x_wconf 66' lang='lat' dir='ltr'><strong>primi</strong></span> <span class='ocrx_word' id='word_1_832' title='bbox 1112 5743 1421 5823; x_wconf 12' lang='lat' dir='ltr'><strong>iPalmiilogi</strong></span> <span class='ocrx_word' id='word_1_833' title='bbox 1466 5743 1592 5809; x_wconf 71' lang='lat' dir='ltr'><strong>naui</strong></span> <span class='ocrx_word' id='word_1_834' title='bbox 1643 5756 1766 5809; x_wconf 88' lang='lat' dir='ltr'><strong>fuit.</strong></span> 
     </span>
    </p>
   </div>
   <div class='ocr_carea' id='block_1_117' title="bbox 202 5812 1771 5892">
    <p class='ocr_par' dir='ltr' id='par_1_117' title="bbox 202 5812 1771 5892">
     <span class='ocr_line' id='line_1_117' title="bbox 202 5812 1771 5892; baseline 0.006 -24"><span class='ocrx_word' id='word_1_835' title='bbox 202 5812 301 5869; x_wconf 72' lang='lat' dir='ltr'><strong>Dat</strong></span> <span class='ocrx_word' id='word_1_836' title='bbox 330 5825 511 5871; x_wconf 81' lang='lat' dir='ltr'><strong>autem</strong></span> <span class='ocrx_word' id='word_1_837' title='bbox 560 5820 734 5873; x_wconf 64' lang='lat' dir='ltr'><strong>nihilo</strong></span> <span class='ocrx_word' id='word_1_838' title='bbox 769 5812 950 5873; x_wconf 68' lang='lat' dir='ltr'><strong>minus</strong></span> <span class='ocrx_word' id='word_1_839' title='bbox 997 5820 1217 5875; x_wconf 80' lang='lat' dir='ltr'><strong>feminis</strong></span> <span class='ocrx_word' id='word_1_840' title='bbox 1272 5812 1637 5892; x_wconf 53' lang='lat' dir='ltr'><strong>Pali-ninguit:</strong></span> <span class='ocrx_word' id='word_1_841' title='bbox 1675 5841 1771 5877; x_wconf 80' lang='lat' dir='ltr'><strong>no-</strong></span> 
     </span>
    </p>
   </div>
   <div class='ocr_carea' id='block_1_118' title="bbox 1869 5689 3442 5767">
    <p class='ocr_par' dir='ltr' id='par_1_118' title="bbox 1869 5689 3442 5767">
     <span class='ocr_line' id='line_1_118' title="bbox 1869 5689 3442 5767; baseline 0.003 -23"><span class='ocrx_word' id='word_1_842' title='bbox 1869 5704 2019 5767; x_wconf 70' lang='lat' dir='ltr'><strong>men,</strong></span> <span class='ocrx_word' id='word_1_843' title='bbox 2074 5689 2303 5767; x_wconf 71' lang='lat' dir='ltr'><strong>bonoris</strong></span> <span class='ocrx_word' id='word_1_844' title='bbox 2356 5706 2542 5759; x_wconf 85' lang='lat' dir='ltr'><strong>causa,</strong></span> <span class='ocrx_word' id='word_1_845' title='bbox 2597 5694 2810 5752; x_wconf 80' lang='lat' dir='ltr'><strong>tametsi</strong></span> <span class='ocrx_word' id='word_1_846' title='bbox 2858 5708 3044 5767; x_wconf 87' lang='lat' dir='ltr'><strong>patres</strong></span> <span class='ocrx_word' id='word_1_847' title='bbox 3106 5694 3442 5766; x_wconf 72' lang='lat' dir='ltr'><strong>Palmologos</strong></span> 
     </span>
    </p>
   </div>
   <div class='ocr_carea' id='block_1_119' title="bbox 1868 5761 2323 5821">
    <p class='ocr_par' dir='ltr' id='par_1_119' title="bbox 1868 5761 2323 5821">
     <span class='ocr_line' id='line_1_119' title="bbox 1868 5761 2323 5821; baseline 0.011 -10"><span class='ocrx_word' id='word_1_848' title='bbox 1868 5773 1979 5821; x_wconf 77' lang='lat' dir='ltr'><strong>non</strong></span> <span class='ocrx_word' id='word_1_849' title='bbox 2007 5761 2323 5817; x_wconf 85' lang='lat' dir='ltr'><strong>habuerint.</strong></span> 
     </span>
    </p>
   </div>
  </div>
