3918 6572
457 461 570 527 2-33

1597 456 1924 518 JOANNIS
1963 455 2494 517 CANTACUZENI

3632 455 3744 520 20$

452 579 588 633 bant
619 593 633 630 :
659 589 763 631 nec
791 583 937 630 certa
959 567 1270 642 cognitione
1297 583 1382 624 res
1406 568 1716 623 tenebatur.
1743 568 1874 621 Post
1907 581 2033 620 cum

2143 565 2491 631 σιτελοῦσαν,
2549 567 2687 619 ἀλλὰ
2749 568 2842 620 καὶ
2902 568 2988 619 σοί
3013 584 3025 598 ο
3063 569 3159 623 καὶ
3191 569 3267 640 μὴ
3302 572 3456 642 παρὰ
3508 572 3743 627 πάντων

453 669 606 725 arma
644 678 837 725 contra
861 676 912 720 te
938 665 1284 733 sumpsisset,
1310 671 1479 730 tuque
1503 677 1694 731 pacem
1720 658 2036 722 obtulisses,

453 772 510 819 et
566 761 657 816 ille
703 758 843 814 citra
898 755 1311 813 cunctationem
1365 751 1690 821 accepisset,
1747 749 2038 818 foedusque

453 855 723 912 sancitum
757 858 926 917 esset,
962 864 1155 906 omnes
1202 847 1421 905 consilii
1456 845 1623 900 vestri
1659 843 2033 914 prudentiam,

450 958 507 1003 ct
541 959 839 1001 conversas
888 941 957 996 ad
1005 941 1237 996 meliora
1267 935 2036 999 voluntateseollaudantes,

448 1040 597 1094 diem
620 1039 774 1093 illutn
795 1035 996 1090 festum
1017 1042 1342 1103 exegerunt,
1361 1045 1483 1085 sese
1510 1029 1669 1083 malis
1698 1027 1955 1083 omnibus
1970 1042 2038 1082 ex

447 1131 596 1187 civili
627 1127 774 1184 bello
787 1124 1200 1197 emergentibus
1226 1123 1435 1178 levatos
1451 1119 1854 1176 existimantes.
1872 1118 2032 1174 Nune

448 1241 604 1290 vero,
628 1222 850 1293 quando
890 1235 1065 1289 nepos
1119 1215 1334 1287 imperii
1379 1216 1465 1270 sui
1512 1224 1718 1293 partem
1758 1211 2066 1274 lustravit,-

447 1314 713 1372 exercitui
756 1307 1443 1384 perdiligenterprovidit;
1486 1308 1688 1361 mmnia
1707 1305 2038 1376 oppidorum

448 1417 720 1464 vetustate
744 1401 1054 1460 laborantia
1086 1415 1149 1454 ac
1176 1399 1490 1455 fatiscentia
1522 1396 1678 1452 reﬁci
1736 1408 1792 1451 et
1822 1397 2038 1450 instau-

450 1500 558 1554 rari
581 1497 787 1569 jussit;
833 1494 902 1550 ad
941 1491 1266 1549 ﬁrmandam
1298 1489 1617 1558 reipubliea:
1658 1487 2036 1556 disciplinam,

449 1593 516 1648 ad
572 1591 890 1644 universam
945 1587 1067 1658 ejus
1121 1583 1602 1655 amplificationem
1655 1591 1820 1650 atque
1858 1578 2039 1634 incre-

450 1694 727 1753 mentum,
759 1690 1026 1748 quantum
1063 1679 1118 1732 in
1147 1693 1206 1731 se
1250 1676 1352 1729 fuit
1388 1689 1571 1744 Opera:
1610 1673 1866 1736 contulit,
1899 1688 2029 1726 rur-

453 1791 550 1831 sus
601 1785 658 1830 et
704 1782 932 1844 repente
979 1757 1211 1834 bellam,
1253 1767 1402 1822 nulla
1469 1767 1556 1820 vel
1587 1765 1786 1836 ipsius,
1820 1764 1907 1819 vel
1932 1762 2035 1832 ipsi

449 1868 812 1930 studentium,
845 1866 1006 1934 culpa
1061 1861 1456 1917 exsuscitatum
1488 1867 1593 1913 est.
1648 1856 1829 1923 Quare
1858 1856 1904 1910 is
1932 1872 2038 1926 qua

451 1960 760 2031 superiora,
792 1958 943 2034 omni
972 1956 1207 2014 crimine
1234 1955 1549 2010 absolvetur
1577 1970 1593 2019 ;
1625 1968 1733 2023 qua
1770 1952 2042 2005 recentio-

452 2070 531 2118 ra,
559 2053 777 2108 laudem
809 2051 1167 2121 adipiscetur,
1198 2057 1257 2102 ut
1288 2047 1381 2119 qui
1412 2047 1616 2101 bellum
1648 2061 1754 2099 non
1790 2043 1938 2114 prior
1966 2042 2047 2096 in-

450 2147 614 2211 ferat,
649 2145 743 2200 sed
777 2143 987 2218 illatum
1012 2141 1244 2211 repellat
1273 2137 1662 2208 :oomiumque
1696 2136 1800 2191 sibi
1828 2135 2044 2190 animos

450 2238 797 2302 conciliabit,
828 2235 923 2306 qui
975 2249 1100 2289 cum
1161 2231 1425 2303 injuriose
1460 2239 1690 2284 tractato
1743 2244 1852 2281 una
1889 2226 2042 2281 dole-

450 2336 624 2399 bunt;
653 2342 708 2386 tu
737 2341 931 2385 contra
961 2327 1345 2382 universorum
1368 2322 1658 2377 sententiis
1691 2329 1829 2375 utet
1855 2329 2036 2384 antea,

450 2425 534 2479 sic
573 2437 723 2477 nunc
758 2436 858 2491 pro
891 2417 1162 2488 injurioso
1193 2415 1656 2470 condemnabere.
1693 2411 1897 2466 Tecum
1937 2410 2039 2479 igi-

453 2528 543 2573 tur
569 2513 841 2584 expende,
876 2518 1078 2581 quanta
1113 2517 1164 2562 te
1213 2517 1440 2576 propter
1473 2505 1783 2559 exorituras
1813 2502 2036 2556 calami.

453 2620 593 2665 tates
617 2619 674 2662 et
694 2605 836 2676 apud
868 2605 1035 2659 Deum
1069 2617 1249 2672 paena,
1283 2609 1338 2654 et
1364 2598 1505 2670 apud
1533 2596 1782 2652 homines
1808 2596 2040 2649 insecta-

455 2704 530 2757 tio
560 2709 799 2754 maoeat.
837 2696 1106 2764 Quocirca
1140 2694 1338 2748 iterum
1372 2706 1490 2752 oro.
1518 2690 1835 2759 imperator,
1873 2687 2038 2741 mise-

457 2808 582 2847 rere
615 2791 1012 2860 subjeetorum,
1047 2786 1311 2841 miserere
1343 2783 1439 2838 lilii
1474 2783 1571 2846 tui,
1603 2797 1666 2836 ac
1694 2780 1932 2848 denique
1956 2777 2035 2833 tui

453 2884 647 2956 ipsius.
684 2884 842 2953 cujus
872 2879 1017 2952 apud
1054 2879 1332 2932 Romanos
1367 2885 1516 2930 tanta
1543 2883 1628 2930 est
1658 2873 1798 2934 laus,
1837 2887 2038 2940 quem-.

452 2991 567 3048 que'
615 2985 673 3029 ttt
701 2975 940 3046 aliquem
967 2972 1034 3028 de
1065 2970 1206 3027 coelo
1247 2970 1532 3038 delapsum
1563 2967 1851 3020 intuentur
1875 2962 1986 3032 (83)
2017 2981 2030 3014 :

451 3079 509 3124 et
541 3083 727 3138 pacem
763 3064 1104 3135 complexus,
1139 3061 1284 3116 bello
1314 3058 1571 3113 nuntium
1623 3055 1863 3117 remitte,
1896 3068 2033 3106 neve

452 3160 685 3230 populos
720 3169 842 3213 tuos
872 3155 1000 3210 inde
1052 3153 1358 3208 manatnris
1411 3149 1664 3206 cladibus
1697 3147 1760 3200 ad
1801 3146 2030 3200 exitium

2145 657 2332 721 κακῶς
2365 656 2589 710 ἀκούειν
2621 657 2690 711 τὰ
2736 657 2970 725 μέγιστα
3006 661 3429 732 συναιρομένην.
3461 662 3598 716 Ὅτε
3628 665 3744 731 γάρ

2142 750 2171 802 6
2201 748 2290 811 σὸς
2331 748 2553 818 ἔγγονος
2581 747 2837 819 βασιλεὺς
2877 751 2905 803 6
2936 750 3057 814 νέος
3107 769 3203 805 σου
3234 753 3296 806 τὸ
3325 754 3551 825 πρῶτον
3601 756 3747 807 ἀπο-

2147 841 2280 902 στάς
2313 841 2394 903 εὶς
2435 840 2883 909 Ἀδριανούπολιν
2919 843 3138 910 ἀφῖκτο,
3189 847 3238 897 oi
3275 846 3375 914 μὲν
3421 844 3578 914 αὖτῷ
3639 848 3746 908 τὰς

2145 933 2328 995 αίτίας
2367 932 2688 986 ἀνετίθεσαν
2722 933 2824 1002 τῆς
2884 935 3260 1000 άποστασίας,
3292 936 3473 1007 ἕτεροι
3513 937 3577 990 δὲ
3609 941 3704 989 σοί
3728 955 3742 968 ·

2145 1024 2240 1076 καὶ
2296 1019 2362 1095 ἦν
2402 1026 2519 1087 τοῖς
2575 1024 2886 1094 ἀνθρώποις
2927 1028 3236 1096 ἀμφίϐολος
3286 1031 3318 1100 ὴ
3356 1031 3742 1098 περὶτούτων

2142 1117 2370 1186 γνῶσις.
2429 1117 2520 1182 Ὠς
2570 1115 2616 1172 δ’
2676 1121 3219 1188 ἐπιστρατεύσαντος
3271 1121 3484 1175 ἐκείνου
3545 1121 3612 1174 σύ
3676 1139 3738 1173 τε

2142 1211 2427 1281 ἐμνήσθης
2466 1211 2693 1282 εἰρήνης
2713 1249 2729 1276 ,
2761 1211 2970 1275 ἐκεῖνός
2997 1229 3058 1265 τε
3092 1212 3330 1283 ἄσμενος
3362 1213 3740 1285 προσεδέχετο

2146 1303 2316 1374 μηδὲν
2339 1304 2640 1376 μελλήσας,
2661 1306 2757 1359 καὶ
2780 1306 3107 1376 ἐγεγένηντο
3138 1306 3193 1358 αί
3247 1307 3492 1371 σπονδαὶ,
3523 1308 3742 1370 πάντες

2146 1396 2248 1466 μὲν
2282 1399 2554 1470 ἐπῄνεσαν
2589 1399 2737 1470 ὑμᾶς
2759 1399 2860 1470 τῆς
2894 1417 2954 1453 τε
3004 1399 3291 1468 εὐϐουλίας
3319 1402 3416 1453 καὶ
3449 1400 3555 1470 τῆς
3592 1402 3740 1470 7:96;

2141 1487 2208 1540 τά
2243 1487 2441 1559 βελτίω
2472 1489 2781 1561 μεταϐολῆς
2803 1504 2817 1521 ·
2851 1489 3050 1562 ἑορτῆς
3095 1490 3152 1544 δὲ
3183 1491 3402 1562 ἡμέραν
3434 1485 3576 1563 ἦγον
3634 1491 3742 1561 τὴν

2141 1578 2362 1652 ἡμέραν
2388 1581 2633 1654 ἐκείνην,
2667 1584 2781 1636 τῶν
2813 1584 2879 1636 ἐκ
2909 1583 3003 1636 τοῦ
3047 1584 3314 1654 ἐμφυλίου
3351 1584 3544 1637 κακῶν
3567 1584 3741 1638 πολέο

2144 1690 2250 1742 μου
2283 1674 2606 1745 νομίσαντες
2658 1675 3033 1746 ἀπηλλάχθαι.
3069 1676 3184 1730 Νῦν
3209 1677 3256 1730 δ’
3283 1676 3371 1731 ὅτε
3399 1675 3668 1749 βασιλεὺς
3710 1681 3738 1734 6

2145 1765 2237 1830 σδς
2285 1766 2508 1836 ἔγγονος
2538 1766 2636 1839 τὴν
2678 1767 3137 1839 ἀποτεταγμένην
3194 1769 3344 1842 αὐτῷ
3400 1771 3501 1842 τῆς
3554 1773 3738 1843 ἀρχῆς

2145 1860 2344 1928 μοῖραν
2369 1859 2622 1927 περιιὼν,
2645 1861 2745 1932 τήν
2770 1878 2830 1914 τε
2850 1862 3112 1931 στρατιὰν
3141 1861 3342 1932 ἠξίωσε
3374 1863 3640 1934 προνοίας
3670 1865 3735 1918 ού

2147 1952 2248 2020 τῆς
2283 1954 2579 2022 τυχούσης,
2609 1953 2702 2005 καὶ
2740 1952 2810 2006 τὰ
2871 1955 3224 2025 πεπονηκότα
3255 1956 3332 2025 τῷ
3361 1958 3542 2028 χρόνῳ
3572 1959 3737 2029 τείχη

2148 2041 2258 2094 τῶν
2283 2041 2494 2097 πόλεων
2518 2045 2785 2109 ἐπέταξεν
2810 2047 3174 2109 ἀνακτᾶσθαι,
3202 2049 3294 2101 καὶ
3315 2050 3411 2118 τῆ;
3431 2050 3737 2120 πολιτικῆς

2148 2133 2410 2204 εὐνομίας
2446 2135 2666 2206 καὶτῆς
2705 2137 2836 2208 ὅλης
2869 2137 2977 2192 τῶν
3011 2139 3354 2210 πραγμάτων
3401 2140 3732 2206 ἐπιδόσεως,

2147 2225 2272 2279 ὅσον
2305 2226 2458 2296 ἐξῆν,
2492 2228 2840 2301 ἐπεμελήθη,
2879 2227 3037 2296 αὖθις
3084 2233 3348 2305 ἐξαίφνης
3405 2236 3433 2288 6
3484 2234 3735 2306 πόλεμος

2148 2315 2454 2387 ἀνερράγη,
2488 2320 2760 2390 μηδεμίαν
2798 2323 2929 2392 μήτ’
2961 2324 3174 2378 ἐκείνου
3220 2326 3356 2397 μήτε
3389 2325 3499 2377 τῶν
3535 2328 3732 2380 συνόνο

2145 2425 2254 2462 των
2292 2412 2476 2464 αἰτίαν
2513 2415 2971 2483 παρασχομένων.
3010 2416 3165 2469 ”Ωστ’
3217 2418 3415 2487 ἐκείνῳ
3451 2417 3550 2486 μὲν
3586 2435 3732 2487 συμο

2147 2501 2377 2571 θήσεται
2420 2505 2515 2556 καὶ
2549 2506 2642 2556 ἐπὶ
2675 2509 2786 2569 τοῖς
2817 2509 3105 2578 προτέροις
3145 2508 3325 2573 αἰτίας
3377 2509 3558 2577 πάσης
3589 2513 3731 2562 ἀπο-

2144 2593 2426 2661 λελύσθαι,
2456 2596 2552 2650 καὶ
2583 2599 2689 2650 τῶν
2721 2598 2816 2651 νῦν
2842 2599 3007 2652 ἓνεκα
3032 2601 3375 2654 ἐπαινεῖσθαι
3409 2601 3482 2662 ὡς
3519 2603 3732 2670 ἀμυνο-

2145 2685 2294 2757 μένῳ
2349 2690 2440 2741 καὶ
2496 2689 2557 2742 οὐ
2609 2692 2938 2762 κατάρχοντι
2984 2693 3248 2763 πολέμου,
3291 2696 3386 2748 καὶ
3431 2697 3532 2766 τὴν
3569 2699 3724 2762 παρὰ

2142 2777 2360 2830 πάντων
2406 2778 2621 2834 εὔνοιαν
2651 2783 2993 2853 καρποῦσθαι
3025 2785 3100 2848 ὡς
3137 2785 3480 2855 ἀδικουμένῳ
3518 2788 3720 2839 συναλ-

2139 2871 2402 2940 γούντων,
2443 2873 2502 2926 σὲ
2527 2874 2572 2926 δ’
2613 2875 2854 2939 ἁπάσαις
2887 2877 3091 2947 ψήφοις
3136 2878 3229 2932 καὶ
3263 2877 3356 2930 ¹,ῦν
3399 2880 3496 2931 καὶ
3525 2881 3724 2948 πρότεο

2140 2980 2233 3033 ρον
2262 2964 2582 3020 ἁλίσκεσθαι
2613 2967 2927 3023 ἀδικοῦντα.
2979 2969 3265 3038 Ἐννὸησον
3291 2970 3386 3024 οῦν
3412 2970 3573 3040 ἡλίκη
3611 2973 3722 3023 τῶν

2140 3061 2578 3130 συμϐησομένων
2604 3057 2797 3117 ’κακῶν
2823 3065 2916 3117 καὶ
2946 3068 3082 3135 πρὸς
3111 3063 3246 3118 Θεοῦ
3286 3064 3426 3129 τίσις
3460 3070 3557 3120 καὶ
3581 3069 3719 3138 πρὶς

2137 3152 2172 3205 ά
2208 3151 2442 3222 θρὼπων
2495 3155 2689 3223 ἕψεται
2745 3157 2971 3226 μέμψις.
3008 3159 3100 3210 Διὸ
3154 3158 3216 3228 δὴ
3258 3160 3353 3212 καὶ
3409 3155 3570 3225 αὖθις
3621 3161 3716 3214 σοῦ

451 3254 664 3316 vocari,
718 3249 828 3320 83
863 3264 1001 3302 neve
1032 3256 1287 3316 nepotem
1317 3253 1470 3297 tuum
1496 3251 1591 3295 aut
1627 3237 1887 3292 victorem
1921 3245 2032 3289 tur—

2139 3241 2350 3309 δέομαι,
2420 3243 2668 3313 βασιλεῦ,
2701 3247 2797 3299 καὶ
2855 3249 2964 3299 τῶν
3007 3250 3268 3317 ὑπηκόων
3296 3249 3444 3302 έὶεον
3491 3252 3714 3320 σχόντα,

454 3345 580 3415 pius
611 3345 857 3404 vincere,
895 3353 1060 3410 quam
1113 3337 1158 3391 si
1208 3336 1389 3388 victus
1420 3343 1569 3387 esset
1611 3330 1845 3400 (patrem
1886 3329 2033 3383 enim

455 3452 615 3491 suum
650 3435 886 3500 vincet),
919 3442 1017 3485 aut
1048 3430 1256 3482 victum
1286 3418 1487 3497 injuste
1525 3423 1691 3478 simul
1739 3433 1793 3476 et
1819 3438 1847 3476 α
1879 3433 2036 3491 patre

452 3531 716 3599 interﬁci,
774 3539 1044 3597 tuumque
1075 3539 1278 3580 nomen
1313 3522 1517 3592 passim
1553 3531 1681 3574 eum
1716 3517 1910 3571 faustis
1938 3532 2035 3571 ac-

453 3622 880 3694 clamationibus
907 3620 1282 3678 decantatum,
1317 3629 1383 3667 ex
1414 3612 1648 3666 adverso
1683 3610 1735 3664 in
1765 3609 2029 3663 invidiam

451 3714 652 3771 adduci
686 3713 859 3766 sinas.
892 3707 1018 3764 [late
1049 3722 1174 3760 cum
1216 3701 1565 3758 disseruisset
1611 3699 2030 3780 Galoelneretes,

359 3863 362 3865 _
455 3818 513 3864 et
537 3809 603 3862 ad
622 3802 980 3876 imperatoris
1011 3810 1174 3869 atque
1228 3798 1522 3851 astantium
1552 3798 1881 3866 interrogata
1930 3792 2033 3846 ob-

451 3902 834 3973 jectionesque
853 3895 1130 3964 sapienter
1148 3890 1542 3960 reSpondisset,
1567 3885 1780 3942 tandem
1803 3884 2034 3955 pedibus

455 3988 810 4061 imperatoris
860 3984 1204 4056 provolutus.
1240 3983 1389 4035 omni
1440 3978 1795 4035 contentione
1840 3989 2031 4045 rogare

453 4084 648 4152 capit,
679 4096 746 4136 ne
778 4092 966 4149 pacem
998 4075 1272 4146 rejiceret,
1318 4089 1421 4127 neu
1453 4073 1606 4126 illum
1645 4071 1713 4123 ab
1746 4067 1900 4121 initio
1935 4066 2032 4119 ho-

454 4176 736 4238 micidam,
791 4181 847 4226 et
890 4167 1136 4223 invidum
1190 4167 1344 4222 illurn
1389 4163 1542 4236 [puta
1577 4159 1903 4228 diabolum],
1932 4157 2028 4212 sed

453 4266 740 4320 Christum
775 4261 1202 4331 paciﬁcatorem,
1229 4256 1322 4324 qui
1379 4252 1509 4308 iecit
1562 4261 1798 4320 utraque
1833 4265 2028 4311 unum,

453 4357 700 4429 potiores
730 4353 874 4408 ferre
906 4351 1088 4405 vellet.
1113 4334 1412 4403 'Ilominetu
1440 4345 1585 4399 levat
1614 4344 1935 4412 imperator,
1973 4348 2030 4394 et

453 4450 659 4523 gratias
687 4448 821 4517 agit,
857 4446 1001 4515 quod
1033 4459 1130 4500 eos
1155 4443 1289 4498 satis
1325 4442 1394 4495 de
1423 4439 1602 4495 otﬁcio
1626 4437 1922 4521 docuisset,
1943 4436 2030 4504 ju-

456 4543 658 4611 betque
692 4538 760 4592 iis
814 4550 1052 4608 quorum
1105 4534 1278 4587 missu
1332 4531 1631 4585 advenerat
1686 4512 2024 4588 renuntiare,

452 4633 580 4703 quia
605 4631 772 4686 stulta
812 4629 1084 4699 legatione
1111 4625 1422 4686 usiessent,
1457 4636 1565 4675 non
1601 4635 1659 4674 se
1702 4634 2027 4688 responsum

365 4786 376 4801 γ
452 4725 586 4779 dare
612 4741 627 4776 :
649 4723 928 4783 daturum,
952 4720 995 4774 si
1027 4715 1280 4787 prudenti
1303 4721 1611 4768 uterentur.
1640 4711 1730 4766 Sic
1754 4709 2030 4764 Caloehm-

454 4827 599 4872 rctes
621 4818 823 4869 frustra
850 4810 1129 4865 discessit.
1153 4807 1349 4862 Iunior
1369 4806 1668 4874 imperator
1688 4801 1892 4856 Zurulo
1915 4816 2029 4854 mo-

455 4913 527 4969 tis
561 4900 784 4972 ca‘stris,
817 4903 1142 4960 Heracleam
1167 4895 1415 4957 Thracia:
1443 4896 1733 4967 processit,
1765 4895 1859 4950 ubi
1896 4895 2027 4966 Syr-

454 5008 713 5078 giannem
741 5015 866 5055 cum
898 4994 1158 5066 praesidio
1178 4991 1480 5062 Byzantino
1504 4987 1863 5052 concludens,
1885 4988 2029 5041 diem

454 5109 624 5155 unum
661 5098 719 5151 in
755 5082 1062 5147 ’obsidione
1119 5085 1324 5156 posuit.
1361 5083 1499 5137 Inde
1533 5082 1816 5147 recedens,
1857 5094 2030 5151 prepe

454 5190 722 5249 Daonium
756 5190 1176 5240 castrametatus
1203 5185 1306 5239 est,
1332 5187 1383 5230 et
1412 5174 1662 5243 sequenti
1709 5174 1831 5228 luce
1882 5173 2029 5227 Con-

453 5279 847 5349 stantinopolin
877 5271 1104 5328 tendere
1129 5269 1393 5340 perrexit.
1419 5269 1615 5339 Rhegii
1632 5261 2030 5324 Calchaeretes

452 5378 503 5433 ei
538 5375 732 5431 obvius
772 5366 906 5423 nihil
939 5379 997 5420 se
1025 5362 1275 5418 olfecisse
1295 5371 1499 5416 narrat.

2141 3334 2235 3386 ml
2261 3333 2355 3396 τοῦ
2404 3335 2672 3405 βασιλέως
2720 3354 2776 3389 τε
2833 3339 2926 3391 καὶ
2959 3340 3147 3401 παιδὸς
3181 3341 3276 3392 καὶ
3312 3341 3480 3395 αὑτοῦ
3505 3343 3562 3396 δὲ
3593 3345 3716 3408 σοῦ,

2138 3425 2281 3479 οὕτω
2313 3426 2468 3497 παρὰ
2510 3425 2806 3498 Ῥωμαίοις
2835 3429 3000 3483 πᾶσιν
3046 3433 3468 3503 ἐπαινουμένου,
3511 3438 3606 3489 καὶ
3642 3439 3718 3498 ῶς

2136 3535 2281 3582 τινος
2336 3520 2447 3573 τῶν
2481 3523 2808 3591 κρειττόνων
2844 3521 3291 3594 θαυμαζομένου,
3325 3530 3416 3579 τὸν
3472 3527 3717 3598 πόλεμον

2139 3609 2466 3676 καταλῦσαι,
2522 3611 2961 3681 προσδεξάμενον
3008 3615 3104 3686 τὴν
3161 3616 3422 3687 εἰρήνηνο
3484 3623 3579 3672 καὶ
3638 3621 3716 3690 μὴ

2137 3703 2400 3770 περιιδεῖν
2429 3705 2489 3756 τὸ
2525 3704 2626 3770 μὲν
2655 3707 2896 3771 ῠπήκοον
2930 3708 3034 3760 ὑπὸ
3062 3709 3156 3762 τοῦ
3193 3709 3434 3778 πολέμου
3475 3713 3714 3779 διαφθα-

2138 3793 2230 3865 ρέν
2255 3812 2268 3826 ο
2301 3795 2410 3847 τὸν
2441 3794 2497 3846 δὲ
2535 3796 2625 3848 σὸν
2649 3796 2877 3863 ἔγγονον
2935 3799 3030 3850 καὶ
3058 3801 3305 3868 βασιλέα,
3333 3803 3366 3874 ἦ
3409 3805 3717 3874 νικήσαντα

2136 3886 2317 3954 πάσης
2358 3885 2524 3957 ἥττης
2574 3888 2770 3956 αἰσχίω
2825 3891 3046 3957 νικῆσαι
3083 3892 3260 3961 νίκην,
3302 3895 3542 3965 (πατέρα
3572 3883 3710 3964 ’γὰρ

2134 3979 2462 4050 νικήσει),ἥ
2517 3980 2819 4050 ἡττηθέντα
2868 3983 3073 4047 ἀδίκως
3118 4003 3178 4038 τε
3211 3987 3372 4057 ὁμοῦ,
3412 3991 3511 4044 καὶ
3555 3995 3712 4062 παρὰ

2132 4073 2340 4142 πατρὸς
2379 4073 2693 4141 ἀποθανεῖν,
2724 4075 2784 4127 τό
2812 4093 2870 4128 τε
2908 4078 2999 4129 σὸν
3017 4079 3184 4148 δνομα
3207 4081 3267 4133 τὸ
3301 4083 3453 4153 παρὰ
3486 4086 3710 4142 πάντων

2131 4164 2394 4234 ᾀδόμενον
2437 4165 2534 4218 σὺν
2562 4167 2830 4236 εὐφημίᾳ,
2877 4166 3302 4238 διαϐαλλόμενον
3333 4172 3392 4237 ἐξ
3422 4176 3712 4238 ἀντιστρὸ-

2133 4229 2257 4325 φουῂ.
2286 4255 2525 4310 Τοιαῦτα
2836 4229 3267 4332 Καλοχαιρίτης,
3307 4229 3403 4319 καὶ
3437 4268 3573 4338 πρὸς
3606 4229 3710 4335 τάς

2133 4349 2199 4401 ὲκ
2226 4341 2492 4419 βασιλέως
2526 4352 2621 4402 καὶ
2658 4351 2768 4404 τῶν
2798 4353 3082 4420 παρόντων
3120 4353 3345 4418 πεύσεις
3377 4359 3473 4410 καὶ
3487 4360 3709 4415 ἀντιθέ-

2132 4457 2249 4503 σεις
2293 4442 2532 4504 συνετῶς
2579 4441 2720 4508 ἄγαν
2749 4444 2850 4506 τὰς
2893 4444 3218 4516 ἀποκρίσεις
3256 4449 3705 4520 ἀντυπενεγκὼν,

2131 4533 2442 4587 τελευταῖον
2493 4533 2683 4587 ἑαυτὸν
2709 4535 2848 4608 πρὸς
2896 4538 3022 4600 τοὺς
3065 4538 3336 4607 βασιλέως
3373 4543 3710 4612 καθακλίνας

2137 4625 2326 4690 πόδας,
2363 4626 2534 4678 ἐδεῖτο
2562 4624 2682 4696 μεθ’
2711 4625 2845 4697 ὅσης
2879 4629 3120 4699 σπουδῆς
3153 4631 3229 4701 μὴ
3257 4633 3588 4690 ἀπώσασθαι
3607 4642 3708 4708 τὴν

2137 4719 2382 4789 εἰρήνην,
2423 4720 2557 4788 μηδὲ
2605 4720 2698 4773 τὸν
2745 4719 2805 4785 ἐξ
2863 4723 3040 4792 ἀρχῆς
3096 4724 3547 4795 ἀνθρωποκτόνσν
3609 4734 3706 4786 καὶ

2071 4870 2084 4884 _
2138 4811 2426 4881 φθονερὸν,
2468 4811 2607 4864 ἀλλά
2665 4811 2759 4864 τὸν
2821 4813 3166 4883 είρηνοποιδν
3223 4819 3462 4888 Χριστὸν
3511 4821 3605 4876 τὸν
3635 4827 3708 4878 τά

2137 4903 2404 4956 διεστῶτα
2454 4903 2793 4974 συνάψαντα,
2840 4907 2988 4976 σχεῖν
3031 4907 3093 4960 τὸ
3135 4909 3317 4966 πλέον.
3361 4911 3705 4983 Ἀναστήσας

2131 4995 2190 5048 δὲ
2252 4996 2414 5047 αὐτὸν
2465 4997 2494 5048 6
2548 4994 2827 5062 βασιλεὺς,
2860 4998 2957 5050 καὶ
2989 4997 3340 5069 εὐχαριστεῖν
3388 5002 3584 5069 εἰπὼν,
3621 5005 3706 5060 ὅτι

2134 5085 2307 5139 ἐλθὼν
2337 5085 2582 5152 ἐδίδαξας
2610 5088 2760 5156 ἡμᾶς
2793 5087 3134 5156 ἀρκούντως,
3163 5095 3286 5155 τοῖς¹
3299 5095 3706 5151 ἀπεσταλκόσιν

2132 5177 2383 5231 ἐκέλευεν
2448 5168 2843 5247 ἀπαγγέλλειν,
2893 5181 2968 5244 ὡς
3027 5181 3268 5236 ἀσύνετα
3307 5185 3706 5256 διαπρεσϐευο-

2133 5271 2316 5339 μένοις
2345 5270 2453 5323 οὐδ’
2489 5272 2653 5326 αὐτὸς
2688 5271 2754 5325 ἂν
2803 5273 3096 5343 ἀπόκρισιν
3136 5273 3289 5343 δοίη·
3312 5278 3701 5347 ἀποκρινείτεὶ

2129 5363 2171 5414 δ’
2205 5360 2385 5425 αὖθις,
2449 5363 2516 5416 ἂν
2571 5368 2669 5415 καὶ
2728 5364 2884 5417 αὐτοὶ
2933 5366 3388 5436 πρεσϐεύσωνται
3435 5372 3697 5434 συνετῶς.

1694 5501 1909 5560 Jacobi
1947 5502 2208 5562 Pontani
2245 5509 2431 5563 nom.

526 5645 639 5717 (85)
680 5641 796 5717 [Son
830 5637 1072 5717 intelligo
1109 5649 1280 5714 quare
1331 5636 1398 5687 ad
1440 5633 1570 5717 ‘ha’c
1612 5631 2020 5717 interpretatum

409 5748 414 5754 ι
458 5701 564 5770 non
589 5701 815 5781 optime,
835 5721 892 5764 et
912 5701 1282 5781 pulcherrime
1311 5704 1583 5781 quadrent
1612 5702 1726 5755 haec
1756 5701 1818 5780 ll.
1857 5701 2020 5754 Tullii

453 5803 520 5842 ex
552 5772 1005 5851 polttpeia'nafde
1052 5778 1169 5845 ipso
1200 5773 1496 5851 Pompeio,
1538 5787 1740 5850 magno
1781 5772 2018 5838 impera-

457 5841 594 5919 tore,
639 5841 892 5921 qz'temcut'
933 5841 1178 5921 aliqu-em
1219 5843 1345 5895 mlo
1379 5841 1669 5921 delapsum
1722 5841 2016 5921 ξηιαεηικν,

455 5911 662 5983 Simile.
693 5935 777 5978 est
830 5920 962 5974 illud
1022 5911 1271 5985 ejusdem
1328 5911 1394 5965 ad
1441 5913 1702 5976 Quintum
1769 5911 2016 5976 fratrem,

2129 5633 2290 5700 epist.
2318 5632 2368 5694 l,
2395 5633 2490 5685 lib.
2508 5647 2521 5682 t
2541 5648 2554 5683 :
2576 5630 2718 5684 Nam
2747 5631 2914 5687 Graeci
2946 5600 3249 5700 quidemsi:
3270 5644 3320 5686 te
3346 5636 3423 5688 ita
3444 5643 3694 5689 eruentem

2128 5703 2491 5765 intuebuntur,
2537 5710 2592 5752 ut
2633 5703 2910 5768 quemdam
2957 5717 3022 5755 ea:
3071 5703 3366 5756 Annalium
3407 5707 3691 5771 memoria,

2131 5779 2222 5846 an:
2251 5776 2412 5846 etiam
2440 5772 2503 5824 de.
2544 5771 2672 5823 ca'lo
2710 5773 2945 5826 divinum
2973 5775 3233 5827 hominem
3266 5790 3379 5828 esse
3403 5777 3461 5828 in
3485 5776 3692 5846 prouin-

2128 5844 2268 5897 ciam
2295 5842 2567 5911 delapsum
2599 5851 2800 5910 pumtt.
