3918 6680
320 459 434 524 209
1534 455 2080 534 HISTORlARUM
2123 456 2358 532 LIBER
2401 472 2444 535 ι.
3485 471 3593 542 2m

320 573 618 646 διατρίψας
682 571 895 646 ἡμέρας
950 577 1126 641 τινὰς,
1173 577 1409 643 ἐξελθὼν
1461 575 1621 645 αὖθις
1680 582 1797 652 ἅμα
1839 585 1906 655 τῇ
1948 584 2204 654 στρατιᾷ,
2274 583 2518 652 ἀπῆλθεν
2587 584 2667 647 είς
2718 583 3051 657 Σηλυϐρίαν.
3095 583 3189 660 Μὴ
3225 589 3598 660 προσδεξαμέ-

321 669 522 726 νωνδέ
566 668 674 725 τῶν
713 668 1123 740 Σηλυϐριανῶν,
1180 674 1440 746 φρούριόν
1483 692 1538 729 τι
1594 677 1908 750 Σηλυϐρίας
1983 680 2177 747 ἐγγὺς,
2224 671 2470 743 Σάκκους
2547 678 2972 750 ὀνομαζόμενον,
3029 682 3138 736 τῶν
3193 687 3598 739 κατοικούντων

325 763 594 836 γεωργῶν
625 764 1005 835 παραδόντων,
1043 773 1298 839 κατέσχε.
1360 770 1632 841 Στρατιάν
1693 772 1750 825 δέ
1785 775 1968 828 ἐκεῖσε
2007 773 2330 828 καταλιπὼν
2362 773 2503 826 ῶστε
2541 771 2608 826 τά
2659 761 3050 843 Σηλυϐριανῶν
3089 775 3457 849 ἐπεκδρομαίς
3494 794 3636 852 κα-ί

325 861 482 926 κοῦν,
523 861 602 923 είς
633 859 931 925 Βυζάντιον
955 863 1283 935 ἐπανῆλθεν.
1325 864 1610 920 Ἐκάκωσε
1662 867 1719 923 δέ
1759 869 2167 942 Σηλυϐριανοὺς
2228 873 2256 925 ὁ
2288 871 2355 925 ἐκ
2417 869 2529 924 τῶν
2598 871 2826 924 Σάκκων
2858 870 3097 942 πόλεμος
3147 876 3205 936 ἐς
3233 875 3301 926 τὰ
3328 873 3595 940 μάλιστα,

325 951 616 1026 λαθραίαις
649 970 711 1007 τε
769 955 864 1008 καὶ
900 958 1166 1025 φανεραῖς
1220 958 1453 1028 ἐφόδοις.
1495 960 1608 1013 Καὶ
1650 962 1678 1014 ὁ
1735 962 1945 1033 χειμὼν
1988 963 2048 1016 ἐν
2110 962 2326 1028 τούτοις
2362 963 2619 1018 ἐτελεύτα
2661 967 2924 1037 πέμπτης
2964 965 3320 1032 ίνδικτιῶνος.
3355 969 3514 1038 ’Ἄρτι
3544 968 3602 1022 δὲ

322 1052 481 1122 ἐαρος
529 1051 838 1121 ἀρχομένου
899 1052 1028 1122 περὶ
1068 1052 1169 1114 τὰς
1221 1053 1396 1123 ἀρχὰς
1466 1051 1708 1122 Μαρτίου
1791 1055 1982 1124 μηνὸς,
2025 1057 2334 1127 γράμματα
2363 1057 2514 1129 παρὰ
2544 1057 2640 1111 τοῦ
2673 1063 2794 1112 νέου
2831 1059 3146 1128 πέμπονται
3173 1059 3437 1128 βασιλέως
3461 1061 3602 1134 πρὸς

321 1144 424 1204 τὰς
479 1142 575 1197 ὑπ’
610 1143 776 1198 αὐτὸν
830 1135 1105 1213 ἐπαρχίας
1161 1142 1461 1199 κελεύοντα
1511 1149 1613 1217 τὴν
1676 1147 1940 1214 στρατιὰν
1980 1150 2062 1223 είς
2094 1148 2474 1222 Διδυμότειχον
2524 1151 2652 1222 ἀχρι
2686 1149 3186 1222 πεντεκαιδεκάτης
3242 1150 3410 1206 αὑτοῦ
3449 1171 3594 1224 παρ-

323 1236 485 1288 εἶναι.
521 1235 633 1288 Καὶ
672 1232 876 1301 πάντες
907 1230 1028 1310 ἐνῇ
1061 1236 1316 1308 παρῆσαν
1376 1238 1760 1310 ἐπετάχθησαν
1806 1241 2012 1314 ἡμέρᾳ.

1709 1353 1941 1410 CAPUT
1978 1354 2218 1412 XXVIII.

323 1443 639 1499 Sollicitudo
672 1423 965 1498 Andronici
997 1443 1241 1524 minoris.
1270 1444 1776 1524 μαρηί-ᾴοηιρειὶεί
1805 1457 1855 1502 et
1885 1451 2071 1504 matris
2099 1452 2212 1524 ejus
2243 1453 2299 1506 in
2339 1453 2578 1507 eumdem
2621 1453 2964 1520 beneﬁcentia
2991 1453 3254 1524 praetura
3285 1457 3499 1510 omnino
3549 1467 3602 1524 et

1101 1515 1420 1585 singularis.
1451 1517 1711 1588 Ejusdem
1744 1527 2004 1572 matrona:
2035 1515 2268 1590 prudens
2316 1532 2363 1576 et
2401 1524 2588 1593 festiva
2616 1515 2811 1577 oratio.
2991 1515 3002 1524 ”
3549 1519 3556 1525 ’

408 1633 658 1704 Ἀπορῶν
711 1633 768 1688 δὲ
793 1633 1098 1703 χρημάτων
1128 1628 1210 1696 οἷς
1241 1633 1310 1688 ἀν
1345 1635 1710 1706 θεραπεύσειε
1734 1636 1797 1690 τδ
1822 1653 1910 1706 μισ

2083 1636 2222 1692 Cum
2245 1639 2577 1713 deﬁceretur
2601 1651 2830 1711 argento
2870 1641 3172 1712 imperator
3225 1656 3338 1712 quo
3394 1641 3604 1698 condu-

331 1729 657 1798 σθοφορικὸν
685 1727 714 1779 ὁ
745 1724 1000 1795 βασιλεὺς
1031 1725 1124 1788 (τὰ
1173 1727 1286 1796 γὰρ
1339 1725 1577 1796 δημόσια
1611 1729 1712 1783 οὐκ
1735 1728 1914 1800 ἐπρά·

325 1820 557 1891 χθησαν.
591 1817 708 1888 ἃμα
749 1817 852 1888 μέν
881 1817 970 1871 eis
1006 1818 1107 1888 τὴν
1131 1818 1197 1872 ἐκ
1226 1819 1324 1895 τού
1353 1821 1600 1892 πολέμου
1635 1821 1908 1891 ταραχὴν,

325 1915 446 1982 ἅμα
495 1910 541 1964 δ’
569 1911 651 1964 ὅτι
681 1909 778 1964 καὶ
805 1910 858 1962 οι
887 1912 1149 1980 γεωργοὶ,
1182 1909 1242 1976 ἐξ
1294 1905 1372 1965 ὧν
1405 1912 1645 1983 μάλιστα
1677 1915 1726 1965 οί
1757 1913 1917 1986 φόροι

325 2005 684 2075 πράττονται,
739 2002 850 2057 τῶν
891 2001 1042 2058 ἰδίων
1093 2005 1406 2076 ἀνέστησαν
1445 2007 1672 2076 κωμῶν,
1707 2007 1818 2060 τῶν
1853 2023 1916 2060 τε

327 2097 482 2169 παρὰ
511 2096 609 2152 τοῦ
639 2095 1016 2168 πρεσϐυτέρου
1046 2096 1317 2166 βασιλέως
1350 2100 1704 2170 στρατιωτῶν
1732 2099 1920 2171 ληϊζο-

333 2172 534 2256 μένων,
588 2191 684 2243 καὶ
735 2189 844 2244 τῶν
878 2191 1031 2261 παρά
1084 2190 1181 2244 τοῦ
1219 2191 1343 2245 νέου
1377 2193 1516 2264 πρὸς
1547 2192 1799 2264 φυλακὴν
1827 2195 1922 2248 ἐκ·

334 2281 708 2351 πεμπομένων
729 2282 971 2351 ἀγόντων
993 2282 1062 2336 τὰ
1083 2282 1263 2336 αὐτῶν
1285 2285 1380 2337 καὶ
1409 2283 1688 2354 φερόντων
1704 2285 1922 2339 πλεονε-

339 2373 428 2444 ξίᾳ
460 2360 849 2446 στρατιωτικῇ,
884 2379 979 2429 καὶ
1000 2375 1153 2431 οὐδὲν
1181 2377 1407 2448 ἄμεινον
1436 2377 1786 2433 διατιθέντων
1811 2379 1919 2434 τῶν

332 2465 655 2534 πολεμίων),
686 2467 880 2536 ἠνιᾶτο
934 2467 1031 2521 καλ⁵
1058 2469 1418 2540 κατετρίϐετο
1462 2471 1764 2539 φροντίσιν,
1797 2469 1921 2524 ὅθεν

327 2555 397 2610 ἂν
431 2556 758 2627 εὐπορήσειε
787 2557 1096 2630 χρημάτων
1117 2560 1364 2617 σκοπῶν.
1406 2561 1580 2631 Ὁρῶν
1612 2561 1671 2614 δέ
1698 2562 1862 2617 αὐτὸν
1890 2563 1919 2615 6

331 2649 508 2718 μέγας
532 2647 856 2717 δομέστικος
890 2649 1140 2716 σύννουν,
1197 2651 1298 2722 τὴν
1330 2652 1390 2707 δέ
1442 2654 1626 2707 αἰτίαν
1681 2656 1916 2724 ἀγνοῶν,

327 2741 494 2810 ἤρετο
517 2740 636 2794 ἀνθ’
662 2743 800 2796 ὅπου
829 2741 1128 2811 φροντίζοι.
1157 2742 1266 2796 Τοῦ
1300 2743 1358 2796 δὲ
1397 2745 1498 2817 τὴν
1540 2747 1784 2818 ἀπορίαν
1813 2747 1921 2802 τῶν

327 2833 633 2901 χρημάτων
655 2834 928 2899 εἰπόντος,
959 2833 1047 2887 διὰ
1075 2834 1137 2886 τὸ
1165 2835 1241 2906 μὴ
1266 2835 1336 2889 τά
1353 2836 1590 2908 δημόσια
1616 2838 1922 2908 είσπεπρᾶ·

327 2923 474 2993 χθαι,
509 2924 606 2977 καὶ
632 2925 735 2995 τὴν
783 2925 866 2988 είς
895 2925 994 2997 τὴν
1051 2927 1320 2999 στρατιὰν
1381 2929 1764 3000 ἀπαραίτητον
1805 2930 1918 2984 τῶν

328 3013 699 3082 ἀναλωμάτων
727 3016 943 3085 χρείαν,
991 3017 1131 3071 Ἀλλ’
1157 3018 1359 3088 ἔγωγε,
1410 3022 1438 3075 ό
1475 3021 1649 3093 μέγας
1673 3023 1919 3093 δομέστι-

329 3121 422 3169 κος
446 3101 591 3168 εἷπε,
629 3107 727 3178 τὴν
756 3109 1019 3190 τοιαύτην
1071 3111 1313 3182 ἀπορίαν
1347 3114 1456 3166 τῶν
1489 3115 1792 3184 χρημάτων
1828 3134 1919 3172 σα·

330 3198 447 3265 φῶς
495 3199 674 3264 εἰδὼς,
700 3201 817 3272 ἅμα
845 3198 924 3273 τῷ
953 3204 1011 3257 σέ
1040 3203 1109 3258 τά
1135 3205 1446 3276 γράμματα
1473 3195 1916 3279 ἐκπέπομφέναι,

331 3289 688 3361 ἀθροίζεσθαι
721 3293 1018 3350 κελεύοντα
1063 3298 1165 3366 τὴν
1214 3299 1498 3370 στρατιὰν,
1538 3298 1637 3354 καὶ
1658 3299 1920 3373 χρήματα

331 3381 397 3435 ἐκ
450 3381 561 3436 τῶν
614 3382 763 3438 ἰδίων
813 3389 1266 3460 συνεπορισάμην
1300 3391 1610 3461 ἀρκέσοντα
1644 3395 1784 3465 πρὸς
1819 3394 1920 3467 τὴν

229 3505 238 3512 -
331 3472 556 3542 χρείανο
589 3475 685 3528 καὶ
715 3475 868 3531 οὐδέν
899 3479 1050 3532 ἐστιν
1087 3480 1268 3534 ἐνδέον
1300 3480 1402 3546 ἔτι,
1437 3479 1471 3556 ἢ
1506 3483 1616 3537 τῶν
1646 3501 1919 3555 στρατιω-

331 3567 442 3620 τῶν
471 3566 704 3622 ἕκαστον
757 3569 852 3624 τὸν
909 3571 1359 3644 ἀποτεταγμένον
1389 3575 1630 3646 ἀριθμὸν
1685 3577 1788 3648 τῆς
1829 3596 1919 3648 μι-

227 3713 232 3718 ε
337 3659 606 3731 σθοφορᾶς
635 3663 932 3734 ἐρχόμενον
961 3663 1283 3734 λαμϐάνειν.
1319 3668 1385 3722 '0
1406 3669 1471 3740 δὴ
1502 3668 1598 3723 καὶ
1627 3671 1922 3741 γενήσεται

334 3752 416 3812 είς
450 3751 710 3823 δευτέραν
741 3752 777 3823 ἢ
825 3753 923 3806 καὶ
977 3753 1171 3825 τρίτην
1231 3756 1470 3826 ἡμέραν,
1504 3762 1601 3812 καὶ
1633 3760 1825 3814 τούτου
1857 3778 1922 3831 γε

336 3842 500 3895 ἕνεκα
529 3843 782 3913 φρόντιζε
835 3844 1026 3916 μηδέν.
1071 3845 1132 3899 .'0
1167 3846 1423 3917 βασιλεὺς
1449 3849 1526 3914 δὲ,
1563 3851 1676 3920 Τῆς
1710 3851 1811 3922 μὲν
1842 3853 1925 3918 είς

342 3935 444 4003 ἐμέ
471 3952 594 3999 σου,
637 3935 884 4006 εἴρηκεν,
919 3935 1145 4008 ἀγάπης
1177 3939 1363 4003 ἕνεκα,
1415 3941 1568 3994 ούδὲν
1598 3943 1705 4015 χρὴ
1742 3943 1925 4014 λέγειν

339 4027 443 4078 ὅσα
498 4043 578 4088 τις
648 4028 712 4080 ἂν
770 4028 917 4081 είποι
968 4027 1190 4081 πάντων
1249 4028 1556 4084 ἐλαττόνων
1622 4035 1938 4104 ὲσομένωντ

341 4119 689 4188 Δυσχεραίνω
714 4118 758 4177 δ’
779 4120 840 4172 ού
861 4120 1098 4190 μετρίως
1125 4119 1219 4172 καὶ
1241 4120 1379 4191 πρὸς
1407 4120 1588 4188 τοῦτο,
1607 4123 1708 4178 ὅσα
1733 4141 1793 4177 τε
1816 4124 1926 4179 τῶν

339 4211 488 4280 ἰδίων
515 4211 576 4276 ἐξ
603 4213 727 4264 ὅτου
757 4213 895 4282 πρὸς
946 4211 1392 4282 Ἀδριανούπολιν
1420 4212 1682 4285 ἤλθομεν,
1719 4215 1801 4278 είς
1822 4216 1924 4279 τὰς

2018 1724 2240 1779 ctitinm
2266 1727 2496 1782 militem
2535 1728 2925 1785 demereretur“
2965 1730 3288 1802 (pensiones
3318 1731 3470 1786 enim
3502 1748 3607 1803 pu-

2023 1814 2184 1872 blicae
2223 1829 2430 1874 exactae
2462 1836 2574 1876 non
2606 1832 2790 1885 erant,
2831 1824 3028 1892 partim
3067 1833 3298 1895 propter
3335 1828 3608 1884 tumultus

2021 1907 2274 1974 bellicos,
2302 1911 2501 1980 partim
2551 1913 2682 1982 quia
2732 1923 2786 1969 et
2815 1915 3138 1985 agrestium,
3184 1916 3278 1985 qui
3305 1916 3609 1989 plurimum

2019 2002 2262 2072 pendere
2285 2015 2715 2070 consueverunt,
2738 2006 2828 2061 alii
2850 2006 2966 2061 suis
2999 2006 3225 2062 sedibus
3255 2008 3421 2076 pulsi.
3454 2009 3545 2064 alii
3580 2027 3608 2063 a

2020 2095 2288 2151 militibus
2317 2097 2555 2152 senioris
2579 2097 2782 2168 direpti
2815 2107 2972 2154 erant
3009 2115 3024 2153 :
3069 2107 3126 2154 et
3157 2115 3296 2169 quos
3327 2101 3520 2169 jnnior
3540 2102 3607 2156 ad

2020 2187 2325 2244 custodiam
2362 2189 2590 2246 miserat
2619 2228 2634 2254 ,
2665 2191 2889 2245 militari
2919 2192 3153 2247 avaritia
3180 2207 3269 2248 res
3300 2207 3494 2248 eorum
3527 2194 3608 2248 le-

2021 2280 2224 2338 rebant
2273 2282 2620 2353 agebantque
2651 2281 2787 2354 (89),
2819 2297 2850 2336 a
2883 2281 3088 2351 quibus
3141 2283 3318 2339 nihilo
3390 2284 3609 2346 mitius,

1969 2413 1977 2420 .
2019 2387 2184 2442 qnam
2212 2373 2282 2428 ab
2311 2373 2561 2428 hostibus
2583 2373 3314 2441 tractabantur),mterorem
3334 2376 3609 2446 capiebat,

2020 2471 2078 2518 et
2119 2462 2494 2518 sollicitudine
2547 2463 2910 2526 credebatur,
2959 2463 3418 2534 circumspiciens
3463 2466 3610 2522 unde

2021 2565 2304 2626 sumptum
2363 2557 2803 2611 nancisceretur.
2883 2556 3334 2613 lleditabundum
3395 2572 3461 2615 ac
3513 2560 3609 2616 tri-

2022 2658 2163 2703 stem
2195 2648 2417 2702 intuens
2470 2662 2698 2718 magnus
2756 2649 3116 2715 domesticus,
3180 2657 3237 2705 et
3283 2665 3464 2706 causae
3512 2667 3610 2707 ne-

2021 2739 2193 2804 scius,
2229 2738 2364 2809 quid
2399 2754 2527 2795 eum
2576 2749 2738 2811 angat
2787 2740 3124 2798 sciscitatur.
3172 2742 3361 2813 ln0pia
3415 2758 3609 2814 pecu-

2024 2833 2153 2896 nite,
2190 2832 2394 2902 inquit.
2431 2841 2724 2902 propterea
2747 2832 2894 2903 quod
2927 2833 3218 2905 vectigalia
3269 2842 3458 2888 coacta
3495 2849 3609 2889 non

2024 2931 2174 2990 sunt,
2210 2933 2267 2978 et
2315 2938 2481 2992 quam
2518 2923 2807 2994 deprecari
2852 2935 2964 2980 non
3015 2925 3167 2990 licet,
3201 2925 3608 2995 stipendiorum

2022 3013 2511 3087 persolvendorum
2555 3017 2878 3072 necessitas.
2901 3017 3067 3088 Atqui
3100 3031 3202 3088 ego
3239 3017 3467 3088 (excipit
3492 3013 3610 3072 ma-
3681 3065 3685 3068 .

2021 3107 2290 3178 gnussa
2311 3106 2674 3177 domesticus)
2705 3107 2873 3177 hujus
2902 3106 3101 3177 inopia).
3123 3106 3293 3177 probe
3321 3107 3604 3171 conscius,

2022 3199 2190 3255 simul
2220 3215 2285 3254 ac
2314 3199 2530 3254 litteras
2563 3198 2632 3253 ad
2662 3199 3008 3252 evocandum
3043 3197 3350 3253 exercitum
3381 3197 3606 3264 misisti,

2024 3290 2316 3361 pecuniam
2344 3289 2711 3344 necessariam
2752 3286 2822 3344 de
2855 3290 2994 3344 meis
3031 3286 3346 3357 comparavi
3379 3285 3516 3358 (90),
3550 3295 3607 3342 et

2022 3383 2260 3454 amplius
2295 3380 2430 3436 nihil
2472 3397 2612 3450 opus
2655 3391 2760 3441 est,
2793 3395 2957 3450 quam
2998 3389 3059 3436 ut
3097 3381 3258 3436 miles
3300 3380 3604 3450 unusquis-

2022 3487 2130 3542 que
2174 3472 2382 3536 veniat,
2437 3471 2885 3540 destinatamque
2935 3470 3253 3526 mercedem
3313 3470 3513 3528 tollat:
3548 3469 3606 3524 id

2023 3565 2169 3636 quod
2225 3565 2308 3619 vel
2359 3579 2502 3629 cras,
2545 3564 2628 3619 vel
2669 3564 2933 3633 perendie
2987 3564 3106 3618 lleri
3155 3564 3379 3633 poterit.
3423 3561 3606 3629 Quare

2023 3661 2130 3715 hac
2181 3659 2251 3716 de
2307 3675 2474 3716 causa
2514 3675 2584 3715 ne
2613 3667 2666 3715 te
2699 3660 3006 3716 excrucies.
3063 3660 3205 3714 Tum
3237 3660 3538 3729 imperator
3578 3675 3597 3713 :

2023 3752 2167 3820 Quid
2195 3752 2414 3808 tandem
2436 3752 2570 3809 satis
2594 3751 2665 3806 de
2696 3763 2791 3807 tuo
2825 3751 2880 3806 in
2918 3767 3006 3806 me
3034 3766 3226 3806 amore
3242 3749 3355 3806 dici
3382 3750 3608 3821 potest!

2025 3845 2193 3916 ,ἅζετο
2227 3855 2409 3900 autem
2441 3845 2572 3898 mihi
2599 3853 2685 3899 est
2710 3843 2866 3898 valde
2909 3841 2981 3896 ob
3017 3841 3124 3897 hoc
3165 3857 3406 3912 quoque,
3455 3841 3604 3912 quod

2025 3947 2292 4010 quantum
2326 3937 2393 3991 de
2424 3936 2778 3991 facultatibus
2809 3935 2919 3987 tuis
2955 3933 3084 3988 inde
3114 3933 3184 3987 ab
3227 3933 3471 3988 adventu
3505 3947 3615 3988 nov

2029 4040 2144 4084 stro
2182 4026 2577 4094 Adrianopolin
2616 4023 2684 4078 ad
2721 4038 3076 4078 communem
3109 4039 3270 4079 usum
3314 4023 3607 4092 impende-

2028 4120 2128 4181 ris.
2161 4128 2214 4172 et
2246 4134 2384 4188 quas
2407 4131 2553 4171 nunc
2583 4115 2871 4185 impendes
2911 4116 3111 4170 mnltas
3152 4129 3456 4170 aureorum
3489 4130 3607 4194 my-

2029 4212 2232 4274 riadas.
2274 4210 2588 4266 considero.
2620 4208 2834 4264 Idcirco
2896 4222 3008 4262 non
3067 4220 3229 4262 secus
3273 4220 3439 4275 quam
3487 4205 3603 4275 ipsa

338 4307 524 4369 κοινάς
554 4305 746 4376 χρείας
799 4305 1180 4372 ἐξανάλωσας,
1212 4307 1457 4373 σκοπῶν,
1487 4309 1582 4362 καὶ
1607 4308 1645 4362 ἀ
1681 4308 1776 4363 νῦν
1832 4309 1918 4376 ἐξ-

2034 4307 2281 4378 pecnniae
2338 4303 2659 4365 diﬂicultas,
2726 4300 2920 4370 pungit
2975 4314 3042 4355 ac
3073 4297 3604 4394 vellicat‘animun

338 4401 642 4465 αναὶώσιις
689 4401 791 4454 οὐκ
843 4401 1029 4469 ὀλίγας
1088 4401 1324 4471 ἐσόμενα
1363 4401 1586 4473 χρυσίου
1641 4403 1932 4474 μυριάδας,

339 4498 417 4560 ὡς
443 4497 536 4549 καὶ
563 4495 727 4560 αὐτὸς
760 4490 880 4549 οῖδα
925 4494 1130 4562 σαφῶς.
1171 4495 1264 4549 Διδ
1295 4496 1392 4549 καὶ
1435 4495 1538 4567 τῆς
1565 4497 1798 4567 ἀπορίας
1828 4499 1926 4569 οὐχ

336 4585 508 4660 ἧσσον
537 4588 646 4641 τῶν
681 4587 1006 4659 χρημάτων,
1041 4588 1102 4642 τὸ
1137 4589 1195 4641 ἐν
1247 4587 1526 4651 τοσούτοις
1559 4604 1618 4641 σε
1676 4592 1925 4668 χρήμασι

338 4678 670 4747 ζημιοῦσθαι
705 4677 1044 4732 καθικνεῖταί
1079 4695 1180 4748 μου
1208 4679 1309 4749 τῆς
1344 4678 1544 4749 ψυχῆς.
1576 4680 1832 4750 Παροῦσα
1854 4682 1911 4735 δὲ

344 4772 530 4834 αὐτοῖς
575 4769 984 4838 διαλεγομένοις
1014 4770 1109 4824 καλ⁸
1136 4772 1168 4839 ἠ
1196 4768 1294 4824 τοῦ
1328 4772 1568 4839 μεγάλου
1596 4772 1922 4842 δομεστίκου

342 4865 527 4934 μήτηρ
575 4863 608 4932 ἡ
663 4861 1363 4932 ΠαλαιολογίναΘεοδώρα,
1430 4852 1575 4917 Ἀλλ’
1611 4865 1809 4933 ἐγωγε,
1847 4861 1925 4918 εἷ-

343 4970 467 5018 πεν,
496 4955 560 5006 ού
590 4953 797 5022 ζημίαν
835 4953 1052 5022 ἥγημαι
1085 4954 1152 5007 τὸ
1177 4953 1492 5011 ἀναλίσκειν
1523 4958 1581 5008 ἐν
1609 4959 1721 5020 τοῖς
1745 4957 1925 5011 τοιού-

343 5059 484 5104 τοις,
539 5042 680 5095 ἀλλά
734 5043 954 5096 πάντων
987 5042 1198 5112 κερδῶν
1225 5041 1678 5096 λυσιτελέστατόν
1711 5059 1770 5094 τε
1806 5043 1926 5111 ἄμα

345 5133 442 5187 καὶ
471 5133 942 5205 σωφρονέστατον.
978 5133 1041 5187 Ei
1085 5133 1197 5203 γὰρ
1228 5133 1429 5205 λύτρον
1460 5134 1642 5206 ψυχῆς
1673 5133 1865 5202 ἀνδρὸς
1892 5135 1922 5188 δ

2033 4414 2240 4462 meum,
2302 4408 2355 4452 te
2399 4403 2612 4449 tantum
2641 4394 2721 4448 rei
2759 4392 3082 4446 nummariae
3106 4387 3461 4461 dispendium
3487 4402 3603 4442 mea

2032 4506 2196 4547 causa
2235 4489 2470 4561 perpeti.
2510 4485 2650 4542 lluic
2694 4485 2968 4556 colloquio
3012 4483 3305 4539 Theodora
3346 4480 3607 4538 Palaeolo-

2007 4583 2174 4654 gina,
2206 4579 2388 4650 magni
2437 4577 2724 4633 domestici
2777 4586 2974 4641 mater,
3005 4589 3249 4646 praesens
3307 4574 3598 4639 intererat,

2029 4691 2152 4744 quae
2197 4674 2278 4728 sic
2309 4687 2435 4726 orsa
2481 4678 2604 4724 est:
2638 4669 2910 4739 Equidem
2961 4682 3063 4738 ego
3096 4665 3298 4722 talibus
3338 4667 3392 4720 in
3435 4667 3602 4720 rebus

2023 4776 2298 4835 sumptum
2384 4761 2706 4832 impendere
2762 4763 2976 4816 nullum
3024 4759 3402 4829 diSpendium.
3486 4757 3598 4811 imo

2022 4875 2155 4914 vero
2207 4855 2455 4912 omnium
2508 4861 2819 4923 quaestuum
2863 4849 3398 4921 qu'estuosissimum
3427 4853 3600 4915 atque

2025 4941 2516 5015 prudentissimum
2564 4939 2785 5010 judico.
2830 4937 2886 4992 Si
2920 4935 3070 4990 enim
3110 4934 3350 5005 pretium
3381 4934 3599 4988 redem~

2023 5036 2228 5108 ptionis
2255 5034 2452 5089 animae
2491 5031 2734 5085 hominis
2784 5037 2914 5084 sunt
2957 5028 3132 5098 ipsius
3189 5025 3399 5081 divitia:
3458 5025 3596 5096 (9i),

2023 5129 2140 5184 sive
2170 5126 2296 5197 quis
2319 5138 2421 5195 pro
2455 5122 2698 5191 peccatis
2719 5119 2858 5185 suis,
2891 5118 3008 5174 sive
3039 5133 3139 5188 pro
3165 5117 3276 5173 vita
3303 5133 3402 5174 sua
3430 5117 3596 5188 quid-

1579 5261 1799 5325 Jacobi
1834 5259 2098 5324 Pontani
2132 5265 2323 5319 noue.

417 5365 528 5440 (89)
567 5366 611 5422 ll
635 5365 848 5422 Aineid.
891 5382 907 5421 :

483 5500 516 5531 ._
545 5496 560 5512 .
605 5498 622 5514 .
665 5495 681 5512 .
723 5457 822 5512 alii
851 5459 1068 5531 rapiunt
1093 5457 1625 5527 incensa'feruntque

481 5529 1664 5600 Pergama...'............4

339 5621 478 5677 Vide
497 5635 622 5689 quae
652 5620 708 5675 in
748 5635 874 5675 eum
903 5620 1084 5675 locum
1128 5619 1368 5673 habeant
1409 5627 1609 5672 nostra:
1634 5615 1912 5689 symbolae.

341 5687 556 5768 Similia
605 5699 735 5745 sunt
786 5691 874 5744 illa
924 5693 980 5744 in
1023 5689 1318 5768 Maniliana
1359 5706 1372 5740 ι
1408 5689 1576 5768 Aula-ue
1623 5687 1941 5768 hoc-etiam.

2013 5377 2134 5415 rum
2181 5374 2287 5412 non
2313 5358 2537 5411 multum
2563 5355 2626 5408 ab
2658 5353 2834 5409 hostili
2861 5350 3248 5423 expugnatione
3269 5351 3511 5423 differat.

2095 5431 2207 5501 (90)
2248 5423 2552 5501 Fuitenint
2597 5425 2927 5501 ditissimus,
2974 5422 3031 5478 et
3082 5422 3599 5501 pecuniosissimus,

2026 5492 2332 5564 ut'patebit
2361 5497 2458 5550 lib.
2490 5512 2570 5560 ιιι,
2598 5504 2655 5549 et
2699 5509 2800 5549 nos
2829 5494 2881 5548 id
2901 5493 3094 5564 ipsum
3134 5508 3201 5564 ex
3229 5494 3423 5564 eodem
3454 5492 3601 5546 libro

2025 5570 2080 5625 in
2111 5562 2232 5647 Vita
2256 5569 2375 5647 eius
2403 5564 2858 5647 iamdogtimus;
2890 5563 3134 5634 fecitque
3161 5563 3218 5619 in
3234 5563 3358 5618 ista
3387 5562 3597 5616 beneti-

2022 5640 2200 5694 centia
2233 5631 2346 5691 ve'ri
2375 5631 2538 5689 amici
2574 5631 2834 5688 cilicium.

2093 5707 2207 5776 t9t)
2248 5706 2430 5760 Locus
2469 5703 2866 5776 estigl’roverb.
2898 5717 2996 5776 xm
3025 5720 3040 5757 :
3073 5699 3382 5776 Redemptio
3406 5701 3603 5776 animo:

341 5762 535 5832 magis,
570 5777 734 5830 quam
762 5771 998 5842 caeteros,
1025 5759 1164 5842 quod
1205 5757 1552 5840 ejusmodiin
1588 5757 1914 5842 prouinciam

2026 5757 2346 5833 υενῖὰὲυῶέέ
2371 5757 2668 5830 ειὶαεξηιίοο
2709 5774 2776 5827 ad
2829 5775 3066 5829 animam
3107 5757 3415 5826 Theodorte
3458 5769 3601 5825 bita-

344 5827 733 5906 ίτλοθίιίηβίαιπι
767 5830 988 5906 i"W39."
1031 5827 1289 5906 θηίδίνηαὲθ
1320 5827 1726 5906 πίνειίρνηδίβθ
1773 5831 1916 5906 ho?“
2024 5827 2595 5906 iishﬁc‘édin'modai,’
2635 5827 2696 5899 ut
2729 5842 2904 5898 vides.

347 5901 656 5972 defendant,
705 5895 880 5957 tamen
908 5901 1139 5956 imorum
1189 5900 1445 5953 adventus
1479 5899 1532 5951 iu
1564 5897 1712 5951 urbes
1741 5895 1914 5954 socio-
