3918 6580
349 408 450 474 2n
1553 406 1871 468 JOANNts
1905 386 2434 471 cariracuzsm
3496 409 3628 474 212

351 522 494 591 piam
517 521 847 592 erogaverit,
881 519 1025 574 haud
1059 518 1360 582 in.damnis
1389 535 1478 574 ιηο
1511 522 1776 591 erogatio,
1813 522 1909 578 sed
1937 574 1939 582 ,

2042 523 2146 586 διος
2181 521 2430 588 πλοῦτος,
2463 523 2530 577 ἄν
2560 522 2606 574 θ’
2637 521 2776 592 ὑπὲρ
2802 521 2910 575 τῶν
2945 520 3092 574 ίδίων
3123 537 3210 582 τις
3257 521 3624 592 ἁμαρτημά-

347 612 402 666 ἰη
440 610 614 666 lucris
675 609 987 681 deputanda
1065 619 1171 666 est.
1245 607 1473 674 Adhoc,
1534 624 1660 663 cum
1718 610 1918 664 divinae

2042 633 2145 680 raw,
2169 615 2235 668 ἄν
2255 613 2303 666 θ’
2331 615 2469 685 ὑπὲρ
2494 613 2585 665 τοῦ
2611 613 2710 683 ζῇν
2741 611 3020 684 ἀναλώσῃ,
3045 612 3106 664 οὐ
3140 611 3346 680 ζημίαν
3374 611 3475 679 τὴν
3514 611 3626 664 δα.-

345 703 644 774 Scriptnra:
676 702 910 758 doceant
936 703 976 769 ',
999 701 1090 755 ubi
1132 701 1426 756 thesaurus
1475 711 1664 756 noster
1694 702 1785 767 sit,
1838 702 1913 756 ibi

2042 708 2216 775 ιάνην,
2248 705 2386 758 ἀλλὰ
2425 705 2616 774 κέρδος
2650 697 2902 775 ἡγεῖσθαι
2945 704 3077 774 χρή.
3135 701 3348 765 ’Δλλως
3393 718 3455 754 τε
3508 701 3622 754 καὶ

346 811 442 849 cor
474 804 720 849 nostrum
768 806 910 854 esse.
962 792 1107 863 apud
1175 802 1250 856 te,
1287 793 1605 862 imperator,
1652 793 1914 862 quoniam

2047 795 2122 846 ῶν
2152 794 2315 864 ἱερῶν
2341 794 2698 847 διδασκόντων
2725 793 2944 858 λογίων,
2970 791 3045 853 ὡς
3075 792 3250 845 Ὅπου
3268 793 3296 844 ό
3322 789 3623 861 θησαυρὸς

345 902 400 941 ιιι
441 887 731 941 thesaurus
780 890 962 956 magni
1019 886 1310 941 domestici
1361 901 1444 949 es,
1479 886 1644 939 etiam
1673 900 1768 939 cor
1793 886 1913 956 ejus

341 980 469 1032 erit.
491 977 650 1043 Quod
683 993 806 1031 cum
851 977 926 1031 ita
968 976 1060 1042 sit,
1089 985 1342 1031 caateram
1385 975 1673 1044 pecuniam
1705 985 1764 1029 ut
1793 986 1909 1029 rem

343 1068 500 1122 nihili
556 1075 893 1121 contemnet.
935 1065 1043 1120 Sed
1089 1065 1202 1120 haec
1249 1065 1550 1120 mittamus.
1583 1065 1638 1120 Si
1669 1065 1914 1119 nummis

343 1170 652 1229 parcentes,
681 1159 738 1214 in
773 1161 896 1214 vita:
920 1159 1218 1213 discrimen
1243 1156 1521 1222 incidatis,
1556 1173 1623 1210 an
1655 1173 1765 1210 non
1801 1158 1916 1211 cla-

344 1266 467 1303 rum
507 1257 610 1313 est,
663 1250 820 1304 vobis
861 1265 986 1304 cum
1016 1248 1287 1302 dedecore
1339 1247 1571 1302 mortuis
1600 1255 1810 1301 vestras
1845 1247 1914 1302 ad

2015 887 2188 957 ὑμῶν,
2234 887 2350 940 ἐκεῖ
2397 887 2549 940 ἔσται
2582 885 2676 945 καὶ
2704 887 2737 954 ἠ
2775 885 2979 954 καρδία
3037 883 3232 964 ὑμῶνς
3285 885 3437 954 napi
3486 884 3615 946 σοὶ,

2017 978 2262 1050 βασιλεῦ,
2296 978 2486 1042 ἐπειδὴ
2524 981 2588 1032 σὺ
2640 978 2915 1047 θησαυρὸς
2951 975 3140 1043 αὑτοῦ,
3199 975 3294 1030 καὶ
3325 977 3357 1044 ἡ
3391 975 3617 1048 καρδία

2017 1071 2112 1124 τοῦ
2146 1070 2384 1140 μεγάλου
2410 1070 2736 1139 δομεστίκου
2764 1069 2938 1122 ἔσται.
2968 1069 3173 1122 Τούτου
3196 1066 3255 1120 δὲ
3281 1067 3432 1127 ὄντος
3461 1067 3618 1134 ἀλη-

2002 1147 2168 1230 θοῦς,
2199 1161 2306 1215 τῶν
2332 1160 2508 1216 ἀλλων
2549 1161 2767 1215 πάντων
2803 1177 2907 1230 χρη
2920 1160 3107 1228 μάτων
3138 1159 3213 1222 ὡς
3241 1159 3472 1212 οὐδενῶν
3502 1174 3621 1209 κα-

2021 1253 2371 1324 ταφρονήσει.
2425 1253 2534 1307 Καὶ
2584 1253 2754 1322 χωρὶς
2791 1251 2848 1304 δὲ
2895 1253 3143 1315 τουτωνὶ,
3177 1250 3242 1301 ἂν
3294 1230 3626 1318 φειδόμενοι

344 1343 506 1407 alios,
529 1354 585 1396 et
615 1342 852 1398 forsitan
909 1341 977 1395 ad
1030 1340 1444 1395 inimicissimos
1491 1340 1816 1394 translatum
1839 1339 1910 1394 iri

2042 1346 2122 1399 τῶν
2146 1346 2444 1416 χρημάτων
2475 1343 2860 1412 κινδυνεύσητε
2892 1344 3018 1412 περὶ
3054 1342 3127 1395 τὸ.
3155 1343 3278 1412 ζῇν,
3308 1341 3408 1393 οὐκ
3442 1339 3625 1407 εὔδη-

347 1434 646 1502 pecunias?
677 1435 914 1490 Proinde
937 1449 1006 1489 ne
1034 1434 1120 1489 vel
1155 1433 1508 1502 corporibus,
1542 1432 1629 1486 vel
1656 1432 1910 1501 pecuniae

349 1527 638 1592 parcitote,
677 1525 858 1593 quoad
892 1525 1092 1580 bellum
1117 1525 1222 1580 hoc
1256 1523 1324 1578 ad
1354 1524 1790 1578 emolumentum
1818 1537 1911 1576 ve-

347 1631 518 1676 strum
546 1618 1115 1675 accommodaveritis.

2017 1437 2108 1490 λον
2136 1438 2220 1490 ὅτι
2251 1437 2523 1492 θανόντων
2559 1435 2714 1505 ὑμῶν
2736 1434 2947 1504 ἀτίμως
2979 1435 3112 1505 παρ’
3139 1435 3322 1496 ἄλλοις
3344 1433 3502 1484 ἔσται
3542 1429 3625 1482 τὰ

2018 1527 2296 1597 χρήματα,
2326 1525 2457 1586 ίσως
2485 1525 2542 1577 δὲ
2578 1525 2672 1577 καὶ
2718 1521 3180 1592 πολεμιωτάτοις;
3213 1517 3464 1595 Φείδεσθε
3499 1533 3629 1568 τοι·

2022 1615 2225 1685 γαροῦν
2249 1616 2387 1685 μήτε
2414 1615 2685 1683 σωμάτων
2709 1614 2846 1682 μήτε
2879 1612 3204 1681 χρημάτων,
3231 1612 3388 1679 ἄχρις
3421 1607 3490 1660 ἂν
3519 1606 3628 1658 τὸν

2024 1703 2312 1774 κινηθέντα
2345 1705 2581 1774 πόλεμον
2670 1704 2941 1757 λυσιτελεῖ
2962 1703 3220 1773 διάθησθε
3245 1703 3396 1771 ὑμῖν.

1743 1829 1970 1888 CAPUT
2009 1828 2202 1884 XXIX.

350 1918 480 1992 Apri
533 1918 839 1992 obsidentur
893 1929 941 1974 et
1002 1933 1392 1992 expugnantur.
1454 1925 1534 1977 Ad
1583 1924 1814 1991 captivos
1868 1922 2063 1976 milites
2125 1922 2480 1976 admonitoria
2535 1921 2876 1992 imperatoris
2925 1918 3132 1992 oratio,
3195 1924 3244 1966 ct
3295 1915 3352 1992 in
3402 1915 3628 1992 eosdem

419 1991 744 2044 humanitas.
775 1988 1006 2044 Rursum
1039 1984 1108 2044 a'd
1140 1984 1284 2059 suos,
1304 1997 1366 2047 de
1397 1984 1721 2048 moderanda
1749 1995 1967 2047 victoria
1997 2002 2047 2046 et
2097 1992 2460 2047 misericordia
2491 1993 2549 2045 in
2600 1984 2780 2057 uictos,
2815 1987 3122 2044 Christiana
3160 1984 3531 2038 conciuncula.

420 2100 903 2159 Gratiismatronze
927 2105 1083 2171 actis,
1103 2085 1783 2178 egrediturimperator,et
1808 2123 1932 2164 cum
1963 2113 2010 2170 Β

350 2189 690 2260 primoribus
709 2192 764 2246 in
777 2195 1068 2249 consilium
1092 2196 1261 2264 venit,
1279 2201 1510 2270 priusne
1547 2199 1746 2269 Apros,
1765 2209 1821 2254 et
1837 2199 1942 2254 Ga-

350 2283 561 2348 rellam,
589 2297 657 2340 an
683 2288 985 2342 exercitum
1005 2290 1070 2344 ad
1098 2290 1390 2347 ulteriores
1415 2292 1666 2347 civitates
1680 2291 1941 2352 desertri-

352 2390 445 2430 ces
467 2376 702 2433 adducat
721 2397 735 2433 :
753 2381 899 2450 quod
927 2382 1012 2437 hae
1043 2385 1227 2438 minus
1253 2392 1542 2448 nocerent,
1564 2394 1621 2439 et
1649 2384 1769 2454 capi
1798 2383 1940 2438 faci-

350 2466 458 2521 lius
481 2476 730 2537 possent,
757 2469 864 2525 illae
881 2481 939 2527 et
958 2472 1084 2542 plus
1112 2484 1396 2537 nocerent,
1429 2484 1630 2528 etcum
1664 2480 1940 2527 structura

351 2559 640 2624 mmnium,
663 2568 778 2616 tum
791 2562 1180 2635 militariintus
1199 2565 1455 2634 praesidio
1475 2573 1658 2621 essent
1677 2563 1943 2620 validissi-

355 2663 480 2707 mae.
503 2651 670 2710 Stetit
685 2656 997 2723 sententia,
1023 2657 1180 2730 prius
1203 2659 1379 2728 Apros
1401 2658 1818 2730 aggrediendos.
1839 2657 1940 2711 Pa-

353 2744 487 2801 ratis
501 2746 781 2814 omnibus,
803 2756 858 2805 et
882 2751 1114 2819 pecunia
1145 2751 1198 2806 in
1230 2753 1501 2824 stipendia
1519 2760 1822 2816 numerata,
1849 2750 1940 2804 Dio

354 2836 668 2907 dymoticho
689 2841 821 2897 illuc
841 2854 1062 2899 movent
1079 2863 1094 2900 :
1109 2844 1199 2898 ubi
1219 2847 1414 2901 castris
1434 2845 1938 2915 communitis,?87

357 2927 768 2986 caduceatorem
788 2932 956 2989 mittit
975 2935 1290 3006 imperator,
1317 2938 1411 3008 qui
1454 2953 1554 3008 pro
1589 2938 1764 3000 muris
1788 2948 1938 2992 stan—

358 3033 440 3078 tes
467 3023 688 3092 salutet,
715 3036 771 3082 et
792 3026 857 3081 ad
887 3029 1075 3084 urbem
1106 3029 1225 3085 sine
1253 3031 1602 3086 dimicatione
1633 3029 1936 3086 dedendam

363 3115 628 3186 impellat.
663 3119 938 3192 dicatque,
990 3137 1100 3178 non
1148 3138 1244 3179 eos
1287 3123 1581 3192 deliquisse
1611 3122 1934 3192 quidquam,

360 3211 866 3282 necimperatorem
891 3215 1024 3285 ipsis
1046 3211 1242 3270 irasci?
1263 3216 1356 3270 sed
1377 3215 1590 3285 culpam
1614 3215 1938 3272 defectionis

362 3317 531 3370 penes
577 3319 701 3359 eum
733 3322 877 3369 esse,
903 3309 998 3380 qui
1040 3309 1276 3364 deﬁcere
1302 3309 1595 3378 coegisset,
1631 3324 1738 3362 non
1773 3323 1937 3375 penes

365 3392 508 3456 illos,
548 3395 641 3464 qui
673 3398 848 3450 coacti
879 3397 1133 3452 fuissent.
1155 3396 1526 3463 Quamobrem
1555 3397 1600 3452 si
1624 3398 1816 3467 positis
1843 3413 1932 3452 ar-

367 3487 472 3540 mis
505 3486 572 3540 ad
605 3486 766 3542 ﬁdem
827 3488 1178 3558 ofﬁciumque
1207 3490 1471 3552 redirent,
1511 3490 1680 3544 multa
1722 3489 1933 3545 beneﬁ-

364 3578 450 3632 cia
484 3579 907 3648 promerituros.
938 3580 1007 3634 At
1039 3581 1186 3634 enim
1222 3581 1314 3650 qui
1347 3581 1402 3633 in
1439 3581 1611 3636 muris
1656 3593 1832 3648 erant,
1863 3598 1934 3638 ne

370 3679 546 3724 totum
583 3671 806 3740 quidem
841 3671 990 3740 quod
1022 3671 1308 3726 dicebatur
1343 3673 1536 3726 audire
1568 3675 1931 3741 sustinentes,

369 3764 609 3834 maligne
630 3766 809 3833 ipsum
833 3766 1018 3820 venire
1050 3767 1480 3832 succlamabant,
1517 3779 1572 3822 et
1606 3768 1933 3824 cantilenam

373 3857 549 3911 istanc
602 3870 713 3910 non
769 3856 896 3920 sibi,
956 3857 1233 3927 quiiomni
1272 3869 1459 3914 essent
1480 3865 1736 3930 expertes
1761 3870 1935 3927 metu,

375 3953 479 4002 nec
502 3946 643 4001 dolis
671 3946 855 4001 deludi
893 3947 1052 4003 facile
1072 3960 1316 4018 possent,
1350 3951 1446 4005 sed
1478 3952 1598 4005 aliis
1623 3952 1807 4020 potius
1841 3951 1938 4005 de-

374 4039 509 4094 bere
527 4039 822 4093 oecinere:
849 4054 906 4095 se
931 4039 1189 4094 creditori
1221 4057 1320 4096 suo
1355 4043 1542 4111 ﬁdem,
1593 4051 1648 4096 et
1677 4042 1938 4112 oppidum

372 4138 866 4197 tuto-servaturos.
921 4130 1123 4186 lterato
1167 4133 1463 4187 mittuntur
1509 4124 1639 4198 alii,’
1670 4133 1763 4202 qui
1813 4148 1942 4188 sua-

352 4208 562 4288 deant,
588 4238 658 4278 ne
679 4223 912 4278 consilio
949 4223 1092 4277 malo
1135 4237 1414 4297 pravoque
1462 4221 1728 4296 maleﬁcia
1777 4237 1940 4292 quam

375 4310 660 4374 beneﬁcia,
721 4325 845 4364 cum
892 4315 1126 4380 possint,
1173 4312 1414 4381 experiri
1473 4313 1688 4367 malint.
1729 4311 1944 4379 Quibus

379 4401 777 4457 contumeliose
814 4400 1302 4471 respondentibus,
1327 4400 1714 4470 lapidibusque
1764 4410 1820 4457 et
1861 4403 1946 4473 ja-

380 4493 521 4549 culis
577 4493 970 4549 caduceatores
1031 4492 1453 4563 appetentibus,
1505 4507 1568 4547 ac
1618 4493 1687 4548 de
1740 4503 1946 4549 αιτιοι-ο

382 4599 715 4656 quemquam
762 4585 832 4639 ad
867 4599 927 4640 se
961 4585 1108 4639 mitti
1138 4584 1477 4650 vetantibus,
1507 4585 1612 4638 nisi
1641 4599 1767 4639 eum
1799 4588 1947 4643 occi-

384 4695 506 4734 sum
537 4679 776 4744 vellent,
811 4679 939 4748 quia
968 4695 1028 4733 se
1052 4677 1234 4732 verbis
1255 4678 1392 4731 nihil
1424 4677 1691 4746 proﬁcere
1723 4680 1944 4735 videbat

2120 2111 2245 2166 Ἐπὶ
2276 2110 2487 2173 τούτοις
2549 2109 2691 2180 αὐτῇ
2739 2107 2972 2177 χάριτας
3009 2101 3354 2174 ὁμολογήσας
3391 2103 3418 2154 δ
3453 2099 3628 2170 βασι-

2041 2203 2190 2270 λεῦς,
2221 2202 2454 2269 ἐξελθὼν
2482 2200 2799 2255 ἐϐουλεύετο
2841 2200 2980 2271 μετά
3009 2195 3118 2250 τῶν
3157 2199 3213 2249 ὲν
3243 2196 3410 2260 τέλει,
3435 2196 3483 2245 εἰ
3507 2193 3628 2262 χρὴ

2041 2297 2306 2366 πρότερον
2331 2296 2423 2348 ἐπὶ
2457 2295 2652 2366 ’Δπρω
2679 2294 2774 2348 καὶ
2824 2290 3126 2361 Γαρέλλαν,
3159 2289 3194 2360 ἢ
3227 2289 3318 2340 ἐπὶ
3342 2288 3443 2348 τὰς
3472 2287 3628 2353 ἀφει
3688 2301 3690 2304 '

2043 2387 2306 2456 στηκυίας
2367 2379 2700 2457 πορρωτέρω
2748 2383 2855 2436 τῶν
2890 2381 3098 2434 πόλεων
3131 2378 3305 2432 ἐλθεῖν
3329 2393 3345 2409 ο
3396 2376 3471 2439 ὡς
3501 2375 3624 2458 τῶν

2044 2477 2143 2549 μὲν
2166 2478 2434 2548 ἀπωτέρω
2458 2477 2558 2545 τὴν
2589 2475 2689 2545 μὲν
2717 2474 2923 2548 βλάϐην
2947 2473 3151 2544 ἥσσονα
3191 2468 3620 2542 παρεχομένων,

2041 2569 2542 2641 εὖαλωτοτέρων-δέ
2572 2585 2585 2598 ·
2615 2568 2725 2622 τῶν
2749 2565 2806 2619 δὲ
2837 2565 2979 2635 μετὰ
3000 2564 3093 2617 τοῦ
3121 2561 3322 2633 μᾶλλον
3351 2561 3624 2631 βλάπτειν

2041 2663 2136 2730 καὶ
2161 2663 2591 2734 καρτερωτάτων
2608 2660 2714 2716 ἀπό
2737 2676 2796 2713 τε
2814 2656 2914 2727 τῆς
2929 2656 3038 2710 τῶν
3055 2655 3249 2725 τειχῶν
3267 2650 3622 2720 κατασκευῆς

2042 2757 2134 2810 καὶ
2157 2757 2254 2826 τῆς
2303 2753 2770 2825 έγκαθιδρυμένης
2818 2750 3100 2820 δυνάμεως
3154 2746 3352 2800 οὐσῶν.
3400 2744 3622 2796 Ἐδόκει

2040 2849 2104 2920 δὴ
2128 2849 2218 2902 ἐπὶ
2260 2849 2454 2918 Ἀπρω
2486 2845 2659 2898 ἐλθεῖν
2683 2843 2917 2913 πρῶτον.
2944 2841 3055 2892 Καὶ¹
3107 2839 3336 2907 ἄραντες
3365 2839 3430 2888 ὲκ
3454 2835 3620 2886 Διδυ-

2044 2944 2314 3016 μοτείχου,
2375 2943 2496 2996 ἐπεὶ
2527 2940 2706 2995 πάντα
2735 2935 3147 3007 παρεσκεύαστο
3169 2973 3184 2998 ,
3233 2933 3330 2984 καὶ
3381 2931 3520 3000 πρὸς
3551 2929 3620 2981 τὸ

2043 3034 2432 3108 μισθοφορικὸν
2488 3034 2550 3085 τὸ
2619 3029 2840 3103 χρυσίον
2895 3026 3231 3096 διενεμήθη,
3291 3021 3458 3093 ἦλθον
3518 3020 3618 3072 ἐπὶ

2045 3133 2261 3198 Ἀπρω.
2291 3121 2923 3198 Στρατοπεδευσαμένων
2945 3119 3000 3171 δὲ
3041 3119 3176 3182 ἐκεῖ,
3209 3114 3433 3185 πέμψας
3458 3113 3486 3162 ὁ
3518 3110 3621 3180 βα·
3721 3169 3724 3172 _

2043 3223 2244 3288 σιλεὺς,
2272 3219 2549 3289 ἠσπάζετο
2571 3216 2700 3278 τοὺς
2731 3215 2823 3267 ἐπὶ
2855 3213 2971 3296 τῶν
2993 3211 3193 3280 τειχῶν
3217 3207 3362 3284 ’.καὶ
3393 3205 3530 3276 πρὸς
3553 3203 3616 3296 τὺ

2044 3314 2221 3384 μάχης
2251 3311 2420 3383 χωρὶς
2472 3306 2620 3376 αὑτῷ
2677 3294 2968 3374 ἐπεχείρει
3011 3297 3368 3372 παραδιδόναι
3400 3296 3460 3348 τὸ
3514 3294 3614 3346 πό-

2041 3383 2210 3474 λισμα
2271 3400 2515 3463 πείθειν,
2554 3396 2677 3450 οὔτε
2735 3391 3119 3465 ἡμαρτηκέναι
3152 3389 3378 3458 φάσκων
3413 3383 3613 3474 αὑτοδς

1961 3455 2003 3512 C
2234 3491 2357 3545 οὗτε
2381 3455 2543 3546 αὐτόν
2567 3455 2889 3559 ὀργίζεσθαι
3090 3455 3308 3542 αὐτοὺς,
3348 3475 3486 3529 ἀλλά
3512 3472 3613 3542 τὴν

2039 3587 2220 3640 αἰτίαν
2243 3584 2343 3652 τῆς
2372 3579 2714 3641 ἀποστασίας
2745 3576 2838 3629 ἐπὶ
2870 3574 2962 3628 τὸν
2997 3572 3090 3644 βία
3122 3569 3484 3638 κατασχόντα,
3515 3565 3616 3618 οὐκ

2039 3679 2127 3731 ἐπ’
2162 3677 2358 3736 αὐτοὺς
2417 3669 2558 3726 εἶναι
2597 3671 2718 3732 τοὺς
2763 3664 3235 3738 ἠναγκασμένους.
3267 3660 3471 3729 Διόπερ
3523 3656 3615 3732 καὶ

2039 3773 2088 3824 εί
2143 3767 2596 3838 προσχωρήσαιεν
2660 3760 2910 3831 ἀμαχεὶ,
2973 3756 3202 3817 πολλαῖς
3272 3750 3614 3820 εὐεργεσίαις

2041 3859 2365 3930 ἀμείϐεσθαι
2423 3851 2564 3910 εἶναι
2598 3855 2828 3915 δίκαιος.
2861 3851 2926 3902 Oi
2959 3849 3003 3902 δ’
3037 3846 3130 3902 ἐπὶ
3160 3845 3252 3899 τοῦ
3282 3843 3496 3913 τείχους
3529 3842 3618 3893 εὖ-

2041 3954 2137 4015 θῦς
2178 3951 2285 4004 οὐδ’
2319 3949 2472 4009 ὅλους
2527 3943 2922 4012 ἀναμείναντες
2985 3937 3219 3992 ἀκοῦσαι
3275 3932 3402 3995 τοὺς
3463 3931 3612 3999 παρά

2045 4044 2306 4116 βασιλέως
2339 4041 2551 4108 λόγους,
2594 4035 2780 4096 κακῶς
2837 4051 2896 4085 τε
2932 4031 3168 4100 ἔφασκον
3211 4028 3372 4098 ἥκειν
3407 4024 3568 4075 αὐτόν
3595 4038 3607 4050 ·

2043 4114 2138 4192 καὶ
2188 4137 2316 4197 τοὺς
2358 4131 2572 4199 ἀπάτης
2627 4127 2897 4195 γέμοντας
2955 4122 3204 4176 τουτουσὶ
3267 4117 3458 4185 λόγους
3515 4114 3612 4166 οὐκ

2043 4228 2293 4292 ἐκείνοις,
2329 4222 2450 4277 οὔτε
2479 4219 2772 4274 δεδοικόσιν
2798 4258 2814 4281 ,
2869 4212 2996 4267 οὗτε
3026 4211 3163 4282 πρὸς
3214 4209 3430 4278 ἀπάτην
3463 4201 3615 4260 οὖσιν

2043 4318 2306 4380 εὐκόλοις,
2342 4313 2456 4367 ἀλλ’
2481 4313 2688 4392 ἑτέροις
2715 4308 2912 4378 μᾶλλον
2943 4304 3246 4375 προσήκειν
3265 4302 3466 4369 λέγειν.
3506 4296 3614 4352 Αὑ-

2045 4410 2127 4464 τοὶ
2149 4409 2204 4462 δὲ
2232 4407 2308 4476 τῷ
2335 4423 2396 4459 τε
2437 4391 2823 4457 πεπιστευκότι
2851 4397 2950 4467 τὴν
2980 4397 3162 4448 πίστιν
3208 4393 3492 4463 τηρήσειν,
3525 4391 3616 4443 καὶ

2045 4503 2107 4556 τὸ
2133 4501 2389 4570 φρούριον
2423 4495 2680 4564 φυλάξειν
2707 4488 3059 4560 ἀσφαλῶς.⁹0
3097 4486 3351 4556 βασιλεὺς
3387 4484 3432 4536 δ’
3462 4479 3617 4544 αὖθις

2049 4594 2274 4663 πέμψας
2310 4589 2551 4659 ἑτέρους,
2590 4585 2664 4654 μὴ
2695 4582 2754 4635 τὸ
2799 4582 2984 4642 κακῶς
3020 4577 3212 4632 παθεῖν
3234 4575 3617 4629 συνεϐούλευεν

2051 4685 2266 4739 ἑλέσθαι
2301 4681 2502 4752 μᾶλλον
2548 4679 2606 4741 ἐξ
2634 4673 2910 4737 ἀϐουλίας,
2964 4671 3082 4724 ἐνὸν
3132 4669 3236 4735 ἔξω
3265 4684 3323 4722 τε
3354 4667 3615 4719 κινδύνων

381 4775 700 4842 imperator,
728 4772 898 4826 scalas
922 4771 985 4826 ad
1010 4772 1213 4824 moenia
1238 4769 1502 4838 postridie
1529 4772 1939 4828 conscendenda

2050 4773 2190 4832 εἶναι
2220 4774 2316 4829 καὶ⁹
2349 4773 2546 4826 παθεῖν
2589 4768 2670 4821 εὖ.
2709 4765 2832 4820 Τῶν
2875 4763 2930 4818 δὲ
2961 4762 3290 4833 ὑϐριστικῶς
3321 4761 3620 4830 ἀποκρινα-

382 4862 564 4933 parari
591 4861 773 4933 jussit.
808 4861 1131 4927 Qnod‘cum
1166 4869 1477 4926 cernerent,
1525 4863 1618 4931 qui
1661 4865 1717 4917 in
1748 4867 1949 4920 moeni-

388 4955 492 5008 bus
524 4954 766 5015 stabant,
811 4951 1052 5005 hostium
1103 4961 1361 5005 conatum
1395 4959 1451 5005 ut
1499 4953 1714 5008 inanem
1748 4956 1949 5010 irride-

386 5047 537 5106 bant,
576 5057 861 5097 murorum
899 5041 1211 5096 excelsitate
1242 5058 1305 5096 ac
1338 5044 1612 5108 ﬁrmitate,
1638 5062 1951 5118 propugna-

391 5148 684 5205 torumque
709 5134 1064 5188 multitudine
1095 5148 1154 5189 se
1191 5135 1639 5204 inexpugnabiles
1667 5139 1786 5195 fore
1817 5155 1952 5194 con-

393 5227 644 5282 ﬁdentes.
693 5226 833 5278 Nam
889 5223 1184 5279 auxiliares
1235 5225 1495 5296 Byzantio
1549 5231 1765 5296 equites
1795 5241 1955 5284 erant

390 5318 590 5375 duceni
629 5328 686 5373 et
724 5315 926 5381 viceni,
953 5315 1165 5387 pedites
1207 5319 1482 5389 sagittarii
1535 5319 1954 5390 ducenti,iique

393 5408 718 5483 peritissimi
757 5424 773 5462 :
802 5408 986 5478 gravis
1013 5418 1326 5474 armaturae,
1364 5411 1458 5480 qui
1485 5428 1516 5466 e
1541 5412 1812 5464 machinis
1841 5411 1946 5465 tela

391 5500 991 5580 torquebant.triginta
1026 5515 1096 5556 :e
1138 5502 1342 5571 quibus
1377 5519 1522 5556 unus
1571 5518 1598 5555 a
1626 5501 1952 5557 dexteritate

391 5595 662 5651 destinata
693 5593 929 5648 feriendi
988 5610 1100 5665 pra:
1151 5595 1272 5650 aliis
1324 5593 1728 5650 celebrabatur.
1786 5595 1954 5662 Equi-

395 5698 478 5743 tes
525 5685 794 5753 indigenae
838 5688 1171 5756 cataphracti
1215 5696 1459 5750 centum,
1514 5685 1785 5754 sagittarii
1841 5701 1951 5740 non

469 5848 481 5875 '
523 5847 712 5902 Matth.
747 5865 819 5906 v1.
853 5848 940 5902 2|.

2057 4869 2254 4951 μένων,
2309 4865 2403 4916 καὶ
2424 4859 2592 4921 λίθοις
2643 4858 2738 4911 καὶ
2794 4853 2972 4925 βέλεσι
3017 4854 3144 4915 τοὺς
3175 4849 3618 4918 ἀπεσταλμένους

2056 4941 2348 5028 βαλόντων,
2378 4951 2564 5020 ἕτερόν
2579 4966 2639 5002 τε
2663 4947 2866 5018 μηδένα
2898 4944 3034 5016 πρὸς
3065 4941 3264 5005 αὐτοὺς
3296 4941 3451 5012 ήκειν
3479 4955 3622 5006 παρ-
3721 5001 3724 5004 ,

2055 5049 2426 5116 ἀγγειλάντων
2498 5043 2572 5105 ὡς
2622 5040 2782 5093 αὑτὸν
2830 5035 3309 5096 ἀποκτενοῦντων,
3367 5033 3489 5084 ἐπεὶ
3549 5029 3624 5099 μὴ

2056 5143 2234 5208 λόγοις
2259 5138 2406 5207 ἑώρα
2433 5134 2641 5187 πείθειν
2670 5129 2892 5192 δυνατὸς
2927 5127 3000 5180 ὢν
3027 5129 3055 5180 ὀ
3107 5124 3384 5193 βασιλεὺς,
3412 5123 3620 5192 ικλίμα-

2059 5247 2160 5293 κας
2190 5227 2474 5283 ἐκέλευσεν
2504 5221 2916 5291 έτοιμασθῆναι,
2947 5219 3005 5280 ἐς
3038 5218 3138 5289 τὴν
3175 5216 3469 5286 ὑστεραίαν
3501 5215 3623 5266 ὲσο-

2062 5323 2229 5392 μένης
2280 5309 2657 5388 τειχομαχίας.
2699 5312 2965 5383 Ὀρῶντες
2993 5311 3049 5362 δὲ
3078 5309 3128 5362 οί
3159 5308 3266 5361 ἀπὸ
3291 5306 3386 5360 τοῦ
3409 5305 3622 5376 τείχους

2053 5416 2153 5476 ,τὰς
2181 5412 2454 5480 κλίμακας
2477 5402 3048 5473 κατασκευαζομένας,
3073 5400 3150 5464 ὡς
3183 5400 3472 5464 ἀνηνύτοις
3503 5400 3621 5450 ἑπι-

2059 5500 2387 5576 χειρούντων
2417 5495 2728 5563 κατεγέλων
2751 5534 2766 5556 ,
2803 5492 2862 5544 οὺ
2917 5492 3077 5561 μόνον
3111 5491 3178 5558 τῇ
3218 5487 3494 5556 ἀσφαλείᾳ
3517 5485 3624 5537 τῶν

2059 5593 2275 5664 τειχῶν,
2301 5590 2436 5645 ἁλλά
2473 5590 2566 5641 καὶ
2595 5586 2672 5657 τῷ
2705 5584 2900 5656 πλήθει
2935 5583 3044 5635 τῶν
3072 5579 3420 5649 στρατιωτῶν
3449 5579 3624 5642 οἰόμε-

2059 5702 2138 5737 νοι
2181 5678 2634 5754 περιγενὴσεσθαι
2681 5675 2772 5729 τοῦ
2824 5674 3085 5744 πολέμου.
3119 5668 3298 5725 Ἦσαν
3335 5670 3444 5740 γάρ
3479 5669 3532 5723 οἱ
3567 5680 3621 5719 τε
