3918 6676
189 428 300 496 217
1366 427 1784 488 HISTORIAR

1890 427 1904 486 l
1946 428 2180 490 LIBER
2223 428 2273 488 Γ.
3332 425 3460 491 218~

199 541 299 595 καὶ
337 537 712 612 εὖχαριστίαις
740 540 1132 610 ἀμειψόμενος.
1165 541 1366 610 Ἐγγὺς
1389 540 1446 594 δὲ
1466 537 1769 610 Σηλυϐρίας

1890 540 2030 596 quta
2069 542 2354 596 castellum
2391 537 2557 609 igitur
2582 540 2784 597 Saccus
2813 547 3301 604 castrametantur,
3343 541 3440 594 ho-

203 634 522 702 γενομένοις
550 633 695 698 εδοξε
730 633 1080 695 καταϐάντας
1110 633 1221 688 τῶν
1264 634 1451 686 ίππων
1474 632 1776 688 διαναπαύ-

1890 630 2000 685 ttile
2052 629 2276 699 quidem
2323 631 2471 698 (nam
2519 647 2547 684 a
2589 629 2894 700 Syrgianne
2941 628 3142 689 stabat.
3190 628 3443 700 Byzanti-
3543 699 3554 705 '

206 723 408 778 caelia:
427 723 646 792 μικρόν.
681 723 1214 798 Στρατοπεδεύονταε
1242 725 1308 794 δὴ
1341 725 1493 794 παρὰ
1511 724 1590 794 τῷ
1610 741 1778 794 φρου-

209 818 311 888 ρίῳ
340 817 566 870 Σάκκων
589 855 604 876 .
656 815 906 886 πολεμίῳ
962 817 1064 885 μὲν
1101 817 1216 870 δντι
1261 817 1351 870 διὰ
1375 816 1437 870 τὸ
1470 816 1776 887 Συργιάννῃ

209 907 310 978 μὲν
341 909 754 980 προσχωρῆσαι,
785 908 906 981 ςκαὶ
931 912 1059 972 τοὺς
1095 913 1158 964 ὲκ
1191 909 1485 973 Βυζαντίου
1512 907 1779 978 στρατιώ-

203 1015 305 1062 τας
336 1000 426 1052 ἐπὶ
466 997 544 1068 τῷ
592 999 997 1071 Σηλυϐριανοὺς
1050 999 1450 1070 ὕπερδέχεσθαι
1509 999 1780 1070 κατατρέο

203 1105 322 1158 χειν
343 1102 360 1118 ο
402 1090 904 1162 καταφρονουμένῳ
931 1091 988 1144 δὲ
1039 1089 1215 1154 ἄλλως
1253 1089 1346 1144 διά
1372 1107 1431 1142 τε
1471 1089 1572 1158 τὴν
1600 1088 1776 1157 ὀλιγόο

202 1195 347 1248 τητα
390 1180 487 1232 καὶ
514 1179 778 1250 ἀπειρίαν
811 1182 922 1234 τῶν
958 1180 1336 1242 δνοικούντωνι
1359 1180 1614 1252 (ἀγρόται
1669 1179 1780 1251 γὰρ

200 1266 346 1340 ἦσαν
373 1273 575 1335 πάντες
600 1272 875 1343 γηπόνοι),
907 1274 1002 1326 καὶ
1047 1271 1147 1344 τὴν
1189 1271 1501 1341 φαυλότητα
1531 1269 1639 1323 τῶν
1663 1285 1780 1322 τει-

203 1363 337 1432 χῶν.
369 1362 432 1415 Ol
467 1363 516 1416 δ’
556 1363 617 1416 ιν
655 1363 808 1432 αύτῷ
863 1363 947 1434 τῷ
1002 1348 1256 1434 φρουρίῷ
1308 1361 1779 1432 ἐγκεκλεισμένοι,

203 1452 400 1523 ῶσπερ
421 1453 790 1523 ἀγνοήσαντες
817 1455 1076 1520 ἑαυτοὺς,
1123 1454 1216 1509 καὶ
1251 1453 1359 1506 τῶν
1381 1454 1783 1525 περικειμένων

205 1544 286 1606 ὡς
339 1544 572 1600 ούδενῶν
631 1545 1145 1614 καταφρονοῦντες,
1197 1544 1419 1615 ὕϐριζόν
1444 1563 1505 1600 τε
1541 1545 1648 1599 ἀπὸ
1685 1544 1782 1599 τοῦ

203 1634 424 1705 τείχους
455 1637 549 1690 καὶ
572 1637 772 1700 πολλὰς
809 1639 1068 1709 κατέχεον
1096 1637 1365 1708 λοιδορίας
1393 1638 1487 1702 καὶ
1521 1637 1784 1706 βασιλέως

207 1725 438 1779 καὶτῶν
481 1729 769 1785 συνόντων.
816 1727 1060 1792 Γελάσας
1101 1728 1159 1782 δὲ
1208 1727 1298 1797 ἐφ’
1339 1723 1420 1791 οἷς
1471 1727 1727 1798 ὑϐρίζετο
1756 1728 1784 1781 ό

209 1813 486 1882 βασιλεὺς,
508 1819 556 1871 εί
583 1813 727 1883 οἴνος
758 1821 844 1890 εῖη
874 1820 1044 1883 πολὺς
1081 1819 1214 1890 παρ’
1237 1821 1425 1884 αὐτοῖς
1453 1820 1783 1874 ἐπυνθάνετο

203 1906 320 1959 τῶν
369 1908 677 1978 παρόντων.
730 1911 852 1963 Τῶν
896 1911 955 1965 δὲ
1012 1911 1124 1965 οὐδ’
1167 1913 1480 1981 ἀρκούντως
1529 1913 1782 1982 εὐπορεῖν

206 1999 403 2063 ὓδατος
427 2001 910 2072 ἀποκριναμένων,
945 2002 1178 2068 οὐκοῦν,
1212 2005 1338 2074 εφη,
1370 2004 1481 2057 τῶν
1515 2004 1784 2073 μελαγχο-

204 2093 312 2166 λᾷν
341 2093 613 2150 ποιουσῶν
663 2095 1080 2167 ἐνεπλήσθησαν
1118 2095 1376 2167 βοτανῶν.
1417 2096 1694 2160 Κελεύσας
1725 2095 1783 2149 δὲ

208 2187 396 2250 αὐτοῖς
439 2205 559 2242 τινα
605 2190 930 2257 παραινέσαι
985 2188 1081 2242 καὶ
1127 2190 1423 2257 σωφρονεῖν
1464 2189 1560 2242 καὶ
1599 2189 1780 2260 σιγᾷν,

212 2280 380 2342 αὐτ“ς
413 2279 530 2344 ἅμα
576 2282 689 2342 τοῖς
720 2280 942 2351 ἄρχουσι
1004 2280 1142 2350 πρὸς
1201 2279 1495 2348 ἐπίσκεψιν
1544 2280 1773 2350 ιξῄεσαν

213 2371 329 2424 τῶν
366 2371 608 2426 σκοπῶν.
629 2369 695 2427 Οί
719 2371 775 2447 δὲ
815 2371 1094 2442 δυστυχεῖς
1118 2374 1310 2426 ἐκεῖνοι
1348 2373 1570 2426 Σακκιοι
1631 2373 1785 2426 οὐδδν

214 2463 422 2532 penu:
473 2463 700 2532 ὑφίεσαν
746 2462 855 2516 τῶν
887 2463 1103 2533 ὕϐρεων
1131 2464 1226 2518 καὶ
1279 2464 1387 2518 τῶν
1416 2466 1633 2533 φωνῶν,
1665 2467 1783 2521 ἀλλ’

206 2553 451 2622 ἐχρῶντο
479 2554 626 2624 πάσῃ
651 2552 902 2622 δυνάμει.
933 2553 1012 2606 Τὸ
1045 2553 1103 2607 δὲ
1135 2554 1244 2606 τῶν
1274 2539 1622 2625 στρατιωτῶν
1643 2557 1789 2610 οἰκε-

205 2643 389 2709 τικὸν,
409 2643 550 2713 πρὸς
577 2643 676 2714 τὴν
707 2643 1015 2714 ὑπερϐολὴν
1038 2644 1148 2698 τῶν
1173 2644 1386 2716 ὕϐρεων
1405 2646 1783 2716 ἀχθεσθέντες.

207 2739 396 2800 αὐτοῖς
437 2737 624 2808 ἠξίουν
665 2739 795 2800 τοὺς
853 2737 1124 2802 δεσπότας
1171 2738 1463 2810 ἐπιτρέψαι
1491 2739 1552 2791 τὸ
1601 2739 1784 2810 ῐργον.

217 2828 666 2900 Ἐπιτρεψάντων
700 2830 757 2884 δὲ
799 2828 980 2883 αὐτῶν
1024 2830 1421 2900 ἐπιδραμόντες
1459 2825 1605 2884 εἷλον
1631 2833 1788 2885 αὑτο-

207 2923 346 2988 ϐοεὶ,
405 2921 1138 2994 Μνταχόθενεὺπερϐἀντες
1187 2923 1250 2988 τὸ
1311 2924 1490 2993 τεῖχος
1526 2938 1542 2955 ο
1574 2918 1644 2995 ἦν
1675 2922 1786 2994 γὰρ

207 3015 478 3069 εὐάλωτον
498 3030 516 3046 ·
543 3017 658 3078 τοῖς
684 3014 1054 3086 προστυχοῦσι
1087 3015 1425 3086 χρησάμενοι
1464 3014 1642 3080 ξύλοις
1665 3001 1788 3069 ἀντὶ

142 3179 150 3185 _
208 3110 536 3178 κῖ·.ιμάκωνο
559 3109 657 3161 καὶ
687 3108 828 3179 πρὸς
876 3108 1189 3177 διαρπαγὴν
1220 3107 1524 3178 ἐτράποντο
1550 3109 1660 3161 τῶν
1697 3109 1786 3161 ἕν-

1874 737 2117 790 nnmque
2159 722 2388 776 militem
2438 721 2503 776 ad
2564 721 2919 791 Selybrianos
2967 736 3066 792 per
3087 721 3440 789 eruptionem

1877 814 2156 869 vexandos
2181 814 2546 883 susceperat).
2570 813 2682 883 90
2705 824 2901 868 caetera
2952 815 3439 877 contemnendum,

1875 903 2022 973 quod
2054 906 2228 972 ipsum
2265 918 2361 973 per
2389 919 2448 960 se
2494 905 2751 973 exiguum
2777 943 2792 965 .
2846 902 2992 972 quod
3045 904 3237 958 incolae
3276 902 3443 956 rudes

1878 1011 1942 1050 ac
1990 995 2232 1066 imperiti
2281 996 2500 1067 (omnes
2547 995 2826 1065 siquidem
2851 1004 3010 1049 erant
3053 995 3268 1061 rustici,
3315 983 3440 1049 cum

1879 1101 2023 1146 terra
2071 1089 2339 1144 rationem
2367 1089 2702 1167 .habentes),
2759 1087 2904 1158 quod
2941 1088 3085 1142 muri
3118 1088 3356 1142 humiles
3380 1103 3446 1142 ae

1879 1184 2124 1240 demissi.
2164 1184 2267 1250 Qui
2299 1171 2465 1255 igitur
2489 1185 2640 1238 intus
2671 1199 2732 1238 se
2763 1184 3121 1242 incluserunt.
3159 1183 3237 1236 uti
3268 1189 3446 1236 semet

1880 1275 2217 1345 ignorantes,
2242 1274 2592 1330 imminentes
2620 1273 2723 1326 sibi
2765 1282 2827 1326 ut
2866 1272 3073 1326 nullius
3113 1272 3271 1340 pretii
3298 1287 3446 1325 mor-

1881 1369 2018 1424 tales
2064 1369 2120 1423 in
2167 1367 2544 1438 contemptum
2589 1366 2884 1426 vocabant,
2923 1381 2987 1419 ac
3015 1364 3084 1418 de
3133 1376 3444 1418 muro’eunt

1883 1459 2181 1514 insolentia
2229 1473 2395 1513 voces
2435 1439 2866 1513 contumeliosas
2913 1455 3215 1510 identidem
3253 1463 3448 1508 contra

1882 1552 2300 1621 imperatorem,
2321 1552 2551 1621 ejusque
2581 1549 2770 1620 cupias
2809 1549 3194 1604 cﬂ'undebant.
3219 1547 3322 1612 Qui
3356 1563 3450 1600 re-

1883 1642 2080 1698 nidens
2117 1641 2186 1697 ad
2221 1641 2467 1697 convicia
2512 1640 2647 1713 (9i),
2693 1641 2761 1695 ab
2803 1639 3110 1696 astantibus
3145 1639 3448 1707 quterebat,
3536 1699 3542 1704 ,

1883 1734 2190 1788 multumne
2232 1734 2375 1803 apud
2419 1749 2515 1788 eos
2541 1734 2651 1788 vini
2705 1746 2850 1789 esset
2895 1733 3030 1802 (95).
3061 1734 3178 1788 illis
3219 1747 3450 1802 respon-

1886 1826 2146 1880 dentibus
2178 1843 2192 1879 :
2224 1825 2301 1881 Ne
2349 1842 2504 1896 aquae
2555 1827 2778 1894 quidem
2823 1827 2998 1881 satis:
3034 1827 3243 1894 itaque,
3276 1825 3455 1894 subje-

1887 1919 1984 1980 cit,
2031 1918 2215 1973 herbis
2273 1918 2544 1973 insaniam
2597 1919 2990 1990 gencrantibns
3037 1933 3095 1972 se
3153 1917 3454 1985 ingurgita-

1884 2018 2032 2062 runt.
2073 2009 2212 2064 Tum
2237 2025 2333 2065 eos
2357 2011 2642 2065 admoneri
2665 2011 2841 2079 jubet,
2879 2012 2959 2065 uti
2995 2025 3052 2065 se
3084 2009 3328 2064 modeste
3363 2025 3454 2076 ge-

1883 2106 2030 2161 rant,
2067 2108 2122 2152 et
2150 2098 2368 2168 linguas
2420 2100 2778 2161 contineant;
2831 2108 2886 2154 et
2937 2115 3060 2154 cum
3111 2097 3453 2168 principibus

1883 2188 2158 2243 exercitus
2207 2189 2274 2243 ad
2327 2201 2502 2244 metas
2571 2191 2931 2259 Speculandas
2986 2189 3298 2260 digreditur
3336 2188 3449 2256 (96)

1885 2279 1954 2331 At
1984 2277 2231 2336 infelices
2253 2280 2330 2334 illi
2364 2281 2540 2335 Saceii
2569 2280 2740 2335 nihilo
2773 2284 2940 2349 magis
2988 2281 3054 2334 de
3091 2281 3452 2349 protervitate

1884 2379 1943 2424 et
1983 2361 2288 2426 maledictis
2335 2373 2660 2427 remittere:
2699 2373 2794 2428 sed
2828 2389 2981 2443 quasi
3035 2373 3088 2427 id
3123 2367 3491 2441 palmarium'

1887 2465 2046 2529 foret,
2079 2479 2298 2519 omnetn
2324 2464 2378 2518 in
2409 2479 2477 2519 eo
2508 2465 2824 2520 facultatem
2865 2481 3018 2519 suam
3044 2465 3305 2534 experiri.
3366 2465 3455 2518 ln-

1881 2558 2154 2630 juriarum
2209 2557 2586 2626 magnitudine
2656 2557 2864 2611 oll‘eusa
2934 2559 3155 2625 gravius
3216 2558 3452 2611 militum
3525 2557 3532 2562 ’

1885 2649 2108 2703 servitia
2161 2648 2272 2716 (97)
2312 2647 2400 2720 [ut
2449 2659 2578 2703 sunt
2639 2650 2862 2702 calones
2903 2658 2958 2702 et
3003 2646 3150 2722 lixazj
3196 2649 3456 2702 dominos

1886 2749 2104 2812 rogant,
2137 2741 2216 2796 uti
2249 2741 2382 2810 ipsis
2406 2741 2688 2812 negotium
2725 2741 3038 2794 vindicandi
3079 2740 3450 2796 comtnittant.

1887 2837 2207 2906 lmpetrant,
2246 2843 2303 2890 et
2349 2834 2527 2905 primo
2578 2834 2806 2902 impetu,
2850 2833 3062 2888 truncis
3106 2849 3169 2889 ac
3198 2831 3455 2888 trabibus

1886 2925 2065 2982 obviis
2101 2925 2223 2980 loco
2261 2925 2537 2980 scalarum
2562 2924 2669 2985 usi.
2700 2938 2911 2986 muros,
2949 2921 3098 2991 quod
3139 2921 3296 2976 facile
3329 2919 3455 2982 fuit,

1887 3028 2180 3088 occupant,
2216 3026 2272 3073 et
2304 3019 2370 3072 ad
2408 3015 2750 3085 diripiendos
2795 3014 3080 3084 indigenas
3110 3013 3453 3068 discurrunt.

1862 3111 2055 3167 Forte
2098 3111 2155 3165 in
2196 3124 2322 3165 casa
2349 3109 2582 3178 quadam
2637 3107 2777 3176 ignis
2812 3105 3125 3160 luculentus
3177 3105 3453 3158 ardn-bat:

207 3201 322 3255 δον.
341 3201 486 3254 Eleo)
510 3201 566 3255 δὲ
600 3201 731 3272 μιᾶς
758 3201 936 3264 οίκίας
965 3199 1278 3270 ἀνημμένου
1305 3199 1498 3270 πυρὸς,
1536 3199 1784 3253 ἀνελθόνο

1890 3219 2050 3274 quam
2078 3217 2202 3257 cum
2229 3201 2386 3256 multi
2413 3199 3115 3268 conscendissent,tectum
3147 3211 3212 3251 ex
3248 3196 3458 3264 ceSpite

207 3310 320 3346 των
347 3293 435 3346 ἐπ’
460 3293 631 3361 αὐτὴν
677 3291 915 3357 πολλῶν,
967 3291 1240 3344 κατέπεσε
1289 3293 1351 3344 τὸ
1375 3291 1530 3359 τέγος
1559 3291 1652 3344 ἐπὶ
1691 3290 1782 3344 τοῦ

214 3385 411 3456 πυρός.
447 3384 545 3438 Ἐκ
574 3385 785 3455 χόρτων
822 3383 881 3436 δὲ
923 3382 1104 3452 ξηρῶν
1157 3381 1326 3457 οθσης
1351 3384 1783 3453 ιστεγασμένης,

209 3477 346 3547 φλὸξ
389 3475 608 3546 ἀνήφθη
643 3476 988 3546 παραχρῆμα
1016 3474 1266 3543 λαμπρά.
1317 3473 1491 3537 εὐθὺς
1527 3475 1584 3527 δὲ
1621 3489 1786 3544 προσ-

208 3568 514 3624 επελάϐετο
560 3568 657 3622 xei.
695 3567 806 3621 τῶν
830 3565 1038 3620 ἄλλων·
1078 3561 1218 3636 ἦσαν
1267 3568 1376 3636 γὰρ
1405 3566 1608 3634 ὁμοίως
1641 3568 1779 3637 αὐτῇ

211 3661 719 3734 κατεσκευασμέναι
738 3676 752 3691 ·
780 3659 955 3730 πύλης
974 3659 1031 3712 δὲ
1059 3659 1226 3728 οὔσης
1253 3657 1331 3730 τῷ
1351 3660 1618 3730 φρουρίῳ,
1627 3661 1776 3728 μιᾶς,

210 3752 339 3806 ἐπεὶ
376 3754 471 3806 καὶ
503 3750 641 3822 αὐτή
664 3750 753 3805 διὰ
791 3750 885 3804 τὸν
919 3749 1086 3820 φόϐον
1110 3751 1264 3819 παρὰ
1289 3751 1400 3804 τῶν
1422 3751 1782 3804 ἐνοικούντων

211 3843 646 3915 ἀπῳκοδομήθη,
666 3841 902 3906 ἄλλωςέ
927 3843 1010 3896 δτι
1036 3843 1132 3897 καὶ
1153 3844 1186 3911 ἡ
1223 3842 1460 3911 πρώτως
1484 3841 1785 3911 ἁναφθεῖσα

129 3921 137 3927 ’
208 3938 363 3991 οἰκία
392 3937 526 4004 παρ’
569 3935 706 4006 αὐτῇ
729 3929 823 4005 ἦν,
852 3935 904 3988 οι
950 3935 1052 4005 μὲν
1093 3934 1203 3988 τῶν
1229 3933 1609 3999 εἰσελθόντων,
1663 3933 1780 4004 ἅμα

208 4029 270 4082 δὲ
296 4028 394 4082 καὶ
422 4025 531 4080 τῶν
551 4026 789 4082 ξποίκων
805 4025 904 4079 τοῦ
934 4023 1138 4096 χωρίου
1163 4025 1239 4088 ὠς
1279 4020 1426 4095 εῐχον
1457 4027 1549 4078 επὶ
1576 4025 1640 4078 τὸ
1667 4027 1780 4078 τεία-

210 4137 309 4192 χος
338 4119 672 4182 ἀνελθόντες,
716 4117 1009 4185 ἰξίπιπτον
1058 4117 1344 4188 ῥίπτοντες
1389 4118 1616 4182 ἑαυτοὺς
1647 4119 1782 4190 ήμι-

211 4213 454 4281 φλεγεῖς.
485 4211 550 4264 Οί
573 4209 652 4272 δὲ,
692 4208 811 4280 ἅμα
856 4211 968 4271 τοῖς
998 4208 1317 4263 κατοικοῦσι
1344 4209 1408 4264 τὺ
1448 4211 1648 4280 χωρίον
1683 4213 1782 4265 ἀν-

212 4301 460 4371 θρώποις
504 4317 564 4354 τε
593 4302 690 4354 καὶ
752 4301 1013 4370 κτήνεσιν
1056 4299 1164 4356 ύπδ
1203 4301 1300 4355 τοῦ
1338 4305 1513 4373 πυρὸς
1561 4303 1782 4357 ὲναπει-

211 4394 512 4466 λημμίνοι,
573 4392 675 4446 οὐκ
729 4390 978 4461 ἔχοντες,
1043 4393 1076 4446 δ
1133 4409 1188 4446 τι
1251 4394 1588 4464 χρήσωνται,
1648 4396 1786 4467 πρὸς

1891 3293 2134 3349 arefacto
2184 3299 2503 3346 contextum
2551 3291 2606 3344 in
2659 3289 2838 3343 focum
2871 3283 3080 3341 decidit
3119 3302 3134 3340 :
3175 3301 3285 3350 quo
3321 3299 3453 3339 casu

1891 3386 1960 3441 de
2003 3385 2188 3440 subito
2253 3381 2714 3452 exsuperantibus
2771 3379 3025 3461 flammis.
3061 3378 3130 3431 ad
3159 3379 3454 3449 cantiguas

1889 3477 2035 3534 aedes
2059 3478 2293 3533 similem
2321 3476 2374 3530 in
2402 3475 2623 3530 modum
2653 3475 2948 3529 aaditlcatas
2984 3471 3298 3526 incendium
3327 3486 3456 3540 per-

1890 3572 2051 3626 vasit.
2115 3569 2290 3626 Unica
2329 3577 2451 3622 erat
2513 3568 2775 3638 Oppidulo
2825 3574 3005 3634 porta,
3069 3580 3177 3634 qua
3232 3573 3460 3634 pr0ptcr

1890 3672 2097 3716 metum
2143 3661 2449 3721 obstructa,
2495 3668 2550 3712 et
2577 3659 2706 3727 quia
2768 3657 2966 3710 domus
3006 3656 3185 3724 primo
3231 3656 3456 3708 incensa

1891 3768 2061 3823 prope
2081 3761 2222 3818 erat,
2263 3752 2510 3805 nonnulli
2545 3751 2639 3819 qui
2679 3751 3016 3817 irruperant,
3047 3757 3103 3801 et
3130 3747 3354 3816 quidam
3387 3747 3456 3800 de

1891 3843 2104 3901 colonis
2131 3845 2288 3913 ipsis,
2321 3859 2447 3896 cum
2479 3856 2696 3895 murum
2752 3839 2994 3908 fugiendi
3033 3855 3218 3901 causa.
3251 3848 3310 3892 ut
3361 3853 3460 3907 po-

1897 3944 2094 3999 terant,
2127 3934 2527 3996 ascendissent,
2579 3933 2707 3986 inde
2746 3947 2804 3986 se
2853 3930 3220 3986 sentiustulati
3263 3931 3454 3998 pr.eci-

1851 4030 2031 4099 'pites
2061 4027 2209 4082 foras
2237 4025 2462 4079 dabant.
2501 4024 2608 4078 Alii
2657 4023 2819 4078 simul
2869 4038 2994 4077 cum
3041 4021 3233 4076 incolis
3290 4031 3342 4075 et
3367 4021 3458 4091 ju-

1891 4120 2092 4176 mentis
2137 4118 2207 4174 ab
2259 4116 2478 4189 ignibus
2543 4115 2856 4184 intercepti,
2916 4113 3226 4168 nescientes
3253 4127 3364 4182 quo
3397 4127 3457 4166 se

1891 4218 2301 4282 converterent,
2359 4210 2413 4263 in
2467 4207 2702 4280 gemitus
2757 4213 2811 4258 et
2856 4204 3236 4260 lamentabiles
3292 4217 3457 4258 voces

1893 4302 2348 4376 prorumpebant.
2383 4301 2450 4356 Et
2486 4307 2606 4355 erat
2637 4299 2886 4369 profecto
2925 4313 3016 4352 res
3070 4297 3231 4367 digna
3281 4297 3460 4368 lacry-

1905 4396 2032 4464 mis,
2069 4394 2370 4452 acerbitate
2424 4392 2662 4449 ustionis
2703 4391 3024 4448 hominibus
3062 4400 3118 4446 et
3157 4390 3461 4461 pecudibus
3506 4433 3518 4442 .

1454 4507 1668 4570 Jacobi
1700 4509 1967 4573 Pontani
2002 4519 2186 4573 notae.

290 4635 406 4706 (95)
437 4635 711 4706 Cutnon,
747 4648 895 4706 cum.
933 4639 993 4686 ut
1014 4633 1286 4706 sequitur,
1313 4647 1415 4702 pro
1446 4632 1657 4689 insanis
1687 4649 1782 4690 eos
1815 4644 1864 4704 ι)
1959 4635 2206 4690 Insanire
2232 4634 2361 4704 facit
2384 4649 2542 4688 sanos
2575 4647 2779 4703 quoque
2805 4632 2956 4702 capia
2989 4631 3118 4686 vini.

220 4776 329 4851 sibi
362 4773 788 4851 conviciantem,
834 4787 943 4851 non
980 4771 1165 4851 magis
1193 4774 1248 4851 in
1283 4771 1579 4851 judicium,
1621 4789 1786 4851 quam

217 4845 462 4910 asinum,
517 4843 563 4897 si
613 4842 793 4902 calces
844 4841 947 4896 sibi
980 4841 1242 4903 illisisset.
1276 4843 1580 4897 vocandum
1640 4841 1789 4897 arbi-

221 4915 494 4968 trabatur.
538 4912 598 4967 In
627 4910 1047 4966 contemnendis
1087 4911 1392 4967 maledictis
1437 4912 1606 4966 animi
1661 4913 1789 4967 alti-

223 4983 362 5052 tudo
390 4983 527 5036 mire
549 4980 960 5052 elucet._Uuum
994 4981 1120 5052 hoc,
1166 4981 1312 5050 quod
1359 4981 1575 5052 laudari
1612 4983 1789 5052 possit

123 5079 134 5095 ι
215 5055 287 5108 de
321 5051 536 5106 Nerone
559 5051 702 5120 apud
739 5050 1064 5106 Suetonium
1086 5051 1215 5119 legi,
1271 5066 1394 5120 cap.
1423 5051 1532 5107 39:
1569 5050 1789 5117 Mirum,

218 5123 422 5190 inquit,
455 5131 504 5174 et
534 5119 615 5187 vel
657 5122 920 5191 principuc
967 5119 1355 5185 memorabile,’
1375 5121 1509 5175 nihil
1535 5139 1653 5176 eum
1701 5139 1798 5191 pa-

220 5192 442 5244 tientius
461 5206 620 5261 quam
640 5190 921 5261 maledicta
959 5200 1008 5244 et
1031 5191 1268 5245 convicia
1293 5193 1564 5246 hominum
1591 5190 1793 5256 tulisse,

218 5276 389 5332 neque
440 5260 496 5332 in
542 5261 679 5332 ullos
720 5260 991 5324 leniorem,
1039 5277 1199 5332 quam
1243 5262 1334 5332 qui
1379 5277 1434 5315 se
1490 5263 1641 5317 dictis
1704 5271 1797 5315 aut

217 5329 548 5385 carminibus
585 5329 932 5394 lacessissent,
951 5329 1230 5386 exstitisse.

318 5400 410 5468 95')
453 5401 557 5480 Ἰξδν
603 5401 750 5480 οἶνον
782 5402 883 5480 of»:
934 5399 1080 5480 εχειν
1122 5400 1405 5480 πηδᾲλιον,
1459 5405 1653 5480 vi_num_
1689 5419 1796 5480 non

221 5469 418 5524 habere
434 5469 653 5540 clavum
692 5469 1319 5540 dicebatur'proverbio,
1351 5483 1412 5528 ut
1438 5474 1605 5528 refert
1626 5473 1796 5528 Athe-

221 5555 401 5611 naeus.
431 5539 530 5594 lib.
559 5555 614 5611 ε.
641 5541 894 5611 Ebrietas
927 5539 1161 5611 namque
1201 5541 1335 5596 nihil
1381 5544 1651 5608 consulte,
1691 5557 1793 5598 nec

227 5610 514 5682 moderate
537 5610 620 5664 vel
650 5609 857 5682 dicere,
885 5609 968 5682 vel
994 5609 1172 5666 lacere
1196 5612 1504 5677 consuevit,
1542 5630 1666 5669 cum
1694 5628 1792 5682 per

221 5693 348 5752 eam
400 5679 561 5752 ratio,
611 5695 732 5748 qua:
766 5681 1007 5752 sobrios
1042 5696 1232 5748 regere
1289 5691 1546 5752 tanquam
1600 5679 1792 5738 clavus

223 5748 415 5811 debet,
443 5748 736 5804 obruatur.
766 5748 972 5804 ibidem
998 5751 1100 5805 hoc
1132 5748 1447 5820 profertur:

299 5835 455 5905 Οῐνος
488 5841 584 5896 καὶ
625 5841 951 5914 φρονέοντας
975 5843 1032 5926 ξς
1059 5845 1376 5913 ἀφροσύνην
1404 5845 1716 5904 ἀναϐάλλει.

219 4702 484 4761 haberet?
537 4703 712 4758 Etiam
752 4703 1007 4757 Socrates
1055 4702 1334 4757 hominem
1347 4717 1558 4826 Jiarum
1589 4719 1782 4758 sanum

220 4776 329 4826 sibi
362 4773 788 4826 eonviciantem.
834 4787 940 4826 non
993 4771 1165 4826 matris
1193 4774 1248 4826 in
1288 4773 1342 4826 iu
1391 4771 1579 4826 icium.
1621 4789 1782 4826 uuam

1895 4726 2051 4782 Plato
2073 4727 2170 4782 lib.
2202 4743 2214 4778 I
2246 4727 2318 4780 De
2347 4725 2567 4796 legibus,
2597 4740 2713 4796 non;
2731 4726 2908 4780 solum
2939 4738 3150 4788 senem,
3176 4724 3269 4781 sed
3293 4722 3462 4780 etiam

1898 4798 2257 4853 temulentum
2297 4793 2649 4864 bis'puernm
2688 4793 2805 4849 ﬁeri
2832 4796 3086 4850 atiirmat.

1968 4867 2078 4936 (96)
2119 4865 2176 4920 in
2212 4864 2400 4920 Graeco
2420 4861 2512 4919 'est
2557 4864 2816 4936 σκοποὺς,
2866 4865 3010 4933 quod
3038 4863 3167 4932 quid
3205 4861 3458 4936 il_lic_sit,

1896 4931 2006 4991 non
2040 4936 2174 4991 satis
2212 4936 2403 5004 liquet,
2448 4936 2614 4989 etiam
2649 4935 2696 4988 si
2745 4931 2912 4988 metas
2952 4931 3270 4988 transferas.
3327 4932 3462 4986 For-

1899 5017 2043 5061 tasse
2073 5005 2314 5076 speculas
2344 5005 2620 5076 appellare
2645 5004 2834 5058 debui.

1965 5071 2433 5144 (97)'Adjecimus
2476 5075 2544 5129 de
2586 5085 2776 5128 nostro
2837 5090 2935 5144 per
2977 5071 3337 5144 parenthesin
3383 5072 3461 5137 (ut

1891 5143 2014 5199 sunt
2047 5146 2257 5200 calones
2281 5153 2330 5197 et
2371 5144 2514 5207 lixa)
2546 5143 2928 5212 explicationis
2969 5158 3134 5196 causa
3177 5143 3454 5196 videlicet.

1894 5213 2160 5270 Habuisse
2189 5226 2371 5270 autem
2420 5216 2625 5268 milites
2664 5227 2795 5268 suos
2823 5227 3038 5270 servos.
3070 5213 3235 5267 etiam
3261 5227 3327 5266 ex
3359 5213 3461 5268 hac

1897 5285 2124 5340 historia
2162 5285 2412 5354 pluribus
2439 5284 2574 5338 locis
2600 5283 2973 5354 cognoscitur.
3015 5282 3083 5337 Et
3107 5293 3263 5337 erant
3289 5283 3457 5347 servi,

1897 5366 1956 5432 u_t
1986 5357 2114 5432 equi
2141 5353 2422 5432 s’aginarii.
2465 5353 2711 5432 ferendis
2759 5357 2948 5432 armis,
2970 5362 3314 5432 _ann0tia._-et
3343 5368 3461 5408 sar-

1894 5423 2066 5486 cinis:
2087 5423 2224 5495 quos
2252 5427 2317 5478 ad
2347 5423 2747 5478 restituendam
2787 5423 3132 5495 disciplinain
3166 5424 3457 5478 militarem

1897 5494 2250 5564 removerunt
2273 5495 2336 5550 P.
2365 5495 2550 5564 Scipio
2583 5495 2872 5564 Africanus
2898 5494 3042 5562 apud
3085 5494 3461 5564 Numantiam,

1895 5563 2147 5620 Metellus
2170 5565 2227 5620 in
2259 5562 2473 5619 Africa.
2492 5562 2759 5626 Valerius,
2786 5563 2884 5618 lib.
2913 5579 3010 5626 vtt,
3039 5579 3162 5624 can.
3191 5565 3253 5622 7;
3290 5563 3461 5617 Fron-

1899 5636 2064 5701 tinus,
2091 5635 2185 5690 lib.
2229 5650 2304 5701 tv,
2349 5651 2468 5704 cap.
2512 5636 2566 5687 l.
2600 5634 2730 5688 Vide
2757 5634 2918 5689 Joan.
2961 5635 3184 5690 Antonii
3207 5633 3458 5694 Valtrini,

1894 5705 1972 5760 De
2017 5706 2214 5780 militio
2249 5714 2483 5780 celerant
2533 5705 2913 5780 Romanorum.
2958 5707 3057 5780 lib.
3097 5719 3180 5772 ιιι,
3226 5719 3349 5780 cap.
3403 5704 3485 5766 8,.

1894 5777 2042 5846 quod
2078 5783 2162 5832 est
2183 5775 2250 5832 de
2279 5777 2575 5848 generibus
2607 5775 2914 5846 hominum,
2939 5777 3032 5847 qui
3051 5785 3228 5832 castra
3256 5775 3452 5842 se'qnc-

1895 5855 2048 5903 reutu
2057 5863 2102 5903 1⁸.
