3918 6678
158 453 264 517 ειιι

1368 465 1731 525 HISTORIA
1746 464 1906 523 Πυλνί
1955 465 2180 527 LIBER
2224 467 2269 526 Ι,

3232 514 3241 523 ,
3314 468 3420 532 26?.

161 571 466 641 γενομένης
501 570 593 625 ὲπί
670 573 887 643 μικρδν,
918 576 965 627 οἱ
1027 577 1083 628 ἐν
1113 577 1390 647 Βυζαντίςει
1421 581 1547 641 τοὺς
1606 581 1741 644 μετὰ

1849 590 1909 634 ut
1939 581 2005 634 de
2039 582 2106 635 iis
2138 594 2370 651 quorum
2404 596 2568 636 causa
2599 580 3309 650 convenissent,'dicerent.
3354 602 3415 642 se

161 664 263 719 τοῦ
291 666 414 719 νέου
455 665 857 735 προύκαλοῦντο
912 666 1178 736 βασιλέως
1231 670 1484 734 emam;
1529 670 1616 740 ἐφ’
1659 669 1740 735 οἷς

165 760 473 829 συνήγαγον
505 757 599 829 τὴν
630 758 933 827 ἐκκλησίαν
964 758 1163 827 λέγειν,
1197 760 1273 825 ὡς
1300 763 1478 816 αὐτῶν
1513 763 1649 817 ἅττα
1674 763 1741 816 ἂν

167 851 404 918 λέγωσιν
434 847 840 918 ἀκουσομένων.
889 849 1144 904 Ἐκείνων
1178 851 1233 903 δὲ
1263 853 1355 905 τὸν
1387 852 1558 922 μέγαν
1584 853 1742 920 δομέ-

169 957 358 994 στικον
394 939 856 1010 προτρεπομένων
905 938 1087 1007 λέγειν
1119 942 1193 1005 ὡς
1226 944 1319 996 καὶ
1350 944 1529 997 αὐτῶν
1558 944 1625 997 τά
1653 946 1741 997 ίσα
1780 958 1793 969 ‘

169 1032 259 1084 καί
291 1028 635 1099 βουλομένων
691 1030 785 1081 καὶ
818 1029 1178 1097 φρονούντων,
1207 1033 1234 1083 ὁ
1268 1031 1442 1101 μέγας
1492 1033 1742 1102 δομέστι-

171 1140 267 1185 κος
339 1119 462 1175 εἰπε
525 1122 735 1174 τοιάδε·
779 1121 1009 1186 ’Ἄνδρες
1057 1124 1483 1194 συστρατιῶται,
1537 1128 1592 1176 ὲν
1640 1128 1739 1194 ἴσῳ

168 1215 369 1273 πάντες
400 1211 678 1280 ἄνθρωποι
705 1209 996 1274 δικαιοῦσι,
1024 1210 1106 1281 τῷ
1155 1229 1213 1265 τε
1255 1214 1354 1283 τῆς
1387 1214 1737 1285 ὑπαρχούσης

163 1304 322 1373 δόξης
372 1303 655 1372 ὑφιεμένῳ
709 1301 1025 1371 μέμφεσθαι
1054 1303 1142 1357 διὰ
1192 1304 1484 1373 μαλακίαν,
1517 1309 1608 1359 xei.
1647 1308 1740 1359 τὸν

162 1397 268 1464 τῆς
305 1397 380 1465 μὴ
429 1395 816 1465 προσηκούσης
856 1394 1160 1467 θρασύτητι
1202 1397 1491 1467 ἐφιέμενον
1534 1402 1735 1468 μισεῖν.

162 1488 261 1540 Διὸ
289 1491 384 1540 καὶ
421 1486 607 1551 αὐτὸς,
650 1486 710 1538 οὐ
752 1488 852 1556 τῆς
881 1487 957 1557 μὴ
1006 1489 1392 1560 προσηκούσης
1416 1491 1548 1558 ἡμῖν
1579 1492 1740 1561 δόξης

168 1577 492 1648 ἀντέχεσθαι
540 1578 891 1648 παρελήλυθα
943 1580 1388 1650 συμϐουλεύσων,
1448 1583 1581 1635 ἀλλά
1641 1586 1740 1654 τὴν

166 1672 275 1724 ὑπὸ
304 1672 413 1725 τῶν
438 1672 719 1741 προγόνων
745 1673 824 1734 εἰς
856 1673 1003 1742 ἡμᾶς
1029 1673 1205 1742 ἀγῶσι
1245 1677 1339 1728 καὶ
1387 1675 1574 1738 πόνοις
1622 1677 1739 1730 διας

169 1763 459 1828 σωθεῖσαν,
513 1762 748 1835 ἀτολμίᾳ
804 1767 871 1835 τῇ
928 1766 1063 1836 πρδς
1115 1768 1184 1820 τὰ
1231 1768 1380 1822 δεινά
1417 1768 1628 1823 ἐλάσσω
1663 1771 1739 1841 μὴ

167 1858 365 1909 ποιεῖν.
392 1855 483 1926 Μὴ
516 1855 833 1925 θαυμάσητε
867 1856 922 1910 δὲ
952 1858 1000 1910 εί
1026 1856 1308 1927 βασιλεῦσι
1336 1864 1467 1932 περὶ
1496 1863 1606 1915 τῶν
1632 1881 1742 1916 τοι-

1842 685 2201 739 quaecumque
2230 671 2469 724 dixerint
2489 671 2793 726 audituros.
2821 672 2958 726 Cum
2988 673 3065 727 illi
3098 674 3197 728 has
3226 686 3413 745 partes

1842 760 1908 814 ad
1949 777 2203 829 magnum
2241 760 2610 816 domeSIicum
2637 762 2935 826 deferrent,
2968 760 3191 833 quicum
3222 766 3416 822 eadem

1840 852 2045 905 vellent
2063 866 2126 906 ac
2147 853 2438 914 sentirent,
2452 867 2685 907 exorsus
2711 863 2795 908 est
2817 854 2906 908 ille
2926 855 3069 909 hunc
3092 845 3142 909 in
3158 857 3412 913 modum:

1842 939 2045 996 Omnes
2111 942 2384 1004 homines,
2440 944 2544 999 viri
2593 945 3018 1009 commilitones,
3067 948 3292 1018 adaeque
3329 953 3417 1020 ju-

1843 1042 1990 1086 stum
2017 1045 2230 1097 rentur,
2274 1044 2329 1088 et
2357 1034 2425 1088 de
2449 1035 2705 1104 prws'enti
2740 1036 2910 1106 gloria
2944 1053 3041 1092 sua
3070 1050 3297 1109 propter
3334 1043 3418 1095 ir-

1844 1122 2170 1177 fractionem
2227 1126 2395 1178 animi
2444 1126 2800 1181 decedentem
2854 1131 3262 1197 reprehendere
3297 1173 3311 1194 ,
3360 1145 3417 1189 et

1842 1212 2059 1265 laudem
2115 1212 2220 1267 sibi
2279 1214 2504 1270 minime
2538 1216 2831 1285 congruam
2861 1220 3206 1276 confidenter
3245 1240 3414 1294 appe-

1842 1314 2047 1360 tentem
2077 1308 2350 1361 aversari.
2374 1306 2644 1383 Quocirca
2679 1325 2785 1364 non
2809 1326 2910 1382 ego
2936 1311 2990 1366 in
3019 1314 3258 1368 medium
3290 1332 3416 1385 pro-

1840 1396 1965 1461 deo,
1990 1407 2052 1453 ut
2092 1396 2249 1453 vobis
2282 1400 2468 1468 gloriae
2498 1415 2607 1454 non
2640 1401 2840 1455 debitre
2872 1405 3183 1458 asserenda:
3220 1420 3415 1459 auctor

1842 1484 1985 1552 sint;
2043 1488 2138 1541 sed
2199 1496 2259 1541 ut
2305 1487 2456 1558 ejus,
2513 1505 2676 1558 quam
2725 1492 2959 1562 majores
2996 1493 3163 1548 vestri
3204 1498 3415 1560 magnes

1841 1579 2291 1634 contentionibus
2318 1581 2708 1652 laboribusque
2736 1592 2945 1652 partam
3001 1583 3066 1638 ad
3104 1600 3200 1638 vos
3231 1568 3413 1641 trans-

1844 1668 2144 1734 miserunt,
2166 1686 2263 1739 per
2289 1670 2558 1738 ignaviam
2587 1674 2653 1727 ad
2687 1691 2773 1729 res
2802 1676 2966 1729 duras
2998 1684 3052 1728 et
3075 1678 3411 1744 periculosas

1841 1775 1950 1814 non
1983 1761 2343 1817 obscuranda:
2366 1764 2658 1819 consilium
2690 1765 3021 1835 impertiam.
3053 1767 3131 1822 Ne
3151 1760 3280 1821 vero
3308 1770 3380 1823 nti

1846 1866 1966 1903 rum
1998 1853 2233 1920 accidat,
2269 1850 2475 1909 si'cum
2513 1855 2635 1909 talis
2678 1855 3004 1910 deliberatio
3052 1858 3414 1928 imperatores

165 1948 342 2000 οὐτων
373 1946 723 2017 βουλεύεσθαι
763 1952 1058 2018 προσῆκον,
1094 1952 1255 2015 αὐτὸς
1287 1952 1417 2022 ὑμῖν
1449 1954 1738 2025 προῦθηκα

1849 1943 2056 2007 deceat,
2089 1959 2189 2013 ego
2213 1960 2334 1999 eam
2369 1946 2528 1999 vobis
2561 1963 2884 2017 proponam.
2913 1948 3004 2005 Sic
3032 1951 3177 2004 enim
3204 1960 3409 2018 staiuo,

165 2038 266 2110 τὴν
292 2038 511 2110 βουλήν.
549 2037 823 2109 Ἠγοῦμαι
855 2041 964 2110 γὰρ
1001 2040 1096 2095 καί
1131 2042 1283 2096 πόλιν
1332 2045 1708 2115 αὐτο-ιομουμέ

168 2150 268 2202 νην
296 2137 394 2188 καὶ
429 2132 705 2203 βασιλείαν
736 2131 910 2187 πλείω
939 2136 1064 2198 τοὺς
1101 2134 1320 2199 ἰδιώτας
1348 2138 1579 2206 ὠφελεῖν
1608 2139 1745 2209 σύμ-

175 2241 360 2278 πασαν
395 2223 753 2295 ὀρθουμένην,
811 2224 844 2294 ἢ
906 2225 1094 2290 κακῶς
1155 2228 1469 2297 πάσχουσαν
1516 2231 1741 2301 ἀθρόαν,

175 2314 298 2367 καθ’
327 2314 558 2367 ἕκαστον
587 2314 640 2367 δὲ
678 2314 1068 2384 εὐπραγοῦσαν
1112 2317 1220 2371 τῶν
1250 2318 1507 2374 πολιτῶν.
1539 2323 1744 2374 Δυστυ·

178 2405 290 2478 χῶν
320 2406 418 2476 μὲν
444 2406 551 2475 γὰρ
577 2409 634 2459 ἐν
653 2407 1008 2481 εὐπρατούσῃ
1042 2411 1103 2478 τῇ
1160 2410 1381 2480 πατρίδι
1432 2411 1646 2482 μάλιστ’
1676 2413 1741 2465 ἄν

176 2505 260 2552 τις
286 2491 602 2555 διασώζοιτο
620 2509 636 2525 ·
669 2489 733 2546 εὖ
762 2495 818 2548 δὲ
841 2496 1142 2565 φερόμενος
1168 2500 1226 2566 ὲν
1255 2500 1549 2574 ἀτυχούσῃ,
1588 2503 1740 2555 οὐδὲν

172 2575 336 2652 ἧττον
364 2583 778 2638 συναπόλλυται.
830 2580 1021 2641 Ὁπότε
1055 2582 1148 2644 οὖν
1178 2590 1275 2643 καὶ
1322 2592 1477 2655 πόλις
1520 2595 1610 2645 καὶ
1643 2593 1742 2663 βα-

89 2736 93 2741 ,
170 2675 350 2729 σιλεία
380 2676 514 2747 πρὸς
547 2677 644 2747 μὲν
678 2679 777 2742 τὰς
811 2679 950 2743 ἰδίας
980 2683 1264 2752 συμφορὰς
1293 2684 1441 2738 οίατε
1473 2687 1740 2756 ἀντέχειν,

158 2760 254 2828 τίς
278 2766 335 2819 δὲ
366 2767 596 2831 ἕκαστος
633 2768 897 2833 ἀδύνατος
932 2773 1070 2843 πρὺς
1111 2775 1211 2837 τὰς
1240 2775 1478 2847 ἐκείνης,
1515 2778 1633 2841 πῶς
1677 2778 1738 2831 οὑ

172 2862 280 2931 χρὴ
305 2863 465 2939 παντί
492 2862 682 2933 τρόπῳ
711 2862 919 2927 πάντας
950 2863 1177 2931 ἀμύνειν
1223 2868 1358 2939 αὐτῇ
1386 2885 1401 2933 ;
1437 2868 1473 2923 ἃ
1516 2870 1615 2939 μὲν
1651 2870 1751 2931 οὖν

170 2953 252 3014 εἰς
285 2938 437 3021 ἡμᾶς
487 2956 515 3006 ὁ
564 2954 672 3007 τῶν
708 2955 911 3008 Μυσῶν
941 2955 1193 3027 ὲξύδρισε
1237 2938 1651 3029 βασιλεὺςπάν
1685 2981 1743 3025 ες

170 3044 452 3114 ἀκηκόατε
482 3048 576 3100 καί
602 3048 777 3103 αὐτοί.
802 3049 926 3100 Τῶν
958 3048 1137 3103 ἄλλων
1162 3052 1270 3121 γάρ
1300 3052 1576 3123 λῃστείαις
1600 3072 1741 3124 χρω-

174 3138 436 3209 μένων,ῆ
469 3138 651 3193 εἴποτε
689 3144 777 3193 καλ
813 3142 1124 3195 εσϐάλλοιεν
1178 3146 1426 3214 στρατιᾷ,
1470 3140 1607 3217 ἀχριί
1642 3148 1744 3212 τῆς

169 3227 352 3299 ἄκρας
390 3231 826 3299 ἀφικνουμένων,
856 3232 952 3284 καὶ
987 3231 1107 3302 ἀμα
1148 3232 1228 3303 τῷ
1257 3234 1510 3304 αἴσθησιν
1565 3253 1743 3306 παρα·-
1770 3259 1817 3321 C

172 3326 350 3392 σχεῖν,
381 3324 887 3396 ἀποδιδρασκόντων
914 3327 995 3389 εἰς
1027 3328 1127 3397 τὴν
1166 3328 1320 3391 ἰδίαν,
1363 3329 1527 3392 αὐτὸς
1552 3328 1741 3398 ὥσπερ

170 3417 276 3470 οὐκ
302 3417 384 3480 εἰς
417 3418 703 3487 πολεμίαν,
740 3417 854 3471 ἀλλ’
881 3421 961 3484 είς
1001 3419 1099 3490 τὴν
1131 3420 1268 3473 ἰδίαν
1298 3421 1616 3492 ποιούμενος
1645 3424 1744 3485 τὰς

174 3510 618 3577 στρατοπεδείας,
664 3510 922 3580 ἀσφαλῶς
970 3510 1281 3581 καθήμενος
1327 3512 1482 3585 ἐδῄου
1517 3512 1615 3583 τὴν
1639 3514 1745 3582 γῆν

169 3602 339 3671 ἡμῶν
372 3602 462 3655 ὲπί
484 3601 811 3657 δυοκαίδεκα
832 3602 1090 3674 ἡμέραις.
1119 3605 1228 3658 Καὶ
1255 3605 1494 3676 προῆλθέ
1522 3622 1585 3673 γε
1615 3606 1745 3676 ἄχρι

170 3690 366 3762 Βήρας
417 3693 512 3744 καὶ
544 3692 1045 3763 Τραιανουπόλεως,
1080 3695 1295 3764 τέμνων
1344 3697 1538 3767 αὐτήν.
1584 3696 1650 3748 Εἴ
1670 3714 1746 3765 τῳ

169 3785 222 3839 δὲ
261 3787 415 3840 δοκεῖ
439 3785 528 3840 διὰ
556 3787 615 3840 τὺ
641 3788 705 3841 ὲκ
743 3787 1003 3858 προνοίας
1032 3790 1090 3842 ἰν
1129 3770 1253 3854 ταῖς
1281 3791 1467 3845 πόλεσι
1502 3792 1598 3847 καὶ
1636 3794 1746 3855 τοῖς

172 3881 467 3950 φρουρίοις
521 3880 590 3933 τά
621 3896 679 3931 τε
741 3878 1063 3949 βοσκήματα
1095 3882 1191 3934 καί
1243 3882 1369 3945 τοὺς
1423 3882 1749 3948 ἀνθρώπους

172 3969 744 4037 ὲγκατακλεισθέντας
776 3970 990 4025 ἐλάσσω
1046 3973 1081 4042 ἢ
1143 3971 1312 4043 ἐχρῆν
1365 3972 1617 4040 γενέσθαι
1652 3974 1749 4040 τὴν

174 4058 391 4128 ζημίαν
420 4059 644 4112 ἀνεκτὸν
680 4056 841 4124 εἰναι,
893 4060 1025 4114 ίστω
1065 4060 1352 4126 ἐξαπατῶν
1393 4063 1750 4116 ἑαυτόν.’1εὶαν

174 4153 291 4223 γὰρ
322 4152 398 4222 μὴ
431 4150 528 4204 νῦν
576 4152 1024 4223 τιμωρησώμεθα
1070 4134 1268 4219 αὐτοὺς
1291 4154 1476 4219 ἀξίως,
1511 4156 1605 4207 καί
1632 4155 1753 4208 δευ-

176 4244 353 4312 τέραν
379 4240 606 4312 ἐσϐολὴν
633 4245 944 4312 ποιήσονται
983 4244 1078 4298 καὶ
1110 4243 1300 4314 τρίτην
1322 4260 1336 4274 ⁸
1369 4246 1463 4298 καὶ
1493 4245 1554 4298 οὐ
1593 4247 1752 4314 μόνον

176 4335 312 4395 τοὺς
343 4332 454 4383 τῶν
483 4332 692 4385 πόλεων
716 4332 919 4403 δήμους
938 4334 1034 4388 ἀπ’
1064 4334 1370 4389 ἐλασσόνων
1399 4338 1750 4406 ὁρμωμένους

177 4426 623 4493 ἀποστερήσουσι
652 4423 748 4479 καὶ
775 4425 1000 4490 τούτων,
1031 4425 1166 4478 ἀλλά
1206 4425 1305 4479 καὶ
1334 4427 1480 4498 ἡμᾶς
1509 4429 1633 4488 τοὺς
1659 4428 1752 4479 δυ·

88 4503 96 4510 ’
180 4516 382 4578 νατοὺς
414 4515 587 4568 πολλά
620 4516 756 4570 καλά
783 4516 1039 4586 κτήματα
1069 4513 1296 4584 ἔχοντας
1334 4520 1479 4571 κατὰ
1507 4517 1606 4586 τὴν
1649 4519 1755 4587 χὼ-

186 4626 291 4679 ραν
329 4607 674 4677 ζημιώσουσι
732 4606 923 4661 πολλά.
956 4606 1050 4659 Διδ
1092 4605 1159 4676 δὴ
1196 4608 1293 4661 καὶ
1322 4610 1572 4677 παραινῶ
1604 4611 1751 4680 ὑμῖν,

185 4702 355 4769 ὁμόσε
399 4701 599 4770 χωρεῖν
631 4698 745 4758 τοῖς
800 4698 1099 4767 πολεμιοις,
1139 4696 1214 4768 μὴ
1253 4698 1564 4767 φρονήματι
1595 4700 1755 4768 μόνον

186 4794 297 4845 τῶν
323 4790 626 4859 προγόνων,
656 4789 791 4842 ἀλλά
821 4789 918 4842 καὶ
939 4788 1393 4858 καταφρονήματι
1415 4790 1753 4859 χρωμένους.

201 4881 435 4937 Ἐκεῖνοι
465 4896 523 4934 τε
553 4882 663 4950 γὰρ
693 4882 759 4933 ὲκ
789 4880 884 4933 τοῦ
915 4880 1000 4932 ἀεὶ
1029 4881 1185 4949 νικᾷν
1217 4881 1344 4943 τοὺς
1366 4881 1606 4943 Μυσοὺς,
1628 4883 1756 4950 ὲχυ-

194 4974 440 5045 ρωτέραν
465 4973 680 5042 ἔχοντες
706 4970 807 5041 τὴν
854 4969 1077 5039 τόλμαν,
1115 4970 1601 5040 καταφρονητικῶς
1622 4969 1754 5040 ἐπῄ-

191 5083 324 5119 εσαν
358 5066 563 5129 αὐτοῖς,
600 5062 695 5116 καὶ
722 5064 856 5133 ἡμῖν
888 5061 984 5114 ἐὰν
1030 5060 1129 5131 τῆς
1170 5061 1394 5114 ἐκείνων
1425 5062 1625 5131 ἀρετῆς
1663 5065 1757 5114 καὶ

193 5157 502 5229 προθυμίας
529 5153 789 5224 φανῶμεν
821 5152 1081 5221 ζηλωταὶ,
1113 5153 1174 5205 τὺ
1201 5152 1334 5205 αὐτὸ
1357 5153 1761 5223 ὲξὲσται.”Εχο-

198 5269 297 5322 μεν
326 5250 384 5303 δὲ
407 5248 504 5302 καὶ
532 5246 701 5299 πολλὰ
728 5245 961 5314 ἐνέχυρα
997 5244 1213 5313 ἀσφαλῆ
1251 5243 1344 5297 τοῦ
1372 5245 1759 5314 περιγενέσθαι

199 5321 265 5396 ἀν
288 5321 469 5396 αὐτῶν
507 5341 565 5393 ὲν
589 5336 669 5407 τῷ
699 5337 921 5406 πολέμῳ
939 5352 954 5367 ·
982 5336 1020 5407 ἧ
1043 5352 1102 5387 τε
1125 5336 1232 5406 γάρ
1259 5335 1504 5405 ἡμετέρα
1530 5334 1760 5404 στρατιά

201 5436 423 5493 πλείων,
452 5432 546 5485 καὶ
572 5430 645 5483 τὰ
671 5428 905 5498 πολέμια
935 5428 1301 5497 κραταιοτίρα
1321 5441 1336 5458 ⁹
1368 5427 1523 5495 ὑμῶν
1568 5442 1628 5478 τε
1656 5426 1758 5495 τῆς

203 5525 503 5592 συγκλήτου
538 5521 722 5575 πολλοὶ
745 5520 856 5572 τῶν
887 5518 1112 5572 ἐκείνων
1143 5516 1428 5587 βασιλέων,
1458 5517 1519 5570 οὐ
1553 5519 1759 5586 φρονή-

204 5630 289 5666 σει
330 5615 511 5679 μόνον,
540 5610 676 5664 ἀλλά
707 5609 801 5664 καὶ
826 5608 1021 5680 ἀνδρία
1046 5607 1139 5661 καὶ
1159 5609 1326 5679 πείρᾳ
1343 5608 1410 5679 τῇ
1442 5608 1575 5679 πρὸς
1600 5624 1762 5677 στρα-

201 5707 391 5776 τηγίας
446 5704 741 5775 ὑπερέχετε
795 5701 966 5756 πολύ”
1002 5703 1252 5772 χρήμασί
1295 5718 1354 5754 τε
1405 5701 1505 5754 οὐκ
1554 5704 1618 5754 ἐκ
1651 5701 1760 5754 τῶν

204 5796 395 5849 κοινῶν
434 5797 617 5865 μόνον,
676 5795 813 5848 ἀ)λά
875 5795 972 5847 καί
994 5797 1069 5848 ἐκ
1124 5793 1234 5847 ⁴ιὲῶν
1287 5792 1435 5847 ἰδίων
1469 5793 1779 5864 ἐρρώμεθα

208 5889 404 5955 μᾶλλον
429 5890 675 5943 ἐκείνων.
708 5883 804 5951 οίς
857 5885 907 5939 εί
941 5885 1017 5956 μὴ
1067 5882 1572 5970 χρησαίμεςεὲνςν,
1601 5884 1760 5965 ang-:3
1804 5960 1819 5967 ψ

1843 2043 1899 2086 et
1928 2034 2213 2088 civitatem
2236 2036 2488 2100 liberam,
2516 2048 2572 2093 ct
2604 2054 2831 2108 regnum
2862 2042 2985 2110 plus
3011 2042 3238 2111 privatis
3263 2058 3415 2097 cmu-

1845 2128 2217 2192 modaturum,
2264 2129 2310 2183 si
2375 2130 2695 2184 universum
2754 2131 2882 2187 felix
2934 2134 3007 2187 sit
3063 2149 3127 2188 ac
3173 2140 3411 2201 beatum,

1844 2232 2006 2285 quam
2047 2219 2091 2273 si
2120 2218 2335 2275 civibus
2367 2218 2577 2274 interea
2614 2222 2845 2291 singulis
2892 2221 3169 2287 felicibus,
3232 2224 3410 2294 ipsum

1847 2318 2019 2364 tstum
2072 2311 2234 2366 simul
2302 2311 2591 2381 aﬂligatur.
2647 2312 2780 2367 Nam
2843 2314 3215 2370 infortunatus
3260 2319 3414 2386 quis-

1843 2405 1988 2472 piam
2024 2402 2078 2456 in
2135 2403 2310 2472 patria
2344 2403 2620 2457 fortunata
2655 2405 2864 2459 servari
2913 2404 3167 2461 facillime
3203 2419 3409 2476 queat:

1845 2495 2126 2550 fortunato
2151 2504 2333 2549 autem
2360 2496 2414 2548 in
2445 2495 2620 2565 patria
2661 2497 2857 2551 misera
2897 2498 3257 2552 nihilominus
3284 2516 3410 2554 cum

1843 2587 1965 2642 aliis
2020 2588 2358 2658 pereundum
2403 2598 2508 2643 est.
2555 2588 2785 2654 Quando
2833 2589 2999 2659 igitur
3039 2591 3253 2653 civitas,
3316 2600 3413 2647 aut

1845 2695 2069 2750 regnum
2119 2694 2246 2735 suas
2280 2680 2348 2733 ab
2384 2695 2443 2734 se
2483 2679 2824 2753 calamitates
2866 2682 3159 2751 prohibere
3207 2693 3410 2753 potest,

1843 2780 1899 2826 et
1932 2787 2031 2840 per
2064 2786 2122 2826 se
2153 2772 2535 2841 unusquisque
2591 2751 2843 2843 proprias
2893 2790 3002 2829 non
3060 2787 3259 2844 potest,
3315 2777 3411 2846 qui

1847 2863 2064 2917 tandem
2104 2862 2155 2918 ei
2192 2877 2300 2916 non
2340 2865 2489 2917 omni
2541 2864 2751 2919 ratione
2798 2865 2866 2919 ab
2896 2867 3155 2921 omnibus
3185 2882 3416 2923 succur-

1848 2958 2078 3011 rendum
2109 2957 2236 3012 est?
2258 2955 2377 3011 lam
2423 2972 2543 3026 qua:
2572 2956 2863 3012 Moesorum
2899 2968 2991 3013 rex
3022 2959 3321 3014 insolenter
3361 2961 3414 3013 iu

1849 3066 1946 3104 uos
1976 3050 2284 3115 admiserit,
2341 3064 2445 3103 nec
2489 3064 2587 3103 vos
2629 3050 2821 3119 utique
2870 3049 3060 3104 latent.
3114 3050 3248 3104 Nam
3291 3066 3416 3104 cum

1849 3138 2134 3208 praedones
2166 3137 2281 3202 alii,
2315 3137 2566 3207 quamvis
2590 3151 2987 3205 nonnunquam
3017 3137 3183 3191 etiam
3212 3149 3419 3191 turma-

1848 3228 1943 3283 tim
1971 3227 2083 3281 irru
2094 3227 2292 3295 perint,
2318 3227 2479 3281 simul
2500 3226 2566 3280 ad
2586 3226 2720 3280 lines
2745 3234 3132 3294 pervenerunt,
3150 3235 3201 3279 et
3226 3226 3419 3281 adesse

1850 3319 2226 3374 animadversi
2258 3326 2408 3380 sunt,
2445 3317 2500 3372 in
2535 3318 2692 3372 sedes
2725 3332 2852 3371 suas
2885 3316 3133 3385 refugere
3164 3316 3413 3385 soleant;

1846 3412 1949 3467 iste
1980 3412 2208 3482 perinde
2238 3410 2393 3481 quasi
2425 3425 2534 3464 non
2566 3410 2621 3466 in
2650 3409 2915 3469 hostium,
2945 3407 3041 3464 sed
3075 3409 3132 3463 in
3163 3408 3277 3464 suis
3303 3419 3411 3464 ter~

1846 3504 1921 3559 ris
1951 3503 2181 3558 haberet
2211 3502 2316 3556 sub
2350 3502 2522 3572 signis
2551 3501 2880 3563 exercitum,
2912 3501 3063 3554 nullo
3094 3509 3243 3554 metu
3281 3500 3419 3555 flues

1845 3605 2067 3651 nostros
2132 3593 2332 3650 insedit
2386 3594 2607 3648 diebus
2660 3593 2950 3647 duodecim
3022 3592 3172 3660 agris
3244 3607 3418 3660 usque

1848 3687 2068 3750 Beram,
2105 3684 2265 3756 ιιι
2298 3695 2354 3740 et
2378 3683 2762 3756 Trajanopoliu
2798 3682 3274 3752 depopulationem
3318 3682 3418 3736 ho-

1848 3780 2047 3837 stiliter
2070 3780 2279 3833 intulit.
2302 3776 2459 3841 Ουοὰ
2498 3793 2545 3830 ει
2575 3777 2702 3846 quis
2730 3784 2908 3845 putat,
2933 3776 3063 3844 quia
3099 3791 3157 3830 re
3198 3779 3417 3846 provisa

1850 3880 2092 3942 agrestes
2123 3860 2336 3925 secum
2383 3869 2695 3938 pecoribus,
2738 3868 2976 3922 castellis
3002 3878 3165 3937 atque
3194 3869 3420 3923 urbibus

1850 3962 2199 4025 incluserint,
2237 3960 2422 4014 minus
2460 3959 2781 4014 detrimenti
2808 3970 3091 4028 acceptum
3110 3974 3231 4013 esse
3257 3974 3417 4028 quam

1851 4055 2141 4126 potuisset,
2171 4062 2227 4107 et
2261 4051 2471 4106 idcirco
2507 4050 2788 4105 tolerabile
2806 4050 3003 4115 videri,
3024 4065 3106 4104 nte
3129 4051 3219 4104 ille
3253 4052 3418 4102 velte-

1858 4157 2075 4202 menter
2111 4153 2280 4200 errat.
2312 4142 2427 4198 Nisi
2459 4157 2607 4196 nunc
2638 4156 2733 4196 eos
2764 4155 2861 4210 pro
2884 4155 2975 4197 eo
3025 4155 3089 4195 ac
3143 4152 3423 4194 metemur

1852 4237 2256 4310 puniverimus,
2284 4238 2485 4289 iterum
2516 4249 2579 4289 ac
2615 4234 2838 4288 tertium
2870 4233 3171 4302 irrumpent
3204 4250 3218 4286 :
3245 4248 3422 4298 neque

1851 4330 2031 4387 solum
2070 4328 2350 4384 tenuiores
2386 4327 2535 4381 cives
2562 4326 2678 4380 suis
2704 4325 3055 4379 facultatibus
3078 4326 3418 4394 spoliatumt;

1852 4423 1946 4478 sed
1983 4435 2083 4476 nos
2106 4435 2338 4492 quoque
2368 4418 2687 4488 Opuleutos,
2719 4417 2811 4486 qui
2859 4417 3061 4470 multas
3091 4404 3182 4470 ac'
3210 4416 3424 4470 nobiles

1856 4525 1968 4569 tata
2019 4513 2243 4581 regione
2280 4511 2658 4582 possessiones
2709 4511 3010 4573 habemus,
3056 4509 3272 4564 damnis
3314 4524 3425 4563 non

1785 4589 1833 4648 υ
1858 4606 2333 4675 qualibuscunque
2378 4602 2637 4658 afﬁcient.
2672 4602 3038 4669 Quamobrem
3075 4603 3265 4656 hortor
3302 4615 3420 4666 vos,

1860 4706 1921 4751 ut
1961 4711 2072 4750 non
2106 4696 2268 4749 modo
2304 4710 2410 4764 qua
2460 4694 2753 4749 altitudine
2799 4693 2987 4759 animi,
3034 4708 3224 4749 verum
3259 4693 3424 4748 etiam

1857 4803 1962 4858 qua
1988 4787 2207 4841 illorqu
2246 4785 2607 4853 despicientia
2652 4786 2886 4855 majores
2917 4785 3086 4839 vestri
3124 4800 3425 4839 consueve-

1858 4887 2007 4940 runt.
2064 4877 2123 4932 in
2184 4877 2375 4930 hostes
2427 4875 2703 4930 feramini.
2748 4875 2881 4929 Nam
2940 4875 3017 4940 illi
3053 4875 3198 4944 quod
3231 4875 3428 4929 lllmsos

1857 4985 2074 5040 semper
2104 4969 2415 5030 vincerent,
2452 4968 2624 5022 tutius
2657 4966 2949 5025 audentes.
2981 4966 3337 5033 contemptim
3368 4967 3423 5021 in

1858 5084 1955 5125 eos
1987 5069 2353 5124 invadebant:
2386 5045 2703 5133 etuobis,si
2735 5083 2926 5121 eorum
2953 5067 3211 5121 virtutem
3231 5064 3426 5121 alacri-

1857 5171 2139 5231 tatemque
2178 5158 2578 5225 armulabimur,
2635 5158 2778 5214 idem
2827 5157 3035 5212 licebit.
3072 5157 3236 5212 Multa
3266 5172 3430 5226 porro

1860 5244 1924 5305 ac
1962 5266 2072 5304 nou
2123 5249 2289 5304 dubia
2332 5249 2573 5302 victoria:
2606 5248 2831 5316 pignora
2889 5245 3262 5316 suppeditant.
3307 5244 3430 5303 Pri-

1861 5357 2010 5396 mum
2048 5341 2194 5395 enim
2231 5339 2402 5410 copiae
2428 5349 2628 5393 nostra:
2661 5337 2894 5407 majores
2921 5346 3071 5391 sunt.
3106 5335 3308 5390 Deinde
3337 5351 3432 5405 ap-

1857 5438 2081 5501 paratus
2104 5429 2330 5484 bellicus
2348 5428 2614 5490 validior;
2648 5427 2913 5496 multique
2936 5426 3005 5481 de
3033 5425 3138 5479 hoc
3168 5440 3430 5480 consessu

1860 5532 2049 5577 nostro
2080 5521 2301 5591 regibus
2324 5520 2566 5591 ipsorum
2592 5529 2647 5573 et
2670 5517 2981 5588 prudentia,
3004 5525 3060 5570 et
3085 5516 3426 5580 fortitudine,

1860 5625 1917 5670 ct
1943 5614 2024 5669 rei
2061 5613 2314 5668 militaris
2346 5628 2444 5668 usu
2477 5619 2759 5681 prtestant.
2804 5608 2979 5676 Adde,
3020 5609 3165 5678 quod
3202 5607 3431 5678 pecunia

1861 5718 1969 5774 qua
2002 5703 2242 5774 publica,
2267 5716 2374 5772 qua
2402 5702 2611 5772 privata
2638 5702 2762 5771 plus
2787 5701 2896 5755 illis
2930 5714 3224 5770 possumus
3250 5715 3264 5750 :
3295 5711 3359 5752 ea
3386 5691 3435 5749 si

1863 5797 1969 5852 boc
2007 5804 2252 5865 tempore
2289 5808 2397 5848 non
2425 5794 2660 5857 utimur,
2704 5807 2834 5847 num
2877 5790 3098 5861 quando
3126 5802 3251 5844 cum
3284 5798 3451 5840 emo-

1863 5888 2111 5943 lumcuto
2139 5895 2329 5943 nostro
2358 5885 2508 5942 usuri
2541 5885 2734 5955 simus,
2756 5882 3012 5955 equidem
3045 5880 3258 5937 dubito.
3285 5874 3438 5944 ρηο-
