3918 6674
1255 216 1314 235 ,ι-

161 364 291 432 5:09
696 369 711 386 '
1362 354 1411 422 ii
1428 360 1774 422 :st‘nnlm

1877 364 1902 418 ι
1946 348 2177 420 LIBER
2214 348 2260 420 ῐ.
3309 353 3416 422 970

176 484 479 541 κατέλιπεν
517 482 636 535 ἐκεῖ
664 480 765 548 τῆς
793 480 1055 548 στρατιᾶς
1089 468 1178 532 διὰ
1203 478 1263 531 τδ
1291 477 1401 533 τῶν
1430 476 1751 544 ἐπιτηδείων

1877 475 2207 545 ιάῙαι-σὺιιηι.
2233 475 2477 530 Consilio
2504 458 2665 546 us
2686 460 2952 530 militibus
2978 473 3272 545 patefacto,
3297 491 3421 531 cum

175 581 285 649 τὴν
321 576 482 628 πόλιν
507 574 785 642 εὐπορεῖν.
810 571 983 632 Αὐτὸς
1009 572 1062 622 δὲ
1109 558 1209 638 τῆς
1247 571 1507 637 στρατιᾶς
1539 568 1751 634 ὀλίγου;

179 669 305 739 ἅμα
337 667 415 737 τῷ
445 663 664 735 μεγάλῳ
687 661 996 732 δομεστίκῳ
1028 660 1361 729 παραλαϐὼν
1386 660 1486 729 τὴν
1517 661 1574 722 ἐς
1594 660 1751 711 Διδυ-

187 762 442 831 μότειχον
470 757 579 829 ᾔει.
606 755 827 820 Μεταξὺ
853 754 909 807 δὲ
934 754 1034 823 τῆς
1061 771 1118 805 τε
1137 750 1417 822 Ἀδριανοῦ
1442 753 1537 804 καὶ
1564 749 1751 814 αὐτοῦ,

191 856 254 905 ἐν
311 850 496 922 χωρίῳ
552 849 659 902 τινὶ
722 844 1142 916 Προμουσούλου
1198 842 1754 915 προσαγορευομένῳ,

196 943 427 1011 στρατιᾷ
447 940 771 1008 περιέτυχον
810 938 1074 1006 Σκυθικῇ,
1104 935 1412 1006 ἀνδράποδά
1436 952 1496 986 τε
1532 933 1626 987 καὶ
1652 932 1757 986 λοι-

194 1009 304 1099 ἐξῆν
324 1009 475 1084 λείαν
502 1027 711 1099 ἀγούσῃ
742 1026 968 1094 πολλὴν.
996 1023 1155 1077 οὕτω
1182 1024 1236 1075 δέ
1263 1023 1358 1076 τοῦ
1389 1023 1554 1076 τύπου
1581 1038 1759 1090 παρα-

196 1125 441 1192 σχόντος,
474 1122 591 1182 τοῖς
644 1118 746 1188 μὲν
789 1116 1083 1186 Ῥωμαίοις
1119 1117 1151 1186 ἡ
1183 1114 1295 1167 τῶν
1341 1112 1567 1166 Σκυθῶν
1599 1129 1761 1182 στρα-

191 1219 283 1270 τιὰ
314 1212 381 1285 ἦν
404 1213 727 1282 καταφανής
745 1228 760 1240 '
784 1210 968 1263 οὐκέτι
988 1209 1046 1263 δὲ
1065 1208 1162 1261 καὶ
1189 1207 1523 1279 ήῬωμαίων
1550 1206 1757 1266 αὐτοῖς.

188 1306 618 1375 Βύλευσαμένῳ
646 1303 709 1374 δὴ
746 1303 823 1373 τῷ
854 1302 1068 1373 βασιλεῖ
1095 1300 1213 1369 ἃμα
1241 1299 1319 1369 τῷ
1355 1298 1577 1367 μεγάλῳ
1603 1298 1762 1366 δομε-

187 1399 363 1468 στίκῳ
386 1398 561 1450 ἐδόκει
586 1398 889 1464 ἐπιχειρεῖν
917 1395 1124 1459 αὐτοῖς,
1150 1394 1198 1444 εἰ
1220 1392 1315 1445 καὶ
1346 1388 1701 1461 τριπλασίους
1724 1388 1756 1457 ἢ

188 1492 292 1545 καὶ
320 1489 540 1549 πλείους
577 1488 683 1540 τῶν
716 1488 996 1557 σφετέρων
1029 1484 1343 1555 ἐνομίζοντο
1388 1482 1758 1554 στρατιωτῶν.

186 1580 378 1649 Ἦσαν
408 1582 465 1634 δὲ
487 1576 548 1633 οὗ
580 1574 721 1649 τρὶς,
750 1578 885 1631 ἀλλὰ
909 1578 1004 1630 καὶ
1027 1577 1252 1638 δεκάκις
1274 1576 1421 1628 τόσοι
1444 1590 1460 1607 ⁸
1487 1571 1628 1645 ἦσαν
1653 1574 1760 1643 γὰρ

192 1673 366 1742 ἐγγὺς
418 1670 596 1723 αὐτῶν
654 1670 750 1721 καὶ
810 1650 990 1736 ἕτεροι
1053 1666 1609 1737 ἐστρατοπεδευμένοι
1665 1663 1761 1729 οὓς

192 1766 425 1834 ἀφανεῖς
470 1765 499 1815 ό
527 1762 729 1831 Ἕϐρος
795 1762 969 1814 ἐποίει
1016 1761 1305 1829 κειμένους
1354 1760 1482 1829 παρ’
1518 1757 1759 1829 αὺτῴ.οἶ

192 1855 607 1927 προσεϐοήθουν
644 1852 946 1922 γενομένης
980 1852 1077 1922 τῆς
1134 1851 1435 1921 συμϐολῆς.
1498 1851 1653 1904 υῦτω
1705 1849 1763 1902 δὲ

190 1947 377 2012 δόξαν,
410 1946 507 2000 καὶ
535 1946 650 2008 τοῖς
675 1944 1038 2014 στρατιώταις
1064 1943 1161 2013 τὴν
1184 1942 1412 2013 γνώμην
1435 1940 1761 1995 ἐκοινοῦντο.

208 2044 299 2105 Ὧς
338 2040 397 2095 δὲ
425 2039 517 2094 καὶ
540 2041 726 2102 αὐτοῖς
756 2039 934 2091 ἐδόκει
970 2038 1221 2110 μαχητέα
1245 2035 1407 2101 εἶναι,
1441 2036 1535 2087 καὶ
1566 2035 1765 2104 μᾶλλον

196 2129 343 2203 ἦσαν
376 2132 774 2202 προθυμότεροι
814 2130 908 2182 τοῦ
945 2129 1231 2198 βασιλέως,
1269 2129 1378 2181 τῶν
1424 2128 1606 2180 ἵππων
1635 2128 1768 2179 ἀπο-

203 2228 428 2288 ϐάντες.
461 2225 555 2278 καὶ
589 2223 721 2275 Θεὸν
751 2221 1235 2290 ἐπικαλεσάμενοι,
1272 2222 1397 2283 τοὺς
1429 2220 1527 2291 μὲν
1561 2219 1767 2279 ἀδίκως

208 2316 743 2387 ἐπιστρατεύσαντας
784 2312 1123 2367 κολάσασθαι
1173 2312 1274 2379 τῆς
1312 2310 1549 2374 ἀδικίας,
1587 2312 1769 2375 αὐτοῖς

204 2408 267 2463 δέ
321 2408 635 2479 τιμωρῆσαι
701 2405 926 2468 δικαίως
997 2405 1381 2474 ἀμυνομένοις.
1437 2405 1665 2476 Σταυρῷ
1709 2422 1767 2458 τε

205 2497 633 2558 καθοπλίσαντες
672 2496 920 2563 ἑαυτοὺς,
951 2493 1183 2565 ἔφιπποι
1224 2495 1506 2565 γενόμενοι
1534 2495 1771 2565 ἐπῄεσαν

197 2590 314 2650 τοῖς
346 2587 643 2657 βαρϐάροις
672 2586 926 2656 ἀτρέπτῳ
953 2584 1048 2638 καὶ
1097 2583 1393 2655 παραϐόλῳ
1421 2585 1767 2653 φρονήματι·

199 2680 298 2731 καὶ
321 2680 370 2730 οἱ
402 2677 605 2730 Σκῦθαι
640 2677 858 2739 ίδόντες,
893 2675 1232 2747 ἀντεπῄεσαν
1264 2675 1360 2728 καὶ
1390 2675 1565 2729 αὐτοί.
1603 2677 1775 2744 Προσ-

196 2770 461 2842 εϐοὴθουν
504 2770 561 2823 δὲ
605 2770 703 2824 καὶ
731 2770 781 2820 οἱ
815 2768 983 2835 ἐγγὺς
1029 2767 1615 2838 ἐστρατοπεδευμένοι.
1662 2768 1771 2819 Καὶ

154 2908 157 2911 η
196 2862 504 2932 γενομένης
524 2861 706 2932 μάχης
729 2860 1029 2930 καρτερᾶς,
1055 2857 1191 2911 Θεοῦ
1220 2859 1632 2929 συμμαχοῦντος
1660 2860 1772 2918 τοῖς

206 2950 532 3023 Ῥωμαίοις,
560 2952 859 3025 ἐτρέψαντό
880 2968 941 3004 τε
967 2950 1090 3013 τοὺς
1120 2951 1453 3023 βαρϐάρους,
1474 2952 1568 3003 καὶ
1593 2950 1775 3017 ἐνίκη-

202 3065 306 3101 σαν
336 3048 483 3100 κατᾶ
508 3048 710 3115 κράτος
736 3063 751 3077 θ
786 3045 883 3098 καὶ
916 3044 1043 3108 τοὺς
1077 3043 1177 3114 μὲν
1206 3044 1535 3097 ἀπέκτειναν
1566 3043 1770 3104 αὐτῶν,

198 3138 421 3209 τοὺςιδὶ
452 3137 674 3200 λοιποὺς
703 3136 1015 3201 ἀπέπνιξαν
1052 3133 1260 3197 εἰςτδν
1283 3134 1484 3204 Ἕϐρον
1516 3134 1776 3203 ἐμϐαλόν-
1804 3159 1847 3215 c

200 3248 292 3294 τες
319 3246 335 3261 ο
389 3228 727 3299 διεσώθησαν
776 3227 834 3280 δὲ
874 3227 936 3280 οὐ
968 3227 1187 3288 πλείους
1235 3226 1381 3280 ὀκτὼ
1435 3227 1531 3278 καὶ
1574 3224 1780 3278 εἴκοσιν

199 3321 428 3386 αὐτῶν,
452 3321 647 3383 οἵτινες
690 3321 918 3390 ἴσχυσαν
977 3315 1339 3389 διανήξασθαι
1387 3317 1476 3370 τὸν
1512 3317 1776 3389 ποταμόν.

199 3417 271 3469 οῖ
310 3417 372 3470 δὲ
408 3416 671 3484 Ῥωμαίοι
724 3414 850 3477 τούς
900 3427 959 3475 τε
988 3412 1218 3481 νεκροὺς
1245 3410 1642 3473 σκυλεύσαντες
1673 3400 1805 3462 τῶν

198 3509 510 3579 πολεμίων,
553 3506 647 3559 καὶ
672 3504 774 3574 τὴν
805 3502 971 3573 ἄλλην
1000 3498 1405 3572 διαρπάσαντες
1441 3501 1780 3569 ἀποσκευὴν,

199 3599 301 3654 καὶ
335 3599 434 3661 τὴν
464 3595 615 3649 λείαν
650 3596 747 3648 καὶ
789 3594 914 3655 τοὺς
940 3590 1321 3662 αἰχμαλώτους
1347 3589 1625 3659 λαϐόντες,
1647 3586 1783 3663 ἧκον

198 3696 278 3755 είς
338 3689 718 3759 Διδυμὸτειχον
771 3688 887 3756 ἅμα
936 3687 1013 3755 τῷ
1068 3684 1302 3754 βασιλεῖ.
1331 3683 1453 3736 Τῶν
1486 3683 1544 3737 δὲ
1592 3682 1786 3737 διασω-

201 3785 414 3838 θέντων
443 3784 507 3852 βα
522 3781 736 3851 ρϐἀρων
759 3782 837 3842 είς
859 3778 921 3830 τδ
942 3777 1084 3847 μέγα
1104 3775 1468 3845 στρατόπεδον
1495 3776 1777 3841 ἐλθόντων,

198 3876 273 3939 ὡς
315 3878 432 3936 τοῖς
460 3874 788 3944 στρατηγοῖς
838 3870 1082 3940 ἠγγέλθη
1126 3869 1187 3922 τὺ
1236 3860 1475 3938 συμϐὰν,
1514 3871 1782 3940 στρατιὰν

204 3970 268 4019 ἐκ
299 3966 421 4018 τῶν
457 3966 697 4034 ἀρίστων
737 3962 836 4015 οὐκ
869 3961 1062 4031 ὀλίγην
1100 3960 1505 4030 ἐπιλεξάμενοι,
1537 3960 1787 4013 ἀπέστει-

200 4057 301 4110 λαν
342 4055 464 4108 καθ’
489 4055 547 4107 ὃν
581 4056 615 4124 ἠ
655 4053 803 4124 μάχη
845 4052 1010 4105 τόπον
1057 4052 1325 4119 ἐγεγόνει,
1371 4049 1449 4113 ὡς
1496 4050 1565 4104 ἂν
1602 4051 1650 4103 εί
1688 4050 1785 4120 μὲν

203 4145 493 4214 ἐντύχοιεν
521 4146 632 4207 τοῖς
663 4144 919 4213 νικήσασι
960 4140 1271 4211 Ῥωμαίων,
1323 4142 1785 4212 ἀναμαχέσωνται

204 4238 302 4308 τὴν
341 4232 539 4308 ἧττανο
565 4234 673 4287 τίδ’
696 4233 779 4298 οὒ,
803 4233 938 4286 ἀλλὰ
992 4234 1116 4297 τούς
1155 4250 1213 4285 τε
1248 4233 1546 4303 σφετέρους
1573 4232 1787 4302 θάψωσι

206 4328 471 4399 νεκροὺς,
511 4328 607 4380 καὶ
641 4329 692 4379 εί
718 4341 861 4387 τινες
885 4324 944 4378 ἐν
978 4324 1165 4387 αὐτοῖς
1185 4322 1489 4395 εὑρεθῶσιν
1517 4326 1789 4393 ἐμπνέον-

208 4441 298 4486 τες
334 4420 693 4492 τραυματίαι,
720 4418 1033 4487 ἀνελόμενοι
1078 4416 1389 4482 ἀξιώσωσιν
1441 4415 1783 4486 ἐπιμελείας.

1855 576 2187 636 congrueret
2242 566 2459 620 illorum
2492 568 2746 621 voluntas
2793 577 2848 622 et
2907 570 3204 631 sintentia.
3256 585 3424 639 seque

1856 658 2190 728 imperatore
2218 658 2338 726 ipso
2373 658 2648 728 pugnandi
2702 659 3012 729 cupidiores
3047 663 3422 724 ostenderent,

1857 749 1925 804 de
1954 750 2113 820 equis
2159 749 2588 815 descenderunt,
2621 751 2787 806 Deum
2820 750 3148 823 suppliciter
3178 767 3421 816 orantes,

1858 850 1918 896 ut
1956 851 2068 895 tam
2094 840 2316 910 iniquos
2344 835 2674 910 praedatores
2701 844 2917 914 punire,
2951 855 3006 902 et
3030 847 3260 916 injurias
3283 849 3430 919 juste

1859 946 1917 986 se
1964 928 2378 987 defendentium
2412 933 2603 988 ulcisci
2624 933 2807 990 vellet.
2857 922 2997 990 Tum
3046 937 3202 1009 signo
3250 939 3428 994 crucis

1860 1020 2209 1086 communiti,
2242 1035 2459 1076 rursum
2488 1037 2659 1092 equos
2696 1025 3086 1088 ascenderunt.
3126 1029 3431 1082 conSIanti-
3517 1095 3528 1112 ι

1860 1120 1967 1183 que
1995 1128 2059 1167 ac
2088 1112 2275 1168 fidenti
2327 1115 2511 1169 animo
2563 1114 2616 1169 in
2665 1114 2933 1173 barbaros
2987 1134 3046 1173 se
3106 1120 3431 1176 incitarunt.

1862 1203 2082 1276 Scythae
2132 1219 2255 1259 cum
2289 1206 2377 1262 his
2408 1207 2501 1276 qui
2552 1222 2660 1263 una
2690 1200 3003 1275 veniebant,
3034 1210 3154 1267 viso
3184 1211 3431 1271 Romano

1860 1307 2053 1351 contra
2113 1297 2340 1365 gradum
2392 1299 2725 1354 inferebant.
2759 1290 2942 1372 Pugna
2976 1313 3132 1357 atrox
3185 1307 3432 1361 conseri-

1864 1397 1987 1449 tur:
2028 1387 2285 1457 Romani,
2321 1391 2429 1446 Deo
2450 1390 2769 1458 auxiliante,
2794 1396 2847 1449 vi
2876 1404 2931 1450 et
2951 1395 3152 1451 virtute
3190 1398 3428 1455 victores

1860 1480 2120 1546 evadunt,
2151 1474 2457 1552 partimque
2483 1485 2718 1539 hostium
2747 1498 3005 1547 mactant.
3029 1471 3234 1559 partim
3266 1493 3320 1546 in
3347 1494 3427 1550 fu-

1861 1579 1983 1641 gam
2018 1576 2284 1635 vertunt,
2341 1573 2540 1641 partim
2587 1576 2639 1627 in
2691 1573 2892 1629 ﬂumen
2925 1565 3165 1632 Hebrum
3199 1583 3439 1651 compel-

1863 1664 1984 1717 lunt
2035 1678 2099 1717 ac
2127 1663 2489 1733 submergunt
2530 1681 2544 1719 :
2580 1681 2815 1735 quorum
2869 1678 2994 1723 octo
3019 1678 3071 1725 et
3100 1671 3287 1743 viginti
3326 1684 3443 1730 tan~

1867 1756 1980 1806 tum
2034 1754 2301 1807 tranando
2337 1754 2501 1808 vitam
2544 1756 2914 1815 retinuerunt.
2948 1751 3179 1817 Romani
3211 1765 3442 1821 cadave-

1872 1843 2025 1898 rilnts
2071 1843 2340 1913 Spoliatis,
2394 1846 2647 1917 vasisque
2671 1856 2725 1904 et
2748 1851 2983 1907 sarcinis
3028 1846 3280 1926 direptis,
3316 1875 3440 1915 cum

1873 1933 2055 2003 praeda
2089 1942 2144 1990 ot
2173 1936 2426 2007 captivis.
2503 1938 2731 2008 ipsoque
2783 1942 3113 2012 imperatore
3143 1947 3443 2020 Didymoti.

1872 2024 2037 2079 chum
2069 2025 2299 2096 ingressi
2335 2037 2487 2082 sunt.
2519 2026 2744 2085 Barbari
2777 2035 3102 2103 superstites
3134 2038 3199 2091 ad
3235 2040 3444 2093 exerci-

1876 2125 1990 2170 tum
2024 2116 2254 2176 reversi.
2278 2118 2643 2174 infortunium
2675 2137 2835 2177 suum
2868 2124 3105 2182 ducibus
3131 2141 3442 2186 narrarunt.

1875 2207 1916 2262 li
1947 2208 2369 2264 fortiSsimorum
2401 2211 2671 2268 delectam
2704 2228 2928 2270 manum
2963 2214 3017 2271 in
3055 2221 3311 2275 eumdem
3358 2223 3443 2277 lo-

1876 2311 2025 2358 cum.
2074 2296 2166 2352 ubi
2215 2300 2464 2368 praelium
2502 2309 2621 2356 erat
2678 2302 2905 2372 factum,
2938 2307 3247 2363 miserunt:
3296 2320 3358 2385 ut
3399 2306 3445 2365 si

1878 2387 2156 2444 Romanos
2184 2392 2513 2460 reperirent,
2562 2404 2798 2466 pugnam
2850 2397 3244 2466 instaurarent,
3279 2405 3446 2459 victo-

1878 2495 2077 2549 resque
2107 2481 2398 2539 vincerent
2436 2485 2562 2549 ;sin
2607 2489 2812 2554 minus,
2843 2499 2995 2546 certe
3036 2506 3268 2562 corpora
3318 2511 3448 2551 suo~

1878 2580 1998 2624 rum
2031 2574 2338 2630 exanimata
2365 2578 2590 2633 tumulis
2621 2579 2945 2637 mandarent
2969 2626 2985 2650 ,
3037 2585 3157 2639 etsi
3190 2602 3329 2656 quos
3362 2590 3448 2643 in-

1878 2673 1963 2719 ter
1990 2679 2087 2722 eos
2111 2666 2294 2724 adhuc
2323 2670 2596 2739 spirantes
2621 2666 2983 2739 offenderent,
3021 2677 3292 2734 relevatus
3319 2692 3447 2735 cura

1882 2755 2137 2827 diligenti
2172 2766 2500 2817 tractarent.
2543 2761 2646 2818 lHi‘
2679 2765 2852 2821 sociis
2901 2768 3182 2839 sepultura
3236 2771 3451 2828 donatis

1880 2846 2086 2917 (vivum
2118 2851 2263 2905 enim
2285 2852 2497 2907 nullum
2530 2854 2887 2925 invenerunt)
2920 2852 2987 2913 ad
3018 2862 3315 2916 exercitum
3340 2879 3448 2919 non

1884 2939 2193 3007 redierunt,
2227 2939 2450 2999 domum
2498 2951 2653 3000 Suam
2685 2948 2924 3019 quisque
2958 2948 3246 3009 abeuntes.
3279 2955 3446 3026 Impe-

1881 3040 2051 3096 rator,
2084 3043 2145 3088 ut
2192 3032 2518 3107 Scytharum
2556 3040 2921 3112 cupiasjuxta
2954 3040 3227 3102 Morrham
3271 3050 3448 3103 consi-

1881 3136 2029 3181 stere
2060 3126 2274 3191 didicit,
2300 3129 2678 3201 Didymoticlto
2712 3148 2873 3205 quam
2898 3138 3078 3206 potuit
3103 3138 3362 3195 festinato
3394 3143 3447 3195 in

1873 3214 1980 3270 eos
2003 3214 2180 3272 duxit.
2208 3218 2314 3284 Qui
2346 3237 2470 3275 cum
2507 3219 2748 3277 Hebrum
2793 3240 2965 3295 prope
2991 3224 3452 3305 urbem.Tze_rno-

1884 3310 2124 3363 mianum
2160 3313 2596 3383 transjecissent.
2629 3326 2684 3370 et
2737 3316 3036 3387 imperator
3076 3335 3207 3375 suos
3254 3324 3450 3376 eodem

1884 3398 2003 3452 loco
2032 3400 2395 3470 transjiceret,
2423 3403 2596 3458 relicti
2622 3405 2691 3480 ab
2717 3421 2784 3461 eo
2819 3404 3174 3480 Adrianopoli
3199 3427 3305 3466 una
3328 3430 3451 3468 cum

1884 3490 2266 3557 ducibussuis
2292 3495 2383 3551 hic
2408 3512 2469 3552 se
2490 3510 2615 3553 cum
2642 3476 2736 3553 illo
2789 3501 3222 3571 conjunxerunt,
3267 3519 3454 3576 tepore

1886 3592 2051 3638 tatam
2081 3584 2150 3639 de
2194 3584 2453 3643 Barbaris
2502 3588 2784 3645 victoriam
2825 3596 3197 3663 gratulantes;
3234 3615 3455 3653 verunt-

1886 3686 2068 3732 tamen
2100 3679 2368 3749 dolentes,
2398 3696 2510 3735 non
2548 3696 2607 3737 se
2644 3683 2697 3737 in
2728 3693 2971 3755 tempore
2998 3704 3192 3758 pugna:
3219 3690 3350 3747 huic
3377 3692 3457 3746 af.

1885 3769 2097 3835 fuisse,
2152 3785 2279 3826 cum
2326 3773 2802 3832 commilitonibus
2851 3778 3131 3849 fugientes
3182 3776 3455 3852 persecuti

1885 3870 2036 3916 sunt.
2073 3858 2177 3918 Ubi
2215 3862 2285 3917 ad
2317 3857 2585 3919 Tuntzam
2619 3867 2844 3922 fluvium
2895 3883 3273 3939 pervenerunt
3319 3876 3455 3945 ('28).

1886 3952 2117 4025 Scythas
2136 3954 2300 4010 modo
2331 3957 2615 4012 transiisse
2645 3958 3013 4029 signiﬁcatum
3044 3970 3151 4019 est.
3172 3965 3255 4019 lbi
3285 3966 3356 4021 ob
3384 3969 3458 4023 sio

1886 4051 2001 4097 tum
2027 4044 2132 4100 loci
2163 4044 2305 4099 idem
2336 4045 2482 4115 quod
2514 4061 2644 4103 ante
2671 4050 2926 4120 contigit.
2952 4051 3169 4125 Quippe
3200 4072 3327 4111 cum
3353 4059 3456 4129 ipsi

1888 4144 2062 4190 totum
2094 4151 2288 4207 agmen
2327 4137 2645 4210 Scythicum
2683 4142 3078 4214 intuerentur,‘
3105 4147 3175 4203 ab
3217 4149 3324 4205 illis
3375 4163 3459 4206 ta-

1886 4243 2013 4283 men
2043 4226 2312 4300 (exceptis
2363 4231 2528 4301 paulo
2576 4232 2760 4290 minus
2789 4245 3015 4291 centum
3068 4239 3359 4309 primanis,
3399 4244 3454 4299 in

1846 4318 1857 4324 ’
1885 4321 2089 4392 quibus
2120 4324 2239 4393 ipse
2269 4323 2591 4398 imperator)
2624 4343 2731 4383 non
2785 4330 3286 4400 conspiciebantur.
3314 4336 3459 4392 Visis

1888 4413 2150 4471 Romanis
2175 4417 2338 4470 etiam
2356 4418 2455 4486 ipsi
2486 4419 2677 4489 pedem
2702 4437 3107 4490 represserunt,
3130 4426 3222 4480 sed
3246 4427 3313 4482 ad
3342 4444 3461 4485 cer-

220 4516 508 4577 Ἕλθόντες
539 4512 597 4566 δὲ
650 4515 744 4566 καὶ
807 4511 991 4581 ταφῆς
1048 4510 1347 4579 ἠξιωκότες
1407 4511 1532 4574 τοὺς
1561 4512 1774 4580 νεκροὺς

1893 4513 2073 4561 tamen
2107 4520 2214 4562 non
2246 4520 2661 4579 praeesserunt,
2698 4523 2817 4567 tum
2874 4515 3021 4585 quod
3074 4516 3273 4576 ﬂuvius
3336 4539 3461 4578 vere

214 4608 421 4679 (ζῶντα
452 4608 560 4675 γὰρ
592 4605 782 4659 οὐδένα
814 4598 1021 4673 εὗρον),
1063 4603 1201 4676 πρὸς
1239 4602 1340 4671 μὶν
1392 4604 1453 4656 τὸ
1480 4604 1782 4673 στρατόπε..

211 4699 298 4754 δον
337 4697 683 4767 ὑπέστρεψαν
711 4696 916 4758 οὐκέτι,
951 4694 1046 4764 τὴν
1100 4693 1157 4745 δὲ
1200 4692 1336 4761 πρὸς
1367 4694 1436 4747 τὰ
1474 4694 1651 4746 οίκεῖα
1692 4694 1787 4761 φέ-

218 4808 424 4862 ρουσαν
471 4791 631 4859 ἤνυον
676 4788 813 4840 ὀδόν.
860 4786 948 4847 Ὠς
987 4786 1045 4838 δὲ
1080 4785 1325 4854 ἠγγέλθη
1387 4785 1601 4855 βασιλεῖ
1655 4786 1787 4850 περὶ

217 4884 451 4958 Μόδόαν
507 4878 647 4935 εἶναι
709 4878 983 4948 Σκυθικὴν
1055 4879 1348 4948 στρατιὰν,
1404 4878 1782 4948 Διδυμοτείχου

218 4974 474 5039 ἐξελθὼν,
518 4974 750 5044 ἢλαυνεν
781 4972 855 5033 ὡς
894 4966 1007 5040 εἶχε
1048 4970 1249 5039 τάχους
1283 4969 1372 5021 ἐπ’
1405 4971 1626 5033 αὐτούς.
1661 4976 1786 5023 Δια-

221 5068 430 5121 ϐἀντων
455 5066 512 5119 δέ
542 5066 724 5118 αὐτῶν
749 5064 838 5118 τὸν
865 5064 1066 5134 Ἕϐρον
1087 5062 1228 5115 κατὰ
1256 5063 1355 5132 τὴν
1385 5062 1786 5132 Τζερνομιάνου

219 5158 522 5229 λεγομένην
547 5158 723 5222 πόλιν,
762 5159 885 5210 ἐπεὶ
914 5158 1008 5207 καὶ
1035 5155 1063 5206 ὀ
1099 5153 1352 5224 βασιλεὺς
1384 5154 1526 5206 κατὰ
1557 5155 1647 5207 τὸν
1695 5154 1792 5206 αύ-

220 5252 310 5304 τὺν
333 5251 612 5305 διεϐίϐασε
653 5248 824 5318 πόρον
868 5249 945 5316 ἣν
981 5242 1086 5315 ἦγε
1122 5246 1406 5314 στρατιὰν,
1439 5247 1472 5315 ἠ
1506 5244 1649 5298 κατὰ
1691 5247 1792 5314 τὴν

235 5341 674 5414 ’Δδριανούπολιν
695 5338 1126 5405 καταλειφθείσα
1153 5339 1305 5408 παρὰ
1339 5336 1603 5407 βασιλέως
1627 5353 1794 5406 στρα-

222 5436 315 5489 τιὰ
348 5437 465 5505 ἅμα
498 5435 606 5496 τοῖς
639 5431 919 5502 σφετέροις
952 5431 1213 5500 ἄρχουσιν
1256 5428 1494 5483 ἐνταῦθα
1528 5431 1797 5498 προσέμι-

1886 4600 1997 4668 jam
2031 4601 2364 4668 procedente
2424 4611 2762 4676 restagnaret
2795 4646 2811 4672 ,
2847 4616 2959 4661 tum
2995 4609 3156 4682 119
3183 4616 3328 4685 quod
3360 4616 3462 4670 lto-

1891 4692 2073 4747 Stibus
2097 4694 2340 4749 nondum
2377 4696 2638 4752 omnibus
2665 4702 2975 4769 conspectis
3001 4716 3332 4775 metuerent,
3369 4726 3458 4775 ne,

1891 4786 1937 4839 si
1971 4798 2201 4840 numero
2239 4790 2483 4856 superati
2512 4804 2721 4850 essent.
2760 4807 2952 4860 parum
2989 4796 3219 4854 honeste
3267 4804 3461 4870 przelio
3487 4781 3507 4804 ’

1892 4880 2344 4948 defungerentur.
2378 4882 2608 4937 Romani
2642 4885 2896 4941 similiter
2932 4890 3141 4946 cladem
3175 4893 3459 4955 timebant.

1892 4974 1935 5028 si
1970 4974 2154 5044 plures
2180 4972 2365 5028 decem
2401 4974 2646 5042 partibus
2670 4985 2726 5031 et
2750 4978 2986 5047 amplius
3015 4984 3459 5051 aggrederentur.

1893 5064 2162 5120 Creterum
2202 5064 2502 5134 imperator
2527 5081 2651 5120 cum
2710 5068 2904 5138 primis
2932 5070 3039 5126 illis
3086 5073 3377 5143 Romanis,
3407 5092 3463 5133 et

1896 5158 2177 5229 Taspugas
2209 5172 2350 5212 unus
2383 5174 2411 5212 e
2444 5158 2769 5228 Scytharum
2817 5162 3054 5220 ducibus
3083 5181 3205 5222 cum
3236 5170 3461 5225 totidem

1898 5249 2156 5304 llarbaris
2182 5265 2249 5304 cx
2284 5250 2457 5305 altera
2487 5251 2603 5320 ripa
2632 5251 2876 5307 ﬂuminis
2913 5255 3136 5312 brevem
3170 5264 3462 5330 quemdam

1899 5340 2176 5411 dialogum
2217 5340 2549 5395 habuerunt.
2582 5341 2965 5413 interrogante
2996 5348 3217 5420 Scytha,
3239 5348 3461 5421 quinam

1903 5431 2163 5486 mortales
2195 5441 2399 5489 essent.
2449 5433 2750 5504 imperator
2784 5451 2885 5505 per
2932 5442 3222 5507 quemdam
3263 5443 3466 5500 Greca,

1449 5550 1663 5611 Jacobi
1697 5550 1960 5613 Pontani
1998 5557 2185 5610 notae.

295 5657 405 5725 (28)
440 5657 499 5711 ln
540 5654 731 5711 Graeco
770 5663 874 5719 est,
904 5651 1112 5725 Ντζὰν,
1150 5636 1419 5725 corrupte
1451 5653 1661 5725 utique,
1691 5669 1792 5722 pro

228 5720 488 5791 τοῦντζαν
510 5766 525 5788 ,
551 5737 607 5779 ct
631 5726 677 5779 is
706 5725 907 5779 ﬂuvius
962 5720 1238 5778 Maritzam
1262 5762 1275 5783 ,
1306 5723 1421 5776 sive
1464 5720 1748 5777 Mariscam
1770 5765 1783 5787 ,

232 5798 359 5852 olim
384 5797 646 5860 llcbrum,
687 5795 983 5873 illabitur.‘
1023 5792 1081 5845 In
1118 5793 1395 5847 Romaniut
1440 5793 1556 5847 sive
1609 5793 1784 5848 Thra-

1899 5654 1999 5706 ciae
2034 5653 2215 5773 ta‘hula
2283 5653 2430 5707 tertii
2484 5654 2845 5712 additamcnti
2905 5658 3129 5717 Theatri
3191 5660 3466 5723 Orteliani

1899 5729 2075 5775 desert
2104 5735 2252 5775 ntur.

1899 5735 2252 5778 deseruntur.
