  <div class='ocr_page' id='page_1' title='image "/cluster/home/n/w/nwhite01/storage/ocr_20150623/153/hvd.32044019208412/156.png"; bbox 0 0 3918 6650; ppageno 0'>
   <div class='ocr_carea' id='block_1_1' title="bbox 193 402 326 469">
    <p class='ocr_par' dir='ltr' id='par_1_1' title="bbox 193 402 326 469">
     <span class='ocr_line' id='line_1_1' title="bbox 193 402 326 469; baseline 0.023 -3"><span class='ocrx_word' id='word_1_1' title='bbox 193 402 326 469; x_wconf 76' lang='lat'><strong>297</strong></span> 
     </span>
    </p>
   </div>
   <div class='ocr_carea' id='block_1_2' title="bbox 1401 401 2306 468">
    <p class='ocr_par' dir='ltr' id='par_1_2' title="bbox 1401 401 2306 468">
     <span class='ocr_line' id='line_1_2' title="bbox 1401 401 2306 468; baseline 0.002 -3"><span class='ocrx_word' id='word_1_2' title='bbox 1401 401 1948 466; x_wconf 78' lang='lat' dir='ltr'><strong>HISTORIARUM</strong></span> <span class='ocrx_word' id='word_1_3' title='bbox 1988 401 2220 466; x_wconf 82' lang='lat' dir='ltr'><strong>LIBER</strong></span> <span class='ocrx_word' id='word_1_4' title='bbox 2261 405 2306 468; x_wconf 84' lang='grc' dir='ltr'><strong>Ῑ.</strong></span> 
     </span>
    </p>
   </div>
   <div class='ocr_carea' id='block_1_3' title="bbox 3360 407 3469 472">
    <p class='ocr_par' dir='ltr' id='par_1_3' title="bbox 3360 407 3469 472">
     <span class='ocr_line' id='line_1_3' title="bbox 3360 407 3469 472; baseline 0.018 -2"><span class='ocrx_word' id='word_1_5' title='bbox 3360 407 3469 472; x_wconf 79' lang='lat'><strong>293</strong></span> 
     </span>
    </p>
   </div>
   <div class='ocr_carea' id='block_1_4' title="bbox 195 509 1789 588">
    <p class='ocr_par' dir='ltr' id='par_1_4' title="bbox 195 509 1789 588">
     <span class='ocr_line' id='line_1_4' title="bbox 195 509 1789 588; baseline -0.003 -19"><span class='ocrx_word' id='word_1_6' title='bbox 195 514 503 570; x_wconf 75' lang='grc' dir='ltr'><strong>ἀπέλυσεν</strong></span> <span class='ocrx_word' id='word_1_7' title='bbox 545 509 604 571; x_wconf 72' lang='grc' dir='ltr'>εὖ</span> <span class='ocrx_word' id='word_1_8' title='bbox 633 515 868 586; x_wconf 77' lang='grc' dir='ltr'>ποιήσας</span> <span class='ocrx_word' id='word_1_9' title='bbox 907 515 936 569; x_wconf 87' lang='grc' dir='ltr'>ὁ</span> <span class='ocrx_word' id='word_1_10' title='bbox 969 515 1244 588; x_wconf 76' lang='grc' dir='ltr'>βασιλεύς.</span> <span class='ocrx_word' id='word_1_11' title='bbox 1273 514 1355 570; x_wconf 83' lang='grc' dir='ltr'><strong>Τά</strong></span> <span class='ocrx_word' id='word_1_12' title='bbox 1391 515 1573 585; x_wconf 87' lang='grc' dir='ltr'>μέντοι</span> <span class='ocrx_word' id='word_1_13' title='bbox 1609 512 1789 583; x_wconf 77' lang='grc' dir='ltr'>γράμσ</span> 
     </span>
    </p>
   </div>
   <div class='ocr_carea' id='block_1_5' title="bbox 1892 509 3470 588">
    <p class='ocr_par' dir='ltr' id='par_1_5' title="bbox 1896 513 3470 588">
     <span class='ocr_line' id='line_1_5' title="bbox 1896 513 3470 588; baseline 0.005 -21"><span class='ocrx_word' id='word_1_14' title='bbox 1896 525 2079 582; x_wconf 85' lang='lat' dir='ltr'><strong>posse.</strong></span> <span class='ocrx_word' id='word_1_15' title='bbox 2110 513 2156 574; x_wconf 88' lang='lat' dir='ltr'><strong>si</strong></span> <span class='ocrx_word' id='word_1_16' title='bbox 2185 515 2253 570; x_wconf 88' lang='lat' dir='ltr'><strong>iis</strong></span> <span class='ocrx_word' id='word_1_17' title='bbox 2285 514 2354 570; x_wconf 89' lang='lat' dir='ltr'><strong>ab</strong></span> <span class='ocrx_word' id='word_1_18' title='bbox 2381 528 2570 571; x_wconf 83' lang='lat' dir='ltr'><strong>earum</strong></span> <span class='ocrx_word' id='word_1_19' title='bbox 2598 515 2819 573; x_wconf 83' lang='lat' dir='ltr'><strong>urbium</strong></span> <span class='ocrx_word' id='word_1_20' title='bbox 2850 518 3240 588; x_wconf 73' lang='lat' dir='ltr'><strong>procuratione</strong></span> <span class='ocrx_word' id='word_1_21' title='bbox 3269 533 3470 576; x_wconf 78' lang='lat' dir='ltr'><strong>avoca-</strong></span> 
     </span>
    </p>
   </div>
   <div class='ocr_carea' id='block_1_6' title="bbox 201 603 1796 678">
    <p class='ocr_par' dir='ltr' id='par_1_6' title="bbox 201 603 1796 678">
     <span class='ocr_line' id='line_1_6' title="bbox 201 603 1796 678; baseline -0.001 -17"><span class='ocrx_word' id='word_1_22' title='bbox 201 625 378 677; x_wconf 79' lang='grc' dir='ltr'>ματα</span> <span class='ocrx_word' id='word_1_23' title='bbox 426 608 508 672; x_wconf 83' lang='grc' dir='ltr'><strong>είς</strong></span> <span class='ocrx_word' id='word_1_24' title='bbox 550 607 845 673; x_wconf 75' lang='grc' dir='ltr'>Βυζάντιον</span> <span class='ocrx_word' id='word_1_25' title='bbox 877 608 955 678; x_wconf 79' lang='grc' dir='ltr'><strong>τῷ</strong></span> <span class='ocrx_word' id='word_1_26' title='bbox 1011 608 1230 678; x_wconf 83' lang='grc' dir='ltr'>μεγάλῳ</span> <span class='ocrx_word' id='word_1_27' title='bbox 1268 605 1491 677; x_wconf 78' lang='grc' dir='ltr'>πέμψας</span> <span class='ocrx_word' id='word_1_28' title='bbox 1514 603 1796 676; x_wconf 81' lang='grc' dir='ltr'>λογοθέτῃ,</span> 
     </span>
    </p>
   </div>
   <div class='ocr_carea' id='block_1_7' title="bbox 200 694 1798 771">
    <p class='ocr_par' dir='ltr' id='par_1_7' title="bbox 200 694 1798 771">
     <span class='ocr_line' id='line_1_7' title="bbox 200 694 1798 771; baseline -0.003 -19"><span class='ocrx_word' id='word_1_29' title='bbox 200 701 462 771; x_wconf 72' lang='grc' dir='ltr'>παρῄνει</span> <span class='ocrx_word' id='word_1_30' title='bbox 501 717 562 754; x_wconf 86' lang='grc' dir='ltr'><strong>τε</strong></span> <span class='ocrx_word' id='word_1_31' title='bbox 609 701 705 755; x_wconf 69' lang='grc' dir='ltr'><strong>καὶ</strong></span> <span class='ocrx_word' id='word_1_32' title='bbox 731 699 1148 753; x_wconf 75' lang='grc' dir='ltr'>συνεϐουλεύετο</span> <span class='ocrx_word' id='word_1_33' title='bbox 1175 699 1311 753; x_wconf 76' lang='grc' dir='ltr'>αὐτὰ</span> <span class='ocrx_word' id='word_1_34' title='bbox 1345 697 1598 767; x_wconf 82' lang='grc' dir='ltr'>φιλικῶς,</span> <span class='ocrx_word' id='word_1_35' title='bbox 1623 694 1698 758; x_wconf 85' lang='grc' dir='ltr'><strong>ὡς</strong></span> <span class='ocrx_word' id='word_1_36' title='bbox 1729 694 1798 747; x_wconf 87' lang='grc' dir='ltr'><strong>τά</strong></span> 
     </span>
    </p>
   </div>
   <div class='ocr_carea' id='block_1_8' title="bbox 205 785 1798 862">
    <p class='ocr_par' dir='ltr' id='par_1_8' title="bbox 205 785 1798 862">
     <span class='ocr_line' id='line_1_8' title="bbox 205 785 1798 862; baseline -0.004 -17"><span class='ocrx_word' id='word_1_37' title='bbox 205 793 323 860; x_wconf 78' lang='grc' dir='ltr'>μὲν</span> <span class='ocrx_word' id='word_1_38' title='bbox 357 792 665 862; x_wconf 83' lang='grc' dir='ltr'>γράμματα</span> <span class='ocrx_word' id='word_1_39' title='bbox 695 792 858 846; x_wconf 75' lang='grc' dir='ltr'>ταυτὶ</span> <span class='ocrx_word' id='word_1_40' title='bbox 898 789 978 862; x_wconf 80' lang='grc' dir='ltr'><strong>τῷ</strong></span> <span class='ocrx_word' id='word_1_41' title='bbox 1023 791 1259 862; x_wconf 74' lang='grc' dir='ltr'>κηδεστῇ</span> <span class='ocrx_word' id='word_1_42' title='bbox 1301 788 1578 860; x_wconf 78' lang='grc' dir='ltr'><strong>πέμψειαν</strong></span> <span class='ocrx_word' id='word_1_43' title='bbox 1606 788 1654 841; x_wconf 86' lang='grc' dir='ltr'><strong>οί</strong></span> <span class='ocrx_word' id='word_1_44' title='bbox 1690 785 1798 839; x_wconf 86' lang='grc' dir='ltr'>υἱοὶ</span> 
     </span>
    </p>
   </div>
   <div class='ocr_carea' id='block_1_9' title="bbox 205 880 1796 955">
    <p class='ocr_par' dir='ltr' id='par_1_9' title="bbox 205 880 1796 955">
     <span class='ocr_line' id='line_1_9' title="bbox 205 880 1796 955; baseline -0.005 -15"><span class='ocrx_word' id='word_1_45' title='bbox 205 886 466 955; x_wconf 77' lang='grc' dir='ltr'>γέμοντα</span> <span class='ocrx_word' id='word_1_46' title='bbox 501 884 705 953; x_wconf 80' lang='grc' dir='ltr'>πολλῆς</span> <span class='ocrx_word' id='word_1_47' title='bbox 755 883 1013 954; x_wconf 78' lang='grc' dir='ltr'>ὑποψίας.</span> <span class='ocrx_word' id='word_1_48' title='bbox 1045 883 1215 937; x_wconf 73' lang='grc' dir='ltr'>Αὑτὸν</span> <span class='ocrx_word' id='word_1_49' title='bbox 1236 883 1292 936; x_wconf 78' lang='grc' dir='ltr'>δὲ</span> <span class='ocrx_word' id='word_1_50' title='bbox 1328 881 1552 936; x_wconf 92' lang='grc' dir='ltr'>ἐκείνων</span> <span class='ocrx_word' id='word_1_51' title='bbox 1580 897 1637 932; x_wconf 88' lang='grc' dir='ltr'><strong>τε</strong></span> <span class='ocrx_word' id='word_1_52' title='bbox 1667 880 1796 934; x_wconf 76' lang='grc' dir='ltr'>ὄντα</span> 
     </span>
    </p>
   </div>
   <div class='ocr_carea' id='block_1_10' title="bbox 210 971 1797 1052">
    <p class='ocr_par' dir='ltr' id='par_1_10' title="bbox 210 971 1797 1052">
     <span class='ocr_line' id='line_1_10' title="bbox 210 971 1797 1052; baseline -0.004 -23"><span class='ocrx_word' id='word_1_53' title='bbox 210 979 442 1052; x_wconf 70' lang='grc' dir='ltr'>πατέρα</span> <span class='ocrx_word' id='word_1_54' title='bbox 499 977 595 1031; x_wconf 76' lang='grc' dir='ltr'>καὶ</span> <span class='ocrx_word' id='word_1_55' title='bbox 635 980 700 1048; x_wconf 79' lang='grc' dir='ltr'>τῇ</span> <span class='ocrx_word' id='word_1_56' title='bbox 744 976 1031 1046; x_wconf 87' lang='grc' dir='ltr'>Ῥωμαίων</span> <span class='ocrx_word' id='word_1_57' title='bbox 1095 974 1364 1046; x_wconf 65' lang='grc' dir='ltr'>ἡγεμονίᾳ</span> <span class='ocrx_word' id='word_1_58' title='bbox 1410 971 1509 1045; x_wconf 79' lang='grc' dir='ltr'>τὴν</span> <span class='ocrx_word' id='word_1_59' title='bbox 1563 971 1797 1042; x_wconf 70' lang='grc' dir='ltr'>δυνατὴν</span> 
     </span>
    </p>
   </div>
   <div class='ocr_carea' id='block_1_11' title="bbox 211 1063 1796 1140">
    <p class='ocr_par' dir='ltr' id='par_1_11' title="bbox 211 1063 1796 1140">
     <span class='ocr_line' id='line_1_11' title="bbox 211 1063 1796 1140; baseline -0.005 -15"><span class='ocrx_word' id='word_1_60' title='bbox 211 1070 494 1138; x_wconf 66' lang='grc' dir='ltr'>ὠφέλειαν</span> <span class='ocrx_word' id='word_1_61' title='bbox 529 1069 813 1139; x_wconf 72' lang='grc' dir='ltr'>ὀφείλοντα</span> <span class='ocrx_word' id='word_1_62' title='bbox 859 1070 1152 1140; x_wconf 75' lang='grc' dir='ltr'>εἰσφέρειν,</span> <span class='ocrx_word' id='word_1_63' title='bbox 1183 1063 1272 1123; x_wconf 79' lang='grc' dir='ltr'>οἷα</span> <span class='ocrx_word' id='word_1_64' title='bbox 1315 1067 1425 1121; x_wconf 88' lang='grc' dir='ltr'><strong>τῶν</strong></span> <span class='ocrx_word' id='word_1_65' title='bbox 1471 1068 1594 1121; x_wconf 80' lang='grc' dir='ltr'>κατ’</span> <span class='ocrx_word' id='word_1_66' title='bbox 1626 1065 1796 1136; x_wconf 75' lang='grc' dir='ltr'>αὐτὴν</span> 
     </span>
    </p>
   </div>
   <div class='ocr_carea' id='block_1_12' title="bbox 213 1160 1793 1235">
    <p class='ocr_par' dir='ltr' id='par_1_12' title="bbox 213 1160 1793 1235">
     <span class='ocr_line' id='line_1_12' title="bbox 213 1160 1793 1235; baseline -0.001 -19"><span class='ocrx_word' id='word_1_67' title='bbox 213 1165 528 1233; x_wconf 79' lang='grc' dir='ltr'>πράγματα</span> <span class='ocrx_word' id='word_1_68' title='bbox 580 1165 651 1218; x_wconf 78' lang='grc' dir='ltr'>δι’</span> <span class='ocrx_word' id='word_1_69' title='bbox 697 1164 860 1218; x_wconf 77' lang='grc' dir='ltr'>αὑτοῦ</span> <span class='ocrx_word' id='word_1_70' title='bbox 909 1163 1318 1235; x_wconf 75' lang='grc' dir='ltr'><strong>διοικουμένων,</strong></span> <span class='ocrx_word' id='word_1_71' title='bbox 1347 1160 1526 1234; x_wconf 83' lang='grc' dir='ltr'>χρεὼν</span> <span class='ocrx_word' id='word_1_72' title='bbox 1552 1161 1793 1226; x_wconf 78' lang='grc' dir='ltr'><strong>ἐκείνους</strong></span> 
     </span>
    </p>
   </div>
   <div class='ocr_carea' id='block_1_13' title="bbox 208 1255 1793 1328">
    <p class='ocr_par' dir='ltr' id='par_1_13' title="bbox 208 1255 1793 1328">
     <span class='ocr_line' id='line_1_13' title="bbox 208 1255 1793 1328; baseline -0.002 -19"><span class='ocrx_word' id='word_1_73' title='bbox 208 1273 275 1309; x_wconf 89' lang='grc' dir='ltr'><strong>τε</strong></span> <span class='ocrx_word' id='word_1_74' title='bbox 315 1257 548 1310; x_wconf 77' lang='grc' dir='ltr'>ἀπαθεῖς</span> <span class='ocrx_word' id='word_1_75' title='bbox 578 1256 764 1309; x_wconf 80' lang='grc' dir='ltr'>κακῶν</span> <span class='ocrx_word' id='word_1_76' title='bbox 809 1259 1017 1328; x_wconf 80' lang='grc' dir='ltr'><strong>τηρεῖν,</strong></span> <span class='ocrx_word' id='word_1_77' title='bbox 1047 1257 1142 1310; x_wconf 80' lang='grc' dir='ltr'>καὶ</span> <span class='ocrx_word' id='word_1_78' title='bbox 1191 1255 1290 1328; x_wconf 79' lang='grc' dir='ltr'>τὴν</span> <span class='ocrx_word' id='word_1_79' title='bbox 1332 1255 1793 1327; x_wconf 78' lang='grc' dir='ltr'>προσδοκωμένην</span> 
     </span>
    </p>
   </div>
   <div class='ocr_carea' id='block_1_14' title="bbox 209 1348 1796 1421">
    <p class='ocr_par' dir='ltr' id='par_1_14' title="bbox 209 1348 1796 1421">
     <span class='ocr_line' id='line_1_14' title="bbox 209 1348 1796 1421; baseline 0.002 -21"><span class='ocrx_word' id='word_1_80' title='bbox 209 1348 316 1400; x_wconf 85' lang='grc' dir='ltr'>ἀπ’</span> <span class='ocrx_word' id='word_1_81' title='bbox 373 1348 557 1402; x_wconf 82' lang='grc' dir='ltr'>αὐτῶν</span> <span class='ocrx_word' id='word_1_82' title='bbox 607 1348 1068 1419; x_wconf 80' lang='grc' dir='ltr'>προαναστέλλειν</span> <span class='ocrx_word' id='word_1_83' title='bbox 1132 1348 1361 1421; x_wconf 78' lang='grc' dir='ltr'>βλάϐην.</span> <span class='ocrx_word' id='word_1_84' title='bbox 1397 1349 1571 1402; x_wconf 81' lang='grc' dir='ltr'>Τοῦτο</span> <span class='ocrx_word' id='word_1_85' title='bbox 1615 1349 1673 1403; x_wconf 80' lang='grc' dir='ltr'>δὲ</span> <span class='ocrx_word' id='word_1_86' title='bbox 1702 1348 1796 1411; x_wconf 81' lang='grc' dir='ltr'>γέ-</span> 
     </span>
    </p>
   </div>
   <div class='ocr_carea' id='block_1_15' title="bbox 211 1439 1792 1512">
    <p class='ocr_par' dir='ltr' id='par_1_15' title="bbox 211 1439 1792 1512">
     <span class='ocr_line' id='line_1_15' title="bbox 211 1439 1792 1512; baseline 0.003 -21"><span class='ocrx_word' id='word_1_87' title='bbox 211 1439 352 1492; x_wconf 77' lang='grc' dir='ltr'>νοιτ’</span> <span class='ocrx_word' id='word_1_88' title='bbox 401 1439 490 1504; x_wconf 81' lang='grc' dir='ltr'>ἂν,</span> <span class='ocrx_word' id='word_1_89' title='bbox 535 1440 583 1494; x_wconf 82' lang='grc' dir='ltr'><strong>εί</strong></span> <span class='ocrx_word' id='word_1_90' title='bbox 641 1440 844 1505; x_wconf 70' lang='grc' dir='ltr'>αὐτοὺς</span> <span class='ocrx_word' id='word_1_91' title='bbox 900 1442 999 1512; x_wconf 85' lang='grc' dir='ltr'>μὲν</span> <span class='ocrx_word' id='word_1_92' title='bbox 1051 1441 1144 1495; x_wconf 77' lang='grc' dir='ltr'><strong>τοῦ</strong></span> <span class='ocrx_word' id='word_1_93' title='bbox 1175 1441 1290 1495; x_wconf 83' lang='grc' dir='ltr'><strong>τῶν</strong></span> <span class='ocrx_word' id='word_1_94' title='bbox 1328 1439 1535 1495; x_wconf 87' lang='grc' dir='ltr'>πόλεων</span> <span class='ocrx_word' id='word_1_95' title='bbox 1566 1441 1792 1495; x_wconf 86' lang='grc' dir='ltr'>ἐκείνων</span> 
     </span>
    </p>
   </div>
   <div class='ocr_carea' id='block_1_16' title="bbox 212 1533 1792 1606">
    <p class='ocr_par' dir='ltr' id='par_1_16' title="bbox 212 1533 1792 1606">
     <span class='ocr_line' id='line_1_16' title="bbox 212 1533 1792 1606; baseline -0.001 -19"><span class='ocrx_word' id='word_1_96' title='bbox 212 1533 414 1605; x_wconf 78' lang='grc' dir='ltr'>ἄρχειν</span> <span class='ocrx_word' id='word_1_97' title='bbox 456 1534 788 1606; x_wconf 88' lang='grc' dir='ltr'>ἀποστήσας,</span> <span class='ocrx_word' id='word_1_98' title='bbox 821 1535 1046 1606; x_wconf 82' lang='grc' dir='ltr'>ἐτέρους</span> <span class='ocrx_word' id='word_1_99' title='bbox 1089 1534 1436 1598; x_wconf 74' lang='grc' dir='ltr'>ἀνυπόπτους</span> <span class='ocrx_word' id='word_1_100' title='bbox 1482 1535 1792 1605; x_wconf 78' lang='grc' dir='ltr'>ἐπιστήσει,</span> 
     </span>
    </p>
   </div>
   <div class='ocr_carea' id='block_1_17' title="bbox 214 1616 1791 1696">
    <p class='ocr_par' dir='ltr' id='par_1_17' title="bbox 214 1616 1791 1696">
     <span class='ocr_line' id='line_1_17' title="bbox 214 1616 1791 1696; baseline 0.001 -20"><span class='ocrx_word' id='word_1_101' title='bbox 214 1623 405 1684; x_wconf 80' lang='grc' dir='ltr'>αὐτοῖς</span> <span class='ocrx_word' id='word_1_102' title='bbox 438 1622 494 1677; x_wconf 78' lang='grc' dir='ltr'>δὲ</span> <span class='ocrx_word' id='word_1_103' title='bbox 530 1623 719 1693; x_wconf 83' lang='grc' dir='ltr'>ἐτέρας</span> <span class='ocrx_word' id='word_1_104' title='bbox 755 1621 928 1692; x_wconf 79' lang='grc' dir='ltr'>ἀρχὰς</span> <span class='ocrx_word' id='word_1_105' title='bbox 961 1617 995 1696; x_wconf 72' lang='grc' dir='ltr'>ᾗ</span> <span class='ocrx_word' id='word_1_106' title='bbox 1039 1623 1104 1675; x_wconf 81' lang='grc' dir='ltr'>ἂν</span> <span class='ocrx_word' id='word_1_107' title='bbox 1128 1616 1282 1692; x_wconf 78' lang='grc' dir='ltr'>αὐτῷ</span> <span class='ocrx_word' id='word_1_108' title='bbox 1315 1622 1443 1693; x_wconf 80' lang='grc' dir='ltr'>δοκῇ</span> <span class='ocrx_word' id='word_1_109' title='bbox 1486 1621 1791 1678; x_wconf 80' lang='grc' dir='ltr'>λυσιτελεῖν</span> 
     </span>
    </p>
   </div>
   <div class='ocr_carea' id='block_1_18' title="bbox 145 1708 1782 1784">
    <p class='ocr_par' dir='ltr' id='par_1_18' title="bbox 145 1708 1782 1784">
     <span class='ocr_line' id='line_1_18' title="bbox 145 1708 1782 1784; baseline 0 -18"><span class='ocrx_word' id='word_1_110' title='bbox 145 1736 162 1758; x_wconf 74' lang='grc' dir='ltr'><strong>ι</strong></span> <span class='ocrx_word' id='word_1_111' title='bbox 213 1713 543 1783; x_wconf 76' lang='grc' dir='ltr'>ἐγχειρίσει.</span> <span class='ocrx_word' id='word_1_112' title='bbox 592 1713 744 1784; x_wconf 79' lang='grc' dir='ltr'>Ἐμοὶ</span> <span class='ocrx_word' id='word_1_113' title='bbox 781 1711 882 1784; x_wconf 79' lang='grc' dir='ltr'>μὲν</span> <span class='ocrx_word' id='word_1_114' title='bbox 908 1709 1002 1768; x_wconf 77' lang='grc' dir='ltr'>οὖν</span> <span class='ocrx_word' id='word_1_115' title='bbox 1037 1713 1137 1767; x_wconf 76' lang='grc' dir='ltr'>οὐκ</span> <span class='ocrx_word' id='word_1_116' title='bbox 1165 1712 1370 1782; x_wconf 72' lang='grc' dir='ltr'>ἀγαθὸν</span> <span class='ocrx_word' id='word_1_117' title='bbox 1400 1711 1602 1779; x_wconf 78' lang='grc' dir='ltr'>ἔδοξεν,</span> <span class='ocrx_word' id='word_1_118' title='bbox 1634 1708 1782 1782; x_wconf 78' lang='grc' dir='ltr'>εἷπε,</span> 
     </span>
    </p>
   </div>
   <div class='ocr_carea' id='block_1_19' title="bbox 210 1805 1786 1877">
    <p class='ocr_par' dir='ltr' id='par_1_19' title="bbox 210 1805 1786 1877">
     <span class='ocr_line' id='line_1_19' title="bbox 210 1805 1786 1877; baseline 0 -19"><span class='ocrx_word' id='word_1_119' title='bbox 210 1805 294 1877; x_wconf 82' lang='grc' dir='ltr'>τῷ</span> <span class='ocrx_word' id='word_1_120' title='bbox 335 1805 548 1876; x_wconf 83' lang='grc' dir='ltr'>βασιλεῖ</span> <span class='ocrx_word' id='word_1_121' title='bbox 589 1805 658 1860; x_wconf 73' lang='grc' dir='ltr'>τὰ</span> <span class='ocrx_word' id='word_1_122' title='bbox 705 1807 932 1860; x_wconf 82' lang='grc' dir='ltr'>τοιαῦτα</span> <span class='ocrx_word' id='word_1_123' title='bbox 990 1810 1295 1876; x_wconf 84' lang='grc' dir='ltr'>γράμματα</span> <span class='ocrx_word' id='word_1_124' title='bbox 1351 1807 1584 1876; x_wconf 81' lang='grc' dir='ltr'>ποιῆσαι</span> <span class='ocrx_word' id='word_1_125' title='bbox 1629 1805 1786 1876; x_wconf 83' lang='grc' dir='ltr'>δῆλα,</span> 
     </span>
    </p>
   </div>
   <div class='ocr_carea' id='block_1_20' title="bbox 211 1897 1786 1970">
    <p class='ocr_par' dir='ltr' id='par_1_20' title="bbox 211 1897 1786 1970">
     <span class='ocr_line' id='line_1_20' title="bbox 211 1897 1786 1970; baseline 0 -19"><span class='ocrx_word' id='word_1_126' title='bbox 211 1897 355 1951; x_wconf 79' lang='grc' dir='ltr'><strong>ἀλλά</strong></span> <span class='ocrx_word' id='word_1_127' title='bbox 381 1899 526 1969; x_wconf 82' lang='grc' dir='ltr'>μόνῳ</span> <span class='ocrx_word' id='word_1_128' title='bbox 556 1915 639 1952; x_wconf 79' lang='grc' dir='ltr'><strong>σοι</strong></span> <span class='ocrx_word' id='word_1_129' title='bbox 664 1915 680 1931; x_wconf 87' lang='grc'><strong>·</strong></span> <span class='ocrx_word' id='word_1_130' title='bbox 708 1899 781 1963; x_wconf 81' lang='grc' dir='ltr'>ὡς</span> <span class='ocrx_word' id='word_1_131' title='bbox 801 1898 864 1953; x_wconf 73' lang='grc' dir='ltr'>ἂν</span> <span class='ocrx_word' id='word_1_132' title='bbox 889 1901 1104 1966; x_wconf 80' lang='grc' dir='ltr'>συνετὸς</span> <span class='ocrx_word' id='word_1_133' title='bbox 1132 1897 1230 1966; x_wconf 82' lang='grc' dir='ltr'>ὢν,</span> <span class='ocrx_word' id='word_1_134' title='bbox 1259 1898 1327 1954; x_wconf 84' lang='grc' dir='ltr'>τά</span> <span class='ocrx_word' id='word_1_135' title='bbox 1351 1917 1410 1953; x_wconf 88' lang='grc' dir='ltr'><strong>τε</strong></span> <span class='ocrx_word' id='word_1_136' title='bbox 1438 1897 1623 1953; x_wconf 91' lang='grc' dir='ltr'>δέοντα</span> <span class='ocrx_word' id='word_1_137' title='bbox 1645 1897 1786 1970; x_wconf 82' lang='grc' dir='ltr'>ὑπὲρ</span> 
     </span>
    </p>
   </div>
   <div class='ocr_carea' id='block_1_21' title="bbox 209 1987 1787 2063">
    <p class='ocr_par' dir='ltr' id='par_1_21' title="bbox 209 1987 1787 2063">
     <span class='ocr_line' id='line_1_21' title="bbox 209 1987 1787 2063; baseline 0.004 -22"><span class='ocrx_word' id='word_1_138' title='bbox 209 1988 330 2041; x_wconf 82' lang='grc' dir='ltr'><strong>τῶν</strong></span> <span class='ocrx_word' id='word_1_139' title='bbox 397 1987 592 2043; x_wconf 69' lang='grc' dir='ltr'>κοινῶν</span> <span class='ocrx_word' id='word_1_140' title='bbox 656 1991 1018 2063; x_wconf 79' lang='grc' dir='ltr'>οίκονομήσῃς</span> <span class='ocrx_word' id='word_1_141' title='bbox 1073 1993 1442 2062; x_wconf 80' lang='grc' dir='ltr'>πραγμάτων,</span> <span class='ocrx_word' id='word_1_142' title='bbox 1501 1995 1597 2047; x_wconf 80' lang='grc' dir='ltr'>καὶ</span> <span class='ocrx_word' id='word_1_143' title='bbox 1671 1997 1787 2057; x_wconf 85' lang='grc' dir='ltr'>τοῖς</span> 
     </span>
    </p>
   </div>
   <div class='ocr_carea' id='block_1_22' title="bbox 214 2078 1787 2154">
    <p class='ocr_par' dir='ltr' id='par_1_22' title="bbox 214 2078 1787 2154">
     <span class='ocr_line' id='line_1_22' title="bbox 214 2078 1787 2154; baseline 0.006 -24"><span class='ocrx_word' id='word_1_144' title='bbox 214 2081 382 2132; x_wconf 71' lang='grc' dir='ltr'>παισὶ</span> <span class='ocrx_word' id='word_1_145' title='bbox 439 2080 510 2133; x_wconf 83' lang='grc' dir='ltr'><strong>τά</strong></span> <span class='ocrx_word' id='word_1_146' title='bbox 549 2078 953 2135; x_wconf 79' lang='grc' dir='ltr'>λυσιτελοῦντα.</span> <span class='ocrx_word' id='word_1_147' title='bbox 982 2078 1241 2148; x_wconf 82' lang='grc' dir='ltr'>Βασιλεὺς</span> <span class='ocrx_word' id='word_1_148' title='bbox 1283 2083 1382 2154; x_wconf 85' lang='grc' dir='ltr'>μὲν</span> <span class='ocrx_word' id='word_1_149' title='bbox 1418 2079 1515 2138; x_wconf 80' lang='grc' dir='ltr'>οὖν</span> <span class='ocrx_word' id='word_1_150' title='bbox 1555 2084 1787 2140; x_wconf 83' lang='grc' dir='ltr'>τοιαῦτα</span> 
     </span>
    </p>
   </div>
   <div class='ocr_carea' id='block_1_23' title="bbox 213 2171 1788 2248">
    <p class='ocr_par' dir='ltr' id='par_1_23' title="bbox 213 2171 1788 2248">
     <span class='ocr_line' id='line_1_23' title="bbox 213 2171 1788 2248; baseline 0.004 -25"><span class='ocrx_word' id='word_1_151' title='bbox 213 2172 296 2242; x_wconf 80' lang='grc' dir='ltr'>τῷ</span> <span class='ocrx_word' id='word_1_152' title='bbox 331 2171 551 2244; x_wconf 77' lang='grc' dir='ltr'>μεγάλῳ</span> <span class='ocrx_word' id='word_1_153' title='bbox 583 2173 934 2227; x_wconf 81' lang='grc' dir='ltr'>συνεϐούλευε</span> <span class='ocrx_word' id='word_1_154' title='bbox 965 2175 1256 2248; x_wconf 77' lang='grc' dir='ltr'>λογοθέτῃο</span> <span class='ocrx_word' id='word_1_155' title='bbox 1292 2175 1320 2228; x_wconf 83' lang='grc' dir='ltr'><strong>ὁ</strong></span> <span class='ocrx_word' id='word_1_156' title='bbox 1352 2175 1431 2243; x_wconf 79' lang='grc' dir='ltr'><strong>δέ,</strong></span> <span class='ocrx_word' id='word_1_157' title='bbox 1463 2176 1788 2232; x_wconf 80' lang='grc' dir='ltr'>πείσθεσθαί</span> 
     </span>
    </p>
   </div>
   <div class='ocr_carea' id='block_1_24' title="bbox 213 2265 1788 2340">
    <p class='ocr_par' dir='ltr' id='par_1_24' title="bbox 213 2265 1788 2340">
     <span class='ocr_line' id='line_1_24' title="bbox 213 2265 1788 2340; baseline 0.005 -24"><span class='ocrx_word' id='word_1_158' title='bbox 213 2281 275 2317; x_wconf 79' lang='grc' dir='ltr'><strong>τε</strong></span> <span class='ocrx_word' id='word_1_159' title='bbox 337 2265 478 2329; x_wconf 76' lang='grc' dir='ltr'>δέον,</span> <span class='ocrx_word' id='word_1_160' title='bbox 537 2267 633 2320; x_wconf 82' lang='grc' dir='ltr'><strong>καὶ</strong></span> <span class='ocrx_word' id='word_1_161' title='bbox 681 2269 908 2337; x_wconf 71' lang='grc' dir='ltr'>χάριτας</span> <span class='ocrx_word' id='word_1_162' title='bbox 950 2266 1050 2336; x_wconf 80' lang='grc' dir='ltr'>τῆς</span> <span class='ocrx_word' id='word_1_163' title='bbox 1097 2269 1209 2321; x_wconf 84' lang='grc' dir='ltr'><strong>τῶν</strong></span> <span class='ocrx_word' id='word_1_164' title='bbox 1273 2267 1406 2320; x_wconf 80' lang='grc' dir='ltr'>υίῶν</span> <span class='ocrx_word' id='word_1_165' title='bbox 1458 2268 1788 2340; x_wconf 73' lang='grc' dir='ltr'>κηδεμονίας</span> 
     </span>
    </p>
   </div>
   <div class='ocr_carea' id='block_1_25' title="bbox 215 2347 1787 2434">
    <p class='ocr_par' dir='ltr' id='par_1_25' title="bbox 215 2347 1787 2434">
     <span class='ocr_line' id='line_1_25' title="bbox 215 2347 1787 2434; baseline 0.003 -23"><span class='ocrx_word' id='word_1_166' title='bbox 215 2357 528 2428; x_wconf 75' lang='grc' dir='ltr'>ὁμολογεῖν,</span> <span class='ocrx_word' id='word_1_167' title='bbox 579 2359 892 2412; x_wconf 74' lang='grc' dir='ltr'>τούναντίον</span> <span class='ocrx_word' id='word_1_168' title='bbox 943 2347 1122 2413; x_wconf 76' lang='grc' dir='ltr'>ἐποίει</span> <span class='ocrx_word' id='word_1_169' title='bbox 1174 2361 1305 2415; x_wconf 75' lang='grc' dir='ltr'>πᾶν.</span> <span class='ocrx_word' id='word_1_170' title='bbox 1361 2360 1622 2432; x_wconf 83' lang='grc' dir='ltr'>Τραχέως</span> <span class='ocrx_word' id='word_1_171' title='bbox 1678 2363 1787 2434; x_wconf 84' lang='grc' dir='ltr'>γὰρ</span> 
     </span>
    </p>
   </div>
   <div class='ocr_carea' id='block_1_26' title="bbox 216 2453 1788 2529">
    <p class='ocr_par' dir='ltr' id='par_1_26' title="bbox 216 2453 1788 2529">
     <span class='ocr_line' id='line_1_26' title="bbox 216 2453 1788 2529; baseline 0.003 -23"><span class='ocrx_word' id='word_1_172' title='bbox 216 2453 657 2524; x_wconf 81' lang='grc' dir='ltr'>ἀποκρινάμενος</span> <span class='ocrx_word' id='word_1_173' title='bbox 715 2455 808 2508; x_wconf 80' lang='grc' dir='ltr'><strong>καὶ</strong></span> <span class='ocrx_word' id='word_1_174' title='bbox 856 2454 1129 2526; x_wconf 80' lang='grc' dir='ltr'>σκληρῶς,</span> <span class='ocrx_word' id='word_1_175' title='bbox 1159 2457 1251 2510; x_wconf 72' lang='grc' dir='ltr'>ἐπὶ</span> <span class='ocrx_word' id='word_1_176' title='bbox 1295 2456 1440 2510; x_wconf 83' lang='grc' dir='ltr'>τέλει</span> <span class='ocrx_word' id='word_1_177' title='bbox 1479 2457 1788 2529; x_wconf 72' lang='grc' dir='ltr'>προσέθηκε</span> 
     </span>
    </p>
   </div>
   <div class='ocr_carea' id='block_1_27' title="bbox 221 2543 1789 2620">
    <p class='ocr_par' dir='ltr' id='par_1_27' title="bbox 221 2543 1789 2620">
     <span class='ocr_line' id='line_1_27' title="bbox 221 2543 1789 2620; baseline 0.005 -24"><span class='ocrx_word' id='word_1_178' title='bbox 221 2546 320 2597; x_wconf 76' lang='grc' dir='ltr'><strong>καὶ</strong></span> <span class='ocrx_word' id='word_1_179' title='bbox 342 2543 518 2613; x_wconf 76' lang='grc' dir='ltr'>τοῦτο,</span> <span class='ocrx_word' id='word_1_180' title='bbox 559 2545 632 2610; x_wconf 84' lang='grc' dir='ltr'><strong>ὡς</strong></span> <span class='ocrx_word' id='word_1_181' title='bbox 678 2545 774 2599; x_wconf 79' lang='grc' dir='ltr'><strong>καὶ</strong></span> <span class='ocrx_word' id='word_1_182' title='bbox 802 2549 912 2610; x_wconf 81' lang='grc' dir='ltr'>τοῖς</span> <span class='ocrx_word' id='word_1_183' title='bbox 941 2547 1083 2612; x_wconf 82' lang='grc' dir='ltr'>δνοις</span> <span class='ocrx_word' id='word_1_184' title='bbox 1122 2549 1155 2619; x_wconf 87' lang='grc' dir='ltr'><strong>ή</strong></span> <span class='ocrx_word' id='word_1_185' title='bbox 1188 2549 1460 2620; x_wconf 76' lang='grc' dir='ltr'>παροιμία</span> <span class='ocrx_word' id='word_1_186' title='bbox 1485 2548 1669 2604; x_wconf 90' lang='grc' dir='ltr'>δίδωσι</span> <span class='ocrx_word' id='word_1_187' title='bbox 1697 2551 1789 2604; x_wconf 81' lang='grc' dir='ltr'>τὸν</span> 
     </span>
    </p>
   </div>
   <div class='ocr_carea' id='block_1_28' title="bbox 224 2625 1791 2712">
    <p class='ocr_par' dir='ltr' id='par_1_28' title="bbox 224 2625 1791 2712">
     <span class='ocr_line' id='line_1_28' title="bbox 224 2625 1791 2712; baseline 0.005 -23"><span class='ocrx_word' id='word_1_188' title='bbox 224 2625 422 2702; x_wconf 70' lang='grc' dir='ltr'>ξὲοντεί</span> <span class='ocrx_word' id='word_1_189' title='bbox 459 2637 745 2703; x_wconf 74' lang='grc' dir='ltr'>ἀντιξέειν.</span> <span class='ocrx_word' id='word_1_190' title='bbox 769 2639 988 2712; x_wconf 78' lang='grc' dir='ltr'><strong>Ταύτην</strong></span> <span class='ocrx_word' id='word_1_191' title='bbox 1029 2641 1130 2712; x_wconf 87' lang='grc' dir='ltr'><strong>μέν</strong></span> <span class='ocrx_word' id='word_1_192' title='bbox 1172 2637 1265 2696; x_wconf 82' lang='grc' dir='ltr'>οὖν</span> <span class='ocrx_word' id='word_1_193' title='bbox 1307 2643 1534 2707; x_wconf 77' lang='grc' dir='ltr'>ἑαυτοὺς</span> <span class='ocrx_word' id='word_1_194' title='bbox 1568 2644 1791 2712; x_wconf 86' lang='grc' dir='ltr'>ἀνερευ-</span> 
     </span>
    </p>
   </div>
   <div class='ocr_carea' id='block_1_29' title="bbox 221 2731 1787 2808">
    <p class='ocr_par' dir='ltr' id='par_1_29' title="bbox 221 2731 1787 2808">
     <span class='ocr_line' id='line_1_29' title="bbox 221 2731 1787 2808; baseline 0.006 -26"><span class='ocrx_word' id='word_1_195' title='bbox 221 2731 423 2794; x_wconf 82' lang='grc' dir='ltr'>νῶντες</span> <span class='ocrx_word' id='word_1_196' title='bbox 457 2731 718 2785; x_wconf 80' lang='grc' dir='ltr'>ὑπενόουν</span> <span class='ocrx_word' id='word_1_197' title='bbox 740 2733 921 2786; x_wconf 70' lang='grc' dir='ltr'>αἰτίαν</span> <span class='ocrx_word' id='word_1_198' title='bbox 942 2735 1021 2798; x_wconf 84' lang='grc' dir='ltr'><strong>είς</strong></span> <span class='ocrx_word' id='word_1_199' title='bbox 1047 2734 1106 2788; x_wconf 84' lang='grc' dir='ltr'><strong>τδ</strong></span> <span class='ocrx_word' id='word_1_200' title='bbox 1132 2735 1487 2806; x_wconf 82' lang='grc' dir='ltr'>πολεμεῖσθαι</span> <span class='ocrx_word' id='word_1_201' title='bbox 1507 2754 1787 2808; x_wconf 84' lang='grc' dir='ltr'>παρεσχη-</span> 
     </span>
    </p>
   </div>
   <div class='ocr_carea' id='block_1_30' title="bbox 227 2819 1787 2896">
    <p class='ocr_par' dir='ltr' id='par_1_30' title="bbox 227 2819 1787 2896">
     <span class='ocr_line' id='line_1_30' title="bbox 227 2819 1787 2896; baseline 0.008 -26"><span class='ocrx_word' id='word_1_202' title='bbox 227 2819 450 2887; x_wconf 73' lang='grc' dir='ltr'>μένους,</span> <span class='ocrx_word' id='word_1_203' title='bbox 495 2821 588 2873; x_wconf 73' lang='grc' dir='ltr'><strong>τὸν</strong></span> <span class='ocrx_word' id='word_1_204' title='bbox 648 2821 822 2891; x_wconf 83' lang='grc' dir='ltr'>μέγαν</span> <span class='ocrx_word' id='word_1_205' title='bbox 874 2822 1324 2894; x_wconf 73' lang='grc' dir='ltr'>ὑπολογιζόμενοι</span> <span class='ocrx_word' id='word_1_206' title='bbox 1375 2827 1787 2896; x_wconf 73' lang='grc' dir='ltr'>παροξυνθέντα</span> 
     </span>
    </p>
   </div>
   <div class='ocr_carea' id='block_1_31' title="bbox 221 2909 1788 2987">
    <p class='ocr_par' dir='ltr' id='par_1_31' title="bbox 221 2909 1788 2987">
     <span class='ocr_line' id='line_1_31' title="bbox 221 2909 1788 2987; baseline 0.006 -24"><span class='ocrx_word' id='word_1_207' title='bbox 221 2909 314 2964; x_wconf 75' lang='grc' dir='ltr'>διὰ</span> <span class='ocrx_word' id='word_1_208' title='bbox 363 2909 534 2966; x_wconf 82' lang='grc' dir='ltr'>ταῦτα</span> <span class='ocrx_word' id='word_1_209' title='bbox 586 2913 881 2986; x_wconf 78' lang='grc' dir='ltr'>λογοθέτην</span> <span class='ocrx_word' id='word_1_210' title='bbox 924 2918 1001 2979; x_wconf 85' lang='grc' dir='ltr'><strong>είς</strong></span> <span class='ocrx_word' id='word_1_211' title='bbox 1027 2919 1087 2970; x_wconf 82' lang='grc' dir='ltr'><strong>τὺ</strong></span> <span class='ocrx_word' id='word_1_212' title='bbox 1115 2918 1376 2986; x_wconf 75' lang='grc' dir='ltr'>πολεμεῖν</span> <span class='ocrx_word' id='word_1_213' title='bbox 1404 2918 1788 2987; x_wconf 78' lang='grc' dir='ltr'>παρακαλέσαι</span> 
     </span>
    </p>
   </div>
   <div class='ocr_carea' id='block_1_32' title="bbox 224 2999 1786 3076">
    <p class='ocr_par' dir='ltr' id='par_1_32' title="bbox 224 2999 1786 3076">
     <span class='ocr_line' id='line_1_32' title="bbox 224 2999 1786 3076; baseline 0.003 -22"><span class='ocrx_word' id='word_1_214' title='bbox 224 3002 318 3054; x_wconf 84' lang='grc' dir='ltr'><strong>τδν</strong></span> <span class='ocrx_word' id='word_1_215' title='bbox 378 3003 638 3074; x_wconf 85' lang='grc' dir='ltr'>βασιλέα·</span> <span class='ocrx_word' id='word_1_216' title='bbox 681 3005 852 3074; x_wconf 80' lang='grc' dir='ltr'>σαφές</span> <span class='ocrx_word' id='word_1_217' title='bbox 915 3007 1098 3076; x_wconf 80' lang='grc' dir='ltr'>μέντοι</span> <span class='ocrx_word' id='word_1_218' title='bbox 1155 2999 1301 3076; x_wconf 84' lang='grc' dir='ltr'>εῐχον</span> <span class='ocrx_word' id='word_1_219' title='bbox 1357 3005 1511 3058; x_wconf 70' lang='grc' dir='ltr'>οὐδὲν</span> <span class='ocrx_word' id='word_1_220' title='bbox 1562 3007 1786 3059; x_wconf 77' lang='grc' dir='ltr'>ειδέναι.</span> 
     </span>
    </p>
   </div>
   <div class='ocr_carea' id='block_1_33' title="bbox 229 3093 1790 3170">
    <p class='ocr_par' dir='ltr' id='par_1_33' title="bbox 229 3093 1790 3170">
     <span class='ocr_line' id='line_1_33' title="bbox 229 3093 1790 3170; baseline 0.003 -22"><span class='ocrx_word' id='word_1_221' title='bbox 229 3093 418 3161; x_wconf 78' lang='grc' dir='ltr'>Ἀξιον</span> <span class='ocrx_word' id='word_1_222' title='bbox 461 3094 516 3149; x_wconf 74' lang='grc' dir='ltr'>δὲ</span> <span class='ocrx_word' id='word_1_223' title='bbox 556 3096 648 3150; x_wconf 79' lang='grc' dir='ltr'>καὶ</span> <span class='ocrx_word' id='word_1_224' title='bbox 685 3097 806 3161; x_wconf 74' lang='grc' dir='ltr'>οἵας</span> <span class='ocrx_word' id='word_1_225' title='bbox 857 3096 1180 3166; x_wconf 75' lang='grc' dir='ltr'>εὐεργεσίας</span> <span class='ocrx_word' id='word_1_226' title='bbox 1235 3099 1371 3166; x_wconf 67' lang='grc' dir='ltr'>πρός</span> <span class='ocrx_word' id='word_1_227' title='bbox 1403 3114 1462 3151; x_wconf 86' lang='grc' dir='ltr'><strong>τε</strong></span> <span class='ocrx_word' id='word_1_228' title='bbox 1497 3095 1790 3170; x_wconf 85' lang='grc' dir='ltr'>λογοθέτην</span> 
     </span>
    </p>
   </div>
   <div class='ocr_carea' id='block_1_34' title="bbox 1901 608 3471 680">
    <p class='ocr_par' dir='ltr' id='par_1_34' title="bbox 1901 608 3471 680">
     <span class='ocr_line' id='line_1_34' title="bbox 1901 608 3471 680; baseline 0.002 -17"><span class='ocrx_word' id='word_1_229' title='bbox 1901 609 1993 671; x_wconf 89' lang='lat' dir='ltr'><strong>tis,</strong></span> <span class='ocrx_word' id='word_1_230' title='bbox 2028 608 2165 663; x_wconf 87' lang='lat' dir='ltr'><strong>alias</strong></span> <span class='ocrx_word' id='word_1_231' title='bbox 2210 609 2567 678; x_wconf 55' lang='lat' dir='ltr'><strong>praefecturas</strong></span> <span class='ocrx_word' id='word_1_232' title='bbox 2601 618 2661 667; x_wconf 92' lang='lat' dir='ltr'><strong>ut</strong></span> <span class='ocrx_word' id='word_1_233' title='bbox 2690 611 2953 680; x_wconf 86' lang='lat' dir='ltr'><strong>expedire</strong></span> <span class='ocrx_word' id='word_1_234' title='bbox 2981 611 3282 678; x_wconf 81' lang='lat' dir='ltr'><strong>videbitur,</strong></span> <span class='ocrx_word' id='word_1_235' title='bbox 3317 627 3471 670; x_wconf 88' lang='lat' dir='ltr'><strong>eom-</strong></span> 
     </span>
    </p>
   </div>
   <div class='ocr_carea' id='block_1_35' title="bbox 1901 698 3468 776">
    <p class='ocr_par' dir='ltr' id='par_1_35' title="bbox 1901 698 3468 776">
     <span class='ocr_line' id='line_1_35' title="bbox 1901 698 3468 776; baseline 0.003 -22"><span class='ocrx_word' id='word_1_236' title='bbox 1901 698 2100 764; x_wconf 87' lang='lat' dir='ltr'><strong>mittat,</strong></span> <span class='ocrx_word' id='word_1_237' title='bbox 2130 708 2186 754; x_wconf 92' lang='lat' dir='ltr'><strong>et</strong></span> <span class='ocrx_word' id='word_1_238' title='bbox 2233 716 2378 756; x_wconf 88' lang='lat' dir='ltr'><strong>nunc</strong></span> <span class='ocrx_word' id='word_1_239' title='bbox 2415 701 2552 756; x_wconf 87' lang='lat' dir='ltr'><strong>alios</strong></span> <span class='ocrx_word' id='word_1_240' title='bbox 2589 717 2697 756; x_wconf 88' lang='lat' dir='ltr'><strong>non</strong></span> <span class='ocrx_word' id='word_1_241' title='bbox 2724 713 3008 772; x_wconf 73' lang='lat' dir='ltr'><strong>suspectos</strong></span> <span class='ocrx_word' id='word_1_242' title='bbox 3043 714 3316 776; x_wconf 85' lang='lat' dir='ltr'><strong>surroget.</strong></span> <span class='ocrx_word' id='word_1_243' title='bbox 3350 704 3468 759; x_wconf 82' lang='lat' dir='ltr'><strong>Sibi</strong></span> 
     </span>
    </p>
   </div>
   <div class='ocr_carea' id='block_1_36' title="bbox 1899 790 3468 867">
    <p class='ocr_par' dir='ltr' id='par_1_36' title="bbox 1899 790 3468 867">
     <span class='ocr_line' id='line_1_36' title="bbox 1899 790 3468 867; baseline 0.007 -27"><span class='ocrx_word' id='word_1_244' title='bbox 1899 790 2099 855; x_wconf 74' lang='lat' dir='ltr'><strong>visum,</strong></span> <span class='ocrx_word' id='word_1_245' title='bbox 2136 790 2232 845; x_wconf 91' lang='lat' dir='ltr'><strong>has</strong></span> <span class='ocrx_word' id='word_1_246' title='bbox 2261 792 2476 847; x_wconf 78' lang='lat' dir='ltr'><strong>litteras</strong></span> <span class='ocrx_word' id='word_1_247' title='bbox 2516 795 2837 863; x_wconf 86' lang='lat' dir='ltr'><strong>imperatori</strong></span> <span class='ocrx_word' id='word_1_248' title='bbox 2873 797 3119 852; x_wconf 85' lang='lat' dir='ltr'><strong>exhiberi</strong></span> <span class='ocrx_word' id='word_1_249' title='bbox 3158 813 3266 852; x_wconf 89' lang='lat' dir='ltr'><strong>non</strong></span> <span class='ocrx_word' id='word_1_250' title='bbox 3302 812 3468 867; x_wconf 83' lang='lat' dir='ltr'><strong>expe-</strong></span> 
     </span>
    </p>
   </div>
   <div class='ocr_carea' id='block_1_37' title="bbox 1897 876 3467 960">
    <p class='ocr_par' dir='ltr' id='par_1_37' title="bbox 1897 876 3467 960">
     <span class='ocr_line' id='line_1_37' title="bbox 1897 876 3467 960; baseline 0.004 -23"><span class='ocrx_word' id='word_1_251' title='bbox 1897 881 2018 939; x_wconf 90' lang='lat' dir='ltr'><strong>dire</strong></span> <span class='ocrx_word' id='word_1_252' title='bbox 2051 900 2066 937; x_wconf 86' lang='lat'><strong>:</strong></span> <span class='ocrx_word' id='word_1_253' title='bbox 2097 884 2191 940; x_wconf 90' lang='lat' dir='ltr'><strong>sed</strong></span> <span class='ocrx_word' id='word_1_254' title='bbox 2224 883 2326 955; x_wconf 87' lang='lat' dir='ltr'><strong>ipsi</strong></span> <span class='ocrx_word' id='word_1_255' title='bbox 2376 886 2515 955; x_wconf 88' lang='lat' dir='ltr'><strong>patri</strong></span> <span class='ocrx_word' id='word_1_256' title='bbox 2555 886 2840 954; x_wconf 83' lang='lat' dir='ltr'><strong>duntaxat,</strong></span> <span class='ocrx_word' id='word_1_257' title='bbox 2885 897 2946 943; x_wconf 89' lang='lat' dir='ltr'><strong>ut</strong></span> <span class='ocrx_word' id='word_1_258' title='bbox 2982 876 3114 943; x_wconf 79' lang='lat' dir='ltr'><strong>cum</strong></span> <span class='ocrx_word' id='word_1_259' title='bbox 3171 891 3467 960; x_wconf 77' lang='lat' dir='ltr'><strong>prudentia</strong></span> 
     </span>
    </p>
   </div>
   <div class='ocr_carea' id='block_1_38' title="bbox 1897 977 3476 1051">
    <p class='ocr_par' dir='ltr' id='par_1_38' title="bbox 1897 977 3476 1051">
     <span class='ocr_line' id='line_1_38' title="bbox 1897 977 3476 1051; baseline 0.003 -23"><span class='ocrx_word' id='word_1_260' title='bbox 1897 984 2138 1044; x_wconf 69' lang='lat' dir='ltr'><strong>praestet,</strong></span> <span class='ocrx_word' id='word_1_261' title='bbox 2165 991 2285 1046; x_wconf 75' lang='lat' dir='ltr'><strong>quae</strong></span> <span class='ocrx_word' id='word_1_262' title='bbox 2316 977 2630 1046; x_wconf 67' lang='lat' dir='ltr'><strong>reipublicae</strong></span> <span class='ocrx_word' id='word_1_263' title='bbox 2660 980 2902 1034; x_wconf 84' lang='lat' dir='ltr'><strong>rationes</strong></span> <span class='ocrx_word' id='word_1_264' title='bbox 2924 982 3224 1050; x_wconf 88' lang='lat' dir='ltr'><strong>postulent,</strong></span> <span class='ocrx_word' id='word_1_265' title='bbox 3251 997 3312 1036; x_wconf 89' lang='lat' dir='ltr'><strong>ea</strong></span> <span class='ocrx_word' id='word_1_266' title='bbox 3343 996 3476 1051; x_wconf 81' lang='lat' dir='ltr'><strong>pro-</strong></span> 
     </span>
    </p>
   </div>
   <div class='ocr_carea' id='block_1_39' title="bbox 1899 1067 3471 1140">
    <p class='ocr_par' dir='ltr' id='par_1_39' title="bbox 1899 1067 3471 1140">
     <span class='ocr_line' id='line_1_39' title="bbox 1899 1067 3471 1140; baseline 0.006 -21"><span class='ocrx_word' id='word_1_267' title='bbox 1899 1067 2083 1122; x_wconf 81' lang='lat' dir='ltr'><strong>videat</strong></span> <span class='ocrx_word' id='word_1_268' title='bbox 2121 1078 2284 1140; x_wconf 89' lang='lat' dir='ltr'><strong>atque</strong></span> <span class='ocrx_word' id='word_1_269' title='bbox 2333 1070 2702 1135; x_wconf 87' lang='lat' dir='ltr'><strong>administret,</strong></span> <span class='ocrx_word' id='word_1_270' title='bbox 2771 1081 2828 1127; x_wconf 90' lang='lat' dir='ltr'><strong>et</strong></span> <span class='ocrx_word' id='word_1_271' title='bbox 2876 1073 3115 1128; x_wconf 81' lang='lat' dir='ltr'><strong>ﬁliorum</strong></span> <span class='ocrx_word' id='word_1_272' title='bbox 3166 1075 3329 1129; x_wconf 89' lang='lat' dir='ltr'><strong>saluti</strong></span> <span class='ocrx_word' id='word_1_273' title='bbox 3373 1073 3471 1129; x_wconf 91' lang='lat' dir='ltr'><strong>det</strong></span> 
     </span>
    </p>
   </div>
   <div class='ocr_carea' id='block_1_40' title="bbox 1897 1162 3470 1237">
    <p class='ocr_par' dir='ltr' id='par_1_40' title="bbox 1897 1162 3470 1237">
     <span class='ocr_line' id='line_1_40' title="bbox 1897 1162 3470 1237; baseline 0.004 -20"><span class='ocrx_word' id='word_1_274' title='bbox 1897 1177 2144 1232; x_wconf 80' lang='lat' dir='ltr'><strong>operam.</strong></span> <span class='ocrx_word' id='word_1_275' title='bbox 2176 1162 2328 1218; x_wconf 67' lang='lat' dir='ltr'><strong>istaec</strong></span> <span class='ocrx_word' id='word_1_276' title='bbox 2350 1162 2654 1234; x_wconf 88' lang='lat' dir='ltr'><strong>imperator</strong></span> <span class='ocrx_word' id='word_1_277' title='bbox 2693 1163 2884 1233; x_wconf 81' lang='lat' dir='ltr'><strong>iunior</strong></span> <span class='ocrx_word' id='word_1_278' title='bbox 2932 1181 3129 1236; x_wconf 86' lang='lat' dir='ltr'><strong>magno</strong></span> <span class='ocrx_word' id='word_1_279' title='bbox 3174 1166 3470 1237; x_wconf 67' lang='lat' dir='ltr'><strong>logotheta:</strong></span> 
     </span>
    </p>
   </div>
   <div class='ocr_carea' id='block_1_41' title="bbox 1895 1255 3472 1326">
    <p class='ocr_par' dir='ltr' id='par_1_41' title="bbox 1895 1255 3472 1326">
     <span class='ocr_line' id='line_1_41' title="bbox 1895 1255 3472 1326; baseline 0.002 -17"><span class='ocrx_word' id='word_1_280' title='bbox 1895 1255 2102 1320; x_wconf 89' lang='lat' dir='ltr'><strong>suasit;</strong></span> <span class='ocrx_word' id='word_1_281' title='bbox 2132 1270 2294 1326; x_wconf 85' lang='lat' dir='ltr'><strong>quem</strong></span> <span class='ocrx_word' id='word_1_282' title='bbox 2349 1271 2473 1310; x_wconf 90' lang='lat' dir='ltr'><strong>cum</strong></span> <span class='ocrx_word' id='word_1_283' title='bbox 2514 1256 2824 1312; x_wconf 86' lang='lat' dir='ltr'><strong>auscultare</strong></span> <span class='ocrx_word' id='word_1_284' title='bbox 2861 1271 2924 1311; x_wconf 86' lang='lat' dir='ltr'><strong>ac</strong></span> <span class='ocrx_word' id='word_1_285' title='bbox 2959 1272 3063 1326; x_wconf 78' lang='lat' dir='ltr'><strong>pro</strong></span> <span class='ocrx_word' id='word_1_286' title='bbox 3091 1257 3328 1312; x_wconf 83' lang='lat' dir='ltr'><strong>ﬁliorum</strong></span> <span class='ocrx_word' id='word_1_287' title='bbox 3359 1261 3472 1312; x_wconf 86' lang='lat' dir='ltr'><strong>sol-</strong></span> 
     </span>
    </p>
   </div>
   <div class='ocr_carea' id='block_1_42' title="bbox 1893 1345 3471 1418">
    <p class='ocr_par' dir='ltr' id='par_1_42' title="bbox 1893 1345 3471 1418">
     <span class='ocr_line' id='line_1_42' title="bbox 1893 1345 3471 1418; baseline 0.004 -18"><span class='ocrx_word' id='word_1_288' title='bbox 1893 1345 2182 1400; x_wconf 88' lang='lat' dir='ltr'><strong>lieitudine</strong></span> <span class='ocrx_word' id='word_1_289' title='bbox 2210 1347 2411 1416; x_wconf 81' lang='lat' dir='ltr'><strong>gratias</strong></span> <span class='ocrx_word' id='word_1_290' title='bbox 2441 1361 2604 1418; x_wconf 84' lang='lat' dir='ltr'><strong>agere</strong></span> <span class='ocrx_word' id='word_1_291' title='bbox 2641 1348 3003 1416; x_wconf 80' lang='lat' dir='ltr'><strong>oportuisset.</strong></span> <span class='ocrx_word' id='word_1_292' title='bbox 3036 1349 3266 1403; x_wconf 89' lang='lat' dir='ltr'><strong>omnino</strong></span> <span class='ocrx_word' id='word_1_293' title='bbox 3309 1365 3471 1406; x_wconf 80' lang='lat' dir='ltr'><strong>secus</strong></span> 
     </span>
    </p>
   </div>
   <div class='ocr_carea' id='block_1_43' title="bbox 1892 1435 3474 1509">
    <p class='ocr_par' dir='ltr' id='par_1_43' title="bbox 1892 1435 3474 1509">
     <span class='ocr_line' id='line_1_43' title="bbox 1892 1435 3474 1509; baseline 0.004 -19"><span class='ocrx_word' id='word_1_294' title='bbox 1892 1435 2042 1503; x_wconf 79' lang='lat' dir='ltr'><strong>egit;</strong></span> <span class='ocrx_word' id='word_1_295' title='bbox 2076 1449 2268 1505; x_wconf 86' lang='lat' dir='ltr'><strong>aspere</strong></span> <span class='ocrx_word' id='word_1_296' title='bbox 2302 1437 2472 1498; x_wconf 90' lang='lat' dir='ltr'><strong>enim,</strong></span> <span class='ocrx_word' id='word_1_297' title='bbox 2505 1446 2564 1493; x_wconf 89' lang='lat' dir='ltr'><strong>et</strong></span> <span class='ocrx_word' id='word_1_298' title='bbox 2590 1438 2788 1494; x_wconf 78' lang='lat' dir='ltr'><strong>acerbe</strong></span> <span class='ocrx_word' id='word_1_299' title='bbox 2815 1439 3173 1509; x_wconf 83' lang='lat' dir='ltr'><strong>respondens,</strong></span> <span class='ocrx_word' id='word_1_300' title='bbox 3205 1440 3258 1495; x_wconf 90' lang='lat' dir='ltr'><strong>in</strong></span> <span class='ocrx_word' id='word_1_301' title='bbox 3287 1451 3474 1497; x_wconf 80' lang='lat' dir='ltr'><strong>extre-</strong></span> 
     </span>
    </p>
   </div>
   <div class='ocr_carea' id='block_1_44' title="bbox 1894 1527 3472 1601">
    <p class='ocr_par' dir='ltr' id='par_1_44' title="bbox 1894 1527 3472 1601">
     <span class='ocr_line' id='line_1_44' title="bbox 1894 1527 3472 1601; baseline 0.005 -21"><span class='ocrx_word' id='word_1_302' title='bbox 1894 1541 1985 1582; x_wconf 88' lang='lat' dir='ltr'><strong>mo</strong></span> <span class='ocrx_word' id='word_1_303' title='bbox 2015 1527 2211 1598; x_wconf 78' lang='lat' dir='ltr'><strong>adjecit</strong></span> <span class='ocrx_word' id='word_1_304' title='bbox 2240 1527 2405 1584; x_wconf 90' lang='lat' dir='ltr'><strong>etiam</strong></span> <span class='ocrx_word' id='word_1_305' title='bbox 2437 1529 2542 1584; x_wconf 82' lang='lat' dir='ltr'><strong>hee</strong></span> <span class='ocrx_word' id='word_1_306' title='bbox 2574 1547 2588 1584; x_wconf 91' lang='lat'><strong>:</strong></span> <span class='ocrx_word' id='word_1_307' title='bbox 2619 1530 2780 1586; x_wconf 83' lang='lat' dir='ltr'><strong>Juxta</strong></span> <span class='ocrx_word' id='word_1_308' title='bbox 2808 1531 3184 1601; x_wconf 87' lang='lat' dir='ltr'><strong>proverbium,</strong></span> <span class='ocrx_word' id='word_1_309' title='bbox 3220 1533 3386 1588; x_wconf 84' lang='lat' dir='ltr'><strong>licere</strong></span> <span class='ocrx_word' id='word_1_310' title='bbox 3415 1541 3472 1588; x_wconf 88' lang='lat' dir='ltr'><strong>et</strong></span> 
     </span>
    </p>
   </div>
   <div class='ocr_carea' id='block_1_45' title="bbox 1892 1611 3474 1696">
    <p class='ocr_par' dir='ltr' id='par_1_45' title="bbox 1892 1611 3474 1696">
     <span class='ocr_line' id='line_1_45' title="bbox 1892 1611 3474 1696; baseline 0.004 -23"><span class='ocrx_word' id='word_1_311' title='bbox 1892 1611 2076 1674; x_wconf 77' lang='lat' dir='ltr'><strong>asellis</strong></span> <span class='ocrx_word' id='word_1_312' title='bbox 2096 1631 2343 1675; x_wconf 88' lang='lat' dir='ltr'><strong>mutuum</strong></span> <span class='ocrx_word' id='word_1_313' title='bbox 2363 1622 2609 1678; x_wconf 85' lang='lat' dir='ltr'><strong>scabere.</strong></span> <span class='ocrx_word' id='word_1_314' title='bbox 2627 1621 2776 1679; x_wconf 83' lang='lat' dir='ltr'><strong>lianc</strong></span> <span class='ocrx_word' id='word_1_315' title='bbox 2791 1624 2998 1694; x_wconf 81' lang='lat' dir='ltr'><strong>itaque,</strong></span> <span class='ocrx_word' id='word_1_316' title='bbox 3019 1624 3072 1680; x_wconf 92' lang='lat' dir='ltr'><strong>in</strong></span> <span class='ocrx_word' id='word_1_317' title='bbox 3085 1635 3256 1681; x_wconf 90' lang='lat' dir='ltr'><strong>semet</strong></span> <span class='ocrx_word' id='word_1_318' title='bbox 3281 1627 3433 1696; x_wconf 88' lang='lat' dir='ltr'><strong>inqui</strong></span> <span class='ocrx_word' id='word_1_319' title='bbox 3448 1653 3474 1665; x_wconf 86' lang='lat'><strong>-</strong></span> 
     </span>
    </p>
   </div>
   <div class='ocr_carea' id='block_1_46' title="bbox 1893 1715 3473 1788">
    <p class='ocr_par' dir='ltr' id='par_1_46' title="bbox 1893 1715 3473 1788">
     <span class='ocr_line' id='line_1_46' title="bbox 1893 1715 3473 1788; baseline 0.004 -22"><span class='ocrx_word' id='word_1_320' title='bbox 1893 1721 2100 1776; x_wconf 84' lang='lat' dir='ltr'><strong>rentes,</strong></span> <span class='ocrx_word' id='word_1_321' title='bbox 2119 1728 2340 1768; x_wconf 89' lang='lat' dir='ltr'><strong>causam</strong></span> <span class='ocrx_word' id='word_1_322' title='bbox 2369 1715 2509 1769; x_wconf 89' lang='lat' dir='ltr'><strong>bello</strong></span> <span class='ocrx_word' id='word_1_323' title='bbox 2532 1719 2847 1772; x_wconf 85' lang='lat' dir='ltr'><strong>renovando</strong></span> <span class='ocrx_word' id='word_1_324' title='bbox 2869 1731 2929 1772; x_wconf 86' lang='lat' dir='ltr'><strong>se</strong></span> <span class='ocrx_word' id='word_1_325' title='bbox 2950 1717 3200 1773; x_wconf 78' lang='lat' dir='ltr'><strong>attulisse</strong></span> <span class='ocrx_word' id='word_1_326' title='bbox 3225 1720 3473 1788; x_wconf 85' lang='lat' dir='ltr'><strong>suspica-</strong></span> 
     </span>
    </p>
   </div>
   <div class='ocr_carea' id='block_1_47' title="bbox 1891 1802 3472 1882">
    <p class='ocr_par' dir='ltr' id='par_1_47' title="bbox 1891 1802 3472 1882">
     <span class='ocr_line' id='line_1_47' title="bbox 1891 1802 3472 1882; baseline 0.005 -26"><span class='ocrx_word' id='word_1_327' title='bbox 1891 1802 2117 1866; x_wconf 87' lang='lat' dir='ltr'><strong>bantur,</strong></span> <span class='ocrx_word' id='word_1_328' title='bbox 2148 1814 2466 1874; x_wconf 85' lang='lat' dir='ltr'><strong>reputantes</strong></span> <span class='ocrx_word' id='word_1_329' title='bbox 2494 1806 2623 1863; x_wconf 85' lang='lat' dir='ltr'><strong>hinc</strong></span> <span class='ocrx_word' id='word_1_330' title='bbox 2645 1808 2920 1864; x_wconf 88' lang='lat' dir='ltr'><strong>irritatum</strong></span> <span class='ocrx_word' id='word_1_331' title='bbox 2951 1825 3204 1880; x_wconf 83' lang='lat' dir='ltr'><strong>magnum</strong></span> <span class='ocrx_word' id='word_1_332' title='bbox 3227 1809 3472 1882; x_wconf 86' lang='lat' dir='ltr'><strong>logotbe-</strong></span> 
     </span>
    </p>
   </div>
   <div class='ocr_carea' id='block_1_48' title="bbox 1821 1869 3470 1965">
    <p class='ocr_par' dir='ltr' id='par_1_48' title="bbox 1821 1869 3470 1965">
     <span class='ocr_line' id='line_1_48' title="bbox 1821 1869 3470 1965; baseline 0.004 -18"><span class='ocrx_word' id='word_1_333' title='bbox 1821 1869 1863 1924; x_wconf 75' lang='grc' dir='ltr'><strong><em>Β</em></strong></span> <span class='ocrx_word' id='word_1_334' title='bbox 1894 1901 2026 1956; x_wconf 86' lang='lat' dir='ltr'><strong>tam,</strong></span> <span class='ocrx_word' id='word_1_335' title='bbox 2051 1869 2431 1965; x_wconf 72' lang='lat' dir='ltr'><strong>imperatorem</strong></span> <span class='ocrx_word' id='word_1_336' title='bbox 2458 1898 2525 1952; x_wconf 91' lang='lat' dir='ltr'><strong>ad</strong></span> <span class='ocrx_word' id='word_1_337' title='bbox 2549 1912 2700 1954; x_wconf 87' lang='lat' dir='ltr'><strong>arma</strong></span> <span class='ocrx_word' id='word_1_338' title='bbox 2727 1869 3093 1956; x_wconf 40' lang='lat' dir='ltr'><strong>sollicitasse&quot;:</strong></span> <span class='ocrx_word' id='word_1_339' title='bbox 3123 1900 3260 1954; x_wconf 90' lang='lat' dir='ltr'><strong>nihil</strong></span> <span class='ocrx_word' id='word_1_340' title='bbox 3279 1869 3470 1955; x_wconf 60' lang='lat' dir='ltr'><strong>tamen</strong></span> 
     </span>
    </p>
   </div>
   <div class='ocr_carea' id='block_1_49' title="bbox 1888 1989 3474 2064">
    <p class='ocr_par' dir='ltr' id='par_1_49' title="bbox 1888 1989 3474 2064">
     <span class='ocr_line' id='line_1_49' title="bbox 1888 1989 3474 2064; baseline 0.001 -24"><span class='ocrx_word' id='word_1_341' title='bbox 1888 1995 2098 2040; x_wconf 86' lang='lat' dir='ltr'><strong>certum</strong></span> <span class='ocrx_word' id='word_1_342' title='bbox 2123 1989 2264 2043; x_wconf 87' lang='lat' dir='ltr'><strong>seire</strong></span> <span class='ocrx_word' id='word_1_343' title='bbox 2283 1998 2554 2058; x_wconf 80' lang='lat' dir='ltr'><strong>poterant.</strong></span> <span class='ocrx_word' id='word_1_344' title='bbox 2574 1989 2768 2060; x_wconf 72' lang='lat' dir='ltr'><strong>Operae</strong></span> <span class='ocrx_word' id='word_1_345' title='bbox 2791 1993 3028 2061; x_wconf 87' lang='lat' dir='ltr'><strong>pretium</strong></span> <span class='ocrx_word' id='word_1_346' title='bbox 3051 2003 3133 2048; x_wconf 86' lang='lat' dir='ltr'><strong>est</strong></span> <span class='ocrx_word' id='word_1_347' title='bbox 3155 2007 3322 2064; x_wconf 87' lang='lat' dir='ltr'><strong>porro</strong></span> <span class='ocrx_word' id='word_1_348' title='bbox 3339 2007 3474 2061; x_wconf 82' lang='lat' dir='ltr'><strong>pau-</strong></span> 
     </span>
    </p>
   </div>
   <div class='ocr_carea' id='block_1_50' title="bbox 1887 2079 3472 2156">
    <p class='ocr_par' dir='ltr' id='par_1_50' title="bbox 1887 2079 3472 2156">
     <span class='ocr_line' id='line_1_50' title="bbox 1887 2079 3472 2156; baseline 0.005 -23"><span class='ocrx_word' id='word_1_349' title='bbox 1887 2080 1968 2133; x_wconf 70' lang='lat' dir='ltr'><strong>cis</strong></span> <span class='ocrx_word' id='word_1_350' title='bbox 1994 2079 2282 2151; x_wconf 88' lang='lat' dir='ltr'><strong>attingere,</strong></span> <span class='ocrx_word' id='word_1_351' title='bbox 2310 2097 2432 2152; x_wconf 83' lang='lat' dir='ltr'><strong>quae</strong></span> <span class='ocrx_word' id='word_1_352' title='bbox 2460 2083 2723 2140; x_wconf 83' lang='lat' dir='ltr'><strong>beneﬁcia</strong></span> <span class='ocrx_word' id='word_1_353' title='bbox 2741 2085 2929 2155; x_wconf 83' lang='lat' dir='ltr'><strong>junior</strong></span> <span class='ocrx_word' id='word_1_354' title='bbox 2951 2087 3252 2156; x_wconf 86' lang='lat' dir='ltr'><strong>imperator</strong></span> <span class='ocrx_word' id='word_1_355' title='bbox 3273 2085 3328 2140; x_wconf 88' lang='lat' dir='ltr'><strong>in</strong></span> <span class='ocrx_word' id='word_1_356' title='bbox 3357 2085 3472 2141; x_wconf 66' lang='lat' dir='ltr'><strong>Ana</strong></span> 
     </span>
    </p>
   </div>
   <div class='ocr_carea' id='block_1_51' title="bbox 1889 2163 3474 2245">
    <p class='ocr_par' dir='ltr' id='par_1_51' title="bbox 1889 2163 3474 2245">
     <span class='ocr_line' id='line_1_51' title="bbox 1889 2163 3474 2245; baseline 0.005 -23"><span class='ocrx_word' id='word_1_357' title='bbox 1889 2167 2178 2225; x_wconf 83' lang='lat' dir='ltr'><strong>dronicutn</strong></span> <span class='ocrx_word' id='word_1_358' title='bbox 2212 2171 2579 2244; x_wconf 69' lang='lat' dir='ltr'><strong>Palzcologum</strong></span> <span class='ocrx_word' id='word_1_359' title='bbox 2625 2163 3137 2245; x_wconf 44' lang='lat' dir='ltr'><strong>protovesua&#39;riom,</strong></span> <span class='ocrx_word' id='word_1_360' title='bbox 3173 2183 3232 2231; x_wconf 76' lang='lat' dir='ltr'><strong>et</strong></span> <span class='ocrx_word' id='word_1_361' title='bbox 3271 2176 3324 2230; x_wconf 90' lang='lat' dir='ltr'><strong>in</strong></span> <span class='ocrx_word' id='word_1_362' title='bbox 3352 2190 3474 2230; x_wconf 73' lang='lat' dir='ltr'><strong>nta-</strong></span> 
     </span>
    </p>
   </div>
   <div class='ocr_carea' id='block_1_52' title="bbox 1889 2255 3472 2340">
    <p class='ocr_par' dir='ltr' id='par_1_52' title="bbox 1889 2255 3472 2340">
     <span class='ocr_line' id='line_1_52' title="bbox 1889 2255 3472 2340; baseline 0.005 -24"><span class='ocrx_word' id='word_1_363' title='bbox 1889 2275 2056 2332; x_wconf 85' lang='lat' dir='ltr'><strong>gnum</strong></span> <span class='ocrx_word' id='word_1_364' title='bbox 2080 2263 2415 2334; x_wconf 86' lang='lat' dir='ltr'><strong>logothetam</strong></span> <span class='ocrx_word' id='word_1_365' title='bbox 2435 2258 2594 2337; x_wconf 79' lang='lat' dir='ltr'><strong>longe</strong></span> <span class='ocrx_word' id='word_1_366' title='bbox 2619 2267 2928 2340; x_wconf 70' lang='lat' dir='ltr'><strong>pracipuos</strong></span> <span class='ocrx_word' id='word_1_367' title='bbox 2959 2269 3126 2340; x_wconf 80' lang='lat' dir='ltr'><strong>hujus</strong></span> <span class='ocrx_word' id='word_1_368' title='bbox 3154 2270 3302 2326; x_wconf 83' lang='lat' dir='ltr'><strong>tertii</strong></span> <span class='ocrx_word' id='word_1_369' title='bbox 3340 2255 3472 2326; x_wconf 67' lang='lat' dir='ltr'><strong>belli</strong></span> 
     </span>
    </p>
   </div>
   <div class='ocr_carea' id='block_1_53' title="bbox 1889 2354 3474 2433">
    <p class='ocr_par' dir='ltr' id='par_1_53' title="bbox 1889 2354 3474 2433">
     <span class='ocr_line' id='line_1_53' title="bbox 1889 2354 3474 2433; baseline 0.009 -29"><span class='ocrx_word' id='word_1_370' title='bbox 1889 2362 2148 2409; x_wconf 83' lang='lat' dir='ltr'><strong>auctores</strong></span> <span class='ocrx_word' id='word_1_371' title='bbox 2165 2354 2310 2410; x_wconf 87' lang='lat' dir='ltr'><strong>ultro</strong></span> <span class='ocrx_word' id='word_1_372' title='bbox 2331 2358 2630 2412; x_wconf 85' lang='lat' dir='ltr'><strong>contulerit</strong></span> <span class='ocrx_word' id='word_1_373' title='bbox 2653 2376 2666 2414; x_wconf 92' lang='lat'>:</span> <span class='ocrx_word' id='word_1_374' title='bbox 2693 2367 2753 2414; x_wconf 89' lang='lat' dir='ltr'><strong>ut</strong></span> <span class='ocrx_word' id='word_1_375' title='bbox 2774 2359 2827 2414; x_wconf 92' lang='lat' dir='ltr'><strong>in</strong></span> <span class='ocrx_word' id='word_1_376' title='bbox 2847 2361 3064 2426; x_wconf 74' lang='lat' dir='ltr'><strong>qualem</strong></span> <span class='ocrx_word' id='word_1_377' title='bbox 3091 2370 3474 2433; x_wconf 83' lang='lat' dir='ltr'><strong>quantumque</strong></span> 
     </span>
    </p>
   </div>
   <div class='ocr_carea' id='block_1_54' title="bbox 1889 2442 3477 2526">
    <p class='ocr_par' dir='ltr' id='par_1_54' title="bbox 1889 2442 3477 2526">
     <span class='ocr_line' id='line_1_54' title="bbox 1889 2442 3477 2526; baseline 0.009 -28"><span class='ocrx_word' id='word_1_378' title='bbox 1889 2442 2032 2499; x_wconf 83' lang='lat' dir='ltr'><strong>bene</strong></span> <span class='ocrx_word' id='word_1_379' title='bbox 2056 2455 2354 2525; x_wconf 71' lang='lat' dir='ltr'><strong>merentem</strong></span> <span class='ocrx_word' id='word_1_380' title='bbox 2378 2449 2576 2520; x_wconf 86' lang='lat' dir='ltr'><strong>ingrati</strong></span> <span class='ocrx_word' id='word_1_381' title='bbox 2593 2453 2923 2518; x_wconf 83' lang='lat' dir='ltr'><strong>exstiterint,</strong></span> <span class='ocrx_word' id='word_1_382' title='bbox 2945 2467 3280 2526; x_wconf 85' lang='lat' dir='ltr'><strong>cognoscere</strong></span> <span class='ocrx_word' id='word_1_383' title='bbox 3299 2457 3477 2526; x_wconf 84' lang='lat' dir='ltr'><strong>possi-</strong></span> 
     </span>
    </p>
   </div>
   <div class='ocr_carea' id='block_1_55' title="bbox 1891 2536 3469 2614">
    <p class='ocr_par' dir='ltr' id='par_1_55' title="bbox 1891 2536 3469 2614">
     <span class='ocr_line' id='line_1_55' title="bbox 1891 2536 3469 2614; baseline 0.01 -25"><span class='ocrx_word' id='word_1_384' title='bbox 1891 2549 2035 2591; x_wconf 81' lang='lat' dir='ltr'><strong>mus.</strong></span> <span class='ocrx_word' id='word_1_385' title='bbox 2069 2536 2526 2596; x_wconf 82' lang='lat' dir='ltr'><strong>Protovestiarius</strong></span> <span class='ocrx_word' id='word_1_386' title='bbox 2547 2549 2777 2598; x_wconf 86' lang='lat' dir='ltr'><strong>matrem</strong></span> <span class='ocrx_word' id='word_1_387' title='bbox 2802 2545 2996 2600; x_wconf 85' lang='lat' dir='ltr'><strong>habuit</strong></span> <span class='ocrx_word' id='word_1_388' title='bbox 3021 2547 3259 2614; x_wconf 74' lang='lat' dir='ltr'><strong>Annam,</strong></span> <span class='ocrx_word' id='word_1_389' title='bbox 3310 2562 3469 2604; x_wconf 80' lang='lat' dir='ltr'><strong>soro-</strong></span> 
     </span>
    </p>
   </div>
   <div class='ocr_carea' id='block_1_56' title="bbox 1891 2629 3470 2706">
    <p class='ocr_par' dir='ltr' id='par_1_56' title="bbox 1891 2629 3470 2706">
     <span class='ocr_line' id='line_1_56' title="bbox 1891 2629 3470 2706; baseline 0.009 -25"><span class='ocrx_word' id='word_1_390' title='bbox 1891 2643 2007 2682; x_wconf 89' lang='lat' dir='ltr'><strong>rem</strong></span> <span class='ocrx_word' id='word_1_391' title='bbox 2038 2629 2336 2686; x_wconf 86' lang='lat' dir='ltr'><strong>Andronici</strong></span> <span class='ocrx_word' id='word_1_392' title='bbox 2374 2633 2630 2699; x_wconf 84' lang='lat' dir='ltr'><strong>senioris,</strong></span> <span class='ocrx_word' id='word_1_393' title='bbox 2651 2651 2774 2706; x_wconf 64' lang='lat' dir='ltr'><strong>quae</strong></span> <span class='ocrx_word' id='word_1_394' title='bbox 2803 2637 3056 2693; x_wconf 71' lang='lat' dir='ltr'><strong>Michaeli</strong></span> <span class='ocrx_word' id='word_1_395' title='bbox 3081 2639 3238 2705; x_wconf 89' lang='lat' dir='ltr'><strong>duei,</strong></span> <span class='ocrx_word' id='word_1_396' title='bbox 3275 2640 3368 2694; x_wconf 89' lang='lat' dir='ltr'><strong>uni</strong></span> <span class='ocrx_word' id='word_1_397' title='bbox 3399 2653 3470 2695; x_wconf 82' lang='lat' dir='ltr'><strong>ex</strong></span> 
     </span>
    </p>
   </div>
   <div class='ocr_carea' id='block_1_57' title="bbox 1890 2720 3468 2802">
    <p class='ocr_par' dir='ltr' id='par_1_57' title="bbox 1890 2720 3468 2802">
     <span class='ocr_line' id='line_1_57' title="bbox 1890 2720 3468 2802; baseline 0.01 -29"><span class='ocrx_word' id='word_1_398' title='bbox 1890 2720 2233 2790; x_wconf 87' lang='lat' dir='ltr'><strong>principibus</strong></span> <span class='ocrx_word' id='word_1_399' title='bbox 2256 2724 2428 2780; x_wconf 55' lang='lat' dir='ltr'><strong>Patrae</strong></span> <span class='ocrx_word' id='word_1_400' title='bbox 2457 2735 2512 2781; x_wconf 91' lang='lat' dir='ltr'><strong>et</strong></span> <span class='ocrx_word' id='word_1_401' title='bbox 2535 2725 2831 2783; x_wconf 82' lang='lat' dir='ltr'><strong>Thessaliae</strong></span> <span class='ocrx_word' id='word_1_402' title='bbox 2855 2730 3222 2802; x_wconf 56' lang='lat' dir='ltr'><strong>circumiecta</strong></span> <span class='ocrx_word' id='word_1_403' title='bbox 3247 2733 3468 2802; x_wconf 78' lang='lat' dir='ltr'><strong>nupsit;</strong></span> 
     </span>
    </p>
   </div>
   <div class='ocr_carea' id='block_1_58' title="bbox 1890 2813 3471 2894">
    <p class='ocr_par' dir='ltr' id='par_1_58' title="bbox 1890 2813 3471 2894">
     <span class='ocr_line' id='line_1_58' title="bbox 1890 2813 3471 2894; baseline 0.006 -26"><span class='ocrx_word' id='word_1_404' title='bbox 1890 2813 1986 2884; x_wconf 86' lang='lat' dir='ltr'><strong>qui</strong></span> <span class='ocrx_word' id='word_1_405' title='bbox 2019 2816 2206 2871; x_wconf 81' lang='lat' dir='ltr'><strong>nescio</strong></span> <span class='ocrx_word' id='word_1_406' title='bbox 2246 2817 2316 2871; x_wconf 92' lang='lat' dir='ltr'><strong>ob</strong></span> <span class='ocrx_word' id='word_1_407' title='bbox 2347 2833 2506 2888; x_wconf 87' lang='lat' dir='ltr'><strong>quam</strong></span> <span class='ocrx_word' id='word_1_408' title='bbox 2549 2823 2987 2876; x_wconf 83' lang='lat' dir='ltr'><strong>controversiam</strong></span> <span class='ocrx_word' id='word_1_409' title='bbox 3030 2839 3288 2894; x_wconf 80' lang='lat' dir='ltr'><strong>maguum</strong></span> <span class='ocrx_word' id='word_1_410' title='bbox 3319 2826 3471 2894; x_wconf 76' lang='lat' dir='ltr'><strong>lego-</strong></span> 
     </span>
    </p>
   </div>
   <div class='ocr_carea' id='block_1_59' title="bbox 1891 2909 3468 2984">
    <p class='ocr_par' dir='ltr' id='par_1_59' title="bbox 1891 2909 3468 2984">
     <span class='ocr_line' id='line_1_59' title="bbox 1891 2909 3468 2984; baseline 0.007 -23"><span class='ocrx_word' id='word_1_411' title='bbox 1891 2909 2094 2962; x_wconf 88' lang='lat' dir='ltr'><strong>thetam</strong></span> <span class='ocrx_word' id='word_1_412' title='bbox 2119 2924 2335 2974; x_wconf 80' lang='lat' dir='ltr'><strong>exosus,</strong></span> <span class='ocrx_word' id='word_1_413' title='bbox 2383 2911 2523 2980; x_wconf 85' lang='lat' dir='ltr'><strong>apud</strong></span> <span class='ocrx_word' id='word_1_414' title='bbox 2570 2912 2958 2981; x_wconf 87' lang='lat' dir='ltr'><strong>imperatorem</strong></span> <span class='ocrx_word' id='word_1_415' title='bbox 2987 2915 3264 2984; x_wconf 84' lang='lat' dir='ltr'><strong>juniorcm</strong></span> <span class='ocrx_word' id='word_1_416' title='bbox 3297 2918 3468 2972; x_wconf 83' lang='lat' dir='ltr'><strong>multa</strong></span> 
     </span>
    </p>
   </div>
   <div class='ocr_carea' id='block_1_60' title="bbox 1892 2998 3470 3071">
    <p class='ocr_par' dir='ltr' id='par_1_60' title="bbox 1892 2998 3470 3071">
     <span class='ocr_line' id='line_1_60' title="bbox 1892 2998 3470 3071; baseline 0.008 -19"><span class='ocrx_word' id='word_1_417' title='bbox 1892 2998 2157 3055; x_wconf 85' lang='lat' dir='ltr'><strong>adversus</strong></span> <span class='ocrx_word' id='word_1_418' title='bbox 2202 3001 2357 3055; x_wconf 84' lang='lat' dir='ltr'><strong>illum</strong></span> <span class='ocrx_word' id='word_1_419' title='bbox 2398 3003 2686 3058; x_wconf 73' lang='lat' dir='ltr'><strong>confusius</strong></span> <span class='ocrx_word' id='word_1_420' title='bbox 2721 3004 2916 3059; x_wconf 86' lang='lat' dir='ltr'><strong>ell‘udit</strong></span> <span class='ocrx_word' id='word_1_421' title='bbox 2945 3047 2960 3071; x_wconf 92' lang='lat'><strong>,</strong></span> <span class='ocrx_word' id='word_1_422' title='bbox 3001 3022 3127 3062; x_wconf 86' lang='lat' dir='ltr'><strong>eum</strong></span> <span class='ocrx_word' id='word_1_423' title='bbox 3170 3008 3275 3062; x_wconf 86' lang='lat' dir='ltr'><strong>bac</strong></span> <span class='ocrx_word' id='word_1_424' title='bbox 3315 3011 3470 3064; x_wconf 77' lang='lat' dir='ltr'><strong>clau-</strong></span> 
     </span>
    </p>
   </div>
   <div class='ocr_carea' id='block_1_61' title="bbox 1891 3093 3468 3172">
    <p class='ocr_par' dir='ltr' id='par_1_61' title="bbox 1891 3093 3468 3172">
     <span class='ocr_line' id='line_1_61' title="bbox 1891 3093 3468 3172; baseline 0.006 -26"><span class='ocrx_word' id='word_1_425' title='bbox 1891 3093 2029 3154; x_wconf 90' lang='lat' dir='ltr'><strong>sula,</strong></span> <span class='ocrx_word' id='word_1_426' title='bbox 2065 3107 2123 3146; x_wconf 88' lang='lat' dir='ltr'><strong>se</strong></span> <span class='ocrx_word' id='word_1_427' title='bbox 2147 3094 2256 3160; x_wconf 89' lang='lat' dir='ltr'><strong>jam</strong></span> <span class='ocrx_word' id='word_1_428' title='bbox 2290 3093 2407 3165; x_wconf 79' lang='lat' dir='ltr'><strong>ejus</strong></span> <span class='ocrx_word' id='word_1_429' title='bbox 2436 3095 2566 3150; x_wconf 91' lang='lat' dir='ltr'><strong>odio</strong></span> <span class='ocrx_word' id='word_1_430' title='bbox 2593 3095 2826 3159; x_wconf 79' lang='lat' dir='ltr'><strong>fessum,</strong></span> <span class='ocrx_word' id='word_1_431' title='bbox 2865 3098 3005 3154; x_wconf 85' lang='lat' dir='ltr'><strong>velle</strong></span> <span class='ocrx_word' id='word_1_432' title='bbox 3042 3099 3320 3154; x_wconf 82' lang='lat' dir='ltr'><strong>hominem</strong></span> <span class='ocrx_word' id='word_1_433' title='bbox 3353 3102 3468 3172; x_wconf 86' lang='lat' dir='ltr'><strong>pla-</strong></span> 
     </span>
    </p>
   </div>
   <div class='ocr_carea' id='block_1_62' title="bbox 227 3178 1789 3267">
    <p class='ocr_par' dir='ltr' id='par_1_62' title="bbox 227 3188 1786 3267">
     <span class='ocr_line' id='line_1_62' title="bbox 227 3188 1786 3267; baseline 0.002 -28"><span class='ocrx_word' id='word_1_434' title='bbox 227 3189 318 3240; x_wconf 78' lang='grc' dir='ltr'>τὸν</span> <span class='ocrx_word' id='word_1_435' title='bbox 362 3188 556 3260; x_wconf 79' lang='grc' dir='ltr'>μέγαν,</span> <span class='ocrx_word' id='word_1_436' title='bbox 593 3191 686 3244; x_wconf 73' lang='grc' dir='ltr'>καὶ</span> <span class='ocrx_word' id='word_1_437' title='bbox 726 3189 863 3259; x_wconf 77' lang='grc' dir='ltr'>πρὸς</span> <span class='ocrx_word' id='word_1_438' title='bbox 911 3191 1003 3243; x_wconf 82' lang='grc' dir='ltr'>τὸν</span> <span class='ocrx_word' id='word_1_439' title='bbox 1046 3188 1540 3259; x_wconf 76' lang='grc' dir='ltr'>πρωτοεεστιάριον</span> <span class='ocrx_word' id='word_1_440' title='bbox 1577 3189 1786 3267; x_wconf 67' lang='grc' dir='ltr'>’ᾼνδρό-</span> 
     </span>
    </p>
   </div>
   <div class='ocr_carea' id='block_1_63' title="bbox 1892 3178 3466 3267">
    <p class='ocr_par' dir='ltr' id='par_1_63' title="bbox 1892 3178 3466 3259">
     <span class='ocr_line' id='line_1_63' title="bbox 1892 3178 3466 3259; baseline 0.011 -29"><span class='ocrx_word' id='word_1_441' title='bbox 1892 3178 1972 3248; x_wconf 88' lang='lat' dir='ltr'><strong>gis</strong></span> <span class='ocrx_word' id='word_1_442' title='bbox 2019 3180 2205 3235; x_wconf 89' lang='lat' dir='ltr'><strong>multis</strong></span> <span class='ocrx_word' id='word_1_443' title='bbox 2235 3182 2543 3249; x_wconf 76' lang='lat' dir='ltr'><strong>concidere,</strong></span> <span class='ocrx_word' id='word_1_444' title='bbox 2574 3186 2790 3241; x_wconf 88' lang='lat' dir='ltr'><strong>etiamsi</strong></span> <span class='ocrx_word' id='word_1_445' title='bbox 2840 3188 2992 3258; x_wconf 79' lang='lat'><strong>131</strong></span> <span class='ocrx_word' id='word_1_446' title='bbox 3028 3199 3317 3259; x_wconf 55' lang='lat' dir='ltr'><strong>proinwrea</strong></span> <span class='ocrx_word' id='word_1_447' title='bbox 3361 3193 3466 3248; x_wconf 84' lang='lat' dir='ltr'><strong>sibi</strong></span> 
     </span>
    </p>
   </div>
   <div class='ocr_carea' id='block_1_64' title="bbox 228 3275 1786 3347">
    <p class='ocr_par' dir='ltr' id='par_1_64' title="bbox 228 3275 1786 3347">
     <span class='ocr_line' id='line_1_64' title="bbox 228 3275 1786 3347; baseline -0.001 -17"><span class='ocrx_word' id='word_1_448' title='bbox 228 3294 374 3330; x_wconf 86' lang='grc' dir='ltr'>νικον</span> <span class='ocrx_word' id='word_1_449' title='bbox 429 3277 520 3331; x_wconf 80' lang='grc' dir='ltr'>τὸν</span> <span class='ocrx_word' id='word_1_450' title='bbox 579 3275 945 3345; x_wconf 80' lang='grc' dir='ltr'>Παλαιολόγον</span> <span class='ocrx_word' id='word_1_451' title='bbox 1003 3278 1128 3342; x_wconf 77' lang='grc' dir='ltr'>τοὺς</span> <span class='ocrx_word' id='word_1_452' title='bbox 1183 3276 1278 3330; x_wconf 84' lang='grc' dir='ltr'>τοῦ</span> <span class='ocrx_word' id='word_1_453' title='bbox 1336 3277 1522 3347; x_wconf 81' lang='grc' dir='ltr'>τρίτου</span> <span class='ocrx_word' id='word_1_454' title='bbox 1573 3275 1786 3330; x_wconf 74' lang='grc' dir='ltr'>τουτουῖ</span> 
     </span>
    </p>
   </div>
   <div class='ocr_carea' id='block_1_65' title="bbox 230 3368 1787 3439">
    <p class='ocr_par' dir='ltr' id='par_1_65' title="bbox 230 3368 1787 3439">
     <span class='ocr_line' id='line_1_65' title="bbox 230 3368 1787 3439; baseline 0.001 -19"><span class='ocrx_word' id='word_1_455' title='bbox 230 3369 461 3438; x_wconf 79' lang='grc' dir='ltr'>πολέμου</span> <span class='ocrx_word' id='word_1_456' title='bbox 515 3369 754 3438; x_wconf 81' lang='grc' dir='ltr'>μάλιστα</span> <span class='ocrx_word' id='word_1_457' title='bbox 785 3369 1141 3432; x_wconf 72' lang='grc' dir='ltr'>αἰτιωτάτους</span> <span class='ocrx_word' id='word_1_458' title='bbox 1190 3369 1591 3438; x_wconf 75' lang='grc' dir='ltr'>γεγενημένους</span> <span class='ocrx_word' id='word_1_459' title='bbox 1626 3368 1787 3439; x_wconf 80' lang='grc' dir='ltr'>βασι-</span> 
     </span>
    </p>
   </div>
   <div class='ocr_carea' id='block_1_66' title="bbox 228 3458 1786 3532">
    <p class='ocr_par' dir='ltr' id='par_1_66' title="bbox 228 3458 1786 3532">
     <span class='ocr_line' id='line_1_66' title="bbox 228 3458 1786 3532; baseline 0.001 -22"><span class='ocrx_word' id='word_1_460' title='bbox 228 3458 350 3520; x_wconf 82' lang='grc' dir='ltr'>λεὺς</span> <span class='ocrx_word' id='word_1_461' title='bbox 389 3459 420 3511; x_wconf 81' lang='grc' dir='ltr'><strong>ὁ</strong></span> <span class='ocrx_word' id='word_1_462' title='bbox 471 3461 586 3524; x_wconf 83' lang='grc' dir='ltr'>νέος</span> <span class='ocrx_word' id='word_1_463' title='bbox 641 3459 873 3530; x_wconf 79' lang='grc' dir='ltr'>ὑπῆρξε,</span> <span class='ocrx_word' id='word_1_464' title='bbox 897 3460 1264 3531; x_wconf 77' lang='grc' dir='ltr'>διηγήσασθαι</span> <span class='ocrx_word' id='word_1_465' title='bbox 1302 3460 1392 3513; x_wconf 82' lang='grc' dir='ltr'><strong>διά</strong></span> <span class='ocrx_word' id='word_1_466' title='bbox 1420 3461 1688 3532; x_wconf 73' lang='grc' dir='ltr'>βραχέων,</span> <span class='ocrx_word' id='word_1_467' title='bbox 1711 3461 1786 3524; x_wconf 82' lang='grc' dir='ltr'><strong>ὡς</strong></span> 
     </span>
    </p>
   </div>
   <div class='ocr_carea' id='block_1_67' title="bbox 229 3548 1787 3625">
    <p class='ocr_par' dir='ltr' id='par_1_67' title="bbox 229 3548 1787 3625">
     <span class='ocr_line' id='line_1_67' title="bbox 229 3548 1787 3625; baseline 0 -18"><span class='ocrx_word' id='word_1_468' title='bbox 229 3553 293 3608; x_wconf 75' lang='grc' dir='ltr'><strong>ἀν</strong></span> <span class='ocrx_word' id='word_1_469' title='bbox 325 3551 457 3624; x_wconf 78' lang='grc' dir='ltr'>πρὸς</span> <span class='ocrx_word' id='word_1_470' title='bbox 490 3548 604 3606; x_wconf 76' lang='grc' dir='ltr'>οἷον</span> <span class='ocrx_word' id='word_1_471' title='bbox 653 3553 1010 3622; x_wconf 70' lang='grc' dir='ltr'>ἠγνωμόνουν</span> <span class='ocrx_word' id='word_1_472' title='bbox 1049 3552 1327 3622; x_wconf 87' lang='grc' dir='ltr'>είδείημεν</span> <span class='ocrx_word' id='word_1_473' title='bbox 1372 3553 1690 3625; x_wconf 83' lang='grc' dir='ltr'>εὐεργέτην.</span> <span class='ocrx_word' id='word_1_474' title='bbox 1727 3553 1787 3607; x_wconf 87' lang='grc' dir='ltr'>ὀ</span> 
     </span>
    </p>
   </div>
   <div class='ocr_carea' id='block_1_68' title="bbox 229 3643 1787 3716">
    <p class='ocr_par' dir='ltr' id='par_1_68' title="bbox 229 3643 1787 3716">
     <span class='ocr_line' id='line_1_68' title="bbox 229 3643 1787 3716; baseline 0.001 -20"><span class='ocrx_word' id='word_1_475' title='bbox 229 3646 335 3714; x_wconf 78' lang='grc' dir='ltr'>γὰρ</span> <span class='ocrx_word' id='word_1_476' title='bbox 377 3643 879 3714; x_wconf 78' lang='grc' dir='ltr'>πρωτοδεστιάριος</span> <span class='ocrx_word' id='word_1_477' title='bbox 929 3643 1117 3696; x_wconf 82' lang='grc' dir='ltr'>οὐτοσὶ</span> <span class='ocrx_word' id='word_1_478' title='bbox 1153 3643 1522 3714; x_wconf 79' lang='grc' dir='ltr'>Παλαιολόγος</span> <span class='ocrx_word' id='word_1_479' title='bbox 1563 3644 1787 3716; x_wconf 84' lang='grc' dir='ltr'>Ἀνδρό-</span> 
     </span>
    </p>
   </div>
   <div class='ocr_carea' id='block_1_69' title="bbox 227 3732 1784 3803">
    <p class='ocr_par' dir='ltr' id='par_1_69' title="bbox 227 3732 1784 3803">
     <span class='ocr_line' id='line_1_69' title="bbox 227 3732 1784 3803; baseline 0 -17"><span class='ocrx_word' id='word_1_480' title='bbox 227 3748 396 3796; x_wconf 74' lang='grc' dir='ltr'>νικος,</span> <span class='ocrx_word' id='word_1_481' title='bbox 426 3733 521 3802; x_wconf 81' lang='grc' dir='ltr'>τῆς</span> <span class='ocrx_word' id='word_1_482' title='bbox 575 3732 671 3786; x_wconf 80' lang='grc' dir='ltr'>τοῦ</span> <span class='ocrx_word' id='word_1_483' title='bbox 729 3732 1103 3803; x_wconf 73' lang='grc' dir='ltr'>πρεσϐυτέρου</span> <span class='ocrx_word' id='word_1_484' title='bbox 1143 3733 1408 3803; x_wconf 80' lang='grc' dir='ltr'>βασιλέως</span> <span class='ocrx_word' id='word_1_485' title='bbox 1443 3733 1784 3802; x_wconf 73' lang='grc' dir='ltr'>Ἀνδρονίκου</span> 
     </span>
    </p>
   </div>
   <div class='ocr_carea' id='block_1_70' title="bbox 230 3824 1789 3898">
    <p class='ocr_par' dir='ltr' id='par_1_70' title="bbox 230 3824 1789 3898">
     <span class='ocr_line' id='line_1_70' title="bbox 230 3824 1789 3898; baseline 0.001 -20"><span class='ocrx_word' id='word_1_486' title='bbox 230 3829 355 3889; x_wconf 83' lang='grc' dir='ltr'>παῖς</span> <span class='ocrx_word' id='word_1_487' title='bbox 386 3825 460 3878; x_wconf 87' lang='grc' dir='ltr'><strong>ῶν</strong></span> <span class='ocrx_word' id='word_1_488' title='bbox 491 3825 724 3895; x_wconf 78' lang='grc' dir='ltr'>ἀδελφῆς</span> <span class='ocrx_word' id='word_1_489' title='bbox 756 3825 856 3894; x_wconf 82' lang='grc' dir='ltr'>τῆς</span> <span class='ocrx_word' id='word_1_490' title='bbox 891 3827 1112 3892; x_wconf 77' lang='grc' dir='ltr'>’Δννης,</span> <span class='ocrx_word' id='word_1_491' title='bbox 1135 3827 1169 3897; x_wconf 82' lang='grc' dir='ltr'><strong>ή</strong></span> <span class='ocrx_word' id='word_1_492' title='bbox 1195 3824 1428 3898; x_wconf 81' lang='grc' dir='ltr'>συνῴκει</span> <span class='ocrx_word' id='word_1_493' title='bbox 1458 3827 1680 3898; x_wconf 73' lang='grc' dir='ltr'>Μιχαὴλ</span> <span class='ocrx_word' id='word_1_494' title='bbox 1708 3826 1789 3897; x_wconf 82' lang='grc' dir='ltr'>τῷ</span> 
     </span>
    </p>
   </div>
   <div class='ocr_carea' id='block_1_71' title="bbox 229 3917 1789 3989">
    <p class='ocr_par' dir='ltr' id='par_1_71' title="bbox 229 3917 1789 3989">
     <span class='ocr_line' id='line_1_71' title="bbox 229 3917 1789 3989; baseline -0.001 -17"><span class='ocrx_word' id='word_1_495' title='bbox 229 3919 380 3972; x_wconf 58' lang='lat' dir='ltr'><strong>iunxi</strong></span> <span class='ocrx_word' id='word_1_496' title='bbox 405 3917 514 3971; x_wconf 87' lang='grc' dir='ltr'><strong>τῶν</strong></span> <span class='ocrx_word' id='word_1_497' title='bbox 541 3919 760 3987; x_wconf 70' lang='grc' dir='ltr'>Πάτρας</span> <span class='ocrx_word' id='word_1_498' title='bbox 789 3918 1070 3989; x_wconf 80' lang='grc' dir='ltr'>ἀρχόντων</span> <span class='ocrx_word' id='word_1_499' title='bbox 1102 3919 1186 3970; x_wconf 79' lang='grc' dir='ltr'>ἐνὶ</span> <span class='ocrx_word' id='word_1_500' title='bbox 1207 3919 1302 3970; x_wconf 76' lang='grc' dir='ltr'>καὶ</span> <span class='ocrx_word' id='word_1_501' title='bbox 1340 3917 1440 3988; x_wconf 84' lang='grc' dir='ltr'>τῆς</span> <span class='ocrx_word' id='word_1_502' title='bbox 1469 3917 1588 3970; x_wconf 80' lang='grc' dir='ltr'>κατ’</span> <span class='ocrx_word' id='word_1_503' title='bbox 1614 3917 1789 3988; x_wconf 80' lang='grc' dir='ltr'>αὐτὴν</span> 
     </span>
    </p>
   </div>
   <div class='ocr_carea' id='block_1_72' title="bbox 226 4009 1791 4080">
    <p class='ocr_par' dir='ltr' id='par_1_72' title="bbox 226 4009 1791 4080">
     <span class='ocr_line' id='line_1_72' title="bbox 226 4009 1791 4080; baseline -0.001 -16"><span class='ocrx_word' id='word_1_504' title='bbox 226 4009 548 4075; x_wconf 82' lang='grc' dir='ltr'>Θεσσαλίας,</span> <span class='ocrx_word' id='word_1_505' title='bbox 611 4010 676 4068; x_wconf 77' lang='grc' dir='ltr'><strong>ἐκ</strong></span> <span class='ocrx_word' id='word_1_506' title='bbox 735 4027 879 4072; x_wconf 82' lang='grc' dir='ltr'>τινος</span> <span class='ocrx_word' id='word_1_507' title='bbox 939 4009 1205 4080; x_wconf 80' lang='grc' dir='ltr'>διαφορᾶς</span> <span class='ocrx_word' id='word_1_508' title='bbox 1273 4010 1412 4080; x_wconf 75' lang='grc' dir='ltr'>πρὸς</span> <span class='ocrx_word' id='word_1_509' title='bbox 1465 4009 1555 4062; x_wconf 75' lang='grc' dir='ltr'>τὸν</span> <span class='ocrx_word' id='word_1_510' title='bbox 1614 4009 1791 4080; x_wconf 78' lang='grc' dir='ltr'>μέγαν</span> 
     </span>
    </p>
   </div>
   <div class='ocr_carea' id='block_1_73' title="bbox 223 4101 1790 4174">
    <p class='ocr_par' dir='ltr' id='par_1_73' title="bbox 223 4101 1790 4174">
     <span class='ocr_line' id='line_1_73' title="bbox 223 4101 1790 4174; baseline -0.002 -17"><span class='ocrx_word' id='word_1_511' title='bbox 223 4103 515 4173; x_wconf 80' lang='grc' dir='ltr'>λογοοέτην</span> <span class='ocrx_word' id='word_1_512' title='bbox 583 4102 841 4174; x_wconf 82' lang='grc' dir='ltr'>ἀπεχθῶς</span> <span class='ocrx_word' id='word_1_513' title='bbox 915 4102 1209 4170; x_wconf 70' lang='grc' dir='ltr'>διατεθεὶς,</span> <span class='ocrx_word' id='word_1_514' title='bbox 1275 4103 1416 4174; x_wconf 76' lang='grc' dir='ltr'>πρὸς</span> <span class='ocrx_word' id='word_1_515' title='bbox 1495 4101 1589 4154; x_wconf 79' lang='grc' dir='ltr'>τὸν</span> <span class='ocrx_word' id='word_1_516' title='bbox 1667 4101 1790 4154; x_wconf 83' lang='grc' dir='ltr'>νέον</span> 
     </span>
    </p>
   </div>
   <div class='ocr_carea' id='block_1_74' title="bbox 224 4193 1790 4267">
    <p class='ocr_par' dir='ltr' id='par_1_74' title="bbox 224 4193 1790 4267">
     <span class='ocr_line' id='line_1_74' title="bbox 224 4193 1790 4267; baseline -0.001 -19"><span class='ocrx_word' id='word_1_517' title='bbox 224 4195 451 4267; x_wconf 52' lang='grc' dir='ltr'>βασιλέα</span> <span class='ocrx_word' id='word_1_518' title='bbox 511 4195 704 4260; x_wconf 75' lang='grc' dir='ltr'>ἐλθὼν,</span> <span class='ocrx_word' id='word_1_519' title='bbox 760 4195 931 4248; x_wconf 83' lang='grc' dir='ltr'>πολλά</span> <span class='ocrx_word' id='word_1_520' title='bbox 995 4212 1055 4248; x_wconf 83' lang='grc' dir='ltr'><strong>τε</strong></span> <span class='ocrx_word' id='word_1_521' title='bbox 1095 4224 1097 4227; x_wconf 96' lang='grc'><strong><em>-</em></strong></span> <span class='ocrx_word' id='word_1_522' title='bbox 1134 4197 1230 4248; x_wconf 79' lang='grc' dir='ltr'><strong>καὶ</strong></span> <span class='ocrx_word' id='word_1_523' title='bbox 1289 4195 1512 4265; x_wconf 76' lang='grc' dir='ltr'>ἄκοσμα</span> <span class='ocrx_word' id='word_1_524' title='bbox 1589 4193 1790 4264; x_wconf 76' lang='grc' dir='ltr'>διεξῄει</span> 
     </span>
    </p>
   </div>
   <div class='ocr_carea' id='block_1_75' title="bbox 223 4282 1786 4356">
    <p class='ocr_par' dir='ltr' id='par_1_75' title="bbox 223 4282 1786 4356">
     <span class='ocr_line' id='line_1_75' title="bbox 223 4282 1786 4356; baseline 0 -20"><span class='ocrx_word' id='word_1_525' title='bbox 223 4282 348 4337; x_wconf 79' lang='grc' dir='ltr'>κατ’</span> <span class='ocrx_word' id='word_1_526' title='bbox 404 4282 589 4349; x_wconf 81' lang='grc' dir='ltr'>αὑτοῦ,</span> <span class='ocrx_word' id='word_1_527' title='bbox 657 4285 748 4337; x_wconf 79' lang='grc' dir='ltr'>καὶ</span> <span class='ocrx_word' id='word_1_528' title='bbox 803 4283 1109 4339; x_wconf 81' lang='grc' dir='ltr'>τελευταῖον</span> <span class='ocrx_word' id='word_1_529' title='bbox 1162 4284 1497 4354; x_wconf 83' lang='grc' dir='ltr'>προσετίθει,</span> <span class='ocrx_word' id='word_1_530' title='bbox 1546 4283 1624 4347; x_wconf 83' lang='grc' dir='ltr'><strong>ὡς</strong></span> <span class='ocrx_word' id='word_1_531' title='bbox 1684 4285 1786 4356; x_wconf 78' lang='grc' dir='ltr'><strong>ήδη</strong></span> 
     </span>
    </p>
   </div>
   <div class='ocr_carea' id='block_1_76' title="bbox 226 4376 1788 4449">
    <p class='ocr_par' dir='ltr' id='par_1_76' title="bbox 226 4376 1788 4449">
     <span class='ocr_line' id='line_1_76' title="bbox 226 4376 1788 4449; baseline 0 -20"><span class='ocrx_word' id='word_1_532' title='bbox 226 4377 363 4447; x_wconf 79' lang='grc' dir='ltr'>πρὸς</span> <span class='ocrx_word' id='word_1_533' title='bbox 415 4377 513 4448; x_wconf 73' lang='grc' dir='ltr'>τὴν</span> <span class='ocrx_word' id='word_1_534' title='bbox 562 4377 697 4446; x_wconf 83' lang='grc' dir='ltr'>πρὸς</span> <span class='ocrx_word' id='word_1_535' title='bbox 733 4377 896 4430; x_wconf 80' lang='grc' dir='ltr'>αὐτὸν</span> <span class='ocrx_word' id='word_1_536' title='bbox 938 4377 1238 4449; x_wconf 77' lang='grc' dir='ltr'>ἀπέχθειαν</span> <span class='ocrx_word' id='word_1_537' title='bbox 1284 4376 1624 4448; x_wconf 82' lang='grc' dir='ltr'>ἀπειρηκὼς,</span> <span class='ocrx_word' id='word_1_538' title='bbox 1661 4376 1788 4448; x_wconf 80' lang='grc' dir='ltr'><strong>βού-</strong></span> 
     </span>
    </p>
   </div>
   <div class='ocr_carea' id='block_1_77' title="bbox 223 4470 1786 4538">
    <p class='ocr_par' dir='ltr' id='par_1_77' title="bbox 223 4470 1786 4538">
     <span class='ocr_line' id='line_1_77' title="bbox 223 4470 1786 4538; baseline -0.001 -13"><span class='ocrx_word' id='word_1_539' title='bbox 223 4471 352 4525; x_wconf 83' lang='grc' dir='ltr'>λοιτ’</span> <span class='ocrx_word' id='word_1_540' title='bbox 402 4471 470 4524; x_wconf 79' lang='grc' dir='ltr'>ἂν</span> <span class='ocrx_word' id='word_1_541' title='bbox 509 4471 672 4524; x_wconf 76' lang='grc' dir='ltr'>αὑτὸν</span> <span class='ocrx_word' id='word_1_542' title='bbox 725 4471 1056 4535; x_wconf 82' lang='grc' dir='ltr'>συγκόπτειν</span> <span class='ocrx_word' id='word_1_543' title='bbox 1104 4470 1328 4533; x_wconf 84' lang='grc' dir='ltr'>πολλαῖς</span> <span class='ocrx_word' id='word_1_544' title='bbox 1359 4472 1479 4532; x_wconf 83' lang='grc' dir='ltr'>ταῖς</span> <span class='ocrx_word' id='word_1_545' title='bbox 1529 4470 1786 4538; x_wconf 80' lang='grc' dir='ltr'>πληγαῖς,</span> 
     </span>
    </p>
   </div>
   <div class='ocr_carea' id='block_1_78' title="bbox 226 4560 1789 4633">
    <p class='ocr_par' dir='ltr' id='par_1_78' title="bbox 226 4560 1789 4633">
     <span class='ocr_line' id='line_1_78' title="bbox 226 4560 1789 4633; baseline -0.001 -19"><span class='ocrx_word' id='word_1_546' title='bbox 226 4562 330 4614; x_wconf 79' lang='grc' dir='ltr'>κᾶν</span> <span class='ocrx_word' id='word_1_547' title='bbox 389 4562 485 4633; x_wconf 79' lang='grc' dir='ltr'><strong>δὲῃ</strong></span> <span class='ocrx_word' id='word_1_548' title='bbox 527 4562 614 4614; x_wconf 82' lang='grc' dir='ltr'><strong>διά</strong></span> <span class='ocrx_word' id='word_1_549' title='bbox 677 4560 836 4614; x_wconf 79' lang='grc' dir='ltr'>τοῦτο</span> <span class='ocrx_word' id='word_1_550' title='bbox 873 4561 968 4613; x_wconf 79' lang='grc' dir='ltr'>καὶ</span> <span class='ocrx_word' id='word_1_551' title='bbox 1019 4563 1408 4632; x_wconf 83' lang='grc' dir='ltr'>ἀποθνήσκειν.</span> <span class='ocrx_word' id='word_1_552' title='bbox 1477 4560 1558 4614; x_wconf 74' lang='grc' dir='ltr'><strong>Δι’</strong></span> <span class='ocrx_word' id='word_1_553' title='bbox 1606 4560 1636 4614; x_wconf 87' lang='grc' dir='ltr'><strong>δ</strong></span> <span class='ocrx_word' id='word_1_554' title='bbox 1693 4563 1789 4613; x_wconf 81' lang='grc' dir='ltr'>καὶ</span> 
     </span>
    </p>
   </div>
   <div class='ocr_carea' id='block_1_79' title="bbox 225 4653 1790 4726">
    <p class='ocr_par' dir='ltr' id='par_1_79' title="bbox 225 4653 1790 4726">
     <span class='ocr_line' id='line_1_79' title="bbox 225 4653 1790 4726; baseline -0.001 -18"><span class='ocrx_word' id='word_1_555' title='bbox 225 4653 456 4726; x_wconf 82' lang='grc' dir='ltr'>ἀμύνειν</span> <span class='ocrx_word' id='word_1_556' title='bbox 512 4655 682 4725; x_wconf 80' lang='grc' dir='ltr'>αὐτῷ,</span> <span class='ocrx_word' id='word_1_557' title='bbox 726 4655 831 4707; x_wconf 83' lang='grc' dir='ltr'>εἴτι</span> <span class='ocrx_word' id='word_1_558' title='bbox 879 4657 1018 4725; x_wconf 85' lang='grc' dir='ltr'><strong>μετά</strong></span> <span class='ocrx_word' id='word_1_559' title='bbox 1068 4654 1243 4708; x_wconf 82' lang='grc' dir='ltr'>ταῦτα</span> <span class='ocrx_word' id='word_1_560' title='bbox 1295 4654 1383 4707; x_wconf 75' lang='grc' dir='ltr'>διὰ</span> <span class='ocrx_word' id='word_1_561' title='bbox 1435 4654 1495 4706; x_wconf 85' lang='grc' dir='ltr'><strong>τδ</strong></span> <span class='ocrx_word' id='word_1_562' title='bbox 1530 4654 1790 4724; x_wconf 81' lang='grc' dir='ltr'>τόλμημα</span> 
     </span>
    </p>
   </div>
   <div class='ocr_carea' id='block_1_80' title="bbox 227 4745 1792 4818">
    <p class='ocr_par' dir='ltr' id='par_1_80' title="bbox 227 4745 1792 4818">
     <span class='ocr_line' id='line_1_80' title="bbox 227 4745 1792 4818; baseline 0 -18"><span class='ocrx_word' id='word_1_563' title='bbox 227 4749 368 4800; x_wconf 75' lang='grc' dir='ltr'>ἐπίοι</span> <span class='ocrx_word' id='word_1_564' title='bbox 402 4748 600 4814; x_wconf 79' lang='grc' dir='ltr'>δεινὸν,</span> <span class='ocrx_word' id='word_1_565' title='bbox 632 4748 826 4800; x_wconf 82' lang='grc' dir='ltr'>ἐδεῖτο.</span> <span class='ocrx_word' id='word_1_566' title='bbox 867 4745 1133 4811; x_wconf 78' lang='grc' dir='ltr'>’Δκούοας</span> <span class='ocrx_word' id='word_1_567' title='bbox 1163 4749 1220 4803; x_wconf 76' lang='grc' dir='ltr'>δὲ</span> <span class='ocrx_word' id='word_1_568' title='bbox 1251 4747 1576 4818; x_wconf 76' lang='grc' dir='ltr'>όβασιλεὺς,</span> <span class='ocrx_word' id='word_1_569' title='bbox 1609 4748 1792 4818; x_wconf 83' lang='grc' dir='ltr'>λόγοις</span> 
     </span>
    </p>
   </div>
   <div class='ocr_carea' id='block_1_81' title="bbox 227 4839 1791 4910">
    <p class='ocr_par' dir='ltr' id='par_1_81' title="bbox 227 4839 1791 4910">
     <span class='ocr_line' id='line_1_81' title="bbox 227 4839 1791 4910; baseline -0.002 -17"><span class='ocrx_word' id='word_1_570' title='bbox 227 4855 290 4893; x_wconf 86' lang='grc' dir='ltr'><strong>τε</strong></span> <span class='ocrx_word' id='word_1_571' title='bbox 335 4840 550 4901; x_wconf 80' lang='grc' dir='ltr'>πολλοῐς</span> <span class='ocrx_word' id='word_1_572' title='bbox 593 4839 688 4892; x_wconf 72' lang='grc' dir='ltr'>καὶ</span> <span class='ocrx_word' id='word_1_573' title='bbox 734 4840 1094 4910; x_wconf 79' lang='grc' dir='ltr'>παραινέσεσι</span> <span class='ocrx_word' id='word_1_574' title='bbox 1143 4839 1237 4892; x_wconf 80' lang='grc' dir='ltr'>τὸν</span> <span class='ocrx_word' id='word_1_575' title='bbox 1292 4839 1791 4910; x_wconf 76' lang='grc' dir='ltr'>πρωτοδεστιάριεν</span> 
     </span>
    </p>
   </div>
   <div class='ocr_carea' id='block_1_82' title="bbox 229 4928 1786 5002">
    <p class='ocr_par' dir='ltr' id='par_1_82' title="bbox 229 4928 1786 5002">
     <span class='ocr_line' id='line_1_82' title="bbox 229 4928 1786 5002; baseline -0.003 -15"><span class='ocrx_word' id='word_1_576' title='bbox 229 4935 462 5001; x_wconf 76' lang='grc' dir='ltr'>ἀπάγειν</span> <span class='ocrx_word' id='word_1_577' title='bbox 490 4931 580 4984; x_wconf 80' lang='grc' dir='ltr'>τοῦ</span> <span class='ocrx_word' id='word_1_578' title='bbox 615 4931 962 5002; x_wconf 83' lang='grc' dir='ltr'>τολμήματος</span> <span class='ocrx_word' id='word_1_579' title='bbox 992 4931 1292 5002; x_wconf 84' lang='grc' dir='ltr'>ἐπεχείρει,</span> <span class='ocrx_word' id='word_1_580' title='bbox 1327 4930 1404 4994; x_wconf 86' lang='grc' dir='ltr'>ὼς</span> <span class='ocrx_word' id='word_1_581' title='bbox 1423 4930 1477 4984; x_wconf 74' lang='grc' dir='ltr'><strong>δέ</strong></span> <span class='ocrx_word' id='word_1_582' title='bbox 1502 4931 1601 4982; x_wconf 81' lang='grc' dir='ltr'>οὐκ</span> <span class='ocrx_word' id='word_1_583' title='bbox 1633 4928 1786 4983; x_wconf 73' lang='grc' dir='ltr'>ἒπει-</span> 
     </span>
    </p>
   </div>
   <div class='ocr_carea' id='block_1_83' title="bbox 228 5020 1790 5096">
    <p class='ocr_par' dir='ltr' id='par_1_83' title="bbox 228 5020 1790 5096">
     <span class='ocr_line' id='line_1_83' title="bbox 228 5020 1790 5096; baseline -0.006 -13"><span class='ocrx_word' id='word_1_584' title='bbox 228 5031 308 5090; x_wconf 80' lang='grc' dir='ltr'><strong>θε.</strong></span> <span class='ocrx_word' id='word_1_585' title='bbox 333 5029 424 5082; x_wconf 83' lang='grc' dir='ltr'>καὶ</span> <span class='ocrx_word' id='word_1_586' title='bbox 467 5025 748 5096; x_wconf 79' lang='grc' dir='ltr'>διαθήσειν</span> <span class='ocrx_word' id='word_1_587' title='bbox 775 5024 1042 5094; x_wconf 73' lang='grc' dir='ltr'>ἠπείλησε</span> <span class='ocrx_word' id='word_1_588' title='bbox 1076 5023 1144 5078; x_wconf 83' lang='grc' dir='ltr'><strong>τά</strong></span> <span class='ocrx_word' id='word_1_589' title='bbox 1190 5021 1573 5093; x_wconf 84' lang='grc' dir='ltr'>χαλεπώτατα,</span> <span class='ocrx_word' id='word_1_590' title='bbox 1615 5020 1668 5075; x_wconf 78' lang='lat' dir='ltr'><strong>al</strong></span> <span class='ocrx_word' id='word_1_591' title='bbox 1713 5021 1790 5091; x_wconf 74' lang='grc' dir='ltr'>μὴ</span> 
     </span>
    </p>
   </div>
   <div class='ocr_carea' id='block_1_84' title="bbox 229 5107 1786 5186">
    <p class='ocr_par' dir='ltr' id='par_1_84' title="bbox 229 5107 1786 5186">
     <span class='ocr_line' id='line_1_84' title="bbox 229 5107 1786 5186; baseline -0.005 -13"><span class='ocrx_word' id='word_1_592' title='bbox 229 5119 484 5173; x_wconf 81' lang='grc' dir='ltr'>παύσοιτο</span> <span class='ocrx_word' id='word_1_593' title='bbox 517 5107 786 5180; x_wconf 77' lang='grc' dir='ltr'>τοιούτοις</span> <span class='ocrx_word' id='word_1_594' title='bbox 820 5115 1137 5186; x_wconf 84' lang='grc' dir='ltr'>ἐπιχειρῶν.</span> <span class='ocrx_word' id='word_1_595' title='bbox 1186 5116 1332 5185; x_wconf 76' lang='grc' dir='ltr'>Ἔφη</span> <span class='ocrx_word' id='word_1_596' title='bbox 1385 5114 1532 5183; x_wconf 84' lang='grc' dir='ltr'>γάρ·</span> <span class='ocrx_word' id='word_1_597' title='bbox 1562 5115 1624 5168; x_wconf 83' lang='lat' dir='ltr'><strong>El</strong></span> <span class='ocrx_word' id='word_1_598' title='bbox 1661 5112 1786 5183; x_wconf 71' lang='grc' dir='ltr'>μιν,</span> 
     </span>
    </p>
   </div>
   <div class='ocr_carea' id='block_1_85' title="bbox 229 5207 1785 5286">
    <p class='ocr_par' dir='ltr' id='par_1_85' title="bbox 229 5207 1785 5286">
     <span class='ocr_line' id='line_1_85' title="bbox 229 5207 1785 5286; baseline -0.004 -18"><span class='ocrx_word' id='word_1_599' title='bbox 229 5217 355 5286; x_wconf 75' lang='grc' dir='ltr'>πρὶν</span> <span class='ocrx_word' id='word_1_600' title='bbox 388 5215 555 5286; x_wconf 83' lang='grc' dir='ltr'>μηδὲν</span> <span class='ocrx_word' id='word_1_601' title='bbox 588 5213 726 5286; x_wconf 76' lang='grc' dir='ltr'>πρὸς</span> <span class='ocrx_word' id='word_1_602' title='bbox 775 5212 938 5266; x_wconf 77' lang='grc' dir='ltr'>αὑτὸν</span> <span class='ocrx_word' id='word_1_603' title='bbox 988 5211 1230 5264; x_wconf 82' lang='grc' dir='ltr'>τοιοῦτον</span> <span class='ocrx_word' id='word_1_604' title='bbox 1278 5211 1474 5273; x_wconf 85' lang='grc' dir='ltr'>είπεῖν,</span> <span class='ocrx_word' id='word_1_605' title='bbox 1511 5209 1564 5261; x_wconf 80' lang='grc' dir='ltr'>τὶ</span> <span class='ocrx_word' id='word_1_606' title='bbox 1596 5207 1785 5278; x_wconf 80' lang='grc' dir='ltr'>είργά-</span> 
     </span>
    </p>
   </div>
   <div class='ocr_carea' id='block_1_86' title="bbox 227 5298 1788 5375">
    <p class='ocr_par' dir='ltr' id='par_1_86' title="bbox 227 5298 1788 5375">
     <span class='ocr_line' id='line_1_86' title="bbox 227 5298 1788 5375; baseline -0.007 -12"><span class='ocrx_word' id='word_1_607' title='bbox 227 5312 349 5375; x_wconf 79' lang='grc' dir='ltr'>ζετο</span> <span class='ocrx_word' id='word_1_608' title='bbox 377 5310 484 5362; x_wconf 83' lang='grc' dir='ltr'><strong>τῶν</strong></span> <span class='ocrx_word' id='word_1_609' title='bbox 516 5307 757 5372; x_wconf 83' lang='grc' dir='ltr'>ἀτόπων,</span> <span class='ocrx_word' id='word_1_610' title='bbox 791 5306 964 5360; x_wconf 85' lang='grc' dir='ltr'>δεινὸν</span> <span class='ocrx_word' id='word_1_611' title='bbox 1005 5307 1104 5375; x_wconf 77' lang='grc' dir='ltr'>μὲν</span> <span class='ocrx_word' id='word_1_612' title='bbox 1145 5304 1213 5359; x_wconf 80' lang='grc' dir='ltr'>ἂν</span> <span class='ocrx_word' id='word_1_613' title='bbox 1245 5298 1333 5374; x_wconf 75' lang='grc' dir='ltr'>ἦν,</span> <span class='ocrx_word' id='word_1_614' title='bbox 1362 5303 1517 5356; x_wconf 72' lang='grc' dir='ltr'>οὐδὲν</span> <span class='ocrx_word' id='word_1_615' title='bbox 1543 5301 1599 5354; x_wconf 74' lang='grc' dir='ltr'>δὲ</span> <span class='ocrx_word' id='word_1_616' title='bbox 1636 5299 1788 5369; x_wconf 71' lang='grc' dir='ltr'><strong>αὑτῷ</strong></span> 
     </span>
    </p>
   </div>
   <div class='ocr_carea' id='block_1_87' title="bbox 228 5391 1789 5470">
    <p class='ocr_par' dir='ltr' id='par_1_87' title="bbox 228 5391 1789 5470">
     <span class='ocr_line' id='line_1_87' title="bbox 228 5391 1789 5470; baseline -0.007 -17"><span class='ocrx_word' id='word_1_617' title='bbox 228 5401 522 5470; x_wconf 80' lang='grc' dir='ltr'>διαφέρειν.</span> <span class='ocrx_word' id='word_1_618' title='bbox 575 5397 794 5470; x_wconf 75' lang='grc' dir='ltr'>Ἐπειδὴ</span> <span class='ocrx_word' id='word_1_619' title='bbox 814 5397 871 5451; x_wconf 77' lang='grc' dir='ltr'><strong>δέ</strong></span> <span class='ocrx_word' id='word_1_620' title='bbox 903 5396 1051 5465; x_wconf 74' lang='grc' dir='ltr'><strong>αὕτῷ</strong></span> <span class='ocrx_word' id='word_1_621' title='bbox 1078 5396 1322 5467; x_wconf 73' lang='grc' dir='ltr'>φανερὰν</span> <span class='ocrx_word' id='word_1_622' title='bbox 1351 5395 1655 5462; x_wconf 83' lang='grc' dir='ltr'>κατέστησε</span> <span class='ocrx_word' id='word_1_623' title='bbox 1688 5391 1789 5463; x_wconf 82' lang='grc' dir='ltr'>τὴν</span> 
     </span>
    </p>
   </div>
   <div class='ocr_carea' id='block_1_88' title="bbox 230 5485 1786 5562">
    <p class='ocr_par' dir='ltr' id='par_1_88' title="bbox 230 5485 1786 5562">
     <span class='ocr_line' id='line_1_88' title="bbox 230 5485 1786 5562; baseline -0.005 -16"><span class='ocrx_word' id='word_1_624' title='bbox 230 5491 448 5562; x_wconf 78' lang='grc' dir='ltr'>γνώμην</span> <span class='ocrx_word' id='word_1_625' title='bbox 473 5531 488 5556; x_wconf 95' lang='grc'><strong>,</strong></span> <span class='ocrx_word' id='word_1_626' title='bbox 530 5489 796 5544; x_wconf 78' lang='grc' dir='ltr'>ἀδύνατον</span> <span class='ocrx_word' id='word_1_627' title='bbox 835 5489 916 5550; x_wconf 84' lang='grc' dir='ltr'><strong>είς</strong></span> <span class='ocrx_word' id='word_1_628' title='bbox 965 5489 1125 5560; x_wconf 76' lang='grc' dir='ltr'>ἔργον</span> <span class='ocrx_word' id='word_1_629' title='bbox 1167 5487 1268 5558; x_wconf 85' lang='grc' dir='ltr'>τὴν</span> <span class='ocrx_word' id='word_1_630' title='bbox 1299 5485 1494 5558; x_wconf 77' lang='grc' dir='ltr'>βουλήν</span> <span class='ocrx_word' id='word_1_631' title='bbox 1535 5503 1786 5556; x_wconf 82' lang='grc' dir='ltr'>προαγα-</span> 
     </span>
    </p>
   </div>
   <div class='ocr_carea' id='block_1_89' title="bbox 229 5579 1785 5654">
    <p class='ocr_par' dir='ltr' id='par_1_89' title="bbox 229 5579 1785 5654">
     <span class='ocr_line' id='line_1_89' title="bbox 229 5579 1785 5654; baseline -0.005 -15"><span class='ocrx_word' id='word_1_632' title='bbox 229 5589 361 5652; x_wconf 81' lang='grc' dir='ltr'>γεῖν.</span> <span class='ocrx_word' id='word_1_633' title='bbox 395 5585 438 5637; x_wconf 85' lang='grc' dir='ltr'>Τ</span> <span class='ocrx_word' id='word_1_634' title='bbox 442 5586 510 5654; x_wconf 83' lang='grc' dir='ltr'>ὴν</span> <span class='ocrx_word' id='word_1_635' title='bbox 542 5587 648 5652; x_wconf 73' lang='grc' dir='ltr'><strong>γὰρ</strong></span> <span class='ocrx_word' id='word_1_636' title='bbox 680 5585 758 5645; x_wconf 83' lang='grc' dir='ltr'><strong>είς</strong></span> <span class='ocrx_word' id='word_1_637' title='bbox 792 5583 882 5636; x_wconf 78' lang='grc' dir='ltr'>τὸν</span> <span class='ocrx_word' id='word_1_638' title='bbox 921 5581 1094 5650; x_wconf 81' lang='grc' dir='ltr'>μέγαν</span> <span class='ocrx_word' id='word_1_639' title='bbox 1145 5580 1438 5650; x_wconf 72' lang='grc' dir='ltr'>λογοϐἐτην</span> <span class='ocrx_word' id='word_1_640' title='bbox 1467 5579 1785 5652; x_wconf 79' lang='grc' dir='ltr'>παροινίαν,</span> 
     </span>
    </p>
   </div>
   <div class='ocr_carea' id='block_1_90' title="bbox 230 5674 1790 5746">
    <p class='ocr_par' dir='ltr' id='par_1_90' title="bbox 230 5674 1790 5746">
     <span class='ocr_line' id='line_1_90' title="bbox 230 5674 1790 5746; baseline -0.004 -16"><span class='ocrx_word' id='word_1_641' title='bbox 230 5678 500 5745; x_wconf 79' lang='grc' dir='ltr'>διοικητὴν</span> <span class='ocrx_word' id='word_1_642' title='bbox 537 5677 648 5729; x_wconf 85' lang='grc' dir='ltr'><strong>τῶν</strong></span> <span class='ocrx_word' id='word_1_643' title='bbox 681 5675 946 5746; x_wconf 82' lang='grc' dir='ltr'>βασιλέως</span> <span class='ocrx_word' id='word_1_644' title='bbox 981 5674 1108 5726; x_wconf 74' lang='grc' dir='ltr'>ὄντα</span> <span class='ocrx_word' id='word_1_645' title='bbox 1145 5675 1523 5744; x_wconf 84' lang='grc' dir='ltr'>πραγμάτων,</span> <span class='ocrx_word' id='word_1_646' title='bbox 1545 5675 1620 5735; x_wconf 82' lang='grc' dir='ltr'>εἰς</span> <span class='ocrx_word' id='word_1_647' title='bbox 1645 5675 1790 5725; x_wconf 75' lang='grc' dir='ltr'>ἐκεῖ-ο</span> 
     </span>
    </p>
   </div>
   <div class='ocr_carea' id='block_1_91' title="bbox 233 5766 1782 5842">
    <p class='ocr_par' dir='ltr' id='par_1_91' title="bbox 233 5766 1782 5842">
     <span class='ocr_line' id='line_1_91' title="bbox 233 5766 1782 5842; baseline -0.001 -20"><span class='ocrx_word' id='word_1_648' title='bbox 233 5787 314 5822; x_wconf 88' lang='grc' dir='ltr'><strong>νον</strong></span> <span class='ocrx_word' id='word_1_649' title='bbox 352 5770 504 5837; x_wconf 77' lang='grc' dir='ltr'>ἄγειν</span> <span class='ocrx_word' id='word_1_650' title='bbox 548 5769 647 5839; x_wconf 80' lang='grc' dir='ltr'>τὴν</span> <span class='ocrx_word' id='word_1_651' title='bbox 682 5766 861 5836; x_wconf 75' lang='grc' dir='ltr'>ὓϐριν,</span> <span class='ocrx_word' id='word_1_652' title='bbox 903 5767 936 5820; x_wconf 79' lang='grc' dir='ltr'><strong>ἀ</strong></span> <span class='ocrx_word' id='word_1_653' title='bbox 977 5767 1053 5836; x_wconf 80' lang='grc' dir='ltr'>μὴ</span> <span class='ocrx_word' id='word_1_654' title='bbox 1089 5768 1205 5820; x_wconf 76' lang='grc' dir='ltr'>δέον</span> <span class='ocrx_word' id='word_1_655' title='bbox 1249 5766 1409 5819; x_wconf 74' lang='grc' dir='ltr'>αὐτὸν</span> <span class='ocrx_word' id='word_1_656' title='bbox 1453 5769 1782 5842; x_wconf 73' lang='grc' dir='ltr'>συγχωρεῖν.</span> 
     </span>
    </p>
   </div>
   <div class='ocr_carea' id='block_1_92' title="bbox 235 5858 1782 5935">
    <p class='ocr_par' dir='ltr' id='par_1_92' title="bbox 235 5858 1782 5935">
     <span class='ocr_line' id='line_1_92' title="bbox 235 5858 1782 5935; baseline -0.001 -21"><span class='ocrx_word' id='word_1_657' title='bbox 235 5859 443 5928; x_wconf 71' lang='grc' dir='ltr'>Τούτοις</span> <span class='ocrx_word' id='word_1_658' title='bbox 477 5864 574 5935; x_wconf 83' lang='grc' dir='ltr'><strong>μέν</strong></span> <span class='ocrx_word' id='word_1_659' title='bbox 601 5858 696 5914; x_wconf 75' lang='grc' dir='ltr'>οὖν</span> <span class='ocrx_word' id='word_1_660' title='bbox 718 5864 744 5915; x_wconf 84' lang='grc' dir='ltr'><strong>ὁ</strong></span> <span class='ocrx_word' id='word_1_661' title='bbox 775 5861 1272 5930; x_wconf 80' lang='grc' dir='ltr'>πρωτοσεστιάριος</span> <span class='ocrx_word' id='word_1_662' title='bbox 1298 5860 1546 5915; x_wconf 80' lang='grc' dir='ltr'>ἐπείθετο</span> <span class='ocrx_word' id='word_1_663' title='bbox 1577 5859 1782 5925; x_wconf 80' lang='grc' dir='ltr'>δείσας,</span> 
     </span>
    </p>
   </div>
   <div class='ocr_carea' id='block_1_93' title="bbox 579 5955 1259 6019">
    <p class='ocr_par' dir='ltr' id='par_1_93' title="bbox 579 5955 1259 6019">
     <span class='ocr_line' id='line_1_93' title="bbox 579 5955 1259 6019; baseline 0.004 -3"><span class='ocrx_word' id='word_1_664' title='bbox 579 5956 851 6018; x_wconf 67' lang='lat' dir='ltr'><strong>Parnm.</strong></span> <span class='ocrx_word' id='word_1_665' title='bbox 889 5957 1007 6017; x_wconf 74' lang='lat' dir='ltr'><strong>Gn.</strong></span> <span class='ocrx_word' id='word_1_666' title='bbox 1057 5956 1143 6014; x_wconf 89' lang='lat' dir='ltr'><strong>CL</strong></span> <span class='ocrx_word' id='word_1_667' title='bbox 1156 5955 1259 6019; x_wconf 83' lang='lat' dir='ltr'><strong>lli.</strong></span> 
     </span>
    </p>
   </div>
   <div class='ocr_carea' id='block_1_94' title="bbox 1890 3269 3467 3354">
    <p class='ocr_par' dir='ltr' id='par_1_94' title="bbox 1890 3269 3467 3354">
     <span class='ocr_line' id='line_1_94' title="bbox 1890 3269 3467 3354; baseline 0.011 -32"><span class='ocrx_word' id='word_1_668' title='bbox 1890 3269 2237 3326; x_wconf 88' lang='lat' dir='ltr'><strong>moriendum</strong></span> <span class='ocrx_word' id='word_1_669' title='bbox 2283 3273 2374 3328; x_wconf 90' lang='lat' dir='ltr'><strong>sit.</strong></span> <span class='ocrx_word' id='word_1_670' title='bbox 2404 3274 2582 3341; x_wconf 87' lang='lat' dir='ltr'><strong>Quare</strong></span> <span class='ocrx_word' id='word_1_671' title='bbox 2609 3291 2734 3332; x_wconf 91' lang='lat' dir='ltr'><strong>eum</strong></span> <span class='ocrx_word' id='word_1_672' title='bbox 2783 3279 3032 3349; x_wconf 80' lang='lat' dir='ltr'><strong>rogabat,</strong></span> <span class='ocrx_word' id='word_1_673' title='bbox 3070 3291 3128 3337; x_wconf 93' lang='lat' dir='ltr'><strong>ut</strong></span> <span class='ocrx_word' id='word_1_674' title='bbox 3164 3282 3206 3337; x_wconf 90' lang='lat' dir='ltr'><strong>si</strong></span> <span class='ocrx_word' id='word_1_675' title='bbox 3243 3293 3467 3354; x_wconf 89' lang='lat' dir='ltr'><strong>propter</strong></span> 
     </span>
    </p>
   </div>
   <div class='ocr_carea' id='block_1_95' title="bbox 1887 3363 3468 3444">
    <p class='ocr_par' dir='ltr' id='par_1_95' title="bbox 1887 3363 3468 3444">
     <span class='ocr_line' id='line_1_95' title="bbox 1887 3363 3468 3444; baseline 0.009 -28"><span class='ocrx_word' id='word_1_676' title='bbox 1887 3371 2000 3417; x_wconf 88' lang='lat' dir='ltr'><strong>tam</strong></span> <span class='ocrx_word' id='word_1_677' title='bbox 2033 3363 2213 3420; x_wconf 82' lang='lat' dir='ltr'><strong>audax</strong></span> <span class='ocrx_word' id='word_1_678' title='bbox 2243 3363 2456 3421; x_wconf 73' lang='lat' dir='ltr'><strong>facinus</strong></span> <span class='ocrx_word' id='word_1_679' title='bbox 2475 3368 2758 3438; x_wconf 84' lang='lat' dir='ltr'><strong>quidpiam</strong></span> <span class='ocrx_word' id='word_1_680' title='bbox 2783 3372 3012 3440; x_wconf 79' lang='lat' dir='ltr'><strong>gravius</strong></span> <span class='ocrx_word' id='word_1_681' title='bbox 3038 3373 3145 3428; x_wconf 89' lang='lat' dir='ltr'><strong>sibi</strong></span> <span class='ocrx_word' id='word_1_682' title='bbox 3181 3374 3468 3444; x_wconf 86' lang='lat' dir='ltr'><strong>impende-</strong></span> 
     </span>
    </p>
   </div>
   <div class='ocr_carea' id='block_1_96' title="bbox 1894 3456 3464 3535">
    <p class='ocr_par' dir='ltr' id='par_1_96' title="bbox 1894 3456 3464 3535">
     <span class='ocr_line' id='line_1_96' title="bbox 1894 3456 3464 3535; baseline 0.01 -27"><span class='ocrx_word' id='word_1_683' title='bbox 1894 3465 1998 3519; x_wconf 89' lang='lat' dir='ltr'><strong>ret,</strong></span> <span class='ocrx_word' id='word_1_684' title='bbox 2028 3469 2188 3525; x_wconf 86' lang='lat' dir='ltr'><strong>opem</strong></span> <span class='ocrx_word' id='word_1_685' title='bbox 2216 3456 2464 3512; x_wconf 80' lang='lat' dir='ltr'><strong>aﬂ‘erret.</strong></span> <span class='ocrx_word' id='word_1_686' title='bbox 2490 3458 2800 3529; x_wconf 86' lang='lat' dir='ltr'><strong>imperator</strong></span> <span class='ocrx_word' id='word_1_687' title='bbox 2817 3463 3251 3535; x_wconf 73' lang='lat' dir='ltr'><strong>longosermone</strong></span> <span class='ocrx_word' id='word_1_688' title='bbox 3275 3469 3464 3524; x_wconf 80' lang='lat' dir='ltr'><strong>admo-</strong></span> 
     </span>
    </p>
   </div>
   <div class='ocr_carea' id='block_1_97' title="bbox 1889 3547 3472 3621">
    <p class='ocr_par' dir='ltr' id='par_1_97' title="bbox 1889 3547 3472 3621">
     <span class='ocr_line' id='line_1_97' title="bbox 1889 3547 3472 3621; baseline 0.01 -20"><span class='ocrx_word' id='word_1_689' title='bbox 1889 3547 2066 3602; x_wconf 87' lang='lat' dir='ltr'><strong>nitum</strong></span> <span class='ocrx_word' id='word_1_690' title='bbox 2091 3563 2122 3602; x_wconf 90' lang='lat' dir='ltr'><strong>a</strong></span> <span class='ocrx_word' id='word_1_691' title='bbox 2147 3557 2254 3604; x_wconf 84' lang='lat' dir='ltr'><strong>tam</strong></span> <span class='ocrx_word' id='word_1_692' title='bbox 2287 3550 2555 3621; x_wconf 68' lang='lat' dir='ltr'><strong>pracipiti</strong></span> <span class='ocrx_word' id='word_1_693' title='bbox 2601 3554 2834 3610; x_wconf 82' lang='lat' dir='ltr'><strong>consilio</strong></span> <span class='ocrx_word' id='word_1_694' title='bbox 2870 3556 3146 3614; x_wconf 80' lang='lat' dir='ltr'><strong>abducere</strong></span> <span class='ocrx_word' id='word_1_695' title='bbox 3165 3559 3472 3618; x_wconf 86' lang='lat' dir='ltr'><strong>nitebatur.</strong></span> 
     </span>
    </p>
   </div>
   <div class='ocr_carea' id='block_1_98' title="bbox 1887 3637 3470 3712">
    <p class='ocr_par' dir='ltr' id='par_1_98' title="bbox 1887 3637 3470 3712">
     <span class='ocr_line' id='line_1_98' title="bbox 1887 3637 3470 3712; baseline 0.012 -20"><span class='ocrx_word' id='word_1_696' title='bbox 1887 3637 2026 3694; x_wconf 81' lang='lat' dir='ltr'><strong>Cum</strong></span> <span class='ocrx_word' id='word_1_697' title='bbox 2071 3640 2244 3696; x_wconf 86' lang='lat' dir='ltr'><strong>surdo</strong></span> <span class='ocrx_word' id='word_1_698' title='bbox 2275 3641 2620 3712; x_wconf 87' lang='lat' dir='ltr'><strong>loqueretur,</strong></span> <span class='ocrx_word' id='word_1_699' title='bbox 2665 3645 3160 3706; x_wconf 81' lang='lat' dir='ltr'><strong>inclementissime</strong></span> <span class='ocrx_word' id='word_1_700' title='bbox 3205 3653 3361 3708; x_wconf 89' lang='lat' dir='ltr'><strong>illum</strong></span> <span class='ocrx_word' id='word_1_701' title='bbox 3409 3670 3470 3710; x_wconf 83' lang='lat' dir='ltr'><strong>se</strong></span> 
     </span>
    </p>
   </div>
   <div class='ocr_carea' id='block_1_99' title="bbox 1887 3734 3466 3811">
    <p class='ocr_par' dir='ltr' id='par_1_99' title="bbox 1887 3734 3466 3811">
     <span class='ocr_line' id='line_1_99' title="bbox 1887 3734 3466 3811; baseline 0.01 -25"><span class='ocrx_word' id='word_1_702' title='bbox 1887 3742 2241 3802; x_wconf 84' lang='lat' dir='ltr'><strong>accepturum</strong></span> <span class='ocrx_word' id='word_1_703' title='bbox 2269 3734 2510 3790; x_wconf 82' lang='lat' dir='ltr'><strong>minatus</strong></span> <span class='ocrx_word' id='word_1_704' title='bbox 2526 3746 2633 3801; x_wconf 83' lang='lat' dir='ltr'><strong>est,</strong></span> <span class='ocrx_word' id='word_1_705' title='bbox 2661 3737 2765 3792; x_wconf 88' lang='lat' dir='ltr'><strong>nisi</strong></span> <span class='ocrx_word' id='word_1_706' title='bbox 2791 3740 2884 3795; x_wconf 88' lang='lat' dir='ltr'><strong>tali</strong></span> <span class='ocrx_word' id='word_1_707' title='bbox 2907 3753 3108 3798; x_wconf 75' lang='lat' dir='ltr'><strong>conatu</strong></span> <span class='ocrx_word' id='word_1_708' title='bbox 3129 3743 3424 3802; x_wconf 78' lang='lat' dir='ltr'><strong>desisteret</strong></span> <span class='ocrx_word' id='word_1_709' title='bbox 3448 3764 3466 3811; x_wconf 73' lang='grc' dir='ltr'><strong>ς</strong></span> 
     </span>
    </p>
   </div>
   <div class='ocr_carea' id='block_1_100' title="bbox 1889 3824 3462 3895">
    <p class='ocr_par' dir='ltr' id='par_1_100' title="bbox 1889 3824 3462 3895">
     <span class='ocr_line' id='line_1_100' title="bbox 1889 3824 3462 3895; baseline 0.008 -15"><span class='ocrx_word' id='word_1_710' title='bbox 1889 3834 1944 3880; x_wconf 88' lang='lat' dir='ltr'><strong>et</strong></span> <span class='ocrx_word' id='word_1_711' title='bbox 1972 3824 2211 3880; x_wconf 82' lang='lat' dir='ltr'><strong>addebat</strong></span> <span class='ocrx_word' id='word_1_712' title='bbox 2237 3841 2252 3879; x_wconf 89' lang='lat'><strong>:</strong></span> <span class='ocrx_word' id='word_1_713' title='bbox 2287 3825 2344 3881; x_wconf 89' lang='lat' dir='ltr'><strong>Si</strong></span> <span class='ocrx_word' id='word_1_714' title='bbox 2367 3842 2458 3883; x_wconf 91' lang='lat' dir='ltr'><strong>me</strong></span> <span class='ocrx_word' id='word_1_715' title='bbox 2488 3829 2748 3895; x_wconf 80' lang='lat' dir='ltr'><strong>celasses,</strong></span> <span class='ocrx_word' id='word_1_716' title='bbox 2774 3840 2831 3886; x_wconf 86' lang='lat' dir='ltr'><strong>et</strong></span> <span class='ocrx_word' id='word_1_717' title='bbox 2859 3832 3081 3889; x_wconf 86' lang='lat' dir='ltr'><strong>interim</strong></span> <span class='ocrx_word' id='word_1_718' title='bbox 3119 3837 3346 3892; x_wconf 78' lang='lat' dir='ltr'><strong>vetitum</strong></span> <span class='ocrx_word' id='word_1_719' title='bbox 3371 3840 3462 3892; x_wconf 80' lang='lat' dir='ltr'><strong>al&#39;-</strong></span> 
     </span>
    </p>
   </div>
   <div class='ocr_carea' id='block_1_101' title="bbox 1890 3917 3464 3998">
    <p class='ocr_par' dir='ltr' id='par_1_101' title="bbox 1890 3917 3464 3998">
     <span class='ocr_line' id='line_1_101' title="bbox 1890 3917 3464 3998; baseline 0.008 -26"><span class='ocrx_word' id='word_1_720' title='bbox 1890 3917 2024 3986; x_wconf 87' lang='lat' dir='ltr'><strong>quid</strong></span> <span class='ocrx_word' id='word_1_721' title='bbox 2068 3917 2123 3973; x_wconf 87' lang='lat' dir='ltr'><strong>in</strong></span> <span class='ocrx_word' id='word_1_722' title='bbox 2170 3921 2348 3986; x_wconf 81' lang='lat' dir='ltr'><strong>ipsum</strong></span> <span class='ocrx_word' id='word_1_723' title='bbox 2383 3920 2752 3990; x_wconf 78' lang='lat' dir='ltr'><strong>designassca,</strong></span> <span class='ocrx_word' id='word_1_724' title='bbox 2787 3939 2953 3994; x_wconf 83' lang='lat' dir='ltr'><strong>grave</strong></span> <span class='ocrx_word' id='word_1_725' title='bbox 2985 3926 3043 3981; x_wconf 88' lang='lat' dir='ltr'><strong>id</strong></span> <span class='ocrx_word' id='word_1_726' title='bbox 3079 3928 3300 3998; x_wconf 84' lang='lat' dir='ltr'><strong>quidem</strong></span> <span class='ocrx_word' id='word_1_727' title='bbox 3331 3930 3464 3985; x_wconf 76' lang='lat' dir='ltr'><strong>fuis-</strong></span> 
     </span>
    </p>
   </div>
   <div class='ocr_carea' id='block_1_102' title="bbox 1890 4011 3468 4089">
    <p class='ocr_par' dir='ltr' id='par_1_102' title="bbox 1890 4011 3468 4089">
     <span class='ocr_line' id='line_1_102' title="bbox 1890 4011 3468 4089; baseline 0.01 -26"><span class='ocrx_word' id='word_1_728' title='bbox 1890 4017 1997 4070; x_wconf 78' lang='lat' dir='ltr'><strong>set.</strong></span> <span class='ocrx_word' id='word_1_729' title='bbox 2024 4022 2142 4064; x_wconf 84' lang='lat' dir='ltr'><strong>mea</strong></span> <span class='ocrx_word' id='word_1_730' title='bbox 2171 4020 2354 4066; x_wconf 89' lang='lat' dir='ltr'><strong>autem</strong></span> <span class='ocrx_word' id='word_1_731' title='bbox 2384 4011 2524 4066; x_wconf 85' lang='lat' dir='ltr'><strong>nihil</strong></span> <span class='ocrx_word' id='word_1_732' title='bbox 2570 4015 2885 4072; x_wconf 85' lang='lat' dir='ltr'><strong>retulisset:</strong></span> <span class='ocrx_word' id='word_1_733' title='bbox 2917 4027 2980 4072; x_wconf 51' lang='lat' dir='ltr'><strong>at.</strong></span> <span class='ocrx_word' id='word_1_734' title='bbox 2997 4017 3109 4088; x_wconf 83' lang='lat' dir='ltr'><strong>jam</strong></span> <span class='ocrx_word' id='word_1_735' title='bbox 3135 4023 3268 4089; x_wconf 85' lang='lat' dir='ltr'><strong>quia</strong></span> <span class='ocrx_word' id='word_1_736' title='bbox 3316 4037 3468 4078; x_wconf 82' lang='lat' dir='ltr'><strong>men-</strong></span> 
     </span>
    </p>
   </div>
   <div class='ocr_carea' id='block_1_103' title="bbox 1895 4101 3466 4182">
    <p class='ocr_par' dir='ltr' id='par_1_103' title="bbox 1895 4101 3466 4182">
     <span class='ocr_line' id='line_1_103' title="bbox 1895 4101 3466 4182; baseline 0.01 -29"><span class='ocrx_word' id='word_1_737' title='bbox 1895 4108 2002 4154; x_wconf 89' lang='lat' dir='ltr'><strong>tem</strong></span> <span class='ocrx_word' id='word_1_738' title='bbox 2031 4108 2178 4154; x_wconf 87' lang='lat' dir='ltr'><strong>tuam</strong></span> <span class='ocrx_word' id='word_1_739' title='bbox 2216 4101 2351 4156; x_wconf 89' lang='lat' dir='ltr'><strong>mihi</strong></span> <span class='ocrx_word' id='word_1_740' title='bbox 2383 4104 2671 4172; x_wconf 84' lang='lat' dir='ltr'><strong>aperuisti,</strong></span> <span class='ocrx_word' id='word_1_741' title='bbox 2705 4121 2826 4176; x_wconf 73' lang='lat' dir='ltr'><strong>qua:</strong></span> <span class='ocrx_word' id='word_1_742' title='bbox 2860 4108 2946 4164; x_wconf 79' lang='lat' dir='ltr'><strong>vis</strong></span> <span class='ocrx_word' id='word_1_743' title='bbox 2988 4124 3157 4180; x_wconf 89' lang='lat' dir='ltr'><strong>opere</strong></span> <span class='ocrx_word' id='word_1_744' title='bbox 3203 4113 3466 4182; x_wconf 87' lang='lat' dir='ltr'><strong>compleri</strong></span> 
     </span>
    </p>
   </div>
   <div class='ocr_carea' id='block_1_104' title="bbox 1893 4192 3466 4275">
    <p class='ocr_par' dir='ltr' id='par_1_104' title="bbox 1893 4192 3466 4275">
     <span class='ocr_line' id='line_1_104' title="bbox 1893 4192 3466 4275; baseline 0.006 -29"><span class='ocrx_word' id='word_1_745' title='bbox 1893 4192 2212 4262; x_wconf 89' lang='lat' dir='ltr'><strong>neutiquam</strong></span> <span class='ocrx_word' id='word_1_746' title='bbox 2259 4202 2510 4264; x_wconf 79' lang='lat' dir='ltr'><strong>possunt.</strong></span> <span class='ocrx_word' id='word_1_747' title='bbox 2549 4195 2703 4264; x_wconf 85' lang='lat' dir='ltr'><strong>Quod</strong></span> <span class='ocrx_word' id='word_1_748' title='bbox 2735 4199 2886 4255; x_wconf 89' lang='lat' dir='ltr'><strong>enim</strong></span> <span class='ocrx_word' id='word_1_749' title='bbox 2923 4201 2980 4256; x_wconf 90' lang='lat' dir='ltr'><strong>in</strong></span> <span class='ocrx_word' id='word_1_750' title='bbox 3014 4217 3269 4272; x_wconf 87' lang='lat' dir='ltr'><strong>magnum</strong></span> <span class='ocrx_word' id='word_1_751' title='bbox 3313 4203 3466 4275; x_wconf 81' lang='lat' dir='ltr'><strong>logo-</strong></span> 
     </span>
    </p>
   </div>
   <div class='ocr_carea' id='block_1_105' title="bbox 1894 4286 3467 4367">
    <p class='ocr_par' dir='ltr' id='par_1_105' title="bbox 1894 4286 3467 4367">
     <span class='ocr_line' id='line_1_105' title="bbox 1894 4286 3467 4367; baseline 0.008 -26"><span class='ocrx_word' id='word_1_752' title='bbox 1894 4286 2098 4342; x_wconf 84' lang='lat' dir='ltr'><strong>tbetam</strong></span> <span class='ocrx_word' id='word_1_753' title='bbox 2133 4287 2482 4349; x_wconf 83' lang='lat' dir='ltr'><strong>imperatoris</strong></span> <span class='ocrx_word' id='word_1_754' title='bbox 2519 4292 2606 4346; x_wconf 84' lang='lat' dir='ltr'><strong>avi</strong></span> <span class='ocrx_word' id='word_1_755' title='bbox 2637 4291 2904 4348; x_wconf 82' lang='lat' dir='ltr'><strong>vicarium</strong></span> <span class='ocrx_word' id='word_1_756' title='bbox 2952 4297 3286 4367; x_wconf 88' lang='lat' dir='ltr'><strong>petulantius</strong></span> <span class='ocrx_word' id='word_1_757' title='bbox 3319 4312 3467 4352; x_wconf 89' lang='lat' dir='ltr'><strong>com-</strong></span> 
     </span>
    </p>
   </div>
   <div class='ocr_carea' id='block_1_106' title="bbox 1892 4383 3467 4454">
    <p class='ocr_par' dir='ltr' id='par_1_106' title="bbox 1892 4383 3467 4454">
     <span class='ocr_line' id='line_1_106' title="bbox 1892 4383 3467 4454; baseline 0.008 -19"><span class='ocrx_word' id='word_1_758' title='bbox 1892 4383 2161 4450; x_wconf 89' lang='lat' dir='ltr'><strong>mittetur,</strong></span> <span class='ocrx_word' id='word_1_759' title='bbox 2187 4385 2238 4437; x_wconf 89' lang='lat' dir='ltr'><strong>id</strong></span> <span class='ocrx_word' id='word_1_760' title='bbox 2267 4385 2425 4454; x_wconf 84' lang='lat' dir='ltr'><strong>quasi</strong></span> <span class='ocrx_word' id='word_1_761' title='bbox 2455 4401 2484 4440; x_wconf 90' lang='lat' dir='ltr'><strong>a</strong></span> <span class='ocrx_word' id='word_1_762' title='bbox 2510 4402 2594 4442; x_wconf 87' lang='lat' dir='ltr'><strong>me</strong></span> <span class='ocrx_word' id='word_1_763' title='bbox 2621 4388 2980 4445; x_wconf 83' lang='lat' dir='ltr'><strong>commissum</strong></span> <span class='ocrx_word' id='word_1_764' title='bbox 3012 4389 3265 4448; x_wconf 85' lang='lat' dir='ltr'><strong>homines</strong></span> <span class='ocrx_word' id='word_1_765' title='bbox 3297 4392 3467 4449; x_wconf 55' lang='lat' dir='ltr'><strong>inter-</strong></span> 
     </span>
    </p>
   </div>
   <div class='ocr_carea' id='block_1_107' title="bbox 1892 4478 3468 4556">
    <p class='ocr_par' dir='ltr' id='par_1_107' title="bbox 1892 4478 3468 4556">
     <span class='ocr_line' id='line_1_107' title="bbox 1892 4478 3468 4556; baseline 0.011 -28"><span class='ocrx_word' id='word_1_766' title='bbox 1892 4478 2288 4544; x_wconf 81' lang='lat' dir='ltr'><strong>prolabuntur;</strong></span> <span class='ocrx_word' id='word_1_767' title='bbox 2329 4479 2483 4553; x_wconf 83' lang='lat' dir='ltr'><strong>quod</strong></span> <span class='ocrx_word' id='word_1_768' title='bbox 2528 4480 2752 4548; x_wconf 82' lang='lat' dir='ltr'><strong>quidem</strong></span> <span class='ocrx_word' id='word_1_769' title='bbox 2802 4485 2936 4538; x_wconf 88' lang='lat' dir='ltr'><strong>mihi</strong></span> <span class='ocrx_word' id='word_1_770' title='bbox 2984 4485 3310 4556; x_wconf 84' lang='lat' dir='ltr'><strong>patiundum</strong></span> <span class='ocrx_word' id='word_1_771' title='bbox 3356 4503 3468 4545; x_wconf 83' lang='lat' dir='ltr'><strong>non</strong></span> 
     </span>
    </p>
   </div>
   <div class='ocr_carea' id='block_1_108' title="bbox 1893 4567 3468 4646">
    <p class='ocr_par' dir='ltr' id='par_1_108' title="bbox 1893 4567 3468 4646">
     <span class='ocr_line' id='line_1_108' title="bbox 1893 4567 3468 4646; baseline 0.01 -26"><span class='ocrx_word' id='word_1_772' title='bbox 1893 4579 1996 4621; x_wconf 83' lang='lat' dir='ltr'><strong>est.</strong></span> <span class='ocrx_word' id='word_1_773' title='bbox 2048 4567 2145 4623; x_wconf 87' lang='lat' dir='ltr'><strong>llis</strong></span> <span class='ocrx_word' id='word_1_774' title='bbox 2194 4581 2506 4626; x_wconf 81' lang='lat' dir='ltr'><strong>commotus</strong></span> <span class='ocrx_word' id='word_1_775' title='bbox 2553 4575 3008 4644; x_wconf 80' lang='lat' dir='ltr'><strong>protovestiarius</strong></span> <span class='ocrx_word' id='word_1_776' title='bbox 3055 4579 3257 4646; x_wconf 90' lang='lat' dir='ltr'><strong>timuit,</strong></span> <span class='ocrx_word' id='word_1_777' title='bbox 3299 4589 3358 4636; x_wconf 90' lang='lat' dir='ltr'><strong>et</strong></span> <span class='ocrx_word' id='word_1_778' title='bbox 3411 4579 3468 4635; x_wconf 90' lang='lat' dir='ltr'><strong>in</strong></span> 
     </span>
    </p>
   </div>
   <div class='ocr_carea' id='block_1_109' title="bbox 1894 4661 3468 4739">
    <p class='ocr_par' dir='ltr' id='par_1_109' title="bbox 1894 4661 3468 4739">
     <span class='ocr_line' id='line_1_109' title="bbox 1894 4661 3468 4739; baseline 0.008 -25"><span class='ocrx_word' id='word_1_779' title='bbox 1894 4673 2150 4730; x_wconf 83' lang='lat' dir='ltr'><strong>magnum</strong></span> <span class='ocrx_word' id='word_1_780' title='bbox 2199 4661 2528 4731; x_wconf 86' lang='lat' dir='ltr'><strong>logotbetam</strong></span> <span class='ocrx_word' id='word_1_781' title='bbox 2573 4668 2885 4736; x_wconf 85' lang='lat' dir='ltr'><strong>exemplum</strong></span> <span class='ocrx_word' id='word_1_782' title='bbox 2929 4670 3228 4739; x_wconf 79' lang='lat' dir='ltr'><strong>pessimum</strong></span> <span class='ocrx_word' id='word_1_783' title='bbox 3284 4671 3468 4727; x_wconf 89' lang='lat' dir='ltr'><strong>moliri</strong></span> 
     </span>
    </p>
   </div>
   <div class='ocr_carea' id='block_1_110' title="bbox 1891 4751 3471 4831">
    <p class='ocr_par' dir='ltr' id='par_1_110' title="bbox 1891 4751 3471 4831">
     <span class='ocr_line' id='line_1_110' title="bbox 1891 4751 3471 4831; baseline 0.009 -27"><span class='ocrx_word' id='word_1_784' title='bbox 1891 4753 2146 4805; x_wconf 83' lang='lat' dir='ltr'><strong>cessavit.</strong></span> <span class='ocrx_word' id='word_1_785' title='bbox 2183 4751 2380 4807; x_wconf 84' lang='lat' dir='ltr'><strong>Paucis</strong></span> <span class='ocrx_word' id='word_1_786' title='bbox 2409 4754 2608 4810; x_wconf 85' lang='lat' dir='ltr'><strong>diebus</strong></span> <span class='ocrx_word' id='word_1_787' title='bbox 2629 4754 2983 4824; x_wconf 82' lang='lat' dir='ltr'><strong>intermissis,</strong></span> <span class='ocrx_word' id='word_1_788' title='bbox 3015 4761 3203 4818; x_wconf 80' lang='lat' dir='ltr'><strong>senior</strong></span> <span class='ocrx_word' id='word_1_789' title='bbox 3234 4762 3471 4831; x_wconf 85' lang='lat' dir='ltr'><strong>impera-</strong></span> 
     </span>
    </p>
   </div>
   <div class='ocr_carea' id='block_1_111' title="bbox 1893 4843 3469 4919">
    <p class='ocr_par' dir='ltr' id='par_1_111' title="bbox 1893 4843 3469 4919">
     <span class='ocr_line' id='line_1_111' title="bbox 1893 4843 3469 4919; baseline 0.013 -29"><span class='ocrx_word' id='word_1_790' title='bbox 1893 4851 1999 4907; x_wconf 80' lang='lat' dir='ltr'><strong>tor,</strong></span> <span class='ocrx_word' id='word_1_791' title='bbox 2034 4857 2101 4895; x_wconf 86' lang='lat' dir='ltr'><strong>an</strong></span> <span class='ocrx_word' id='word_1_792' title='bbox 2155 4843 2459 4908; x_wconf 79' lang='lat' dir='ltr'><strong>calumnia,</strong></span> <span class='ocrx_word' id='word_1_793' title='bbox 2488 4861 2553 4898; x_wconf 88' lang='lat' dir='ltr'><strong>an</strong></span> <span class='ocrx_word' id='word_1_794' title='bbox 2591 4847 2696 4899; x_wconf 88' lang='lat' dir='ltr'><strong>alia</strong></span> <span class='ocrx_word' id='word_1_795' title='bbox 2730 4854 2942 4904; x_wconf 82' lang='lat' dir='ltr'><strong>ratione</strong></span> <span class='ocrx_word' id='word_1_796' title='bbox 2977 4852 3254 4919; x_wconf 86' lang='lat' dir='ltr'><strong>inductus,</strong></span> <span class='ocrx_word' id='word_1_797' title='bbox 3303 4854 3385 4909; x_wconf 88' lang='lat' dir='ltr'><strong>sic</strong></span> <span class='ocrx_word' id='word_1_798' title='bbox 3415 4855 3469 4910; x_wconf 89' lang='lat' dir='ltr'><strong>in</strong></span> 
     </span>
    </p>
   </div>
   <div class='ocr_carea' id='block_1_112' title="bbox 1898 4934 3472 5004">
    <p class='ocr_par' dir='ltr' id='par_1_112' title="bbox 1898 4934 3472 5004">
     <span class='ocr_line' id='line_1_112' title="bbox 1898 4934 3472 5004; baseline 0.01 -19"><span class='ocrx_word' id='word_1_799' title='bbox 1898 4934 2392 5003; x_wconf 80' lang='lat' dir='ltr'><strong>protovestiarium</strong></span> <span class='ocrx_word' id='word_1_800' title='bbox 2423 4940 2655 5004; x_wconf 74' lang='lat' dir='ltr'><strong>exarsit,</strong></span> <span class='ocrx_word' id='word_1_801' title='bbox 2683 4949 2742 4994; x_wconf 92' lang='lat' dir='ltr'><strong>ut</strong></span> <span class='ocrx_word' id='word_1_802' title='bbox 2770 4957 2896 4996; x_wconf 92' lang='lat' dir='ltr'><strong>eum</strong></span> <span class='ocrx_word' id='word_1_803' title='bbox 2929 4943 2981 4997; x_wconf 91' lang='lat' dir='ltr'><strong>in</strong></span> <span class='ocrx_word' id='word_1_804' title='bbox 3011 4959 3288 5002; x_wconf 88' lang='lat' dir='ltr'><strong>carcerem</strong></span> <span class='ocrx_word' id='word_1_805' title='bbox 3317 4961 3472 5001; x_wconf 83' lang='lat' dir='ltr'><strong>eom-</strong></span> 
     </span>
    </p>
   </div>
   <div class='ocr_carea' id='block_1_113' title="bbox 1890 5027 3469 5106">
    <p class='ocr_par' dir='ltr' id='par_1_113' title="bbox 1890 5027 3469 5106">
     <span class='ocr_line' id='line_1_113' title="bbox 1890 5027 3469 5106; baseline 0.008 -26"><span class='ocrx_word' id='word_1_806' title='bbox 1890 5027 2118 5097; x_wconf 87' lang='lat' dir='ltr'><strong>pingere</strong></span> <span class='ocrx_word' id='word_1_807' title='bbox 2147 5027 2440 5098; x_wconf 86' lang='lat' dir='ltr'><strong>cogitaret.</strong></span> <span class='ocrx_word' id='word_1_808' title='bbox 2465 5029 2635 5085; x_wconf 70' lang='lat' dir='ltr'><strong>Mittit</strong></span> <span class='ocrx_word' id='word_1_809' title='bbox 2658 5031 2827 5102; x_wconf 86' lang='lat' dir='ltr'><strong>igitur</strong></span> <span class='ocrx_word' id='word_1_810' title='bbox 2849 5048 3106 5104; x_wconf 79' lang='lat' dir='ltr'><strong>magnum</strong></span> <span class='ocrx_word' id='word_1_811' title='bbox 3132 5035 3469 5106; x_wconf 82' lang='lat' dir='ltr'><strong>logotltetam</strong></span> 
     </span>
    </p>
   </div>
   <div class='ocr_carea' id='block_1_114' title="bbox 1891 5119 3471 5189">
    <p class='ocr_par' dir='ltr' id='par_1_114' title="bbox 1891 5119 3471 5189">
     <span class='ocr_line' id='line_1_114' title="bbox 1891 5119 3471 5189; baseline 0.008 -17"><span class='ocrx_word' id='word_1_812' title='bbox 1891 5119 1959 5173; x_wconf 89' lang='lat' dir='ltr'><strong>ad</strong></span> <span class='ocrx_word' id='word_1_813' title='bbox 1995 5129 2274 5189; x_wconf 88' lang='lat' dir='ltr'><strong>nepotem,</strong></span> <span class='ocrx_word' id='word_1_814' title='bbox 2316 5128 2374 5175; x_wconf 88' lang='lat' dir='ltr'><strong>et</strong></span> <span class='ocrx_word' id='word_1_815' title='bbox 2399 5120 2682 5177; x_wconf 84' lang='lat' dir='ltr'><strong>hominem</strong></span> <span class='ocrx_word' id='word_1_816' title='bbox 2717 5138 2846 5178; x_wconf 89' lang='lat' dir='ltr'><strong>eum</strong></span> <span class='ocrx_word' id='word_1_817' title='bbox 2889 5125 2958 5180; x_wconf 92' lang='lat' dir='ltr'><strong>de</strong></span> <span class='ocrx_word' id='word_1_818' title='bbox 2980 5124 3104 5180; x_wconf 88' lang='lat' dir='ltr'><strong>aliis</strong></span> <span class='ocrx_word' id='word_1_819' title='bbox 3139 5125 3471 5184; x_wconf 86' lang='lat' dir='ltr'><strong>criminibus</strong></span> 
     </span>
    </p>
   </div>
   <div class='ocr_carea' id='block_1_115' title="bbox 1895 5213 3462 5291">
    <p class='ocr_par' dir='ltr' id='par_1_115' title="bbox 1895 5213 3462 5291">
     <span class='ocr_line' id='line_1_115' title="bbox 1895 5213 3462 5291; baseline 0.006 -24"><span class='ocrx_word' id='word_1_820' title='bbox 1895 5213 2083 5268; x_wconf 90' lang='lat' dir='ltr'><strong>multis</strong></span> <span class='ocrx_word' id='word_1_821' title='bbox 2126 5223 2360 5279; x_wconf 88' lang='lat' dir='ltr'><strong>accusat,</strong></span> <span class='ocrx_word' id='word_1_822' title='bbox 2386 5221 2502 5269; x_wconf 89' lang='lat' dir='ltr'><strong>tum</strong></span> <span class='ocrx_word' id='word_1_823' title='bbox 2532 5215 2678 5287; x_wconf 89' lang='lat' dir='ltr'><strong>quod</strong></span> <span class='ocrx_word' id='word_1_824' title='bbox 2708 5215 2813 5272; x_wconf 88' lang='lat' dir='ltr'><strong>sibi</strong></span> <span class='ocrx_word' id='word_1_825' title='bbox 2853 5217 3116 5272; x_wconf 87' lang='lat' dir='ltr'><strong>maledica</strong></span> <span class='ocrx_word' id='word_1_826' title='bbox 3151 5219 3334 5291; x_wconf 84' lang='lat' dir='ltr'><strong>lingua</strong></span> <span class='ocrx_word' id='word_1_827' title='bbox 3362 5223 3462 5276; x_wconf 82' lang='lat' dir='ltr'><strong>ob-</strong></span> 
     </span>
    </p>
   </div>
   <div class='ocr_carea' id='block_1_116' title="bbox 1889 5304 3468 5382">
    <p class='ocr_par' dir='ltr' id='par_1_116' title="bbox 1889 5304 3468 5382">
     <span class='ocr_line' id='line_1_116' title="bbox 1889 5304 3468 5382; baseline 0.004 -22"><span class='ocrx_word' id='word_1_828' title='bbox 1889 5315 2129 5361; x_wconf 85' lang='lat' dir='ltr'><strong>treetare</strong></span> <span class='ocrx_word' id='word_1_829' title='bbox 2155 5320 2265 5360; x_wconf 74' lang='lat' dir='ltr'><strong>non</strong></span> <span class='ocrx_word' id='word_1_830' title='bbox 2301 5304 2554 5361; x_wconf 87' lang='lat' dir='ltr'><strong>desinat:</strong></span> <span class='ocrx_word' id='word_1_831' title='bbox 2585 5307 2657 5361; x_wconf 91' lang='lat' dir='ltr'><strong>ob</strong></span> <span class='ocrx_word' id='word_1_832' title='bbox 2681 5324 2802 5371; x_wconf 65' lang='lat' dir='ltr'><strong>quae</strong></span> <span class='ocrx_word' id='word_1_833' title='bbox 2838 5309 2951 5362; x_wconf 85' lang='lat' dir='ltr'><strong>sola</strong></span> <span class='ocrx_word' id='word_1_834' title='bbox 2979 5318 3285 5364; x_wconf 87' lang='lat' dir='ltr'><strong>extremum</strong></span> <span class='ocrx_word' id='word_1_835' title='bbox 3336 5327 3468 5382; x_wconf 83' lang='lat' dir='ltr'><strong>sup-</strong></span> 
     </span>
    </p>
   </div>
   <div class='ocr_carea' id='block_1_117' title="bbox 1892 5399 3488 5473">
    <p class='ocr_par' dir='ltr' id='par_1_117' title="bbox 1892 5399 3488 5473">
     <span class='ocr_line' id='line_1_117' title="bbox 1892 5399 3488 5473; baseline 0.004 -21"><span class='ocrx_word' id='word_1_836' title='bbox 1892 5399 2116 5468; x_wconf 87' lang='lat' dir='ltr'><strong>plicium</strong></span> <span class='ocrx_word' id='word_1_837' title='bbox 2147 5410 2440 5472; x_wconf 81' lang='lat' dir='ltr'><strong>mereatur.</strong></span> <span class='ocrx_word' id='word_1_838' title='bbox 2480 5400 2749 5454; x_wconf 54' lang='lat' dir='ltr'><strong>Praeterea</strong></span> <span class='ocrx_word' id='word_1_839' title='bbox 2779 5401 2926 5469; x_wconf 88' lang='lat' dir='ltr'><strong>quod</strong></span> <span class='ocrx_word' id='word_1_840' title='bbox 2976 5401 3044 5456; x_wconf 83' lang='lat' dir='ltr'><strong>ab</strong></span> <span class='ocrx_word' id='word_1_841' title='bbox 3079 5403 3211 5473; x_wconf 86' lang='lat' dir='ltr'><strong>ipsis</strong></span> <span class='ocrx_word' id='word_1_842' title='bbox 3235 5404 3488 5460; x_wconf 77' lang='lat' dir='ltr'><strong>deiicere.</strong></span> 
     </span>
    </p>
   </div>
   <div class='ocr_carea' id='block_1_118' title="bbox 1895 5489 3470 5566">
    <p class='ocr_par' dir='ltr' id='par_1_118' title="bbox 1895 5489 3470 5566">
     <span class='ocr_line' id='line_1_118' title="bbox 1895 5489 3470 5566; baseline 0.006 -24"><span class='ocrx_word' id='word_1_843' title='bbox 1895 5490 2209 5550; x_wconf 77' lang='lat' dir='ltr'><strong>meditetur.</strong></span> <span class='ocrx_word' id='word_1_844' title='bbox 2237 5489 2319 5544; x_wconf 93' lang='lat' dir='ltr'><strong>0b</strong></span> <span class='ocrx_word' id='word_1_845' title='bbox 2354 5492 2466 5546; x_wconf 72' lang='lat' dir='ltr'><strong>luce</strong></span> <span class='ocrx_word' id='word_1_846' title='bbox 2493 5491 2806 5545; x_wconf 85' lang='lat' dir='ltr'><strong>existimare</strong></span> <span class='ocrx_word' id='word_1_847' title='bbox 2864 5509 2921 5548; x_wconf 91' lang='lat' dir='ltr'><strong>se</strong></span> <span class='ocrx_word' id='word_1_848' title='bbox 2967 5494 3118 5548; x_wconf 88' lang='lat' dir='ltr'><strong>illum</strong></span> <span class='ocrx_word' id='word_1_849' title='bbox 3168 5495 3470 5566; x_wconf 84' lang='lat' dir='ltr'><strong>conjicien-</strong></span> 
     </span>
    </p>
   </div>
   <div class='ocr_carea' id='block_1_119' title="bbox 1891 5581 3467 5657">
    <p class='ocr_par' dir='ltr' id='par_1_119' title="bbox 1891 5581 3467 5657">
     <span class='ocr_line' id='line_1_119' title="bbox 1891 5581 3467 5657; baseline 0.005 -23"><span class='ocrx_word' id='word_1_850' title='bbox 1891 5581 2021 5634; x_wconf 86' lang='lat' dir='ltr'><strong>dum</strong></span> <span class='ocrx_word' id='word_1_851' title='bbox 2054 5585 2107 5634; x_wconf 92' lang='lat' dir='ltr'><strong>in</strong></span> <span class='ocrx_word' id='word_1_852' title='bbox 2146 5581 2450 5636; x_wconf 71' lang='lat' dir='ltr'><strong>custodiam</strong></span> <span class='ocrx_word' id='word_1_853' title='bbox 2481 5599 2492 5634; x_wconf 90' lang='lat'>:</span> <span class='ocrx_word' id='word_1_854' title='bbox 2526 5592 2582 5636; x_wconf 84' lang='lat' dir='ltr'><strong>et</strong></span> <span class='ocrx_word' id='word_1_855' title='bbox 2627 5583 2766 5638; x_wconf 85' lang='lat' dir='ltr'><strong>hanc</strong></span> <span class='ocrx_word' id='word_1_856' title='bbox 2799 5585 3126 5640; x_wconf 82' lang='lat' dir='ltr'><strong>sententiam</strong></span> <span class='ocrx_word' id='word_1_857' title='bbox 3177 5601 3329 5641; x_wconf 85' lang='lat' dir='ltr'><strong>suam</strong></span> <span class='ocrx_word' id='word_1_858' title='bbox 3362 5587 3467 5657; x_wconf 84' lang='lat' dir='ltr'><strong>ipsi</strong></span> 
     </span>
    </p>
   </div>
   <div class='ocr_carea' id='block_1_120' title="bbox 1892 5673 3465 5749">
    <p class='ocr_par' dir='ltr' id='par_1_120' title="bbox 1892 5673 3465 5749">
     <span class='ocr_line' id='line_1_120' title="bbox 1892 5673 3465 5749; baseline 0.006 -23"><span class='ocrx_word' id='word_1_859' title='bbox 1892 5673 2137 5728; x_wconf 72' lang='lat' dir='ltr'><strong>indicare</strong></span> <span class='ocrx_word' id='word_1_860' title='bbox 2168 5673 2430 5735; x_wconf 78' lang='lat' dir='ltr'><strong>voluisse,</strong></span> <span class='ocrx_word' id='word_1_861' title='bbox 2463 5682 2520 5727; x_wconf 91' lang='lat' dir='ltr'><strong>ut</strong></span> <span class='ocrx_word' id='word_1_862' title='bbox 2565 5677 2769 5742; x_wconf 77' lang='lat' dir='ltr'><strong>pariter</strong></span> <span class='ocrx_word' id='word_1_863' title='bbox 2804 5678 2974 5732; x_wconf 89' lang='lat' dir='ltr'><strong>sciret</strong></span> <span class='ocrx_word' id='word_1_864' title='bbox 3016 5694 3184 5749; x_wconf 86' lang='lat' dir='ltr'><strong>seque</strong></span> <span class='ocrx_word' id='word_1_865' title='bbox 3230 5680 3296 5735; x_wconf 89' lang='lat' dir='ltr'><strong>ad</strong></span> <span class='ocrx_word' id='word_1_866' title='bbox 3337 5698 3465 5735; x_wconf 84' lang='lat' dir='ltr'><strong>eum</strong></span> 
     </span>
    </p>
   </div>
   <div class='ocr_carea' id='block_1_121' title="bbox 1889 5762 3466 5838">
    <p class='ocr_par' dir='ltr' id='par_1_121' title="bbox 1889 5762 3466 5838">
     <span class='ocr_line' id='line_1_121' title="bbox 1889 5762 3466 5838; baseline 0.002 -19"><span class='ocrx_word' id='word_1_867' title='bbox 1889 5762 2361 5832; x_wconf 85' lang='lat' dir='ltr'><strong>comprimendum</strong></span> <span class='ocrx_word' id='word_1_868' title='bbox 2403 5763 2703 5832; x_wconf 74' lang='lat' dir='ltr'><strong>adiuvaret.</strong></span> <span class='ocrx_word' id='word_1_869' title='bbox 2733 5765 2910 5838; x_wconf 82' lang='lat' dir='ltr'><strong>Nepos</strong></span> <span class='ocrx_word' id='word_1_870' title='bbox 2963 5769 3034 5820; x_wconf 91' lang='lat' dir='ltr'><strong>ita</strong></span> <span class='ocrx_word' id='word_1_871' title='bbox 3073 5768 3374 5838; x_wconf 74' lang='lat' dir='ltr'><strong>respondit,</strong></span> <span class='ocrx_word' id='word_1_872' title='bbox 3409 5785 3466 5822; x_wconf 80' lang='lat' dir='ltr'><strong>se</strong></span> 
     </span>
    </p>
   </div>
   <div class='ocr_carea' id='block_1_122' title="bbox 1888 5855 3467 5928">
    <p class='ocr_par' dir='ltr' id='par_1_122' title="bbox 1888 5855 3467 5928">
     <span class='ocr_line' id='line_1_122' title="bbox 1888 5855 3467 5928; baseline 0.003 -18"><span class='ocrx_word' id='word_1_873' title='bbox 1888 5871 2106 5928; x_wconf 86' lang='lat' dir='ltr'><strong>quoque</strong></span> <span class='ocrx_word' id='word_1_874' title='bbox 2191 5855 2668 5925; x_wconf 67' lang='lat' dir='ltr'><strong>protovestiari&#39;tm</strong></span> <span class='ocrx_word' id='word_1_875' title='bbox 2734 5874 2939 5928; x_wconf 63' lang='lat' dir='ltr'><strong>magum</strong></span> <span class='ocrx_word' id='word_1_876' title='bbox 3005 5859 3183 5910; x_wconf 69' lang='lat' dir='ltr'><strong>amite</strong></span> <span class='ocrx_word' id='word_1_877' title='bbox 3243 5875 3350 5913; x_wconf 71' lang='lat' dir='ltr'><strong>suae</strong></span> <span class='ocrx_word' id='word_1_878' title='bbox 3405 5860 3467 5913; x_wconf 66' lang='grc'><strong>[14</strong></span> 
     </span>
    </p>
   </div>
   <div class='ocr_carea' id='block_1_123' title="bbox 3038 5958 3109 6016">
    <p class='ocr_par' dir='ltr' id='par_1_123' title="bbox 3038 5958 3109 6016">
     <span class='ocr_line' id='line_1_123' title="bbox 3038 5958 3109 6016; baseline 0.028 -2"><span class='ocrx_word' id='word_1_879' title='bbox 3038 5958 3109 6016; x_wconf 83' lang='grc'><strong>10</strong></span> 
     </span>
    </p>
   </div>
  </div>
