3918 6668
431 367 538 430 τοι
1633 361 1958 426 JOANNIS
1998 361 2524 424 CANTACUZENI

3590 354 3682 419 3M

429 481 687 555 jectionis
717 467 872 547 mete,
917 495 1081 553 quam
1111 496 1240 550 erga
1279 495 1403 537 eum
1439 477 1598 536 factis
1631 479 1867 542 ostendi,
1899 493 2007 533 non

2123 475 2392 548 βασιλεὺς,
2428 475 2636 546 ἤλγησε
2688 472 2790 542 μὲν
2827 472 2928 543 ούχ
2982 472 3189 544 ἥκιστα
3223 469 3322 524 ἐπὶ
3360 468 3494 532 ταῖς
3529 468 3685 536 ἀγγε-

435 592 608 646 usque
659 576 796 630 adeo
831 574 1155 643 deposuisse
1194 571 1540 626 memoriam.
1573 571 1680 626 Sed
1710 570 1836 640 quia
1871 584 1998 639 pec-

427 658 570 721 eatis
595 666 730 720 meis
765 666 966 719 factum
1001 673 1108 730 est,
1143 662 1344 729 uthuc
1368 661 1774 731 prolaberetur,
1806 675 2002 728 meque

433 756 715 826 perjurum
752 764 806 808 et
838 760 1124 822 pactorum
1167 737 1684 819 conventorumque
1750 757 2006 802 contem-

435 851 650 913 ptorem
693 842 972 914 iudicaret
995 856 1064 895 ac
1090 841 1322 906 diceret,
1366 857 1491 897 cum
1534 840 1767 910 probum
1799 839 2005 908 potius,

359 937 384 954 ‘
439 937 608 1005 patris
643 944 945 996 amantem,
981 933 1200 1002 sibique
1249 931 1718 1001 subjectissimum
1749 937 2004 1000 reputare

436 1028 742 1090 debuisset,
770 1027 1009 1097 primum
1039 1023 1262 1092 quidem
1296 1031 1607 1094 opportune
1643 1037 1740 1078 vos
1771 1021 1880 1076 huc
1907 1037 2004 1076 ve-

436 1120 586 1174 nisse
619 1119 884 1180 arbitror,
934 1117 1083 1170 viros
1117 1113 1447 1184 prudentes,
1491 1114 1699 1184 quique
1747 1111 2008 1167 facillime

438 1226 506 1266 ex
548 1211 801 1264 oratione
848 1222 966 1261 mea
1002 1206 1288 1260 veritatem
1313 1215 1370 1260 et
1401 1203 1640 1259 oﬂicium
1674 1203 2006 1258 intellecturl

441 1305 570 1358 sint.
625 1301 832 1356 Deinde
894 1300 1199 1367 interrogo,
1256 1296 1454 1365 ecquid
1507 1295 1576 1350 ab
1621 1310 1724 1349 avo
1781 1308 1905 1348 meo
1952 1292 2007 1346 in

443 1393 716 1450 mandatis
747 1389 1104 1460 acceperitis,
1139 1397 1202 1442 ut
1253 1387 1321 1442 de
1354 1387 1574 1458 injuriis
1604 1387 1683 1443 illi
1711 1403 1739 1441 a
1773 1399 1861 1440 me
1890 1384 2009 1439 illa-

441 1486 512 1541 tis
536 1501 746 1541 mecum
772 1481 1153 1554 expostuletis,
1210 1495 1494 1550 meamque
1519 1489 1710 1535 contra
1736 1477 2011 1534 defensio-

442 1593 568 1632 nem
602 1576 858 1630 audiatis.
908 1572 1120 1628 Etenim
1156 1570 1222 1626 ad
1250 1571 1465 1640 objecta
1512 1569 1837 1640 depellenda
1861 1566 2010 1638 quod

445 1669 649 1732 dicam,
687 1665 1121 1734 superfuturum,
1181 1661 1384 1718 nedum
1447 1661 1764 1717 defuturum
1824 1675 2008 1730 spero.

447 1758 949 1830 Respondentibus,
1001 1773 1108 1812 non
1143 1758 1266 1827 plus
1308 1755 1418 1812 sibi
1444 1757 1815 1825 :prameptum,
1842 1768 2008 1823 quam

2102 569 2282 633 λίαιςο
2320 568 2521 638 μικρὸν
2567 565 2623 620 δέ
2694 566 2971 635 ἐπισχὼν,
3021 563 3390 634 Ἐϐουλόμην.
3447 555 3688 628 εἷπε,μὴ

2102 658 2366 712 τοσοῦτον
2415 659 2707 728 ἀμνήμονα
2744 657 2838 711 τὸν
2889 659 3021 727 ἐμὸν
3063 657 3254 725 κύριον
3298 654 3412 708 καὶ
3473 652 3691 722 βασιλέα

2101 740 2170 819 ἧς
2201 747 2388 819 ἔργοις
2422 746 2587 810 αὐτὸς
2631 745 2950 810 εὐπειθείας
3001 745 3098 798 καὶ
3129 743 3388 804 δουλείας
3439 740 3584 810 πρὸς
3613 741 3692 792 αύ-

2081 837 2196 892 ’τδν
2243 837 2601 907 ἐνεδειξάμην
2652 836 2889 906 ὀφθῆναι
2944 835 3062 889 νῦνο
3094 835 3216 888 ἐπεὶ
3241 834 3286 888 δ’
3320 834 3362 904 ἡ
3409 830 3530 884 τῶν
3556 831 3693 900 ἐμῶν

2105 929 2522 1000 ἁμαρτημάτων
2558 927 2774 998 πληθὺς
2807 929 3067 998 ἐπίορκον
3092 928 3184 979 καὶ
3214 925 3323 977 τῶν
3360 922 3519 994 πρὸς
3545 923 3695 975 αὐτὸν

2107 1023 2439 1092 συμϐάσεων
2491 1021 2766 1092 ἀθετητὴν
2835 1022 2930 1076 καὶ
2992 1019 3208 1073 οἴεσθαι
3273 1018 3558 1072 ἀνέπεισε
3609 1016 3695 1068 καὶ

2105 1115 2311 1183 λέγειν,
2359 1114 2478 1168 δέον
2515 1113 2839 1183 εὐγνώμονα
2880 1114 2975 1169 καὶ
3025 1112 3371 1181 φιλοπάτορα
3416 1111 3523 1163 καὶ
3560 1106 3698 1178 αύτῷ

2108 1206 2406 1261 ὑπείκοντα
2444 1207 2766 1276 λογίζεσθαι
2809 1208 3012 1267 πάντα.
3055 1205 3279 1277 πρῶτον
3319 1205 3434 1274 μὲν
3489 1204 3556 1255 ἐν
3585 1218 3698 1256 και-

2109 1298 2211 1369 ρίῳ
2241 1299 2448 1369 ὀἴομαι
2489 1299 2589 1370 τὴν
2637 1299 2776 1368 πρὸς
2809 1298 2910 1366 ἐμὲ
2945 1299 3100 1368 ὑμῶν
3134 1297 3323 1366 ἄφιξιν
3351 1295 3699 1365 γεγενῆσθαι

2114 1391 2352 1443 συνετῶν
2405 1391 2576 1444 ὅντων
2627 1391 2720 1444 καὶ
2775 1390 3097 1459 δυναμένων
3148 1390 3394 1458 μάλιστα
3443 1387 3562 1440 ἀπὸ
3602 1384 3699 1437 τῶν

2107 1481 2420 1551 λεγομένων
2439 1481 2509 1534 τὰ
2529 1480 2704 1553 ἀληθῆ
2737 1481 2836 1534 καὶ
2859 1481 3134 1534 τάνδέοντα
3168 1482 3454 1533 συνεῖναι·
3490 1478 3699 1543 ἔπειτα,

2110 1574 2302 1643 ἐρωτῶ
2341 1575 2390 1627 εί
2438 1575 2534 1628 καλ⁵
2572 1575 2724 1644 παρὰ
2767 1572 2862 1627 τοῦ
2894 1572 3032 1644 ἐμοῦ
3066 1572 3260 1642 κυρίου
3285 1573 3387 1625 καὶ
3427 1569 3702 1640 βασιλέως

2116 1667 2524 1736 ἐπιτέτραπται
2580 1667 2744 1736 ύμῖν,
2801 1665 2900 1719 ἅτε
2959 1665 3201 1734 ἠδίκηκα
3249 1664 3568 1730 ἐγκαλεῖν.
3615 1666 3703 1716 καὶ

2113 1757 2320 1811 τούτων
2351 1758 2452 1826 τὴν
2485 1757 2784 1823 ἀπολογίαν
2815 1757 3069 1825 δέχεσθαι
3104 1755 3428 1819 διεξιόντος.
3463 1750 3703 1815 Ἐλπίζω

446 1861 509 1907 οι
543 1851 592 1906 ei
628 1850 1042 1912 denuntiarent,
1097 1863 1168 1902 ne
1217 1847 1535 1919 Byzantium
1595 1846 2012 1916 ingrederetur,

2123 1850 2225 1920 γὰρ
2260 1850 2323 1902 ἐκ
2369 1847 2569 1902 πολλοῦ
2603 1848 2698 1901 τοῦ
2737 1848 3024 1918 περιόντος
3057 1845 3449 1899 ἀποδύσασθαι
3495 1844 3570 1896 τά
3621 1845 3703 1910 ἐγ-

449 1943 747 2012 statimque
805 1950 1222 1996 reverterentur
1261 1939 1637 1994 :chuntiate
1681 1936 1869 2008 igitur,
1915 1938 2012 2002 ait,

449 2035 675 2090 domino
697 2050 821 2090 meo
851 2041 906 2089 et
937 2032 1277 2104 imperatori,
1307 2045 1396 2086 me
1425 2030 1593 2086 Deum
1622 2029 1870 2086 veritatis
1892 2029 2016 2084 vin-

449 2128 654 2192 dicem,
676 2137 838 2196 atque
853 2126 989 2181 adeo
1009 2125 1185 2194 ipsam
1207 2124 1491 2178 veritatem
1513 2123 1650 2193 (ipse
1665 2123 1811 2176 enim
1832 2131 1887 2178 et
1909 2130 2016 2187 est,

450 2226 508 2272 et
530 2215 846 2271 nominatur
859 2216 1086 2286 veritas)
1110 2213 1320 2279 testari,
1337 2227 1424 2267 me
1441 2221 1718 2281 nequeant
1733 2225 1819 2278 ea,
1841 2227 2020 2282 neque

451 2308 615 2362 modo
643 2307 788 2362 bello
816 2317 922 2361 tam
956 2306 1145 2375 inique
1171 2305 1495 2374 appetitum,
1534 2301 1667 2356 mihi
1697 2302 1928 2372 alicujus
1963 2301 2020 2356 in

451 2399 633 2468 ipsum
653 2397 929 2459 criminis,
955 2411 1051 2451 seu
1075 2410 1159 2460 re,
1176 2409 1271 2450 seu
1291 2393 1462 2448 verbo
1485 2391 1708 2446 admissi
1735 2391 2021 2446 consciunt

451 2507 595 2554 esse,
631 2497 728 2544 aut
782 2488 974 2544 fuisse.
1024 2486 1207 2553 Quare
1239 2485 1498 2554 illumper
1530 2484 1700 2537 Deum
1738 2483 2024 2536 immorta-

454 2585 562 2638 lem
591 2581 846 2646 obsecro,
874 2588 932 2633 ut
956 2579 1094 2633 iram
1127 2578 1384 2646 deponat,
1405 2572 1564 2645 134
1586 2588 1758 2644 seque
1777 2573 1844 2628 ad
1876 2573 2021 2628 leni-

459 2683 628 2728 tatem
657 2673 768 2734 det,
791 2687 856 2725 ac
893 2685 964 2726 ne
1010 2668 1144 2740 quid
1193 2675 1396 2738 przeter
1451 2681 1669 2736 equum
1716 2675 1772 2722 et
1819 2665 2025 2721 bonum

455 2774 711 2820 attentet.
741 2761 898 2830 Quod
928 2761 974 2815 si
999 2758 1400 2816 cacodzemonis
1426 2758 1758 2828 malignitas,
1792 2766 2025 2828 propter

455 2871 621 2927 quam
668 2855 870 2909 multas
912 2851 1074 2907 toties
1113 2864 1388 2907 arumnas
1421 2848 1650 2920 pertuli,
1683 2856 1924 2918 paratam
1958 2847 2026 2902 ad

455 2950 579 3020 ejus
612 2955 805 3002 nutum
857 2944 1200 3000 voluntatem
1257 2955 1436 2996 meam
1500 2939 1726 3011 (quam,
1776 2937 2028 3009 quoties-

456 3054 676 3110 cunque
724 3038 942 3094 occasio
988 3025 1114 3101 fuit,
1155 3049 1268 3105 prae
1303 3048 1392 3088 me
1443 3032 1566 3102 tuli)
1595 3046 1660 3112 ex
1701 3031 1891 3086 animo
1938 3029 2018 3086 illi

457 3135 726 3196 excussit,
799 3129 1269 3186 obtrectatoribus
1321 3135 1505 3182 autem
1566 3133 1622 3180 et
1671 3123 2027 3195 syc0pbantis

2119 1940 2396 2011 κλήματα.
2439 1941 2561 1994 Τῶν
2591 1941 2648 1994 δέ
2687 1940 2954 1993 εἰπόντων
2998 1939 3164 2008 μηδὲν
3200 1938 3365 1990 πλέον
3403 1935 3703 2005 ἐπιτετρά-

2121 2034 2256 2103 φθαι
2323 2033 2356 2103 ἢ
2415 2033 2538 2086 ὅσον
2598 2033 2674 2102 μὴ
2739 2032 2818 2096 είς
2885 2031 3186 2094 Βυζάντιον
3243 2029 3702 2098 ἀπαγγείλαντες

2117 2126 2295 2196 ἥκειν,
2350 2121 2509 2189 αὖθις
2566 2125 2960 2195 ἀναστρέφειν,
3034 2123 3444 2192 Ἀπαγγείλατε
3491 2121 3700 2184 τοίνυν,

2119 2216 2250 2287 ἔφη,
2287 2215 2366 2286 τῷ
2395 2217 2514 2284 ἐμῷ
2548 2216 2723 2286 κυρίῳ
2740 2221 2831 2268 καὶ
2863 2215 3094 2285 βασιλεῖ,
3121 2215 3205 2267 ὅτι
3243 2214 3335 2268 τδν
3361 2215 3582 2282 ἔφορον
3610 2211 3702 2278 τῆς

2122 2307 2384 2378 ἀληθείας
2418 2309 2870 2378 ἐπιμαρτύρομαι
2913 2306 3075 2371 Θεὸν,
3102 2308 3194 2360 καὶ
3237 2307 3404 2360 αὑτὸν
3431 2305 3702 2376 ἀλήθειαν

2123 2398 2463 2468 καλούμενον
2489 2400 2582 2452 καὶ
2616 2400 2765 2463 δντα,
2795 2399 2873 2462 ὡς
2901 2399 3028 2452 οὔτε
3062 2399 3356 2469 πρότερον,
3383 2397 3514 2451 οὔτ’
3551 2400 3614 2450 ἐν
3633 2396 3700 2464 τῷ

2123 2491 2220 2547 νῦν
2252 2491 2454 2554 ἀδίκως
2515 2493 2642 2545 κατ⁹
2698 2490 2836 2560 ἐμοῦ
2903 2492 3210 2560 κινουμένῳ
3269 2491 3532 2560 πολέμῳ,
3592 2489 3700 2542 οὔτ’

2123 2581 2311 2652 ἔργοις
2365 2580 2490 2634 οὔτε
2543 2581 2650 2651 μὴν
2709 2583 2766 2634 ἐν
2799 2583 3046 2652 ῥήμασιν
3092 2581 3315 2650 ἐμαυτῷ
3366 2598 3424 2635 τι
3479 2579 3699 2634 σύνοιδα

2125 2673 2527 2744 πεπραγμένον
2578 2672 2720 2727 κατά
2769 2671 2890 2726 σού.
2944 2674 3036 2726 Διὸ
3085 2674 3180 2726 καὶ
3228 2673 3419 2742 ἱκέτης
3474 2673 3699 2742 γίνομαί

2127 2781 2223 2818 σου
2257 2765 2395 2832 πρὸς
2426 2763 2592 2818 αὑτοῦ
2632 2763 2729 2818 τοῦ
2770 2765 2935 2828 θεοῦ,
2966 2765 3028 2817 τὸ
3059 2765 3376 2836 ὀργίζεσθαι
3421 2765 3699 2832 ἀποθέμε-

2125 2875 2242 2922 νον,
2283 2857 2598 2928 συμπαθείᾳ
2654 2857 2966 2928 χρήσασθαι
3012 2857 3110 2910 καὶ
3143 2857 3436 2928 πραότητι,
3476 2858 3577 2910 καὶ
3607 2855 3696 2908 τού

2125 2949 2336 3004 δικαίου
2377 2949 2473 3004 καὶ
2501 2948 2932 3016 ,λυσιτελοῦντος
2977 2950 3082 3017 ἔξω
3129 2953 3306 3004 ποιεῖν
3340 2950 3539 3020 μηδὲν.
3571 2949 3631 3001 El
3653 2948 3694 3001 δ’

2127 3043 2238 3114 ἀρα
2270 3041 2364 3096 τοῦ
2421 3041 2678 3110 δαίμονος
2705 3043 2738 3111 ἡ
2768 3042 3091 3113 δυσμένεια,
3122 3042 3190 3096 δι’
3223 3044 3290 3114 ἢν
3321 3042 3630 3104 πολλάκι(
3643 3043 3699 3094 ἐν

2131 3135 2327 3197 κακοῖς
2372 3132 2861 3205 τεταλαιπὼρηκα,
2915 3134 3020 3202 τῆς
3050 3135 3151 3202 μὲν
3182 3133 3432 3196 δουλείας
3477 3134 3578 3188 καὶ
3614 3133 3696 3186 εύο

457 3240 622 3280 aures
663 3224 816 3288 dare,
865 3229 921 3276 et
969 3219 1141 3274 armis
1178 3233 1265 3273 me
1296 3216 1560 3289 persequi
1591 3216 1891 3286 persuasit,
1926 3213 2023 3268 ite-

2132 3195 2382 3289 πειθείας
2412 3227 2482 3298 ἢν
2513 3195 2704 3296 ἔργοις
2733 3195 2916 3290 αὐτοῖς
2948 3195 3313 3298 ἐπεδειξάμην
3347 3195 3604 3282 ἐνῗπαντὶ
3628 3225 3699 3294 τῷ

457 3332 582 3370 rum
614 3329 739 3380 oro,
791 3328 861 3367 ne
905 3310 1112 3366 indicta
1163 3324 1328 3364 causa
1380 3322 1468 3363 me
1507 3305 1861 3371 condemnet,
1929 3305 2024 3360 sed

458 3407 690 3462 crimina
726 3404 989 3476 proferat,
1021 3400 1355 3457 defendendi
1391 3401 1574 3455 locum
1616 3399 1916 3468 relinquat.
1969 3396 2025 3452 Si

460 3496 715 3554 refutatis
743 3496 854 3551 illis
887 3494 1292 3550 damnationem
1325 3491 1590 3564 eﬂugero,
1616 3489 1752 3545 bene
1806 3489 1974 3544 habet
2008 3507 2025 3545 :

459 3592 546 3644 sin
580 3588 824 3659 perﬁdus
848 3595 905 3642 et
935 3585 1260 3656 fmdil‘ragus
1289 3585 1546 3640 inventus
1601 3582 1785 3647 fuero,
1828 3597 1896 3637 ne
1935 3595 2033 3635 ve-

460 3684 608 3740 niam
642 3695 988 3744 consequar,
1043 3687 1100 3733 et
1151 3677 1240 3732 vel
1300 3691 1388 3732 me
1411 3676 1625 3748 judice,
1670 3674 2029 3745 quantum-is

463 3790 659 3845 magno
697 3765 971 3842 supplicio
1000 3772 1223 3827 multer.
1255 3771 1382 3828 llaec
1411 3785 1587 3840 nepos
1617 3784 1741 3823 avo.
1773 3766 2032 3834 Quaeren-

459 3867 609 3922 tibus
637 3866 821 3920 adhuc
848 3865 1064 3934 legatis,
1098 3864 1294 3935 ecquid
1312 3864 1708 3935 juramentum,
1752 3859 1898 3930 quod
1928 3874 2031 3914 avo

455 3960 688 4032 jurarit,
726 3958 934 4012 nullam
969 3966 1183 4028 partem
1220 3957 1484 4012 violarit:
1517 3953 1644 4018 rati,
1677 3969 1786 4007 non
1809 3951 2032 4006 ditlicile

459 4047 882 4105 reconciliatum
928 4047 999 4103 iri
1043 4061 1256 4113 senem,
1288 4047 1334 4102 si
1382 4044 1748 4118 jurisjurandi
1783 4053 2031 4098 tenacem

466 4159 590 4204 esse
626 4143 904 4209 audierit;
942 4142 1420 4210 conﬁrmanteqne
1453 4141 1568 4203 illo,
1609 4153 1669 4194 se
1705 4136 1772 4192 ad
1803 4137 1858 4192 id
1893 4144 2034 4190 tem-

464 4253 570 4309 pus
600 4251 773 4306 usque
804 4235 948 4289 nihil
977 4231 1171 4288 ftederi
1193 4230 1535 4286 contrarium
1561 4229 1762 4299 egisse,
1785 4228 2033 4282 laetantes

464 4339 530 4384 a‘c
568 4329 712 4383 bene
749 4336 1058 4397 sperantes,
1081 4323 1284 4379 bellum
1309 4323 1548 4391 sopitum
1589 4321 1684 4384 iri,
1711 4319 2032 4390 Byzantium

465 4423 790 4491 repetivere.
822 4421 1026 4474 Verum
1063 4417 1228 4471 aliter
1262 4414 1465 4468 accidit
1509 4428 1672 4482 quam
1712 4410 2030 4482 sperabant.

2131 3320 2474 3389 παρασχόντι
2528 3319 2947 3388 παρεσκεύασεν
2981 3317 3355 3388 ιπιλιλῆσθαι,
3425 3324 3548 3384 τοῖς
3591 3320 3696 3372 δια·-

2129 3410 2385 3464 6άλλουσι
2414 3411 2471 3464 δέ
2521 3412 2614 3463 καὶ
2638 3409 3070 3478 συκοφαντοῦσιν
3099 3413 3358 3465 ἀνέπεισε
3382 3412 3696 3482 προσέχειν,

2131 3501 2224 3553 καὶ
2249 3499 2342 3553 τὸν
2365 3498 2490 3552 κατ’
2523 3498 2658 3569 ἐμοῦ
2700 3501 2939 3570 πόλεμον
2966 3502 3160 3566 κινεῖν,
3189 3500 3384 3570 δέομαι
3431 3501 3594 3564 αὖθις
3625 3501 3695 3570 μὴ

2129 3593 2348 3663 ἐρήμην
2379 3591 2524 3646 οὕτω
2561 3592 3073 3662 καταψηφίσασθαι·
3105 3593 3244 3646 ἀλλά
3287 3594 3356 3648 τά
3371 3594 3694 3662 --τε.έγκλή-

2134 3702 2287 3754 ματα
2314 3683 2717 3749 δηλῶσαι,·“καὶ
2747 3685 2911 3738 τόπον
2941 3683 3238 3751 ἀπολογίας
3269 3689 3600 3756 παρασχεῖν.
3637 3683 3692 3736 Ei

2135 3778 2236 3848 μὲν
2272 3773 2368 3833 οὖν
2397 3778 2644 3846 διαφύγω
2680 3777 2778 3848 τὴν
2822 3778 3002 3849 δίκην,
3041 3781 3106 3832 τὰ
3132 3778 3455 3849 ἐγκλήματα
3496 3781 3696 3833 ἀπολυ-

2131 3870 2370 3942 σάμενος
2393 3912 2408 3937 ,
2442 3866 2504 3924 εὖ
2549 3871 2615 3924 ἂν
2649 3871 2786 3941 έχοιο
2832 3871 2898 3925 ἂν
2929 3871 2971 3923 δ’
3006 3871 3280 3942 ἐπιορκῶν
3314 3872 3427 3926 ἀλῶ
3467 3873 3566 3926 καὶ
3592 3888 3692 3924 παι

2135 3963 2479 4036 ρασπονδῶν,
2508 3963 2766 4034 οὐδεμιᾶς
2798 3965 2940 4030 ἀξιῶ
2963 3967 3150 4034 τυχεῖν
3180 3965 3537 4036 συγγνώμης,
3565 3964 3692 4019 άλλά

2133 4056 2244 4109 πᾶν
2271 4054 2452 4108 ὁτιοῦν
2484 4055 2718 4125 πάσχειν
2767 4055 2934 4118 αὐτὸς
2987 4055 3262 4126 τιμῶμαι.
3298 4057 3569 4122 Βασιλεὺς
3601 4057 3694 4127 μὲν

2133 4146 2228 4202 οὖν
2255 4149 2283 4201 ὁ
2312 4148 2432 4211 νέος
2471 4149 2584 4212 τοῖς
2639 4148 2906 4214 πρέσϐεσι
2949 4149 3031 4219 τῷ
3075 4151 3286 4217 πάππῳ
3323 4149 3550 4204 τοιαῦτα
3583 4151 3693 4202 ἐκέ-

2133 4238 2291 4292 λευεν
2327 4239 2718 4308 ἀπαγγέλλειν·
2748 4240 2798 4292 οξ
2836 4239 2881 4292 δ’
2932 4240 3303 4294 ἐπυνθάνοντο
3331 4241 3493 4305 αὖθις
3521 4243 3570 4295 εί
3598 4257 3693 4310 μη-

2133 4330 2222 4384 δὲν
2271 4330 2459 4404 έαυτῷξ
2487 4331 2698 4385 σύνοιδε
2731 4331 2860 4394 τοὺς
2899 4332 3037 4404 πρὸς
3079 4331 3302 4402 βασιλέα
3334 4336 3426 4386 τὸν
3479 4336 3692 4388 πάππαν

2135 4424 2546 4493 γεγενημένους
2591 4425 2791 4495 ὅρκους
2848 4424 3276 4494 παραϐεϐηκὼς,
3316 4429 3556 4496 οἰόμενοι
3586 4428 3693 4478 πεῖ-

465 4513 740 4582 Expositis
777 4523 1017 4578 namque
1047 4507 1252 4576 quibus
1277 4505 1465 4575 junior
1484 4505 1630 4574 rupti
1653 4503 1878 4558 hederis
1918 4503 2023 4559 eul-

2139 4533 2231 4570 σαι
2265 4516 2332 4570 ἂν
2361 4515 2593 4586 βασιλέα
2628 4517 2827 4587 ῥαδίως
2861 4516 3222 4571 διαλύσασθαι
3255 4519 3392 4589 πρὸς
3422 4519 3516 4572 τὸν
3545 4519 3691 4586 ἔγγο-

466 4621 588 4676 pam
632 4605 702 4660 ab
760 4619 820 4658 se
863 4601 1128 4656 amolitus
1179 4609 1359 4660 esset,
1413 4597 1586 4651 nihilo
1628 4596 1798 4666 magis
1849 4595 2035 4651 senior

464 4698 602 4752 iram
632 4696 836 4766 posuit.
868 4693 928 4747 Et
961 4692 1157 4761 legatis
1185 4689 1409 4760 quidem
1441 4687 1578 4744 nihil
1598 4688 1906 4758 respondit,
1940 4703 2036 4758 pa-

466 4789 722 4844 triarchae
766 4802 902 4841 vero
937 4784 1114 4840 Esaiae
1161 4781 1446 4853 praecepit,
1469 4777 1539 4836 ἰιι
1567 4781 1711 4835 inter
1748 4795 2032 4835 sacrorum

466 4879 763 4942 solenmia,
814 4891 993 4946 neque
1046 4876 1100 4930 in
1134 4873 1374 4944 Sophia,
1408 4889 1589 4944 neque
1641 4872 1695 4926 in
1729 4872 1852 4928 aliis
1901 4880 2037 4927 tem-

465 4974 572 5044 plis
601 4972 722 5042 ejus
776 4985 977 5025 nomen
1033 4967 1121 5024 edi
1176 4967 1384 5022 sineret
1421 4983 1440 5034 ;
1487 4981 1613 5021 nam
1659 4974 1715 5020 et
1746 4965 1800 5018 in
1833 4963 2036 5034 palatio

463 5066 588 5135 ejus
632 5061 957 5118 memoriam
1011 5075 1043 5116 e
1083 5059 1257 5114 sacris
1281 5059 1512 5130 ejectum
1538 5055 1678 5114 esse.
1715 5054 2035 5111 Patriarcha

465 5157 629 5230 hujus
660 5155 740 5212 rei
772 5169 992 5210 causam
1030 5152 1325 5209 sciscitari.
1358 5151 1496 5207 Nam
1529 5151 1573 5206 si
1599 5151 1684 5206 vel
1730 5149 1789 5204 in
1835 5149 2034 5219 dogma

465 5247 688 5320 aliquod
709 5247 780 5302 ab
811 5245 1071 5302 Ecclesiae
1103 5245 1323 5315 placitis
1357 5244 1640 5300 diversum
1691 5240 2035 5312 praecipitas-

467 5352 678 5410 δεμ-ηε
728 5341 808 5397 sic
839 5338 1088 5410 quidem,
1121 5338 1258 5393 citra
1291 5335 1727 5393 admonitionem
1760 5341 1816 5394 et
1863 5348 2034 5394 cona-

470 5450 586 5492 tum
617 5437 736 5507 cjus
775 5431 1023 5496 sanandi,
1057 5446 1087 5486 e
1131 5433 1306 5488 sacris
1355 5429 1593 5498 ejectum
1649 5426 1803 5482 illius
1833 5439 2033 5481 nemon

417 5597 424 5608 .
467 5527 802 5600 oportuisse.
841 5525 984 5592 Quin
1017 5524 1284 5594 seipsum,
1316 5537 1347 5576 a
1385 5521 1498 5575 Deo
1535 5533 1817 5572 sacrorum
1847 5516 2036 5572 Eccle-

419 5613 424 5620 ’
475 5620 569 5673 site
603 5617 925 5687 dogmatum
961 5613 1264 5668 antistitem
1319 5609 1740 5677 animarmnquc
1770 5621 2034 5676 procura-

470 5721 644 5764 torem
684 5709 1021 5770 institutum,
1057 5720 1166 5759 non
1205 5702 1474 5771 Rhegium
1502 5701 1688 5765 modo,
1729 5701 2034 5770 ubijunior

468 5809 634 5868 esset,
669 5801 762 5856 sed
822 5800 888 5855 ad
949 5798 1170 5854 ultimas
1207 5804 1386 5850 terras
1416 5795 1706 5866 etiant‘pro
1753 5795 1931 5847 anima
1979 5794 2032 5846 in

2131 4625 2246 4673 vov,
2294 4610 2343 4661 εἰ
2387 4607 2554 4679 μηδὲν
2603 4607 2958 4678 ἐπιορκοῦντα
3009 4609 3234 4662 πύθοιτο
3263 4610 3454 4665 αὐτόν.
3491 4611 3598 4664 Τοῦ
3639 4608 3690 4660 δέ

2137 4700 2560 4771 ίσχυρισαμένου
2605 4700 2736 4772 άχρι
2796 4700 2919 4753 τότε
2981 4703 3496 4774 παρεσπονδηκέναι
3532 4704 3689 4771 μηδα-

2137 4791 2275 4862 μῶς,
2306 4791 2589 4862 χαίροντες
2614 4794 2694 4856 εἰς
2726 4791 3024 4857 Βυζάντιον
3056 4794 3355 4861 ἐπανῆκον,
3384 4795 3686 4858 ἐλπίζοντες

2133 4882 2224 4934 τὸν
2257 4883 2494 4953 πόλεμον
2527 4884 2640 4936 τῶν
2672 4883 2944 4954 βασιλέων
2965 4885 3320 4938 καταλύσειν·
3345 4888 3405 4940 τὸ
3453 4886 3512 4940 δ’Δ
3548 4889 3688 4938 έναν-

2132 4972 2261 5036 τίως
2315 4973 2492 5044 ἀπέϐη
2527 4974 2562 5046 ἢ
2619 4975 2998 5045 προσεδόκων.
3067 4976 3547 5044 ’Δπαγγειλάντων
3590 4979 3688 5046 γὰρ

2132 5066 2233 5118 ὅσα
2268 5065 2523 5135 βασιλεὺς
2563 5068 2592 5119 ὁ
2625 5068 2744 5130 νέος
2783 5066 2922 5138 πρὸς
2968 5067 3032 5119 τὸ
3077 5068 3152 5140 μὴ
3183 5067 3686 5140 παρεσπονδηκέναι

2133 5160 2510 5231 παραιτεῖται,
2555 5158 2714 5211 οὐδέν
2761 5157 2968 5228 μᾶλλον
3007 5157 3036 5210 ὁ
3091 5158 3466 5228 πρισσύτερος
3521 5160 3687 5229 ὑφῆκε

2134 5249 2238 5320 τῆς
2283 5250 2479 5320 ὀργῆς.
2523 5249 2664 5302 Ἀλλ’
2713 5251 2946 5314 ἐκείνοις
2997 5251 3098 5320 μὲν
3145 5251 3482 5322 ἀπεκρίνατο
3525 5252 3688 5314 οὐδέν,

2132 5342 2212 5413 τῷ
2262 5340 2576 5412 πατριάργῃ
2623 5340 2680 5394 δὲ
2726 5341 2926 5412 Ἡσαΐᾳ⁵
2971 5343 3034 5396 τὸ
3087 5343 3450 5413 μνημονεύειν
3495 5345 3556 5397 ἐν
3581 5343 3690 5404 ταῖς

2137 5433 2558 5505 ίεροτελεστίαις
2617 5431 2714 5486 τοῦ
2765 5434 3015 5500 ἐγγόνου,
3053 5435 3180 5503 μήτ’
3228 5437 3284 5487 ἐν
3332 5435 3412 5500 τῷ
3458 5438 3558 5505 τῆς
3605 5431 3687 5489 τοῦ

2134 5525 2271 5578 Θεοῦ
2305 5525 2496 5593 σοφίας
2527 5523 2653 5594 νεῷ,
2693 5525 2820 5594 μήτ’
2853 5529 2911 5579 ἐν
2946 5529 3058 5589 τοῖς
3081 5527 3260 5590 ἄλλοις
3285 5528 3451 5597 ἱεροῖς
3478 5528 3686 5581 ἐκέλευε

2137 5621 2465 5685 συγχωρεῖν.
2492 5619 2606 5670 Καὶ
2647 5618 2831 5670 αὐτῶν
2861 5621 2971 5687 γὰρ
3002 5621 3109 5672 τῶν
3137 5621 3194 5671 ἐν
3223 5619 3516 5688 βασιλείοις
3541 5619 3686 5690 ιερῶν

2135 5705 2542 5774 ἀπεληλακέναι
2579 5705 2677 5772 τὴν
2705 5705 2897 5761 τούτου
2947 5709 3191 5779 μνήμην.
3250 5710 3307 5762 Ὀ
3351 5710 3686 5779 πατριάρχης

2135 5794 2191 5846 δὲ
2217 5793 2317 5863 τὴν
2348 5793 2530 5846 αἰτίαν
2567 5793 2757 5865 ἠρώτα
2783 5795 2852 5849 δι’
2877 5796 2942 5868 ἦν
2968 5796 3033 5850 ἂν
3059 5798 3374 5851 ἐκϐάλλοιτο
3402 5797 3510 5850 τῶν
3543 5796 3686 5867 ἱερῶν
