3918 6706
185 482 306 548 305

1391 497 1935 570 HISTORIARUM
1977 512 2213 574 LIBER
2251 513 2298 572 Ι.

3360 509 3471 574 306

185 602 479 672 ⁷ιι-μνεήμη
532 601 626 656 τοῦ
678 601 968 673 βασιλέως.
1008 605 1070 660 Εἰ
1125 606 1226 677 μὲν
1277 609 1384 682 γὰρ
1437 611 1520 674 εἷς
1570 630 1625 668 τι
1672 615 1786 671 τῶν

1907 622 2085 680 salutis
2116 623 2363 697 periculo
2393 633 2652 680 versante
2684 635 2743 682 et
2796 624 3022 692 debere,
3061 631 3122 682 et
3157 625 3296 686 velle
3352 631 3469 684 ala-

185 695 505 764 ἁλλοτρίων
557 697 657 766 τῆς
701 695 1033 768 Ἑκκλησίας
1089 699 1351 768 ἐξώκειλε
1397 705 1617 774 δόγμα,
1674 708 1784 762 οὐδ’

186 786 350 841 οὕτω
381 787 491 857 πρὸ
521 787 717 859 ’πάσης
768 792 1150 861 παραινέσεως
1195 794 1291 848 καὶ
1325 797 1524 868 πείρας
1557 799 1668 853 τῶν
1711 803 1789 854 ιε-

193 879 322 950 ρῶν
358 880 651 934 ἐκϐάλλειν
700 881 832 952 χρὴ,
878 883 997 938 ἀλλ’
1051 886 1220 941 αὐτὸν
1250 887 1357 943 ὑπὸ
1383 889 1480 944 τοῦ
1509 892 1646 946 Θεοῦ
1676 893 1789 949 τῶν

194 971 371 1042 ιερῶν
399 971 876 1049 τῆς-Ἐκκλησίας
909 980 1228 1049 προστάτην
1253 979 1648 1053 ἀποδειχθέντα
1669 984 1793 1055 δογ-

209 1064 408 1133 μάτων
451 1065 550 1118 καὶ
580 1065 860 1137 κηδεμόνα
893 1067 1106 1141 ψυχῶν,
1138 1065 1240 1126 οὐκ
1268 1074 1400 1145 ἄχρι
1439 1075 1660 1148 Ῥηγίου
1697 1078 1793 1147 μό-

200 1175 320 1222 νον,
352 1159 488 1212 ὅπου
529 1159 789 1228 βασιλεὺς
817 1164 847 1216 δ
873 1163 994 1228 νέος
1045 1165 1340 1235 διατρίϐει,
1391 1169 1530 1224 ἀλλὰ
1581 1171 1677 1224 καὶ
1710 1171 1792 1235 είς

200 1251 467 1319 ἐσχατιὰς
490 1253 597 1323 γῆς
629 1255 771 1325 ὑπὲρ
798 1255 980 1327 ψυχῆς
1011 1258 1438 1330 κινδυνευούσης
1464 1261 1705 1330 ὀφείλειν
1731 1281 1792 1318 τε

201 1345 310 1396 καὶ
362 1344 770 1415 προθυμεῖσθαι
824 1348 1080 1418 βαδίζειν.
1133 1353 1233 1406 Διὰ
1278 1353 1437 1420 τοῦτο
1471 1354 1590 1408 δέον
1645 1352 1791 1411 εἶναι

206 1435 439 1506 πρῶτον
481 1438 618 1507 πρδς
658 1441 822 1495 αὐτὸν
845 1442 1124 1498 ἀπελθεῖν.
1160 1445 1278 1499 Κᾶν
1301 1427 1404 1515 μὲν
1430 1447 1568 1502 Θεοῦ
1601 1465 1795 1503 συναι-

207 1525 479 1595 ρομένου,
541 1530 715 1584 πολλὰ
766 1533 1045 1604 διδαχθεὶς
1107 1538 1202 1590 καὶ
1245 1538 1634 1610 νουθετηθεὶς,
1691 1540 1794 1612 τήν

203 1620 539 1686 κακοδοξίαν
585 1623 886 1693 ἀπόθηται,
933 1626 1034 1698 τὴν
1078 1629 1344 1701 ἀλήθειαν
1395 1615 1796 1701 ἀσπασάμενος

208 1710 315 1763 καὶ
348 1711 411 1764 τὸ
444 1712 690 1781 ὑγιαῖνον
722 1718 830 1770 τῶν
862 1717 1154 1789 δογμάτων
1187 1719 1544 1792 ἐπεγνωκὼς,
1587 1742 1799 1781 πανταε-

209 1807 378 1876 χὸθεν
435 1808 502 1862 ἂν
555 1809 671 1880 ἔχοι
707 1812 910 1878 καλῶς,
945 1818 1012 1886 τῇ
1044 1833 1106 1869 τε
1166 1818 1469 1891 Ἐκκλησία
1503 1821 1599 1874 τοῦ
1654 1820 1798 1876 κατά

212 1898 474 1968 πνεῦμα,
515 1903 612 1955 καὶ
668 1905 750 1958 σο)⁵
799 1905 894 1959 τοῦ
937 1910 1254 1976 σωματικοῦ
1301 1912 1512 1978 παιδὸς,
1570 1915 1688 1976 τοῖς
1736 1930 1795 1966 τε

221 1989 533 2060 Ῥωμαίοις
558 2036 572 2060 ,
613 1995 710 2048 τοῦ
747 1997 1014 2066 βασιλέως
1046 2003 1424 2072 σεσωσμένου.
1457 2004 1558 2057 ’Δν
1586 2003 1638 2074 δ’,
1673 2005 1800 2058 ὲθε-

212 2085 472 2139 λοκακὼν
509 2092 675 2160 φανῇ,
709 2081 805 2144 καὶ
857 2092 996 2163 πρὸς
1047 2094 1148 2158 τὰς
1196 2095 1372 2163 αὐγὰς
1412 2097 1512 2167 τῆς
1542 2097 1800 2169 ἀληθείας

215 2179 500 2249 καμμύων
546 2184 729 2238 ἑκοντὶ
780 2186 912 2250 τοὺς
951 2187 1291 2259 ὀφθαλμοὺς,
1318 2191 1414 2243 καὶ
1444 2191 1566 2245 οὐδὲ
1594 2193 1802 2265 μικράν

215 2290 347 2325 τινα
377 2275 634 2345 παρέχων
684 2277 876 2332 ἐλπίδα
920 2280 1014 2334 τοῦ
1055 2282 1416 2353 ῑατρευθῆναι
1461 2283 1527 2338 ἄν
1559 2303 1714 2351 ποτε,
1739 2286 1802 2340 οὔ

219 2365 336 2418 τῶν
388 2368 448 2419 ὲν
510 2368 790 2441 Βυζαντίῳ
827 2372 990 2441 ἱερῶν
1023 2374 1185 2443 μόνον
1224 2373 1390 2448 αὑτοῦ
1443 2375 1540 2447 τήν
1583 2378 1805 2448 μνήμην

221 2459 465 2527 ἐκϐαλῶ,
497 2462 634 2516 ἀλλά
687 2464 783 2516 καὶ
818 2467 932 2528 τοῖς
958 2466 1291 2538 ὁποιδήποτε
1319 2467 1422 2536 γῆς
1454 2470 1808 2539 Χριστιανοῖς

223 2551 570 2623 ὲκκήρυκτον
607 2555 774 2609 αὑτὸν
805 2559 1040 2626 ποιήσω.
1086 2559 1561 2631 Ἀποκριναμένου
1613 2562 1671 2616 δὲ
1702 2557 1802 2616 τοῦ

227 2642 524 2712 βασιλέως
558 2649 622 2702 οὑ
664 2648 1001 2722 διαστροφὴν
1040 2652 1140 2722 τῆς
1199 2654 1442 2718 πίστεως
1490 2655 1567 2726 τῷ
1597 2655 1809 2728 ἐγγόνῳ

227 2733 513 2803 ἐγκαλεῖν,
540 2737 676 2792 ἀλλὰ
706 2739 818 2793 τῶν
868 2742 948 2802 είς
984 2741 1148 2796 αὑτὸν
1189 2745 1370 2814 ὅρκων
1416 2745 1676 2816 ἀθέτησιν
1713 2747 1810 2802 καὶ

224 2826 340 2878 τῶν
370 2829 680 2900 συνθηκῶν,
711 2831 792 2885 ἔτι
815 2849 875 2887 τε
913 2833 1210 2889 αὐθάδειαν
1240 2838 1337 2891 καὶ
1366 2839 1682 2906 ἀπείθειαν,
1715 2842 1812 2896 καὶ

225 2919 319 2974 διὰ
353 2922 513 2976 τοῦτο
539 2923 824 2988 νουθεσίας
855 2928 953 2980 καὶ
997 2929 1255 2994 παιδείας
1283 2932 1446 3004 χάριν
1473 2933 1536 2986 τὸ
1566 2933 1813 2988 τοιοῦτον

227 3015 674 3084 ἐπινενοηκέναι,
722 3019 889 3072 πάλιν
919 3018 976 3074 δὲ
1005 3021 1172 3074 αὐτοῦ
1207 3021 1306 3093 τὴν
1338 3023 1628 3094 διόρθωσιν
1653 3025 1813 3092 ἀξίαν

228 3104 652 3175 ἐπιδειξαμένου
694 3109 806 3162 τῶν
851 3111 1266 3182 ἡμαρτημένων
1321 3115 1587 3185 αὐτὸντὰ
1624 3116 1815 3173 δέοντα

230 3199 508 3266 ποιήσειν·
543 3199 778 3264 Οὐκοῦν,
809 3199 962 3254 εἶπεν
986 3202 1015 3253 ὁ
1048 3203 1428 3274 πατριάρχης,
1457 3204 1650 3275 δέομαί
1693 3223 1812 3273 σου,

1888 717 2380 794 οτῑιενρτοίίοἱεεί.
2399 715 2581 784 Quare
2603 717 2920 790 faciendum
2945 729 3006 774 nt
3029 720 3271 790 primum
3301 721 3470 778 adea-

1889 815 2012 876 tur;
2045 817 2101 862 et
2126 807 2173 863 si
2201 808 2448 878 quidem,
2479 809 2589 865 Deo
2623 809 2870 878 favente,
2893 810 3056 880 longa
3083 811 3468 883 disputatione

1889 914 1955 955 ac
1993 900 2222 957 monitis
2252 901 2451 966 victus,
2491 901 2808 971 dogmatum
2862 911 3181 959 nostrorum
3234 905 3472 962 sinceri-

1892 1000 2004 1049 tate
2033 1003 2346 1064 perspecta,
2375 987 2600 1062 pravam"
2633 992 2953 1063 opinionem
2982 993 3318 1059 deseruerit,
3369 1012 3468 1051 ve»

1892 1081 2226 1152 ritatemque
2275 1083 2615 1152 amplexatus
2678 1079 2869 1147 fuerit,
2897 1083 3029 1154 quid
3063 1084 3260 1140 melius
3286 1087 3472 1156 optari

1893 1173 2096 1246 posse?
2124 1173 2262 1230 Cum
2282 1185 2342 1230 et
2380 1174 2628 1230 Ecclesia
2673 1173 2981 1230 secundum
3007 1176 3292 1246 spiritum,
3318 1189 3375 1232 et
3427 1179 3474 1232 is
3522 1243 3532 1252 _

1897 1269 2200 1322 secundum
2233 1285 2455 1324 carnem
2488 1268 2683 1336 filium,
2729 1279 2784 1324 et
2817 1268 3046 1324 Romani
3080 1271 3472 1340 imperatorem

1895 1369 2056 1412 suum
2089 1359 2560 1428 recuperaverint.
2589 1357 2686 1414 Sin
2710 1373 2769 1415 se
2809 1358 2967 1430 135
3020 1359 3076 1414 in
3119 1359 3476 1429 improbitate

1894 1448 2320 1516 oblirmaverit,
2373 1461 2538 1521 atque
2597 1452 2664 1505 ad
2721 1451 2907 1508 radios
2975 1453 3225 1508 veritatis
3284 1455 3487 1510 oculos

1895 1541 2183 1607 clauserit,
2254 1557 2356 1598 nec
2401 1543 2843 1613 qualemqualem
2889 1559 3044 1615 spem
3093 1543 3293 1600 futura:
3330 1546 3479 1601 sani-

1897 1634 2026 1690 tatis
2063 1633 2275 1701 fecerit,
2312 1651 2419 1690 non
2465 1636 2643 1690 solum
2673 1651 2704 1691 e
2755 1634 2931 1690 sacris
2990 1636 3309 1705 Byzantiuis
3356 1639 3478 1708 ejus

1896 1741 2100 1781 nomen
2157 1735 2589 1796 expuncturum,
2641 1725 2739 1781 sed
2771 1725 3106 1782 Christianis
3151 1743 3252 1797 per
3288 1727 3478 1784 orbem

1899 1817 2174 1872 universis
2195 1817 2387 1883 etiam,
2415 1826 2474 1871 ut
2501 1818 2680 1888 palam
2710 1818 2927 1888 piorum
2953 1820 3350 1874 communione
3387 1835 3492 1874 sed

1901 1909 2152 1976 clusum,
2219 1910 2716 1981 promulgaturum.
2769 1910 2907 1964 Tum
2969 1910 3316 1980 imperator,
3367 1926 3498 1984 non.

1902 2017 1962 2058 se
2015 2002 2340 2073 pravitatem
2395 2001 2450 2057 in
2511 2003 2638 2058 iidei
2679 2003 2952 2074 capitibus
2999 2002 3185 2072 nepoti
3218 1990 3493 2076 objicere,

1902 2093 2001 2149 sed
2067 2093 2426 2167 jurisjurandi
2496 2093 2882 2165 foederumque
2937 2105 3336 2166 contemptum,
3392 2112 3486 2152 su-

1904 2186 2154 2256 perbiam
2211 2186 2440 2256 insuper
2490 2194 2546 2241 et
2565 2187 2998 2242 contumaciam.
3057 2187 3236 2259 Atque
3278 2188 3486 2245 idcirco

1907 2279 2059 2335 illius
2118 2276 2654 2335 commonefaciendi
2703 2288 2760 2336 et
2789 2281 3097 2349 Castigandi
3128 2297 3292 2337 causa
3344 2282 3487 2338 istuc

1907 2374 2274 2444 excogitasse.
2305 2371 2365 2427 Si
2401 2388 2595 2428 rursus
2622 2371 3064 2429 emendationem
3105 2388 3206 2444 pro
3237 2375 3489 2444 portione

1910 2475 2263 2536 peccatorum
2294 2465 2622 2527 ostenderit.
2679 2481 2740 2521 se
2781 2467 2930 2536 quod
2977 2465 3068 2522 sui
3109 2467 3357 2526 muneris
3393 2467 3487 2533 sit,

1909 2574 2020 2614 non
2054 2557 2454 2628 neglecturum.
2486 2556 2632 2626 Ergo
2655 2600 2670 2623 ,
2711 2556 2938 2628 subjicit
2991 2557 3336 2627 patriarcha,
3387 2573 3488 2612 oro

1913 2658 1988 2712 te.
2017 2649 2320 2719 imperator
2344 2648 2576 2719 optime,
2611 2647 2688 2702 uti
2723 2649 2828 2702 hoc
2874 2647 3174 2706 maximum
3222 2647 3366 2716 apud
3403 2663 3490 2700 me

1911 2744 2243 2799 beneﬁcium
2298 2756 2506 2812 ponas,
2552 2755 2750 2810 meque
2796 2741 2861 2795 ad
2906 2739 3071 2795 .illum
3107 2739 3263 2794 abire
3317 2741 3488 2793 sinas.

1912 2835 2131 2891 Etenim
2167 2833 2498 2889 effecturum
2540 2848 2627 2888 me
2655 2831 2868 2887 divinat
2899 2831 3141 2897 animus,
3174 2839 3338 2893 Cl‘ll‘
3389 2847 3488 2898 ne-

1914 2944 2038 3000 pos,
2068 2928 2114 2982 si
2149 2925 2282 2998 quid
2321 2925 2554 2982 antehac
2595 2925 2864 2995 peccavit,
2899 2924 2955 2980 id
2990 2926 3256 2996 corrigat,
3322 2935 3491 2993 atque

1915 3021 1971 3076 in
2021 3026 2304 3091 posterum
2358 3018 2503 3089 quod
2545 3032 2771 3074 suarum
2814 3026 2900 3074 est
2945 3019 3187 3089 partium
3251 3016 3490 3071 ﬁdeliter

1915 3121 2162 3185 prazstet,
2189 3121 2251 3168 et
2279 3111 2616 3169 oﬂ'endicula
2648 3109 2892 3181 bellique
2921 3110 3268 3187 irritamenta
3305 3123 3336 3164 e
3373 3123 3491 3164 me-

1916 3208 2010 3263 dio
2038 3206 2384 3264 auferantur.
2437 3204 2536 3260 Hie
2579 3219 2764 3259 sermo
2809 3203 3201 3276 imperatorem
3239 3201 3494 3272 pupugit.

233 3291 502 3359 κράτιστε
538 3291 801 3363 βασιλεῦ,
853 3295 986 3365 μίαν
1025 3296 1152 3366 ἐμοὶ
1205 3297 1368 3367 χάριν
1403 3297 1608 3368 ταύτην
1645 3316 1805 3352 κατα-

1915 3300 2082 3372 Atqui
2113 3298 2431 3371 oportebat,
2482 3297 2685 3368 inquit,
2712 3297 2917 3352 omissa
2949 3297 3053 3350 hac
3081 3308 3495 3378 supervacanea

235 3382 416 3436 θεῖναι
449 3384 739 3456 μεγίστην,
805 3385 870 3439 τὸ
925 3386 1064 3456 πρὸς
1120 3387 1283 3440 αὑτὸν
1322 3389 1620 3459 ἐπιτρέψαι
1651 3389 1820 3443 ἀπελ-

237 3472 376 3530 θεῖν.
416 3477 697 3543 Ἐλπίζειν
744 3477 854 3550 γὰρ
891 3478 1120 3549 βασιλέα
1160 3481 1252 3534 τὸν
1278 3481 1400 3534 νέον
1437 3483 1680 3548 πείσειν,
1711 3481 1816 3536 είτι

234 3582 302 3620 τε
367 3569 688 3641 ἡμάρτηται
757 3573 1062 3643 πρότερον,
1114 3573 1662 3646 ἐπανορθώσασθαι,
1723 3577 1818 3630 καὶ

237 3662 501 3730 ἀσφαλῶς
554 3664 635 3726 είς
669 3663 731 3716 τὺ
765 3665 890 3734 ἑξῆς
946 3667 1014 3719 τὰ
1053 3665 1244 3720 δέοντα
1279 3669 1481 3721 ποιεῖν’
1514 3670 1583 3722 τά
1631 3685 1693 3723 τε
1723 3687 1820 3739 με·

235 3753 378 3820 ταεὺ
421 3756 828 3827 προσκόμματα
873 3757 970 3812 καὶ
1022 3759 1125 3823 τὰς
1183 3759 1370 3824 αἰτίας
1421 3760 1518 3814 τοῦ
1574 3762 1816 3832 πολέμου

240 3848 494 3919 ποιήσειν
529 3851 796 3907 ἐκποδών.
843 3852 1049 3921 Ἀηδῶς
1097 3851 1154 3906 δὲ
1192 3853 1222 3906 ὁ
1263 3853 1517 3923 βασιλεὺς
1575 3857 1672 3908 ἐπὶ
1705 3858 1818 3920 τοῖς

241 3942 560 4014 εἰρημένοις
625 3944 895 4010 διατεθεὶς
925 3989 940 4014 ,
981 3946 1223 4018 Ἐχρῆν,
1289 3941 1454 4010 εἷπε.
1499 3951 1615 4013 τοῖς
1666 3951 1820 4019 ἐμοῖς

241 4037 763 4108 ἁπολυπραγμόνως
801 4039 1086 4105 πείθεσθαι
1125 4040 1331 4108 λόγοις,
1364 4043 1459 4095 καὶ
1496 4042 1560 4094 τὸ
1607 4042 1824 4098 κελευό-

245 4147 436 4201 μενον,
473 4132 830 4203 ἀντιλέγοντα
879 4135 1068 4207 μηδὲν,
1113 4137 1292 4189 ποιεῖν
1314 4150 1329 4166 ο
1367 4134 1491 4188 ἐπεὶ
1520 4134 1564 4187 δ’
1590 4135 1691 4189 οὐκ
1723 4131 1824 4189 οἶδ’

239 4217 398 4292 ᾧτιδι
434 4224 717 4296 χρώμενος
760 4220 1011 4300 λογισμῷ
1083 4227 1344 4283 τάναντία
1372 4229 1467 4282 καὶ
1506 4226 1688 4296 λέγειν
1725 4228 1822 4283 καὶ

244 4316 516 4382 πράττειν
542 4318 879 4390 προῄρησαι,
905 4321 1030 4390 ἐμοὶ
1062 4321 1180 4375 δέον
1209 4324 1518 4390 συνεργεῖν,
1549 4320 1714 4385 αὐτὸς
1751 4319 1820 4374 ἂν

1919 3394 1975 3450 in
2015 3394 2238 3466 negotio
2268 3391 2452 3448 alieno
2489 3389 2866 3446 sollicitudine
2889 3389 3074 3445 verbis
3107 3388 3246 3443 meis
3278 3386 3494 3442 obtem-

1919 3502 2135 3560 perare,
2181 3494 2239 3542 et
2269 3485 2440 3556 .jussa
2479 3499 2589 3562 non
2639 3490 3010 3553 repugnanter
3068 3478 3322 3549 exsequi.
3387 3477 3496 3533 Sed

1918 3579 2177 3652 quoniam
2213 3575 2406 3632 nescio
2451 3572 2730 3646 quomodo
2771 3573 3174 3637 ratiocinatus,
3215 3579 3413 3642 contra
3442 3574 3500 3623 et

1919 3672 2108 3729 dicere
2129 3668 2391 3726 etfacere
2417 3666 2684 3730 maluisti,
2717 3681 2945 3722 necesse
2986 3673 3068 3718 est
3117 3679 3204 3717 me
3235 3662 3333 3717 tibi
3385 3676 3497 3714 non

1925 3761 2222 3830 reluctari;
2256 3769 2314 3817 tu
2370 3758 2591 3814 noveris
2626 3757 2758 3828 quid
2799 3757 3115 3812 conveniat.
3165 3754 3277 3808 lioc
3311 3753 3502 3822 itaque

1925 3854 2090 3910 modo
2121 3855 2421 3924 imperator
2469 3861 2528 3908 et
2563 3850 2876 3923 patriarcha
2926 3847 3220 3904 sententiis
3260 3838 3502 3902 disside-

1922 3948 2078 4003 bant.
2110 3945 2268 4002 Unde
2296 3943 2354 3998 in
2385 3944 2590 4013 palatio
2621 3944 2848 4013 quidem
2877 3939 3188 3996 linterdicta
3233 3948 3357 3992 erat
3398 3954 3496 3992 ne-

1925 4041 2076 4112 potis
2107 4037 2352 4105 mentio;
2398 4039 2452 4091 in
2505 4036 2735 4106 reliquis
2769 4044 2952 4089 autem
3004 4048 3102 4103 per
3148 4031 3342 4086 urbem
3391 4031 3497 4100 By-

1924 4133 2200 4188 zantinam
2230 4131 2422 4194 sacris,
2458 4130 2624 4184 etiam
2657 4128 2712 4182 in
2739 4127 2856 4198 ipsa
2881 4127 2997 4181 :ede
3021 4123 3266 4193 Sophim,
3304 4137 3494 4178 sacro-

1925 4241 2044 4280 rmu
2079 4231 2326 4294 tempore
2357 4220 2588 4311 solemni
2614 4235 2768 4277 more
2806 4227 3039 4288 uterque
3071 4217 3375 4286 imperator
3407 4229 3505 4268 no-

1926 4315 2261 4371 minabatur.

245 4413 451 4484 εἰδείης
489 4414 528 4469 δ.
569 4416 688 4469 δεον
733 4421 929 4474 ποιεῖν.
979 4417 1136 4473 Οὕτω
1169 4418 1271 4490 μὲν
1314 4417 1408 4476 οὖν
1448 4419 1706 4494 βασιλεύς
1758 4433 1818 4470 τε
1851 4413 1947 4468 καὶ
1979 4411 2328 4485 πατριάρχης
2383 4409 2704 4480 ἀσύμφωνοι
2753 4410 2877 4473 ταῖς
2919 4405 3174 4479 γνώμαις
3201 4401 3366 4476 ἦσαν.
3406 4403 3504 4459 Διὸ

246 4509 345 4562 καὶ
387 4511 446 4562 ὲν
519 4512 618 4579 μὲν
652 4511 949 4582 βασιλείοις
1013 4514 1114 4585 τὴν
1152 4513 1246 4569 τοῦ
1292 4515 1415 4570 νέου
1447 4513 1719 4588 βασιλέως
1749 4507 2020 4582 ἀπείρητο
2061 4504 2337 4560 ποιεῖσθαι
2377 4505 2623 4577 μνήμην·
2651 4505 2708 4557 ἐν
2745 4504 2802 4558 δὲ
2862 4505 2977 4567 τοῖς
3011 4503 3156 4558 κατὰ
3195 4503 3504 4567 Βυζάντιοι

249 4605 461 4692 Λοιποῖς
521 4606 689 4676 ἱεροῖς
717 4610 810 4662 καὶ
843 4608 901 4662 ἐν
941 4608 1091 4682 αὐτῷ
1134 4607 1214 4681 τῷ
1250 4610 1349 4683 τῆς
1381 4609 1580 4681 σοφίας
1625 4607 1720 4662 τοῦ
1750 4601 1888 4659 Θεοῦ
1926 4599 2149 4674 τεμένει
2185 4596 2266 4670 τῷ
2315 4595 2470 4669 ἱερῷ.
2527 4594 2604 4662 ὼς
2645 4593 2766 4660 ἔθος
2793 4588 2863 4668 ἦν
2909 4595 2960 4667 ἠ,
2984 4595 3178 4667 μνήμη
3209 4595 3514 4668 ﬁngant--

251 4703 391 4759 λέων
429 4705 688 4764 ἐτελεῖτο.

1661 4851 1888 4912 CAPUT
1926 4848 2091 4906 XLV.

255 4966 428 5041 Rogat
454 4984 611 5024 avum
642 4985 834 5042 nepos,
867 4987 931 5025 ne
957 4987 1090 5026 novo
1133 4971 1263 5042 istoc
1290 4968 1429 5026 bello
1474 4969 1758 5042 imperium
1781 4962 2384 5042 ARomanumﬂcl‘adibus
2434 4959 2683 5042 cumulet,
2722 4961 3016 5042 iterumque
3043 4957 3521 5042 sead'dicendum-

325 5030 544 5116 causam
575 5030 744 5116 oﬁert'.
779 5030 1009 5116 Hagnus
1032 5041 1342 5096 domesticus
1380 5057 1474 5116 per
1505 5030 1710 5116 litteras
1734 5040 1874 5092 idem
1905 5035 2198 5116 contendit,
2251 5044 2489 5103 nepotem
2513 5038 2712 5099 tuetur,
2770 5030 2835 5084 ab
2863 5031 3142 5084 audiendis
3169 5033 3506 5100 sycophantis

326 5111 662 5166 dehortatur.
689 5111 962 5166 Terrorem
994 5115 1049 5167 in
1085 5119 1323 5166 extremo
1356 5111 1624 5182 odjungit,
1661 5111 1708 5164 si
1737 5125 1885 5164 usus
1912 5111 2114 5178 fecerit;

328 5239 595 5301 Βασιλεὺς
646 5238 708 5292 δὲ
739 5239 769 5290 δ
798 5237 918 5296 νέος
971 5239 1030 5292 ὲν
1074 5235 1154 5308 τῷ
1194 5237 1325 5308 περὶ
1357 5237 1419 5290 τὺ
1460 5236 1681 5306 Ῥήγιον
1712 5234 1805 5290 Ἐν

2003 5231 2200 5290 Junior
2257 5231 2557 5302 imperator
2609 5228 2662 5283 in
2727 5225 2954 5282 castello
3005 5223 3334 5286 Ennacosia.
3396 5239 3505 5278 non

260 5331 489 5384 νακόσια
520 5329 1063 5401 προσαγορευομένῳ
1112 5329 1302 5400 χωρίῳ
1349 5327 1458 5382 ἀπὸ
1511 5331 1611 5399 τῆς
1651 5327 1805 5398 ἀρχῆ⁴

1933 5323 2125 5394 procul
2153 5322 2388 5392 Rhogi’o,
2421 5337 2451 5375 a
2483 5318 2755 5391 principio
2811 5315 3064 5371 Octobris
3101 5331 3274 5386 usque
3304 5315 3368 5370 ad
3407 5316 3509 5370 De-

261 5425 500 5493 μά).ιστα
539 5422 881 5492 Ὀκτωσρίου
931 5423 1063 5492 ἄχρι
1095 5421 1193 5475 καὶ
1240 5419 1805 5492 Δεκεμϐρίου-διατρί·

1933 5415 2216 5470 cembrem
2269 5412 2488 5476 sedens,
2528 5424 2691 5465 avum
2744 5407 3079 5478 precabatur
3125 5422 3192 5460 ne
3236 5422 3350 5461 rem
3399 5407 3508 5461 Ro-

261 5515 370 5568 6ων
415 5513 622 5584 μηνὸς,
673 5512 842 5566 ἐδεῖτο
877 5512 975 5566 τοῦ
1001 5512 1380 5584 πρεσϐυτέρου
1429 5511 1717 5584 βασιλέως,
1753 5511 1805 5581 pi

1936 5520 2152 5560 manam
2187 5519 2384 5558 rursus
2441 5503 2497 5557 in
2533 5501 2824 5556 tumultum
2880 5499 3294 5569 perniciemque
3335 5499 3511 5569 conji-

263 5606 421 5669 αὖθις
460 5607 531 5660 τὰ
565 5604 856 5676 Ῥωμαίων
895 5604 1201 5676 πράγματα
1236 5606 1319 5669 είς
1367 5604 1576 5677 φθορὰν
1601 5603 1698 5658 καλ⁸
1733 5622 1800 5657 τα

1936 5606 2109 5663 ceret,
2170 5597 2265 5652 sed
2321 5593 2696 5650 misericordia
2754 5606 2981 5648 suorum
3031 5591 3236 5645 civium
3298 5601 3517 5656 motus,

263 5698 440 5770 ραχὴν
491 5697 772 5767 ἐμϐαλεῖνο
814 5695 931 5751 ἀλλ’
972 5696 1121 5750 ἔλεον
1172 5697 1279 5750 τῶν
1317 5697 1576 5766 ὑπηκόων
1614 5697 1805 5767 σχόντα

1937 5691 2143 5745 bellum
2182 5690 2483 5744 inhiberet.
2522 5685 2642 5752 Quo
2680 5692 2863 5740 autem
2920 5683 3075 5739 illum
3101 5681 3169 5738 ad
3203 5698 3390 5753 pacem
3414 5681 3514 5736 ﬂo-

199 5796 205 5850 i
263 5793 343 5863 μὴ
407 5792 503 5846 ἐπὶ
561 5791 728 5851 πλέον
782 5793 874 5844 τὸν
923 5790 1161 5861 πόλεμον
1221 5789 1456 5854 ἐξάγειν.
1494 5790 1586 5852 Ὠς
1649 5788 1718 5842 ἂν
1779 5789 1805 5842 δ

1934 5790 2135 5847 cteret,
2176 5781 2334 5853 136
2363 5781 2444 5835 sic
2498 5795 2597 5850 per
2625 5779 2838 5849 legatos
2896 5777 3055 5848 egit:
3093 5775 3413 5831 Sedulitatis
3454 5782 3514 5829 et

227 5884 431 5938 ἀὐτὸν
497 5883 596 5952 τὴν
667 5885 896 5954 εἰρήνην
952 5882 1118 5953 πείσῃ
1175 5882 1378 5952 μᾶλλον
1436 5880 1680 5946 ἑλέσθαι,
1742 5897 1805 5933 κα

1936 5875 2176 5930 incitatae
2199 5872 2499 5929 voluntatis
2515 5888 2674 5939 meae,
2699 5872 3019 5943 imperator,
3076 5869 3140 5924 ad
3174 5866 3516 5939 providenda

269 5974 495 6030 τοιοῖσδε.
545 5974 678 6048 πρὸς
719 5974 884 6029 αὑτὸν
912 5975 1003 6032 διὰ
1046 5973 1336 6046 πρέσϐεων
1371 5972 1572 6044 ἐχρῆτο
1614 5970 1794 6040 λόγοις

1937 5985 2000 6028 ac
2028 5969 2232 6028 tuenda
2286 5966 2521 6027 Romani
2564 5965 2784 6036 imperii
2839 5961 3160 6023 commoda.
3226 5969 3423 6026 praeter
3457 5967 3514 6017 te
