3918 6594
475 401 586 461 iiii

1695 394 2019 488 J\0.\NNIS
2053 393 2582 456 CANTACUZENI
3694 396 3781 456 332

485 514 684 570 :erario
739 521 947 568 tantum
982 525 1054 566 ms
1089 509 1390 565 disstilvere
1423 525 1438 563 :
1473 507 1706 580 proinde
1753 525 1852 580 pro
1909 509 2067 580 copia

2175 509 2228 564 δὲ
2257 510 2322 564 ἂν
2345 512 2438 565 καὶ
2469 509 2721 580 βασιλεὺς
2755 510 2989 584 ἐθελήσῃ
3008 511 3116 567 τῶν
3143 511 3550 584 ὀφειλομένων
3582 517 3786 582 χωμά-

487 623 638 662 nunc
686 604 1020 674 acciperent,
1072 602 1344 672 reliquum
1401 602 1467 656 ad
1518 601 1664 656 diem
1730 601 2063 672 praefinitam

486 699 790 770 accepturi.
833 697 888 752 Si
950 696 1056 751 hoc
1101 694 1320 750 diiiicile
1365 694 1591 765 putatis,
1638 695 1843 765 excipit
1897 693 2071 762 impe-

488 804 657 858 ratur,
692 793 854 846 etiam
891 789 1122 845 dimidio
1175 788 1424 852 remisso,
1460 798 1655 858 quarta
1704 797 1879 858 parte,
1917 788 2070 858 pacis

485 896 540 939 et
571 884 880 938 concordia:
913 896 1099 943 causa.
1131 880 1378 935 contenti
1418 881 1644 934 erimus.
1687 881 1807 946 Quo
1857 879 2066 943 audito,

485 975 728 1047 episcopi
762 990 886 1029 eum
911 982 972 1027 ut
996 991 1024 1028 a
1049 973 1281 1042 pecunia
1302 973 1565 1027 invictum
1587 972 2067 1036 commendarunt,

489 1067 1015 1139 Spoponderuntque
1046 1067 1184 1118 citra
1236 1065 1669 1120 controversiam
1720 1073 1930 1134 partem
1987 1063 2069 1117 di-

487 1169 627 1213 ctam
673 1159 912 1211 solutum
959 1155 1049 1210 iri.
1100 1155 1426 1224 Imperator,
1486 1163 1544 1209 ut
1607 1155 1658 1208 in
1715 1155 1822 1209 hoc
1881 1170 2068 1209 secum

489 1251 751 1306 facientes
781 1250 940 1316 vidit,
959 1249 1150 1303 volens
1171 1257 1423 1302 constare
1440 1247 1714 1308 omnibus.
1749 1263 1808 1301 se
1834 1247 2073 1301 libenter

489 1343 616 1397 belli
654 1342 881 1397 tollendi
915 1356 1080 1396 causa
1109 1341 1178 1396 de
1205 1341 1328 1411 jure
1362 1355 1464 1395 suo
1509 1340 1674 1394 etiam
1717 1341 1771 1395 in
1828 1340 1895 1394 iis
1950 1354 2072 1412 quae

488 1445 675 1492 essent
717 1436 963 1490 omnium
1014 1433 1365 1489 confessione
1417 1433 1880 1498 moderatissima,
1907 1433 2070 1488 dece-

487 1532 620 1584 dere
655 1547 669 1582 :
699 1529 952 1600 Oportet,
998 1527 1199 1598 inquit,
1247 1536 1304 1583 et
1334 1527 1528 1593 vobis,
1590 1527 1801 1590 Patres.
1856 1525 1923 1580 de
1980 1525 2071 1581 via

487 1624 645 1678 fessis
665 1633 720 1678 et
747 1622 916 1678 totius
939 1620 1049 1677 diei
1077 1621 1261 1675 inedia
1297 1621 1530 1685 vexatis,
1569 1621 1802 1690 gratiam
1829 1618 2070 1687 aliquam

491 1715 814 1786 rependere.
852 1714 1037 1784 Itaque
1060 1722 1118 1768 et
1164 1723 1415 1782 quartam
1471 1724 1684 1784 partem
1737 1712 1937 1767 debita
1977 1727 2073 1780 pe-

487 1804 664 1858 cunia:
695 1802 750 1857 in
778 1803 1010 1873 gratiam
1042 1812 1283 1857 vestram
1319 1803 1576 1866 remitto;
1613 1811 1669 1856 et
1693 1801 1760 1856 ab
1785 1817 1888 1855 avo
1931 1800 2067 1856 nihil

2170 619 2284 654 των
2332 604 2400 655 τά
2447 601 2624 674 ἡμίση
2661 601 2962 657 ἀποδοῦναι
2992 607 3060 676 τῇ
3099 606 3354 676 στρατιᾷ,
3417 601 3692 664 ἐκείνους
3731 621 3783 656 τε

2175 693 2346 765 μηδὲν
2380 694 2543 748 πλέον
2577 694 3162 766 πολυπραγμονήσειν,
3215 684 3680 766 ἀγαπήσαντας,
3704 701 3786 750 καὶ

2173 783 2320 852 ὑμᾶς
2349 783 2458 836 τῶν
2490 784 2554 837 ἐκ
2583 783 2676 836 τοῦ
2721 784 2962 854 πολέμου
2997 785 3508 856 προσδοκωμένων
3542 783 3784 837 ἀπαλλά-

2172 873 2362 942 ξεσθαι
2397 875 2604 929 κακῶν.
2649 875 2928 929 Εἰπόντων
2962 877 3018 930 δὲ
3057 877 3167 929 τῶν
3198 877 3543 948 ἀρχιερέων
3576 874 3656 938 ὡς
3704 876 3785 929 νῦν

2174 967 2277 1037 μὲν
2327 967 2426 1019 οὐκ
2467 966 2534 1021 ἂν
2573 968 2662 1037 εἴη
2695 968 2882 1038 ῥᾴδιον
2923 969 3129 1041 ἀπορίᾳ
3168 973 3504 1040 χρημάτων
3553 969 3785 1021 τοσαῦτα

2172 1057 2303 1112 ὄντα
2341 1059 2690 1131 ἀποδοθῆναι.
2720 1061 2822 1114 ὅσα
2855 1061 2900 1113 δ’
2919 1061 2984 1114 ἂν
3014 1062 3106 1131 ἐξῇ
3131 1063 3404 1124 λαϐόντας
3435 1059 3573 1125 νῦν,
3603 1061 3672 1113 τά
3694 1061 3787 1114 λει-

2174 1152 2386 1223 πόμενα
2417 1153 2752 1222 κομίσασθαι
2782 1153 2960 1224 χρόνῳ
2993 1154 3170 1224 ῥητῷ·
3198 1153 3447 1218 Οὐκοῦν,
3477 1155 3511 1206 6
3536 1153 3784 1222 βασιλεὺς

2173 1244 2300 1313 ἔφη,
2335 1245 2385 1297 εί
2416 1245 2575 1298 τοῦτο
2603 1246 2868 1316 δυσχερὲς
2894 1249 3066 1312 δοκεῖ,
3103 1248 3199 1300 καὶ
3231 1249 3297 1301 τά
3331 1247 3540 1318 ἡμίση
3572 1247 3787 1301 καταλι-

2173 1336 2371 1399 πόντες
2404 1337 2634 1400 τούτων,
2666 1336 2744 1407 τῷ
2787 1339 3040 1409 τετάρτῳ
3089 1341 3268 1410 μορίῳ
3305 1339 3411 1392 τοῦ
3454 1339 3597 1391 ὅλου
3632 1342 3785 1408 ἀρκε-

2175 1429 2531 1500 σθησόμεθα,
2579 1431 2676 1500 τῆς
2719 1432 2946 1502 εἰρήνης
2987 1434 3084 1486 καὶ
3126 1437 3228 1502 τῆς
3272 1434 3567 1505 ὁμονοίας
3613 1433 3782 1504 χάριν.

2173 1526 2237 1578 Ol
2263 1525 2318 1577 δὲ
2355 1525 2700 1590 ἀκούσαντες
2731 1525 3005 1598 ἐπῄνεσάν
3052 1543 3114 1580 τι
3158 1527 3235 1588 ὼς
3268 1529 3537 1598 κρείττω
3571 1529 3782 1597 χρημά-

2171 1633 2280 1670 των
2309 1615 2401 1670 τὸν
2432 1615 2680 1686 βασιλέα,
2735 1620 2830 1671 καὶ
2863 1619 3253 1690 ἀναμφιϐόλως
3283 1620 3554 1686 ἔφασκον
3605 1620 3782 1673 ἀποδι·

2173 1707 2440 1780 θήσεσθαι
2474 1709 2542 1762 τὰ
2570 1711 2865 1781 εἰρημένοι·
2899 1711 2974 1775 ὡς
3001 1712 3058 1765 δὲ
3087 1709 3230 1766 εἶδεν
3267 1713 3360 1766 ὲπὶ
3392 1713 3640 1777 τούτοις
3675 1731 3781 1765 συι-

2173 1800 2460 1870 θεμένους,
2501 1801 2828 1873 βουλόμενος
2856 1805 2884 1856 6
2920 1804 3197 1875 βασιλεὺς,
3243 1806 3320 1870 ὡς
3360 1807 3476 1861 καὶ
3519 1806 3639 1860 τῶν
3665 1809 3780 1859 πᾶσι

491 1895 672 1966 exigo.
720 1895 827 1950 nisi
890 1895 1038 1966 quod
1096 1907 1400 1964 quaestores
1447 1882 1704 1950 confictis
1742 1893 2071 1964 quibusdam

2177 1895 2481 1949 δοκούντων
2531 1899 2921 1967 μετριωτάτων
2971 1899 3062 1954 διὰ
3090 1901 3150 1954 τὸ
3188 1901 3280 1953 τὸν
3316 1901 3589 1969 πόλεμον
3625 1918 3780 1954 καταο

486 1990 668 2044 causis
693 1991 1022 2058 imperatore
1047 1989 1374 2043 defraudato
1405 1989 1508 2043 sibi
1547 1990 1809 2050 retinent,
1843 1987 1896 2041 id
1922 1985 2068 2057 quod

487 2081 707 2152 probari
766 2083 1062 2152 perspicue
1119 2089 1322 2151 potest,
1375 2091 1433 2135 ut
1484 2083 1622 2136 hanc
1668 2096 1941 2136 summam
2003 2079 2068 2134 ad

484 2175 863 2244 qualecunque
918 2175 1172 2229 solatiqu
1225 2173 1281 2228 in
1326 2174 1553 2230 militem
1587 2174 1935 2244 dispertiam.
1988 2173 2069 2228 Ne

485 2281 668 2323 tamen
700 2284 796 2322 vos
821 2267 1115 2322 admiratio
1165 2269 1371 2336 capiat,
1426 2267 1728 2336 quomodo.
1778 2283 1902 2322 cum
1945 2277 2071 2322 ante

485 2361 828 2425 aliirmarim,
861 2375 969 2415 non
1013 2370 1272 2430 oportere
1327 2360 1380 2420 in
1417 2359 1612 2413 alienis
1663 2359 1902 2414 miseriis
1952 2373 2068 2413 ma-

485 2455 906 2525 gnanimitatem
963 2462 1267 2512 ostentare.
1338 2452 1496 2522 150
1557 2468 1707 2506 llllllc
1767 2453 1906 2506 adeo
1962 2468 2068 2506 non

490 2554 860 2616 repugnanter
887 2545 1072 2599 debita
1105 2543 1375 2597 militibus
1425 2543 1697 2612 stipendia
1741 2543 2068 2600 condouem.

490 2637 548 2692 Si
577 2649 812 2703 namque
833 2633 901 2688 de
930 2645 1131 2690 cretero
1153 2651 1218 2688 ex
1247 2633 1456 2689 foedere.
1478 2635 1773 2688 constituta
1797 2633 2069 2703 stipendia

487 2727 895 2798 persolventur,
931 2741 1052 2793 quae
1077 2741 1145 2778 ex
1179 2735 1500 2794 antegressa
1542 2732 1789 2793 tempore
1830 2725 1937 2778 illis
1969 2725 2068 2779 de-

485 2823 712 2884 bentur,
745 2833 843 2889 pro
871 2819 1072 2872 eximio
1108 2832 1295 2870 amore
1334 2831 1443 2885 quo
1490 2832 1576 2871 me
1628 2817 1885 2885 diligunt,
1935 2818 2068 2872 mihi

487 2914 791 2970 remittent.
841 2911 1109 2965 Praeterea
1163 2909 1350 2973 timeo,
1402 2924 1468 2962 ne
1512 2918 1740 2978 propter
1787 2909 1903 2963 haec
1966 2924 2070 2983 pax

489 3008 800 3068 diﬂ'eratur,
827 3005 1224 3072 videamurque
1275 3001 1530 3057 consulto
1574 3001 1776 3055 bellum
1821 3001 2066 3056 trahere.

490 3101 672 3171 Qttare
705 3099 868 3154 etiam
906 3097 1112 3152 idcirco
1145 3097 1501 3164 quastionem
1554 3103 1609 3148 et
1653 3094 2068 3164 ambiguitatem

489 3205 708 3250 omnem
743 3189 1160 3247 rescindendam
1189 3187 1396 3257 putari,
1413 3187 1709 3260 potiusque
1734 3188 1868 3240 meis
1892 3187 2071 3257 gravis

477 3298 545 3342 et
601 3284 986 3340 incommodus
1044 3282 1241 3346 videri,
1289 3297 1452 3350 quam
1500 3279 1646 3334 bello
1689 3295 1876 3334 ansam
1935 3279 2070 3333 dare

488 3377 660 3440 νυὶιιί,
690 3377 786 3431 His
811 3375 974 3430 dictis
1025 3374 1177 3428 missi
1206 3390 1236 3427 a
1265 3374 1488 3427 seniore
1525 3372 1793 3442 episcopi,
1843 3388 1906 3426 ac
1948 3388 2073 3439 pro-

489 3484 646 3526 ceres
677 3477 884 3522 tantam
911 3465 1082 3520 animi
1108 3464 1455 3519 altitudinem
1480 3464 1758 3525 admirati,
1785 3473 1839 3516 et
1871 3465 1941 3517 ob
1963 3473 2070 3516 tam

492 3561 820 3634 praeclarum
848 3559 998 3630 pacis
1025 3559 1362 3613 desiderium
1413 3557 1606 3628 gratiis
1647 3556 1786 3610 actis
1835 3556 2073 3626 singula-

493 3656 668 3719 ribus,
706 3653 911 3707 hilares
939 3651 1158 3704 domum
1195 3649 1460 3704 redeundi
1498 3648 1708 3702 \euiam
1737 3648 2070 3716 petiverunt;

494 3755 624 3814 rati,
669 3750 832 3806 simul
887 3757 1005 3804 acta
1049 3763 1156 3802 avo
1207 3747 1636 3810 renuntiassent,
1691 3760 1882 3814 pacem
1935 3744 2074 3798 nihil

494 3857 920 3903 remoraturum.
949 3843 1091 3913 Ergo
1123 3842 1450 3896 reditionem
1477 3841 1584 3894 illis
1614 3841 1901 3911 permittit,
1928 3854 1984 3895 et
2006 3842 2075 3894 ad

491 3954 652 3993 arum
684 3938 798 3990 hate
818 3934 1053 3991 ferenda
1071 3932 1367 3999 committit
1396 3951 1408 3986 :
1435 3931 1608 3997 Quam
1642 3932 1885 3986 studiose
1909 3944 2075 4000 atque

491 4028 723 4099 impigre
777 4025 1054 4080 elaborent
1117 4033 1178 4078 ut
1231 4036 1286 4076 tu
1335 4021 1708 4093 print-ipatum
1765 4023 2073 4077 Rornanum

492 4129 701 4179 teneas.
759 4118 902 4172 Deus
947 4117 1124 4179 novit,
1179 4131 1344 4184 quem
1378 4115 1516 4168 nihil
1547 4115 1720 4181 latet;
1752 4124 1806 4169 et
1843 4123 1899 4168 tu
1935 4117 2072 4184 ipse,

490 4215 536 4265 si
572 4213 740 4276 voles,
777 4211 1067 4264 testabere.
1095 4206 1228 4262 Nam
1259 4223 1384 4261 cum
1417 4207 1742 4277 potuissem.
1785 4208 1831 4260 si
1881 4208 2076 4262 libuis-

493 4315 596 4368 set,
624 4303 783 4358 bellis
801 4300 1182 4372 superioribus
1201 4308 1299 4353 aut
1319 4310 1434 4354 toto
1466 4300 1720 4369 imperio,
1747 4308 1841 4354 aut
1869 4302 2074 4368 majore

498 4399 646 4453 illius
693 4407 846 4465 parte
897 4394 1180 4464 potiundo,
1216 4391 1312 4446 tibi
1350 4405 1639 4447 matr-orem
1695 4393 1828 4448 dare
1896 4395 2071 4457 nolui,

492 4492 811 4562 iustumque
839 4486 1169 4550 existimavi,
1214 4484 1310 4539 tibi
1343 4500 1410 4539 eo
1442 4493 1500 4539 ut
1541 4487 1780 4554 parenti,
1827 4488 2070 4556 quandiu

2177 1987 2432 2057 λυθῆναι,
2482 1989 2768 2054 ἐξίσταται
2812 1989 2978 2054 ἑκὼν,
3027 1991 3261 2062 ποιῆσαι
3316 1990 3606 2061 φανερὸν.
3637 1992 3774 2049 Δέον.

2175 2075 2308 2146 ἔφη,
2342 2078 2436 2129 κα)⁸
2461 2077 2591 2146 ὑμῖν
2619 2080 2761 2133 κατά
2787 2097 2846 2132 τε
2875 2080 2972 2151 τὴν
3000 2081 3120 2135 636v
3152 2083 3514 2154 πεπονηκὸσι
3546 2084 3651 2136 καὶ
3673 2085 3778 2135 ἀσι-

2172 2170 2264 2240 sig.
2306 2170 2940 2243 προτταλαιπωρήσασιν
2991 2175 3124 2246 ὅλην
3176 2175 3276 2247 τὴν
3322 2176 3571 2248 ἡμέραν
3625 2175 3773 2245 χάριν

2174 2261 2501 2316 καταθεῖναί
2550 2280 2697 2319 τινα⁶
2734 2263 2938 2319 οὐκοῦν
2980 2267 3164 2320 καὶτὸ
3187 2269 3459 2338 τέταρτον
3487 2268 3608 2320 τῶν
3641 2269 3774 2333 oga-.-

2171 2351 2417 2423 λομένων
2447 2358 2754 2426 χρημάτων
2802 2357 3008 2429 ἀφίημι
3056 2358 3212 2430 ὑμῶν
3245 2361 3435 2431 χάριν,
3487 2361 3592 2414 καὶ.
3635 2361 3772 2412 οὐδὲν

2174 2451 2322 2520 παρὰ
2356 2451 2625 2520 βασιλέως
2648 2453 2866 2505 ἀπαιτῶ
2893 2453 3035 2524 πλὴν
3057 2453 3156 2506 ὃσα
3185 2455 3234 2507 οἰ
3267 2454 3334 2507 τὰ
3359 2453 3623 2524 δημόσια
3655 2453 3769 2506 διοι-

2173 2542 2398 2606 κοῦντες
2429 2543 2612 2605 αἰτίας
2657 2544 2814 2606 τινὰς
2859 2543 3203 2615 πλασάμενοι
3232 2545 3485 2614 ψευδεῖς,
3533 2545 3767 2598 ἀποστε-

2178 2635 2444 2706 ρήσαντες
2477 2635 2745 2705 βασιλέως
2779 2638 3000 2708 ἔχουσιν
3030 2639 3208 2700 αὐτοὶ,
3243 2638 3592 2702 ἀποδείξεως
3627 2652 3767 2705 γενε-

2176 2729 2348 2800 μένης
2380 2731 2670 2802 ἐναργοῦς,
2701 2731 2876 2784 ταῦτα
2904 2732 3138 2786 λαϐόντα
3167 2734 3456 2800 διανεῖμαι
3502 2733 3575 2801 τῇ
3616 2746 3766 2799 στρα-

2172 2823 2264 2893 τιᾷ
2292 2826 2495 2894 μικρᾶς
2527 2827 2688 2878 ἕνεκά
2717 2843 2860 2890 τινος
2905 2826 3280 2898 παραμυθίας.
3312 2828 3405 2896 Μὴ
3437 2826 3759 2892 Θαυμάςητε

2171 2911 2228 2965 δὲ
2259 2915 2309 2966 εἰ
2339 2915 2466 2986 περὶ
2485 2914 2578 2966 τοῦ
2605 2917 2681 2986 μὴ
2709 2916 2820 2969 δεῖν
2851 2918 2944 2969 ἐπὶ
2968 2921 3088 2980 ταῖς
3111 2917 3320 2988 ἑτέρων
3345 2915 3759 2986 κακοπραγίαις

2173 3003 2360 3075 ἕτερον
2393 3007 2797 3078 μεγαλοψυχεῖν
2829 3011 2924 3064 καὶ
2955 3010 3384 3080 φιλοτιμεῖσθαι,
3421 3010 3608 3063 πολλὰ
3641 3009 3756 3059 ποό-

2171 3114 2331 3167 τερον
2364 3098 2556 3164 εἰπὼν,
2591 3099 2687 3154 νῦν
2730 3101 2874 3155 οὕτω
2919 3103 3117 3173 ῥᾳδίως
3155 3102 3224 3156 τὰ
3243 3105 3360 3167 τοίς
3398 3101 3756 3173 στρατιώταις

2173 3188 2500 3260 ὀφειλόμενα
2545 3192 2811 3261 χρήματα
2857 3195 3147 3264 πρόειμαι.
3212 3195 3342 3249 'an
3380 3195 3500 3264 γὰρ
3551 3197 3634 3257 εἰς
3677 3191 3755 3245 τὸν

2175 3279 2372 3351 ἐφεξῆς
2404 3281 2593 3351 χρόνον
2625 3283 2767 3336 κατὰ
2806 3285 2935 3348 τοὺς
2966 3285 3166 3356 ὅρκους
3209 3289 3304 3339 καὶ
3332 3287 3433 3349 τὰς
3487 3285 3754 3354 συνθήκας

2172 3373 2208 3438 ἡ
2237 3374 2548 3442 τεταγμένη
2601 3375 2910 3447 μισθοφορὰ
2942 3379 3249 3449 παρέχηται
3276 3379 3486 3443 αὐτοῖς,
3530 3381 3602 3431 τά
3626 3380 3752 3443 δεξει-

2175 3467 2378 3538 λόμενα
2405 3473 2492 3522 επὶ
2517 3471 2594 3541 τῷ
2616 3471 2842 3540 προτοῦ,
2870 3473 3012 3526 πάνυ
3047 3473 3331 3541 φιλοῦντες
3356 3477 3486 3544 ἐμοὶ
3514 3472 3753 3544 χαριοῦν-

2175 3577 2264 3612 ται
2294 3562 2495 3632 χρόνῳ.
2532 3563 2744 3626 ’Λλλως
2784 3581 2843 3618 τε
2880 3565 3062 3618 ἔδεισα
3112 3568 3187 3637 μή
3231 3585 3312 3630 τις
3343 3572 3434 3621 καί⁸
3473 3570 3570 3622 διὰ
3599 3569 3750 3620 ταῦτα

2175 3655 2402 3722 γένηται
2455 3653 2694 3724 ἀναϐολὴ
2747 3656 2885 3724 πρὸς
2925 3657 3024 3726 τὴν
3071 3660 3320 3729 εἰρήνην,
3366 3660 3466 3714 καὶ
3522 3659 3749 3724 δόξωμεν

2181 3743 2381 3814 μᾶλλον
2412 3743 2729 3814 ἐξεπίτηδες
2777 3747 2867 3800 τὸν
2899 3749 3137 3818 πόλεμον
3181 3751 3485 3819 αἱρεῖσθαι.
3534 3752 3642 3803 Καὶ
3670 3748 3747 3799 διὰ

2177 3839 2333 3891 τοῦτο
2357 3838 2465 3890 δεῖν
2490 3839 2701 3911 ᾠήθην,
2737 3843 2844 3895 πᾶν
2866 3842 3092 3913 ζήτημα
3117 3844 3215 3897 καὶ
3249 3844 3592 3914 ἀμφιϐολίαν
3610 3841 3748 3907 ποιῆο

2180 3951 2269 3987 σαι
2326 3935 2592 4000 ἐκποδὼν,
2640 3936 2734 3989 καὶ
2777 3937 2984 4006 μᾶλλον
3015 3941 3128 4001 τοίς
3167 3939 3466 4008 ἡμετέροις
3521 3938 3742 4008 φανῆναι

2177 4027 2436 4098 φορτικὸς
2483 4029 2578 4080 καὶ
2605 4029 2872 4100 ἐπαχθὴς,
2919 4029 2950 4098 ἢ
2993 4031 3130 4100 πρὸς
3160 4032 3252 4084 τὸν
3289 4031 3534 4100 πόλεμον
3578 4029 3742 4083 αἰτίαν

2179 4121 2506 4191 παρασχεῖν.
2541 4121 2778 4174 Τοιαῦτα
2813 4120 3079 4190 βασιλέως
3118 4124 3370 4188 εἰπόντος
3401 4125 3499 4178 τοῦ
3528 4126 3666 4181 νέου.
3701 4120 3742 4170 οἱ

2179 4211 2331 4279 παρὰ
2362 4211 2457 4264 τοῦ
2507 4211 2886 4282 πρεσϐυτέρου
2920 4214 3326 4285 ἀπεσταλμένοι
3359 4217 3644 4286 ἀρχιερεῖς
3665 4213 3741 4266 καὶ

2179 4297 2559 4367 συγκλητικοὶ,
2630 4300 3012 4370 θαυμάσαντες
3064 4305 3162 4375 τῆς
3211 4307 3624 4378 μεγαλοψυχίας
3666 4303 3739 4356 τὸν

2179 4389 2426 4458 βασιλέα,
2478 4394 2571 4444 καὶ
2601 4391 2696 4445 τοῦ
2762 4394 2972 4464 σφόδρα
3016 4395 3159 4450 οὕτω
3189 4398 3287 4468 τὴν
3329 4402 3558 4473 εἰρήνην
3591 4400 3736 4469 αἱρεῖ-

2180 4481 2326 4544 σθαι,
2346 4483 2508 4552 χάριν
2525 4485 2962 4553 ὁμολογήσαντες
2978 4487 3201 4559 πολλὴν,
3226 4493 3512 4562 χαίροντες
3533 4491 3736 4564 ᾐτοῦντο

497 4584 552 4636 in
584 4582 691 4636 vita
724 4595 996 4640 maneres,
1018 4582 1243 4632 cedere.
1265 4577 1455 4647 Neque
1478 4594 1609 4633 vero
1634 4580 1753 4633 sine
1793 4580 2071 4635 laboribus

2175 4573 2270 4644 τὴν
2302 4576 2560 4630 ἐπάνοδον
2585 4580 2976 4650 ἐπιτραπῆναι,
2998 4581 3309 4652 νομίζοντες
3335 4588 3410 4651 ὡς
3435 4589 3553 4656 ἅμα
3586 4587 3656 4651 τῷ
3679 4584 3757 4639 τᾶ.

499 4673 872 4740 periculisque
920 4672 1082 4726 cessi.
1129 4670 1264 4725 Cum
1322 4672 1472 4724 enim
1518 4674 1920 4728 commilitones
1965 4675 2071 4728 mei

498 4781 689 4821 omnes
715 4764 843 4819 belli
875 4763 1050 4817 aleam
1083 4778 1148 4818 ac
1187 4763 1406 4819 labores
1466 4765 1785 4828 subiissent,
1829 4767 2072 4834 prmmiis

498 4866 682 4913 autem
715 4866 771 4911 et
816 4855 1120 4910 honoribus
1144 4864 1396 4911 carerent
1441 4857 1457 4922 (
1491 4855 1636 4924 quod
1659 4871 1761 4925 ego
1804 4863 1895 4908 tua
1921 4856 2070 4926 jussa

498 4960 740 5015 secutus,
775 4963 961 5018 pacem
997 4947 1173 5002 libens
1198 4949 1617 5016 complecterer,
1657 4949 1867 5017 tibique
1908 4947 2076 5001 relin-

499 5057 725 5113 querem
751 5040 1095 5110 omnia,quae
1118 5039 1219 5110 ipsi
1260 5041 1426 5093 armis
1461 5041 1872 5110 acquisierant).
1897 5041 2076 5093 utrin-

500 5152 605 5206 que
658 5133 1056 5189 conturbabar.
1107 5131 1241 5185 Nam
1293 5123 1569 5186 adducere
1620 5132 1742 5186 illos
1798 5132 1866 5184 ad
1921 5147 2074 5186 arma

499 5223 1080 5286 denoneudmdiﬂicile
1127 5231 1265 5284 erat,
1321 5237 1446 5277 cum
1491 5237 1550 5276 se
1583 5224 1728 5293 justa
1775 5221 2074 5291 praedicare

498 5321 899 5381 asSeverarent,
934 5325 988 5372 et
1019 5319 1073 5371 iu
1105 5317 1322 5370 hostem
1369 5317 1448 5368 ire
1482 5317 1596 5384 lege
1629 5315 1825 5369 bellica
1858 5330 2076 5384 semper

499 5413 862 5485 postularent.
899 5409 1090 5464 Invitis
1137 5417 1320 5462 autem
1382 5407 1489 5462 illis
1537 5407 1817 5476 quidpiam
1873 5406 2074 5470 facere,

504 5515 654 5560 metu
714 5519 824 5556 non
874 5503 1122 5558 vacabat.
1179 5501 1259 5554 Ex
1299 5499 1542 5554 amicitia
1589 5499 1795 5552 etenim
1827 5497 2078 5567 pluribus

500 5595 637 5651 mihi
667 5593 1050 5662 militantibus,
1084 5601 1139 5650 et
1175 5606 1292 5662 spe,
1349 5589 1657 5659 principem
1691 5588 1960 5644 beneficio
1993 5605 2079 5644 re-

501 5703 852 5760 sponsurum,
909 5688 955 5742 si
1013 5684 1478 5758 quemadmodum
1521 5682 1621 5752 ipsi
1669 5683 1930 5738 volebant
1975 5697 2077 5753 pax

501 5783 640 5837 facta
691 5797 800 5835 non
855 5782 1033 5848 esset§,
1088 5785 1518 5833 consentaneum
1567 5784 1688 5829 erat
1755 5792 1871 5840 eos,
1922 5776 2080 5830 ntalis

500 5883 778 5942 cedentes,
806 5873 870 5929 ad
895 5870 1238 5928 adwrsarios
1265 5884 1364 5938 pro
1389 5867 1552 5923 sociis
1575 5882 1894 5924 accessuros
1919 5885 1932 5922 :
1959 5883 2078 5938 qua:

2176 4669 2544 4736 πεπραγμένα
2569 4670 2906 4740 ἀπαγγεῖλαι
2929 4675 3162 4744 βασιλεῖ,
3175 4676 3412 4748 ’κώλυμα
3428 4679 3582 4732 οὐδὲν
3605 4679 3733 4728 ἔσται

2175 4761 2238 4828 τῇ
2294 4760 2487 4830 εἰρήνῃ
2541 4761 2680 4815 ὥστε
2733 4761 2895 4820 εἰναι.
2960 4767 3225 4831 Ἐκείνοις
3274 4770 3374 4840 μὲν
3421 4767 3516 4824 οὖν
3566 4769 3729 4832 ὥσπερ

2175 4850 2404 4921 ᾐτοῦντο
2449 4853 2756 4923 ἐπέτρεπεν
2799 4857 3138 4912 ἐπανελθεῖν·
3184 4860 3254 4913 δι’
3305 4863 3484 4916 αὐτῶν
3516 4864 3570 4916 δὲ
3613 4859 3730 4926 πρὶς

2177 4941 2403 5012 βασιλέα
2439 4945 2529 5000 τὸν
2567 4947 2792 5000 πάππον
2829 4951 3198 5019 ἑπρεσϐεύετο
3243 4955 3443 5008 τοιάδε⁶
3491 4954 3599 5026 Τὴν
3642 4948 3725 5021 μὲν

2176 5035 2316 5108 ἐμὴν
2338 5037 2473 5108 πρὸς
2497 5038 2557 5091 τὸ
2583 5039 2642 5093 σὲ
2667 5039 2765 5108 τὴν
2781 5039 3064 5111 Ῥωμαίων
3090 5043 3233 5113 ἔχειν
3263 5046 3555 5116 ἠγεμονίαν
3585 5059 3728 5098 σπνιυ⁴

2175 5126 2272 5196 δήν
2304 5143 2362 5178 τε
2395 5129 2487 5180 καὶ
2525 5127 2856 5198 προθυμίαν,
2884 5129 3020 5194 Θεός
3063 5149 3119 5184 τε
3161 5127 3270 5184 οἶδε
3310 5133 3489 5196 καλῶς
3518 5135 3546 5186 ὁ
3578 5129 3726 5182 πάντα

2179 5218 2356 5284 εἰδὼς,
2402 5221 2496 5272 καὶ
2541 5221 2704 5283 αὐτὸς
2758 5221 2821 5274 ἂν
2862 5223 3364 5295 ὲπιμαρτυρὴσαις.
3420 5227 3569 5282 Ἐνὸν
3612 5223 3724 5291 γὰρ.

2178 5312 2292 5378 είγε
2325 5311 2648 5381 ἐϐουλόμην,
2679 5312 2739 5365 σε
2775 5313 2968 5366 λυπεῖν
2992 5317 3085 5368 καὶ
3119 5317 3262 5370 κατὰ
3286 5318 3411 5380 τοὺς
3454 5317 3724 5390 προτέρους

2179 5404 2448 5472 πολέμους
2475 5405 2508 5474 ἢ
2539 5407 2836 5476 συμπάσης
2865 5406 2896 5477 ἢ
2921 5410 3017 5477 τῆς
3040 5407 3283 5471 πλείονος
3310 5410 3484 5482 ἀρχῆς
3507 5408 3723 5482 κρατεῖν,

2180 5497 2282 5550 οὐκ
2313 5496 2556 5566 ἠθέλησα
2585 5497 2728 5549 ἑκών
2754 5512 2769 5527 ο
2795 5497 2930 5552 ἀλλά
2960 5500 3043 5553 σοὶ
3088 5502 3325 5572 νομίζων
3358 5501 3520 5570 εἰναι,
3546 5503 3723 5556 δίκαιιν

2180 5587 2499 5654 ὲξίσταοθαι
2530 5590 2732 5660 ταύτης
2764 5589 2878 5642 ὗντι
2905 5590 3076 5662 πατρὶ
3107 5592 3210 5655 ἕως
3243 5592 3310 5647 ἂν
3341 5598 3560 5666 περιῇς.
3588 5586 3722 5647 δυνά-

2183 5697 2344 5753 μενος
2378 5683 2696 5752 κατασχεῖν,
2730 5682 3099 5754 παρεχώρησα
3119 5683 3264 5740 ἑκὼν
3296 5682 3436 5741 εἰναι
3467 5689 3560 5742 καὶ
3591 5677 3719 5738 τοῦτό

2183 5790 2246 5843 γε
2273 5775 2372 5827 οὐκ
2401 5773 2532 5826 ἄνευ
2561 5773 2741 5828 πόνων
2771 5773 2869 5827 καὶ
2899 5773 3179 5828 κινδύνων.
3213 5775 3335 5830 Τῶν
3368 5779 3592 5848 γάρ’σὺν
3621 5771 3720 5842 ἐμοὶ

2184 5867 2610 5939 πολεμουμένων
2662 5868 2875 5925 πάντων
2921 5868 3045 5931 τοὺς
3095 5868 3193 5939 μὲν
3242 5870 3439 5934 πόνους
3482 5873 3572 5925 καὶ
3618 5866 3714 5923 τοὶς
