3918 6658
323 460 436 523 337
1519 457 1932 526 HISTORIAE

2038 463 2068 523 ιῙ
2108 461 2340 523 LIBER
2379 463 2427 525 Ι.
3499 459 3604 524 338

324 569 428 628 οὗν
465 572 668 646 ἡμέραι
710 575 1005 646 παρῆλθον,
1039 575 1260 650 καὶτῆς
1310 577 1611 649 πρεσῦείας
1656 577 1816 646 λόγος
1840 570 1910 645 ἦν

2038 575 2364 638 :lnuxerant,
2389 573 2539 630 nulla
2573 575 2797 630 interim
2819 573 3111 646 legationis
3134 573 3416 630 mentione
3439 575 3599 641 fact,

326 665 533 729 0'36le
573 665 899 737 ’Δχθόμενος
944 667 1002 721 δὲ
1037 667 1064 721 6
1125 668 1487 740 πατριάρχης
1538 670 1634 724 επὶ
1687 672 1756 742 τῇ
1817 669 1912 723 τοῦ

2038 689 2142 730 :um
2180 668 2496 742 patriarcha
2531 667 2681 723 diem
2709 665 2951 737 proferri
2984 677 3130 739 aegre
3166 667 3375 732 ferens,
3406 668 3599 724 admo-

329 757 532 828 χρόνου
559 758 888 829 παρατάσει,
927 762 1212 832 μεμήνυκε
1246 761 1385 832 πρὸς
1417 761 1662 832 βασιλέα,
1704 763 1781 824 ὥς
1817 760 1917 828 Ἓξ

2038 772 2128 831 iet,
2166 763 2314 818 diem
2336 770 2552 816 sextum
2571 759 2682 827 jam
2709 759 3063 827 praeteriisse,
3090 773 3196 816 nec
3224 761 3406 818 adhuc
3439 762 3604 832 quid-

333 853 566 922 ἠμερῶν
587 852 1003 923 παρελθουσῶν,
1029 854 1183 909 οὐδὲν
1216 857 1370 927 παρὰ
1392 855 1504 910 τῶν
1530 857 1671 927 πρὸς
1692 854 1918 926 βασιλέα

2038 869 2184 927 [nam
2235 853 2304 908 ab
2341 851 2620 923 episcopis
2669 849 2737 905 ad
2772 858 3031 920 nepotem
3070 851 3254 906 missis
3283 868 3409 907 eum
3443 853 3599 909 audi—

334 942 433 996 τδν
454 944 681 1013 ἔγγονον
709 946 801 999 τὸν
828 946 922 999 civ
949 945 1386 1018 ἀπεσταλμένων
1423 947 1730 1018 ἀρχιερέων
1782 946 1920 1001 ἐπύ-

2038 948 2189 1002 tisse.
2218 943 2493 1015 Oportere
2534 943 2727 1014 igitur,
2758 943 2982 1012 quando
3005 943 3142 998 satis
3170 944 3264 999 diu
3297 946 3606 1002 deliberas-

336 1033 457 1088 (⁸ου.
485 1037 617 1087 Δέον
641 1031 756 1101 οὖν,
793 1037 920 1090 ἐπεὶ
950 1043 1040 1090 διαὲ
1064 1039 1092 1091 ὁ
1119 1039 1310 1110 χρόνος
1335 1035 1474 1107 πρὸς
1496 1034 1781 1106 διάσκεψιν
1803 1037 1921 1090 ικα-

2038 1048 2128 1105 ιει,
2186 1036 2380 1092 audire
2409 1033 2545 1105 quid
2583 1034 2859 1090 dicerent.
2891 1033 3188 1090 Facturum
3221 1051 3282 1091 se
3308 1037 3605 1107 promittit.

333 1123 450 1187 νδς,
497 1125 765 1178 πυθέσθαι
789 1127 972 1180 αὐτῶν
994 1128 1021 1180 ὄ
1053 1145 1104 1182 τι
1143 1127 1414 1195 λέγουσιν.
1441 1127 1510 1207 ,⁸0
1541 1128 1599 1181 δὲ
1651 1130 1918 1200 ἐπηγγεί-

2038 1130 2275 1186 l'otidem
2307 1127 2503 1184 diebus
2537 1125 2760 1197 elapsis,
2813 1141 3036 1181 rursum
3073 1128 3241 1183 mittit
3269 1128 3606 1199 patriarcha,

335 1217 471 1269 λατο
501 1219 771 1287 ποιήσειν.
804 1220 893 1283 Ὠς
941 1220 986 1272 δ’
1023 1219 1209 1290 ἕτεραι
1254 1200 1516 1273 τοσαῦται
1543 1220 1926 1292 διεληλύθασιν

2038 1237 2226 1293 rogans
2290 1235 2362 1275 ne
2410 1219 2488 1274 ita
2534 1228 2754 1288 tempus
2779 1226 2984 1274 tereret
3017 1236 3032 1273 :
3066 1219 3161 1274 sed
3196 1218 3610 1289 archiepiscopo

335 1310 574 1378 ἡμέραι,
611 1310 708 1363 καὶ
741 1310 899 1379 λόγος
925 1311 1102 1376 οὐδεὶς
1123 1312 1336 1380 ἐγίνετο
1354 1312 1560 1378 αὐτῶν,
1589 1313 1753 1367 πάλιν
1778 1316 1922 1384 πέμ-

2038 1324 2079 1370 ιι
2121 1315 2398 1386 episcopis
2422 1311 2726 1374 accersitis,
2759 1325 2870 1380 quo
2898 1319 3060 1381 pacto
3094 1325 3153 1366 se
3187 1327 3362 1382 nepos
3402 1313 3608 1368 defen«

339 1401 452 1470 ψας
495 1402 524 1453 δ
586 1403 958 1473 πατριάρχης,
1013 1404 1184 1457 ὶδεῖτο
1220 1403 1317 1457 τοῦ
1378 1403 1644 1474 βασιλέως
1669 1406 1745 1478 μὴ
1779 1404 1927 1461 οὕτω

2038 1405 2217 1472 lissct,
2263 1412 2644 1475 cognosceret,
2689 1403 2928 1473 indeque
2959 1401 3174 1481 yideret
3214 1403 3347 1472 quid
3384 1405 3438 1459 in
3494 1417 3609 1460 rem

339 1492 631 1564 τρίϐεσθαι
677 1493 770 1547 τὸν
810 1495 1032 1566 καιρόν·
1074 1495 1212 1550 ἀλλὰ
1251 1497 1344 1550 τόν
1389 1513 1448 1550 τε
1493 1497 1926 1570 ἀρχιεπίσκοπον

2038 1495 2329 1554 Romanam
2390 1503 2559 1552 esset.
2617 1493 2955 1565 Respondet,
3009 1496 3143 1550 nulli
3195 1511 3386 1551 eorum
3441 1497 3611 1554 licere

342 1585 866 1656 μετακαλεσάμενον
896 1587 1142 1650 καὶτοὺς
1180 1588 1373 1652 ἄλλους
1403 1590 1685 1661 ἀρχιερεῖς
1721 1594 1749 1646 ὅ
1779 1610 1835 1646 τι
1866 1611 1927 1648 τε

2038 1589 2309 1660 inquirere
2384 1604 2624 1661 quonam
2682 1588 2845 1643 modo
2885 1587 3006 1658 ipse
3042 1589 3268 1643 domum
3305 1605 3485 1651 suam,
3513 1603 3612 1645 seu

340 1681 369 1729 ὁ
391 1680 616 1747 ἔγγονος
633 1678 982 1747 ἀπολογεῖται
1000 1681 1253 1747 ἀκοῦσαι,
1279 1685 1372 1734 καὶ
1394 1684 1556 1737 αὐτόν
1586 1685 1930 1755 σκεψάμενον

2038 1695 2117 1736 res
2162 1681 2492 1736 domesticas
2528 1680 2905 1754 _moderutur;
2943 1679 3049 1734 sibi
3103 1681 3251 1734 enim
3284 1695 3434 1735 cum
3469 1680 3611 1745 lore,

339 1771 406 1835 ἐξ
429 1772 612 1824 αὐτῶν
634 1772 706 1825 τὰ
748 1772 1134 1827 λυσιτελοῦντα
1176 1775 1450 1844 Ρωμαῖοις
1475 1779 1668 1832 ποιεῖν.
1687 1777 1745 1832 Ὀ
1779 1778 1932 1849 βασι-

2038 1771 2276 1845 quando,
2318 1787 2499 1843 quave
2550 1771 2769 1826 ratione
2816 1772 2938 1826 illas
2969 1771 3325 1827 administret
3355 1787 3371 1827 :
3405 1772 3612 1844 ipsum,

342 1863 475 1926 λεῦς
502 1862 560 1917 δὲ
585 1864 944 1935 ἁπεκρίνατο,
969 1867 1162 1937 μηδενὶ
1183 1867 1349 1920 αὑτὸν
1370 1867 1571 1932 ἐξεῖναι
1603 1871 1924 1945 ἀνερευνᾷν,

2038 1875 2094 1922 ιιι
2137 1866 2536 1942 patriarcham,
2569 1867 2982 1922 ecclesiasticas
3031 1881 3194 1920 curas
3225 1877 3470 1930 versare,
3499 1876 3555 1920 et
3582 1880 3614 1920 a

341 1955 493 2016 ὅπως
530 1953 598 2009 τὰ
623 1957 748 2009 κατ’
783 1951 934 2010 οἷκον
968 1959 1276 2030 πράγματα
1315 1959 1588 2030 διεξάγειο
1624 1962 1772 2034 αὐτῷ
1811 1966 1922 2036 γὰρ

2038 1959 2276 2030 politicis
2323 1957 2840 2029 imperatorumque
2886 1957 3125 2028 negotiis
3177 1957 3463 2013 abstinere
3513 1957 3613 2013 dc-

347 2046 608 2114 μελήσειν
632 2048 792 2101 ὁπότε
823 2048 918 2103 καὶ
946 2049 1095 2112 ὅπως
1128 2052 1266 2105 αὐτὰ
1301 2052 1412 2106 δέοι
1454 2055 1781 2125 οἰκονομεῖν.
1817 2058 1925 2111 A6-

2038 2051 2186 2106 bere.
2227 2049 2383 2106 Talia
2437 2049 2786 2105 denuntiavit
2835 2048 3161 2118 imperator,
3193 2048 3341 2118 quod
3381 2048 3614 2120 patriar-

342 2139 437 2192 τὸν
470 2139 525 2192 δὲ
554 2141 907 2213 πατριάρχην
950 2141 1099 2208 ὄντα,
1142 2142 1251 2198 τῶν
1283 2145 1765 2216 ἐκκλησιαστικῶν
1810 2151 1926 2206 Exs-

2038 2141 2190 2194 cham
2223 2155 2286 2195 ea
2317 2139 2739 2195 denuntiatione
2778 2139 3154 2205 terrelactum,
3182 2139 3448 2197 libentius
3481 2141 3616 2197 taci-

342 2233 503 2286 λευεν
542 2233 762 2304 ἔχεσθαι
803 2236 1136 2307 φροντίδων,
1185 2237 1296 2292 τῶν
1346 2241 1544 2294 κοινῶν
1579 2241 1638 2296 δὲ
1693 2243 1926 2298 καὶτῶν

350 2322 650 2392 βασιλικῶν
707 2326 1012 2396 ἀπέχεσθαι
1058 2329 1427 2398 πραγμάτων.
1459 2331 1700 2386 Τοιαῦτα
1767 2334 1867 2404 μὲν
1899 2336 1927 2389 ὀ

352 2411 610 2480 βασιλεὺς
676 2410 918 2486 εἴρηκεν,
953 2415 1200 2487 οἰόμενος
1243 2419 1336 2472 τὸν
1377 2420 1728 2494 πατριάρχην
1759 2442 1929 2480 κατα-

351 2501 635 2572 πτήξαντα
664 2504 791 2566 τοὺς
829 2504 1044 2574 λόγους,
1094 2507 1297 2574 μᾶλλον
1339 2509 1405 2564 ἂν
1446 2513 1799 2569 ἀσπάσασθαι
1827 2518 1930 2589 τὴν

353 2593 668 2663 σιωπήν.⁹0
701 2594 782 2660 δὲ,
820 2597 903 2660 εἰς
928 2599 1028 2667 τὴν
1057 2598 1353 2668 ὑστεραίαν
1387 2603 1615 2658 τοιαῦτα
1649 2608 1742 2659 καὶ
1765 2607 1929 2673 αὐτὸς

355 2684 639 2754 μεμήνυκε
674 2686 813 2756 πρὸς
854 2685 1114 2756 βασιλέα·
1148 2689 1426 2757 Κράτιστε
1476 2693 1728 2764 βασιλεῦ,
1763 2698 1824 2750 τὸ
1859 2698 1928 2753 τὰ

348 2776 541 2830 δέοντα
580 2783 868 2849 παραινεῖν
905 2781 1002 2834 καὶ
1031 2782 1426 2852 συμϐουλεύειν
1470 2787 1566 2840 καὶ
1609 2787 1690 2841 ἔτι
1720 2805 1930 2860 προσα-

351 2869 652 2936 ναγκάζειν
693 2872 979 2942 πράττειν,
1011 2872 1128 2927 οὗθ’
1185 2873 1328 2928 ἑκὼν
1363 2879 1682 2949 προήσομαι
1739 2881 1927 2951 αὐτὸς,

351 2961 466 3015 οὔτ’
492 2962 662 3030 ἄκων,
711 2963 819 3016 δέει
843 2964 1094 3035 ληφθείς.
1132 2967 1192 3020 Ei
1220 2968 1266 3022 δ’
1309 2970 1470 3032 αὐτὸς
1499 2973 1725 3047 τοιαύτῃ
1756 2975 1930 3045 συζῆν

351 3055 454 3126 ὲμδ
485 3055 890 3129 ἀπραγμοσύνῃ
929 3059 1121 3124 ἀξιοῖς,
1148 3059 1287 3113 ὥστε
1324 3061 1400 3134 μὴ
1428 3063 1765 3133 φθέγγεσθαι
1801 3069 1933 3140 μήτ’

349 3147 572 3202 ἀκούειν
606 3149 744 3220 μήτε
764 3151 918 3220 όρᾷν,
951 3150 1118 3221 ἐχρῆν
1147 3152 1279 3222 πρὶν
1300 3153 1396 3223 τῆς
1440 3154 1771 3228 Ἐκκλησίας
1799 3178 1932 3231 προ-

2034 2242 2221 2287 turum
2250 2231 2558 2288 conlideret
2584 2271 2598 2294 ,
2628 2231 2722 2303 qui
2752 2232 3006 2302 sequenti
3042 2232 3163 2288 luce
3196 2247 3295 2304 per
3322 2235 3614 2288 internun-

2036 2321 2172 2376 tium
2208 2321 2289 2377 sic
2341 2321 2626 2392 respondit
2659 2339 2672 2376 :
2716 2321 2854 2393 Ego,
2887 2323 3194 2393 imperator
3237 2325 3444 2394 optime
3476 2325 3613 2394 (9‘2),

2035 2413 2271 2482 hortari,
2289 2417 2541 2481 suadere,
2560 2423 2614 2470 et
2633 2429 2826 2486 cogere
2844 2414 2965 2471 lusu
2973 2431 3071 2486 per
3088 2415 3154 2471 ad
3174 2415 3414 2472 cilicium
3437 2434 3619 2484 neque

2034 2507 2244 2570 volens,
2285 2519 2466 2577 neque
2501 2507 2711 2562 invitus
2741 2507 3026 2578 (nimirum
3060 2509 3105 2562 si
3147 2507 3613 2579 comprehendar)

2033 2598 2469 2671 praelermittam.
2506 2598 2662 2666 Quod
2699 2599 2745 2654 si
2792 2609 2846 2656 tu
2893 2599 2948 2654 in
2979 2600 3072 2655 tali
3102 2599 3216 2655 otio
3244 2600 3378 2656 mihi
3410 2601 3615 2671 degen-

2034 2690 2166 2747 dum
2219 2692 2486 2761 opinare,
2536 2700 2598 2747 ut
2639 2707 2742 2748 nec
2790 2693 2976 2764 lingua
3021 2699 3166 2757 utar,
3217 2706 3321 2747 nec
3366 2693 3616 2756 auribus,

2035 2801 2140 2841 nec
2185 2785 2382 2853 oculis,
2431 2785 2487 2840 id
2539 2783 2675 2840 mihi
2709 2794 3006 2856 antequam
3033 2784 3292 2840 Ecclesiae
3329 2783 3492 2856 hujus
3522 2799 3619 2839 an-

2039 2876 2193 2932 tistes
2217 2876 2446 2948 legerer,
2474 2876 2792 2946 signiﬁcare
2819 2876 3082 2933 debuisti.
3112 2877 3170 2931 Si
3199 2887 3315 2932 tum
3347 2891 3449 2948 ego
3477 2892 3619 2947 quo-

2037 2981 2144 3036 que
2189 2965 2262 3035 ;id
2320 2981 2421 3036 pro
2463 2981 2623 3037 aequo
2684 2973 2741 3022 et
2795 2967 2943 3022 bono
2991 2967 3413 3038 probavissem,
3471 2982 3620 3021 nuuc
3674 2979 3678 2983 '

2038 3075 2264 3114 necesse
2319 3058 2580 3114 haberem
2634 3059 2765 3114 boni
2815 3061 3106 3116 consulere
3159 3079 3172 3115 :
3218 3061 3307 3115 sin
3337 3060 3486 3116 aliud
3519 3075 3617 3132 pa-

2041 3151 2337 3208 triarcbam
2384 3151 2584 3206 decere
2618 3151 2979 3224 judicassem,
3011 3152 3192 3217 alteri,
3225 3153 3314 3208 cui
3346 3155 3473 3209 talis
3506 3154 3619 3211 vita

355 3240 560 3310 οτάτην
613 3241 1006 3312 προϐαλέσθαι,
1068 3246 1282 3298 εἰπεῖν·
1335 3246 1440 3301 κᾶν
1477 3247 1577 3319 μὲν
1633 3252 1730 3306 καὶ
1780 3251 1932 3324 αὐτῷ

2040 3245 2320 3315 proposita
2383 3243 2608 3310 fuisset,
2659 3245 2918 3300 thronum
2982 3246 3298 3304 cessissem.
3346 3246 3618 3314 Quoniam

360 3351 450 3404 μοι
475 3337 570 3389 καὶ
597 3336 786 3390 δίκαια
813 3335 987 3392 ταύτὰ
1006 3339 1101 3391 καὶ
1126 3339 1504 3397 λυσιτελοῦντα
1536 3344 1732 3414 ἐδόκει,
1772 3347 1932 3420 acip-

352 3445 476 3495 γειν
500 3425 568 3500 ἦν
596 3429 810 3502 ἀνάγκη
838 3431 968 3486 νῦν·
1033 3432 1098 3486 ἂν
1128 3434 1175 3488 δ’
1234 3435 1398 3506 ἔτερα
1439 3437 1688 3509 ἐνόμιζον
1728 3444 1936 3515 προσή-

353 3538 475 3573 κειν
503 3522 845 3593 πατριάρχῃ,
881 3523 1243 3594 παρεχώρουν
1272 3526 1337 3580 ἂν
1365 3527 1538 3599 ἑτέρῳ
1566 3529 1677 3582 τῶν
1701 3530 1928 3602 θρόνων,

353 3611 498 3664 οῦτω
545 3613 645 3684 ζῇν
680 3618 1074 3686 προῃρημένῳ.
1115 3615 1272 3669 Ἐπεὶ
1327 3616 1384 3671 δὲ
1439 3619 1576 3672 Θεοῦ
1639 3621 1824 3692 χάριτι
1867 3623 1929 3676 οὐ

352 3702 463 3753 τῶν
490 3702 667 3772 ὀρθῶν
716 3705 814 3773 τῆς
857 3703 1187 3776 Ἐκκλησίας
1222 3706 1514 3777 δογμάτων
1545 3710 1933 3785 προσέὸλημαι

356 3797 540 3866 μόνον,
573 3795 708 3848 ἀλλὰ.
745 3795 838 3850 καὶ
884 3797 992 3850 τῶν
1027 3798 1404 3869 ἀδικουμένων
1451 3803 1780 3871 προῖσταθαι
1835 3807 1933 3859 καὶ

357 3890 699 3958 ὑπερμαχεῖν
730 3891 979 3959 ἀνάγκην
1005 3891 1134 3959 ἔχω,
1171 3894 1283 3954 τοῖς
1314 3895 1525 3947 ἀδικεῖν
1555 3896 1800 3951 ἐθέλουσι
1835 3900 1930 3952 καὶ

356 3982 705 4033 πλεονεκτεῖν
731 3981 790 4032 οὐ
823 3981 1105 4051 παύσομαι
1131 3983 1532 4057 διαφερόμενος
1575 3989 1671 4041 καὶ
1721 3991 1932 4043 ἀντιλέ-

358 4087 493 4138 γων,
524 4072 588 4123 ἐν
630 4087 689 4124 τε
724 4071 832 4125 τῶν
882 4072 1234 4141 φαυλοτάτων
1262 4077 1406 4132 τινὲς
1438 4065 1594 4144 ὦσιν,
1630 4081 1695 4135 ἄν
1726 4097 1786 4134 τε
1822 4083 1931 4136 τῶν

356 4163 771 4235 ὑπερλάμπρων
797 4165 889 4218 καὶ
909 4168 988 4229 είς
1014 4166 1147 4218 αὐτὸ
1181 4164 1244 4219 τὸ
1273 4169 1578 4239 ἀκρότατον
1608 4174 1930 4246 ἀφιγμένων

353 4261 453 4327 τῆς
483 4257 762 4326 εὐτυχίας,
808 4259 902 4310 καὶ
945 4257 1148 4328 μᾶλλον
1182 4261 1320 4328 πρ¹λς
1360 4264 1632 4331 ἐκείνους,
1667 4268 1778 4340 ὅσῳ
1829 4271 1929 4326 καὶ

354 4353 423 4403 τὰ
453 4350 772 4420 ἀδικήματα
802 4349 997 4417 μείζω,
1043 4353 1136 4403 καὶ
1181 4353 1609 4434 πρὸςδπλείονας
1657 4358 1928 4430 ἐξάγοντα

357 4443 456 4514 τὴν
505 4442 738 4512 βλάϐην.
775 4443 836 4495 El
876 4441 987 4513 γὰρ
1033 4443 1326 4514 μέλλοιμεν
1382 4450 1494 4511 τοῖς
1557 4451 1655 4518 μὲν
1711 4459 1932 4527 μικροῖς

363 4535 536 4607 μικρά
571 4553 693 4588 τινα
738 4536 989 4588 ἀδικοῦσι
1045 4537 1206 4607 μόνον
1243 4539 1499 4606 ἐγκαλεῖν
1536 4544 1630 4595 καὶ
1679 4546 1779 4615 τὴν
1807 4549 1929 4602 ἁδι-

363 4630 484 4682 κίαν
513 4629 817 4693 ὀνειδίζειν,
859 4630 995 4700 πρὸς
1027 4630 1082 4682 δὲ
1113 4631 1240 4693 τοὺς
1274 4634 1567 4701 μεγίστους
1597 4638 1694 4691 καὶ
1718 4638 1786 4693 τὰ
1835 4643 1934 4712 μέ-

360 4738 521 4790 γιστα
553 4721 894 4790 βλάπτοντας
923 4721 1141 4785 ἑκόκτες
1166 4722 1318 4785 ὄντες
1349 4723 1434 4777 διὰ
1467 4725 1526 4777 τὸ
1556 4727 1772 4797 ἀξίωμα
1813 4748 1939 4786 σιω-

363 4818 470 4869 πᾶν
521 4818 616 4869 καὶ
685 4815 818 4886 μηδὲ
871 4814 1097 4886 γρύζειν
1154 4815 1386 4887 τολμᾷν,
1445 4817 1599 4871 οὐδὲν
1658 4821 1939 4894 διοίσομεν

365 4911 565 4980 ἰατρῶν
596 4909 705 4964 τῶν
737 4911 865 4978 περὶ
895 4908 1087 4980 τρίχας
1121 4909 1220 4976 μὲν
1257 4909 1351 4960 καὶ
1391 4909 1590 4980 ὄνυχας
1631 4912 1941 4986 ἠσχολημέ.

360 5023 482 5070 νων,
516 5005 610 5058 καὶ
641 5005 738 5075 τὴν
777 5004 977 5074 τέχνην
1007 5005 1064 5054 ὲν
1090 5001 1280 5064 αὐτοῖς
1313 5001 1810 5073 ἐπιδεικνυμένων,
1844 5010 1942 5062 ἐὰν

362 5097 419 5150 δέ
445 5114 499 5149 τι
527 5097 741 5166 νόσημα
763 5097 1097 5168 παρεμπέσῃ
1126 5094 1204 5166 τῷ
1229 5094 1354 5167 ζώιρ
1381 5097 1780 5170 λυμαινόμενον
1812 5103 1941 5172 ὅλῳ,

362 5191 554 5244 τούτου
600 5191 657 5244 δὲ
720 5189 995 5261 μηδεμίαν
1053 5190 1318 5256 πρόνοιαν
1382 5196 1765 5263 ποιουμένων,
1825 5196 1943 5249 ἀλλ’

364 5281 681 5356 ἡγουμένων
715 5283 906 5353 ἀρκεῖν
949 5281 1063 5349 εἴγε
1113 5282 1210 5337 καὶ
1245 5283 1398 5336 αὐτοὶ
1446 5285 1751 5356 καθήμενοι
1801 5288 1939 5358 μετὰ

2041 3347 2225 3393 autem
2279 3337 2466 3394 divino
2518 3351 2747 3393 munere
2799 3354 2909 3394 non
2953 3339 3130 3394 solum
3176 3355 3490 3411 germanam
3515 3342 3620 3399 Ec-

2041 3431 2224 3486 clesiae
2253 3431 2563 3486 doctrinam
2593 3431 2854 3500 del'en'do,
2890 3434 2984 3488 sed
3025 3435 3192 3489 etiam
3222 3434 3477 3505 injuriam
3502 3450 3624 3506 pas-

2043 3523 2121 3578 sis
2175 3524 2532 3594 patrocinari,
2574 3512 2878 3596 eorumque
2911 3528 3139 3581 tutelam
3190 3542 3385 3598 gerere
3422 3527 3620 3593 debeo,

2040 3616 2324 3671 adversari
2397 3626 2454 3672 et
2497 3617 2883 3673 contradicere
2936 3618 3024 3674 his
3075 3635 3184 3674 non
3237 3620 3490 3686 cessabo,
3526 3623 3621 3691 qui

2040 3709 2254 3764 deserta
2298 3711 2577 3779 asquitate,
2633 3711 2757 3780 plus
2807 3710 2980 3766 nimio
3012 3711 3117 3766 sibi
3157 3721 3456 3783 arrogant,
3504 3712 3622 3769 sive

2043 3800 2115 3854 illi
2147 3801 2344 3864 inllmi,
2382 3802 2498 3856 sive
2538 3800 2698 3874 154
2726 3803 2930 3858 summi
2976 3803 3190 3859 ordinis
3222 3813 3279 3860 et
3312 3804 3620 3860 beatissimi

2041 3891 2270 3948 fuerint.
2323 3893 2505 3964 Atque
2549 3893 2668 3950 istis
2711 3893 2936 3964 quidem
2967 3894 3380 3960 vehementius,
3415 3906 3620 3965 quanto

2042 3987 2303 4042 videlicet
2341 4002 2532 4041 eorum
2585 3974 2800 4057 injuria:
2847 3987 3103 4059 majms,
3153 3997 3209 4042 et
3242 3988 3496 4057 pluribus
3527 3989 3625 4044 de-

2046 4079 2384 4134 trimentosaa
2419 4089 2570 4133 sunt.
2615 4080 2673 4133 Si
2715 4078 2863 4134 enim
2906 4081 3176 4134 obscuros
3238 4080 3623 4138 tantummodo

2043 4180 2096 4228 et
2141 4173 2352 4227 modice
2398 4171 2693 4242 injuriosos
2725 4171 2781 4227 in
2821 4171 2911 4241 jus
2936 4171 3282 4238 vocabimus,
3311 4180 3369 4227 et
3407 4172 3626 4242 injusti-

2048 4191 2096 4228 ΕΙ.
2141 4191 2352 4227 ιιιοαιοθ
2398 4191 2693 4242 111μ11¹10508
2725 4191 2781 4227 Ill
2821 4191 2911 4241 JllS
2936 4191 3282 4238 vocabimus,
3311 4191 3369 4227 ει
3407 4191 3461 4226 Ill
3490 4191 3621 4230 υειι-

2048 4267 2174 4319 tiam
2204 4263 2312 4318 illis
2337 4251 2815 4331 exprObrabimus,
2850 4263 3144 4318 adversum
3169 4279 3415 4320 summos
3437 4191 3621 4318 atem

2045 4372 2256 4412 summe
2305 4365 2591 4420 nocentes,
2633 4371 2830 4410 eorum
2880 4355 3230 4426 splendorem
3272 4355 3624 4414 dignitatem-

2043 4468 2148 4522 que
2174 4449 2420 4516 reveriti,
2457 4451 2657 4504 mutirc
2685 4465 2794 4503 non
2828 4450 3178 4514 audebimus,
3216 4447 3354 4502 nihil
3381 4466 3410 4502 ιι
3447 4447 3625 4501 medi-

2045 4547 2124 4603 cis
2175 4545 2516 4606 dill'eremus,
2563 4543 2658 4613 qui
2699 4543 2753 4596 in
2801 4542 3016 4611 capillis
3045 4551 3103 4594 et
3153 4541 3429 4608 unguibus
3457 4557 3618 4596 occu-

2038 4638 2185 4709 pati,
2223 4653 2376 4692 suam
2428 4636 2500 4690 ibi
2555 4634 2844 4690 scientiam
2883 4641 3184 4688 ostentant.
3227 4635 3326 4689 Sin
3395 4634 3622 4692 morbus

2038 4731 2355 4798 arripuerit,
2385 4729 2480 4797 qui
2515 4737 2686 4782 totum
2716 4726 2923 4780 animal
2951 4725 3167 4796 perdat,
3210 4726 3261 4779 ei
3292 4725 3622 4793 depellenda

2036 4820 2176 4876 nihil
2221 4821 2457 4883 lueiunt;
2505 4818 2624 4883 sed,
2654 4818 2698 4871 si
2733 4831 2840 4869 una
2871 4831 2997 4870 cum
3034 4815 3158 4868 aliis
3188 4815 3464 4880 sedentes,
3500 4815 3622 4884 ejus

2041 4914 2325 4970 interitum
2356 4910 2650 4978 aspiciant,
2685 4908 2936 4962 suﬂicerc
2969 4907 3336 4960 arbitrantur.
3363 4907 3476 4961 Nec
3506 4923 3616 4961 me-

2040 5004 2303 5062 diocriter
2342 5000 2536 5064 miror,
2581 5000 2714 5052 dum
2753 4997 3039 5060 recordor,
3065 4997 3295 5066 jussisse
3327 5007 3400 5063 te,
3434 5005 3494 5051 ut
3531 5014 3620 5052 res

2033 5097 2292 5154 Ecclesiae
2337 5109 2560 5157 cnrem,
2614 5093 2832 5160 illiSque
2875 5089 3007 5143 solis
3051 5104 3260 5155 vacem,
3340 5097 3390 5144 te
3419 5105 3521 5160 pro
3555 5089 3623 5144 li-

2034 5186 2224 5242 bidine
2277 5183 2572 5254 imperium
2624 5196 2813 5251 regere
2864 5180 3063 5233 sinam.
3096 5178 3286 5234 Simile
3310 5179 3457 5234 enim
3493 5193 3616 5246 est,

2039 5292 2100 5338 ut
2131 5281 2182 5358 ‘si
2210 5295 2414 5351 corpus
2444 5280 2641 5336 anima:
2665 5277 2873 5331 diceret
2903 5295 2918 5330 :
2967 5276 3372 5331 Couumouione
3400 5286 3458 5332 et
3485 5292 3620 5331 con-

363 5375 468 5428 τῶν
503 5375 680 5428 ἄλλων
711 5375 1090 5443 ἀπολλύμενον
1141 5374 1337 5443 ὁρῷεν.
1376 5376 1522 5444 Ἐγὼ
1554 5377 1610 5430 δὲ
1661 5383 1754 5433 καὶ
1797 5383 1932 5436 πάνυ

2038 5377 2319 5448 iunctione
2361 5384 2451 5429 tua
2489 5387 2601 5428 non
2648 5369 2886 5440 indigeo,
2933 5385 3111 5440 neque
3156 5370 3211 5424 in
3246 5369 3413 5426 rebus
3444 5385 3608 5440 agun-

365 5469 631 5537 θαυμάζω
665 5471 1016 5539 μεμνημένος
1039 5468 1115 5532 ὡς
1141 5469 1444 5530 ἐκέλευσας
1473 5470 1573 5539 ἐμὲ
1607 5473 1710 5541 μὲν
1739 5474 1808 5528 τὰ
1841 5478 1940 5546 τῆς

374 5565 704 5638 Ἐκκλησίας
759 5565 1016 5634 πράττειν
1073 5563 1330 5636 καὶπερὶ
1385 5565 1526 5619 αὑτά
1589 5567 1934 5640 napique“

2036 5472 2118 5528 dis
2171 5469 2554 5525 adu'iinistram
2623 5473 2679 5520 et
2725 5463 3048 5534 adiutricem
3100 5463 3370 5528 sustineo,
3425 5479 3615 5520 verum

2033 5585 2133 5641 per
2185 5579 2295 5630 me,
2349 5571 2410 5617 ut
2459 5568 2653 5633 potero
2697 5565 2753 5613 et
2797 5556 3045 5623 voluero,
3087 5557 3306 5626 negotia
3339 5571 3464 5612 mea
3494 5573 3619 5626 pro-

1591 5691 1806 5753 Jacobi
1853 5691 2113 5755 Ponlaui
2151 5695 2338 5751 nolm.

431 5794 543 5860 :92)
578 5791 765 5847 Oratio
827 5791 1154 5863 patriarchae
1192 5789 1482 5863 libertatis
1540 5791 1928 5847 ecclesiasticae

363 5862 675 5932 plenissuna
724 5860 845 5921 est,
892 5878 942 5914 Ill
971 5863 1136 5930 hique
1189 5860 1335 5913 illam
1366 5862 1477 5916 divi
1514 5863 1789 5916 Ambrosii
1830 5864 1927 5914 οτι-

366 5931 554 5987 tersus
575 5932 946 5988 Theodosium
998 5933 1308 5986 libertatein
1367 5931 1420 5986 in
1473 5942 1708 5986 mentem
1772 5949 1927 5986 revo-

2036 5801 2144 5855 cat,
2197 5804 2303 5859 qua
2363 5785 2517 5840 illum
2566 5793 2647 5841 tot
2693 5782 2934 5859 cajdibus
3007 5781 3414 5859 inn_oeemiuut__
3471 5778 3614 5846 apud

2036 5851 2485 5915 'l'hessalonicam
2518 5855 2976 5916 contaminatum,
3026 5852 3178 5905 aditu
3231 5851 3417 5921 tunpli
3451 5863 3616 5903 ausus

2038 5943 2122 5987 εει
2156 5929 2467 5994 prohibere.
2503 5926 2826 5996 Μυρρίνη..
2864 5923 2959 5978 lib.
2991 5937 3085 5988 xtl,
3108 5940 3225 5994 cap.
3259 5923 3343 5978 xii.
