3918 6730
298 457 406 526 339

1473 451 1506 522 εἰ
1514 457 1719 521 OANN
1727 457 1802 520 IS
1838 457 2333 520 CANTACUZEN
2344 458 2370 518 Ι

3443 453 3550 519 ὃίθ

296 568 536 637 curabo;
577 577 634 624 tu
683 568 777 624 tibi
813 577 903 623 tua
947 574 1160 624 curato.
1205 564 1473 622 Omnibus
1507 566 1692 637 itaque
1730 581 1857 638 pec—

1981 567 2128 627 ιόνα.
2157 568 2216 622 σὲ
2249 567 2304 620 δὲ
2339 566 2434 636 ὲᾷν
2465 564 2611 628 ὅπως
2641 564 2706 620 ἂν
2727 564 2857 635 δοκῇ
2884 563 2950 618 τὰ
2972 562 3071 633 τῆς
3096 561 3389 633 βασιλείας
3417 564 3555 616 διοι-

298 661 555 718 cantibus
626 673 917 716 commune
962 655 1270 712 remedium
1310 655 1469 712 dolor
1511 658 1583 713 de
1623 660 1864 728 peccatis

300 751 693 821 praescribitur,
727 750 842 804 sive
868 749 922 803 in
953 749 1147 811 Deum,
1181 749 1296 804 sive
1335 749 1389 802 in
1417 749 1670 803 homines
1691 748 1866 802 otl‘en-

300 860 421 898 sum
474 843 565 896 sit.
615 841 778 910 Atqui
827 855 988 895 nemo
1031 835 1448 910 resipiscet,'ni
1493 840 1643 908 prius
1705 840 1864 909 culpa

300 936 482 1006 agnita
531 933 711 1002 seipso
763 931 1100 986 moderatior
1127 930 1390 996 evaserit,
1420 929 1501 982 illi
1540 944 1598 984 se
1628 929 1864 984 submit-

303 1037 446 1088 tens,
494 1025 585 1095 qui
633 1038 692 1080 se
739 1022 807 1077 ab
849 1022 969 1091 ipso
1001 1021 1188 1076 lassum
1217 1028 1391 1090 putat.
1426 1020 1541 1074 Hoc
1572 1028 1677 1082 est,
1717 1019 1862 1085 quod

301 1125 556 1185 nepotem
584 1122 737 1167 tuum
771 1119 828 1166 et
859 1112 1012 1180 prius
1044 1111 1167 1182 plus
1194 1124 1375 1179 atquo,
1406 1117 1462 1164 et
1491 1124 1638 1162 nunc
1666 1123 1866 1162 cumu.

302 1206 567 1262 latissime
602 1204 797 1258 fecisse
837 1211 1073 1258 constat.
1116 1201 1248 1256 Nam
1279 1215 1402 1256 cum
1439 1201 1709 1271 potuisset
1737 1209 1868 1256 tunc

301 1312 488 1369 parem
548 1296 892 1366 principatus
936 1295 1166 1348 Romani
1218 1300 1428 1362 partem
1492 1291 1589 1345 tibi
1631 1291 1866 1346 ablatam

303 1389 605 1458 possidere,
649 1396 828 1441 tamen
861 1383 1062 1450 noluit,
1117 1383 1213 1438 sed
1260 1383 1358 1438 tibi
1397 1398 1455 1438 se
1495 1383 1750 1452 subjecit,
1783 1381 1870 1436 id-

303 1495 414 1548 que
468 1494 594 1533 cum
657 1464 803 1532 bello
853 1474 1228 1530 ulciscendqu
1277 1473 1415 1528 nihil
1463 1474 1802 1544 peccavisset
1851 1488 1864 1525 :

305 1569 562 1640 quodque
611 1576 777 1638 caput
811 1575 913 1626 est.
951 1581 1081 1635 pace
1105 1565 1396 1619 conciliata
1426 1563 1493 1618 ad
1535 1572 1584 1616 te
1617 1562 1867 1629 veniens,

307 1662 363 1714 in
428 1675 594 1729 equo,
650 1670 707 1712 ut
744 1667 884 1720 erat,
919 1657 1144 1727 propius
1168 1656 1509 1725 adequitare,
1541 1662 1598 1708 ut
1628 1654 1868 1724 impera-

305 1761 454 1804 tores
497 1749 694 1811 solent,
738 1746 1020 1818 pepercit:
1073 1746 1329 1816 pedester
1371 1755 1552 1800 autem
1592 1754 1644 1799 te
1674 1744 1869 1798 adora-

307 1842 405 1905 vit,
438 1852 701 1909 tuumque
730 1842 948 1908 pedem,
969 1853 1232 1908 expresso
1257 1835 1616 1907 subjectionis
1641 1836 1864 1900 indicio,

306 1934 582 1987 osculatus
615 1908 730 1986 est.
771 1932 838 1986 Et
871 1945 1017 1984 nunc
1042 1938 1165 1999 post
1201 1929 1404 1984 bellum
1433 1929 1539 1983 hoc
1568 1928 1866 1983 excitatum
1896 1908 1945 1968 Β

309 2025 498 2077 tandiu
561 2022 736 2090 sedet,
792 2022 1116 2092 suppliciter
1165 2037 1349 2084 orans,
1395 2036 1463 2074 ne
1500 2035 1688 2090 pacem
1729 2019 1868 2073 velis

307 2110 542 2169 irritam.
580 2115 866 2184 Episcopis
899 2123 954 2168 et
997 2112 1338 2183 primoribus
1363 2113 1462 2168 abs
1488 2121 1538 2167 te
1561 2109 1742 2167 missis
1760 2111 1870 2182 pri-

308 2222 456 2260 mum
489 2206 708 2276 quidem
743 2206 964 2274 copiose
987 2204 1248 2269 ostendit,
1290 2203 1427 2258 nihil
1458 2219 1514 2258 se
1542 2203 1867 2274 injuriarum

307 2291 581 2362 intulisse,
600 2298 729 2368 quin
758 2297 943 2367 potius
972 2296 1274 2365 accepisse.
1298 2305 1354 2349 et
1376 2295 1870 2364 obtrectationibus

309 2391 637 2458 exagitatum
662 2388 849 2445 fuisse.
886 2387 1088 2443 Deinde
1111 2387 1258 2457 pacis
1281 2387 1670 2441 conservanda:
1697 2386 1870 2440 multa

311 2479 450 2535 dixit
509 2481 749 2550 fecitque
794 2479 1188 2542 memorabilia,
1239 2487 1294 2532 et
1323 2477 1494 2531 multa
1522 2477 1586 2530 ad
1617 2485 1668 2530 te
1697 2475 1876 2545 perfe-

309 2573 483 2630 renda
534 2573 848 2637 commisit;
901 2571 1104 2642 quibus
1147 2569 1374 2635 auditis,
1425 2577 1481 2622 et
1515 2568 1628 2622 Deo
1673 2567 1874 2638 gratias

308 2667 421 2738 egi.
462 2665 556 2736 qui
600 2665 692 2720 tali
727 2679 854 2719 eum
904 2662 1199 2732 prudentia
1241 2668 1508 2726 ornasset,
1560 2667 1615 2712 et
1650 2651 1717 2713 de
1746 2675 1875 2728 pro-

311 2753 483 2813 bitate
520 2756 776 2812 eumdem
808 2753 1180 2811 commendavi
1218 2770 1233 2808 :
1273 2768 1336 2807 ac
1368 2761 1421 2806 te
1445 2751 1638 2806 iisdem
1671 2750 1874 2806 auditis

313 2847 426 2905 Deo
463 2849 666 2920 gratias
703 2847 880 2920 egisse
911 2845 1197 2916 opinabar,
1234 2843 1390 2913 155
1430 2841 1721 2911 missisque
1758 2857 1878 2896 cer-

313 2941 384 2994 tis
419 2940 758 3003 hominibus,
793 2937 964 2993 ﬁlium
993 2934 1061 2990 ad
1096 2944 1148 2990 te
1175 2933 1579 3004 quamprimum
1602 2931 1878 2986 adducen-

313 3032 446 3086 dum
481 3031 756 3086 curavisse
779 3069 794 3092 ,
834 3029 976 3083 mala
1013 3025 1355 3082 imminentia
1385 3025 1726 3095 proﬂigasse,
1759 3037 1878 3076 om-

314 3138 413 3179 nes
456 3123 642 3178 laetitia
683 3132 738 3178 ει
777 3121 1126 3194 iucunditate
1166 3129 1389 3190 propter
1437 3117 1678 3172 futuram
1729 3116 1878 3170 inter

317 3229 417 3269 vos
456 3209 812 3268 concordiam
847 3210 1232 3282 complevisse.
1267 3208 1336 3264 At
1361 3217 1414 3262 tu
1441 3224 1549 3262 non
1583 3208 1745 3262 modo
1773 3207 1876 3261 bo-

318 3316 438 3356 rum
487 3301 624 3355 nihil
667 3301 968 3371 pratstitisti
1023 3315 1039 3367 ;
1098 3299 1193 3354 sed
1229 3299 1456 3369 insuper
1487 3297 1748 3368 frugifera
1793 3312 1878 3352 me

317 3391 694 3448 consulentem
731 3392 1003 3462 repulisti,
1039 3400 1090 3445 et
1127 3401 1324 3454 tacere,
1361 3389 1666 3457 alienisque
1715 3403 1881 3457 nego-

318 3481 412 3540 tiis
461 3499 572 3539 non
622 3481 929 3540 immiscere
975 3483 1206 3554 iussisti.
1246 3481 1380 3537 Cum
1417 3492 1595 3536 autem
1638 3481 1882 3534 muneris

318 3593 384 3630 ac
431 3575 593 3631 olbcii
642 3576 745 3630 mei
782 3575 853 3629 sit
913 3589 1204 3645 oppressos
1248 3573 1388 3629 tueri
1432 3581 1596 3643 atque
1618 3569 1880 3643 adjuvare

317 3681 585 3743 quantum
634 3686 853 3742 queam,
899 3671 1133 3741 idipsum
1184 3686 1282 3740 pro
1331 3682 1530 3740 nepote
1577 3679 1670 3723 tuo
1708 3669 1882 3737 impe-

319 3773 503 3817 ratore
537 3761 830 3832 praestabo,
876 3769 1133 3831 tantoque
1166 3761 1336 3829 magis
1359 3759 1651 3829 praestabo,
1672 3767 1880 3828 quanto

320 3853 419 3909 abs
468 3862 518 3908 te
563 3853 808 3923 iniquius
855 3863 1122 3908 tractatus
1167 3861 1298 3908 est:
1339 3867 1500 3922 quam
1535 3851 1881 3920 iniquitatem

321 3961 431 4000 non
463 3942 554 4000 ille
585 3944 766 4010 modo,
804 3944 1298 4022 sedgltomanorutn
1330 3941 1659 3996 universitas
1689 3940 1878 3996 sentit.

320 4037 494 4105 Quem
537 4052 639 4107 ego
686 4021 1080 4106 (minus'istuc
1119 4049 1282 4105 quam
1328 4046 1526 4090 caetera
1568 4033 1734 4087 silere
1761 4047 1884 4102 pos-

321 4129 465 4202 Sum)
501 4138 594 4185 tuo
626 4127 882 4185 mandato
917 4130 1081 4199 paulo
1108 4136 1236 4183 ante
1263 4127 1400 4182 meis
1425 4127 1679 4182 manibus
1706 4125 1882 4195 impe-

323 4229 584 4293 ratwem.
640 4223 777 4275 adeo
822 4221 1067 4291 legitime
1135 4227 1189 4273 ct
1229 4219 1392 4290 iuste,
1438 4228 1490 4273 te
1523 4217 1885 4272 libentissimo

324 4313 449 4366 unxi
489 4323 542 4366 et
568 4311 911 4376 consecravi,
947 4327 1074 4365 eum
1115 4323 1261 4365 nunc
1296 4309 1395 4364 abs
1426 4319 1477 4364 te
1505 4309 1584 4364 sic
1613 4309 1761 4362 nulla
1786 4324 1882 4364 sua

321 4404 480 4473 culpa
527 4403 747 4472 expelli,
783 4403 1058 4474 qubmodo
1086 4401 1293 4474 justum
1330 4401 1449 4458 est?
1487 4411 1581 4455 aut
1609 4403 1884 4471 quomodo

322 4509 430 4547 non
489 4491 675 4546 multis
731 4492 1047 4563 perdendus
1101 4507 1278 4547 essem
1330 4491 1672 4564 fulminibus,
1728 4491 1772 4546 si
1828 4491 1884 4544 in

1965 661 2099 714 κεῖν.
2154 658 2547 728 Παραπλήσιον
2582 657 2692 725 γάρ
2743 657 2893 709 ἐστιν
2943 654 3133 725 ῶσπερ
3160 655 3226 708 ἂν
3273 655 3425 724 πρὸς
3457 655 3555 723 τὴν

1964 747 2142 820 ψυχήν
2173 749 2317 803 εἴποι
2347 749 2408 803 τδ
2440 751 2622 819 σῶμα,
2657 749 2732 802 Οὐ
2766 747 2962 816 δέομαι
2993 748 3094 817 τῆς
3129 747 3430 810 κοινωνίας
3459 750 3554 800 καὶ

1968 840 2071 910 τῆς
2121 839 2419 908 συναφείας
2463 840 2566 907 τῆς
2617 841 2736 906 σῆς,
2798 838 2918 890 οὐδὲ
2969 837 3236 907 συνεργὸν
3295 836 3448 906 πρὸς
3488 838 3557 889 τὰ

1967 935 2320 1004 πραττόμενα
2377 932 2635 1003 βούλομαι
2664 932 2832 1000 ἔχειν.
2876 930 3017 983 Ἀλλ’
3054 929 3166 998 ἐγὼ
3197 930 3293 998 μὲν
3329 929 3416 992 ὡς
3443 925 3557 981 οἶόν

1964 1022 2078 1100 τεῇ
2117 1029 2215 1080 xal
2251 1025 2548 1096 βούλωμαι,
2569 1023 2831 1091 διοικήσω
2857 1023 3009 1091 τὶμά
3033 1040 3048 1056 ο
3096 1023 3160 1075 σὺ
3195 1021 3250 1074 δὲ
3285 1021 3556 1091 φρόντιζε

1967 1127 2098 1189 περὶ
2133 1118 2241 1171 τῶν
2276 1118 2440 1172 [δίων.
2476 1117 2618 1169 Πᾶσι
2664 1118 2762 1184 μὲν
2798 1114 2892 1169 οὖν
2937 1112 3314 1182 ἁμαρτάνουσι
3351 1111 3556 1178 ὥσπερ

1969 1229 2022 1264 τι
2058 1209 2239 1264 κοινὸν
2266 1208 2558 1278 φάρμακον
2587 1206 2650 1261 τδ
2678 1206 2962 1276 μετανοεῖν
2993 1202 3087 1256 ἐπὶ
3119 1204 3233 1265 τοῖς
3287 1200 3558 1270 πεπλημ-

1972 1302 2295 1373 μελημένοις
2323 1299 2502 1367 ἐδόθη,
2532 1297 2599 1353 ἄν
2650 1314 2709 1350 τε
2760 1295 2896 1364 πρὸς
2925 1294 3059 1348 Θεὸν
3087 1293 3152 1347 ἄν
3171 1311 3230 1346 τε
3270 1292 3420 1362 πρὸς
3454 1293 3555 1345 ἀν-

1970 1395 2221 1467 θρώπους
2249 1395 2282 1462 ή
2323 1390 2667 1461 πλημμέλεια
2786 1388 2900 1441 Οὐκ
2934 1386 3000 1440 ἂν
3033 1387 3089 1440 δὲ
3128 1384 3441 1454 μεταγνοίη
3470 1401 3560 1446 τις

1971 1487 2037 1542 ἂν
2071 1484 2147 1554 μὴ
2174 1483 2440 1552 πρότερον
2469 1478 2775 1533 ὑπεύθυνον
2821 1476 3050 1545 νομίσας
3076 1475 3274 1527 ἑαυτὸν
3308 1472 3559 1543 μετριώο

1969 1578 2130 1648 τορός
2159 1593 2217 1628 τε
2252 1574 2480 1643 γένηται
2503 1571 2717 1636 ἑαυτοῦ,
2739 1571 2835 1624 καὶ
2863 1568 3044 1639 φέρων
3076 1568 3266 1622 ἑαυτδν
3294 1568 3376 1638 τῷ
3417 1566 3555 1634 παρ’

1973 1670 2140 1726 αὐτοῦ
2173 1666 2417 1722 δοκοῦντι
2439 1665 2733 1736 ἠδικῆσθαι
2759 1662 3076 1732 ὑποχείριον
3105 1661 3332 1733 ποιήσῃ.
3377 1657 3560 1710 Τοῦτο

1969 1763 2152 1818 τοίνυν
2183 1758 2436 1830 βασιλεὺς
2470 1759 2498 1810 ὁ
2535 1759 2626 1818 σὸς
2648 1753 2871 1823 ἔγγονος
2901 1751 3172 1822 πρότερον
3201 1768 3270 1804 τε-
3296 1750 3561 1818 φαίνεται

1971 1853 2226 1922 ποιήσας,
2250 1851 2346 1903 καὶ
2374 1847 2574 1918 μᾶλλον
2598 1845 2630 1916 ἢ
2662 1843 2930 1916 προσῆκε,
2963 1842 3055 1896 καὶ
3078 1841 3170 1894 νῦν
3195 1841 3294 1911 οὐχ
3323 1840 3560 1910 ἣκιστα.

1977 1942 2087 1996 Kal
2119 1940 2226 2010 γὰρ
2252 1940 2374 1992 τότε
2410 1936 2709 2007 δυνάμενος
2764 1934 2930 2004 εἰπερ
2963 1931 3227 2002 ήϐούλετο
3278 1931 3383 1999 τῆς
3427 1928 3565 1982 Ῥω-

1980 2036 2156 2104 μαίων
2186 2030 2485 2101 ἡγεμονίας
2539 2027 2640 2080 οὐκ
2687 2024 2910 2079 ἔλαττον
2960 2024 3125 2094 μέρος
3172 2020 3562 2088 παρασπάσας

1977 2124 2144 2194 ἔχειν,
2195 2120 2295 2174 οὑκ
2338 2117 2643 2187 ἠθέλησεν·
2673 2113 2812 2169 ἀλλὰ
2861 2113 3045 2184 φέρων
3077 2111 3274 2166 ἑαυτὸν
3321 2109 3561 2176 ἐπέταξέ

1979 2234 2082 2273 σοι.
2121 2213 2417 2268 καὶταῦτα
2462 2209 2736 2280 μηδεμίαν
2781 2206 2964 2260 αίτίαν
3004 2204 3142 2273 πρὸς
3179 2203 3274 2257 τὸν
3308 2203 3558 2272 πόλεμον
3627 2201 3630 2204 ’

1977 2309 2185 2364 ἐκεῖνον
2209 2302 2528 2375 παρασχών.
2559 2302 2670 2354 Kal
2695 2301 2755 2353 τὸ
2785 2301 3059 2370 μέγιστον,
3089 2298 3172 2350 ὅτι
3203 2297 3306 2365 τῆς
3329 2296 3563 2365 είρήνης

1977 2400 2302 2470 γενομένης,
2337 2396 2477 2465 πρὸς
2525 2393 2585 2446 σὲ
2636 2391 2830 2456 ἐλθὼν,
2872 2391 2972 2444 οὐκ
3003 2389 3270 2460 ἠθέλησεν
3313 2385 3563 2454 ἔφιππος

1981 2509 2060 2546 σοι
2084 2486 2422 2561 προσελθεῖν,
2460 2482 2650 2552 ῶσπερ
2683 2481 2848 2550 νόμος
2877 2481 2992 2542 τοῖς
3040 2475 3382 2547 βασιλεῦσιν,
3423 2471 3564 2526 ἀλλὰ

1981 2579 2120 2651 πεζῇ
2151 2596 2212 2632 τε
2249 2575 2627 2652 προσεκύνησε
2671 2572 2767 2625 καὶ
2797 2569 3086 2641 ἠσπάσατό
3137 2584 3230 2620 σου
3264 2566 3356 2619 τὸν
3390 2561 3562 2622 πέδαι.

1979 2674 2120 2742 ὅπερ
2148 2669 2393 2730 δουλείας
2417 2663 2680 2734 ἀκριϐοῦς
2709 2663 3012 2733 τεκμήριον
3055 2656 3145 2731 ἦν.
3175 2660 3288 2714 Καὶ
3330 2656 3433 2710 νῦν
3464 2652 3561 2708 τοῦ

1982 2763 2217 2834 πολέμου
2253 2760 2574 2830 κινουμένου
2591 2754 2827 2820 τουτουῖ,
2861 2754 3115 2809 τοσοῦτον
3145 2751 3336 2822 χρόνον
3383 2747 3565 2815 καθήσ

1983 2873 2146 2928 μενος
2175 2853 2349 2908 δεῖταί
2378 2869 2474 2905 σου
2509 2848 2584 2920 μὴ
2609 2848 2705 2920 τήν
2735 2848 2961 2918 εἰρήνην
2983 2845 3310 2904 καταλῦσαι.
3344 2841 3562 2928 Ἐλθόν-

1981 2927 2092 2999 των
2123 2941 2184 2996 δὲ
2242 2939 2336 2993 καὶ
2389 2939 2498 2992 τῶν
2526 2936 2832 3008 ἀρχιερέων
2891 2933 2986 2987 καὶ
3041 2929 3430 3001 συγκλητικῶν
3465 2927 3561 2990 οὓς

1983 3033 2237 3105 ιπεμψας
2261 3030 2398 3102 πρὸς
2431 3029 2618 3095 αὑτὸν,
2647 3027 2868 3099 πρῶτον
2896 3027 2997 3097 μὲν
3043 3023 3332 3091 ἀπέδειξεν
3362 3020 3560 3076 ἑαυτὸν

1987 3125 2156 3198 μηδὲν
2183 3120 2478 3178 ἀδικοῦντα
2531 3118 2673 3190 μετὰ
2721 3116 2922 3170 πολλοῦ
2960 3111 3054 3170 τοῦ
3090 3113 3398 3185 περιόντος,
3439 3109 3559 3164 ἀλλ’

1985 3215 2340 3285 ἀδικούμενον
2396 3213 2492 3266 καὶ
2555 3207 3088 3278 συκοφαντούμενον,
3129 3206 3320 3259 ἔπειτα
3369 3203 3426 3257 δὲ
3465 3203 3558 3256 καὶ

1980 3307 2102 3363 τοῦ-
2138 3306 2214 3378 μὴ
2265 3305 2495 3373 λυθῆναι
2579 3301 2682 3373 τήν
2737 3301 2961 3372 εἰρήνην
3013 3294 3136 3351 εἶπέ
3169 3315 3226 3350 τε
3267 3295 3437 3349 πολλὰ
3464 3293 3560 3346 καὶ

1982 3401 2219 3474 ἔπραξεν
2248 3400 2375 3465 ἄξια
2401 3399 2561 3467 λόγου
2589 3412 2602 3426 ·
2637 3396 2734 3452 καὶ
2781 3395 2919 3465 πρὸς
2950 3394 3010 3448 σὲ
3043 3393 3328 3464 μεμήνυκε
3360 3389 3554 3452 πολλὰ,

1982 3490 2125 3564 ἅπερ
2179 3491 2342 3555 αὐτός
2394 3507 2454 3543 τε
2489 3489 2727 3552 ἀκούσας
2760 3485 2877 3556 Θεῷ
2923 3503 2985 3538 τε
3042 3483 3414 3554 εύχαρίστησα
3478 3481 3556 3548 τῷ

1983 3585 2239 3654 τοιαύτην
2293 3582 2442 3652 αὐτῷ
2502 3579 2717 3634 σύνεσιν
2761 3577 3140 3648 χαρισαμένῳ,
3200 3576 3293 3628 καὶ
3348 3575 3555 3628 ἐκεῖνον

1983 3678 2224 3749 ἐπῄνεσα
2246 3677 2346 3744 τῆς
2367 3673 2795 3741 καλοκαγαθίας,
2824 3671 2918 3725 καὶ
2946 3670 3002 3723 σὲ
3023 3668 3352 3739 ἐλογιζόμην
3380 3667 3554 3721 ταῦτα

1985 3770 2312 3839 πυθόμενον.
2347 3765 2468 3836 Θεῷ
2501 3783 2562 3820 τε
2611 3764 2774 3835 χάριν
2801 3761 3136 3831 ὁμολογῆσαι
3177 3762 3271 3814 καὶ
3315 3759 3408 3812 τὸν
3436 3760 3553 3811 υίὸν

1983 3861 2277 3932 πέμψαντα
2305 3859 2392 3911 διὰ
2414 3856 2608 3926 τάχους
2637 3853 2868 3923 ἀγαγεῖν
2897 3852 3042 3922 πρὸς
3076 3849 3327 3915 σεαυτὸν,
3352 3849 3450 3901 καὶ
3484 3847 3553 3901 τὰ

1986 3949 2416 4022 προσδοκώμενα
2465 3945 2705 4016 δυσχερῆ
2737 3944 2922 4006 λῦσαι,
2965 3943 3059 3996 καὶ
3109 3940 3453 4010 εὐφροσύνης
3487 3937 3551 3993 ἆ·

1985 4059 2194 4106 παντας
2238 4042 2334 4094 καὶ
2364 4038 2634 4110 θυμηδίας
2679 4036 2960 4104 ἐμπλῆσαι
3016 4034 3114 4104 τῆς
3144 4033 3239 4085 ἐπὶ
3265 4033 3332 4101 τῇ
3361 4031 3550 4101 εἰρήνῃ

1983 4138 2092 4192 τῶν
2117 4135 2382 4206 βασιλέων
2408 4134 2566 4205 ήμῶν
2599 4127 2991 4199 γενησομένης.
3013 4124 3084 4180 Σὺ
3109 4124 3157 4180 δ’
3179 4125 3241 4179 οὐ
3269 4125 3430 4196 μόνον
3453 4123 3552 4178 οὐκ

1988 4231 2253 4299 ὲποεησας
2303 4225 2544 4279 τοιοῦτον
2585 4222 2758 4287 οὐδὲν,
2794 4220 2932 4276 ἀλλὰ
2984 4221 3082 4273 καὶ
3129 4218 3228 4289 ἐμὲ
3256 4219 3324 4271 τὰ
3365 4217 3553 4270 δέοντα

1990 4318 2430 4392 συμϐουλεύοντα
2465 4314 2695 4376 ἀπώσω.
2747 4315 2844 4368 καὶ
2871 4313 3082 4382 σιωπᾷν
3108 4309 3427 4372 ἐκέλευσας,
3457 4309 3550 4360 καὶ

1993 4413 2068 4483 μὴ
2125 4404 2595 4482 περιεργάζεσθαι
2649 4403 2717 4457 τὰ
2769 4403 2845 4474 μή
2896 4405 3265 4474 προσήκοντα.
3305 4402 3462 4470 Ἐμοὶ
3497 4399 3554 4452 δὲ

1988 4505 2237 4572 ἀνάγκην
2281 4500 2456 4571 ἔχοντι
2508 4497 2616 4549 τῶν
2647 4495 3017 4566 ἀδικουμένων
3050 4492 3416 4564 προΐστασθαι
3461 4491 3554 4543 καὶ

325 4590 474 4636 tanto
518 4584 726 4638 scelere
766 4583 1007 4653 linguam
1057 4583 1338 4637 occlusum
1381 4581 1664 4653 gererem?
1705 4581 1877 4647 Quare

1992 4591 2207 4662 βοηθεῖν
2237 4589 2425 4651 αὐτοῖς
2471 4588 2572 4656 ὅση
2600 4585 2855 4655 δύναμις,
2885 4587 2979 4638 καὶ
3016 4585 3154 4655 ὑπὲρ
3200 4584 3464 4655 βασιλέως
3497 4581 3556 4634 τὸ

321 4673 504 4729 denuo
527 4681 578 4728 te
611 4687 707 4743 per
741 4674 912 4744 ipsam
950 4674 1240 4728 veritatem
1272 4674 1527 4734 obsecro,
1557 4680 1616 4726 ut
1637 4673 1690 4727 in
1715 4673 1878 4736 viam,

325 4765 470 4820 unde
517 4775 899 4835 perversurum
953 4765 1268 4818 mortalium
1317 4781 1486 4834 Opera
1521 4765 1770 4819 detortus
1793 4779 1883 4828 es,

323 4858 434 4912 cito
483 4857 680 4912 redeas
708 4873 725 4914 ε
756 4873 894 4912 neve
930 4857 1276 4912 mendacium
1307 4858 1523 4911 veritati
1562 4857 1888 4927 praeponde-

327 4964 448 5002 rare
495 4949 663 5002 sinas.
707 4947 1182 5018 limepatriarcha
1225 4948 1567 5019 imperatori,
1599 4950 1890 5003 internun-

325 5041 418 5094 tiis
468 5041 730 5112 Gregorio
781 5041 974 5096 Cutala
1018 5041 1478 5112 cbartopltylace,
1521 5051 1574 5095 et
1617 5050 1890 5095 monaste-

325 5133 532 5187 riorum
588 5133 817 5201 praeside
849 5133 1161 5204 Cyberiota.
1199 5132 1328 5200 Qua:
1357 5149 1479 5187 cum
1514 5134 1778 5199 audisset,
1813 5133 1896 5186 in-

327 5223 596 5277 tolerabili
642 5225 719 5278 ira
749 5224 1026 5288 eﬂerbnit,
1063 5226 1434 5294 praecepitque
1471 5226 1592 5279 illos
1619 5226 1672 5278 in
1706 5239 1892 5279 carce-

327 5329 439 5366 rem
472 5316 652 5369 statim
696 5317 925 5380 abduci,
960 5316 1251 5369 Macarium
1298 5317 1582 5371 Sci-rarum
1615 5322 1894 5383 metropo-

325 5404 478 5458 litam
524 5406 579 5459 in
631 5408 838 5475 palatio
876 5408 980 5461 sub
1015 5408 1264 5462 custodia
1298 5412 1494 5472 teneri,
1527 5407 1891 5477 patriarcliam

325 5495 662 5563 patriarcllio
690 5498 946 5567 ejectum,
967 5497 1022 5552 in
1053 5497 1404 5569 Mangauensi
1427 5497 1759 5554 monasterio
1782 5512 1896 5551 ma-

323 5601 455 5640 nere
503 5587 636 5658 (95),
690 5596 746 5643 ct
799 5590 865 5643 ad
919 5605 1045 5646 eum
1090 5591 1367 5646 neminem
1419 5605 1646 5660 prorsus
1695 5590 1894 5646 admit-

1986 4684 2117 4738 αὐτὸ
2162 4681 2408 4751 ποιήσω’
2439 4682 2534 4734 καὶ.
2565 4678 2766 4750 μᾶλλον
2816 4675 2957 4749 ὗπὲρ
2985 4679 3199 4740 τούτου,
3220 4677 3330 4748 ὅσῳ
3357 4675 3452 4730 καὶ
3489 4675 3553 4727 τὰ

1993 4777 2230 4848 μέγιστα
2271 4773 2574 4827 ἀδικεῖται·
2608 4771 2704 4826 καὶ
2735 4771 2834 4824 οὐκ
2883 4773 2963 4834 είς
3011 4770 3175 4823 αὐτὸν
3229 4772 3410 4840 μόνον,
3441 4768 3552 4823 ἀλλ’

1990 4869 2071 4929 εἰς
2105 4866 2312 4925 πάντας
2352 4861 2661 4933 Ῥωμαίους
2691 4864 2792 4932 τῆς
2840 4862 2920 4924 είς
2983 4861 3149 4915 αὑτὸν
3199 4860 3415 4921 ἀδικίας
3445 4859 3556 4912 δια-

1992 4955 2319 5023 ϐαλούσηςο
2354 4951 2382 5004 ὃ
2408 4951 2462 5005 δέ
2493 4968 2561 5021 με
2588 4950 2697 5004 τῶν
2731 4950 2906 5005 ἄλλων
2954 4951 3155 5020 μᾶλλον
3189 4951 3288 5004 οὐκ
3323 4951 3386 5021 ἑᾷ
3427 4965 3555 5002 σιω-

1992 5047 2120 5116 πᾷν,
2154 5046 2236 5098 ὅτι
2289 5061 2386 5098 σου
2419 5043 2826 5113 προστάξαντος
2883 5041 3050 5111 ὀλίγῳ
3084 5042 3349 5112 πρότερον
3396 5041 3553 5104 αὐτὸς

1991 5137 2158 5189 αὑτὸν
2185 5135 2379 5206 ἔχρισα
2411 5134 2660 5204 βασιλέα.
2713 5135 2817 5187 Τὸν
2849 5130 2939 5186 οὖν
2968 5133 3112 5187 οὕτω
3161 5135 3412 5205 νομίμως
3465 5135 3553 5188 καὶ

1991 5227 2218 5286 δικαίως
2245 5228 2338 5278 καὶ
2370 5227 2514 5294 κατὰ
2540 5225 2768 5298 γνώμην
2797 5230 2896 5299 σὴν
2921 5231 3288 5300 γεγενημένον
3334 5228 3552 5300 βασιλέα

1991 5317 2086 5371 νῦν
2122 5319 2545 5386 ἀπελαύνεσθαι,
2584 5321 2680 5375 καὶ
2718 5321 2890 5376 ταῦτα
2936 5324 3022 5376 ἐπ’
3072 5324 3300 5394 οὐδεμιᾷ
3343 5321 3555 5392 προφά·

1992 5424 2098 5476 σει,
2140 5411 2242 5464 ποῦ
2289 5411 2529 5474 δίκαιονς
2572 5413 2755 5484 ῆπῶς
2804 5415 2906 5468 οὐκ
2951 5415 3016 5468 ἂν
3047 5415 3364 5516 νομισθείην
3408 5415 3554 5481 ἄξιος

1991 5499 2204 5552 πολλῶν
2238 5501 2544 5569 κεραυνῶν,
2569 5502 2663 5554 ἐπὶ
2701 5503 2929 5574 τοιαύτῃ
2977 5499 3295 5575 παρανομίᾳ.
3332 5503 3552 5558 σιωπῶν

1990 5591 2188 5656 αύτός;
2225 5591 2323 5643 aa
2381 5593 2538 5645 τοῦτο
2599 5593 2692 5646 σοῦ
2732 5595 2822 5646 καὶ
2869 5590 3246 5667 αὗθις-δέομαι
3293 5597 3430 5667 πρὸς
3459 5595 3554 5665 τῆς

1565 5706 1783 5768 Jacobi
1825 5707 2086 5769 Pontani
2117 5714 2303 5769 nota).

398 5803 508 5869 (93)
566 5804 677 5860 Hoc
727 5805 904 5875 ipsum
936 5822 1164 5862 narrans
1190 5805 1462 5877 Gregoras
1491 5806 1587 5860 lib.
1621 5821 1696 5877 ix,
1751 5820 1886 5860 con-

327 5873 660 5950 iurationem
720 5873 1045 5948 patriarcha:
1085 5887 1137 5934 et
1184 5873 1568 5946 cpiscottorum
1616 5875 1672 5930 in
1702 5877 1896 5944 .scnio.

1997 5823 2109 5862 rem
2141 5809 2525 5878 imperatorem
2550 5807 2849 5877 praemittit,
2879 5807 2933 5862 in
2959 5822 3121 5876 quam
3143 5807 3309 5878 etiam
3339 5807 3553 5863 nobiles

2004 5878 2346 5933 adduxerim.
2394 5877 2659 5934 Praeterea
2709 5879 3079 5940 natriarclnm
3166 5877 3337 5935 sacris
3387 5879 3554 5935 inter-

3813 4838 3816 4892 Ι

3813 5032 3815 5069 |

3812 5122 3813 5170 l

3813 5199 3816 5265 ν

3813 5378 3815 5446 l
