3918 6682
141 385 278 448 357

1362 377 1915 443 HISTORIABUM
1958 376 2200 437 LIBER
2240 377 2290 437 Ι.

3357 372 3462 436 35.8

155 497 355 550 Ἐπεὶ
392 499 451 550 δὲ
482 496 778 566 ἐπεγένετο
822 496 856 565 ἡ
889 496 1008 560 νὺξ,
1038 493 1386 563 ἀναστρέψας
1415 491 1508 560 ἀφ’
1542 485 1612 563 ἦς
1647 493 1770 544 Eno-

1890 487 1998 555 εει)
2049 487 2317 546 exercitui
2376 489 2444 544 ab
2493 487 2655 558 equis
2711 485 3072 550 descendere,
3125 485 3464 556 paulumque

145 587 378 658 ρεύετο
412 587 557 653 ὁδοῦ,
593 589 831 657 ἡλαυνεν
880 588 974 640 ἐπὶ
1016 585 1417 655 Θεσσαλονίκην
1467 584 1558 636 διά
1600 583 1772 652 Στρυ-

146 681 373 750 μόνος.
404 681 516 734 Καὶ
541 680 732 740 διαϐὰς
765 679 859 732 τὸν
891 679 1139 748 ποταμὸν
1186 669 1414 730 κατὰτὸ
1442 674 1776 744 Μαρμάριον

142 770 762 840 προσαγορευόμενον,
817 770 1015 838 μικρδν
1067 767 1324 821 ἐκέλευσε
1362 765 1462 835 τὴν
1500 764 1770 833 στρατιὰν

143 864 373 931 τυχεῖν
399 861 720 930 ἁναπαύλης
745 860 1098 924 καταϐάντας
1128 861 1236 913 ἀπο
1263 859 1372 911 τῶν
1401 857 1607 917 ἵππων,
1645 856 1778 908 ἀνα-

155 953 539 1022 παυσάμενοι
591 953 648 1006 δὲ
681 953 896 1022 εῐχοντο
949 952 1113 1005 πάλιν
1141 952 1243 1017 τῆς
1279 951 1452 1018 αὐτῆς
1491 948 1635 1010 ὁδοῦ,
1679 948 1775 1000 καὶ

155 1048 277 1114 τήν
316 1063 378 1097 τε
431 1043 696 1098 ἐπιοῦσαν
766 1045 864 1097 καὶ
917 1044 1017 1114 τὴν
1067 1043 1238 1096 νύκτα
1286 1043 1384 1113 τὴν
1439 1040 1556 1110 μετ’
1601 1040 1773 1109 αὐτὴν

155 1135 533 1198 ὁδεύσαντες,
568 1135 686 1203 ἅμα
727 1135 802 1206 ἒῳ
831 1135 975 1188 κατά
1002 1133 1102 1204 τὴν
1140 1134 1334 1205 τρίτην
1382 1128 1524 1203 ἦσαν
1555 1135 1612 1185 έν
1635 1133 1780 1200 Χορ-

156 1230 405 1281 ταίτου.
445 1228 524 1298 Τῇ
552 1227 858 1298 προτεραίᾳ
888 1227 944 1280 δὲ
974 1227 1166 1295 αὐτῆς,
1201 1226 1358 1296 φήμη
1394 1243 1481 1288 τις
1521 1224 1612 1278 διὰ
1639 1223 1778 1276 Θεσο

159 1322 484 1390 σαλονίκης
529 1319 694 1390 διῄει,
721 1319 820 1388 ιὼς
866 1318 1122 1390 βασιλεὺς
1151 1318 1180 1370 ὁ
1213 1317 1356 1380 νέος,
1403 1317 1465 1370 τό
1513 1333 1573 1368 τε
1610 1315 1777 1386 Ζίχνα

159 1407 302 1466 εἷλε
353 1411 745 1482 προχωρῆσαν,
791 1409 886 1463 καὶ
921 1411 1002 1470 είς
1041 1410 1220 1477 Φερὰς
1250 1407 1422 1462 ιλθὼν
1461 1408 1562 1476 τὴν
1591 1409 1654 1460 έκ
1679 1407 1780 1476 τῆς

162 1503 441 1574 ἑσπέρας
483 1501 744 1572 στρατιὰν
789 1501 906 1570 ἅμα
945 1502 988 1553 Τ
995 1499 1271 1571 ριϐαλλοῖς
1313 1500 1427 1560 τοῖς
1463 1497 1780 1567 συμμάχοις

170 1595 627 1663 ἔγγατέκλεισεν
685 1595 838 1655 ἐντὸς
873 1593 1096 1662 τειχῶν,
1151 1591 1286 1662 μηδὲ
1324 1589 1782 1661 ἀντοφθαλμῆσαι

165 1686 555 1757 δυνηθένταςο
599 1684 906 1749 ἀναζεύξας
940 1684 996 1736 δὲ
1051 1683 1215 1737 πάλιν
1242 1686 1323 1747 είς
1353 1683 1541 1752 Ζίχνα,
1590 1683 1682 1736 τόν
1719 1699 1780 1736 τε

170 1776 696 1850 Μρακοιμὼμενον
731 1776 1092 1846 ’Δπόκαυχον,
1125 1777 1218 1829 καὶ
1265 1776 1502 1840 Ἀλέξιον
1529 1775 1621 1828 τὸν
1667 1776 1781 1828 ηα-

1879 581 2230 648 requiescere
2286 583 2574 652 praecepit.
2623 580 2726 637 Ubi
2768 581 3188 650 requieverunt,
3239 595 3461 633 rursum

1881 669 2040 740 165
2085 679 2267 739 erepto
2305 671 2576 725 instantes
2632 671 2846 736 itineri,
2881 669 3240 738 sequentique
3273 669 3362 723 die
3401 685 3466 723 ac

1880 775 2041 815 nocte
2107 769 2424 830 pergentes,
2478 761 2639 816 tertia
2708 761 2832 816 luce
2893 761 3142 815 diluculo
3199 760 3463 816 Chortseti

1881 850 2129 907 luerunt.
2190 853 2376 924 Pridie
2405 863 2589 908 autem
2643 868 2830 907 rumor
2882 869 2978 922 per
3018 852 3465 908 Thessalonicam

1878 943 2199 1010 distulerat,
2253 945 2646 1014 imperatorem
2681 945 2958 1014 juniorcm
2995 955 3052 999 et
3090 946 3354 1000 Zichnam
3407 961 3468 1000 se

1881 1035 2175 1091 dedentem
2213 1037 2526 1106 recepisse;
2563 1047 2618 1090 et
2659 1038 2868 1092 Pheras
2918 1053 3042 1091 cum
3094 1021 3466 1103 ailventassrt,

1881 1128 2254 1182 occidentales
2313 1128 2518 1196 cepias,
2577 1145 2701 1182 cum
2777 1128 3149 1182 'l‘riballorum
3219 1129 3468 1183 subsidio

1884 1236 2075 1274 muros
2107 1221 2468 1278 conclusisse.
2501 1237 2623 1290 quce
2655 1235 2755 1276 nec
2796 1234 3082 1289 aspectum
3133 1223 3250 1290 ejus
3305 1222 3441 1277 susti

1885 1313 2178 1378 nuissmt;
2213 1327 2492 1366 reversum
2530 1312 2817 1374 Zichnam,
2855 1312 3250 1381 Apocauchum
3291 1328 3321 1366 a
3374 1329 3472 1367 cu-

1884 1404 2109 1469 biculis,
2158 1412 2215 1460 et
2263 1404 2516 1460 Alexium
2572 1405 2937 1474 Palatologum
2995 1421 3062 1459 eo
3098 1405 3353 1469 misisse;
3413 1404 3470 1459 in

1882 1500 2121 1566 speciem
2157 1497 2408 1566 quidem,
2464 1505 2524 1551 ut
2575 1497 2640 1551 ad
2695 1498 3012 1566 praeit-ctum
3065 1495 3471 1550 Thessalonica:

1881 1589 2197 1645 Clitumnum
2255 1606 2516 1659 magnum
2575 1591 3105 1660 stratopedarcham,
3158 1600 3213 1644 et
3267 1599 3473 1644 metro-

1882 1683 2190 1754 politanum
2229 1683 2475 1754 legatos,
2510 1685 2688 1754 reipsa
2725 1692 2785 1738 ut
2820 1699 2946 1739 cum
2975 1698 3199 1737 suarum
3231 1683 3470 1752 partium

1883 1771 2152 1826 studiosis
2203 1772 2608 1830 clandestinum
2667 1785 2920 1828 sererent
2970 1774 3310 1842 colloquium
3342 1814 3354 1834 .
3391 1775 3470 1827 si-

166 1871 474 1936 λαιολὸγον
503 1869 796 1938 πέπομφεν
835 1867 1097 1931 ἐνταῦθα,
1125 1868 1400 1938 πρόφασιν
1427 1867 1524 1938 μὲν
1550 1867 1623 1930 ὠς
1647 1866 1784 1937 πρὸς

1890 1863 2112 1932 mulque
2146 1864 2566 1932 specularentur
2620 1875 2875 1932 possetne
2906 1866 3009 1920 sub
3043 1866 3308 1924 ditionem
3345 1869 3474 1922 sub-

169 1965 286 2016 τον
322 1960 756 2032 ἐπιτροπεύοντα
803 1959 1212 2028 Θεσσαλονίκης
1261 1960 1436 2030 μέγαν
1481 1974 1784 2029 στρατοπε-

171 2055 408 2126 δάρχην
437 2055 529 2108 τὸν
553 2053 823 2124 Χούμνον,
845 2054 940 2106 ml.
969 2053 1060 2105 τὸν
1089 2053 1498 2124 μητροπολίτην
1524 2054 1786 2122 διαπρεσο

182 2148 562 2218 δευομένους.
601 2145 686 2217 Τῇ
727 2146 770 2199 δ’
790 2145 1022 2216 ἀληθεία
1039 2149 1152 2210 τοῖς
1181 2148 1251 2199 τά
1274 2145 1455 2199 αὐτῶν
1480 2145 1784 2216 πράττουσι

179 2237 387 2308 κρύφα.
414 2237 852 2306 διαλεξομένους,
891 2238 983 2292 καὶ
1013 2236 1130 2307 ἅμα
1155 2237 1705 2299 κατασκοπεύσοντας
1737 2237 1786 2288 εί

185 2330 647 2401 Θεασσαλονίκην
673 2330 1060 2398 ὑπαγαγέσθαι
1097 2328 1344 2382 δυνατόν.
1372 2327 1532 2399 Παρά
1561 2327 1661 2398 μὲν
1694 2327 1786 2381 οὖν

188 2425 303 2493 τῆς
336 2424 524 2494 φήμης
546 2423 773 2476 τοιαῦτα
791 2423 1180 2493 διεθρυλλεῖτο.
1205 2421 1380 2477 Πολλά
1403 2422 1459 2474 δὲ
1490 2421 1787 2490 ἀνερευνή·

193 2531 307 2579 σας
329 2517 356 2568 ὁ
401 2511 674 2584 Χοῡμνος,
704 2512 844 2566 ὥστε
879 2514 972 2566 τὸν
1006 2513 1422 2582 ἀπαγγείλαντα
1461 2514 1528 2566 τά
1561 2513 1788 2566 τοιαῦτα

194 2607 470 2677 ἐξευρεῖν,
505 2609 606 2660 οὐκ
633 2605 899 2678 ἠδυνήθη.
931 2606 1122 2676 Ὅμως
1167 2605 1222 2658 δὲ
1265 2606 1442 2658 ἐδόκει
1488 2604 1788 2658 λυσιτελεῖν

201 2697 362 2764 αὐτῷ
416 2713 474 2750 τε
523 2697 621 2752 καὶ
677 2696 1072 2768 μητροπολίτῃ.
1125 2699 1206 2762 είς
1236 2697 1334 2768 τὴν
1383 2697 1675 2768 ὑστεραίαν
1708 2699 1787 2759 εἰς

200 2789 534 2859 Χορταίτου,
571 2790 662 2844 τὸν
683 2790 1085 2862 μητροπολίτην
1113 2790 1452 2856 ἐλθόντα,τόν
1473 2809 1528 2844 τε
1558 2793 1790 2846 Παλαιο-

198 2882 366 2950 λόγον
379 2881 620 2949 Ἀλέξιον
649 2885 742 2937 καί
765 2883 853 2936 τὸν
877 2882 1486 2954 παρακοιμώμενονβὸν
1515 2885 1790 2938 Ἀπόκαυ-

203 2991 331 3044 χον,
365 2974 479 3042 εἴγε
503 2975 680 3046 ἀληθῆ
707 2976 774 3031 τὰ
807 2977 937 3048 περὶ
979 2975 1160 3030 αὐτῶν
1189 2975 1646 3048 διαθρυλληθέντα
1680 2978 1786 3046 εἴη,

203 3066 289 3129 ὡς
312 3067 534 3136 βασιλέα
555 3069 916 3139 ἀναστρέφειν
941 3068 1207 3134 κελεύειν,
1237 3068 1310 3132 ὡς
1343 3070 1404 3121 οὐ
1431 3068 1790 3140 συγχωρηοη-

125 3168 144 3180 ⁵
219 3159 463 3229 σομένης
505 3161 690 3223 αὐτοῖς
720 3161 820 3231 τῆς
860 3162 939 3224 είς
994 3161 1400 3232 Θεσσαλονίκην
1454 3162 1684 3215 εἰσόδου.
1728 3163 1788 3214 Εἰ

204 3250 252 3302 δ’
302 3251 576 3304 ἀπειθοῖεν
601 3255 694 3304 καὶ
731 3253 1004 3322 βιάζοιντο
1049 3254 1148 3323 τὴν
1185 3255 1391 3324 ἄφιξιν,
1446 3270 1787 3324 προαναφω-

209 3347 324 3397 νεῖν
340 3345 547 3408 αὺτοῖς,
579 3343 653 3408 ὡς
681 3345 1066 3416 εἱρχθήσονται
1095 3347 1548 3409 ἐπιθουλεύοντες
1579 3347 1785 3409 αὐτοῖς,

211 3438 312 3489 καὶ
341 3436 654 3506 βουλόμενοι
689 3437 1091 3508 Θεσσαλονίκην
1133 3439 1443 3509 ἀποστῆσαι
1499 3439 1786 3510 βασιλέως.

214 3527 455 3580 Τοιαῦτα
483 3529 532 3579 ot
565 3526 664 3598 μὲν
692 3531 823 3598 περὶ
855 3528 963 3581 τῶν
992 3529 1366 3584 ἀκουσθέντων
1397 3530 1790 3584 ἐϐουλεύσαντο

213 3619 494 3688 πράττειν.
532 3620 682 3690 Ἀμα
708 3620 765 3674 δὲ
799 3621 874 3690 ἕῳ
894 3623 972 3684 είς
995 3623 1094 3692 τὴν
1124 3625 1387 3677 ἐπιοῦσαν
1412 3624 1439 3676 ὁ
1459 3624 1792 3694 μητροπολί-

211 3727 316 3779 της
351 3712 448 3783 μὲν
487 3713 627 3766 κατά
671 3714 732 3767 τὸ
765 3714 1042 3784 σύνθημα,
1073 3715 1174 3785 τὴν
1230 3717 1310 3779 εἰς
1337 3717 1643 3787 Χορταίτου
1676 3717 1786 3788 ᾔει,

212 3805 241 3854 ὁ
269 3802 323 3854 δὲ
353 3820 414 3871 γε
438 3802 689 3874 Χοῦμνος
717 3804 834 3876 ἅμα
860 3808 973 3868 τοῖς
1026 3807 1164 3876 ἀμφ’
1192 3807 1373 3870 αὐτὸν,
1399 3806 1499 3876 τῆς
1523 3825 1792 3876 προσαγο-

213 3896 510 3965 ρευομένης
543 3896 652 3948 τῶν
692 3897 1024 3967 Ἀσωμάτων
1058 3897 1234 3968 πύλης
1279 3897 1531 3963 ἐξελθὼν,
1567 3898 1597 3953 ὃ
1641 3915 1692 3952 τι
1723 3899 1790 3952 ἂν

213 3987 450 4059 ἀποϐαίη
489 3987 677 4042 ἵστατο
703 3989 1060 4056 ἀποσκοπῶν,
1089 3991 1186 4043 καὶ
1212 3993 1244 4061 ὴ
1272 3990 1425 4054 πόλις
1459 3991 1608 4045 πᾶσα
1633 3989 1791 4060 μετέ-

215 4093 356 4147 ωρος
406 4079 542 4149 πρὸς
590 4079 690 4144 τὰς
744 4079 930 4151 φήμας
955 4075 1044 4152 ἦν.
1089 4081 1212 4141 Τοῖς
1244 4081 1429 4150 μέντοι
1459 4081 1676 4135 δοκοῦσι
1722 4083 1791 4136 τὰ

221 4169 481 4240 βασιλέως
506 4172 600 4224 τοῦ
635 4172 754 4226 νέου
787 4175 1076 4245 πράττειν,
1111 4177 1408 4247 πρεείρητο
1442 4179 1579 4248 μήτε
1603 4179 1790 4242 ὅπλοις

201 4266 353 4334 μήτε
374 4264 558 4328 ἵπποις
579 4265 839 4335 χρῆσθαι,
859 4266 973 4319 ἀλλ’
1001 4266 1032 4336 ἢ
1061 4267 1231 4331 οἴκοις
1262 4269 1615 4340 διατρίϐεινῆ
1651 4271 1788 4341 πεζῇ

219 4355 316 4407 καὶ
346 4355 522 4409 ὃπλων
557 4359 804 4426 προϊέναι
847 4358 1036 4428 χωρίς.
1070 4359 1202 4413 Τότε
1234 4360 1289 4414 δὲ
1317 4361 1409 4412 καὶ
1454 4363 1634 4426 αὐτοὶ,
1666 4349 1792 4414 tua).

217 4446 556 4517 πανταχόθεν
617 4450 686 4501 τὰ
744 4449 1014 4518 βασιλέως
1076 4450 1461 4523 διεθρυλλεῐτο,
1519 4455 1615 4507 ἐπὶ
1678 4457 1784 4508 τῶν

1879 1955 2034 2026 jungi
2067 1957 2286 2011 civitas.
2323 1957 2444 2011 llaec
2488 1956 2715 2026 quidem
2772 1957 2917 2013 fama
2953 1944 3473 2028 di~semiuabatnf;

1884 2049 2045 2119 cujus
2101 2058 2387 2105 auctorem
2439 2051 2748 2116 Chumnus,
2802 2053 3019 2106 tametsi
3075 2053 3242 2108 multa
3294 2054 3475 2123 inqui-

1883 2140 2086 2196 sitione
2154 2142 2422 2207 adhibita,
2469 2143 2720 2198 invenire
2779 2159 2889 2196 non
2936 2144 3134 2213 potuit.
3178 2145 3475 2200 Nihilomi-

1885 2244 1993 2284 nus
2043 2246 2109 2285 ex
2164 2247 2222 2286 re
2260 2247 2358 2286 sua
2390 2241 2447 2288 et
2488 2233 2902 2304 metropolitani
2944 2234 3192 2288 futurum
3231 2236 3474 2302 censuit,

1890 2320 1937 2375 si
1979 2321 2070 2376 ille
2100 2331 2328 2392 postero
2381 2323 2469 2379 dic
2508 2324 2848 2380 Charta-tum
2884 2325 3186 2396 profectus,
3223 2327 3475 2383 Alcaium

1889 2413 2254 2485 Palaeologum
2287 2425 2345 2472 ct
2398 2417 2788 2487 Apocauchum
2828 2419 2913 2488 (si
2953 2435 3116 2474 verus
3139 2431 3282 2474 esset
3314 2421 3476 2474 dissi-

1890 2515 2052 2572 patus
2081 2507 2311 2577 rumor)
2345 2509 2410 2563 ad
2467 2510 2856 2580 imperatorem
2901 2512 3255 2569 retrocedere
3287 2513 3445 2568 horta

1893 2611 2078 2670 retur;
2113 2619 2220 2658 non
2268 2605 2416 2660 enim
2450 2607 2894 2662 Thessalonicam
2939 2608 3240 2663 admissum
3286 2610 3374 2664 iri.
3417 2610 3473 2665 Si

1894 2693 2237 2764 refragantes
2265 2712 2333 2752 eo
2363 2714 2580 2754 summa
2607 2701 2656 2754 vi
2681 2700 3107 2768 contenderent,
3130 2701 3473 2770 prtediceret,

1893 2792 2158 2856 tanquam
2220 2789 2596 2858 insidiatores,
2653 2801 2708 2847 et
2766 2794 2956 2847 urbem
3011 2793 3080 2847 ab
3142 2795 3475 2864 imperatore

1889 2892 2142 2934 avertere
2201 2881 2528 2945 studentes.
2583 2885 2638 2938 in
2697 2901 2973 2940 carcerem
3042 2886 3473 2942 contradendas.

1895 2971 2021 3027 llmc
2048 2972 2128 3028 illi
2160 2989 2330 3043 super
2360 2975 2568 3030 auditis
2604 2977 2788 3032 facere
2851 2979 2905 3033 in
2963 2978 3210 3033 animum
3240 2979 3475 3035 induxe-

1895 3075 2050 3120 runt.
2109 3066 2204 3120 Die
2233 3067 2432 3131 altero,
2471 3069 2590 3123 sole
2624 3070 2855 3134 recenti,
2915 3071 3378 3140 metropolitanus
3407 3089 3473 3127 ex

1841 3209 1856 3231 ,
1891 3158 2147 3212 condicto
2196 3158 2340 3212 viam
2385 3157 2726 3215 Chortaztum
2759 3175 2952 3214 versus
2976 3162 3241 3234 arripuit;
3274 3161 3468 3217 Chom-

1893 3263 1998 3304 nns
2026 3265 2150 3304 cum
2183 3251 2445 3305 comitatu
2483 3267 2582 3306 suo
2610 3263 2766 3322 porta
2806 3270 2929 3322 quae
2973 3255 3312 3323 Ἀσωμὰτων
3367 3256 3473 3328 [lu-

1893 3344 2314 3416 corporeorum]
2357 3354 2606 3410 vocatur,
2663 3362 2944 3416 egressus,
2987 3364 3172 3402 rerum
3213 3360 3472 3404 eventum

1893 3437 2243 3492 observabat.
2310 3440 2386 3493 Ac
2419 3449 2529 3492 tota
2570 3443 2704 3494 urbs
2731 3456 2760 3493 a
2793 3441 2934 3495 fama
2973 3443 3270 3511 pendebat.
3307 3445 3473 3498 (latte-

1891 3528 2012 3580 rdm
2047 3527 2113 3582 iis
2139 3528 2234 3599 qui
2269 3527 2340 3582 ab
2399 3529 2732 3600 imperatore
2771 3531 3102 3586 videbantur
3143 3549 3286 3599 esse,
3324 3534 3470 3589 indi-

1890 3628 2038 3672 ctum
2075 3630 2218 3679 erat.
2251 3635 2391 3676 neve
2422 3622 2621 3691 armis,
2649 3639 2787 3678 ncve
2825 3625 2986 3694 equis
3021 3635 3344 3692 uterentur;
3376 3629 3471 3682 sed

1889 3719 1984 3765 aut
2033 3711 2175 3766 intra
2211 3713 2453 3781 parietes
2482 3729 2539 3768 se
2573 3719 2962 3782 continerent,
2999 3728 3095 3771 aut
3130 3717 3250 3772 sine
3292 3719 3472 3788 equis,

1890 3819 1954 3859 ac
1984 3803 2103 3859 sine
2151 3806 2320 3860 armis
2369 3805 2422 3858 in
2476 3807 2752 3874 publicum
2790 3810 3091 3877 prodirent.
3126 3810 3231 3878 Qui
3257 3822 3313 3868 et
3346 3813 3473 3883 ipsi,

1891 3894 2339 3963 quandoquidem
2385 3897 2656 3952 adventus
2689 3898 3042 3967 imperatoris
3085 3903 3331 3958 oumium
3361 3920 3507 3960 ser--

1890 3983 2150 4037 monibus
2205 3985 2610 4051 celebrabatur,
2672 3989 2846 4041 muris
2903 4000 3072 4057 portae
3110 3995 3237 4060 ,Ῑτιιιι
3311 3994 3474 4050 dicta:

1889 4073 2232 4138 conscensis,
2281 4089 2465 4128 rerum
2523 4075 2729 4130 exitum
2771 4077 3013 4132 inermes
3052 4084 3470 4150 exsliectahant.

1890 4165 2233 4235 MetrOpolita
2267 4177 2325 4222 ut
2352 4166 2632 4224 Chortazto
2656 4170 3063 4241 propinquaviL
3097 4175 3470 4245 improvisiiin

1892 4257 2282 4326 imperatorem
2322 4259 2572 4315 incidens
2598 4261 2906 4332 obstupuit,
2941 4279 2997 4318 et
3030 4265 3472 4336 intempestivam

1891 4351 2284 4420 profectionem
2309 4367 2464 4405 suam
2497 4352 2790 4408 incusavit.
2825 4354 3107 4411 Salutatus
3134 4360 3203 4412 ab
3233 4361 3474 4431 impera-

1892 4452 2032 4509 tore,
2082 4443 2200 4513 ipse
2247 4447 2540 4514 repentino
2581 4447 2827 4515 pcricnlo
2865 4450 3182 4514 exterritus,
3221 4453 3473 4523 nihilque

217 4536 411 4606 τειχῶν
442 4537 538 4608 τῆς
571 4539 738 4610 αὐτῆς
769 4540 944 4611 πύλης
983 4542 1298 4606 ἀνελθόντες
1328 4544 1548 4598 ἀνοπλοι
1578 4544 1675 4612 τὴν
1703 4546 1786 4599 ἕκ-

1895 4536 2252 4617 respondens,
2289 4554 2454 4607 quam
2511 4539 2768 4594 celeriter
2828 4543 3029 4610 potuit,
3071 4559 3130 4597 se
3173 4545 3469 4613 proripuit,

225 4628 378 4680 ϐασιν
411 4631 736 4701 περιέμενον
781 4633 889 4685 τῶν
946 4634 1310 4705 πραγμάτων.
1357 4635 1416 4688 Ὀ
1459 4638 1641 4705 μέντοι
1678 4656 1787 4708 μη-

224 4719 564 4790 τροπολίτης,
593 4723 713 4774 ἐπεὶ
741 4723 909 4792 ἐγγὺς
930 4726 1146 4792 ἐγένετο
1168 4727 1494 4796 Χορταίτου,
1527 4729 1792 4799 ἀπροσδο·

226 4813 401 4879 κήτως
424 4811 660 4882 ἐντυχὼν
684 4813 760 4882 τῷ
790 4817 895 4884 νέῳ
926 4812 1156 4883 βασιλεῖ,
1190 4817 1563 4888 ὲξεπέπληκτό
1592 4835 1647 4870 τε
1697 4820 1792 4872 καὶ

225 4903 320 4969 τῆς
341 4903 574 4970 ἀφίξεως
598 4907 983 4976 κατεμέμφετο
998 4907 1094 4977 τὴν
1113 4909 1388 4980 ἀκαιρίαν.
1409 4909 1786 4980 Προσαγορεύο

231 5013 374 5059 οντος
403 4997 456 5050 δὲ
490 4998 653 5053 αὐτὸν
675 4999 961 5070 βασιλέως,
993 5003 1151 5066 αὐτὸς
1183 5005 1315 5072 πρὸς
1344 5004 1434 5056 τον
1461 5007 1524 5056 ἐκ
1551 5003 1645 5056 τοῦ
1667 5007 1791 5074 αἰφ-

241 5088 397 5142 νιδίου
448 5091 693 5142 κίνδυνον
746 5090 1090 5161 θορυϐηθεὶς,
1145 5093 1280 5162 μηδὲ
1330 5095 1788 5164 ἀντιπροσειπὼν,

232 5180 452 5250 ἧλαυνεν
483 5181 559 5244 ὡς
593 5176 706 5251 εἶχε
735 5183 934 5253 τάχους
965 5183 1102 5252 πρὸς
1139 5183 1238 5256 τὴν
1269 5185 1443 5252 πόλιν,
1477 5186 1575 5256 τὴν
1604 5186 1792 5254 ἔφοδον

240 5270 480 5342 μηνύσων
519 5272 808 5340 βασιλέως.
858 5274 1057 5326 Εἵπετο
1104 5273 1148 5328 δ’
1191 5275 1340 5345 αὐτῷ
1371 5293 1460 5329 και
1485 5278 1512 5329 ὁ
1537 5277 1794 5347 βασιλεὺς

239 5361 617 5432 συντονώτερον
647 5363 876 5433 βαδίζων
923 5379 940 5394 ⁸
971 5364 1022 5417 οἱ
1069 5364 1124 5417 δὲ
1152 5366 1221 5419 τὰ
1249 5365 1413 5438 αὑτοῦ
1465 5369 1640 5438 πράττ
1660 5386 1797 5432 ,ντες

233 5454 338 5514 τοῖς
377 5452 612 5522 τείχεσιν
656 5455 982 5521 ἐφεστῶτες,
1034 5457 1157 5508 ἐπεὶ
1216 5458 1323 5510 ἀπο
1374 5434 1793 5530 τῶν-σημαιῶν

237 5539 469 5612 ῑγνωσαν
489 5541 711 5613 βασιλέα
736 5543 1142 5615 προσελαύνειν,
1165 5547 1645 5617 ἀναθαρσήσαντες
1676 5551 1796 5604 ἐπι-

1889 4631 2009 4700 ejus
2048 4630 2114 4684 ad
2148 4631 2342 4685 urbem
2376 4647 2658 4686 accessum
2697 4635 3072 4690 nuntiaturus.
3123 4636 3473 4706 Sequebatur

1898 4722 2060 4795 166
2121 4725 2464 4778 contentiore
2511 4741 2704 4794 gressu
2759 4728 3106 4796 imperator;
3142 4730 3300 4800 cujus
3353 4730 3473 4783 lao-

1897 4825 2046 4870 tores
2075 4814 2132 4869 in
2171 4815 2344 4868 muris
2377 4825 2639 4880 astantes,
2675 4828 2965 4886 postquam
2988 4834 3020 4872 e
3047 4819 3258 4874 vexillis
3291 4822 3469 4889 ipsum

1895 4905 2216 4975 adequitare
2247 4905 2582 4972 didicerunt,
2614 4919 2829 4978 sumpta
2874 4911 3124 4971 audacia,
3155 4914 3206 4964 in
3238 4927 3335 4967 eos
3373 4913 3469 4983 qui

1895 5007 2054 5053 extra
2112 5007 2324 5068 portant
2375 5008 2555 5063 erant,
2620 5000 3012 5068 lapidationem
3071 5002 3362 5058 faciebant.
3425 5006 3466 5059 li

1894 5092 2148 5147 hostibus
2203 5089 2336 5145 foris
2392 5091 2800 5161 ingruentibus.
2855 5105 2911 5149 et
2961 5098 3054 5164 qui
3111 5095 3260 5150 intus
3311 5111 3468 5176 erant

1894 5192 2082 5251 aperte
2162 5183 2408 5264 inimicis
2456 5194 2621 5254 atque
2679 5186 2916 5251 infestis,
2974 5187 3283 5244 nescientes
3335 5192 3468 5261 quid

1891 5283 2138 5343 agerent,
2170 5274 2317 5330 intro
2364 5290 2422 5330 se
2476 5275 2770 5345 recipiunt,
2806 5287 2992 5348 portas
3035 5279 3353 5339 occludunt.
3402 5283 3470 5339 Et

1891 5366 2020 5435 quia
2049 5365 2118 5420 de
2146 5381 2302 5420 umro
2317 5381 2445 5422 saxa
2470 5367 2803 5436 jacientibus
2834 5371 3093 5425 resistere
3126 5373 3463 5444 nequibant,

1892 5457 1948 5512 in
2000 5455 2182 5528 fugam
2233 5458 2512 5525 conversi,
2568 5474 2772 5522 arcem,
2811 5471 2869 5514 ut
2917 5461 3042 5516 inde
3083 5478 3140 5518 se
3170 5465 3468 5528 telensuri.

1893 5559 2166 5620 occupant
2226 5549 2362 5622 (99).
2427 5551 2554 5607 Arci
2613 5551 2879 5624 Georgius
2930 5554 3162 5628 Lyzicus
3214 5570 3468 5630 praeerat,

1451 5665 1666 5726 Jacobi
1703 5665 1968 5730 Pontani
2007 5671 2195 5726 noue.

309 5755 627 5834 ’Δκρᾴτεολιχ
669 5760 882 5834 duobus
951 5761 1133 5820 verbis
1213 5765 1489 5834 expressit
1562 5765 1791 5822 Latinus

240 5827 514 5898 poeta'th
553 5827 768 5886 .Eneid.
793 5850 810 5885 :

1975 5765 2108 5843 ljrbe
2133 5767 2242 5843 fuit
2275 5783 2482 5843 summa
2515 5767 2798 5843 Laurentis
2841 5772 2986 5843 regia
3015 5772 3148 5831 Pici.

1991 5837 2332 5907 Ἀκρόπολις,
2367 5841 2541 5909 inquit
2590 5837 3019 5915 Etytuologicon,
3047 5844 3341 5915 καρὸπολίς
3385 5862 3471 5912 τις
