3918 6598
613 418 716 481 317
1770 421 2096 494 JOANNIS
2127 420 2176 480 C

2281 421 2661 483 TACUZENI
3274 433 3284 445 ’
3714 429 3777 492 348

614 534 733 603 ipse
773 543 938 606 caput
966 534 1277 593 devoraret.
1331 533 1417 590 Ad
1452 534 1557 592 hoc
1593 535 1823 592 verbum
1873 537 2171 593 subridens

2277 535 2439 592 αὐτοῦ
2507 537 2666 591 πόλιν
2733 536 3041 607 περιποιεῖν
3109 532 3289 606 ἐαυτῷ
3336 534 3674 599 ἐξαπατῶντα
3718 547 3777 593 καὶ

612 621 710 679 ille
740 640 757 680 :
782 623 970 695 Atqui,
999 622 1201 690 Marce,
1230 624 1431 694 inquit,
1461 639 1572 689 non
1613 635 1699 682 est
1731 636 1791 682 ut
1824 627 1929 683 hoc
1963 629 2160 698 possit.

2278 628 2687 698 παραπείουντα
2728 628 2819 681 τὸν
2884 626 3278 700 προστυχόντα.
3329 624 3474 680 οὔτε
3530 625 3630 697 γὰρ
3672 629 3777 682 αὐτὸν

614 713 750 771 Nam
780 715 938 771 vivus
961 730 1141 770 meum
1175 715 1349 786 ipsius
1371 725 1538 786 caput
1560 717 1826 773 devorare
1856 734 2097 787 nequeo,
2120 726 2176 775 et

2276 717 2497 773 δυνατὸν
2523 719 2615 772 ἐπὶ
2639 718 2700 774 τὸ
2729 721 2905 789 τεῖχος
2936 717 3129 783 ἐλθεῖν,
3166 714 3282 771 οὔτ’
3318 716 3470 786 αὐτῷ
3497 716 3594 787 τὴν
3636 720 3776 773 εἴσοδον

615 810 868 857 mortuus
919 805 1102 858 multo
1150 806 1331 859 minus
1381 806 1637 874 quivere,
1685 816 1750 864 ut
1800 815 1852 864 te
1903 809 2176 875 utrimque

2279 811 2657 881 συγχωρῆσαι,
2710 810 2828 864 ἀλλ’
2858 809 2979 863 οὐδὲ
3043 810 3149 880 μὴν
3207 808 3299 862 τὸν
3357 808 3504 862 θεῖον
3557 809 3684 880 αὒτῷ
3722 814 3777 864 τδρ

613 892 908 947 mentitum
942 902 1228 963 appareat.
1253 896 1331 951 Ae
1364 896 1547 950 Marco
1574 897 1799 965 quidem
1835 897 2030 953 ludens
2052 899 2175 953 talia

2278 903 2584 973 Μαρκέσην.
2601 900 2917 967 ἀποστελεῖν
2939 901 3072 972 πρὸς
3100 902 3290 994 αὐτόν.
3319 900 3552 970 Πλησίον
3577 902 3629 955 δέ
3667 905 3775 956 αὑτοῦ

615 983 937 1051 respondit:
970 983 1194 1064 Μαι-σιω
1251 996 1436 1041 autem
1488 1002 1590 1064 suo
1631 988 1854 1042 nomine
1900 1004 2004 1044 avo
2061 988 2176 1045 hac

2280 993 2536 1063 Μαρούλη
2574 994 2668 1047 καὶ
2697 994 2921 1064 Μάρκος
2943 1009 3025 1058 τις
3044 983 3419 1063 Κᾶσαλλάριος
3444 993 3775 1062 ὡνομασμὲπς,

615 1073 901 1130 referenda
955 1057 1108 1130 dedit
1136 1091 1151 1129 :
1178 1075 1333 1131 Scire
1367 1062 1537 1132 Deum
1585 1079 1788 1148 ipsum,
1821 1081 1964 1135 scire
2009 1081 2176 1135 etiam

2278 1088 2306 1139 6
2333 1057 2709 1154 Καὸαλλαρίου
2741 1057 2836 1137 τοῦ
2869 1084 3048 1152 Βάρδα
3102 1057 3322 1149 ἑστὼς(
3350 1085 3417 1136 ἐκ
3465 1057 3572 1137 τῶν
3613 1057 3775 1139 niuatis

613 1177 699 1226 se,
732 1164 879 1233 quod
931 1181 1021 1234 res
1055 1166 1189 1235 ipsa:
1225 1176 1518 1234 testentur,
1548 1169 1686 1224 nihil
1730 1186 1788 1226 se
1834 1170 2001 1226 studii
2065 1171 2176 1226 ala-

2276 1177 2371 1231 τοῦ
2392 1175 2762 1247 πρεσϐυτέρου
2810 1174 3074 1246 βασιλέως
3122 1172 3222 1239 ὢν,
3281 1176 3491 1236 σκαιῶς
3542 1177 3627 1228 καὶ
3668 1177 3776 1230 ἀππ-

612 1254 939 1325 critatisque
965 1257 1031 1311 ad
1068 1273 1132 1312 ea
1174 1275 1295 1328 qua!
1328 1260 1415 1314 ille
1446 1261 1780 1324 mandasset.
1809 1262 2025 1333 sibique
2061 1264 2176 1332 pla-

2277 1266 2479 1331 δεύτως
2539 1269 2691 1337 πρὸς
2732 1267 2955 1336 βασιλέα
2996 1265 3087 1319 τὸν
3146 1266 3267 1320 νέον
3315 1260 3493 1331 εἶπεν,
3544 1267 3774 1338 ἀποχωρεῖν

612 1363 739 1401 cere
765 1348 1120 1415 ostendisset,
1157 1354 1504 1422 exsequenda
1548 1355 1991 1424 praetermisisse.
2022 1356 2176 1428 159

2278 1358 2388 1411 τῶν
2421 1357 2650 1422 ἐνθένδε,
2685 1359 2815 1428 πρὶν
2846 1356 3261 1428 κατεδηδοκέναι
3287 1357 3387 1428 τὴν
3454 1358 3674 1427 κεφαλὴν
3714 1358 3775 1430 τὴν

612 1438 969 1496 Existimasse
995 1457 1159 1511 porro
1185 1459 1310 1498 eum
1341 1460 1561 1513 quoque
1586 1449 1703 1502 haec
1729 1463 1840 1515 pra:
1867 1448 1992 1502 aliis
2013 1448 2176 1513 scire,

2279 1449 2496 1505 ἐαυτοῦ.
2546 1436 2676 1503 Ἡδὺ
2716 1451 2773 1502 δὲ
2803 1449 3035 1518 γελάσας
3072 1451 3101 1503 6
3128 1449 3385 1519 βασιλεὺς
3423 1450 3516 1502 ἐπὶ
3544 1449 3615 1520 τῷ
3659 1451 3771 1520 λόγῳ,

613 1538 673 1583 ut
700 1532 1008 1600 Oportebat.
1039 1533 1146 1589 Sed
1182 1537 1441 1605 quoniam
1472 1537 1736 1594 daemonis
1767 1541 1999 1612 alicujus
2040 1542 2176 1598 invi-

2294 1539 2435 1592 Ἀλλ’
2464 1541 2563 1592 οὐκ
2594 1541 2658 1593 ἂν
2689 1538 2775 1608 εῐη
2827 1540 3071 1603 δυνατὸν,
3105 1537 3278 1607 εἶπεν,
3319 1535 3617 1612 ὦτΜάρκε,
3652 1542 3770 1598 τοῦτο.

615 1622 705 1677 dia
736 1624 809 1677 ita
840 1637 1220 1696 comparatum
1249 1630 1346 1694 sit.
1390 1640 1450 1686 ut
1483 1632 1686 1687 amoris
1718 1642 1884 1703 atque
1916 1635 2176 1691 obedien-

2280 1632 2400 1687 Ζῶν
2448 1650 2505 1686 τε
2539 1633 2648 1703 γάρ
2686 1635 2785 1687 οὐκ
2817 1635 2883 1685 ἂν
2922 1635 3302 1704 καταφάγοιμι
3336 1633 3440 1703 τὴν
3501 1633 3627 1687 ίδίαν
3655 1651 3770 1702 2:91-

615 1713 656 1765 ti
676 1733 705 1761 ι·
749 1716 985 1771 antehac
1036 1733 1150 1773 sua:
1200 1734 1327 1789 erga
1390 1721 1569 1791 ipsum
1623 1734 1944 1793 argumenta
1999 1725 2176 1780 ventis

2280 1723 2402 1795 λήν.
2443 1724 2552 1778 Καὶ
2599 1723 2935 1778 ἀποθανόντα
2983 1724 3186 1793 ὁμοίως
3229 1721 3631 1792 ἀδυνατώτερον
3668 1722 3771 1775 τοῦτο

618 1805 923 1874 tradiderit,
962 1811 1426 1882 sycophantisque
1492 1828 1556 1869 ac
1583 1814 1815 1883 perditis
1856 1815 2176 1872 hominibus

2282 1814 2545 1886 πράττειν
2571 1830 2588 1846 ο
2618 1815 2757 1870 ὥστε
2799 1831 2858 1867 σε
2907 1814 3233 1883 συμὸαίνειν
3285 1812 3385 1869 καὶ
3435 1812 3769 1883 ἀμφοτέρωθεν

614 1899 934 1954 auscultans
978 1902 1172 1970 (multa
1219 1904 1376 1973 prius
1408 1904 1704 1960 adversum
1748 1922 1807 1961 se
1857 1908 2173 1974 meditatus,

2280 1906 2564 1977 ἐψεῦσθαι.
2608 1907 2752 1977 Πρὸς
2819 1907 2917 1977 μὲν
2979 1901 3073 1961 οὖν
3135 1905 3362 1976 Μάρκον
3417 1903 3633 1957 τοιαῦτα
3688 1906 3769 1957 πεξ-

614 1989 993 2062 iusidioseque
1034 1994 1280 2057 molitus.
1312 2004 1374 2051 ut
1411 2005 1598 2079 patea't
1625 2013 1696 2053 ex
1741 1998 2061 2071 interceptis
2092 2001 2176 2055 lit-

2279 2001 2389 2067 ζων
2475 2000 2702 2071 εἴρηκεν
2772 1999 2801 2052 6
2877 1998 3173 2068 βασιλεὺς.
3242 1996 3335 2050 τδν
3414 1995 3685 2065 Μαρούλην
3737 1995 3770 2047 δὲ

614 2081 772 2143 teris,
804 2097 942 2151 quas
976 2098 1076 2153 per
1115 2085 1408 2158 episcOpos
1443 2099 1787 2146 revertentes
1828 2091 1910 2145 illi
1943 2092 2176 2163 miserit)

2278 2092 2531 2147 ἐκέλευεν
2566 2093 2641 2155 ὡς
2674 2089 2734 2155 ἐξ
2777 2090 2940 2143 αὐτοῦ
2989 2089 3217 2161 τοιαῦτα
3267 2086 3627 2157 ἀπαγγέλλειν
3672 2084 3768 2157 βιαι-

612 2169 814 2225 bellum
849 2176 1154 2242 renovarit;
1186 2186 1392 2234 etcum
1421 2196 1563 2251 sa'pe
1584 2183 1933 2254 multumque
1955 2201 2176 2257 rogans,

2278 2179 2381 2245 λετ,
2414 2179 2502 2243 Ὠς
2528 2180 2689 2244 αὐτὸς
2717 2179 2785 2234 ἂν
2814 2180 2980 2250 εἰδείη
3008 2178 3161 2246 Θεὸς,
3184 2172 3301 2231 οἶδα
3328 2176 3390 2230 δὲ
3423 2178 3515 2231 καὶ
3535 2176 3689 2239 αὐτὸς,
3713 2178 3769 2227 καὶ

612 2261 695 2314 uti
727 2277 918 2332 pacem
953 2267 1254 2337 acciperet,
1287 2285 1398 2326 non
1427 2271 1760 2343 impetrarit,
1790 2286 1846 2330 et
1879 2293 2026 2334 nunc
2051 2295 2176 2335 cum

2279 2272 2458 2326 αὐτῶν
2500 2273 2622 2342 ἐμοὶ
2669 2271 3285 2342 συκιεπιμαρτυρούντων
3323 2271 3436 2324 τῶν
3481 2269 3765 2339 πραγμάτων,

608 2350 722 2408 huc
758 2357 1005 2425 veniens,
1045 2376 1222 2428 genua
1258 2363 1378 2432 eius
1410 2366 1695 2434 amplexus
1739 2367 1833 2432 sit,
1877 2378 1933 2423 et
1981 2380 2039 2425 ut
2074 2388 2176 2443 pax

2278 2359 2353 2424 ὡς
2385 2360 2536 2413 οὐδὲν
2577 2360 2824 2413 ἐνέλιπον
2878 2358 3191 2430 προθυμίας
3224 2358 3349 2412 οὐδὲ
3373 2357 3607 2427 σπουδῆς
3647 2358 3706 2417 εἰς
3734 2357 3768 2407 ti

609 2447 1059 2516 constitueretur,
1092 2451 1229 2506 nihil
1276 2467 1385 2508 non
1422 2457 1671 2519 teutarit,
1721 2458 1838 2528 ipse
1881 2471 2066 2518 tamen
2114 2480 2175 2521 se

2278 2452 2539 2523 πράττειν
2555 2450 2591 2505 ἃ
2619 2468 2677 2504 τε
2712 2450 3074 2517 προσέταττες
3096 2452 3189 2503 καὶ
3212 2445 3281 2522 ἦν
3313 2467 3399 2502 σοι
3430 2448 3568 2503 κατά
3590 2447 3765 2516 γνώμην,

608 2540 856 2591 nondum
890 2538 1137 2609 fregerit,
1171 2542 1267 2598 sed
1300 2545 1603 2613 supplicem
1631 2564 1689 2603 re
1720 2550 1920 2609 infecta
1950 2553 2177 2611 dimisev

612 2626 708 2690 rit.
766 2638 822 2684 et
867 2639 1125 2701 tanquam
1182 2650 1281 2691 vas
1334 2639 1530 2695 inutile
1579 2641 1862 2713 abjecerit,
1913 2663 2177 2719 spemque

611 2734 766 2774 suam
808 2721 864 2777 in
896 2724 1108 2793 pardali
1162 2727 1469 2797 collocarit,
1500 2747 1662 2802 quam
1704 2736 1936 2793 solutam
1982 2749 2175 2797 contra

612 2826 674 2866 se
720 2811 1030 2885 immiserit,
1067 2818 1192 2875 ideo
1235 2836 1424 2892 pacem
1466 2833 1522 2879 et
1570 2825 1716 2882 dicta
1763 2838 1989 2900 propter
2028 2832 2176 2888 illam

558 2889 568 2900 ’
610 2918 959 2967 sacramenta
1003 2910 1115 2966 Deo
1144 2927 1203 2969 se
1235 2889 1596 2972 committere
1642 2889 1959 2991 (per-quem
1999 2923 2177 2996 jurata

614 2998 874 3070 religiose
918 3001 1103 3058 adhuc
1131 3007 1342 3077 servet)
1377 3017 1435 3063 et
1480 3024 1672 3066 omnes
1709 3027 1799 3068 res
1835 3028 1962 3071 suas
2000 3015 2056 3070 in
2090 3018 2179 3087 ju-

614 3096 761 3142 stum
788 3089 1034 3145 omnium
1054 3092 1296 3162 judicem
1330 3096 1561 3165 referre,
1586 3099 1812 3170 jamque
1843 3103 2175 3161 necessitate

2277 2544 2603 2613 ἐλογιζόμην
2659 2542 2703 2594 δ’
2746 2543 2830 2596 ὅτι
2859 2545 2954 2596 καὶ
2994 2543 3058 2596 σὺ
3095 2541 3299 2614 μᾶλλον
3349 2542 3420 2596 ἂν
3456 2541 3642 2610 είδείης
3680 2541 3766 2591 αὐτὰ

2276 2631 2387 2686 τῶν
2411 2632 2606 2699 ἄλλων,
2638 2631 2809 2704 ἐχρῆν
2844 2632 2974 2704 γάρ.
3018 2632 3173 2686 Ἐπεὶ
3200 2631 3249 2685 δ’
3268 2630 3415 2685 οὕτω
3443 2633 3511 2684 τά
3542 2631 3764 2701 πράγματι

2278 2723 2536 2795 φθονερός
2574 2741 2656 2787 τις
2688 2723 3054 2778 συνεσκεύασε
3086 2723 3320 2793 δαίμων,
3379 2725 3476 2777 καὶ
3523 2716 3594 2777 ὧν
3624 2721 3700 2792 μὲν
3733 2721 3765 2773 ὲν

2276 2817 2389 2877 τοῖς
2415 2810 2758 2884 παρασχόῦσι
2791 2816 3007 2886 καιροῖς
3031 2814 3243 2878 εὐνοίας
3271 2812 3390 2884 ἅμα
3416 2814 3512 2868 καὶ
3532 2812 3762 2872 εὐπειθείας

2275 2905 2377 2974 τῆς
2408 2905 2542 2976 πρὸς
2573 2906 2633 2959 σέ
2674 2905 3054 2976 ἐπιδέδειγμαι
3100 2905 3247 2976 ἔργῳ
3286 2904 3574 2967 ἐπελάθου,
3620 2901 3765 2971 «Myl»

2279 3013 2403 3061 ποις
2435 2997 2492 3051 δέ
2532 2997 2904 3067 συκοφάνταις
2936 3006 3032 3052 καὶ
3065 2998 3290 3068 φθόροις
3338 2997 3583 3058 πεισθεὶς
3606 2995 3760 3062 κεκίνηο

2277 3103 2379 3153 κας
2408 3087 2565 3151 αὖθις
2592 3090 2686 3143 τὸν
2721 3090 2956 3159 πόλεμον
2980 3092 3070 3144 τὸν
3108 3089 3248 3160 πρὸς
3300 3088 3406 3158 ἐμέ
3466 3086 3642 3161 (πολλά
3678 3086 3761 3153 πρί-

611 3178 972 3234 constrictum
1006 3182 1149 3238 bello
1179 3199 1401 3242 manum
1435 3188 1741 3259 implicare.
1769 3190 2058 3250 Conlldere
2092 3211 2176 3252 se-

2278 3196 2433 3251 τερον
2486 3180 2605 3263 καὶ,
2655 3180 3086 3252 βουλευσάμενος
3144 3174 3240 3236 καῖ
3299 3179 3630 3240 συσκευάσας
3687 3173 3763 3228 κατ’

550 3311 561 3315 -
614 3267 795 3352 ipsum
838 3289 1056 3344 quoque
1087 3279 1385 3334 amentiam
1413 3297 1567 3337 suam
1610 3284 1761 3340 brevi
1803 3290 2175 3356 cogniturum,

612 3371 670 3418 et
699 3381 765 3419 ex
796 3369 1011 3423 eventis
1036 3382 1476 3441 perspecturum.
1505 3392 1569 3431 ea
1591 3377 1821 3448 elegisse
1856 3395 1978 3449 quae
2003 3382 2178 3438 vitare

614 3455 672 3511 in
704 3458 915 3526 primis,
965 3476 1030 3515 ea
1074 3462 1363 3532 reliquisse
1406 3482 1528 3535 quae
1576 3476 1690 3522 toto
1720 3478 1942 3538 pectore
1983 3487 2178 3529 conse-

612 3548 754 3635 ctari
785 3551 1189 3623 complectique
1221 3556 1525 3613 debuisset.
1578 3558 1701 3615 liae
1743 3560 1891 3617 fatus
1923 3565 1993 3618 de
2030 3580 2177 3635 equo

614 3634 924 3701 descendit,
959 3651 1015 3696 et
1044 3645 1296 3711 quamvis
1339 3644 1622 3702 absentem
1654 3664 1836 3714 avum,
1891 3651 2000 3706 ritu
2045 3634 2182 3708 con-

614 3736 774 3782 sueto
806 3742 1102 3788 veneratus
1134 3744 1218 3790 est
1250 3753 1264 3789 :
1295 3751 1360 3792 ac
1384 3736 1620 3793 Marules
1654 3740 1882 3808 perinde
1916 3752 1975 3795 ut
2005 3744 2175 3812 prius,

612 3831 739 3870 cum
775 3819 993 3875 silentio
1030 3821 1099 3879 de
1135 3824 1409 3882 moenibus
1443 3838 1607 3897 caput
1645 3829 1706 3884 ei
1728 3830 2000 3886 submisit.
2043 3834 2179 3891 Aliis

611 3906 815 3964 deinde
850 3910 903 3964 in
943 3928 1100 3967 muro
1132 3916 1407 3972 stantibus
1454 3919 1728 3986 salutatis,
1761 3920 2051 3990 discessit;
2089 3940 2182 3979 ve-

610 3998 887 4071 niensque
950 3994 1293 4075 Selybriam,
1351 4010 1750 4080 rempublicam
1804 4028 1905 4068 suo
1965 4014 2178 4087 judicio

611 4088 890 4159 formavit,
924 4103 981 4150 et
1032 4097 1288 4167 praefecto
1336 4098 1539 4155 ibidem
1576 4100 1875 4171 declarato,
1922 4105 2180 4178 Didymo-

610 4182 819 4240 tichum
865 4186 1023 4254 abiit,
1074 4189 1268 4245 relicto
1305 4189 1566 4263 Selybrite
1609 4192 1942 4263 Apocaucho
1982 4213 2178 4270 magno

608 4273 974 4342 cubiculario,
1015 4288 1074 4333 ut
1098 4280 1144 4334 si
1175 4279 1306 4350 quid
1339 4297 1476 4351 opus
1502 4291 1649 4338 esset
1671 4289 1988 4344 securitatis
2013 4305 2177 4346 causa

612 4365 666 4420 id
700 4368 1083 4434 constitueret,
1114 4380 1170 4426 et
1202 4371 1266 4426 ad
1301 4388 1363 4428 se
1392 4373 1635 4441 veniret;
1674 4376 1820 4445 quod
1860 4380 1940 4434 cis
1975 4396 2176 4451 paucos

609 4455 729 4513 dies
767 4459 970 4514 factum
998 4470 1106 4517 est.
1143 4456 1431 4518 Exercitus
1462 4464 1530 4519 ad
1571 4464 2014 4537 Didymotichum
2044 4485 2177 4526 con-

2280 3271 2436 3343 ἐμοῦ,
2471 3272 2546 3336 ὡς
2577 3256 2792 3340 ἐγένετο
2818 3272 3124 3339 καταφανές
3155 3272 3282 3341 ἐμοὶ
3330 3273 3397 3327 ἐκ
3431 3273 3536 3325 τῶν
3594 3267 3761 3322 talari-

2277 3378 2386 3415 των
2431 3363 2797 3433 γραμμάτων,
2838 3362 2887 3416 ἀα
2905 3364 2999 3417 καὶ
3024 3362 3165 3432 μετά
3214 3363 3323 3416 τῶν
3353 3363 3493 3433 πρὸς
3522 3361 3613 3431 ἐμὲ
3638 3356 3761 3410 ἐλθόν·

2277 3470 2387 3508 των
2443 3454 2744 3525 ἀρχιερέων
2776 3453 3001 3524 ἔπεμψά
3031 3454 3160 3521 σοι),
3219 3454 3313 3508 καὶ
3360 3455 3532 3509 πολὶά
3575 3448 3761 3505 πολλάκις

2277 3546 2413 3618 ἐμοῦ
2473 3547 2773 3617 δεηθέντος·
2812 3547 2874 3602 οὐ
2925 3547 3237 3617 προσεδέξω
3295 3546 3399 3618 τὴν
3446 3545 3663 3617 είρήνην,
3703 3539 3760 3592 καὶ

2276 3640 2372 3694 νῦν
2411 3640 2659 3704 ἐλθόντος
2712 3640 2962 3694 ἐνταυθοῖ
3000 3641 3094 3696 καὶ
3122 3641 3435 3711 ἁπτομένου
3478 3657 3567 3693 σου
3593 3636 3680 3690 τῶν
3700 3648 3757 3699 το-

2275 3730 2472 3794 νάτων,
2507 3730 2605 3783 καὶ
2636 3729 2815 3784 πάντα
2844 3730 3178 3800 πράττοντος
3209 3729 3354 3784 ὥστε
3386 3729 3487 3801 τὴν
3514 3727 3699 3799 εἰρήνην
3716 3716 3759 3773 ti-

2275 3839 2384 3883 ναι,
2416 3821 2566 3875 οὐδὲν
2600 3821 2801 3891 μᾶλλον
2849 3822 3064 3892 ὑφῆκας
3098 3821 3200 3893 τῆς
3238 3822 3434 3894 ὀργῆς,
3483 3819 3588 3875 ἀλλ’
3613 3818 3759 3884 ἄκραι·

2274 3932 2365 3967 τον
2394 3913 2730 3984 ἀπεπέμψω,
2762 3913 2951 3985 ὥσπερ
2984 3931 3038 3968 τι
3075 3914 3270 3979 σκεῦος
3301 3913 3573 3986 ἄχρηστον
3598 3905 3757 3975 duom-

2273 4009 2402 4079 ψας.
2449 4008 2725 4070 Ἥλπικας
2763 4008 2808 4061 δ’
2856 4009 2949 4062 ἐπὶ
2975 4009 3075 4080 τὴν
3107 4007 3402 4079 δεδεμένην
3457 4003 3683 4075 πάρδαλιν
3718 3997 3756 4062 ἣν

2274 4098 2470 4163 ἐλυστις
2501 4100 2621 4154 κατ’
2646 4099 2806 4171 ἐμοῦ,
2840 4099 2949 4153 ἰδοὺ
2980 4100 3080 4172 τὴν
3119 4099 3218 4171 μὲν
3241 4100 3472 4172 είρήνην
3498 4098 3582 4151 καὶ
3601 4093 3699 4152 τοὺς
3714 4084 3755 4139 δι’

2274 4187 2445 4260 αὐτὴν
2482 4189 2893 4259 γεγενημένους
2958 4189 3156 4260 ὅρκους
3211 4189 3553 4259 παραδίδωμι
3587 4175 3753 4251 ﬁtﬁt."

2274 4280 2438 4343 αὐτὸς
2465 4281 2701 4351 εὐορκῶ,
2732 4281 2908 4335 πάντα
2933 4281 2990 4336 δέ
3030 4280 3110 4348 τῷ
3137 4280 3313 4336 πάντα
3344 4280 3564 4341 δικαίως
3584 4274 3753 4346 spliavit

2273 4371 2495 4436 ἀναθεὶς
2523 4374 2590 4428 τὰ
2637 4372 2759 4427 κατ’
2787 4373 2909 4444 ἐμὲ,
2944 4373 3264 4441 ἀναγκαίως
3292 4373 3391 4443 ἤδη
3433 4371 3560 4443 πρὸς
3607 4367 3676 4419 τὸν
3696 4361 3752 4413 1:6-

2272 4462 2440 4532 λεμον
2478 4465 2663 4535 χωρῶ.
2713 4464 2959 4519 Πέποιθα
3005 4464 3064 4518 δὲ
3111 4464 3187 4528 ὡς
3244 4463 3450 4532 ὁλίγου⁹
3476 4456 3754 4531 παρελθόντος

609 4551 820 4620 διηνεαή
848 4550 1060 4620 ju3sus.
1097 4551 1220 4607 Non
1267 4552 1342 4608 ita
1377 4555 1565 4610 multis
1608 4534 1912 4629 interiectis
1953 4559 2172 4631 diebus,

2279 4556 2491 4627 χρόνον,
2521 4557 2635 4612 οὐδ’
2670 4556 2836 4620 αὐτὸς
2864 4557 3155 4626 ἀγνοήσεις
3180 4557 3281 4629 την
3307 4556 3561 4611 ἀδουλίαν
3599 4552 3674 4619 τὴν
3695 4559 3751 4594 w-

610 4640 886 4709 quierant
915 4640 971 4696 in
1005 4641 1241 4697 Thracia
1262 4644 1539 4701 aﬂ'uerunt
1570 4662 1780 4714 omnes,
1798 4659 1953 4706 extra
1983 4650 2177 4711 Coma-

609 4744 807 4785 norum
844 4732 1009 4802 paulo
1041 4733 1223 4790 minus
1248 4735 1357 4791 duo
1390 4737 1579 4803 millia,
1610 4739 1704 4809 qui
1733 4756 1764 4796 e
1792 4740 2055 4800 Dalmatia
2078 4746 2179 4801 Mi-

610 4821 817 4905 chaelis
843 4822 1065 4879 secundi
1089 4833 1264 4881 castra
1288 4827 1461 4882 secuti
1490 4827 1724 4886 fuerant.
1774 4831 1971 4888 Edicto
2005 4835 2177 4905 impe-

611 4914 814 4969 ratoris
870 4915 1106 4970 senioris
1146 4915 1496 4974 Andronicus
1527 4919 1813 4990 Tornices,
1854 4932 1909 4978 et
1958 4924 2172 4981 Manuel

611 5004 860 5061 Lascaris
881 5005 1112 5062 Thracia
1147 5007 1308 5078 pulsi,
1334 5008 1388 5064 in
1418 5010 1611 5066 insulis
1633 5012 1864 5082 Lemno,
1887 5014 2069 5070 Thaso
2118 5027 2175 5072 et

609 5097 785 5153 Lesbo
802 5114 860 5154 se
874 5099 1295 5155 collocaveram.
1312 5101 1501 5157 Exsilii
1524 5103 1686 5175 hujus
1704 5120 1870 5161 causa
1889 5108 2174 5164 manifesta

609 5202 718 5241 non
745 5190 1012 5244 exstabat.
1038 5188 1355 5259 Ferebatur,
1377 5209 1471 5250 eos
1502 5211 1627 5250 eum
1654 5196 1981 5268 Scytharum
2005 5209 2176 5255 satra-

609 5279 695 5349 pis
716 5279 1055 5335 clandestina
1074 5280 1332 5338 habuisse
1361 5284 1653 5355 colloquia.
1689 5286 1768 5340 uti
1800 5286 1855 5341 in
1881 5285 2172 5343 Thraciam

608 5371 792 5439 copias
829 5372 1129 5438 mitterent,
1170 5390 1384 5445 unaque
1413 5389 1534 5429 cum
1571 5385 1770 5431 cztera
1810 5377 1992 5448 praeda
2026 5380 2174 5449 ipsos

608 5473 730 5514 cum
753 5460 1074 5533 coniugibus
1099 5464 1258 5536 160
1306 5476 1469 5536 atque
1488 5467 1679 5522 liberis
1702 5485 1758 5521 se
1780 5469 1887 5524 illis
1912 5469 2174 5527 dedentes

607 5566 794 5609 secum
825 5554 1373 5628 abducerent.llujus
1403 5559 1648 5614 criminis
1669 5560 1815 5615 nulla
1840 5573 1959 5617 erat
1978 5563 2176 5632 proba-

610 5646 707 5700 tio.
729 5644 907 5713 Quare
925 5648 1113 5719 juuior
1134 5650 1433 5721 imperator
1448 5666 1544 5708 eos
1565 5653 1758 5708 exsilio
1784 5654 2045 5710 multatos
2062 5673 2170 5710 non

610 5753 801 5807 parum
849 5738 1274 5811 indignabatur;
1310 5742 1520 5798 ferebat
1583 5753 1765 5799 tamen
1829 5745 2053 5812 tacitus,
2104 5762 2193 5801 ne.

606 5828 738 5900 quid
784 5830 855 5888 ab
899 5833 985 5890 ari
1029 5836 1301 5894 sententia
1341 5834 1656 5902 diecrepare
1683 5835 1978 5894 videretur.

2276 4649 2327 4703 νί
2356 4663 2372 4679 ⁶
2409 4647 2527 4703 ἀλλ’
2553 4650 2616 4701 ἐκ
2640 4647 2749 4700 τῶν
2784 4646 3130 4717 πραγμάτων
3166 4645 3345 4701 αὐτῶν
3375 4646 3584 4716 μαθήσῃ
3608 4633 3750 4705 σαφῶς.

2273 4741 2350 4807 ὡς
2377 4732 2450 4795 ὧν
2484 4739 2583 4810 μέν
2610 4738 2942 4810 ἀποσχέσθαι
3010 4738 3142 4806 ἔδει,
3170 4739 3361 4792 ’ταῦτα
3412 4735 3652 4810 προείλου,
3680 4722 3751 4779 ἀεὶ

2273 4834 2497 4905 ἔκρινας
2545 4831 2893 4895 καταλιπεῖν,
2941 4830 3150 4885 τούτων
3205 4826 3274 4901 ἦν
3347 4829 3551 4900 βέλτιον
3600 4815 3752 4890 (xeris:

2276 4908 2437 4978 παντὶ
2487 4925 2683 4978 σθένει.
2715 4923 2956 4977 Τοιαῦτα
3006 4923 3262 4991 βασιλεὺς
3292 4926 3319 4977 6
3353 4924 3469 4986 νέος
3520 4916 3752 4973 simul.”

2271 5016 2444 5081 ταϐὰς
2473 5015 2566 5068 τοῦ
2599 5016 2788 5079 ἵππου,
2850 5013 3182 5086 προσεκύνει
3213 5016 3308 5067 καὶ
3336 5014 3539 5067 ἀπόντα
3561 5006 3638 5060 τὸν
3657 4999 3752 5052 πὰπσ

2275 5128 2375 5164 πον
2405 5111 2500 5163 καὶ
2531 5109 2775 5180 βασιλέα.
2811 5109 2919 5161 Καὶ
2948 5108 2976 5160 6
3005 5106 3300 5178 Μαρού).ης
3332 5107 3388 5159 δέ
3413 5103 3596 5177 ὁμοίως
3620 5097 3750 5198 ὦσοπερ

2274 5204 2373 5257 καὶ
2402 5202 2662 5272 πρότερον
2696 5201 2802 5253 ἀπὸ
2834 5199 2929 5253 τοῦ
2956 5200 3174 5269 τείχους
3204 5201 3355 5288 Μσιγῇ
3386 5201 3485 5270 τὴν

2276 5311 2359 5347 σιν
2392 5295 2619 5364 παρεῖχε
2651 5292 2731 5361 τῷ
2764 5292 2870 5360 νέῳ
2896 5289 3126 5360 βασιλεῖ.
3159 5286 3293 5344 Εἶτα
3339 5292 3435 5344 καὶ⁸
3471 5289 3582 5380 τοὺς

2272 5386 2398 5449 τοὺς
2459 5383 2568 5438 ἀπὸ
2622 5381 2718 5436 τοῦ
2772 5382 2983 5453 τείχους
3046 5382 3439 5451 ἀσπασάμενος
3484 5380 3510 5433 6
3542 5376 3747 5453 βασιὶεῷςς

2274 5446 2622 5543 ἀνεχώρησεν
2655 5446 2889 5535 ἐκεῖθεν,
2914 5471 3011 5523 καὶ
3034 5465 3199 5540 ἦλθεν
3253 5446 3335 5532 είς
3364 5446 3653 5538 Σηλυβρίαν.
3677 5446 3747 5543 καί

2275 5537 2554 5634 διοικήσας
2597 5563 2665 5617 τά
2689 5556 2862 5633 ἐκείῇ
2914 5537 3068 5631 αὐτῷ
3106 5560 3284 5613 ἐδόκει
3319 5561 3511 5630 ἄριστα
3539 5537 3746 5634 extima“

2277 5629 2511 5728 ἄρχοντα
2538 5629 3280 5726 ἐπιστήσας-Σηλυϐριανοῖς,
3306 5649 3467 5726 ἦλθεν
3496 5653 3564 5711 εἰς
3587 5629 3745 5728 Διδυμᾷ

2279 5762 2475 5815 τειχον,
2509 5743 2822 5797 καταλιπὼν
2842 5743 2901 5796 ἐν
2924 5740 3196 5814 Σηλυϐρίᾳ
3223 5738 3667 5814 παρακοιμώμενον
3687 5722 3745 5773 τδν

2289 5838 2647 5908 ’Δπόκιυχοη
2681 5836 2775 5901 ὡς’
2822 5836 2885 5890 ἂν
2913 5834 2968 5889 εἴ
2998 5852 3049 5889 τι
3113 5835 3410 5905 ἀσφαλείας
3454 5829 3596 5888 ἐνέδει
3635 5815 3762 5884 Σηλψο
3818 5868 3819 5911 ἦ
