3918 6678
196 389 310 451 357

1380 381 1933 447 HISTORIARUM
1976 381 2218 442 LIBER
2258 382 2307 442 Ι.

3376 376 3480 442 85-8

208 501 372 554 Ἐπεὶ
410 503 469 554 δὲ
501 500 796 571 ἰπεγένετο
840 501 873 570 ἡ
907 500 1025 564 νὺξ,
1056 497 1404 568 ἀναστρέψας
1433 496 1526 566 ἀφ’
1560 489 1629 567 ἦς
1665 497 1787 548 ἑποο

1907 492 2014 559 εει)
2065 492 2335 550 exercitui
2394 493 2462 549 ab
2511 492 2672 562 equis
2729 489 3090 556 descendere.
3143 490 3482 560 paulumque

201 592 396 662 ρεύετο
430 591 575 658 ὁδοῦ,
611 593 848 662 ἧλαυνεν
898 593 991 644 ἐπὶ
1034 589 1434 659 Θεσσαλονίκην
1485 588 1577 641 διά
1617 587 1790 656 Στρυ-

201 686 391 754 μόνος.
423 686 534 739 Καὶ
559 684 750 745 διαϐἀς
782 683 876 736 τὺν
909 683 1156 753 ποταμὸν
1203 673 1431 734 κατάτὸ
1460 679 1794 749 Μαρμάριον

197 774 779 844 προσαγορευόμενον,
835 775 1032 842 μικρὸν
1085 772 1341 825 ἐκέλευσε
1379 769 1480 839 τὴν
1518 768 1787 838 στρατιὰν

198 869 392 936 τυχεῖν
416 866 738 934 ἀναπαύλης
763 864 1114 928 καταϐάντας
1146 866 1253 917 ἀπο
1281 863 1390 916 τῶν
1419 861 1624 921 ἵππων,
1663 860 1796 912 ἀνα-

206 958 557 1027 παυσάμενοι
609 957 665 1010 es
699 957 912 1026 εἴχοντο
967 956 1130 1009 πάλιν
1159 956 1260 1022 τῆς
1295 955 1468 1022 αὐτῆς
1507 953 1653 1014 ὁδοῦ,
1697 953 1793 1004 καὶ

206 1053 308 1119 τήν
339 1067 397 1102 τε
449 1047 714 1102 ἐπιοῦσαν
783 1049 882 1101 καὶ
935 1049 1034 1119 τὴν
1083 1048 1255 1100 νύκτα
1303 1047 1402 1117 τὴν
1456 1045 1572 1114 μετ’
1617 1045 1790 1113 αὐτὴν

206 1139 551 1202 ὁδεύσαντες,
586 1140 703 1208 ἅμα
745 1140 820 1210 ἒῳ
849 1140 993 1193 κατὰ
1019 1138 1118 1209 τὴν
1157 1138 1352 1209 τρίτην
1399 1133 1542 1208 ἦσαν
1572 1140 1628 1189 ὲν
1654 1137 1798 1205 Χορι-

205 1234 422 1286 ταίτου.
463 1233 542 1302 Τῇ
570 1231 875 1303 προτεραίᾳ
905 1231 961 1284 δὲ
991 1231 1183 1299 αὐτῆς,
1218 1231 1376 1300 φήμη
1412 1247 1499 1292 τις
1538 1229 1628 1282 διὰ
1656 1228 1796 1281 Θεσ-

207 1327 502 1394 σαλονίκης
547 1323 712 1394 διῄει,
738 1323 837 1392 ζὼς
883 1322 1139 1394 βασιλεὺς
1169 1322 1197 1374 ὁ
1231 1321 1374 1384 νέος,
1421 1321 1482 1374 τό
1530 1337 1590 1373 τε
1627 1319 1794 1390 Ζίχνα

206 1411 326 1470 εἷλε
372 1416 762 1486 προχωρῆσαν,
808 1413 904 1467 καὶ
939 1415 1019 1475 είς
1059 1415 1238 1481 Φερὰς
1267 1412 1439 1466 ιλθὼν
1478 1412 1579 1481 τὴν
1609 1414 1670 1465 ἐκ
1695 1411 1798 1480 τῆς

206 1507 458 1578 ἑσπέρας
501 1505 762 1576 στρατιὰν
806 1505 923 1575 ἅμα
962 1506 1006 1558 Τ
1013 1503 1288 1575 ριϐαλλοῖς
1330 1505 1444 1565 τοῖς
1481 1501 1798 1572 συμμάχοις

211 1599 644 1668 ἐγκατέκλεισεν
703 1599 856 1659 ἐντὸς
891 1597 1113 1667 τειχῶν,
1168 1596 1303 1667 μηδὲ
1341 1594 1798 1666 ἀντοφθαλμῆσαι

206 1690 572 1761 δυνηθένταςο
617 1688 924 1754 ἀναζεύξας
957 1688 1013 1740 δὲ
1069 1687 1232 1741 πάλιν
1258 1691 1339 1752 είς
1370 1688 1558 1757 Ζίχνα,
1607 1688 1699 1740 τόν
1736 1704 1798 1740 τε

208 1779 714 1854 ⁴ιιςαρακοιμώμενον
749 1781 1110 1850 ’Λπὸκαυχον,
1142 1781 1235 1834 καὶ
1282 1780 1520 1844 Ἀλέξιον
1546 1779 1638 1833 τὸν
1684 1781 1798 1832 Πα-

1897 585 2247 652 requiescere
2303 587 2591 656 praecepit.
2641 585 2744 641 Ubi
2786 585 3206 655 requieveruut.
3257 600 3479 638 rursum

1899 674 2058 745 165
2102 683 2285 744 ccepto
2323 676 2594 730 instantes
2650 675 2864 740 itineri,
2899 674 3258 744 sequi-utique
3290 674 3380 728 die
3419 689 3484 728 ac

1897 779 2058 819 nocte
2125 773 2441 834 pergentes.
2496 766 2656 820 tertia
2725 765 2850 821 luce
2911 765 3159 820 diluculo
3217 764 3481 820 Chor-laeti

1899 855 2146 912 fueruttt.
2208 857 2390 912 Pridie
2423 868 2607 912 autem
2661 872 2848 912 rumor
2900 874 2994 926 per
3036 857 3483 912 Thessalonicam

1895 947 2216 1015 distulerat,
2272 949 2664 1019 imperatorem
2699 949 2976 1019 juniorcm
3012 960 3069 1004 et
3107 951 3371 1005 Zichuam
3425 966 3485 1006 se

1899 1040 2192 1095 dedentem
2229 1043 2544 1111 recepisse;
2581 1051 2636 1095 et
2677 1043 2885 1097 Pheras
2935 1057 3060 1096 cum
3111 1027 3484 1108 adventass‘rt,

1898 1133 2271 1187 occidentales
2331 1133 2536 1202 copias,
2595 1149 2719 1187 cum
2795 1133 3167 1188 'l‘riballorum
3236 1134 3486 1188 subsidio

1901 1241 2092 1279 muros
2124 1225 2485 1283 conclusisse.
2519 1242 2640 1294 qua:
2673 1240 2773 1280 nec
2814 1239 3100 1294 aspectum
3151 1228 3268 1295 ejus
3322 1227 3459 1282 sust-i
3555 1265 3557 1272 ι

1903 1318 2195 1382 uuissmt;
2229 1332 2509 1371 reversum
2547 1316 2834 1379 Zicltnatu,
2873 1317 3267 1386 Apocauclium
3309 1333 3338 1371 a
3391 1333 3489 1372 cu—

1901 1408 2126 1474 biculis,
2175 1417 2232 1464 et
2280 1408 2534 1464 Alexium
2590 1409 2954 1479 Palazologom
3013 1426 3080 1464 eo
3116 1409 3370 1473 misisse;
3430 1409 3488 1464 in

1899 1504 2138 1571 speciem
2174 1501 2426 1571 quidem,
2481 1510 2542 1555 ut
2592 1502 2658 1556 ad
2713 1502 3030 1570 praefectum
3083 1501 3488 1556 Thessalonicae

1899 1594 2214 1650 Cliumnum
2272 1611 2534 1664 magnum
2593 1596 3122 1664 stratOpedarcltam.
3175 1605 3230 1648 et
3285 1603 3490 1649 metro-

1899 1688 2206 1758 politanqu
2246 1689 2455 1759 legatos
2477 1727 2492 1752 ,
2527 1690 2705 1758 reipsa
2743 1697 2803 1742 ut
2837 1704 2964 1744 cum
2993 1703 3216 1742 suarum
3250 1688 3487 1757 partium

1901 1776 2169 1831 studiosis
2219 1777 2625 1834 clandestinum
2684 1789 2937 1834 sererent
2987 1779 3327 1847 colloquium
3359 1819 3372 1838 .
3408 1779 3488 1832 si-

205 1875 492 1940 λαιολόγον
521 1873 813 1942 πέπομφεν
853 1872 1114 1935 ἐνταῦθα,
1142 1872 1417 1942 πρόφασιν
1444 1871 1540 1942 μὲν
1567 1871 1640 1935 ὡς
1665 1871 1801 1942 πρὸς

1907 1868 2130 1937 mulque
2163 1869 2584 1938 specularentur
2637 1881 2892 1936 possetne
2923 1871 3026 1924 sub
3061 1870 3326 1928 ditionem
3362 1873 3492 1927 sub-

207 1969 310 2020 τον
341 1963 774 2036 ἐπιτροπεύοντα
820 1964 1229 2032 Θεσσαλονίκης
1277 1965 1452 2034 μέγαν
1499 1978 1801 2034 στρατοπε·

208 2059 426 2130 eam»
455 2059 547 2112 τὸν
571 2058 841 2128 Χοῦμνον,
862 2058 956 2110 καὶ
986 2057 1076 2109 τὸν
1105 2057 1514 2128 μητροπολίτην
1541 2059 1802 2127 διαπρεσ-

215 2151 580 2221 ϐευομένους.
619 2149 704 2221 Τῇ
744 2150 788 2203 δ’
807 2148 1040 2220 ἀληθεία
1057 2153 1169 2214 τοῖς
1199 2152 1268 2203 τὰ
1291 2149 1472 2204 αὐτῶν
1497 2150 1801 2220 πράττουσι

211 2241 404 2312 κρύφα
432 2241 870 2310 διαλεξομένους,
909 2242 1000 2296 καί
1030 2241 1146 2311 ἅμα
1172 2241 1722 2303 κατασκοπεύσοντας
1754 2241 1803 2293 εί

213 2333 664 2404 Θεασσαλονίκην
691 2333 1077 2402 ὑπαγαγέσθαι
1114 2333 1360 2387 δυνατόν.
1389 2331 1549 2403 Παρά
1578 2331 1678 2403 μὲν
1711 2332 1804 2385 οὖν

215 2429 322 2497 τῆς
355 2428 542 2498 φήμης
563 2425 790 2480 τοιαῦτα
809 2427 1196 2497 διεθρυλλεῖτο.
1221 2424 1396 2481 Πολλά
1420 2425 1476 2478 δὲ
1507 2426 1804 2494 ἀνερευνη-

219 2535 324 2583 σας
346 2521 374 2572 ὁ
419 2515 690 2588 Χοῦμνος,
722 2515 861 2570 ῶστε
896 2519 990 2571 τὸν
1024 2517 1439 2586 ἀπαγγείλαντα
1478 2518 1546 2570 τά
1579 2517 1806 2570 τοιαῦτα

217 2611 486 2682 ἐξευρεῖν,
523 2613 623 2664 οὐκ
649 2609 916 2682 ⁴ίιδυνήθη.
948 2611 1139 2680 Ὅμως
1184 2609 1239 2662 δὲ
1281 2609 1458 2663 ἐδόκει
1505 2609 1805 2663 λυσιτελεῖν

223 2701 378 2768 αὐτῷ
433 2717 492 2754 τε
541 2701 638 2756 καὶ
694 2701 1089 2772 μητροπολίτῃ.
1141 2703 1223 2766 είς
1253 2702 1352 2772 τὴν
1399 2701 1692 2773 ὑστεραίαν
1725 2704 1804 2764 εἰς

221 2793 552 2863 Χορταίτου,
587 2795 678 2848 τὸν
700 2795 1102 2866 μητροπολίτην
1129 2795 1470 2860 ὲλθόντα,τόν
1490 2813 1545 2848 τε
1575 2797 1808 2850 Παλαισ-

217 2886 383 2954 λόγον
395 2885 637 2953 Ἀλέξιον
666 2889 759 2941 καί
783 2888 870 2940 τὸν
895 2886 1503 2958 παρακοιμώμενονβδν
1531 2888 1806 2942 ’Δπόκαυ-

221 2995 348 3048 χον,
383 2978 497 3047 εἴγε
521 2979 698 3050 ἀληθῆ
725 2980 792 3035 τά
825 2981 954 3052 περὶ
997 2979 1176 3034 αὐτῶν
1205 2979 1663 3052 διαθρυλληθέντα
1697 2982 1803 3050 εἴη,

221 3069 306 3133 ὡς
328 3070 551 3139 βασιλέα
572 3066 1224 3143 ἀναστρέφεινκελεύειν,
1253 3072 1327 3135 ὼς
1360 3074 1420 3126 οὗ
1448 3072 1808 3144 concupqu-

156 3171 170 3184 '
238 3163 481 3233 σομὲνης
523 3165 707 3226 αὐτοῖς
736 3165 837 3234 τῆς
877 3166 956 3228 εἰς
1011 3165 1417 3236 Θεσσαλονίκην
1471 3166 1701 3218 εἰσόδου.
1745 3167 1805 3218 Εἰ

220 3254 269 3306 δ’
317 3255 593 3308 ἀπειθοῖεν
618 3259 711 3308 καὶ
749 3257 1021 3326 βιάζοιντο
1066 3257 1164 3328 τὴν
1202 3258 1408 3328 ἄφιξιν,
1463 3274 1803 3328 προαναφω-

225 3350 340 3401 νεῖν
357 3348 564 3412 αὐτοῖς,
595 3347 670 3412 ὡς
699 3348 1084 3420 εἱρχθήσονται
1112 3351 1564 3413 ἐπιϐουλεύοντες
1596 3351 1802 3413 αὐτοῖς,

227 3442 326 3493 καὶ
357 3439 672 3510 βουλόμενοι
705 3440 1108 3512 Θεσσαλονίκην
1149 3443 1460 3513 ἀποστῆσαι
1515 3443 1803 3515 βασιλέως.

230 3531 471 3583 Τοιαῦτα
501 3532 549 3582 οί
582 3530 681 3601 μὲν
709 3535 840 3602 περὶ
873 3532 980 3585 τῶν
1009 3533 1382 3588 ἀκουσθέντων
1414 3533 1807 3588 ἐϐουλεύσαντο

228 3623 512 3692 πράττειν.
549 3623 699 3693 Ἀμα
725 3624 782 3678 δὲ
817 3624 892 3694 ἕῳ
911 3627 990 3688 είς
1012 3627 1112 3696 τὴν
1141 3629 1404 3681 ἐπιοῦσαν
1429 3628 1456 3680 ό
1475 3628 1808 3698 μητροπολί-

225 3731 330 3784 της
367 3716 465 3787 μὲν
504 3718 644 3770 κατά
687 3717 749 3770 τὸ
783 3717 1059 3787 σύνθημα,
1090 3719 1192 3789 τὴν
1247 3720 1328 3783 είς
1354 3721 1660 3791 Χορταίτου
1693 3721 1802 3792 ᾔει,

226 3808 254 3858 ὁ
281 3806 337 3858 δὲ
368 3824 431 3875 γε
455 3806 706 3877 Χοῦμνος
734 3807 852 3879 ἅμα
877 3813 990 3872 τοῖς
1043 3811 1181 3880 ἀμφ’
1209 3811 1390 3875 αὐτὸν,
1415 3810 1516 3881 τῆς
1540 3829 1809 3880 προσαγο-

227 3899 528 3969 ρευομένης
560 3899 669 3953 τῶν
709 3901 1041 3971 Ἀσωμάτων
1075 3901 1252 3971 πύλης
1295 3901 1547 3967 ἐξελθὼν,
1585 3902 1613 3957 ὃ
1657 3919 1708 3955 τι
1740 3903 1806 3956 ἂν

227 3990 466 4063 ἀποϐαίη
506 3992 694 4046 ἵστατο
720 3993 1077 4059 ἀποσκοπῶν,
1106 3995 1204 4046 καὶ
1229 3997 1260 4064 ή
1289 3994 1442 4057 πόλις
1475 3995 1624 4048 πᾶσα
1649 3993 1808 4064 μετέ-

228 4097 372 4152 ωρος
423 4082 560 4153 πρὸς
607 4083 706 4148 τὰς
761 4083 947 4155 φήμας
972 4080 1060 4156 ἦν.
1105 4085 1229 4145 Τοῖς
1260 4085 1446 4154 μέντοι
1475 4085 1692 4138 δοκοῦσι
1739 4087 1808 4140 τά

233 4172 498 4243 βασιλέως
523 4176 616 4229 τοῦ
651 4176 771 4230 νέου
805 4179 1092 4249 πράττειν,
1127 4181 1424 4251 πριείρητο
1459 4182 1595 4252 μήτε
1620 4182 1806 4245 ὅπλοις

213 4270 369 4337 μήτε
390 4267 576 4332 ῐπποις
597 4269 856 4339 χρῆσθαι,
877 4269 990 4323 ἀλλ’
1018 4270 1050 4340 ἢ
1078 4270 1247 4334 οἴκοις
1279 4273 1632 4344 διατρίϐεινῆ
1668 4274 1804 4345 πεζῇ

229 4358 329 4412 καὶ
361 4359 539 4413 ὅπλων
574 4362 822 4430 προϊέναι
864 4361 1053 4431 χωρίς.
1087 4364 1218 4416 Τότε
1250 4364 1305 4418 δὲ
1333 4365 1426 4416 καὶ
1471 4366 1651 4430 αὐτοὶ,
1683 4353 1810 4418 ἐπει

231 4450 574 4521 πανταχόθεν
634 4453 702 4505 τὰ
761 4452 1031 4522 βασιλέως
1092 4454 1477 4526 διεθρυλλείτο,
1536 4459 1632 4511 ἐπὶ
1695 4460 1802 4511 τῶν

1895 1960 2051 2030 jungi
2084 1961 2302 2016 civitas.
2339 1962 2462 2016 llzec
2505 1961 2732 2030 quidem
2789 1963 2934 2018 fama
2969 1949 3491 2032 disseminabatuY;

1901 2053 2062 2124 cujus
2119 2063 2404 2110 auctorem
2455 2055 2766 2120 Cbumnus,
2820 2059 3036 2112 tametsi
3091 2058 3259 2113 multa
3312 2059 3492 2128 inqui-

1900 2145 2104 2200 sitione
2171 2146 2439 2212 adhibita,
2485 2147 2737 2202 invenire
2797 2163 2906 2202 non
2954 2149 3152 2217 potuit.
3195 2149 3492 2204 Nihilomi-

1902 2249 2010 2288 nus
2060 2251 2126 2289 οι
2181 2251 2239 2291 re
2278 2251 2375 2290 sua
2407 2245 2464 2292 et
2505 2238 2918 2308 metropolitani
2962 2239 3210 2293 futurum
3248 2240 3492 2307 censuit,

1907 2325 1954 2379 si
1996 2325 2086 2380 ille
2117 2336 2344 2396 postero
2399 2327 2486 2383 dic
2525 2328 2866 2384 Cborta-tum
2901 2330 3204 2400 profectus,
3240 2331 3492 2388 Alexium

1905 2417 2272 2490 Palaeologum
2305 2429 2362 2476 et
2414 2421 2806 2492 Apocauebum
2845 2423 2930 2494 (si
2970 2440 3133 2478 verus
3157 2435 3299 2479 esset
3331 2425 3493 2480 dissi-

1907 2519 2068 2576 patus
2098 2511 2328 2580 rumor)
2361 2513 2427 2568 ad
2484 2514 2873 2584 imperatorem
2917 2517 3271 2573 retrocedere
3304 2517 3462 2572 horta

1910 2615 2094 2674 retur;
2131 2623 2237 2662 non
2285 2608 2433 2664 enim
2467 2611 2911 2666 Thessalonicam
2956 2613 3257 2668 admissum
3303 2614 3392 2669 iri.
3433 2614 3490 2670 Si

1911 2697 2254 2768 refragantes
2281 2717 2350 2756 eo
2380 2718 2596 2757 suumta
2624 2705 2673 2758 vi
2699 2704 3124 2772 contenderent,
3146 2705 3490 2774 prmdiceret,

1910 2797 2175 2860 tauquam
2237 2793 2614 2862 insidiatores,
2669 2805 2726 2851 et
2783 2798 2974 2851 urbem
3028 2797 3097 2852 ab
3159 2799 3492 2869 imperatore

1906 2897 2159 2939 avertere
2218 2886 2546 2949 Studentes.
2600 2889 2656 2942 iu
2714 2905 2990 2944 carcerem
3059 2890 3490 2946 contradendos.

1912 2975 2038 3031 llzec
2065 2977 2144 3032 illi
2176 2993 2346 3047 super
2377 2979 2585 3034 auditis
2621 2981 2804 3036 facere
2868 2983 2923 3037 iu
2980 2983 3228 3038 animum
3257 2984 3492 3040 induxe-

1912 3079 2067 3124 runt.
2125 3069 2220 3125 Die
2249 3071 2448 3135 altero,
2488 3073 2606 3127 sole
2641 3074 2872 3138 recenti,
2932 3075 3394 3145 metropolitanus
3425 3094 3489 3132 ex

1908 3162 2164 3216 condicto
2213 3163 2357 3216 viam
2402 3161 2742 3218 Cliortcetum
2776 3180 2968 3219 versus
2993 3167 3258 3238 arripuit;
3291 3166 3486 3222 Chum-

1909 3267 2015 3308 nus
2043 3269 2167 3308 cum
2200 3255 2462 3309 comitatu
2499 3271 2600 3311 suo
2627 3267 2783 3326 porta
2823 3274 2946 3327 qua:
2990 3259 3329 3328 Ἀσωματων
3384 3261 3489 3332 [lu-

1909 3348 2331 3420 corporeorum]
2373 3359 2622 3414 vocatur,
2681 3367 2961 3420 egressus,
3005 3369 3188 3407 rerum
3229 3364 3488 3408 eventum

1909 3441 2260 3496 observabat.
2327 3445 2402 3498 Ac
2436 3453 2546 3496 tota
2587 3447 2721 3498 urbs
2748 3461 2777 3498 a
2810 3445 2951 3500 fama
2989 3447 3286 3516 pendebat.
3323 3449 3490 3502 Caete—

1908 3533 2029 3584 rtfm
2063 3531 2129 3586 iis
2157 3532 2251 3602 qui
2287 3532 2356 3587 ab
2417 3533 2750 3604 itnperatore
2788 3535 3119 3591 videbantur
3160 3553 3302 3603 esse,
3341 3538 3486 3593 iudi-

1907 3632 2055 3676 ctum
2092 3634 2233 3682 erat.
2268 3639 2408 3679 neve
2439 3626 2638 3696 armis.
2665 3643 2803 3682 neve
2842 3630 3003 3698 equis
3038 3639 3361 3696 uterentur;
3392 3633 3488 3686 sed

1905 3723 2001 3769 aut
2050 3715 2192 3770 intra
2229 3717 2470 3786 parietes
2499 3734 2556 3772 se
2590 3723 2979 3786 continerent,
3016 3733 3112 3775 aut
3147 3721 3267 3777 sine
3308 3724 3489 3792 equis,

1907 3823 1971 3863 ac
2002 3807 2120 3863 sine
2168 3811 2337 3864 armis
2387 3809 2438 3862 iu
2493 3811 2770 3878 publicum
2807 3815 3108 3882 prodirent.
3143 3815 3247 3883 Qui
3273 3827 3330 3872 et
3363 3818 3491 3888 ipsi.

1907 3898 2356 3967 quandoquidem
2403 3901 2674 3956 adventus
2706 3903 3058 3971 imperatoris
3101 3908 3347 3963 onmium
3379 3924 3490 3964 ser-
3518 3940 3523 3945 -

1907 3988 2166 4040 monibus
2221 3989 2627 4055 celebrabatur,
2689 3993 2863 4046 muris
2919 4004 3089 4061 portae
3126 3998 3254 4064 ,Ῑτιιιι
3327 3998 3490 4054 dieue

1906 4077 2248 4142 conscensis,
2299 4093 2482 4132 rerum
2540 4079 2746 4134 exitum
2788 4081 3030 4136 inermes
3069 4088 3487 4153 exsltectabant.

1907 4169 2250 4239 Metropolita
2284 4180 2342 4226 ut
2369 4170 2650 4228 ΟΙιοι-ιωιο
2673 4173 3080 4245 propinquavit.
3113 4179 3486 4249 illlpl‘OViSlllll

1909 4261 2300 4330 imperatorem
2339 4263 2589 4318 incidens
2615 4265 2923 4336 obstupuit,
2958 4282 3014 4322 et
3047 4268 3488 4340 intempestivam

1908 4355 2301 4423 profectionem
2326 4370 2481 4409 suam
2514 4356 2806 4411 incusavit.
2842 4358 3124 4415 Salutatus
3151 4364 3219 4416 ab
3250 4365 3491 4434 impura-

1909 4455 2050 4512 tore,
2099 4447 2216 4517 ipse
2264 4451 2558 4518 repentino
2597 4451 2844 4519 periculo
2881 4454 3199 4517 esterritus,
3238 4457 3490 4526 nLhilque

230 4540 428 4609 τειχῶν
458 4541 556 4611 τῆς
588 4543 755 4613 αὐτῆς
786 4544 961 4614 πύλης
1000 4545 1314 4609 ἀνελθόντες
1345 4547 1565 4601 ἄνοπλοι
1594 4548 1692 4615 τὴν
1720 4550 1803 4603 ἕκ-

1912 4540 2269 4622 respondens,
2306 4558 2471 4611 quam
2528 4543 2784 4598 celeriter
2845 4547 3046 4613 potuit,
3088 4562 3146 4600 se
3189 4549 3486 4616 proripuit,

233 4632 395 4684 ϐασιν
428 4635 753 4705 περιέμενον
797 4636 906 4689 τῶν
963 4638 1326 4708 πραγμάτων.
1373 4639 1432 4692 '0
1476 4642 1658 4709 μέντοι
1695 4659 1804 4712 μη-

232 4723 581 4793 τροπολίτης,
609 4727 730 4778 ἐπεὶ
759 4727 926 4795 ἐγγὺς
947 4730 1163 4796 ἐγένετο
1185 4731 1510 4800 Χορταίτου,
1543 4733 1808 4802 ἀπροσδο-

233 4816 417 4882 κήτως
441 4815 676 4886 ἐντυχὼν
701 4816 778 4886 τῷ
807 4821 912 4887 νέῳ
943 4816 1172 4886 βασιλεῖ,
1207 4821 1580 4891 ὲξεπέπληκτό
1609 4839 1664 4874 τε
1714 4824 1809 4876 καὶ

231 4907 332 4973 τῆς
355 4906 590 4974 ἀςίξεως
615 4910 1000 4979 κατεμέμφετο
1014 4911 1110 4981 τὴν
1129 4913 1404 4984 ἀκαιρίαν.
1427 4913 1804 4984 Προσαγορεύο

183 5050 187 5052 ,
235 5017 390 5062 οντος
419 5001 473 5053 δὲ
507 5001 669 5056 αὐτὸν
691 5001 978 5074 βασιλέως.
1010 5007 1168 5070 αὐτὸς
1200 5010 1332 5076 πρὸς
1361 5007 1451 5060 τον
1478 5011 1542 5060 ἐκ
1569 5007 1662 5060 τοῦ
1684 5010 1808 5078 αἰφ-

245 5091 412 5145 νιδίου
465 5094 710 5145 κίνδυνον
763 5093 1108 5164 θορυϐηθεὶς,
1161 5097 1297 5166 μηδὲ⁹
1346 5099 1806 5168 ἀντιπροσειπὼν,

235 5183 469 5254 ἤλαυνεν
500 5184 576 5247 ὡς
610 5179 723 5255 εἶχε
752 5186 951 5256 τάχους
983 5187 1119 5256 πρὸς
1157 5188 1255 5260 τὴν
1286 5189 1460 5256 πόλιν,
1494 5190 1591 5260 τὴν
1621 5190 1809 5258 ἔφοδον

241 5273 498 5345 μηνύσων
537 5275 825 5344 βασιλέως.
875 5277 1074 5330 Εἵπετο
1121 5277 1166 5332 δ’
1207 5279 1357 5349 αὐτῷ
1388 5297 1477 5333 xu.
1502 5282 1528 5333 ὁ
1554 5281 1812 5351 βασιλεὺς

239 5364 634 5436 συντονώτερον
664 5365 894 5436 βαδίζων
940 5383 956 5398 ο
988 5368 1040 5420 οί
1085 5368 1141 5422 δὲ
1169 5369 1238 5422 τά
1266 5369 1430 5442 αὑτοῦ
1482 5372 1814 5442 πράττ.ντες

233 5458 350 5517 τοῖς
391 5455 629 5525 τείχεσιν
673 5458 1000 5524 ἐφεστῶτες,
1051 5460 1174 5512 ἐπεὶ
1233 5462 1340 5513 ἀπο
1392 5438 1504 5514 τῶν
1551 5449 1810 5533 σημαιῶν

236 5543 486 5615 ἔγνωσαν
505 5544 728 5616 βασιλέα
753 5546 1158 5619 προσελαύνειν,
1182 5550 1662 5620 ἀναθαρσήσαντες
1693 5554 1813 5607 επι-

1907 4634 2026 4704 ejus
2065 4634 2132 4688 ad
2165 4635 2359 4688 urbem
2393 4651 2674 4690 accessum
2713 4639 3089 4693 nuntiaturus.
3140 4640 3489 4709 Sequebatur

1915 4726 2077 4799 166
2138 4729 2480 4782 contentiore
2528 4744 2721 4798 gressu
2776 4731 3122 4800 imperator;
3158 4733 3317 4803 cujus
3370 4733 3490 4787 [ειη-ν

1914 4829 2063 4873 tores
2092 4818 2148 4873 in
2187 4818 2360 4872 muris
2394 4828 2656 4883 astantes,
2692 4832 2982 4890 postquam
3004 4837 3037 4876 e
3064 4823 3274 4877 vexillis
3307 4826 3486 4892 ipsum

1911 4908 2233 4979 adequitare
2263 4908 2598 4976 didicerunt,
2631 4922 2844 4980 sumpta
2891 4915 3140 4974 audacia.
3172 4917 3223 4968 in
3255 4930 3352 4970 eos
3390 4917 3486 4986 qui

1912 5010 2070 5056 extra
2128 5011 2341 5072 portam
2392 5011 2571 5066 erant,
2636 5003 3027 5071 lapidationem
3087 5005 3378 5062 faciebant.
3442 5009 3483 5062 li

1910 5096 2164 5151 hostibus
2219 5093 2352 5148 foris
2409 5095 2816 5164 ingruentibus.
2871 5109 2927 5152 et
2977 5101 3071 5168 qui
3128 5099 3276 5154 intus
3329 5115 3485 5180 erant

1911 5195 2099 5255 aperte
2177 5185 2424 5266 inimicis
2473 5196 2638 5257 atque
2696 5189 2932 5255 infestis,
2991 5191 3299 5248 nescientes
3352 5196 3486 5265 quid

1908 5286 2155 5347 agerent,
2187 5277 2334 5334 intro
2381 5293 2439 5334 se
2492 5279 2786 5348 recipiunt,
2822 5291 3008 5352 portas
3051 5283 3369 5343 occludunt.
3419 5287 3487 5343 Et

1908 5369 2036 5438 quia
2065 5368 2134 5423 de
2162 5385 2319 5424 umro
2333 5385 2462 5425 saxa
2487 5370 2820 5440 jacientibus
2850 5374 3110 5429 resistere
3143 5377 3480 5447 nequibant,

1909 5461 1965 5516 in
2017 5459 2199 5531 fugam
2250 5461 2528 5528 conversi,
2585 5477 2788 5526 arcem.
2827 5474 2885 5518 ut
2932 5465 3059 5520 inde
3100 5482 3157 5522 se
3187 5469 3484 5532 refensuri.

1909 5563 2182 5624 occupant
2243 5553 2379 5626 (99).
2444 5554 2570 5611 Arci
2629 5555 2895 5628 Georgius
2947 5557 3179 5632 Lyzicus
3231 5574 3484 5634 praeerat,

1468 5668 1682 5730 Jacobi
1720 5669 1986 5733 Pontaui
2023 5675 2212 5730 noue.

317 5759 644 5837 ’Δκρᾲπολιν
687 5763 899 5837 duobus
967 5765 1150 5823 verbis
1230 5768 1506 5837 expressit
1579 5768 1808 5826 Latinus

237 5831 530 5901 poeta’Vll
571 5831 785 5888 Eneid.
809 5853 828 5888 :

1991 5769 2125 5846 Urbe
2149 5771 2257 5846 fuit
2291 5787 2498 5846 summa
2531 5771 2814 5846 Laurentis
2857 5776 3003 5846 regia
3032 5775 3164 5834 Pici.

2007 5841 2349 5910 Ἀκρόπολις,
2385 5845 2558 5913 inquit
2607 5841 3036 5918 Etymologicon,
3064 5847 3357 5918 καρόπολίς
3401 5865 3488 5914 τις
