3902 6572
248 499 366 567 37'!

1426 511 1966 572 lllSTORlARUM
2007 515 2238 575 LIBER
2281 515 2323 578 Ι.

3394 512 3464 574 37
3482 520 3505 567 ἰ-

246 622 368 692 ψας
411 623 471 676 δὲ
504 620 532 676 ὀ
567 623 742 692 μέγας
784 623 1105 695 δομέστικος
1153 624 1262 678 τῶν
1315 625 1655 679 πιστοτάτων
1684 627 1829 679 οἰκε-

1949 625 2107 696 igitur
2139 642 2367 696 magnus
2409 627 2750 683 domesticus
2803 637 2860 683 et
2908 627 3095 683 verbis
3135 625 3341 698 gratias
3369 627 3504 696 egit,

249 715 372 768 τῶν
410 732 554 782 τινα,
607 716 994 787 ὑφηγουμένου
1038 716 1130 770 τοῦ
1185 719 1564 788 μεμηνυκότος
1598 718 1665 772 τὰ
1697 721 1832 790 χρή·

255 819 432 871 ματα.
463 804 606 874 ἤχθη
657 807 796 875 πρὸς
855 807 1020 861 αὐτὸν
1070 809 1130 861 ἐν
1161 807 1284 862 δυσὶ
1326 811 1626 874 κιῆωτίοις,
1658 811 1716 863 ἐν
1751 806 1832 873 οἷς

248 888 328 963 ἦν
361 895 584 962 ἀγγεῖόν
632 905 694 949 ττ·
730 899 794 951 ἐκ
852 898 1060 969 χαλκοῦ
1114 901 1486 970 πεποιημένον
1535 901 1832 972 δισχιλίους

253 988 360 1040 καὶ
397 988 628 1057 μυρίους
675 989 800 1061 ἔχον
840 989 1100 1061 χρυσοῦς·
1133 992 1226 1052 καὶ
1277 992 1467 1058 ζῶναι,
1515 994 1612 1046 καὶ
1649 992 1832 1044 ἐκπώ-

261 1097 414 1149 ματα
455 1084 518 1135 ἐκ
556 1083 763 1152 χρυσοῦ
801 1085 1176 1154 πεποιημένα·
1205 1085 1300 1139 καὶ
1329 1086 1569 1156 ἄργυρος
1594 1086 1830 1155 ἄσημος,

255 1174 360 1227 καὶ
392 1177 697 1242 γυναικεϊοι
733 1177 952 1246 κόσμοι,
988 1179 1082 1230 καὶ
1107 1176 1260 1247 ἐτερ’
1283 1179 1421 1233 ἄττα
1458 1194 1836 1248 τετρακισμυ-

258 1266 399 1334 ρίων
433 1265 562 1331 άξια
608 1267 874 1338 χρυσίων.
913 1268 1004 1338 Τῷ
1046 1268 1146 1337 μὲν
1180 1265 1275 1322 οὖν
1313 1268 1382 1322 τά
1429 1271 1692 1340 χρήματα
1739 1285 1834 1338 με-

260 1355 555 1423 μηνυκότι,
595 1355 779 1423 λόγοις
812 1373 874 1410 τε
923 1356 953 1409 ὁ
995 1357 1170 1426 μέγας
1205 1358 1530 1427 δομέστικος
1560 1358 1833 1429 ὡμολόγει

201 1453 208 1457 ‘
256 1445 524 1514 χάριτας,
560 1447 655 1497 καὶ
697 1445 880 1515 ἔργοις
917 1447 1091 1500 ἐποίει
1132 1445 1217 1502 εὖ.
1269 1447 1490 1502 Βασιλεῖ
1515 1447 1572 1502 δέ
1604 1448 1834 1521 προσελ-

255 1532 485 1601 θὼν,’τά
509 1552 567 1588 τε
599 1537 863 1607 χρήματα
895 1539 1132 1608 ἐμήνυεν
1162 1539 1238 1601 ὡς
1269 1539 1552 1610 εὕρηνται,
1587 1542 1680 1595 καὶ
1712 1541 1836 1612 ἐδή-

257 1625 360 1680 λου
407 1627 620 1680 καὶτὸν
663 1626 922 1697 ἀριθμόν.
955 1628 1234 1691 Βασιλέως
1265 1628 1342 1693 δὲ,
1377 1628 1617 1695 Οὐκοῦν,
1650 1628 1834 1683 είπόν-

252 1737 377 1785 τος,
420 1720 483 1773 σὲ
536 1721 628 1773 τὸν
691 1719 966 1792 εὑρηκότα
1027 1721 1239 1775 δίκαιον
1294 1722 1460 1793 ἐχειν.
1542 1722 1685 1775 Ἀλλ’
1710 1721 1835 1776 οὔτε

257 1813 555 1883 πρότερον,
582 1809 738 1866 εἶπεν
768 1813 958 1878 αὐτὸς,
983 1817 1041 1867 ἐν
1078 1817 1191 1879 τοῖς
1222 1814 1320 1868 τοῦ
1352 1814 1594 1884 πολέμου
1623 1814 1838 1885 καιροῖς

253 1901 387 1954 οὔτε
433 1899 605 1953 πλείω
645 1899 760 1954 οὔτ’
789 1899 998 1956 ἐλάττω
1030 1903 1291 1973 χρήματα
1327 1902 1637 1974 ἀφειλόμην
1669 1903 1837 1972 τινὸς,

1939 727 1995 773 et
2024 717 2187 774 rebus
2217 719 2512 775 benefecit.
2539 719 2823 777 Convento
2851 722 3202 794 imperatore.
3235 720 3304 774 de
3343 735 3508 789 pecu-

1938 807 2070 874 nia,
2126 809 2400 879 quomodo
2442 809 2702 872 inventa,
2753 819 2810 865 et
2863 825 3026 880 quam
3079 810 3303 879 grandis
3338 817 3505 872 esset,

1935 903 2201 958 narravit.
2234 902 2372 956 Tum
2404 903 2704 972 imperator
2733 919 2746 954 :
2779 903 2937 973 172
2990 902 3130 972 Ergo
3164 911 3219 956 tu
3255 903 3508 956 inventor

1936 990 2041 1045 ista
2089 992 2186 1046 tibi
2243 993 2449 1056 habeas
2490 994 2567 1064 (4)
2591 1034 2606 1059 ,
2645 1004 2707 1048 υῑ
2732 995 2940 1064 justum
2979 1003 3086 1048 est.
3113 993 3300 1063 Atqui,
3330 993 3510 1062 inquit

1935 1081 2292 1144 domesticus.
2339 1101 2440 1140 nec
2471 1094 2632 1141 antea
2681 1085 2814 1140 belli
2861 1093 3106 1154 tempore
3139 1087 3226 1139 vel
3259 1085 3506 1148 inultam,

1934 1177 2024 1230 vel
2088 1176 2359 1231 modicam
2407 1177 2733 1248 cujusquam
2786 1175 2886 1230 tuli
2939 1175 3265 1245 pecuniam,
3320 1191 3512 1244 quem-

1937 1268 2232 1322 admodum
2274 1275 2387 1322 tute
2417 1269 2614 1332 nostri,
2663 1282 2766 1323 nec
2799 1266 2867 1321 ab
2904 1266 3006 1320 ista
3041 1266 3204 1320 modo
3233 1265 3378 1320 vinci
3419 1280 3514 1319 vc-

1938 1360 2058 1416 lim.
2095 1361 2250 1415 Hand
2289 1363 2492 1415 mirum
2543 1375 2608 1415 ac
2654 1375 2880 1424 novum,
2914 1359 3139 1430 subjicit
3185 1360 3509 1429 imperator,

1938 1469 2062 1508 cum
2094 1455 2264 1508 multa
2311 1454 2403 1508 alii
2447 1453 2547 1509 tibi
2585 1453 2957 1519 abstulerint,
3006 1452 3280 1524 praecipue
3323 1459 3511 1521 proto-

1937 1544 2320 1606 vestiarius,si
2353 1543 2593 1599 vicissim
2627 1560 2798 1614 pauca
2825 1543 3070 1613 quadam
3099 1559 3164 1599 ex
3201 1544 3321 1615 ejus
3347 1543 3515 1598 rebus

1939 1633 2008 1688 ad
2045 1644 2196 1690 tuam
2234 1635 2528 1690 utilitatem
2561 1635 2811 1691 redeant.
2839 1635 3081 1690 Rursum
3122 1634 3464 1690 domesticus
3497 1651 3511 1686 :

1940 1726 2054 1781 Hoc
2085 1741 2216 1782 vero
2252 1729 2448 1782 mirum
2487 1725 2643 1790 foret,
2673 1726 2715 1780 si
2745 1735 2845 1790 tot,
2887 1725 3300 1795 praesertimque
3336 1726 3513 1778 altero

1941 1818 2110 1881 bello,
2146 1818 2496 1874 detrimentis
2528 1817 2598 1872 ab
2632 1818 2739 1871 illis
2769 1817 3018 1883 allectus,
3049 1816 3302 1888 quamvis
3329 1817 3512 1871 oblata

1942 1911 2231 1966 occasione
2263 1926 2364 1980 par
2415 1910 2626 1965 referre
2663 1909 2970 1976 noluisset,
3021 1924 3170 1964 nunc
3213 1906 3516 1978 pecuniolte

254 1991 452 2060 ὥσπερ
491 1987 646 2045 οἶσθα
693 1992 790 2044 καὶ
839 1993 1024 2055 αὐτός·
1060 1992 1188 2045 οὔτε
1237 1992 1449 2047 τούτων
1494 1994 1560 2047 ἂν
1608 1993 1834 2064 ὀφθείην

1949 2018 2108 2058 causa
2153 2004 2412 2073 antiquos
2466 2018 2645 2058 mores
2699 2016 2830 2056 suos
2875 2001 2930 2055 in
2971 2000 3126 2071 pejus
3175 2000 3512 2060 immutaret,

252 2084 444 2153 ἥττων
482 2081 599 2138 νῦν.
647 2082 790 2137 Ἀλλ’
823 2084 998 2148 οὐδὲν,
1031 2083 1160 2154 ἔφη,
1214 2083 1528 2154 θαυμαστὸν
1553 2127 1567 2150 ,
1615 2085 1644 2140 ὁ
1677 2087 1834 2158 βασι-

253 2176 410 2242 λεὺς,
445 2177 495 2230 ei
523 2175 695 2230 πολλὰ
735 2177 828 2230 ὑπ’
857 2177 1037 2230 αὐτῶν
1063 2178 1444 2251 ἀφῃρημένος,
1475 2180 1570 2233 καὶ
1600 2180 1832 2248 μάλιστα

257 2269 772 2341 πρωτοδεστιαρῐου
799 2269 1041 2336 τουτουῒ,
1071 2269 1230 2339 ὀλίγα
1260 2271 1398 2326 ἄττα
1431 2273 1494 2324 ἐκ
1533 2271 1642 2324 τῶν
1667 2270 1832 2326 αὐτοῦ

258 2360 620 2432 ὠφεληθήσῃ.
683 2360 830 2413 Αὐτὸ
888 2359 991 2430 μέν
1049 2355 1142 2414 οὖν
1195 2360 1355 2415 τοῦτο
1403 2361 1630 2431 μᾶλλον,
1686 2358 1831 2428 εἷπε,

259 2454 612 2525 θαυμαστὸν,
639 2455 687 2505 εί
714 2453 887 2507 πολλά
923 2453 1016 2506 ὑπ’
1038 2452 1242 2516 αὐτῶν,
1295 2453 1388 2505 καὶ
1423 2452 1660 2522 μάλιστα
1692 2453 1836 2507 κατὰ

259 2546 358 2598 τὸν
417 2544 668 2616 δεύτερον
723 2544 961 2614 πόλεμον
1010 2541 1338 2613 ζημιωθεὶς,
1391 2541 1602 2613 καιροῦ,
1659 2559 1837 2611 παρα-

266 2639 498 2707 σχόντος
552 2638 655 2691 οὑκ
711 2637 962 2708 ἠθέλησα
1019 2634 1334 2707 ἀμύνασθαι
1368 2637 1484 2698 τοῖς
1523 2634 1679 2699 ἴσοις,
1719 2638 1837 2690 νυνὶ

262 2729 322 2782 δὲ
359 2729 556 2796 ὀλίγων
586 2729 755 2783 ’ἑνεκα
804 2728 1128 2799 χρημάτων,
1164 2727 1226 2781 τό
1270 2743 1332 2780 τε
1378 2725 1437 2790 ἐξ
1487 2726 1662 2797 ἀρχῆς
1704 2721 1838 2796 ἦθος

264 2816 567 2888 διαφθερῶ,
610 2818 704 2872 καὶ
736 2818 916 2888 ἥττων
943 2817 1132 2870 ἀδίκου
1173 2817 1461 2886 λήμματος
1493 2816 1587 2868 καὶ
1614 2815 1838 2885 κέρδους

267 2906 337 2961 ἂν
363 2907 517 2974 φανῶ
545 2924 560 2939 ·
607 2907 745 2960 ἀλλὰ
794 2907 998 2978 μᾶλλον
1039 2906 1182 2960 αὑτὰ
1218 2905 1584 2978 στρατιώταις
1617 2906 1710 2960 καὶ
1746 2906 1839 2960 ἄλ-

268 2997 384 3064 λοις
415 2997 496 3064 οἷς
519 3000 585 3054 ἂν
613 3001 805 3072 ἐθέλῃς
833 3001 1099 3054 κέλευσον
1134 2999 1546 3070 διανεμηθῆναι.
1577 2999 1840 3061 Βασιλεὺς

275 3095 376 3162 μὲν
427 3091 521 3145 οὖν
563 3093 810 3146 ἐπείθετο
841 3093 1085 3158 εἰπόντι,
1137 3093 1234 3146 καλ⁵
1278 3092 1368 3143 τὸν
1397 3091 1600 3162 χρυσὸν
1625 3093 1747 3153 ὅσος
1773 3086 1842 3160 ἦν

272 3185 530 3240 ἐκέλευσε
585 3179 985 3256 διανεμηθῆναι
1034 3189 1102 3256 τῇ
1171 3187 1424 3256 στρατιᾷ.
1474 3185 1618 3239 Ὅσα
1657 3185 1714 3238 δὲ
1773 3181 1842 3255 ἦν

275 3277 512 3339 ἔπιτλα,
542 3278 638 3330 καί
667 3295 790 3330 τινα
839 3280 904 3330 ἐκ
955 3276 1064 3331 τῶν
1095 3277 1332 3340 σκευῶν,
1364 3275 1475 3330 τῶν
1505 3275 1845 3348 εὐπατριδῶν

274 3368 490 3438 διεδόθη
529 3369 663 3422 τισί·
697 3369 794 3423 καὶ
826 3369 896 3422 τὰ
934 3369 1240 3439 λειπόμενα
1274 3368 1350 3438 τῷ
1387 3361 1847 3440 βασιλικῷ-προσ-

276 3461 420 3531 ήχθη
455 3461 718 3532 ταμιείῳ.
757 3459 933 3535 Ὀκτῲ
957 3460 1014 3514 δὲ
1047 3461 1287 3532 ἡμέραις
1316 3464 1386 3532 τῇ
1417 3461 1628 3532 Ἀχρίδι
1667 3461 1846 3515 ἐνδια-

274 3553 551 3624 τρίψαντα
597 3552 829 3624 βασιλέα
854 3593 867 3615 ,
911 3555 965 3607 οἵ
993 3571 1056 3607 τε.
1095 3557 1194 3619 τὰς
1239 3555 1526 3619 Δεαόὁλεις
1553 3556 1849 3626 νεμόμενοι

289 3647 544 3700 Ἀλϐανοὶ
602 3647 881 3715 νομάδες,
928 3649 1023 3702 καὶ
1073 3649 1122 3702 οἱ
1165 3647 1264 3712 τὰς
1311 3647 1647 3712 Κολωνείας,
1685 3646 1850 3702 ἔτιδὲ

281 3742 378 3795 καὶ
411 3743 460 3794 οἱ
501 3741 750 3811 ’Δχρίδος
783 3739 974 3809 ἐγγὺς,
1002 3740 1418 3812 προσεκύνησαν
1457 3741 1724 3806 ἐλθόντες,
1756 3742 1852 3795 καὶ

277 3833 558 3886 δουλεύειν
596 3817 997 3905 ἐπηγγείλαντο
1032 3831 1350 3904 προθύμως.
1388 3833 1525 3895 Τοὺς
1563 3832 1620 3886 δὲ
1660 3833 1851 3904 πόρρω

277 3923 727 3995 κατῳκισμένους
759 3924 895 3994 πρὸς
927 3925 1210 3994 ἐσχατιαῖς
1261 3925 1360 3994 τῆς
1403 3923 1692 3994 Ῥωμαίων
1720 3927 1854 3995 ἠγε-

280 4015 495 4087 μονίας,
531 4017 841 4087 γράμματα
881 4014 1067 4068 ἐκάλει
1115 4014 1372 4086 βασιλικὰ
1405 4015 1543 4084 πρὸς
1576 4015 1849 4068 Θεσσαλο-

282 4109 448 4178 νίκην
507 4107 684 4160 ἐλθεῖν
719 4146 736 4171 ,
791 4107 867 4170 ὡς
917 4088 1401 4177 προσκυνήσοντας
1452 4107 1588 4158 ἐκεῖ.
1637 4107 1745 4158 Καὶ
1789 4106 1850 4159 οὗ

279 4198 468 4266 πο).ὶῷ
499 4199 726 4268 ὕστερον
755 4194 938 4269 ἦλθον.
980 4197 1038 4252 Ὀ
1073 4198 1260 4267 μέντοι
1300 4179 1523 4267 Κράλης
1543 4196 1660 4266 ἅμα
1694 4213 1854 4268 στρα-

278 4289 362 4357 τῷ
395 4290 554 4342 παντὶ
577 4287 656 4356 τῷ
695 4286 791 4340 ὑπ’
820 4287 1000 4351 αὑτὸν,
1033 4289 1091 4340 ἐν
1114 4286 1389 4357 μεθορίοις
1431 4288 1531 4357 τῆς
1569 4287 1735 4341 αὑτοῦ
1759 4289 1853 4341 καὶ

293 4379 585 4450 Ῥωμαίων
615 4378 911 4448 ἡγεμονίας
966 4378 1063 4442 ὣν,
1116 4379 1222 4433 ὑπὸ
1280 4379 1381 4450 μὲν
1437 4379 1547 4433 τῶν
1600 4380 1853 4449 φυγάδων

293 4473 583 4540 Ῥωμαίων
631 4472 904 4542 ὁσημέραι
965 4470 1328 4541 παρεκαλεϊτο
1393 4471 1534 4524 κατὰ
1592 4471 1853 4542 βασιλέως

281 4566 483 4630 ἐλθεῖν,
525 4565 622 4617 καὶ
671 4563 850 4632 μάχην
875 4562 1186 4616 συνάπτειν·
1219 4563 1462 4632 ὑπήκουε
1494 4562 1549 4615 δέ
1583 4564 1853 4630 οὐδαμῶς,

1939 2104 1997 2149 ct
2073 2093 2264 2163 iniquo
2329 2108 2559 2148 munere
2618 2108 2684 2148 ac
2746 2093 2902 2148 lucro
2957 2091 3138 2150 minor
3187 2099 3513 2161 appareret;

1943 2185 2056 2239 imo
2108 2183 2397 2238 enimvero
2448 2183 2637 2254 potius
2669 2182 2944 2238 militibus
2965 2221 2981 2248 ,
3006 2190 3062 2238 et
3089 2183 3212 2237 aliis
3241 2223 3257 2249 ,
3315 2180 3518 2251 quibus

1942 2275 2202 2345 placeret,
2224 2273 2444 2345 juberet
2469 2271 2746 2328 distribui.
2772 2273 2976 2329 Morem
2999 2271 3168 2344 gessit
3191 2273 3510 2342 imperator,

1942 2371 1998 2418 et
2038 2379 2320 2419 nummum
2351 2362 2642 2420 aureorum
2672 2376 2940 2435 quantum
2983 2374 3130 2421 esset
3181 2365 3236 2419 in
3285 2365 3514 2418 militem

1942 2453 2224 2523 dispertiri
2257 2454 2570 2521 mandavit;
2599 2455 2847 2524 supellex
2868 2496 2884 2522 ,
2928 2465 2987 2512 et
3012 2470 3139 2510 vasa
3171 2454 3386 2524 aliquot
3414 2470 3537 2518 no-,

1942 2547 2150 2602 bilibus
2189 2545 2519 2616 quibusdam
2555 2547 2763 2602 donata
2785 2587 2800 2612 ,
2845 2547 3056 2618 reliqua
3086 2548 3140 2602 in
3189 2546 3378 2602 ﬁscum
3414 2546 3518 2599 imo

1944 2638 2216 2710 peratoris
2247 2637 2396 2692 illata
2441 2648 2610 2703 sunt,
2655 2654 2816 2708 quem
2852 2648 2975 2708 post
3005 2638 3290 2694 octiduum
3321 2637 3518 2692 Achri-

1944 2733 2066 2788 dem
2105 2732 2395 2786 adoratum
2441 2741 2712 2786 venerunt
2754 2740 2996 2803 agrestes
3025 2731 3264 2796 Albani,
3313 2730 3518 2800 quique
3565 2744 3617 2808 _’

1945 2824 2240 2887 Deabolcs,
2273 2823 2478 2893 quique
2520 2821 2801 2883 Colonias.
2826 2834 2881 2879 et
2909 2824 3003 2894 qui
3043 2824 3197 2895 juxta
3224 2821 3517 2877 Achridem

1948 2914 2245 2977 habitant,
2273 2929 2332 2970 se
2382 2922 2638 2984 prompte
2685 2913 2734 2968 ei
2782 2916 3060 2984 parituros
3107 2915 3522 2984 promittentes.

1949 3006 2199 3077 Longius
2231 3013 2415 3060 autem
2446 3047 2460 3070 ,
2500 3005 2553 3058 in
2584 3004 2793 3060 ultimis
2839 3005 3096 3061 videlicet
3145 3005 3547 3060 Romanorum.

1952 3100 2156 3155 linibus
2185 3100 2521 3166 incolentes,
2573 3101 2770 3173 littera:
2815 3099 3180 3170 imperatoriae
3224 3095 3522 3151 Thessaloa

1949 3189 2130 3244 nicam
2156 3232 2169 3252 ,
2205 3190 2281 3245 ibi
2310 3191 2572 3262 obsequia
2620 3207 2719 3248 sua
2765 3187 3067 3246 honoriﬁce
3098 3185 3376 3241 delaturos
3427 3199 3520 3238 ac-

1951 3279 2316 3344 cersiverunt,
2357 3282 2451 3350 qui
2482 3282 2634 3337 brevi
2663 3281 2980 3336 adfuerunt.
3011 3277 3129 3332 1am
3157 3290 3290 3333 vero
3332 3275 3560 3330 Crales-.

1949 3386 2077 3424 cum
2112 3381 2229 3430 toto
2259 3374 2474 3444 agmine
2506 3389 2605 3428 suo
2651 3374 2705 3428 in
2732 3372 2982 3428 conﬁniis
3014 3369 3343 3431 consistens,
3371 3383 3398 3420 a
3439 3366 3522 3420 lu-

1928 3462 2133 3544 Vgitivis
2180 3463 2442 3521 Romanis
2498 3465 2746 3536 quotidie
2794 3463 2860 3519 ad
2905 3463 3320 3534 praeliumcum
3351 3459 3524 3528 impe-

1957 3565 2144 3611 ratore
2172 3544 2635 3612 committendum
2689 3554 3120 3618 sollicitabatur;
3169 3550 3301 3622 qui,
3339 3548 3521 3604 infau-

1951 3656 2098 3702 stum
2135 3647 2442 3705 formidans
2467 3651 2701 3716 exitum,
2729 3663 3074 3720 nequaquam
3107 3661 3203 3700 eos
3228 3643 3519 3706 audiebat;

1953 3737 2185 3795 Cbreles
2218 3741 2294 3795 illi
2330 3741 2384 3795 in
2423 3741 2836 3812 exspectatione
2889 3747 3040 3804 erat,
3087 3736 3180 3808 qui
3211 3735 3405 3790 Pheris
3429 3733 3531 3788 ads

1951 3846 2173 3886 versum
2222 3833 2614 3902 imperatorem
2665 3832 2938 3901 iuniorem
2967 3827 3230 3884 Romanis
3257 3825 3520 3881 auxilium
3552 3865 3554 3868 μ

1954 3922 2165 3986 ferens,
2203 3922 2450 3976 nondum
2495 3922 2759 3978 redierat.
2801 3921 2905 3975 Ex.
2931 3935 3034 3982 eo.
3074 3918 3160 3974 de.
3191 3919 3523 3986 imperatore

1954 4013 2185 4083 ejusque
2221 4013 2505 4080 exercitu,
2558 4013 2904 4067 invadendus
2953 4016 3242 4078 essetnec
3289 4020 3396 4069 ne,
3439 4005 3524 4058 in-

1956 4105 2208 4176 telligere
2256 4104 2535 4175 cupiebat.
2571 4105 2909 4159 Praesentem
2943 4104 3056 4174 jam
3099 4105 3520 4170 percunctatur,

1955 4195 2158 4264 ecquid
2220 4193 2626 4263 conﬂigendum
2686 4202 2864 4264 putet.
2926 4192 3020 4246 llle
3093 4203 3284 4260 pacem
3342 4189 3525 4267 potius

1959 4286 2273 4356 agitandam
2296 4327 2310 4350 ,
2355 4301 2458 4340 nec
2484 4285 2688 4340 bellum
2717 4323 2731 4348 ,
2765 4283 2912 4353 quod
2955 4281 3136 4337 adhuc
3180 4281 3392 4335 nullum
3427 4280 3522 4346 sit,

1956 4379 2088 4444 sibi,
2117 4377 2343 4437 suisque
2387 4375 2781 4431 accersendum
2808 4375 3098 4430 hortatur:
3137 4374 3524 4443 imperatorem

1958 4469 2134 4539 ipsum
2163 4467 2359 4522 Pheris
2383 4481 2442 4521 se
2467 4466 2694 4530 vidisse,
2729 4465 3018 4519 ducentem
3059 4464 3247 4534 copias
3276 4462 3523 4533 exiguas,

1957 4575 2148 4614 verum
2179 4559 2232 4612 in
2260 4567 2376 4612 arte
2401 4557 2625 4612 militari
2658 4566 2944 4628 tantopere
2965 4557 3526 4629 exercitatas,equis—

281 4656 472 4718 δεδιὼς
524 4654 600 4725 μὴ
641 4655 701 4708 οὐ
758 4653 900 4707 κατά
951 4653 1176 4724 γνώμην
1232 4654 1381 4724 αὐτῷ
1425 4654 1496 4708 τὰ
1547 4655 1845 4726 πράγματα

1959 4667 2105 4723 que,
2153 4659 2208 4706 et
2259 4650 2426 4705 armis
2452 4657 2562 4704 tam
2617 4650 2820 4704 eximie
2881 4650 3248 4714 instructas,
3294 4659 3356 4704 ut
3407 4649 3527 4705 solo

286 4748 538 4819 χωρήσῃ·
569 4745 862 4816 περιέμενε
893 4744 951 4799 δέ
981 4745 1075 4798 τὸν
1102 4745 1336 4815 Χρέλην,
1361 4745 1418 4808 ὃς
1443 4741 1512 4816 ἦν
1550 4747 1609 4799 ἐν
1640 4747 1856 4813 Φεραῖς,

297 4842 593 4911 Ῥωμαίοις
642 4840 786 4894 κατὰ
830 4837 924 4893 τοῦ
954 4840 1078 4893 νέου
1107 4839 1372 4908 βασιλέως
1404 4839 1716 4909 συμμαχῶν
1756 4840 1860 4911 (ἔτι

288 4933 400 5002 γὰρ
432 4931 630 5000 ἀπῆν),
659 4930 791 5000 παρ’
820 4929 986 4983 αὑτοῦ
1049 4930 1179 4999 περὶ
1223 4929 1486 5000 βασιλέως
1513 4929 1606 4981 καὶ
1648 4929 1746 4998 τῆς
1770 4929 1862 4982 ὑπ’

288 5024 456 5078 αὑτὸν
511 5021 775 5090 στρατιᾶς
807 5019 1138 5090 βουλόμενος
1181 5019 1451 5072 πυθέσθαι
1487 5020 1536 5071 εί
1574 5020 1858 5089 ἐπιχειρη-

287 5114 389 5167 τέα
429 5114 538 5181 εἴη,
580 5113 614 5183 ἢ
657 5112 756 5182 μή.
800 5112 958 5165 Ἐπεὶ
989 5112 1046 5163 δὲ
1083 5113 1300 5180 ἀφῖκτο,
1335 5111 1664 5164 ἐπυνθάνετο
1694 5111 1858 5164 αὐτοῦ

289 5203 320 5254 ὁ
370 5201 596 5268 Κράλης
630 5200 678 5252 εί
715 5199 852 5269 πρὸς
895 5199 1121 5269 βασιλέα
1169 5199 1504 5269 πολεμητέον
1555 5199 1664 5270 εἴη.
1718 5199 1778 5252 '0
1807 5199 1864 5253 δέ

295 5292 706 5355 συνεεούλευεν,
758 5292 979 5362 εῑρήνην
1033 5291 1233 5361 μᾶλλον
1289 5290 1463 5354 ἄγειν,
1520 5291 1614 5341 καὶ
1651 5287 1729 5359 μὴ
1775 5287 1864 5340 τὸν

291 5387 395 5439 οὐκ
422 5385 551 5438 ὄντα
584 5385 820 5452 πόλεμον
849 5382 1026 5449 ἐαυτῷ
1054 5382 1148 5434 καὶ
1189 5381 1453 5452 ὑπηκόοις
1480 5381 1728 5449 ἐπάγειν.
1762 5380 1866 5432 Βα-

211 5507 218 5514 -
295 5477 449 5531 σιλέα
471 5479 583 5546 γὰρ
606 5475 771 5538 αὐτὸς
804 5475 988 5542 ἔλεγεν
1017 5477 1076 5528 ἐν
1107 5475 1302 5542 Φεραῖς
1333 5473 1636 5543 ἑωρακέναι
1660 5471 1867 5539 ἄγοντα

299 5568 401 5637 μὲν
436 5568 662 5636 στρατὸν
689 5567 750 5618 οὐ
774 5566 914 5618 πάνυ
944 5564 1132 5630 πολὺν,
1157 5564 1413 5617 τοσοῦτον
1437 5565 1495 5617 δὲ
1538 5566 1602 5616 τά
1627 5563 1866 5632 πολέμια

1959 4747 2181 4810 aspectu
2237 4745 2506 4793 terrorem
2561 4737 2895 4793 incuterent.
2949 4736 3030 4790 Ad
3080 4736 3188 4791 hoc
3212 4775 3232 4801 ,V
3276 4744 3409 4790 tam.
3440 4751 3532 4790 se-

1959 4829 2082 4883 date
2108 4869 2122 4894 ,
2179 4830 2254 4896 ct'
2279 4829 2530 4883 ordinate
2587 4827 2760 4883 duces
2797 4842 2928 4882 suos
2963 4833 3292 4898 sequentes,
3315 4834 3374 4879 ut
3419 4841 3556 4880 non.

1960 4923 2168 4977 multos
2209 4919 2307 4976 sed
2360 4935 2530 4974 unum
2580 4918 2848 4974 duntaxat
2897 4933 3017 4973 esse
3051 4916 3270 4973 credas.
3330 4915 3558 4970 Fusci-—

1960 5015 2178 5084 pientes
2239 5011 2370 5067 item
2454 5011 2697 5076 audire,
2762 5019 2820 5064 et
2890 5018 3161 5080 praecepta
3231 5006 3552 5063 coniicerm.

1966 5106 2202 5160 Tantum
2245 5113 2426 5160 autem
2486 5103 2808 5158 fortitudine
2852 5111 2910 5158 et
2961 5101 3192 5174 audacia
3237 5099 3528 5166 excellere,

1969 5207 2028 5250 ut
2071 5198 2328 5266 quamvis
2368 5211 2602 5250 numero
2633 5194 2968 5250 adversariis
3000 5194 3172 5248 multo
3213 5191 3526 5254 inferiores,

1969 5287 2129 5357 173.
2156 5301 2252 5340 eos
2277 5286 2346 5339 ad
2378 5285 2567 5339 urbem
2597 5284 2843 5355 ipsorum
2873 5285 3017 5338 nulla
3040 5283 3258 5352 penitus
3281 5291 3530 5336 conster-

1965 5381 2224 5442 natione,
2289 5387 2382 5432 aut
2441 5375 2740 5431 formidine
2801 5385 3180 5446 sequerentur,
3243 5383 3299 5428 et
3358 5387 3529 5442 prope

1965 5471 2192 5533 Pheras,
2225 5483 2334 5538 quo
2365 5469 2481 5522 acie
2500 5483 2624 5522 cum
2659 5467 2766 5522 illis
2797 5467 3148 5532 dimicarent,
3179 5466 3324 5520 dicm
3357 5472 3529 5519 totum

1966 5563 2070 5617 sub
2105 5562 2273 5630 signis
2307 5569 2537 5625 starent,
2575 5561 2720 5631 pleni
2747 5560 2942 5615 Martio
2971 5559 3166 5630 spiritu
3213 5559 3421 5612 hostem
3461 5555 3540 5608 ad.

1532 5677 1746 5739 Jacobi
1784 5679 2046 5740 Pontani
2090 5685 2274 5738 noue.

375 5783 452 5854 (Α)
505 5782 746 5838 Observa
789 5783 1104 5854 praeclarum
1148 5780 1458 5854 exemplum
1512 5780 1653 5854 grati
1700 5774 1868 5854 animi

304 5860 358 5908 in
386 5850 762 5920 imperatore;
789 5850 981 5922 ’tnag'ni
1013 5863 1194 5922 autem
1229 5853 1282 5904 in
1315 5850 1865 5922 magno’domestico,

306 5924 400 5995 qui
433 5919 722 5992 pecuniam
750 5919 917 5979 totani
952 5921 1227 5991 repudiat,
1257 5919 1424 5991 quam
1445 5920 1694 5989 accipere
1717 5919 1866 5989 juste

1969 5788 2203 5850 poterat.
2243 5780 2360 5834 Non
2387 5777 2569 5850 quivis
2602 5786 2812 5833 tantum
2845 5777 2962 5832 auri
2999 5790 3256 5833 acervum
3304 5773 3559 5839 irretorr:

1969 5847 2038 5906 iis
2070 5850 2244 5906 oculis
2271 5847 2648 5920 spectavisset.
