3902 6566
155 429 287 495 381
1363 437 1794 501 HISTORIAR‘

1897 442 1900 500 ἶ
1945 442 2175 504 LIBER
2208 443 2252 507 Ῐ.
3213 501 3216 504 .
3340 447 3445 515 382

158 544 589 616 ὖπερσχόντες,
650 545 949 617 ἐτρέψαντό
1032 565 1124 627 τε.
1168 551 1295 613 τοὺς
1377 553 1770 624 ἀντιτεταγμέ-

1897 556 2094 611 >erator
2143 555 2252 610 Deo
2285 554 2496 626 gratias
2520 555 2652 626 egit,
2689 571 3104 628 conversusque
3151 557 3216 613 ad
3260 573 3446 617 astan-

160 656 341 704 νους,
399 640 493 693 καὶ
547 638 647 709 τὴν
690 637 873 704 δίωξιν
913 641 1242 710 ἐποιήσαντο
1268 643 1394 714 ἄχρι
1444 644 1767 710 Βυζαντίου.

1897 643 2008 698 ium
2050 642 2444 713 frequentiam,
2496 659 2604 698 non
2635 643 2808 713 magis
2849 659 2909 699 se
2951 645 3183 700 victoria
3215 662 3442 702 suorum

161 731 305 784 Καὶ
344 728 476 791 τοὺς
504 730 605 798 μὲν
630 730 965 783 ἀπέκτειναν
1015 731 1217 798 αὐτῶν,
1248 735 1372 795 τοὺς
1395 733 1450 787 δὲ
1490 737 1586 789 καὶ
1627 731 1772 790 εἷλον

1897 737 2145 792 :xsultare
2175 734 2463 790 confessus
2491 744 2593 798 est,
2620 749 2787 804 quam
2818 736 3162 802 contristari,
3191 739 3466 794 adversa;

161 821 408 888 ζῶντας
436 820 576 890 πλὴν
603 821 804 890 ὀλίγων
827 821 942 876 ὂσοι
971 823 1311 896 διεσώθησαν
1337 827 1416 890 είς
1439 826 1538 898 τήν
1571 827 1728 881 πόλιν
1752 842 1767 858 ο

1897 828 1987 883 ’ὶοε
2003 837 2302 897 superatos
2323 842 2464 882 esse.
2493 827 2613 882 Non
2642 826 2792 882 enim
2829 827 2900 882 ob
2927 827 3034 884 hoc
3065 831 3446 884 tantummodo

166 915 340 968 ἑάλω
390 911 450 966 δὲ
487 913 582 967 καὶ
614 914 642 966 ό
696 914 1030 985 στρατηγός.
1083 915 1194 970 Καὶ
1256 917 1578 987 νικήσαντες
1617 934 1776 989 περι-

1897 929 2020 974 usto
2050 919 2240 974 dolore
2287 919 2456 988 tangi,
2507 920 2658 989 quod
2700 919 2795 989 qui
2833 920 3170 976 cecidissent
3205 922 3434 976 Romani

169 1003 410 1073 φανῶς,
449 1004 810 1074 ἀνεχώρησαν
848 1005 938 1058 ἐπ’
984 1004 1163 1062 οῖκου.
1191 1007 1413 1061 Τούτων
1468 1009 1526 1062 δὲ
1579 1009 1774 1076 ἀγγελ-

1897 1008 2128 1079 ‘uissent,
2161 1023 2268 1064 non
2293 1009 2440 1064 inter
2471 1023 2553 1077 se,
2583 1009 2678 1064 sed
2712 1026 2814 1080 pro
2843 1026 2902 1066 se
2917 1022 3120 1067 mutuo
3152 1012 3443 1067 adversum

172 1097 426 1160 θέντων,
460 1096 560 1166 τῆς
599 1095 700 1166 μὲν
726 1095 884 1166 νίκης
906 1095 1071 1150 ἕνεκα
1101 1098 1130 1150 δ
1161 1098 1416 1170 βασιλεὺς
1444 1101 1776 1172 εὐχαριστη-

1897 1097 2146 1154 Barbaros
2179 1099 2513 1155 decertando
2567 1101 2900 1157 occumbere
2931 1103 3309 1173 oportuisset;
3346 1103 3444 1159 sed

171 1188 348 1259 ρίους
408 1186 575 1256 εὐχάς
629 1187 882 1242 ἀπεδίδου
913 1188 1076 1259 Θεῷ·
1119 1191 1481 1263 ἐπιστραφεὶς
1535 1191 1592 1245 δὲ
1641 1193 1776 1261 πρὸς

1897 1189 2018 1259 ιιιοᾶ
2049 1190 2373 1256 timendum,
2407 1207 2476 1248 ne
2513 1193 2736 1263 quidam
2772 1195 2828 1250 in
2858 1210 3050 1250 eorum
3087 1212 3318 1251 numero
3353 1205 3450 1252 aut

169 1279 321 1342 τοὺς
354 1280 652 1350 παρόντας,
678 1280 863 1336 πολλοὶ
889 1281 946 1334 δὲ
979 1278 1147 1354 ἦσαν,
1193 1282 1254 1336 οὐ
1313 1283 1515 1354 μᾶλλον
1548 1284 1772 1354 ἥδεσθαι

1897 1279 2060 1343 unici,
2083 1281 2486 1337 necessitudine
2511 1285 2972 1354 conjunctissima}
2989 1285 3214 1341 fuerint.
3236 1288 3451 1342 Postre-

173 1371 296 1442 εφη
362 1372 760 1441 κρατησάντων
806 1371 916 1426 τῶν
975 1375 1339 1446 σφετέρων,ἦ
1394 1378 1518 1430 ὅσον
1547 1379 1770 1431 ἀνιᾶται

1897 1387 1986 1437 uo,
2019 1381 2113 1426 aut
2135 1373 2282 1442 quod
2300 1390 2408 1429 non
2429 1389 2461 1429 a
2480 1373 2735 1430 Barbarie
2749 1387 2940 1431 natura
2960 1378 3236 1444 hostibus,
3255 1380 3351 1433 sed
3370 1379 3439 1433 ab
3481 1435 3498 1442 ,,

174 1467 285 1519 ἐπὶ
311 1467 383 1534 τῇ
414 1464 521 1517 τῶν
551 1463 1029 1533 ἀντιτεταγμένων
1059 1465 1226 1539 ἥσσῃ.
1253 1465 1329 1520 Οὐ
1363 1466 1473 1538 γὰρ
1505 1466 1667 1534 μόνον
1691 1467 1775 1520 ὅτι

1897 1464 2223 1521 ιωὶοἰεείιηὶε
2246 1466 2410 1522 deleti
2433 1466 2650 1534 sint.§Et
2669 1467 2888 1537 opinor,
2903 1469 3102 1538 inquit,
3125 1485 3227 1524 nos
3254 1485 3447 1524 eorum

189 1553 474 1624 Ῥωμαῖοι
501 1555 553 1608 oi
581 1555 864 1620 πεσόντες,
893 1554 988 1618 οὓς
1025 1557 1196 1627 ἐχρῆν
1227 1557 1289 1610 οὐ
1311 1556 1447 1629 πρὸς
1480 1557 1774 1630 ἀλλήλους,

1897 1557 2104 1621 ιίιοίιθε,
2154 1556 2250 1626 qui
2297 1557 2512 1613 insania
2547 1573 2613 1612 ac
2646 1558 2834 1614 furore
2871 1562 3101 1631 perciti,
3143 1577 3274 1617 suas
3303 1562 3448 1632 ipso-

175 1644 311 1698 ἀλλ’
349 1643 492 1713 ὑπὲρ
516 1642 766 1712 ἀλλήλων
805 1642 1105 1713 βαρϐάροις
1151 1645 1498 1715 μαχομένους
1533 1645 1778 1719 ἀποθνή-

1897 1667 2000 1704 'um
2026 1664 2221 1704 carnes
2247 1649 2727 1715 commanducant,
2759 1666 2899 1721 quos
2927 1652 2998 1707 ob
3031 1653 3345 1708 alimoniam
3375 1662 3452 1708 tc-

181 1751 378 1799 σκειν,
434 1733 644 1788 δίκαιον
689 1734 896 1800 ἀλγεῖν,
927 1733 1046 1786 ἀλλ’
1099 1735 1183 1787 ὅτι
1233 1733 1354 1798 δέος
1396 1735 1473 1806 μὴ
1516 1739 1612 1791 καὶ
1665 1737 1777 1791 τῶν

1897 1740 2159 1795 ,errimam
2191 1755 2300 1796 non
2349 1741 2598 1807 laudare,
2647 1741 2744 1797 sed
2797 1743 3047 1798 miserari
3094 1759 3312 1814 acquum
3342 1754 3448 1799 est.

177 1821 546 1876 οἰκειοτάτων
569 1818 765 1893 τινδςή
802 1819 913 1873 τῶν
942 1821 1114 1889 φίλων
1135 1817 1280 1894 ἦσαν
1302 1823 1352 1877 oi
1385 1824 1774 1891 ἀποθανόντες,

1897 1833 1949 1887 Et
1984 1831 2130 1903 quod
2158 1833 2330 1904 majus
2366 1831 2636 1903 proiecto,
2667 1832 2796 1904 quia
2839 1849 2949 1888 non
3001 1833 3319 1890 Graecorum
3364 1851 3454 1889 so~

181 1918 294 1971 καὶ
354 1913 564 1986 τρίτον,
603 1914 688 1968 ὅτι
753 1913 870 1984 οὐχ*
928 1913 1034 1967 ὑπὸ
1094 1913 1386 1987 βαρϐάρων
1447 1915 1556 1969 τῶν
1615 1916 1776 1984 φύσει

1903 1941 2015 1989 um,
2043 1937 2099 1981 et
2133 1926 2522 1990 Barbarorum,
2549 1926 2616 1980 ad
2651 1943 2790 1997 quos
2820 1927 2899 1982 rei
2935 1929 3075 1984 fama
3123 1929 3450 1999 pervaserit,

183 2008 500 2078 πολεμίων,
553 2005 673 2062 ἀλλ’
721 2007 814 2076 ὑφ’
874 2007 1033 2077 ήμῶν
1089 2008 1402 2063 ἀνάλωνται
1469 2008 1581 2062 τῶν
1631 2008 1776 2063 πάνυ

1897 2018 2030 2079 ιόίο.
2077 2027 2302 2088 propter
2350 2026 2602 2071 mutuum
2649 2017 2830 2072 scelus
2873 2017 3024 2088 digni
3061 2019 3305 2082 erimus;
3354 2019 3452 2073 sed

183 2095 528 2168 φιλούντων.
570 2097 680 2150 Καὶ
736 2095 976 2189 έοικέναι
1038 2097 1190 2168 ἡμᾶς
1237 2099 1446 2167 νομίζω
1495 2100 1611 2163 τοῖς
1670 2098 1779 2154 ὑπὸ

1897 2109 2123 2163 lubitari
2159 2116 2360 2178 potest,
2395 2123 2465 2162 an
2498 2107 2798 2177 quidquam
2844 2108 3040 2163 horum
3076 2108 3188 2166 Deo
3217 2110 3452 2180 placeat,

188 2187 406 2259 μανίας
454 2189 562 2240 τῶν
621 2187 770 2240 ίδίων
815 2187 1040 2259 σαρκῶν
1089 2189 1551 2260 ἑμφορουμένοις,
1579 2190 1629 2245 οἶ
1676 2190 1778 2244 οὐκ

1897 2209 1935 2256 :t
1966 2215 2074 2254 non
2105 2215 2259 2270 aeque
2289 2215 2347 2254 se
2379 2209 2619 2265 tuentes,
2654 2209 2716 2255 ut
2746 2199 3068 2256 invadentes
3092 2200 3237 2270 apud
3273 2201 3452 2267 ipsum

188 2280 565 2346 ἐπαινεῖσθαι,
632 2279 746 2332 ἀλλ’
801 2279 1073 2334 ἐλεεῖσθαι
1123 2279 1324 2334 δίκαιοι
1403 2283 1504 2350 τῆς
1573 2282 1778 2336 ἀτόπου

1902 2293 2115 2348 udicem
2167 2307 2356 2362 ptenas
2402 2291 2796 2347 commeruisse
2851 2292 3168 2368 yideantur.
3225 2291 3457 2346 Nostros

187 2371 435 2440 τροφῆς.
488 2369 599 2423 Καὶ
632 2367 694 2420 τὸ
737 2367 802 2438 δὴ
843 2366 1053 2437 μεῖζον,
1099 2369 1182 2422 ὅτι
1212 2371 1310 2439 οὐχ
1361 2369 1468 2423 ὑπὸ
1511 2369 1782 2441 Ἐλλήνων

197 2459 372 2530 μόνον
401 2457 496 2512 καὶ
518 2456 811 2528 βαρϐάρων
827 2456 938 2510 τῶν
958 2457 1266 2512 ἀκουόντων
1285 2458 1484 2514 δίκαιοι
1501 2460 1780 2530 μισεῖσθαι

191 2553 303 2622 τῆς
337 2552 418 2616 είς
441 2551 704 2622 ἀλλήλους
726 2550 1098 2620 παρανομίας,
1137 2550 1257 2605 ἀλλ’
1277 2550 1473 2622 ἄδηλον
1513 2549 1568 2604 εί
1587 2567 1640 2604 τι
1687 2553 1781 2606 καὶ¹

196 2645 317 2700 τῶν
369 2644 670 2715 γινομένων
723 2642 945 2715 ἀρέσκει
993 2642 1134 2713 Θεῷ,
1159 2643 1255 2696 καὶ
1296 2644 1370 2714 μή
1401 2644 1598 2712 ἐπίσης
1642 2644 1695 2697 οῖ
1719 2660 1781 2698 τε

200 2737 547 2808 ἀμυνόμενοι
599 2735 696 2790 καὶ
741 2738 792 2790 οῖ
838 2736 1088 2798 ἐπιόντες
1135 2735 1275 2802 ἄξιοι
1318 2736 1598 2807 τιμωριῶν
1649 2738 1782 2806 παρ’

203 2828 364 2897 αὑτῷ
386 2830 566 2899 κριτῇ.
613 2826 947 2897 Ἐβουλόμην
973 2827 1072 2898 μὲν
1105 2826 1200 2880 οὖν
1231 2827 1306 2898 μή
1333 2826 1441 2880 ἀπὸ
1467 2828 1780 2900 Ῥωμαίων,

204 2923 327 2977 ἀλλ’
376 2922 484 2976 άπδ
543 2919 834 2992 βαρϐάρων
875 2921 1168 2990 έστηκέναι
1228 2919 1292 2972 τὸ
1344 2920 1607 2992 τρόπαιον
1665 2922 1784 2984 τοῖς

207 3015 526 3088 ἡμετέροις,
547 3013 636 3068 ἵνα
669 3005 816 3084 εῖχον
847 3013 946 3082 τῆς
973 3013 1130 3082 νίκης
1159 3011 1409 3083 καθαράν
1437 3012 1536 3083 τὴν
1564 3012 1781 3084 ἡδονήν.

223 3107 446 3177 Ἐπειδὴ
475 3105 534 3160 δὲ
589 3103 732 3159 οὕτω
779 3104 848 3158 τά
887 3099 1133 3174 ἡμέτερα
1163 3104 1268 3158 ὑπὸ
1326 3103 1589 3175 φθονεροῦ
1639 3121 1786 3170 τινος

1881 2359 2050 2455 igitur
2077 2359 2186 2438 non
2236 2385 2305 2439 de
2356 2384 2642 2450 Romanis,
2674 2383 2770 2438 sed
2804 2359 2872 2438 de
2905 2383 3158 2438 Barbaris
3191 2391 3454 2452 tr0paeum

1821 2498 1832 2542 ὲ
1880 2478 2122 2533 erexisse
2168 2477 2385 2542 vellem,
2430 2484 2492 2530 ut
2531 2491 2563 2532 e
2604 2476 2835 2531 victoria
2865 2491 2966 2530 sua
3012 2476 3282 2546 liquidum
3344 2476 3459 2529 sin-

1882 2583 2182 2639 cerumque
2208 2568 2867 2640 gaudiumperciperent.
2899 2567 3007 2623 Sed
3048 2569 3310 2637 quoniam
3351 2568 3459 2622 dae-

1882 2660 2063 2715 monis
2089 2659 2321 2729 alicujus
2345 2657 2648 2712 invidentia
2675 2658 2880 2712 factum
2911 2666 3019 2723 est,
3057 2667 3116 2712 ut
3147 2661 3261 2728 ipsa
3286 2658 3456 2712 etiam

1881 2750 2112 2806 victoria
2135 2749 2356 2805 dolendi
2381 2750 2666 2804 materiam
2697 2749 2857 2806 nobis
2879 2750 3207 2822 porrigeret,
3233 2747 3456 2804 Numini

1883 2844 2088 2915 gratias
2110 2858 2334 2914 magnas
2364 2857 2487 2912 ago,
2515 2857 2624 2896 non
2654 2841 2818 2898 modo
2861 2843 3008 2913 quod
3053 2845 3191 2898 meis
3236 2843 3301 2897 ad
3338 2843 3460 2894 vin-

1884 2936 2120 2992 cendum
2147 2944 2345 3005 praesto
2379 2935 2502 2997 iuit,
2535 2950 2723 2990 verum
2751 2935 2915 2990 etiam
2943 2935 3088 3006 quod
3141 2935 3286 2990 bello
3328 2933 3459 2988 huic

1885 3034 2076 3083 auctor
2099 3029 2247 3083 nulla
2267 3043 2334 3082 ex
2363 3037 2518 3096 parte
2539 3027 2864 3082 exstiterim.
2891 3028 3208 3083 Exstiterim
3231 3036 3415 3082 autem
3433 3026 3460 3078 ‘l
3573 3037 3580 3042 ‘

1889 3119 2002 3188 imo
2034 3126 2093 3173 et
2131 3131 2198 3172 eo
2235 3132 2266 3170 a
2317 3115 2590 3185 principio
2641 3116 2882 3169 conﬂato
2934 3121 3102 3171 multa
3149 3123 3455 3170 memoratu

213 3199 470 3268 δαίμονος
501 3195 931 3266 συνεσκευάσθη,
951 3195 1026 3259 ῶς
1063 3195 1156 3250 καὶ
1186 3194 1285 3264 τὴν
1305 3197 1467 3265 νίκην
1491 3195 1786 3265 ἀλγηδόνος

1897 3213 2060 3282 digna
2111 3218 2167 3265 et
2217 3209 2354 3272 dixi,
2393 3220 2447 3262 et
2490 3197 2616 3270 feci,
2648 3207 2884 3274 majores
2932 3207 3252 3269 obsecrans,
3285 3215 3346 3260 ut
3391 3221 3460 3260 eo

214 3287 398 3342 αἰτίαν
471 3286 758 3355 φαίνεσθαι
834 3286 988 3356 ήμῖν,
1064 3285 1293 3358 χάριτας
1372 3285 1622 3355 ὁμολογῶ
1711 3286 1786 3354 τῷ

1897 3307 2286 3373 temperarent,
2325 3297 2542 3354 tametsi
2579 3299 2630 3352 In
2659 3311 2824 3367 aqua,
2867 3296 3011 3367 quod
3049 3297 3275 3362 dicitur,
3302 3294 3458 3350 vidc-

217 3379 502 3453 Κρείττονι
531 3379 755 3442 πολλὰς,
780 3379 841 3430 οὐ
883 3377 1043 3448 μόνον
1067 3379 1149 3432 ὅτι
1183 3381 1296 3443 τοῖς
1333 3380 1488 3450 ἐμοῖς
1517 3380 1790 3451 συνήρατο

219 3472 354 3543 πρὸς
385 3472 485 3540 τὴν
515 3471 690 3542 νίκην.
711 3470 828 3524 ἀλλ’
861 3472 944 3524 ὅτι
975 3471 1070 3524 καὶ
1102 3471 1376 3542 μηδεμίαν
1405 3471 1588 3526 αίτίαν
1627 3472 1789 3535 αὐτὸς

218 3567 281 3622 ιν
301 3564 380 3636 τῷ
411 3548 531 3619 νυνὶ
569 3564 789 3636 πολέμῳ
816 3565 876 3620 οὐ
917 3566 1076 3636 μόνον
1109 3566 1490 3637 παρεσχόμην,
1521 3564 1658 3621 ἀλλά
1691 3567 1791 3621 καὶ

221 3658 539 3726 κινουμένου
593 3657 691 3728 τὴν
723 3657 918 3728 ἀρχὴν,
953 3657 1126 3712 πολλά
1181 3659 1278 3711 καὶ
1305 3656 1517 3728 ἔπραξα
1547 3658 1673 3724 ἄξια
1697 3662 1792 3714 καὶ

223 3747 375 3805 εἷπον
401 3749 583 3818 λόγου,
620 3749 872 3819 δεόμενος
897 3750 988 3802 τὸν
1026 3749 1259 3819 πόλεμον
1290 3749 1632 3803 καταθέσθαι
1665 3750 1789 3812 τοὺς

225 3843 528 3907 κινοῦντας,
564 3842 612 3896 εί
660 3845 756 3895 καὶ
796 3842 920 3896 καθ’
955 3842 1188 3905 ὑδάτων,
1215 3842 1276 3895 τὸ
1317 3843 1416 3910 τῆς
1465 3841 1790 3911 παροιμίας,

226 3937 444 3990 ἐδόκουν
473 3933 732 4003 γράφειν.
767 3933 830 3988 Οἱ
873 3915 990 4004 μὲν
1007 3932 1099 3987 οὖν
1123 3932 1484 3998 ἀκούσαντες,
1515 3932 1575 3984 οὐ
1633 3930 1793 4001 μόνον

223 4029 324 4099 τῆς
359 4027 643 4096 ἀγχινοίας
705 4023 1026 4096 ἐθαύμασαν
1078 4023 1470 4096 τὸνβασιλέα,
1516 4024 1654 4078 ἀλλὰ
1699 4023 1796 4077 καὶ

223 4119 319 4174 τοῦ
373 4118 448 4191 μὴ
505 4117 779 4189 φυσᾶσθαι
830 4117 958 4186 μηδ’
1005 4115 1330 4188 ἐπαίρεσθαι
1370 4116 1430 4168 ὲν
1471 4117 1590 4178 ταῖς
1635 4116 1794 4168 εὐτυ-

225 4212 394 4284 χίαις,
425 4211 540 4266 ἀλλ’
572 4211 632 4264 ἐν
656 4212 776 4274 ταῖς
797 4210 907 4264 τῶν
941 4208 1285 4280 πραγμάτων
1311 4208 1639 4285 μεταϐολαῖς
1681 4209 1796 4262 ἴσον

227 4307 324 4360 καὶ
357 4305 544 4374 ὅμοιον
592 4301 856 4374 παρέχειν
912 4301 1125 4355 ἑαυτόν.
1177 4299 1445 4363 Βασιλεὺς
1491 4299 1550 4353 δὲ
1597 4298 1691 4354 τόν
1733 4315 1796 4351 τε

229 4395 688 4467 πρωτοστράτορα
761 4393 1087 4464 γράμμασιν
1152 4391 1416 4463 ἠμείϐετο
1469 4389 1799 4462 εὐχαριστη-

233 4487 386 4558 ρίοις,
413 4487 509 4540 καὶ
549 4488 677 4546 τοὺς
726 4483 984 4547 συνόντας
1035 4483 1182 4554 αὑτῷ
1235 4482 1348 4537 τῶν
1385 4481 1793 4553 συγκλητικῶν,

1891 3397 1991 3451 bar
2043 3393 2308 3449 scribere.
2365 3391 2470 3457 Qui
2525 3391 2642 3445 haec
2691 3388 3010 3455 audiebant,
3067 3389 3457 3458 imperatorem

1891 3503 2000 3542 non
2030 3486 2096 3540 de
2118 3483 2338 3541 solertia
2360 3483 2562 3548 solum,
2589 3484 2685 3538 sed
2711 3483 2778 3536 de
2809 3481 3187 3536 moderatione
3215 3493 3458 3550 quoque.

1890 3578 2037 3650 quod
2070 3575 2350 3648 prosperis
2373 3575 2587 3631 eventis
2625 3589 2737 3629 non
2769 3573 3072 3637 iuuaretur,
3099 3587 3276 3642 neque
3299 3570 3463 3626 eﬂ'er-

1891 3685 2067 3736 retur,
2105 3668 2205 3725 sed
2240 3669 2295 3723 in
2349 3670 2466 3738 ipsa
2523 3680 2711 3722 rerum
2745 3663 3178 3722 commutatione
3205 3661 3457 3718 eamdem

1892 3773 1948 3819 et
1994 3761 2320 3830 aequabilem
2365 3767 2609 3814 servaret
2643 3757 2812 3813 animi
2848 3757 3242 3818 constantiam,
3285 3753 3464 3808 admi-

1893 3853 2182 3910 rabantur.
2245 3850 2401 3920 177
2461 3848 2782 3919 Imperator.
2822 3848 3024 3903 litteris
3070 3847 3460 3918 protostratori

1894 3945 2098 4016 gratias
2129 3942 2260 4013 egit,
2292 3952 2349 3996 et
2377 3940 2474 4011 qui
2503 3955 2629 3994 cum
2651 3954 2719 3994 eo
2742 3947 2902 3994 erant
2928 3938 2997 3994 de
3025 3939 3336 4002 nobilitate,
3367 3937 3468 3991 ho-

1895 4035 2125 4090 noribus
2151 4047 2270 4096 eos,
2297 4045 2362 4086 ac
2394 4029 2556 4086 donis
2581 4037 2966 4084 remuneratus
2988 4038 3074 4083 est
3105 4045 3120 4082 :
3153 4028 3466 4096 militesque

1895 4128 2031 4184 alios
2063 4132 2226 4180 aucto
2257 4109 2555 4194 stipendio,
2579 4121 2718 4176 alios
2745 4135 3056 4174 annuorum
3083 4133 3348 4173 eensuum
3385 4119 3469 4172 in-

1895 4223 2180 4276 cremento
2210 4213 2280 4269 ad
2335 4212 2542 4268 bellum
2573 4225 2674 4282 pro
2727 4225 2788 4266 se
2835 4194 3206 4269 conﬁrmavit,
3251 4207 3465 4262 animo-

1897 4309 2180 4377 sioresque
2231 4302 2501 4360 reddidit.
2545 4301 2664 4373 ipse
2705 4315 2836 4357 vero
2867 4300 3272 4355 Thessaloan
3299 4298 3468 4353 ratio-

1898 4402 2195 4463 cinatores,
2229 4408 2283 4453 et
2315 4396 2524 4452 scribas
2546 4394 2808 4460 instituit,
2837 4408 2936 4464 per
2954 4408 3094 4464 quos
3121 4390 3467 4448 occidentem

1899 4493 2206 4564 digerebat,
2235 4498 2292 4546 ct
2321 4489 2647 4558 adaequabat
2675 4505 2690 4541 :
2723 4495 2776 4542 et
2829 4486 2968 4540 alios
3019 4485 3246 4556 insuper
3279 4493 3474 4541 centu-

229 4579 414 4649 τιμαῖς
463 4593 524 4631 τε
576 4575 671 4629 καὶ
720 4575 911 4637 ἄλλαις
940 4573 1310 4644 εὐεργεσίαις,
1337 4572 1588 4637 καὶτοὺς
1629 4589 1793 4643 στρα‹

1898 4587 2097 4651 riabat,
2124 4592 2187 4638 ut
2211 4589 2494 4640 cresceret
2533 4580 2835 4636 exercitus.
2860 4581 2939 4636 Eo
2972 4579 3027 4634 in
3068 4579 3157 4633 bis
3189 4586 3470 4642 versante,

231 4671 450 4736 τιώτας,
512 4669 640 4732 τοὺς
693 4667 791 4736 μὲν
847 4665 1088 4719 ἑπιδόσει
1137 4667 1237 4738 τῆς
1295 4665 1658 4736 μισθοφορᾶς,
1687 4662 1799 4718 τῶν

176 4772 214 4840 -ζ
236 4762 464 4833 ἐτησίων
483 4759 541 4812 δὲ
569 4757 851 4828 προσόδων
869 4755 994 4817 τοὺς
1011 4754 1232 4818 λοιποὺς
1263 4753 1464 4827 μᾶλλον
1488 4754 1799 4825 ἐπέρρωσε,
1827 4774 1834 4779 ·

237 4855 330 4911 καὶ
391 4851 833 4926 προθυμοτέρους
895 4848 1034 4919 πρὸς
1079 4848 1142 4902 τδ
1192 4849 1452 4918 πολεμεῖν
1504 4847 1802 4919 εἰργάσατο

241 4950 374 5021 ὑπὲρ
403 4946 569 5000 αὑτοῦ
595 4962 610 4976 ο
642 4943 806 5006 αὐτὸς
861 4942 917 4996 δὲ
952 4944 1010 4995 ὲν
1039 4941 1410 5015 Θεσσαλονίκῃ
1448 4939 1803 5010 ὑπογραφέας

242 5040 608 5109 καταστήσας,
653 5037 722 5090 δι’
774 5033 957 5089 αὐτῶν
1013 5032 1197 5105 διῴκει
1271 5033 1367 5086 καὶ
1435 5031 1650 5098 ὲξίσαζε
1703 5029 1804 5100 τὴν

245 5132 503 5204 ἑσπέραν,
533 5131 628 5184 καὶ
649 5127 985 5194 καταλόγους
1019 5124 1248 5182 ἐτασσεν
1279 5125 1502 5194 ἑτέρους
1536 5122 1672 5194 πρὸς
1693 5122 1804 5184 τοῖς

248 5223 415 5289 οὖσιν,
457 5225 604 5286 ὅπως
636 5221 839 5276 πλείων
870 5220 1114 5289 γίγνοιτο
1145 5220 1177 5289 ή
1213 5217 1465 5289 στρατιά.
1483 5217 1574 5270 Ἐν
1593 5213 1806 5275 τούτοις

245 5321 299 5374 δὲ
350 5315 513 5374 αὑτοῦ
567 5313 1000 5386 ἀσχολουμένου.
1030 5310 1196 5365 πάλιν
1246 5304 1349 5381 ἦκε
1393 5308 1705 5378 γράμματα
1740 5306 1805 5358 ἐκ

249 5408 732 5480 πρωτοστράτορος
761 5403 1032 5475 μηνύοντα
1073 5403 1148 5464 ὡς
1190 5405 1216 5456 ὁ
1243 5401 1614 5472 πρεσϐύτερος
1648 5397 1804 5469 βασι-

249 5503 366 5565 λεὺς
399 5499 477 5570 τῷ
501 5501 610 5554 τῶν
639 5498 844 5553 Μυσῶν
878 5497 1091 5566 βασιλεῖ
1121 5493 1341 5564 Μιχαὴλ
1372 5493 1632 5563 διάφορος
1666 5492 1807 5562 πρό-

249 5608 401 5663 τερον
430 5589 527 5650 ὢν,
547 5589 644 5643 νῦν
674 5586 1002 5662 πρδςιαιπὸν
1025 5585 1232 5639 τίθεται
1264 5583 1550 5655 εἰρηνικάς
1574 5583 1809 5645 σπονδάς

251 5685 339 5738 καὶ
380 5683 736 5754 συμμαχίαν·
779 5682 998 5749 ἀγνοεῖν
1035 5681 1220 5750 μέντοι
1250 5678 1349 5740 τὰς
1381 5676 1688 5747 συμϐάσεις
1721 5675 1807 5744 ἐφ’

254 5771 329 5840 οἷς
369 5777 612 5844 γίνονται
657 5774 862 5840 αὐτοῖς,
895 5772 990 5825 καὶ
1035 5771 1126 5832 διὰ
1165 5771 1323 5824 τοῦτο
1351 5770 1471 5824 δέον
1505 5769 1810 5837 ἐγνωκέναι

254 5869 348 5940 τὴν
385 5870 615 5940 μήνυσιν
658 5869 810 5942 αὐτῷ
862 5866 1196 5939 ποιήσασθαι
1240 5865 1350 5919 τῶν
1390 5865 1809 5935 πραττομένων.

1905 4693 2126 4732 rursum
2160 4691 2190 4730 a
2221 4682 2616 4746 protostratore
2663 4673 2886 4738 litterae,
2922 4671 3258 4733 indicantes,
3288 4669 3474 4723 senio-

1902 4788 2019 4828 rem
2048 4772 2435 4840 imperatorem
2471 4783 2503 4822 a
2539 4766 2804 4822 Micbaele
2829 4765 3130 4820 Moesorum
3157 4777 3282 4833 rege
3312 4762 3469 4832 prius

1906 4864 2282 4926 dissidentem,
2335 4874 2486 4914 nunc
2539 4873 2665 4913 cum
2704 4873 2772 4913 eo
2831 4857 2986 4928 pacis
3040 4856 3220 4910 fmdus
3249 4863 3304 4909 et
3345 4853 3474 4907 belli

1905 4955 2224 5010 societatem
2255 4950 2513 5015 coivisse,
2538 4947 2744 5004 nesciri
2769 4957 2974 5009 tamen,
3003 4945 3073 5000 ob
3099 4959 3262 5014 quem
3287 4943 3474 5006 linem,

1903 5055 1962 5101 et
2009 5043 2214 5098 idcirco
2259 5040 2366 5095 hoc
2400 5039 2467 5094 ad
2511 5053 2640 5093 eum
2667 5035 3124 5106 perscribendum
3163 5033 3467 5088 censuisse.

1908 5137 2087 5207 Nepos
2120 5149 2281 5189 avum
2311 5146 2436 5188 cum
2468 5131 2638 5186 Maso
2686 5137 2911 5199 prepter
2960 5127 3163 5182 bellum
3209 5126 3475 5182 adversus

1908 5244 1966 5285 se
1998 5227 2315 5283 societatem
2340 5225 2498 5280 istam
2532 5222 2801 5292 pepigisse
2830 5218 3243 5275 animadvertit.
3275 5217 3478 5273 Statuit

1909 5330 2089 5382 autem
2121 5334 2232 5374 non
2263 5317 2447 5372 subito
2469 5314 2538 5369 ad
2571 5315 2801 5383 primam
2834 5311 3173 5367 auditionem
3201 5311 3480 5366 abducen-

1910 5415 2040 5469 dum
2059 5428 2126 5467 ex
2143 5411 2430 5466 occidente
2446 5406 2771 5472 exercitum,
2795 5405 2888 5460 sed
2909 5404 3225 5459 haerendum
3273 5403 3478 5470 adhuc,

1912 5502 2099 5572 illique
2137 5510 2193 5554 et
2223 5499 2390 5554 rebus
2419 5498 2543 5552 aliis
2572 5495 2995 5566 providendum,
3024 5492 3203 5550 donec
3237 5494 3476 5549 certiora

1914 5593 2320 5645 nuntiarentur.
2372 5587 2575 5641 Diebus
2633 5585 2840 5655 aliquot
2893 5584 3206 5654 praeteritis,
3256 5583 3480 5651 scripsit

1913 5689 2298 5751 protostrator,
2323 5678 2502 5733 ftedus
2537 5678 2884 5747 imperatoris
2914 5686 2970 5732 et
3008 5677 3324 5731 societatem
3352 5689 3477 5729 cum

1913 5771 2102 5827 hlmsis.
2134 5771 2240 5842 jam
2289 5769 2666 5831 constitutam,
2715 5769 2944 5837 ejusque
2971 5767 3377 5830 conciliatores,
3419 5770 3477 5816 et

1914 5865 2243 5936 interpretes
2258 5879 2325 5918 cx
2340 5862 2638 5933 transfugis
2655 5861 2721 5917 ad
2746 5861 2960 5924 Mmsos.
2996 5861 3270 5916 Romanos
3297 5857 3479 5913 adhuc
