3902 6612
221 410 319 473 3ῦὸ

1381 395 1925 472 HISTORIARUM
1961 393 2193 468 LIBER
2240 395 2280 468 l.

3345 397 3450 470 306

222 537 277 574 τε
308 521 442 574 πόδα
475 512 816 592 ἀπεγύμνου,
851 525 939 577 καὶ
970 523 1064 586 τὰς
1103 511 1311 586 όθόνας,
1346 517 1432 586 αἷς
1482 523 1780 592 ὲδεσμεῖτο,

1900 516 2143 572 melicium
2174 518 2378 586 gratias
2428 508 2559 588 egit,
2599 532 2661 572 ac
2703 525 2814 572 tota
2847 516 3039 573 civitas
3076 489 3355 572 intc-llecto
3395 523 3450 574 in

227 613 472 684 περιῄρει
527 613 598 682 (ib
626 615 724 684 τῆς
755 613 958 686 πολλῆς
996 616 1091 669 τοῦ
1131 614 1268 668 θεοῦ
1317 617 1450 686 περὶ·
1481 615 1605 676 τοὺς
1637 613 1780 684 μάρ-

221 704 774 775 τυραςφιλοτιμίαςί),
792 707 822 758 ὁ
847 708 948 778 μὲν
973 707 1132 778 μοτδς
1149 706 1256 771 ἔξω
1280 704 1477 777 εὕρητο
1517 704 1783 777 ἐρριμμέ-

221 809 326 858 νος·
350 795 508 864 ὑγιής
523 796 579 849 δὲ
602 798 632 849 ό
647 799 782 863 ποὺς
811 803 868 862 ις
901 799 1174 863 τοσοῦτον,
1195 799 1270 861 ὡς
1297 798 1432 870 μηδὲ
1460 799 1607 868 ῖχνος
1621 797 1781 866 οὐλῆς

226 885 261 956 ἢ
284 887 598 956 τραύματος
620 888 971 959 ὑποφαίνειν,
1001 890 1117 945 ἀλλ’
1133 891 1444 960 ἀγνοεῖσθαι
1476 891 1658 943 είπυτε
1689 889 1783 943 καὶ

222 976 450 1049 ἐτρώθη.
483 979 664 1050 Ὅπερ
703 980 828 1035 ἰδὼν
855 983 883 1035 ό
912 981 1169 1054 βασιλεὺς
1193 982 1398 1050 μᾶλλόν
1427 999 1487 1035 τε
1517 981 1661 1052 ἥσθη
1695 983 1783 1036 διὰ

221 1069 394 1136 τοῦτο,
417 1071 450 1142 ή
477 1073 562 1126 ὅτι
599 1073 1004 1145 Θεσσαλονίκην
1035 1076 1411 1144 ὑπεποιήσατο
1446 1074 1654 1143 ἐαυτῷο
1689 1074 1784 1127 καὶ

221 1162 554 1233 θερμοτέρας
597 1165 790 1218 τούτου
843 1166 1006 1221 ἕνεκα
1036 1167 1132 1220 καὶ
1169 1166 1388 1230 πλείους
1433 1166 1531 1228 τὰς
1558 1166 1782 1237 εὐχαρι-

225 1255 374 1318 στίας
420 1256 702 1312 ἀπεδίδου.
747 1259 861 1312 Καὶ
911 1258 946 1329 ἡ
992 1257 1147 1320 πόλις
1177 1259 1233 1312 δὲ
1280 1260 1434 1312 πᾶσα
1458 1257 1557 1326 τήν
1581 1261 1661 1320 είς
1691 1257 1783 1311 τὸν

227 1341 447 1408 βασιλέα
495 1344 787 1414 πυθόμενοι
814 1345 1284 1418 θαινματουργίαν,
1314 1348 1547 1411 πολλοὺς
1583 1348 1784 1418 ὕμνους

221 1432 299 1494 εις
320 1449 378 1486 τε
399 1434 534 1488 Θεὸν
546 1431 692 1509 ᾖδον,
721 1438 815 1490 καὶ
844 1439 1157 1508 Δημήτριον
1177 1439 1268 1493 τὸν
1287 1438 1496 1493 ἐκείνου
1513 1440 1781 1508 θεραπευ-

221 1525 338 1594 τήν.
356 1525 596 1580 Ἐκεῖθεν
625 1528 683 1584 δὲ
711 1529 944 1596 ἐξελθὼν
969 1533 998 1583 ό
1040 1531 1316 1601 βασιλεὺς,
1362 1533 1654 1604 κλινούσης
1681 1531 1782 1604 ήδη

157 1634 170 1674 ι
219 1617 316 1684 τῆς
349 1618 584 1688 ἡμέρας,
629 1621 711 1681 είς
760 1622 829 1675 τά
883 1622 1128 1679 Βασίλεια
1172 1622 1431 1693 ηὐλίσατο
1478 1624 1577 1694 τήν
1609 1624 1782 1678 νύκτα

221 1705 409 1760 ἐλθών.
466 1708 618 1779 Ἅμα
659 1711 717 1765 δὲ
762 1712 840 1782 ῑῳ
883 1713 966 1777 είς
1017 1713 1118 1785 τήν
1174 1715 1468 1785 ὑστεραίαν
1504 1714 1666 1779 αὑτός
1723 1722 1784 1768 τε

220 1795 581 1870 ὁπλισάμενος
612 1802 762 1872 καὶὴ
795 1803 1048 1873 στρατιὰ,
1073 1804 1167 1858 καὶ
1205 1804 1300 1858 τοῦ
1347 1804 1784 1860 Θεσσαλονικέων

221 1885 399 1956 δήμου
443 1891 746 1962 προθύμως
794 1898 1321 1966 συστρατευομένου,
1355 1896 1523 1969 ᾔεσαν
1577 1898 1657 1962 είς
1689 1897 1792 1968 τὴν

221 1979 537 2049 ἀκρόπολιν,
569 1984 648 2046 ῶς
691 1987 742 2039 εί
790 1987 868 2057 μή
920 1976 1296 2060 προσχωροῖεν
1320 1991 1503 2046 ἑκοντὶ
1550 1991 1790 2044 οῑκατα-

225 2070 469 2139 σχόντες,
489 2071 772 2144 βιάσαιντο
799 2078 912 2141 τοῖς
941 2077 1145 2143 ὅπλοις.
1182 2079 1383 2151 Πρῶτα
1409 2080 1508 2151 μὲν
1532 2079 1624 2134 οὖν
1650 2081 1790 2150 πέμ-

219 2160 329 2231 ψας
356 2165 384 2215 ὁ
438 2163 714 2234 βασιλεὺς,
747 2171 1125 2240 προσηγόρευέ
1182 2187 1244 2224 τε
1296 2157 1422 2234 τοὺς
1481 2171 1654 2238 ἔνδον,
1699 2176 1794 2226 καὶ

223 2257 586 2324 προύκαλεῖτο
613 2259 812 2324 αὐτοὺς
857 2262 1062 2332 ἀμαχεὶ
1103 2263 1203 2333 τήν
1231 2262 1526 2333 ἀκρόπολιν
1560 2263 1794 2334 παραδι-

222 2346 395 2413 ὃόναι,
429 2348 740 2418 ἀμνηστίαν
771 2367 840 2404 τε·
885 2353 1166 2424 παρέχων,
1201 2355 1296 2407 καὶ
1326 2354 1795 2423 ἐπαγγελλόμενος

228 2435 479 2502 ποιήσειν
504 2435 585 2489 εὖ.
617 2436 706 2500 Ὠς
732 2436 779 2491 δ’
795 2437 896 2492 οὐκ
917 2440 1198 2510 ἐσήκουον,
1222 2439 1359 2493 ἀλλά
1382 2441 1793 2511 ἐσκληρύνοντο,

227 2525 602 2590 καταστάντες
631 2528 1043 2601 ιτειχομάχουνδ
1081 2532 1192 2584 Καὶ
1222 2532 1387 2603 μέχρι
1418 2532 1516 2602 μὲν
1547 2533 1718 2604 τριῶν
1760 2535 1793 2604 ἢ

225 2617 503 2688 τεττάρων
531 2618 692 2688 ὡρῶν
725 2620 819 2672 καὶ
846 2621 1000 2674 αὐτοὶ
1049 2621 1321 2692 ἠμύνοντο
1353 2623 1641 2694 καρτερῶς
1687 2624 1797 2678 ἀπὸ

222 2702 336 2762 τῶν
390 2711 609 2781 τειχῶν.
655 2713 887 2767 Ἔπειτα
925 2714 1068 2768 οἵτε
1117 2714 1216 2786 τὴν
1263 2716 1560 2785 ἀκρόπολιν
1609 2733 1794 2772 κατοι-

227 2799 457 2865 κοῦντες
485 2803 582 2855 καὶ
608 2803 726 2860 ,ὅσοι
757 2804 864 2857 τῶν
900 2803 1343 2861 Θεσσαλονικέων
1369 2803 1509 2878 ἦσαν
1541 2808 1618 2880 μή
1656 2811 1796 2863 πάνυ

151 2935 164 2945 .
230 2893 618 2962 προσκείμενοι
647 2894 726 2965 τῷ
763 2896 1118 2968 πρεσϐυτέρῳ
1160 2897 1391 2968 βασιλεῖ,
1418 2900 1799 2953 διεπασίασὰν

233 2993 298 3029 τε
332 2979 451 3040 ταῖς
495 2978 741 3046 γνώμαις
776 2979 914 3048 πρὸς
963 2980 1091 3044 τοὺς
1135 2981 1353 3049 ἀλλους,
1383 2987 1479 3038 καὶ
1508 2985 1800 3054 ἀνακωχὴν

234 3066 562 3135 αἰτήσαντες
615 3069 752 3138 πρδς
783 3067 1047 3138 βασιλέως
1077 3069 1172 3124 τοῦ
1203 3070 1466 3140 πολέμου.
1499 3073 1579 3134 είς
1604 3070 1799 3140 λόγους

231 3152 578 3224 κατέστησαν
615 3157 726 3218 τοῖς
778 3156 1389 3227 συμπολιορκουμένοις.
1423 3159 1533 3212 Καὶ
1577 3159 1802 3232 Αυζικῷ

243 3242 348 3312 μὲν
393 3244 474 3314 τῷ
516 3243 616 3313 τῆς
648 3247 998 3314 ἀκροπόλεως
1043 3244 1270 3318 ἀρχον’τι
1305 3251 1405 3304 οὐκ
1435 3250 1644 3319 ἔφασαν
1673 3256 1802 3324 περὶ

235 3337 338 3404 τῆς
373 3335 639 3406 σφετέρας
670 3339 923 3410 πατρίδος
955 3340 1230 3410 βουλεύειν
1263 3343 1657 3414 συγχωρήσειν,
1689 3345 1804 3399 ἑτέ·-

235 3443 343 3498 ρας
375 3428 506 3481 ὄντα
534 3429 743 3494 πόλεως
776 3431 1019 3503 πολίτην,
1051 3432 1109 3487 ὃν
1139 3433 1352 3504 βασιλεῖ
1399 3438 1802 3508 προσχωρησὰ-

233 3528 340 3590 σης
375 3519 640 3593 Βεῤῥοίας
676 3524 726 3576 οἱ
775 3527 1082 3592 συγγενεῖς,
1115 3525 1181 3582 ἀν
1225 3544 1279 3581 τι
1305 3529 1398 3581 καὶ
1421 3530 1800 3604 προσκρούσῃ,

233 3613 641 3688 ἐξαιτήσονται.
677 3617 801 3680 Τοῖς
831 3616 876 3669 δ’
918 3617 1096 3682 ἀλλοις
1125 3619 1186 3672 οὐ
1219 3620 1424 3674 δίκαιον
1445 3602 1590 3675 εἶναι
1619 3602 1805 3690 ελεγον

233 3703 367 3756 οὐδὲ
404 3704 676 3770 λυσιτελὲς
707 3707 806 3777 τῆς
845 3706 1010 3779 ἄλλης
1042 3707 1264 3779 ἀπάσης
1313 3709 1524 3774 πόλεως
1555 3727 1806 3781 προσχω-

239 3797 489 3869 ρησάσης
521 3797 753 3868 βασιλεῖ,
781 3798 976 3862 αὐτοὺς
1005 3799 1363 3855 ἀνθίστασθαι
1384 3802 1481 3863 καὶ
1509 3802 1768 3872 πολεμεῖν
1787 3819 1803 3835 ·

237 3884 369 3939 οὔτε
399 3889 508 3958 γὰρ
543 3889 863 3958 δυνήσονται
889 3891 1116 3955 ἑαυτούς
1138 3908 1198 3944 τε
1223 3893 1318 3946 καὶ
1335 3894 1435 3962 τήν
1457 3893 1635 3964 ἄκραν
1651 3911 1810 3965 περι·

237 3980 419 4033 σῶσαι
454 3980 604 4050 μόνοι
627 3981 1105 4053 ἐναπειλημμένοι,
1127 3984 1235 4037 τῶν
1264 3999 1324 4036 τε
1356 3985 1422 4037 ἐκ
1450 3984 1636 4053 Φερῶν
1667 3988 1809 4041 κατά

235 4071 567 4146 συμμαχίαν
598 4077 921 4146 ἀφιγμένων
963 4078 1306 4148 ἡττημένων,
1336 4078 1431 4132 καὶ
1469 4079 1570 4132 οὐκ
1600 4078 1666 4133 ἀν
1694 4081 1811 4134 ἑτέ-

227 4185 358 4237 ρων
403 4161 785 4240 τολμησάντων
819 4168 1033 4223 ἐλθεῖν
1064 4170 1098 4240 ή
1140 4185 1200 4222 τε
1249 4169 1516 4240 βασιλέως
1577 4173 1811 4242 στρατιὰ

235 4259 415 4328 πολλή
449 4275 509 4312 τε
533 4261 628 4313 καὶ⁵
650 4260 970 4330 ἀξιόμαχος.
1001 4257 1113 4314 Καὶ
1151 4261 1380 4331 προσέτι
1411 4262 1561 4316 πᾶσα
1592 4263 1624 4334 ή
1661 4264 1813 4328 πόλις

1883 624 2009 662 eum
2042 608 2191 662 edito
2224 618 2330 663 tam
2386 608 2695 663 admirabili
2750 624 2940 679 opere,
2975 609 3175 664 multas
3206 607 3339 674 Deo,
3394 621 3453 666 'et

1885 701 2184 766 Demetrio,
2210 709 2241 756 ο
2271 717 2380 771 quo
2410 709 2635 757 curatus
2667 702 2866 768 fuerat,
2892 698 3085 759 laudes
3117 696 3450 760 decantavit.

1883 793 2013 849 Inde
2069 805 2344 865 egressus,
2395 794 2695 849 inclinante
2737 795 2849 862 jam
2901 790 2955 850 in
2989 794 3205 852 noctein
3242 792 3354 862 die,
3396 798 3450 852 in
3547 820 3555 830 ·

1884 886 2034 954 regia
2068 896 2264 940 sOmno
2292 901 2351 941 se
2383 885 2556 941 dedit.
2601 871 2707 942 Ubi
2749 885 2969 950 diluxit,
2999 889 3135 958 ipse,
3161 892 3218 944 et
3248 881 3450 944 milites
3501 944 3511 955 ,

1884 979 2054 1032 armis
2096 977 2299 1046 induti,
2333 977 2630 1032 comitante
2667 979 2831 1034 etiam
2871 975 3130 1035 alacriter
3181 979 3236 1034 in
3283 975 3454 1035 armis

1885 1062 2368 1126 Thcssalonicens'l
2398 1070 2626 1142 pupulo,
2668 1068 2734 1124 ad
2780 1085 2963 1126 arcem
3014 1064 3361 1139 prodierant,
3394 1083 3456 1127 ut

1885 1162 1991 1218 nisi
2044 1162 2238 1233 sponte
2290 1155 2409 1218 eam
2466 1162 2747 1218 traderent
2795 1162 2889 1231 qui
2936 1156 3273 1229 retinebant,
3302 1165 3353 1218 vi
3387 1174 3456 1219 eo

1884 1253 2260 1325 adigerentur.
2293 1253 2538 1309 Primum
2587 1253 2757 1324 igitur
2792 1251 3095 1324 imperator
3125 1270 3221 1311 eos
3254 1256 3456 1311 saluta-

1886 1352 2026 1418 tum,
2058 1331 2198 1398 etad
2227 1352 2407 1399 arcem
2434 1341 2556 1396 sine
2601 1342 2746 1396 caede
2773 1347 2829 1398 et
2854 1345 3119 1414 sanguine
3147 1344 3456 1399 dedendam

1885 1436 2177 1491 invitatum
2216 1434 2406 1496 mittit,
2462 1433 2804 1488 oblivionem
2843 1431 3239 1501 offensionum,
3271 1444 3328 1490 et
3366 1430 3460 1490 be-

1884 1528 2234 1583 nellcentiam
2290 1521 2591 1596 pollicitus.
2642 1523 2744 1580 Ubi
2793 1524 3130 1581 obdurantes
3183 1529 3459 1582 oratorem

1886 1622 2239 1683 dimiserunt,
2271 1619 2475 1691 quibus
2501 1610 2688 1674 datum
2725 1620 3030 1694 negotium,
3060 1617 3126 1672 ad
3156 1619 3321 1674 horas
3351 1629 3462 1674 tres

1886 1723 1982 1769 aut
2026 1721 2288 1784 quatuor,
2342 1718 2533 1768 muros
2562 1704 2893 1766 adversariis
2916 1701 3066 1766 intus
3115 1711 3353 1766 viriliter
3400 1727 3462 1767 se

1887 1795 2333 1870 defendentibus,
2368 1806 2782 1875 oppugnarunt.
2831 1794 2983 1870 Post,
3038 1812 3150 1858 tum
3191 1803 3336 1858 arcis
3383 1804 3465 1873 ip-
3553 1842 3559 1847 .

1891 1901 2007 1955 sius
2053 1891 2270 1964 ineolae,
2307 1903 2421 1951 tum
2471 1906 2743 1966 quotquot
2789 1911 2821 1951 e
2875 1887 3463 1950 Thessalonicensibus

1892 1991 2134 2060 perfugis
2173 1988 2379 2044 seniori
2431 1987 2747 2056 imperatori
2781 1995 2977 2056 parum
3010 1983 3150 2039 bene
3179 1985 3462 2052 volebant,

1893 2079 2182 2135 sententiis
2215 2088 2271 2133 et
2299 2077 2498 2132 animis
2528 2076 2597 2130 ab
2644 2075 2768 2130 aliis
2812 2090 2910 2144 per
2955 2073 3290 2129 seditionem
3349 2074 3461 2130 dis-

1898 2183 2204 2241 crepantes,
2249 2179 2305 2224 et
2361 2167 2611 2222 inducias
2655 2181 2684 2220 a
2724 2166 2943 2237 iuniore
2990 2157 3320 2236 imperatore
3369 2182 3467 2238 poa

1895 2273 2134 2327 sceutes,
2180 2261 2305 2315 illos
2349 2260 2488 2315 alios
2536 2274 2642 2314 una
2694 2273 2880 2314 secum
2929 2251 3185 2314 obsessos
3239 2250 3465 2313 allocuti

1895 2361 2042 2409 sunt.
2083 2351 2150 2406 Et
2183 2345 2383 2420 Lyzico
2412 2349 2636 2420 quidem
2671 2351 2814 2404 arcis
2842 2348 3130 2419 praelecto,
3163 2354 3226 2403 ut
3273 2349 3341 2404 de
3375 2365 3468 2418 ρο·-

1899 2446 2004 2500 tria
2057 2445 2302 2514 ipsorum
2354 2449 2639 2504 statueret,
2683 2455 2792 2494 non
2846 2454 2904 2494 se
2944 2433 3312 2509 permissuros
3356 2440 3469 2495 aio-'-

1897 2537 2052 2601 bant,
2079 2550 2205 2591 cum
2253 2540 2399 2590 esset
2449 2532 2587 2587 civis
2623 2529 2853 2586 alterius
2900 2531 3160 2599 civitatis,
3188 2527 3468 2588 Berrbaza:

1897 2625 2182 2690 nimirum,
2207 2639 2314 2694 qua
2355 2623 2424 2678 ad
2456 2623 2844 2692 imperatOrem
2876 2613 3158 2692 adjuncta,
3187 2621 3334 2692 quod
3369 2637 3470 2692 pun

1897 2716 2110 2782 tabant,
2143 2715 2188 2770 si
2221 2714 2354 2784 quid
2383 2713 2477 2768 ille
2504 2712 2828 2768 oﬂ‘endisset
2863 2714 2880 2782 (
2913 2712 3041 2781 quia
3072 2713 3221 2768 senis
3258 2713 3471 2769 scilicet

1898 2807 2138 2876 partium
2190 2803 2430 2870 luisset),
2480 2811 2743 2873 cognatos
2785 2802 2906 2872 ejus
2945 2812 3163 2872 poenam
3208 2802 3472 2874 deprecaa

1901 2907 2076 2953 turos.
2107 2896 2282 2952 Alteri
2305 2893 2537 2950 factioni
2555 2894 2811 2950 dicebant
2847 2907 2947 2948 nec
2965 2893 3173 2963 justum
3204 2910 3346 2962 esse,
3372 2909 3473 2951 nec

1900 2990 2060 3056 utile,
2090 3004 2214 3044 cum
2247 2985 2458 3055 reliqua
2489 2984 2624 3039 urbs
2666 2983 2848 3039 omnis
2887 2983 2942 3037 in
2978 2983 3138 3038 ﬁdem
3177 2985 3474 3056 imperatm

1903 3083 1980 3136 ris
2026 3077 2413 3144 concessisset,
2443 3077 2593 3146 ipsos
2623 3074 2826 3141 obniti,
2861 3083 2921 3129 et
2953 3075 3299 3146 belligerare.
3349 3077 3470 3131 Non

1901 3175 2046 3231 enim
2083 3187 2203 3228 cum
2247 3171 2422 3226 simus
2471 3169 2780 3232 interclusi,
2823 3168 2927 3224 soli
2961 3168 3177 3233 et'uos,
3207 3177 3264 3224 et
3288 3177 3470 3224 arcem

1902 3281 2122 3322 servare
2156 3275 2476 3334 possumus;
2502 3269 2560 3317 et
2603 3261 2698 3330 qui
2731 3259 2925 3316 Pheris
2947 3260 3152 3315 auxilio
3176 3270 3469 3325 venerunt,

1907 3360 2031 3414 victi
2083 3367 2235 3419 sunt,
2285 3365 2340 3410 et
2391 3355 2484 3409 alii
2529 3353 2720 3409 venire
2773 3363 2884 3408 nun
2935 3347 3239 3409 audebunt.
3285 3355 3473 3425 COpia:

1906 3449 2255 3520 imperatoris
2298 3462 2508 3518 magna;
2558 3455 2616 3502 et
2667 3446 2941 3502 bellicosa:
2997 3455 3282 3516 praeterea,
3326 3455 3472 3502 totus

1905 3541 2141 3613 populus
2182 3539 2507 3595 assidebuut
2553 3548 2610 3594 et
2658 3535 3089 3610 expugnanbunt
3135 3552 3255 3593 nos.
3295 3538 3474 3607 Atque

1909 3643 1968 3689 ut
2016 3631 2338 3703 aliquandiu
2399 3631 2767 3696 resistamus“
2795 3629 3074 3698 utrimque
3119 3637 3299 3684 tamen
3330 3629 3476 3700 plec-

1909 3733 2109 3780 temur.
2137 3723 2264 3778 Sive
2291 3721 2439 3776 enim
2475 3721 2787 3784 vincamus,
2813 3720 3018 3775 amicos
3048 3725 3103 3774 et
3127 3718 3478 3790 propinquisa

1908 3818 2079 3874 simus
2134 3811 2685 3878 interimemus,slve
2757 3812 3065 3876 vincamur,
3128 3811 3476 3866 moriendum

1907 3905 2018 3960 erit
2045 3901 2364 3957 necessario
2393 3916 2408 3964 ;
2446 3912 2569 3968 quae
2611 3913 2804 3954 omnes
2848 3914 2878 3953 a
2926 3899 3088 3953 nobis
3121 3900 3296 3953 aliena
3322 3908 3474 3954 sunt.

1911 3994 1968 4049 Si
2007 3994 2195 4060 itaque
2247 3999 2303 4045 et
2349 3990 2509 4044 vobis
2542 3991 2839 4058 probatur;
2871 3988 2953 4043 sin
2983 3991 3188 4056 minus,
3241 3999 3294 4042 at
3330 4000 3480 4046 certe

1913 4099 2015 4140 nos
2061 4097 2186 4138 cum
2229 4096 2354 4136 arce
2400 4089 2617 4136 nosmet
2652 4081 2706 4134 in
2751 4093 2948 4134 manus
2996 4079 3345 4149 imperatoris
3387 4082 3482 4136 de-

1913 4168 2127 4223 demus.
2181 4165 2460 4220 Hactenus
2507 4163 2608 4218 illi.
2642 4162 2874 4234 Lyzicus
2909 4172 3112 4229 autem,
3140 4173 3195 4218 et
3221 4163 3313 4235 qui
3340 4178 3372 4217 a
3398 4179 3484 4218 se-

1913 4261 2067 4315 niore
2125 4259 2420 4320 faciebant,
2468 4256 2688 4312 consilii
2736 4257 2951 4326 inopes,
3013 4256 3179 4326 168
3215 4272 3322 4310 una
3356 4267 3480 4311 cum

235 4347 522 4418 πανδημεὶ
566 4348 1012 4420 προσκαθήμενοι
1074 4350 1607 4421 ὲκπολιορκήσουσιν
1636 4354 1795 4424 ἡμᾶς.

1914 4351 2038 4406 aliis
2069 4349 2395 4421 impunitate
2421 4348 2615 4419 petita,
2642 4347 2688 4402 si
2719 4347 2852 4418 quid
2885 4348 3272 4418 imperatorem
3308 4348 3483 4404 oﬂena

237 4436 307 4494 Εἰ
333 4436 389 4494 δὲ
417 4442 510 4494 καὶ
538 4442 815 4511 ἀντισχεῖν
840 4440 1184 4512 δυνησόμεθα
1213 4443 1347 4512 πρὸς
1384 4439 1590 4512 ὀλίγον,
1622 4445 1802 4515 ἀμφο-

1915 4445 2146 4511 dissent,
2173 4454 2230 4500 et
2269 4460 2333 4500 ca
2370 4446 2589 4514 adepta,
2615 4456 2801 4498 arcem
2833 4441 3198 4497 tradiderunt.

235 4533 484 4605 τίρωθεν
512 4528 928 4606 ζημιωσόμεθα.
963 4538 1066 4590 ’Ἂν
1097 4554 1156 4590 τε
1181 4538 1290 4609 γὰρ
1357 4541 1621 4609 νικῶμεν,
1657 4541 1844 4609 φίλους
1878 4543 1974 4594 καὶ
2034 4539 2162 4602 τοὺς
2207 4538 2574 4602 οἰκειοτάτους
2613 4539 3058 4613 ἀποκτενοῦμεν·
3093 4541 3155 4594 ἀν
3203 4549 3261 4594 τε
3310 4535 3486 4612 ἡττώ-ι

239 4630 409 4699 μεθα,
448 4631 660 4700 ἀνάγκη
715 4631 1101 4700 ἀποθνήσκειν.
1131 4631 1198 4683 Ἀ
1228 4631 1293 4703 δή
1324 4631 1540 4691 ἅπαντα
1570 4634 1633 4686 οὐ
1667 4634 1807 4704 πρὸς
1840 4633 2018 4704 ήμῶν.
2060 4633 2120 4685 El
2189 4632 2290 4702 μὲν
2365 4632 2459 4686 οὖν
2511 4632 2608 4686 καὶ
2647 4634 2776 4702 ὑμῖν
2823 4633 2996 4688 ταῦτα
3032 4637 3310 4689 συνδοκεῖ⁶
3342 4635 3392 4687 εί
3437 4620 3485 4685 δ’

235 4722 360 4787 οὖν,
391 4723 505 4776 ἀλλ’
530 4726 689 4794 ἡμεῖς
707 4741 770 4792 γε
795 4725 944 4794 ἡμᾶς
981 4742 1041 4777 τε
1077 4723 1277 4787 αὐτοὺς
1301 4726 1395 4779 καί
1423 4725 1522 4798 τήν
1581 4725 1880 4796 ἀκρόπολιν
1912 4716 2299 4795 ’ἐγχειρίσομεν
2363 4724 2589 4794 βασιλεῖ.
2626 4726 2689 4777 Ol
2749 4726 2846 4794 μὲν
2903 4726 2997 4779 οὖν
3045 4728 3270 4781 τοιαῦτα
3308 4723 3484 4778 εἶπονι

239 4817 484 4880 Λυζικὸς
513 4816 570 4870 δὲ
600 4818 695 4869 καὶ
729 4819 841 4870 ὅσοι
906 4813 1048 4888 ἦσαν
1119 4817 1198 4886 τῷ
1236 4817 1596 4890 πρεσϐυτέρῳ
1627 4819 2012 4890 προσκείμενοι
2074 4817 2312 4888 βασιλεῖ,
2345 4819 2446 4868 οὐκ
2486 4814 2711 4892 ,ἔχοντες
2765 4818 2847 4870 ὅτι
2891 4817 3174 4888 δράσαιεν,
3214 4819 3332 4886 ἅμα
3371 4817 3486 4874 τοῖς

237 4910 427 4971 ἄλλοις
464 4912 774 4979 ἀμνηστίαν
810 4910 1154 4980 αἰτήσαντες,
1186 4911 1239 4962 εί
1274 4927 1329 4962 τι
1363 4911 1846 4981 προσκεκροιίκασι
1886 4913 2019 4982 πρὸς
2063 4910 2310 4981 βασιλέα,
2343 4911 2439 4960 καὶ
2479 4908 2758 4977 τυχόντες,
2799 4910 3108 4980 παρέδοσαν
3134 4899 3251 4979 ¹τήν
3319 4905 3492 4975 ἀκρό-

236 5006 416 5061 πολιν.

1679 5097 1901 5156 CAPUT
1941 5097 2074 5152 LIV.

243 5185 521 5259 Quaritur
558 5205 660 5257 quo
689 5190 756 5243 sit
785 5184 1036 5242 eundum.
1071 5177 1300 5259 Magnus
1333 5189 1645 5243 domesticus
1680 5192 1938 5246 Edessam
1983 5200 2031 5242 et
2072 5182 2373 5243 Castoriam
2414 5186 2618 5240 suadet.
2650 5187 2838 5259 omnes
2865 5186 3165 5259 approbant
3190 5185 3486 5259 consilium.

321 5255 604 5330 Mittuntur
639 5259 864 5326 littera;
895 5255 1466 5330 promptasrinveniunt
1498 5262 1566 5312 ad
1595 5261 1933 5315 deditionem.
1970 5259 2107 5324 Quid
2135 5259 2363 5330 senio_ris
2399 5259 2554 5330 duces
2587 5258 2808 5330 egerint.
2853 5255 3046 5324 Ingens
3067 5255 3488 5330 Occidentalium

322 5329 390 5401 ad
413 5327 683 5395 jumorern
716 5325 954 5397 defectio.
1004 5325 1462 5401 Protovestiarius,
1516 5339 1564 5382 et
1616 5332 1852 5397 despota,
1888 5330 2084 5401 aliique
2133 5329 2202 5382 ad
2257 5325 2549 5401 Triballum
2596 5325 2938 5401 confugiunt:
2983 5327 3074 5401 sed
3107 5328 3378 5401 intercepti
3419 5335 3489 5382 ad

321 5396 700 5466 imperatorem
730 5395 1085 5454 adducuntur.
1123 5399 1354 5453 Pecunia
1383 5401 1550 5453 onmis
1577 5401 1823 5454 uxoribus
1840 5395 2033 5455 eorum
2066 5401 2316 5463 donatur,
2342 5409 2396 5450 ut
2419 5399 2486 5450 sit
2512 5395 2649 5466 quod
2678 5397 2732 5448 in
2761 5397 2896 5448 viros
2922 5395 3126 5450 exsules
3151 5395 3485 5465 impendant.

323 5517 436 5569 Καὶ
490 5517 780 5586 παρελθὼν
812 5520 840 5571 ὁ
875 5517 1154 5589 βασιλεὺς,
1196 5521 1291 5572 καὶ
1344 5518 1464 5570 ὅσοι
1522 5513 1664 5589 ἦσαν
1707 5516 1819 5570 τῶν

236 5611 316 5664 τὰ
345 5610 423 5680 (l)
445 5609 540 5662 τοῦ
564 5611 942 5680 πρεσὸυτέρου
974 5608 1240 5681 βασιλέως
1269 5607 1622 5680 παραλαϐὼν,
1661 5608 1827 5678 ἐξῆλ-

1998 5515 2280 5586 Ingressus
2347 5515 2642 5583 imperator
2673 5550 2688 5578 ,
2738 5510 3140 5581 adscriptisque
3189 5510 3256 5565 ad
3304 5525 3437 5566 suos
3469 5553 3486 5575 ,

1929 5617 2204 5678 quotquot
2227 5621 2332 5662 avo
2357 5604 2692 5678 cupiebant.
2743 5619 2866 5658 mox
2911 5602 3081 5668 abiit,
3114 5601 3242 5656 etin
3287 5601 3492 5671 palatio

1495 5725 1713 5787 Jacobi
1746 5722 2010 5786 Pontani
2039 5729 2227 5784 notas.

321 5829 404 5901 (l)
443 5828 694 5883 Fortasse
729 5829 867 5898 μετὰ
897 5838 990 5883 aut
1019 5837 1143 5898 post
1180 5827 1447 5900 βασιλέως
1477 5827 1616 5882 adde
1644 5825 1997 5899 πραττόντων

3480 1497 3546 1538 δ
