3902 6576
236 510 309 573 37
325 516 345 570 l

1303 517 1307 522 ’
1405 517 1944 579 l.llSTORl.-\RUM
1986 520 2216 581 LIBER
2260 521 2301 584 ί.

3373 519 3484 580 3η

234 628 346 699 ψας
391 629 448 682 δὲ
482 627 511 682 ὀ
546 629 721 699 μέγας
763 630 1083 702 δομέστικος
1132 630 1241 685 τῶν
1294 631 1633 685 πιστοτάτων
1663 633 1807 685 οἰκε-

1928 631 2086 703 igitur
2117 649 2345 703 magnus
2388 633 2729 689 domesticus
2781 643 2839 689 et
2887 633 3074 689 verbis
3113 632 3319 705 gratias
3348 634 3483 702 egit,

237 722 351 775 τῶν
389 738 533 788 τινα,
585 722 974 794 ὑφηγουμένου
1017 723 1109 777 τοῦ
1164 725 1544 794 μεμηνυκότος
1577 725 1643 778 τὰ
1676 726 1811 795 χρή-

241 827 410 878 ματα.
441 810 585 881 ἤχθη
636 813 776 882 πρὸς
833 813 999 868 αὐτὸν
1049 815 1108 867 ἐν
1139 813 1262 868 δυσὶ
1305 817 1605 879 κιῆωτίοις,
1636 817 1695 869 ἐν
1729 813 1810 879 οἷς

236 895 307 970 ἦν
339 902 564 969 ἀγγεῖόν
612 912 672 956 ﬂ
709 906 774 957 ἐκ
831 904 1038 975 χαλκοῦ
1093 907 1465 976 πεποιημένον
1513 907 1810 978 δισχιλίους

238 995 339 1047 καὶ
376 995 607 1063 μυρίους
655 995 779 1068 ἕχον
819 996 1078 1068 χρυσοῦςο
1111 999 1206 1058 κα).
1256 997 1446 1064 ζῶναι,
1494 1000 1590 1052 καὶ
1628 998 1810 1051 ἐκπώ-

245 1103 393 1155 ματα
433 1091 498 1141 ἐκ
535 1089 742 1159 χρυσοῦ
779 1092 1155 1160 πεποιημένω
1184 1090 1279 1145 καὶ
1308 1092 1548 1163 ἄργυρος
1572 1092 1808 1161 ἄσημος,

241 1181 338 1234 καὶ
371 1183 676 1248 γυναικεῖοι
711 1183 932 1253 κόσμοι,
967 1184 1061 1237 καὶ
1086 1182 1238 1254 ἕτερ’
1262 1185 1399 1239 ἄττα
1436 1200 1815 1254 τετρακισμυ-

243 1272 377 1341 ρίων
411 1271 541 1337 ἄξια
587 1273 853 1344 χρυσίων.
891 1274 983 1344 Τῷ
1025 1275 1124 1344 μὲν
1158 1272 1254 1329 οὖν
1292 1275 1360 1329 τά
1407 1277 1670 1347 χρήματα
1717 1291 1813 1344 με-

245 1361 534 1430 μηνυκότι,
575 1361 758 1430 λόγοις
790 1379 853 1416 τε
903 1363 932 1416 δ
973 1363 1149 1432 μέγας
1184 1364 1509 1434 δομέστικος
1539 1365 1812 1434 ὡμολόγει

191 1459 195 1462 ’
241 1451 502 1520 χάριτας,
539 1453 634 1504 καὶ
677 1451 859 1521 ἔργοις
896 1454 1069 1506 ἐποίει
1111 1451 1196 1508 εὖ.
1247 1453 1468 1507 Βασιλεῖ
1493 1454 1550 1508 δέ
1583 1455 1812 1527 προσελ-

239 1539 464 1606 θὼν,’τά
487 1558 546 1594 τε
579 1543 842 1613 χρήματα
873 1545 1111 1614 ἐμήνυεν
1140 1545 1217 1606 ὡς
1249 1545 1531 1617 εὕρηνται,
1565 1548 1659 1600 καὶ
1690 1547 1814 1618 ἐδή-

241 1631 339 1686 λου
385 1633 599 1686 καὶτὸν
641 1632 901 1704 ἀριθμόν.
934 1634 1213 1697 Βασιλέως
1243 1634 1321 1699 δὲ,
1355 1635 1595 1701 Οὐκοῦν,
1628 1635 1813 1689 εἰπόν-

236 1744 356 1792 τος,
398 1726 460 1779 σέ
515 1726 607 1780 τὸν
669 1725 944 1798 εὑρηκότα
1005 1727 1218 1781 δίκαιον
1273 1727 1439 1798 ἔχειν.
1521 1728 1663 1781 Ἀλλ’
1688 1728 1814 1782 οὔτε

240 1819 534 1889 πρότερον,
560 1814 717 1872 εἶπεν
747 1819 936 1884 αὐτὸς,
963 1823 1020 1873 ἐν
1056 1823 1170 1885 τοῖς
1201 1819 1298 1874 τοῦ
1331 1821 1573 1890 πολέμου
1602 1820 1817 1891 καιροῖς

235 1907 366 1960 οὔτε
411 1905 584 1959 πλείω
624 1905 739 1960 οὔτ’
768 1905 977 1962 ἐλάττω
1009 1909 1270 1979 χρήματα
1306 1909 1615 1980 ἀφειλόμην
1647 1909 1816 1977 τινὸς,

1917 733 1974 778 et
2003 724 2165 780 rebus
2195 725 2490 781 benefecit.
2517 726 2801 784 Convento
2829 728 3180 801 imperatore.
3214 726 3283 780 de
3322 742 3487 796 pecu-

1917 813 2048 880 nia,
2105 814 2379 884 quomodo
2421 815 2680 879 inventa,
2731 826 2788 871 et
2841 832 3004 886 quam
3058 816 3282 886 grandis
3316 823 3483 878 esset,

1914 909 2179 963 narravit.
2212 908 2350 962 Tum
2382 908 2682 977 imperator
2711 925 2724 960 :
2757 910 2916 979 172
2968 909 3109 978 Ergo
3143 917 3197 962 tu
3233 909 3486 962 inventor

1915 996 2020 1050 ista
2068 998 2164 1052 tibi
2222 998 2428 1062 habeas
2469 1000 2546 1070 (4)
2570 1040 2584 1065 ,
2623 1010 2686 1054 ut
2711 1001 2919 1070 justum
2958 1009 3064 1054 est.
3091 999 3279 1069 Atqui,
3308 999 3488 1068 inquit

1914 1088 2271 1150 domesticus.
2317 1107 2418 1146 nec
2449 1100 2611 1147 antea
2660 1091 2792 1146 belli
2840 1100 3085 1161 tempore
3117 1092 3204 1145 vel
3237 1091 3484 1156 untltam,

1913 1182 2002 1236 vel
2068 1182 2337 1237 modicam
2386 1184 2711 1254 cujusquam
2764 1181 2864 1236 tuli
2917 1182 3244 1252 pecuniam,
3298 1197 3491 1251 quem-

1916 1274 2211 1329 admodum
2253 1280 2366 1328 tute
2395 1275 2592 1338 nostri,
2642 1289 2744 1328 nec
2777 1272 2846 1327 ab
2883 1272 2984 1326 ista
3019 1272 3182 1326 modo
3211 1271 3357 1326 vinci
3399 1287 3493 1326 vc-

1917 1367 2036 1422 lim.
2073 1367 2229 1422 Haud
2268 1369 2471 1421 mirum
2522 1381 2587 1421 ac
2634 1381 2858 1431 novum,
2892 1365 3117 1437 subjicit
3164 1366 3488 1435 imperator,

1917 1475 2041 1514 cum
2074 1461 2244 1514 multa
2290 1460 2382 1514 alii
2426 1459 2525 1514 tibi
2564 1459 2936 1525 abstulerint,
2984 1459 3259 1530 praecipue
3303 1467 3491 1528 proto-

1916 1550 2299 1613 vestiarius,si
2331 1549 2572 1605 vicissim
2605 1566 2776 1620 pauca
2803 1549 3047 1619 quadam
3077 1565 3143 1606 ex
3179 1551 3300 1622 ejus
3325 1550 3494 1604 rebus

1918 1639 1987 1695 ad
2025 1650 2174 1696 tuam
2213 1641 2506 1696 utilitatem
2539 1641 2790 1696 redeant.
2817 1641 3060 1696 Rursum
3101 1639 3442 1696 domesticus
3476 1658 3489 1692 :

1919 1732 2033 1787 Hoc
2064 1748 2195 1788 vero
2231 1735 2427 1788 mirum
2466 1731 2622 1796 l‘oret,
2652 1731 2694 1787 si
2723 1741 2824 1796 tot,
2865 1731 3279 1801 praesertimque
3315 1733 3492 1784 altero

1921 1824 2088 1888 bello,
2125 1824 2475 1880 detrimentis
2506 1823 2576 1878 ab
2610 1824 2718 1877 illis
2748 1823 2996 1889 atl‘ectus,
3028 1822 3280 1894 quamvis
3307 1823 3490 1877 oblata

1921 1916 2210 1972 occasione
2243 1932 2342 1986 par
2394 1915 2605 1971 referre
2641 1915 2949 1982 noluisset,
2999 1930 3149 1970 nunc
3192 1913 3494 1984 pecuniolte

236 1997 430 2066 (Inpr
469 1993 624 2050 οἶσθα
672 1998 768 2050 καὶ
819 1999 1003 2061 αὐτός’
1039 1997 1166 2051 οὒτε
1216 1999 1427 2053 τούτων
1473 2000 1539 2053 ἂν
1574 1979 1814 2070 νόφθείῃν

1928 2024 2088 2064 causa
2132 2010 2390 2078 antiquos
2445 2023 2624 2063 mores
2677 2022 2809 2062 suos
2854 2007 2909 2060 in
2950 2006 3105 2077 pejus
3155 2005 3490 2066 immutaret,

235 2090 422 2159 ἥττων
460 2087 578 2143 νῦν.
626 2088 769 2143 Ἀλλ’
803 2090 977 2154 οὐδὲν,
1010 2089 1138 2160 ἔφη,
1193 2090 1507 2161 θαυμαστὸν
1531 2133 1545 2157 ,
1593 2091 1624 2146 5
1656 2093 1812 2164 βασι-

236 2182 388 2247 λεὺς,
424 2184 473 2236 εί
502 2181 675 2236 πολλὰ
714 2183 807 2236 ὑπ’
836 2183 1016 2237 αὐτῶν
1041 2185 1423 2258 ἀφῃρημένος,
1455 2187 1549 2239 καὶ
1579 2186 1811 2254 μάλιστα

237 2275 751 2347 πρωτοϐεστιαρίου
778 2275 1020 2342 τουτουῒ,
1050 2275 1209 2344 ὀλίγα
1239 2277 1376 2332 ἄττα
1409 2278 1472 2330 ἐκ
1512 2277 1620 2330 τῶν
1645 2276 1812 2332 αὐτοῦ

238 2365 599 2438 ὠφεληθήσῃ.
663 2366 810 2419 Αὐτὸ
867 2365 969 2436 μὲν
1027 2361 1120 2420 οὖν
1175 2365 1334 2420 τοῦτο
1382 2367 1610 2436 μᾶλλον,
1665 2364 1810 2433 εἷπε,

239 2460 591 2531 θαυμαστὸν,
618 2461 667 2511 εί
693 2459 866 2513 πολλὰ
902 2458 995 2512 ὑπ’
1017 2458 1220 2521 αὐτῶν,
1274 2459 1367 2511 καὶ
1402 2458 1638 2528 μάλιστα
1671 2459 1815 2512 κατά

239 2552 337 2604 τὸν
396 2551 647 2621 δεύτερον
703 2550 940 2620 πόλεμον
990 2547 1316 2619 ζημιωθεὶς,
1369 2547 1582 2618 καιροῦ,
1638 2565 1816 2617 παρα-

245 2645 478 2713 σχόντος
531 2644 634 2696 οὐκ
691 2643 941 2714 ἠθέλησα
999 2640 1312 2713 ἀμύνασθαι
1347 2643 1462 2704 τοῖς
1503 2640 1658 2705 ἴσοις,
1697 2643 1816 2696 νυνὶ

240 2735 299 2787 δὲ
337 2735 536 2802 ὀλίγων
565 2735 734 2788 ἓνεκα
783 2733 1107 2805 χρημάτων,
1143 2733 1204 2786 τό
1249 2749 1311 2785 τε
1357 2731 1415 2796 ἐξ
1465 2732 1640 2803 ἀρχῆς
1683 2727 1817 2803 ἦθος

241 2822 546 2894 διαφθερῶ,
589 2823 683 2877 καὶ
715 2823 894 2894 ἥττων
923 2822 1112 2876 ἀδίκου
1152 2822 1440 2892 λήμματος
1472 2821 1566 2874 καὶ
1593 2820 1817 2892 κέρδους

243 2912 315 2966 ἂν
342 2913 496 2980 φανῶ
524 2930 538 2945 ο
586 2913 724 2966 ἀλλά
773 2912 978 2984 μᾶλλον
1019 2911 1161 2965 αὐτὰ
1197 2911 1563 2983 στρατιώταις
1595 2912 1688 2966 καὶ
1724 2912 1818 2966 ἄλ-

244 3003 364 3070 λοις
394 3003 475 3070 οἷς
499 3006 564 3059 ἂν
591 3007 784 3078 ἐθέλῃς
811 3007 1078 3059 κέλευσον
1113 3005 1525 3075 διανεμηθῆναι.
1557 3004 1819 3068 Βασιλεὺς

251 3101 354 3168 μὲν
407 3097 500 3151 οὖν
542 3099 789 3152 ἐπείθετο
820 3099 1064 3163 εἰπόντι,
1117 3099 1213 3152 καὶ
1257 3099 1348 3149 τὸν
1377 3097 1579 3168 χρυσὸν
1604 3098 1726 3159 ὅσος
1752 3092 1821 3166 ἦν

248 3191 508 3245 ἐκέλευσε
563 3191 964 3262 διανεμηθῆναι
1013 3193 1081 3262 τῇ
1150 3192 1403 3262 στρατιᾷ.
1454 3191 1596 3244 Ὀσα
1635 3191 1693 3244 δὲ
1752 3187 1821 3261 ἦν

251 3283 490 3345 ἔπιτλα,
521 3283 616 3336 καί
645 3301 769 3336 τινα
818 3285 883 3336 ἐκ
934 3282 1044 3336 τῶν
1074 3283 1311 3347 σκευῶν,
1343 3281 1454 3335 τῶν
1483 3281 1824 3353 εὐπατριδῶν

249 3373 469 3443 διεδόθη
509 3375 642 3428 τισί·
675 3375 772 3429 καὶ
805 3375 875 3428 τὰ
914 3374 1220 3444 λειπόμενα
1253 3373 1328 3444 τῷ
1366 3367 1826 3446 βασίλικῷηπροσ-

250 3467 400 3537 {meq
434 3466 698 3536 ταμιείῳ.
735 3465 912 3540 Ὀκτῲ
937 3465 992 3520 δὲ
1027 3467 1266 3538 ἡμέραις
1296 3469 1365 3537 τῇ
1396 3467 1607 3537 Ἀχρίδι
1646 3467 1824 3520 ἐνδια-

250 3559 530 3630 τρίψαντα
576 3559 807 3630 βασιλέα
833 3599 846 3621 ,
891 3561 1035 3614 οἵτε
1074 3562 1173 3624 τὰς
1219 3560 1505 3624 Δεαὸόλεις
1533 3562 1828 3632 νεμόμενοι

266 3653 522 3706 Ἀλϐανοὶ
581 3653 819 3721 νομάδες
845 3693 860 3718 ,
907 3655 1002 3708 καὶ
1053 3655 1102 3707 οῖ
1145 3653 1243 3716 τὰς
1291 3653 1626 3718 Κολωνείας,
1663 3651 1829 3707 ἔτιδὲ

257 3747 358 3801 καὶ
391 3749 440 3800 οῖ
481 3747 728 3817 Ἀχρίδος
762 3745 952 3814 ἐγγὺς,
981 3745 1397 3818 προσεκύνησαν
1437 3747 1703 3812 ἐλθόντες,
1735 3747 1831 3800 καὶ

253 3839 537 3892 δουλεύειν
575 3823 976 3912 ἐπηγγείλαντο
1011 3837 1330 3910 προθύμως.
1367 3839 1505 3901 Τοὺς
1543 3838 1598 3891 δὲ
1640 3839 1830 3909 πόῤῥω

255 3929 706 4001 κατῳκισμένους
737 3930 874 4000 πρὸς
905 3931 1190 4000 ἐσχατιαῖς
1239 3931 1340 4000 τῆς
1383 3929 1672 4000 Ῥωμαίων
1699 3933 1832 4001 ήγεα

258 4021 474 4093 μονίας,
510 4023 820 4092 γράμματα
860 4021 1046 4075 ἐκάλει
1094 4020 1352 4096 βασιλικὰ
1385 4021 1522 4090 πρὸς
1556 4019 1828 4073 Θεσσαλο-

259 4115 428 4184 νίκην
486 4113 662 4166 ἐλθεῖν
697 4152 714 4176 ,
770 4112 846 4176 ὡς
896 4111 1380 4183 προσκυνήσοντας
1431 4113 1567 4164 ἐκεῖ.
1615 4113 1725 4164 Καὶ
1767 4111 1829 4164 οὐ

256 4203 448 4272 πολὶῷ
479 4204 705 4274 ὕστερον
734 4199 918 4274 ἦλθον.
959 4203 1017 4258 Ὀ
1053 4205 1240 4273 μέντοι
1278 4185 1502 4273 Κράλης
1523 4201 1638 4272 ἅμα
1673 4219 1833 4273 στρα-

255 4295 342 4363 τῷ
374 4295 534 4348 παντὶ
557 4293 634 4362 τῷ
674 4291 770 4346 ὑπ’
799 4293 980 4356 αὐτὸν,
1011 4294 1070 4346 ἐν
1093 4292 1368 4363 μεθορίοις
1410 4294 1510 4362 τῆς
1548 4293 1714 4347 αὐτοῦ
1738 4295 1832 4347 καὶ

270 4385 565 4456 Ῥωμαίων
594 4384 890 4454 ἡγεμονίας
945 4383 1042 4449 ὢν,
1096 4385 1201 4439 ὑπὸ
1259 4385 1360 4456 μὲν
1416 4385 1526 4438 τῶν
1579 4385 1832 4454 φυγάδων

271 4479 562 4547 Ῥωμαίων
610 4478 883 4549 ὁσημέραι
945 4476 1307 4547 παρεκαλεῖτο
1372 4477 1513 4530 κατά
1571 4477 1833 4548 βασιλέως

259 4571 463 4636 ἐλθεῖν,
505 4571 600 4622 καὶ
649 4569 829 4638 μάχην
855 4568 1166 4622 συνάπτειν·
1198 4569 1441 4638 ὑπήκουε
1473 4569 1528 4621 δὲ
1562 4570 1832 4637 οὐδαμῶς,

1918 2111 1976 2155 et
2051 2098 2242 2169 iniquo
2309 2114 2538 2154 munere
2597 2114 2663 2154 ac
2725 2099 2880 2154 lucro
2936 2098 3118 2156 minor
3167 2106 3491 2168 appareret;

1922 2191 2034 2245 imo
2086 2189 2375 2244 enimvero
2427 2189 2616 2260 potius
2648 2188 2923 2244 militibus
2944 2227 2960 2253 ,
2985 2197 3042 2244 et
3068 2188 3191 2243 aliis
3220 2229 3236 2256 ,
3293 2187 3497 2257 quibus

1920 2281 2180 2350 placeret.
2203 2278 2423 2351 juberet
2447 2277 2725 2334 distribui.
2751 2279 2955 2335 Morem
2978 2277 3148 2350 gessit
3170 2278 3488 2348 imperator,

1921 2377 1977 2424 et
2017 2384 2298 2424 nummum
2330 2385 2621 2426 aureorum
2651 2381 2919 2441 quantum
2963 2379 3109 2427 esset
3159 2371 3214 2424 in
3263 2370 3493 2424 militem

1921 2459 2202 2529 dispertiri
2237 2460 2548 2527 mandavit;
2578 2461 2826 2530 supellex
2847 2503 2863 2528 ,
2907 2471 2966 2518 et
2991 2476 3118 2516 vasa
3151 2460 3365 2530 allqnot
3393 2476 3515 2524 ποτ

1921 2553 2129 2608 bilibus
2168 2551 2498 2622 quibusdam
2534 2552 2740 2609 donata
2764 2594 2779 2619 ,
2823 2553 3035 2624 reliqua
3065 2554 3120 2608 in
3168 2552 3357 2608 ﬁscum
3393 2552 3496 2606 imo

1923 2645 2195 2716 peratoris
2225 2643 2375 2698 illata
2420 2654 2588 2710 sunt,
2634 2660 2795 2715 quem
2831 2654 2954 2715 post
2985 2644 3270 2700 octiduum
3300 2643 3496 2698 Achri-

1923 2739 2046 2794 dem
2085 2738 2373 2792 adoratum
2421 2747 2692 2793 venerunt
2733 2745 2975 2810 agrestes
3004 2737 3244 2802 Albani,
3291 2736 3497 2806 quique
3541 2750 3596 2814 _'

1924 2829 2218 2892 Deaboles,
2253 2829 2457 2900 quique
2499 2828 2780 2889 Colonias.
2805 2840 2860 2885 et
2888 2831 2982 2900 qui
3022 2831 3176 2901 juxta
3204 2828 3496 2884 Achridem

1927 2920 2224 2982 habitant,
2252 2935 2311 2976 se
2361 2928 2618 2990 prompte.
2664 2920 2713 2974 ei
2760 2922 3039 2991 parituros
3086 2921 3501 2991 promittentes.

1927 3012 2178 3083 Longius
2210 3020 2394 3066 autem
2425 3053 2439 3076 ,
2479 3011 2532 3064 in
2564 3010 2772 3067 ultimis
2818 3012 3075 3068 videlicet
3124 3011 3525 3067 Romanorum...

1931 3105 2134 3161 ﬁnibus
2163 3106 2500 3172 incolentes,
2553 3106 2748 3178 littera:
2793 3105 3160 3176 imperatoria:
3203 3101 3501 3157 Thessaloq

1929 3195 2109 3250 nicam
2135 3238 2148 3258 ,
2183 3196 2260 3251 ibi
2289 3197 2551 3268 obsequia
2599 3213 2699 3254 sua
2744 3194 3046 3251 honorifice
3077 3191 3354 3247 delaturos
3406 3204 3500 3244 ac-

1930 3284 2296 3350 cersiverunt,
2337 3288 2430 3357 qui
2461 3288 2613 3343 brevi
2643 3287 2958 3342 adfuerunt.
2991 3283 3108 3338 1am
3136 3297 3269 3339 vero
3311 3281 3538 3336 Cralesn

1928 3392 2056 3431 cum
2091 3387 2208 3436 toto
2238 3380 2453 3450 agmine
2485 3396 2585 3435 suo
2630 3380 2684 3434 in
2711 3377 2961 3434 conﬁniis
2993 3375 3322 3437 consistens,
3350 3389 3377 3426 a
3418 3372 3519 3426 lu-~

1906 3468 2112 3549 _gitivis
2159 3469 2421 3526 Romanis
2477 3471 2726 3542 quotidie
2773 3469 2839 3525 ad
2884 3469 3299 3540 praeliumcum
3331 3465 3503 3534 impe-

1936 3570 2123 3616 ratore
2151 3549 2614 3618 committendum
2669 3560 3099 3624 sollicitabatur;
3149 3557 3280 3628 qui,
3319 3554 3500 3610 infau-

1930 3661 2076 3707 smm
2114 3653 2421 3712 formidans
2447 3657 2680 3722 exitum,
2708 3669 3053 3725 nequaquam
3085 3667 3182 3707 eos
3207 3649 3497 3712 audiebat;

1933 3743 2164 3800 Chreles
2197 3747 2273 3800 illi
2310 3747 2363 3801 in
2403 3747 2816 3818 exspectatione
2868 3753 3019 3810 erat,
3066 3743 3160 3814 qui
3190 3741 3384 3797 Pheris
3408 3739 3502 3794 ad-

1930 3852 2152 3891 versum
2201 3838 2592 3908 imperatorem
2645 3838 2917 3907 iuniorem
2946 3833 3209 3890 Romanis
3236 3832 3500 3887 auxilium

1932 3927 2144 3992 ferens,
2182 3927 2429 3982 nondum
2475 3928 2738 3984 redierat.
2780 3927 2884 3982 Ex.
2911 3941 3013 3988 eo.
3053 3923 3140 3979 de.
3170 3924 3502 3992 imperatore

1933 4019 2164 4088 ejusque
2201 4020 2484 4086 exercitu,
2538 4019 2882 4074 invadendus
2932 4022 3222 4084 essetnec
3269 4011 3502 4076 “erin‘

1935 4111 2188 4180 telligere
2235 4111 2514 4180 cupiebat.
2551 4111 2888 4166 Praesentem
2923 4110 3035 4179 jam
3078 4110 3499 4177 percunctatur,

1935 4200 2137 4270 ecquid
2200 4199 2604 4269 conﬂigendum
2665 4207 2844 4270 putet.
2905 4197 2999 4253 llle
3072 4210 3263 4266 pacem
3322 4195 3504 4274 potius

1938 4291 2252 4362 agitandam
2275 4333 2289 4355 ,
2334 4307 2437 4346 nec
2464 4291 2667 4346 bellum
2696 4329 2710 4354 .
2744 4289 2892 4359 quod
2935 4289 3116 4344 adhuc
3160 4287 3370 4342 nullum
3407 4287 3508 4352 sit,

1935 4385 2067 4450 sibi,
2097 4383 2322 4444 suisque
2367 4382 2761 4437 accersendum
2788 4381 3078 4436 hortatur:
3117 4381 3502 4449 imperatorem

1937 4475 2114 4544 ipsum
2143 4473 2338 4528 Pheris
2363 4487 2421 4527 se
2447 4472 2672 4535 vidisse,
2708 4471 2997 4526 ducentem
3039 4469 3226 4539 copias
3255 4467 3502 4538 exiguas,

1937 4581 2128 4620 verum
2158 4565 2212 4618 in
2240 4573 2355 4618 arte
2381 4563 2605 4618 militari
2637 4572 2923 4633 tantopere
2945 4562 3505 4634 exercitatas,equis-

258 4661 452 4724 δεδιὼς
503 4660 580 4731 μὴ
620 4661 679 4714 οὐ
737 4659 879 4713 κατά
930 4659 1156 4730 γνώμην
1211 4660 1360 4730 αὑτῷ
1404 4660 1474 4714 τά
1526 4661 1825 4732 πράγματα

1939 4673 2085 4729 que,
2132 4665 2187 4711 et
2239 4656 2406 4710 armis
2433 4663 2542 4709 tam
2596 4656 2799 4709 eximie
2860 4656 3200 4719 instructas,
3273 4664 3335 4709 ut
3386 4655 3506 4711 solo

264 4754 518 4824 χωρήσῃ·
549 4751 841 4821 περιέμενε
871 4750 1054 4832 δέγτδν
1081 4751 1316 4821 Χρέλην,
1341 4751 1398 4815 ὃς
1423 4747 1491 4822 ἦν
1529 4753 1588 4804 ἐν
1619 4753 1836 4819 Φεραῖς,

275 4847 573 4917 Ῥωμαίοις
621 4846 766 4900 κατὰ
809 4843 903 4899 τοῦ
933 4846 1057 4899 νέου
1086 4845 1352 4915 βασιλέως
1383 4845 1695 4915 συμμαχῶν
1735 4845 1838 4917 (ἔτι

266 4939 380 5009 γάρ
412 4937 610 5006 ἀπῆν),
638 4936 770 5006 παρ’
799 4935 966 4989 αὐτοῦ
1028 4936 1159 5005 περὶ
1203 4934 1464 5006 βασιλέως
1492 4935 1586 4987 καὶ
1627 4935 1725 5004 τῆς
1749 4935 1841 4988 ὑπ’

265 5030 436 5084 αὐτὸν
491 5028 754 5096 στρατιᾶς
786 5025 1117 5095 βουλόμενος
1161 5025 1430 5077 πυθέσθαι
1466 5025 1515 5076 εί
1553 5025 1837 5095 ἐπιχειρη-
1879 5097 1882 5100 γ

263 5120 369 5173 τέα
409 5120 518 5187 εἴη,
559 5119 594 5189 ἢ
636 5119 736 5187 μή.
779 5118 937 5170 Ἐπεὶ
968 5117 1025 5168 δέ
1062 5118 1280 5185 ἀφῖκτο,
1314 5116 1644 5168 ἐπυνθάνετο
1673 5117 1837 5169 αὑτοῦ

266 5209 299 5260 ὁ
349 5206 576 5274 Κράλης
609 5205 658 5257 εί
694 5205 830 5275 πρὸς
874 5204 1100 5275 βασιλέα
1149 5205 1484 5275 πολεμητέον
1535 5205 1644 5275 εἴη.
1698 5205 1757 5258 Ὀ
1786 5205 1843 5259 δὲ

273 5298 685 5362 συνεϐούλευεν,
736 5298 958 5367 εἰρήνην
1012 5296 1212 5366 μᾶλλον
1269 5296 1442 5360 ἄγειν,
1500 5293 1708 5364 καὶμὴ
1754 5293 1844 5346 τὸν

269 5393 374 5445 οὐκ
401 5391 530 5444 ὄντα
564 5391 799 5458 πόλεμον
828 5387 1005 5455 ἐαυτῷ
1033 5387 1128 5440 καὶ
1169 5388 1433 5458 ὑπηκόοις
1459 5387 1708 5454 ἐπάγειν.
1741 5385 1846 5437 Βα-

182 5513 188 5521 -
273 5483 428 5537 σιλέα
451 5485 562 5552 γὰρ
585 5481 750 5544 αὐτὸς
783 5480 967 5547 ἔλεγεν
997 5482 1056 5533 ἐν
1087 5481 1282 5549 Φεραῖς
1313 5479 1616 5548 ἑωρακέναι
1640 5476 1846 5544 ἄγοντα

277 5574 380 5643 μὲν
414 5573 642 5642 στρατὸν
667 5572 729 5624 οὐ
753 5572 893 5624 πάνυ
923 5569 1112 5636 πολὺν,
1136 5570 1392 5623 τοσοῦτον
1417 5570 1474 5622 δέ
1517 5571 1582 5622 τὰ
1607 5569 1845 5638 πολέμια

1939 4753 2160 4816 aspectu
2217 4751 2486 4798 terrorem
2541 4743 2874 4798 incuterent.
2929 4741 3009 4795 Ad
3059 4741 3206 4805 hoc,
3255 4749 3367 4795 tam
3419 4756 3512 4796 se—

1938 4835 2061 4889 date
2087 4875 2102 4900 ,
2158 4846 2212 4889 ct
2258 4833 2510 4888 ordinate
2567 4833 2738 4888 duces
2776 4847 2907 4887 suos
2942 4838 3354 4902 sequentes,ut
3397 4846 3535 4886 non.

1941 4929 2146 4982 multos
2188 4924 2286 4982 sed
2339 4940 2510 4979 unum
2560 4923 2828 4979 duntaxat
2875 4937 2996 4978 esse
3031 4921 3250 4978 credas.
3311 4920 3536 4975 Praeci-.

1940 5021 2158 5089 pientes
2219 5017 2348 5073 item
2433 5016 2677 5080 audire,
2742 5025 2799 5069 et
2869 5023 3140 5086 praecepta
3210 5012 3530 5068 conﬁnem.

1936 5112 2182 5166 'Tantum
2224 5119 2406 5166 autem
2465 5108 2788 5164 fortitudine
2832 5116 2890 5162 et
2940 5106 3171 5161 audacia
3216 5105 3508 5171 excellere,

1948 5213 2006 5256 ut
2049 5204 2308 5272 quamvis
2347 5217 2581 5257 numero
2612 5199 2947 5256 adversariis
2979 5199 3151 5253 multo
3193 5196 3506 5259 inferiores,

1949 5293 2108 5363 173
2135 5307 2231 5346 eos
2257 5293 2325 5345 ad
2357 5291 2546 5345 urbem
2577 5291 2823 5361 ipsorum
2853 5291 2997 5344 nulla
3019 5289 3238 5358 penitus
3260 5297 3510 5342 conster-

1945 5387 2204 5448 natione,
2269 5393 2361 5438 aut
2420 5381 2719 5438 formidine
2781 5390 3159 5452 sequerentur,
3222 5389 3278 5434 et
3337 5393 3508 5448 prope

1944 5476 2171 5540 Pheras,
2205 5490 2312 5544 quo
2344 5475 2460 5529 acie
2480 5490 2604 5529 cum
2639 5473 2746 5528 illis
2777 5473 3127 5538 dimicarent,
3158 5472 3303 5525 diem
3336 5478 3509 5525 totum

1945 5569 2048 5623 sub
2084 5568 2253 5637 signis
2286 5577 2517 5632 starent,
2555 5567 2699 5637 pleni
2726 5566 2921 5621 Martio
2951 5565 3145 5635 spiritu
3192 5564 3401 5617 hostem
3440 5560 3524 5613 ad-

1512 5683 1726 5745 Jacobi
1763 5685 2026 5746 Pontani
2069 5693 2254 5746 notae.

354 5789 430 5860 (ί)
484 5788 724 5844 Observa
768 5789 1084 5860 praeclarum
1127 5786 1438 5860 exemplum
1492 5785 1633 5860 grati
1680 5779 1848 5860 animi

282 5866 337 5914 in
364 5855 702 5926 imperatore
728 5878 742 5924 ;
769 5855 960 5929 magni
993 5870 1175 5929 autem
1208 5858 1262 5910 in
1292 5855 1844 5929 inagno’domestico,

284 5930 379 6001 qui
413 5925 701 5999 pecuniam
729 5925 897 5986 totam
931 5927 1206 5997 repudiat,
1237 5925 1402 5996 quam
1425 5925 1673 5994 accipere
1696 5925 1845 5994 juste

1947 5795 2183 5856 poterat.
2222 5786 2340 5841 Non
2367 5783 2550 5856 quivis
2582 5792 2791 5839 tantum
2825 5782 2942 5838 auri
2978 5795 3235 5838 acervum
3284 5778 3537 5845 irretorr~1

1949 5854 2017 5912 iis
2049 5857 2224 5913 oculis
2251 5854 2627 5926 spectavisset.
