3902 6574
185 432 301 497 381

1362 447 1900 516 HISTORIARUM
1944 458 2175 518 LIBER
2208 459 2252 523 Ῐ.

3339 470 3444 539 382

188 549 588 621 ὑπερσχόντες,
649 551 948 624 ἐτρέψαντό
1031 573 1124 634 τε,
1167 560 1294 624 τοὺς
1375 563 1768 636 ἀντιτεταγμέο

1871 578 2092 639 perator
2141 571 2252 626 Deo
2284 572 2495 642 gratias
2519 573 2651 644 egit,
2689 590 3102 650 conversusque
3149 581 3214 636 ad
3259 595 3444 641 astan-

190 660 346 708 νους,
399 645 492 699 καὶ
545 643 646 716 τὴν
689 644 871 711 δίωξιν
911 649 1240 718 ἐποιήσαντο
1266 653 1393 724 ἄχρι
1443 655 1765 722 Βυζαντίου.

190 734 313 787 Καὶ
348 733 473 796 τοὺς
501 735 602 803 μὲν
629 736 962 792 ἀπέκτειναν
1012 739 1215 807 αὐτῶν,
1246 745 1370 804 τοὺς
1392 744 1448 798 δὲ
1487 749 1584 801 καὶ
1624 744 1769 802 εἷλον

189 824 407 890 ζῶντας
434 825 574 895 πλὴν
600 826 801 897 όλίγων
824 829 939 884 ὅσοι
968 831 1309 906 διεσώθησαν
1334 838 1414 900 είς
1437 837 1535 910 τὴν
1569 839 1729 898 πόλιν,
1749 855 1764 872 ο

190 918 343 972 ἑάλω
389 916 448 970 δι
485 918 579 972 καὶ
611 919 640 972 ό
693 923 1026 992 στρατηγός.
1079 925 1191 979 Καὶ
1252 928 1575 998 νικήσαντες
1614 947 1772 1001 περι-

192 1007 407 1076 φανῶς,
446 1009 806 1080 ἀνεχώρησαν
844 1013 934 1065 ἐπ’
980 1013 1159 1072 οἴκου.
1187 1017 1409 1072 Τούτων
1464 1020 1522 1074 δὲ
1575 1021 1770 1089 ἀγγελ-

193 1101 421 1164 θέντων,
456 1101 556 1170 τῆς
595 1101 696 1172 μὲν
722 1102 880 1173 νίκης
902 1103 1066 1160 ἕνεκα
1096 1108 1126 1160 ὁ
1157 1108 1412 1179 βασιλεὺς
1439 1112 1771 1183 εὐχαριστη-

187 1192 348 1262 ρίους
403 1191 571 1261 εὐχάς
624 1194 878 1250 ἀπεδίδου
909 1196 1070 1267 Θεῷο
1113 1199 1476 1272 ἐπιστραφεὶς
1530 1203 1587 1256 δὲ
1635 1205 1770 1274 πρὸς

185 1283 324 1346 τοὺς
353 1285 647 1354 παρόντας,
673 1287 858 1342 πολλοὶ
883 1289 940 1341 δὲ
974 1285 1141 1362 ἦσαν,
1187 1292 1248 1345 οὐ
1307 1293 1510 1365 μᾶλλον
1543 1296 1766 1366 ἥδεσθαι

185 1374 300 1446 ἔφη
361 1378 754 1446 κρατησάντων
800 1379 910 1434 τῶν
969 1385 1332 1456 σφετέρων,ή
1388 1389 1512 1442 ὅσον
1541 1391 1763 1444 ἀνιᾶται

185 1470 290 1522 ἐπὶ
313 1471 378 1538 τῇ
407 1469 514 1522 τῶν
544 1469 1022 1540 ἀντιτεταγμένων
1052 1473 1220 1549 ἥσσῃ.
1246 1476 1322 1530 Ού
1356 1478 1466 1549 γὰρ
1497 1478 1659 1546 μόνον
1683 1479 1767 1532 ὅτι

197 1557 466 1628 Ῥωμαῖοι
495 1560 546 1613 ol
575 1561 856 1627 πεσόντες,
885 1562 981 1627 οὓς
1018 1565 1188 1636 ἐχρῆν
1219 1567 1281 1620 οὐ
1303 1567 1439 1639 πρὸς
1473 1569 1765 1642 ἀλλήλους.

182 1647 310 1700 ἀλλ’
346 1647 484 1718 ὑπὲρ
509 1648 758 1717 ἀλλήλων
798 1649 1097 1720 βαρϐάροις
1143 1655 1489 1724 μαχομένους
1524 1657 1769 1731 ἀποθνή-

185 1755 372 1802 σκειν,
426 1738 636 1793 δίκαιον
681 1740 887 1807 ἀλγεῖν,
919 1741 1037 1794 ἀλλ’
1090 1743 1174 1795 δτι
1225 1742 1346 1808 δέος
1387 1745 1464 1817 μὴ
1507 1750 1602 1803 καὶ
1657 1749 1768 1804 τῶν

180 1825 538 1880 οίκειοτάτων
559 1824 756 1899 τινὲςή
793 1827 904 1880 τῶν
933 1829 1105 1896 φίλων
1125 1825 1271 1902 ἦσαν
1293 1833 1342 1887 oi
1376 1835 1766 1904 ἀποθανόντες,

1869 657 2006 713 tium
2048 657 2444 728 frequentiam,
2495 676 2603 716 non
2635 663 2807 732 magis
2848 679 2908 720 se
2950 667 3181 722 victoria
3213 685 3440 725 suorum

1868 752 2143 807 exsultare
2173 750 2461 808 confessus
2489 762 2591 816 est,
2618 769 2785 822 quam
2816 757 3159 824 contristari,
3188 761 3464 816 adversa--

1869 842 1984 898 rios
2000 853 2298 912 superatos
2320 859 2462 898 esse.
2491 844 2611 900 Non
2640 845 2790 901 enim
2826 847 2898 901 ob
2924 847 3031 904 hoc
3061 855 3444 907 tantummodo

1864 933 2016 1001 justo
2047 933 2236 989 dolore
2284 935 2453 1005 tangi,
2505 938 2655 1007 quod
2696 938 2792 1008 qui
2830 940 3166 998 cecidissent
3200 944 3430 999 Romani

1869 1021 2124 1094 fuissent,
2156 1039 2264 1079 non
2289 1025 2436 1080 inter
2467 1041 2549 1094 se,
2579 1027 2675 1083 sed
2707 1045 2810 1099 pro
2839 1046 2898 1086 se
2913 1042 3115 1087 mutuo
3147 1033 3439 1090 adversum

1867 1109 2140 1169 Barbaros
2174 1116 2508 1173 decertando
2562 1121 2896 1177 occumbere
2927 1125 3304 1194 oportuisset;
3341 1127 3439 1182 sed

1853 1203 2013 1273 'quod
2043 1205 2368 1273 timendum,
2401 1225 2472 1265 ne
2508 1211 2731 1281 quidam
2768 1215 2822 1269 in
2853 1230 3045 1271 eorum
3081 1234 3314 1274 numero
3348 1229 3444 1275 aut

1868 1293 2054 1358 amici,
2076 1298 2480 1354 necessitudine
2505 1303 2966 1374 conjunctissima:
2984 1307 3208 1363 fuerint.
3231 1311 3446 1365 Postre-

1868 1399 1980 1451 mo,
2012 1397 2107 1442 aut
2129 1390 2275 1458 quod
2294 1407 2402 1446 non
2423 1407 2455 1446 a
2474 1392 2728 1450 Barbaris
2743 1405 2933 1452 natura
2954 1398 3230 1466 hostibus,
3249 1403 3345 1457 sed
3364 1403 3433 1457 ab
3475 1460 3490 1466 ,,

1867 1479 2216 1537 amicissimis
2239 1483 2402 1538 deleti
2427 1484 2643 1552 sint.!Et
2662 1487 2880 1556 Opinor,
2896 1489 3095 1559 inquit,
3119 1507 3220 1547 nos
3247 1509 3440 1548 eorum

1868 1571 2096 1637 similes,
2147 1573 2242 1642 qui
2291 1574 2504 1631 insania
2540 1591 2606 1631 ac
2639 1577 2826 1634 furore
2864 1583 3094 1651 perciti,
3135 1600 3267 1640 suas
3295 1585 3440 1655 ipso-

1869 1680 1991 1718 rum
2018 1679 2213 1720 carnes
2239 1668 2718 1735 commanducant,
2751 1685 2890 1740 quos
2919 1673 2990 1728 ob
3023 1675 3336 1730 alimoniam
3366 1686 3444 1732 te-

1869 1755 2150 1810 terrimam
2183 1772 2293 1812 non
2340 1757 2590 1826 laudare,
2639 1761 2736 1816 sed
2789 1763 3039 1818 miserari
3085 1781 3303 1836 aequum
3333 1779 3439 1823 est.

1871 1847 1940 1902 Et
1974 1847 2121 1918 quod
2149 1849 2322 1920 majus
2357 1849 2627 1920 proiecto,
2658 1852 2787 1923 quia
2829 1870 2940 1908 non
2993 1854 3310 1912 Graecorum
3355 1875 3444 1913 so—

182 1922 291 1975 καὶ
348 1918 554 1990 τρίτον,
595 1920 678 1974 ὅτι
743 1920 860 1992 οὐχ’
919 1920 1024 1974 ὑπὸ
1084 1922 1376 1997 βαρϐάρων
1436 1926 1546 1980 τῶν
1605 1928 1766 1997 φύσει

1871 1941 2005 2004 lum,
2033 1952 2089 1996 et
2124 1942 2512 2009 ilarbarorum,
2539 1945 2606 1999 ad
2641 1961 2780 2016 quos
2811 1947 2890 2003 rei
2926 1949 3065 2004 fama
3113 1953 3439 2021 pervaserit,

182 2012 490 2082 πολεμίων,
544 2011 663 2068 ἀλλ’
710 2013 804 2082 ὑφ’
864 2015 1023 2084 ἡμῶν
1079 2017 1390 2072 ἀνάλωνται
1459 2019 1570 2074 τῶν
1620 2021 1765 2075 πάνυ

1871 2033 2019 2094 odio,
2068 2043 2292 2104 propter
2339 2020 2592 2090 mutuum
2639 2011 2819 2092 scelus
2863 2038 3013 2108 digni
3051 2011 3294 2105 erimus;
3343 2011 3440 2096 sed

179 2100 516 2171 φιλούντων.
560 2103 669 2156 Καὶ
726 2102 965 2196 έοικέναι
1027 2106 1178 2177 ἡμᾶς
1227 2109 1435 2178 νομίζω
1484 2112 1600 2176 τοῖς
1659 2111 1768 2166 ὑπὸ

1871 2100 2112 2178 dubitari
2148 2100 2349 2194 potest,
2385 2141 2453 2179 an
2487 2126 2788 2196 quidquam
2833 2100 3029 2184 bonum
3066 2129 3176 2188 Deo
3206 2100 3440 2202 placeat,

182 2191 395 2262 μ’ὰνίας
443 2194 550 2246 τῶν
609 2191 759 2248 ίδίων
803 2195 1028 2266 σαρκῶν
1077 2198 1539 2271 ἑμφορουμένοις,
1567 2202 1618 2257 οῖ
1665 2203 1767 2256 οὐκ

1871 2224 1923 2270 et
1954 2231 2062 2270 non
2093 2191 2248 2286 atque
2277 2232 2336 2272 se
2367 2191 2607 2284 tuentes,
2641 2191 2703 2274 ut
2735 2220 3056 2277 invadentes
3081 2191 3226 2292 apud
3262 2223 3441 2292 ipsum

180 2285 552 2351 ἐπαινεῖσθαι,
620 2285 735 2338 ἀλλ’
789 2287 1061 2342 ἐλεεῖσθαι
1111 2289 1311 2346 δίκαιοι
1391 2295 1492 2362 τῆς
1561 2294 1766 2348 ἀτόπου

1871 2308 2102 2379 iudicem
2155 2323 2344 2378 pinnas
2390 2311 2783 2366 commeruisse
2846 2312 3156 2368 videantur.
3213 2314 3444 2369 Nostros

177 2375 424 2443 τροφῆς.
476 2375 586 2428 Καὶ
620 2373 682 2426 τὺ
725 2374 790 2445 δὴ
831 2374 1040 2444 μεῖζον,
1087 2378 1169 2431 ὅτι
1200 2381 1298 2449 οὐχ
1348 2380 1456 2434 ὑπὸ
1499 2380 1769 2454 Ἐλλήνων

1871 2373 2038 2469 igitur
2064 2373 2173 2454 non
2223 2401 2292 2456 de
2344 2401 2630 2468 Romanis,
2662 2403 2758 2458 sed
2791 2381 2859 2458 de
2892 2404 3145 2460 Barbarie
3178 2414 3441 2475 tropaeum

185 2462 361 2533 μόνον
389 2463 483 2516 καὶ
505 2462 798 2534 βαρϐάρων
814 2464 925 2518 τῶν
945 2466 1253 2522 ἀκουόντων
1272 2469 1471 2524 δίκαιοι
1488 2473 1766 2541 μισεῖσθαι

178 2557 293 2626 τῆς
326 2557 405 2620 είς
429 2555 691 2627 ἀλλήλους
713 2558 1084 2628 παρανομίας,
1124 2559 1244 2625 ἀλλ’
1263 2561 1460 2633 ἄδηλον
1499 2561 1555 2615 εί
1573 2579 1626 2616 τι
1674 2566 1768 2620 καὶ

181 2648 305 2703 τῶν
356 2649 656 2720 γινομένων
709 2649 931 2721 ἀρέσκει
979 2651 1120 2722 Θεῷ,
1146 2653 1240 2705 καὶ
1281 2654 1356 2724 μή
1388 2656 1583 2726 ἐπίσης
1627 2657 1682 2710 οῖ
1705 2673 1767 2711 τε

182 2741 532 2812 ἀμυνόμενοι
584 2741 681 2796 καὶ
726 2744 777 2796 οί
823 2743 1074 2807 ἐπιόντες
1120 2744 1261 2811 ἄξιοι
1303 2747 1584 2818 τιμωριῶν
1634 2751 1768 2819 παρ’

183 2832 350 2902 αὖτῷ
370 2835 550 2903 κριτῇ.
598 2833 932 2904 Ἐβουλόμην
957 2834 1056 2905 μὲν
1090 2835 1184 2889 οὖν
1216 2837 1291 2907 μή
1319 2837 1426 2891 ἀπὸ
1452 2839 1764 2911 Ῥωμαίων,

183 2927 312 2981 ἀλλ’
360 2927 468 2981 ἀπὸ
527 2925 818 2997 βαρϐάρων
859 2928 1153 2998 ἑστηκέναι
1213 2929 1276 2982 τὸ
1329 2931 1592 3002 τρόπαιον
1649 2935 1768 2998 τοῖς

186 3019 510 3091 ἡμετέροις,
531 3019 619 3073 ἵνα
653 3010 800 3091 εἶχον
830 3020 929 3090 τῆς
957 3020 1114 3090 νίκης
1142 3021 1392 3093 καθαρὰν
1420 3023 1520 3094 τὴν
1548 3024 1764 3097 ήδονήν.

203 3112 429 3182 Ἐπειδὴ
457 3111 516 3164 δὲ
571 3109 714 3164 οὕτω
761 3111 830 3165 τά
870 3111 1116 3182 ἡμέτερα
1146 3113 1252 3167 ὑπὸ
1309 3115 1572 3187 φθονεροῦ
1622 3134 1769 3182 τινος

1808 2512 1820 2526 ι
1867 2492 2109 2548 erexisse
2155 2493 2372 2559 vellem,
2418 2501 2478 2547 ut
2518 2509 2550 2550 e
2591 2495 2821 2550 victoria
2851 2511 2952 2551 sua
2998 2497 3269 2567 liquidum
3330 2499 3445 2552 sin-

1868 2599 2167 2654 cerumque
2193 2585 2853 2656 gaudiumperciperent.
2885 2588 2993 2643 Sed
3034 2591 3296 2659 quoniam
3337 2591 3444 2645 dae-

1867 2675 2048 2730 monis
2073 2675 2307 2746 alicujus
2330 2674 2633 2730 invidentia
2661 2676 2865 2731 factum
2897 2687 3004 2744 est,
3043 2689 3102 2733 ut
3133 2683 3246 2750 ipsa
3271 2681 3441 2735 etiam

1865 2765 2097 2821 victoria
2120 2766 2340 2822 dolendi
2366 2768 2652 2822 materiam
2681 2769 2841 2826 nobis
2864 2771 3192 2842 porrigeret,
3218 2770 3441 2827 Numini

1868 2859 2072 2928 gratias
2094 2875 2318 2930 magnas
2348 2874 2471 2928 ago,
2499 2875 2608 2915 non
2639 2861 2802 2917 modo
2845 2864 2992 2933 quod
3038 2867 3175 2920 meis
3220 2865 3286 2919 ad
3322 2866 3444 2918 vin-

1867 2950 2103 3006 cendum
2131 2960 2329 3020 praesto
2363 2951 2486 3016 fuit,
2519 2969 2707 3008 verum
2735 2955 2898 3009 etiam
2926 2957 3072 3026 quod
3124 2957 3269 3012 bello
3311 2956 3442 3012 huic

1867 3049 2059 3098 auctor
2081 3044 2230 3098 nulla
2250 3059 2316 3099 ex
2346 3054 2500 3113 parte
2523 3045 2847 3100 exstiterim.
2874 3047 3190 3104 Exstiterim
3214 3059 3397 3105 autem
3416 3049 3443 3103 ἲ
3555 3061 3562 3066 ‘

1872 3132 1985 3187 imo
2017 3141 2075 3187 et
2113 3147 2180 3188 eo
2218 3148 2249 3186 a
2300 3133 2572 3202 principio
2624 3135 2864 3189 conliato
2917 3142 3084 3192 multa
3132 3146 3437 3193 memoratu

189 3202 452 3272 δαίμονος
483 3201 913 3273 συνεσκευάσθη,
933 3203 1009 3266 ῶς
1045 3204 1139 3258 καὶ
1168 3203 1267 3274 τὴν
1288 3207 1450 3276 νίκην
1473 3207 1768 3277 ἀλγηδόνος

1877 3227 2042 3296 digna
2093 3234 2148 3280 et
2199 3225 2335 3288 dixi,
2375 3237 2428 3280 et
2473 3201 2598 3288 feci,
2631 3225 2866 3293 majores
2914 3227 3234 3291 obsecrans,
3267 3239 3328 3282 ut
3373 3244 3442 3284 eo

189 3290 379 3344 αἰτίαν
453 3292 740 3359 φαίνεσθαι
815 3293 970 3363 ἡμῖν,
1046 3293 1275 3366 χάριτας
1354 3296 1604 3365 ὁμολογῶ
1693 3299 1768 3367 τῷ

1875 3290 2268 3388 temperarent,
2306 3315 2523 3371 tametsi
2559 3317 2611 3370 in
2640 3290 2806 3386 aqua,
2848 3317 2992 3386 quod
3030 3290 3256 3384 dicitur,
3285 3317 3439 3372 vide-

191 3384 484 3456 Κρείττονι
512 3384 736 3448 πολλὰς,
761 3385 822 3437 ού
863 3385 1024 3455 μόνον
1048 3387 1130 3441 ὅτι
1164 3391 1276 3452 τοῖς
1315 3390 1470 3460 ὲμοῖς
1499 3392 1770 3463 συνήρατο

192 3476 334 3546 πρὸς
366 3476 465 3544 τήν
496 3476 670 3548 νίκην,
691 3476 809 3530 ἀλλ’
841 3479 924 3532 ὃτι
955 3480 1050 3532 καὶ
1082 3481 1356 3551 μηδεμίαν
1386 3482 1569 3536 αἰτίαν
1608 3484 1770 3548 αὐτὸς

190 3569 256 3624 ιν
278 3568 360 3640 τῷ
391 3552 511 3624 νυνὶ
549 3569 769 3642 πολέμῳ
795 3572 856 3626 ού
896 3573 1056 3642 μόνον
1088 3576 1471 3647 παρεσχόμην,
1501 3576 1638 3632 ἀλλά
1672 3579 1771 3634 καὶ

193 3662 518 3731 κινουμένου
572 3663 670 3733 τὴν
702 3664 897 3735 ἀρχὴν,
932 3665 1105 3721 πολλά
1161 3667 1257 3720 καὶ
1284 3666 1496 3738 ἔπραξα
1527 3669 1653 3735 ἀξια
1676 3674 1771 3726 καὶ

192 3750 354 3808 εἷπον
381 3753 561 3823 λόγου,
599 3755 850 3825 δεόμενος
875 3757 968 3810 τὸν
1005 3757 1238 3828 πόλεμον
1269 3759 1611 3814 καταθέσθαι
1644 3763 1768 3824 τοὺς

192 3847 506 3911 κινοῦντας,
541 3847 590 3900 εἰ
638 3851 734 3901 καὶ
775 3849 898 3903 καθ’
933 3849 1166 3914 ὑδάτων,
1193 3851 1254 3905 τὸ
1295 3853 1394 3920 τῆς
1443 3853 1768 3922 παροιμίας,

192 3940 422 3993 ἐδόκουν
451 3938 709 4008 γράφειν.
743 3940 807 3994 Οἱ
851 3922 968 4011 μέν’
984 3940 1077 3995 οὖν
1101 3941 1462 4010 ἀκούσαντες,
1492 3943 1553 3996 οὐ
1610 3942 1771 4014 μόνον

191 4032 300 4103 τῆς
337 4032 620 4101 ἀγχινοίας
681 4031 1003 4103 ἐθαύμασαν
1055 4035 1172 4106 τὸν,
1199 4033 1447 4104 βασιλέα,
1493 4036 1631 4090 ἀλλά
1676 4035 1772 4089 καὶ

193 4122 294 4177 τοῦ
349 4123 424 4196 μὴ
481 4123 755 4194 φυσᾶσθαι
807 4124 935 4194 μηδ’
981 4125 1307 4197 ἐπαίρεσθαι
1347 4127 1406 4179 ὲν
1447 4129 1566 4189 ταῖς
1611 4128 1770 4182 εὐτυ-

193 4216 370 4287 χίαις,
401 4216 516 4270 ἀλλ’
547 4217 607 4270 ὲν
631 4219 751 4281 ταῖς
773 4217 883 4272 τῶν
916 4217 1261 4287 πραγμάτων
1287 4219 1615 4295 ,μεταϐολαῖς
1657 4221 1772 4274 ἴσον

195 4311 298 4363 καὶ
333 4308 518 4378 ὅμοιον
567 4309 830 4380 παρέχειν
887 4309 1100 4364 ἑαυτόν.
1152 4309 1420 4374 Βασιλεὺς
1466 4309 1526 4364 δὲ
1572 4309 1666 4366 τόν
1709 4327 1771 4364 τε

195 4401 662 4470 πρωτοστράτορα
735 4400 1062 4471 γράμμασιν
1127 4400 1391 4473 ἠμείϐετο
1443 4401 1774 4474 εὐχαριστη-

199 4490 361 4560 ρίοις,
388 4492 483 4545 καὶ
523 4493 651 4552 τοὺς
700 4491 958 4554 συνόντας
1008 4491 1156 4562 αὐτῷ
1209 4492 1322 4547 τῶν
1360 4491 1767 4564 συγκλητικῶν,

1872 3410 1972 3465 bar
2022 3409 2289 3464 scribere.
2345 3408 2450 3474 Qui
2506 3408 2622 3463 inec
2671 3407 2990 3475 audiebant,
3048 3409 3438 3480 imperatorem

1871 3518 1980 3556 non
2009 3501 2076 3555 de
2098 3500 2318 3556 solertia
2339 3501 2542 3565 solum,
2569 3503 2664 3556 sed
2691 3502 2758 3556 de
2789 3502 3168 3556 moderatione
3196 3517 3438 3573 quoque,

1869 3593 2016 3664 quod
2049 3591 2328 3663 prosperis
2351 3593 2566 3648 eventis
2605 3608 2716 3648 non
2748 3593 3052 3658 iuliaretur,
3078 3609 3256 3664 neque
3279 3593 3442 3648 eil'er-

1869 3698 2046 3750 retur,
2085 3683 2183 3740 sed
2219 3685 2274 3739 in
2328 3686 2445 3754 ipsa
2502 3699 2690 3740 rerum
2723 3685 3158 3742 commutatione
3185 3684 3436 3740 eamdem

1870 3786 1927 3832 et
1973 3776 2298 3844 aequabilem
2343 3785 2587 3832 servaret
2622 3777 2791 3832 animi
2826 3778 3220 3840 constantiam,
3263 3776 3443 3831 admi-

1871 3867 2160 3923 rabantur.
2223 3867 2379 3936 177
2440 3865 2758 3936 Imperator
2800 3867 3002 3924 litteris
3049 3870 3438 3939 protostratori

1871 3959 2075 4030 gratias
2106 3957 2237 4028 egit,
2269 3968 2326 4012 ct
2354 3958 2452 4028 qui
2481 3972 2606 4013 cum
2628 3973 2696 4013 eo
2719 3967 2880 4013 erant
2905 3958 2974 4014 de
3002 3959 3314 4025 nobilitate,
3345 3959 3446 4014 ho-

1872 4049 2102 4104 noribus
2129 4062 2246 4112 eos,
2275 4062 2338 4103 ac
2371 4047 2533 4103 donis
2558 4057 2942 4103 remuneratus
2965 4059 3050 4104 est
3082 4066 3096 4104 :
3130 4049 3442 4119 militesque

1871 4143 2007 4198 alios
2039 4147 2202 4196 aucto
2233 4128 2531 4211 stipendio,
2555 4140 2694 4194 alios
2722 4155 3032 4194 annuorum
3059 4154 3324 4194 censuum
3361 4142 3445 4195 in-

1870 4239 2155 4289 cremento
2185 4229 2255 4285 ad
2310 4229 2517 4284 bellum
2549 4243 2650 4300 pro
2703 4243 2764 4285 se
2810 4214 3181 4291 conﬁrmavit,
3226 4230 3441 4284 animo-

1872 4323 2155 4392 sioresque
2206 4319 2476 4377 reddidit.
2521 4318 2640 4391 ipse
2680 4335 2811 4376 vero
2843 4319 3247 4376 Thessalonica:
3274 4321 3443 4375 ratio-

1873 4415 2169 4478 cinatores,
2203 4424 2258 4469 et
2290 4413 2499 4469 scribas
2521 4412 2782 4478 instituit,
2812 4427 2910 4483 per
2929 4428 3068 4483 quos
3095 4413 3442 4470 occidentem

1873 4507 2180 4577 digerebat,
2209 4514 2266 4561 et
2294 4505 2621 4575 adaequabat
2648 4523 2663 4560 :
2697 4514 2748 4561 et
2803 4506 2942 4561 alios
2993 4506 3220 4578 insuper
3252 4516 3448 4563 centu-

195 4583 388 4652 τιμαῖς
438 4598 498 4636 τε
550 4580 644 4634 καὶ
693 4582 884 4644 ἄλλαις
913 4582 1284 4652 εὐεργεσίαις,
1311 4583 1562 4648 καὶτοὺς
1603 4601 1767 4655 στραο

1871 4601 2071 4666 riabat,
2097 4607 2160 4654 ut
2185 4607 2468 4655 cresceret
2506 4598 2808 4655 exercitus.
2833 4600 2912 4656 Eo
2945 4599 3000 4654 in
3042 4599 3130 4654 bis
3163 4609 3444 4665 versante,

195 4674 424 4741 τιὼτας,
485 4674 612 4738 τοὺς
666 4675 764 4742 μὲν
819 4673 1061 4726 ἐπιδόσει
1110 4677 1211 4746 τῆς
1267 4675 1632 4747 μισθοφορᾶς,
1660 4675 1772 4730 τῶν

135 4774 174 4842 ’ᾗ
199 4765 437 4836 ἐτησίων
456 4763 514 4817 δὲ
542 4763 823 4834 προσόδων
841 4763 966 4825 τοὺς
983 4763 1204 4828 λοιποὺς
1235 4764 1436 4837 μᾶλλον
1461 4765 1771 4836 ἐπέρρωσε,
1801 4787 1808 4793 ·

200 4859 301 4915 καὶ⁵
363 4857 804 4931 προθυμοτέρους
866 4857 1006 4927 πρὸς
1051 4857 1114 4910 τὸ
1163 4860 1424 4928 πολεμεῖν
1476 4859 1774 4931 εἰργάσατο

203 4953 346 5025 ὑπὲρ
375 4951 541 5005 αὐτοῦ
566 4967 580 4982 ο
613 4949 777 5013 αὐτὸς
831 4951 887 5004 δὲ
923 4952 981 5003 ἐν
1009 4950 1380 5024 Θεσσαλονίκῃ
1419 4952 1775 5022 ὑπογραφέας

204 5045 579 5114 καταστήσας,
623 5043 693 5096 δι’
745 5040 927 5096 αὐτῶν
983 5041 1167 5113 διῴκει
1242 5043 1338 5096 καὶ
1405 5041 1621 5109 ὲξίσαζε
1674 5042 1776 5113 τὴν

205 5137 474 5208 ἑσπέραν,
503 5137 598 5189 καὶ
619 5134 955 5202 καταλόγους
989 5132 1218 5190 ἐτασσεν
1249 5134 1472 5204 ἑτέρους
1506 5135 1643 5205 πρὸς
1663 5135 1775 5197 τοῖς

208 5226 385 5294 οὖσιν,
426 5230 574 5292 ὅπως
605 5228 808 5282 πλείων
839 5227 1082 5296 γίγνοιτο
1113 5229 1146 5298 ή
1183 5227 1434 5298 στρατιά.
1453 5227 1544 5281 Ἐν
1563 5225 1777 5288 τούτοις

205 5324 264 5378 δὲ
317 5320 482 5377 αὑτοῦ
536 5319 968 5392 ἀσχολουμένου.
999 5318 1164 5374 πάλιν
1215 5313 1318 5390 ἧκε
1363 5319 1674 5390 γράμματα
1709 5319 1775 5371 ἐκ

208 5413 701 5484 πρωτοστράτορος
728 5409 999 5480 μηνύοντα
1041 5410 1116 5472 ὡς
1157 5414 1184 5465 ὁ
1211 5411 1583 5481 πρεσϐύτερος
1617 5410 1773 5482 βασι-

207 5507 332 5569 λεὺς
366 5504 444 5574 τῷ
469 5505 578 5559 τῶν
606 5504 812 5559 Μυσῶν
845 5504 1058 5573 βασιλεῖ
1089 5503 1309 5573 Μιχαὴλ
1340 5503 1601 5574 διάφορος
1634 5505 1776 5575 πρό-

206 5612 368 5667 τερον
397 5593 494 5656 ὢν,
514 5595 611 5649 νῦν
641 5594 969 5668 πρὸςίαύτὸν
992 5593 1199 5647 τίθεται
1231 5595 1517 5665 εἰρηνικάς
1542 5596 1776 5658 σπονδὰς

208 5689 302 5741 καὶ
345 5689 702 5759 συμμαχίαν·
745 5689 964 5756 ἀγνοεῖν
1001 5689 1186 5758 μέντοι
1217 5688 1316 5750 τὰς
1349 5687 1654 5758 συμϐάσεις
1687 5689 1774 5757 ἐφ’

208 5775 290 5844 οἷς
332 5781 578 5848 γίνονται
623 5779 828 5846 αὐτοῖς,
861 5779 956 5832 καὶ
1001 5780 1090 5840 διὰ
1131 5779 1290 5834 τοῦτο
1317 5781 1438 5834 δέον
1472 5782 1775 5848 ἐγνωκέναι

208 5872 310 5944 τὴν
349 5875 580 5945 μήνυσιν
622 5874 775 5948 αὐτῷ
828 5875 1161 5946 ποιήσασθαι
1205 5875 1316 5928 τῶν
1355 5877 1774 5946 πραττομένων.

1879 4707 2099 4747 rursum
2133 4707 2162 4745 a
2193 4699 2589 4761 protostratore
2635 4691 2859 4758 litterre,
2896 4691 3230 4756 indicantes,
3261 4691 3446 4746 senio-

1875 4803 1991 4842 rem
2021 4787 2408 4856 imperatorem
2443 4800 2475 4839 a
2512 4784 2777 4841 Michaele
2801 4784 3102 4840 Moesorum
3129 4800 3255 4855 rege
3285 4785 3442 4854 prius

1877 4879 2254 4942 dissidentem,
2306 4891 2457 4932 nunc
2511 4892 2637 4931 cum
2676 4892 2743 4932 eo
2804 4877 2957 4947 pacis
3012 4877 3192 4932 fmdus
3221 4885 3277 4932 et
3317 4876 3446 4931 belli

1877 4969 2196 5024 societatem
2226 4967 2484 5032 coivisse,
2509 4966 2716 5022 nesciri
2741 4975 2946 5030 tamen,
2974 4967 3044 5022 ob
3071 4982 3233 5036 quem
3259 4965 3445 5030 tinem,

1875 5069 1932 5115 et
1979 5058 2185 5114 idcirco
2230 5057 2336 5111 hoc
2370 5055 2437 5111 ad
2482 5071 2610 5110 eum
2639 5055 3095 5126 perscribendum
3134 5056 3438 5111 censuisse.

1878 5151 2057 5221 Nepos
2090 5165 2252 5204 avum
2281 5163 2405 5204 cum
2438 5149 2607 5203 Masso
2656 5156 2882 5218 propter
2930 5147 3133 5202 bellum
3178 5149 3446 5204 adversus

1878 5259 1936 5299 se
1967 5242 2284 5298 societatem
2309 5242 2468 5296 istam
2501 5241 2770 5311 pepigisse
2799 5240 3212 5295 animadvertit.
3245 5240 3448 5296 Statuit

1878 5345 2058 5396 autem
2090 5349 2200 5389 non
2231 5335 2416 5388 subito
2439 5332 2506 5386 ad
2541 5334 2770 5401 primam
2803 5331 3141 5387 auditionem
3169 5333 3449 5389 abducen-

1879 5429 2009 5483 dum
2028 5443 2095 5482 ex
2112 5427 2398 5482 occidente
2415 5425 2739 5491 exercitum,
2763 5426 2856 5479 sed
2877 5424 3193 5480 haerendum
3241 5425 3446 5493 adhuc,

1880 5517 2067 5586 illique
2105 5526 2161 5570 et
2190 5515 2358 5571 rebus
2387 5515 2511 5569 aliis
2540 5515 2962 5584 providendum,
2991 5513 3170 5572 donec
3204 5517 3444 5572 certiora

1881 5609 2287 5659 nuntiarentur.
2339 5604 2542 5658 Diebus
2601 5603 2807 5674 aliquot
2860 5605 3173 5674 praeteritis,
3223 5607 3448 5675 scripsit

1880 5705 2264 5765 protostrator,
2290 5695 2468 5750 fcedus
2503 5697 2850 5765 imperatoris
2881 5706 2936 5752 et
2974 5698 3290 5753 societatem
3318 5713 3444 5753 cum

1879 5786 2068 5841 Moesis
2100 5787 2206 5857 jam
2255 5785 2632 5850 constitutam,
2681 5787 2910 5857 ejusque
2937 5789 3342 5854 conciliatores,
3386 5795 3444 5842 et

1880 5879 2208 5951 interpretes
2224 5895 2290 5935 ex
2306 5879 2604 5951 transfugis
2621 5880 2687 5936 ad
2712 5881 2924 5945 Mmsos,
2961 5882 3236 5939 Romanos
3261 5882 3444 5937 adhuc
