  <div class='ocr_page' id='page_1' title='image "/cluster/home/n/w/nwhite01/storage/ocr_20150623/153/hvd.32044019208412/223.png"; bbox 0 0 3902 6498; ppageno 0'>
   <div class='ocr_carea' id='block_1_1' title="bbox 1037 283 1186 299">
    <p class='ocr_par' dir='ltr' id='par_1_1' title="bbox 1037 283 1186 299">
     <span class='ocr_line' id='line_1_1' title="bbox 1037 283 1186 299; baseline 0 0"><span class='ocrx_word' id='word_1_1' title='bbox 1037 286 1080 299; x_wconf 60' lang='grc' dir='ltr'><strong>ψ’</strong></span> <span class='ocrx_word' id='word_1_2' title='bbox 1118 284 1129 294; x_wconf 60' lang='grc' dir='ltr'><strong><em>θ</em></strong></span> <span class='ocrx_word' id='word_1_3' title='bbox 1178 283 1186 290; x_wconf 69' lang='grc'><strong><em>⁵</em></strong></span> 
     </span>
    </p>
   </div>
   <div class='ocr_carea' id='block_1_2' title="bbox 452 328 553 393">
    <p class='ocr_par' dir='ltr' id='par_1_2' title="bbox 452 328 553 393">
     <span class='ocr_line' id='line_1_2' title="bbox 452 328 553 393; baseline -0.03 0"><span class='ocrx_word' id='word_1_4' title='bbox 452 328 553 393; x_wconf 77' lang='lat'><strong>387</strong></span> 
     </span>
    </p>
   </div>
   <div class='ocr_carea' id='block_1_3' title="bbox 1651 323 2523 389">
    <p class='ocr_par' dir='ltr' id='par_1_3' title="bbox 1651 323 2523 389">
     <span class='ocr_line' id='line_1_3' title="bbox 1651 323 2523 389; baseline -0.008 0"><span class='ocrx_word' id='word_1_5' title='bbox 1651 325 1968 389; x_wconf 76' lang='lat' dir='ltr'><strong>JOANNIS</strong></span> <span class='ocrx_word' id='word_1_6' title='bbox 2003 323 2523 384; x_wconf 72' lang='lat' dir='ltr'><strong>CANTACUZENI</strong></span> 
     </span>
    </p>
   </div>
   <div class='ocr_carea' id='block_1_4' title="bbox 3605 320 3702 384">
    <p class='ocr_par' dir='ltr' id='par_1_4' title="bbox 3605 320 3702 384">
     <span class='ocr_line' id='line_1_4' title="bbox 3605 320 3702 384; baseline 0 0"><span class='ocrx_word' id='word_1_7' title='bbox 3605 320 3702 384; x_wconf 70' lang='lat'><strong>388</strong></span> 
     </span>
    </p>
   </div>
   <div class='ocr_carea' id='block_1_5' title="bbox 453 434 2031 515">
    <p class='ocr_par' dir='ltr' id='par_1_5' title="bbox 453 441 2015 515">
     <span class='ocr_line' id='line_1_5' title="bbox 453 441 2015 515; baseline -0.002 -18"><span class='ocrx_word' id='word_1_8' title='bbox 453 445 813 514; x_wconf 68' lang='lat' dir='ltr'><strong>optimatibus</strong></span> <span class='ocrx_word' id='word_1_9' title='bbox 843 445 926 498; x_wconf 90' lang='lat' dir='ltr'><strong>avi</strong></span> <span class='ocrx_word' id='word_1_10' title='bbox 957 457 1074 506; x_wconf 78' lang='lat' dir='ltr'><strong>sex,</strong></span> <span class='ocrx_word' id='word_1_11' title='bbox 1111 444 1517 515; x_wconf 91' lang='lat' dir='ltr'><strong>conspirantes,</strong></span> <span class='ocrx_word' id='word_1_12' title='bbox 1550 458 1675 498; x_wconf 89' lang='lat' dir='ltr'><strong>cum</strong></span> <span class='ocrx_word' id='word_1_13' title='bbox 1703 460 1770 498; x_wconf 89' lang='lat' dir='ltr'><strong>eo</strong></span> <span class='ocrx_word' id='word_1_14' title='bbox 1803 441 2015 497; x_wconf 75' lang='lat' dir='ltr'><strong>occulte</strong></span> 
     </span>
    </p>
   </div>
   <div class='ocr_carea' id='block_1_6' title="bbox 2132 434 3708 515">
    <p class='ocr_par' dir='ltr' id='par_1_6' title="bbox 2132 434 3708 509">
     <span class='ocr_line' id='line_1_6' title="bbox 2132 434 3708 509; baseline -0.004 -18"><span class='ocrx_word' id='word_1_15' title='bbox 2132 438 2401 507; x_wconf 77' lang='grc' dir='ltr'><strong>Βυζαντίῳ</strong></span> <span class='ocrx_word' id='word_1_16' title='bbox 2421 437 2632 508; x_wconf 83' lang='grc' dir='ltr'>βασιλεῖ</span> <span class='ocrx_word' id='word_1_17' title='bbox 2661 434 2739 507; x_wconf 82' lang='grc' dir='ltr'><strong>τῷ</strong></span> <span class='ocrx_word' id='word_1_18' title='bbox 2764 436 3125 509; x_wconf 69' lang='grc' dir='ltr'>πρεσϐυτέρῳ</span> <span class='ocrx_word' id='word_1_19' title='bbox 3156 436 3436 490; x_wconf 77' lang='grc' dir='ltr'><strong>συνόντων</strong></span> <span class='ocrx_word' id='word_1_20' title='bbox 3474 438 3708 502; x_wconf 62' lang='grc' dir='ltr'>συγκλη-</span> 
     </span>
    </p>
   </div>
   <div class='ocr_carea' id='block_1_7' title="bbox 452 535 2021 608">
    <p class='ocr_par' dir='ltr' id='par_1_7' title="bbox 452 535 2021 608">
     <span class='ocr_line' id='line_1_7' title="bbox 452 535 2021 608; baseline -0.004 -16"><span class='ocrx_word' id='word_1_21' title='bbox 452 546 703 608; x_wconf 77' lang='lat' dir='ltr'><strong>egerunt,</strong></span> <span class='ocrx_word' id='word_1_22' title='bbox 737 537 782 592; x_wconf 86' lang='lat' dir='ltr'><strong>si</strong></span> <span class='ocrx_word' id='word_1_23' title='bbox 815 536 1056 607; x_wconf 68' lang='lat' dir='ltr'><strong>placeret</strong></span> <span class='ocrx_word' id='word_1_24' title='bbox 1085 551 1358 608; x_wconf 88' lang='lat' dir='ltr'><strong>occupare</strong></span> <span class='ocrx_word' id='word_1_25' title='bbox 1381 536 1722 607; x_wconf 77' lang='lat' dir='ltr'><strong>Byzantium,</strong></span> <span class='ocrx_word' id='word_1_26' title='bbox 1759 535 1892 604; x_wconf 83' lang='lat' dir='ltr'><strong>ipsis</strong></span> <span class='ocrx_word' id='word_1_27' title='bbox 1914 544 2021 588; x_wconf 88' lang='lat' dir='ltr'><strong>tra-</strong></span> 
     </span>
    </p>
   </div>
   <div class='ocr_carea' id='block_1_8' title="bbox 453 625 2023 698">
    <p class='ocr_par' dir='ltr' id='par_1_8' title="bbox 453 625 2023 698">
     <span class='ocr_line' id='line_1_8' title="bbox 453 625 2023 698; baseline -0.006 -12"><span class='ocrx_word' id='word_1_28' title='bbox 453 630 736 692; x_wconf 84' lang='lat' dir='ltr'><strong>dentibus,</strong></span> <span class='ocrx_word' id='word_1_29' title='bbox 781 628 928 698; x_wconf 88' lang='lat' dir='ltr'><strong>quod</strong></span> <span class='ocrx_word' id='word_1_30' title='bbox 979 637 1264 698; x_wconf 86' lang='lat' dir='ltr'><strong>poterant,</strong></span> <span class='ocrx_word' id='word_1_31' title='bbox 1317 629 1560 698; x_wconf 88' lang='lat' dir='ltr'><strong>primum</strong></span> <span class='ocrx_word' id='word_1_32' title='bbox 1591 643 1652 680; x_wconf 90' lang='lat' dir='ltr'><strong>se</strong></span> <span class='ocrx_word' id='word_1_33' title='bbox 1687 625 2023 696; x_wconf 80' lang='lat' dir='ltr'><strong>illisjurejn-</strong></span> 
     </span>
    </p>
   </div>
   <div class='ocr_carea' id='block_1_9' title="bbox 453 716 2019 788">
    <p class='ocr_par' dir='ltr' id='par_1_9' title="bbox 453 716 2019 788">
     <span class='ocr_line' id='line_1_9' title="bbox 453 716 2019 788; baseline -0.006 -12"><span class='ocrx_word' id='word_1_34' title='bbox 453 723 627 776; x_wconf 81' lang='lat' dir='ltr'><strong>rando</strong></span> <span class='ocrx_word' id='word_1_35' title='bbox 665 721 1053 787; x_wconf 73' lang='lat' dir='ltr'><strong>obstringeret,</strong></span> <span class='ocrx_word' id='word_1_36' title='bbox 1091 735 1318 774; x_wconf 92' lang='lat' dir='ltr'><strong>munere</strong></span> <span class='ocrx_word' id='word_1_37' title='bbox 1353 734 1464 788; x_wconf 92' lang='lat' dir='ltr'><strong>quo</strong></span> <span class='ocrx_word' id='word_1_38' title='bbox 1503 733 1648 771; x_wconf 86' lang='lat' dir='ltr'><strong>nunc.</strong></span> <span class='ocrx_word' id='word_1_39' title='bbox 1675 716 2019 786; x_wconf 76' lang='lat' dir='ltr'><strong>fungeretur,</strong></span> 
     </span>
    </p>
   </div>
   <div class='ocr_carea' id='block_1_10' title="bbox 452 809 2024 884">
    <p class='ocr_par' dir='ltr' id='par_1_10' title="bbox 452 809 2024 884">
     <span class='ocr_line' id='line_1_10' title="bbox 452 809 2024 884; baseline -0.006 -15"><span class='ocrx_word' id='word_1_40' title='bbox 452 828 711 884; x_wconf 77' lang='lat' dir='ltr'><strong>magnum</strong></span> <span class='ocrx_word' id='word_1_41' title='bbox 760 812 1094 882; x_wconf 80' lang='lat' dir='ltr'><strong>logothetam</strong></span> <span class='ocrx_word' id='word_1_42' title='bbox 1125 819 1464 872; x_wconf 85' lang='lat' dir='ltr'><strong>amoturum,</strong></span> <span class='ocrx_word' id='word_1_43' title='bbox 1495 819 1660 879; x_wconf 84' lang='lat' dir='ltr'><strong>atque</strong></span> <span class='ocrx_word' id='word_1_44' title='bbox 1693 809 1769 880; x_wconf 86' lang='lat' dir='ltr'><strong>illi</strong></span> <span class='ocrx_word' id='word_1_45' title='bbox 1810 809 1863 862; x_wconf 93' lang='lat' dir='ltr'><strong>in</strong></span> <span class='ocrx_word' id='word_1_46' title='bbox 1901 823 2024 876; x_wconf 91' lang='lat' dir='ltr'><strong>per-</strong></span> 
     </span>
    </p>
   </div>
   <div class='ocr_carea' id='block_1_11' title="bbox 452 899 2018 977">
    <p class='ocr_par' dir='ltr' id='par_1_11' title="bbox 452 899 2018 977">
     <span class='ocr_line' id='line_1_11' title="bbox 452 899 2018 977; baseline -0.005 -18"><span class='ocrx_word' id='word_1_47' title='bbox 452 915 681 977; x_wconf 88' lang='lat' dir='ltr'><strong>petuum</strong></span> <span class='ocrx_word' id='word_1_48' title='bbox 729 917 1144 964; x_wconf 86' lang='lat' dir='ltr'><strong>succensurutn,</strong></span> <span class='ocrx_word' id='word_1_49' title='bbox 1179 913 1358 972; x_wconf 88' lang='lat' dir='ltr'><strong>neque</strong></span> <span class='ocrx_word' id='word_1_50' title='bbox 1410 915 1651 969; x_wconf 84' lang='lat' dir='ltr'><strong>unquam</strong></span> <span class='ocrx_word' id='word_1_51' title='bbox 1682 899 2018 970; x_wconf 76' lang='lat' dir='ltr'><strong>ignotarum.</strong></span> 
     </span>
    </p>
   </div>
   <div class='ocr_carea' id='block_1_12' title="bbox 454 991 2025 1065">
    <p class='ocr_par' dir='ltr' id='par_1_12' title="bbox 454 991 2025 1065">
     <span class='ocr_line' id='line_1_12' title="bbox 454 991 2025 1065; baseline -0.004 -15"><span class='ocrx_word' id='word_1_52' title='bbox 454 995 662 1050; x_wconf 87' lang='lat' dir='ltr'><strong>Deinde</strong></span> <span class='ocrx_word' id='word_1_53' title='bbox 716 995 822 1049; x_wconf 85' lang='lat' dir='ltr'><strong>alia</strong></span> <span class='ocrx_word' id='word_1_54' title='bbox 879 996 1125 1064; x_wconf 82' lang='lat' dir='ltr'><strong>qtnedam</strong></span> <span class='ocrx_word' id='word_1_55' title='bbox 1167 1010 1288 1064; x_wconf 77' lang='lat' dir='ltr'><strong>qua:</strong></span> <span class='ocrx_word' id='word_1_56' title='bbox 1339 995 1701 1065; x_wconf 88' lang='lat' dir='ltr'><strong>postularent,</strong></span> <span class='ocrx_word' id='word_1_57' title='bbox 1748 991 2025 1062; x_wconf 65' lang='lat' dir='ltr'><strong>prastitu-</strong></span> 
     </span>
    </p>
   </div>
   <div class='ocr_carea' id='block_1_13' title="bbox 453 1085 2023 1148">
    <p class='ocr_par' dir='ltr' id='par_1_13' title="bbox 453 1085 2023 1148">
     <span class='ocr_line' id='line_1_13' title="bbox 453 1085 2023 1148; baseline -0.003 -6"><span class='ocrx_word' id='word_1_58' title='bbox 453 1104 602 1142; x_wconf 85' lang='lat' dir='ltr'><strong>runt.</strong></span> <span class='ocrx_word' id='word_1_59' title='bbox 631 1087 709 1141; x_wconf 88' lang='lat' dir='ltr'><strong>Ita</strong></span> <span class='ocrx_word' id='word_1_60' title='bbox 740 1087 784 1141; x_wconf 88' lang='lat' dir='ltr'><strong>si</strong></span> <span class='ocrx_word' id='word_1_61' title='bbox 816 1087 1055 1148; x_wconf 89' lang='lat' dir='ltr'><strong>fecisset,</strong></span> <span class='ocrx_word' id='word_1_62' title='bbox 1086 1089 1204 1144; x_wconf 90' lang='lat' dir='ltr'><strong>sine</strong></span> <span class='ocrx_word' id='word_1_63' title='bbox 1235 1103 1386 1143; x_wconf 87' lang='lat' dir='ltr'><strong>mora</strong></span> <span class='ocrx_word' id='word_1_64' title='bbox 1413 1093 1622 1143; x_wconf 83' lang='lat' dir='ltr'><strong>veniret</strong></span> <span class='ocrx_word' id='word_1_65' title='bbox 1650 1105 1665 1142; x_wconf 89' lang='lat'><strong>:</strong></span> <span class='ocrx_word' id='word_1_66' title='bbox 1694 1085 1858 1142; x_wconf 80' lang='lat' dir='ltr'><strong>simul</strong></span> <span class='ocrx_word' id='word_1_67' title='bbox 1877 1085 2023 1139; x_wconf 88' lang='lat' dir='ltr'><strong>enim</strong></span> 
     </span>
    </p>
   </div>
   <div class='ocr_carea' id='block_1_14' title="bbox 454 1179 2022 1250">
    <p class='ocr_par' dir='ltr' id='par_1_14' title="bbox 454 1179 2022 1250">
     <span class='ocr_line' id='line_1_14' title="bbox 454 1179 2022 1250; baseline -0.001 -19"><span class='ocrx_word' id='word_1_68' title='bbox 454 1188 770 1241; x_wconf 89' lang='lat' dir='ltr'><strong>venturum,</strong></span> <span class='ocrx_word' id='word_1_69' title='bbox 826 1187 884 1233; x_wconf 89' lang='lat' dir='ltr'><strong>et</strong></span> <span class='ocrx_word' id='word_1_70' title='bbox 930 1179 1122 1233; x_wconf 85' lang='lat' dir='ltr'><strong>urbem</strong></span> <span class='ocrx_word' id='word_1_71' title='bbox 1178 1179 1234 1234; x_wconf 88' lang='lat' dir='ltr'><strong>in</strong></span> <span class='ocrx_word' id='word_1_72' title='bbox 1279 1189 1603 1250; x_wconf 75' lang='lat' dir='ltr'><strong>potesratcm</strong></span> <span class='ocrx_word' id='word_1_73' title='bbox 1644 1185 2022 1246; x_wconf 84' lang='lat' dir='ltr'><strong>accepturum.</strong></span> 
     </span>
    </p>
   </div>
   <div class='ocr_carea' id='block_1_15' title="bbox 454 1267 2027 1339">
    <p class='ocr_par' dir='ltr' id='par_1_15' title="bbox 454 1267 2027 1339">
     <span class='ocr_line' id='line_1_15' title="bbox 454 1267 2027 1339; baseline -0.002 -16"><span class='ocrx_word' id='word_1_74' title='bbox 454 1270 633 1338; x_wconf 85' lang='lat' dir='ltr'><strong>Super</strong></span> <span class='ocrx_word' id='word_1_75' title='bbox 666 1269 869 1338; x_wconf 81' lang='lat' dir='ltr'><strong>quibus</strong></span> <span class='ocrx_word' id='word_1_76' title='bbox 900 1269 1192 1338; x_wconf 85' lang='lat' dir='ltr'><strong>respondit</strong></span> <span class='ocrx_word' id='word_1_77' title='bbox 1225 1271 1548 1339; x_wconf 85' lang='lat' dir='ltr'><strong>imperator,</strong></span> <span class='ocrx_word' id='word_1_78' title='bbox 1587 1285 1764 1339; x_wconf 90' lang='lat' dir='ltr'><strong>neque</strong></span> <span class='ocrx_word' id='word_1_79' title='bbox 1797 1283 1857 1322; x_wconf 84' lang='lat' dir='ltr'><strong>se</strong></span> <span class='ocrx_word' id='word_1_80' title='bbox 1895 1267 2027 1321; x_wconf 89' lang='lat' dir='ltr'><strong>huic</strong></span> 
     </span>
    </p>
   </div>
   <div class='ocr_carea' id='block_1_16' title="bbox 453 1359 2022 1431">
    <p class='ocr_par' dir='ltr' id='par_1_16' title="bbox 453 1359 2022 1431">
     <span class='ocr_line' id='line_1_16' title="bbox 453 1359 2022 1431; baseline 0 -17"><span class='ocrx_word' id='word_1_81' title='bbox 453 1361 598 1415; x_wconf 89' lang='lat' dir='ltr'><strong>bello</strong></span> <span class='ocrx_word' id='word_1_82' title='bbox 651 1371 814 1430; x_wconf 86' lang='lat' dir='ltr'><strong>caput</strong></span> <span class='ocrx_word' id='word_1_83' title='bbox 860 1359 1054 1426; x_wconf 80' lang='lat' dir='ltr'><strong>fuisse,</strong></span> <span class='ocrx_word' id='word_1_84' title='bbox 1088 1375 1269 1431; x_wconf 86' lang='lat' dir='ltr'><strong>neque</strong></span> <span class='ocrx_word' id='word_1_85' title='bbox 1311 1363 1382 1416; x_wconf 90' lang='lat' dir='ltr'><strong>ab</strong></span> <span class='ocrx_word' id='word_1_86' title='bbox 1431 1363 1555 1416; x_wconf 85' lang='lat' dir='ltr'><strong>aliis</strong></span> <span class='ocrx_word' id='word_1_87' title='bbox 1585 1361 1932 1430; x_wconf 89' lang='lat' dir='ltr'><strong>potissimum</strong></span> <span class='ocrx_word' id='word_1_88' title='bbox 1969 1359 2022 1414; x_wconf 87' lang='lat' dir='ltr'><strong>id</strong></span> 
     </span>
    </p>
   </div>
   <div class='ocr_carea' id='block_1_17' title="bbox 455 1440 2028 1519">
    <p class='ocr_par' dir='ltr' id='par_1_17' title="bbox 455 1440 2028 1519">
     <span class='ocr_line' id='line_1_17' title="bbox 455 1440 2028 1519; baseline -0.001 -13"><span class='ocrx_word' id='word_1_89' title='bbox 455 1451 718 1507; x_wconf 77' lang='lat' dir='ltr'><strong>suscitari</strong></span> <span class='ocrx_word' id='word_1_90' title='bbox 771 1451 1014 1507; x_wconf 88' lang='lat' dir='ltr'><strong>voluisse</strong></span> <span class='ocrx_word' id='word_1_91' title='bbox 1044 1451 1116 1506; x_wconf 91' lang='lat' dir='ltr'><strong>ab</strong></span> <span class='ocrx_word' id='word_1_92' title='bbox 1155 1452 1352 1519; x_wconf 85' lang='lat' dir='ltr'><strong>initio;</strong></span> <span class='ocrx_word' id='word_1_93' title='bbox 1402 1460 1459 1507; x_wconf 89' lang='lat' dir='ltr'><strong>et</strong></span> <span class='ocrx_word' id='word_1_94' title='bbox 1491 1467 1558 1508; x_wconf 90' lang='lat' dir='ltr'><strong>eo</strong></span> <span class='ocrx_word' id='word_1_95' title='bbox 1586 1440 1870 1514; x_wconf 80' lang='lat' dir='ltr'><strong>suscitato,</strong></span> <span class='ocrx_word' id='word_1_96' title='bbox 1911 1465 2028 1506; x_wconf 89' lang='lat' dir='ltr'><strong>mo-</strong></span> 
     </span>
    </p>
   </div>
   <div class='ocr_carea' id='block_1_18' title="bbox 455 1541 2027 1614">
    <p class='ocr_par' dir='ltr' id='par_1_18' title="bbox 455 1541 2027 1614">
     <span class='ocr_line' id='line_1_18' title="bbox 455 1541 2027 1614; baseline 0.003 -20"><span class='ocrx_word' id='word_1_97' title='bbox 455 1541 611 1605; x_wconf 90' lang='lat' dir='ltr'><strong>dum,</strong></span> <span class='ocrx_word' id='word_1_98' title='bbox 634 1542 891 1610; x_wconf 83' lang='lat' dir='ltr'><strong>viamque</strong></span> <span class='ocrx_word' id='word_1_99' title='bbox 922 1556 1141 1597; x_wconf 88' lang='lat' dir='ltr'><strong>omnem</strong></span> <span class='ocrx_word' id='word_1_100' title='bbox 1163 1543 1522 1614; x_wconf 77' lang='lat' dir='ltr'><strong>excogitasse,</strong></span> <span class='ocrx_word' id='word_1_101' title='bbox 1551 1544 1756 1614; x_wconf 89' lang='lat' dir='ltr'><strong>quibus</strong></span> <span class='ocrx_word' id='word_1_102' title='bbox 1784 1543 1838 1598; x_wconf 89' lang='lat' dir='ltr'><strong>id</strong></span> <span class='ocrx_word' id='word_1_103' title='bbox 1868 1557 2027 1613; x_wconf 85' lang='lat' dir='ltr'><strong>posse</strong></span> 
     </span>
    </p>
   </div>
   <div class='ocr_carea' id='block_1_19' title="bbox 455 1630 2023 1704">
    <p class='ocr_par' dir='ltr' id='par_1_19' title="bbox 455 1630 2023 1704">
     <span class='ocr_line' id='line_1_19' title="bbox 455 1630 2023 1704; baseline 0.002 -19"><span class='ocrx_word' id='word_1_104' title='bbox 455 1630 712 1700; x_wconf 87' lang='lat' dir='ltr'><strong>dissipari</strong></span> <span class='ocrx_word' id='word_1_105' title='bbox 751 1631 1158 1700; x_wconf 77' lang='lat' dir='ltr'><strong>arbitraretur;</strong></span> <span class='ocrx_word' id='word_1_106' title='bbox 1211 1649 1275 1689; x_wconf 89' lang='lat' dir='ltr'><strong>ac</strong></span> <span class='ocrx_word' id='word_1_107' title='bbox 1322 1635 1494 1690; x_wconf 89' lang='lat' dir='ltr'><strong>Deum</strong></span> <span class='ocrx_word' id='word_1_108' title='bbox 1528 1650 1708 1699; x_wconf 86' lang='lat' dir='ltr'><strong>nosse,</strong></span> <span class='ocrx_word' id='word_1_109' title='bbox 1746 1635 1838 1704; x_wconf 85' lang='lat' dir='ltr'><strong>qui</strong></span> <span class='ocrx_word' id='word_1_110' title='bbox 1877 1633 2023 1688; x_wconf 89' lang='lat' dir='ltr'><strong>norit</strong></span> 
     </span>
    </p>
   </div>
   <div class='ocr_carea' id='block_1_20' title="bbox 454 1722 2022 1796">
    <p class='ocr_par' dir='ltr' id='par_1_20' title="bbox 454 1722 2022 1796">
     <span class='ocr_line' id='line_1_20' title="bbox 454 1722 2022 1796; baseline 0.004 -23"><span class='ocrx_word' id='word_1_111' title='bbox 454 1722 638 1775; x_wconf 87' lang='lat' dir='ltr'><strong>omnia</strong></span> <span class='ocrx_word' id='word_1_112' title='bbox 665 1730 960 1791; x_wconf 83' lang='lat' dir='ltr'><strong>antequam</strong></span> <span class='ocrx_word' id='word_1_113' title='bbox 1001 1724 1152 1789; x_wconf 86' lang='lat' dir='ltr'><strong>flant,</strong></span> <span class='ocrx_word' id='word_1_114' title='bbox 1190 1726 1355 1796; x_wconf 74' lang='lat'><strong>180</strong></span> <span class='ocrx_word' id='word_1_115' title='bbox 1387 1741 1586 1796; x_wconf 89' lang='lat' dir='ltr'><strong>resque</strong></span> <span class='ocrx_word' id='word_1_116' title='bbox 1624 1727 1774 1796; x_wconf 88' lang='lat' dir='ltr'><strong>ipsas</strong></span> <span class='ocrx_word' id='word_1_117' title='bbox 1814 1735 2022 1781; x_wconf 89' lang='lat' dir='ltr'><strong>tantum</strong></span> 
     </span>
    </p>
   </div>
   <div class='ocr_carea' id='block_1_21' title="bbox 455 1814 2027 1886">
    <p class='ocr_par' dir='ltr' id='par_1_21' title="bbox 455 1814 2027 1886">
     <span class='ocr_line' id='line_1_21' title="bbox 455 1814 2027 1886; baseline 0.005 -23"><span class='ocrx_word' id='word_1_118' title='bbox 455 1825 566 1864; x_wconf 90' lang='lat' dir='ltr'><strong>non</strong></span> <span class='ocrx_word' id='word_1_119' title='bbox 602 1814 768 1866; x_wconf 65' lang='lat' dir='ltr'><strong>missa</strong></span> <span class='ocrx_word' id='word_1_120' title='bbox 821 1827 960 1868; x_wconf 86' lang='lat' dir='ltr'><strong>voce</strong></span> <span class='ocrx_word' id='word_1_121' title='bbox 1013 1814 1288 1869; x_wconf 84' lang='lat' dir='ltr'><strong>testificari</strong></span> <span class='ocrx_word' id='word_1_122' title='bbox 1325 1816 1607 1886; x_wconf 89' lang='lat' dir='ltr'><strong>idipsum;</strong></span> <span class='ocrx_word' id='word_1_123' title='bbox 1665 1818 1797 1885; x_wconf 89' lang='lat' dir='ltr'><strong>quin</strong></span> <span class='ocrx_word' id='word_1_124' title='bbox 1842 1828 1898 1871; x_wconf 90' lang='lat' dir='ltr'><strong>et</strong></span> <span class='ocrx_word' id='word_1_125' title='bbox 1929 1831 2027 1871; x_wconf 89' lang='lat' dir='ltr'><strong>eos</strong></span> 
     </span>
    </p>
   </div>
   <div class='ocr_carea' id='block_1_22' title="bbox 457 1900 2030 1972">
    <p class='ocr_par' dir='ltr' id='par_1_22' title="bbox 457 1900 2030 1972">
     <span class='ocr_line' id='line_1_22' title="bbox 457 1900 2030 1972; baseline 0.004 -16"><span class='ocrx_word' id='word_1_126' title='bbox 457 1900 628 1972; x_wconf 80' lang='lat' dir='ltr'><strong>ipsos,</strong></span> <span class='ocrx_word' id='word_1_127' title='bbox 657 1904 702 1958; x_wconf 90' lang='lat' dir='ltr'><strong>si</strong></span> <span class='ocrx_word' id='word_1_128' title='bbox 735 1919 860 1957; x_wconf 88' lang='lat' dir='ltr'><strong>vera</strong></span> <span class='ocrx_word' id='word_1_129' title='bbox 893 1902 1078 1958; x_wconf 87' lang='lat' dir='ltr'><strong>dicere</strong></span> <span class='ocrx_word' id='word_1_130' title='bbox 1112 1905 1306 1971; x_wconf 83' lang='lat' dir='ltr'><strong>velint,</strong></span> <span class='ocrx_word' id='word_1_131' title='bbox 1338 1907 1716 1962; x_wconf 91' lang='lat' dir='ltr'><strong>testimonium</strong></span> <span class='ocrx_word' id='word_1_132' title='bbox 1745 1906 1850 1962; x_wconf 87' lang='lat' dir='ltr'><strong>sibi</strong></span> <span class='ocrx_word' id='word_1_133' title='bbox 1884 1908 2030 1962; x_wconf 40' lang='lat' dir='ltr'><strong>iatn-</strong></span> 
     </span>
    </p>
   </div>
   <div class='ocr_carea' id='block_1_23' title="bbox 457 1991 2026 2069">
    <p class='ocr_par' dir='ltr' id='par_1_23' title="bbox 457 1991 2026 2069">
     <span class='ocr_line' id='line_1_23' title="bbox 457 1991 2026 2069; baseline 0.006 -23"><span class='ocrx_word' id='word_1_134' title='bbox 457 2009 570 2048; x_wconf 90' lang='lat' dir='ltr'><strong>ros.</strong></span> <span class='ocrx_word' id='word_1_135' title='bbox 599 1991 736 2060; x_wconf 86' lang='lat' dir='ltr'><strong>Quia</strong></span> <span class='ocrx_word' id='word_1_136' title='bbox 766 2009 896 2049; x_wconf 90' lang='lat' dir='ltr'><strong>vero</strong></span> <span class='ocrx_word' id='word_1_137' title='bbox 921 2010 984 2050; x_wconf 80' lang='lat' dir='ltr'><strong>ea</strong></span> <span class='ocrx_word' id='word_1_138' title='bbox 1007 1996 1256 2052; x_wconf 91' lang='lat' dir='ltr'><strong>conditio</strong></span> <span class='ocrx_word' id='word_1_139' title='bbox 1287 2014 1472 2054; x_wconf 90' lang='lat' dir='ltr'><strong>rerum</strong></span> <span class='ocrx_word' id='word_1_140' title='bbox 1502 2000 1595 2068; x_wconf 85' lang='lat' dir='ltr'><strong>sit,</strong></span> <span class='ocrx_word' id='word_1_141' title='bbox 1624 2009 1683 2055; x_wconf 94' lang='lat' dir='ltr'><strong>ut</strong></span> <span class='ocrx_word' id='word_1_142' title='bbox 1712 2015 1814 2055; x_wconf 89' lang='lat' dir='ltr'><strong>avo</strong></span> <span class='ocrx_word' id='word_1_143' title='bbox 1837 2016 2026 2069; x_wconf 88' lang='lat' dir='ltr'><strong>pacem</strong></span> 
     </span>
    </p>
   </div>
   <div class='ocr_carea' id='block_1_24' title="bbox 457 2083 2027 2158">
    <p class='ocr_par' dir='ltr' id='par_1_24' title="bbox 457 2083 2027 2158">
     <span class='ocr_line' id='line_1_24' title="bbox 457 2083 2027 2158; baseline 0.004 -20"><span class='ocrx_word' id='word_1_144' title='bbox 457 2083 708 2140; x_wconf 85' lang='lat' dir='ltr'><strong>funditus</strong></span> <span class='ocrx_word' id='word_1_145' title='bbox 762 2083 1086 2158; x_wconf 88' lang='lat' dir='ltr'><strong>rejectante,</strong></span> <span class='ocrx_word' id='word_1_146' title='bbox 1136 2091 1450 2145; x_wconf 87' lang='lat' dir='ltr'><strong>necessario</strong></span> <span class='ocrx_word' id='word_1_147' title='bbox 1479 2101 1575 2146; x_wconf 89' lang='lat' dir='ltr'><strong>aut</strong></span> <span class='ocrx_word' id='word_1_148' title='bbox 1616 2092 1754 2148; x_wconf 89' lang='lat' dir='ltr'><strong>alter</strong></span> <span class='ocrx_word' id='word_1_149' title='bbox 1784 2093 2027 2146; x_wconf 79' lang='lat' dir='ltr'><strong>‘illorum</strong></span> 
     </span>
    </p>
   </div>
   <div class='ocr_carea' id='block_1_25' title="bbox 454 2177 2027 2252">
    <p class='ocr_par' dir='ltr' id='par_1_25' title="bbox 454 2177 2027 2252">
     <span class='ocr_line' id='line_1_25' title="bbox 454 2177 2027 2252; baseline 0.006 -23"><span class='ocrx_word' id='word_1_150' title='bbox 454 2177 689 2246; x_wconf 86' lang='lat' dir='ltr'><strong>imperio</strong></span> <span class='ocrx_word' id='word_1_151' title='bbox 723 2177 948 2249; x_wconf 86' lang='lat' dir='ltr'><strong>depelli,</strong></span> <span class='ocrx_word' id='word_1_152' title='bbox 981 2189 1076 2234; x_wconf 87' lang='lat' dir='ltr'><strong>aut</strong></span> <span class='ocrx_word' id='word_1_153' title='bbox 1104 2181 1339 2252; x_wconf 86' lang='lat' dir='ltr'><strong>subjecti</strong></span> <span class='ocrx_word' id='word_1_154' title='bbox 1371 2183 1615 2239; x_wconf 83' lang='lat' dir='ltr'><strong>dissidiis</strong></span> <span class='ocrx_word' id='word_1_155' title='bbox 1651 2183 1929 2239; x_wconf 83' lang='lat' dir='ltr'><strong>intestinis</strong></span> <span class='ocrx_word' id='word_1_156' title='bbox 1960 2186 2027 2238; x_wconf 91' lang='lat' dir='ltr'><strong>ad</strong></span> 
     </span>
    </p>
   </div>
   <div class='ocr_carea' id='block_1_26' title="bbox 458 2270 2031 2342">
    <p class='ocr_par' dir='ltr' id='par_1_26' title="bbox 458 2270 2031 2342">
     <span class='ocr_line' id='line_1_26' title="bbox 458 2270 2031 2342; baseline 0.004 -21"><span class='ocrx_word' id='word_1_157' title='bbox 458 2270 762 2337; x_wconf 87' lang='lat' dir='ltr'><strong>perniciem</strong></span> <span class='ocrx_word' id='word_1_158' title='bbox 813 2270 996 2324; x_wconf 87' lang='lat' dir='ltr'><strong>vocari</strong></span> <span class='ocrx_word' id='word_1_159' title='bbox 1028 2271 1290 2337; x_wconf 86' lang='lat' dir='ltr'><strong>debeant,</strong></span> <span class='ocrx_word' id='word_1_160' title='bbox 1326 2274 1468 2329; x_wconf 84' lang='lat' dir='ltr'><strong>velle</strong></span> <span class='ocrx_word' id='word_1_161' title='bbox 1495 2289 1576 2340; x_wconf 85' lang='lat' dir='ltr'><strong>se,</strong></span> <span class='ocrx_word' id='word_1_162' title='bbox 1614 2273 1781 2342; x_wconf 85' lang='lat' dir='ltr'><strong>idque</strong></span> <span class='ocrx_word' id='word_1_163' title='bbox 1821 2290 1887 2330; x_wconf 82' lang='lat' dir='ltr'><strong>ex</strong></span> <span class='ocrx_word' id='word_1_164' title='bbox 1933 2289 2031 2328; x_wconf 53' lang='lat' dir='ltr'><strong>ner-</strong></span> 
     </span>
    </p>
   </div>
   <div class='ocr_carea' id='block_1_27' title="bbox 457 2359 2032 2435">
    <p class='ocr_par' dir='ltr' id='par_1_27' title="bbox 457 2359 2032 2435">
     <span class='ocr_line' id='line_1_27' title="bbox 457 2359 2032 2435; baseline 0.004 -23"><span class='ocrx_word' id='word_1_165' title='bbox 457 2359 733 2424; x_wconf 83' lang='lat' dir='ltr'><strong>cessitate,</strong></span> <span class='ocrx_word' id='word_1_166' title='bbox 787 2369 884 2414; x_wconf 88' lang='lat' dir='ltr'><strong>aut</strong></span> <span class='ocrx_word' id='word_1_167' title='bbox 926 2362 1173 2430; x_wconf 90' lang='lat' dir='ltr'><strong>ipsorum</strong></span> <span class='ocrx_word' id='word_1_168' title='bbox 1213 2375 1310 2418; x_wconf 92' lang='lat' dir='ltr'><strong>aut</strong></span> <span class='ocrx_word' id='word_1_169' title='bbox 1350 2365 1585 2419; x_wconf 87' lang='lat' dir='ltr'><strong>aliorum</strong></span> <span class='ocrx_word' id='word_1_170' title='bbox 1642 2381 1745 2432; x_wconf 87' lang='lat' dir='ltr'><strong>ope</strong></span> <span class='ocrx_word' id='word_1_171' title='bbox 1790 2365 1894 2420; x_wconf 85' lang='lat' dir='ltr'><strong>sub</strong></span> <span class='ocrx_word' id='word_1_172' title='bbox 1937 2365 2032 2435; x_wconf 86' lang='lat' dir='ltr'><strong>jus</strong></span> 
     </span>
    </p>
   </div>
   <div class='ocr_carea' id='block_1_28' title="bbox 461 2441 2029 2522">
    <p class='ocr_par' dir='ltr' id='par_1_28' title="bbox 461 2441 2029 2522">
     <span class='ocr_line' id='line_1_28' title="bbox 461 2441 2029 2522; baseline 0.003 -20"><span class='ocrx_word' id='word_1_173' title='bbox 461 2441 622 2503; x_wconf 65' lang='lat' dir='ltr'><strong>s&#39;uutn</strong></span> <span class='ocrx_word' id='word_1_174' title='bbox 660 2451 828 2520; x_wconf 78' lang='lat' dir='ltr'><strong>redigi</strong></span> <span class='ocrx_word' id='word_1_175' title='bbox 860 2449 1224 2522; x_wconf 82' lang='lat' dir='ltr'><strong>Byzantium;</strong></span> <span class='ocrx_word' id='word_1_176' title='bbox 1274 2453 1420 2522; x_wconf 89' lang='lat' dir='ltr'><strong>quod</strong></span> <span class='ocrx_word' id='word_1_177' title='bbox 1451 2451 1560 2507; x_wconf 88' lang='lat' dir='ltr'><strong>nisi</strong></span> <span class='ocrx_word' id='word_1_178' title='bbox 1591 2452 1706 2516; x_wconf 83' lang='lat' dir='ltr'><strong>ﬁat,</strong></span> <span class='ocrx_word' id='word_1_179' title='bbox 1748 2467 2029 2522; x_wconf 87' lang='lat' dir='ltr'><strong>nunquam</strong></span> 
     </span>
    </p>
   </div>
   <div class='ocr_carea' id='block_1_29' title="bbox 461 2536 2030 2601">
    <p class='ocr_par' dir='ltr' id='par_1_29' title="bbox 461 2536 2030 2601">
     <span class='ocr_line' id='line_1_29' title="bbox 461 2536 2030 2601; baseline 0.004 -7"><span class='ocrx_word' id='word_1_180' title='bbox 461 2536 622 2597; x_wconf 88' lang='lat' dir='ltr'><strong>bellis</strong></span> <span class='ocrx_word' id='word_1_181' title='bbox 650 2541 905 2597; x_wconf 83' lang='lat' dir='ltr'><strong>civilibus</strong></span> <span class='ocrx_word' id='word_1_182' title='bbox 934 2541 1245 2598; x_wconf 79' lang='lat' dir='ltr'><strong>defuturam</strong></span> <span class='ocrx_word' id='word_1_183' title='bbox 1277 2543 1584 2600; x_wconf 85' lang='lat' dir='ltr'><strong>materiam.</strong></span> <span class='ocrx_word' id='word_1_184' title='bbox 1638 2538 1722 2601; x_wconf 85' lang='lat' dir='ltr'><strong>0b</strong></span> <span class='ocrx_word' id='word_1_185' title='bbox 1749 2559 1814 2599; x_wconf 91' lang='lat' dir='ltr'><strong>ea</strong></span> <span class='ocrx_word' id='word_1_186' title='bbox 1847 2553 2030 2600; x_wconf 88' lang='lat' dir='ltr'><strong>autem</strong></span> 
     </span>
    </p>
   </div>
   <div class='ocr_carea' id='block_1_30' title="bbox 459 2631 2031 2706">
    <p class='ocr_par' dir='ltr' id='par_1_30' title="bbox 459 2631 2031 2706">
     <span class='ocr_line' id='line_1_30' title="bbox 459 2631 2031 2706; baseline 0.004 -22"><span class='ocrx_word' id='word_1_187' title='bbox 459 2646 586 2701; x_wconf 84' lang='lat' dir='ltr'><strong>quae</strong></span> <span class='ocrx_word' id='word_1_188' title='bbox 643 2641 978 2701; x_wconf 80' lang='lat' dir='ltr'><strong>rogassent,</strong></span> <span class='ocrx_word' id='word_1_189' title='bbox 1040 2649 1153 2688; x_wconf 91' lang='lat' dir='ltr'><strong>non</strong></span> <span class='ocrx_word' id='word_1_190' title='bbox 1208 2631 1466 2706; x_wconf 74' lang='lat' dir='ltr'><strong>Byzantio</strong></span> <span class='ocrx_word' id='word_1_191' title='bbox 1530 2633 1799 2693; x_wconf 81' lang='lat' dir='ltr'><strong>duntaxat</strong></span> <span class='ocrx_word' id='word_1_192' title='bbox 1864 2634 2031 2706; x_wconf 88' lang='lat' dir='ltr'><strong>potiri</strong></span> 
     </span>
    </p>
   </div>
   <div class='ocr_carea' id='block_1_31' title="bbox 463 2722 2031 2799">
    <p class='ocr_par' dir='ltr' id='par_1_31' title="bbox 463 2722 2031 2799">
     <span class='ocr_line' id='line_1_31' title="bbox 463 2722 2031 2799; baseline 0.004 -23"><span class='ocrx_word' id='word_1_193' title='bbox 463 2722 643 2787; x_wconf 89' lang='lat' dir='ltr'><strong>nolle,</strong></span> <span class='ocrx_word' id='word_1_194' title='bbox 694 2724 788 2778; x_wconf 89' lang='lat' dir='ltr'><strong>sed</strong></span> <span class='ocrx_word' id='word_1_195' title='bbox 841 2737 1018 2795; x_wconf 88' lang='lat' dir='ltr'><strong>neque</strong></span> <span class='ocrx_word' id='word_1_196' title='bbox 1049 2733 1128 2781; x_wconf 91' lang='lat' dir='ltr'><strong>tot</strong></span> <span class='ocrx_word' id='word_1_197' title='bbox 1161 2726 1412 2792; x_wconf 90' lang='lat' dir='ltr'><strong>urbibus,</strong></span> <span class='ocrx_word' id='word_1_198' title='bbox 1453 2736 1590 2798; x_wconf 92' lang='lat' dir='ltr'><strong>quot</strong></span> <span class='ocrx_word' id='word_1_199' title='bbox 1635 2735 1763 2784; x_wconf 89' lang='lat' dir='ltr'><strong>sunt</strong></span> <span class='ocrx_word' id='word_1_200' title='bbox 1789 2723 2031 2799; x_wconf 78' lang='lat' dir='ltr'><strong>Byzantii</strong></span> 
     </span>
    </p>
   </div>
   <div class='ocr_carea' id='block_1_32' title="bbox 462 2815 2034 2890">
    <p class='ocr_par' dir='ltr' id='par_1_32' title="bbox 462 2815 2034 2890">
     <span class='ocr_line' id='line_1_32' title="bbox 462 2815 2034 2890; baseline 0.004 -23"><span class='ocrx_word' id='word_1_201' title='bbox 462 2823 672 2870; x_wconf 87' lang='lat' dir='ltr'><strong>turres.</strong></span> <span class='ocrx_word' id='word_1_202' title='bbox 698 2815 891 2887; x_wconf 74' lang='lat' dir='ltr'><strong>Magno</strong></span> <span class='ocrx_word' id='word_1_203' title='bbox 914 2815 1207 2888; x_wconf 37' lang='lat' dir='ltr'><strong>logothetaa</strong></span> <span class='ocrx_word' id='word_1_204' title='bbox 1234 2815 1554 2888; x_wconf 79' lang='lat' dir='ltr'><strong>dignitatem</strong></span> <span class='ocrx_word' id='word_1_205' title='bbox 1589 2835 1697 2890; x_wconf 93' lang='lat' dir='ltr'><strong>qua</strong></span> <span class='ocrx_word' id='word_1_206' title='bbox 1738 2835 1884 2874; x_wconf 93' lang='lat' dir='ltr'><strong>nunc</strong></span> <span class='ocrx_word' id='word_1_207' title='bbox 1909 2818 2034 2874; x_wconf 73' lang='lat' dir='ltr'><strong>fum-</strong></span> 
     </span>
    </p>
   </div>
   <div class='ocr_carea' id='block_1_33' title="bbox 461 2904 2028 2982">
    <p class='ocr_par' dir='ltr' id='par_1_33' title="bbox 461 2904 2028 2982">
     <span class='ocr_line' id='line_1_33' title="bbox 461 2904 2028 2982; baseline 0.004 -25"><span class='ocrx_word' id='word_1_208' title='bbox 461 2913 704 2975; x_wconf 71' lang='lat' dir='ltr'><strong>geretur,</strong></span> <span class='ocrx_word' id='word_1_209' title='bbox 736 2921 846 2962; x_wconf 89' lang='lat' dir='ltr'><strong>non</strong></span> <span class='ocrx_word' id='word_1_210' title='bbox 875 2904 1055 2963; x_wconf 90' lang='lat' dir='ltr'><strong>solum</strong></span> <span class='ocrx_word' id='word_1_211' title='bbox 1095 2910 1225 2980; x_wconf 90' lang='lat' dir='ltr'><strong>quia</strong></span> <span class='ocrx_word' id='word_1_212' title='bbox 1265 2910 1341 2965; x_wconf 91' lang='lat' dir='ltr'><strong>illi</strong></span> <span class='ocrx_word' id='word_1_213' title='bbox 1375 2919 1652 2982; x_wconf 76' lang='lat' dir='ltr'><strong>peterent.</strong></span> <span class='ocrx_word' id='word_1_214' title='bbox 1693 2911 1790 2966; x_wconf 87' lang='lat' dir='ltr'><strong>sed</strong></span> <span class='ocrx_word' id='word_1_215' title='bbox 1821 2910 2028 2980; x_wconf 87' lang='lat' dir='ltr'><strong>alioqui</strong></span> 
     </span>
    </p>
   </div>
   <div class='ocr_carea' id='block_1_34' title="bbox 458 2996 2025 3072">
    <p class='ocr_par' dir='ltr' id='par_1_34' title="bbox 458 2996 2025 3072">
     <span class='ocr_line' id='line_1_34' title="bbox 458 2996 2025 3072; baseline 0.004 -22"><span class='ocrx_word' id='word_1_216' title='bbox 458 2996 627 3052; x_wconf 90' lang='lat' dir='ltr'><strong>etiam</strong></span> <span class='ocrx_word' id='word_1_217' title='bbox 661 3007 720 3052; x_wconf 90' lang='lat' dir='ltr'><strong>ut</strong></span> <span class='ocrx_word' id='word_1_218' title='bbox 755 2999 1020 3054; x_wconf 87' lang='lat' dir='ltr'><strong>molestiis</strong></span> <span class='ocrx_word' id='word_1_219' title='bbox 1042 2996 1394 3067; x_wconf 87' lang='lat' dir='ltr'><strong>liberaretur,</strong></span> <span class='ocrx_word' id='word_1_220' title='bbox 1421 3003 1807 3072; x_wconf 79' lang='lat' dir='ltr'><strong>abrogaturum</strong></span> <span class='ocrx_word' id='word_1_221' title='bbox 1833 3003 2025 3068; x_wconf 88' lang='lat' dir='ltr'><strong>fuisse,</strong></span> 
     </span>
    </p>
   </div>
   <div class='ocr_carea' id='block_1_35' title="bbox 2122 525 3712 598">
    <p class='ocr_par' dir='ltr' id='par_1_35' title="bbox 2122 525 3712 598">
     <span class='ocr_line' id='line_1_35' title="bbox 2122 525 3712 598; baseline -0.003 -18"><span class='ocrx_word' id='word_1_222' title='bbox 2122 526 2292 585; x_wconf 62' lang='grc' dir='ltr'>τικῶν</span> <span class='ocrx_word' id='word_1_223' title='bbox 2323 527 2384 593; x_wconf 77' lang='grc' dir='ltr'><strong>ἒξ</strong></span> <span class='ocrx_word' id='word_1_224' title='bbox 2414 529 2884 598; x_wconf 78' lang='grc' dir='ltr'>σὺμφωνήσαντες</span> <span class='ocrx_word' id='word_1_225' title='bbox 2932 530 3052 592; x_wconf 81' lang='grc' dir='ltr'>ταῖς</span> <span class='ocrx_word' id='word_1_226' title='bbox 3091 528 3340 597; x_wconf 75' lang='grc' dir='ltr'><strong>γνώμαις</strong></span> <span class='ocrx_word' id='word_1_227' title='bbox 3384 525 3712 595; x_wconf 69' lang='grc' dir='ltr'>πέμψαντες</span> 
     </span>
    </p>
   </div>
   <div class='ocr_carea' id='block_1_36' title="bbox 2122 617 3716 693">
    <p class='ocr_par' dir='ltr' id='par_1_36' title="bbox 2122 617 3716 693">
     <span class='ocr_line' id='line_1_36' title="bbox 2122 617 3716 693; baseline -0.004 -19"><span class='ocrx_word' id='word_1_228' title='bbox 2122 623 2204 685; x_wconf 85' lang='grc' dir='ltr'><strong>είς</strong></span> <span class='ocrx_word' id='word_1_229' title='bbox 2241 619 2661 693; x_wconf 77' lang='grc' dir='ltr'><strong>Θεσσαλονίκην,</strong></span> <span class='ocrx_word' id='word_1_230' title='bbox 2695 620 3027 688; x_wconf 80' lang='grc' dir='ltr'>διειλέγοντο</span> <span class='ocrx_word' id='word_1_231' title='bbox 3045 620 3232 691; x_wconf 57' lang='grc' dir='ltr'>κρύφα</span> <span class='ocrx_word' id='word_1_232' title='bbox 3259 620 3339 690; x_wconf 83' lang='grc' dir='ltr'>τῷ</span> <span class='ocrx_word' id='word_1_233' title='bbox 3367 618 3622 688; x_wconf 76' lang='grc' dir='ltr'>βασιλεῖ,</span> <span class='ocrx_word' id='word_1_234' title='bbox 3647 617 3716 678; x_wconf 72' lang='grc' dir='ltr'>ὡς</span> 
     </span>
    </p>
   </div>
   <div class='ocr_carea' id='block_1_37' title="bbox 2125 699 3718 784">
    <p class='ocr_par' dir='ltr' id='par_1_37' title="bbox 2125 699 3718 784">
     <span class='ocr_line' id='line_1_37' title="bbox 2125 699 3718 784; baseline -0.006 -16"><span class='ocrx_word' id='word_1_235' title='bbox 2125 715 2174 772; x_wconf 80' lang='grc' dir='ltr'><strong>ει</strong></span> <span class='ocrx_word' id='word_1_236' title='bbox 2231 713 2476 784; x_wconf 84' lang='grc' dir='ltr'>βούλοιτο</span> <span class='ocrx_word' id='word_1_237' title='bbox 2520 713 2819 778; x_wconf 75' lang='grc' dir='ltr'>Βυζάντιον</span> <span class='ocrx_word' id='word_1_238' title='bbox 2866 715 3160 783; x_wconf 72' lang='grc' dir='ltr'><strong>κατασχεῖν</strong></span> <span class='ocrx_word' id='word_1_239' title='bbox 3217 711 3407 766; x_wconf 79' lang='grc' dir='ltr'>αὐτῶν</span> <span class='ocrx_word' id='word_1_240' title='bbox 3473 699 3718 778; x_wconf 72' lang='grc' dir='ltr'>παραδι-</span> 
     </span>
    </p>
   </div>
   <div class='ocr_carea' id='block_1_38' title="bbox 2121 800 3722 878">
    <p class='ocr_par' dir='ltr' id='par_1_38' title="bbox 2121 800 3722 878">
     <span class='ocr_line' id='line_1_38' title="bbox 2121 800 3722 878; baseline -0.006 -18"><span class='ocrx_word' id='word_1_241' title='bbox 2121 807 2323 860; x_wconf 67' lang='grc' dir='ltr'>δῦντων</span> <span class='ocrx_word' id='word_1_242' title='bbox 2344 845 2359 872; x_wconf 89' lang='grc'><strong>,</strong></span> <span class='ocrx_word' id='word_1_243' title='bbox 2390 801 2536 878; x_wconf 77' lang='grc' dir='ltr'>ἦσαν</span> <span class='ocrx_word' id='word_1_244' title='bbox 2580 806 2690 875; x_wconf 78' lang='grc' dir='ltr'>γὰρ</span> <span class='ocrx_word' id='word_1_245' title='bbox 2712 805 2813 858; x_wconf 71' lang='grc' dir='ltr'><strong>οὐκ</strong></span> <span class='ocrx_word' id='word_1_246' title='bbox 2841 804 3094 858; x_wconf 86' lang='grc' dir='ltr'>ἀδύνατοι</span> <span class='ocrx_word' id='word_1_247' title='bbox 3119 805 3319 871; x_wconf 78' lang='grc' dir='ltr'><strong>ποιεῖν,</strong></span> <span class='ocrx_word' id='word_1_248' title='bbox 3347 802 3591 873; x_wconf 80' lang='grc' dir='ltr'>πρῶτον</span> <span class='ocrx_word' id='word_1_249' title='bbox 3627 800 3722 868; x_wconf 70' lang='grc' dir='ltr'><strong>μὲν</strong></span> 
     </span>
    </p>
   </div>
   <div class='ocr_carea' id='block_1_39' title="bbox 2125 891 3724 967">
    <p class='ocr_par' dir='ltr' id='par_1_39' title="bbox 2125 891 3724 967">
     <span class='ocr_line' id='line_1_39' title="bbox 2125 891 3724 967; baseline -0.005 -16"><span class='ocrx_word' id='word_1_250' title='bbox 2125 899 2308 961; x_wconf 80' lang='grc' dir='ltr'>αὐτοῖς</span> <span class='ocrx_word' id='word_1_251' title='bbox 2370 895 2746 952; x_wconf 73' lang='grc' dir='ltr'>πιστώσασθαι</span> <span class='ocrx_word' id='word_1_252' title='bbox 2796 895 2865 950; x_wconf 85' lang='grc' dir='ltr'><strong>δι’</strong></span> <span class='ocrx_word' id='word_1_253' title='bbox 2896 897 3086 967; x_wconf 77' lang='grc' dir='ltr'>ὅρκου,</span> <span class='ocrx_word' id='word_1_254' title='bbox 3135 894 3236 962; x_wconf 84' lang='grc' dir='ltr'>τῆς</span> <span class='ocrx_word' id='word_1_255' title='bbox 3288 911 3347 948; x_wconf 75' lang='grc' dir='ltr'><strong>τε</strong></span> <span class='ocrx_word' id='word_1_256' title='bbox 3391 891 3724 962; x_wconf 75' lang='grc' dir='ltr'>ὑπηρεσίας</span> 
     </span>
    </p>
   </div>
   <div class='ocr_carea' id='block_1_40' title="bbox 2125 983 3725 1061">
    <p class='ocr_par' dir='ltr' id='par_1_40' title="bbox 2125 983 3725 1061">
     <span class='ocr_line' id='line_1_40' title="bbox 2125 983 3725 1061; baseline -0.005 -18"><span class='ocrx_word' id='word_1_257' title='bbox 2125 991 2193 1060; x_wconf 59' lang='lat' dir='ltr'><strong>etp</strong></span> <span class='ocrx_word' id='word_1_258' title='bbox 2216 991 2286 1061; x_wconf 71' lang='grc' dir='ltr'>ἢν</span> <span class='ocrx_word' id='word_1_259' title='bbox 2313 989 2408 1044; x_wconf 83' lang='grc' dir='ltr'><strong>νῦν</strong></span> <span class='ocrx_word' id='word_1_260' title='bbox 2440 987 2584 1042; x_wconf 86' lang='grc' dir='ltr'>τελεῖ</span> <span class='ocrx_word' id='word_1_261' title='bbox 2605 989 2696 1041; x_wconf 83' lang='grc' dir='ltr'>τὸν</span> <span class='ocrx_word' id='word_1_262' title='bbox 2739 988 2915 1058; x_wconf 78' lang='grc' dir='ltr'>μέγαν</span> <span class='ocrx_word' id='word_1_263' title='bbox 2936 990 3242 1056; x_wconf 79' lang='grc' dir='ltr'>ἀποστῆσαι</span> <span class='ocrx_word' id='word_1_264' title='bbox 3258 984 3600 1053; x_wconf 77' lang='grc' dir='ltr'>λογοθέτην,</span> <span class='ocrx_word' id='word_1_265' title='bbox 3635 983 3725 1035; x_wconf 65' lang='grc' dir='ltr'>τὸν</span> 
     </span>
    </p>
   </div>
   <div class='ocr_carea' id='block_1_41' title="bbox 2100 1075 3726 1153">
    <p class='ocr_par' dir='ltr' id='par_1_41' title="bbox 2100 1075 3726 1153">
     <span class='ocr_line' id='line_1_41' title="bbox 2100 1075 3726 1153; baseline -0.007 -15"><span class='ocrx_word' id='word_1_266' title='bbox 2100 1083 2455 1153; x_wconf 80' lang='grc' dir='ltr'>-Μετοχίτην,</span> <span class='ocrx_word' id='word_1_267' title='bbox 2482 1084 2577 1134; x_wconf 80' lang='grc' dir='ltr'>καὶ</span> <span class='ocrx_word' id='word_1_268' title='bbox 2602 1079 2692 1134; x_wconf 85' lang='grc' dir='ltr'><strong>διά</strong></span> <span class='ocrx_word' id='word_1_269' title='bbox 2730 1080 2845 1150; x_wconf 82' lang='grc' dir='ltr'>βίου</span> <span class='ocrx_word' id='word_1_270' title='bbox 2877 1079 3078 1141; x_wconf 83' lang='grc' dir='ltr'>παντὸς</span> <span class='ocrx_word' id='word_1_271' title='bbox 3110 1076 3181 1131; x_wconf 79' lang='grc' dir='ltr'><strong>δι’</strong></span> <span class='ocrx_word' id='word_1_272' title='bbox 3208 1077 3383 1150; x_wconf 78' lang='grc' dir='ltr'>ὀργῆς</span> <span class='ocrx_word' id='word_1_273' title='bbox 3413 1077 3603 1148; x_wconf 71' lang='grc' dir='ltr'>ἔχειν,</span> <span class='ocrx_word' id='word_1_274' title='bbox 3633 1075 3726 1128; x_wconf 78' lang='grc' dir='ltr'><strong>καὶ</strong></span> 
     </span>
    </p>
   </div>
   <div class='ocr_carea' id='block_1_42' title="bbox 2127 1165 3728 1244">
    <p class='ocr_par' dir='ltr' id='par_1_42' title="bbox 2127 1165 3728 1244">
     <span class='ocr_line' id='line_1_42' title="bbox 2127 1165 3728 1244; baseline -0.004 -16"><span class='ocrx_word' id='word_1_275' title='bbox 2127 1175 2462 1244; x_wconf 80' lang='grc' dir='ltr'>συγγνώμην</span> <span class='ocrx_word' id='word_1_276' title='bbox 2513 1173 2786 1244; x_wconf 79' lang='grc' dir='ltr'>μηδέποτε</span> <span class='ocrx_word' id='word_1_277' title='bbox 2837 1173 3160 1242; x_wconf 80' lang='grc' dir='ltr'>παρασχεῖν.</span> <span class='ocrx_word' id='word_1_278' title='bbox 3199 1165 3444 1224; x_wconf 80' lang='grc' dir='ltr'>Ἔπειτα</span> <span class='ocrx_word' id='word_1_279' title='bbox 3509 1168 3578 1222; x_wconf 72' lang='grc' dir='ltr'>δὲ</span> <span class='ocrx_word' id='word_1_280' title='bbox 3630 1169 3728 1222; x_wconf 70' lang='grc' dir='ltr'><strong>καὶ</strong></span> 
     </span>
    </p>
   </div>
   <div class='ocr_carea' id='block_1_43' title="bbox 2125 1257 3727 1335">
    <p class='ocr_par' dir='ltr' id='par_1_43' title="bbox 2125 1257 3727 1335">
     <span class='ocr_line' id='line_1_43' title="bbox 2125 1257 3727 1335; baseline -0.006 -17"><span class='ocrx_word' id='word_1_281' title='bbox 2125 1264 2269 1335; x_wconf 70' lang='grc' dir='ltr'>ἕτερ’</span> <span class='ocrx_word' id='word_1_282' title='bbox 2323 1264 2494 1325; x_wconf 76' lang='grc' dir='ltr'>ἄττα,</span> <span class='ocrx_word' id='word_1_283' title='bbox 2558 1264 2658 1316; x_wconf 83' lang='grc' dir='ltr'>ὅσα</span> <span class='ocrx_word' id='word_1_284' title='bbox 2707 1262 2862 1315; x_wconf 73' lang='grc' dir='ltr'>αὐτοὶ</span> <span class='ocrx_word' id='word_1_285' title='bbox 2902 1261 3130 1332; x_wconf 70' lang='grc' dir='ltr'>ᾐτοῦντο</span> <span class='ocrx_word' id='word_1_286' title='bbox 3187 1257 3540 1329; x_wconf 76' lang='grc' dir='ltr'>ἐκπληροῦν.</span> <span class='ocrx_word' id='word_1_287' title='bbox 3608 1257 3727 1310; x_wconf 68' lang='grc' dir='ltr'>Κᾶν</span> 
     </span>
    </p>
   </div>
   <div class='ocr_carea' id='block_1_44' title="bbox 2124 1340 3729 1424">
    <p class='ocr_par' dir='ltr' id='par_1_44' title="bbox 2124 1340 3729 1424">
     <span class='ocr_line' id='line_1_44' title="bbox 2124 1340 3729 1424; baseline -0.006 -16"><span class='ocrx_word' id='word_1_288' title='bbox 2124 1354 2300 1409; x_wconf 83' lang='grc' dir='ltr'>ταῦτα</span> <span class='ocrx_word' id='word_1_289' title='bbox 2333 1355 2518 1418; x_wconf 83' lang='grc' dir='ltr'>αὐτοῖς</span> <span class='ocrx_word' id='word_1_290' title='bbox 2547 1340 2890 1424; x_wconf 82' lang='grc' dir='ltr'>πιστώσηται</span> <span class='ocrx_word' id='word_1_291' title='bbox 2925 1351 2993 1406; x_wconf 89' lang='grc' dir='ltr'>δι’</span> <span class='ocrx_word' id='word_1_292' title='bbox 3021 1352 3226 1421; x_wconf 81' lang='grc' dir='ltr'>ὅρκων,</span> <span class='ocrx_word' id='word_1_293' title='bbox 3260 1350 3439 1421; x_wconf 73' lang='grc' dir='ltr'>μηδὶν</span> <span class='ocrx_word' id='word_1_294' title='bbox 3471 1348 3729 1402; x_wconf 62' lang='lat' dir='ltr'><strong>mea.</strong></span> 
     </span>
    </p>
   </div>
   <div class='ocr_carea' id='block_1_45' title="bbox 2125 1439 3730 1514">
    <p class='ocr_par' dir='ltr' id='par_1_45' title="bbox 2125 1439 3730 1514">
     <span class='ocr_line' id='line_1_45' title="bbox 2125 1439 3730 1514; baseline -0.004 -17"><span class='ocrx_word' id='word_1_295' title='bbox 2125 1444 2349 1514; x_wconf 87' lang='grc' dir='ltr'>λόμενον</span> <span class='ocrx_word' id='word_1_296' title='bbox 2380 1443 2559 1514; x_wconf 74' lang='grc' dir='ltr'>ἥκειν,</span> <span class='ocrx_word' id='word_1_297' title='bbox 2597 1442 2674 1506; x_wconf 82' lang='grc' dir='ltr'><strong>ὡς</strong></span> <span class='ocrx_word' id='word_1_298' title='bbox 2721 1444 2840 1512; x_wconf 76' lang='grc' dir='ltr'>ἅμα</span> <span class='ocrx_word' id='word_1_299' title='bbox 2894 1443 2972 1512; x_wconf 85' lang='grc' dir='ltr'>τῷ</span> <span class='ocrx_word' id='word_1_300' title='bbox 3022 1441 3198 1495; x_wconf 67' lang='grc' dir='ltr'>ἐλθεῖν</span> <span class='ocrx_word' id='word_1_301' title='bbox 3242 1439 3730 1510; x_wconf 67' lang='grc' dir='ltr'>παραληψόμενον</span> 
     </span>
    </p>
   </div>
   <div class='ocr_carea' id='block_1_46' title="bbox 2125 1529 3728 1609">
    <p class='ocr_par' dir='ltr' id='par_1_46' title="bbox 2125 1529 3728 1609">
     <span class='ocr_line' id='line_1_46' title="bbox 2125 1529 3728 1609; baseline -0.005 -17"><span class='ocrx_word' id='word_1_302' title='bbox 2125 1539 2224 1609; x_wconf 74' lang='grc' dir='ltr'>τὴν</span> <span class='ocrx_word' id='word_1_303' title='bbox 2275 1536 2453 1590; x_wconf 88' lang='grc' dir='ltr'>πόλιν.</span> <span class='ocrx_word' id='word_1_304' title='bbox 2514 1535 2633 1606; x_wconf 77' lang='grc' dir='ltr'><strong>Ἐφ’</strong></span> <span class='ocrx_word' id='word_1_305' title='bbox 2688 1531 2770 1598; x_wconf 75' lang='grc' dir='ltr'>οἷς</span> <span class='ocrx_word' id='word_1_306' title='bbox 2810 1533 3154 1606; x_wconf 83' lang='grc' dir='ltr'>ἀπεκρίνατο</span> <span class='ocrx_word' id='word_1_307' title='bbox 3203 1533 3234 1587; x_wconf 80' lang='grc' dir='ltr'><strong>ὸ</strong></span> <span class='ocrx_word' id='word_1_308' title='bbox 3267 1531 3587 1603; x_wconf 82' lang='grc' dir='ltr'>βασιλεύς·</span> <span class='ocrx_word' id='word_1_309' title='bbox 3622 1529 3728 1584; x_wconf 73' lang='grc' dir='ltr'><strong>Τοῦ</strong></span> 
     </span>
    </p>
   </div>
   <div class='ocr_carea' id='block_1_47' title="bbox 2131 1617 3732 1700">
    <p class='ocr_par' dir='ltr' id='par_1_47' title="bbox 2131 1617 3732 1700">
     <span class='ocr_line' id='line_1_47' title="bbox 2131 1617 3732 1700; baseline -0.003 -24"><span class='ocrx_word' id='word_1_310' title='bbox 2131 1625 2232 1700; x_wconf 67' lang='grc' dir='ltr'>μὲν</span> <span class='ocrx_word' id='word_1_311' title='bbox 2265 1624 2402 1694; x_wconf 82' lang='grc' dir='ltr'>μήτε</span> <span class='ocrx_word' id='word_1_312' title='bbox 2437 1622 2602 1676; x_wconf 72' lang='grc' dir='ltr'>αὐτὸν</span> <span class='ocrx_word' id='word_1_313' title='bbox 2629 1623 2686 1674; x_wconf 81' lang='grc' dir='ltr'>ὲν</span> <span class='ocrx_word' id='word_1_314' title='bbox 2712 1621 2789 1692; x_wconf 82' lang='grc' dir='ltr'>τῷ</span> <span class='ocrx_word' id='word_1_315' title='bbox 2817 1620 2938 1675; x_wconf 80' lang='grc' dir='ltr'>νυνὶ</span> <span class='ocrx_word' id='word_1_316' title='bbox 2969 1620 3194 1692; x_wconf 83' lang='grc' dir='ltr'>πολέμῳ</span> <span class='ocrx_word' id='word_1_317' title='bbox 3217 1622 3403 1677; x_wconf 79' lang='grc' dir='ltr'>αἰτίαν</span> <span class='ocrx_word' id='word_1_318' title='bbox 3433 1617 3732 1688; x_wconf 73' lang='grc' dir='ltr'>παρισχῆο</span> 
     </span>
    </p>
   </div>
   <div class='ocr_carea' id='block_1_48' title="bbox 2131 1708 3732 1785">
    <p class='ocr_par' dir='ltr' id='par_1_48' title="bbox 2131 1708 3732 1785">
     <span class='ocr_line' id='line_1_48' title="bbox 2131 1708 3732 1785; baseline -0.004 -18"><span class='ocrx_word' id='word_1_319' title='bbox 2131 1709 2281 1780; x_wconf 83' lang='grc' dir='ltr'>σθαι,</span> <span class='ocrx_word' id='word_1_320' title='bbox 2334 1713 2462 1785; x_wconf 82' lang='grc' dir='ltr'>μήθ’</span> <span class='ocrx_word' id='word_1_321' title='bbox 2511 1710 2600 1780; x_wconf 84' lang='grc' dir='ltr'><strong>ὑφ’</strong></span> <span class='ocrx_word' id='word_1_322' title='bbox 2635 1708 2839 1784; x_wconf 80' lang='grc' dir='ltr'>ἐτέρων</span> <span class='ocrx_word' id='word_1_323' title='bbox 2895 1712 3134 1782; x_wconf 79' lang='grc' dir='ltr'>μάλιστα</span> <span class='ocrx_word' id='word_1_324' title='bbox 3175 1713 3384 1766; x_wconf 72' lang='grc' dir='ltr'>ιθέλειν</span> <span class='ocrx_word' id='word_1_325' title='bbox 3419 1709 3732 1779; x_wconf 73' lang='grc' dir='ltr'>κινηθῆναι</span> 
     </span>
    </p>
   </div>
   <div class='ocr_carea' id='block_1_49' title="bbox 2128 1800 3734 1874">
    <p class='ocr_par' dir='ltr' id='par_1_49' title="bbox 2128 1800 3734 1874">
     <span class='ocr_line' id='line_1_49' title="bbox 2128 1800 3734 1874; baseline -0.004 -18"><span class='ocrx_word' id='word_1_326' title='bbox 2128 1802 2229 1874; x_wconf 77' lang='grc' dir='ltr'>τὴν</span> <span class='ocrx_word' id='word_1_327' title='bbox 2265 1801 2460 1872; x_wconf 75' lang='grc' dir='ltr'>ἀρχὴν,</span> <span class='ocrx_word' id='word_1_328' title='bbox 2490 1802 2587 1856; x_wconf 76' lang='grc' dir='ltr'><strong>καὶ</strong></span> <span class='ocrx_word' id='word_1_329' title='bbox 2615 1802 2934 1871; x_wconf 81' lang='grc' dir='ltr'><strong>κινηθέντος</strong></span> <span class='ocrx_word' id='word_1_330' title='bbox 2959 1801 3044 1866; x_wconf 82' lang='grc' dir='ltr'>δὲ,</span> <span class='ocrx_word' id='word_1_331' title='bbox 3075 1800 3252 1855; x_wconf 82' lang='grc' dir='ltr'>πάντα</span> <span class='ocrx_word' id='word_1_332' title='bbox 3278 1802 3494 1872; x_wconf 79' lang='grc' dir='ltr'>τρόπον</span> <span class='ocrx_word' id='word_1_333' title='bbox 3534 1801 3734 1852; x_wconf 69' lang='grc' dir='ltr'>ἔπινε-υ</span> 
     </span>
    </p>
   </div>
   <div class='ocr_carea' id='block_1_50' title="bbox 2129 1886 3731 1964">
    <p class='ocr_par' dir='ltr' id='par_1_50' title="bbox 2129 1886 3731 1964">
     <span class='ocr_line' id='line_1_50' title="bbox 2129 1886 3731 1964; baseline -0.006 -16"><span class='ocrx_word' id='word_1_334' title='bbox 2129 1893 2386 1964; x_wconf 78' lang='grc' dir='ltr'>νοηκέναι</span> <span class='ocrx_word' id='word_1_335' title='bbox 2415 1888 2509 1948; x_wconf 79' lang='grc' dir='ltr'><strong>καὶ</strong></span> <span class='ocrx_word' id='word_1_336' title='bbox 2545 1893 2794 1964; x_wconf 80' lang='grc' dir='ltr'>μηχανὴν</span> <span class='ocrx_word' id='word_1_337' title='bbox 2815 1892 2884 1945; x_wconf 81' lang='grc' dir='ltr'>δι’</span> <span class='ocrx_word' id='word_1_338' title='bbox 2911 1886 2986 1946; x_wconf 79' lang='grc' dir='ltr'>ὧν</span> <span class='ocrx_word' id='word_1_339' title='bbox 3016 1891 3156 1962; x_wconf 81' lang='grc' dir='ltr'>ᾧετο</span> <span class='ocrx_word' id='word_1_340' title='bbox 3183 1892 3348 1945; x_wconf 76' lang='grc' dir='ltr'>αὐτὸν</span> <span class='ocrx_word' id='word_1_341' title='bbox 3373 1888 3731 1956; x_wconf 63' lang='grc' dir='ltr'>δυνήσεσθαι</span> 
     </span>
    </p>
   </div>
   <div class='ocr_carea' id='block_1_51' title="bbox 2131 1968 3732 2050">
    <p class='ocr_par' dir='ltr' id='par_1_51' title="bbox 2131 1968 3732 2050">
     <span class='ocr_line' id='line_1_51' title="bbox 2131 1968 3732 2050; baseline -0.005 -10"><span class='ocrx_word' id='word_1_342' title='bbox 2131 1984 2441 2050; x_wconf 80' lang='grc' dir='ltr'>καταλύειν,</span> <span class='ocrx_word' id='word_1_343' title='bbox 2498 1980 2633 2036; x_wconf 84' lang='grc' dir='ltr'>Θεόν</span> <span class='ocrx_word' id='word_1_344' title='bbox 2686 1999 2747 2035; x_wconf 82' lang='grc' dir='ltr'><strong>τε</strong></span> <span class='ocrx_word' id='word_1_345' title='bbox 2795 1968 3028 2049; x_wconf 69' lang='grc' dir='ltr'>ειδέναι,</span> <span class='ocrx_word' id='word_1_346' title='bbox 3081 1983 3171 2036; x_wconf 79' lang='grc' dir='ltr'>τὸν</span> <span class='ocrx_word' id='word_1_347' title='bbox 3205 1981 3385 2035; x_wconf 78' lang='grc' dir='ltr'>πάντα</span> <span class='ocrx_word' id='word_1_348' title='bbox 3436 1981 3545 2034; x_wconf 76' lang='grc' dir='ltr'><strong>καὶ</strong></span> <span class='ocrx_word' id='word_1_349' title='bbox 3596 1978 3732 2050; x_wconf 77' lang='grc' dir='ltr'>πρὶν</span> 
     </span>
    </p>
   </div>
   <div class='ocr_carea' id='block_1_52' title="bbox 2130 2072 3731 2147">
    <p class='ocr_par' dir='ltr' id='par_1_52' title="bbox 2130 2072 3731 2147">
     <span class='ocr_line' id='line_1_52' title="bbox 2130 2072 3731 2147; baseline -0.005 -16"><span class='ocrx_word' id='word_1_350' title='bbox 2130 2077 2388 2147; x_wconf 88' lang='grc' dir='ltr'>γενέσθαι</span> <span class='ocrx_word' id='word_1_351' title='bbox 2442 2075 2642 2140; x_wconf 76' lang='grc' dir='ltr'>εἰδότα,</span> <span class='ocrx_word' id='word_1_352' title='bbox 2677 2075 2771 2129; x_wconf 79' lang='grc' dir='ltr'><strong>καὶ</strong></span> <span class='ocrx_word' id='word_1_353' title='bbox 2799 2075 2939 2128; x_wconf 80' lang='grc' dir='ltr'>αύτὰ</span> <span class='ocrx_word' id='word_1_354' title='bbox 2969 2074 3040 2128; x_wconf 80' lang='grc' dir='ltr'><strong>τὰ</strong></span> <span class='ocrx_word' id='word_1_355' title='bbox 3081 2074 3385 2145; x_wconf 79' lang='grc' dir='ltr'>πράγματα</span> <span class='ocrx_word' id='word_1_356' title='bbox 3420 2072 3731 2143; x_wconf 73' lang='grc' dir='ltr'>μονονουχὶ</span> 
     </span>
    </p>
   </div>
   <div class='ocr_carea' id='block_1_53' title="bbox 2131 2165 3732 2242">
    <p class='ocr_par' dir='ltr' id='par_1_53' title="bbox 2131 2165 3732 2242">
     <span class='ocr_line' id='line_1_53' title="bbox 2131 2165 3732 2242; baseline -0.007 -16"><span class='ocrx_word' id='word_1_357' title='bbox 2131 2171 2317 2242; x_wconf 73' lang='grc' dir='ltr'>φωνην</span> <span class='ocrx_word' id='word_1_358' title='bbox 2347 2165 2578 2236; x_wconf 81' lang='grc' dir='ltr'>ἀφιέντα</span> <span class='ocrx_word' id='word_1_359' title='bbox 2615 2168 2957 2239; x_wconf 82' lang='grc' dir='ltr'>μαρτυρίων,</span> <span class='ocrx_word' id='word_1_360' title='bbox 2991 2169 3086 2220; x_wconf 71' lang='grc' dir='ltr'><strong>καὶ</strong></span> <span class='ocrx_word' id='word_1_361' title='bbox 3121 2167 3279 2237; x_wconf 81' lang='grc' dir='ltr'>ὑμεῖς</span> <span class='ocrx_word' id='word_1_362' title='bbox 3309 2165 3356 2219; x_wconf 81' lang='grc' dir='ltr'>δ’</span> <span class='ocrx_word' id='word_1_363' title='bbox 3378 2165 3554 2219; x_wconf 75' lang='grc' dir='ltr'>αὐτοὶ</span> <span class='ocrx_word' id='word_1_364' title='bbox 3586 2180 3732 2232; x_wconf 79' lang='grc' dir='ltr'>συμρ</span> 
     </span>
    </p>
   </div>
   <div class='ocr_carea' id='block_1_54' title="bbox 2132 2255 3722 2335">
    <p class='ocr_par' dir='ltr' id='par_1_54' title="bbox 2132 2255 3722 2335">
     <span class='ocr_line' id='line_1_54' title="bbox 2132 2255 3722 2335; baseline -0.006 -19"><span class='ocrx_word' id='word_1_365' title='bbox 2132 2262 2515 2335; x_wconf 79' lang='grc' dir='ltr'>μαρτυρήσετε</span> <span class='ocrx_word' id='word_1_366' title='bbox 2558 2260 2634 2314; x_wconf 75' lang='grc' dir='ltr'>ἂν</span> <span class='ocrx_word' id='word_1_367' title='bbox 2679 2260 2840 2331; x_wconf 71' lang='grc' dir='ltr'>ἐμοὶ,</span> <span class='ocrx_word' id='word_1_368' title='bbox 2885 2261 2983 2313; x_wconf 80' lang='grc' dir='ltr'><strong>ὲάν</strong></span> <span class='ocrx_word' id='word_1_369' title='bbox 3034 2258 3225 2330; x_wconf 81' lang='grc' dir='ltr'>θέλητε</span> <span class='ocrx_word' id='word_1_370' title='bbox 3268 2258 3456 2325; x_wconf 81' lang='grc' dir='ltr'>λέγειν</span> <span class='ocrx_word' id='word_1_371' title='bbox 3473 2255 3722 2325; x_wconf 77' lang='grc' dir='ltr'>τάληθῆ.</span> 
     </span>
    </p>
   </div>
   <div class='ocr_carea' id='block_1_55' title="bbox 2143 2346 3726 2424">
    <p class='ocr_par' dir='ltr' id='par_1_55' title="bbox 2143 2346 3726 2424">
     <span class='ocr_line' id='line_1_55' title="bbox 2143 2346 3726 2424; baseline -0.006 -16"><span class='ocrx_word' id='word_1_372' title='bbox 2143 2351 2299 2410; x_wconf 77' lang='grc' dir='ltr'>Ἐπεὶ</span> <span class='ocrx_word' id='word_1_373' title='bbox 2322 2351 2366 2407; x_wconf 82' lang='grc' dir='ltr'>δ’</span> <span class='ocrx_word' id='word_1_374' title='bbox 2388 2353 2534 2406; x_wconf 80' lang='grc' dir='ltr'>οὕτω</span> <span class='ocrx_word' id='word_1_375' title='bbox 2565 2351 2635 2405; x_wconf 80' lang='grc' dir='ltr'><strong>τὰ</strong></span> <span class='ocrx_word' id='word_1_376' title='bbox 2653 2353 2901 2424; x_wconf 77' lang='grc' dir='ltr'>ἡμέτερα</span> <span class='ocrx_word' id='word_1_377' title='bbox 2932 2350 3233 2421; x_wconf 73' lang='grc' dir='ltr'>πράγματα</span> <span class='ocrx_word' id='word_1_378' title='bbox 3267 2346 3726 2414; x_wconf 75' lang='grc' dir='ltr'>συνεσκευάσθη,</span> 
     </span>
    </p>
   </div>
   <div class='ocr_carea' id='block_1_56' title="bbox 2131 2438 3727 2515">
    <p class='ocr_par' dir='ltr' id='par_1_56' title="bbox 2131 2438 3727 2515">
     <span class='ocr_line' id='line_1_56' title="bbox 2131 2438 3727 2515; baseline -0.003 -16"><span class='ocrx_word' id='word_1_379' title='bbox 2131 2446 2273 2499; x_wconf 79' lang='grc' dir='ltr'>ὥστε</span> <span class='ocrx_word' id='word_1_380' title='bbox 2322 2444 2568 2515; x_wconf 78' lang='grc' dir='ltr'>ἀνάγκην</span> <span class='ocrx_word' id='word_1_381' title='bbox 2615 2438 2756 2498; x_wconf 76' lang='grc' dir='ltr'>εἶναι</span> <span class='ocrx_word' id='word_1_382' title='bbox 2792 2444 2916 2514; x_wconf 84' lang='grc' dir='ltr'>μηδ’</span> <span class='ocrx_word' id='word_1_383' title='bbox 2940 2443 3078 2506; x_wconf 82' lang='grc' dir='ltr'>ὅλως</span> <span class='ocrx_word' id='word_1_384' title='bbox 3101 2443 3364 2513; x_wconf 83' lang='grc' dir='ltr'>βασιλέως</span> <span class='ocrx_word' id='word_1_385' title='bbox 3388 2441 3727 2510; x_wconf 62' lang='grc' dir='ltr'>παραδεχο-</span> 
     </span>
    </p>
   </div>
   <div class='ocr_carea' id='block_1_57' title="bbox 2134 2521 3728 2610">
    <p class='ocr_par' dir='ltr' id='par_1_57' title="bbox 2134 2521 3728 2610">
     <span class='ocr_line' id='line_1_57' title="bbox 2134 2521 3728 2610; baseline -0.005 -17"><span class='ocrx_word' id='word_1_386' title='bbox 2134 2521 2299 2610; x_wconf 78' lang='grc' dir='ltr'>μένου</span> <span class='ocrx_word' id='word_1_387' title='bbox 2342 2539 2440 2609; x_wconf 76' lang='grc' dir='ltr'><strong>τὴν</strong></span> <span class='ocrx_word' id='word_1_388' title='bbox 2487 2536 2736 2608; x_wconf 71' lang='grc' dir='ltr'>εἰρήνην,</span> <span class='ocrx_word' id='word_1_389' title='bbox 2766 2533 2801 2604; x_wconf 76' lang='grc' dir='ltr'>ἢ</span> <span class='ocrx_word' id='word_1_390' title='bbox 2832 2534 2925 2588; x_wconf 72' lang='grc' dir='ltr'><strong>τὸν</strong></span> <span class='ocrx_word' id='word_1_391' title='bbox 2953 2527 3144 2604; x_wconf 67' lang='grc' dir='ltr'>ἕτερον</span> <span class='ocrx_word' id='word_1_392' title='bbox 3203 2521 3572 2586; x_wconf 65' lang='grc' dir='ltr'>ἐπιπεσεῖσθαι</span> <span class='ocrx_word' id='word_1_393' title='bbox 3626 2533 3728 2602; x_wconf 76' lang='grc' dir='ltr'>τῆς</span> 
     </span>
    </p>
   </div>
   <div class='ocr_carea' id='block_1_58' title="bbox 2132 2623 3728 2702">
    <p class='ocr_par' dir='ltr' id='par_1_58' title="bbox 2132 2623 3728 2702">
     <span class='ocr_line' id='line_1_58' title="bbox 2132 2623 3728 2702; baseline -0.005 -16"><span class='ocrx_word' id='word_1_394' title='bbox 2132 2632 2330 2702; x_wconf 85' lang='grc' dir='ltr'>ἀρχῆς,</span> <span class='ocrx_word' id='word_1_395' title='bbox 2373 2629 2408 2700; x_wconf 74' lang='grc' dir='ltr'>ἢ</span> <span class='ocrx_word' id='word_1_396' title='bbox 2462 2626 2874 2696; x_wconf 79' lang='grc' dir='ltr'>διαφθείρεσθαι</span> <span class='ocrx_word' id='word_1_397' title='bbox 2928 2626 2992 2679; x_wconf 84' lang='grc' dir='ltr'><strong>τδ</strong></span> <span class='ocrx_word' id='word_1_398' title='bbox 3052 2625 3298 2696; x_wconf 75' lang='grc' dir='ltr'>ὑπήκοον</span> <span class='ocrx_word' id='word_1_399' title='bbox 3354 2623 3728 2693; x_wconf 69' lang='grc' dir='ltr'>διῖστάμενον</span> 
     </span>
    </p>
   </div>
   <div class='ocr_carea' id='block_1_59' title="bbox 2133 2715 3730 2793">
    <p class='ocr_par' dir='ltr' id='par_1_59' title="bbox 2133 2715 3730 2793">
     <span class='ocr_line' id='line_1_59' title="bbox 2133 2715 3730 2793; baseline -0.005 -17"><span class='ocrx_word' id='word_1_400' title='bbox 2133 2723 2270 2793; x_wconf 80' lang='grc' dir='ltr'>πρὸς</span> <span class='ocrx_word' id='word_1_401' title='bbox 2306 2722 2628 2791; x_wconf 78' lang='grc' dir='ltr'>ἑκατέρους,</span> <span class='ocrx_word' id='word_1_402' title='bbox 2665 2719 2932 2790; x_wconf 81' lang='grc' dir='ltr'>βούλομαι</span> <span class='ocrx_word' id='word_1_403' title='bbox 2952 2717 3271 2786; x_wconf 79' lang='grc' dir='ltr'>ἀναγκαίως</span> <span class='ocrx_word' id='word_1_404' title='bbox 3291 2717 3326 2787; x_wconf 76' lang='grc' dir='ltr'>ἢ</span> <span class='ocrx_word' id='word_1_405' title='bbox 3355 2715 3516 2787; x_wconf 76' lang='grc' dir='ltr'>ὑμῶν</span> <span class='ocrx_word' id='word_1_406' title='bbox 3538 2731 3730 2786; x_wconf 62' lang='grc' dir='ltr'>πρατι</span> 
     </span>
    </p>
   </div>
   <div class='ocr_carea' id='block_1_60' title="bbox 2130 2808 3728 2884">
    <p class='ocr_par' dir='ltr' id='par_1_60' title="bbox 2130 2808 3728 2884">
     <span class='ocr_line' id='line_1_60' title="bbox 2130 2808 3728 2884; baseline -0.006 -16"><span class='ocrx_word' id='word_1_407' title='bbox 2130 2815 2356 2879; x_wconf 87' lang='grc' dir='ltr'>τόντων,</span> <span class='ocrx_word' id='word_1_408' title='bbox 2410 2813 2636 2884; x_wconf 74' lang='grc' dir='ltr'>ητινων</span> <span class='ocrx_word' id='word_1_409' title='bbox 2668 2810 2890 2881; x_wconf 75' lang='grc' dir='ltr'>ἐτέρων,</span> <span class='ocrx_word' id='word_1_410' title='bbox 2940 2810 3033 2862; x_wconf 82' lang='grc' dir='ltr'><strong>ὑπ’</strong></span> <span class='ocrx_word' id='word_1_411' title='bbox 3087 2808 3324 2880; x_wconf 66' lang='grc' dir='ltr'>ἐμαυτὸν</span> <span class='ocrx_word' id='word_1_412' title='bbox 3373 2809 3728 2877; x_wconf 76' lang='grc' dir='ltr'>ποιήσασθαι</span> 
     </span>
    </p>
   </div>
   <div class='ocr_carea' id='block_1_61' title="bbox 2133 2900 3725 2974">
    <p class='ocr_par' dir='ltr' id='par_1_61' title="bbox 2133 2900 3725 2974">
     <span class='ocr_line' id='line_1_61' title="bbox 2133 2900 3725 2974; baseline -0.004 -14"><span class='ocrx_word' id='word_1_413' title='bbox 2133 2901 2451 2974; x_wconf 78' lang='grc' dir='ltr'>Βυζάντιον,</span> <span class='ocrx_word' id='word_1_414' title='bbox 2486 2905 2561 2968; x_wconf 84' lang='grc' dir='ltr'><strong>ὡς</strong></span> <span class='ocrx_word' id='word_1_415' title='bbox 2594 2904 2662 2958; x_wconf 77' lang='grc' dir='ltr'>ἂν</span> <span class='ocrx_word' id='word_1_416' title='bbox 2715 2902 2792 2973; x_wconf 80' lang='grc' dir='ltr'>μὴ</span> <span class='ocrx_word' id='word_1_417' title='bbox 2819 2900 2978 2955; x_wconf 82' lang='grc' dir='ltr'>τοῦτο</span> <span class='ocrx_word' id='word_1_418' title='bbox 3012 2902 3238 2973; x_wconf 83' lang='grc' dir='ltr'>γένηται</span> <span class='ocrx_word' id='word_1_419' title='bbox 3279 2901 3387 2954; x_wconf 87' lang='grc' dir='ltr'><strong>τῶν</strong></span> <span class='ocrx_word' id='word_1_420' title='bbox 3422 2900 3725 2972; x_wconf 46' lang='lat' dir='ltr'><strong>appulit”</strong></span> 
     </span>
    </p>
   </div>
   <div class='ocr_carea' id='block_1_62' title="bbox 2133 2995 3725 3070">
    <p class='ocr_par' dir='ltr' id='par_1_62' title="bbox 2133 2995 3725 3070">
     <span class='ocr_line' id='line_1_62' title="bbox 2133 2995 3725 3070; baseline -0.004 -18"><span class='ocrx_word' id='word_1_421' title='bbox 2133 3000 2194 3052; x_wconf 82' lang='grc' dir='ltr'>ού</span> <span class='ocrx_word' id='word_1_422' title='bbox 2258 2998 2623 3068; x_wconf 77' lang='grc' dir='ltr'>παυσομένων</span> <span class='ocrx_word' id='word_1_423' title='bbox 2679 2999 2960 3070; x_wconf 81' lang='grc' dir='ltr'>πολέμων.</span> <span class='ocrx_word' id='word_1_424' title='bbox 3008 2996 3137 3054; x_wconf 77' lang='grc' dir='ltr'><strong>Ἐπὶ</strong></span> <span class='ocrx_word' id='word_1_425' title='bbox 3192 2995 3462 3058; x_wconf 78' lang='grc' dir='ltr'><strong>τοιούτοις</strong></span> <span class='ocrx_word' id='word_1_426' title='bbox 3527 2997 3725 3064; x_wconf 79' lang='grc' dir='ltr'>μέντοι</span> 
     </span>
    </p>
   </div>
   <div class='ocr_carea' id='block_1_63' title="bbox 461 3078 2031 3168">
    <p class='ocr_par' dir='ltr' id='par_1_63' title="bbox 461 3084 2028 3158">
     <span class='ocr_line' id='line_1_63' title="bbox 461 3084 2028 3158; baseline 0.004 -20"><span class='ocrx_word' id='word_1_427' title='bbox 461 3085 507 3139; x_wconf 83' lang='lat' dir='ltr'><strong>si</strong></span> <span class='ocrx_word' id='word_1_428' title='bbox 537 3101 706 3155; x_wconf 90' lang='lat' dir='ltr'><strong>penes</strong></span> <span class='ocrx_word' id='word_1_429' title='bbox 733 3103 795 3141; x_wconf 87' lang='lat' dir='ltr'><strong>se</strong></span> <span class='ocrx_word' id='word_1_430' title='bbox 824 3102 1040 3144; x_wconf 90' lang='lat' dir='ltr'><strong>summa</strong></span> <span class='ocrx_word' id='word_1_431' title='bbox 1073 3087 1291 3158; x_wconf 90' lang='lat' dir='ltr'><strong>imperii</strong></span> <span class='ocrx_word' id='word_1_432' title='bbox 1323 3085 1541 3144; x_wconf 86' lang='lat' dir='ltr'><strong>fuisset.</strong></span> <span class='ocrx_word' id='word_1_433' title='bbox 1575 3084 1642 3146; x_wconf 87' lang='lat' dir='ltr'><strong>Ut</strong></span> <span class='ocrx_word' id='word_1_434' title='bbox 1677 3099 1863 3144; x_wconf 89' lang='lat' dir='ltr'><strong>autent</strong></span> <span class='ocrx_word' id='word_1_435' title='bbox 1892 3090 2028 3144; x_wconf 89' lang='lat' dir='ltr'><strong>iram</strong></span> 
     </span>
    </p>
   </div>
   <div class='ocr_carea' id='block_1_64' title="bbox 2132 3078 3722 3168">
    <p class='ocr_par' dir='ltr' id='par_1_64' title="bbox 2132 3078 3722 3154">
     <span class='ocr_line' id='line_1_64' title="bbox 2132 3078 3722 3154; baseline -0.004 -12"><span class='ocrx_word' id='word_1_436' title='bbox 2132 3083 2222 3142; x_wconf 82' lang='grc' dir='ltr'><strong>οἷα</strong></span> <span class='ocrx_word' id='word_1_437' title='bbox 2256 3085 2414 3140; x_wconf 78' lang='grc' dir='ltr'>αὐτοὶ</span> <span class='ocrx_word' id='word_1_438' title='bbox 2462 3086 2726 3153; x_wconf 82' lang='grc' dir='ltr'>αίτεῖσθε,</span> <span class='ocrx_word' id='word_1_439' title='bbox 2775 3087 2838 3139; x_wconf 85' lang='grc' dir='ltr'><strong>οὐ</strong></span> <span class='ocrx_word' id='word_1_440' title='bbox 2891 3085 3187 3151; x_wconf 77' lang='grc' dir='ltr'>Βυζάντιον</span> <span class='ocrx_word' id='word_1_441' title='bbox 3226 3083 3407 3154; x_wconf 81' lang='grc' dir='ltr'>μόνον,</span> <span class='ocrx_word' id='word_1_442' title='bbox 3448 3081 3576 3136; x_wconf 76' lang='grc' dir='ltr'>ἀλλ’</span> <span class='ocrx_word' id='word_1_443' title='bbox 3606 3078 3722 3135; x_wconf 74' lang='grc' dir='ltr'>οὐδ’</span> 
     </span>
    </p>
   </div>
   <div class='ocr_carea' id='block_1_65' title="bbox 462 3174 2028 3248">
    <p class='ocr_par' dir='ltr' id='par_1_65' title="bbox 462 3174 2028 3248">
     <span class='ocr_line' id='line_1_65' title="bbox 462 3174 2028 3248; baseline 0.004 -21"><span class='ocrx_word' id='word_1_444' title='bbox 462 3174 858 3231; x_wconf 83' lang='lat' dir='ltr'><strong>inexorabilem</strong></span> <span class='ocrx_word' id='word_1_445' title='bbox 897 3177 953 3231; x_wconf 92' lang='lat' dir='ltr'><strong>in</strong></span> <span class='ocrx_word' id='word_1_446' title='bbox 982 3178 1134 3233; x_wconf 92' lang='lat' dir='ltr'><strong>omni</strong></span> <span class='ocrx_word' id='word_1_447' title='bbox 1163 3178 1276 3233; x_wconf 88' lang='lat' dir='ltr'><strong>vita</strong></span> <span class='ocrx_word' id='word_1_448' title='bbox 1303 3178 1569 3235; x_wconf 86' lang='lat' dir='ltr'><strong>adversus</strong></span> <span class='ocrx_word' id='word_1_449' title='bbox 1592 3195 1719 3234; x_wconf 90' lang='lat' dir='ltr'><strong>eum</strong></span> <span class='ocrx_word' id='word_1_450' title='bbox 1743 3181 2028 3248; x_wconf 86' lang='lat' dir='ltr'><strong>retineret,</strong></span> 
     </span>
    </p>
   </div>
   <div class='ocr_carea' id='block_1_66' title="bbox 467 3249 2029 3340">
    <p class='ocr_par' dir='ltr' id='par_1_66' title="bbox 467 3249 2029 3340">
     <span class='ocr_line' id='line_1_66' title="bbox 467 3249 2029 3340; baseline 0.008 -25"><span class='ocrx_word' id='word_1_451' title='bbox 467 3263 522 3315; x_wconf 93' lang='lat' dir='ltr'><strong>id</strong></span> <span class='ocrx_word' id='word_1_452' title='bbox 561 3249 685 3318; x_wconf 74' lang='lat' dir='ltr'><strong>esse</strong></span> <span class='ocrx_word' id='word_1_453' title='bbox 722 3280 914 3329; x_wconf 91' lang='lat' dir='ltr'><strong>unum,</strong></span> <span class='ocrx_word' id='word_1_454' title='bbox 943 3266 1090 3336; x_wconf 91' lang='lat' dir='ltr'><strong>quod</strong></span> <span class='ocrx_word' id='word_1_455' title='bbox 1120 3267 1366 3322; x_wconf 90' lang='lat' dir='ltr'><strong>omnium</strong></span> <span class='ocrx_word' id='word_1_456' title='bbox 1407 3269 1633 3324; x_wconf 88' lang='lat' dir='ltr'><strong>minime</strong></span> <span class='ocrx_word' id='word_1_457' title='bbox 1667 3267 1787 3324; x_wconf 78' lang='lat' dir='ltr'><strong>fieri</strong></span> <span class='ocrx_word' id='word_1_458' title='bbox 1821 3281 2029 3340; x_wconf 88' lang='lat' dir='ltr'><strong>posset.</strong></span> 
     </span>
    </p>
   </div>
   <div class='ocr_carea' id='block_1_67' title="bbox 466 3353 2032 3431">
    <p class='ocr_par' dir='ltr' id='par_1_67' title="bbox 466 3353 2032 3431">
     <span class='ocr_line' id='line_1_67' title="bbox 466 3353 2032 3431; baseline 0.004 -21"><span class='ocrx_word' id='word_1_459' title='bbox 466 3353 654 3425; x_wconf 73' lang='lat' dir='ltr'><strong>Egone</strong></span> <span class='ocrx_word' id='word_1_460' title='bbox 706 3355 780 3410; x_wconf 88' lang='lat' dir='ltr'><strong>ita</strong></span> <span class='ocrx_word' id='word_1_461' title='bbox 833 3356 1086 3426; x_wconf 88' lang='lat' dir='ltr'><strong>delirem,</strong></span> <span class='ocrx_word' id='word_1_462' title='bbox 1144 3359 1344 3429; x_wconf 87' lang='lat' dir='ltr'><strong>inquit,</strong></span> <span class='ocrx_word' id='word_1_463' title='bbox 1395 3369 1459 3415; x_wconf 90' lang='lat' dir='ltr'><strong>ut</strong></span> <span class='ocrx_word' id='word_1_464' title='bbox 1493 3375 1590 3430; x_wconf 90' lang='lat' dir='ltr'><strong>per</strong></span> <span class='ocrx_word' id='word_1_465' title='bbox 1634 3360 2032 3431; x_wconf 87' lang='lat' dir='ltr'><strong>implacabilem</strong></span> 
     </span>
    </p>
   </div>
   <div class='ocr_carea' id='block_1_68' title="bbox 411 3446 2036 3517">
    <p class='ocr_par' dir='ltr' id='par_1_68' title="bbox 411 3446 2036 3517">
     <span class='ocr_line' id='line_1_68' title="bbox 411 3446 2036 3517; baseline 0.006 -16"><span class='ocrx_word' id='word_1_466' title='bbox 411 3446 414 3449; x_wconf 83' lang='grc'><em>’</em></span> <span class='ocrx_word' id='word_1_467' title='bbox 464 3448 604 3501; x_wconf 90' lang='lat' dir='ltr'><strong>iram</strong></span> <span class='ocrx_word' id='word_1_468' title='bbox 630 3446 894 3503; x_wconf 88' lang='lat' dir='ltr'><strong>adversus</strong></span> <span class='ocrx_word' id='word_1_469' title='bbox 920 3449 1092 3517; x_wconf 93' lang='lat' dir='ltr'><strong>illum,</strong></span> <span class='ocrx_word' id='word_1_470' title='bbox 1127 3453 1380 3508; x_wconf 81' lang='lat' dir='ltr'><strong>mihimet</strong></span> <span class='ocrx_word' id='word_1_471' title='bbox 1409 3453 1615 3509; x_wconf 63' lang='lat' dir='ltr'><strong>divine</strong></span> <span class='ocrx_word' id='word_1_472' title='bbox 1645 3453 1907 3511; x_wconf 78' lang='lat' dir='ltr'><strong>bonitatis</strong></span> <span class='ocrx_word' id='word_1_473' title='bbox 1943 3456 2036 3510; x_wconf 89' lang='lat' dir='ltr'><strong>be-</strong></span> 
     </span>
    </p>
   </div>
   <div class='ocr_carea' id='block_1_69' title="bbox 463 3538 2034 3616">
    <p class='ocr_par' dir='ltr' id='par_1_69' title="bbox 463 3538 2034 3616">
     <span class='ocr_line' id='line_1_69' title="bbox 463 3538 2034 3616; baseline 0.005 -24"><span class='ocrx_word' id='word_1_474' title='bbox 463 3538 630 3609; x_wconf 68' lang='lat' dir='ltr'><strong>nigna</strong></span> <span class='ocrx_word' id='word_1_475' title='bbox 674 3539 887 3594; x_wconf 88' lang='lat' dir='ltr'><strong>viscera</strong></span> <span class='ocrx_word' id='word_1_476' title='bbox 925 3541 1304 3610; x_wconf 68' lang='lat' dir='ltr'><strong>praecludam?</strong></span> <span class='ocrx_word' id='word_1_477' title='bbox 1335 3544 1606 3615; x_wconf 88' lang='lat' dir='ltr'><strong>siquidem</strong></span> <span class='ocrx_word' id='word_1_478' title='bbox 1638 3561 1747 3616; x_wconf 91' lang='lat' dir='ltr'><strong>qua</strong></span> <span class='ocrx_word' id='word_1_479' title='bbox 1778 3561 2034 3601; x_wconf 89' lang='lat' dir='ltr'><strong>mensura</strong></span> 
     </span>
    </p>
   </div>
   <div class='ocr_carea' id='block_1_70' title="bbox 463 3630 2036 3702">
    <p class='ocr_par' dir='ltr' id='par_1_70' title="bbox 463 3630 2036 3702">
     <span class='ocr_line' id='line_1_70' title="bbox 463 3630 2036 3702; baseline 0.008 -21"><span class='ocrx_word' id='word_1_480' title='bbox 463 3630 753 3684; x_wconf 88' lang='lat' dir='ltr'><strong>conservis</strong></span> <span class='ocrx_word' id='word_1_481' title='bbox 782 3632 989 3687; x_wconf 86' lang='lat' dir='ltr'><strong>nostris</strong></span> <span class='ocrx_word' id='word_1_482' title='bbox 1022 3634 1198 3689; x_wconf 85' lang='lat' dir='ltr'><strong>mensi</strong></span> <span class='ocrx_word' id='word_1_483' title='bbox 1231 3633 1524 3702; x_wconf 80' lang='lat' dir='ltr'><strong>fuerimus,</strong></span> <span class='ocrx_word' id='word_1_484' title='bbox 1557 3636 1748 3692; x_wconf 87' lang='lat' dir='ltr'><strong>eadem</strong></span> <span class='ocrx_word' id='word_1_485' title='bbox 1779 3652 1839 3693; x_wconf 85' lang='lat' dir='ltr'><strong>se</strong></span> <span class='ocrx_word' id='word_1_486' title='bbox 1873 3637 2036 3694; x_wconf 88' lang='lat' dir='ltr'><strong>nobis</strong></span> 
     </span>
    </p>
   </div>
   <div class='ocr_carea' id='block_1_71' title="bbox 472 3730 2038 3804">
    <p class='ocr_par' dir='ltr' id='par_1_71' title="bbox 472 3730 2038 3804">
     <span class='ocr_line' id='line_1_71' title="bbox 472 3730 2038 3804; baseline 0.008 -26"><span class='ocrx_word' id='word_1_487' title='bbox 472 3737 857 3781; x_wconf 85' lang='lat' dir='ltr'><strong>remensurum</strong></span> <span class='ocrx_word' id='word_1_488' title='bbox 910 3730 1293 3799; x_wconf 88' lang='lat' dir='ltr'><strong>pronuntiavit</strong></span> <span class='ocrx_word' id='word_1_489' title='bbox 1346 3747 1362 3788; x_wconf 89' lang='lat'><strong>:</strong></span> <span class='ocrx_word' id='word_1_490' title='bbox 1424 3731 1589 3803; x_wconf 90' lang='lat' dir='ltr'><strong>idque</strong></span> <span class='ocrx_word' id='word_1_491' title='bbox 1637 3747 1763 3788; x_wconf 90' lang='lat' dir='ltr'><strong>cum</strong></span> <span class='ocrx_word' id='word_1_492' title='bbox 1811 3742 2038 3804; x_wconf 87' lang='lat' dir='ltr'><strong>peccata</strong></span> 
     </span>
    </p>
   </div>
   <div class='ocr_carea' id='block_1_72' title="bbox 2135 3169 3724 3244">
    <p class='ocr_par' dir='ltr' id='par_1_72' title="bbox 2135 3169 3724 3244">
     <span class='ocr_line' id='line_1_72' title="bbox 2135 3169 3724 3244; baseline -0.006 -13"><span class='ocrx_word' id='word_1_493' title='bbox 2135 3179 2184 3231; x_wconf 83' lang='grc' dir='ltr'><strong>εί</strong></span> <span class='ocrx_word' id='word_1_494' title='bbox 2213 3175 2373 3230; x_wconf 81' lang='grc' dir='ltr'>τόσαι</span> <span class='ocrx_word' id='word_1_495' title='bbox 2419 3173 2603 3238; x_wconf 85' lang='grc' dir='ltr'>πόλεις</span> <span class='ocrx_word' id='word_1_496' title='bbox 2633 3169 2774 3244; x_wconf 74' lang='grc' dir='ltr'>ἦσαν</span> <span class='ocrx_word' id='word_1_497' title='bbox 2814 3175 2932 3228; x_wconf 85' lang='grc' dir='ltr'>ὅσοι</span> <span class='ocrx_word' id='word_1_498' title='bbox 2977 3189 3178 3244; x_wconf 83' lang='grc' dir='ltr'>πύργοι</span> <span class='ocrx_word' id='word_1_499' title='bbox 3212 3169 3548 3236; x_wconf 79' lang='grc' dir='ltr'>Βυζαντίου,</span> <span class='ocrx_word' id='word_1_500' title='bbox 3587 3170 3724 3239; x_wconf 69' lang='grc' dir='ltr'>ἠθέ-</span> 
     </span>
    </p>
   </div>
   <div class='ocr_carea' id='block_1_73' title="bbox 2132 3264 3721 3340">
    <p class='ocr_par' dir='ltr' id='par_1_73' title="bbox 2132 3264 3721 3340">
     <span class='ocr_line' id='line_1_73' title="bbox 2132 3264 3721 3340; baseline -0.004 -16"><span class='ocrx_word' id='word_1_501' title='bbox 2132 3270 2274 3338; x_wconf 83' lang='grc' dir='ltr'>λησα</span> <span class='ocrx_word' id='word_1_502' title='bbox 2299 3269 2364 3324; x_wconf 77' lang='grc' dir='ltr'>ἂν</span> <span class='ocrx_word' id='word_1_503' title='bbox 2398 3271 2715 3340; x_wconf 81' lang='grc' dir='ltr'>κατασχεῖν.</span> <span class='ocrx_word' id='word_1_504' title='bbox 2746 3271 2820 3322; x_wconf 83' lang='grc' dir='ltr'>Τὸ</span> <span class='ocrx_word' id='word_1_505' title='bbox 2851 3269 2951 3339; x_wconf 71' lang='grc' dir='ltr'>μὲν</span> <span class='ocrx_word' id='word_1_506' title='bbox 2989 3270 3099 3340; x_wconf 78' lang='grc' dir='ltr'>γὰρ</span> <span class='ocrx_word' id='word_1_507' title='bbox 3128 3269 3220 3321; x_wconf 75' lang='grc' dir='ltr'>τὸν</span> <span class='ocrx_word' id='word_1_508' title='bbox 3271 3267 3449 3338; x_wconf 81' lang='grc' dir='ltr'>μέγαν</span> <span class='ocrx_word' id='word_1_509' title='bbox 3481 3264 3721 3334; x_wconf 60' lang='lat' dir='ltr'><strong>1070M-</strong></span> 
     </span>
    </p>
   </div>
   <div class='ocr_carea' id='block_1_74' title="bbox 2134 3356 3778 3432">
    <p class='ocr_par' dir='ltr' id='par_1_74' title="bbox 2134 3356 3778 3432">
     <span class='ocr_line' id='line_1_74' title="bbox 2134 3356 3778 3432; baseline -0.005 -15"><span class='ocrx_word' id='word_1_510' title='bbox 2134 3380 2234 3432; x_wconf 85' lang='grc' dir='ltr'><strong>την</strong></span> <span class='ocrx_word' id='word_1_511' title='bbox 2278 3361 2592 3430; x_wconf 77' lang='grc' dir='ltr'>ἀποστῆσαι</span> <span class='ocrx_word' id='word_1_512' title='bbox 2620 3362 2719 3432; x_wconf 80' lang='grc' dir='ltr'>τῆς</span> <span class='ocrx_word' id='word_1_513' title='bbox 2761 3358 3069 3432; x_wconf 78' lang='grc' dir='ltr'>ὑπηρεσίας</span> <span class='ocrx_word' id='word_1_514' title='bbox 3100 3359 3186 3427; x_wconf 63' lang='grc' dir='ltr'><strong>ἐφ’</strong></span> <span class='ocrx_word' id='word_1_515' title='bbox 3225 3359 3293 3430; x_wconf 69' lang='grc' dir='ltr'>ἢν</span> <span class='ocrx_word' id='word_1_516' title='bbox 3319 3356 3416 3410; x_wconf 78' lang='grc' dir='ltr'><strong>νῦν</strong></span> <span class='ocrx_word' id='word_1_517' title='bbox 3446 3356 3628 3421; x_wconf 77' lang='grc' dir='ltr'>τελεῖ,</span> <span class='ocrx_word' id='word_1_518' title='bbox 3660 3357 3721 3410; x_wconf 71' lang='grc' dir='ltr'><strong>οὐ</strong></span> <span class='ocrx_word' id='word_1_519' title='bbox 3764 3357 3778 3372; x_wconf 84' lang='grc'><strong>⁸</strong></span> 
     </span>
    </p>
   </div>
   <div class='ocr_carea' id='block_1_75' title="bbox 2137 3449 3723 3525">
    <p class='ocr_par' dir='ltr' id='par_1_75' title="bbox 2137 3449 3723 3525">
     <span class='ocr_line' id='line_1_75' title="bbox 2137 3449 3723 3525; baseline -0.004 -17"><span class='ocrx_word' id='word_1_520' title='bbox 2137 3455 2301 3525; x_wconf 83' lang='grc' dir='ltr'>μόνον</span> <span class='ocrx_word' id='word_1_521' title='bbox 2353 3452 2446 3508; x_wconf 73' lang='grc' dir='ltr'><strong>δια</strong></span> <span class='ocrx_word' id='word_1_522' title='bbox 2481 3454 2544 3506; x_wconf 78' lang='grc' dir='ltr'>τὸ</span> <span class='ocrx_word' id='word_1_523' title='bbox 2574 3454 2748 3508; x_wconf 80' lang='grc' dir='ltr'>αἰτεῖν</span> <span class='ocrx_word' id='word_1_524' title='bbox 2779 3452 2952 3522; x_wconf 74' lang='grc' dir='ltr'>ὑμᾶς,</span> <span class='ocrx_word' id='word_1_525' title='bbox 2982 3450 3120 3506; x_wconf 77' lang='grc' dir='ltr'><strong>ἀλλά</strong></span> <span class='ocrx_word' id='word_1_526' title='bbox 3151 3451 3243 3504; x_wconf 77' lang='grc' dir='ltr'><strong>καὶ</strong></span> <span class='ocrx_word' id='word_1_527' title='bbox 3279 3449 3456 3513; x_wconf 73' lang='grc' dir='ltr'>ἄλλως</span> <span class='ocrx_word' id='word_1_528' title='bbox 3485 3449 3632 3519; x_wconf 76' lang='grc' dir='ltr'>πρὸς</span> <span class='ocrx_word' id='word_1_529' title='bbox 3662 3449 3723 3502; x_wconf 75' lang='grc' dir='ltr'>τὸ</span> 
     </span>
    </p>
   </div>
   <div class='ocr_carea' id='block_1_76' title="bbox 2134 3540 3722 3618">
    <p class='ocr_par' dir='ltr' id='par_1_76' title="bbox 2134 3540 3722 3618">
     <span class='ocr_line' id='line_1_76' title="bbox 2134 3540 3722 3618; baseline -0.004 -19"><span class='ocrx_word' id='word_1_530' title='bbox 2134 3545 2482 3618; x_wconf 78' lang='grc' dir='ltr'><strong>ἀπηλλάχθαι</strong></span> <span class='ocrx_word' id='word_1_531' title='bbox 2510 3546 2886 3614; x_wconf 80' lang='grc' dir='ltr'>πραγμάτων,</span> <span class='ocrx_word' id='word_1_532' title='bbox 2928 3541 3141 3614; x_wconf 67' lang='grc' dir='ltr'>ἔπραξα</span> <span class='ocrx_word' id='word_1_533' title='bbox 3173 3541 3240 3597; x_wconf 74' lang='grc' dir='ltr'><strong>ἀν</strong></span> <span class='ocrx_word' id='word_1_534' title='bbox 3272 3540 3364 3595; x_wconf 78' lang='grc' dir='ltr'><strong>ὑπ’</strong></span> <span class='ocrx_word' id='word_1_535' title='bbox 3399 3540 3527 3611; x_wconf 72' lang='grc' dir='ltr'><strong>ἐμοὶ</strong></span> <span class='ocrx_word' id='word_1_536' title='bbox 3558 3557 3722 3608; x_wconf 75' lang='grc' dir='ltr'>γενο-</span> 
     </span>
    </p>
   </div>
   <div class='ocr_carea' id='block_1_77' title="bbox 2140 3633 3721 3709">
    <p class='ocr_par' dir='ltr' id='par_1_77' title="bbox 2140 3633 3721 3709">
     <span class='ocr_line' id='line_1_77' title="bbox 2140 3633 3721 3709; baseline -0.004 -17"><span class='ocrx_word' id='word_1_537' title='bbox 2140 3639 2316 3709; x_wconf 80' lang='grc' dir='ltr'>μένων</span> <span class='ocrx_word' id='word_1_538' title='bbox 2361 3639 2471 3691; x_wconf 81' lang='grc' dir='ltr'><strong>τῶν</strong></span> <span class='ocrx_word' id='word_1_539' title='bbox 2505 3637 2874 3708; x_wconf 82' lang='grc' dir='ltr'>πραγμάτων.</span> <span class='ocrx_word' id='word_1_540' title='bbox 2919 3636 2994 3690; x_wconf 83' lang='grc' dir='ltr'><strong>Τὸ</strong></span> <span class='ocrx_word' id='word_1_541' title='bbox 3030 3636 3218 3707; x_wconf 87' lang='grc' dir='ltr'>μέντοι</span> <span class='ocrx_word' id='word_1_542' title='bbox 3246 3651 3310 3704; x_wconf 76' lang='grc' dir='ltr'>γε</span> <span class='ocrx_word' id='word_1_543' title='bbox 3345 3633 3518 3688; x_wconf 75' lang='grc' dir='ltr'>αὑτοῦ</span> <span class='ocrx_word' id='word_1_544' title='bbox 3544 3650 3721 3688; x_wconf 84' lang='grc' dir='ltr'>κατα-</span> 
     </span>
    </p>
   </div>
   <div class='ocr_carea' id='block_1_78' title="bbox 2135 3726 3720 3803">
    <p class='ocr_par' dir='ltr' id='par_1_78' title="bbox 2135 3726 3720 3803">
     <span class='ocr_line' id='line_1_78' title="bbox 2135 3726 3720 3803; baseline -0.013 -16"><span class='ocrx_word' id='word_1_545' title='bbox 2135 3730 2483 3803; x_wconf 75' lang='grc' dir='ltr'>ψηφίσασθαι</span> <span class='ocrx_word' id='word_1_546' title='bbox 2501 3730 2591 3784; x_wconf 82' lang='grc' dir='ltr'>διὰ</span> <span class='ocrx_word' id='word_1_547' title='bbox 2622 3731 2740 3800; x_wconf 83' lang='grc' dir='ltr'>βίου</span> <span class='ocrx_word' id='word_1_548' title='bbox 2787 3729 3167 3800; x_wconf 81' lang='grc' dir='ltr'>ἀπαραίτητον</span> <span class='ocrx_word' id='word_1_549' title='bbox 3202 3726 3396 3799; x_wconf 76' lang='grc' dir='ltr'>ὀργὴν,</span> <span class='ocrx_word' id='word_1_550' title='bbox 3428 3726 3720 3780; x_wconf 74' lang='grc' dir='ltr'>ἀδυνατώ-</span> 
     </span>
    </p>
   </div>
   <div class='ocr_carea' id='block_1_79' title="bbox 464 3817 2031 3894">
    <p class='ocr_par' dir='ltr' id='par_1_79' title="bbox 464 3819 2031 3894">
     <span class='ocr_line' id='line_1_79' title="bbox 464 3819 2031 3894; baseline 0.007 -25"><span class='ocrx_word' id='word_1_551' title='bbox 464 3825 652 3870; x_wconf 87' lang='lat' dir='ltr'><strong>nostra</strong></span> <span class='ocrx_word' id='word_1_552' title='bbox 689 3827 880 3873; x_wconf 89' lang='lat' dir='ltr'><strong>contra</strong></span> <span class='ocrx_word' id='word_1_553' title='bbox 906 3819 1079 3874; x_wconf 89' lang='lat' dir='ltr'><strong>Deum</strong></span> <span class='ocrx_word' id='word_1_554' title='bbox 1103 3819 1339 3878; x_wconf 82' lang='lat' dir='ltr'><strong>infinitis</strong></span> <span class='ocrx_word' id='word_1_555' title='bbox 1371 3822 1625 3893; x_wconf 85' lang='lat' dir='ltr'><strong>partibus</strong></span> <span class='ocrx_word' id='word_1_556' title='bbox 1653 3839 1719 3880; x_wconf 90' lang='lat' dir='ltr'><strong>ea</strong></span> <span class='ocrx_word' id='word_1_557' title='bbox 1748 3835 2031 3894; x_wconf 87' lang='lat' dir='ltr'><strong>superent.</strong></span> 
     </span>
    </p>
   </div>
   <div class='ocr_carea' id='block_1_80' title="bbox 2132 3817 3718 3894">
    <p class='ocr_par' dir='ltr' id='par_1_80' title="bbox 2137 3817 3718 3892">
     <span class='ocr_line' id='line_1_80' title="bbox 2137 3817 3718 3892; baseline -0.003 -16"><span class='ocrx_word' id='word_1_558' title='bbox 2137 3839 2298 3877; x_wconf 86' lang='grc' dir='ltr'>τατον</span> <span class='ocrx_word' id='word_1_559' title='bbox 2330 3821 2442 3876; x_wconf 84' lang='grc' dir='ltr'><strong>τῶν</strong></span> <span class='ocrx_word' id='word_1_560' title='bbox 2475 3823 2718 3878; x_wconf 78' lang='grc' dir='ltr'>πάντων.</span> <span class='ocrx_word' id='word_1_561' title='bbox 2746 3821 2839 3892; x_wconf 80' lang='grc' dir='ltr'><strong>Μὴ</strong></span> <span class='ocrx_word' id='word_1_562' title='bbox 2878 3820 2986 3889; x_wconf 78' lang='grc' dir='ltr'><strong>γὰρ</strong></span> <span class='ocrx_word' id='word_1_563' title='bbox 3013 3820 3156 3874; x_wconf 78' lang='grc' dir='ltr'>οὕτω</span> <span class='ocrx_word' id='word_1_564' title='bbox 3189 3820 3422 3891; x_wconf 81' lang='grc' dir='ltr'>μανείην</span> <span class='ocrx_word' id='word_1_565' title='bbox 3447 3817 3596 3872; x_wconf 80' lang='grc' dir='ltr'>ὥστε</span> <span class='ocrx_word' id='word_1_566' title='bbox 3626 3817 3718 3872; x_wconf 63' lang='grc' dir='ltr'>διὰ</span> 
     </span>
    </p>
   </div>
   <div class='ocr_carea' id='block_1_81' title="bbox 463 3909 2034 3984">
    <p class='ocr_par' dir='ltr' id='par_1_81' title="bbox 463 3909 2034 3984">
     <span class='ocr_line' id='line_1_81' title="bbox 463 3909 2034 3984; baseline 0.008 -24"><span class='ocrx_word' id='word_1_567' title='bbox 463 3921 591 3975; x_wconf 71' lang='lat' dir='ltr'><strong>qua:</strong></span> <span class='ocrx_word' id='word_1_568' title='bbox 627 3909 696 3962; x_wconf 89' lang='lat' dir='ltr'><strong>ab</strong></span> <span class='ocrx_word' id='word_1_569' title='bbox 726 3909 1043 3966; x_wconf 81' lang='lat' dir='ltr'><strong>hominibus</strong></span> <span class='ocrx_word' id='word_1_570' title='bbox 1066 3922 1257 3967; x_wconf 90' lang='lat' dir='ltr'><strong>contra</strong></span> <span class='ocrx_word' id='word_1_571' title='bbox 1295 3927 1394 3969; x_wconf 89' lang='lat' dir='ltr'><strong>nos</strong></span> <span class='ocrx_word' id='word_1_572' title='bbox 1423 3922 1745 3984; x_wconf 89' lang='lat' dir='ltr'><strong>peccantur.</strong></span> <span class='ocrx_word' id='word_1_573' title='bbox 1795 3916 2034 3972; x_wconf 86' lang='lat' dir='ltr'><strong>Proinde</strong></span> 
     </span>
    </p>
   </div>
   <div class='ocr_carea' id='block_1_82' title="bbox 448 3997 2037 4080">
    <p class='ocr_par' dir='ltr' id='par_1_82' title="bbox 448 3997 2037 4080">
     <span class='ocr_line' id='line_1_82' title="bbox 448 3997 2037 4080; baseline 0.004 -23"><span class='ocrx_word' id='word_1_574' title='bbox 448 3997 784 4071; x_wconf 80' lang='lat' dir='ltr'><strong>Byzantium</strong></span> <span class='ocrx_word' id='word_1_575' title='bbox 802 4001 904 4056; x_wconf 85' lang='lat' dir='ltr'><strong>sibi</strong></span> <span class='ocrx_word' id='word_1_576' title='bbox 926 4017 1026 4072; x_wconf 89' lang='lat' dir='ltr'><strong>pro</strong></span> <span class='ocrx_word' id='word_1_577' title='bbox 1043 4005 1320 4059; x_wconf 87' lang='lat' dir='ltr'><strong>communi</strong></span> <span class='ocrx_word' id='word_1_578' title='bbox 1341 4004 1576 4061; x_wconf 89' lang='lat' dir='ltr'><strong>utilitate</strong></span> <span class='ocrx_word' id='word_1_579' title='bbox 1591 4006 1897 4078; x_wconf 85' lang='lat' dir='ltr'><strong>subjectum</strong></span> <span class='ocrx_word' id='word_1_580' title='bbox 1916 4024 2037 4080; x_wconf 83' lang='lat' dir='ltr'><strong>per-</strong></span> 
     </span>
    </p>
   </div>
   <div class='ocr_carea' id='block_1_83' title="bbox 464 4090 2036 4169">
    <p class='ocr_par' dir='ltr' id='par_1_83' title="bbox 464 4090 2036 4169">
     <span class='ocr_line' id='line_1_83' title="bbox 464 4090 2036 4169; baseline 0.008 -26"><span class='ocrx_word' id='word_1_581' title='bbox 464 4104 708 4159; x_wconf 89' lang='lat' dir='ltr'><strong>cupere;</strong></span> <span class='ocrx_word' id='word_1_582' title='bbox 745 4090 850 4146; x_wconf 86' lang='lat' dir='ltr'><strong>hac</strong></span> <span class='ocrx_word' id='word_1_583' title='bbox 893 4103 1079 4148; x_wconf 88' lang='lat' dir='ltr'><strong>autem</strong></span> <span class='ocrx_word' id='word_1_584' title='bbox 1113 4095 1384 4164; x_wconf 86' lang='lat' dir='ltr'><strong>petitione</strong></span> <span class='ocrx_word' id='word_1_585' title='bbox 1410 4105 1662 4167; x_wconf 79' lang='lat' dir='ltr'><strong>excepta,</strong></span> <span class='ocrx_word' id='word_1_586' title='bbox 1707 4098 1752 4152; x_wconf 87' lang='lat' dir='ltr'><strong>si</strong></span> <span class='ocrx_word' id='word_1_587' title='bbox 1785 4113 1890 4169; x_wconf 87' lang='lat' dir='ltr'><strong>qua</strong></span> <span class='ocrx_word' id='word_1_588' title='bbox 1930 4101 2036 4156; x_wconf 85' lang='lat' dir='ltr'><strong>alia</strong></span> 
     </span>
    </p>
   </div>
   <div class='ocr_carea' id='block_1_84' title="bbox 466 4183 2036 4255">
    <p class='ocr_par' dir='ltr' id='par_1_84' title="bbox 466 4183 2036 4255">
     <span class='ocr_line' id='line_1_84' title="bbox 466 4183 2036 4255; baseline 0.008 -20"><span class='ocrx_word' id='word_1_589' title='bbox 466 4183 601 4252; x_wconf 86' lang='lat' dir='ltr'><strong>ipsis</strong></span> <span class='ocrx_word' id='word_1_590' title='bbox 629 4187 862 4251; x_wconf 88' lang='lat' dir='ltr'><strong>petenda</strong></span> <span class='ocrx_word' id='word_1_591' title='bbox 895 4186 1235 4255; x_wconf 87' lang='lat' dir='ltr'><strong>viderentur,</strong></span> <span class='ocrx_word' id='word_1_592' title='bbox 1261 4190 1601 4245; x_wconf 87' lang='lat' dir='ltr'><strong>auditurum.</strong></span> <span class='ocrx_word' id='word_1_593' title='bbox 1646 4190 1760 4246; x_wconf 84' lang='lat' dir='ltr'><strong>Hoc</strong></span> <span class='ocrx_word' id='word_1_594' title='bbox 1793 4190 1871 4246; x_wconf 91' lang='lat' dir='ltr'><strong>illi</strong></span> <span class='ocrx_word' id='word_1_595' title='bbox 1917 4209 2036 4248; x_wconf 91' lang='lat' dir='ltr'><strong>ma-</strong></span> 
     </span>
    </p>
   </div>
   <div class='ocr_carea' id='block_1_85' title="bbox 469 4273 2036 4352">
    <p class='ocr_par' dir='ltr' id='par_1_85' title="bbox 469 4273 2036 4352">
     <span class='ocr_line' id='line_1_85' title="bbox 469 4273 2036 4352; baseline 0.008 -26"><span class='ocrx_word' id='word_1_596' title='bbox 469 4288 613 4343; x_wconf 71' lang='lat' dir='ltr'><strong>gnus</strong></span> <span class='ocrx_word' id='word_1_597' title='bbox 645 4273 1058 4332; x_wconf 86' lang='lat' dir='ltr'><strong>domesticusin</strong></span> <span class='ocrx_word' id='word_1_598' title='bbox 1083 4281 1410 4334; x_wconf 87' lang='lat' dir='ltr'><strong>memoriam</strong></span> <span class='ocrx_word' id='word_1_599' title='bbox 1440 4281 1754 4349; x_wconf 81' lang='lat' dir='ltr'><strong>revocabat,</strong></span> <span class='ocrx_word' id='word_1_600' title='bbox 1786 4293 1842 4336; x_wconf 89' lang='lat' dir='ltr'><strong>et</strong></span> <span class='ocrx_word' id='word_1_601' title='bbox 1875 4283 2036 4352; x_wconf 88' lang='lat' dir='ltr'><strong>plura</strong></span> 
     </span>
    </p>
   </div>
   <div class='ocr_carea' id='block_1_86' title="bbox 2135 3913 3718 3986">
    <p class='ocr_par' dir='ltr' id='par_1_86' title="bbox 2135 3913 3718 3986">
     <span class='ocr_line' id='line_1_86' title="bbox 2135 3913 3718 3986; baseline -0.003 -18"><span class='ocrx_word' id='word_1_602' title='bbox 2135 3916 2236 3986; x_wconf 81' lang='grc' dir='ltr'>τῆς</span> <span class='ocrx_word' id='word_1_603' title='bbox 2281 3917 2361 3980; x_wconf 85' lang='grc' dir='ltr'><strong>είς</strong></span> <span class='ocrx_word' id='word_1_604' title='bbox 2407 3916 2614 3970; x_wconf 76' lang='grc' dir='ltr'>ἐκεῖνον</span> <span class='ocrx_word' id='word_1_605' title='bbox 2663 3915 3042 3984; x_wconf 83' lang='grc' dir='ltr'>ἀπαραιτήτου</span> <span class='ocrx_word' id='word_1_606' title='bbox 3089 3914 3262 3985; x_wconf 82' lang='grc' dir='ltr'>ὀργῆς</span> <span class='ocrx_word' id='word_1_607' title='bbox 3312 3913 3541 3983; x_wconf 72' lang='grc' dir='ltr'>ἐμαυτῷ</span> <span class='ocrx_word' id='word_1_608' title='bbox 3575 3913 3718 3964; x_wconf 82' lang='grc' dir='ltr'>ἁπο-</span> 
     </span>
    </p>
   </div>
   <div class='ocr_carea' id='block_1_87' title="bbox 2137 4004 3716 4077">
    <p class='ocr_par' dir='ltr' id='par_1_87' title="bbox 2137 4004 3716 4077">
     <span class='ocr_line' id='line_1_87' title="bbox 2137 4004 3716 4077; baseline -0.004 -16"><span class='ocrx_word' id='word_1_609' title='bbox 2137 4008 2356 4062; x_wconf 84' lang='grc' dir='ltr'>κλεῖσαι</span> <span class='ocrx_word' id='word_1_610' title='bbox 2393 4005 2464 4061; x_wconf 75' lang='grc' dir='ltr'>τὰ</span> <span class='ocrx_word' id='word_1_611' title='bbox 2496 4005 2856 4077; x_wconf 78' lang='grc' dir='ltr'>φιλάνθρωπα</span> <span class='ocrx_word' id='word_1_612' title='bbox 2909 4005 3198 4075; x_wconf 80' lang='grc' dir='ltr'>σπλάγχνα</span> <span class='ocrx_word' id='word_1_613' title='bbox 3240 4005 3340 4074; x_wconf 78' lang='grc' dir='ltr'>τῆς</span> <span class='ocrx_word' id='word_1_614' title='bbox 3369 4004 3716 4073; x_wconf 72' lang='grc' dir='ltr'>ἀγαθὸτητοες</span> 
     </span>
    </p>
   </div>
   <div class='ocr_carea' id='block_1_88' title="bbox 2135 4092 3717 4171">
    <p class='ocr_par' dir='ltr' id='par_1_88' title="bbox 2135 4092 3717 4171">
     <span class='ocr_line' id='line_1_88' title="bbox 2135 4092 3717 4171; baseline -0.003 -17"><span class='ocrx_word' id='word_1_615' title='bbox 2135 4100 2234 4154; x_wconf 81' lang='grc' dir='ltr'><strong>τοῦ</strong></span> <span class='ocrx_word' id='word_1_616' title='bbox 2269 4099 2427 4154; x_wconf 80' lang='grc' dir='ltr'>Θεοῦ.</span> <span class='ocrx_word' id='word_1_617' title='bbox 2472 4097 2697 4171; x_wconf 75' lang='grc' dir='ltr'>Ἐπειδὴ</span> <span class='ocrx_word' id='word_1_618' title='bbox 2741 4092 2786 4168; x_wconf 77' lang='grc' dir='ltr'>ᾧ</span> <span class='ocrx_word' id='word_1_619' title='bbox 2824 4101 3009 4170; x_wconf 81' lang='grc' dir='ltr'>μέτρῳ</span> <span class='ocrx_word' id='word_1_620' title='bbox 3051 4096 3399 4170; x_wconf 79' lang='grc' dir='ltr'>μετρήσομεν</span> <span class='ocrx_word' id='word_1_621' title='bbox 3429 4101 3545 4160; x_wconf 86' lang='grc' dir='ltr'>τοῖς</span> <span class='ocrx_word' id='word_1_622' title='bbox 3586 4114 3717 4150; x_wconf 83' lang='grc' dir='ltr'>συν-</span> 
     </span>
    </p>
   </div>
   <div class='ocr_carea' id='block_1_89' title="bbox 2136 4189 3718 4262">
    <p class='ocr_par' dir='ltr' id='par_1_89' title="bbox 2136 4189 3718 4262">
     <span class='ocr_line' id='line_1_89' title="bbox 2136 4189 3718 4262; baseline -0.003 -16"><span class='ocrx_word' id='word_1_623' title='bbox 2136 4191 2366 4258; x_wconf 81' lang='grc' dir='ltr'>δούλοις,</span> <span class='ocrx_word' id='word_1_624' title='bbox 2396 4192 2818 4261; x_wconf 82' lang='grc' dir='ltr'>ἀντιμετρήσειν</span> <span class='ocrx_word' id='word_1_625' title='bbox 2848 4191 3174 4262; x_wconf 81' lang='grc' dir='ltr'>ἀπεφήνατο</span> <span class='ocrx_word' id='word_1_626' title='bbox 3201 4192 3355 4262; x_wconf 75' lang='grc' dir='ltr'>ἡμῖν.</span> <span class='ocrx_word' id='word_1_627' title='bbox 3388 4189 3502 4243; x_wconf 77' lang='grc' dir='ltr'><strong>Καὶ</strong></span> <span class='ocrx_word' id='word_1_628' title='bbox 3541 4189 3718 4243; x_wconf 83' lang='grc' dir='ltr'>ταῦτα</span> 
     </span>
    </p>
   </div>
   <div class='ocr_carea' id='block_1_90' title="bbox 2137 4280 3718 4356">
    <p class='ocr_par' dir='ltr' id='par_1_90' title="bbox 2137 4280 3718 4356">
     <span class='ocr_line' id='line_1_90' title="bbox 2137 4280 3718 4356; baseline -0.003 -16"><span class='ocrx_word' id='word_1_629' title='bbox 2137 4286 2236 4340; x_wconf 76' lang='grc' dir='ltr'><strong>οὐκ</strong></span> <span class='ocrx_word' id='word_1_630' title='bbox 2263 4284 2444 4355; x_wconf 79' lang='grc' dir='ltr'>ὲξίσης</span> <span class='ocrx_word' id='word_1_631' title='bbox 2463 4285 2572 4339; x_wconf 82' lang='grc' dir='ltr'><strong>τῶν</strong></span> <span class='ocrx_word' id='word_1_632' title='bbox 2595 4280 2730 4355; x_wconf 72' lang='grc' dir='ltr'>ἡμῖν</span> <span class='ocrx_word' id='word_1_633' title='bbox 2751 4283 3162 4356; x_wconf 75' lang='grc' dir='ltr'>ἡμαρτημένων</span> <span class='ocrx_word' id='word_1_634' title='bbox 3192 4282 3383 4347; x_wconf 69' lang='grc' dir='ltr'>ὅντων,</span> <span class='ocrx_word' id='word_1_635' title='bbox 3410 4281 3527 4335; x_wconf 80' lang='grc' dir='ltr'>ἀλλ’</span> <span class='ocrx_word' id='word_1_636' title='bbox 3553 4283 3718 4336; x_wconf 76' lang='grc' dir='ltr'>ἀπει-</span> 
     </span>
    </p>
   </div>
   <div class='ocr_carea' id='block_1_91' title="bbox 464 4364 2031 4450">
    <p class='ocr_par' dir='ltr' id='par_1_91' title="bbox 464 4364 2031 4448">
     <span class='ocr_line' id='line_1_91' title="bbox 464 4364 2031 4448; baseline 0.01 -31"><span class='ocrx_word' id='word_1_637' title='bbox 464 4378 592 4417; x_wconf 89' lang='lat' dir='ltr'><strong>cum</strong></span> <span class='ocrx_word' id='word_1_638' title='bbox 621 4379 687 4418; x_wconf 90' lang='lat' dir='ltr'><strong>eo</strong></span> <span class='ocrx_word' id='word_1_639' title='bbox 705 4364 1006 4432; x_wconf 82' lang='lat' dir='ltr'><strong>disserens,</strong></span> <span class='ocrx_word' id='word_1_640' title='bbox 1023 4370 1170 4424; x_wconf 89' lang='lat' dir='ltr'><strong>viros</strong></span> <span class='ocrx_word' id='word_1_641' title='bbox 1193 4371 1661 4443; x_wconf 90' lang='lat' dir='ltr'><strong>producebat,qui</strong></span> <span class='ocrx_word' id='word_1_642' title='bbox 1679 4374 1869 4430; x_wconf 89' lang='lat' dir='ltr'><strong>eadem</strong></span> <span class='ocrx_word' id='word_1_643' title='bbox 1891 4377 2031 4448; x_wconf 89' lang='lat' dir='ltr'><strong>apud</strong></span> 
     </span>
    </p>
   </div>
   <div class='ocr_carea' id='block_1_92' title="bbox 2132 4364 3716 4450">
    <p class='ocr_par' dir='ltr' id='par_1_92' title="bbox 2145 4373 3716 4450">
     <span class='ocr_line' id='line_1_92' title="bbox 2145 4373 3716 4450; baseline -0.004 -19"><span class='ocrx_word' id='word_1_644' title='bbox 2145 4377 2422 4450; x_wconf 84' lang='grc' dir='ltr'>ροπλασίῳ</span> <span class='ocrx_word' id='word_1_645' title='bbox 2453 4377 2564 4431; x_wconf 75' lang='grc' dir='ltr'><strong>τινὶ¹</strong></span> <span class='ocrx_word' id='word_1_646' title='bbox 2597 4377 2838 4448; x_wconf 79' lang='grc' dir='ltr'>ὑπεροχῇ</span> <span class='ocrx_word' id='word_1_647' title='bbox 2875 4376 2984 4428; x_wconf 82' lang='grc' dir='ltr'>τῶν</span> <span class='ocrx_word' id='word_1_648' title='bbox 3017 4376 3144 4445; x_wconf 71' lang='grc' dir='ltr'>ἐμοὶ</span> <span class='ocrx_word' id='word_1_649' title='bbox 3186 4374 3325 4444; x_wconf 76' lang='grc' dir='ltr'>πρὸς</span> <span class='ocrx_word' id='word_1_650' title='bbox 3352 4373 3488 4427; x_wconf 80' lang='grc' dir='ltr'>Θεὸν</span> <span class='ocrx_word' id='word_1_651' title='bbox 3522 4374 3716 4447; x_wconf 73' lang='grc' dir='ltr'>ἡμαρ-</span> 
     </span>
    </p>
   </div>
   <div class='ocr_carea' id='block_1_93' title="bbox 467 4444 2031 4536">
    <p class='ocr_par' dir='ltr' id='par_1_93' title="bbox 467 4444 2031 4530">
     <span class='ocr_line' id='line_1_93' title="bbox 467 4444 2031 4530; baseline 0.013 -23"><span class='ocrx_word' id='word_1_652' title='bbox 467 4455 852 4526; x_wconf 74' lang='lat' dir='ltr'><strong>intperr&#39;orem</strong></span> <span class='ocrx_word' id='word_1_653' title='bbox 895 4458 1287 4530; x_wconf 66' lang='lat' dir='ltr'><strong>loquebantur,</strong></span> <span class='ocrx_word' id='word_1_654' title='bbox 1331 4476 1709 4522; x_wconf 84' lang='lat' dir='ltr'><strong>asseverantes</strong></span> <span class='ocrx_word' id='word_1_655' title='bbox 1740 4483 1802 4524; x_wconf 86' lang='lat' dir='ltr'><strong>se</strong></span> <span class='ocrx_word' id='word_1_656' title='bbox 1837 4444 2031 4526; x_wconf 39' lang='lat' dir='ltr'><strong>illi&#39;ur-</strong></span> 
     </span>
    </p>
   </div>
   <div class='ocr_carea' id='block_1_94' title="bbox 2132 4444 3713 4536">
    <p class='ocr_par' dir='ltr' id='par_1_94' title="bbox 2138 4444 3713 4536">
     <span class='ocr_line' id='line_1_94' title="bbox 2138 4444 3713 4536; baseline -0.003 -18"><span class='ocrx_word' id='word_1_657' title='bbox 2138 4444 3143 4536; x_wconf 46' lang='grc' dir='ltr'>τημένωνδιαφερόντων.”’1“οιγαρούν</span> <span class='ocrx_word' id='word_1_658' title='bbox 3172 4462 3233 4515; x_wconf 81' lang='grc' dir='ltr'>τὸ</span> <span class='ocrx_word' id='word_1_659' title='bbox 3268 4462 3371 4531; x_wconf 75' lang='grc' dir='ltr'>μὲν</span> <span class='ocrx_word' id='word_1_660' title='bbox 3405 4461 3499 4514; x_wconf 80' lang='grc' dir='ltr'><strong>ὑπ’</strong></span> <span class='ocrx_word' id='word_1_661' title='bbox 3535 4444 3713 4531; x_wconf 68' lang='grc' dir='ltr'>ἐμαυ-</span> 
     </span>
    </p>
   </div>
   <div class='ocr_carea' id='block_1_95' title="bbox 471 4545 2036 4631">
    <p class='ocr_par' dir='ltr' id='par_1_95' title="bbox 471 4545 2036 4631">
     <span class='ocr_line' id='line_1_95' title="bbox 471 4545 2036 4631; baseline 0.012 -33"><span class='ocrx_word' id='word_1_662' title='bbox 471 4548 596 4599; x_wconf 90' lang='lat' dir='ltr'><strong>bem</strong></span> <span class='ocrx_word' id='word_1_663' title='bbox 644 4545 861 4601; x_wconf 88' lang='lat' dir='ltr'><strong>tradere</strong></span> <span class='ocrx_word' id='word_1_664' title='bbox 907 4563 1088 4618; x_wconf 69' lang='lat' dir='ltr'><strong>posse.</strong></span> <span class='ocrx_word' id='word_1_665' title='bbox 1139 4549 1352 4616; x_wconf 88' lang='lat' dir='ltr'><strong>Quibus</strong></span> <span class='ocrx_word' id='word_1_666' title='bbox 1398 4554 1725 4612; x_wconf 88' lang='lat' dir='ltr'><strong>collaudatis</strong></span> <span class='ocrx_word' id='word_1_667' title='bbox 1760 4561 2036 4631; x_wconf 74' lang='lat' dir='ltr'><strong>quaesivit,</strong></span> 
     </span>
    </p>
   </div>
   <div class='ocr_carea' id='block_1_96' title="bbox 471 4637 2038 4714">
    <p class='ocr_par' dir='ltr' id='par_1_96' title="bbox 471 4637 2038 4714">
     <span class='ocr_line' id='line_1_96' title="bbox 471 4637 2038 4714; baseline 0.012 -25"><span class='ocrx_word' id='word_1_668' title='bbox 471 4651 601 4690; x_wconf 90' lang='lat' dir='ltr'><strong>num</strong></span> <span class='ocrx_word' id='word_1_669' title='bbox 625 4637 758 4706; x_wconf 90' lang='lat' dir='ltr'><strong>quid</strong></span> <span class='ocrx_word' id='word_1_670' title='bbox 791 4637 860 4692; x_wconf 93' lang='lat' dir='ltr'><strong>ab</strong></span> <span class='ocrx_word' id='word_1_671' title='bbox 891 4652 950 4693; x_wconf 88' lang='lat' dir='ltr'><strong>se</strong></span> <span class='ocrx_word' id='word_1_672' title='bbox 972 4649 1243 4709; x_wconf 87' lang='lat' dir='ltr'><strong>peterent.</strong></span> <span class='ocrx_word' id='word_1_673' title='bbox 1270 4642 1308 4696; x_wconf 91' lang='lat' dir='ltr'><strong>li</strong></span> <span class='ocrx_word' id='word_1_674' title='bbox 1341 4642 1479 4698; x_wconf 90' lang='lat' dir='ltr'><strong>nihil</strong></span> <span class='ocrx_word' id='word_1_675' title='bbox 1511 4649 1700 4714; x_wconf 89' lang='lat' dir='ltr'><strong>petere</strong></span> <span class='ocrx_word' id='word_1_676' title='bbox 1728 4653 2038 4708; x_wconf 88' lang='lat' dir='ltr'><strong>constitue-</strong></span> 
     </span>
    </p>
   </div>
   <div class='ocr_carea' id='block_1_97' title="bbox 469 4727 2042 4815">
    <p class='ocr_par' dir='ltr' id='par_1_97' title="bbox 469 4727 2042 4815">
     <span class='ocr_line' id='line_1_97' title="bbox 469 4727 2042 4815; baseline 0.011 -34"><span class='ocrx_word' id='word_1_677' title='bbox 469 4740 588 4781; x_wconf 87' lang='lat' dir='ltr'><strong>rant</strong></span> <span class='ocrx_word' id='word_1_678' title='bbox 613 4743 629 4792; x_wconf 90' lang='lat'><strong>;</strong></span> <span class='ocrx_word' id='word_1_679' title='bbox 662 4727 757 4783; x_wconf 88' lang='lat' dir='ltr'><strong>sed</strong></span> <span class='ocrx_word' id='word_1_680' title='bbox 783 4742 909 4784; x_wconf 84' lang='lat' dir='ltr'><strong>Cum</strong></span> <span class='ocrx_word' id='word_1_681' title='bbox 934 4729 1228 4800; x_wconf 87' lang='lat' dir='ltr'><strong>imperator</strong></span> <span class='ocrx_word' id='word_1_682' title='bbox 1250 4733 1478 4790; x_wconf 85' lang='lat' dir='ltr'><strong>instaret</strong></span> <span class='ocrx_word' id='word_1_683' title='bbox 1499 4737 1932 4812; x_wconf 37' lang='lat' dir='ltr'><strong>sapius,,viginti</strong></span> <span class='ocrx_word' id='word_1_684' title='bbox 1953 4744 2042 4815; x_wconf 90' lang='lat' dir='ltr'><strong>ju-</strong></span> 
     </span>
    </p>
   </div>
   <div class='ocr_carea' id='block_1_98' title="bbox 437 4821 2027 4903">
    <p class='ocr_par' dir='ltr' id='par_1_98' title="bbox 437 4821 2027 4903">
     <span class='ocr_line' id='line_1_98' title="bbox 437 4821 2027 4903; baseline 0.012 -33"><span class='ocrx_word' id='word_1_685' title='bbox 437 4833 594 4887; x_wconf 42' lang='grc' dir='ltr'>,μη</span> <span class='ocrx_word' id='word_1_686' title='bbox 625 4821 956 4890; x_wconf 83' lang='lat' dir='ltr'><strong>petiverunt.</strong></span> <span class='ocrx_word' id='word_1_687' title='bbox 1015 4821 1153 4877; x_wconf 85' lang='lat' dir='ltr'><strong>&#39;l&#39;um</strong></span> <span class='ocrx_word' id='word_1_688' title='bbox 1184 4825 1370 4882; x_wconf 86' lang='lat' dir='ltr'><strong>ridens</strong></span> <span class='ocrx_word' id='word_1_689' title='bbox 1401 4827 1490 4883; x_wconf 91' lang='lat' dir='ltr'><strong>ille</strong></span> <span class='ocrx_word' id='word_1_690' title='bbox 1535 4845 1549 4882; x_wconf 89' lang='lat'><strong>:</strong></span> <span class='ocrx_word' id='word_1_691' title='bbox 1582 4828 1650 4884; x_wconf 85' lang='lat' dir='ltr'><strong>At</strong></span> <span class='ocrx_word' id='word_1_692' title='bbox 1679 4845 1802 4901; x_wconf 82' lang='lat' dir='ltr'><strong>ego,</strong></span> <span class='ocrx_word' id='word_1_693' title='bbox 1829 4834 2027 4903; x_wconf 87' lang='lat' dir='ltr'><strong>inquit,</strong></span> 
     </span>
    </p>
   </div>
   <div class='ocr_carea' id='block_1_99' title="bbox 464 4907 2032 4990">
    <p class='ocr_par' dir='ltr' id='par_1_99' title="bbox 464 4907 2032 4990">
     <span class='ocr_line' id='line_1_99' title="bbox 464 4907 2032 4990; baseline 0.008 -28"><span class='ocrx_word' id='word_1_694' title='bbox 464 4907 655 4962; x_wconf 86' lang='lat' dir='ltr'><strong>divino</strong></span> <span class='ocrx_word' id='word_1_695' title='bbox 678 4924 945 4964; x_wconf 83' lang='lat' dir='ltr'><strong>concessu</strong></span> <span class='ocrx_word' id='word_1_696' title='bbox 965 4911 1191 4966; x_wconf 83' lang='lat' dir='ltr'><strong>candori</strong></span> <span class='ocrx_word' id='word_1_697' title='bbox 1220 4915 1592 4987; x_wconf 86' lang='lat' dir='ltr'><strong>probitatique</strong></span> <span class='ocrx_word' id='word_1_698' title='bbox 1625 4928 1822 4973; x_wconf 67' lang='lat' dir='ltr'><strong>vestrae</strong></span> <span class='ocrx_word' id='word_1_699' title='bbox 1865 4919 2032 4990; x_wconf 76' lang='lat' dir='ltr'><strong>digna</strong></span> 
     </span>
    </p>
   </div>
   <div class='ocr_carea' id='block_1_100' title="bbox 465 4998 2033 5070">
    <p class='ocr_par' dir='ltr' id='par_1_100' title="bbox 465 4998 2033 5070">
     <span class='ocr_line' id='line_1_100' title="bbox 465 4998 2033 5070; baseline 0.011 -21"><span class='ocrx_word' id='word_1_700' title='bbox 465 4998 688 5068; x_wconf 69' lang='lat' dir='ltr'><strong>praemia</strong></span> <span class='ocrx_word' id='word_1_701' title='bbox 721 5001 1050 5070; x_wconf 75' lang='lat' dir='ltr'><strong>persolvant.</strong></span> <span class='ocrx_word' id='word_1_702' title='bbox 1081 5002 1256 5059; x_wconf 81' lang='lat' dir='ltr'><strong>Medio</strong></span> <span class='ocrx_word' id='word_1_703' title='bbox 1278 5004 1331 5059; x_wconf 93' lang='lat' dir='ltr'><strong>in</strong></span> <span class='ocrx_word' id='word_1_704' title='bbox 1364 5021 1618 5064; x_wconf 85' lang='lat' dir='ltr'><strong>sermone</strong></span> <span class='ocrx_word' id='word_1_705' title='bbox 1646 5009 1866 5064; x_wconf 82' lang='lat' dir='ltr'><strong>advolat</strong></span> <span class='ocrx_word' id='word_1_706' title='bbox 1901 5009 2033 5065; x_wconf 57' lang='lat' dir='ltr'><strong>Sco.</strong></span> 
     </span>
    </p>
   </div>
   <div class='ocr_carea' id='block_1_101' title="bbox 467 5090 2083 5179">
    <p class='ocr_par' dir='ltr' id='par_1_101' title="bbox 467 5090 2083 5179">
     <span class='ocr_line' id='line_1_101' title="bbox 467 5090 2083 5179; baseline 0.008 -33"><span class='ocrx_word' id='word_1_707' title='bbox 467 5094 589 5160; x_wconf 72' lang='lat' dir='ltr'><strong>pelo</strong></span> <span class='ocrx_word' id='word_1_708' title='bbox 621 5090 732 5161; x_wconf 70' lang='lat'><strong>(15)</strong></span> <span class='ocrx_word' id='word_1_709' title='bbox 756 5107 786 5145; x_wconf 92' lang='lat' dir='ltr'><strong>a</strong></span> <span class='ocrx_word' id='word_1_710' title='bbox 823 5095 1084 5160; x_wconf 73' lang='lat' dir='ltr'><strong>praefecto</strong></span> <span class='ocrx_word' id='word_1_711' title='bbox 1111 5098 1356 5165; x_wconf 89' lang='lat' dir='ltr'><strong>nuntius,</strong></span> <span class='ocrx_word' id='word_1_712' title='bbox 1388 5099 1709 5156; x_wconf 81' lang='lat' dir='ltr'><strong>Michaclem</strong></span> <span class='ocrx_word' id='word_1_713' title='bbox 1735 5103 2030 5158; x_wconf 71' lang='lat' dir='ltr'><strong>Mmsorum</strong></span> <span class='ocrx_word' id='word_1_714' title='bbox 2059 5159 2083 5179; x_wconf 60' lang='lat'><em>.</em></span> 
     </span>
    </p>
   </div>
   <div class='ocr_carea' id='block_1_102' title="bbox 469 5184 2040 5263">
    <p class='ocr_par' dir='ltr' id='par_1_102' title="bbox 469 5184 2040 5263">
     <span class='ocr_line' id='line_1_102' title="bbox 469 5184 2040 5263; baseline 0.01 -28"><span class='ocrx_word' id='word_1_715' title='bbox 469 5197 653 5252; x_wconf 81' lang='lat' dir='ltr'><strong>regem</strong></span> <span class='ocrx_word' id='word_1_716' title='bbox 681 5184 734 5237; x_wconf 91' lang='lat' dir='ltr'><strong>in</strong></span> <span class='ocrx_word' id='word_1_717' title='bbox 758 5185 872 5238; x_wconf 84' lang='lat' dir='ltr'><strong>suis</strong></span> <span class='ocrx_word' id='word_1_718' title='bbox 896 5193 951 5240; x_wconf 88' lang='lat' dir='ltr'><strong>et</strong></span> <span class='ocrx_word' id='word_1_719' title='bbox 983 5185 1352 5243; x_wconf 76' lang='lat' dir='ltr'><strong>Romanorum</strong></span> <span class='ocrx_word' id='word_1_720' title='bbox 1385 5191 1644 5247; x_wconf 74' lang='lat' dir='ltr'><strong>confiniis</strong></span> <span class='ocrx_word' id='word_1_721' title='bbox 1667 5195 1809 5263; x_wconf 90' lang='lat' dir='ltr'><strong>apud</strong></span> <span class='ocrx_word' id='word_1_722' title='bbox 1845 5195 2040 5250; x_wconf 90' lang='lat' dir='ltr'><strong>urbem</strong></span> 
     </span>
    </p>
   </div>
   <div class='ocr_carea' id='block_1_103' title="bbox 470 5276 2045 5357">
    <p class='ocr_par' dir='ltr' id='par_1_103' title="bbox 470 5276 2045 5357">
     <span class='ocr_line' id='line_1_103' title="bbox 470 5276 2045 5357; baseline 0.01 -31"><span class='ocrx_word' id='word_1_723' title='bbox 470 5289 649 5339; x_wconf 85' lang='lat' dir='ltr'><strong>suam,</strong></span> <span class='ocrx_word' id='word_1_724' title='bbox 702 5276 924 5331; x_wconf 90' lang='lat' dir='ltr'><strong>nomine</strong></span> <span class='ocrx_word' id='word_1_725' title='bbox 963 5277 1297 5348; x_wconf 88' lang='lat' dir='ltr'><strong>Diampolin,</strong></span> <span class='ocrx_word' id='word_1_726' title='bbox 1338 5292 1519 5336; x_wconf 88' lang='lat' dir='ltr'><strong>castra</strong></span> <span class='ocrx_word' id='word_1_727' title='bbox 1551 5285 1780 5347; x_wconf 84' lang='lat' dir='ltr'><strong>locasse,</strong></span> <span class='ocrx_word' id='word_1_728' title='bbox 1815 5283 2045 5357; x_wconf 72' lang='lat' dir='ltr'><strong>Scytha-</strong></span> 
     </span>
    </p>
   </div>
   <div class='ocr_carea' id='block_1_104' title="bbox 475 5370 2040 5445">
    <p class='ocr_par' dir='ltr' id='par_1_104' title="bbox 475 5370 2040 5445">
     <span class='ocr_line' id='line_1_104' title="bbox 475 5370 2040 5445; baseline 0.008 -25"><span class='ocrx_word' id='word_1_729' title='bbox 475 5383 595 5420; x_wconf 88' lang='lat' dir='ltr'><strong>rum</strong></span> <span class='ocrx_word' id='word_1_730' title='bbox 633 5370 955 5425; x_wconf 81' lang='lat' dir='ltr'><strong>comitatum</strong></span> <span class='ocrx_word' id='word_1_731' title='bbox 1005 5375 1249 5435; x_wconf 75' lang='lat' dir='ltr'><strong>auxiliis,</strong></span> <span class='ocrx_word' id='word_1_732' title='bbox 1279 5375 1372 5443; x_wconf 93' lang='lat' dir='ltr'><strong>qui</strong></span> <span class='ocrx_word' id='word_1_733' title='bbox 1414 5376 1565 5445; x_wconf 85' lang='lat' dir='ltr'><strong>juxta</strong></span> <span class='ocrx_word' id='word_1_734' title='bbox 1608 5377 2040 5434; x_wconf 81' lang='lat' dir='ltr'><strong>thosocastrum</strong></span> 
     </span>
    </p>
   </div>
   <div class='ocr_carea' id='block_1_105' title="bbox 473 5460 2040 5534">
    <p class='ocr_par' dir='ltr' id='par_1_105' title="bbox 473 5460 2040 5534">
     <span class='ocr_line' id='line_1_105' title="bbox 473 5460 2040 5534; baseline 0.006 -24"><span class='ocrx_word' id='word_1_735' title='bbox 473 5460 708 5513; x_wconf 80' lang='lat' dir='ltr'><strong>tentoria</strong></span> <span class='ocrx_word' id='word_1_736' title='bbox 779 5460 1068 5517; x_wconf 82' lang='lat' dir='ltr'><strong>haberent.</strong></span> <span class='ocrx_word' id='word_1_737' title='bbox 1142 5463 1444 5533; x_wconf 85' lang='lat' dir='ltr'><strong>Imperator</strong></span> <span class='ocrx_word' id='word_1_738' title='bbox 1503 5466 1634 5534; x_wconf 89' lang='lat' dir='ltr'><strong>quid</strong></span> <span class='ocrx_word' id='word_1_739' title='bbox 1701 5467 2040 5534; x_wconf 80' lang='lat' dir='ltr'><strong>faciendum,</strong></span> 
     </span>
    </p>
   </div>
   <div class='ocr_carea' id='block_1_106' title="bbox 2136 4554 3714 4628">
    <p class='ocr_par' dir='ltr' id='par_1_106' title="bbox 2136 4554 3714 4628">
     <span class='ocr_line' id='line_1_106' title="bbox 2136 4554 3714 4628; baseline -0.001 -17"><span class='ocrx_word' id='word_1_740' title='bbox 2136 4557 2214 4628; x_wconf 82' lang='grc' dir='ltr'>τῷ</span> <span class='ocrx_word' id='word_1_741' title='bbox 2246 4555 2573 4628; x_wconf 83' lang='grc' dir='ltr'>ποιήσασθαι</span> <span class='ocrx_word' id='word_1_742' title='bbox 2634 4554 2928 4620; x_wconf 72' lang='grc' dir='ltr'>Βυζάντιον</span> <span class='ocrx_word' id='word_1_743' title='bbox 2977 4557 3070 4608; x_wconf 78' lang='grc' dir='ltr'><strong>καὶ</strong></span> <span class='ocrx_word' id='word_1_744' title='bbox 3127 4555 3271 4609; x_wconf 77' lang='grc' dir='ltr'>πάνυ</span> <span class='ocrx_word' id='word_1_745' title='bbox 3307 4555 3573 4625; x_wconf 85' lang='grc' dir='ltr'>βούλομαι</span> <span class='ocrx_word' id='word_1_746' title='bbox 3615 4556 3714 4609; x_wconf 75' lang='grc' dir='ltr'><strong>τοῦ</strong></span> 
     </span>
    </p>
   </div>
   <div class='ocr_carea' id='block_1_107' title="bbox 2137 4647 3716 4724">
    <p class='ocr_par' dir='ltr' id='par_1_107' title="bbox 2137 4647 3716 4724">
     <span class='ocr_line' id='line_1_107' title="bbox 2137 4647 3716 4724; baseline 0.002 -21"><span class='ocrx_word' id='word_1_747' title='bbox 2137 4653 2292 4719; x_wconf 82' lang='grc' dir='ltr'>κοινῇ</span> <span class='ocrx_word' id='word_1_748' title='bbox 2331 4647 2735 4712; x_wconf 84' lang='grc' dir='ltr'>λυσιτιλοῦντος</span> <span class='ocrx_word' id='word_1_749' title='bbox 2762 4647 2942 4702; x_wconf 70' lang='grc' dir='ltr'>ἕνεκα.</span> <span class='ocrx_word' id='word_1_750' title='bbox 2973 4648 3177 4703; x_wconf 81' lang='grc' dir='ltr'>Τούτου</span> <span class='ocrx_word' id='word_1_751' title='bbox 3205 4649 3260 4704; x_wconf 84' lang='grc' dir='ltr'>δὲ</span> <span class='ocrx_word' id='word_1_752' title='bbox 3287 4651 3381 4704; x_wconf 77' lang='grc' dir='ltr'><strong>τοῦ</strong></span> <span class='ocrx_word' id='word_1_753' title='bbox 3407 4654 3716 4724; x_wconf 77' lang='grc' dir='ltr'>αίιήματος</span> 
     </span>
    </p>
   </div>
   <div class='ocr_carea' id='block_1_108' title="bbox 2137 4741 3716 4816">
    <p class='ocr_par' dir='ltr' id='par_1_108' title="bbox 2137 4741 3716 4816">
     <span class='ocr_line' id='line_1_108' title="bbox 2137 4741 3716 4816; baseline -0.001 -19"><span class='ocrx_word' id='word_1_754' title='bbox 2137 4742 2393 4810; x_wconf 77' lang='grc' dir='ltr'>ἀπόντος,</span> <span class='ocrx_word' id='word_1_755' title='bbox 2428 4743 2526 4797; x_wconf 80' lang='grc' dir='ltr'><strong>καὶ</strong></span> <span class='ocrx_word' id='word_1_756' title='bbox 2578 4742 2635 4795; x_wconf 83' lang='grc' dir='ltr'><strong>εί</strong></span> <span class='ocrx_word' id='word_1_757' title='bbox 2665 4759 2731 4811; x_wconf 80' lang='grc' dir='ltr'>γε</span> <span class='ocrx_word' id='word_1_758' title='bbox 2753 4742 2846 4795; x_wconf 85' lang='grc' dir='ltr'><strong>καὶ</strong></span> <span class='ocrx_word' id='word_1_759' title='bbox 2875 4741 3005 4810; x_wconf 82' lang='grc' dir='ltr'>ὑμῖν</span> <span class='ocrx_word' id='word_1_760' title='bbox 3039 4743 3308 4809; x_wconf 81' lang='grc' dir='ltr'>συνδοκεῖ,</span> <span class='ocrx_word' id='word_1_761' title='bbox 3339 4745 3450 4798; x_wconf 79' lang='grc' dir='ltr'>τότ’</span> <span class='ocrx_word' id='word_1_762' title='bbox 3473 4745 3578 4816; x_wconf 72' lang='grc' dir='ltr'>ήδη</span> <span class='ocrx_word' id='word_1_763' title='bbox 3615 4747 3716 4799; x_wconf 74' lang='grc' dir='ltr'><strong>καὶ</strong></span> 
     </span>
    </p>
   </div>
   <div class='ocr_carea' id='block_1_109' title="bbox 2141 4834 3710 4908">
    <p class='ocr_par' dir='ltr' id='par_1_109' title="bbox 2141 4834 3710 4908">
     <span class='ocr_line' id='line_1_109' title="bbox 2141 4834 3710 4908; baseline 0.004 -23"><span class='ocrx_word' id='word_1_764' title='bbox 2141 4834 2271 4903; x_wconf 75' lang='grc' dir='ltr'>περὶ</span> <span class='ocrx_word' id='word_1_765' title='bbox 2308 4835 2417 4887; x_wconf 82' lang='grc' dir='ltr'><strong>τῶν</strong></span> <span class='ocrx_word' id='word_1_766' title='bbox 2469 4835 2770 4888; x_wconf 74' lang='grc' dir='ltr'>ιπιλοίπων</span> <span class='ocrx_word' id='word_1_767' title='bbox 2821 4837 2975 4907; x_wconf 81' lang='grc' dir='ltr'>ὑμῶν</span> <span class='ocrx_word' id='word_1_768' title='bbox 3021 4838 3332 4906; x_wconf 82' lang='grc' dir='ltr'>ἀκούσομαι</span> <span class='ocrx_word' id='word_1_769' title='bbox 3363 4838 3710 4908; x_wconf 81' lang='grc' dir='ltr'>αίτημάτων.</span> 
     </span>
    </p>
   </div>
   <div class='ocr_carea' id='block_1_110' title="bbox 2138 4926 3714 5002">
    <p class='ocr_par' dir='ltr' id='par_1_110' title="bbox 2138 4926 3714 5002">
     <span class='ocr_line' id='line_1_110' title="bbox 2138 4926 3714 5002; baseline 0.001 -23"><span class='ocrx_word' id='word_1_770' title='bbox 2138 4926 2359 4980; x_wconf 85' lang='grc' dir='ltr'>Τούτων</span> <span class='ocrx_word' id='word_1_771' title='bbox 2386 4927 2487 4998; x_wconf 72' lang='grc' dir='ltr'>μὲν</span> <span class='ocrx_word' id='word_1_772' title='bbox 2517 4927 2611 4982; x_wconf 71' lang='grc' dir='ltr'><strong>οὖν</strong></span> <span class='ocrx_word' id='word_1_773' title='bbox 2642 4931 2671 4982; x_wconf 82' lang='grc' dir='ltr'><strong>ὁ</strong></span> <span class='ocrx_word' id='word_1_774' title='bbox 2707 4929 2882 4998; x_wconf 79' lang='grc' dir='ltr'>μέγας</span> <span class='ocrx_word' id='word_1_775' title='bbox 2909 4931 3032 4984; x_wconf 85' lang='grc' dir='ltr'>τότε</span> <span class='ocrx_word' id='word_1_776' title='bbox 3057 4933 3377 5002; x_wconf 82' lang='grc' dir='ltr'>δομέστικος</span> <span class='ocrx_word' id='word_1_777' title='bbox 3405 4931 3714 5000; x_wconf 71' lang='grc' dir='ltr'>ἀνεμίμνη-</span> 
     </span>
    </p>
   </div>
   <div class='ocr_carea' id='block_1_111' title="bbox 2140 5011 3707 5086">
    <p class='ocr_par' dir='ltr' id='par_1_111' title="bbox 2140 5011 3707 5086">
     <span class='ocr_line' id='line_1_111' title="bbox 2140 5011 3707 5086; baseline 0.002 -22"><span class='ocrx_word' id='word_1_778' title='bbox 2140 5023 2236 5064; x_wconf 84' lang='grc' dir='ltr'>σκε</span> <span class='ocrx_word' id='word_1_779' title='bbox 2281 5011 2510 5082; x_wconf 77' lang='grc' dir='ltr'>βασιλέα</span> <span class='ocrx_word' id='word_1_780' title='bbox 2534 5029 2549 5044; x_wconf 72' lang='grc' dir='ltr'><strong><em>ο</em></strong></span> <span class='ocrx_word' id='word_1_781' title='bbox 2581 5018 2674 5067; x_wconf 71' lang='grc' dir='ltr'><strong>καὶ</strong></span> <span class='ocrx_word' id='word_1_782' title='bbox 2694 5015 2837 5083; x_wconf 65' lang='grc' dir='ltr'>ἕτερ’</span> <span class='ocrx_word' id='word_1_783' title='bbox 2870 5017 3005 5070; x_wconf 84' lang='grc' dir='ltr'>ἀττα</span> <span class='ocrx_word' id='word_1_784' title='bbox 3031 5019 3168 5085; x_wconf 84' lang='grc' dir='ltr'>πρὸς</span> <span class='ocrx_word' id='word_1_785' title='bbox 3195 5017 3357 5070; x_wconf 83' lang='grc' dir='ltr'>αὑτὸν</span> <span class='ocrx_word' id='word_1_786' title='bbox 3380 5015 3707 5086; x_wconf 76' lang='grc' dir='ltr'>διαλεχθεὶς,</span> 
     </span>
    </p>
   </div>
   <div class='ocr_carea' id='block_1_112' title="bbox 2140 5101 3708 5176">
    <p class='ocr_par' dir='ltr' id='par_1_112' title="bbox 2140 5101 3708 5176">
     <span class='ocr_line' id='line_1_112' title="bbox 2140 5101 3708 5176; baseline 0.003 -22"><span class='ocrx_word' id='word_1_787' title='bbox 2140 5101 2386 5172; x_wconf 77' lang='grc' dir='ltr'>προσῆγε</span> <span class='ocrx_word' id='word_1_788' title='bbox 2441 5105 2568 5167; x_wconf 83' lang='grc' dir='ltr'>τοὺς</span> <span class='ocrx_word' id='word_1_789' title='bbox 2624 5104 2847 5173; x_wconf 72' lang='grc' dir='ltr'>ἄνδρας.</span> <span class='ocrx_word' id='word_1_790' title='bbox 2913 5107 2978 5157; x_wconf 84' lang='lat' dir='ltr'><strong>0i</strong></span> <span class='ocrx_word' id='word_1_791' title='bbox 3039 5105 3097 5158; x_wconf 73' lang='grc' dir='ltr'>δὲ</span> <span class='ocrx_word' id='word_1_792' title='bbox 3131 5107 3227 5158; x_wconf 77' lang='grc' dir='ltr'><strong>καὶ</strong></span> <span class='ocrx_word' id='word_1_793' title='bbox 3287 5108 3420 5176; x_wconf 75' lang='grc' dir='ltr'>πρὸς</span> <span class='ocrx_word' id='word_1_794' title='bbox 3479 5105 3708 5176; x_wconf 79' lang='grc' dir='ltr'>βασιλέα</span> 
     </span>
    </p>
   </div>
   <div class='ocr_carea' id='block_1_113' title="bbox 2135 5194 3708 5272">
    <p class='ocr_par' dir='ltr' id='par_1_113' title="bbox 2135 5194 3708 5272">
     <span class='ocr_line' id='line_1_113' title="bbox 2135 5194 3708 5272; baseline 0.004 -26"><span class='ocrx_word' id='word_1_795' title='bbox 2135 5194 2510 5267; x_wconf 72' lang='grc' dir='ltr'>διειλέχθησαν</span> <span class='ocrx_word' id='word_1_796' title='bbox 2542 5197 2610 5251; x_wconf 78' lang='grc' dir='ltr'>τὰ</span> <span class='ocrx_word' id='word_1_797' title='bbox 2645 5198 2757 5253; x_wconf 83' lang='grc' dir='ltr'>τσα.</span> <span class='ocrx_word' id='word_1_798' title='bbox 2791 5200 2902 5258; x_wconf 71' lang='grc' dir='ltr'><strong>Καὶ</strong></span> <span class='ocrx_word' id='word_1_799' title='bbox 2929 5194 2966 5270; x_wconf 73' lang='grc' dir='ltr'>ἢ</span> <span class='ocrx_word' id='word_1_800' title='bbox 2998 5200 3106 5270; x_wconf 81' lang='grc' dir='ltr'>μὴν</span> <span class='ocrx_word' id='word_1_801' title='bbox 3133 5199 3529 5272; x_wconf 76' lang='grc' dir='ltr'>διῖσχυρίζοντο</span> <span class='ocrx_word' id='word_1_802' title='bbox 3555 5199 3708 5254; x_wconf 75' lang='grc' dir='ltr'>αὐτοὶ</span> 
     </span>
    </p>
   </div>
   <div class='ocr_carea' id='block_1_114' title="bbox 2136 5285 3707 5362">
    <p class='ocr_par' dir='ltr' id='par_1_114' title="bbox 2136 5285 3707 5362">
     <span class='ocr_line' id='line_1_114' title="bbox 2136 5285 3707 5362; baseline 0.004 -21"><span class='ocrx_word' id='word_1_803' title='bbox 2136 5285 2462 5356; x_wconf 85' lang='grc' dir='ltr'>δυνήσεσθαι</span> <span class='ocrx_word' id='word_1_804' title='bbox 2509 5289 2609 5359; x_wconf 79' lang='grc' dir='ltr'>τὴν</span> <span class='ocrx_word' id='word_1_805' title='bbox 2659 5289 2814 5342; x_wconf 78' lang='grc' dir='ltr'>πόλιν</span> <span class='ocrx_word' id='word_1_806' title='bbox 2879 5291 3248 5362; x_wconf 85' lang='grc' dir='ltr'>παραδώσειν.</span> <span class='ocrx_word' id='word_1_807' title='bbox 3298 5292 3622 5356; x_wconf 73' lang='grc' dir='ltr'>Ἐπαινέσας</span> <span class='ocrx_word' id='word_1_808' title='bbox 3644 5293 3707 5348; x_wconf 75' lang='grc' dir='ltr'>δι</span> 
     </span>
    </p>
   </div>
   <div class='ocr_carea' id='block_1_115' title="bbox 2136 5380 3703 5451">
    <p class='ocr_par' dir='ltr' id='par_1_115' title="bbox 2136 5380 3703 5451">
     <span class='ocr_line' id='line_1_115' title="bbox 2136 5380 3703 5451; baseline 0.002 -19"><span class='ocrx_word' id='word_1_809' title='bbox 2136 5381 2336 5444; x_wconf 82' lang='grc' dir='ltr'>αὐτοὺς</span> <span class='ocrx_word' id='word_1_810' title='bbox 2383 5383 2411 5434; x_wconf 84' lang='grc' dir='ltr'>ὁ</span> <span class='ocrx_word' id='word_1_811' title='bbox 2455 5380 2733 5451; x_wconf 83' lang='grc' dir='ltr'>βασιλεὺς,</span> <span class='ocrx_word' id='word_1_812' title='bbox 2774 5384 2868 5435; x_wconf 77' lang='grc' dir='ltr'>καὶ</span> <span class='ocrx_word' id='word_1_813' title='bbox 2915 5384 2968 5434; x_wconf 89' lang='grc' dir='ltr'><strong>εί</strong></span> <span class='ocrx_word' id='word_1_814' title='bbox 2993 5400 3044 5436; x_wconf 89' lang='grc' dir='ltr'><strong>τι</strong></span> <span class='ocrx_word' id='word_1_815' title='bbox 3105 5385 3440 5439; x_wconf 67' lang='grc' dir='ltr'>ἐπυνθάνετο</span> <span class='ocrx_word' id='word_1_816' title='bbox 3471 5387 3703 5440; x_wconf 73' lang='grc' dir='ltr'>αἰτοῖεν·</span> 
     </span>
    </p>
   </div>
   <div class='ocr_carea' id='block_1_116' title="bbox 2136 5471 3702 5540">
    <p class='ocr_par' dir='ltr' id='par_1_116' title="bbox 2136 5471 3702 5540">
     <span class='ocr_line' id='line_1_116' title="bbox 2136 5471 3702 5540; baseline 0.003 -17"><span class='ocrx_word' id='word_1_817' title='bbox 2136 5472 2186 5524; x_wconf 86' lang='lat' dir='ltr'><strong>oi</strong></span> <span class='ocrx_word' id='word_1_818' title='bbox 2225 5471 2270 5523; x_wconf 87' lang='grc' dir='ltr'>δ’</span> <span class='ocrx_word' id='word_1_819' title='bbox 2302 5473 2582 5526; x_wconf 82' lang='grc' dir='ltr'>ἐπείθοντο</span> <span class='ocrx_word' id='word_1_820' title='bbox 2640 5477 2812 5529; x_wconf 78' lang='grc' dir='ltr'>αἰτεῖν</span> <span class='ocrx_word' id='word_1_821' title='bbox 2863 5476 3047 5530; x_wconf 77' lang='grc' dir='ltr'>οὐδέν’</span> <span class='ocrx_word' id='word_1_822' title='bbox 3109 5477 3282 5532; x_wconf 72' lang='grc' dir='ltr'>πολλὰ</span> <span class='ocrx_word' id='word_1_823' title='bbox 3334 5478 3394 5532; x_wconf 70' lang='grc' dir='ltr'>δὲ</span> <span class='ocrx_word' id='word_1_824' title='bbox 3448 5476 3702 5540; x_wconf 77' lang='grc' dir='ltr'>πολλάκις</span> 
     </span>
    </p>
   </div>
   <div class='ocr_carea' id='block_1_117' title="bbox 1713 5591 2478 5674">
    <p class='ocr_par' dir='ltr' id='par_1_117' title="bbox 1713 5591 2478 5674">
     <span class='ocr_line' id='line_1_117' title="bbox 1713 5591 2478 5674; baseline 0.009 -7"><span class='ocrx_word' id='word_1_825' title='bbox 1713 5608 1929 5670; x_wconf 84' lang='lat' dir='ltr'><strong>Jacobi</strong></span> <span class='ocrx_word' id='word_1_826' title='bbox 1969 5612 2227 5674; x_wconf 79' lang='lat' dir='ltr'><strong>f’ontani</strong></span> <span class='ocrx_word' id='word_1_827' title='bbox 2267 5591 2478 5674; x_wconf 42' lang='lat' dir='ltr'><strong>natm:</strong></span> 
     </span>
    </p>
   </div>
   <div class='ocr_carea' id='block_1_118' title="bbox 535 5723 1678 5814">
    <p class='ocr_par' dir='ltr' id='par_1_118' title="bbox 535 5723 1678 5814">
     <span class='ocr_line' id='line_1_118' title="bbox 535 5723 1678 5814; baseline 0.006 -35"><span class='ocrx_word' id='word_1_828' title='bbox 535 5723 652 5798; x_wconf 79' lang='lat' dir='ltr'><strong>(l3)</strong></span> <span class='ocrx_word' id='word_1_829' title='bbox 691 5726 815 5814; x_wconf 60' lang='lat' dir='ltr'><strong>Haec</strong></span> <span class='ocrx_word' id='word_1_830' title='bbox 845 5729 1110 5800; x_wconf 87' lang='lat' dir='ltr'><strong>Scopelus</strong></span> <span class='ocrx_word' id='word_1_831' title='bbox 1139 5730 1385 5788; x_wconf 79' lang='lat' dir='ltr'><strong>Thraciae</strong></span> <span class='ocrx_word' id='word_1_832' title='bbox 1412 5734 1544 5788; x_wconf 88' lang='lat' dir='ltr'><strong>urbs</strong></span> <span class='ocrx_word' id='word_1_833' title='bbox 1573 5744 1678 5790; x_wconf 85' lang='lat' dir='ltr'><strong>est.</strong></span> 
     </span>
    </p>
   </div>
  </div>
