3902 6596
138 325 262 389 413
1073 347 1080 351 ·
1314 333 1679 395 HISTORIA

1909 337 2146 398 nam
2185 339 2266 399 il.
3069 306 3088 313 ’
3309 337 3413 397 ιιι

139 433 191 491 ὦ
238 438 634 510 Καδαλλάριε,
684 437 830 509 εἶπε,
878 444 1118 501 τοσαῦτα
1166 445 1402 518 ὗὸρικας
1459 449 1554 502 καὶ
1596 449 1680 519 πρέ

1897 459 2048 505 stum
2078 459 2138 504 ut
2172 467 2233 506 se
2264 451 2507 522 colligat,
2543 460 2601 507 et
2645 450 2811 507 dictis
2852 458 3091 505 mentem
3132 450 3438 512 adbibeat,.

139 531 407 601 παρόντα
441 549 456 598 ;
518 527 587 604 ἦν
632 533 738 606 γὰρ
782 533 848 590 ἀν
880 554 965 600 τις
997 538 1133 608 πρὸς
1175 539 1385 612 ἀπόντα
1429 543 1680 612 γινομένο

1947 551 2114 609 tatur,
2141 552 2199 597 et
2230 544 2310 597 sic
2339 559 2468 597 eum
2490 543 2832 614 alloquitur:
2864 542 3021 609 Quod
3076 545 3306 612 pavitas,
3357 552 3416 596 et
3461 564 3481 582 ε

137 623 264 674 τῶν
297 623 508 694 ὕϐρεων
544 627 862 698 συγγνώμη.
881 627 942 683 Ὀ
967 629 1046 695 δὲ,
1077 631 1186 684 ὑπὸ
1210 631 1310 702 τῆς
1343 628 1444 686 rei;
1468 631 1678 701 βασιλέι

1872 629 2046 690 remis,
2078 629 2510 700 gravissimaque
2537 638 2815 686 tormenta
2838 641 3146 701 exspectas,
3182 631 3237 685 id
3265 630 3413 700 quod

141 720 346 787 φωνῆς
375 719 770 788 καταπλαγεὶς,
807 723 889 781 εἰς
940 725 1050 792 γῆν
1082 740 1142 777 τε
1201 727 1510 778 κατέπεσεν
1541 724 1674 778 εὐθὺ

1872 738 2050 792 ’ῳιυιη
2089 733 2146 778 et
2179 736 2248 792 ,ιο
2295 725 2520 796 dignum
2568 734 2674 793 est,
2721 727 2894 791 facis;
2950 728 3140 783 multis
3177 725 3413 796 namque

140 810 250 862 καὶ
284 812 351 880 τῇ
387 811 456 879 γῇ
489 810 586 881 τὴν
613 810 861 882 κεφαλὴν
889 817 1326 885 προσαράσσων,
1368 817 1681 888 προσδόκιμι

1872 815 2172 871 ruciatibus
2203 817 2403 872 luenda
2428 807 2838 888 exprompsisti.
2861 819 2974 889 Ego
2995 835 3126 874 vero
3155 820 3256 888 ipsi
3274 820 3413 883 mihi

141 897 219 972 ἦν
267 904 362 956 καὶ
405 905 506 973 τὴν
551 903 730 975 ψυχὴν
778 906 1006 974 ἀφεῖναι
1057 907 1163 962 ὑπὸ
1196 909 1380 973 δέους.
1416 911 1586 963 Πάλιν
1617 910 1673 963 δὲ

1863 908 2136 963 nullorum
2177 909 2442 965 adversus
2468 913 2853 966 universorum
2885 913 3198 975 Dominum,
3234 913 3404 983 impe-

147 996 416 1066 βασιλεὺς
443 997 680 1066 σιγήσας
715 996 804 1065 ἐφ’
837 999 1049 1068 ίκανδν,
1081 999 1174 1054 τὸν
1222 1003 1452 1072 Μάρκον
1480 1003 1688 1056 ἐκέλευε

1872 1008 2185 1071 atoremque
2223 1001 2587 1056 admissurum
2625 1003 2885 1058 conscius
2911 1045 2926 1066 ,
2962 1005 3116 1059 illum
3156 1005 3375 1060 veniam
3400 1047 3413 1069 ,

144 1088 486 1158 ἀναστῆναι.
499 1090 559 1141 '0
592 1088 671 1153 δὲ,
698 1091 812 1144 εἴτε
829 1091 925 1144 καὶ
947 1091 1055 1144 τῶν
1079 1093 1396 1164 λεγομένων
1416 1084 1527 1150 οὐκ
1542 1097 1685 1151 αἰσθι

1878 1093 2302 1147 uemadmodum
2338 1103 2395 1148 tu
2419 1109 2568 1149 nunc
2599 1110 2685 1148 me
2722 1096 2986 1166 rogitans,
3019 1112 3087 1151 ac
3113 1105 3267 1151 tanto
3298 1099 3419 1167 qui-

144 1183 406 1253 νόμενος,
466 1185 576 1237 εἴτε
637 1184 735 1237 καὶ
774 1185 852 1257 μὴ
910 1185 1213 1257 δυνάμενος
1253 1189 1585 1261 ἀναστῆναι,
1628 1191 1685 1244 ὑτ

1848 1187 1964 1241 lem
1988 1185 2277 1256 majorem,
2301 1197 2512 1255 quanto
2543 1188 2718 1256 magis
2743 1187 2974 1257 deliqui,
3007 1203 3135 1258 ego,
3165 1191 3389 1260 inquam

143 1250 250 1328 τού
283 1275 438 1338 δέους
492 1250 788 1343 niuem,
823 1250 892 1348 τῇ
927 1280 999 1349 γῇ
1031 1250 1535 1350 ¹ιὶροσειιυλινδεῐίιο,
1570 1250 1673 1356 ⁷μή

1877 1279 1930 1333 ui
1955 1293 2066 1332 non
2098 1292 2425 1332 conservum
2449 1279 2527 1332 uti
2561 1288 2641 1343 tu,
2671 1280 2767 1334 sed
2793 1295 2919 1335 eum
2946 1250 3156 1351 quivme
3185 1296 3216 1336 e
3245 1250 3418 1336 nihilo

144 1367 300 1439 ὁρῶν
327 1370 467 1438 μήτε
495 1369 870 1441 φθεγγόμενος
899 1371 1088 1442 μηδέν·
1115 1371 1371 1443 βασιλεὺς
1398 1375 1442 1428 δ’
1463 1378 1685 1446 ὲσήμαιγ

1879 1368 2108 1434 indidit,
2130 1369 2364 1435 oli‘endi,
2389 1378 2445 1424 et
2476 1370 2610 1424 mihi
2637 1385 2859 1440 quoque
2885 1381 2948 1426 ut
2983 1361 3300 1442 ignoscatur
3323 1372 3420 1426 ob-

145 1463 228 1532 τῇ
289 1461 430 1530 χειρὶ
481 1462 610 1526 τοὺς
662 1464 999 1533 κατέχοντας
1059 1465 1310 1538 ὰνιστᾷν.
1386 1467 1607 1540 Ἐπειδὴ
1673 1471 1686 1523 ἰ

1880 1477 2017 1529 ιρι-ο,
2043 1471 2135 1516 tua
2173 1462 2272 1517 tibi
2310 1471 2529 1532 peccata
2581 1462 2861 1529 condono,
2901 1471 2958 1518 et
2998 1464 3245 1532 ignosco.
3277 1464 3421 1520 Dua-

147 1552 389 1620 ὰνέστη,
423 1552 833 1624 ἐπανέρχεσθαί
886 1571 947 1607 τε
979 1556 1236 1609 ἐκέλευεν
1267 1558 1351 1621 εἰς
1383 1559 1600 1624 ἑαυτὶν,
1636 1577 1688 1614 κι

1878 1570 1944 1610 us
1975 1569 2142 1624 porro
2163 1555 2231 1610 de
2261 1555 2442 1610 causis
2466 1555 2838 1626 conquisitum
2884 1556 2993 1611 huc
3016 1556 3212 1611 adduci
3244 1556 3419 1610 maxi-

150 1644 454 1713 προσέχειν
485 1647 598 1708 τοῖς
650 1644 997 1716 λεγομένοις.
1046 1644 1186 1702 Εἰπέ
1237 1665 1299 1702 τε
1335 1650 1474 1720 πρὸς
1505 1651 1670 1705 αὐτὸν

1880 1662 2059 1717 tepere
2083 1647 2374 1718 concupivi
2401 1664 2419 1701 :
2455 1664 2587 1714 una,
2619 1657 2678 1703 ut
2709 1649 2886 1703 multo
2909 1657 3008 1703 tuo
3037 1649 3294 1718 exemplo
3316 1648 3421 1702 lin-

155 1735 415 1805 βασιλεύς
443 1753 458 1768 ·
487 1738 562 1791 Τὸ
614 1739 716 1808 μιν
761 1739 1066 1794 δεδοικέναι
1107 1741 1202 1794 καὶ
1249 1739 1503 1816 τρέμειν,
1538 1744 1633 1798 καὶ
1663 1761 1693 1798 τ

1881 1753 1958 1793 ναι
2002 1739 2282 1809 imperare
2308 1739 2620 1804 discerent,
2667 1755 2771 1795 nec
2808 1739 2968 1796 facile
3023 1739 3090 1794 ad
3132 1741 3332 1810 probra
3361 1755 3422 1795 se

154 1829 442 1884 δεινότατα
473 1829 762 1885 πείσεσθαι
795 1833 1127 1904 προσδοκῶ,
1153 1833 1368 1888 δίκαιόν
1390 1851 1453 1887 τε
1473 1835 1609 1906 ὁμοῦ
1642 1853 1695 1890 κε

1880 1830 2214 1896 ﬂ’underent,
2247 1831 2410 1902 idque
2443 1841 2639 1887 contra
2687 1819 3007 1902 superiores
3027 1873 3042 1896 ,
3072 1846 3210 1902 quos
3240 1833 3421 1888 colere

159 1922 250 1972 σοὶ
285 1921 590 1994 προσῆκον.
648 1923 812 1989 ’Δξια
843 1925 956 1994 γὰρ
985 1925 1240 1994 ἐφθέγξω
1283 1925 1497 1980 πολλῶν
1549 1945 1696 2000 τιμω

1882 1936 1904 1976 c
1929 1923 2186 1977 venerari
2247 1922 2496 1991 debent;
2528 1934 2584 1979 et
2635 1925 2782 1993 quod
2814 1940 2843 1978 a
2883 1908 3125 1993 quodam
3174 1923 3423 1994 sapiente

161 2013 322 2082 ριῶν.
367 2013 512 2083 Ἐγὼ
562 2015 621 2069 δὲ
655 2016 880 2087 ὲμαυτῷ
917 2017 1095 2071 πολλὰ
1149 2018 1411 2084 συνειδὼς
1446 2019 1584 2091 πρὸς
1639 2021 1700 2073 τὸ

1882 2014 2104 2069 melare
2132 2013 2342 2070 dictum
2381 2025 2486 2080 est,
2515 2025 2778 2086 prastare
2807 2017 2877 2068 ab
2901 2015 3035 2078 alto,
3064 2030 3228 2086 quam
3264 2030 3292 2069 a
3315 2015 3423 2069 liu-

160 2107 424 2162 ἁπάντων
459 2107 676 2176 Κύριον
701 2110 797 2162 καὶ
827 2107 1054 2180 βασιλέα
1078 2110 1468 2182 ἡμαρτημένα,
1497 2112 1595 2165 καὶ
1621 2111 1701 2166 Sed

1881 2123 1946 2161 ua
1980 2106 2198 2174 cadere,
2225 2109 2405 2178 reipsa
2434 2109 2792 2172 docerentur,
2825 2109 3127 2174 intuentes,
3170 2108 3226 2186 in
3259 2097 3422 2177 quale

164 2216 331 2268 μενος
385 2201 744 2272 συγγνώμης,
784 2201 978 2274 ῶσπερ
1011 2204 1108 2258 καὶ
1143 2205 1206 2258 σὺ
1253 2205 1375 2272 νῦν,
1412 2206 1619 2276 μᾶλλον
1680 2206 1705 2260 δ

1881 2201 2162 2256 arathrum
2183 2211 2239 2256 tu
2256 2217 2322 2256 ex
2343 2200 2765 2270 intemperantia
2782 2200 2982 2268 linguae
2998 2200 3419 2269 praecipitasses;

162 2298 258 2346 καὶ
286 2292 534 2354 πλείονος
563 2295 774 2366 πολλῷς
790 2296 901 2366 ὅσῳ
922 2297 1018 2350 καὶ
1046 2297 1118 2351 τὰ
1138 2297 1518 2368 ἡμαρτημένα
1547 2298 1703 2370 χείριι

1882 2289 2037 2351 ltera,
2067 2298 2127 2345 ut
2141 2300 2204 2346 te
2228 2305 2329 2361 per
2357 2305 2578 2345 omnem
2618 2290 2784 2345 vitam
2825 2291 3026 2345 timore
3059 2289 3423 2359 periculoque

162 2387 262 2439 καὶ
291 2388 353 2440 οὐ
391 2388 528 2458 πρὸς
563 2388 874 2454 σύνδουλον,
921 2389 1110 2460 ὥσπερ
1149 2392 1236 2456 σὺ,
1277 2390 1394 2444 ἀλλ’
1427 2393 1508 2456 εἰς
1547 2391 1638 2444 τὸν
1675 2392 1703 2443 ἑ

1887 2382 2178 2449 berarem;
2216 2383 2422 2438 etenim
2473 2382 2582 2437 nisi
2619 2381 2788 2437 modo
2816 2382 2924 2436 huc
2952 2391 3280 2451 pertractus,
3330 2395 3425 2434 ve-

168 2479 246 2550 μὴ
267 2479 444 2535 ὄντων
479 2481 882 2551 παραγαγόντα
914 2482 1412 2553 προσκεκρουκὼς,
1471 2483 1568 2537 καὶ
1621 2482 1709 2536 δεό

1884 2475 1989 2528 iam
2018 2485 2293 2548 etpacem
2325 2489 2476 2530 esses
2505 2483 2865 2553 consecutus,
2898 2474 2996 2529 tibi
3032 2481 3301 2544 perpetuo
3326 2489 3422 2543 ge-

169 2590 334 2642 μενος
367 2574 463 2626 καί
520 2573 686 2637 αὐτὸς
716 2573 896 2642 ἐλέου,
926 2574 1134 2644 ἀφίημί
1181 2591 1243 2627 τε
1276 2575 1345 2627 τὰ
1374 2576 1710 2646 ήμαρτημέντ

1885 2569 2038 2637 lenti,
2068 2569 2435 2640 trementique
2466 2585 2633 2640 super
2675 2579 2902 2632 terram,
2952 2578 3008 2623 et
3040 2584 3068 2622 a
3096 2566 3293 2637 quovis
3328 2566 3426 2620 ob-'-

167 2683 276 2730 σοι,
309 2665 406 2719 καὶ
438 2667 776 2736 συγγνώμην
815 2666 1068 2746 παρέχω.
1115 2669 1274 2719 Δυοῖν
1305 2668 1364 2721 δὲ
1397 2667 1564 2721 ἓνεκα
1592 2668 1652 2721 τὺ
1680 2686 1708 2722 σ

1884 2663 1934 2716 io
1966 2663 2135 2716 ictum
2169 2661 2482 2716 lethiferum
2530 2661 2815 2725 metuenti,
2871 2660 3044 2716 nihilo
3080 2659 3425 2714 tolerabilior

163 2777 229 2813 τε
291 2761 476 2828 ε’ὑρεῖν
511 2761 606 2814 καί
662 2760 853 2815 ὲνθάδε
908 2761 1145 2828 ἀγαγεῖν
1199 2760 1551 2830 ἐποιησάμην
1609 2776 1704 2831 περ

1885 2753 1978 2818 ita,
2012 2767 2180 2821 quam
2210 2751 2315 2822 ipsi
2349 2751 2523 2807 Caino
2555 2752 2773 2806 luisset.
2814 2751 2974 2807 Nunc
3001 2751 3158 2805 venia
3189 2750 3426 2804 donatus

167 2854 427 2906 πλείστου
455 2869 469 2884 ο
503 2853 623 2916 ἑνὸς
653 2853 778 2922 μὲν,
811 2853 879 2906 ἵν’
902 2855 968 2906 έκ
995 2853 1108 2906 τῶν
1125 2855 1432 2925 γινομένων
1468 2854 1522 2906 οι
1551 2853 1708 2907 πολλα

1887 2843 2084 2899 Icunde
2113 2857 2420 2912 secureque
2451 2858 2628 2897 annos
2661 2843 2938 2904 traduces,
2967 2857 3091 2896 cum
3122 2855 3285 2894 nemo
3312 2855 3428 2893 am-

165 2943 585 3016 σωφρονισθῶσι
610 2943 686 3016 μὴ
706 2945 971 3015 ἀκρατεῖς
996 2938 1140 2998 εἶναι
1171 2943 1302 3016 περί
1334 2945 1434 3017 τὴν
1467 2945 1706 3014 γλῶτται

1884 2935 1988 2990 lius
2013 2949 2204 3004 pinnas
2248 2933 2302 2987 in
2343 2949 2448 3002 me
2471 2935 2896 2989 commissorum
2944 2933 3042 2987 abs
3074 2941 3137 2986 le-
3173 2941 3425 3000 repetere

168 3039 309 3111 μηδὲ
359 3037 562 3110 ῥαδίως
597 3037 935 3108 ἐκφέρεσθαι
995 3038 1136 3110 πρὸς
1174 3037 1384 3109 ὕϐρεις,
1418 3041 1513 3094 καὶ
1541 3039 1709 3094 ταῦτα

1884 3027 2038 3082 nssit.
2071 3026 2348 3082 Hactenus
2385 3027 2572 3082 Marco
2608 3027 2930 3096 imperator.
2987 3024 3091 3091 Qui
3130 3033 3425 3094 praesentes

164 3135 311 3203 πρὸς
359 3132 736 3203 ὑπερέχοντας
783 3131 882 3186 καὶ
934 3132 1105 3203 τιμῆς
1157 3130 1351 3197 ἀξίους
1398 3134 1692 3203 γινομένας

1882 3119 2099 3183 derant,
2138 3133 2264 3174 cum
2296 3132 2356 3172 se
2402 3131 2604 3171 novum
2632 3115 2931 3186 quoddam,
2972 3125 3028 3170 et
3068 3115 3423 3189 peregrinum

165 3229 268 3281 καὶ
293 3225 356 3280 τὸ
385 3228 644 3296 κρεῖσσον
672 3223 784 3281 ἀπὸ
813 3223 986 3295 ὕψους
1013 3225 1048 3296 ἢ
1083 3225 1192 3280 ἀπὸ
1242 3218 1499 3295 γλώσσης
1533 3228 1706 3280 ascrin

1883 3237 2028 3278 enus
2075 3222 2271 3277 mortis
2325 3221 2543 3276 visuros
2574 3219 2892 3283 crederent,
2943 3219 3194 3275 viderent
3239 3228 3424 3272 autem

165 3321 277 3375 ὑπὸ
309 3320 421 3374 τῶν
461 3320 642 3389 σοφῶν
673 3335 822 3381 τινος
863 3317 1052 3382 καλῶς
1102 3320 1392 3390 εἰρημένον
1421 3318 1574 3393 ἔργῳ
1595 3321 1706 3376 δ.δα

1889 3323 2052 3370 mter
2107 3313 2430 3384 opinionem
2496 3311 2931 3368 misericordiam
2991 3309 3184 3366 M‘arco'
3232 3308 3427 3375 tribui,

164 3415 396 3487 χθῶσιν,
443 3415 683 3485 δρῶντες
735 3417 819 3478 εἰς
869 3411 984 3469 οἷον
1016 3414 1298 3487 βάραθρον
1356 3416 1416 3484 ἐξ
1472 3418 1705 3486 ἀκρασία

1983 3427 2090 3482 que
2127 3411 2376 3478 absolvi,
2413 3417 2470 3467 et
2501 3411 2887 3480 imperatorem
2935 3406 3004 3462 de
3033 3413 3172 3463 istac
3213 3422 3432 3478 sympa-
3513 3448 3521 3452 .

173 3509 618 3582 περιπέπυρκας
652 3509 835 3571 αὑτός.
889 3507 1151 3580 Δεύτερον
1181 3509 1259 3576 δὲ,
1293 3508 1390 3563 τοῦ
1425 3526 1488 3563 σε
1519 3510 1608 3564 διὰ
1633 3511 1714 3581 βίο

1892 3505 1970 3559 liia
2019 3504 2464 3569 admirabantur,
2514 3514 2570 3559 et
2596 3501 2779 3557 Marco
2809 3501 3045 3555 salutem
3083 3498 3433 3569 gratulaban-

167 3601 358 3671 φόϐων
389 3603 485 3656 καὶ
525 3602 794 3656 κινδύνων
847 3602 1253 3674 ἀπαλλαγῆναι.
1285 3603 1351 3657 Εἰ
1380 3603 1490 3676 γὰρ
1543 3603 1618 3677 μὴ
1649 3604 1708 3658 νῦ

1890 3596 2245 3673 1r.Cumque
2291 3595 2495 3667 singuli
2545 3595 2601 3649 in
2633 3609 2700 3650 eo
2730 3592 3060 3651 beneficium
3123 3591 3228 3645 sibi
3275 3604 3431 3644 acce-

166 3695 365 3749 ὲνθάδε
422 3695 609 3766 ἀχθεὶς
662 3696 963 3766 ἐτύγχανες
1009 3695 1368 3766 συγγνώμης,
1423 3695 1548 3750 κατ’
1592 3699 1707 3751 οὐδὲ

1887 3692 1996 3749 isse
2056 3691 2402 3753 viderentur,
2444 3689 2827 3746 exclamabant
2864 3705 2879 3744 :
2915 3687 3064 3751 Tibi,
3103 3687 3427 3756 imperator,

167 3787 529 3859 ἀνεκτότερον
582 3787 648 3841 ἂν
706 3787 836 3852 ἔζης
867 3788 964 3842 τοῦ
1003 3789 1148 3842 Κάῖν
1202 3787 1343 3858 βίον,
1385 3789 1596 3843 στένων
1649 3806 1708 3843 κο

1890 3797 2014 3836 eum
2043 3793 2254 3851 patrem
2295 3781 2573 3850 appellare
2607 3780 2896 3844 convenit,
2937 3788 2992 3834 et
3046 3777 3115 3831 ab
3161 3791 3226 3830 eo
3256 3776 3430 3830 libere

170 3881 397 3952 τρέμων
432 3883 528 3933 ἐπὶ
566 3880 669 3950 τῆς
700 3881 826 3952 γῆς,
856 3881 950 3934 καί
1003 3879 1159 3951 παρὰ
1191 3880 1393 3942 παντὸς
1430 3881 1526 3934 τοῦ
1576 3897 1711 3952 προσ

1887 3882 2203 3928 eccatorum
2256 3872 2477 3927 veniam
2517 3886 2766 3942 poscere,
2806 3870 2900 3942 qui
2934 3869 3172 3924 debitori
3205 3877 3301 3921 tuo
3334 3867 3428 3921 de-

169 3973 432 4042 τυχόντος
460 3973 710 4043 οἰόμενος
740 3973 941 4028 αὐτίκα
976 3971 1324 4027 ἀπολεῖσθαι.
1355 3972 1494 4028 Νυνί
1518 3972 1575 4026 δὲ
1609 3990 1710 4041 συγ

1889 3975 1957 4028 ita
1990 3972 2275 4028 dimisisti.
2309 3971 2407 4026 llis
2431 3987 2496 4026 ac
2523 3970 2802 4027 similibus
2840 3971 3087 4042 jactatis,
3115 3975 3430 4024 conventus

173 4063 402 4134 γνώμης
426 4068 630 4136 τυχὼν,
666 4064 838 4135 ἡδέως
893 4063 1139 4135 βιώσεις,
1169 4065 1262 4118 καί
1295 4063 1490 4129 ἀδεῶς,
1529 4065 1713 4118 οὐδενδ

1841 4082 1968 4122 cum
2001 4063 2228 4136 stupore
2257 4074 2314 4119 et
2347 4065 2548 4134 gaudio
2580 4065 2793 4120 solutus
2823 4072 2928 4119 est.
3347 4065 3350 4070 '

173 4160 258 4214 ἔτι
286 4159 592 4229 δυναμένου
623 4159 732 4212 τῶν
785 4159 864 4220 εἰς
915 4157 1019 4226 ἐμὲ
1075 4157 1489 4228 ἡμαρτημένων.
1517 4144 1753 4222 εὐθύνας
1791 4161 2067 4218 ἀπαιτεῖν.
2132 4158 2376 4212 Τοιαῦτα
2456 4158 2557 4230 μὲν
2610 4158 2642 4210 ό
2690 4156 2968 4232 ,βασιλεὺς
3013 4155 3150 4226 πρὸς
3202 4152 3433 4223 Μάρκον

173 4249 353 4307 εἷπεν.
394 4253 457 4305 Οἱ
494 4251 762 4322 παρόντες
788 4250 866 4314 δὲ,
899 4250 1189 4304 ἀλλόκοτον
1225 4249 1326 4321 μέν
1377 4247 1509 4304 ’τινα
1573 4250 1806 4321 ὄψεσθαι
1847 4253 1994 4307 ἰδέαν
2025 4252 2255 4306 θανάτου
2302 4251 2737 4323 προσδοκῶντες,
2774 4251 2967 4304 ἔπειτα
2993 4248 3254 4318 ἐξαίφνης
3280 4247 3431 4315 παρά

171 4341 334 4407 δόξαν
363 4346 456 4396 τὸν
483 4344 563 4408 εἰς
595 4344 687 4396 τὸν
743 4343 968 4414 Μάρκον
993 4341 1090 4396 τοῦ
1137 4341 1403 4412 βασιλέως
1434 4342 1606 4410 ἔλεον,
1639 4345 1736 4398 καί
1774 4347 1874 4418 τὴν
1904 4345 2190 4410 σώζουσαν
2218 4343 2400 4416 ψῆφον
2466 4343 2672 4408 ἰδόντες
2743 4342 3213 4413 ἐξενηνεγμένην,
3265 4336 3432 4390 ὲθαύ·

177 4438 352 4509 μαζόν
421 4457 482 4492 τε
534 4441 633 4510 τῆς
691 4439 1041 4508 συμπαθείας
1105 4440 1198 4492 τὸν
1250 4437 1502 4509 βασιλέα,
1559 4441 1656 4493 καὶ
1701 4441 1780 4514 τῷ
1859 4443 2076 4514 Μάρκῳ
2142 4425 2468 4513 συνέχαιρον
2523 4439 2626 4510 τῆς
2702 4439 3008 4510 σωτηρίας,
3065 4437 3160 4490 καὶ
3216 4433 3430 4488 οἰκείαν

173 4535 410 4596 ἕκαστος
472 4535 716 4596 οἰόμενοι
765 4534 867 4604 τὴν
909 4533 1255 4602 εὐεργεσίαν,
1311 4535 1402 4587 Σοὶ
1437 4537 1741 4606 προσήκειν
1779 4538 1988 4606 ἔλεγον,
2046 4537 2294 4608 βασιλεῦ,
2329 4535 2543 4606 πατέρα
2574 4535 2666 4586 τὸν
2689 4533 2822 4587 Θεὸν
2889 4529 3298 4590 ἐπικαλεῖσθαι,
3335 4528 3430 4580 καὶ

176 4625 318 4692 μετά
350 4628 666 4698 παρρησίας
697 4627 806 4680 τῶν
830 4625 1248 4697 ἡμαρτημένων
1309 4626 1408 4697 τὴν
1475 4629 1813 4700 συγγνώμην
1851 4631 2051 4696 αἰτεῖν,
2105 4630 2181 4694 ὡς
2215 4632 2432 4700 ἀφιέντι
2467 4629 2544 4699 τῷ
2603 4626 3082 4700 προσκεκρουκότί
3110 4627 3181 4677 τὰ
3217 4624 3430 4694 ὀφειλόο

176 4738 340 4789 μενα.
378 4721 594 4774 Τούτων
640 4721 737 4774 καί
758 4702 922 4773 τινων
973 4721 1181 4800 ἑτέρων
1235 4720 1498 4776 τοιούτων
1539 4724 1640 4777 ὑπὸ
1681 4724 1775 4778 τοῦ
1817 4725 2060 4797 πλήθους
2121 4725 2434 4796 εἰρημένων
2466 4724 2571 4776 σὺν
2591 4723 2853 4794 ἐκπλήξει
2900 4723 2993 4775 καὶ
3022 4720 3214 4792 χαρᾷὸ
3244 4719 3429 4770 σύλλο-

171 4833 270 4885 γος
297 4815 542 4888 διελύθη.

1536 4934 1695 5006 195
1736 4936 1964 4994 CAPUT
2000 4936 2064 4990 ιι.

170 5037 398 5106 Magnus
433 5037 748 5090 domesticus
777 5033 846 5089 ad
883 5035 1248 5104 patrmrcham
1277 5033 1529 5106 episcopis
1569 5033 2018 5106 reconciliandam
2042 5035 2268 5106 missus,
2288 5032 2420 5106 nihil
2436 5035 2545 5101 agit
2565 5051 2582 5092 :
2603 5035 2710 5091 dies
2735 5033 2929 5098 iudicio
2953 5032 3324 5106 praestituitur.
3355 5031 3434 5084 De

249 5102 420 5160 mente
449 5107 720 5160 domestici
752 5102 970 5176 quwstio
992 5107 1131 5158 inter
1159 5102 1458 5174 episcopos.
1480 5102 1586 5156 Pro
1617 5105 1720 5176 reis
1760 5106 1870 5174 ipse
1911 5105 2208 5157 orationem
2251 5103 2403 5157 habet
2451 5105 2890 5172 deprecator-iam,
2948 5111 2996 5156 et
3037 5103 3429 5176 partriarcliant

245 5178 694 5317 ἕεειῗαίὺδοίιιιὶ
747 5171 952 5246 ρναιὶαε
1005 5171 1574 5257 imperatori—agunt,
1632 5175 1724 5244 qui
1776 5171 1786 5227 ι

275 5263 369 5301 ene
394 5249 520 5302 acit.

1891 5191 1971 5251 cos
2026 5177 2312 5240 separatim
2377 5171 2774 5238 remuneratus,
2837 5171 3180 5226 communiter
3231 5171 3432 5224 civitati

249 5368 509 5431 Βλσιλεὺς
529 5367 585 5422 δὲ
609 5368 668 5420 τὸ
692 5367 787 5422 καὶ
810 5368 934 5428 τοὺς
955 5365 1032 5438 τῷ
1051 5367 1364 5435 πατριάρχῃ
1384 5380 1756 5436 προσκεκρου-
1786 5374 1790 5426 j

1928 5361 2200 5417 Caaterum
2235 5360 2532 5432 imperator
2580 5359 2865 5428 indignum
2908 5366 3092 5422 ratus,
3127 5372 3233 5411 non
3267 5355 3432 5411 etiam

175 5463 342 5527 κότας
356 5462 650 5532 ἀρχιερέας
677 5461 751 5529 μὴ
774 5462 957 5529 τυχεῖν
971 5454 1459 5527 συγγνώμηςὴγού
1467 5471 1624 5524 μενος
1645 5453 1716 5508 οὓς

1915 5451 2222 5523 patriarcha
2274 5451 2480 5523 ignosci
2513 5449 2854 5522 episcopis,a
2885 5448 3085 5519 quibus
3111 5458 3228 5511 erat
3253 5447 3429 5503 offen-

173 5555 426 5621 ἀνεκτὸν,
475 5559 571 5607 τὸν
619 5553 794 5624 μέγαν
840 5552 1160 5622 δομέστικον
1210 5548 1422 5618 έπεμψε
1473 5549 1609 5617 πρὸς
1655 5548 1714 5600 τὸ

1887 5561 1972 5612 us,
2032 5550 2286 5615 magnum
2341 5542 2700 5598 domesticum
2736 5542 2929 5608 mittit,
2979 5541 3072 5611 qui
3129 5542 3278 5596 velut
3326 5557 3428 5596 suo

176 5648 524 5720 πατριάρχην
553 5646 931 5716 διαλεξόμενον
962 5644 1059 5709 μὲν
1090 5643 1260 5713 αὐτῷ,
1279 5643 1374 5694 καὶ
1396 5640 1471 5704 ῶς
1492 5639 1551 5705 ἐξ
1583 5640 1716 5692 αὐτο

1890 5638 2082 5692 ιΟἰΙίίηθ
2111 5652 2236 5691 cum
2273 5650 2340 5690 eo
2369 5633 2437 5690 de
2470 5633 2920 5689 reconciliatione
2950 5640 3178 5703 ageret;
3233 5645 3297 5685 ac
3330 5643 3431 5700 per

177 5741 321 5794 ὑπὲρ
358 5739 459 5807 τῆς
501 5741 638 5808 πρὸς
667 5738 792 5802 τοὺς
828 5737 1125 5806 ἀρχιερέας
1155 5733 1488 5804 διαλλαγῆς,
1526 5732 1624 5785 καὶ
1659 5733 1718 5801 ἀς

1889 5746 1940 5795 e,
1974 5737 2239 5798 quantum
2275 5727 2390 5783 ﬁeri
2439 5736 2645 5796 posset,
2699 5727 2816 5794 paci
2882 5725 3164 5791 iungendae
3201 5735 3427 5778 operam
