3902 6642
411 360 516 422 us
1589 364 1918 429 tosums
1955 349 2487 433 CANTACUZEN'I
3597 363 3717 428 us

401 482 586 543 .daret.
615 476 982 541 Domesticus,
1014 475 1244 546 magnis,
1272 485 1328 532 et
1355 474 1566 530 iteratis
1586 475 1846 544 precibus
1877 490 1977 545 pro

2116 477 2278 531 αυτοῦ
2308 479 2366 532 δὲ
2382 479 2507 533 καθ’
2532 479 2657 533 ὅσον
2685 480 2753 534 ἂν
2779 472 2891 534 οἷόν
2915 497 2972 534 τε
3057 479 3566 553 ἐπιμελησόμενον
3583 479 3720 546 si:

409 571 687 643 episcopis
713 585 894 634 orans,
924 569 1059 623 nihil
1105 567 1305 623 ell‘ecit.
1352 566 1664 622 Tenebatur
1724 567 1870 622 enim
1897 567 1977 622 ira

2116 570 2323 640 ιρήνης·
2381 573 2478 633 Ὃς
2527 570 2662 641 πρὸς
2707 573 3057 644 πατριάρχην
3099 572 3294 641 ἐλθὼν,
3345 575 3446 628 καὶ
3505 571 3720 625 πολλὰ

417 662 786 724 irrevocabili,
843 661 1341 730 proﬁtebaturque,
1377 676 1484 715 non
1515 676 1574 715 se
1611 671 1734 716 ante
1763 661 1981 730 ignotu-

416 771 557 820 rum,
587 769 748 823 quam
785 754 865 807 illi
915 753 1158 808 audaciae
1187 769 1302 809 suae
1330 768 1521 822 pcenas
1548 754 1938 822 persolvissent
1959 794 1975 819 ,

416 843 632 897 etiamsi
688 844 886 898 caelum
943 852 1152 898 rueret.
1207 843 1398 913 Neque
1443 859 1504 899 se
1541 844 1748 898 idcirco
1800 847 1980 900 scelus

415 938 617 999 facere,
648 936 692 992 si
723 937 1071 1006 adjudicium
1097 951 1193 991 eos
1224 945 1566 1005 provocaret.
1593 935 1728 991 Tum
1756 953 1982 1007 magnus

418 1028 758 1084 domesticus
802 1048 817 1084 :
847 1027 1014 1098 Atqui
1048 1029 1223 1098 impar
1251 1030 1358 1084 erit
1390 1033 1444 1084 in
1483 1030 1584 1084 hoc
1621 1030 1833 1100 judicio
1866 1031 1980 1084 liti-

417 1122 664 1189 gantium
691 1121 958 1185 conditio,
1011 1122 1056 1176 si
1092 1131 1145 1174 ιιι
1183 1122 1345 1192 iudex
1411 1123 1570 1177 simul
1607 1131 1663 1176 et
1695 1132 1983 1177 accusator

419 1214 646 1277 sedeas,
679 1213 894 1283 ipsique
925 1216 1176 1268 eumdem
1221 1214 1456 1283 experiri
1491 1216 1892 1281 adversarium,
1926 1223 1983 1270 et

417 1302 683 1357 arbitrum
743 1313 1030 1372 cogantur.
1062 1303 1156 1359 Sin
1215 1302 1374 1359 [idem
1432 1304 1529 1358 das
1550 1345 1564 1368 ,
1600 1313 1650 1358 te
1677 1305 1767 1373 jus
1795 1319 1982 1360 eorum

419 1412 527 1451 non
590 1397 1002 1466 neglecturum,
1056 1412 1233 1466 neque
1265 1413 1328 1452 ex
1359 1397 1440 1450 ira
1480 1396 1661 1464 potius
1713 1411 1875 1465 quam
1917 1412 1986 1452 ex

420 1489 678 1558 aequitate
709 1503 795 1542 res
849 1487 1220 1556 iudicaturum
1253 1528 1268 1553 ,
1327 1489 1418 1548 die
1475 1489 1617 1544 dicta
1648 1505 1706 1545 se
1762 1490 1981 1545 sistent.

2080 661 2342 733 πολλάκις
2379 662 2520 731 ὑπὲρ
2559 663 2672 715 τῶν
2715 663 3018 733 ἀρχιερέων
3071 666 3311 736 δεηθεὶς,
3375 668 3517 719 ἐπεὶ
3563 665 3722 735 ἦτε-,ιε

2085 752 2273 823 μηδὲν,
2321 753 2440 805 ἀλλ’
2479 753 2878 824 ἀπαραιτήτως
2925 758 2953 809 6
2989 758 3344 829 πατριάρχης
3403 759 3535 827 εἷχε
3609 759 3726 824 τῆς

2081 845 2274 914 ὀργῆς,
2305 845 2399 897 καὶ
2432 844 2543 898 οὐδ’
2573 843 2664 910 ἀν,
2701 848 2756 898 εῖ
2781 864 2835 899 τι
2871 847 3108 915 γένοιτο,
3143 850 3492 920 συγγνώμην
3529 849 3725 916 ἔλεγε

2083 940 2409 1008 παρασχεῖν,
2443 939 2490 989 εἰ
2525 937 2600 1009 μὴ
2624 939 2782 1008 δίκην
2808 940 2949 996 δοῖεν
2969 943 3239 1014 πρίτερον
3265 945 3381 996 τῶν
3400 943 3728 1009 τετολμη-

2086 1031 2285 1099 μένων,
2317 1033 2411 1084 καὶ
2449 1031 2574 1084 οὑδέ
2598 1031 2807 1085 ἀδικεῖν
2830 1032 3017 1100 ἔλεγεν
3047 1038 3094 1087 εί
3121 1036 3217 1088 ἐπὶ
3251 1035 3422 1104 δίκην
3463 1039 3728 1104 πρωια-

2020 1195 2022 1197 γ
2083 1126 2258 1178 λεῖται
2296 1141 2310 1155 ·
2341 1124 2636 1178 ὑπολαϐὼν
2673 1127 2704 1178 ό
2743 1109 2919 1195 μέγας
2963 1127 3286 1198 δομέστικος
3326 1146 3342 1164 ο
3381 1129 3543 1181 Ἀλλ’
3600 1129 3728 1180 οὐκ

2083 1218 2149 1272 ἀν
2180 1219 2265 1288 εῐη
2301 1217 2386 1270 σοί
2412 1235 2472 1270 τε
2503 1207 2781 1288 κάκείνοις
2814 1217 2874 1281 ἐξ
2905 1218 3021 1272 ῐσου
3067 1219 3136 1272 τὰ
3160 1219 3262 1288 τῆς
3301 1220 3496 1289 δίκης,
3557 1218 3722 1287 εφη.

2085 1311 2133 1363 ει
2167 1310 2231 1362 σὺ
2288 1309 2388 1378 μέν
2445 1298 2645 1379 καθεδῇ
2681 1309 2921 1373 δικάζων
2959 1325 3020 1362 τε
3068 1310 3184 1378 ἅμα
3232 1310 3333 1362 καὶ
3394 1311 3724 1377 ἐγκαλῶν.

2085 1401 2242 1454 αὐτοὶ
2292 1401 2348 1453 δὲ
2389 1401 2466 1470 τῷ
2511 1402 2659 1472 αὐτῷ
2716 1401 2968 1470 διαιτητῇ
3000 1418 3060 1453 τε
3115 1402 3232 1472 ἅμα
3259 1404 3730 1468 ἀναγκάζοιντο

2085 1494 2324 1562 χρῆσθαι
2351 1495 2442 1545 καὶ
2477 1494 2789 1563 κατηγόρῳ.
2826 1494 2884 1546 Et
2915 1493 2975 1545 δὲ
3031 1494 3106 1563 μὴ
3143 1493 3473 1562 πρόψεσθαι
3506 1495 3587 1546 τδ
3625 1495 3728 1545 ὅξ-

422 1581 623 1636 Contra
651 1578 992 1648 patriarcha:
1026 1580 1322 1636 Causarum
1369 1581 1679 1650 hujusmodi
1713 1581 1984 1651 cognitio-

2116 1600 2240 1636 LatOV
2295 1583 2500 1645 αὐτῶν,
2549 1585 2690 1654 μήτε
2749 1582 2855 1654 μὴν
2907 1583 3045 1654 ὀργῇ
3095 1583 3296 1653 μᾶλλον
3355 1585 3388 1653 ἢ
3425 1586 3586 1653 αὐτῇ
3641 1587 3723 1653 τῇ

423 1690 550 1729 nem
587 1688 760 1727 meam
783 1711 798 1736 ,
833 1673 1274 1742 reliquorumque
1339 1674 1568 1728 fratrum
1605 1674 1987 1746 episcoporum

2120 1675 2314 1744 υνάμει
2345 1675 2442 1728 τοῦ
2493 1675 2709 1729 δικαίου
2759 1676 2828 1729 τὰ
2862 1676 3165 1746 πράγματα
3198 1676 3462 1730 δικάσειν
3507 1680 3728 1742 ἐπαγ-

420 1781 566 1830 esse,
603 1779 672 1818 ne
721 1772 774 1818 te
805 1764 1024 1833 quidem
1062 1764 1211 1818 latet.
1249 1763 1454 1818 Tamen
1504 1765 1630 1835 quia
1661 1781 1808 1831 nunc
1838 1766 1988 1836 ipsos

2116 1768 2277 1838 'éllnn,
2315 1768 2720 1836 ἀπαντήσουσιν
2743 1768 2835 1820 ἐπὶ
2873 1769 2934 1821 τὸ
2962 1768 3320 1838 δικαστήριον
3356 1771 3560 1838 ἡμέραν
3599 1786 3728 1838 τια-

420 1868 680 1926 tanquam
708 1857 868 1910 laesus
896 1856 948 1910 lu
978 1855 1244 1925 judicium
1259 1856 1536 1925 pertraho,
1570 1873 1678 1911 non
1716 1867 1772 1911 ut
1795 1859 1985 1927 judex,

2116 1879 2214 1932 ιτῃ.
2253 1859 2312 1913 Ὀ
2362 1860 2715 1930 πατριάρχης
2749 1861 2806 1914 δέ
2838 1877 2854 1891 ·
2888 1861 2960 1913 Τὸ
3027 1863 3126 1930 μὲν
3157 1862 3282 1930 ἐμοὶ
3343 1863 3457 1930 τὴν
3520 1862 3722 1926 δεκην

424 1950 522 2004 sed
558 1957 616 2003 ut
652 1964 799 2012 reus,
841 1948 963 2003 aliis
986 1949 1258 2018 episcopis
1276 1949 1366 2020 jus
1390 1950 1742 2006 reddentibus
1766 1952 1988 2008 sedebo.

2116 1953 2393 2019 προσήκειν
2426 1950 2536 2002 τῶν
2577 1938 2838 2002 τοιούτων
2890 1949 2986 2001 καὶ
3025 1950 3138 2012 τοῖς
3165 1949 3381 2010 λοιποῖς
3414 1948 3719 2014 ἀδελφαῖς

405 2040 579 2107 Quod
605 2041 768 2098 sivel
802 2042 915 2110 ipse
941 2041 1210 2110 judicium
1237 2057 1578 2110 exercerem,
1611 2059 1887 2115 punquam
1922 2061 1990 2101 eo

2116 2046 2202 2107 ὀῖς
2251 2043 2602 2114 ἀρχιερεῦσιν
2621 2083 2638 2107 ,
2691 2043 2792 2095 οὐκ
2820 2043 2886 2096 ἂν
2928 2041 3043 2095 οὐδ’
3069 2041 3256 2105 αὐτὸς,
3285 2036 3478 2104 εἶπεν,
3508 2042 3718 2109 ἀρνη-

425 2133 674 2198 iusaniaa,
710 2133 1086 2188 insolentimve
1112 2134 1494 2203 progrederer,
1530 2144 1589 2188 ut
1620 2135 1754 2189 iram
1798 2138 1988 2207 magis,

2116 2137 2262 2207 ιείῃς.
2292 2137 2415 2190 Ὀτι
2445 2136 2501 2188 δέ
2534 2135 2696 2196 αὐτὸς
2729 2134 2803 2198 ὡς
2842 2135 3173 2206 ἠδικημένος
3197 2137 3279 2198 είς
3309 2135 3720 2203 δικαστήριον

426 2242 589 2295 quam
624 2219 824 2280 rectam
860 2226 1123 2280 rationem
1150 2226 1202 2279 in
1242 2225 1542 2296 judicando
1571 2213 1765 2282 ducem
1794 2237 1993 2298 seque-

2116 2229 2235 2283 ).xw
2271 2228 2386 2288 νῦν,
2435 2229 2494 2282 οὐ
2521 2229 2810 2297 δικαστὴς,
2857 2228 2998 2282 ἀλλά
3042 2230 3372 2300 κρινόμενος
3417 2229 3718 2282 καθεδοῦ-

426 2335 519 2373 rer
549 2339 562 2375 :
595 2335 740 2375 nunc
773 2320 1138 2387 potissimum,
1174 2321 1393 2389 quando
1425 2335 1532 2374 non
1569 2337 1666 2389 pro
1697 2321 1806 2375 alio
1828 2323 1994 2392 (esset

2116 2339 2196 2374 ιαι
2250 2319 2359 2372 τῶν
2392 2318 2569 2373 ἄλλων
2600 2319 2936 2383 δικαζόντων
2987 2319 3319 2389 ἀρχιερέων.
3361 2319 3426 2372 El
3478 2320 3529 2371 δ’
3576 2319 3713 2386 ιρι

422 2413 572 2467 enim
612 2414 795 2482 aliqua
820 2411 1025 2481 venia),
1049 2411 1142 2475 sed
1184 2427 1282 2480 pro
1314 2427 1398 2465 me
1424 2412 1750 2490 sententiam
1782 2413 1992 2466 laturus

2116 2412 2369 2481 ῖικάζοιμι
2425 2413 2521 2464 καὶ
2554 2411 2738 2476 αὐτὸς,
2799 2413 2874 2482 μή
2933 2429 3064 2465 ποτε
3094 2410 3356 2465 τοσοῦτον
3400 2413 3705 2486 μανείην,

421 2519 622 2558 essem.
656 2502 755 2555 Die
793 2502 960 2570 igitur
987 2499 1279 2569 praeﬁnito,
1313 2515 1423 2570 quo
1450 2502 1691 2570 episcopi
1724 2501 1991 2571 judiciqu

2116 2504 2222 2573 μηδ’
2253 2503 2485 2567 ἀτοπίας
2529 2492 2622 2565 ἐἰς
2673 2505 2928 2558 τοσοῦτον
2967 2505 3309 2572 ἐξελάσαιμι,
3353 2503 3510 2556 ὥστε
3547 2504 3706 2574 ὀργῇ

423 2595 665 2657 obirent,
682 2608 907 2660 magnus
936 2591 1272 2646 domesticus
1313 2592 1595 2654 valedixit,
1615 2608 1680 2648 ac
1715 2594 1988 2649 discessit.

2116 2596 2334 2664 ἱικάζειν
2368 2597 2464 2650 καὶ
2497 2595 2574 2665 μὴ
2609 2597 2724 2658 τοῖς
2754 2595 2938 2666 ὀρθοῖς
2993 2596 3122 2666 περὶ
3167 2595 3279 2648 τῶν
3319 2595 3708 2663 πραγμάτων

424 2687 561 2740 Tum
594 2684 904 2753 patriarcha
942 2684 1305 2754 praesentibus
1343 2684 1445 2747 ait,
1491 2684 1708 2738 nescire
1749 2701 1830 2749 se,
1859 2687 1992 2756 quid

2116 2691 2399 2758 .ογισμοῖς,
2430 2690 2522 2742 καὶ
2577 2687 2812 2757 μάλιστα
2841 2687 2980 2750 νυνὶ,
3029 2689 3106 2742 ὅτ’
3133 2687 3231 2758 οὐχ
3279 2688 3426 2757 ὑπὲρ
3461 2686 3703 2755 ἐτέρου,

430 2777 536 2832 sibi
575 2777 730 2840 velit,
752 2777 896 2845 quod
928 2775 1260 2849 domesticus
1297 2775 1362 2828 ad
1394 2774 1661 2844 judicium
1696 2775 1950 2833 condicat
1977 2796 1991 2832 :

2119 2777 2187 2852 ἦν
2218 2781 2325 2851 γὰρ
2365 2782 2431 2834 ἀν
2459 2797 2546 2843 τις
2597 2778 2951 2850 συγγνώμη),
3000 2778 3118 2832 ἀλλ’
3147 2779 3236 2831 ὅτε
3269 2779 3403 2847 περὶ
3429 2776 3704 2846 ἐμαυτοῦ

430 2877 526 2922 aut
565 2882 672 2936 qua
725 2882 784 2920 re
810 2868 1069 2930 conlisus,
1107 2867 1393 2935 episcopos
1450 2866 1588 2920 adeo
1622 2882 1722 2921 suo
1750 2867 1993 2936 ipsorum

2116 2876 2192 2944 ιὴν
2219 2874 2401 2942 ψῆφον
2428 2871 2650 2940 ἐξάγειν
2683 2871 2886 2940 μέλλω.
2916 2871 3028 2936 καὶ
3063 2868 3329 2934 τάξαντες
3372 2869 3607 2939 ἡμέραν
3637 2869 3703 2918 ἐν

427 2959 636 3030 judicio
659 2959 769 3027 jam
801 2960 1110 3023 damnatos,
1141 2959 1208 3013 ad
1237 2974 1456 3014 causam
1482 2958 1766 3014 dicendam
1798 2975 1996 3015 occur-

2116 2963 2489 3036 ἱπαρέσονται
2520 2964 2718 3026 πάντες
2747 2965 2795 3017 οἱ
2817 2963 3116 3033 ἀρχιερεῖς,
3139 2961 3210 3024 ὡς
3228 2963 3328 3029 τῆς
3357 2961 3532 3030 δίκης
3564 2963 3702 3012 ἐσο-

432 3066 593 3106 suros
652 3051 957 3127 promittat,
1019 3050 1125 3104 nisi
1178 3051 1300 3105 novi
1337 3048 1618 3119 quidpiam
1673 3049 1995 3105 fabricetur.

2116 3059 2290 3126 tévq;,
2319 3058 2348 3107 ό
2385 3057 2559 3126 μέγας
2595 3054 2696 3126 μὲν
2735 3055 3052 3124 δομέστικος
3085 3053 3163 3122 τῷ
3195 3054 3532 3123 πατριάρχῃ
3568 3069 3702 3105 συν-

431 3145 565 3198 Pars
599 3143 931 3212 respondere
957 3182 972 3205 ,
1008 3157 1078 3197 ne
1105 3156 1162 3196 se
1188 3140 1412 3212 quidem
1451 3139 1785 3210 prospicere,
1836 3155 2003 3210 quor-

2116 3149 2446 3221 ταξάμενος,
2500 3149 2685 3202 οἴκαδε
2743 3148 3065 3221 ἀπεχώρει·
3113 3149 3141 3201 ό
3205 3131 3574 3220 πατριάρχης
3635 3145 3702 3198 δὲ

403 3223 408 3229 ’
436 3253 556 3290 sum
585 3245 715 3302 eat;
747 3251 872 3305 pars
906 3274 921 3301 ,
977 3249 1036 3288 se
1091 3233 1386 3302 suspicari,
1440 3233 1584 3286 haud
1617 3233 1694 3286 illi
1728 3247 1843 3287 rem
1874 3247 2002 3288 vere

2116 3242 2245 3312 πρὸς
2294 3243 2424 3305 τοὺς
2470 3241 2749 3310 παρόντας
2793 3240 3010 3310 ἀγνοεῖν
3047 3239 3150 3308 ἔφη
3193 3239 3222 3292 ὅ
3252 3255 3305 3290 τι
3325 3237 3422 3308 .τῷ
3453 3237 3706 3306 μεγᾶλῳ

439 3329 742 3382 nuntiatam
780 3342 899 3381 esse
925 3367 940 3390 ,
969 3328 1060 3382 sed
1110 3327 1276 3380 variis
1310 3325 1468 3396 196
1515 3325 1862 3395 assiduisque
1909 3341 2003 3381 ue-

2116 3335 2410 3405 Βομεστίκῳ
2437 3335 2536 3404 τὴν
2589 3335 2726 3406 πρὸς
2753 3333 2855 3406 τὴν
2887 3334 3048 3402 δίκην
3070 3331 3413 3400 ἐπαγγελίαν
3436 3332 3617 3391 νοεῖν,
3661 3329 3699 3399 ἢ

437 3420 636 3489 gotiis,
701 3430 757 3474 et
807 3418 955 3473 curis
1016 3416 1522 3480 circumﬂuenteui,
1575 3432 1695 3486 qua
1719 3416 2003 3484 audisset,

2116 3427 2209 3480 τίνι
2241 3424 2550 3497 θαρροῦντα
2583 3424 2722 3496 πρὸς
2762 3423 2862 3494 τὴν
2906 3424 3067 3492 δίκην
3099 3421 3527 3492 ἀπαντήσεσθαι
3563 3422 3697 3483 τοὺς

439 3514 732 3577 diligenter
767 3511 1105 3573 examinare,
1135 3525 1198 3564 ac
1229 3510 1564 3580 perpendere
1594 3523 1702 3563 non
1737 3509 2003 3578 potuisse.

2116 3518 2398 3588 ἀρχιερέας
2432 3515 2625 3583 φάναι,
2675 3513 2849 3578 οὕτως
2887 3512 3701 3597 αὐτοκατικρίτουςένταςβί

377 3605 383 3610 ’
443 3606 629 3675 Neque
663 3604 806 3656 enim
868 3602 1155 3672 probabile
1209 3619 1518 3673 apparere,
1573 3603 1618 3657 si
1682 3605 2003 3675 accepisset,

2116 3606 2183 3676 μή
2206 3623 2260 3658 τι
2291 3605 2604 3675 καινότερον
2633 3604 2980 3673 ἐπινενόηται
3014 3603 3185 3674 αὐτῷ.
3218 3603 3281 3655 Ut
3306 3601 3589 3672 παρόντες
3616 3601 3697 3664 δὲ,

441 3695 717 3764 quomodo
754 3695 955 3749 nullam
993 3694 1324 3763 patriarchae.
1381 3695 1618 3766 culpam,
1651 3694 1748 3749 sed
1783 3694 2030 3768 manda-I

448 3797 562 3840 tam
597 3786 863 3838 duntaxat
908 3783 1258 3854 imperatoris
1301 3785 1702 3855 praetendentes
1731 3784 2006 3849 venerint,

444 3891 680 3946 eumque
716 3893 812 3946 per
840 3891 898 3930 se
939 3892 969 3929 a
1022 3891 1182 3948 grege
1210 3919 1223 3940 ,
1253 3886 1446 3932 contra
1493 3893 1654 3934 omne
1687 3879 1776 3948 jus
1819 3887 1875 3934 ct
1930 3877 2011 3932 fas

443 3970 752 4040 abegerint,
799 3978 854 4023 et
885 3985 990 4023 non
1033 3957 1213 4032 secus,
1260 3985 1422 4040 quam
1481 3969 1755 4025 dirissima
1806 3972 2012 4027 scelere

443 4055 717 4128 notatum,
771 4063 825 4116 in
855 4057 1152 4118 carcerem"
1188 4063 1577 4128 condiderint;
1612 4064 1668 4118 in
1709 4063 2011 4119 Ecclesiam

445 4155 552 4208 sibi
587 4155 970 4208 auctoritatem
1014 4155 1338 4225 arrogarint,
1397 4164 1456 4208 et
1500 4143 1624 4208 cum
1675 4163 1857 4208 essent
1909 4155 2010 4222 ipsi

444 4245 807 4316 iniustissimi
852 4255 1015 4315 atque
1066 4244 1401 4309 avarissimi,
1461 4245 1720 4313 populum
1756 4241 2012 4312 perlricta

447 4342 628 4394 [route
657 4342 724 4394 de
757 4339 956 4394 virtute
986 4339 1303 4402 docuerint;
1333 4339 1470 4408 quin
1501 4338 1666 4392 etiam
1693 4336 1761 4390 ob
1795 4337 2015 4405 rapinas

2105 3699 2153 3751 οί
2188 3697 2287 3768 μὲν
2320 3696 2427 3750 οὐδ’
2459 3695 2615 3749 αὐτοὶ
2641 3695 2854 3764 ἔφασαν
2878 3695 2932 3748 τί
2979 3694 3243 3748 δύνασθαι
3289 3694 3570 3745 συνεῖναι.
3631 3694 3697 3744 οι

2107 3791 2162 3843 δέ
2195 3788 2521 3844 ὑπώπτευον
2547 3788 2622 3858 μὴ
2649 3791 2748 3843 οὐκ
2778 3787 2956 3857 ἀληθῆ
2985 3787 3084 3856 τὴν
3112 3787 3242 3856 περὶ
3275 3785 3386 3838 τῶν
3417 3785 3696 3854 πραγμά-

2107 3882 2217 3936 τῶν
2251 3882 2408 3953 ἔσχεν
2433 3881 2778 3949 ἀπαγγελίαν
2799 3896 2814 3914 ο
2846 3879 2962 3935 ἀλλ’
2991 3878 3098 3933 ὑπὸ
3141 3877 3374 3930 πολλῶν
3399 3879 3499 3930 καὶ
3524 3894 3696 3930 συνε-

2107 3977 2220 4048 χῶν
2280 3976 2710 4046 περιῤῥεόμενος
2774 3963 3095 4043 φροντίδων,
3167 3972 3268 4024 οὐκ
3328 3972 3544 4040 ἀκρισῆ
3593 3973 3698 4042 τὴν

2109 4071 2359 4134 ἐξέτασιν
2390 4069 2688 4132 ἐποιήσατο
2713 4065 2820 4118 τῶν
2841 4065 3241 4118 ἀκουσθέντων.
3278 4065 3354 4117 Οὐ
3390 4064 3501 4133 γάρ
3533 4065 3696 4116 ἐστιν

2112 4160 2260 4223 εἰκὸς
2294 4157 2603 4235 πυθόμενον
2638 4156 2767 4226 περὶ
2822 4154 3000 4208 αὐτῶν
3032 4155 3109 4218 ὡς
3163 4154 3252 4207 ἐπ’
3285 4154 3520 4225 οὐδεμιᾷ
3552 4173 3696 4225 προ·

2113 4254 2298 4323 φάσει,
2325 4250 2458 4303 ἀλλά
2480 4249 2618 4319 μόνῃ
2646 4251 2712 4318 τῇ
2750 4246 3044 4317 προστάξει
3073 4245 3369 4315 πυθόμενοι
3394 4246 3695 4314 βασιλέως,

2113 4345 2267 4399 αὐτοί
2311 4360 2370 4395 τε
2405 4341 2673 4408 ἐξήλασαν
2700 4338 2945 4402 ἐλθόντες
2972 4339 3068 4408 τῆς
3099 4338 3340 4407 ποίμνης
3368 4338 3437 4390 δι’
3473 4338 3695 4392 ἑαυτῶν

445 4450 573 4489 suas
604 4433 774 4503 gloria
803 4449 883 4493 se.
920 4444 974 4506 et
1009 4432 1396 4502 praedicatione
1417 4430 1738 4495 extulerint,
1776 4430 1910 4484 tales
1961 4431 2003 4483 in

2116 4429 2268 4506 παρά
2297 4435 2473 4488 πάντα
2507 4432 2597 4486 τὸν
2621 4429 2715 4484 τοῦ
2749 4430 2960 4484 δικαίου
2985 4429 3166 4499 λόγον,
3199 4431 3294 4482 καὶ
3324 4430 3697 4484 κατέκλεισαν

446 4526 712 4597 judicium
777 4533 1040 4580 venturos
1093 4525 1531 4595 promissurum,
1575 4538 1638 4578 ac
1689 4538 1799 4576 non
1835 4521 2003 4591 potius

2117 4530 2175 4582 ιν
2200 4501 2450 4600 ⁷φρουρᾷ,
2497 4525 2685 4595 ὥσπερ
2729 4524 2852 4578 τινὰ
2884 4523 2992 4576 τῶν
3021 4524 3115 4576 ἐπὶ
3146 4513 3476 4584 δεινοτάτοις
3520 4524 3697 4575 ἑαλω-

450 4619 629 4686 ipsum
662 4617 922 4670 omnibus
955 4618 1109 4684 prius
1142 4616 1368 4670 calculis
1398 4629 1492 4669 eos
1521 4612 2011 4668 condemnaturum

377 4709 382 4712 ’
450 4709 638 4763 fuisse.
671 4707 898 4776 Excepit
928 4707 1270 4776 patriarcha,
1306 4704 1448 4758 haud
1481 4703 1718 4758 absurde
1765 4703 2012 4767 locutos;

436 4816 511 4872 pse
550 4799 911 4854 nihilominus
967 4798 1209 4852 nondum
1263 4796 1481 4858 adduci,
1513 4806 1570 4850 ut
1601 4797 1808 4860 credat,
1858 4795 1931 4850 ita
1957 4809 2016 4849 se

453 4910 564 4947 rem
591 4893 825 4956 habere;
856 4891 951 4946 sed
985 4890 1136 4944 illum
1185 4889 1474 4944 cumulata:
1510 4885 1815 4959 prudentia:
1838 4885 2013 4940 virum

451 4986 620 5056 (quod
670 4985 850 5040 sciant
881 4984 1097 5047 omnes)
1135 4981 1339 5051 aliquid
1371 4983 1743 5052 excogitasse,
1777 4978 1923 5050 quod
1960 4978 2015 5032 in

451 5093 694 5148 praesens
730 5077 836 5147 ipsi
860 5092 967 5131 non
993 5075 1345 5145 perspiciunt.
1370 5073 1506 5139 Quia
1535 5087 1666 5126 vero
1697 5067 2019 5137 compromi-

452 5172 646 5232 seriut,
684 5173 973 5239 episcopos
1014 5182 1202 5220 omnes
1249 5166 1338 5219 die
1370 5166 1672 5234 praestituta
1703 5163 2013 5226 adfuturos,

453 5265 505 5317 id
537 5263 678 5316 iacto
742 5261 1016 5328 complere
1089 5267 1367 5325 oportere.
1423 5256 1524 5312 Ubi
1589 5255 1709 5310 dies
1755 5253 2018 5334 habendae

452 5354 658 5424 synodo
692 5352 966 5405 nominata
1001 5350 1200 5411 illuxit,
1227 5349 1318 5418 qui
1357 5348 1410 5402 in
1459 5345 1794 5415 patriarchio
1837 5353 2016 5408 erant,

452 5454 654 5515 prmsto
686 5443 926 5497 fuerunt.
962 5442 1182 5510 Magnus
1215 5449 1393 5494 autem
1429 5439 1770 5493 domesticus
1805 5451 2019 5490 assum-

353 5590 358 5598 ,
457 5537 566 5608 ptis
601 5536 874 5606 episcopis
925 5536 1050 5598 reis,
1083 5535 1360 5604 jussisque
1407 5547 1476 5586 ne
1523 5532 1723 5586 mutire
1777 5529 2017 5599 quidem,

457 5626 902 5697 quandoquidem
938 5627 1053 5694 ipse
1103 5641 1294 5679 eorum
1349 5638 1571 5679 causam
1603 5632 1824 5676 acturus
1853 5629 2018 5685 esset,

458 5735 581 5773 cum
613 5719 724 5774 illis
753 5719 921 5774 veluti
952 5736 1010 5775 se
1055 5700 1388 5775 defensurus
1426 5717 1756 5787 adventavit.
1782 5716 2021 5785 Congre-

462 5810 601 5880 gatis
645 5811 752 5882 jam
814 5810 1119 5904 eodcmjn
1177 5810 1300 5867 loco
1363 5809 1655 5876 universis,
1716 5805 2020 5878 patriarcha

2116 4620 2311 4685 κότων,
2344 4618 2498 4672 αὐτοί
2520 4636 2577 4671 τε
2597 4617 2687 4686 ὑφ’
2712 4617 2927 4676 ἑαυτοῖς
2955 4613 3285 4684 ἐποιήσαντο
3318 4615 3416 4683 τὴν
3451 4613 3695 4682 Ἐκκλη-

2119 4711 2260 4776 σίαν,
2283 4711 2463 4765 καὶτὰ
2502 4693 2736 4780 μέγιστα
2761 4707 3076 4770 ἀδικοῦντες
3109 4706 3203 4759 καὶ
3230 4705 3695 4769 πλεονεκτοῦντες

2118 4799 2395 4852 ἐδίδασκον
2427 4798 2521 4850 τὸν
2545 4797 2672 4849 λαὸν
2705 4790 2836 4866 περῆ
2878 4796 3102 4864 ἀρετῆς,
3133 4793 3265 4864 μηδέ
3299 4793 3692 4863 ἐρυθριῶντες,

2118 4891 2255 4946 ἀλλά
2288 4891 2383 4943 καὶ
2414 4889 2804 4960 σεμνυνόμενοι
2841 4889 2906 4958 τῇ
2959 4877 3217 4956 ἁρπαγῇ,
3239 4883 3693 4952 ἐπαγγέλλεσθαι

2119 4985 2314 5042 αὐτοὺς
2343 4982 2680 5053 ἀπαντήσειν
2710 4983 2790 5044 είς
2820 4980 2918 5051 τὴν
2938 4980 3114 5049 δίκην.
3143 4978 3317 5039 Αὐτὸς
3352 4978 3463 5046 γάρ
3488 4976 3555 5028 ἂν
3587 4976 3693 5028 αὐ-

2117 5075 2228 5129 τῶν
2248 5074 2488 5136 ἀπάσαις
2523 5076 2783 5143 πρότερον
2810 5072 3078 5139 κατέγνω.
3129 5069 3190 5122 '0
3226 5066 3578 5136 πατριάρχης
3605 5065 3689 5128 δὲ,

2120 5166 2245 5221 νοῦν
2277 5167 2373 5234 μὲν
2395 5165 2594 5228 αὐτοὺς
2623 5164 2726 5234 ἔφη
2759 5164 2917 5230 λόγον
2949 5163 3144 5233 ἔχοντα
3165 5158 3490 5238 εἰρηκέναι,
3526 5156 3690 5210 αὒτδν

2120 5257 2178 5309 δὲ
2230 5245 2306 5325 μή
2339 5253 2625 5328 πείθεσθαι
2682 5251 2854 5313 οῦτως
2887 5245 3025 5303 εἶναι
3047 5263 3062 5278 °
3117 5248 3254 5302 ἀλλά
3285 5265 3339 5300 τι
3370 5247 3463 5299 τὸν
3515 5246 3689 5314 μέγαν

2120 5347 2439 5418 δομέστικον
2454 5331 2891 5414 ἐπινενοηκέναι,
2925 5341 3191 5413 βαθείαις,
3218 5328 3472 5406 καθάπερ
3506 5335 3683 5403 ἴσμεν,

2120 5436 2465 5508 κεχρημένον
2517 5434 2639 5497 ταῖς
2689 5433 2904 5502 φρεσὶν,
2941 5430 2969 5482 ὃ
3018 5428 3110 5481 νῦν
3137 5428 3287 5498 ἡμᾶς
3323 5421 3684 5496 μὴδύνασθαι

2121 5529 2284 5581 νοεῖν.
2333 5525 2489 5578 Ἐπεὶ
2516 5525 2574 5577 δὲ
2599 5509 3048 5593 ἐπηγγειλάμεθα
3077 5519 3201 5580 τοὺς
3227 5516 3523 5588 ἀρχιερέας
3546 5513 3679 5585 πάν-

2123 5635 2218 5680 τας
2251 5618 2331 5680 είς
2373 5617 2471 5686 τὴν
2519 5615 2866 5682 τεταγμένην
2905 5611 3118 5680 ἡμέραν
3143 5606 3436 5668 συνελθεῖν,
3459 5603 3486 5655 ὃ
3515 5605 3684 5668 ἐπηγ-

2123 5709 2446 5779 γειλάμεθα,
2479 5708 2570 5762 καὶ
2615 5706 2797 5778 ἔργοις
2845 5705 3150 5772 ἀναγκαῖον
3209 5695 3540 5766 ἐκπληροῦν.
3570 5694 3679 5761 Τῆς

2125 5798 2466 5872 προθεσμίας
2500 5798 2554 5851 δὲ
2585 5797 2849 5865 ἐλθούσης
2888 5797 2943 5849 ἐν
3072 5793 3179 5846 τῶν
3237 5789 3538 5877 ἀρχιερέων
3582 5783 3676 5854 τὴν
