3902 6560
84 463 203 528 417

1253 465 1805 529 HISTORIARUM
1849 461 2084 531 LIBER
2125 471 2204 532 Π.

3189 521 3200 532 .
3254 475 3360 541 418

86 579 329 636 σύνοδον
360 577 467 630 ἔδει
499 572 666 643 εἶναι,
694 578 743 632 oi
786 578 884 648 μὲν
917 579 976 634 έν
1020 582 1404 654 πατριαρχείῳ
1431 581 1690 653 παρῆσαν

1794 581 2081 652 episcopos
2112 599 2400 650 accusare,
2435 587 2580 658 quod
2618 588 2913 645 immercns
2965 588 3032 645 de
3069 589 3267 646 throno
3291 595 3361 647 ab

84 671 329 733 πάντες.
392 670 451 721 '0
487 669 665 738 μέγας
695 669 749 722 δὲ
797 672 1123 740 δομέστικος
1169 675 1294 737 τοὺς
1345 673 1684 738 ὑπευθύνους

82 762 208 815 τῶν
239 762 545 831 ἀρχιερέων
579 761 935 830 παραλαϐὼν,
969 765 1064 816 καὶ
1094 765 1472 834 παραγγείλας
1497 753 1682 828 αὐτοῖς

88 855 344 922 σιωπᾷν,
374 854 471 905 καὶ
504 851 842 926 φθέγγεσθαί
880 856 1050 924 μηδὲν
1077 857 1152 920 ὡς
1185 857 1325 926 ὑπὲρ
1373 858 1552 912 αὐτῶν
1586 860 1684 910 αὑ·

80 946 196 998 τοῦ
245 947 367 1009 τοὺς
397 946 594 1014 λόγους
647 952 1036 1019 ποιησομένου,
1089 947 1220 1022 ἦλθε
1261 952 1357 1005 σὺν
1399 953 1580 1018 αὐτοῖς
1611 955 1685 1018 ὡς

86 1038 248 1106 ὑπὲρ
279 1033 355 1092 ὧν
391 1040 745 1094 ἐνεκαλοῦντο
803 1042 1304 1112 ἀπολογησόμενος.
1371 1045 1596 1100 Πάντων
1627 1047 1682 1100 δὲ

89 1131 413 1199 γενομένων
438 1131 496 1182 ἐν
519 1131 722 1201 ταύτῷ.
755 1135 882 1194 τοὺς
910 1135 1348 1205 ἐγκαλουμένους
1388 1137 1682 1208 ἀρχιερέας

89 1222 122 1274 δ
154 1221 508 1292 πατριάρχης
541 1223 732 1292 ᾐτιᾶτο
761 1225 898 1292 ὑπὲρ
926 1224 1020 1278 τοῦ
1069 1224 1179 1278 τῶν
1234 1227 1444 1298 θρόνων
1470 1228 1680 1281 ἀπελα-

92 1310 306 1379 σθῆναι
351 1312 444 1364 ὑπ’
474 1313 676 1378 αὐτῶν,
716 1313 1054 1386 ἀδικήσαντα
1088 1318 1257 1388 μηδέν
1279 1335 1294 1350 ·
1333 1319 1429 1373 καὶ
1454 1321 1680 1390 προσέτι

90 1421 161 1470 γε
206 1404 518 1475 εἱρχθῆναι.
550 1407 614 1459 Ol
643 1405 744 1475 μὲν
789 1403 883 1461 οὖν
918 1409 1318 1480 ἐγκαλούμενοι
1349 1405 1682 1483 ἀπεκρίνατο

93 1497 300 1550 οὐδέν·
337 1497 553 1566 σιωπῆς
607 1499 664 1551 δὲ
714 1497 944 1568 βαθείας
995 1503 1294 1573 γενομένης
1329 1505 1420 1558 ἐπὶ
1470 1489 1682 1571 πολὺ,δ

99 1589 288 1658 μέγας
319 1588 636 1657 δομέστικος
666 1587 852 1645 εἶπεν·
907 1594 964 1647 '0
1007 1595 1211 1664 Κύριος
1255 1597 1415 1666 ἡμῶν
1475 1596 1682 1668 Ἰησοῦς

95 1679 436 1760 Χριστὸς-έν
477 1683 589 1745 τοῖς
622 1683 979 1752 Εὐαγγελίοις
1024 1682 1215 1741 εἶπεν·
1262 1689 1386 1744 Ἐἀν
1433 1692 1508 1761 μὴ
1546 1691 1685 1761 ἠδι-

96 1769 375 1840 καιοσύνη
403 1770 556 1839 ὑμῶν
606 1776 943 1848 περισσεύσῃ
978 1776 1138 1832 πλέον
1170 1779 1279 1833 τῶν
1309 1787 1683 1858 γραμματέων

97 1862 204 1914 καὶ
239 1863 572 1933 φαρισαίων,
617 1866 680 1918 οὐ
725 1866 956 1922 δύνασθε
1016 1870 1283 1926 εἰσελθεῖν
1339 1875 1422 1937 είς
1448 1875 1547 1946 τὴν
1585 1876 1682 1947 βα-

101 1951 319 2006 σιλείαν
357 1952 466 2006 τῶν
517 1954 788 2023 οὐρανῶν.
825 1957 899 2010 Τὸ
930 1958 1007 2022 δέ,
1067 1961 1238 2015 Πλέον
1285 1965 1392 2016 τῶν
1417 1941 1685 2036 γραμμα-
1717 1941 1758 1996 Β

96 2041 246 2094 τέων
278 2045 372 2095 καὶ
411 2045 739 2115 φαρισαίων,
785 2047 861 2111 ὡς
902 2049 1060 2118 ὑμῶν
1095 2052 1278 2121 ἀκούω
1325 2055 1712 2110 διδασκόντων

101 2131 243 2202 ἐγὼ.
275 2135 428 2186 οὐδὲν
458 2132 583 2188 ἄλλο
614 2133 772 2204 εἶναι,
806 2139 838 2210 ἢ
881 2139 964 2202 τὸ,
993 2140 1068 2214 μὴ
1104 2143 1266 2211 μόνον
1306 2145 1400 2200 τὸν
1428 2147 1684 2201 ἀδικοῦν-

100 2239 175 2275 τα
215 2223 293 2292 μὴ
327 2223 635 2294 ἀμύνεσθαι
665 2227 729 2279 ὲκ
769 2226 863 2280 τοῦ
929 2227 1069 2294 ίσου,
1113 2231 1251 2285 ἀλλά
1278 2236 1370 2288 καὶ
1400 2234 1459 2288 εὖ
1514 2239 1685 2290 ποιεῖν

102 2315 236 2368 καθ’
261 2316 385 2368 ὅσον
433 2316 498 2369 ἂν
523 2311 634 2369 οἷόν
653 2325 719 2370 ’τε
845 2320 939 2373 Διδ
971 2324 1066 2377 καλ⁵
1094 2326 1222 2387 τοὺς
1253 2328 1560 2399 σωτηρίους
1591 2331 1682 2384 νό-

111 2420 256 2472 μους
289 2403 482 2467 τιθεὶς,
533 2405 625 2458 τὶν
681 2407 978 2478 ἑλκόμενον
1003 2412 1081 2475 είς
1127 2413 1486 2486 δικαστήριον
1544 2420 1685 2490 ὑπὲρ

103 2495 207 2547 τοῦ
233 2496 328 2549 τὸν
355 2497 559 2565 χιτῶνα
593 2499 980 2571 ἀφαιρεθῆναι,
1019 2504 1112 2556 καὶ
1143 2505 1204 2558 τὸ
1259 2507 1478 2577 ίμάτιον
1511 2525 1685 2579 προσ-

108 2589 274 2654 έταξε
323 2582 870 2660 προσαπεδύσασθαι.
928 2597 1037 2649 Καὶ
1087 2597 1179 2651 τὸν
1241 2600 1560 2667 πατάξαντα
1591 2605 1686 2658 ἐπὶ

110 2683 348 2753 κὸρῤης.
374 2682 450 2754 μὴ
486 2685 648 2754 μόνον
690 2686 920 2748 εὐθύνας
951 2689 1051 2742 οὐκ
1101 2692 1379 2753 ἀπαιτεῖν,
1417 2693 1554 2748 ἀλλά
1590 2695 1686 2752 καὶ

110 2775 215 2846 τὴν
243 2775 438 2847 ἑτέραν
477 2777 855 2850 ἐμπαρέχεινο
909 2781 1004 2833 καὶ
1061 2781 1196 2835 ἀλλα
1237 2783 1338 2836 ὅσα
1370 2784 1471 2854 τῆς
1515 2787 1685 2857 αὐτῆς

111 2868 368 2938 ἐξέχεται
396 2869 654 2934 διανοίας.
690 2872 1034 2941 Παραθήγων
1071 2874 1126 2926 δὲ
1175 2877 1324 2946 ἡμᾶς
1356 2878 1435 2940 είς
1466 2879 1564 2950 τὴν
1592 2881 1686 2950 ὲρ·

109 2958 320 3026 γασιαν
351 2957 462 3012 τῶν
493 2961 780 3028 σωτηρίων
815 2961 1020 3030 νόμων,
1069 2965 1202 3017 ποτὲ
1255 2963 1355 3034 μὲν
1405 2965 1526 3022 εἶπε
1549 2985 1562 3000 ·
1592 2971 1685 3041 Μὴ

111 3048 314 3116 γνώτω
345 3050 379 3119 ἠ
437 3049 705 3122 ἀριστερά
733 3069 828 3104 σου
870 3051 925 3106 τί
975 3058 1122 3108 ποιεῖ
1158 3057 1190 3127 ἡ
1221 3056 1371 3123 δεξιά
1399 3060 1526 3113 σοῦ.
1553 3062 1686 3128 Καὶ,

113 3141 401 3195 Είαελθὼν
435 3145 516 3205 είς
551 3144 612 3198 τὸ
638 3147 884 3214 ταμιεῖόν
915 3162 1030 3209 σου,
1081 3149 1377 3218 πρόσευξαι
1406 3153 1481 3222 τῷ
1513 3155 1688 3227 flat-cpi

1791 673 1926 744 ipsis
1962 675 2246 744 depulsus.
2275 687 2328 732 ct
2366 678 2594 748 insuper
2628 683 2837 737 carceri
2879 684 3164 739 mandatus
3192 696 3357 741 esset.

1791 767 2044 823 Accusati
2070 767 2206 821 nihil
2263 771 2616 838 respondere.
2674 772 2801 826 Post
2830 774 2998 826 altum
3027 783 3083 830 et
3139 776 3360 842 longum

1791 859 2070 914 silentium
2126 876 2351 928 magnus
2398 861 2736 917 domesticus
2783 865 2855 918 ita
2887 866 3051 918 infit:
3094 867 3361 920 Dominus

1788 960 1980 1006 noster
2013 951 2170 1007 Jesus
2199 952 2453 1008 Christus
2477 955 2530 1008 in
2560 954 2864 1024 Evangeliis
2895 972 2909 1009 :
2947 975 2966 1007 ε
3002 957 3114 1010 Nisi
3145 957 3358 1027 justitia

1777 1039 1973 1099 ‘vestra
2035 1045 2424 1100 'abundaverit‘
2493 1047 2782 1116 plusquam
2840 1048 3186 1115 scribarum,
3266 1058 3360 1103 aut

1792 1136 2248 1206 pharisa‘orum,-
2302 1154 2411 1193 non
2461 1139 2736 1194 intrabitis
2809 1139 2863 1194 in
2909 1157 3133 1210 regnum
3188 1143 3359 1198 cmlo-

1791 1245 1911 1283 rum
1945 1231 1984 1284 ¹.
2046 1249 2064 1282 ι
2118 1231 2251 1285 lllud
2309 1240 2490 1285 autem
2547 1232 2851 1304 (plusquam
2915 1236 3212 1308 scribarum
3265 1245 3358 1289 aut

1788 1326 2223 1391 pltarisa'orum)
2294 1334 2352 1379 ut
2430 1341 2528 1380 vos
2600 1309 2861 1381 docentes
2941 1327 3157 1388 audio.
3220 1327 3357 1380 nihil

1789 1429 1874 1472 est
1921 1417 2112 1477 aliud.
2168 1434 2330 1487 quam
2408 1434 2516 1472 non
2579 1420 2756 1473 solum
2819 1416 3049 1489 injurias
3100 1418 3357 1474 inferenti

1789 1525 1888 1577 par
1919 1524 2026 1561 non
2083 1508 2311 1572 referre,
2348 1509 2441 1563 sed
2475 1509 2652 1563 eidem
2685 1512 2848 1565 etiam
2881 1520 3145 1580 quantum
3181 1511 3360 1580 possis

1788 1597 2136 1652 benefacere.
2201 1597 2469 1663 Quocirca
2523 1599 2667 1653 idem
2718 1599 2846 1653 dttm
2885 1601 3156 1655 salutares
3213 1600 3360 1666 leges

1787 1691 2070 1751 Conderet,
2103 1692 2340 1746 trahenti
2370 1692 2422 1746 in
2448 1693 2716 1763 judicium
2747 1693 2969 1762 propter
2995 1694 3356 1749 auferendam

1791 1788 2054 1847 tunicam,
2085 1785 2309 1854 pallium
2345 1801 2564 1855 quoque
2613 1787 2812 1841 dimitti
2845 1789 3048 1856 jussit;
3080 1796 3134 1841 et
3166 1804 3357 1856 percu-

1791 1875 1947 1930 tienti
1979 1891 2141 1929 unam
2168 1877 2464 1939 maxillam,
2483 1877 2617 1932 citra
2645 1878 2942 1933 vindictam
2973 1879 3358 1948 porrigendam

1787 1979 1842 2023 et
1871 1967 2102 2022 alteram
2131 1985 2146 2033 ;
2203 1977 2260 2029 et
2293 1968 2397 2022 alia
2453 1968 2671 2022 demum
2709 1985 2829 2038 qua
2864 1969 2916 2024 in
2957 1970 3205 2024 eamdem
3237 1987 3362 2024 scn-

1789 2059 2016 2114 tentiam
2075 2068 2406 2128 sequuntur.
2468 2059 2754 2114 Exacuens
2808 2076 2972 2128 porro
3003 2077 3103 2115 nos
3139 2063 3205 2114 ad
3249 2077 3364 2116 ser-

1787 2150 1966 2205 vanda
1998 2159 2276 2221 precepta
2311 2151 2616 2216 salutifera,
2664 2152 2959 2234 aliquan‘do
3000 2152 3161 2216 dixit,
3203 2154 3358 2224 197

1794 2261 1812 2294 ι
1852 2242 2075 2298 Nesciat
2124 2243 2342 2297 sinistra
2372 2251 2488 2304 tua.
2519 2242 2651 2312 quid
2689 2242 2850 2298 faciat
2880 2244 3103 2298 dextera
3132 2257 3222 2298 tua
3256 2249 3300 2310 ';
3339 2269 3355 2296 ι

1787 2344 1840 2390 et
1870 2352 1884 2388 :
1921 2352 1938 2384 ι
1976 2334 2260 2404 Ingressus
2306 2333 2618 2388 cubiculum
2644 2343 2820 2395 tuum,
2860 2335 3044 2388 clauso
3066 2336 3234 2399 ostio,
3269 2352 3361 2392 ora
3415 2379 3420 2386 .

1789 2424 2002 2480 Patrem
2030 2434 2202 2490 tuum,
2227 2424 2319 2493 qtti
2344 2423 2399 2477 in
2430 2423 2586 2479 caelis
2605 2433 2691 2477 est
2709 2425 2781 2478 ³.»
2809 2425 3118 2492 Aliquando
3138 2437 3360 2480 autem:

1796 2532 1813 2565 ι
1855 2512 2054 2568 Luccat
2085 2513 2178 2567 lux
2213 2523 2392 2578 vestra
2436 2529 2617 2568 coram
2655 2515 2996 2577 hominibus,
3032 2525 3090 2569 ut
3143 2516 3362 2570 videant

1787 2618 1953 2672 opera
1983 2613 2163 2656 vestra
2195 2602 2338 2657 bona
2362 2604 2434 2658 ⁸.»
2481 2602 2735 2673 11;ειοε‹ιε
2757 2605 3008 2673 quamvis
3045 2620 3230 2659 secum
3257 2621 3363 2674 pu-

1788 2708 1954 2763 gnare
1997 2692 2311 2757 videantur,
2345 2702 2526 2748 tamen
2568 2695 2671 2748 nisi
2712 2695 2931 2749 aberrat
2960 2683 3169 2764 Opinio,
3203 2697 3363 2750 nobis

1787 2783 2139 2854 imperfectis,
2163 2793 2218 2840 et
2235 2785 2326 2854 qui
2344 2800 2636 2853 possumus
2649 2802 2713 2839 ex
2731 2786 3095 2841 ostentatione
3112 2783 3361 2841 laborum

1791 2885 2108 2932 nostrorum
2145 2877 2371 2947 praemia
2410 2877 2691 2932 amitterre
2721 2877 2928 2931 dictum
2959 2887 3065 2941 est,
3106 2879 3182 2932 uti
3217 2878 3366 2948 ipsos

1791 2965 1921 3022 totis
1951 2968 2167 3022 viribus
2195 2968 2632 3035 abscondamus;
2667 2969 2824 3023 vobis
2848 2966 3031 3024 autem
3065 2971 3364 3039 magistris,

1791 3066 1846 3112 et
1877 3057 2266 3111 communibus
2297 3067 2460 3110 rectae
2505 3051 2901 3125 inculpalmque
2935 3056 3055 3132 vita:
3085 3060 3365 3125 exempta-

1792 3148 1965 3213 ribus,
2003 3156 2061 3202 ut
2084 3148 2307 3202 luceant
2339 3163 2504 3217 opera
2535 3157 2738 3207 vestra.
2787 3163 2896 3216 quo
2921 3147 3096 3211 multi,
3143 3149 3271 3201 dum
3302 3163 3363 3200 ea

113 3249 240 3299 σου,
265 3231 344 3302 τῷ
374 3234 430 3285 ὲν
451 3233 666 3304 οὐρανῷ
690 3250 705 3264 ·
741 3237 835 3289 καὶ
859 3238 1106 3306 προσέτι,
1129 3239 1363 3303 Κλείσας
1379 3243 1478 3310 τὴν
1498 3243 1686 3315 θύραν.

1797 3240 2102 3304 intuentur,
2135 3240 2350 3306 Patrem
2386 3248 2631 3293 nostrum
2662 3239 2755 3310 qui
2782 3239 2836 3292 in
2861 3239 3016 3294 caelis
3037 3247 3140 3296 est.
3163 3238 3368 3308 glorifi-

111 3325 258 3380 Ποτὶ
293 3325 350 3379 δὲ
381 3327 484 3388 ὅτι,
518 3327 801 3396 Λαμψάτω
828 3329 888 3382 τὸ
929 3329 1043 3398 φῶς
1066 3331 1221 3400 ὑμῶν
1254 3333 1564 3404 ἔμπροσθεν
1584 3336 1692 3391 τῶν

111 3416 446 3486 ἀνθρώπων,
480 3418 627 3480 ὅπως
656 3417 805 3503 ίδιοσι
827 3420 897 3472 τά
915 3421 1066 3474 καλὰ
1096 3423 1252 3492 ὑμῶν
1271 3425 1452 3502 ἔργα.
1499 3429 1691 3482 Καίτοι

110 3525 185 3577 γε
211 3507 292 3577 τῷ
325 3509 502 3562 δοκεῖν
526 3509 591 3562 τά
609 3494 838 3564 τοιαῦτα
870 3494 1335 3585 παραγγέλματα
1356 3518 1690 3574 ἀνείκεινται

114 3596 402 3668 ἀλλήλοις.
461 3596 614 3666 Ἐμοὶ
645 3596 702 3649 δὲ
747 3597 943 3666 δοκεῖν,
977 3603 1092 3665 τοῖς
1133 3603 1232 3672 μὲν
1285 3604 1530 3659 ἀτελέσιν
1561 3609 1691 3678 ἡμῖν

112 3688 221 3742 καὶ
244 3687 566 3758 δυναμένοις
621 3691 685 3743 ὲκ
715 3689 812 3758 τῆς
842 3691 1156 3758 ἐπιδείξεως
1194 3693 1304 3748 τῶν
1327 3696 1588 3766 καμάτων
1624 3700 1692 3752 τά

115 3779 338 3834 ἔπαθλα
365 3780 806 3850 ἀποστερεῖσθαι,
839 3781 899 3834 τὸ
940 3785 1380 3855 ἐπικρύπτεσθαι
1419 3789 1576 3852 αὐτὰ,
1611 3791 1692 3841 εἰ·

116 3873 328 3943 ρῆσθαι
359 3873 524 3926 παντὶ
567 3872 781 3926 σθένει·
818 3877 933 3937 τοῖς
970 3876 1314 3942 διδασκάλοις
1335 3879 1390 3932 δὲ
1419 3881 1571 3950 ὑμῖν,
1598 3881 1692 3934 καὶ

116 3964 307 4018 κοινδν
343 3960 698 4034 παράδειγμα
730 3966 892 4037 ὀρθοῦ
957 3969 1052 4021 καὶ
1091 3969 1366 4040 σώφρονος
1405 3971 1524 4041 βίου
1561 3990 1696 4043 προ-

120 4058 426 4122 κειμένοις,
461 4058 521 4110 τὸ
543 4057 786 4129 λάμπειν
818 4059 974 4127 ὑμῶν
997 4061 1066 4114 τὰ
1109 4063 1251 4115 καλά
1279 4063 1440 4134 ἔργα,
1469 4065 1616 4128 ὅπως
1645 4068 1692 4119 oi

123 4150 317 4203 πολλοὶ
343 4149 598 4220 ὁρῶντες.
641 4151 732 4204 τὸν
779 4151 992 4223 πατέρα
1038 4153 1197 4224 ἡμῶν
1234 4154 1498 4220 δοξάζωσι
1523 4158 1611 4210 τὸν
1637 4161 1695 4212 ἐν

123 4242 242 4304 τοῖς
264 4241 536 4310 οὐρανοῖς.
580 4241 705 4294 Ἐὰν
737 4242 923 4295 τοίνυν
971 4243 1130 4313 ὑμεῖς
1165 4245 1215 4299 οἱ
1244 4246 1362 4315 φῶς
1401 4247 1562 4317 ἡμῶν
1589 4249 1697 4302 τῶν

129 4334 614 4404 μαθητευομένων,
649 4336 743 4388 καὶ
771 4338 893 4401 ταῖς
920 4337 1157 4403 ἀπάταις
1183 4339 1288 4412 τοῖ’)⁵
1312 4340 1426 4410 βίου
1478 4344 1573 4395 καὶ
1600 4360 1698 4414 με·

127 4427 353 4496 ρίμναις
388 4429 482 4480 καὶ
539 4428 753 4498 ἡδοναῖς
794 4431 1248 4500 προσισχομένων
1305 4431 1510 4486 δίκαιοι
1545 4434 1696 4498 ὄντες

128 4515 296 4581 εἶναι,
344 4519 508 4572 δεινοὶ
546 4520 640 4572 καὶ
693 4522 1080 4591 ἀπαραίτητοι,
1115 4523 1207 4576 καὶ
1257 4525 1529 4595 μηδεμίαν
1560 4544 1696 4597 παρ-

1794 3339 1941 3385 cent.
1975 3328 2030 3383 Si
2066 3330 2247 3399 itaque
2269 3343 2366 3381 vos
2393 3329 2485 3397 qui
2509 3329 2597 3382 lux
2625 3337 2809 3382 nostra
2833 3368 2848 3390 ,
2875 3336 3083 3387 nostra.
3116 3326 3363 3394 inquam,

1793 3422 1887 3492 qui
1914 3420 2166 3489 discipuli
2186 3431 2469 3481 Sumus,ct
2492 3418 2738 3484 fallaciis,
2769 3418 3238 3473 sollicitudinibus
3258 3460 3273 3485 ,
3302 3433 3367 3473 ac

1791 3512 2166 3582 voluptatibus
2204 3511 2367 3581 hujus
2399 3511 2522 3565 vita:
2558 3511 2822 3580 implicati
2857 3519 3129 3574 tenemur,
3173 3512 3367 3564 merito

1790 3621 1910 3661 esse
1936 3603 2174 3669 debetis,
2227 3603 2348 3657 duri
2394 3585 2460 3655 'et
2521 3602 2886 3656 inexorabiles
2911 3601 3096 3662 eritis.
3128 3611 3194 3664 ,ει
3226 3602 3365 3654 mala

1793 3699 2103 3768 irrogantes
2157 3696 2314 3748 venia
2350 3695 2498 3748 nulla
2535 3694 2968 3763 prosequcmini,
3013 3709 3195 3747 nonne
3234 3692 3366 3746 feris
3439 3703 3446 3708 ·

1794 3791 2101 3846 immitibus
2154 3786 2510 3849 immitiorcs,
2571 3801 2634 3840 ac
2688 3785 2944 3839 szeviores
2997 3800 3096 3838 nos
3143 3782 3368 3837 facitis?

1794 3883 1975 3948 Quare
2005 3877 2471 3947 quemadmodum
2506 3877 2549 3929 si
2587 3877 2652 3929 ad
2686 3875 2928 3930 omnium
2969 3877 3204 3930 fructum
3239 3889 3366 3942 pro-

1795 3972 1984 4026 hitatis
2012 3969 2342 4038 exemplaria
2372 3969 2596 4033 fieretis,
2625 3983 2654 4021 a
2687 3967 2844 4036 pioct
2869 3968 3017 4036 justo
3051 3965 3368 4020 certaminis

1797 4063 2005 4118 arbitro
2035 4061 2272 4116 coronis.
2302 4069 2356 4114 et
2393 4060 2632 4129 pra-miis
2663 4058 3026 4128 dignaremini
3055 4075 3068 4110 :
3095 4057 3171 4112 sic
3197 4073 3364 4118 nunc,

1797 4161 1922 4227 quia
1960 4155 2225 4210 omnibus
2263 4153 2490 4208 nocendi
2528 4153 2649 4208 aliis
2679 4151 3020 4206 occasionem
3065 4151 3225 4212 datis,
3258 4166 3366 4204 non

1797 4239 2117 4318 vulgaribus
2204 4247 2381 4314 pcenis
2452 4243 2980 4298 condemnabimini.
3038 4242 3203 4312 Atqui
3267 4259 3369 4312 ego

1797 4336 2109 4406 exemplum
2167 4333 2520 4388 humanitatis
2567 4333 2634 4388 de
2668 4333 2830 4387 nobis
2852 4373 2866 4396 ,
2932 4332 3058 4387 huic
3090 4334 3213 4386 vitae
3237 4348 3368 4418 Iceu

1799 4429 1954 4484 clavo
2008 4425 2185 4480 aflixis
2245 4441 2543 4496 proponam
2577 4424 2752 4490 vobis,
2796 4423 2942 4494 quod
2993 4425 3368 4479 recentissimo

1801 4521 2054 4592 contigit.
2098 4519 2307 4576 Videtis
2339 4521 2747 4588 imperatorem,
2772 4535 3081 4590 quanquam
3133 4519 3187 4571 in
3221 4529 3390 4590 tanto,

131 4612 350 4681 ἔχοντες
379 4611 712 4683 συγγνώμην
743 4616 854 4674 τοῖς
883 4613 1174 4682 ἀδικήσασι
1218 4616 1312 4668 καὶ
1339 4618 1522 4680 κακῶς
1555 4619 1690 4687 ὑμᾶς

1801 4623 2020 4683 tamque
2046 4614 2228 4682 amplo
2255 4613 2492 4680 imperio
2523 4613 2872 4682 collocatum,
2904 4610 3073 4664 nihilo
3111 4612 3292 4664 minus
3316 4610 3368 4662 in

131 4702 364 4755 διαθεῖσι
392 4705 622 4772 φανῆτε,
663 4705 722 4756 οὐ
759 4689 966 4773 θηρίων
997 4707 1290 4775 ἀνημέρων
1325 4711 1698 4780 ἀγριωτέρους

133 4796 286 4865 ἡμᾶς
328 4795 423 4847 καὶ
449 4794 766 4865 ὠμοτέρους
798 4798 1252 4864 παρασκευάσετε
1286 4801 1578 4865 γενέσθαι;
1606 4804 1698 4855 καὶ

139 4885 480 4956 συμδήσεται
511 4888 638 4958 ὑμῖν
690 4887 880 4956 ὥσπερ
907 4888 1002 4939 τοῦ
1037 4888 1205 4940 καλιύ
1241 4891 1592 4960 παράδειγμα
1616 4909 1701 4958 γι-

136 4979 382 5047 νομένοις
427 4980 566 5050 ὑπὲρ
620 4981 720 5049 τῆς
785 4982 1007 5034 πάντων
1070 4979 1338 5050 ὠφελείας
1397 4983 1546 5050 πιρὲι
1603 4981 1696 5034 τοῦ

141 5070 523 5141 φιλανθρώπου
548 5074 643 5125 καὶ
660 5072 870 5125 δικαίου
897 5071 1194 5142 βραδευτοῦ
1220 5073 1496 5140 στεφάνων
1520 5071 1700 5136 ἀξιοῦ-

141 5163 265 5214 σθαι
297 5162 390 5215 κα1⁵
423 5163 622 5236 γερῶν,
659 5163 798 5216 οὕτω
830 5163 924 5216 νῦν
973 5163 1156 5231 θφλειν
1187 5164 1248 5216 οὐ
1301 5165 1400 5226 τὰς
1428 5167 1698 5234 τυχούσας

140 5257 292 5316 δίκας
331 5255 474 5324 ὑπὲρ
525 5255 616 5308 τοῦ
649 5256 783 5307 πᾶσι
812 5254 1014 5325 βλάϐης
1040 5256 1300 5324 ἀφορμὴν
1348 5256 1696 5324 παρεσχηκὲτ

142 5365 250 5401 ναι.
297 5345 436 5412 Ἐγὼ
467 5347 524 5398 δὲ
583 5347 940 5416 παράδειγμα
994 5345 1408 5414 φιλανθρωπίας
1453 5351 1546 5398 καὶ
1594 5345 1702 5398 ἀπὸ

145 5439 250 5490 τῶν
292 5437 368 5500 τῷ
401 5437 498 5505 βίῳ
531 5437 972 5504 προσηλωμένων
1023 5436 1178 5506 ἡμῶν
1211 5437 1518 5507 παρέξομαι
1551 5438 1702 5505 ὑμῖν,

145 5531 295 5583 οὖπω
316 5529 439 5597 χθὲς
469 5531 564 5581 καὶ
593 5528 783 5598 πρῴην
809 5530 1196 5597 γεγενημένον.
1242 5530 1435 5598 ὐρᾶτε
1477 5529 1586 5600 γὰρ
1611 5530 1703 5582 τὸν

1801 4709 1920 4776 ipso
1957 4707 2134 4760 anatis
2162 4705 2313 4769 ﬂore,
2350 4704 2566 4774 quando
2596 4702 2741 4772 quis,
2777 4703 2942 4755 etiam
2971 4701 3258 4770 plurimum
3305 4702 3370 4754 de

1798 4800 1908 4852 vita
1950 4813 2095 4853 reCte
2118 4797 2451 4851 instituenda
2477 4794 2768 4856 sollicitus,
2792 4793 3048 4846 facillime
3078 4804 3128 4846 et
3153 4809 3182 4844 a
3215 4792 3371 4844 volu-

1801 4887 2042 4958 ptatibus
2072 4887 2437 4956 pessumdari,
2457 4893 2511 4948 et
2540 4883 2606 4938 ad
2644 4885 2775 4936 iram
2804 4883 3216 4936 immoderatam
3277 4886 3374 4936 im—

1806 4979 1930 5050 pelli
1967 4981 2128 5044 solet,
2155 4977 2418 5031 adversus
2453 4977 2860 5046 protervitatetn
2897 4976 3083 5041 Marci,
3129 4977 3371 5028 omnium

1806 5070 2117 5128 mortalium
2175 5068 2568 5128 scelestissimi,
2597 5068 2767 5136 quali,
2796 5083 3066 5136 quamque
3121 5067 3374 5121 omnibus

1810 5162 2090 5230 inapinata
2127 5147 2553 5212 man-.uetttdine
2589 5168 2645 5212 et
2695 5157 2980 5211 clementia
3021 5174 3151 5210 usus
3185 5158 3274 5210 sit.
3317 5157 3375 5211 Si

1808 5267 1938 5320 ergo
1968 5250 2056 5305 illc
2085 5249 2571 5318 etaetatcjuvcnis,
2595 5258 2647 5302 et
2672 5251 2988 5316 imperator,
3023 5258 3080 5300 ut
3108 5248 3374 5314 di‘imtls,

1808 5353 1864 5396 et
1910 5342 2147 5414 negotiis
2205 5341 2366 5410 hujus
2429 5340 2554 5392 vita:
2595 5338 2914 5400 involutus,
2975 5348 3081 5391 tam
3143 5333 3315 5391 libent
3351 5357 3377 5392 r

1805 5434 2068 5488 oﬂ'cnsarn
2102 5431 2453 5494 condonavit,
2493 5441 2548 5483 tu
2599 5429 2906 5483 communis
2969 5441 3272 5499 prameptor
3317 5440 3376 5484 et

1808 5538 2071 5593 tanquam
2137 5525 2430 5580 sanctioris
2484 5524 2609 5576 vitae
2678 5522 2958 5592 speculum
3017 5523 3374 5592 prapositus.

147 5619 388 5689 βασιλέα,
417 5617 644 5670 τοσοῦτο
677 5620 776 5686 μὲν
810 5619 985 5688 ἀρχῆς
1028 5619 1257 5688 μέγεθος
1299 5620 1690 5690 περιϐεϐλημέ-

1807 5618 2069 5673 fratribus
2100 5617 2313 5686 ignavia
2350 5615 2583 5686 quadam
2609 5616 2746 5668 male
2771 5615 2837 5670 de
2871 5625 2919 5669 te
2951 5614 3162 5668 meritis
3192 5628 3377 5667 nonne

147 5728 254 5774 vov,
301 5710 439 5762 οὕτω
461 5709 504 5762 δ’
534 5711 591 5761 ὲν
625 5710 773 5779 αὐτῷ
806 5710 881 5781 τῷ
935 5712 1031 5781 τῆς
1077 5712 1330 5782 νεότητος
1362 5711 1514 5766 ἄνθει
1541 5752 1558 5780 ,
1613 5713 1701 5766 ὅτε

203 5835 241 5894 ’⁸
276 5863 464 5920 Matth.
503 5879 554 5931 ν,
591 5863 681 5918 20.
757 5865 778 5897 ⁸
809 5863 1000 5919 Matth.
1053 5881 1140 5929 vs,
1205 5865 1258 5921 5.

1811 5712 2104 5784 ignosces?
2139 5727 2210 5764 an
2255 5711 2326 5764 ita
2358 5711 2678 5766 oblimatas
2710 5708 2764 5762 in
2809 5708 3162 5778 reposcendis
3185 5722 3217 5761 a
3246 5719 3381 5762 son-

1335 5865 1355 5896 ⁹
1391 5863 1526 5920 Ibid.
1562 5866 1614 5920 θ.
1675 5865 1712 5899 ’⁵
1745 5866 1934 5921 Matth.
1970 5865 2142 5933 v,16.
