3902 6600
436 450 573 535 ’4ι3

1646 470 1971 532 JOANNIS
2010 471 2534 533 CANTACUZENI

3664 465 3779 526 445

466 583 777 654 conspexit,
851 583 1185 653 paulumque
1238 584 1379 639 ultra
1431 600 1777 656 progressus,
1826 595 1880 640 et
1933 586 2048 654 ipse

2162 587 2288 651 εδοις
2339 588 2695 659 ἐγκαθίδρυσε
2750 591 2849 657 τὴν
2891 585 3169 657 στρατιάν.
3228 561 3522 643 Βασιλεὺς
3562 580 3634 632 δὲ
3663 583 3778 632 ἀπὸ

469 677 525 730 in
575 676 714 736 loco,
771 676 858 730 cui
915 675 1182 730 Pelecano
1237 689 1436 730 nomen
1486 685 1586 751 est,
1641 683 1820 730 castra
1881 675 2044 740 fecit,

468 768 786 836 coactisque
823 767 1184 836 primoribus,
1231 767 1360 836 quid
1391 765 1535 821 facto
1563 782 1703 836 opus
1732 766 2046 835 exquisivit.

468 857 756 914 Sententia
807 858 909 911 fuit
949 874 1058 913 nan
1107 873 1228 913 esse
1274 857 1507 912 ulterius
1546 857 2006 928 progrediendum
2032 896 2047 921 ,

473 960 586 1004 tum
618 949 763 1018 quod
794 949 969 1003 Persa:
1008 948 1273 1004 nomades
1299 949 1352 1003 in
1380 965 1517 1018 quos
1552 949 1869 1012 tendebant,
1898 947 2049 1003 velut

472 1039 528 1092 in
581 1037 1215 1108 servitute'abrepturi,
1270 1038 1324 1092 id
1374 1039 1676 1094 sentientes
1737 1038 2043 1109 fugerent:

473 1131 630 1198 211
681 1139 794 1183 tum
826 1130 953 1199 quia
996 1113 1152 1194 locis,
1207 1146 1304 1200 per
1345 1147 1465 1200 quae
1509 1141 1695 1187 essent
1734 1131 2046 1196 transituri,

474 1223 636 1274 inviis
675 1231 735 1274 et
775 1225 1040 1292 angustis,
1075 1221 1424 1293 pedestrique
1471 1233 1528 1278 et
1571 1223 1813 1294 equestri
1885 1238 2044 1277 exer-

473 1314 582 1367 citu
616 1325 808 1368 contra
839 1329 1160 1379 occursuro,
1210 1330 1318 1369 non
1349 1315 1646 1391 videbatur
1671 1315 2046 1370 necessarium

473 1406 628 1458 nullo
659 1422 783 1460 cum
817 1405 1000 1459 fructu
1039 1406 1191 1460 adire
1220 1407 1553 1475 periculum.
1584 1407 1664 1461 Ne
1691 1417 1871 1460 tamen
1899 1416 2045 1461 metu

454 1488 842 1548 ‘Barbarornm
871 1496 1079 1564 regredi
1109 1505 1461 1569 putarentur,
1486 1498 1757 1566 postridie
1789 1497 2046 1551 matutini

474 1587 531 1640 in
569 1587 811 1653 planitie,
843 1588 994 1641 velut
1023 1589 1084 1642 ad
1112 1605 1346 1659 pugnam
1378 1589 1652 1659 dispertiti
1674 1590 1801 1656 viri,
1831 1589 2047 1658 disper-

474 1679 561 1732 titi
593 1679 837 1743 ordines,
870 1695 900 1732 e
946 1681 1172 1750 regione
1203 1682 1592 1735 consisterent.
1644 1682 1712 1736 Et
1749 1681 1792 1735 si
1823 1681 2045 1750 quidem

476 1770 667 1824 hostes
702 1785 732 1824 e
768 1771 906 1824 locis
950 1772 1136 1824 arduis
1183 1772 1432 1838 digressi,
1485 1788 1643 1842 aequo
1697 1788 1889 1842 campo
1920 1788 2044 1827 cum

475 1861 611 1929 ipsis
660 1861 864 1916 vellent
914 1877 1274 1926 concurrere,
1330 1864 1592 1918 virtutem
1645 1879 1800 1918 suam
1850 1873 2045 1936 contra

480 1954 862 2017 ostentarent;
892 1954 974 2007 sin
1004 1962 1208 2015 autem,
1243 1954 1561 2025 Byzantium
1588 1955 1730 2008 viam
1753 1953 2046 2008 ordinatim

478 2052 851 2109 capesserent,
890 2060 948 2098 re
981 2044 1260 2108 docentes,
1309 2061 1417 2100 non
1454 2046 1581 2116 quia
1627 2046 1909 2110 timerent,
1952 2046 2050 2102 sed

479 2135 608 2203 quia
639 2135 964 2204 quibuscum
1003 2147 1311 2207 pugnarent
1345 2153 1455 2193 non
1502 2138 1789 2203 haberent,
1828 2138 2049 2197 domum

481 2241 757 2280 reversos.
793 2227 908 2281 lloc
933 2227 1012 2280 illi
1041 2228 1427 2294 decreverunt,
1458 2239 1515 2285 et
1543 2230 1685 2300 apud
1722 2229 2050 2286 Pelecanum

482 2327 902 2386 pernoctarunt.
944 2319 1304 2389 Posteaquam
1343 2321 1515 2390 pulsis
1571 2322 1812 2376 tenebris
1857 2321 2051 2376 diurna

481 2409 574 2462 lux
610 2409 838 2473 affulsit,
877 2411 1133 2468 laudibus
1174 2413 1284 2467 Deo
1313 2413 1380 2468 de
1412 2428 1563 2468 more
1594 2412 1777 2479 dictis,
1812 2413 2051 2483 impera-

483 2508 570 2551 tor
600 2501 866 2554 militibus
902 2501 1030 2577 tuba
1060 2503 1275 2573 signum
1324 2503 1390 2557 ad
1438 2520 1587 2558 arma
1638 2504 1902 2574 capienda
1933 2503 2052 2560 dari

481 2590 666 2657 jussit.
714 2592 921 2645 Armati
974 2593 1163 2662 igitur,
1199 2595 1355 2663 juxta
1403 2594 1721 2649 hesternum
1772 2596 2052 2652 decretum

485 2688 676 2753 contra
721 2679 994 2735 Barbaros
1050 2681 1108 2736 in
1172 2683 1319 2738 acies
1361 2683 1635 2754 dispositi,
1685 2696 1942 2752 tanquam
1985 2687 2054 2741 ad

471 2771 730 2853 praelium
751 2770 1055 2827 eonserend
1065 2787 1152 2826 um
1185 2772 1512 2842 procedunt.
1540 2775 1618 2829 Eo
1639 2776 1757 2831 viso
1779 2777 2056 2834 Orchanes

487 2877 619 2916 suos
656 2864 783 2915 item
811 2862 1058 2927 instruit,
1090 2853 1410 2934 partemque
1439 2865 1492 2919 in
1521 2865 1740 2921 insidiis
1769 2868 2009 2923 occultat
2039 2887 2052 2923 :

490 2964 550 3007 nt
583 2955 625 3007 si
682 2955 910 3009 Romani
941 2954 1015 3024 {in
1071 2955 1174 3012 hos
1219 2958 1580 3027 praevalentcs
1632 2960 1929 3027 irruerent,
1979 2962 2057 3017 illi

489 3046 786 3116 derepente
810 3048 1184 3118 prosilientes,
1215 3023 1312 3106 eos
1335 3050 1850 3119 perterrefacerent,
1893 3063 2058 3125 atque

489 3137 545 3189 in
598 3137 778 3210 fugam
817 3139 1236 3208 compellerent.
1280 3141 1530 3211 Reliquis
1581 3143 1768 3214 itaque
1815 3145 1916 3200 sibi
1955 3145 2057 3201 ad-

2079 1920 2124 1980 Β

2155 680 2486 750 Σκουταρίου
2533 679 2680 731 δυεῖν
2730 677 2954 750 ἡμερῶν
3001 660 3393 735 animos“,
3450 675 3534 742 τῇ
3595 672 3777 742 τρε-τε

2151 771 2265 840 ἅμα
2293 770 2369 840 ἕῳ
2401 771 2525 823 ἐπεὶ
2565 770 2729 824 πάλιν
2774 772 2873 839 τῆς
2905 767 3076 837 αὐτῆς
3115 769 3324 838 εἴχοντο
3359 763 3533 827 ὁδοῦ,
3589 765 3706 815 καὶ
3743 765 3774 831 ἡ

2151 859 2398 931 Περσικὴ
2437 859 2666 930 στρατιά
2693 857 2866 928 ἐφάνη
2897 855 3117 911 ἄπωθεν
3151 857 3210 906 ἐν
3239 852 3485 922 χωρίοις
3521 848 3774 916 ὑψηλοῖς

2153 952 2616 1021 ἐγκαθιδρυμένη.
2658 946 2869 1017 Ὀλίγον
2900 947 2973 1000 .δέ
3024 945 3304 1019 προελθὼν
3350 945 3383 996 ὁ
3431 941 3772 1012 βασιλεξ,

2150 1042 2611 1113 ἐστρατοπέδευσε
2639 1041 2732 1094 καὶ
2753 1039 2916 1105 αὐτὸς
2945 1041 3004 1093 ἐν
3031 1037 3216 1110 χωρίῳ
3242 1034 3572 1098 Πελεκάνῳ
3591 1049 3773 1100 προσ.

2149 1135 2556 1205 αγορευομένῳ·
2588 1133 2683 1186 καὶ
2723 1133 2852 1195 τοὺς
2875 1133 2958 1185 ,ἐν
2990 1131 3133 1184 τέλει
3182 1127 3565 1195 συναγαγὼν,
3600 1124 3771 1176 £699-

2153 1227 2372 1279 λεύοντο
2431 1227 2546 1280 ὅτι
2584 1227 2693 1279 δέοι
2733 1226 2929 1280 ποιεῖν.
2970 1223 3173 1284 Ἐδόκει
3201 1221 3264 1292 δὴ
3299 1218 3658 1289 περαιτέρω
3697 1218 3764 1282 μὴ

2150 1319 2490 1388 προϐαίνειν,
2526 1318 2645 1386 ἅμα
2681 1317 2782 1387 μὲν
2825 1317 2920 1371 καὶ
2949 1315 3039 1369 διὰ
3071 1316 3132 1368 τὸ
3164 1315 3290 1376 τοὺς
3315 1310 3591 1380 νομάδας
3623 1311 3770 1372 Hi?‘

2151 1423 2247 1469 σας
2277 1400 2358 1469 οἷς
2385 1405 2620 1477 ἐπῄεσαν
2649 1405 2723 1467 ὡς
2754 1402 3356 1474 ἐξανδραποδισόμενοι,
3393 1399 3506 1468 τὴν
3561 1398 3763 1464 ἔφοδον

2148 1477 2504 1566 αἰσθομένους
2545 1497 2847 1566 διαδράναιο
2887 1495 3005 1566 ἅμα
3054 1494 3100 1546 δ’
3130 1495 3212 1546 ὅτι
3255 1492 3367 1545 τῶν
3405 1507 3474 1542 τε
3517 1488 3762 1557 χωρίων

2147 1588 2426 1644 δυσϐάτων
2465 1589 2560 1642 καὶ
2587 1589 2788 1642 στενῶν
2818 1588 2991 1642 ὄντων
3029 1587 3100 1640 δι’
3128 1579 3203 1638 ὧν
3236 1583 3476 1654 ἔμελλον
3525 1580 3758 1638 διὶέναι,

2148 1681 2243 1736 καὶ
2277 1683 2536 1754 στρατιᾶς
2572 1677 3269 1750 ἀντιστρατοπεδευομένης
3319 1674 3512 1741 πεζῆς
3557 1688 3625 1724 τε
3665 1675 3758 1723 καὶ

2152 1775 2405 1844 ἱππικῆς,
2455 1773 2557 1826 οὐκ
2596 1773 2896 1840 ἀναγκαῖον
2933 1767 3358 1824 διακινδυνεύειν
3402 1766 3508 1818 ἐπὶ
3563 1764 3756 1830 κέρδει

2147 1865 2346 1920 οὐδενί.
2385 1866 2500 1919 Ἵνα
2529 1864 2585 1918 δὲ
2621 1864 2696 1932 μὴ
2749 1862 2957 1916 δοκοῖεν
3006 1861 3084 1931 τῷ
3122 1861 3230 1913 δέει
3281 1859 3395 1912 τῶν
3432 1856 3756 1926 βαρϐάρων

2150 1958 2535 2028 ἀναστρέφειν,
2571 1957 2650 2019 είς
2677 1955 2780 2024 τὴν
2818 1954 3117 2024 ὑστεραίαν
3150 1953 3264 2022 ἅμα
3293 1951 3369 2019 ἕῳ
3417 1949 3753 2016 ὁπλισαμέ-

2151 2065 2276 2111 νους
2306 2049 2399 2100 ἐπὶ
2428 2047 2523 2099 τοῦ
2555 2047 2740 2100 πεδίου
2766 2044 3052 2098 κατέναντι
3077 2041 3186 2094 τῶν
3219 2039 3533 2110 βαρϐάρων
3564 2052 3753 2104 παρα-

2151 2137 2416 2206 τάξασθαι
2443 2138 2520 2200 ὠς
2559 2138 2641 2201 είς
2684 2137 2886 2207 μάχην.
2917 2135 3038 2189 Κᾶν
3067 2133 3163 2203 μὲν
3200 2133 3358 2200 αὐτοὶ
3389 2129 3500 2199 τῆς
3536 2129 3754 2196 δυσχω-

2154 2227 2276 2297 ρίας
2300 2227 2658 2290 ἀποστάντες,
2698 2225 2793 2278 ἐπὶ
2837 2222 2930 2277 τοῦ
2974 2221 3179 2292 ὁμαλοῦ
3222 2221 3508 2289 θελήσωσι
3544 2218 3755 2284 διαγω-

2154 2317 2404 2371 νίσασθαι
2436 2318 2645 2382 αὐτοῖς,
2681 2317 2775 2370 καὶ
2798 2315 2953 2370 αὐτοὶ
2991 2312 3357 2379 ἐπιδείξεσθαι
3389 2311 3495 2381 τὴν
3532 2309 3757 2362 οἰκείαν

2154 2410 2376 2480 ἀρετήν·
2409 2410 2503 2464 ἐάν
2529 2409 2585 2462 δὲ
2620 2408 2696 2481 μὴ
2726 2409 2881 2461 αὐτοὶ
2903 2407 2997 2477 τῆς
3025 2404 3329 2476 δυσχωρίας
3359 2402 3753 2470 ἀφιστῶνται,

2154 2501 2253 2570 τῆς
2291 2502 2370 2564 είς
2411 2500 2702 2564 Βυζάντιον
2751 2497 2972 2568 ἔχεσθαι
3019 2492 3753 2566 φερούσηςπεταγμὲνιιιςο

2157 2592 2303 2662 ἔργῳ
2335 2591 2613 2656 δείξαντας
2642 2589 2716 2653 ὡς
2739 2590 2800 2642 οὐ
2830 2588 2919 2642 διά
2942 2587 3171 2651 δειλίαν,
3205 2585 3344 2638 ἀλλά
3374 2585 3443 2637 τὸ
3485 2583 3573 2653 μὴ
3605 2581 3754 2650 ἔχειν

2157 2679 2356 2738 οἷστισι
2417 2682 2808 2753 συμϐαλοῦσιν,
2875 2679 3171 2745 ἀνέζευξαν
3229 2678 3321 2740 «είς
3373 2675 3482 2750 τὴν
3536 2675 3751 2727 οίκίαν.

2160 2776 2317 2830 Οὕτω
2367 2777 2466 2846 μὲν
2515 2776 2578 2845 δὴ
2625 2775 2902 2828 ἐδέδοκτοο
2948 2773 3042 2825 καὶ
3086 2770 3378 2840 ηὐλίσαντο
3405 2767 3511 2838 τὴν
3574 2765 3751 2818 νύκτα

2120 2896 2122 2898 τ
2161 2867 2378 2939 ἐκείνην
2404 2868 2544 2922 κατά
2569 2866 2658 2920 τὸν
2685 2865 3014 2919 Πελεκάνον.
3050 2862 3202 2932 Ἅμα
3229 2862 3287 2916 δὲ
3326 2861 3401 2931 ἐῳ
3438 2859 3596 2928 μετά
3625 2859 3750 2919 τοὺς

2161 2960 2416 3023 εἰωθότας
2447 2959 2653 3028 ὕμνους
2679 2956 2815 3030 πρὸς
2841 2958 2999 3022 Θεὸν,
3024 2959 3090 3026 τῇ
3120 2955 3384 3022 σάλπιγγι
3407 2952 3689 3006 ἐκέλευεν
3725 2953 3750 3002 ὁ

2165 3054 2419 3126 βασιλεὺς
2455 3056 2523 3124 τῇ
2548 3054 2776 3124 στρατιᾷ
2804 3053 2904 3123 τὴν
2930 3051 3218 3121 ἐφόπλισιν
3236 3047 3556 3120 σημαίνειν.
3596 3048 3749 3098 Ἐπὶ

2162 3147 2219 3200 δέ
2252 3145 2585 3209 ὡπλίσαντο,
2617 3142 2907 3198 κατέναντι
2937 3143 3048 3196 τῶν
3089 3141 3383 3212 βαρϐάρων
3409 3134 3615 3210 ἦλθον,
3641 3155 3750 3191 ’πα-

487 3227 716 3297 jnnctis,
780 3229 836 3282 in
909 3228 1131 3284 sublimi
1206 3232 1407 3288 stabat.
1463 3232 1703 3290 Secretis
1750 3251 1915 3307 porro
1948 3245 2058 3292 tre-

2165 3234 2558 3307 ρατεταγμένοι
2577 3235 2650 3296 ὠς
2671 3235 2729 3298 ἐς
2757 3228 3014 3306 μάχην,
3039 3234 3282 3287 ἐδέδοκτο
3303 3234 3370 3302 τῇ
3398 3231 3743 3300 προτεραίᾳ.

491 3322 664 3375 centis
690 3321 972 3391 equitibus
999 3323 1298 3393 sagittariis
1334 3325 1776 3395 pugnacissimis,
1823 3327 1877 3382 in
1903 3329 2064 3398 equis

491 3412 874 3477 velocissimis,
912 3413 1202 3484 imperavit
1245 3415 1368 3482 eis,
1411 3431 1478 3472 ne
1542 3419 1792 3474 cominus
1845 3429 1901 3474 et
1951 3429 2063 3477 sta-

494 3506 632 3559 taria
679 3520 883 3576 pugna,
911 3506 1009 3560 sed
1042 3521 1111 3562 ex
1137 3507 1365 3566 incursu
1413 3509 1736 3566 invadentes
1771 3513 1906 3582 (55),
1940 3529 2063 3567 cum

494 3595 756 3650 Romanis
802 3595 1200 3666 depugnarent,
1229 3613 1556 3670 rursumque
1583 3601 1856 3672 fugerent,
1879 3613 1932 3661 et
1963 3605 2066 3660 tela

495 3685 551 3738 in
597 3693 813 3755 tergum
852 3692 1176 3755 torquerent
1207 3687 1355 3757 (56);
1415 3688 1613 3744 deinde
1667 3692 1940 3757 conversi,
1983 3707 2069 3747 re-

497 3778 700 3842 dirent,
754 3778 1081 3848 hostemque
1157 3778 1342 3836 denuo
1387 3779 1753 3838 lacesserent.
1825 3783 2068 3855 Contigit

499 3885 705 3938 autem,
725 3880 783 3926 ut
809 3871 1045 3942 spatium
1068 3874 1307 3929 medium
1329 3889 1526 3930 versus
1544 3875 1820 3930 Romanos
1837 3877 2066 3947 mqua‘le,

497 3973 555 4018 et
585 3964 759 4033 equiti
805 3965 1102 4031 idoneum;
1136 3981 1333 4022 versus
1367 3965 1559 4023 Persas
1589 3982 1699 4021 non
1745 3967 1950 4023 acclive
1977 3983 2068 4024 so-

498 4058 637 4119 lum,
671 4071 1008 4127 accessuque
1042 4057 1404 4121 laborioSum,
1440 4058 1535 4113 sed
1577 4068 1632 4114 et
1674 4058 1835 4116 fossis
1869 4053 2071 4117 nativis

501 4147 864 4217 nudequaque
899 4147 1275 4217 interceptum
1312 4157 1478 4202 esset.
1528 4147 1643 4214 Qua
1681 4149 2070 4204 commoditate

499 4241 723 4301 Barbari
764 4240 1114 4309 potissimum
1144 4241 1395 4304 fidentes,
1421 4239 1476 4293 in
1508 4240 1783 4296 Romanos
1805 4241 2071 4296 audacius

499 4349 558 4387 se
591 4331 920 4385 inferebant.
967 4330 1063 4386 llis
1115 4331 1282 4401 igitur
1325 4331 1608 4400 trecentis,
1647 4341 1708 4385 ut
1755 4333 1859 4388 hoc
1909 4334 2071 4389 modo

501 4442 624 4480 cum
662 4424 923 4479 Romanis
956 4423 1304 4488 dimicarent,
1354 4424 1654 4490 mandavit,
1693 4425 1828 4480 alios
1862 4426 2008 4480 mille
2041 4442 2070 4481 a

505 4529 880 4585 tergoeorum
918 4515 983 4569 ad
1012 4511 1186 4571 fossas
1233 4527 1288 4571 et
1317 4516 1622 4586 angustias,
1663 4517 1757 4586 qui
1796 4517 2072 4573 Romanos

2174 3329 2444 3399 Ὀρχάνης
2476 3328 2534 3382 δέ
2583 3331 2678 3382 καὶ
2715 3328 2880 3391 αὐτὸς
2927 3327 3055 3382 ἰδὼν
3080 3330 3174 3381 τὸν
3208 3324 3437 3397 βασιλέα
3485 3324 3744 3382 ἐπιόντα.

2162 3419 2594 3490 ἀντιπαρέταττε
2640 3419 2736 3474 καὶ
2770 3419 2932 3483 αὐτὸς
2958 3421 3059 3490 τὴν
3089 3417 3371 3490 στρατιάν.
3415 3416 3528 3468 Καὶ
3572 3417 3745 3485 μέρος

2167 3513 2265 3580 μέν
2295 3528 2348 3564 τι
2387 3509 2736 3582 κατέκρυψεν
2766 3514 2823 3564 ἐν
2845 3509 3025 3580 λόχοις
3046 3525 3060 3541 ο
3108 3509 3184 3572 ὡς
3212 3507 3279 3562 ἂν
3310 3509 3360 3560 εί
3385 3507 3432 3559 oi
3471 3507 3744 3575 Ῥωμαῖοι

2164 3589 2791 3676 ὑπερσχόντεςέπίωσιν
2817 3603 3036 3668 αὐτοῖς,
3067 3604 3116 3655 οἱ
3147 3603 3206 3654 ἐν
3239 3602 3360 3664 ταῖς
3391 3600 3646 3668 ἐνέδραις
3684 3602 3742 3651 ἐκ

2165 3695 2258 3750 τοῦ
2288 3681 2562 3766 αἰφνιδίου
2583 3693 2900 3759 ἐπελθόντες
2921 3693 3238 3764 ἐκπλήξωσί
3261 3709 3323 3746 τε
3338 3693 3427 3746 διά
3449 3692 3511 3744 τὸ
3525 3693 3744 3760 ἀπροσ-

2165 3785 2412 3858 δόκητον,
2451 3787 2546 3840 καὶ
2573 3786 2882 3857 τρέψωνται
2911 3785 3131 3848 αὐτούς.
3159 3785 3270 3854 Τὴν
3303 3784 3348 3836 δ’
3390 3783 3559 3852 ἄλλην
3595 3785 3742 3836 ᾶπα-

2169 3897 2270 3934 σαν
2297 3879 2528 3950 δύναμιν
2564 3877 2872 3944 ἀναλαϐὼν,
2924 3877 3057 3946 ἔστη
3088 3877 3181 3928 ἐπὶ
3232 3874 3534 3944 μετεώρου.
3569 3877 3742 3945 Τρια-

2169 3971 2385 4034 κοσὶους
2427 3970 2484 4023 δὲ
2514 3968 2921 4038 ἀπολεξάμενος
2967 3967 3095 4028 τοὺς
3131 3964 3262 4036 παρ’
3292 3964 3442 4033 αὐτῷ
3474 3976 3737 4033 μαχιμωο

2168 4062 2363 4124 τάτους
2415 4061 2796 4126 ίπποτοξότας,
2831 4060 3033 4121 ίππους
3065 4057 3288 4128 ἔχοντας
3335 4055 3446 4109 τῶν
3501 4056 3737 4124 μάλιστα

2170 4153 2315 4207 θέειν
2339 4153 2582 4222 ἀγαθῶν,
2629 4152 2917 4206 ἐκέλευσεν
2957 4152 3140 4214 αὐτοῖς
3175 4151 3238 4203 οὐ
3279 4150 3420 4203 κατά
3447 4149 3733 4216 συστάδην,

2170 4245 2286 4299 ἀλλ’
2314 4246 2372 4311 ἐξ
2398 4245 2600 4314 ἐφόδων
2625 4242 3042 4315 συμπλέκεσθαι
3077 4245 3144 4313 τῇ
3185 4241 3453 4313 βασιλέως
3479 4243 3730 4310 στρατιᾷ·

2171 4338 2267 4390 καὶ
2305 4337 2558 4400 ἐπιόντας
2607 4337 2707 4405 μέν
2745 4335 2820 4406 μὴ
2864 4333 3187 4403 ὑπομένειν,
3240 4331 3378 4384 ἀλλά
3430 4329 3726 4398 φεύγοντας

2170 4430 2405 4495 τοξείαις
2430 4429 2688 4501 χρῆσθαι,
2721 4427 3070 4500 ἀναχωροῦσι
3098 4427 3157 4481 δὲ
3184 4424 3341 4486 αὖθις
3373 4422 3725 4476 ἐπιτίθεσθαι.

2174 4520 2498 4590 Συμὸέὸηκε
2529 4519 2587 4573 δέ
2625 4519 2686 4572 τὸ
2729 4517 2935 4586 μεταξὺ
2957 4515 3070 4569 τῶν
3095 4511 3522 4584 στρατευμάτων
3561 4509 3729 4576 ἀμφοα

501 4609 854 4678 insequentes
882 4609 1220 4678 exciperent,
1272 4608 1551 4663 eteadem
1587 4607 1655 4661 de
1703 4623 1868 4662 causa
1922 4610 2058 4665 mille

2174 4613 2373 4683 τέρων,
2401 4611 2528 4664 ὅσον
2555 4611 2652 4680 μὲν
2677 4605 2746 4681 ἢν
2780 4598 2920 4662 κᾶτά
2949 4610 3076 4670 τοὺς
3117 4603 3423 4674 Ῥωμαίους
3451 4599 3648 4668 ὁμαλόν
3676 4615 3727 4649 τε

503 4701 559 4756 in
599 4711 834 4768 utroque
867 4699 1042 4754 latere
1074 4699 1292 4753 locavit.
1327 4699 1632 4769 Imperator
1659 4697 1749 4752 ubi
1783 4699 1976 4755 Persas
2005 4701 2072 4756 de

503 4793 640 4847 colle
687 4791 1034 4847 descendisse
1072 4791 1384 4859 conspexit,
1435 4789 1602 4844 etiam
1646 4790 1763 4860 ipse
1801 4799 2076 4846 trecentos

503 4885 571 4939 de
606 4883 720 4938 suis
749 4884 932 4953 elegit,
965 4898 992 4936 a
1024 4883 1223 4952 quibus
1254 4883 1574 4952 stiparetur,
1624 4898 1828 4952 eosque
1875 4884 2076 4938 talibus

503 4976 692 5029 verbis
739 4973 993 5028 accendit
1037 4988 1053 5026 :
1109 4971 1280 5037 Quam
1343 4972 1596 5040 gloriam,
1653 4972 1880 5031 milites.
1929 4972 2076 5041 quod

505 5067 676 5122 decus
712 5065 945 5120 Romani
998 5063 1125 5119 inde
1161 5065 1227 5116 ab
1269 5062 1428 5118 initio
1473 5078 1540 5118 ex
1589 5081 1654 5119 eo
1705 5064 1808 5118 sibi
1852 5079 2077 5134 compa-

2178 4698 2338 4764 εἶναι,
2372 4703 2468 4755 καὶ
2503 4701 2688 4773 ῥᾴδιον
2722 4700 2857 4770 πρὸς
2889 4699 2990 4760 τὰς
3023 4695 3383 4767 ίππηλασίαςσ
3411 4692 3473 4746 τδ
3501 4691 3555 4744 δέ
3593 4693 3727 4744 κατὰ

2175 4795 2303 4858 τοὺς
2339 4793 2588 4863 Πέρσας,
2630 4794 2689 4845 οὐ
2731 4792 2892 4862 μόνον
2939 4791 3175 4850 ἄναντες
3223 4787 3317 4839 καὶ
3354 4782 3724 4852 δυσπρόσοδον,

2159 4885 2315 4940 ’ἀλλά
2347 4886 2440 4939 atati.
2488 4885 2720 4956 τάφροις
2768 4884 3062 4949 αὐτοφυέσι
3115 4878 3425 4948 πανταχόσε
3456 4877 3726 4941 διατετμηο

2182 4976 2364 5048 μένον·
2399 4970 2442 5044 ᾧ
2474 4978 2571 5030 καὶ
2601 4975 2801 5048 μᾶλλον
2827 4975 2875 5027 οι
2901 4973 3169 5044 βάρϐαροι
3211 4968 3532 5058 πεποιθότες
3571 4965 3720 5035 ἐπῄει

2182 5085 2284 5122 σαν
2336 5068 2656 5135 Ῥωμαίοις.
2693 5066 2915 5129 Τούτοις
2953 5064 3049 5134 μὲν
3094 5063 3190 5117 οὖν
3240 5063 3354 5125 τοῖς
3410 5059 3722 5129 τριακοσίοις

506 5159 702 5218 rarint,
749 5156 894 5225 quod
938 5154 1189 5208 hostibus
1245 5154 1620 5209 formidabiles
1674 5154 1917 5217 fuerunt,
1977 5169 2058 5208 net

2182 5157 2590 5227 προσετέτακτο
2610 5154 2701 5208 τὸν
2727 5153 2929 5223 τρόπον
2955 5153 3142 5205 τοῦτον
3163 5149 3569 5221 συμπλέκεσθαι
3599 5146 3719 5200 Ῥω·

505 5250 663 5303 vobis
697 5258 781 5302 est
808 5249 1074 5317 ignotum.
1106 5246 1170 5300 lli
1210 5247 1359 5302 enim
1411 5255 1563 5311 sunt,
1607 5247 1702 5316 qui
1737 5256 1910 5301 totum
1940 5260 2078 5316 pene

2184 5247 2389 5318 μαίοις.
2433 5245 2685 5316 Ἐτέρους
2715 5245 2770 5297 δὲ
2797 5242 3002 5314 χιλίους
3031 5241 3252 5294 ὄπισθεν
3279 5239 3459 5293 αὐτῶν
3481 5239 3718 5306 ἐπέστησε

1761 5384 1979 5446 Jacobi
2015 5385 2282 5448 Pontani
2318 5395 2504 5447 notae.

579 5516 692 5588 (εἰεί)
735 5517 866 5572 Tale
919 5527 1092 5588 genus
1148 5530 1346 5586 pugna:
1389 5511 1560 5567 habes
1611 5516 1751 5583 apud
1804 5511 2076 5565 Maronem

509 5588 606 5642 lib.
638 5603 695 5644 ιι.

583 5657 672 5710 Bis
705 5657 888 5712 Thusri
921 5655 1142 5712 Rutulos
1161 5673 1314 5727 egere
1336 5655 1405 5722 a_d
1438 5657 1627 5708 mamia
1660 5667 1856 5717 versos,
1947 5701 1950 5704 .

585 5728 674 5781 Bis
705 5727 884 5797 rejecti
911 5729 1076 5783 armis
1115 5733 1412 5795 respectant
1448 5734 1593 5797 terga
1621 5732 1848 5797 tegentes
1878 5737 1895 5774 :

589 5791 770 5853 Tertid
799 5800 888 5851 sed
913 5791 1486 5870 postquam'congressi
1515 5791 1566 5846 in
1609 5791 1817 5862 pra'lia,
1838 5801 1944 5844 etc.

589 5886 702 5961 (56)
731 5887 820 5944 Sic
843 5889 1030 5944 Parthi
1061 5901 1300 5959 pugnare
1331 5891 1754 5940 consueverant.
1791 5879 1942 5936 Unde
1975 5878 2084 5932 Ilo-

2181 5519 2288 5565 rat.
2317 5509 2434 5565 Ode
2467 5510 2555 5574 l9,
2585 5509 2686 5564 lib.
2715 5525 2752 5561 ι.

2259 5601 2330 5656 Et
2371 5601 2534 5654 versis
2572 5600 2872 5653 animosum
2903 5596 3048 5667 equis
3088 5591 3365 5648 Parthum.

2183 5705 2499 5785 Fugientes.
2559 5713 2807 5782 inquam,
2863 5727 2928 5766 ex
2971 5709 3128 5779 equis
3187 5704 3523 5777 pugnabant.
3567 5701 3713 5770 Virgi-

2183 5783 2292 5840 lius
2323 5785 2378 5837 5.
2397 5783 2595 5853 Georg.

2262 5873 2637 5945 Fidenlemque
2666 5875 2788 5946 fuga
2821 5873 3092 5938 Parthum,
3134 5874 3394 5942 versisque
3411 5872 3618 5941 sagittis.
