3902 6582
113 390 254 456 45⁸1
1311 389 1862 456 HISTORIARUM
1900 389 2134 453 LIBER
2179 393 2252 451 II.
2367 421 2378 433 -
3299 409 3403 472 453

18 508 74 548 ετς
115 509 354 576 Δείσας
403 511 458 564 δὲ
495 510 593 582 μὴ,
620 511 756 582 ὅπερ
805 511 1048 578 ἐγένετο,
1083 508 1212 581 περι
1267 509 1363 563 τοῦ
1412 509 1734 580 τραύματος
1775 507 1944 561 αὐτοῦ
1981 508 2186 578 ἑτέρως
2224 507 2255 578 ἢ
2317 510 2392 572 ὡς
2455 508 2567 578 ἔχει
2611 511 2882 584 φημισοῇ.
2916 515 3101 586 ἐδήλου
3145 520 3237 574 καὶ
3274 526 3402 594 περὶ

19 611 80 640 λ·
115 602 349 670 αὑτοῦ,
401 602 474 666 ὡς
506 602 743 674 τρωθείη
782 603 880 672 μὲν
921 602 1015 655 τὸν
1045 602 1244 672 μηρὸν,
1283 601 1545 670 οὐδεμίαν
1593 601 1649 654 δὲ
1679 601 1740 654 τδ
1777 600 2002 670 τραῦμα
2053 599 2200 671 ἔχειν
2232 600 2488 670 ὑποψίαν,
2530 605 2648 656 οὐδὲ
2716 606 2802 660 διὰ
2829 609 2987 663 τοῦτο
3019 611 3118 681 τὴν
3143 615 3402 670 ἐπάνοδον

19 685 51 734 ῑῗε
117 696 457 760 ποιεῖσθαι,
492 695 612 749 ἀλλ’
637 695 786 748 οὕτω
808 695 968 760 δόξαν
1022 696 1324 749 λυσιτελεῖν
1381 696 1478 749 καὶ
1537 696 1672 766 πρὶν
1729 697 2031 768 τρωθῆναι.
2076 698 2134 752 Ὀ
2183 698 2354 769 μέγας
2408 699 2463 753 δὲ
2518 701 3011 772 δο,.ι.ἐστικος,ὲπεὶ
3042 709 3112 763 τὰ
3138 715 3265 784 περὶ
3303 715 3402 782 τὴν

18 796 48 824 ῑι·
125 787 586 854 στρατοπεδείαν
647 789 1023 858 κατεστήσατο
1081 787 1286 852 καλῶς,
1336 789 1497 862 ὅσους
1549 788 1728 854 ἔδοξεν
1769 787 1920 860 αὐτῷ
1955 791 2052 861 τῆς
2115 793 2376 861 στρατιᾶς
2445 794 2804 862 παραλαϐὼν,
2841 800 2983 852 κατά
3016 801 3114 870 τὴν
3152 804 3404 874 είσϐολὴν

21 891 66 926 ‘.;
121 880 244 932 τοῦ
303 881 693 952 στρατοπέδου.
741 884 867 936 ἐπεὶ
919 883 1184 952 ἐπεφύκει
1231 883 1416 948 καλῶς
1477 883 1730 954 καθάπερ
1773 883 1966 954 ἰσθμὸς
2038 883 2172 938 οὐσα
2240 886 2426 958 στενὴ,
2461 887 2554 939 τοῦ
2613 888 2825 944 ἔνδοθεν
2865 894 3097 948 ἐπιπολὺ
3138 898 3405 950 πλατυνο-

29 988 80 1024 :-_
127 971 351 1039 μένου,
397 973 662 1042 ηὐλίσατο
715 977 815 1046 τὴν
870 977 1064 1045 νύκτα,
1106 977 1358 1049 φυλακῆς
1410 977 1598 1031 ἐνεκεν
1671 976 1770 1046 τῆς
1811 977 2095 1046 στρατιᾶς.

1483 1120 1651 1190 213
1684 1118 1912 1177 CAPUT
1955 1121 2089 1177 vut.

42 1275 74 1305 ε’,
129 1238 376 1290 Laudat
413 1252 507 1307 pro
540 1239 786 1291 concione
832 1237 1097 1292 Romanos
1153 1237 1424 1294 Orchaues
1467 1239 1550 1294 uel
1578 1239 1771 1305 hostis;
1801 1240 1855 1294 in
1903 1239 2075 1296 locum
2117 1246 2361 1299 tutiorem
2403 1247 2781 1300 abscedendum
2832 1248 3037 1304 suadet.
3093 1248 3407 1304 Dissuadent

76 1307 80 1309 ’
215 1324 400 1386 senes,
428 1317 476 1360 et
506 1309 852 1386 quaratione
889 1310 944 1361 in
979 1309 1158 1386 eodem
1189 1309 1300 1362 loco
1333 1311 1656 1386 monendum
1710 1312 1801 1386 sit,
1825 1311 2070 1386 edocent.
2112 1313 2320 1386 Duplex
2353 1318 2419 1369 de
2471 1319 2790 1385 imperatore
2828 1334 2921 1386 per
2950 1329 3125 1373 castra
3155 1336 3332 1372 rumor
3357 1328 3405 1372 et

218 1378 460 1452 militum
500 1378 823 1452 trepidatio;
875 1394 1098 1452 quorum
1133 1379 1315 1448 fugam
1367 1381 1675 1452 domesticus
1723 1380 1960 1435 inhibere
2007 1378 2209 1452 nequit;
2268 1378 2648 1452 Imperatorem
2700 1378 2865 1440 lembo
2906 1397 3106 1442 vectum
3149 1388 3409 1445 Constan-

217 1446 488 1569 tinlopoiin
535 1446 736 1514 frustra
778 1446 989 1516 quierit.
1038 1446 1309 1503 Exercitus
1355 1451 1557 1520 fugiens
1603 1451 1659 1504 in
1686 1460 1916 1520 quatuor
1951 1446 2144 1523 oppida
2197 1470 2251 1508 se
2289 1446 2553 1526 dispertit.
2594 1457 2747 1525 Apud
2782 1456 3126 1512 Philocrenen
3193 1467 3405 1528 accepta

217 1533 287 1569 ca
318 1527 529 1569 omitas.

215 1527 529 1571 calamitas.

22 1657 86 1734 ᾖ·
240 1659 516 1729 ὀρχάνης
549 1657 627 1723 δὲ,
664 1659 788 1712 ἐπεὶ
821 1661 1122 1716 ἐπελάϐετο
1151 1665 1184 1734 ὴ
1210 1663 1327 1730 νὺξ.
1362 1670 1488 1726 τοὺς
1522 1663 1612 1716 ὐπ’
1639 1663 1734 1715 αὐ-

1908 1659 2210 1728 Orcbanes,
2265 1674 2554 1736 postquam
2591 1669 3028 1735 contenebravit,
3065 1675 3271 1728 coactis
3316 1689 3406 1729 sa-

136 1751 253 1802 ἐδ-θ
299 1753 586 1820 σατράπας
613 1751 825 1813 πάντας
857 1753 1208 1821 συναγαγὼνς
1245 1756 1356 1826 Τὴν
1400 1755 1500 1824 μὲν
1539 1755 1734 1824 ἕρπει’

1836 1754 2009 1822 trapis
2035 1755 2170 1820 suis,
2203 1757 2330 1810 talia
2362 1759 2528 1813 verba
2560 1759 2824 1816 disseruit
2855 1779 2869 1817 :
2914 1764 3087 1828 Qua
3136 1766 3246 1817 sint
3277 1764 3403 1818 belli

144 1840 305 1910 ρίαν,
342 1837 483 1902 εἷπε,
508 1841 605 1893 καὶ⁸
638 1842 736 1911 τὴν
765 1842 968 1912 τόλμαν
999 1843 1108 1896 τῶν
1147 1845 1438 1914 Ῥωμαίων
1462 1845 1564 1914 τὴν
1591 1843 1732 1898 κατά

49 1943 72 1970 ι
143 1932 261 1993 τὰς
298 1932 502 2000 μάχας,
553 1932 748 1987 οὐδένα
780 1933 1025 2004 σήμερον
1059 1933 1216 2004 ὑμῶν
1261 1934 1446 2005 οἴομαι
1471 1937 1735 2005 ἠγνοηκέ-

140 2039 274 2077 ναι.
299 2023 452 2076 Δσκῶ
477 2023 533 2076 δέ
559 2041 651 2092 μοι
682 2025 775 2076 καὶ
799 2025 1000 2089 αὐτοὺς
1031 2025 1098 2078 ἀν
1122 2028 1246 2096 ἐμοὶ
1275 2027 1731 2098 συνομολογῆσαι,

140 2111 232 2173 ὡς
266 2113 381 2167 οὔτ’
405 2113 491 2183 ἐφ’
513 2113 692 2184 ἡμῶν,
722 2113 832 2169 οὔτ’
859 2116 952 2168 ἐπὶ
983 2115 1092 2169 τῶν
1130 2118 1416 2190 ἡμετέρων
1451 2118 1734 2188 προγόνων

27 2214 76 2246 ar;
143 2205 344 2272 ἕτεροί
377 2222 526 2270 τινες
560 2205 850 2277 Ῥωμαίων
874 2206 1049 2272 οὕτως
1075 2209 1317 2273 εὐκλεῶς
1361 2209 1504 2278 ἄγαν
1534 2210 1736 2280 ἡγωνι-

21 2309 77 2338 :.=.r
151 2314 334 2351 σαντο
366 2299 462 2353 καὶ
498 2299 639 2368 μετά
677 2300 862 2370 πάσης
892 2301 1212 2372 ἐμπειρίας.
1261 2301 1362 2356 Διά
1393 2302 1580 2373 πάσης
1624 2300 1734 2372 γὰρ

151 2331 334 2351 ...μιν
368 2331 462 2353 ut.
498 2331 639 2368 μιν..
677 2331 858 2370 τιαυιμ,
892 2331 1212 2372 ιμνιιιψιυις.
1261 2331 1362 2356 tua
1393 2331 1577 2373 τιαυιμ,
1627 2331 1734 2372 με,

27 2386 74 2433 ῖῖ·
153 2389 384 2458 ἡμέρας
428 2391 608 2460 ἡμῶν,
651 2391 684 2462 ἢ
719 2392 928 2464 ἀπάτῃ,
975 2392 1007 2462 ἢ
1051 2391 1336 2463 ἐκπλήξει,
1370 2393 1404 2462 ἢ
1457 2393 1601 2463 ὀρμῇ
1639 2391 1735 2444 καὶ

25 2501 66 2526 ιη
145 2480 468 2551 θρασύτητι
492 2483 808 2554 παραϐόλῳ,
831 2483 864 2553 ἢ
891 2483 975 2537 ἐνὶ
994 2483 1058 2551 γέ
1089 2501 1166 2554 τῳ
1187 2483 1373 2554 τρόπῳ
1395 2485 1476 2547 είς
1506 2481 1733 2547 ἀταξίαν

42 2577 62 2624 3.
152 2570 365 2632 αὐτοὺς
391 2573 749 2642 πειρωμένων
795 2573 1078 2642 ἐμϐαλεῖν,
1115 2575 1163 2627 oi
1215 2572 1260 2626 δ’
1313 2572 1465 2629 οὐδὲν
1529 2572 1732 2642 μᾶλλον

21 2687 58 2717 -.;
153 2661 506 2730 ἐκινήθησαν
563 2661 659 2714 τοῦ
714 2665 1092 2734 προσήκοντος
1137 2665 1486 2736 φρονήματος
1520 2663 1776 2730 αὐτοῖς,’

31 2775 40 2805 ;
150 2751 281 2804 ἀλλ’
309 2753 574 2824 ἐμπειρίᾳ
620 2753 718 2824 μὲν
761 2755 1035 2822 ἐφύλαξαν
1071 2755 1171 2826 τὴν
1215 2755 1398 2823 τάξιν,
1430 2756 1626 2827 ἀνδρία
1673 2755 1731 2808 δὲ

47 2866 52 2870 ·
156 2843 264 2896 καὶ
295 2845 529 2917 εὐψυχίᾳ
559 2846 845 2918 κρείττους
889 2848 978 2901 ἀεὶ
1021 2848 1340 2918 φαινόμενοι
1373 2848 1556 2919 ἡμῶν,
1586 2848 1728 2902 ἀπέο

35 2985 40 2990 .
150 2953 388 2991 κτειναν
444 2940 544 3006 μὲν
591 2939 818 3000 πολλοὺς
849 2941 1012 3010 ἡμῶν
1037 2956 1050 2971 ·
1086 2941 1312 2995 ἐκείνων
1351 2941 1409 2994 δὲ
1457 2938 1728 2995 ἀπέθανον

1834 1843 2094 1908 scientes,
2123 1861 2397 1917 manuque
2437 1851 2674 1919 prompti
2718 1851 2974 1917 Romani,
3010 1854 3286 1907 neminem
3314 1868 3405 1907 ve-

1835 1941 2010 1989 strum
2040 1936 2204 1992 hodie
2233 1941 2450 1994 nescire
2480 1941 2700 2009 opinor,
2743 1942 2982 2012 novique
3022 1958 3122 2012 pro
3145 1954 3319 2008 certo,
3349 1957 3406 1998 et

1833 2041 1933 2082 vos
1963 2027 2098 2082 mihi
2131 2044 2475 2096 assensuros,
2501 2048 2680 2102 neque
2723 2036 2929 2089 nostris
2947 2071 2967 2101 -,
3003 2051 3183 2105 neque
3231 2039 3404 2107 majo-

1835 2133 1958 2173 rum
1973 2130 2286 2175 nostrorum
2306 2124 2523 2178 scentis
2542 2123 2978 2194 Romanosjalios
2999 2143 3122 2181 cum
3145 2137 3290 2182 tanta
3309 2145 3407 2182 no-

1834 2210 1999 2265 minis
2017 2211 2103 2266 sui
2121 2212 2313 2283 gloria,
2335 2222 2556 2284 tamque
2574 2217 2836 2286 singulari
2852 2219 3047 2287 peritia
3067 2220 3402 2275 decertasse.

1833 2297 1971 2354 Cum
2010 2300 2157 2356 enim
2184 2317 2281 2371 per
2299 2313 2474 2358 totum
2501 2305 2642 2359 diem
2668 2316 2763 2360 aut
2779 2307 3020 2372 fallacia,
3054 2319 3146 2363 aut
3170 2319 3400 2376 terrore,

1833 2397 1928 2444 aut
1965 2389 2172 2461 impetu
2213 2392 2404 2447 audaci
2451 2409 2516 2448 ac
2549 2396 2863 2466 repentino,
2910 2407 3006 2453 aut
3030 2399 3138 2454 alio
3166 2400 3402 2471 denique

1834 2479 1997 2535 modo
2009 2481 2234 2537 ordines
2251 2497 2440 2538 eorum
2461 2485 2775 2540 disturbare
2794 2502 3146 2554 conaremur,
3168 2491 3271 2557 ipsi
3302 2505 3404 2544 nec

1835 2571 2113 2627 tantillum
2143 2587 2174 2626 a
2205 2574 2426 2643 propria
2479 2575 2586 2630 sibi
2626 2577 2921 2632 altitudine
2965 2580 3134 2633 animi
3166 2580 3406 2634 deﬂexe-

1834 2669 1984 2726 runt,
2014 2661 2108 2716 sed
2127 2677 2233 2732 qua
2251 2665 2434 2718 valent
2453 2664 2768 2734 disciplina,
2791 2667 3058 2722 stationes
3090 2681 3404 2724 servarunt.

1828 2751 2154 2808 fortitudine
2177 2761 2364 2809 autem
2394 2754 2676 2824 animique
2711 2757 3027 2824 praestantia
3053 2772 3274 2827 semper
3311 2775 3410 2813 no-

1830 2845 1919 2901 bis
1948 2845 2224 2911 meliores,
2254 2848 2571 2916 complures
2603 2860 2850 2904 nostrum
2867 2848 3012 2906 Orco
3041 2851 3403 2916 demiserunt,

1832 2953 1904 2993 ne
1954 2938 2149 3008 paucis
2181 2939 2405 3008 quidem
2447 2941 2513 2996 de
2547 2955 2740 2996 eorum
2773 2958 3006 2998 numero
3053 2945 3402 3000 desideratis.

147 3028 286 3082 οὐδὲ
313 3029 517 3096 ὀλίγοιο
549 3033 643 3084 καὶ
672 3031 732 3084 τὸ
762 3032 829 3102 δὴ
855 3031 1326 3104 θαυμαστότερον,
1352 3034 1435 3087 ὅτι
1461 3035 1557 3087 καὶ
1592 3034 1734 3104 μετά

1836 3029 2104 3100 Quodque
2148 3030 2459 3085 mirabilius
2504 3042 2608 3095 est,
2639 3032 2803 3087 etiam
2853 3034 2908 3088 in
2953 3046 3130 3090 castra
3167 3052 3229 3091 se
3262 3039 3407 3094 reci-

150 3119 264 3189 -εὴν
307 3120 598 3186 ἀνάζευξιν
647 3123 742 3192 τῆς
799 3126 1063 3194 στρατιᾶς
1094 3124 1292 3194 ὀλίγων
1342 3127 1506 3179 τινῶν
1555 3126 1732 3180 ὀπίσω

155 3212 591 3282 ὑπολιπομένων
615 3255 630 3280 ,
683 3214 1126 3278 πολλαπλασίους
1180 3217 1244 3270 ἐκ
1301 3218 1409 3270 τῶν
1445 3217 1733 3289 ἡμετέρων

157 3305 486 3376 ἐπιθέμενοι
537 3307 740 3370 αὐτοῖς,
777 3307 835 3360 οὐ
874 3309 1035 3378 μόνον
1079 3309 1140 3361 οὐ
1193 3309 1574 3379 περιεγένοντο
1633 3311 1733 3365 αὐ-

30 3361 40 3457 ¹ς
151 3399 297 3464 τῶν,
333 3361 472 3452 ἀλλά
519 3361 751 3452 καὶ
804 3361 1023 3454 οἰκείων
1054 3361 1332 3456 ἀπέϐαλον
1362 3361 1489 3465 τούς
1537 3403 1760 3474 ἀνδρίᾳ,

159 3491 404 3554 μάλιστα
435 3493 763 3562 προέχοντας
821 3493 917 3545 καὶ
967 3494 1175 3564 τόλμῃο
1234 3496 1329 3547 καὶ
1363 3495 1481 3563 μετ’
1531 3495 1731 3558 αὐτοὺς

157 3574 334 3628 πάλιν
360 3580 582 3650 ἐτέρων,
623 3581 868 3650 καίτοιγε
892 3583 1156 3653 ἀνοήτως,
1185 3583 1612 3651 προσϐαλόντων
1636 3586 1731 3636 καὶ

157 3666 392 3733 φαύλως
422 3669 869 3740 ἀγωνισαμένων,
900 3673 960 3726 τὸ
986 3674 1188 3740 δοκεῖν,
1220 3674 1294 3738 ὡς
1325 3677 1427 3745 ἐμὲ
1479 3676 1732 3747 οἰηθῆναι

161 3758 377 3820 πάντας
400 3761 594 3822 αὐτοὺς
638 3761 956 3833 διαφθερεῖν
987 3765 1156 3833 ἡμᾶς,
1185 3767 1336 3834 ὅμως
1362 3766 1503 3837 πλὴν
1534 3767 1732 3832 ὀλίγων

156 3851 276 3903 τῶν
301 3852 600 3918 πεσόντων,
643 3856 691 3906 oi
739 3857 889 3909 ἄλλοι
931 3858 1132 3921 πάντες
1163 3860 1314 3930 παρά
1359 3860 1518 3926 δόξαν
1546 3861 1734 3914 διεσώ-

157 3942 365 4012 θησαν.
402 3936 502 3996 Ὦν
544 3961 636 4014 μοι
670 3946 765 4000 καὶ
787 3947 936 4000 δοκεί
967 3948 1058 4002 τὸν
1088 3951 1394 4020 στρατηγὸν
1421 3952 1448 4004 ό
1479 3952 1734 4020 βασιλεὺς

156 4035 262 4099 τῆς
299 4034 525 4099 ἀταξίας
553 4037 718 4090 ἕνεκα
748 4041 828 4101 εἰς
851 4039 950 4109 τὴν
979 4042 1258 4110 σωτηρίαν
1289 4041 1616 4112 ζημιώσειν.
1638 4043 1735 4096 Ἐκ

156 4127 350 4180 τοίνυν
373 4127 576 4180 τούτων
617 4128 835 4182 πάντων
865 4131 1012 4193 είκδς
1039 4133 1133 4185 τὸν
1165 4133 1394 4202 βασιλέα
1421 4135 1631 4188 οῐεσθαι
1653 4138 1734 4198 είς

156 4218 265 4288 τὴν
297 4220 596 4292 ὑστεραίαν
629 4221 832 4291 μᾶλλον
868 4223 900 4283 ἢ
947 4226 1218 4294 πρότερον
1262 4224 1570 4296 θαρροῦντα
1601 4219 1733 4297 ἡμῖν

159 4313 621 4380 ἐπιστρατεύσειν
646 4331 660 4346 ·
693 4315 840 4385 ἡμᾶς
892 4316 947 4368 δὲ
979 4316 1054 4387 μὴ
1103 4317 1438 4386 δυναμένους
1465 4318 1599 4391 πρὸς
1634 4319 1732 4389 τὴν

163 4404 357 4473 μάχην
391 4404 684 4471 ἀντισχεῖν,
720 4407 946 4474 φεύγειν
998 4407 1213 4478 ἀνάγκη
1260 4407 1598 4478 ἡττηθέντας
1645 4409 1734 4461 αι.

162 4494 350 4563 σχρῶς
386 4495 480 4546 καὶ
514 4494 780 4563 ἀγεννῶς.
814 4499 877 4550 El
907 4497 964 4551 δὲ
1012 4498 1188 4570 παρδν
1217 4499 1522 4562 ἀκινδύνως
1569 4497 1737 4563 σώζε-

162 4584 316 4645 σθαι,
374 4585 468 4636 καὶ
506 4585 730 4652 προσέτι
789 4588 887 4637 καὶ
917 4588 1016 4658 τὴν
1051 4589 1115 4641 ἐκ
1160 4591 1259 4658 τῆς
1303 4590 1476 4660 ἥττης
1517 4589 1735 4654 ἀδοξίαν

159 4674 474 4742 διαφυγεῖν,
512 4675 712 4744 (οὐδεὶς
739 4677 848 4747 γὰρ
877 4678 944 4730 ἂν
977 4680 1112 4747 ἡμῖν
1155 4681 1434 4750 μέμψαιτο
1463 4683 1572 4735 τῶν
1612 4683 1735 4736 νοῦν

143 4760 399 4834 ’ἐχόντων
427 4767 517 4820 τδν
566 4767 845 4838 προῦπτον
897 4774 1407 4843 παραιτησαμένοις
1439 4775 1732 4846 κίνδυνον),

161 4859 344 4910 ἔπειθ’
381 4859 485 4910 ὐπὸ
525 4859 862 4926 φιλονεικίας
908 4863 988 4924 είς
1031 4863 1161 4926 τοὺς
1201 4863 1464 4934 ἐσχάτους
1511 4866 1734 4930 ἑαυτοὺς

162 4954 590 5020 καταστήσομεν
618 4950 925 5015 κινδύνους,
965 4953 1065 5006 οὐκ
1089 4954 1200 5024 ἀρα
1234 4955 1459 5026 δόξομεν
1481 4957 1738 5026 ἀνοηταί-

163 5060 278 5095 νειν
308 5044 404 5097 καὶ
437 5041 808 5095 ἐπιϐουλεύειν
845 5045 1091 5110 ἐαυτοῖς;
1121 5046 1215 5099 Διδ
1234 5046 1296 5116 δή
1329 5063 1418 5117 μοι
1453 5049 1543 5100 καὶ
1564 5047 1734 5116 δοκεῖ,

163 5135 320 5188 τουτὶ
371 5135 470 5203 μὲν
512 5135 572 5188 τὸ
626 5134 991 5203 στρατόπεδον
1037 5137 1383 5202 καταλιπεῖν,
1437 5139 1634 5209 ἐτέρας
1680 5141 1737 5194 δὲ

166 5227 371 5288 πολλὰς
413 5229 796 5296 ἀναχωρήσεις
822 5227 1177 5297 ὀχυρωτάτας
1208 5231 1305 5282 καὶ
1335 5231 1736 5303 δυσπροσόδους

168 5319 386 5388 ἔχοντος
411 5319 506 5371 τοῦ
540 5317 733 5382 τόπου,
763 5318 842 5380 είς
888 5334 1013 5371 τινα
1043 5319 1224 5372 αὐτῶν
1255 5321 1448 5385 ἐλθεῖν,
1489 5327 1651 5375 κακεῖ
1675 5323 1736 5374 τὸ

164 5411 585 5480 ἀποϐησόμενον
620 5411 963 5480 περιμένειν.
1003 5411 1225 5464 Βέλτιον
1251 5415 1359 5481 γάρ
1391 5413 1530 5482 μετὰ
1552 5414 1737 5477 ἀδείας

162 5504 497 5570 ἀναχωρεῖν,
551 5501 583 5571 ἢ
648 5502 875 5569 φεύγειν
912 5503 1019 5555 τῶν
1065 5504 1353 5573 Ῥωμαίων
1405 5504 1731 5560 διωκόντων.

163 5594 408 5648 Τοιαῦτα
441 5593 828 5664 μὲνὈρχάνης
858 5594 993 5662 μετά
1024 5593 1134 5648 τῶν
1163 5597 1220 5646 ἐν
1254 5596 1396 5647 τέλει
1419 5594 1736 5650 ἐϐουλεύετο

1837 3121 2024 3188 piente
2068 3119 2334 3184 exercitu,
2371 3134 2495 3173 eum
2548 3121 2692 3175 haud
2745 3122 2820 3176 ita
2874 3122 3031 3178 multi
3079 3124 3404 3189 rediissem,

1838 3227 2049 3283 eosque
2081 3215 2148 3268 de
2176 3213 2333 3268 nobis
2352 3213 2524 3272 multo
2574 3214 2760 3283 plures
2795 3215 3144 3282 invasissent,
3194 3228 3404 3272 tantum

1838 3309 2018 3373 abest,
2054 3316 2112 3362 ut
2164 3321 2260 3362 eos
2311 3306 2570 3374 vicerint,
2605 3313 2663 3361 ut
2710 3309 2875 3362 etiam
2917 3308 2986 3365 de
3035 3311 3151 3365 suis
3203 3311 3406 3364 virtute

1839 3410 1894 3455 et
1940 3399 2224 3454 alacritate
2289 3398 2449 3467 longe
2521 3399 2831 3469 praecipuos
2899 3400 3223 3455 amiserunt.
3278 3401 3409 3456 Post

1835 3505 2067 3547 eoscum
2089 3491 2438 3555 alii,tametsi
2462 3491 2858 3560 imprudenter,
2909 3492 2963 3546 in
3010 3507 3110 3548 nos
3147 3493 3409 3547 incurris-

1835 3594 1956 3639 sent
1999 3583 2367 3652 infausteque,
2394 3591 2452 3637 ut
2481 3584 2797 3654 apparebat,
2826 3597 3156 3655 pugnassent
3180 3588 3264 3657 (ut
3291 3599 3410 3639 cre-

1835 3673 2070 3729 diderim
2135 3691 2327 3729 omnes
2386 3674 2453 3728 ad
2511 3691 2678 3727 unum
2759 3675 3014 3730 manibus
3076 3676 3279 3730 nostris
3327 3674 3410 3727 iu-

1833 3767 2122 3834 teriectum
2172 3767 2286 3833 iri),
2313 3775 2494 3820 tamen
2523 3765 2756 3834 demptis
2787 3782 2893 3820 non
2944 3768 3016 3821 ita
3056 3768 3263 3833 multis,
3300 3781 3406 3820 cat-

1835 3857 1936 3912 teri
1969 3871 2160 3910 omnes
2187 3871 2382 3925 praeter
2421 3856 2740 3924 Opinionem
2784 3865 3118 3911 evaserunt:
3170 3871 3405 3925 quorum

1834 3950 2000 4004 etiam
2033 3949 2225 4003 ducem
2259 3949 2578 4018 imperator,
2608 3959 2832 4018 prepter
2862 3949 3110 4003 ordinem
3138 3963 3248 4002 non
3286 3962 3403 4001 ser-

1835 4049 2042 4106 vatum,
2088 4039 2403 4094 salutariter
2438 4040 2764 4093 multaturus
2799 4039 3034 4093 videtur.
3075 4040 3150 4092 Ex
3178 4039 3265 4092 his
3315 4053 3409 4092 ve.-

1836 4132 2064 4186 risimile
2112 4129 2190 4197 ﬁt,
2229 4131 2384 4184 illum
2431 4130 2736 4200 majoribus
2782 4145 2946 4200 quem
2991 4139 3150 4183 antea
3203 4129 3410 4198 spiriti-

1837 4219 1941 4274 b‘us
1973 4221 2094 4276 luce
2126 4218 2364 4275 crastina
2402 4233 2508 4273 nos
2538 4233 2949 4290 aggressurum.
2979 4234 3079 4274 nos
3101 4229 3284 4273 autem
3321 4228 3408 4272 ut-

1757 4348 1804 4408 ο
1839 4322 1966 4384 pote
1987 4313 2054 4368 ad
2077 4313 2443 4368 resistendum
2491 4313 2794 4368 imbecilles
2825 4321 2881 4366 et
2911 4313 3106 4378 victos,
3145 4309 3407 4367 illiberali

1839 4419 1903 4458 ac
1939 4403 2085 4475 turpi
2116 4403 2244 4473 iuga
2295 4404 2528 4457 salutem
2581 4403 2826 4458 volentes
2864 4403 3224 4472 nolentesque
3265 4405 3410 4472 peti-

1842 4506 2015 4551 turos.
2045 4494 2199 4560 Quod
2230 4493 2300 4558 si,
2340 4509 2466 4548 cum
2499 4494 2670 4548 vitato
2717 4492 3039 4548 discrimine
3077 4493 3244 4547 salvis
3286 4507 3407 4547 esse

1836 4596 1890 4642 et
1921 4587 2218 4656 ignominia
2248 4601 2364 4656 quae
2387 4585 2562 4640 victos
2591 4585 2862 4655 sequitur,
2882 4601 3070 4642 carere
3101 4586 3259 4641 liceat
3285 4586 3407 4656 (ne-

1836 4694 1928 4734 mo
1959 4678 2231 4747 siquidem
2255 4676 2608 4746 prudentium
2633 4679 3020 4746 reprehendet,
3050 4678 3093 4731 si
3115 4678 3404 4746 praevisum

1837 4768 2140 4839 periculum
2171 4781 2201 4819 a
2230 4765 2392 4819 nobis
2424 4765 2805 4836 detestemur),
2831 4779 2896 4818 ex
2933 4767 3280 4819 aemulatione
3315 4779 3412 4818 cx—

1838 4871 2012 4916 trema
2038 4857 2286 4930 pericula
2319 4857 2593 4912 nobismet
2623 4857 3015 4919 creavetimus,
3053 4871 3120 4909 au
3165 4871 3272 4909 non
3316 4857 3408 4908 dc-

1839 4956 2043 5026 sipere,
2067 4963 2123 5008 et
2147 4951 2250 5022 ipsi
2275 4950 2550 5020 capitibu
2581 4950 2784 5003 nostris
2807 4958 3014 5017 pestem
3035 4957 3251 5002 struere
3279 4962 3405 5001 cen-

1839 5047 2082 5102 sebimur
2101 5044 2124 5097 ?
2146 5043 2308 5113 219
2332 5041 2697 5108 Quamobrem
2731 5041 2860 5095 hinc
2903 5039 3316 5101 discedendum,
3350 5049 3406 5092 et

1838 5137 2098 5208 quoniam
2153 5134 2303 5206 regio
2326 5134 2463 5189 alios
2498 5131 2834 5202 complures,
2871 5130 3400 5199 munitissimosque,

1838 5235 1893 5282 ct
1919 5225 2220 5295 i-mpervios
2250 5239 2506 5278 recessus
2528 5222 2716 5287 habet,
2739 5222 2974 5292 aliquem
2995 5222 3400 5290 occupandum,

1837 5326 1894 5371 et
1935 5316 2047 5371 illic
2094 5323 2351 5370 eventum
2404 5313 2836 5383 exspectandum
2901 5311 3110 5381 judico.
3176 5313 3406 5380 Impune

1839 5410 2008 5472 enim,
2051 5419 2257 5462 etcum
2313 5407 2609 5462 securitate
2662 5408 2942 5471 recedere,
3002 5421 3164 5476 quam
3224 5422 3405 5476 perse-

1837 5499 2135 5569 quentibus
2155 5498 2422 5554 Romanis
2447 5497 2651 5568 [υκαι-ε,
2675 5506 2897 5566 praestat
2927 5497 3134 5566 utique.
3165 5495 3289 5552 llaec
3307 5497 3406 5553 Or-

1843 5595 2049 5649 cbanes
2075 5591 2143 5646 ad
2180 5591 2374 5645 Persas
2405 5604 2662 5660 proceres
2693 5608 2707 5643 :
2743 5605 2863 5659 qua:
2897 5600 2955 5642 ut
2980 5600 3128 5643 recta
3173 5591 3325 5644 Valde
3349 5600 3405 5643 et

163 5686 415 5755 Περσῶν,
443 5687 537 5738 καὶ
581 5685 755 5738 ἐδόκει
797 5685 995 5754 ἄριστα
1037 5682 1180 5740 εἶναι
1221 5688 1316 5741 καὶ
1347 5687 1734 5743 λυσιτελοῦντα

1845 5687 2000 5742 utilia
2027 5685 2270 5738 omnium
2301 5681 2576 5751 suﬂ'ragiis
2601 5679 3086 5736 conﬁrmabantur.
3138 5681 3404 5736 Caeterum

161 5778 400 5842 ἑαυτοῖς,
451 5778 546 5830 καὶ
580 5776 984 5846 ἐπεψηφίζοντο
1042 5779 1265 5842 πάντες.
1323 5779 1641 5851 Κολαούςης
1679 5781 1736 5834 δὲ

408 5872 650 5933 Parnm.
705 5874 820 5933 Gn.
861 5869 1064 5933 CLIII.

1842 5778 2102 5835 Colauses
2133 5773 2450 5844 Salingaris,
2477 5771 2868 5842 etCatargialus
2896 5773 3230 5827 Pachaturcs
3250 5783 3408 5828 atate

2984 5866 3056 5925 15
