3902 6616
499 438 602 504 471

1683 442 2009 504 JOANNIS
2047 443 2583 508 CANTACUZENI
3684 431 3752 493 ιτι

503 551 578 605 ita
610 550 834 605 allectus
863 566 920 604 es
950 565 1076 621 erga
1122 568 1230 618 me,
1273 562 1332 608 ut
1373 569 1474 625 ego
1521 570 1647 624 erga
1704 565 1777 619 te,
1805 565 1885 610 ret
1930 555 2069 610 idem

2198 557 2353 625 ιέγας
2392 554 2712 625 δομέστικος
2754 552 2921 622 ἔχειν,
2967 551 3063 606 καὶ
3091 549 3199 606 ἀεί
3241 563 3313 601 τε
3364 541 3753 610 adque-Zizaim

503 641 648 711 quod
697 657 796 710 ego
853 641 1144 711 proﬁteris,
1180 659 1289 698 non
1341 655 1424 699 est
1463 645 1764 700 secundum
1811 646 2073 700 rationem

503 733 837 796 existimare,
865 735 1169 788 orationem
1200 746 1345 790 tuam
1369 738 1512 806 apud
1538 753 1622 790 me
1640 737 1822 792 valere
1854 737 2072 800 debere,

501 837 682 880 meam
715 825 855 893 apud
898 833 948 878 te
976 842 1087 880 non
1121 827 1270 881 item.
1307 826 1362 880 Si
1393 828 1558 896 igitur
1583 828 1636 881 in
1671 841 1900 896 utroque
1927 843 2076 882 eam-

507 911 632 967 dem
668 914 776 967 vim
809 913 970 968 habet
1002 915 1259 986 idemque
1301 917 1466 980 valet,
1499 917 1655 972 decet
1683 927 1740 970 ut
1769 926 1824 970 tu
1857 931 2074 986 quoque

508 1006 656 1075 quod
690 1019 791 1074 ego
813 1005 999 1058 malim
1041 1005 1093 1060 id
1120 1017 1363 1076 praestes,
1396 1023 1519 1061 cum
1556 1007 1854 1078 przesertim
1885 1006 1953 1060 de
1989 1021 2075 1060 me

510 1096 583 1150 sit
609 1095 910 1165 negotium.
940 1095 1054 1160 His,
1079 1104 1131 1151 et
1158 1098 1406 1168 pluribus
1440 1100 1584 1153 ultro
1608 1102 1859 1168 citroque
1896 1099 2075 1160 dictis.

507 1187 845 1256 imperatore
900 1188 954 1242 id
989 1200 1204 1259 agente,
1242 1202 1441 1246 uteum
1472 1191 1542 1245 ad
1599 1191 1816 1260 imperii
1849 1192 2084 1246 societa-

507 1287 620 1332 tem
644 1280 1034 1348 capessendam
1064 1281 1371 1348 induceret,
1395 1298 1592 1352 magno
1617 1299 1744 1337 vero
1777 1282 2080 1338 domestico

506 1386 736 1441 prorsus
777 1373 1076 1434 abnuente,
1111 1373 1167 1427 in
1200 1390 1439 1443 praesens
1470 1375 1693 1444 digressi
1723 1383 1852 1429 sunt
1885 1392 1900 1428 :
1955 1389 2078 1428 cum

509 1477 612 1514 nec
645 1462 737 1515 ille
765 1479 914 1532 spcm
943 1463 1190 1519 ‘omnino
1245 1466 1528 1536 abjiceret,
1578 1481 1678 1520 nec
1726 1467 1816 1521 hic
1870 1474 2079 1520 tantum

510 1555 716 1610 valeret
767 1565 826 1610 ut
882 1573 912 1611 a
943 1559 1209 1612 sententia
1242 1559 1392 1614 illum
1445 1560 1817 1630 detorqueret.
1877 1561 2083 1616 Videus

509 1663 642 1718 ergo
669 1657 806 1702 adeo
840 1650 1226 1712 retractarium
1263 1651 1751 1720 imperator,'alios
1777 1654 2000 1723 insuper
2027 1652 2080 1706 in

510 1750 722 1808 partem
765 1741 967 1798 laboris
1012 1744 1176 1813 hujus
1210 1759 1405 1800 vocare
1452 1747 1664 1810 statuit,
1721 1746 1770 1800 si
1807 1745 1948 1800 forte
1984 1760 2083 1814 per

513 1840 610 1886 eos
635 1833 778 1902 quod
808 1835 1019 1890 volebat
1052 1847 1499 1908 consequeretur.
1549 1837 1921 1892 Andronicum
1952 1836 2085 1890 Asa-

515 1941 663 1992 nem,
694 1929 866 1998 ipsius
887 1945 1164 1995 socerum,
1185 1941 1239 1986 et
1260 1942 1711 2001 protostratorem
1733 1931 2082 2003 Synadenum
2115 1911 2157 1966 Β

485 2020 764 2082 ,εεευιιιίι,
801 2022 1219 2090 domesticoque
1251 2040 1436 2080 coram
1476 2034 1766 2094 praesente,
1796 2034 2084 2094 postquam

515 2126 683 2180 super
715 2112 837 2167 aliis
871 2115 1154 2169 nonnullis
1174 2131 1271 2170 eos
1295 2117 1664 2187 compellavit,
1693 2132 1807 2171 rem
1832 2116 2085 2186 proposi-

516 2209 626 2256 tam
657 2217 886 2258 exorsus
913 2212 1016 2260 est.
1043 2205 1390 2261 Domesticus
1413 2207 1668 2262 divinans
1697 2221 1809 2277 quo
1834 2206 1900 2261 de
1929 2222 2090 2276 argu-

517 2302 704 2348 mento
736 2303 1014 2351 texeretur
1060 2297 1262 2360 oratio,
1314 2313 1345 2352 e
1379 2297 1614 2353 concilio
1675 2298 2086 2368 imperatorem,

516 2400 581 2440 ac
610 2385 652 2440 si
687 2387 949 2456 quiddam
984 2391 1353 2445 necessarium
1387 2391 1614 2445 haberet
1643 2391 1848 2456 dicere,
1874 2400 2087 2456 evocat;

516 2489 573 2533 et
597 2479 870 2532 seducens
887 2495 1038 2543 eum,
1061 2495 1160 2547 per
1185 2480 1352 2534 Deum
1393 2481 1722 2544 obtestatur,
1752 2497 1819 2536 ne
1847 2481 1975 2549 quid
1999 2496 2091 2535 eo-

519 2583 642 2620 rum
665 2582 788 2636 quas
817 2567 1155 2624 decrevisset
1180 2574 1245 2623 ad
1272 2579 1568 2639 praesentes
1593 2571 1882 2641 proierret,
1903 2581 2090 2641 utpote

519 2658 757 2714 utilitate
796 2661 945 2714 nulla
1000 2662 1126 2716 inde
1178 2673 1565 2718 consecutura.
1616 2664 1753 2719 Nam
1799 2666 1844 2720 si
1875 2665 1944 2718 ab
1979 2665 2091 2718 ullo

520 2752 836 2810 mortalium
859 2768 925 2808 eo
954 2756 1180 2824 perpelli
1207 2756 1492 2825 potuisset,
1512 2757 1581 2812 ab
1598 2757 1717 2826 ipso
1742 2757 2002 2827 potuisse.
2026 2758 2093 2813 Et

522 2844 652 2911 quia
681 2845 870 2899 multis
891 2847 1234 2916 assiduisque
1255 2849 1641 2918 congressibus
1660 2860 1842 2906 aetum
1867 2851 2088 2919 egisset,

523 2937 708 2991 mirari
747 2953 830 3002 se,
891 2942 1168 3008 quomodo
1212 2942 1348 2996 alios
1392 2943 1446 2997 id
1496 2943 1599 2998 sibi
1653 2942 1943 2998 etl‘ecturos
1971 2959 2095 3014 spe-

523 3029 752 3084 raverit.
802 3029 1123 3098 imperator,
1180 3034 1440 3102 quoniam
1485 3041 1740 3092 conatum
1773 3049 1933 3090 suum
1976 3034 2092 3090 fore

522 3123 746 3176 inanem
787 3124 1072 3187 cernebat,
1117 3139 1318 3193 magno
1362 3124 1418 3178 in
1450 3124 1638 3180 dolore
1665 3139 1762 3193 per
1793 3125 1911 3180 dies
1945 3140 2095 3182 com-

2185 649 2361 704 πάντα
2393 647 2654 718 πράττειν
2687 645 2916 708 ἐθέλειν,
2975 644 3108 698 ἄττα
3169 643 3256 697 ἂν
3312 637 3584 710 βούλοιτο
3623 639 3756 700 αἰκὲς,

2179 739 2271 792 καὶ
2306 739 2400 792 νῦν
2439 738 2593 792 οὐδὲν
2629 732 2794 807 ἧττον
2835 737 2972 806 πρὸς
3016 735 3192 791 τοῦτο
3260 730 3760 798 παρεσκευασμὲκ

2179 827 2342 884 εἶναι.
2392 829 2510 898 Ἐφ’
2541 821 2602 882 οὗ
2637 828 2693 880 δὲ
2726 828 2937 881 πείθειν
2967 830 3063 880 νῦν
3089 822 3486 895 ἐπιχειρεῖς,
3519 820 3581 872 οὐ

2180 924 2278 991 τὴν
2313 919 2634 975 ἀκολουθίαν
2671 920 2761 973 τον
2799 920 2978 986 λόγον.
3025 920 3144 972 Πᾶν
3196 915 3345 984 γὰρ
3398 910 3616 965 ἐθέλειν
3642 913 3764 960 ποιεῇ

2181 1014 2350 1082 φαίην
2376 1014 2466 1077 ἂν,
2497 1012 2525 1063 ὃ
2553 1012 2612 1064 οὐ
2653 1012 2718 1064 δι’
2761 1011 2860 1082 ἐμὲ
2890 1011 2958 1066 ἀν
2984 1011 3280 1078 γίγνοιτο,
3332 1005 3438 1058 διὰ
3469 1003 3535 1057 σὲ
3567 1002 3638 1055 δέ.
3673 1004 3767 1071 Περὶ

2179 1097 2242 1158 οὗ
2279 1104 2336 1157 δὲ
2388 1103 2484 1160 νῦν
2537 1106 2568 1158 δ
2621 1104 2778 1173 λόγος
2816 1104 2885 1157 δι’
2933 1103 3034 1173 ἐμὲ
3069 1102 3276 1163 ὄντος,
3322 1098 3394 1150 σὺ
3447 1096 3660 1146 δίκαιον
3695 1095 3768 1144 οἳ

2182 1200 2481 1267 ἀναγκαῖον
2509 1201 2586 1263 είς
2631 1197 2805 1251 πειθὼ
2852 1197 2931 1266 τῷ
2977 1197 3122 1266 λόγῳ
3185 1188 3505 1264 χρῆσθαι·
3545 1185 3703 1248 ἄλλως
3733 1204 3770 1238 τι

2183 1293 2278 1348 καὶ
2312 1293 2476 1346 αὐτον
2505 1291 2772 1355 ὡσαύτως
2810 1290 3156 1360 διακείμενον
3203 1284 3374 1354 περὶ
3411 1281 3551 1351 ἐμὲ,
3587 1281 3772 1340 καὶτοῖς

2183 1387 2394 1457 ὁμοίοις
2447 1387 2541 1440 καὶ
2594 1383 2760 1438 αὑτὸν
2809 1383 3101 1456 χρώμενον
3135 1379 3396 1446 λόγοις,
3436 1373 3547 1426 οὐκ
3598 1371 3772 1438 εὔλογον

2187 1478 2322 1548 πρὸς
2364 1478 2464 1548 ἐμὲ
2507 1479 2604 1549 μὲν
2645 1478 2871 1546 ἰσχυρὸν
2901 1477 2993 1530 τὸν
3024 1476 3188 1544 λόγον
3242 1469 3571 1542 ἡγεῖσθαι,
3601 1469 3717 1535 πρὸς
3738 1471 3775 1517 :‘z

2183 1569 2244 1622 δὲ
2279 1568 2356 1638 μὴ
2399 1566 2662 1621 δύνασθαι
2696 1566 2767 1619 τά
2802 1565 2913 1620 ἴσα.
2946 1566 3009 1620 El
3043 1567 3086 1616 δ’
3119 1566 3178 1617 ἐν
3211 1559 3606 1631 ἀμφοτέροις
3631 1557 3770 1624 ὁμοία]

2184 1661 2296 1728 ἔχει
2327 1657 2425 1728 τὴν
2458 1658 2633 1727 ἰσχὺν,
2665 1657 2876 1712 δίκαιον
2923 1655 3020 1709 καὶ
3069 1656 3153 1718 σὲ,
3194 1653 3232 1706 ὃ
3275 1652 3518 1723 μᾶλλον
3551 1647 3658 1715 ἐγὼ
3690 1647 3774 1716 βοει-

2186 1750 2349 1820 λομαι
2390 1750 2641 1819 ποιῆσαι,
2672 1749 2849 1812 ἄλλως
2893 1765 2952 1800 τε
2987 1749 3082 1801 καὶ
3108 1747 3252 1813 περὶ
3296 1741 3463 1812 ἐμοῦ
3497 1740 3594 1792 τοῦ
3621 1740 3772 1806 ζητεο-

2190 1845 2352 1914 μένου
2402 1842 2575 1906 ὄντος.
2626 1842 2901 1896 Τοιούτων
2930 1841 2994 1911 δή
3028 1855 3192 1894 τινων
3227 1837 3353 1891 καὶ
3389 1835 3666 1888 πλειόνων
3692 1833 3773 1882 tri-

2189 1954 2300 2009 ρων
2330 1927 2778 2006 πρὺς’ἀλλή).ους
2827 1933 3157 2003 εἰρημένων,
3214 1928 3535 2000 βασιλέως
3567 1925 3662 1994 μὲν
3682 1925 3771 1974 lt:-

2187 2029 2501 2101 χειροῦντος
2563 2028 2774 2102 πείθειν
2825 2025 3077 2096 δέχεσθαι
3132 2024 3240 2093 τὴν
3308 2020 3657 2092 βασιλείαν,
3704 2018 3769 2067 τιὸ

2191 2123 2427 2191 μεγάλου
2461 2122 2784 2192 δομεστίκου
2819 2120 2876 2173 δὲ
2899 2122 3035 2189 μήτε
3057 2118 3430 2188 βουλομένου
3457 2115 3599 2182 μήτε
3629 2110 3770 2163 πειὲο-

2191 2216 2382 2284 μένου,
2415 2213 2474 2266 τὸ
2503 2212 2600 2265 νῦν
2633 2212 2732 2281 μὲν
2763 2211 2910 2280 ἕχον,
2935 2210 3303 2279 διελύθησαν,
3338 2206 3472 2260 οὒτ’
3502 2202 3772 2270 ἀπαγορεῦ-

2192 2319 2390 2364 σαντος
2435 2302 2512 2363 είς
2549 2303 2702 2362 τέλος
2745 2299 3036 2368 βασιλέως,
3079 2297 3205 2350 οὔτε
3260 2295 3379 2349 τοῦ
3444 2291 3684 2360 μεγάλου
3708 2290 3767 2341 δο-

2193 2393 2454 2462 μλστίκου
2486 2391 2832 2460 ἀποσχέσθαι
2863 2389 2959 2442 τοῦ
2995 2390 3346 2459 πράγματος
3393 2388 3598 2438 πεῖσαι
3644 2382 3765 2447 bow-.-

2191 2491 2380 2549 θέντος
2433 2485 2685 2556 βασιλέα.
2725 2483 2987 2545 Βασιλεὺς
3018 2482 3075 2535 δὲ
3107 2479 3518 2539 αὐτδνκοῦτως
3553 2472 3764 2528 ἀνθιπά-

2197 2596 2357 2649 μενον
2415 2578 2580 2649 ὁρῶν,
2616 2578 2728 2632 δεῖν
2768 2578 2912 2645 ἔγνω
2967 2576 3064 2630 καὶ
3127 2577 3372 2643 ἑτέρους
3438 2572 3584 2642 πρὸς

2193 2671 2564 2741 παραλαϐεῖν,
2615 2672 2789 2732 είπως
2837 2669 3095 2740 δυνηθείη
3132 2668 3200 2721 δι’
3246 2667 3460 2720 αὐτῶν
3507 2661 3765 2715 miserii-

2196 2759 2390 2824 ξασθαι
2427 2761 2525 2821 τὴν
2565 2757 2874 2826 βασιλείαν,
2922 2758 3015 2813 καὶ
3050 2755 3413 2826 παραλαϐὼν
3461 2751 3760 2820 Ἀνδρόνικον

2195 2854 2298 2920 τὸν⁸
2337 2851 2595 2922 ’Δσόινην,
2635 2851 2763 2904 ὅντα
2795 2851 2890 2903 τοῦ
2935 2850 3173 2920 μεγάλου
3204 2847 3564 2918 δομεστίκου
3598 2842 3760 2896 πενθε-

2197 2944 2313 3014 ρὸν,
2345 2945 2440 2997 καὶ
2469 2945 2563 2997 τὸν
2599 2943 3068 3012 πρωτοστράτορα
3110 2943 3469 3012 Συναδηνὸν,
3503 2940 3597 2992 καὶ
3630 2934 3754 2989 αὑτοῦ

2199 3034 2439 3106 μεγάλου
2471 3035 2804 3103 δομεστίκου
2833 3033 3128 3104 παρόντος,
3165 3035 3312 3103 μετὰ
3345 3032 3418 3085 τὸ
3447 3027 3755 3098 διαλεχθῆναι

2197 3127 2328 3196 περί
2377 3143 2542 3180 τινων
2576 3126 2781 3196 ἑτέρων
2813 3124 2953 3195 πρὸς
3000 3124 3226 3188 αὐτοὺς,
3260 3124 3378 3194 ἤδη
3415 3118 3658 3187 καὶπερὶ
3681 3116 3750 3166 τοῦ

526 3212 711 3282 plures
743 3211 867 3276 luit,
914 3213 1092 3282 deque
1145 3215 1325 3283 magni
1373 3215 1658 3271 domestici
1725 3216 2091 3272 inobedientia

2201 3216 2568 3283 προκειμένου
2599 3212 3126 3283 προοιμιαζομένου,
3157 3214 3185 3264 ὁ
3238 3214 3439 3282 μέγας
3474 3206 3751 3309 δομέστικξς

527 3311 582 3355 et
610 3317 799 3372 parum
837 3302 1068 3358 honesta
1106 3304 1410 3368 pertinacia
1444 3305 1843 3374 querimoniam
1878 3305 2091 3360 habuit.

524 3393 919 3448 Verumtamen
971 3396 1226 3464 precibus
1250 3397 1568 3464 obsecutus,
1622 3399 1689 3454 de
1718 3412 1777 3453 re
1798 3406 2096 3466 tantopere

527 3485 714 3552 cupita
738 3485 1025 3540 conticuit.
1068 3487 1150 3542 llli
1174 3487 1286 3553 alii,
1326 3489 1458 3557 quid
1487 3490 1786 3560 imperator
1815 3489 2094 3556 voluisset,

527 3589 639 3637 non
661 3576 796 3630 satis
814 3585 1032 3641 norant,
1047 3577 1151 3632 nisi
1169 3579 1311 3647 quod
1330 3579 1699 3635 verisimiliter
1717 3581 2100 3652 conjectabant

475 3735 484 3745 ο
527 3667 599 3720 de
629 3667 816 3723 arduis
840 3669 1076 3738 negotiis
1102 3685 1223 3724 cum
1257 3671 1391 3740 ipsis
1426 3681 1699 3738 acturum,
1728 3688 1758 3727 a
1794 3671 2099 3728 domestico

527 3759 853 3827 impeditum
888 3760 1059 3818 fuisse
1099 3777 1114 3816 :
1151 3778 1316 3831 quam
1363 3779 1477 3818 rem
1519 3765 1568 3818 ei
1607 3765 1742 3820 vitio
1795 3766 2098 3832 vertebant,

529 3865 828 3921 secumque
874 3853 1220 3922 iniquissime
1255 3865 1436 3910 actum
1472 3857 1897 3914 contendebant.
1932 3859 2100 3914 Porro

527 3956 692 3997 nemo
733 3943 826 4013 qui
859 3944 961 3998 ista
1000 3945 1177 4012 audit,
1201 3945 1352 4000 nullo
1385 3957 1711 4018 argumento
1741 3948 1970 4018 probata
2001 3966 2102 4006 nos

528 4035 777 4091 scribere
813 4050 876 4091 ac
903 4037 1127 4092 mentiri
1188 4048 1365 4108 putet,
1396 4039 1539 4108 quod
1577 4040 1696 4095 haec
1733 4057 1907 4112 usque
1938 4041 2102 4097 hodie

526 4142 641 4182 non
674 4127 893 4196 publice
918 4128 1294 4184 innotuerunt.
1329 4129 1498 4199 226
1530 4129 1724 4186 Testor
1743 4132 1889 4186 enim
1921 4131 2103 4188 omnia

529 4220 929 4288 inspectantem
951 4231 1007 4274 et
1041 4220 1312 4276 universis
1340 4236 1464 4288 qua:
1480 4231 1610 4276 sunt
1630 4235 1844 4291 semper
1865 4237 2105 4291 praesen-

530 4315 640 4360 tem
671 4307 1118 4377 incertorumque
1149 4315 1204 4361 et
1235 4309 1574 4364 occultorum
1603 4309 1740 4363 nihil
1764 4311 2104 4366 nescientem

529 4398 728 4462 Deum,
762 4415 847 4452 tne
878 4411 1059 4466 neque
1090 4397 1144 4451 in
1168 4397 1382 4455 caneris
1405 4399 1686 4462 omnibus,
1716 4414 1835 4468 qua:
1860 4402 2100 4463 narravi.

529 4491 616 4547 vel
647 4491 852 4556 odium,
880 4491 964 4544 vel
996 4491 1246 4562 gratiam,
1271 4489 1360 4550 vel
1383 4489 1526 4544 aliud
1559 4491 1859 4560 quidquam
1884 4492 2103 4548 veritati

2199 3307 2329 3376 περὶ
2373 3299 2449 3358 ὧν
2479 3305 2691 3359 ἔσοιντο
2733 3305 2783 3357 οί
2818 3303 2968 3371 λόγοι
2997 3303 3327 3374 συμϐαλὼν,
3369 3301 3573 3369 ἀνίστη
3611 3312 3662 3349 τε
3683 3293 3758 3345 τίν-

2203 3399 2429 3468 βασιλέα
2463 3398 2558 3450 τοῦ
2592 3395 2892 3466 συνεδρίου,
2921 3395 2997 3458 ὡς
3024 3396 3316 3466 περίτινος
3335 3392 3641 3460 ἀναγκαίου
3663 3385 3748 3456 μὲλ-

2200 3487 2310 3539 λων
2345 3484 2714 3551 διαλέξεσθαι·
2751 3487 2848 3538 καὶ
2875 3485 3035 3554 μόνον
3063 3483 3438 3554 παραλαϐὼν,
3478 3478 3664 3549 ὦρκεζε
3682 3472 3744 3524 τὶν

2201 3579 2360 3642 Θεὸν,
2399 3577 2568 3649 μηδὲν
2595 3579 2732 3648 πρὸς
2763 3579 2888 3639 τοὺς
2921 3575 3244 3646 εἰρημένους
3273 3591 3342 3627 πε
3353 3576 3416 3644 pi.
3445 3566 3526 3626 ὧν
3555 3567 3758 3641 βούλοιτο

2203 3669 2406 3730 εἰπεῖν,
2447 3666 2521 3729 ὡς
2553 3665 2823 3733 ὠφελείας
2851 3666 3110 3734 οὐδεμιᾶς
3141 3666 3206 3717 ἐκ
3235 3665 3353 3718 τῶν
3388 3664 3568 3731 λόγων
3592 3653 3742 3724 Empl-

2204 3777 2323 3830 νης.
2360 3760 2422 3814 El
2453 3760 2563 3830 γὰρ
2599 3759 2729 3828 ἐνῆν
2769 3759 2878 3812 ὑπό
2918 3775 3084 3813 τινων
3123 3758 3459 3836 πεισθῆναι,
3492 3752 3676 3826 μᾶλλον
3695 3747 3739 3800 ειν

2203 3848 2312 3901 τῶν
2350 3849 2524 3901 ἄλλων
2559 3847 2778 3901 πάντων
2835 3847 3084 3901 ἐπείθετο
3143 3846 3314 3916 αὐτῷ.
3374 3842 3558 3899 Αὑτοῦ
3608 3839 3662 3907 δὴ
3695 3837 3740 3886 ἐκ

2208 3938 2420 3993 πολλῶν
2445 3938 2537 3992 καὶ
2569 3937 2812 4008 συνεχῶν
2836 3937 3066 4007 ὁμιλιῶν
3101 3936 3264 3990 πλέον
3302 3935 3580 4007 ἠνυκότος
3606 3925 3738 3986 οὐδὲν,

2208 4032 2512 4102 θαυμάζειν
2547 4031 2596 4084 εί
2637 4031 2848 4100 ἑτέροις
2881 4028 3024 4083 τισὶν
3059 4019 3259 4100 ήλπίσε
3305 4027 3480 4081 τοῦτο
3530 4018 3734 4092 γενέσθαι

2206 4123 2452 4179 δυνατόν.
2485 4122 2753 4184 Βασιλεὺς
2805 4121 2862 4176 δὲ
2898 4121 3115 4192 ἡλγησε
3168 4123 3267 4190 μὲν
3300 4121 3423 4174 οὐκ·
3464 4117 3552 4172 ἐπ’
3581 4115 3734 4178 ὀλίγον,

2209 4215 2354 4285 ὁρῶν
2389 4216 2492 4287 ἤδη
2537 4214 2636 4286 τὴν
2669 4215 3017 4284 ἐπιχείρησιν
3050 4215 3151 4267 οὐκ
3176 4215 3456 4284 ἐσομένην
3490 4206 3734 4274 ἀνυσθῆναι

2207 4309 2465 4378 δυνατήν.
2507 4309 2616 4362 Καὶ
2657 4307 2960 4361 διετέλεσεν
3006 4307 3223 4377 ἡμέρας
3281 4307 3387 4361 οὐκ
3432 4304 3630 4372 ὀλίγας,
3671 4296 3731 4348 ἀλ·

2208 4400 2322 4467 γῶν
2356 4416 2418 4452 τε
2456 4399 2552 4452 καὶ
2581 4397 2752 4452 πολλὰ
2787 4399 2882 4450 τὸν
2923 4398 3100 4468 μέγαν
3141 4398 3472 4468 δομέστικον
3501 4404 3732 4460 καταμεμ-

2208 4495 2444 4564 φόμενος
2491 4493 2590 4562 τῆς
2643 4490 2927 4554 ἀπειθείας
2967 4491 3063 4545 καὶ
3094 4491 3192 4559 τῆς
3239 4493 3303 4545 οὐ
3337 4493 3511 4560 καλῆς
3543 4487 3726 4556 φιλονει-

531 4584 922 4654 przrposuisse,
956 4591 1011 4637 et
1037 4596 1183 4636 nunc
1208 4597 1319 4636 rem
1345 4590 1550 4652 gestam
1585 4593 1644 4638 ut
1667 4593 1816 4653 gesta
1840 4595 1925 4639 est
1945 4586 2094 4641 vobis

2210 4589 2358 4650 x-iatq.
2392 4587 2583 4653 Ὅμως
2636 4584 2824 4654 μέντοι
2852 4585 2965 4645 τοῖς
3003 4583 3218 4638 ἐκείνου
3247 4585 3572 4654 πειθόμενος
3595 4576 3727 4640 λόγως

533 4673 850 4729 tradidisse.
879 4672 1069 4741 Neque
1123 4685 1254 4726 vero
1285 4671 1475 4737 semel,
1513 4670 1666 4728 bisve
1693 4683 1976 4742 quaterve,
2010 4676 2104 4731 sed

531 4767 736 4834 sapius
760 4763 1106 4819 Andronicus
1135 4764 1323 4832 junior
1347 4764 1641 4834 imperator
1664 4764 2105 4821 Cantacuzenum

529 4873 787 4928 magnum
823 4855 1181 4911 domesticum
1213 4864 1325 4911 toto
1347 4865 1571 4926 pectore
1609 4867 1664 4912 et
1725 4859 1876 4914 omni
1906 4870 2104 4916 conatu

531 4948 868 5004 ornamentis
892 4948 1262 5016 imperatoriis
1285 4949 1672 5010 condecorare,
1691 4950 1908 5018 sibique
1933 4964 2109 5005 asses—

533 5058 715 5100 sorem
745 5052 801 5097 et
835 5040 1102 5110 collegam
1135 5049 1392 5110 cooptare
1424 5042 1728 5097 contendit.
1762 5042 1881 5108 Quo
1911 5042 2108 5096 nimio-

533 5152 664 5208 pere
695 5137 1055 5200 detrectante,
1081 5133 1567 5205 contirmanteque,
1600 5151 1711 5206 quo
1750 5151 1836 5190 res
1871 5150 2108 5205 cumque

533 5230 777 5289 caderet,
807 5243 1082 5297 nunquam
1111 5241 1168 5282 se
1197 5227 1729 5296 obtemperaturum,
1754 5226 1847 5280 diu
1881 5229 1934 5280 in
1959 5227 2107 5296 gravi

538 5320 860 5390 aegrimonia
901 5326 1154 5373 versatus
1177 5328 1280 5381 est,
1319 5328 1376 5374 et
1403 5318 1748 5373 immodicam
1791 5319 1911 5389 ejus
1941 5318 2111 5372 obsti-

533 5413 816 5467 nationem
840 5412 893 5465 in
914 5410 1343 5482 reprehensione
1359 5411 1564 5482 posuit.
1583 5409 1877 5465 Exteriore
1890 5409 2108 5480 quidem

532 5503 725 5558 habitu
757 5503 1070 5572 vestituque
1119 5519 1224 5557 non
1249 5519 1314 5558 eo
1348 5503 1659 5569 incedebat,
1684 5518 1794 5573 quo
1815 5503 2110 5572 imperator

536 5597 869 5664 postulabat,
902 5599 994 5650 sed
1023 5597 1336 5654 actionibus
1361 5595 1759 5667 prepemodum
1787 5595 2013 5651 nihilab
2043 5610 2110 5650 eo

535 5687 850 5745 differebat.
881 5689 1016 5743 Nam
1051 5698 1106 5743 et
1142 5703 1326 5743 rerum
1360 5695 1473 5742 tota
1505 5686 1912 5742 administratio
1945 5702 2110 5756 panes

534 5780 688 5836 illum
723 5790 859 5846 erat,
897 5791 952 5836 et
975 5780 1171 5836 edictis
1197 5772 1575 5848 imperatoriis
1599 5794 1754 5848 aeque
1780 5789 1838 5833 ut
1865 5778 1981 5848 ipse
2006 5778 2110 5831 im-

534 5884 752 5944 perator
785 5877 956 5929 m‘uio
991 5890 1085 5929 seu
1112 5871 1795 5928 rinnabarisubscribebat
1833 5888 1844 5924 :
1878 5886 2000 5941 quae
2024 5885 2110 5940 ,ue

2211 4676 2486 4744 ἀπέσχετο
2531 4671 2626 4726 τοῦ
2679 4670 2862 4740 λέγειν
2903 4673 3035 4741 περὶ
3077 4664 3154 4724 ὧν
3204 4669 3437 4741 ὥρμητο
3480 4668 3603 4739 πρὸς
3636 4659 3722 4718 τοὶς

2209 4767 2552 4837 εἰρημένους.
2581 4767 2694 4820 Καὶ
2733 4765 2888 4820 αὐτοὶ
2935 4765 2994 4818 δὲ
3044 4765 3072 4818 ὃ
3104 4782 3156 4818 τι
3190 4764 3291 4835 μὲν
3341 4763 3564 4836 ἔμελλεν
3603 4753 3724 4824 ἐρεῖν.

2210 4861 2310 4913 οὐκ
2350 4858 2572 4929 ᾔδεισαν
2619 4855 2884 4928 ἀκριϐῶς,
2919 4858 2947 4909 ὁ
2992 4855 3274 4927 βασιλεὺς,
3306 4855 3459 4926 ὅμως
3488 4853 3541 4906 δὲ
3571 4850 3623 4900 ἐκ
3644 4839 3718 4895 τῶν

2211 4951 2441 5005 εἰκότων
2478 4947 2876 5018 στοχαζόμενοι
2900 4946 2976 5010 ὡς
3008 4946 3138 5018 περί
3169 4963 3335 5000 τινων
3371 4943 3613 5016 μεγάλων
3640 4935 3721 4986 διο·

2217 5043 2471 5108 λέξεσθαι
2505 5042 2793 5112 μέλλοντος
2829 5039 3037 5104 αὐτοῖς,
3079 5039 3187 5092 ὑπὸ
3219 5038 3316 5091 τοῦ
3347 5037 3576 5108 μεγάλου
3604 5030 3716 5094 δημε-

2213 5138 2400 5190 στίκου
2427 5133 2725 5204 κωλυθείη,
2757 5135 2816 5186 έν
2844 5132 3051 5196 αἰτίαις
3067 5149 3128 5185 τε
3151 5132 3313 5185 αὐτὸν
3352 5130 3630 5184 ἐποιοῦντο,
3652 5113 3717 5171 καὶ

2211 5229 2282 5284 τὰ
2303 5229 2507 5300 ἔσχατα
2536 5226 2829 5299 ἠδικῆσθαι
2862 5225 3191 5279 διετείνοντο
3225 5224 3317 5278 ὑπ’
3362 5221 3541 5279 αὑτοῦ.
3564 5208 3715 5282 Μηδίῖς

2212 5323 2271 5377 δὲ
2331 5320 2485 5375 ταῦτ’
2537 5319 2776 5386 ἀκούων,
2835 5317 3200 5387 ἀνεξέλεγκτα
3241 5316 3440 5372 οἰέσθω
3488 5301 3714 5385 ψεύδεσθαι

2210 5417 2363 5487 ἡμᾶς
2392 5415 2482 5468 δια
2519 5415 2580 5468 τὸ
2612 5413 2689 5486 μὴ
2724 5413 2861 5466 πᾶσι
2913 5411 3078 5484 μέχρι
3113 5413 3208 5465 νῦν
3250 5410 3321 5466 τὰ
3351 5408 3566 5464 τοιαῦτα
3594 5391 3731 5485 κριτά-¹

2211 5486 2349 5578 δηλα
2389 5505 2669 5574 γενέσθαι.
2702 5507 2868 5559 Ἰστω
2917 5505 3028 5577 γὰρ
3070 5504 3203 5568 Θεὸς
3250 5504 3282 5556 δ
3335 5503 3511 5556 πάντα
3539 5486 3733 5578 Propitii-

2214 5577 2308 5655 καὶ
2337 5600 2475 5654 πᾶσι
2523 5599 2638 5662 τοῖς
2667 5598 2977 5668 γινομένοις
3009 5597 3097 5650 ἀεὶ
3129 5595 3343 5670 παρὼν,
3378 5596 3473 5650 καὶ
3506 5587 3595 5644 τῶν
3620 5577 3709 5670 ﬁt”?
3787 5602 3790 5610 '

2214 5688 2320 5740 λων
2370 5686 2465 5739 καὶ
2507 5686 2911 5755 κεκρυμμένων
2954 5684 3166 5751 ἀγνοῶν
3219 5683 3418 5752 μηδὲν,
3453 5681 3520 5744 ὡς
3541 5660 3708 5770 οὖς’

2215 5781 2327 5840 τοῖς
2385 5776 2568 5838 ἀλλοις
2630 5779 2742 5838 τοῖς
2803 5774 3322 5845 συγγεγραμμένους
3378 5774 3594 5829 ἅπασιν,
3631 5766 3697 5845 ait:

2217 5867 2416 5940 ἔὶίθροιν
2452 5865 2576 5920 οὔτε
2634 5865 2840 5936 φιλίαν,
2886 5842 3171 5920 vein-idne
3209 5864 3317 5920 τῶν
3363 5864 3562 5918 πάντων
3603 5842 3704 5904 οὑδὲ*
