3902 6648
436 510 548 576 475
615 484 626 496 ’

1636 502 1964 565 JOANNlS
2007 502 2535 566 CANTACUZENI
3181 531 3196 556 ο

3602 500 3706 562 4τῦ

443 634 632 692 pacem
669 634 791 674 eum
823 617 1084 674 Zacharia
1116 615 1444 686 composuit.
1475 615 1576 670 sub
1604 631 1667 670 ea
1695 617 2010 699 conditione

2119 615 2318 688 ῥᾳδίως
2348 615 2529 685 ἔχοντι
2559 613 2781 686 πολέμῳ
2803 615 2904 686 τὴν
2923 615 3089 686 νῆσον
3125 611 3437 685 Ῥωμαίοις
3467 611 3707 664 ﬁunts-

442 725 503 768 ut
554 714 599 767 is
637 712 831 766 Chium
876 711 1139 766 retineret
1196 725 1290 779 per
1319 709 1668 773 decennium,
1731 725 1832 764 nec
1865 719 2013 765 esset

442 803 788 865 tributarius,
819 811 1028 856 tantum
1054 799 1309 854 utinsnla
1337 798 2009 869 impcratoris‘vocarctur,

441 907 498 950 et
531 897 584 949 in
606 896 779 949 muris
802 895 955 964 signa
982 893 1102 961 ejus
1129 891 1447 963 ﬁgerentur;
1474 906 1538 946 eo
1563 899 1806 960 tempore
1834 891 2008 957 ﬁnito,

442 988 702 1042 Romanis
756 989 1162 1042 restitueretur.
1212 984 1324 1040 Hoc
1359 985 1536 1041 {mdus
1593 985 1830 1055 primum
1887 1000 2011 1038 cum

443 1078 707 1133 Zacharia
743 1080 1014 1148 percussit
1043 1079 1358 1147 imperator.
1385 1077 1532 1130 Intra
1572 1076 1794 1131 eosdem
1837 1090 2013 1130 annos

443 1165 761 1234 Zacharias,
791 1167 945 1222 Chiis
979 1169 1238 1233 subactis,
1275 1168 1508 1220 insulam
1543 1167 1626 1220 sui
1678 1167 1818 1237 juris
1854 1165 2011 1232 fecit;

445 1257 719 1327 Ochyrum
742 1258 1027 1326 oppidum,
1052 1265 1107 1311 et
1136 1256 1240 1310 alia
1266 1267 1536 1312 vetustate
1564 1259 1785 1311 ruinosa
1803 1256 2012 1310 instau-

451 1347 645 1413 ravit;
700 1358 757 1401 et
801 1347 990 1402 sicubi
1051 1362 1189 1416 Opus
1230 1356 1390 1411 erat,
1435 1363 1624 1402 muros
1666 1349 1720 1403 in
1773 1348 2015 1402 altitudi-

448 1453 573 1492 nem
612 1439 873 1509 majorem
903 1438 1121 1503 eduxit;
1153 1437 1326 1492 fossas
1371 1439 1500 1493 item
1554 1449 1609 1494 et
1641 1441 1742 1493 alia
1779 1441 2014 1495 adorna-

447 1531 549 1597 vit,
586 1547 708 1600 quae
735 1532 856 1586 usui
877 1540 1084 1597 essent,
1116 1533 1160 1587 si
1186 1531 1328 1586 bello
1354 1542 1652 1602 peteretur.
1683 1534 1881 1604 Elapso
1908 1536 2013 1590 hoc

446 1624 714 1678 decennio
743 1639 866 1678 cum
902 1622 1111 1678 videret
1142 1624 1444 1692 imperator
1477 1623 1676 1680 Chium
1705 1625 1782 1681 sic
1829 1627 2013 1680 muni-

446 1724 560 1768 tam
611 1714 758 1768 haud
797 1715 916 1769 sine
949 1730 1147 1784 magno
1187 1715 1374 1769 labore
1408 1730 1569 1786 posse
1602 1718 1800 1786 recipi,
1843 1726 1898 1772 et
1925 1733 2015 1772 ac-

447 1806 708 1861 cessisset
737 1814 1003 1874 praeterea
1037 1806 1238 1875 legatio
1281 1820 1310 1858 a
1336 1804 1619 1871 Zacharia,
1650 1822 1756 1876 qua
1786 1808 2016 1877 rogaba-

449 1905 562 1960 tur,
612 1912 681 1950 ne
730 1897 835 1952 sibi
859 1906 1096 1967 proptch
1129 1898 1364 1951 insulam
1390 1899 1669 1968 negotium
1695 1899 2008 1964 exhiberet,

449 1988 887 2057 quinquennium
928 1990 1032 2044 sub
1072 1989 1263 2044 iisdem
1318 1990 1727 2046 conditionibus
1789 1993 2009 2062 adjecit,

449 2094 780 2149 rursumque
845 2080 993 2135 aliud
1048 2081 1508 2150 qninquennium.
1548 2081 1806 2136 Zacharia
1865 2083 2012 2138 enim

449 2181 689 2238 mortuo,
745 2173 842 2226 lilii
869 2175 1009 2244 ejus,
1047 2183 1108 2228 nt
1133 2173 1281 2235 Chii.
1319 2173 1393 2228 ita
1420 2184 1660 2244 paternae
1697 2175 2016 2232 calliditatis

451 2263 716 2330 haeredes,
751 2274 806 2319 et
852 2265 1236 2334 imperatorem
1289 2265 1462 2320 instar
1490 2267 1641 2335 pueri
1694 2276 2011 2335 tractantes,

449 2354 764 2423 priusquam
798 2356 926 2410 anni
957 2357 1200 2412 concessi
1240 2355 1551 2423 ﬁnirentur,
1603 2359 1741 2412 alios
1767 2360 2012 2428 pacisce-

447 2446 650 2501 bantur
683 2466 698 2502 :
728 2459 782 2502 et
812 2463 935 2503 cum
973 2464 1030 2525 re
1063 2447 1285 2518 quidem
1335 2449 1437 2517 ipsi
1471 2448 1646 2502 insula
1677 2449 2012 2518 fruerentur,

450 2535 567 2589 Solo
596 2537 818 2590 nomine
853 2536 1245 2606 imperatorem
1281 2551 1404 2592 esse
1429 2536 1710 2591 dominum
1741 2539 2013 2594 sinebant.

435 2622 568 2677 'Jam
619 2622 800 2679 foedus
830 2627 1033 2691 exibat,
1073 2641 1195 2680 cum
1232 2626 1552 2682 Calothetus
1601 2643 1742 2682 unus
1768 2629 1834 2683 de
1863 2628 2015 2686 Chiis

342 2751 352 2755 ι
448 2711 696 2782 dynastis
731 2715 1088 2769 maximarum
1122 2731 1314 2785 opum,
1355 2716 1445 2770 cui
1480 2733 1602 2772 cum
1643 2717 1808 2773 domo
1833 2720 2015 2790 magni

451 2799 740 2857 domestici
804 2811 964 2858 vetus
1008 2812 1066 2857 et
1113 2821 1324 2859 summa
1356 2819 1472 2860 erat
1523 2807 1874 2862 necessitudo
1907 2809 2014 2880 (avi

450 2891 596 2946 enim
654 2893 793 2963 ejus,
825 2893 1124 2950 domestici
1174 2897 1473 2966 majoribus
1502 2899 1841 2966 amicissimi,
1888 2917 2018 2956 con-

447 2980 892 3054 ’unctissimique
924 2985 1163 3052 fuerant,
1196 2997 1256 3040 nt
1298 2997 1353 3042 et
1402 2987 1516 3057 ipse
1542 2989 1892 3059 domestico),
1925 2992 2017 3048 hic

449 3071 620 3140 igitur
651 3073 974 3130 Calmhctus
1007 3076 1073 3130 ad
1108 3062 1335 3130 matrem
1387 3078 1529 3146 ejus,
1564 3071 1659 3148 per
1691 3080 1742 3134 id
1803 3090 2018 3151 tempus

452 3163 818 3234 Didymoticbi
850 3175 1160 3221 manentem
1189 3166 1345 3232 adiit,
1384 3166 1702 3225 Latinorum
1751 3172 1932 3226 sceius
1965 3173 2015 3226 ei

2117 709 2260 773 σθαι,
2319 707 2466 774 ἔδοξε
2517 708 2814 762 λυσιτελεῖν
2874 708 3159 782 εἰρηνικὰς
3224 707 3368 778 πρὸς
3419 707 3709 773 Ζαχαρξςν

2117 797 2348 859 σπονδὰς
2397 795 2606 861 θέσθαι,
2661 793 2802 848 ὥστε
2852 797 2982 849 Χίον
3038 797 3136 867 μὲν
3175 796 3269 848 ἐπὶ
3332 794 3479 847 δέκα
3559 792 3712 842 Ere-:1

2113 887 2443 956 κατέχεσθαι
2477 887 2608 956 παρ’
2634 887 2822 954 αὑτοῦ,
2866 889 2959 941 καὶ
3011 888 3214 958 μηδένα
3257 885 3504 956 βασιλεῖ
3536 883 3713 951 mea-

2115 995 2230 1049 χειν
2263 977 2450 1049 φόρον,
2503 977 2872 1048 ὀνομάζεσθαι
2928 979 2984 1032 δὲ
3045 980 3204 1049 μόνον
3256 976 3574 1050 βασιλέως,
3615 980 3715 1027 καὶ

2116 1069 2360 1140 σημαίας
2411 1071 2506 1124 ἐπὶ
2579 1071 2688 1124 τῶν
2744 1071 2939 1142 τειχῶν
2997 1070 3301 1139 ἀνάγεσθαι
3365 1069 3710 1139 βασιλικάς·

2119 1162 2258 1232 μετὰ
2285 1163 2341 1214 δὲ
2377 1162 2477 1232 τὴν
2505 1163 2814 1228 δεκαετίαν,
2844 1163 3008 1216 πάλιν
3045 1162 3348 1230 Ῥωμαίοις
3391 1161 3506 1229 τὴν
3545 1161 3714 1226 νῆσον

2115 1255 2447 1310 ἀποδιδόναι.
2507 1255 2777 1318 Τοιαύτας
2835 1256 2934 1323 μὲν
2995 1254 3247 1324 βασιλεὺς
3308 1253 3415 1315 τὰς
3486 1252 3719 1321 πρώτας

2118 1347 2354 1410 σπονδὰς
2393 1346 2547 1400 ἔθετο
2599 1347 2735 1416 πρὶς
2787 1347 3102 1418 Ζαχαρίαν
3151 1347 3210 1398 ὲν
3257 1346 3382 1406 τοῖς
3417 1345 3622 1405 αὐτοῖς
3655 1346 3714 1396 ΕΞ

2115 1437 2295 1492 ετεσιν
2345 1439 2510 1502 αὐτὸς
2559 1440 2864 1509 περιεποίει
2912 1455 2970 1491 τε
3002 1437 3099 1509 τὴν
3133 1437 3302 1508 νῆσον
3331 1434 3531 1504 ἑαυτῷ
3573 1435 3714 1486 ὕπο-

2116 1528 2440 1598 ποιούμενος
2471 1531 2598 1590 τοὺς
2631 1529 2820 1591 Χίους,
2859 1527 2954 1581 καὶ
3000 1527 3228 1598 Ὠχὺρου
3272 1525 3380 1597 τὴν
3424 1526 3618 1589 πόλιν,
3645 1527 3716 1579 τέ

2115 1635 2174 1672 τε
2226 1622 2579 1688 πεπονηκότα
2623 1618 3019 1689 ἁνοικοδομῶν,
3071 1618 3167 1670 καὶ
3208 1620 3378 1671 εῐπου
3405 1617 3557 1678 δέοι,
3599 1619 3716 1678 τοῖς

2115 1711 2352 1780 τείχεσιν
2386 1710 2519 1780 ὕψος
2545 1711 2882 1782 προστιθείς·
2909 1710 3004 1762 καὶ
3029 1709 3275 1778 τάφρους
3292 1717 3371 1760 ’τε
3402 1708 3513 1760 καὶ
3543 1708 3722 1759 τᾶλλα,

2116 1798 2508 1868 ἐξαρτυόμενος
2538 1798 2572 1851 ἃ
2603 1798 2800 1868 ἔμελλε
2842 1797 3218 1864 λυσιτελήσειν
3248 1797 3294 1848 εί
3343 1796 3714 1862 iactanti-.3

2119 1889 2255 1956 πρὸς
2306 1889 2397 1941 τὸν
2431 1890 2694 1958 πόλεμον.
2731 1887 2890 1942 Μετὰ
2919 1888 2978 1942 δὲ
3009 1876 3216 1950 ταύτας
3248 1888 3353 1948 τὰς
3382 1887 3713 1948 δεκαετεῖς,

2115 1979 2175 2030 οὐ
2229 1979 2418 2050 ῥᾳδίαν
2474 1979 2616 2049 δρῶν
2667 1981 2695 2032 ό
2759 1979 3013 2049 βασιλεὺς
3067 1980 3165 2048 τὴν
3206 1976 3557 2048 παρίὶηψιν
3612 1980 3716 2044 τῆς

2117 2069 2252 2122 Χίου
2283 2070 2374 2123 διὰ
2415 2070 2477 2123 τὸ
2517 2070 2872 2141 ὼχυρωσθαι,
2926 2069 3102 2132 ἄλλως
3155 2085 3213 2121 τε
3263 2067 3369 2121 καὶ
3421 2067 3716 2135 Ζαχαρίου

2117 2160 2416 2231 πρεσϐείαν
2462 2160 2801 2231 πέμψαντος,
2848 2161 2943 2214 καὶ
2990 2159 3258 2230 βασιλέως
3293 2157 3584 2225 δεομένου
3641 2159 3717 2223 μὴ

2119 2253 2249 2323 περὶ
2293 2253 2394 2323 τῆς
2430 2254 2598 2324 νήσου
2649 2253 2914 2322 ἐνοχλεῖν,
2949 2253 3144 2322 ἑτέρας
3177 2251 3337 2304 ἔθετο
3378 2251 3718 2310 πενταετεῖς

2121 2344 2215 2396 ἐπὶ
2247 2346 2358 2406 τοῖς
2407 2344 2545 2407 τσοις
2593 2345 2691 2398 καὶ
2721 2329 2950 2413 ὁμοίοις,
2985 2345 3080 2396 καὶ
3112 2341 3232 2412 μετ’
3265 2341 3473 2404 αὑτὰς,
3511 2340 3716 2408 ἑτέρας

2118 2435 2302 2490 πάλιν·
2338 2436 2432 2489 καὶ
2475 2436 2930 2505 τετελευτηκότος
2974 2435 3273 2505 Ζαχαρίου,
3304 2435 3413 2504 τῆς
3446 2449 3520 2485 τε
3584 2433 3714 2486 Χίου

2117 2526 2211 2579 καὶ
2243 2528 2343 2597 τῆς
2370 2528 2712 2598 πανουργίας
2755 2527 2804 2579 oi
2844 2527 3034 2589 παῖδες
3059 2525 3554 2594 καταλειφθέντες
3582 2525 3715 2592 κλῃ-

2119 2617 2374 2688 ρονόμοι,
2405 2617 2549 2671 οὕτω
2581 2618 3054 2686 διεπαιδαγώγουν
3099 2617 3350 2688 βασιλέα,
3409 2617 3562 2684 πρὶν
3619 2617 3715 2677 τὰς

2117 2709 2282 2774 οὔσας
2341 2711 2622 2776 ἐξικέσθαι
2683 2712 2875 2782 ἑτέρας
2937 2712 3231 2779 τιθέμενοι·
3267 2711 3361 2762 καὶ
3418 2710 3586 2779 ἔργῳ
3619 2709 3714 2777 μὲν

2118 2803 2271 2856 αὐτοὶ
2309 2803 2680 2872 καρποῦμενοι
2710 2801 2809 2872 τὴν
2857 2801 3010 2868 Χίον,
3064 2800 3192 2871 ψιλῇ
3245 2800 3301 2853 δὲ
3338 2799 3713 2869 προηγορέᾳ

2121 2893 2333 2962 βασιλεῖ
2361 2893 2696 2962 παρέχοντες
2725 2893 2895 2962 αὐτῆς
2945 2894 3122 2962 κυρίῳ
3156 2887 3319 2944 εἶναι.
3362 2891 3494 2942 Τῶν
3533 2906 3712 2941 ant-J-

2117 2983 2222 3036 δῶν
2267 2983 2323 3037 at
2356 2983 2538 3045 αὐτοῖς
2573 2983 2695 3035 τότε
2743 2982 2879 3052 πρὸς
2909 2982 3087 3047 ἔξοδον
3136 2983 3236 3054 ἢδη
3274 2981 3485 3046 οὐσῶν,
3527 2982 3702 3033 Καὶὸ

2119 3073 2272 3137 θετος
2327 3075 2433 3128 τῶν
2482 3075 2632 3144 παρὰ
2688 3075 2840 3136 Χίοις
2893 3074 3137 3128 δυνατῶν
3166 3074 3468 3141 όμάλιστα
3503 3072 3710 3139 διαφο-

2123 3164 2386 3236 ρώτατός,
2423 3165 2500 3235 τῷ
2532 3165 2775 3235 μεγάλου
2806 3165 3133 3235 δομεστίκου
3163 3163 3303 3234 οἴκῳ
3334 3181 3712 3234 προσῳκειω-

457 3251 742 3320 indicavit,
802 3255 895 3324 qui
939 3256 1216 3310 Romanos
1247 3257 1422 3310 insula
1466 3258 1810 3326 spoliassent,
1851 3276 2012 3330 quam

2124 3258 2284 3338 μένος
2342 3259 2405 3310 ὲκ
2465 3257 2676 3310 πολλῶν
2731 3257 2870 3310 ἐτῶν
2899 3258 3158 3328 (πατέρες
3217 3273 3277 3309 τε
3335 3259 3450 3324 γὰρ
3481 3256 3709 3308 ἐκείνου

453 3357 554 3411 per
613 3343 866 3398 fraudem
918 3345 1108 3400 tandiu
1161 3356 1536 3416 occuparent;
1589 3356 1645 3401 et
1699 3364 1812 3402 rem
1868 3351 2014 3406 haud

451 3436 932 3505 contemnendam,
993 3454 1169 3508 neque
1219 3452 1424 3497 temere
1460 3457 1491 3498 e
1542 3443 1792 3500 manibus
1829 3446 2018 3501 dimit-

451 3525 670 3579 tendam
695 3526 893 3593 videri,
910 3543 1030 3582 cum
1061 3533 1114 3583 in
1139 3546 1311 3587 annos
1338 3533 1579 3604 singulos
1607 3537 1772 3606 228
1798 3549 2016 3592 centum

454 3613 646 3683 viginti
707 3630 999 3672 aureorum
1048 3621 1219 3674 millia
1271 3625 1527 3692 pensitet.
1577 3625 2017 3682 Benevolentiam

449 3719 672 3773 quoque
701 3719 854 3759 suam
883 3715 937 3761 et
985 3710 1426 3780 conjunctionem
1456 3714 1869 3768 consuetudinis
1891 3731 2015 3770 cum

451 3793 590 3862 ipsa,
624 3802 680 3848 et
735 3797 854 3866 ejus
902 3796 1012 3852 ﬁlio
1067 3798 1123 3852 in
1173 3800 1412 3854 medium
1442 3803 1646 3868 attulit,
1683 3819 1746 3858 ac
1799 3805 2016 3859 tandem

451 3893 644 3939 auctor
665 3882 768 3939 iuit
795 3896 853 3941 ut
879 3887 923 3941 si
955 3897 1138 3956 posset
1170 3891 1471 3961 imperator
1500 3893 1726 3949 classem
1748 3895 2019 3950 subsidia-

449 3976 587 4028 riam
629 3977 684 4030 in
740 3976 936 4033 Chium
974 3981 1252 4048 mitteret;
1311 3984 1426 4053 ipse
1459 3999 1590 4039 vero
1650 3986 1744 4055 qui
1808 4003 1906 4057 per
1957 4003 2016 4044 se

450 4065 746 4134 plurimum
777 4069 977 4137 opibus
1002 4081 1057 4123 et
1082 4074 1252 4140 gratia
1289 4075 1516 4141 valeret,
1547 4076 1855 4147 multosque
1879 4077 2017 4133 alios

452 4166 567 4211 tum
601 4160 806 4213 amicos
833 4169 945 4214 tum
970 4173 1232 4232 cognatos
1256 4164 1321 4218 ad
1351 4166 1667 4220 societatem
1701 4179 2018 4238 aggregatu-

449 4265 546 4303 rus
566 4260 731 4314 esset,
761 4253 826 4306 ad
865 4252 1096 4307 insulam
1126 4255 1512 4309 vindicandam
1546 4259 1692 4311 vires
1725 4274 1851 4313 snas
1883 4275 2016 4314 con-

443 4340 720 4410 iungeret.
747 4342 1069 4397 Praeclaram
1089 4355 1271 4399 autem
1297 4347 1638 4401 occasionem
1669 4348 1794 4402 belli
1826 4364 2014 4406 contra

445 4430 739 4486 Martinum
791 4431 931 4498 fore,
990 4443 1102 4488 tum
1151 4437 1295 4506 quod
1353 4435 1578 4520 {traderis
1637 4447 1850 4512 tempus
1901 4444 2013 4513 jam

446 4523 775 4590 exSpiraret,
811 4533 922 4579 tum
952 4527 1098 4592 quod
1136 4528 1468 4599 imperatore
1500 4532 1693 4596 inscio,
1733 4549 1911 4588 arcem
1946 4537 2014 4591 ad

2121 3346 2236 3404 τοῖς
2286 3345 2523 3414 μεγάλου
2579 3346 2906 3416 δομεστίκου
2947 3348 3220 3416 πατράσιν
3252 3349 3310 3409 ἐς
3345 3347 3418 3398 τὰ
3455 3347 3709 3415 μάλιστα

2119 3431 2260 3505 ἦσαν
2291 3437 2434 3504 φίλοι
2461 3438 2554 3490 καὶ
2589 3439 2802 3501 οἰκεῖοι,
2842 3439 2934 3492 καὶ
2963 3439 3126 3502 αὐτὸς
3155 3438 3348 3509 αὐτῷ),
3380 3432 3552 3501 οὗτος
3584 3439 3650 3507 δὴ
3680 3440 3710 3490 ό

2121 3530 2433 3595 Καλόθετος
2463 3535 2528 3604 τῇ
2583 3533 2679 3586 τοῦ
2719 3535 2958 3604 μεγάλου
2999 3535 3324 3606 δομεστίκου
3359 3535 3545 3604 μητρὶ
3587 3534 3711 3586 τότε

2119 3621 2434 3689 προσελθὼν
2471 3625 2841 3697 Διδυμοτείχῳ
2884 3623 3340 3697 ὲνδιατριϐούσῃ,
3376 3626 3476 3678 καὶ
3511 3627 3626 3695 τήν
3653 3641 3713 3677 τε

2121 3716 2460 3784 κακουργίαν
2525 3717 2633 3770 τῶν
2683 3719 2930 3772 Λατίνων
2964 3719 3309 3786 ἀπαγγείλας
3351 3710 3707 3789 ᾗχρὼμενοι

2119 3805 2510 3876 ἀπεστέρησὰν
2567 3825 2626 3860 τε
2663 3809 2973 3878 Ῥωμαίους
3023 3814 3122 3880 τῆς
3168 3811 3300 3862 Χίου
3355 3809 3460 3878 τὴν
3493 3809 3704 3878 ἀρχὴν.

2120 3896 2213 3946 καὶ
2249 3893 2344 3948 νῦν
2399 3896 2491 3948 ἐπὶ
2554 3897 2809 3951 τοσοῦτον
2862 3900 3186 3968 κατέχουσιν
3253 3899 3704 3964 ἐξαπατῶντες,

2121 3985 2352 4053 πρᾶγμα
2377 3985 2477 4037 οὐκ
2510 3985 3015 4056 εὐκαταφρόνητον,
3055 3987 3168 4041 οὐδ’
3188 3983 3298 4040 οἷον
3336 3987 3544 4058 ῥᾳδίως
3573 3987 3702 4039 τινὰ

2119 4079 2252 4131 αὐτὸ
2314 4079 2753 4148 καταπροέσθαι·
2801 4079 2894 4132 δύο
2926 4081 3034 4150 γὰρ
3087 4081 3222 4150 πρὸς
3251 4081 3374 4141 ταῖς
3413 4080 3550 4132 δέκα
3585 4098 3694 4149 μυ-

2121 4169 2268 4239 ριάσι
2314 4170 2537 4240 χρυσίου
2590 4171 2838 4240 ἐτησίους
2891 4171 3035 4223 τελεῖ
3064 4173 3285 4241 φόρους,
3351 4174 3454 4242 τήν
3493 4189 3556 4223 τε
3606 4171 3696 4224 εὕ-

2119 4278 2267 4314 νοιαν
2305 4262 2470 4314 αὐτοῦ
2501 4261 2598 4332 τὴν
2633 4261 2866 4332 ἀρχαίαν
2897 4262 2993 4315 καὶ
3021 4261 3120 4332 τὴν
3159 4262 3452 4331 συνήθειαν
3492 4264 3601 4331 τήν
3635 4280 3694 4314 τε

2118 4353 2254 4420 πρὶς
2307 4353 2482 4422 αὐτὴν
2530 4353 2626 4406 καὶ
2659 4352 2751 4405 τὸν
2786 4353 2922 4416 υἱὸν,
2955 4353 3270 4406 τελευταῖον
3296 4353 3696 4405 συνεϐούλευεν

2116 4442 2189 4506 ὡς
2230 4447 2277 4498 εἰ
2325 4445 2409 4513 εἴη
2438 4445 2662 4497 δυνατὸν
2681 4444 2909 4514 βασιλέα
2946 4445 3120 4516 στόλῳ
3156 4447 3237 4507 είς
3259 4445 3360 4516 τὴν
3389 4446 3525 4498 Χίον
3566 4447 3697 4515 βοη.

2120 4536 2305 4606 θῆσαι,
2341 4537 2506 4589 αὐτὸν
2551 4537 2622 4589 τὰ
2653 4537 2888 4606 μέγιστα
2929 4535 2996 4590 ἂν
3051 4537 3390 4607 συνάρασθαι
3437 4554 3582 4606 προς
3635 4542 3696 4592 τὸ

443 4610 641 4668 Chium
695 4616 747 4668 vi
779 4618 1178 4688 subjugandam
1212 4632 1540 4677 exstrueret.
1575 4622 1777 4679 Orabat
1828 4634 2005 4681 tamen

2118 4630 2529 4699 ἀνακτήσασθαι
2558 4629 2656 4700 τὴν
2697 4631 2882 4700 νῆσον,
2921 4632 2989 4683 τὰ
3034 4631 3223 4700 πρῶτά
3272 4648 3333 4683 τε
3377 4631 3691 4700 δυνάμενον

444 4705 617 4770 illam,
653 4710 931 4777 negotium
969 4711 1120 4780 prius
1175 4714 1543 4784 perpenderet
1584 4715 1893 4786 diligenter,
1945 4735 2011 4774 ne

443 4801 561 4870 ipse
600 4813 764 4874 caput
829 4815 883 4859 ct
917 4805 1164 4862 fortunas
1193 4823 1322 4864 suas
1357 4809 1408 4864 in
1440 4812 1740 4880 periculum
1775 4813 2014 4875 adduce-

444 4900 550 4955 ret,
582 4892 628 4946 si
666 4893 969 4962 imperator
997 4911 1120 4950 cutn
1153 4899 1328 4968 copiis
1371 4916 1476 4957 non
1501 4903 1666 4972 justis
1695 4921 1758 4958 eo
1788 4906 2014 4958 adnavi-

440 4993 612 5052 θοι-οι.
641 4983 756 5039 Sibi
783 4986 1004 5054 quidem
1028 4987 1164 5042 nihil
1198 5003 1317 5045 esse
1342 4992 1602 5061 optatius,
1633 5010 1793 5064 quam
1813 4993 2009 5050 Chium

438 5091 658 5146 quoque
690 5093 798 5132 non
833 5080 1186 5135 mediocriter
1220 5093 1558 5140 tructuosam
1589 5089 1690 5144 sub
1731 5088 2010 5144 Romano-

439 5183 561 5221 rum
601 5168 865 5225 ditionem
896 5172 1235 5239 succedere;
1273 5177 1637 5233 nihilominus
1696 5195 1755 5234 se
1784 5181 1887 5236 sibi
1945 5197 2010 5238 ac

437 5260 762 5332 propinquis
813 5265 929 5318 suis
960 5267 1292 5336 prospicere.
1343 5269 1399 5324 Si
1449 5285 1687 5342 namque
1727 5287 1815 5327 res
1853 5287 2011 5330 secus

438 5353 747 5417 evenirent,
780 5369 902 5409 cum
933 5367 1040 5411 tota
1064 5359 1234 5429 stirpe
1261 5361 1367 5414 vita
1399 5371 1453 5417 et
1505 5362 1856 5418 facultatibus
1878 5381 2012 5420 exu-

435 5457 552 5498 tum
585 5445 676 5510 iri,
706 5462 902 5518 nempe
929 5449 1140 5507 Latinis
1164 5454 1588 5509 resciscentibus
1614 5457 1734 5526 ejus
1772 5455 2009 5527 impulsu

434 5539 826 5606 imperatorem
868 5557 992 5596 cum
1036 5543 1224 5599 hostili
1285 5546 1458 5601 classe
1518 5546 1831 5604 advenisse.
1881 5549 2009 5604 Ideo

435 5645 604 5697 porro
653 5645 712 5686 se
764 5634 870 5703 ipsi
910 5646 1037 5691 ante
1077 5653 1272 5692 omnes
1309 5651 1544 5696 mentem
1578 5656 1734 5696 suam
1768 5641 2006 5712 aperire,

429 5721 582 5790 quod
615 5721 911 5792 imperator
931 5742 1031 5798 per
1057 5731 1244 5784 omnia
1274 5746 1340 5785 ex
1363 5733 1485 5802 ejus
1521 5733 1732 5803 judicio
1751 5734 2008 5789 arbitrio-

437 5828 546 5882 que
577 5823 800 5873 acturus
829 5819 922 5873 sit.
959 5819 1084 5875 Haec
1119 5822 1278 5876 matri
1315 5824 1493 5894 magni
1546 5825 1833 5882 domestici
1867 5827 2004 5882 clam

433 5905 503 5962 dc
530 5907 666 5966 Chio
692 5909 1042 5982 Calothetus;
1083 5930 1206 5986 quae
1245 5917 1498 5973 stimulos
1527 5919 1573 5974 ci
1609 5921 1843 5992 majores
1875 5923 2005 5978 sub-

2117 4723 2270 4792 παρὰ
2304 4724 2457 4787 Χίοις
2507 4724 2600 4776 καὶ
2645 4722 2877 4786 πολλοὺς
2927 4723 3151 4792 ἐτέρους
3183 4725 3696 4794 προσεταιρισάμε-

2115 4831 2203 4868 νον
2234 4815 2328 4868 καὶ
2369 4815 2479 4868 τῶν
2512 4815 2682 4883 φίλων
2711 4816 2803 4868 καὶ
2835 4815 2943 4867 τῶν
2982 4815 3284 4882 συγγενῶν.
3312 4813 3467 4869 Εἶναι
3501 4817 3556 4868 δὲ
3590 4818 3692 4870 καὶ

2117 4905 2372 4977 ἀφορμὰς
2412 4907 2513 4959 οὐκ
2545 4907 2790 4974 ἀγεννεῖς
2817 4908 2911 4958 τοῦ
2946 4906 3084 4976 πρὸς
3109 4907 3389 4977 Μαρτῖνον
3415 4908 3689 4977 πολέμου,

2114 4998 2237 5051 τότε
2293 4999 2429 5070 πρὸς
2469 4999 2649 5063 ἔξοδον
2702 4999 2802 5068 ἤδη
2857 4993 2995 5051 εἶναι
3045 4996 3144 5057 τὰς
3201 4999 3456 5061 σπονδὰς.
3493 5002 3587 5051 καὶ
3627 5000 3691 5052 τὸ

2117 5092 2384 5162 βασιλέως
2431 5091 2757 5158 ἀγνοοῦντος
2814 5091 3112 5162 ἀκρόπολιν
3165 5091 3262 5143 ἐπὶ
3313 5090 3397 5160 τῷ
3427 5091 3561 5144 Χίον
3591 5092 3690 5163 βίᾳ

2114 5187 2410 5254 κατασχεῖν
2453 5185 2785 5254 οἰκοδομεῖν,
2843 5181 3016 5237 ἐδεῖτό
3047 5199 3108 5234 τε
3152 5182 3330 5250 αὐτῆς
3371 5181 3689 5250 σκέψασθαι

2115 5280 2244 5350 περὶ
2275 5279 2441 5332 αὐτοῦ
2482 5278 2748 5349 πρότερον
2777 5276 2982 5339 καλῶς,
3008 5275 3158 5338 ὅπως
3193 5276 3268 5344 μὴ
3298 5272 3451 5344 αὐτῷ
3481 5277 3540 5336 ἐς
3564 5274 3685 5326 κίν-

2111 5373 2268 5425 δυνον
2289 5371 2357 5425 τὰ
2402 5371 2704 5440 πράγματα
2737 5369 3001 5439 χωρήσει,
3032 5365 3301 5436 βασιλέως
3327 5367 3391 5419 οὐ
3421 5366 3560 5434 μετὰ
3583 5367 3685 5434 τῆς

2114 5461 2510 5534 προσηκούσης
2542 5463 2826 5531 δυνάμεως
2858 5462 2976 5514 ἐκεῖ
3013 5459 3282 5521 ἐλθόντος.
3335 5458 3474 5528 Περὶ
3535 5457 3684 5510 πλεί-

2114 5575 2241 5610 στου
2297 5557 2394 5627 μὲν
2441 5556 2553 5626 γὰρ
2600 5555 2874 5608 ποιεῖσθαι
2932 5554 3029 5606 καὶ
3076 5553 3138 5605 τὸ
3189 5552 3325 5606 Χίον
3376 5549 3676 5620 Ῥωμαίοις

2111 5649 2510 5720 προσχωρῆσαι
2555 5647 2829 5717 ὠφέλειαν
2877 5644 3226 5714 παρέξουσαν
3255 5643 3320 5697 οὐ
3351 5642 3451 5712 τὴν
3478 5639 3673 5710 τυχοῦ-

2112 5755 2234 5791 σαν.
2261 5738 2433 5791 Οὐδὲν
2463 5737 2519 5790 δὲ
2557 5731 2722 5808 ἦττον
2772 5736 2867 5788 καὶ
2921 5731 3119 5788 ἑαυτοῦ
3175 5733 3271 5786 καὶ
3319 5733 3432 5785 τῶν
3459 5732 3675 5784 οἰκείων

2110 5830 2480 5902 προνοεῖσθαι,
2503 5829 2578 5894 ὡς
2610 5831 2656 5883 εί
2687 5828 2762 5900 μὴ
2791 5828 2932 5882 κατὰ
2968 5825 3197 5896 γνώμην
3221 5824 3370 5895 αὐτῷ
3399 5825 3467 5877 τὰ
3499 5823 3676 5895 πράγ-

2114 5940 2263 5994 ματα
2316 5922 2597 5993 χωρήσει,
2655 5918 2978 5992 πανοικεσίᾳ
3030 5917 3568 5989 διαφθαρησομένου,
3622 5914 3673 5970 ει
