3902 6602
361 528 434 592 77
1483 527 2023 591 IIISTORIARUM
2053 525 2285 588 LIBER
2323 527 2405 587 tt.
3089 495 3108 502 ”
3463 521 3576 586 ne

327 642 634 714 κατάδηλον
662 641 872 711 γένοιτο
916 641 1190 708 Λατίνοις,
1225 643 1308 697 ὅτι
1342 643 1509 698 αὐτοῦ
1566 644 1880 714 πράττοντος

1997 641 2149 711 jecit,
2168 643 2484 710 bonumque
2511 647 2564 694 et
2587 639 2725 696 utile
2746 647 2856 694 tum
2885 635 3150 694 Romanis
3205 643 3317 692 tum
3347 635 3570 692 sibimet

329 737 771 806 ἐπεστράτευσεν
831 736 1018 800 αὐτοῖς
1077 737 1104 790 ό
1163 737 1436 808 βασιλεύς.
1486 730 1562 790 Οὔ
1618 736 1682 806 δὴ
1733 735 1880 789 ἓνεκι

2004 747 2224 802 quoque
2255 732 2541 786 consilium
2574 730 2790 786 dedisse
2815 729 3125 784 afﬁrmavit.
3163 729 3231 783 Et
3262 727 3389 799 quia
3411 728 3476 781 ad
3506 741 3566 782 se

333 830 480 900 αὐτῇ
531 830 633 899 τὴν
691 827 920 898 γνώμην
952 830 1234 884 ἀναθεῖναι
1290 830 1483 900 πρὼτη
1523 827 1599 891 ὡς
1659 828 1800 882 ἄττα
1831 826 1880 880 ἃ.Ἰ

2001 826 2241 896 primum
2281 838 2381 893 pro
2406 821 2626 891 antiqua
2659 821 3028 876 familiaritate
3081 817 3565 876 acbenevolentia

335 923 482 991 αὐτῇ
520 923 706 991 δοκοίη
741 925 952 977 ἐκείνου
989 923 1450 992 διαπραξομένου.
1506 919 1744 974 Τοιαῦτα
1797 918 1896 988 μὲν

333 1015 366 1065 ὁ
422 1009 727 1076 Κάλόθετος
775 1018 845 1084 τῇ
887 1015 1060 1084 μητρὶ
1116 1015 1210 1067 τοῦ
1275 1014 1514 1084 μεγάλου
1572 1010 1896 1081 δομεστίκου

333 1104 523 1173 κρύφα
555 1105 683 1175 περὶ⁸
728 1103 859 1158 Χίου
893 1106 1183 1175 διειλέχθη·
1215 1108 1248 1174 ἡ
1272 1105 1327 1158 δὲ
1357 1104 1638 1176 ἐπέρῤωσέ
1665 1121 1724 1157 τε
1760 1101 1896 1172 μᾶλ-

330 1194 428 1246 λον
484 1195 619 1263 πρὸς
653 1196 717 1248 τὸ
767 1197 930 1266 ἐργον
975 1195 1160 1260 αὐτὸν,
1195 1197 1290 1249 καὶ
1324 1195 1506 1257 καλῶς
1552 1194 1758 1262 ἔφασκε
1799 1195 1894 1246 καὶ

325 1283 752 1350 λυσιτελούντως
807 1287 1196 1357 βεϐουλεῦσθαι
1257 1289 1351 1341 καὶ
1420 1285 1714 1356 Ῥωμαίοις
1797 1285 1892 1338 καὶ

322 1374 530 1443 ἐαυτῷ.
586 1376 742 1430 Ἐπεὶ
791 1377 849 1431 δέ
885 1379 1029 1449 αὐτῇ
1069 1377 1164 1449 τὴν
1195 1378 1396 1447 πρᾶξιν
1426 1377 1654 1447 ἀναθείη
1698 1375 1893 1448 πρώτῃ

321 1465 417 1518 διὰ
466 1468 567 1536 τὴν
623 1468 856 1538 ἀρχαίαν
914 1469 1226 1540 οἰκειότητα
1277 1470 1370 1522 καὶ
1424 1469 1522 1539 τὴν
1577 1467 1789 1520 εὔνοιαν
1822 1467 1890 1538 ἣν

320 1555 560 1626 ἔσχηκεν
619 1559 684 1611 ἐκ
738 1559 973 1613 παλαιοῦ
1032 1561 1170 1625 πρὸς
1229 1559 1403 1628 αὐτὴν
1437 1560 1533 1612 καὶ
1581 1557 1715 1622 υἱὸν,
1746 1556 1888 1625 αὐτὴ

320 1651 423 1702 καὶ
460 1651 822 1720 διαπράξεται
859 1651 1008 1712 ὅπως
1052 1652 1251 1720 ἄριστα
1297 1649 1448 1720 αὐτῷ
1493 1649 1626 1716 ἐξει.
1672 1647 1885 1719 Ἐκείνη

323 1743 426 1810 μὲν
456 1742 547 1795 οὖν
599 1742 826 1796 τοιαῦτα
857 1740 1003 1796 εἴπεο
1038 1743 1306 1813 πέμψασα
1357 1732 1416 1796 δὲ
1465 1743 1532 1794 ἐκ
1587 1740 1884 1804 Βυζαντίου

321 1831 551 1898 βασιλέα
602 1833 696 1887 καὶ
735 1835 828 1888 τὸν
867 1835 982 1889 υἱὸν
1026 1836 1104 1898 είς
1134 1834 1518 1905 Διδυμότειχον
1569 1825 1774 1895 ἐκάλει,
1810 1835 1886 1896 ὡς

319 1927 640 1992 ἀναγκαίων
690 1927 819 1996 πέρι
859 1927 1234 1998 διαλεξομένη.
1279 1928 1343 1979 Ol
1383 1927 1429 1980 δ’
1463 1925 1625 1988 εὐθὺς
1657 1926 1763 1978 τῶν
1793 1926 1886 1979 ἆλ-

319 2015 432 2067 λων
497 2018 896 2087 ἀμελήσαντες,
949 2021 1160 2089 εἴχοντο
1201 2019 1322 2073 ὁδοῦ
1348 2035 1364 2053 ·
1401 2019 1686 2088 γενόμενοι
1734 2018 1791 2071 δὲ
1829 2019 1888 2071 ἐν

317 2109 724 2180 Διδυμοτείχῳ,
777 2112 903 2164 ἐπεὶ⁹
957 2113 1222 2165 ἐπύθοντο
1280 2111 1410 2177 περὶ¹
1459 2105 1534 2165 ὧν
1591 2111 1885 2175 καλοῖντο,

322 2202 505 2270 ἡδέως
537 2220 594 2255 τε
626 2203 876 2268 ἐδέξαντο
912 2205 1041 2267 τοὺς
1089 2204 1306 2272 λόγους,
1337 2204 1436 2257 καὶ
1468 2203 1640 2255 ἐδόκει
1668 2201 1777 2255 δεῖν
1813 2202 1889 2264 ὡς

316 2295 453 2362 περὶ
485 2297 790 2363 ἀναγκαίου
818 2296 916 2366 τῆς
946 2298 1077 2349 Χίου
1107 2295 1632 2367 παρασκευάζεσθαι
1659 2298 1728 2348 τὰ
1751 2295 1888 2364 πρὸς

317 2389 414 2440 τὸν
467 2390 706 2459 πόλεμον
770 2389 1090 2459 προθύμως.
1150 2389 1255 2444 Τόν
1307 2406 1368 2442 τε
1412 2389 1717 2443 Καλόθετον
1779 2385 1888 2456 ἰδίᾳ

323 2476 847 2546 μετακαλεσάμενοι,
881 2477 1140 2547 ἑκάτερος
1173 2475 1354 2530 αὐτῶν
1397 2475 1578 2543 λόγοις
1619 2492 1678 2528 τε
1723 2473 1889 2545 ἐπέρι

323 2570 511 2637 ρωσαν
543 2567 678 2634 πρὸς
712 2568 771 2621 τὸ
805 2567 967 2639 ἔργον
1013 2569 1346 2636 ἐπαγωγοῖς.
1380 2570 1476 2621 καὶ
1508 2568 1702 2635 δώροις
1733 2566 1885 2635 φιλο-

321 2659 728 2728 φρονησάμενοι
754 2659 918 2723 ἀξίως
956 2658 1194 2723 ἑαυτῶν,
1226 2660 1306 2712 ἐτι
1337 2659 1395 2712 δέ
1424 2657 1886 2726 ἐπαγγειλάμενοι

320 2748 486 2803 αὐτόν
530 2767 591 2802 τε
639 2753 733 2803 καὶ
769 2752 934 2822 γένος
981 2746 1042 2806 εὖ
1079 2751 1346 2821 ποιήσειν,
1388 2749 1704 2819 ἐξέπεμψαν
1750 2747 1886 2818 πρὸς

320 2839 456 2893 Χίον
499 2842 575 2905 ὡς
615 2837 688 2894 ὧν
725 2843 792 2897 ἂν
825 2844 1001 2898 δέοιτο
1030 2845 1589 2915 παρασκευασόμενον
1649 2844 1781 2914 πρὸς
1825 2845 1886 2896 τδ

319 2931 595 2993 Λατίνοις,
631 2931 699 3001 ἢν
735 2933 849 3003 δέῃ,
888 2934 1198 2989 ἐπιθέσθαι.
1248 2935 1416 2989 Αὐτοὶ¹
1472 2935 1530 2988 δὲ
1570 2935 1650 2998 εἰς
1682 2933 1887 2998 Βυζάν-

317 3036 434 3072 τιον
488 3021 1019 3093 ἐπαναστρέψαντες,
1071 3028 1314 3097 τριήρεις
1376 3043 1434 3079 τε
1513 3024 1888 3094 ἐναυπηγοῦν-

319 3124 405 3172 το,
466 3109 561 3161 καὶ
616 3111 787 3164 τᾶλλα
857 3115 1334 3182 παρεσκευάζοντο
1385 3115 1461 3178 ὡς
1491 3113 1885 3183 πλευσούμενοι

319 3202 380 3261 ἐς
440 3200 589 3257 Χίον.
642 3204 1041 3274 Σκεπτομένοις
1091 3207 1150 3260 δὲ
1206 3207 1389 3269 αὐτοῖς
1433 3207 1627 3276 ἥντινα
1666 3206 1883 3272 ἐξέσται

2001 932 2123 988 quae
2149 915 2228 970 illi
2263 930 2471 979 secum,
2517 922 2572 969 et
2603 930 2727 969 cum
2758 914 2870 969 filio
2913 914 3041 969 inde
3070 927 3101 967 a
3136 912 3437 984 majoribus
3475 911 3563 966 in-

2002 1005 2364 1070 tercessisset,
2405 1003 2750 1059 referendum
2798 1002 3117 1074 putavisset,
3149 1017 3206 1057 se
3235 1016 3347 1056 rem
3370 1015 3564 1070 quam-

1999 1098 2203 1167 optime
2251 1097 2642 1152 coniecturam.
2681 1096 2804 1151 Hzec
2849 1095 2958 1149 illa.
3001 1093 3129 1148 inde
3174 1093 3560 1162 imperatorem

1996 1197 2053 1242 et
2086 1188 2254 1242 lilium
2288 1188 2546 1259 Byzantio
2572 1187 3036 1258 Didymotichum,
3068 1184 3211 1239 utde
3232 1181 3561 1239 necessariis

1994 1277 2318 1346 quibusdam
2340 1293 2462 1332 cum
2495 1277 2626 1345 ipsis
2649 1287 2858 1343 actura,
2885 1277 3152 1340 accersit;
3181 1274 3414 1344 quiﬁmox
3439 1273 3561 1328 aliis

1993 1368 2345 1437 posthabitis,
2388 1369 2445 1423 in
2490 1369 2635 1424 viam
2696 1383 2753 1423 se
2804 1367 3093 1422 dederunt.
3134 1365 3334 1420 Audita
3389 1379 3558 1419 causa

1993 1461 2064 1516 ob
2084 1477 2246 1531 quam
2277 1469 2460 1516 essent
2487 1459 2722 1526 evocati,
2757 1459 2999 1514 laetitiam
3037 1465 3302 1526 ceperunt
3330 1456 3560 1510 bellum-

1991 1567 2098 1621 que
2149 1567 2248 1621 pro
2291 1550 2427 1607 Citio
2460 1559 2520 1604 ut
2568 1565 2683 1604 rem
2719 1547 2973 1619 praecipui
3009 1547 3270 1602 momenti
3308 1553 3558 1615 prompte

1991 1627 2418 1713 comparandum
2451 1642 2834 1697 decreverunt.
2869 1640 3119 1695 Accitum
3157 1653 3375 1708 quoque
3395 1636 3556 1692 Calo-

1990 1735 2200 1788 tbetum
2255 1733 2438 1788 verbis
2484 1731 2798 1787 efﬁcacibus
2855 1731 2909 1785 itt
2946 1729 3229 1801 proposito
3269 1726 3560 1783 conﬁrma-

1989 1833 2137 1886 runt,
2162 1833 2218 1879 et
2264 1839 2364 1894 pro
2405 1824 2669 1894 dignitate
2695 1839 2793 1878 sua
2842 1821 3156 1878 humaniter
3173 1827 3553 1885 munerarunt;

1993 1915 2246 1986 datisque
2274 1917 2577 1986 promissis,
2621 1931 2681 1972 se
2721 1915 2824 1985 ipsi
2870 1924 2925 1970 et
2952 1914 3139 1985 generi
3169 1928 3268 1968 suo
3297 1911 3554 1967 benefac—

1915 1987 1962 2048 B
1994 2009 2164 2067 turos,
2203 2001 2400 2058 Chium
2429 2003 2776 2066 dimiserunt,
2810 2010 2871 2057 ut
2911 2003 3110 2072 quibus
3143 2017 3284 2072 opus
3315 2001 3458 2056 foret
3485 2001 3552 2055 ad

1987 2092 2213 2149 Latinos
2265 2095 2320 2148 in
2378 2103 2621 2163 tempore
2671 2094 3010 2162 adoriundos
3049 2100 3410 2163 praepararet;
3453 2093 3554 2162 ipsi

1987 2181 2306 2253 Byzantium
2338 2184 2566 2250 reversi,
2615 2185 2867 2241 triremes
2899 2184 3247 2240 fabricandos
3277 2171 3550 2248 locarunt,

1987 2286 2044 2333 et
2081 2289 2276 2336 caetera
2323 2291 2579 2350 tanquam
2630 2283 2827 2338 Chium
2863 2282 3164 2353 navigaturi
3193 2287 3547 2336 curaverunt.

1987 2369 2126 2424 Dum
2185 2386 2316 2426 vero
2348 2373 2860 2444 circumspicerent,
2900 2385 2955 2428 et
2995 2374 3287 2428 honestum
3330 2372 3554 2442 aliquod

1990 2465 2118 2520 belli
2147 2467 2482 2538 principium
2529 2477 2858 2540 quaererent,
2903 2485 3134 2540 magnus
3178 2467 3342 2538 229
3369 2468 3557 2523 dome«

1986 2556 2178 2622 sticus,
2233 2555 2486 2614 triremes
2539 2569 2594 2615 et
2650 2575 2799 2615 arma
2842 2561 3149 2614 necessaria
3177 2557 3550 2625 conficienda,

1986 2651 2310 2721 cupiamque
2357 2653 2628 2718 navalem,
2663 2661 2719 2708 et
2744 2653 2926 2723 gravis
2965 2661 3256 2708 armaturae
3295 2651 3550 2719 militem,

1986 2740 2078 2808 qui
2112 2743 2538 2808 conscenderet,
2584 2743 2954 2814 colligendum
2987 2743 3276 2799 suadebat.
3311 2744 3378 2796 Et
3416 2759 3554 2814 quo-

1987 2835 2131 2888 niam
2164 2833 2388 2891 foederis
2421 2851 2546 2891 cum
2572 2835 2805 2890 Martino
2835 2837 3106 2892 terminus
3135 2837 3370 2908 adesset,
3407 2837 3552 2904 ipse-

1985 2940 2092 2994 que
2121 2926 2434 2987 inconsulto
2467 2928 2800 2998 imperatore
2827 2942 3010 2983 arcem
3043 2927 3112 2982 ad
3165 2928 3403 2982 insulam
3440 2941 3554 2981 ser-

1987 3019 2156 3072 vitute
2189 3019 2606 3088 Opprimendam
2658 3012 3047 3086 exaediﬁcaret,
3103 3020 3421 3074 mandatum
3471 3019 3551 3073 illi

1985 3109 2336 3176 mittendum,
2369 3126 2480 3181 quo
2507 3121 2620 3166 tum
2661 3111 2730 3166 de
2781 3111 2925 3167 facto
2970 3113 3337 3177 incusaretur,
3368 3119 3424 3166 et
3452 3126 3552 3165 ex-

1981 3200 2284 3256 structione
2305 3199 2575 3255 desistere
2591 3200 2912 3270 juberetur;
2935 3209 3046 3254 tum
3068 3199 3113 3253 si
3136 3198 3316 3254 fcedus
3343 3211 3549 3251 novum

319 3291 419 3345 τοῦ
451 3292 690 3363 πολέμου
749 3297 1113 3368 εὐπρόσωπον
1167 3299 1342 3369 ἀρχὴν
1393 3299 1600 3363 λαϐεῖν,
1637 3300 1666 3350 ό
1709 3299 1880 3368 μέγας

1989 3301 2237 3362 cuperet,
2268 3292 2449 3363 priore
2478 3293 2588 3364 jam
2621 3302 2835 3358 exacto,
2869 3293 3189 3364 Byzantium
3219 3291 3408 3345 venire
3432 3303 3549 3343 mo-

313 3384 637 3454 δομέστικος
682 3388 1038 3442 συνεϐούλευε
1089 3392 1188 3453 τάς
1238 3392 1340 3460 μὲν
1381 3393 1628 3461 τριήρεις
1671 3406 1884 3460 ναυπη-

313 3474 551 3539 γεῖσθαι,
583 3475 680 3528 καὶ
702 3477 768 3530 τὰ
807 3476 948 3530 ὅπλα
986 3471 1062 3530 ὧν
1093 3479 1303 3533 δέονται
1330 3478 1880 3548 παρασκευάζεσθαι,

316 3566 411 3618 καὶ
455 3567 709 3620 ναυτικὸν
753 3568 1037 3636 συλλέγειν
1084 3570 1136 3622 οἶ
1177 3572 1552 3640 ἐπιϐήσονται,
1583 3571 1679 3624 καὶ
1721 3569 1881 3622 ὁπλί-

316 3675 436 3720 τας.
485 3658 636 3711 Ἐπεὶ
675 3660 732 3713 δέ
774 3661 835 3714 αἴ
875 3678 938 3713 τε
988 3654 1213 3716 σπονδαὶ
1243 3662 1321 3732 τῷ
1348 3661 1611 3733 Μαρτίνῳ
1635 3665 1691 3715 ἐν
1716 3661 1881 3731 ἐξόδῳ

315 3749 456 3801 εἰσὶν
495 3750 616 3820 ήδη,
669 3753 764 3804 καὶ
811 3751 990 3823 ἄκραν
1038 3751 1307 3822 βασιλέως
1353 3754 1428 3822 μὴ
1479 3753 1879 3824 ἐπιτρέψαντος

309 3835 592 3904 οἰκοδομεῖ
659 3838 752 3890 ἐπὶ
803 3838 882 3908 τῷ
947 3839 1460 3894 καταδουλώσασθαι
1533 3840 1634 3910 τὴν
1695 3841 1878 3908 νῆσον,

311 3929 651 3998 πρόσταγμα
708 3929 844 4000 πρὸς
893 3931 1106 3984 ἐκεῖνον
1153 3931 1322 3984 αὐτοῦ
1375 3930 1718 4000 πεμφθῆναι,
1763 3929 1879 3999 ἅμα

314 4019 415 4086 μὲν
464 4018 626 4071 αὑτὸν
682 4021 1013 4090 αἰτιωμένου
1071 4021 1148 4083 ὡς
1203 4021 1306 4091 τὴν
1354 4022 1532 4090 ἄκραν
1582 4020 1748 4074 αὑτοῦ
1803 4021 1878 4092 μὴ

306 4114 615 4177 συνειδότος
649 4115 986 4186 οίκοδομοίη,
1029 4115 1343 4178 κελεύοντός
1381 4132 1442 4168 τε
1475 4116 1538 4169 τὸ
1566 4117 1878 4187 οἰκοδομεῖν

304 4201 427 4270 ἐᾷν,
459 4204 554 4256 καὶ
588 4204 897 4273 περαιτέρω
931 4205 1004 4274 μή
1037 4205 1390 4275 προϐαίνειν·
1427 4206 1544 4276 ἀμα
1571 4208 1628 4260 δὲ
1652 4208 1748 4260 καὶ
1778 4208 1878 4270 τὰς

307 4289 546 4352 σπονδὰς
596 4290 672 4354 ὡς
702 4294 752 4344 εἰ
779 4290 1024 4361 βούλοιτο
1076 4294 1274 4361 ἐτέρας
1311 4294 1502 4348 θέσθαι
1551 4296 1664 4348 τῶν
1696 4296 1879 4349 οὐσῶν

302 4376 409 4446 ήδη
466 4377 798 4446 ἐξηκουσῶν,
860 4379 941 4440 είς
998 4379 1295 4444 Βυζάντιον
1369 4380 1547 4435 ἐλθεῖν
1577 4392 1592 4412 ⁵
1622 4381 1727 4434 κᾶν
1778 4381 1879 4453 μὲν

301 4467 587 4536 παύσηταί
618 4485 677 4520 τε
708 4469 1031 4539 οἰκοδομεῖν,
1065 4472 1159 4524 καὶ
1185 4471 1477 4541 γενόμενος
1501 4472 1562 4528 ἐν
1593 4472 1877 4541 Βυζαντίῳ

301 4560 439 4628 περὶ
474 4559 676 4631 ἐτέρων
700 4560 873 4613 δέοιτο
916 4561 1180 4624 σπονδῶν,
1210 4564 1237 4616 δ
1263 4579 1317 4614 τι
1359 4560 1428 4616 ἂν
1471 4563 1559 4633 εἴη
1599 4563 1880 4634 σκεψαμέ-

1991 3393 2234 3440 neretur.
2287 3385 2343 3440 Si
2377 3385 2649 3440 aedificare
2681 3385 2925 3449 cessarit,
2953 3393 3009 3439 et
3054 3382 3372 3454 Byzantium
3411 3395 3546 3451 pro-

1981 3475 2180 3540 fectus,
2240 3485 2397 3546 pacta
2454 3487 2721 3532 conventa
2759 3491 2900 3531 nova
2944 3477 3236 3547 rogaverit,
3285 3473 3436 3544 quod
3487 3489 3550 3528 re

1981 3568 2326 3624 considerata
2358 3569 2552 3624 melius
2576 3569 2910 3633 censebitur,
2943 3583 3000 3623 se
3033 3567 3294 3621 facturos.
3326 3565 3545 3620 Etenim

1981 3671 2076 3714 aut
2094 3660 2304 3730 justum
2326 3675 2469 3726 esse,
2499 3677 2607 3715 non
2629 3661 2739 3730 pati
2768 3658 2836 3713 de
2866 3667 3064 3714 caetero
3086 3658 3378 3713 Martinam
3405 3656 3544 3711 Chio

1980 3751 2272 3818 imperare,
2306 3751 2401 3805 sed
2429 3751 2536 3805 alio
2564 3751 2726 3805 modo
2754 3751 2823 3804 de
2856 3749 2950 3804 illo
2977 3750 3116 3804 bene
3146 3748 3368 3813 mereri,
3395 3748 3547 3801 insu-

1979 3842 2197 3912 lamque
2245 3843 2506 3897 Romanis
2541 3857 2731 3912 parere
2765 3861 2779 3897 :
2814 3851 2910 3897 aut
2961 3841 3140 3896 foedus
3188 3855 3299 3895 non
3351 3839 3406 3893 in
3453 3854 3549 3892 eas

1979 3932 2347 3997 conditiones,
2385 3932 2439 3986 in
2471 3947 2606 4001 quas
2631 3941 2816 3996 antea,
2849 3931 2946 3986 sed
2984 3931 3186 4000 quibus
3214 3929 3346 3998 ipsis
3369 3927 3548 3982 libueo

1979 4021 2072 4084 rit,
2099 4021 2418 4088 ineundum,
2449 4037 2646 4093 nempe
2675 4031 2735 4077 ut
2772 4022 3038 4076 Martinus
3071 4035 3288 4076 rursum
3313 4018 3378 4074 ad
3413 4029 3550 4072 tem-

1978 4128 2082 4184 pus
2107 4123 2319 4168 certum
2347 4114 2530 4182 praesit
2557 4130 2572 4167 :
2602 4122 2660 4168 et
2687 4113 2732 4167 si
2755 4127 2934 4182 neque
2959 4112 3229 4167 aedificare
3253 4109 3549 4173 destiterit,

1977 4222 2156 4276 neque
2185 4207 2388 4262 foedera
2422 4221 2562 4260 nova
2591 4203 2987 4276 quasierit,.ac
3013 4203 3058 4258 si
3080 4203 3192 4274 jam
3222 4203 3379 4256 ﬁrma
3407 4209 3478 4256 stt
3497 4200 3550 4255 ei

1977 4307 2034 4354 et
2064 4298 2279 4353 stabilis
2310 4297 2502 4352 insulae
2555 4297 2854 4367 possessio,
2919 4303 3034 4350 tum
3066 4293 3347 4348 instructis
3381 4291 3546 4346 trire-

1978 4389 2160 4444 mibus
2186 4381 2364 4459 primo
2395 4401 2614 4457 quoque
2641 4395 2886 4455 tempore
2913 4384 3042 4439 illuc
3067 4381 3544 4446 contendendum;

1977 4480 2385 4550 mittendasque
2415 4480 2642 4550 insuper
2669 4479 2902 4540 litteras,
2932 4490 3055 4546 quae
3093 4473 3262 4529 Chios
3287 4473 3343 4527 in
3373 4469 3548 4526 aedili-

1977 4573 2154 4627 cando
2196 4586 2424 4642 pergere
2448 4579 2653 4644 vetent,
2687 4577 2747 4623 ut
2791 4568 2897 4623 hac
2928 4565 3145 4621 ratione
3198 4572 3294 4620 aut
3341 4563 3548 4618 invitus

299 4669 418 4714 νοις
451 4653 660 4722 βέλτιον
711 4655 908 4708 ποιεῖν.
946 4655 1019 4706 Ἦ
1061 4654 1172 4723 γὰρ
1201 4654 1397 4722 μηκέτι
1437 4655 1572 4708 Χίου
1596 4656 1874 4726 Μαρτῑνον

1983 4661 2216 4727 desinat,
2253 4662 2320 4716 ab
2353 4661 2538 4731 operis
2567 4660 2851 4726 desertus;
2884 4670 2981 4714 aut
3013 4658 3059 4714 si
3092 4658 3256 4712 etiam
3293 4655 3546 4710 nolentes

296 4745 498 4814 ἄρχειν
545 4745 756 4799 δίκαιον
789 4746 909 4816 ἐᾷν,
939 4745 1054 4800 ἀλλ’
1083 4745 1276 4815 ἕτερον
1312 4745 1513 4816 τρόπον
1557 4745 1616 4798 εὖ
1652 4748 1827 4800 ποιεῖν
1852 4763 1868 4778 ο

295 4838 404 4906 τὴν
435 4837 596 4906 νῆσον
639 4838 697 4891 δὲ
741 4838 918 4891 τελεῖν
953 4837 1058 4890 ὑπὸ
1097 4837 1482 4908 ⁸Ρωμαίους,ἧ
1524 4839 1759 4901 σπονδὰς
1808 4838 1870 4892 ού

297 4929 450 4982 κατά
485 4929 586 4992 τὰς
633 4930 929 4999 προτέρας,
972 4930 1087 4983 ἀλλ’
1128 4930 1218 4998 ἐφ’
1247 4926 1330 4992 οἷς
1357 4929 1423 4984 ἂν
1452 4931 1636 4992 αὐτοῖς
1663 4930 1872 5000 βέλτιον

292 5020 485 5090 δοκοίη
520 5020 790 5086 τίθεσθαι,
819 5021 960 5074 ὥστε
1014 5018 1174 5085 αὖθις
1207 5023 1484 5090 Μαρτῖνον
1509 5021 1642 5075 Χίου
1681 5021 1872 5093 ἄρχειν

295 5109 397 5160 ἐπὶ
457 5110 651 5178 χρόνον
709 5112 833 5164 τινά
895 5111 1060 5182 ῥητόν
1092 5130 1104 5143 ο
1154 5109 1249 5165 ἐάν
1311 5112 1369 5165 δέ
1429 5113 1569 5182 μήτε
1630 5113 1872 5182 παύηται

291 5201 625 5270 οἰκοδομῶν,
659 5203 907 5257 σπονδῶν
950 5221 1010 5256 τε
1065 5205 1140 5274 μὴ
1192 5204 1366 5258 δέοιτο
1395 5206 1622 5277 ἐτέρων,
1655 5205 1730 5267 ὡς
1768 5206 1867 5276 ἤδη

294 5293 538 5364 βεϐαίως
562 5294 660 5365 τῆς
698 5297 864 5366 νήσου
906 5298 1193 5368 ἐχομένης,
1239 5301 1364 5351 τότε
1411 5301 1867 5369 παρεσκευασμέ-

291 5404 408 5438 νων
458 5386 568 5438 τῶν
605 5389 880 5457 τριήρεων
925 5389 1122 5455 οὐσῶν,
1147 5390 1248 5459 τὴν
1281 5390 1543 5460 ταχίστην
1574 5390 1826 5443 ἐπιπλεῖν
1849 5407 1864 5421 ⁸

290 5479 544 5546 πέμπειν
571 5477 630 5530 δέ
667 5484 760 5532 καὶ
793 5479 958 5549 ἕτερα
1007 5481 1318 5550 γράμματα
1358 5482 1536 5545 Χίοις,
1569 5482 1867 5535 κελεύοντα

292 5571 395 5624 καὶ
424 5571 606 5632 αὐτοῖς
630 5571 970 5639 ἀποσχέσθαι
1001 5571 1096 5624 τοῦ
1126 5573 1452 5640 οἰκοδομεῖν,
1471 5574 1546 5637 ὼς
1578 5575 1610 5646 ἢ
1639 5575 1868 5628 παύοιτο

289 5665 397 5715 καὶ
418 5661 564 5715 ἄκων
587 5663 688 5716 οὐκ
709 5661 848 5731 ἔχων
869 5663 997 5726 τοὺς
1022 5664 1468 5733 συναιρομένους,
1492 5665 1522 5735 ἦ
1549 5667 1597 5718 εί
1626 5655 1869 5736 βιάζοιτο

290 5757 390 5806 καὶ
443 5752 697 5818 ἄκοντας,
751 5755 953 5822 μᾶλλον
995 5755 1434 5824 ἐκπολεμωθεῖεν
1486 5758 1622 5827 πρὸς
1676 5758 1864 5811 αὐτόν.

290 5845 456 5898 Οὕτω
506 5846 962 5916 βουλευσαμένοις
997 5849 1170 5900 ἐδόκει
1217 5850 1330 5901 δεῖν
1361 5849 1430 5902 τά
1468 5867 1526 5903 τε
1557 5850 1862 5920 γράμματα

289 5940 387 6001 εἰς.
445 5938 575 5991 Χίον
632 5939 890 6008 πέμπειν,
947 5943 1037 5994 καὶ
1094 5941 1345 6012 τριήρεις
1416 5943 1513 6005 τὰς
1582 5959 1640 5994 τε
1699 5943 1865 6005 οὔσας

1978 4756 2240 4824 coegerit,
2272 4753 2377 4808 sibi
2424 4752 2757 4808 infensiores
2783 4753 2997 4807 reddat.
3035 4751 3222 4821 Itaque
3252 4749 3546 4805 consil-ium

1976 4853 2260 4916 ceperunt,
2288 4843 2532 4900 ut‘Chiis
2561 4846 2889 4908 scriberent,
2924 4853 2980 4898 et
3013 4859 3133 4913 qua:
3173 4851 3359 4898 essent
3385 4853 3547 4908 para-

1979 4946 2046 4993 tae
2099 4937 2374 5002 triremes,
2417 4951 2512 4992 eas
2552 4946 2852 5000 armarent,
2878 4935 3122 5004 aliasque
3168 4948 3338 4988 novas
3377 4930 3546 4985 adde-

1973 5037 2118 5082 rent.
2149 5027 2226 5082 Ac
2254 5026 2481 5096 epistola
2509 5025 2731 5095 quidem
2762 5024 3106 5094 imperatoris
3145 5023 3384 5076 Martinu
3416 5020 3546 5073 ι·εά-

1976 5121 2088 5176 dita
2142 5119 2346 5173 frustra
2376 5116 2511 5172 fuit:
2544 5133 2607 5172 ea
2638 5116 2910 5187 siquidem
2968 5116 3129 5180 lecta,
3177 5115 3330 5184 Operi
3364 5113 3541 5182 magis

1974 5212 2190 5276 institit,
2219 5226 2430 5267 summa
2469 5225 2575 5280 ope
2619 5211 2836 5265 enitens
2901 5220 2959 5263 ut
2992 5224 3089 5262 arx
3122 5207 3540 5272 absolveretur;

1973 5302 2028 5358 et
2058 5311 2118 5358 ut
2143 5303 2344 5373 quibus
2373 5314 2519 5358 esset
2551 5316 2710 5372 opus,
2742 5301 2812 5356 iis
2843 5299 3136 5355 adventum
3167 5298 3541 5368 imperatoris,

1972 5407 2136 5464 quem
2156 5395 2266 5464 jam
2291 5393 2601 5464 suspicione
2632 5403 2687 5448 et
2734 5391 2848 5462 ipse
2880 5390 3252 5462 praecipiebat,
3283 5399 3540 5444 antever-

1975 5491 2132 5538 teret.
2160 5483 2488 5539 Benedictus
2510 5497 2678 5552 porro
2709 5496 2834 5536 cum
2868 5481 3099 5535 Μαι·ιίηο
3119 5479 3286 5534 fratre
3318 5479 3540 5547 litigans

1973 5576 2042 5631 de
2083 5590 2179 5630 sex
2207 5589 2500 5630 aureorum
2532 5572 2794 5636 millibus,
2831 5587 2954 5642 qua:
2989 5571 3092 5627 sibi
3125 5571 3180 5626 in
3211 5584 3386 5625 annos
3420 5569 3540 5623 sin-

1970 5668 2128 5738 gulos
2149 5667 2497 5721 haereditztrio
2529 5666 2655 5737 jure
2687 5665 2755 5721 de
2785 5665 3022 5735 publicis
3051 5662 3410 5734 vectigalibus
3439 5661 3547 5716 de-

1973 5761 2262 5820 bcbantur,
2298 5759 2609 5828 quibusque
2646 5759 2716 5813 ab
2758 5758 2955 5813 eodem
2987 5756 3270 5810 fraudatus
3301 5764 3446 5821 erat,
3469 5752 3542 5806 ad

1970 5851 2359 5919 imperatorem
2400 5865 2457 5904 se
2483 5850 2741 5914 contulit,
2777 5849 2963 5904 fratris
2996 5846 3345 5918 iniquitatem
3375 5860 3548 5900 accu—

1971 5958 2097 5998 33115
2155 5952 2208 5996 et
2261 5943 2523 5997 auxilium
2583 5940 2827 6013 ﬂagitatv
2862 5957 2875 5994 :
2911 5940 3042 6011 quin
3098 5938 3264 5994 etiatn
3321 5935 3542 5992 litteras
