3902 6574
470 292 583 357 1'83

1646 297 1973 360 JOANNIS
2011 297 2540 362 CANTACUZENI

3629 299 3736 361 εει

470 399 880 466 deserentibus,
909 397 1093 456 caeteri
1119 415 1308 456 omnes
1339 409 1434 456 aut
1461 401 1665 459 ibidem
1696 421 1801 460 aera
1827 421 2037 462 merere

2145 408 2342 478 ἐκείνῳ
2373 407 2686 478 προσόντων
2714 404 3013 477 χρημάτων
3048 423 3106 459 τε
3141 367 3236 460 καί
3261 406 3455 460 ἄλλων
3472 408 3737 462 ἐπίπλων

475 501 887 566 perrexerunt,
935 500 1030 546 aut
1087 492 1141 546 in
1197 492 1481 550 ministros
1528 497 1648 565 ejus
1703 497 2039 553 domesticos

473 585 629 640 relati
667 591 815 638 sunt.
848 582 962 637 Hac
988 585 1200 639 ratione
1228 583 1398 641 Chius
1436 586 1490 640 in
1524 587 1902 642 Romanorum
1947 590 2038 659 jus

476 675 920 744 mancipiumque
961 673 1147 730 rediit.
1191 675 1495 745 Imperator
1526 677 1727 732 deinde
1775 689 1830 733 et
1871 679 2042 733 Bene-

475 767 627 832 dicto
657 783 758 838 pro
793 775 985 822 navata
1019 767 1400 823 benevolentia
1461 783 1525 822 ac
1563 780 1810 840 prompta
1845 771 2039 824 volun-

476 866 610 921 tate,
639 866 695 911 et
734 855 995 911 Chiorum
1041 857 1387 926 principibus
1463 860 1770 928 populoque
1811 861 2035 930 gratiam

477 946 704 1016 rependi
729 962 945 1017 aequum
965 948 1254 1016 judicavit.
1279 947 1383 1014 Qui
1407 965 1718 1019 quanquam
1747 951 1813 1004 ad
1840 952 2037 1006 bellum

475 1048 671 1093 contra
697 1036 992 1092 Martinum
1028 1037 1167 1092 nihil
1203 1039 1593 1102 contulissent,
1632 1050 1810 1094 tamen
1843 1042 1889 1094 is
1921 1050 2040 1096 erat

475 1143 668 1184 eorum
711 1144 908 1185 sensus
939 1138 1102 1200 atque
1145 1131 1380 1196 animus,
1427 1141 1484 1186 ut
1529 1135 1856 1190 necessitate
1889 1135 2040 1206 ﬂagi—

477 1228 650 1283 tante,
679 1235 922 1276 :ontnem
969 1236 1211 1291 operam
1260 1223 1326 1278 ad
1382 1223 1767 1293 imperatorem
1815 1234 2039 1281 strenue

473 1312 841 1382 adiuvandum
885 1313 1137 1369 collaturi
1179 1313 1405 1369 fuerint.
1447 1315 1627 1382 Quare
1668 1324 1725 1370 et
1783 1315 2041 1372 Calothe-

475 1412 691 1468 tum,et
717 1419 890 1472 genus
905 1405 1026 1474 ejus
1053 1413 1166 1460 tum
1187 1406 1255 1460 iis
1283 1423 1402 1476 qum
1426 1407 1568 1475 apud
1596 1407 2038 1478 Didymoticbum

472 1494 543 1549 de
576 1493 716 1549 Chio
745 1494 1091 1550 clandestino
1118 1511 1302 1552 secum
1353 1497 1649 1552 disserenti
1689 1499 2036 1563 promiserat,

473 1596 593 1640 tum
655 1585 778 1641 aliis
839 1597 1103 1654 praeterea
1159 1587 1411 1656 pluribus
1474 1598 1853 1644 remuneratus
1907 1599 2034 1655 est;

471 1685 640 1746 atque
659 1676 798 1732 alios
820 1677 985 1732 donis
1008 1686 1062 1733 et
1091 1678 1396 1732 honoribus
1420 1679 1592 1743 auxit,
1625 1680 1882 1750 populum
1905 1696 2036 1735 vero

2141 501 2236 554 καὶ
2269 501 2482 554 σκευῶν
2515 499 2845 563 πολυτελῶν,
2874 500 3002 557 τοὺς
3043 498 3099 551 δὲ
3135 499 3380 562 δούλους,
3412 500 3740 568 στρώματά

2140 610 2200 646 τε
2229 595 2324 646 καὶ
2351 595 2600 664 τάπητας
2632 591 2785 661 ἆραι,
2820 593 2916 646 καὶ
2942 593 3078 647 ἄλλα
3106 594 3208 646 ὅσα
3247 594 3542 663 ἐπιτήδεια
3595 593 3740 660 πρὸς

2137 684 2201 736 τὸ
2263 684 2547 738 καθεύδειν
2600 685 2700 755 τῆς
2759 685 2972 746 νυκτὸς.
3025 684 3120 738 καὶ
3181 683 3509 747 ἐξελθόντας
3562 686 3735 749 Χίου,

2141 775 2471 845 πορεύεσθαι
2523 777 2644 830 ὅποι
2698 777 2766 830 ἀν
2817 777 2972 848 δοκῇ.
3002 778 3280 847 Μαρτῖνον
3325 777 3383 830 δὲ
3418 778 3735 831 ἐκέλευσεν

2140 868 2447 937 εἱρχθῆναι.
2483 869 2591 922 Καὶ
2625 867 2785 921 τοῦτο
2818 868 2920 936 μὲν
2958 867 3152 920 τοῦτον
3184 867 3438 938 ἐπράχθη
3474 867 3576 920 τόν
3605 870 3736 935 τρό-

2140 973 2265 1017 πον,
2299 957 2392 1009 καὶ
2419 958 2609 1027 σχεδὸν
2638 958 2736 1010 ὅσα
2769 958 3034 1028 Μαρτίνῳ
3060 953 3200 1028 ἦσαν
3235 959 3292 1011 al
3325 957 3734 1027 θεραπαινίδες

2141 1050 2260 1116 ἅμα
2287 1053 2510 1116 γυναικὶ
2532 1049 2986 1120 ἑπεφορτίσαντο.
3015 1051 3155 1111 Τοὺς
3183 1049 3447 1112 συνόντας
3484 1050 3543 1101 δὲ
3567 1048 3734 1119 αὐτῷ

2139 1141 2518 1205 ὀκτακοσίους,
2562 1139 2896 1210 συγγνώμης
2956 1157 3016 1193 τε
3070 1140 3308 1210 ἠξίωσεν
3353 1141 3382 1193 ό
3427 1140 3728 1209 βασιλεὺς,

2139 1233 2407 1302 ἀδικήσας
2468 1232 2669 1303 μηδὲν·
2723 1236 2821 1288 καὶ
2882 1231 3196 1302 προῦθηκεν
3254 1232 3474 1302 αἵρεσιν
3530 1232 3732 1292 aiatait;

2139 1321 2420 1390 τοιαύτην,
2485 1322 2624 1373 ὥστε
2670 1323 2782 1385 τοῖς
2820 1336 2880 1374 τε
2917 1319 3270 1391 βουλομένοις
3315 1320 3384 1373 τά
3431 1320 3572 1372 ὄντα
3637 1319 3732 1370 λα-

2139 1411 2332 1474 ϐόντας
2365 1411 2565 1477 ἐξεῖναι
2595 1412 2903 1481 ἀναχωρεῖν
2931 1428 2944 1441 ·
2977 1413 3092 1475 τοῖς
3126 1427 3188 1464 τε
3231 1411 3415 1480 μένειν
3453 1410 3722 1462 ἐθέλουσι

2143 1503 2348 1572 μηδένα
2411 1502 2694 1571 ὲνοχλεϊν-
2740 1501 2876 1556 ἀλλὰ
2934 1500 3035 1570 τὴν
3091 1499 3433 1571 μισθοφορὰν
3494 1499 3724 1568 λαμϐά-

2140 1610 2352 1659 νοντας,
2394 1593 2668 1647 δουλεύειν
2706 1592 2941 1662 βασιλεῖ.
2968 1591 3172 1659 Ὀλίγοι
3222 1593 3322 1662 μὲν
3352 1587 3450 1645 οὖν
3488 1591 3725 1643 ὶκείνων

2141 1683 2366 1753 ἀπῆραν
2412 1685 2479 1737 ἐκ
2519 1685 2619 1751 τῆς
2647 1682 2806 1746 Χίου,
2834 1683 2885 1735 οἱ
2923 1682 3103 1735 λοιποὶ
3131 1683 3214 1746 δὲ,
3248 1683 3300 1734 ol
3333 1682 3434 1751 μὲν
3489 1681 3724 1750 ἔμειναν

472 1769 808 1826 tributorum
865 1783 1068 1834 onere,
1129 1785 1238 1841 quo
1303 1771 1626 1834 gravissime
1682 1773 2039 1842 premebatur

2141 1774 2201 1825 ὲν
2234 1740 2350 1842 Χίῳ
2379 1771 2537 1834 αὖθις
2571 1740 3051 1841 μισθοφοροῦντες,
3083 1770 3133 1823 οί
3180 1740 3236 1822 δὲ
3297 1740 3410 1832 τοῖς
3443 1740 3724 1839 βασιλέως

467 1859 696 1918 levavit.
2146 1863 2640 1936 συνηριθμήθησαν
2703 1865 2965 1924 οἰκέταις.
3028 1862 3158 1926 Χίος
3215 1861 3317 1932 μὲν
3378 1858 3477 1914 οὖν
3536 1858 3722 1920 οὕτως

468 1950 629 2019 αὖθις
650 1955 873 2026 γέγονεν
903 1955 1007 2010 ὑπὸ
1031 1955 1325 2026 Ῥωμαίοις
1348 1973 1362 1987 ο
1427 1957 1682 2027 βασιλεὺς
1707 1958 1763 2013 δὲ
1821 1961 2106 2014 Μπενέτον
2143 1976 2203 2012 τε
2231 1959 2442 2012 δίκαιον
2467 1957 2684 2027 ἔκρινεν
2719 1956 3048 2024 ἀμείϐεσθαι
3074 1958 3171 2027 τῆς
3202 1956 3420 2019 εὐνοίας
3473 1955 3574 2008 καὶ
3622 1954 3724 2020 τῆς

473 2052 782 2123 προθυμίας
803 2051 905 2122 τῆς
932 2053 1013 2115 εἰς
1050 2051 1246 2106 αὐτόν·
1281 2053 1374 2105 καὶ
1404 2053 1513 2107 τῶν
1545 2054 1692 2108 Χίων
1752 2056 1884 2120 τοὺς
1940 2055 2201 2118 δυνατοὺς
2231 2055 2326 2107 καὶ
2385 2053 2476 2106 τὸν
2511 2053 2704 2123 δῆμον.
2743 2053 2806 2106 Et
2837 2053 2946 2121 γὰρ
3011 2052 3106 2104 καὶ
3141 2049 3309 2120 μηδὲν
3340 2051 3423 2113 είς
3453 2049 3554 2101 τὸν
3577 2049 3722 2116 πρὸς

472 2143 749 2212 Μαρτῖνον
813 2144 1048 2213 πόλεμον
1103 2145 1430 2214 εἰσήνεγκαν
1485 2147 1658 2209 αὐτοὶ,
1717 2145 1856 2200 ἀλλὰ
1907 2149 2029 2208 ταῖς
2070 2146 2318 2215 γνώμαις
2377 2143 2552 2206 οὕτως
2596 2139 2738 2214 ἦσαν
2777 2142 3315 2212 παρεσκευασμένοι,
3376 2139 3452 2200 ὡς
3494 2138 3563 2210 ἢν
3591 2137 3716 2208 δέῃ.

471 2239 656 2289 πᾶσαν
703 2236 1099 2306 ἐπιδειξόμενοι
1143 2237 1381 2306 σπουδὴν
1419 2239 1511 2290 καὶ
1584 2241 1896 2308 προθυμίαν
1963 2239 2101 2308 ὑπὲρ
2143 2239 2432 2308 βασιλέως.
2473 2237 2562 2289 Διὸ
2597 2238 2691 2290 καὶ
2738 2236 3044 2289 Καλόθετον
3073 2237 3170 2303 μὲν
3211 2235 3305 2287 καὶ
3334 2233 3520 2305 γένος,
3555 2237 3628 2289 τά
3659 2251 3719 2288 τε

472 2329 531 2380 ὲν
581 2328 948 2398 Διδυμοτείχῳ
1007 2332 1527 2400 προεπηγγελμὲνα,
1575 2333 1664 2384 ὅτε
1723 2333 1850 2401 περὶ
1930 2333 2062 2385 Χίου
2140 2333 2324 2402 κρύφα
2370 2329 2677 2400 διειλέχθη,
2735 2331 2827 2382 καὶ
2886 2328 3112 2402 προσέτι
3171 2326 3342 2383 πλείω
3365 2328 3714 2397 ρεύηργέτει.

470 2423 582 2478 Καὶ
608 2424 736 2486 τοὺς
765 2423 962 2498 ἄλλους
991 2425 1086 2478 καὶ
1111 2427 1301 2495 τιμαῖς
1337 2425 1596 2498 ἠμείϐετο
1636 2427 1729 2479 καὶ
1767 2427 2018 2498 δωρεαῖς.
2063 2425 2166 2479 Τὸν
2201 2426 2370 2497 δῆμον
2407 2424 2465 2478 δὲ
2498 2425 2608 2478 τῶν
2635 2423 2910 2495 δημοσίων
2973 2425 3175 2495 ἀνῆκεν
3239 2423 3537 2494 εἰσφορῶν,
3590 2424 3714 2476 ὅσαι

474 2517 714 2588 μάλιστα
751 2497 987 2580 ἐπίεζον.

1902 2607 2124 2665 CAPUT
2164 2607 2283 2665 XII.

468 2705 774 2774 Imperator
811 2704 880 2759 ad
912 2705 1141 2773 gratiam
1172 2703 1449 2758 Benedicto
1477 2705 1826 2774 referendam,
1851 2704 1965 2759 Chii
1986 2705 2301 2773 prwfectnra
2327 2702 2476 2756 illum
2509 2717 2703 2754 ornare
2727 2702 2854 2774 uult,
2879 2717 2995 2754 cum
3047 2701 3298 2754 reditibus
3341 2703 3706 2774 amplissimis.

543 2771 714 2831 Homo
740 2771 954 2840 avarus,
1007 2783 1054 2828 et
1102 2776 1404 2828 ambitiosus
1452 2771 1616 2828 totam
1666 2777 1891 2829 insulam
1927 2771 2022 2844 pro
2060 2771 2262 2841 peculio
2291 2774 2446 2826 audet
2478 2781 2670 2844 prtere.
2721 2771 2956 2844 Conatnr
2988 2787 3105 2824 eum
3151 2786 3345 2844 sanare
3392 2773 3703 2844 imperator.

540 2845 718 2899 Datur
739 2846 969 2914 spatium
1001 2847 1068 2898 ad
1096 2844 1510 2898 deliberandum.
1539 2845 1712 2898 Manet
1753 2847 1806 2900 in
1835 2841 2096 2914 sententia
2148 2845 2506 2914 pertinaciter.
2550 2841 2802 2914 Calatam
2844 2843 3248 2914 trirentespetit.
3281 2857 3418 2914 quas
3441 2841 3524 2914 illi
3553 2852 3705 2914 negat

543 2909 854 2984 imperator.
889 2915 1089 2969 Iterum
1111 2916 1343 2982 spatium
1375 2915 1699 2984 deliberandi
1727 2916 1909 2978 datur,
1939 2923 1985 2967 et
2015 2909 2448 2984 Benédictus_pro
2480 2911 2626 2984 futuo
2653 2912 2890 2984 habetur.
2923 2909 3205 2984 Consilium
3239 2910 3418 2984 magni
3437 2909 3703 2984 domestici

543 2979 856 3055 de'irtfamia
887 2979 1192 3053 imperatori
1221 2984 1532 3053 eﬁugienda.
1574 2985 1613 3036 A
1663 2983 1973 3036 Latinorum
2014 2993 2270 3036 conventu
2323 2979 2632 3055 Benedictus
2676 2995 2770 3055 pro
2802 2982 2986 3055 insano
3017 2980 3326 3055 damnatur.
3363 2979 3596 3055 Honores
3623 2979 3704 3031 illi

542 3049 1102 3123 exquisitissimﬂwm
1136 3049 1634 3122 viginti'nureornm
1675 3055 1909 3108 millibus
1940 3055 2360 3122 promittuntur:
2390 3053 2592 3120 spernit
2616 3050 2818 3103 omnia.
2846 3049 3189 3118 Imperatoris
3212 3049 3378 3101 virtus
3408 3049 3663 3103 laudatur
3685 3065 3704 3102 :

539 3123 847 3180 Benedictus
885 3123 1138 3176 Galatam
1175 3125 1411 3190 navigat.

541 3215 879 3271 Accersitum
905 3228 1124 3283 quoque
1154 3213 1506 3270 Benedictum
1555 3213 1774 3270 Martini
1809 3214 2036 3270 fratrem
2065 3218 2111 3281 α

469 3307 838 3366 accusationis
878 3307 1157 3370 admonet,
1187 3321 1350 3375 quam
1382 3308 1429 3361 ei
1461 3309 1775 3378 Byzantium
1811 3307 2040 3361 veniens

476 3401 790 3455 intenderat
823 3400 890 3454 de
920 3413 1011 3452 sex
1043 3414 1330 3454 aureorum
1363 3400 1626 3463 millibus,
1664 3416 1783 3468 quae
1817 3414 1916 3467 pro
1940 3414 2038 3468 pa-

472 3501 628 3544 terna
686 3497 834 3544 sorte
882 3488 948 3542 de
997 3488 1232 3558 publicis
1307 3488 1430 3544 Cltii
1491 3489 1763 3545 reditibus
1842 3504 2039 3559 capere

471 3580 777 3646 debuisset,
814 3579 884 3634 ab
925 3580 1015 3634 illo
1047 3589 1251 3646 autem,
1295 3582 1387 3651 qui
1439 3582 1674 3635 insulam
1710 3580 1816 3636 sibi
1853 3579 2042 3636 vendi-

471 3680 673 3736 casset,
707 3671 956 3741 privatus
992 3671 1204 3726 fuisset.
1243 3671 1311 3726 Et
1341 3687 1451 3741 quo
1477 3681 1636 3739 pacto
1671 3671 1960 3736 auxilium,
1991 3671 2038 3727 si

471 3761 620 3832 quod
659 3769 865 3832 posset,
895 3761 1078 3816 allerri
1110 3760 1431 3831 petivisset;
1462 3775 1583 3830 quae
1612 3760 1727 3830 ipse
1758 3761 2040 3830 promisis-

471 3860 580 3920 set,
605 3853 763 3924 233
786 3868 947 3922 quam
983 3866 1174 3907 severe
1197 3853 1459 3906 nimirum
1493 3852 1547 3904 in
1577 3851 1772 3905 Chium
1805 3852 2038 3918 delatus,

468 3955 526 4002 et
556 3947 682 4012 sibi,
716 3956 772 4002 et
801 3946 877 4000 illi
914 3946 1168 4016 injuriam
1211 3945 1413 3998 illatam
1440 3944 1660 3998 ulturus
1685 3945 1847 3999 foret.
1879 3944 2038 4011 Quod

469 4037 730 4107 quoniam
785 4036 1039 4101 feliciter,
1085 4044 1248 4106 atque
1287 4046 1346 4090 ut
1377 4050 1475 4106 par
1514 4046 1652 4101 erat,
1683 4036 1950 4097 evenerit,
1981 4045 2046 4124 et

470 4129 737 4184 Martinus
767 4129 946 4184 insula
975 4139 1200 4184 exactus
1230 4129 1322 4195 sit,
1359 4140 1792 4184 consentaneum
1821 4130 1926 4185 sibi
1960 4131 2040 4184 vi-

470 4222 586 4277 deri
633 4222 901 4290 promissa
953 4222 1292 4290 persolvere,
1347 4230 1404 4275 et
1447 4221 1674 4275 castello
1709 4231 1903 4291 sponte
1945 4227 2040 4278 dc-

471 4313 651 4368 deutlo
678 4315 1009 4367 declaratum
1029 4317 1179 4381 ‘crga
1227 4327 1287 4366 se
1317 4313 1749 4382 propensionem
1779 4328 2040 4383 compen-

465 4419 612 4460 sare.
659 4403 926 4470 Quocirca
979 4420 1038 4459 se
1088 4405 1165 4458 illi
1211 4403 1591 4472 praefecturam
1634 4403 1755 4458 Chii
1799 4405 2035 4459 deferre.

465 4496 715 4564 Cumque
753 4495 961 4551 reditus
992 4495 1182 4549 insulae
1223 4505 1442 4549 centum
1487 4510 1550 4548 ac
1572 4495 1766 4564 viginti
1802 4496 2034 4550 millium

2210 3213 2492 3268 Μπένετον
2551 3212 2606 3266 δὲ
2675 3209 3193 3280 μετακαλεσάμενος
3261 3209 3356 3261 τὸν
3421 3210 3702 3282 Μαρτίνου

2139 3307 2386 3376 ἀδελφὸν,
2441 3302 2820 3374 ἀνεμίμνησκέ
2903 3319 2964 3354 τε
3045 3296 3120 3356 ὧν
3197 3299 3335 3372 πρὸς
3408 3301 3702 3364 Βυζάντιον

2137 3398 2310 3452 ἐλθὼν
2353 3393 2719 3461 τοῦάδελφοῦ
2768 3395 3092 3462 κατηγόρει,
3126 3395 3200 3456 ὡς
3232 3393 3573 3462 ἀποστεροίη
3607 3396 3703 3462 μὲν

2138 3491 2251 3546 τῶν
2281 3489 2667 3558 ἑξακισχιλίων
2711 3490 2978 3558 χρυσίων,
3011 3487 3047 3540 ἃ
3093 3486 3374 3557 προσῆκεν
3416 3487 3567 3556 αὐτῷ
3601 3489 3704 3539 ἀπὸ

2137 3583 2248 3636 τῶν
2333 3580 2608 3651 δημοσίων
2668 3579 2948 3647 προσόδων
3021 3579 3121 3646 τῆς
3186 3578 3324 3630 Χίου
3386 3577 3700 3646 λαμϐάνειν,

2139 3675 2304 3735 αὐτὸς
2381 3673 2438 3726 δὲ
2519 3672 2619 3742 τὴν
2691 3671 2858 3740 νῆσον
2937 3669 3395 3739 σφετεριζόμενος
3473 3671 3696 3722 amson

2143 3768 2260 3839 ροίη
2321 3763 2414 3820 τοῦ
2469 3763 2728 3836 πατρῴου
2794 3765 3023 3833 κλήρου,
3081 3764 3177 3816 καὶ
3247 3763 3324 3826 ὡς
3378 3765 3550 3816 ἐδεῖτο
3609 3764 3700 3830 τῆς

2136 3861 2370 3929 δυνατῆς
2414 3861 2597 3929 τυχεῖν
2664 3858 3008 3927 ἐπικουρίας.
3071 3851 3148 3910 ὦν
3207 3872 3268 3908 τε
3320 3857 3484 3916 αὐτὸς
3535 3859 3701 3922 ἐπηγ-

2139 3952 2381 4020 γείλατο,
2407 3950 2485 4013 ὡς
2511 3951 2636 4002 ὅσον
2667 3950 2768 4020 ἤδη
2795 3951 3090 4018 γενόμενος
3144 3949 3202 4000 ὲν
3229 3946 3347 4016 Χίῳ
3380 3952 3483 4017 τῆς
3525 3966 3583 4000 τε
3626 3950 3699 4010 είς

2139 4041 2305 4094 αὐτὸν
2347 4041 2443 4093 καὶ
2494 4038 2588 4091 τὸν
2623 4038 2852 4106 ἀδελφὸν
2899 4037 3116 4100 ἀδικίας
3163 4037 3523 4106 είσπράξεται
3557 4040 3700 4100 Μαρ-

2138 4135 2285 4186 τῖνον
2311 4132 2488 4194 δίκας.
2534 4128 2638 4183 Ὧν
2676 4131 2742 4201 δὴ
2775 4129 2872 4183 νῦν
2912 4130 3094 4192 καλῶς
3148 4129 3244 4183 καὶ
3295 4129 3371 4191 ὡς
3422 4131 3697 4198 προσῆκεν

2139 4225 2488 4287 ἀποϐάντων,
2522 4223 2618 4276 καὶ
2666 4222 2945 4292 Μαρτίνου
2982 4222 3115 4283 Χίου
3176 4220 3699 4288 ὲξεληλαμένου,⁸δὶο

2140 4333 2298 4370 καιον
2349 4314 2605 4386 ἡγεῖσθαι
2641 4315 2787 4366 είναι
2817 4315 2916 4377 τάς
2953 4330 3011 4367 τε
3047 4313 3381 4381 ἐπαγγελίας
3400 4313 3695 4382 ἐκπληροῦν

2139 4408 2238 4472 τὰς
2263 4409 2343 4470 είς
2373 4407 2558 4470 αὐτὸν,
2591 4405 2686 4459 καὶ
2715 4408 2816 4474 τῆς
2849 4406 3068 4468 εὐνοίας
3095 4404 3420 4474 ἀμείϐεσθαι
3469 4400 3537 4475 ἦς
3572 4405 3696 4474 πρὸς

2139 4497 2366 4552 ἐλθόντα
2417 4496 2744 4560 ἐνεδείξατο,
2798 4496 2859 4548 τὸ
2883 4497 3146 4566 φρούριον
3203 4496 3508 4562 παραδούς.
3540 4491 3611 4549 Ob
3639 4495 3694 4562 δὴ

465 4601 762 4642 aureorum
817 4601 1082 4642 summam
1137 4586 1297 4657 plane
1358 4587 1726 4647 conficerent,
1791 4589 1857 4641 ad
1921 4590 2040 4658 ejus

2141 4590 2307 4643 ἕνεκα
2343 4588 2443 4656 τῆς
2475 4605 2534 4640 τε
2569 4591 2703 4641 Χίου
2742 4587 3066 4656 ἐπιτρέπειν
3110 4586 3207 4656 τὴν
3237 4586 3434 4655 ἀρχὴν,
3470 4588 3564 4638 καὶ
3598 4603 3694 4638 τιυν

466 4679 936 4748 procurationem,
965 4679 1031 4732 ad
1062 4679 1337 4746 praesidia,
1385 4695 1628 4749 ususque
1673 4683 2037 4748 necessarios,

466 4780 733 4840 quantum
782 4786 842 4824 re
869 4780 1160 4839 perspecta
1193 4771 1388 4824 merito
1419 4772 1620 4840 requiri
1650 4783 1890 4841 putaret.
1941 4775 2043 4828 im-

466 4860 774 4930 penderet;
805 4861 873 4914 de
909 4860 1125 4927 reliquo
1159 4859 1446 4914 dimidium
1491 4877 1662 4916 unum
1717 4865 1770 4918 in
1805 4865 2041 4933 impera-

465 4957 602 5008 toris
657 4950 851 5004 liscum
916 4949 1169 5015 inferret,
1220 4951 1393 5006 altero
1457 4953 1574 5022 ipse
1623 4957 1921 5009 frueretur.
1971 4955 2040 5008 Et

462 5045 722 5114 quoniam
767 5058 902 5098 suus
929 5058 1202 5112 quemque
1241 5045 1357 5099 dies
1403 5045 1556 5111 lutet,
1591 5062 1809 5116 aequum
1874 5062 1946 5100 se.
1979 5055 2036 5100 et

465 5138 595 5190 utile
624 5136 901 5200 arbitrari,
930 5150 1112 5190 arcem
1146 5152 1178 5191 a
1208 5121 1440 5190 Martino
1479 5139 1787 5192 inchoatam
1819 5138 2030 5206 perlici,

459 5241 515 5281 ut
545 5245 576 5283 a
605 5246 660 5282 se
688 5244 814 5283 cum
849 5230 1101 5298 praesidio
1129 5232 1555 5301 occupari;‘quo,
1581 5233 1624 5284 si
1647 5231 1801 5300 quid,
1830 5239 1890 5284 ut
1913 5241 2041 5286 Sunt

461 5337 552 5375 res
583 5325 855 5387 humanae,
884 5322 988 5376 sibi
1033 5323 1316 5386 acciderit.
1357 5333 1413 5378 et
1461 5326 1606 5377 inter
1636 5323 1886 5376 homines
1919 5338 2040 5376 esse

461 5413 708 5472 desierit,
752 5414 982 5467 Romani
1029 5414 1249 5481 Chium,
1278 5416 1367 5470 cui
1421 5414 1580 5470 multi
1633 5423 1686 5467 et
1714 5413 1930 5475 remoti,
1986 5422 2043 5466 et

467 5507 653 5569 vicini,
689 5507 1101 5577 pnesertiutque
1141 5509 1281 5562 Delii
1315 5507 1728 5578 llospitalenses
1758 5506 1872 5576 (77)
1910 5506 2042 5560 iusi-

2139 4679 2415 4748 προσόδων
2446 4680 2618 4748 αὐτῆς
2644 4678 2752 4730 τῶν
2783 4677 3058 4747 δημοσίων
3085 4677 3186 4728 οὐκ
3223 4675 3452 4729 ἔλαττον
3481 4679 3692 4745 χρυσίου

2141 4771 2421 4840 μυριάδων
2470 4769 2801 4823 δυοκαίδεκα
2853 4768 3052 4834 οὐσῶν,
3107 4771 3189 4830 είς
3237 4771 3338 4836 μὲν
3385 4770 3694 4837 ἐπιμέλειαν

2134 4865 2238 4932 τῆς
2314 4865 2480 4932 νήσου
2553 4863 2647 4915 καὶ
2703 4863 2980 4931 φυλακὴν,
3035 4861 3118 4913 ἔτι
3164 4877 3222 4912 τε
3276 4859 3476 4928 λοιπὴν
3535 4862 3692 4924 ἀναγ·

2139 4955 2312 5007 καίων
2351 4954 2724 5022 ἀναλωμάτων
2755 4952 2949 5023 χρείαν
2976 4954 3077 5006 ὅσα
3101 4951 3168 5005 ἂν
3190 4951 3340 5020 αὐτῷ
3373 4951 3694 5019 σκεῲα

2148 5045 2357 5112 βέλτιον
2392 5044 2575 5112 δοκοίη
2613 5043 2759 5111 ἔχειν
2792 5040 3026 5095 ἀναλοῦν
3056 5056 3070 5072 ⁸
3102 5040 3174 5093 τὰ
3217 5041 3277 5092 δὲ
3309 5040 3695 5106 ὑπολειφθέντα

2141 5140 2420 5206 χρήματα,
2443 5135 2510 5187 τὰ
2533 5134 2704 5204 ἡμίση
2738 5134 2837 5202 μὲν
2865 5131 2941 5201 τῷ
2965 5132 3233 5201 βασιλικῷ
3259 5131 3501 5199 ταμιείῳ
3533 5132 3695 5182 είσκοο

2141 5203 2341 5296 μῖίζ-ειν,
2373 5203 2535 5279 αὐτὸν
2585 5225 2644 5278 δὲ
2684 5226 2752 5278 τὰ
2790 5224 3047 5276 ἐπίλοιπα
3072 5221 3446 5292 καρποῦσθαι.
3480 5221 3692 5289 ’Δδηλον

2137 5321 2193 5372 δὲ
2247 5320 2305 5372 ὃν
2342 5318 2615 5386 ἀνθρώπῳ
2665 5316 2830 5370 παντὶ
2857 5315 3022 5368 ὁπότε
3057 5313 3469 5384 ἀπροσδόκητον
3516 5309 3693 5374 ἓξειτδ
3788 5306 3794 5310 ’

2137 5413 2291 5473 τέλος
2323 5411 2420 5480 τῆς
2448 5409 2842 5479 ζωῆς,δίκαιον
2863 5405 2980 5474 ἅμα
3013 5408 3106 5458 καὶ
3139 5404 3420 5465 λυσιτελὲς
3453 5401 3688 5471 ἡγεῖσθαι

2142 5501 2409 5573 εἶναιτὴν
2433 5503 2754 5572 ἀκρόπολιν,
2791 5502 2825 5570 ἢ
2861 5498 3000 5569 πρὸς
3027 5498 3306 5568 Μαρτίνου
3339 5495 3681 5564 ᾠκοδομεῖτο,

1715 5613 1931 5675 Jacobi
1968 5611 2239 5671 Pontani
2277 5617 2463 5671 nolze.

537 5711 650 5784 (77)
681 5713 841 5771 Delus
865 5723 980 5771 tum
1016 5715 1479 5786 Hospitalensium
1511 5725 1652 5783 erat,
1679 5711 1955 5785 quomodo
1981 5721 2038 5766 et
2075 5709 2296 5765 Graccus
2342 5708 2511 5764 codex
2567 5707 2690 5762 illos
2708 5705 2976 5762 nominat.
3001 5703 3240 5775 Σπιτάλη
3270 5704 3414 5759 enim
3445 5702 3500 5757 in
3517 5698 3680 5756 Graeco
