3902 6580
222 347 337 412 £85

1390 338 1937 404 HISTORIABUM
1972 339 2211 402 LIBER
2244 339 2326 403 Il.

3368 331 3476 396 486

216 456 731 513 ’ἰπισκευασθεῖσαν
783 450 861 512 ὧν
891 455 1090 522 δέοιτο,
1145 454 1365 526 φρουρᾷ
1394 454 1803 525 κατασχεθῆναι

1918 453 2152 515 lientur.
2204 467 2273 507 ne
2322 452 2601 506 amittant.
2649 448 2775 507 llaec
2808 463 2932 505 cum
2994 445 3293 519 imperator
3329 445 3481 503 dice-

221 549 368 618 παρ⁹
396 547 586 614 αὐτοῦ,
614 547 690 612 ὡς
709 548 765 602 εί
786 564 840 600 τι
870 546 999 620 περὶ
1032 545 1218 609 αὐτοῦ,
1252 540 1341 602 οἷα
1370 546 1436 599 τὰ
1464 544 1804 617 ἀνθρώπινα,

234 639 485 711 συμϐαίη
519 640 615 695 καὶ
669 641 883 708 γένοιτο
936 639 996 705 ἐξ
1049 636 1377 708 ἀνθρώπων,
1417 638 1493 710 μὴ
1543 639 1645 708 τὴν
1675 637 1807 691 Χίον

234 727 553 802 Ῥωμαίους
585 730 1055 802 ἀποστερηθῆναι,
1088 730 1320 794 πολλοὺς
1339 729 1572 801 ἔχουσαν
1592 729 1654 782 οὐ
1679 728 1809 801 πόρ-

232 821 421 890 -ρωθεν
472 821 653 890 μόνον,
698 821 833 874 ἀλλὰ
875 822 970 874 καί
1028 820 1261 887 ἐγγύθεν
1317 819 1656 882 ἐπιϐούλους,
1715 819 1809 871 καὶ

232 910 487 977 μάλιστα
512 910 638 972 τοὺς
674 913 737 963 ἐκ
776 911 949 981 Δήλου
973 909 1372 973 Σπιταλιὼτας.
1401 909 1641 964 Τοιαῦτα
1673 912 1809 981 πρὸς

233 1002 522 1055 Μπενέτον
547 1000 841 1066 διεξιόντος
874 1003 1167 1073 βασιλέως,
1215 1005 1313 1057 καὶ
1348 1004 1550 1074 μικρᾶς
1584 1002 1803 1067 εὐνοίας

238 1093 404 1163 χάριν
432 1092 680 1162 μεγάλην
711 1094 1170 1163 κατατιθεμένου,
1207 1095 1257 1148 ot
1289 1095 1388 1165 μὲν
1412 1095 1562 1148 ἄλλοι
1605 1094 1810 1158 πάντες

238 1181 685 1252 κατεπλήττοντο
722 1183 823 1247 τὴν
856 1183 984 1253 περὶ
1011 1184 1110 1246 τὰς
1161 1184 1488 1254 εὐεργεσίας
1518 1184 1615 1238 τοῦ
1652 1184 1810 1253 βασι-

233 1271 377 1335 λέως
398 1271 733 1341 φιλοτιμίαν,
774 1273 860 1326 ὃτι
898 1274 1105 1343 μικρᾶς
1134 1273 1300 1327 ἓνεκα
1351 1274 1566 1337 εὐνοίας
1615 1273 1812 1328 τοσαύ-

232 1381 341 1433 την
374 1363 743 1433 ἀντιπαρέσχε
791 1364 978 1434 χάριν,
1015 1365 1155 1435 μήτε
1187 1356 1263 1420 ὧν
1294 1365 1542 1418 ἀνάλωσε
1578 1365 1811 1435 χρημά-

234 1472 351 1508 των
382 1455 520 1526 πρὸς
541 1456 642 1525 τὴν
669 1456 1031 1526 παρασκευὴν
1059 1456 1152 1509 τοῦ
1188 1457 1378 1510 στόλου
1406 1459 1503 1511 καὶ
1530 1459 1626 1528 τῆς
1658 1475 1813 1511 συνε-

236 1546 458 1616 τωμένη
513 1546 679 1615 ἄλλης
708 1549 973 1616 στρατιᾶς
992 1546 1465 1619 ὑπολογισάμενος
1495 1551 1554 1602 τὸ
1585 1549 1809 1619 πλῆθος,

238 1638 387 1707 μήτε
442 1631 517 1691 ὧν
569 1637 635 1689 ἐκ
695 1638 832 1690 Χίου
880 1637 1110 1709 ἔμελλεν
1159 1640 1391 1711 ὲτησίως
1447 1642 1474 1694 6
1524 1641 1812 1704 Μπενέτος

233 1729 641 1801 ἀποφέρεσθαι,
679 1731 774 1783 καὶ
828 1730 1023 1797 ταῦτα,
1051 1732 1209 1799 ὀλίγα
1256 1732 1288 1802 ἢ
1338 1732 1497 1786 οὐδὲν
1548 1733 1684 1803 πρὸς
1720 1732 1810 1785 τδν

234 1822 395 1892 ὑπὲρ
428 1800 551 1891 τῆς
600 1823 734 1876 Χίου
767 1823 1007 1892 πόλεμον
1057 1800 1412 1893 εἰσενεγκὼν.
1448 1800 1721 1895 Μπενέτῳ
1755 1824 1813 1879 δὲ
1845 1800 1886 1854 Β

232 1891 400 1966 τῦδὲν
421 1913 531 1982 ἄρα
558 1913 743 1983 ἢρκει,
767 1913 883 1965 ἀλλ’
911 1891 1215 1967 ἀδικεῖσθαι
1241 1891 1428 1982 ἠγεῖτο
1458 1918 1556 1967 καὶ
1581 1891 1815 1969 dinosca-

240 2004 462 2075 ρείσθαι
498 2006 572 2075 μὴ
609 2004 875 2074 μειζόνων
903 2004 1242 2074 ἀξιούμενος.
1277 2006 1369 2059 Διὸ
1397 2008 1494 2061 καὶ
1525 2008 1625 2079 τὴν
1663 2007 1817 2079 βασι-

238 2096 388 2160 λέως
438 2097 650 2166 δωρεὰν
684 2097 994 2151 ἀπεωθεῖτο
1031 2098 1108 2166 μὴ
1139 2097 1350 2151 δεῖσθαι
1403 2100 1633 2169 φάσκων
1687 2101 1814 2172 μήτ’

238 2188 628 2259 ἐπιτροπεύειν
647 2187 803 2252 Χίου,
834 2187 960 2260 μήτ’
988 2189 1074 2255 ἔφ’
1093 2183 1175 2252 οἷς
1197 2191 1224 2241 ὁ
1252 2190 1437 2260 πατὴρ
1460 2191 1651 2257 αὑτοῦ,
1681 2190 1813 2261 μήθ’

234 2280 272 2330 ὁ
300 2278 528 2347 ἁδελφὸς
559 2280 837 2348 Μαρτϊνος
863 2279 959 2332 καὶ
987 2279 1154 2333 αὑτὸν
1178 2281 1432 2351 κατέχειν
1460 2297 1472 2312 ·
1491 2283 1607 2336 ἀλλ’
1642 2286 1690 2336 εἰ
1716 2284 1815 2353 μὲν

238 2370 400 2441 αὐτῷ
433 2371 750 2425 παντάπασι
789 2374 889 2441 τῆς
948 2372 1084 2425 Χίου
1120 2371 1376 2443 βασιλεὺς
1430 2377 1814 2447 παραχωροίη,

238 2461 381 2516 ὥστ’
411 2464 548 2518 ίδὲαν
580 2464 730 2534 αὐτῷ
764 2464 941 2536 ἀρχὴν
994 2461 1156 2531 εἷναι,
1200 2466 1295 2519 καὶ
1328 2467 1595 2538 μηδαμῶς
1641 2471 1817 2524 τελεῖν

234 2557 354 2607 ὑπὸ
391 2554 719 2625 Ῥωμαίους,
775 2555 981 2627 πολλὴν
1013 2556 1079 2609 ἂν
1114 2557 1282 2629 εἰδείη
1339 2546 1459 2625 τῆς’
1493 2560 1817 2631 εὐεργεσίας

234 2648 428 2718 χάριν.
471 2647 533 2700 El
561 2648 619 2701 δὲ
648 2647 723 2719 μὴ
752 2647 945 2702 τοῦτον
984 2648 1231 2719 βούλοιτο
1262 2650 1354 2703 τὸν
1382 2650 1607 2720 τρόπον,
1656 2652 1820 2723 μηδε-

244 2736 379 2805 μιᾶς
412 2737 606 2807 ἑτέρας
627 2738 950 2806 εὐεργεσίας
988 2738 1305 2808 μεμνῆσθαι
1343 2739 1417 2803 ὡς
1450 2740 1589 2810 πρὸς
1622 2742 1817 2814 ἡδονὴν

238 2827 395 2897 αὑτῷ
416 2828 517 2881 οὐκ
543 2829 831 2900 ἐσομένης·
864 2828 981 2883 ἀλλ’
1011 2830 1176 2883 αὐτὸν
1204 2831 1253 2894 ὃ,
1297 2849 1349 2884 τι
1374 2830 1440 2886 ἂν
1463 2832 1593 2902 δοκῇ
1621 2833 1817 2887 δεσπό-

238 2919 493 2989 τηνδντα
532 2920 661 2990 περὶ
713 2923 813 2990 τῆς
869 2921 1035 2990 νήσου
1099 2923 1384 2993 πράττειν.
1442 2922 1708 2987 Βασιλεὺς
1760 2923 1818 2976 δὲ

237 3011 309 3063 οὗ
340 3010 524 3065 δίκαια
550 3013 724 3065 αίτεῖν
753 3012 964 3080 ἔφασκε
1003 3014 1306 3079 Μπενέτον,
1356 3013 1466 3067 οὐδ’
1498 3008 1585 3067 οἷα
1611 3018 1816 3086 τυχεῖν.

1913 554 2014 607 ret,
2042 557 2324 612 parvoque
2367 540 2546 596 cilicio
2576 540 2722 595 illius
2749 539 2955 609 ingenti
2983 536 3252 594 benelieio
3267 552 3372 592 suo
3393 552 3484 595 re-

1910 634 2228 704 sponderet,
2272 633 2467 702 reliqui
2508 647 2702 687 omnes
2736 634 2854 702 ejus
2887 640 2997 686 tam
3047 629 3269 685 fervens
3311 630 3483 687 benc-

1908 726 2139 780 faciendi
2205 725 2448 782 studium
2512 726 3017 794 obstupeseebant,
3085 723 3307 794 quando
3368 732 3478 780 tam

1909 818 2125 873 modica
2170 826 2279 871 tam
2321 816 2534 886 magnis
2577 824 2831 885 pensaret
2863 831 2877 868 :
2908 830 3015 869 non
3055 828 3337 884 reputans,
3378 831 3481 871 ne-

1910 922 2017 975 que
2056 917 2292 976 quantos
2337 913 2589 976 sumptus
2641 904 2694 958 in
2742 904 3065 961 rediﬂcanda
3122 905 3482 975 ornandaque

1910 985 2130 1065 classe,
2180 1006 2236 1051 et
2297 997 2354 1051 in
2400 995 2714 1051 classiarios
2774 994 2994 1052 fecisset
3032 1014 3046 1051 :
3079 1012 3256 1067 neque
3314 1013 3481 1067 quam

1912 1089 2173 1160 grandem
2229 1087 2521 1158 pecuniam
2576 1086 2909 1143 Benedictus
2962 1086 3345 1149 anniversarie
3395 1105 3485 1145 re-

1911 1188 2232 1249 portaturus
2255 1189 2438 1245 esset,
2472 1172 2636 1248 idque
2664 1193 2790 1233 eum
2832 1193 3023 1247 parum
3056 1188 3151 1234 aut
3176 1179 3315 1233 nihil
3337 1180 3483 1235 bello

1910 1286 2012 1342 pro
2036 1269 2175 1326 Chio
2204 1271 2629 1350 commodasset.
2669 1268 2773 1324 Sed
2807 1269 3102 1326 Benedicto
3152 1270 3288 1324 nihil
3331 1269 3482 1327 suﬂi-

1911 1363 2132 1418 ciebat:
2166 1363 2262 1431 qui
2288 1378 2345 1417 se
2380 1366 2551 1418 etiam
2585 1360 2785 1433 injuria
2829 1361 2990 1425 attici,
3015 1371 3072 1416 et
3110 1363 3227 1416 suis
3254 1361 3485 1432 spoliari

1913 1452 2195 1519 censebat,
2225 1451 2370 1521 quod
2424 1452 2725 1522 majoribus
2761 1452 2963 1521 dignus
3008 1468 3119 1506 non
3162 1451 3485 1508 haberetur.

1913 1539 2094 1607 Quare
2124 1545 2478 1598 donationem
2530 1542 2878 1614 imperatoris
2922 1543 3229 1613 rejieiebat,
3263 1543 3487 1613 proﬁte-

1915 1631 2208 1702 baturque,
2244 1648 2354 1687 non
2380 1650 2439 1688 se
2478 1634 2549 1688 iis
2579 1634 2831 1704 indigere
2866 1650 2880 1689 :
2914 1648 3014 1689 nec
3044 1634 3242 1689 Chium
3285 1650 3490 1704 procu-

1918 1738 2039 1778 rare
2066 1724 2224 1787 velle,
2272 1740 2375 1781 nec
2421 1727 2663 1783 retinuere
2696 1727 2763 1782 iis
2794 1726 3234 1794 conditionibus,
3285 1727 3490 1797 quibus

1915 1825 2011 1870 aut
2047 1832 2267 1886 parens,
2316 1828 2413 1873 aut
2442 1819 2611 1874 frater
2666 1819 3044 1875 retinuissent.
3084 1819 3139 1875 Si
3192 1819 3491 1889 imperator

1914 1920 2034 1961 eam
2076 1919 2243 1963 totam
2275 1909 2607 1964 omnimodis
2656 1926 2756 1980 pro
2792 1910 3058 1980 peculiari
3090 1911 3425 1981 principatu.
3457 1926 3490 1965 a

1917 1998 2291 2053 Romanorum
2319 2000 2553 2069 imperio
2584 2015 2807 2070 prorsus
2828 2011 3136 2071 exemptam
3166 2001 3268 2056 sibi
3305 2002 3492 2065 cedat,

1921 2098 2033 2143 tum
2078 2090 2299 2145 demum
2329 2091 2405 2146 illi
2441 2103 2500 2147 ut
2539 2093 2808 2147 benelicio
2836 2093 3066 2164 gratiam
3110 2107 3362 2163 magnam
3398 2095 3495 2151 ha-

1916 2183 2186 2238 biturum.
2239 2183 2296 2238 Si
2343 2185 2506 2261 nolit,
2551 2201 2617 2239 ne
2649 2185 2817 2240 ullius
2854 2185 3112 2240 beneﬁcii
3150 2185 3492 2240 mentionem

1921 2275 2099 2340 faciat,
2151 2275 2344 2330 audire
2376 2277 2522 2331 enim
2574 2291 2684 2331 non
2728 2291 2908 2347 posse.
2966 2277 3168 2332 Verum
3209 2290 3334 2330 cum
3378 2272 3495 2345 ipse

1919 2364 2111 2420 insulae
2143 2366 2402 2423 dominus
2430 2366 2522 2432 sit,
2564 2376 2750 2438 ageret
2781 2382 2881 2437 pro
2906 2368 3196 2423 arbitratu.
3239 2365 3493 2437 Respon-

1917 2455 1999 2510 dit
2053 2457 2372 2527 imperator,
2424 2458 2708 2513 Benedicti
2750 2459 3074 2527 petitionem
3120 2474 3224 2514 nec
3254 2474 3494 2529 aequam,

1916 2565 2020 2604 nec
2061 2550 2466 2620 impetrabilem
2515 2565 2678 2606 esse:
2715 2550 3025 2621 Oportuisse
3074 2550 3221 2605 enim
3268 2565 3363 2606 sex
3396 2566 3496 2623 au-

1918 2657 2138 2697 reorum
2173 2642 2414 2698 millibus
2452 2658 2482 2696 a
2514 2643 2750 2698 Martlno
2781 2642 3115 2714 recipiendis
3143 2652 3491 2711 contentum,

1915 2737 2114 2791 alienis
2154 2752 2212 2792 se
2265 2753 2374 2792 non
2408 2738 2716 2809 implicare.
2756 2738 2893 2795 Cum
2943 2754 3075 2794 vero
3121 2754 3232 2795 non
3271 2746 3489 2794 tantum

1918 2830 2104 2898 modo,
2145 2831 2238 2886 sed
2287 2832 2461 2886 multo
2505 2831 2671 2886 etiam
2706 2832 2887 2901 plura,
2934 2840 2990 2886 et
3031 2830 3257 2902 insuper
3301 2831 3496 2886 insulze

1917 2923 2300 2993 praefecturam
2351 2923 2614 2993 consequi
2665 2924 2867 2987 liceat,
2904 2922 3069 2995 235
3112 2923 3209 2993 qui
3274 2924 3495 2979 tandem

1919 3031 2123 3070 munus
2152 3016 2256 3071 hoc
2296 3015 2417 3082 ejus
2443 3016 2655 3070 meritis
2688 3014 2878 3086 impar
2901 3017 3050 3085 juste
3084 3015 3258 3070 videri
3282 3014 3496 3085 queat?

252 3104 459 3173 Ἐχρῆν
490 3104 589 3173 μὲν
613 3104 721 3173 γὰρ
748 3107 799 3158 εἰ
831 3108 924 3159 καὶ
956 3105 1080 3168 τοὺς
1109 3105 1509 3176 ἑξακισχιλίους
1535 3107 1814 3176 ἐλάμὸανε

1918 3108 2001 3162 Ad
2033 3108 2157 3171 hoc,
2191 3108 2236 3161 si
2275 3117 2443 3162 totam
2487 3106 2726 3162 insulam
2781 3108 2832 3162 ei
2879 3107 2935 3161 in
2983 3107 3256 3177 mancipio
3294 3106 3408 3169 det,
3439 3106 3496 3162 id

239 3195 502 3264 χρυσοῦς,
534 3188 608 3248 ὧν
637 3194 792 3264 παρὰ
835 3197 1116 3264 Μαρτίνου
1145 3197 1409 3265 ἠδικεῖτο,
1442 3197 1689 3270 ἀγαπᾷν,
1720 3201 1816 3254 καὶ

242 3287 734 3356 πολυπραγμονεῖν
789 3287 978 3357 μηδέν.
1034 3288 1097 3342 El
1129 3289 1185 3342 δὲ
1219 3291 1279 3343 οὐ
1327 3289 1570 3344 τοσαῦτα
1629 3292 1814 3362 μόνον,

241 3377 386 3432 ἀλλὰ
438 3379 533 3431 καὶ
586 3377 975 3433 πολλαπλασίω
1025 3380 1257 3444 τούτων,
1306 3384 1402 3436 καὶ
1439 3385 1669 3451 προσέτι
1716 3385 1817 3456 τὴν

243 3470 425 3540 ἀρχὴν
469 3469 613 3539 ἔχειν
659 3471 840 3534 ἔξεστι
866 3471 968 3542 τῆς
1000 3474 1191 3544 νήσου,
1230 3475 1347 3538 πῶς
1379 3475 1447 3529 ἃν
1477 3477 1561 3547 εἴη
1605 3478 1817 3531 δίκαιον

244 3562 408 3615 ἐνδεᾶ
432 3562 533 3632 τὴν
585 3562 748 3634 χάριν
783 3563 881 3616 τοῦ
933 3568 1311 3637 προσήκοντος
1335 3567 1618 3637 νομίζεινς
1655 3570 1737 3623 ἔτι
1761 3570 1817 3623 δὲ

240 3656 374 3709 οὐδὲ
428 3655 608 3725 ἑαυτῷ
655 3657 717 3709 τὸ
774 3657 1127 3715 παντάπασιν
1189 3659 1341 3729 αὺτῷ
1400 3663 1813 3733 παραχωρῆσαι

247 3746 408 3807 Χίου,
442 3747 502 3798 ἑν
539 3745 690 3816 καλῷ
720 3747 813 3800 τοῦ
840 3748 1122 3818 σχήματος
1152 3750 1256 3819 ἔφη
1286 3751 1622 3805 κείσεσθαιό
1659 3753 1817 3823 βασι-

242 3838 397 3905 λεὺς,
417 3839 538 3893 οὐδὲ
563 3840 879 3910 φιλοτιμίαν
897 3843 992 3895 καὶ
1014 3842 1452 3913 μεγαλοψυχίαν,
1476 3844 1613 3897 ἀλλὰ
1638 3863 1818 3915 παραο

244 3929 485 3999 πληξίαν
508 3932 600 3984 καὶ
633 3930 895 4000 ἀκρισίαν
923 3933 1219 4002 περιάψειν
1252 3934 1451 4003 ἑαυτῷ.
1477 3935 1539 3988 El
1576 3935 1685 4015 γαρ
1711 3936 1818 3989 ἔδει

241 4015 505 4071 τοσοῦτον
525 4017 683 4071 πόνον
700 4019 865 4072 αὐτόν
890 4037 950 4073 τε
978 4022 1074 4073 καὶ
1090 4022 1399 4092 Ῥωμαίους
1426 4024 1816 4095 ὑπομείναντα,

158 4137 171 4146 ’
245 4112 345 4163 καὶ
383 4110 617 4164 τοσαῦτα
651 4113 792 4165 κατὰ
816 4111 916 4181 τὴν
943 4114 1301 4186 παρασκευὴν
1328 4115 1421 4168 τοῦ
1460 4117 1649 4170 στόλου
1680 4120 1818 4189 χρή-

246 4211 398 4268 ματα
414 4201 517 4254 οὐκ
545 4202 710 4255 αὑτὸν
758 4203 920 4272 μόνον
947 4206 1012 4258 ὲκ
1040 4205 1150 4258 τῶν
1185 4205 1501 4276 βασιλικῶν,
1532 4208 1672 4265 ἀλλὰ
1723 4211 1818 4265 καὶ

243 4294 312 4344 ἐκ
349 4291 463 4345 τῶν
494 4293 643 4345 ἰδίων
674 4294 782 4348 τῶν
808 4296 1091 4366 ἐπιφανῶν
1117 4297 1288 4351 πολλὰ
1319 4299 1683 4356 ἀναλωκότων
1708 4301 1819 4355 ὣσὲ-

242 4400 306 4434 τε
359 4384 632 4454 κρατῆσαι
663 4386 820 4452 Χίου,
878 4374 1070 4442 ἔπειτα
1120 4390 1271 4457 αὐτῷ
1297 4395 1705 4464 παραχωρῆσαι
1759 4397 1818 4458 ἐς

1925 3200 2026 3254 sibi
2072 3200 2389 3269 neutiquam
2415 3199 2565 3255 laudi
2595 3198 2753 3265 fore;
2784 3214 2963 3268 neque
2989 3198 3175 3269 gloria:
3209 3197 3498 3268 cupidum,

1922 3301 1979 3347 et
2011 3293 2439 3362 magnanimum,
2482 3291 2577 3346 sed
2615 3305 2905 3357 vesanum,
2939 3297 2997 3343 et
3044 3290 3254 3345 nullius
3282 3289 3497 3353 cerebri

1922 3383 2101 3438 visum
2130 3383 2218 3437 iri.
2255 3384 2310 3438 Si
2349 3384 2499 3438 enim
2535 3398 2758 3438 necesse
2792 3392 2913 3438 erat
2957 3390 3032 3437 tot
3061 3381 3347 3438 laboribus
3381 3393 3436 3437 et
3463 3397 3497 3438 a

1925 3489 1984 3527 se
2026 3474 2320 3544 susceptis,
2370 3483 2499 3528 etat
2531 3470 2819 3535 Romanis.
2869 3481 3037 3541 atque
3086 3473 3141 3528 in
3194 3473 3368 3528 classe
3408 3473 3497 3527 in-

1922 3567 2184 3620 struenda
2236 3581 2348 3620 non
2388 3570 2418 3620 a
2470 3582 2529 3620 se
2562 3566 2848 3630 duntaxat,
2888 3581 2920 3621 e
2953 3566 3084 3620 lisco
3123 3581 3246 3630 suo,
3300 3565 3397 3620 sed
3428 3563 3498 3619 ab

1924 3657 2229 3712 illustribus
2258 3674 2479 3727 quoque
2513 3658 2810 3727 separatim
2843 3656 3090 3725 impensa
3135 3672 3244 3711 non
3287 3655 3499 3711 medio-

1924 3747 2000 3803 cri
2053 3747 2220 3809 facta,
2259 3760 2321 3803 ut
2363 3748 2535 3804 Chius
2575 3748 2942 3819 reciperetur,
2986 3746 3190 3802 deinde
3243 3761 3364 3813 eam
3414 3746 3495 3802 illi

1926 3844 2256 3912 relinquere,
2304 3843 2443 3897 adeo
2488 3850 2546 3897 ut
2590 3841 2825 3897 Romani
2878 3856 3061 3911 neque
3099 3855 3269 3905 nunc,
3315 3852 3496 3908 neque
3546 3860 3551 3865 ν

1923 3935 2152 4004 posthac
2186 3934 2488 4004 quidquam
2545 3934 2672 3988 inde
2713 3933 3069 3988 emolumenti
3117 3931 3495 4002 perciperent,

1925 4026 2036 4081 itno
2071 4042 2172 4081 nec
2209 4028 2377 4081 verbo
2412 4027 2607 4082 saltem
2638 4027 2786 4080 illius
2818 4025 3030 4079 domini
3060 4023 3496 4093 appellarentur,

1923 4118 2086 4188 longe
2121 4119 2315 4188 utique
2341 4118 2559 4185 melius,
2599 4128 2657 4174 et
2704 4117 3119 4173 conducibilius
3151 4115 3340 4178 fuisse,
3376 4129 3502 4183 pro-

1923 4212 2014 4269 cul
2047 4213 2284 4284 negotiis
2323 4216 2564 4283 quietem
2606 4209 2887 4283 persequi,
2922 4209 3328 4277 Martinnmque
3376 4222 3497 4262 eam

1925 4302 2169 4357 retinere
2220 4301 2456 4371 perpeti,
2502 4310 2560 4356 et
2610 4300 2742 4355 nihil
2778 4299 3065 4353 turbarum
3098 4296 3367 4353 excitare.
3407 4293 3499 4350 Sic

1924 4408 2162 4463 namque
2192 4404 2248 4455 et
2273 4391 2671 4461 defatigatione
2694 4405 2757 4446 ac
2782 4390 2970 4445 labore
2996 4386 3368 4458 expeditionis
3398 4388 3500 4440 hu-

243 4473 505 4526 τοσοῦτον
538 4473 681 4528 ὥστε
747 4477 886 4546 μήτε
943 4477 1041 4530 νῦν
1084 4479 1215 4548 μήθ’
1246 4479 1478 4552 ὕστερον
1511 4484 1586 4555 μὴ
1654 4484 1814 4552 μόνον

1921 4486 2034 4556 jus,
2080 4493 2138 4539 et
2174 4484 2396 4555 quidem
2445 4483 2736 4539 maritima:
2774 4490 2831 4536 et
2864 4490 3126 4551 praeterea
3161 4486 3500 4549 consumpta:

249 4565 327 4633 μὴ
379 4567 622 4634 μετεῖναι
671 4565 967 4635 Ῥωμαίοις
988 4569 1087 4637 τῆς
1137 4569 1410 4638 ὠφελείας
1464 4575 1564 4642 τῆς
1622 4576 1819 4645 αὐτῆς,

246 4656 387 4710 ἀλλὰ
425 4657 562 4728 μηδὲ
608 4660 968 4730 προσρήματι
997 4659 1138 4730 ψιλῴ
1190 4663 1417 4732 κυρίους
1447 4664 1821 4735 ὀνομάζεσθαι

246 4750 447 4817 αὐτῆς,
474 4751 656 4821 πολλῷ
679 4753 758 4822 τῷ
789 4754 980 4823 μέτρῳ
1004 4754 1216 4823 βέλτιον
1249 4758 1343 4809 καὶ
1380 4757 1823 4830 λυσιτελέστερον

243 4837 341 4912 ἦν,
367 4843 470 4912 τὴν
505 4844 952 4914 ἀπραγμοσύνην
983 4846 1079 4897 καὶ
1125 4848 1224 4916 τὴν
1249 4849 1486 4918 ἡσυχίαν
1521 4851 1820 4920 αἱρεῖσθαι,

247 4930 530 5003 Ἀίαρτῖνόν
580 4953 638 4989 τε
693 4938 792 5008 ὲᾷν
833 4938 1096 5008 κατέχειν
1145 4940 1241 4992 καὶ
1300 4939 1377 5011 μὴ
1436 4945 1821 5014 παρενοχλεῖν.

260 5025 523 5089 Ἐκείνως
549 5028 647 5096 μὲν
669 5028 779 5097 γὰρ
809 5027 947 5095 πρὸς
966 5029 1146 5099 τῷαμὴ
1173 5031 1476 5085 κόπτεσθαι
1501 5036 1596 5089 καὶ
1629 5035 1822 5089 ταλαι-

247 5121 460 5187 πωρεῖν
519 5119 580 5169 ὲν
642 5119 981 5186 στρατείαις,
1047 5122 1144 5173 καὶ
1207 5121 1405 5186 ταῦτα,
1462 5122 1816 5192 διαποντίοις,

246 5212 346 5262 καὶ
380 5210 447 5263 τὰ
478 5209 833 5263 ἀναλωθέντα
891 5212 1152 5282 χρήματα
1182 5211 1311 5281 ἐξῆν
1334 5213 1643 5284 κερδαίνειν
1670 5233 1685 5247 ’
1721 5220 1818 5272 καὶ

246 5303 545 5371 προσέτιγε
577 5303 629 5356 εί
670 5302 747 5374 μὴ
804 5303 924 5367 νῦν,
965 5302 1084 5358 ἀλλ’
1118 5303 1347 5375 ὕστερον
1402 5322 1534 5361 ποτε
1585 5308 1816 5380 δύναμιν

1920 4579 2167 4650 pecuniae
2199 4577 2551 4647 supersederi
2577 4577 2845 4646 potuisse.
2875 4575 3050 4653 Adde,
3092 4573 3263 4644 quod,
3296 4575 3342 4630 si
3389 4588 3495 4627 non

1920 4670 2026 4725 hnc
2054 4679 2321 4739 tempore,
2365 4676 2423 4722 at
2454 4668 2752 4737 aliquando
2792 4667 3086 4729 Romanis,
3126 4674 3187 4718 ut
3234 4663 3497 4732 iniuriam

1920 4763 2119 4833 passis,
2152 4773 2469 4829 comparato
2499 4760 2743 4813 exercitu
2777 4759 3011 4813 insulam
3066 4771 3394 4825 recuperare
3433 4755 3502 4809 li-

1923 4855 2106 4922 cebit;
2161 4863 2217 4908 et
2247 4854 2328 4908 vel
2379 4868 2442 4906 ea
2489 4851 2680 4923 petitis
2729 4853 2818 4920 jus
2868 4866 3030 4906 suum
3081 4850 3362 4909 obtinere,
3410 4848 3497 4901 vel

1927 4947 2170 5016 potentia
2197 4946 2636 4999 adversariorum
2660 4943 2955 5013 superatis,
2986 4955 3166 5009 neque
3203 4953 3495 5008 perperam

1922 5038 2125 5112 egisse,
2158 5052 2335 5106 neque
2357 5037 2535 5093 itedus
2569 5036 2802 5089 violasse
2834 5031 3158 5088 exisdmari.
3199 5026 3317 5094 Sin,
3351 5029 3498 5097 quod

1925 5139 1982 5182 tu
2043 5144 2190 5183 nunc
2229 5127 2497 5198 postulas,
2531 5126 2766 5181 insulam
2816 5123 2916 5177 tibi
2970 5134 3224 5183 cessero,
3279 5130 3502 5186 praatcr-

1918 5235 2087 5289 quam
2118 5219 2265 5288 quod
2303 5228 2540 5287 tempus,
2570 5224 2627 5270 et
2670 5216 2919 5284 impensa
2960 5208 3148 5281 periit,
3185 5209 3336 5263 nulla
3376 5221 3501 5267 spes

1920 5314 2041 5383 ejus
2097 5329 2341 5380 unquam
2400 5309 2730 5381 recipiendae
2790 5308 3051 5364 Romanis
3105 5306 3490 5377 relinquetur;

1504 5425 1719 5489 Jacotai
1752 5429 2022 5491 Pontani
2055 5438 2241 5492 notae.
2320 5433 2326 5438 ’

245 5542 483 5615 barbaro
546 5543 830 5615 hospitium
876 5552 981 5599 est.
1035 5543 1222 5615 Genus
1270 5545 1657 5615 religiosorum
1715 5550 1818 5605 sub

250 5614 463 5685 llygin‘o
515 5614 1039 5685 pontiliceinotum.
1105 5614 1272 5670 Iidem
1312 5614 1405 5685 qui
1432 5618 1657 5684 Rhodii,
1717 5635 1814 5674 seu

251 5681 618 5756 lthodienses,
647 5693 730 5756 Aet
756 5684 1069 5756 Melitenses
1111 5685 1275 5740 hodie
1312 5681 1548 5756 quorum
1574 5681 1817 5743 historia:

251 5751 465 5808 Latinis
488 5762 542 5809 ct
563 5752 767 5811 Italicis
804 5754 1009 5811 litteris
1034 5765 1271 5815 exstant.
1316 5751 1392 5815 De
1431 5759 1641 5833 origine
1673 5757 1812 5815 llos-

1922 5552 2280 5623 pitalensium
2334 5550 2723 5625 Hierosolyma:
2759 5554 2982 5625 scripsit
3025 5553 3079 5607 in
3116 5551 3354 5625 Historia
3398 5568 3498 5608 sua

1922 5624 2192 5696 Qriental.
2233 5640 2354 5694 cap.
2400 5626 2490 5686 6t,
2520 5624 2772 5696 ,Jacobus
2801 5624 2868 5681 de
2906 5625 3168 5690 Vitriaco,
3202 5624 3499 5696 episcopus

1922 5692 2270 5752 Tusculanus
2299 5692 2353 5751 et
2384 5695 2699 5751 cardinalis.
