3902 6602
439 448 546 517 ιο»

1629 456 1953 519 JOANNIS
1985 431 2509 518 CANTACUZENI

3583 438 3685 503 503

432 581 560 641 tur,
595 572 962 646 addebatque,
1006 575 1052 631 si
1093 575 1172 642 se,
1210 586 1267 632 et
1299 576 1521 647 quidem
1557 593 1706 632 nunc
1733 588 1991 645 mgrotum

2107 577 2482 638 συνεϐούλευε,
2547 575 2642 627 καὶ
2678 568 3009 642 προσετίθει,
3047 565 3124 629 ὡς
3155 567 3205 618 εί
3259 562 3336 634 μὴ
3367 562 3533 632 ἀνιᾷν
3560 561 3687 628 βού-

429 665 752 719 contristare
773 665 964 732 nollet,
998 682 1068 723 ne
1102 667 1457 736 detrectaret,
1489 683 1598 738 quo
1640 669 1990 723 invitaretur.

433 758 539 814 Sed
587 760 926 816 domesticus
969 764 1137 818 semel
1173 776 1439 835 susceptas
1469 766 1754 820 sententiae
1782 764 1991 830 allixus,

428 850 610 902 omnia
651 851 835 916 potius
879 853 1018 907 velle
1049 855 1313 924 experiri,
1347 871 1510 924 quam
1543 866 1861 912 ornamenta
1895 857 1996 910 itu-

428 941 702 1007 peratoria
775 957 1086 1012 capessere.
1167 942 1422 1000 Sentiens
1472 961 1635 1015 porro
1702 947 1996 1016 imperator

427 1029 544 1083 ﬁeri
579 1047 686 1085 non
721 1047 900 1102 posse,
940 1043 1000 1088 ut
1047 1035 1101 1088 in
1126 1035 1348 1090 habitus
1378 1038 1736 1092 mutationem
1767 1053 1996 1114 consen-

427 1127 576 1190 tiret,
625 1141 736 1180 non
780 1127 919 1182 ultra
956 1144 1120 1197 quam
1160 1129 1240 1185 fas
1277 1147 1400 1188 cum
1431 1147 1495 1184 eo
1526 1129 1990 1192 conten-.Iendum,

425 1216 592 1272 rebus
618 1218 671 1272 in
709 1228 885 1274 tantas
919 1222 1198 1286 angustias
1262 1223 1520 1286 redactis,
1550 1223 1644 1303 sed
1677 1223 1836 1298 factis
1863 1222 1994 1291 ipsis

425 1308 642 1377 imperii
692 1325 1076 1366 successorem
1139 1307 1562 1382 relinquendum
1620 1314 1833 1370 censuit
1882 1328 1896 1366 :
1939 1325 2005 1382 et

425 1401 736 1456 astantibus
764 1405 1046 1473 praecepit,
1096 1405 1374 1475 principes
1417 1407 1654 1475 primum
1687 1405 1993 1460 aulicorum

424 1505 712 1559 procerum
740 1503 796 1548 et
823 1495 1029 1564 alioqui
1065 1496 1352 1551 nobilitate
1415 1506 1760 1568 pra‘stantes,
1797 1497 1994 1552 deinde

425 1581 564 1636 alios
620 1585 817 1640 ordine
877 1585 1154 1642 Romanos
1208 1588 1301 1659 qui
1349 1588 1576 1644 aderant
1621 1590 1822 1645 accire.
1889 1590 1995 1645 Ubi

425 1673 744 1741 adfuerunt,
797 1677 1175 1748 lectulumque
1252 1680 1754 1748 circumsteterunt,
1827 1683 1995 1739 etiam

429 1765 727 1832 Augustam
757 1772 942 1822 vocari
984 1771 1169 1839 jussit.
1199 1770 1315 1836 Qua
1354 1784 1643 1842 praesente,
1675 1784 1730 1828 ut
1763 1774 1996 1830 maxime

427 1857 627 1923 potuit,
663 1873 720 1912 se
763 1859 1117 1926 conﬁrmans,
1148 1879 1319 1932 pauca
1365 1863 1433 1918 ad
1469 1879 1564 1920 eos
1589 1866 1676 1920 bis
1705 1867 1886 1920 verbis
1919 1867 1998 1920 lo-

425 1958 588 2002 cutus
632 1958 713 2003 cst
755 1969 769 2005 :
809 1950 987 2009 Meum
1039 1968 1166 2023 erga
1214 1969 1312 2010 vos
1360 1971 1690 2025 propensum
1729 1959 1996 2024 animum,

425 2039 610 2102 amici,
639 2049 695 2096 et
719 2042 996 2110 quomodo
1037 2059 1121 2098 me
1157 2045 1534 2103 felicissimum
1567 2047 1923 2118 judicassem,
1952 2049 1996 2104 si

427 2144 534 2183 non
581 2131 758 2184 solum
808 2131 860 2186 in
915 2148 1108 2190 omnes
1153 2137 1543 2205 communiter;
1578 2139 1674 2194 sed
1710 2139 1764 2194 in
1807 2153 2000 2194 unum-

423 2237 697 2292 quemque
724 2234 970 2279 vestrum
1024 2242 1271 2282 seorsum
1313 2229 1615 2298 potuissem
1661 2231 1999 2301 quampluri-

424 2326 574 2370 mum
633 2313 996 2385 benignitatis
1062 2317 1318 2375 conl‘erre
1373 2335 1387 2373 :
1444 2335 1548 2376 nec
1614 2321 1833 2387 leviter,
1900 2322 1995 2378 sed

423 2420 643 2461 summo
669 2417 869 2462 conatu
895 2409 1212 2479 reipublicm
1238 2411 1633 2474 Romanorum,
1663 2413 1824 2467 vobis
1845 2412 2000 2482 adju-

427 2498 660 2560 toribus.
693 2499 955 2568 prodesse
987 2499 1196 2569 aliquid
1225 2501 1370 2570 apud
1400 2503 1642 2554 animum
1693 2512 1904 2556 certum
1935 2519 1998 2557 ac

425 2588 593 2644 ﬁxum
633 2591 944 2651 habuerim.
981 2601 1136 2647 ratus
1178 2593 1327 2646 omni
1366 2594 1473 2647 vita
1523 2594 1745 2648 suavius
1775 2609 1840 2649 ac
1871 2594 1998 2648 bea-

425 2682 556 2748 tius,
590 2681 635 2736 si
669 2697 768 2751 pro
808 2682 875 2736 iis
910 2692 1102 2738 contra
1147 2683 1410 2738 barbaros
1451 2683 1737 2741 decertans
1776 2695 1998 2756 oppete-

422 2792 561 2841 rem,
595 2778 842 2848 ipse,qui
867 2779 1078 2834 occulta
1107 2787 1163 2834 et
1203 2777 1519 2835 abscondita
1545 2780 1828 2835 hominum
1875 2797 1998 2850 per-

423 2869 606 2938 spicit,
633 2869 835 2940 quique
863 2870 1028 2924 corda
1059 2886 1123 2926 ac
1139 2885 1300 2928 renes
1329 2884 1604 2928 scrutatur
1627 2873 1790 2937 Deus,
1819 2873 1995 2928 novit.

421 2959 560 3027 Quia
598 2977 729 3016 vero
769 2963 815 3016 is
855 2962 1118 3018 hoc‘lieri
1172 2979 1280 3018 non
1339 2964 1542 3022 debere
1591 2966 1782 3022 statuit
1829 2968 1847 3038 (
1885 2982 1995 3037 quo

326 3037 344 3055 ⁹
415 3049 646 3120 judicio,
702 3051 820 3122 ipse
867 3054 1014 3124 scit),
1047 3053 1141 3108 sed
1174 3061 1235 3110 ut
1267 3055 1730 3126 aspicitis._morte
1761 3037 1862 3112 nos
1891 3057 1996 3112 cir-

421 3135 724 3211 cumdedit,
753 3161 948 3202 omnes
987 3148 1278 3205 manifesto
1328 3149 1578 3218 exemplo
1616 3165 1992 3213 commonens,

2101 668 2245 722 λοιτο
2289 668 2473 733 αὑτὸν,
2514 666 2608 719 καὶ
2651 661 2822 716 ταῦτα
2874 659 3132 714 νοσοῦντα
3193 655 3314 721 νῦν,
3361 653 3428 706 τδ
3459 651 3687 705 κελευό-

2104 777 2262 830 μενον
2292 761 2484 813 ποιεῖν.
2552 757 2614 810 ⁸0
2640 755 2686 810 δ’
2727 755 2880 808 οὐδὲν
2931 751 3152 804 ἔλαττον
3223 746 3334 800 τῶν
3382 744 3447 808 ἐξ
3502 742 3688 810 ἀρχῆς

2100 853 2276 922 εἴχετο
2313 850 2611 918 λογισμῶν,
2657 851 2750 901 καὶ
2777 843 3002 914 γνώμην
3051 837 3217 910 εἶχεν,
3274 838 3350 899 ὡς
3373 835 3488 889 οὐδ’
3537 832 3609 886 ἂν
3639 831 3693 884 εῐ

2099 961 2152 996 τι
2183 944 2392 1011 γένοιτο
2453 944 2531 1004 είς
2583 940 2846 1010 βασιλέως
2914 936 3102 1006 σχῆμα
3150 930 3490 999 κατασταίη.
3547 929 3689 981 Συνο

2103 1034 2243 1088 ιδὼνῗ
2273 1033 2325 1086 δὲ
2373 1035 2399 1086 ὁ
2439 1032 2691 1103 βασιλεὺς
2727 1029 2801 1092 ὡς
2838 1029 2937 1080 οὐκ
2973 1027 3038 1080 ἂν
3069 1024 3285 1078 δύναιτο
3337 1020 3552 1073 πείθειν
3590 1018 3691 1070 αὖα

2099 1125 2470 1198 τὶνὰμείϐειν
2525 1124 2586 1177 τὸ
2634 1123 2838 1193 σχῆμα,
2888 1121 3028 1187 ἔγνω
3086 1119 3194 1171 δεῖν
3251 1116 3330 1185 μὴ
3387 1117 3540 1181 πέρα
3594 1111 3688 1162 τοῦ

2099 1218 2311 1280 δέοντος
2386 1216 2710 1286 φιλονεικεῖν
2765 1214 2823 1266 ἐν
2894 1209 3254 1286 οῦτο›,στε“θίῖ)
3305 1207 3512 1276 κομιδῇ
3581 1204 3688 1255 τῶν

2104 1309 2446 1378 πραγμάτων
2507 1305 2891 1368 καθεστώτων,
2949 1301 3066 1356 ἀλλ’
3134 1300 3319 1358 αὐτοῖς
3379 1297 3688 1364 πράγματι

2099 1401 2340 1470 διάδοχον
2375 1398 2538 1452 αὑτὸν
2569 1398 2666 1465 τῆς
2693 1395 2972 1464 βασιλείας
3004 1391 3330 1446 καταλιπεῖν
3352 1403 3366 1418 ·
3418 1386 3516 1440 καὶ
3575 1386 3687 1445 τοῖς

2106 1491 2449 1561 παρεστῶσιν
2493 1488 2711 1540 ἐκέλευε
2761 1486 2887 1548 τούς
2926 1502 2986 1536 τε
3037 1481 3374 1551 προῦχοντας
3415 1477 3516 1542 τῆς
3551 1489 3688 1540 συγ-

2102 1584 2298 1652 κλήτου
2337 1581 2575 1651 πρῶτον,
2623 1579 2718 1632 καὶ
2764 1578 2890 1640 τοὺς
2952 1576 3144 1637 ἄλλους
3200 1570 3462 1642 εὐγενείᾳ
3492 1568 3682 1634 διαφέ-

2103 1695 2315 1748 ροντας,
2343 1675 2516 1728 ἔπειτ’
2542 1673 2743 1744 ἐφεξῆς
2799 1672 2894 1725 κ;.ὶ
2947 1671 3070 1734 τοὺς
3102 1670 3297 1731 ἄλλους
3343 1668 3465 1720 ὅσοι
3496 1667 3686 1733 mgf,-
3771 1665 3776 1678 '

2105 1786 2202 1820 σαν
2233 1767 2527 1838 Ῥωμαίων
2563 1764 2878 1834 συγκαλεῖν.
2896 1764 3050 1816 Ἐπεὶ
3081 1762 3137 1816 δὲ
3159 1759 3421 1828 συνῆλθον
3454 1757 3555 1810 καὶ
3589 1773 3687 1806 πε-

2105 1859 2398 1930 ριέστησαν
2433 1856 2616 1922 αὑτὸν,
2663 1857 2755 1910 καὶ
2785 1857 2986 1908 Ἀνναν
3025 1854 3122 1920 τὴν
3173 1850 3419 1921 βασιλίδα
3453 1847 3683 1900 ἐκέλευε

2101 1953 2380 2024 παρεῖναι.
2423 1950 2511 2013 Ὠς
2543 1949 2600 2002 δὲ
2644 1949 2738 2002 καὶ
2768 1948 2906 2017 αὑτὴ
2941 1947 3147 2016 παρῆν,
3188 1944 3265 2008 ὡς
3328 1943 3578 2010 μάλιστα
3612 1934 3684 1991 εἴ·

2101 2063 2194 2116 χεν
2237 2043 2551 2116 ἐπιρρώσας
2607 2042 2830 2105 ἐαυτὸν,
2875 2040 3035 2106 ὀλίγα
3063 2040 3199 2092 ἄττα
3227 2035 3504 2103 διειλέχθη
3537 2033 3683 2101 πρὸς

2099 2137 2296 2202 αὐτούς
2326 2151 2342 2167 °
2377 2139 2482 2208 ἔφη
2511 2136 2620 2206 γάρ
2657 2151 2672 2167 ο
2702 2133 2812 2205 Τὴν
2851 2133 2949 2203 μὲν
2982 2131 3218 2195 εὔνοιαν,
3268 2123 3315 2182 ὦ
3355 2128 3525 2197 φίλοι,
3578 2126 3683 2192 τὴν

2101 2232 2228 2300 περὶ
2259 2231 2424 2300 ὑμᾶς,
2458 2229 2552 2283 καὶ
2575 2228 2651 2292 ὡς
2697 2225 2793 2281 τοῦ
2828 2226 3029 2286 παντὸς
3071 2223 3136 2278 ἂν
3186 2221 3567 2292 ἐτιμησάμην,
3614 2219 3675 2268 οὐ

2102 2324 2266 2393 μονον
2302 2321 2454 2393 κοινῇ
2491 2321 2721 2387 πάντας,
2767 2318 2904 2373 ἀλλὰ
2952 2319 3046 2370 καὶ
3075 2317 3311 2369 ἕκαστον
3371 2314 3527 2380 ὑμῶν
3566 2311 3678 2378 ἰδία

2051 2481 2064 2494 κ
2097 2415 2165 2469 τὰ
2208 2415 2441 2482 μέγιστα
2474 2412 2858 2484 εὐεργετῆσαι,
2911 2412 3003 2462 καὶ
3028 2409 3102 2471 ὡς
3145 2407 3252 2478 pint
3291 2407 3347 2459 έν
3377 2403 3675 2473 παρέργῳ,

2097 2504 2233 2558 am
2281 2505 2428 2574 πάσῃ
2458 2503 2660 2572 σπουδῆ
2709 2501 2786 2571 τῷ
2839 2501 3000 2569 κοινῷ
3048 2498 3333 2568 Ῥωμαίων
3371 2515 3422 2549 τι
3450 2501 3679 2547 λυσιτε-

2098 2596 2282 2666 λήσειν
2313 2597 2440 2667 ὑμῖν
2473 2595 2752 2665 χρώμενος
2789 2595 3072 2662 συνεργοῖς
3118 2591 3460 2662 προῦθέμην,
3511 2586 3670 2655 νομί-

2099 2688 2208 2753 ζων
2237 2691 2285 2743 εί
2316 2689 2698 2757 ἀποθανοῦμαι
2743 2687 2852 2748 τοῖς
2880 2684 3174 2755 βαρϐάροις
3197 2683 3504 2752 μαχόμενος
3526 2679 3671 2746 ὑπὲρ

2099 2782 2303 2841 αὐτῶν,
2339 2781 2516 2847 πάσης
2547 2779 2701 2850 ἥδιον
2733 2779 2826 2830 καὶ
2860 2775 3274 2846 μακαριώτερον
3301 2774 3465 2840 ζωῆς,
3507 2771 3672 2833 αὑτὸς

2097 2874 2164 2929 ἂν
2189 2874 2356 2944 είδείη
2385 2873 2540 2937 Θεὸς,
2571 2873 2599 2924 ὀ
2628 2871 2694 2925 τὰ
2720 2869 2888 2940 ἄδηλα
2937 2871 3031 2921 καὶ
3061 2869 3128 2921 τὰ
3159 2865 3524 2936 κεκρυμμένα
3559 2863 3672 2915 τῶν

2097 2965 2398 3036 ἀνθρώπων
2441 2964 2619 3026 εἰδὼς,
2677 2963 2774 3017 καὶ
2814 2961 3052 3031 καρδιῶν
3100 2961 3195 3014 καὶ
3265 2959 3476 3028 φρενῶν
3541 2959 3672 3008 ἐτα-

2098 3059 2252 3128 στής.
2298 3055 2454 3111 Ἐπεὶ
2487 3055 2564 3121 δὲ,
2593 3049 2675 3116 οἷς
2718 3051 2825 3107 οἶδε
2859 3056 3123 3126 κρίμασιν
3154 3052 3335 3114 αὐτὸς,
3370 3049 3530 3103 τοῦτο
3562 3049 3666 3114 μὲν

2097 3145 2158 3197 οὐ
2205 3145 2431 3214 κέκρικε
2479 3142 2610 3203 δεῖν,
2655 3141 2769 3194 ἀλλ’
2806 3141 2882 3204 ὡς
2919 3141 3080 3210 ὁρᾶτε
3123 3138 3484 3208 περιέστησεν
3533 3138 3667 3205 ἡμῖν

421 3249 524 3292 nec
556 3237 824 3307 pecuniae,
863 3255 966 3294 nec
995 3240 1223 3310 reliquis
1254 3241 1675 3312 quibuscunque
1714 3241 1872 3297 ﬂuxis
1927 3256 1991 3296 ac

2095 3239 2192 3307 τὴν
2235 3235 2512 3307 τελευτὴν,
2565 3235 2766 3298 πάντας
2807 3233 3029 3303 ,πείθων
3100 3233 3280 3304 ἔργοις
3325 3231 3531 3325 αὐτοῖς,
3586 3229 3666 3291 ὡς

421 3327 786 3397 pereuntibus
849 3330 1276 3386 incumbendum
1326 3372 1342 3398 ,
1387 3347 1578 3387 verum
1637 3333 1732 3388 uni
1783 3341 1991 3387 tantum

422 3420 536 3475 Deo
591 3420 967 3490 serviendum,
1026 3421 1187 3493 241
1249 3423 1413 3493 eique
1465 3423 1706 3494 quandiu
1751 3424 1996 3494 supersis

422 3511 838 3574 adltmrendum,
868 3521 924 3568 et
952 3511 1021 3568 ad
1077 3513 1225 3572 illam
1275 3515 1550 3572 cmlestem
1584 3515 1750 3570 vitam
1796 3517 1994 3586 cuique

420 3619 604 3659 metes
663 3620 791 3659 suos
855 3605 1215 3677 corrigendos
1291 3609 1700 3679 aptandosque,
1755 3609 1990 3680 primum

419 3696 642 3766 quilctn
697 3697 802 3756 hoc
858 3712 1114 3764 sermone
1168 3709 1475 3755 extremum
1517 3700 1674 3755 vobis
1723 3699 1990 3764 valedico,

420 3777 547 3837 cum
583 3784 854 3848 dubitem,
891 3787 1087 3856 ecquid
1142 3803 1239 3842 vos
1285 3788 1351 3842 de
1404 3800 1604 3844 caetero
1655 3789 1992 3844 allocuturns

420 3875 522 3930 sint
563 3891 578 3927 :
615 3891 874 3946 rogoque,
905 3879 950 3933 si
986 3878 1116 3948 quid
1148 3893 1232 3934 me
1289 3881 1502 3946 amatis,
1553 3891 1608 3936 ut
1645 3880 1856 3934 Numen
1913 3892 1992 3934 t0-

347 4005 354 4015 .
414 3967 527 4032 ties
557 3977 611 4022 et
640 3979 746 4024 tam
807 3970 1045 4039 graviter
1096 3986 1126 4034 a
1165 3988 1252 4032 me
1288 3971 1575 4042 offensum,
1606 3974 1862 4046 precibus
1897 3989 1992 4027 vc-

420 4061 553 4125 stris
585 4063 715 4118 mihi
760 4062 850 4118 tali
874 4072 1122 4134 tempore
1157 4065 1502 4134 potissimum
1539 4067 1634 4120 tali
1663 4067 1870 4125 auxilio
1911 4067 1993 4121 in-

422 4155 626 4224 digcn‘ti
705 4157 1028 4224 propitietis.
1089 4157 1294 4228 Deinde
1339 4159 1536 4219 ducem
1592 4175 1654 4215 ac
1699 4161 1989 4232 praesidem

421 4245 542 4300 loco
597 4260 719 4300 meo
778 4261 1032 4316 magnum
1084 4246 1442 4304 domesticum
1496 4251 1653 4304 vobis
1717 4253 1988 4321 relinquo.

419 4337 548 4394 Hmc
595 4337 761 4403 fatus,
808 4340 1256 4410 comprehensam
1297 4343 1419 4409 ejus
1448 4343 1727 4400 dexteram
1755 4346 1990 4404 dexterae

422 4429 816 4500 lmperutricis,
855 4439 968 4484 tum
1009 4432 1232 4498 Mariam
1283 4435 1450 4488 tiliam
1501 4444 1659 4492 utero
1705 4439 1986 4508 gestantis,

423 4536 545 4589 quae
602 4529 788 4588 postea
843 4522 1116 4586 Michaeli,
1165 4523 1460 4579 Alexandri
1511 4527 1804 4583 Mmsorum
1847 4531 1992 4600 regis

2094 3327 2217 3382 οὔτε
2250 3329 2526 3400 χρήμασιν
2557 3326 2680 3381 οὔτε
2713 3325 2839 3398 δόξῃ
2880 3324 3166 3388 οὗτε-τοῖς
3197 3325 3405 3386 λοιποῖς
3425 3308 3528 3376 ὅσα
3556 3323 3663 3374 τῶν

2098 3423 2330 3493 ῥεόντων
2383 3421 2479 3474 καὶ
2511 3419 2886 3489 φθειρομένων
2943 3416 3120 3487 χρεὼν
3165 3415 3484 3485 προσέχειν,
3545 3414 3662 3466 ἀλλ’

2096 3513 2214 3574 ἐνῦς
2245 3511 2409 3582 μόνου
2457 3509 2704 3579 γίνεσθαι
2750 3508 2841 3561 τοῦ
2874 3508 2960 3562 διὰ
2999 3509 3116 3578 βίου
3143 3507 3341 3569 παντὸς
3374 3509 3660 3576 προσέχειν

2095 3605 2213 3674 Θεῷ
2235 3606 2327 3658 καὶ
2351 3605 2487 3674 πρὸς
2523 3603 2615 3656 τὶν
2638 3603 2848 3654 ἐκεῖθεν
2881 3600 2993 3670 βίον
3010 3600 3199 3653 ἑαυτὸν
3214 3599 3440 3652 ἕκαστον
3461 3602 3661 3667 μεταρ-

2096 3696 2383 3768 ῥυθμίζειν
2446 3696 2540 3748 καὶ
2603 3694 2994 3764 μεθαρμόζειν,
3059 3692 3274 3763 πρῶτον
3345 3691 3445 3761 μὲν
3515 3691 3655 3757 ὑμᾶς

2094 3791 2416 3862 ἀσπάζομαι
2439 3791 2505 3844 τά
2525 3790 2815 3843 τελευταῖα
2843 3788 2908 3858 δὴ
2939 3787 3131 3851 ταῦτα,
3167 3787 3362 3858 ἄδηλον
3401 3785 3463 3838 ὂν
3497 3789 3545 3837 εί
3575 3785 3654 3835 ἔτι

2095 3883 2545 3954 προσφθέγξομαι
2571 3883 2701 3950 ὑμῖν
2727 3897 2740 3912 °
2785 3883 2877 3934 καὶ
2901 3881 3093 3948 δέομαι
3143 3879 3294 3948 ὑμῶν
3341 3879 3388 3930 εί
3422 3895 3502 3940 τις
3531 3877 3654 3943 ὑμῖν

2095 3978 2274 4030 κεῖται
2308 3976 2468 4044 χάρις
2501 3974 2660 4042 ἐμοῦ,
2696 3971 2929 4035 ἱκεσίαις
2969 3969 3299 4024 ἱλεώσασθαι
3331 3970 3390 4022 τὸ
3416 3972 3655 4038 κρεῖττον
3711 3994 3726 4004 ε

2093 4068 2216 4136 ἐμοὶ
2273 4065 2351 4134 τῷ
2422 4063 2593 4117 πολλὰ
2639 4063 2902 4126 πολλάκις
2957 4062 3106 4131 αὐτῴ
3169 4061 3652 4132 προσκεκρουκότι,

2095 4157 2331 4226 μάλιστα
2393 4155 2508 4208 νυνὶ
2559 4154 2801 4226 δεομένῳ
2859 4155 2959 4222 τῆς
3018 4153 3334 4220 ἐπικουρίας
3401 4152 3649 4219 ταυτησί.

2097 4250 2334 4303 Ἔπειτα
2379 4247 2435 4300 δὲ
2469 4247 2711 4317 ἡγεμόνα
2745 4247 2838 4298 καὶ
2871 4246 3185 4317 προστάτην
3239 4244 3355 4297 ἀντ’
3395 4245 3529 4312 ἐμοῦ
3567 4244 3651 4294 τὸν

2095 4340 2276 4410 μέγαν
2318 4339 2641 4408 δομέστικον
2697 4339 2901 4409 ἀφίημι
2960 4340 3109 4408 ὑμῖν.
3159 4337 3317 4392 Μετὰ
3372 4336 3430 4390 δέ
3475 4336 3646 4398 τοῦτο,

2093 4431 2200 4488 τῶν
2233 4431 2400 4485 αὑτοῦ
2449 4431 2748 4502 λαόὁμενος
2787 4432 3009 4502 χειρῶν,
3052 4431 3145 4484 καὶ
3193 4432 3312 4493 ταῖς
3355 4431 3511 4500 χερσὶ
3558 4430 3648 4496 τῆς

2094 4526 2366 4596 βασιλίδος
2401 4523 2778 4598 περιαγαγὼν,
2824 4523 3054 4592 ἐχούσης
3105 4525 3161 4574 ἐν
3195 4521 3394 4591 γαστρὶ
3436 4520 3646 4590 Μαρίαν

424 4607 539 4664 ﬁlio
566 4610 773 4680 nupsit,
803 4611 1092 4677 implicuit,
1121 4620 1176 4667 et
1201 4623 1325 4669 ante
1358 4615 1503 4671 illius
1536 4618 1844 4688 imaginem.
1868 4636 1989 4690 quae

2095 4615 2194 4684 τὴν
2251 4614 2546 4682 θυγατέρα,
2579 4613 2614 4684 ἢ
2660 4614 2752 4666 καὶ
2779 4612 3006 4684 ὕστερον
3038 4612 3259 4683 Μιχαὴλ
3308 4613 3446 4684 πρὸς
3478 4613 3646 4680 γάμον

421 4715 586 4770 supra
623 4710 876 4755 naturam
919 4703 992 4757 'ad
1043 4703 1274 4760 salutem
1305 4702 1531 4761 humani
1563 4709 1780 4778 generis
1814 4710 1984 4765 Deum

421 4789 608 4850 Jesum
659 4791 940 4864 Christum
1001 4796 1207 4864 peperit
1247 4813 1262 4848 :
1299 4797 1444 4861 Tibi,
1494 4799 1694 4869 inquit,
1737 4799 1898 4865 hanc,
1931 4811 1988 4857 ct

423 4883 699 4944 Romanos
749 4900 942 4948 omnes
990 4887 1149 4942 trado
1197 4896 1361 4958 atque
1391 4891 1753 4960 commendo;
1786 4893 1884 4948 tibi
1919 4908 1985 4948 ex

421 4975 526 5030 hoc
564 4992 710 5030 cura:
743 4985 924 5032 erunt.
974 4976 1121 5040 Illico
1183 4993 1242 5033 se
1290 4995 1482 5034 omnes
1525 4979 1580 5034 in
1629 4981 1867 5038 lamenta
1929 4993 1986 5038 et

419 5066 653 5136 gemitus
714 5055 1034 5132 effundere;
1087 5083 1189 5124 nec
1239 5069 1427 5145 videre
1459 5069 1682 5139 licebat,
1733 5073 1839 5127 nisi
1893 5089 1987 5143 pe-

421 5169 572 5213 ctora
601 5159 880 5223 ferientes.
909 5168 965 5218 et
1001 5161 1208 5214 crinem
1248 5160 1535 5244 laniantes.
1570 5153 1890 5220 Tollebatur
1915 5165 1982 5234 ad

418 5250 624 5306 aethera
674 5251 980 5311 communis
1031 5252 1287 5329 eiulatus,
1340 5262 1396 5308 et
1443 5253 1683 5310 confusa:
1737 5257 1983 5311 omnium

419 5355 583 5395 voces
613 5341 1061 5407 exaudiebantur,
1094 5358 1191 5398 nec
1213 5343 1504 5413 quisquam
1539 5346 1590 5399 in
1625 5355 1779 5400 tanto
1805 5346 1981 5410 luctu,

418 5434 520 5486 nisi
545 5449 575 5486 e
601 5433 755 5486 silice
804 5446 964 5490 natus
988 5443 1155 5501 esset,
1184 5451 1214 5489 a
1246 5435 1374 5490 ﬂetu
1410 5445 1716 5506 temperare
1748 5446 1980 5506 poterat.

419 5509 640 5577 lli—ntule
709 5525 878 5593 igitur
913 5526 1196 5582 .universi
1241 5526 1549 5595 ploratibus
1595 5528 1978 5599 indulgebant;

417 5631 520 5690 nec
572 5615 640 5670 ad
686 5630 748 5670 ea
799 5632 918 5686 qua}
956 5618 1264 5682 audierant,
1315 5619 1650 5688 respondere
1701 5619 1977 5675 valebant.

413 5707 519 5764 Ubi
554 5722 680 5761 sero
705 5721 764 5762 se
790 5709 1148 5778 collegerunt,
1178 5719 1449 5780 praecepta
1489 5711 1836 5781 imperatoris
1868 5727 1984 5766 ser-

415 5810 548 5850 vare
599 5798 740 5851 inter
792 5813 850 5852 se
895 5797 1281 5865 decreverunt,
1329 5799 1494 5868 eique
1550 5798 1802 5853 ultimum
1862 5799 1982 5854 vale

419 5885 619 5972 singuli
647 5887 838 5962 multis
876 5904 1001 5946 cum
1049 5889 1306 5962 lacrymis
1335 5889 1581 5964 dicentes
1609 5899 1976 5966 recesserunt.

2091 4706 2307 4778 ἐξεδόθη
2338 4706 2414 4776 τῷ
2445 4705 2646 4760 Μυσῶν
2679 4705 2940 4778 βασιλέως
2978 4703 3332 4775 Ἀλεξάνδρου
3365 4721 3380 4736 ·
3416 4706 3510 4758 καὶ
3552 4703 3644 4771 τῆς

2090 4775 2306 4861 είκόνος⁷
2353 4775 2720 4867 ἐφεστηκυίας
2749 4775 2869 4866 Χτῆς
2932 4797 3231 4866 ὑπερφυῶς
3281 4797 3370 4850 διὰ
3421 4797 3641 4866 τὴντῶν

2088 4888 2392 4958 ἀνθρώπων
2423 4888 2697 4958 σωτηρίαν
2725 4888 3006 4951 τετοκυίας
3037 4884 3173 4941 Θεὸν
3195 4888 3286 4940 τὸν
3314 4888 3520 4956 Κύριον
3549 4889 3642 4956 Ἰη-

2091 4983 2218 5037 σοῦν
2281 4981 2539 5054 Χριστὸν,
2578 4983 2669 5035 Σοὶ
2728 4981 2952 5052 ταύτην,
3005 4981 3133 5050 ἔφη,
3168 4980 3514 5052 παραδίδωμι
3559 4981 3641 5032 καὶ

2088 5078 2298 5139 πάντας
2329 5075 2656 5143 Ῥωμαίους,
2681 5077 2772 5127 καὶ
2805 5075 3126 5128 τοαποτοῦὸέ
3162 5091 3244 5127 σοι
3273 5074 3502 5144 μελήσει
3530 5072 3642 5138 περὶ

2088 5165 2289 5219 αὐτῶν.
2349 5163 2559 5234 Θρῆνος
2583 5161 2683 5231 μὲν
2737 5161 2828 5214 οῦν
2859 5162 3023 5224 εὐθὺς
3082 5162 3185 5215 ὑπὸ
3240 5163 3462 5216 πάντων
3520 5159 3642 5232 ᾗρτο

2086 5251 2362 5324 λαμπρὸς,
2402 5251 2499 5306 καὶ
2552 5251 2750 5310 πάντε;
2819 5249 3122 5320 ἐτράποντο
3171 5250 3310 5318 πρὸς
3352 5249 3597 5319 οἰμωγάς
3625 5264 3638 5279 ο

2087 5343 2181 5398 καὶ
2234 5343 2388 5396 οὐδὲν
2437 5337 2506 5413 ἦν
2565 5343 2697 5410 ὀρᾷν
2731 5342 2777 5394 εί
2811 5343 2885 5411 μὴ
2931 5341 3303 5410 κοπτομένους
3353 5343 3450 5394 καὶ
3480 5359 3638 5394 κατα-

2085 5435 2450 5506 τιλλομένους,
2489 5435 2582 5489 καὶ
2621 5437 2649 5486 ὀ
2677 5435 2764 5486 διὰ
2795 5435 3011 5487 πάντων
3064 5433 3372 5503 ὀλοφυρμὸς
3423 5433 3638 5486 ἐπιπολὺ

2085 5528 2177 5582 τοῦ
2211 5528 2372 5599 ἀέρος
2406 5527 2625 5599 ἐχώρει,
2657 5528 2750 5581 καὶ
2799 5527 2979 5582 πάντα
3007 5526 3299 5595 ἐξηκούετο
3345 5526 3590 5596 συμμιγῆ
3623 5537 3636 5554 ⁶

2084 5622 2182 5697 καίἒ
2213 5621 2387 5682 οὐδεὶς
2431 5623 2479 5673 εί
2535 5620 2609 5691 μὴ
2639 5617 2983 5690 αὑτολιθίνην
3027 5616 3141 5689 εἶχε
3191 5619 3393 5691 ψυχὴν,
3437 5619 3638 5688 ἴσχυσεν

2072 5711 2150 5766 ’ἂν
2189 5713 2460 5782 ἐγκρατὴς
2498 5711 2690 5764 ἐαυτοῦ
2723 5711 2977 5780 γενέσθαι
3011 5714 3105 5764 καὶ
3171 5713 3245 5782 μὴ
3286 5711 3636 5780 ἐπιδακρῦσαι

2084 5807 2195 5867 τοῖς
2222 5803 2546 5873 γινομένοις.
2609 5803 2726 5872 Ἐφ’
2771 5802 2955 5858 ίκανόν
3019 5803 3119 5875 μὲν
3184 5799 3281 5856 οὖν
3328 5802 3530 5865 πάντες
3565 5803 3640 5853 ἐν·-

2083 5893 2306 5964 έμειναν
2333 5893 2443 5956 τοῖς
2473 5893 2820 5966 ὀλοφυρμοῖς,
2851 5894 3061 5959 οὐδενὸς
3098 5891 3415 5968 ίσχὺσαντος
3461 5891 3615 5948 ἀπολο
