3902 6608
263 524 381 588 509

1449 515 1989 583 HlSTURIAllUM
2030 517 2263 580 LIBER
2304 518 2385 581 ll.

2747 435 2768 460 Ι

3417 508 3523 576 510

261 656 388 692 τειν
418 640 546 708 περὶ
584 640 778 694 ἑαυτοῦ
808 659 821 672 ·
857 645 883 695 ὁ
917 642 970 695 δε
1000 641 1260 707 ἀκούσας,
1291 627 1478 703 ἔνθόυς
1509 657 1568 693 τε
1623 639 1838 706 ἐγένετο

1947 648 2170 690 causam
2214 633 2582 690 accersendas
2627 633 2699 688 sit
2731 633 2946 704 quaerit,
2987 645 3095 701 qua
3136 629 3434 694 intellecta,
3460 646 3520 684 se

265 730 368 798 ὑφ’
420 729 629 800 ἡδονῆς,
673 733 765 785 καὶ
815 732 889 793 ὡς
923 733 1022 801 ἤδη
1075 732 1304 801 λαμπρά
1337 749 1456 784 τινα
1496 726 1836 799 εὐτυχηκὼς,

263 823 366 876 τὸν
401 825 570 893 μέγαν
589 823 914 891 δομέστικον
955 825 1328 894 μετεκαλεῖτο,
1370 826 1464 877 καὶ
1500 824 1636 892 μετὰ
1668 838 1837 873 σπου-

263 915 371 984 δῆς
437 916 654 970 ἐκέλευε
710 919 922 984 πατέρα
975 917 1066 969 τὸν
1103 916 1476 986 πνευματικὸν
1535 916 1717 970 καλεῖν
1747 913 1840 967 τὸν

267 1009 469 1061 ἑαυτοῦ
494 1023 510 1039 ⁶
537 1009 566 1061 ὁ
599 1007 654 1060 δὲ
707 1011 816 1060 τῶν
843 1010 1228 1077 γεγενημένων
1259 1009 1416 1071 εἰδὼς
1447 1007 1634 1078 μηδὲν,
1677 1007 1841 1058 ἐπυν-

270 1102 464 1155 θάνετο
496 1100 596 1172 τὴν
628 1102 814 1155 αἰτίαν
885 1105 982 1170 τῆς
1025 1103 1272 1171 κλήσεως
1311 1102 1433 1171 ἥτις
1483 1101 1604 1170 είηο
1641 1102 1761 1152 ἐπεὶ⁸
1783 1099 1840 1152 δέ

272 1197 482 1264 μάθοι,
538 1195 752 1264 βασιλεῖ
815 1195 915 1263 μὲν
986 1195 1302 1264 ὑπισχνεῖτο
1367 1195 1437 1246 τὰ
1503 1195 1842 1263 κελευόμενα

269 1291 445 1340 ποιεῖν
467 1303 480 1316 α
515 1288 626 1349 τοῖς
669 1288 876 1355 ἰατροῖς
905 1286 959 1339 δὲ
1011 1287 1246 1354 ἐπετίμα
1274 1305 1331 1339 τε
1360 1287 1419 1340 οὐ
1457 1287 1715 1356 μετρίως,
1747 1287 1842 1338 καὶ

246 1383 429 1452 ,αὐτὸς
464 1383 691 1452 ἤνεγκεν
725 1383 825 1434 ούκ
858 1382 1122 1444 ἀνεκτῶς.
1152 1381 1490 1450 Τριεομένης
1522 1379 1579 1432 δὲ
1609 1378 1840 1433 ἐπιπολὺ

236 1471 368 1577 ἱτῆς
397 1474 540 1544 ῶρας
577 1475 672 1527 καὶ
705 1474 798 1528 τοῦ
833 1476 1208 1543 πνευματικοῦ
1259 1475 1466 1540 πατρὸς
1495 1474 1557 1526 ού
1593 1490 1664 1524 πα
1679 1489 1840 1542 ραγι-

243 1567 522 1637 ἷνομένου,
562 1569 725 1631 αὑτός
771 1586 829 1621 τε
861 1567 1164 1622 ἐπέσπευδε
1199 1568 1300 1637 τὴν
1329 1567 1537 1636 ἄφιξιν,
1589 1567 1840 1625 καὶτοὺς

272 1656 494 1724 ἰατροὺς
528 1657 630 1726 τὴν
655 1656 839 1710 αἰτίαν
863 1660 962 1725 τῆς
994 1657 1305 1726 μελλήσεως
1336 1657 1546 1726 ἠρώτα.
1573 1656 1766 1716 Συνεὶς
1784 1654 1839 1707 δὲ

269 1749 378 1800 ἀπὸ
399 1748 508 1800 τῶν
536 1748 846 1817 λεγομένων
869 1750 1016 1816 ύγιές
1052 1751 1216 1817 μηδὲν
1242 1751 1438 1809 αὐτοὺς
1463 1749 1665 1816 λέγειν,
1695 1751 1844 1801 ἐστο-

266 1839 464 1906 χάζετο
491 1842 639 1909 παρὰ
670 1841 761 1895 τοῦ
785 1842 1020 1910 μεγάλου
1047 1842 1372 1900 δοιιεστίκου
1402 1841 1711 1894 κωλύεσθαι
1741 1841 1842 1912 τὴν

267 1923 502 1998 πρᾶξιν·
565 1932 662 1984 καὶ
717 1933 1232 2000 μετακαλεσάμενος
1295 1934 1476 1996 αὑτὸν,
1540 1932 1639 2000 τῆς
1676 1949 1736 1982 τε
1779 1933 1841 1982 ἐκ

267 2016 492 2090 πρώτης
532 2018 748 2088 ἡλικίας
774 2020 908 2086 πρὸς
944 2021 1210 2089 ἀλλήλους
1264 2019 1430 2072 αὐτὸν
1462 2019 1838 2088 ἀνεμίμνησκε

265 2106 475 2172 φιλίας,
511 2108 608 2159 καὶ
637 2108 730 2160 τοῦ
788 2108 1012 2177 μηδέπω
1049 2110 1312 2176 μηδαμῶς
1358 2107 1508 2177 παρὰ
1541 2108 1716 2160 πάντα
1749 2107 1838 2160 τὸν

264 2195 386 2264 βίον
407 2197 686 2267 οὐδέτερον
711 2197 880 2269 ἑτέρῳ
904 2201 1145 2269 ταραχῆς
1182 2200 1278 2251 καὶ
1313 2199 1618 2252 σκανδάλου
1663 2201 1840 2267 ἀφορ-

266 2287 380 2358 μὴν
417 2292 843 2358 παρεσχηκέναι.
872 2291 1010 2343 Νυνὶ
1034 2291 1092 2343 δὲ
1126 2291 1354 2360 ἀπορεῖν
1377 2291 1497 2343 ὅθεν
1519 2290 1842 2361 ὀρμώμενςς

260 2381 441 2443 οὕτως
499 2382 812 2452 ἐξεπίτηδες
871 2384 1144 2452 ἐϐουλήθη
1192 2383 1496 2453 ἀχθόμενον
1546 2383 1697 2453 αὐτῷ
1760 2384 1841 2446 είς

260 2470 401 2541 ᾅδην
427 2473 815 2540 παραπέμψαι.
859 2474 948 2542 Μὴ
974 2472 1037 2543 δὴ
1066 2473 1295 2526 τοιαῦτά
1325 2490 1389 2542 με
1424 2472 1632 2543 ἐργάσῃ
1671 2473 1838 2536 κακά,

260 2558 529 2633 ὧφίλων,
587 2565 795 2632 ἔλεγεν,
832 2565 1047 2636 ἄριστε,
1094 2566 1234 2634 μηδὲ
1283 2567 1572 2635 καταπρ-ίη
1618 2582 1708 2633 μοι
1739 2564 1840 2633 τὴν

262 2658 462 2710 ἐλπίδα
510 2658 609 2724 τῆς
643 2659 918 2728 σωτηρίας
946 2675 959 2689 ⁶
1005 2657 1122 2712 ἀλλ’
1173 2658 1361 2730 ὥσπερ
1403 2659 1668 2721 πολλάκις
1700 2659 1840 2728 ὑπὲρ

260 2749 362 2802 τοῦ
395 2750 656 2820 δυστήνου
718 2750 972 2820 σώματος
1022 2751 1240 2805 τουτουί
1291 2752 1441 2821 πάσῃ
1493 2751 1698 2822 σπουδῇ
1745 2753 1840 2806 καὶ

261 2842 549 2912 προθυμία
579 2845 806 2898 σεαυτὸν
832 2845 1085 2908 ἐνέβαλες
1114 2848 1191 2908 εἰς
1215 2846 1339 2908 τοὺς
1363 2845 1663 2908 κινδύνους,
1698 2842 1841 2897 οὕτω

263 2930 366 2982 νῦν
408 2931 585 2997 πολλῷ
621 2931 782 2984 πλέον
815 2934 1220 2996 κινδυνεύοντος
1266 2923 1417 2986 ’κατά
1449 2933 1650 3002 ψυχὴν,
1713 2931 1842 3001 πρό-

264 3021 430 3091 στηθι
459 3022 604 3093 πάσῃ
634 3021 929 3093 προθυμίᾳ,
965 3024 1024 3076 ού
1061 3025 1224 3094 μάνον
1255 3023 1342 3076 διὰ
1372 3023 1472 3093 τὴν
1495 3024 1700 3092 φιλίαν,
1726 3021 1840 3080 ἀλλ’

262 3113 356 3165 ἵνα
385 3115 459 3182 μὴ
488 3117 579 3166 καὶ
609 3115 764 3178 δίκας
800 3115 1044 3186 ὑπόσχῃς
1079 3115 1158 3186 τῷ
1207 3115 1424 3168 πάντων
1456 3119 1616 3186 κριτῇ
1641 3158 1654 3177 ,
1682 3116 1744 3168 τό
1777 3132 1840 3183 γε

261 3205 349 3266 είς
380 3205 438 3258 σὲ
459 3203 594 3277 ἦχον
629 3210 1010 3279 ἀποστερήσας
1062 3208 1225 3261 αὐτὸν
1257 3208 1436 3278 ψυχῆς
1471 3209 1610 3280 ὑπὲρ
1648 3203 1715 3278 ἧς
1742 3207 1840 3260 αὐ⁴

259 3299 360 3362 τὸς
407 3297 636 3352 θάνατον
689 3298 864 3352 εἵλετο
895 3301 990 3352 καὶ
1031 3301 1304 3370 σταυρόν
1357 3299 1503 3369 μηδὲ
1543 3299 1840 3367 κατάτριεε

261 3390 360 3443 τὸν
395 3391 606 3459 καιρὸν,
637 3389 812 3454 οὕτως
842 3393 1142 3459 ἀναγκαῖον
1195 3391 1344 3456 ὄντα,
1379 3391 1438 3444 ὃν
1471 3391 1628 3454 αὖθις
1657 3391 1840 3459 εὑρεῖν

259 3481 368 3533 οὐκ
400 3482 611 3547 ἐξέσται
634 3483 966 3552 διαφυγόντα
997 3483 1090 3536 νῦν
1123 3501 1138 3514 ο
1189 3483 1306 3537 ἀλλ’
1333 3484 1509 3554 εὐχῶν
1544 3501 1603 3536 τε
1632 3482 1842 3536 πολλῶν

260 3571 522 3640 δεόμενον
567 3574 659 3625 καὶ
694 3574 930 3644 σπουδῆς
973 3573 1032 3626 οὗ
1091 3573 1192 3643 τῆς
1224 3573 1520 3644 τυχούσης.
1557 3574 1701 3642 Ἐγὼ
1732 3574 1842 3644 γὶρ

261 3667 365 3716 καὶ
395 3665 453 3717 ὃν
493 3665 767 3718 ἀναλίσκω
821 3683 902 3718 σοι
949 3666 1336 3735 δ.αλεγόμενος
1371 3666 1586 3736 χρόνον,
1635 3667 1842 3735 ζημίαν

259 3757 483 3826 ἥγημαι
512 3757 610 3821 τὴν
637 3757 898 3832 ἐσχάτηνε
939 3756 997 3808 ’0
1031 3758 1206 3825 μέγας
1251 3757 1314 3810 δὲ.
1354 3758 1676 3826 δομέστικος
1702 3759 1842 3810 ἁποο

261 3845 557 3916 κρίνασθαι
584 3847 684 3916 μὲν
711 3847 929 3916 ἴσχυσεν
946 3847 1125 3912 οῦδὲν,
1146 3848 1246 3917 τῆς
1275 3847 1451 3917 ψυχῆς
1475 3848 1575 3918 ήδη
1607 3851 1670 3918 τῇ
1699 3846 1842 3918 λύπῃ

260 3940 892 4011 καταϐεϐαπτισμένης·
923 3941 1027 4005 ἔξω
1059 3941 1114 3994 δὲ
1147 3939 1317 4012 ἐλθὼν
1341 3940 1606 4011 ἀνῴμωξε
1655 3959 1716 3994 τε
1749 3960 1840 3993 πι-

262 4035 440 4103 κρῶς,
471 4034 564 4085 καὶ
606 4033 700 4086 τὸν
751 4033 906 4101 φίλον
947 4033 1300 4085 ἀνεκαλεῖτοο
1337 4035 1434 4086 καὶ
1487 4034 1692 4103 μικροῦ
1740 4035 1840 4103 μὲν

260 4124 488 4192 ἐδέησεν
540 4125 760 4190 ἀφεῖναι
818 4125 914 4178 καὶ
944 4125 1043 4194 τὴν
1093 4124 1273 4195 ψυχὴν
1307 4113 1400 4178 ἐπὶ
1432 4127 1545 4186 τοῖς
1594 4125 1836 4196 θρήνοις.

263 4219 459 4285 Ὅμως
485 4216 529 4268 δ’
557 4217 896 4286 ἀνελάμϐανε
923 4234 981 4269 τε
1005 4218 1168 4271 πάλιν
1196 4219 1412 4282 ἑαυτὸν,
1442 4219 1534 4272 καὶ
1562 4221 1663 4281 τὰς
1688 4219 1838 4286 ὄψεις

261 4309 423 4362 ὕδατι
455 4309 560 4361 τῶν
589 4310 846 4378 δακρύων
875 4311 1285 4382 ἀποκαθαίρων,
1328 4310 1516 4380 ῶσπερ
1549 4311 1708 4366 ἄλλου
1735 4313 1841 4366 πά·

1947 729 2223 782 facturum
2275 727 2494 798 recipit,
2517 740 2632 781 rem
2680 725 2903 795 indigne
2934 724 3059 788 fert,
3100 721 3344 775 medicos
3370 737 3523 776 acer-

1948 822 2085 875 rime
2143 820 2412 890 increpat.
2462 818 2604 874 Hora
2663 818 3056 888 prapemodum
3113 823 3412 878 transama,
3469 821 3524 868 et

1949 922 2103 982 patre
2143 911 2410 980 spirituali
2466 911 2712 964 nondum
2772 909 3046 971 veniente,
3110 907 3410 973 imperator
3467 911 3523 956 ut

1948 1005 2233 1059 adveniret
2273 1003 2536 1068 instabat,
2589 1011 2642 1056 et
2695 1016 2760 1056 ex
2794 1000 3023 1054 medicis
3044 1013 3264 1053 causam
3293 1008 3521 1050 cuncta-

1953 1097 2118 1152 tionis
2171 1097 2576 1151 sciscitabatur.
2634 1095 2741 1150 Sed
2791 1109 2915 1149 cum
2964 1092 3102 1146 nihil
3142 1091 3416 1145 sincerum
3461 1103 3524 1141 ac

1950 1189 2179 1258 simplex
2213 1188 2664 1258 responderetur,
2706 1202 2733 1240 a
2779 1199 2975 1255 magno
3007 1183 3310 1238 domestico
3339 1194 3525 1234 ‘moras

1950 1281 2142 1351 objici,
2201 1281 2592 1349 negotiumque
2648 1276 2906 1346 impediri
2959 1273 3308 1344 conjiciebat.
3350 1271 3522 1337 Quem

1950 1373 2139 1427 adesse
2181 1374 2394 1443 jussum
2466 1371 2719 1425 amicitiae
2749 1385 2778 1424 a
2818 1368 3004 1439 parvis
3043 1367 3308 1420 instituta:
3337 1365 3521 1418 admov

1950 1463 2109 1527 nuit;
2175 1471 2228 1517 et
2277 1462 2556 1532 quomodo
2602 1475 2884 1536 nunquam
2934 1458 2988 1512 in
3039 1457 3186 1511 omni
3243 1456 3354 1508 vita
3390 1454 3526 1508 alter

1952 1555 2108 1609 alteri
2139 1563 2233 1608 aut
2286 1552 2606 1614 turbatioui,
2634 1562 2728 1606 aut
2773 1550 3066 1606 oﬂ‘ensioni
3117 1548 3330 1602 fuisset.
3367 1545 3524 1598 Nunc

1953 1659 2136 1703 autem
2179 1648 2395 1704 nescire
2425 1665 2504 1714 se,
2538 1647 2647 1718 quo
2680 1646 2918 1717 impulsu
2946 1645 3024 1699 sic
3054 1642 3122 1698 de
3163 1640 3432 1695 industria
3464 1653 3522 1691 se
3553 1711 3560 1716 _

1952 1753 2103 1797 tan'o
2135 1754 2414 1812 gravatum
2467 1741 2710 1811 pondere
2753 1739 2820 1792 ad
2853 1737 3058 1792 inferos
3081 1735 3216 1801 velit
3245 1731 3527 1787 transmit-

1887 1841 1890 1846 '
1952 1845 2088 1890 tere.
2114 1834 2213 1896 Ne,
2247 1834 2448 1904 inquit,
2486 1833 2788 1887 amicorum
2829 1830 3058 1900 optime,
3086 1836 3242 1880 tanto
3273 1823 3416 1877 malo
3439 1838 3525 1875 me

1873 1987 1919 2044 B

1868 3341 1912 3403 (Σ

262 4415 490 4468 σχοντος
539 4399 842 4468 ἀδάκρυτος
876 4401 1060 4472 ὡρᾶτο
1113 4401 1342 4470 βασιλεῖ.
1372 4401 1478 4470 ,Ὣς
1512 4401 1568 4453 δὲ
1601 4403 1627 4454 ὁ
1683 4399 1839 4470 βασι·
1879 4415 1884 4420 ‘

260 4495 392 4557 λεὺς
426 4496 653 4564 συχνοὺς
681 4495 952 4563 ἀγγέλους
1007 4497 1362 4564 ἐπιπέμπων,
1413 4495 1514 4565 τὴν
1543 4495 1638 4548 τοῦ
1677 4511 1840 4547 πνευ-

251 4588 500 4657 ματικοῦ
535 4589 742 4658 πατρὸς
774 4587 962 4657 ἄῳιξιν
1012 4589 1366 4650 ἐπέσπευδεν,
1413 4590 1441 4640 ὁ
1477 4589 1650 4657 μέγας
1680 4588 1838 4658 δομέ·

1954 1929 2304 1996 mactaveris,
2333 1942 2469 1981 neve
2498 1925 2693 1980 salutis
2723 1939 2857 1978 mea:
2889 1937 3041 1993 spem
3075 1916 3404 1990 prodideris,
3427 1914 3520 1969 sed

1947 2019 2413 2090 quemadmodum
2471 2019 2666 2073 crebro
2715 2033 2815 2087 pro
2853 2017 2969 2070 hoc
3041 2014 3242 2068 misero
3289 2007 3524 2078 corpore

1947 2110 2300 2180 cupidissime
2372 2107 2885 2175 studiosissimeque
2969 2105 3026 2180 in
3087 2101 3410 2157 discrimina
3473 2107 3526 2152 te

1947 2201 2191 2256 obtulisti
2223 2219 2236 2253 :
2263 2199 2342 2254 sic
2373 2215 2520 2253 nunc
2563 2198 2734 2252 multo
2769 2197 2825 2250 in
2870 2173 3078 2264 majore
3113 2192 3357 2262 periculo
3401 2206 3525 2243 γιϊ-

1947 2303 2155 2348 santem
2183 2291 2422 2344 animam
2453 2305 2628 2344 meam
2664 2288 2913 2351 defende,
2939 2286 3102 2356 idque
3147 2300 3263 2338 non
3298 2292 3526 2352 propter

1947 2385 2241 2441 amicitiam
2275 2394 2515 2439 nostram
2559 2384 2757 2446 solmn,
2785 2395 2978 2435 verum
3006 2378 3169 2433 etiam
3203 2393 3270 2432 ne
3297 2376 3524 2430 univcr-

1948 2493 2134 2534 sorum
2165 2476 2343 2531 Judex
2372 2491 2562 2546 poenas
2587 2475 2684 2528 abs
2711 2484 2761 2527 te
2795 2479 3071 2541 reposcat,
3099 2469 3218 2539 qui,
3253 2476 3520 2537 quantum

1947 2572 2003 2626 in
2039 2581 2092 2626 te
2146 2568 2273 2631 fuit,
2305 2567 2543 2622 animam
2579 2566 2658 2620 illi
2695 2563 3009 2628 abstuleris,
3054 2575 3156 2631 pro
3186 2575 3292 2630 qua
3322 2560 3439 2627 ipse
3465 2556 3520 2610 in

1947 2653 2110 2717 crure
2160 2659 2384 2714 suﬂixus
2441 2671 2630 2712 necem
2686 2655 2933 2726 pertulit.
2966 2654 3087 2708 Noli
3128 2653 3232 2706 hoc
3283 2662 3522 2720 tempus,

1947 2770 2152 2826 quaeso,
2185 2765 2292 2808 tam
2345 2751 2740 2810 necessarium.
2773 2749 3034 2819 quodque
3068 2749 3124 2803 in
3173 2745 3362 2799 multis
3393 2757 3521 2814 pre-

1948 2846 2107 2900 cibus
2153 2858 2278 2898 cum
2331 2841 2518 2897 studio
2551 2839 2816 2911 singulari
2862 2837 3176 2908 ponendum
3206 2842 3313 2898 est,
3345 2831 3520 2902 negli-

1949 2949 2086 3005 gere
2125 2943 2290 3002 atque
2341 2939 2625 2984 conterere
2654 2947 2665 2981 :
2694 2929 2838 2996 quod
2891 2927 2934 2980 si
2973 2939 3120 2978 nunc
3169 2919 3520 2991 pmterierit,

1951 3027 2151 3080 frustra
2181 3023 2514 3094 requiretur.
2552 3019 2714 3091 25,6
2741 3019 2855 3087 Ego
2892 3031 3021 3071 vero
3048 3014 3195 3085 quod
3226 3013 3327 3067 hoc
3346 3026 3522 3080 quan-

1952 3127 2284 3187 tumcunque
2333 3114 2680 3169 intervallum
2733 3119 2914 3166 tecum
2969 3110 3204 3178 loquens
3231 3108 3517 3166 consumo,

1951 3211 2085 3265 mibi
2132 3208 2612 3263 damnosissimum
2649 3204 2865 3276 judico.
2899 3195 2980 3257 Ad
3012 3201 3127 3256 lia-c
3163 3211 3393 3269 magnus
3421 3195 3522 3249 do—

1949 3304 2212 3358 mcsticus
2238 3301 2428 3356 dolore
2460 3301 2757 3368 absorptus
2797 3296 3111 3358 obmutuit;
3158 3305 3518 3362 egressusque

1946 3399 2113 3459 foras,
2146 3395 2305 3450 amici
2353 3408 2553 3447 nomen
2588 3391 2734 3444 inter
2765 3403 2982 3444 amaras
3007 3381 3520 3456 lacrymasingemi-

1945 3489 2133 3553 navit;
2191 3502 2330 3558 quas
2373 3495 2482 3542 tam
2536 3483 2762 3553 largiter
2809 3480 3073 3552 proludit,
3103 3487 3162 3533 ut
3213 3495 3336 3534 cum
3385 3476 3518 3547 ipsis

1944 3595 2080 3651 pene
2123 3579 2364 3634 animam
2404 3575 2786 3646 profunderet.
2831 3573 3213 3628 Verumtamen
3260 3583 3320 3624 se
3349 3568 3517 3623 colle-
3567 3583 3572 3586 ·

1944 3671 2020 3741 git
2047 3671 2267 3732 iterum,
2301 3666 2600 3735 ablutaque
2641 3663 2799 3725 facie,
2834 3661 3181 3731 imperatori,
3223 3660 3374 3713 velut
3406 3658 3517 3712 alio

1943 3761 2225 3832 quopiam,
2256 3774 2365 3812 non
2419 3773 2477 3812 se
2519 3765 2838 3826 :egrotante,
2881 3770 2980 3808 nec
3026 3744 3238 3807 ﬂevisse
3287 3751 3516 3821 quidem

1943 3855 2097 3909 visus
2125 3863 2230 3907 est.
2254 3851 2358 3918 Qui
2405 3865 2527 3904 cum
2556 3849 2782 3903 nuntios
2826 3848 3134 3917 duplicans,
3169 3845 3516 3916 spiritualem

1943 3958 2156 4017 patrem
2193 3943 2260 3998 ad
2293 3959 2350 3996 se
2391 3942 2699 3997 accelerare
2728 3940 2966 4010 juberet,
2993 3952 3224 4008 magmts
3255 3935 3518 3990 domesti-

1942 4053 2041 4093 cus
2065 4051 2162 4107 per
2193 4043 2407 4090 centum
2438 4033 2719 4087 hominem
2759 4043 2972 4101 patrem
3003 4032 3158 4084 illum
3187 4029 3428 4093 monuit,
3456 4037 3517 4082 ut

1941 4128 2323 4201 Didymoticho
2351 4126 2562 4189 exiens,
2587 4125 2641 4178 in
2669 4123 2936 4178 suburbio
2959 4123 3225 4191 tantisper
3246 4129 3510 4187 maneret,

1941 4219 2121 4291 quoad
2143 4217 2260 4287 ipse
2288 4217 2590 4286 ingressum
2618 4216 2696 4270 illi
2729 4214 3078 4285 permitteret
3106 4231 3120 4267 :
3152 4213 3320 4267 citius
3351 4227 3512 4266 cave‘

1943 4323 2027 4367 ret
2059 4309 2293 4380 ingredi,
2328 4305 2581 4380 quamvis
2605 4308 2660 4363 id
2695 4323 2888 4363 omnes
2917 4307 3178 4361 mortales
3205 4306 3255 4362 ei
3288 4307 3515 4360 deman-

1940 4409 2158 4461 darent.
2185 4403 2368 4457 Alium
2419 4417 2550 4455 vero
2585 4401 2639 4454 in
2674 4401 2793 4472 ejus
2825 4401 3007 4454 locum
3047 4399 3408 4454 subornatum
3443 4397 3512 4450 ad

1942 4497 2336 4565 imperatorem
2409 4493 2741 4556 introducit,
2821 4508 3093 4556 narrans,
3169 4491 3510 4548 ordinarium

1941 4589 2130 4643 abesse
2160 4595 2479 4656 peregre,et
2507 4585 2659 4639 addit
2682 4587 3078 4656 juramentum,
3103 4599 3161 4639 se
3181 4599 3306 4637 vera
3335 4583 3510 4652 loqui.

265 4698 453 4745 στικος
504 4682 748 4751 πέμψας,
785 4683 878 4734 τὸν
914 4681 1010 4751 μὲν
1043 4681 1418 4752 πνευματικὸν
1444 4679 1693 4734 ἐκέλευεν
1727 4683 1832 4749 ἔξω

1944 4683 2095 4736 Hunc
2125 4691 2329 4742 autem,
2363 4679 2467 4732 etsi
2511 4679 2735 4731 minime
2785 4686 3133 4737 consuetum,
3170 4677 3289 4747 ejus
3317 4688 3510 4731 coactu
3551 4720 3554 4723 .

263 4773 652 4842 Διδυμοτείχου
681 4776 899 4842 χωρεῖν,
943 4775 1036 4826 καὶ
1067 4773 1368 4842 διατρίϐειν
1406 4774 1464 4824 ἐν
1490 4773 1837 4840 προαστείοις

262 4861 425 4929 ἄχρις
473 4861 536 4912 ἂν
585 4861 747 4922 αὐτὸς
790 4860 889 4930 τὴν
940 4859 1325 4930 εἴσοδονένδῷ,
1375 4859 1642 4930 πρότερον
1672 4861 1728 4913 δὲ
1762 4861 1838 4932 μὴ

261 4954 520 5018 εἰσιέναι,
551 4953 672 5023 μηδ’
693 4955 742 5006 εί
775 4955 976 5017 πάντες
1005 4953 1282 5025 ἄνθρωποι
1310 4954 1686 5023 ἐπιτρέποιεν·
1721 4954 1840 5006 ἓτε-

263 5061 359 5114 ρον
380 5044 435 5096 δὲ
470 5044 586 5098 ἀνθ’
615 5045 831 5098 ἐκείνου
863 5045 1216 5114 παραλαϐὼν,
1247 5046 1541 5114 εισήγαγεν
1570 5046 1646 5108 ὡς
1677 5044 1837 5114 βασις

246 5135 386 5199 λέα,
416 5138 624 5205 ἔφασκέ
674 5157 732 5191 τε
767 5139 860 5192 τὸν
896 5142 996 5210 μὲν
1034 5140 1263 5193 είωθότα
1317 5141 1419 5208 τῆς
1454 5141 1662 5202 ¹πόλεως
1699 5141 1832 5192 ἁποο

261 5230 482 5299 δημεῖν,
512 5233 604 5284 καὶ
632 5234 832 5302 ὅρκους
864 5232 1176 5300 προστιθεὶς
1204 5232 1280 5294 ὡς
1309 5231 1587 5301 ἀληθεύοι,
1624 5235 1837 5285 τουτονὶ

229 5321 317 5373 ’δὲ
353 5325 667 5390 εἰσαγαγεῖν
691 5325 943 5392 οὐδαμῶς
973 5325 1099 5377 ὄντα
1125 5342 1206 5376 σοι
1241 5326 1299 5376 ἐν
1331 5323 1591 5394 συνηθείᾳ
1615 5324 1711 5376 καὶ
1733 5323 1839 5375 πά-

259 5433 325 5467 νυ
363 5415 566 5466 ἄκοντα
594 5415 682 5470 διὰ
714 5417 774 5469 τὸ
831 5417 1114 5486 βιάζεσθαι
1166 5418 1271 5470 ὑπὸ
1327 5416 1446 5472 σοῦ,
1481 5417 1746 5479 Βασιλεὺς
1778 5417 1836 5470 δὲ

260 5505 428 5557 αὑτὸν
457 5508 926 5578 προσαγορεύσας,
967 5509 1108 5580 Ὦρα
1137 5525 1246 5572 σοι,
1279 5509 1478 5577 πάτερ,
1517 5508 1690 5575 ἔλεγε,
1721 5511 1833 5569 τοῖς

259 5600 658 5664 πνευματικοῖς
680 5599 912 5668 χρῆσθαι
956 5600 1293 5669 φαρμάκοις,
1342 5601 1438 5653 καὶ
1463 5599 1561 5670 τὴν
1610 5600 1836 5668 ἐπιστή-

263 5705 373 5757 μην
423 5688 832 5742 ἐπιδείκνυσθαι
884 5694 985 5762 τὴν
1045 5691 1237 5745 πασῶν
1287 5693 1830 5764 φιλανθρωποτάτην,

257 5782 354 5831 καί
387 5779 568 5848 ψυχὴν
625 5783 970 5854 ὸδυνωμένην
1015 5786 1113 5837 καὶ
1148 5786 1334 5848 κακῶς
1375 5788 1693 5856 πάσχουσαν
1729 5787 1835 5840 ὑπὸ

258 5870 478 5924 πολλῶν
503 5876 838 5944 τραυμάτων
868 5875 965 5929 καὶ
996 5880 1360 5948 πταισμάτων
1412 5879 1830 5948 ἀνακαλεῖσθαι,

259 5963 357 6017 καὶ
379 5963 515 6035 πρὸς
543 5965 849 6040 σωτηρίους
887 5967 1110 6040 τρίδους
1152 5969 1496 6043 καθοδηγεῖν,
1531 5972 1622 6028 καὶ
1667 5988 1834 6043 μετα-

1940 4777 2008 4829 ab
2032 4792 2109 4831 se~
2131 4775 2304 4828 invito
2341 4788 2405 4826 ac.
2427 4772 2646 4825 nolente
2693 4771 2912 4826 adduci.
2947 4771 3250 4840 Imperator
3272 4786 3338 4824 eo
3369 4771 3513 4824 salu-

1943 4877 2097 4921 tato:
2143 4865 2385 4934 Tempus
2425 4873 2532 4924 est,
2587 4863 2784 4931 inquit,
2841 4871 3015 4932 pater,
3058 4872 3118 4916 ut
3169 4862 3508 4931 spiritualcm

1939 4959 2078 5014 mihi
2110 4958 2438 5012 medicinam
2490 4955 2682 5019 facias,
2721 4956 3120 5023 scientiamque
3158 4955 3210 5008 in
3242 4970 3326 5009 me
3351 4971 3512 5009 exer-

1939 5068 2064 5108 ceas
2095 5054 2342 5104 omnium
2397 5049 2844 5102 huinanissimam
2880 5087 2896 5113 ,
2925 5047 3274 5114 animamque
3324 5047 3512 5102 multis

1936 5143 2208 5200 molestiis
2229 5141 2617 5197 discruciatam
2674 5148 2730 5194 et
2762 5138 3016 5195 amictam
3049 5153 3230 5203 sanes,
3255 5145 3418 5207 atque
3451 5139 3506 5192 in
3537 5129 3540 5132 ’

1939 5217 2240 5292 salutarem
2300 5233 2552 5288 semitam
2593 5231 2856 5295 deducas,
2890 5240 2946 5284 et
2975 5230 3314 5300 poenitentia:
3349 5230 3512 5284 indu-

1937 5329 2138 5384 mentis
2196 5327 2566 5398 operibusque
2590 5323 2831 5392 judicem
2861 5323 2937 5378 illi
2973 5323 3040 5377 ad
3070 5322 3504 5377 misericordiam

1938 5437 2240 5491 przrpares.
2275 5420 2368 5474 [lle
2401 5419 2786 5488 imperatorem
2816 5416 3142 5480 resalutans,
3170 5431 3278 5470 non
3317 5418 3367 5470 ei
3389 5417 3510 5470 lici-

1935 5522 2051 5567 tum
2080 5527 2202 5566 esse
2219 5509 2524 5574 dixit,vivo
2550 5509 2860 5563 etiamnum
2888 5516 3060 5578 patre,
3099 5508 3187 5563 cui
3211 5524 3270 5562 se
3293 5509 3348 5562 in
3391 5509 3508 5578 spi-

1938 5604 2231 5657 ritualibus
2263 5601 2612 5671 subjecissct,
2634 5601 2811 5658 alium
2857 5615 2956 5671 pro
2998 5615 3064 5655 eo
3098 5601 3376 5672 deligere:
3412 5601 3505 5655 tali

1937 5700 2236 5766 praesertim
2283 5695 2534 5761 articulo,
2571 5711 2680 5766 quo
2715 5696 2842 5750 hinc
2877 5697 3214 5766 migraturus
3271 5705 3327 5750 et
3358 5697 3506 5752 inter

1936 5789 2162 5843 ordines
2206 5786 2466 5857 angelica:
2519 5789 2837 5858 reipublicae
2891 5789 3246 5844 collocandus
3294 5800 3442 5845 esset
3485 5806 3502 5844 :

1935 5880 2382 5952 quandoquidem
2420 5891 2475 5937 et
2525 5881 2582 5936 in
2625 5883 2775 5937 omni
2805 5882 2916 5936 vita
2941 5897 3007 5937 eo
3032 5893 3370 5952 praeceptore
3399 5881 3516 5953 uti,L

1937 5982 1992 6029 et
2052 5983 2308 6046 tanquam
2349 5974 2460 6031 Deo
2481 5974 2646 6031 alicui
2674 5975 2986 6032 auscultarc
3010 5974 3219 6047 justum
3254 5973 3367 6039 sit;
3402 5987 3508 6030 nec
