3902 6588
180 458 284 554 sia

1341 478 1882 538 HISTORIA“th
1920 471 2153 537 LIBER
2197 472 2276 534 Il.

3332 473 3437 541 ΕΜ

183 603 376 674 βελτίω
397 601 494 653 καὶ
519 577 869 668 μονιμώτερα
894 575 1144 664 βασίλεια
1173 595 1513 662 καταστήσῃ,
1545 593 1752 652 δίκαιος

1871 605 1958 643 nas
2019 591 2258 644 luiturus
2309 591 2420 655 sit;
2472 589 2564 644 sed
2615 589 2802 654 etiam,
2847 591 2972 661 quia
3011 606 3354 651 sacramento
3384 593 3436 652 ei

181 693 256 747 ὣν
290 691 502 764 κριτὴς,
529 691 624 742 καὶ
655 685 892 756 καρδιῶν
938 687 1034 738 καὶ
1058 685 1332 754 λογισμῶν
1365 685 1619 753 ἐταστὴς,
1656 683 1756 752 τήν

182 803 241 838 τε
293 784 544 853 πρόθεσιν
596 779 796 849 κρινεῖ,
852 777 948 831 καὶ
998 777 1106 830 τῶν
1152 777 1282 830 ἴσων
1310 767 1538 842 ἀξιῶσει
1574 775 1756 844 γερῶν

181 879 293 940 τοῖς
354 875 626 944 μοναχῶς,
662 873 743 924 ὅτι
805 870 880 940 μὴ
939 870 1198 940 προθέσει
1236 871 1302 938 τῇ
1336 867 1596 936 σφετέρᾳ,
1641 859 1758 920 ἀλλ’

184 959 483 1030 ἀπατηθεὶς
515 956 890 1028 ἀπεστέρηται
906 958 1000 1010 τοῦ
1028 957 1273 1010 τοιούτου
1301 955 1490 1009 καλοῦ.
1518 953 1757 1009 Τοιαῦτα

184 1055 282 1108 ’τοῦ
315 1053 551 1124 μεγάλου
577 1052 903 1120 δομεστίκου
935 1051 1244 1121 εἰρηκότος,
1291 1051 1318 1101 ό
1349 1051 1528 1116 Bap-3;
1555 1049 1614 1102 οὗ
1658 1066 1760 1102 κα-

189 1150 373 1209 θεκτὸς
400 1142 488 1217 ἦν,
507 1145 622 1197 ἀλλ’
643 1145 704 1194 οὐ
737 1142 1094 1211 περιόψεσθαι
1119 1139 1324 1207 ἔφασκε
1362 1138 1569 1208 βασιλεῖ
1588 1137 1759 1199 οὕτως

187 1242 245 1291 ἐν
269 1237 514 1308 ἐσχάτοις
546 1233 816 1297 κινδύνοις
848 1233 962 1285 δντι
995 1230 1071 1301 μὴ
1115 1231 1214 1302 τὴν
1235 1231 1468 1297 δυνατὴν
1503 1229 1758 1299 βοήθειαν

184 1328 542 1394 εἰσενεγκεῖν
577 1325 638 1377 οὐ
668 1324 832 1394 μόνον
857 1323 934 1386 ὡς
959 1322 1139 1391 ἰατρὸς
1167 1321 1266 1384 ὢν,
1295 1323 1344 1373 εί
1381 1320 1454 1391 μὴ
1481 1321 1549 1374 τὰ
1573 1321 1762 1374 δέοντα

185 1417 526 1488 παραινέσει,
557 1417 652 1479 τὰς
682 1416 916 1486 ἐσχάτας
968 1415 1137 1467 τίσων
1183 1412 1361 1473 δίκας,
1419 1412 1532 1466 ἀλλ’
1555 1412 1638 1464 ὅτι
1669 1414 1763 1466 καὶ

185 1512 369 1581 ὅρκοις
397 1511 532 1578 πρὸς
565 1509 824 1583 βασιλέως
849 1507 1164 1576 κατελήφθη
1197 1504 1391 1574 ἔνδηλα
1423 1505 1573 1575 αὐτῷ
1601 1503 1762 1574 ποιῆ-

187 1620 279 1655 σαι
301 1603 504 1673 τάληθῆ
531 1606 657 1672 περὶ
699 1601 920 1654 ἐαυτοῦ.
952 1601 1091 1654 Νυνὶ
1135 1599 1193 1652 δὲ
1227 1598 1328 1670 ἢδη
1361 1597 1538 1651 οὐδενί
1577 1596 1763 1665 τρόπῳ

189 1691 453 1760 βασιλέως
493 1694 550 1744 ἐν
578 1694 690 1753 τοῖς
721 1691 889 1756 ζῶσιν
915 1689 1200 1756 ἐσομένου,
1233 1688 1285 1740 τί
1316 1689 1421 1758 χρὴ
1456 1688 1552 1756 τῆς
1583 1687 1762 1756 ψυχῆς

186 1789 286 1854 τῆς
318 1785 590 1854 σωτηρίας
630 1783 858 1852 ἀμελεῖν
887 1780 1068 1834 ἐλπίσι
1107 1782 1294 1844 κεναῖς
1320 1781 1761 1851 αἰωρουμένουςς

187 1879 425 1932 Τοιαῦτα
455 1877 664 1945 λέγοντι
705 1876 891 1947 Βαρεῖ,
930 1879 1026 1930 καὶ
1057 1877 1158 1945 ἤδη
1201 1875 1520 1946 ὡρμημένῳ
1553 1874 1765 1943 βασιλεῖ

185 1970 325 2038 δῆλα
352 1972 545 2027 ποιεῖν.
579 1972 611 2029 ό,
640 1970 812 2038 μέγας
835 1968 1158 2038 δομὲστικος
1191 1966 1493 2040 ἠπείλησεν
1530 1967 1765 2021 ἀποκτε-

187 2063 324 2124 νεῖν,
356 2060 505 2130 εἰμὴ
539 2059 768 2112 παύοιτο
805 2056 1033 2111 τοιαῦτα
1083 2056 1249 2128 δρῶν.
1299 2057 1469 2120 Εἰδὼς
1506 2074 1564 2110 τε
1601 2058 1765 2110 αὑτὸν

175 2152 496 2206 ’δειλότατον
551 2151 699 2216 ὄντα,
732 2152 826 2204 καὶ
861 2150 1163 2221 θορυϐῆσαι
1215 2145 1536 2220 διανοηθεὶς,
1567 2149 1765 2217 ἐξαγα-

190 2243 304 2314 γὼν
362 2244 485 2309 ἔξω,
528 2245 639 2308 τοῖς
685 2241 924 2313 παροῦσι
976 2242 1270 2312 Ῥωμαίων
1307 2237 1462 2296 εἶπεν
1488 2259 1504 2274 ο
1541 2243 1767 2314 Ἀνδρες

205 2338 490 2408 Ῥωμαῖοι,
520 2338 707 2407 ἰατρὸς
733 2339 917 2392 οὑτοσὶ
939 2338 1064 2406 ἐμοὶ
1087 2339 1184 2406 μὲν
1207 2337 1486 2396 πείθεσθαι
1519 2337 1767 2409 βούλεται

191 2430 464 2500 οὐδαμῶς,
487 2429 666 2500 ἑαυτῷ
696 2430 752 2482 δὲ
781 2427 1056 2492 πεποιθὼς
1088 2429 1162 2492 ὡς
1193 2429 1257 2499 δή
1282 2447 1366 2492 τις
1387 2427 1463 2482 ῶν
1485 2430 1594 2490 τῶν
1619 2447 1676 2482 τε
1702 2429 1769 2482 τὰ

192 2525 323 2577 εντα
354 2527 448 2578 καὶ
473 2525 540 2576 τὰ
569 2523 808 2592 ἐσόμενα
835 2521 1082 2583 εἰδότων,
1115 2519 1372 2592 ὥρμηται
1401 2522 1537 2600 ἡμῖν
1558 2521 1650 2574 τὸν
1675 2519 1766 2592 βα-

196 2617 354 2670 σιλέα
417 2615 715 2684 μονάζοντα
747 2617 812 2668 ἐκ
855 2614 1122 2685 βασιλέως
1165 2613 1470 2679 ἀποδεῖξαι.
1519 2614 1584 2667 Εἰ
1613 2613 1676 2685 δὴ
1705 2613 1769 2667 τὰ

200 2711 549 2781 πραττόμενα
595 2710 724 2781 ὑμῖν
756 2709 899 2762 κατὰ
951 2709 1198 2780 γνώμην,
1224 2709 1452 2778 εἰδείητε
1489 2710 1554 2764 ἂν
1593 2710 1765 2765 αὐτοί.

195 2805 261 2860 ω
287 2803 329 2854 δ’
351 2803 548 2856 αὐτίκα
581 2803 935 2873 περιστάντες
977 2803 1069 2856 τὸν
1103 2803 1306 2874 ἰατρὸν,
1335 2801 1677 2873 ἐθορύϐησάν
1709 2821 1768 2856 τε

192 2895 254 2947 οὐ
295 2895 549 2966 μετρίως,
575 2897 677 2948 καὶ
708 2898 903 2965 καινήν
941 2912 1064 2949 τινα
1105 2894 1254 2964 αὐτῷ
1285 2895 1590 2965 ἠπείλησαν
1621 2894 1768 2948 ἰδέαν

193 2989 512 3059 ἐξευρήσειν
550 2988 780 3042 θανάτου
813 2990 860 3040 εἰ
893 2988 967 3059 μὴ
1025 2988 1254 3042 παύοιτο
1286 2988 1553 3050 τοιούτοις
1596 2989 1772 3057 ἐγχει-

197 3085 328 3151 ρῶν.
369 3083 428 3136 Ὀ
480 3081 535 3134 δὲ
579 3081 749 3134 ἔδεισέ
784 3099 844 3134 τε
907 3083 1002 3134 καὶ
1029 3081 1278 3134 ἐπείθετο
1307 3083 1421 3143 τοῖς
1461 3080 1762 3134 ἀπειλοῦσι.

194 3177 460 3240 Βασιλεὺς
509 3181 586 3243 δὲ,
643 3178 825 3232 καίτοι
879 3175 972 3228 τοῦ
1010 3175 1318 3245 νοσήματος
1369 3172 1762 3241 αὐξανομένου,

1862 681 2246 750 spoponderit,
2300 682 2591 734 veritatem
2634 680 2702 734 de
2765 680 2884 750 ipso
2949 698 3057 737 non
3105 686 3434 741 celaturum.

1860 772 2020 827 Nunc
2049 787 2173 825 cum
2209 787 2559 841 nequaquam
2589 773 2705 827 vita
2753 773 2829 828 illi
2859 773 2924 828 de
2956 786 3156 829 czetero
3179 778 3440 846 suppedi-

1863 872 2043 919 tatura
2091 865 2180 926 sit.
2206 879 2304 918 cur
2337 865 2404 918 ab
2449 866 2594 919 inani
2644 880 2740 934 spe
2779 865 3154 936 pendendum,
3190 881 3244 922 et
3290 871 3436 924 salus

1863 957 2060 1009 anima:
2118 957 2266 1011 illius
2318 958 2684 1027 negligenda?
2727 958 2892 1030 248
2944 960 3068 1015 Haec
3117 962 3433 1030 loquentem

1863 1047 2061 1118 Baryn,
2102 1058 2164 1103 et
2199 1049 2310 1117 iam
2350 1049 2668 1118 imperatori
2701 1062 2983 1120 parantem
3025 1054 3169 1121 quod
3203 1069 3290 1109 res
3319 1064 3438 1109 erat

1864 1141 2195 1210 patefacere,
2243 1159 2472 1213 magnus
2507 1144 2841 1200 domesticos
2888 1145 2992 1200 nisi
3021 1147 3163 1200 facto
3185 1162 3440 1216 superse-

1863 1232 2040 1296 deret,
2072 1248 2130 1288 se
2165 1234 2584 1289 interlectnrum
2620 1237 2958 1291 minabatur.
2990 1236 3240 1307 Cumque
3273 1240 3440 1294 sciret

1862 1325 2143 1382 hominem
2179 1342 2301 1382 esse
2355 1329 2788 1392 timidissimum,
2814 1337 2870 1384 et
2893 1345 3001 1398 qua
3033 1331 3119 1384 via
3145 1346 3271 1385 eum
3317 1347 3440 1398 per-

1863 1425 2097 1472 terreret
2149 1429 2332 1473 mente
2387 1421 2641 1489 agitaret,
2673 1421 2819 1476 foras
2853 1422 3060 1486 educit,
3111 1433 3438 1494 praesentes-

1864 1526 1972 1578 que
2005 1511 2284 1566 Romanos
2317 1511 2436 1580 ipso
2466 1513 2725 1567 audiente
2779 1515 2859 1568 sic
2889 1515 3192 1584 alloquitur
3227 1533 3240 1570 :
3270 1516 3442 1572 Medi-

1864 1616 1961 1655 cus
1991 1603 2115 1666 iste,
2136 1603 2238 1656 viri
2269 1604 2520 1665 Romani,
2545 1605 2675 1658 mihi
2699 1621 2910 1660 morem
2966 1623 3156 1677 gerere
3216 1610 3442 1662 omnino

1864 1704 2106 1755 recusat.
2161 1696 2381 1764 sibique
2427 1697 2660 1750 multum
2706 1699 2975 1764 tribuens,
3017 1701 3242 1769 perinde
3283 1701 3438 1771 quasi

1866 1801 2011 1840 unus
2051 1787 2124 1840 sit
2154 1802 2346 1842 eorum
2376 1787 2470 1860 qui
2497 1798 2788 1860 praesentia
2829 1799 2883 1846 et
2910 1789 3092 1848 futura
3124 1799 3347 1858 norunt,
3384 1791 3438 1848 id

1864 1877 2014 1950 agit,
2062 1887 2120 1934 ut
2177 1879 2340 1936 nobis
2403 1883 2790 1953 imperatorem
2852 1887 3179 1942 monachum
3227 1889 3440 1943 reddat.

1867 1972 2024 2040 Quod
2076 1991 2206 2030 num
2245 1976 2446 2032 animis
2496 1979 2695 2033 vestris
2729 1979 3037 2048 jucundum
3079 1982 3311 2048 accidat,
3339 1984 3442 2052 ipsi

1867 2067 2154 2120 noveritis.
2192 2067 2275 2122 llli
2349 2079 2573 2138 repente
2633 2069 2905 2125 medicum
2969 2073 3441 2136 circumfundunt,

1869 2157 2262 2213 tumultuosius
2291 2160 2582 2226 tremunt;
2629 2175 2692 2215 ac
2723 2161 2827 2216 nisi
2870 2163 3321 2231 cmpta‘deserat.
3357 2166 3445 2219 in-

1868 2250 2054 2331 audito
2075 2266 2273 2321 genere
2304 2252 2495 2307 mortis
2514 2267 2572 2308 se
2609 2253 2760 2308 illum
2791 2253 3072 2310 deleturos
3103 2257 3446 2311 comminan-

1870 2351 1980 2398 tur.
2023 2341 2233 2409 Quibus
2282 2343 2446 2399 minis
2484 2345 2830 2414 perterritus,
2878 2349 3148 2402 sententia
3192 2348 3443 2404 decessit.

1867 2435 2354 2492 Verumenimvero
2407 2437 2724 2506 imperator,
2771 2437 2875 2493 etsi
2924 2439 3150 2494 morbus
3197 2442 3446 2510 quotidie

1871 2546 1979 2583 non
2023 2529 2209 2618 pa.rvis
2253 2528 2607 2584 incrementis
2656 2542 2994 2601 augesceret.
3049 2540 3230 2587 tamen
3264 2535 3447 2588 animo

1867 2621 2108 2686 valebat,
2156 2629 2212 2675 et
2253 2619 2302 2674 is
2345 2620 2415 2674 ab
2458 2621 2576 2686 illo,
2619 2637 2930 2690 quanquam
2971 2623 3200 2692 capitis,
3249 2623 3445 2679 affectu

1873 2711 2008 2766 nihil
2057 2712 2376 2775 laedebatnr,
2405 2711 2856 2782 spiritualemque
2888 2723 3097 2782 patrem
3136 2714 3254 2770 sine
3277 2716 3449 2770 inter-

1871 2802 2134 2857 missione
2183 2802 2510 2864 inclamans,
2567 2802 2814 2857 habitum
2854 2803 3260 2868 Natarazorum,
3301 2807 3448 2861 velut

1869 2893 2141 2963 quis'piam
2174 2909 2390 2947 amores
2413 2909 2540 2948 suos
2569 2893 2835 2958 elllictim,
2863 2905 2918 2949 et
2942 2895 3203 2952 indecore
3237 2898 3450 2967 deperi-

1870 2984 1986 3048 bat,
2021 2985 2387 3055 praasentique
2416 2985 2683 3054 spirituali
2723 2989 3000 3056 negotium
3025 2989 3443 3056 committebat;

1870 3075 2014 3130 nihil
2045 3091 2164 3130 esse
2196 3073 2494 3131 absurdum
2528 3075 2736 3140 dicens,
2759 3077 2802 3130 si
2838 3077 2890 3130 in
2924 3079 3171 3135 absentia
3199 3083 3451 3136 consueti

1870 3157 1925 3221 et
1975 3166 2240 3231 ordinarii
2286 3167 2455 3231 illius,
2517 3166 2632 3236 ipse
2678 3182 2770 3222 eas
2821 3180 3002 3238 partes
3067 3169 3336 3240 impleret.
3383 3174 3454 3230 At

195 3275 291 3325 καὶ
313 3273 627 3342 προσθήκην
656 3271 716 3324 οὐ
749 3267 952 3339 μικράν
983 3269 1260 3337 ὁσημέραι
1281 3267 1596 3337 δεχομένου,
1621 3269 1768 3336 ὅμως

1873 3257 2019 3312 enim
2059 3257 2106 3314 is
2139 3256 2446 3312 diﬂ'ercndo
2475 3267 2664 3313 contra
2719 3260 2838 3326 niti,
2871 3275 3038 3327 seque
3088 3261 3140 3315 id
3177 3261 3448 3317 facturum

192 3364 342 3434 εἶχεν
370 3366 537 3432 ὑγιῶς
565 3364 666 3428 τὰς
700 3362 926 3432 φρένας.
962 3360 1072 3414 Καὶ
1097 3359 1250 3412 οὐδὲν
1279 3358 1385 3412 ὑπὸ
1404 3358 1494 3412 τοῦ
1533 3359 1772 3427 νοσήμα-

192 3475 306 3521 τος,
338 3458 516 3510 καίτοι
547 3472 675 3526 περι
706 3453 802 3523 τὴν
829 3453 1078 3522 κεφαλὴν
1119 3452 1268 3512 ὄντος
1309 3451 1731 3520 παρεόλάπτετο
1753 3465 1789 3511 ο,

193 3549 289 3599 καὶ
319 3546 411 3598 τὸν
460 3538 831 3612 πνευματικὸν
879 3540 1093 3610 πατέρα
1135 3538 1375 3608 συνεχῶς
1428 3539 1766 3600 ἀνεκαλεῖτο,

193 3640 293 3692 καὶ
322 3635 595 3706 ἐρωτικῶς
628 3629 774 3702 εἶχεν
798 3631 1018 3693 ἀτόπως
1051 3648 1115 3683 πε
1127 3632 1180 3700 ρί
1209 3630 1267 3682 τὸ
1290 3629 1608 3697 Ναζιραίων
1641 3628 1772 3696 σχῆ·

199 3748 303 3799 μα,
325 3729 400 3798 τῷ
421 3745 482 3781 τε
511 3727 736 3793 παρόντι
770 3725 1042 3793 ἐπέτρεπε
1078 3721 1432 3791 πνευματικῷ
1478 3721 1536 3773 τὸ
1573 3721 1735 3788 ἔργον
1755 3735 1768 3749 '

196 3823 351 3877 ιύδὲν
373 3819 513 3875 εἰναι
537 3819 713 3888 λέγων
743 3816 1078 3885 θαυμαστὸν,
1111 3815 1156 3866 εἰ
1185 3813 1418 3876 ἀπόντος
1446 3811 1653 3864 ἐκείνου
1677 3811 1770 3864 τοῦ

197 3915 484 3984 συνήθους,
517 3913 680 3974 αὐτὸς
709 3911 777 3963 τά
827 3909 919 3961 ἶσα
953 3905 1120 3978 δρῴη.
1171 3905 1229 3957 Ὀ
1259 3905 1314 3958 δὲ
1347 3904 1680 3958 ἀνεϐάλλετό
1713 3921 1772 3956 τε

199 4009 462 4078 ἰσχυρῶς,
509 4005 604 4058 καὶ
629 4004 866 4072 ἔφασκεν
901 4001 1000 4054 οὐκ
1035 3997 1401 4068 ἐγχειρήσειν,
1440 3998 1496 4050 ἐἰ
1549 4001 1624 4066 μὴ
1661 3997 1779 4067 βού-

195 4104 344 4154 λοιτο
377 4102 470 4153 καὶ
486 4100 652 4168 αὐτῆς
685 4095 983 4164 ἱερωσύνης
1003 4091 1378 4154 ἐκπεσεῖσθαι,
1396 4090 1473 4154 ὡς
1499 4090 1778 4158 ἐκθέσμως

193 4196 294 4248 καὶ
327 4192 658 4261 παρανόμως
691 4186 958 4257 ἐγχειρῶν
984 4187 1096 4247 τοῖς
1135 4185 1319 4253 ἰεροῖς.
1354 4181 1512 4236 Οὕτω
1543 4186 1652 4252 γὰρ
1700 4179 1776 4233 εἴ·

195 4305 288 4339 ναι
320 4287 429 4346 τοῖς
456 4283 621 4343 θείους
655 4278 899 4348 Πατράσι
931 4273 1446 4344 νενομοθετημένον.
1479 4273 1538 4326 '0
1564 4271 1781 4326 δ’ἐπεί-

195 4371 323 4424 Θετο
351 4370 470 4437 μὲν,
501 4367 714 4436 βαρέως
764 4365 821 4417 δὲ
854 4364 1054 4434 ’ἤνεγκε
1087 4361 1181 4415 τοῦ
1212 4361 1488 4430 σχήματος
1521 4359 1619 4432 τὴν
1639 4359 1777 4412 ἀπο-

194 4463 417 4531 τυχίαν.
480 4459 774 4528 Σιωπήσας
830 4455 888 4508 δὲ
925 4456 1019 4506 ἐπὶ
1049 4453 1269 4523 μικρὸν,
1316 4454 1406 4506 καί
1435 4453 1542 4506 τῶν
1591 4469 1648 4505 τε
1681 4468 1778 4504 πε·-

195 4552 676 4622 πλημμελημένων
712 4549 790 4611 εἰς
827 4548 1040 4600 ἔννοιαν
1065 4544 1259 4606 ἐλθὼν,
1309 4547 1401 4598 καὶ
1441 4544 1516 4607 ὼς
1558 4544 1780 4597 πάντων

198 4647 430 4701 ἐκείνων
470 4645 651 4712 ὑφέξει
683 4643 947 4706 δίκαςέπί
967 4641 1061 4693 τοῦ
1086 4640 1385 4694 ἀδεκάστου
1421 4641 1514 4694 καὶ
1545 4639 1775 4711 φρικτοῦ

195 4740 571 4808 δικαστηρίου,
625 4736 838 4806 δάκρυα
879 4751 939 4786 τε
986 4733 1138 4803 ἠφίει
1181 4734 1289 4785 τῶν
1327 4732 1645 4801 ὀφθαλμῶν,
1681 4731 1776 4786 καὶ

197 4837 505 4903 ἐθρήνησεν
552 4832 712 4885 αὑτὸν
768 4830 854 4899 ἐφ’
901 4829 1106 4882 ἰκανόν.
1152 4824 1283 4881 Εἶτα
1316 4832 1381 4896 τῇ
1448 4828 1578 4896 περί
1613 4827 1775 4882 αὑτὸν

197 4929 519 4997 ἐπέσκηπτε
552 4917 820 4995 θεραῆεία
848 4922 1162 4984 τελευταίας
1196 4921 1416 4985 ἐντολάς
1441 4937 1456 4954 ο
1490 4924 1582 4973 καὶ
1603 4920 1774 4990 ὥρκι-

1872 3364 2098 3421 negare,
2134 3350 2336 3420 alioqui
2368 3350 2674 3404 sacerdorio
2712 3362 2917 3405 motum
2951 3352 3043 3416 iri,
3074 3363 3133 3407 ut
3167 3354 3258 3422 qui
3295 3370 3449 3409 sacra

1871 3443 1976 3498 sibi
2018 3441 2186 3497 vetita
2241 3441 2427 3512 inique
2483 3446 2811 3511 usurparit:
2846 3444 2924 3497 sic
2982 3445 3127 3497 enim
3163 3460 3190 3499 a
3245 3447 3449 3500 sanctis

1870 3534 2127 3590 Patribus
2157 3534 2274 3604 lege
2321 3533 2593 3588 sancitum
2639 3550 2757 3589 esse
2794 3537 2925 3603 (9!).
2966 3537 3189 3605 Accepit
3219 3553 3453 3592 excusso

1874 3628 2082 3685 tionem
2132 3628 2536 3699 imperatorfet
2559 3643 2627 3687 se
2659 3627 2855 3686 habitu
2907 3629 3223 3683 frustratum
3255 3632 3450 3686 acerbe

1874 3721 2017 3787 tulit,
2077 3721 2459 3791 paulisperque
2512 3723 2906 3780 conticescens,
2969 3731 3024 3773 et
3075 3733 3297 3789 peccata
3353 3738 3450 3776 sua

1872 3826 2060 3865 secum
2094 3822 2374 3880 reputans,
2418 3827 2517 3880 pro
2547 3811 2746 3880 quibus
2779 3809 3038 3866 omnibus
3069 3811 3211 3878 apud
3245 3811 3456 3864 innexi”-

1873 3903 1986 3958 bile
2044 3902 2202 3969 illud,
2260 3911 2316 3958 et
2367 3903 2634 3959 horribile
2689 3905 2926 3958 tribunal
2983 3904 3255 3975 judicium
3306 3912 3453 3961 esset

1875 3995 2188 4060 subiturus,
2222 3995 2574 4050 manantibus
2606 4011 2704 4064 per
2734 4011 2830 4049 ora
2871 3998 3125 4066 lacrymis
3158 4006 3329 4051 semet
3359 3998 3452 4052 diu

1876 4087 2203 4158 deploravit.
2226 4147 2241 4157 ,
2263 4087 2478 4144 Deinde
2512 4088 2838 4144 famulorum
2889 4091 3063 4143 turbae
3095 4089 3289 4144 astanti
3323 4091 3453 4145 ulti-

1879 4196 1968 4235 ma
2001 4181 2258 4235 mandata
2318 4181 2505 4244 dedit;
2547 4196 2647 4250 per
2701 4180 2871 4236 Deum
2925 4185 3222 4238 obtestans.
3261 4192 3318 4235 ut
3360 4184 3452 4236 ubi

1879 4288 2079 4342 corpus
2119 4278 2299 4326 anima
2345 4288 2583 4327 vacuum
2624 4289 2748 4327 cum
2788 4271 2982 4328 funere
3030 4274 3352 4340 extulerint,
3384 4275 3451 4328 ad

1878 4366 2023 4420 aedes
2083 4366 2263 4436 magni
2318 4364 2608 4419 domestici
2662 4367 2898 4434 primum
2959 4365 3211 4430 emanant,
3267 4367 3458 4437 ibique

1881 4457 2199 4527 aliquandiu
2249 4457 2560 4525 depositum
2591 4456 2773 4510 denuo
2797 4457 3014 4519 tollant,
3047 4467 3102 4510 et
3138 4459 3240 4512 sub
3272 4460 3453 4527 lapide

1883 4553 2204 4612 recondam,
2235 4564 2346 4619 quo
2373 4565 2567 4606 omnes
2600 4549 2932 4619 intelligant,
2967 4563 3068 4602 nec
3104 4550 3275 4618 ipsam
3307 4567 3456 4603 rnor-

1883 4655 2019 4708 tcm,
2051 4658 2173 4711 quae
2225 4641 2469 4696 omnium
2524 4641 2753 4695 istarum
2787 4657 2968 4694 rerum
3001 4641 3330 4696 oblivionem
3373 4642 3456 4695 af-

1876 4737 2001 4800 fert,
2035 4749 2197 4789 suum
2246 4748 2374 4802 erga
2414 4733 2567 4787 illum
2616 4747 2855 4787 amorem
2886 4732 3149 4787 bebetare
3181 4734 3452 4802 potuisse.

1873 4827 2155 4896 Quotquot
2228 4825 2398 4896 igitur
2445 4833 2746 4893 prasentes
2805 4822 3063 4888 aderant,
3118 4823 3279 4878 dictis
3333 4826 3459 4894 ejus

1871 4922 2308 4990 illacryrnantes,
2369 4914 2744 4988 incredibilem
2835 4917 2977 4970 inter
3051 4931 3147 4970 eos
3220 4917 3459 4970 charita—

1479 5063 1692 5125 Jacobi
1726 5061 1994 5124 Pontani
2031 5070 2218 5121 notua.

283 5216 394 5282 (9|)
435 5213 753 5282 Spiritualis
799 5213 904 5267 iste
937 5220 1112 5282 pater.
1147 5209 1276 5282 quia
1319 5223 1428 5262 non
1469 5206 1780 5282 erat_ordi-

200 5279 399 5340 narius
453 5279 509 5338 et
557 5292 874 5341 consuetus.
930 5279 1106 5333 noluit
1149 5281 1538 5348 imperatorem
1589 5279 1779 5332 habitu

201 5356 516 5409 monastico
551 5354 802 5416 induere,
831 5362 886 5406 et
911 5351 1069 5420 quasi
1106 5362 1452 5420 consecrare,
1483 5348 1783 5420 terstilieans

200 5427 259 5479 id
295 5427 466 5478 sacris
495 5423 803 5476 canonibns
832 5417 1135 5474 adversari.
1161 5419 1365 5486 Nempe
1388 5419 1607 5472 concilii
1637 5417 1782 5475 Con-

198 5493 682 5562 stantinopolitani
704 5493 750 5555 ἲ,
780 5507 900 5546 can.
923 5492 980 5555 2,
1003 5491 1177 5562 juxta
1221 5489 1470 5562 ordinem
1501 5488 1784 5562 Balsanro-

203 5567 316 5626 nis,
359 5575 412 5616 et
441 5557 650 5618 canone
687 5562 741 5629 '5,
782 5576 841 5615 ut
873 5557 1094 5630 quidem
1133 5557 1614 5630 citat_(_}ratian_rrs,
1646 5559 1775 5630 licet

200 5634 462 5688 Balsamo
523 5627 1044 5702 coniungata'ltem
1117 5627 1338 5702 concilii
1406 5628 1775 5702 Antiocheni,

200 5705 458 5775 cap.rl5.
496 5697 684 5775 Exstat
728 5697 870 5775 apud
911 5697 1452 5775 GratianumGra‘ce
1487 5708 1541 5775 ιιι
1584 5697 1776 5775 Latine

202 5767 543 5829 in'cditione
570 5767 925 5842 Gregoriana.
959 5774 1014 5825 in
1056 5768 1333 5842 volumine
1356 5767 1776 5842 quod_appel|a-

203 5854 301 5898 tur
327 5845 627 5906 decretum,
657 5837 820 5897 causa
846 5846 900 5907 9.
930 5847 1123 5910 quast.
1157 5839 1331 5910 2,‘ubi
1356 5847 1411 5910 et
1453 5837 1544 5891 alii
1586 5841 1773 5906 plures

204 5929 455 5968 canones
504 5913 556 5966 in
616 5914 756 5979 hanc
805 5907 1157 5968 sententiam.
1212 5908 1317 5962 Sed
1359 5907 1772 5962 Cantacuzcnus

1881 5207 2118 5276 respexit
2191 5207 2258 5259 ad
2317 5204 2557 5276 ’canones
2617 5197 2834 5276 Qrzecos
2898 5194 3449 5276 ta_nquarn.Graectrs.

1882 5265 2154 5332 Craterum
2188 5285 2246 5328 ut
2276 5273 2502 5327 ordines
2528 5269 2780 5324 conferre
2808 5282 2918 5320 non
2945 5268 3144 5320 licebat
3177 5266 3233 5319 in
3273 5265 3458 5320 aliena

1885 5347 2136 5408 dimcesi,
2172 5347 2245 5399 ita
2282 5357 2383 5396 nec
2420 5340 2798 5394 monachismo
2833 5338 3070 5398 initiare,
3105 5337 3170 5408 die
3197 5349 3306 5408 quo
3342 5336 3458 5404 agit

1885 5405 2326 5472 Cantacuzenns.
2364 5413 2494 5466 Nam
2547 5408 2866 5462 monasticis
2903 5407 3180 5475 mysteriis
3209 5405 3456 5473 aliquem

1892 5487 2132 5546 initiare,
2168 5499 2291 5554 non
2322 5481 2650 5554 censebatur
2692 5479 2896 5554 minus,
2933 5492 3095 5554 quam
3136 5476 3453 5554 diaconatu,

1880 5567 1976 5610 aut
2025 5545 2334 5608 sacerdotio
2376 5550 2663 5617 insignire,
2696 5548 2840 5617 quod
2890 5563 2958 5601 ex
2991 5545 3320 5615 AreOpagita
3380 5545 3460 5600 in-

1880 5625 2047 5696 telligi
2108 5632 2328 5692 potest,
2357 5643 2378 5664 ε
2410 5619 2716 5672 Ecclesiast.
2757 5617 3106 5696 __Hierarchiw
3175 5623 3329 5696 parte
3372 5629 3457 5696 ll:

1877 5684 2075 5766 capiat}
2099 5684 2120 5754 ς’
2145 5702 2215 5766 λοι
2261 5700 2417 5766 parte
2454 5706 2533 5766 ιιι,
2582 5703 2704 5757 cap.
2857 5688 2949 5766 ita_
2977 5688 3123 5766 enim
3153 5684 3459 5766 _Autbrpsii

1874 5752 2311 5820 Ca'rnallolensis
2359 5752 2665 5814 Lutetiana'
2691 5757 2862 5813 editio
2899 5757 3284 5828 distinguitur.
3327 5752 3456 5808 Haec

1873 5837 2108 5891 Jacohus
2135 5833 2452 5887 Grctserus.
