3794 6584
142 514 212 575 5ίῖ
225 514 240 573 l

1298 517 1835 581 {IISTORIARUM
1877 519 2107 578 LIBER
2152 517 2224 578 ίῐ.

3278 517 3386 579 5(ἲὲ

144 630 374 699 ἐμαυτῷ
421 631 480 698 δζ
503 632 690 702 ὥσπερ
727 635 1004 688 πολιτείαν
1041 637 1277 706 ἀρχαίαν
1307 637 1365 689 τὸ
1403 637 1592 706 μητενὶ
1619 652 1707 689 που

1820 635 1963 689 bavit
2003 637 2202 699 oratio,
2257 635 2661 691 existimantem
2713 651 2770 691 se
2795 635 3100 708 jam'velut
3151 637 3204 690 in
3253 635 3387 705 ipsis

141 721 334 790 λέμιος
382 717 518 775 εἶναι
565 727 846 795 συντηρῶν
873 769 886 792 ,
936 725 1060 781 οὕτε
1102 745 1183 781 σοι
1227 728 1388 798 μέχρι
1423 728 1557 790 νῦν,
1599 725 1712 779 οὗθ’

143 810 374 884 ὕστερον
413 816 716 884 γενήσομαι
743 832 758 848 ο
809 817 926 870 ἀλλ’
981 817 1093 871 οὔτ’
1126 818 1484 888 ἀδικούμενον
1519 817 1713 888 περιό-

143 907 347 974 ψομαι,
386 905 577 976 ὥσπερ
623 907 781 977 ἔφην,
811 907 922 962 οὔτ’
953 910 1241 964 ἀδικοῦντα
1274 911 1570 982 ἐξαρπάσω
1607 909 1716 963 τῶν

144 996 427 1052 κινδύνων.
483 998 624 1068 Πρὸς
661 999 728 1070 δὴ
778 999 948 1053 ταῦτα
996 1002 1106 1072 ὅπη
1163 1001 1229 1054 ἄν
1279 1019 1363 1056 σοι
1410 1002 1538 1072 δοκῇ
1602 1003 1716 1064 τοῖς

145 1088 441 1157 πράγμασι
466 1088 727 1158 χρῆσθαι,
773 1091 992 1153 συνετός
1030 1110 1087 1144 τε
1126 1091 1201 1146 ὢν
1237 1091 1333 1146 καὶ
1363 1094 1558 1163 πεῖραν
1579 1092 1716 1162 ἔχων

141 1178 242 1228 καὶ
293 1176 468 1244 λόγων
516 1179 611 1230 καὶ
663 1178 1027 1249 πραγμάτων.
1081 1181 1422 1253 Συργιάννην
1475 1181 1576 1250 μὲν
1621 1181 1714 1235 οὖν

1817 727 2044 797 periculi
2080 727 2330 784 faucibus
2366 728 2592 783 versari.
2619 729 2822 784 Tamen
2852 729 3052 785 iterum
3076 730 3387 798 experiens,

1815 819 1858 873 si
1895 829 2080 888 posset
2121 818 2336 874 ellicere
2373 827 2433 873 ut
2477 820 2568 874 ille
2594 819 2688 881 .ira
2721 820 2990 890 deposita,
3035 818 3388 872 formidatum

1817 923 1844 961 a
1871 923 1932 963 se
1959 909 2160 964 malum
2191 910 2488 980 depelleret
2522 933 2534 966 :
2567 910 2836 980 Equidem
2868 911 3150 981 putabam,
3183 909 3386 978 inquit,

1819 1009 1870 1054 te
1923 1011 2144 1070 peccata
2191 1016 2312 1056 mea
2356 1001 2542 1056 verbis
2585 1012 2746 1057 tenus
2790 1000 3116 1071 puniturum
3143 1017 3158 1052 :
3187 1015 3287 1054 nec
3317 1000 3388 1054 ob

1817 1093 2058 1147 animum
2089 1108 2412 1163 generosum
2437 1093 2572 1162 (15),
2597 1094 2668 1148 ob
2696 1108 2862 1163 quem
2887 1093 3023 1147 alias
3055 1092 3218 1146 toties
3249 1091 3384 1145 mihi

1819 1187 2096 1256 ignovisti,
2145 1187 2634 1244 calumniatoribus
2665 1186 2828 1241 modo
2863 1185 3229 1256 obiecturum.
3279 1184 3385 1239 Sed

145 1266 314 1330 εὐθὺς
347 1255 448 1320 οὐκ
477 1267 661 1334 ὀλίγον
695 1268 1043 1353 ἐθορύϐησαν
1093 1271 1140 1322 οί
1191 1270 1364 1338 λόγοι,
1415 1271 1714 1340 νομίσαντα

1820 1255 1923 1348 iam
1957 1294 2042 1334 me
2078 1279 2212 1333 nihil
2239 1279 2526 1349 perditius.
2559 1279 2614 1332 Si
2646 1278 2790 1333 enim
2823 1255 2984 1346 plane
3017 1275 3261 1340 credam,
3289 1277 3385 1331 tibi

143 1358 250 1428 ἤδη
286 1360 343 1410 ὲν
378 1358 494 1430 χρῷ
517 1360 764 1413 κινδύνου
793 1361 1149 1416 καθεστάναι.
1185 1361 1379 1430 Ὅμως
1401 1361 1457 1414 δὲ
1487 1361 1570 1414 ἔτι
1597 1378 1716 1414 πει·

145 1452 392 1518 ρώμενος
445 1451 639 1518 αὐτοῦ,
695 1453 744 1506 εἰ
791 1452 1008 1506 δύναιτο
1043 1451 1385 1522 ἀποθέμενος
1431 1453 1530 1522 τὴν
1570 1455 1714 1524 πρὸς

146 1543 312 1594 αὑτὸν
345 1542 531 1614 ὀργὴν.
553 1545 749 1613 στῆσαι
786 1545 883 1615 τὴν
912 1546 1376 1615 προσδοκωμένην
1404 1548 1716 1616 συμφοράν,

155 1633 300 1700 Ἐγὼ
335 1635 435 1704 μὲν
470 1635 650 1706 ᾤμην,
682 1631 827 1698 εἷπε,
863 1638 1024 1706 μέχρι
1071 1637 1247 1705 λόγων
1285 1638 1382 1707 μοί
1417 1655 1474 1690 σε
1513 1638 1612 1707 τὴν
1637 1655 1720 1691 τι·-

144 1725 366 1792 μωρίαν
408 1725 516 1779 τῶν
549 1727 958 1797 ἡμαρτημένων
995 1730 1236 1799 στήσειν,
1275 1729 1370 1783 καὶ
1410 1729 1484 1800 μὴ
1514 1729 1601 1783 διὰ
1635 1747 1719 1800 μι-

144 1815 449 1885 κροψυχίαν
497 1813 640 1890 ἐφ”ᾗ
679 1835 770 1886 μοι
821 1821 916 1872 καὶ
947 1819 1212 1891 πρότερον
1251 1819 1422 1874 πολλά
1453 1820 1719 1883 πολλάκις

148 1909 447 1976 συνέγνως,
483 1912 826 1982 προήσεσθαι
846 1915 956 1976 τοῖς
981 1914 1380 1981 συκοφαντοῦσι
1409 1915 1525 1971 νῦν.
1571 1915 1718 1987 Ὀρῶ

145 2001 206 2052 δὲ
235 2001 332 2071 ήδη
359 2003 449 2056 τὸν
475 2002 701 2075 ὄλεθρον
729 2004 848 2059 κατ’
872 2006 1024 2061 οὐδὲν
1046 2006 1364 2062 ἐλλείποντα
1396 2008 1540 2080 ἐμοί.
1590 2009 1717 2063 Ἐὰν

148 2094 264 2164 γάρ
296 2095 502 2149 πείσθῶ
527 2097 714 2166 σαφῶς
744 2099 826 2152 ὅτι
857 2116 916 2152 σε
940 2099 1000 2152 οὐ
1031 2102 1207 2154 πείσω
1244 2100 1471 2156 δυνατὸν
1495 2100 1716 2170 δεηθεὶς

152 2185 373 2253 ὑφεῖναί
406 2203 496 2256 μοι
530 2186 628 2259 τὴν
660 2189 832 2261 ὀργὴν
869 2191 966 2244 καὶ
1003 2191 1195 2261 ὁμοίας
1234 2191 1423 2262 ὥσπερ
1451 2193 1720 2264 πρότερον

149 2277 481 2348 κηδεμονίας
541 2278 765 2344 ἀξιοῦν,
823 2281 976 2335 οὐδὲν
1029 2282 1216 2336 λοιπὸν
1271 2283 1304 2355 ἢ
1372 2287 1564 2348 κακοῖς
1606 2287 1719 2349 τοῖς

145 2368 408 2437 ἐσχάτοις
442 2371 866 2442 περιπεσεῖσθαι
920 2374 1250 2446 προσδοκᾷν.
1289 2374 1348 2428 '0
1379 2375 1422 2427 δ’
1457 2375 1716 2446 ἔφασκεν,

145 2459 214 2509 οὐ
243 2461 427 2528 χρείαν
455 2456 594 2514 εἶναι
626 2461 801 2532 λόγων
837 2465 1132 2534 περιττῶνσ
1161 2465 1323 2529 αὐτὸς
1353 2467 1409 2520 δέ
1455 2457 1721 2541 πρότερόν

147 2567 215 2601 τε
276 2550 459 2618 λόγοις
516 2552 718 2622 ὀλίγοις
771 2554 871 2625 τὴν
911 2555 1147 2610 διάνοιαν
1185 2557 1569 2628 δεδηλωκέναι,
1624 2563 1720 2614 καὶ

149 2639 248 2694 νῦν
277 2643 428 2699 οὐδὲν
478 2641 642 2716 ἦττον
697 2647 758 2701 τδ
793 2647 924 2702 αὐτὸ
966 2652 1235 2722 ποιήσειν’
1269 2652 1628 2723 ἀνεπίφθονον
1663 2657 1720 2710 δέ

152 2731 317 2801 εἶναι,
348 2738 396 2790 εί
435 2738 526 2792 διὰ
568 2739 1034 2812 παραδειγμάτων
1066 2743 1164 2813 τὴν
1190 2743 1466 2810 ἀπόδειξιν
1495 2747 1724 2816 ποιήσοι-

156 2846 259 2897 μαι
304 2829 398 2883 τοῦ
459 2830 644 2900 λόγου.
705 2833 977 2887 Ἐοικέναι
1029 2837 1135 2906 γὰρ
1182 2837 1449 2906 νομίζειν,
1487 2838 1589 2909 ἐμὲ
1623 2839 1722 2908 μὲν

155 2918 377 2988 γαληνῷ
409 2936 514 2974 τινι
559 2921 738 2991 λιμένι
773 2925 1288 2996 προσερηρεισμένῃ
1328 2926 1524 2999 πέτρᾳ,
1574 2928 1632 2981 σὲ
1665 2929 1721 2982 δὲ

155 3008 272 3079 νηῒ,
325 3013 506 3066 κάλων
553 3013 612 3079 ἐξ
643 3015 815 3086 αὐτῆς
851 3017 1194 3089 ἀναψαμένῃ,
1225 3020 1320 3071 κα)⁵
1356 3019 1554 3090 πολλῆς
1585 3023 1724 3076 ἀπο-

156 3103 403 3180 λαυούσῃ
438 3107 538 3178 τῆς
585 3108 788 3174 εὐδίας,
819 3110 1119 3180 νομίσαντα
1157 3111 1213 3165 δὲ
1269 3110 1336 3165 ἂν
1377 3113 1552 3182 αὐτῆς
1591 3115 1726 3169 ἀπο-

154 3197 391 3269 λυθήσῃ,
453 3200 618 3254 πλέον
679 3217 733 3254 τι
793 3202 889 3255 καὶ
942 3201 1379 3273 κερδαλεώτερον
1433 3205 1723 3276 εὑρήσειν,

1745 1966 1794 2026 Β

1817 1371 2138 1440 persuaderi
2169 1387 2274 1424 non
2304 1385 2462 1440 posse
2503 1378 2562 1424 ut
2593 1371 2725 1423 iram
2759 1370 3050 1424 adversum
3082 1384 3168 1423 me
3200 1369 3388 1422 remit-

1820 1471 1922 1526 tas,
1970 1461 2306 1530 perindeque
2335 1469 2394 1515 ut
2418 1469 2577 1514 antea
2602 1474 2745 1513 cura:
2769 1459 2994 1522 habeas,
3023 1459 3154 1528 quid
3197 1473 3390 1527 supcr-

1818 1561 1922 1617 est,
1971 1552 2076 1607 nisi
2107 1561 2165 1605 ut
2194 1561 2431 1606 extrema
2481 1560 2790 1622 exspectem
2811 1551 2836 1603 ?
2869 1551 2958 1605 Nil
2999 1566 3138 1621 opus
3166 1561 3271 1616 est,
3307 1552 3390 1604 i'n-

1819 1645 1939 1715 quit
1998 1659 2228 1715 magnus
2268 1645 2625 1708 domesticus;
2659 1643 3080 1714 supervacaneis
3115 1643 3390 1698 sermoni-

1819 1739 1940 1792 bus.
1998 1735 2133 1790 Nam
2183 1743 2240 1792 et
2291 1743 2418 1790 ante
2459 1734 2852 1804 complusculis
2903 1733 3092 1789 verbis
3147 1744 3388 1789 utentem

1820 1844 1998 1884 meam
2022 1827 2308 1898 explicavi,
2330 1834 2386 1882 et
2431 1841 2576 1881 nunc
2602 1825 2962 1880 nihilominus
2991 1824 3134 1878 idem
3168 1824 3385 1878 faciam.

1819 1921 1938 1978 Non
1963 1922 2069 1976 erit
2095 1935 2260 1990 porro
2290 1919 2606 1980 absurdum,
2646 1918 2692 1973 si
2726 1932 2838 1972 rem
2861 1917 3112 1986 exemplo
3146 1916 3391 1970 declara-

1821 2029 1972 2070 vero.
2030 2012 2112 2069 Me
2156 2021 2342 2082 petrae,
2379 2010 2832 2080 tranquillissime
2877 2010 3064 2078 portui
3116 2009 3392 2064 adhaeres-

1820 2105 1988 2168 centi,
2029 2112 2080 2158 te
2108 2103 2324 2172 navigio
2363 2102 2584 2157 funibus
2628 2101 2807 2155 eidem
2854 2101 3096 2170 alligato,
3141 2109 3193 2154 et
3227 2101 3395 2170 placi-

1819 2196 2047 2252 dissimo
2085 2194 2226 2250 coelo
2268 2194 2570 2264 quiescenti
2619 2193 2854 2248 similem
2890 2194 3168 2248 arbitror:
3209 2203 3392 2264 teque,

1821 2289 2104 2361 quoniam,
2128 2290 2172 2343 si
2201 2286 2331 2342 inde
2363 2285 2675 2350 solvereris,
2715 2286 2899 2356 majus.
2919 2286 3181 2355 quiddam
3221 2295 3278 2340 et
3313 2287 3395 2340 lu-

1820 2381 2036 2437 crosius
2065 2383 2413 2436 inventurum
2459 2377 2806 2442 somniasses,
2838 2377 2892 2431 iu
2925 2385 3137 2432 vastum
3173 2378 3394 2448 pelagus

1820 2475 2180 2546 processisse,
2221 2481 2276 2528 et
2316 2473 2369 2526 in
2407 2471 2607 2526 llnctus
2657 2469 2942 2524 incidisse.
2974 2466 3223 2537 Cumque
3270 2484 3396 2538 per-

1822 2567 2011 2638 spicue
2039 2561 2324 2621 stultitiam
2375 2573 2524 2619 tuam
2553 2563 2862 2633 agnoveris,
2892 2576 3041 2616 nunc
3073 2577 3263 2630 rogare
3301 2576 3394 2630 pe-

1824 2671 1987 2723 tram,
2023 2658 2101 2713 uti
2141 2657 2196 2711 in
2230 2657 2412 2718 altum
2448 2669 2595 2708 mare
2649 2652 2852 2714 veniat,
2892 2661 2948 2707 et
2977 2667 3008 2706 e
3045 2651 3307 2705 ﬂuctibus
3339 2659 3392 2704 te

1821 2751 2053 2816 educat;
2082 2749 2226 2804 illam
2257 2744 2608 2818 respondere,
2639 2745 2708 2798 ab
2731 2759 2789 2798 se
2811 2744 2944 2813 peti,
2975 2742 3122 2812 quod
3143 2743 3198 2796 in
3226 2757 3391 2796 manu

1822 2854 1923 2894 sua
1969 2853 2081 2892 non
2123 2837 2222 2902 sit;
2263 2849 2454 2891 verum
2505 2837 2550 2889 si
2600 2833 2720 2904 ejus
2761 2848 2952 2888 secura
2995 2832 3394 2901 tranquillitate

1822 2930 1932 2986 l'rui
1968 2928 2268 2992 desideres,
2305 2927 2382 2981 uti
2413 2935 2468 2982 tu
2500 2926 2685 2995 potius
2716 2924 2783 2978 ad
2820 2939 2876 2979 se
2914 2939 3190 2988 accurras,
3224 2933 3282 2977 et.
3312 2939 3397 2976 re--

1826 3019 2064 3076 tinacula
2087 3033 2119 3072 a
2150 3034 2208 3074 se
2234 3025 2408 3087 aptes,
2441 3016 2493 3071 id
2541 3015 2684 3084 quod
2721 3030 2830 3068 non
2857 3015 3064 3080 verbis,
3099 3017 3192 3068 sed
3224 3029 3392 3084 opere

1827 3110 2002 3182 magis
2041 3107 2478 3174 ostendendum;
2513 3105 2651 3160 nihil
2693 3105 2838 3160 enim
2867 3104 3032 3160 verba
3068 3104 3394 3175 proderunt,

1829 3202 1932 3258 nisi
1964 3202 2142 3271 reipsa
2183 3197 2250 3254 ad
2279 3205 2501 3269 portum
2535 3196 2680 3252 hunc
2708 3195 3044 3268 confugeris.
3069 3197 3128 3251 In
3152 3212 3396 3273 praesens

157 3289 379 3356 ά-,ςεῖναι
411 3291 509 3344 ἐπὶ
552 3291 646 3345 τοῦ
680 3293 952 3361 πελάγους
982 3295 1314 3348 ἀποστάντα’
1361 3296 1638 3367 κλυδωνίῳ
1663 3299 1719 3352 δὲ

1828 3298 2012 3366 itaque
2045 3307 2147 3349 nec
2191 3308 2222 3347 a
2255 3305 2342 3345 me
2377 3289 2547 3346 ullum
2593 3287 2814 3345 timebis
2841 3289 3169 3359 periculum,
3216 3305 3396 3360 neque

157 3383 542 3450 περιπεσόντα,
597 3385 692 3438 καὶ
751 3385 943 3456 σαφῶς
1001 3385 1098 3456 τὴν
1151 3387 1410 3441 ἀϐουλίαν
1441 3389 1719 3456 ἐγνωκότα

1833 3389 2007 3445 ullum
2049 3383 2298 3455 sperabis
2340 3383 2624 3464 auxilium.
2673 3381 2829 3449 Quod
2873 3383 2920 3438 si
2965 3382 3190 3452 posthac
3241 3382 3398 3444 factis

157 3475 256 3544 τῆς
290 3477 494 3546 πέτρας
524 3477 736 3531 δεῖσθαι
770 3477 865 3532 τοῦ
889 3467 1160 3544 κλύδωνος
1196 3481 1289 3534 ἐπὶ
1319 3481 1415 3536 τοῦ
1449 3482 1719 3551 πελάγους

1833 3492 1986 3538 tuum
2030 3493 2160 3549 erga
2210 3491 2320 3542 me,
2364 3482 2422 3531 et
2456 3473 2720 3530 eximium
2752 3473 2973 3545 quidem
3020 3488 3265 3528 amorem
3304 3473 3392 3529 de-

155 3567 422 3623 ἐλθοῦσαν
452 3570 770 3641 ἐξαρπάσαι
796 3588 810 3604 ·
853 3571 951 3642 τὴν
986 3572 1040 3625 δὲ
1076 3573 1498 3644 ἀποκρίνασθαι,
1537 3575 1599 3629 οὐ
1629 3576 1719 3629 δυ‹

1829 3572 2221 3631 monstraveris
2249 3568 2465 3643 (verbis
2489 3583 2728 3639 namque
2763 3583 2877 3622 non
2901 3568 3088 3630 credo,
3125 3584 3266 3637 quas,
3283 3568 3395 3638 jam

155 3661 294 3714 νατά
336 3663 640 3717 αἰτεῖσθαι·
681 3662 795 3716 ἀλλ’
847 3663 902 3717 εί
935 3679 986 3716 τι
1038 3657 1212 3717 δέοιτο
1258 3664 1359 3733 τῆς
1393 3665 1523 3736 παρ’
1553 3665 1719 3735 αὐτῆς

1823 3666 1910 3723 bis
1934 3673 2122 3733 terque
2150 3659 2400 3716 falsitatis
2439 3668 2718 3730 comperta
2744 3660 2934 3727 sunt),
2978 3667 3093 3713 tum
3122 3674 3224 3728 ego
3265 3674 3400 3728 quo—

157 3753 425 3824 γαλήνης,
490 3755 651 3808 αὐτὸν
705 3755 905 3826 μᾶλλον
957 3755 1184 3810 ἐλθόντα
1221 3756 1357 3827 πρὸς
1413 3757 1622 3827 αὐτὴν,
1657 3760 1719 3812 τὰ

1824 3771 1930 3828 que
1973 3753 2210 3809 cilicium
2257 3766 2441 3806 meum
2483 3765 2594 3806 non
2634 3750 3070 3821 prastermittam.
3111 3749 3208 3804 His
3256 3766 3288 3804 a
3335 3767 3397 3806 se

157 3849 485 3918 πρυμνήσια
524 3849 748 3918 ἀνάψαι.
794 3847 988 3924 Τοῦτο,
1011 3847 1066 3901 δέ
1094 3850 1156 3903 οὐ
1189 3849 1391 3918 λόγοις,
1422 3850 1558 3904 ἀλλά
1592 3850 1719 3921 μᾶλ-

1826 3848 2008 3911 dictis,
2062 3857 2116 3903 et
2153 3862 2185 3900 a
2227 3843 2532 3900 domestico
2567 3842 2800 3907 auditis,
2828 3841 3161 3912 Syrgiannes
3207 3840 3400 3895 admo«

159 3939 250 3992 λον
306 3939 488 4009 ἔργοις
531 3940 940 3994 ἐπιδείκνυσθαι
968 3955 983 3972 °
1040 3939 1271 4009 οὐδεμία
1320 3941 1431 4012 γὰρ
1467 3939 1618 3994 ἔσται
1646 3957 1719 4005 τις

1829 3941 1958 3996 dum
2005 3946 2234 3994 moestus
2264 3937 2551 4001 discessit,
2591 3934 2739 4005 quod
2769 3949 2899 3991 eum
2933 3932 3192 4004 precibus
3225 3932 3295 3987 ad
3341 3947 3400 3988 se

157 4033 401 4102 ὠφέλεια
443 4033 548 4086 ἀπὸ
577 4033 688 4086 τῶν
715 4033 890 4100 λόγων
928 4031 1021 4086 ἐὰν
1063 4032 1140 4102 μὴ
1175 4032 1340 4097 αὐτὸς
1371 4033 1521 4105 ἔργῳ
1557 4049 1719 4105 προσι

1829 4031 2093 4087 tuendum
2124 4028 2345 4085 ﬂectere
2373 4025 2736 4097 nequivisset.

157 4127 375 4199 ορμήσῃ
416 4128 494 4197 τῷ
541 4126 743 4196 λιμένι.
781 4125 853 4178 Τὸ
903 4123 997 4177 νῦν
1059 4125 1158 4195 μὲν
1206 4126 1301 4180 οὖν
1357 4125 1502 4196 ἕχον,
1569 4126 1773 4197 μηδένα
1809 4124 1938 4194 παρ’
1975 4122 2140 4177 αὑτοῦ
2188 4123 2327 4193 μήτε
2361 4112 2605 4174 κίνδυνον
2665 4118 2988 4190 ὑφορᾶσθαι,
3025 4117 3152 4189 μήτ’
3178 4119 3402 4171 ἐπικου-

160 4219 281 4290 ρίας
323 4223 504 4290 τυχεῖν
552 4203 985 4285 ἐλπίζεινιῖἘάν
1033 4217 1093 4272 δὲ
1144 4217 1327 4289 ἔργοις
1360 4219 1442 4282 είς
1488 4217 1549 4271 τὸ
1578 4216 1733 4273 ἐπιὸν
1772 4215 2108 4286 ἐπιδείξηται
2168 4214 2268 4284 τὴν
2312 4212 2448 4283 πρὸς
2511 4211 2673 4268 αὑτὸν
2716 4210 2950 4284 στοργὴν
2982 4210 3178 4282 (λόγοις
3200 4209 3309 4280 γὰρ
3341 4209 3402 4262 οὐ

157 4309 458 4374 πιστεύειν,
505 4311 606 4381 ἤδη
657 4304 738 4374 δὶς
788 4308 884 4365 καὶ
923 4311 1038 4381 τρὶς
1116 4309 1591 4381 ἀποδεδειγμένοις
1653 4309 1801 4380 ἔχειν
1840 4307 1993 4376 ὑγιὲς
2025 4305 2222 4376 οὐδὲν),
2278 4304 2384 4359 τότ’
2424 4303 2526 4376 ἥδη
2582 4304 2650 4358 τὰ
2693 4305 2824 4375 παρ’
2879 4302 3072 4357 ἐαυτοῦ
3114 4302 3208 4356 καὶ
3243 4299 3404 4355 αὐτὸν

158 4403 514 4474 προσθήσειν.
554 4403 893 4474 Συργιάννης
925 4403 1022 4474 μὲν
1052 4398 1144 4458 οὖν
1177 4401 1416 4458 τοσαῦτα
1481 4401 1656 4457 εἰπὼν
1685 4404 1782 4456 καὶ
1821 4401 2062 4463 ἀκούσας
2124 4400 2479 4471 ἀνεχώρησεν
2511 4397 2744 4468 ἐκεῖθεν,
2773 4397 2873 4452 οὐκ
2899 4396 3058 4466 ὀλίγα
3103 4391 3405 4466 ἀνιώμενος

159 4497 240 4549 δτι
281 4496 357 4566 μὴ
372 4491 643 4566 ’δυνηθείη
670 4497 855 4550 πεῖσαι
888 4497 978 4550 τὸν
1005 4496 1181 4568 μέγαν
1215 4495 1364 4569 αὐτῷ
1398 4497 1724 4568 δομέστικον
1765 4495 2080 4566 προσέχειν.

1466 4635 1627 4706 273
1676 4634 1899 4692 CAPUT
1943 4631 2129 4690 XXIV.
2172 4680 2176 4685 .

111 4736 117 4741 ’
161 4734 392 4789 Testibus
437 4733 557 4804 jam
617 4732 982 4803 prementibus.
1027 4730 1216 4786 Nicaea:
1255 4732 1460 4804 obsidio
1499 4731 1974 4804 nuntiatumﬂum
2005 4729 2174 4804 classe
2205 4745 2265 4782 eo
2306 4728 2658 4804 proﬁciscitur
2688 4727 2997 4804 imperator,
3048 4723 3408 4804 Adnpngnam

233 4824 337 4860 non
388 4792 764 4868 υἱηίιιινξεεά,
803 4818 910 4873 pax
953 4804 1107 4855 certis
1154 4801 1538 4856 conditionibus
1591 4803 1940 4873 componitur.
1991 4800 2254 4873 Jndicium
2298 4792 2955 4873 Syr-giannis_ea:ercetur;
3008 4792 3409 4873 ampliqtnionem

233 4877 362 4945 petit
397 4892 413 4928 :
450 4862 628 4943 magni
663 4862 930 4927 domestici
958 4889 1107 4943 opem
1133 4873 1304 4945 denuo
1331 4873 1566 4945 ﬂagitat,
1599 4881 1646 4945 el
1678 4862 1934 4945 Byzantio
1986 4869 2317 4945 clandestine
2339 4862 2473 4945 Tuiga
2508 4883 2567 4945 ες
2601 4866 2852 4945 Colatan
2888 4863 3134 4945 proripit.
3152 4862 3252 4945 “Ab
3291 4863 3410 4929 ipso

232 4931 562 5009 imperatore
581 4946 831 5015 quasitus
863 4960 966 4997 non
992 4931 1295 4997 'invenitur.
1331 4931 1584 5015 Fit-(mam
1611 4931 1752 5015 inde:
1787 4941 2118 5015 postmodum
2168 4940 2238 4993 ad
2278 4931 2492 4993 Cr'aIEm
2539 4935 2692 5006 fugit,
2736 4936 2886 5002 eique
2914 4942 3096 4988 contra
3143 4931 3410 5015 Romanos

234 5005 450 5086 operam
481 5005 658 5069 navet.
696 5017 990 5085 Imperator
1023 5023 1305 5067 exercitum
1339 5013 1586 5066 adversus
1615 5005 2113 5065 illum'conscribit.
2605 5005 2608 5006 ⁷
3195 5005 3214 5025 ’τ

236 5135 500 5198 Βασιλεὺς
549 5135 606 5188 δὲ
670 5137 734 5188 ἐκ
784 5136 882 5203 τῆς
939 5135 1276 5206 Χαλκιδικῆς
1339 5135 1478 5206 ἄρας
1509 5175 1524 5200 ,
1570 5131 1719 5207 ἦλθει

1915 5136 2060 5206 lmpe
2071 5145 2214 5190 rator
2235 5130 2546 5189 Chalcidice
2565 5127 2883 5202 Byzantium
2921 5126 3092 5191 venit,
3111 5123 3413 5196 Syrgianne

162 5233 245 5292 είς
295 5229 612 5294 Βυζάντιονο
668 5228 984 5282 συνείποντο
1026 5230 1082 5284 δὲ
1113 5231 1208 5283 καὶ
1255 5231 1596 5300 Συργιάννης
1645 5233 1719 5283 κα¹

1839 5234 1896 5278 et
1964 5223 2323 5293 Zamplacone
2375 5219 2778 5289 sequentibus,
2841 5217 2908 5271 ad
2968 5216 3239 5286 judicium
3301 5215 3416 5269 illic

166 5319 678 5390 Τζαμπλάκων,·ὼς
706 5321 824 5372 ἐκεῖ
846 5321 1216 5390 γενησομένης
1243 5319 1418 5390 δίκης.
1453 5321 1524 5372 Οὐ
1559 5318 1719 5390 πολλᾷ

1843 5315 2161 5372 obeundum
2211 5333 2224 5368 :
2290 5314 2554 5383 brevique
2606 5310 2787 5367 vocati
2846 5310 2916 5365 ab
2977 5319 3211 5377 utroque
3252 5316 3416 5361 testes

164 5415 222 5467 δέ
250 5413 375 5466 ὖστε
386 5430 478 5484 ρον
499 5413 592 5466 καὶ
607 5415 656 5466 oi
672 5414 799 5481 παρ’
823 5413 1086 5484 ἐκατέρου
1108 5413 1576 5483 προσκεκλημένοι
1603 5412 1714 5484 μάρ

1847 5406 2145 5461 aﬂ'uerunt.
2201 5405 2356 5470 Quod
2405 5413 2464 5458 ut
2501 5402 2722 5458 rescivit
2752 5401 3070 5470 imperator,
3108 5399 3185 5451 uti
3222 5397 3289 5452 ad
3318 5398 3416 5451 tri-

165 5524 335 5579 τυρες
375 5505 654 5576 παρῆσαν.
697 5505 852 5558 Ἐπεὶ
897 5506 952 5559 δὲ
980 5505 1272 5584 ἐπύθετρὸ
1301 5506 1578 5576 βασιλεὺς,
1623 5506 1715 5558 ἐκέ

1847 5499 2015 5556 bunal
2086 5513 2276 5566 omnes
2338 5507 2536 5567 praesto
2588 5495 2882 5560 adessent,
2932 5490 3231 5548 mandavit.
3277 5487 3414 5544 Cum

1435 5620 1652 5684 Jacobi
1685 5621 1951 5682 Pontsni
1982 5627 2168 5681 I'IONB.

198 5753 312 5829 (l5)
331 5752 534 5829 ιξαιμὴ
550 5751 634 5806 διὰ
659 5717 1037 5829 μικῶζῖίυχίαν-
1063 5751 1288 5829 Foedum
1303 5760 1566 5829 erratum;
1587 5751 1719 5829 plain

1856 5748 2284 5829 μεγαλοψιξχων,
2346 5748 2416 5829 ita
2475 5746 3028 5826 elinnocentetdnon
3065 5741 3172 5829 pati
3205 5740 3417 5829 calum-

165 5810 318 5879 (εήίιὴ
338 5810 614 5891 ﬂagitante
625 5810 1284 5891 séméntia'scribendum,
1307 5810 1714 5891 μεγαλοψυχίαν

1844 5810 1951 5891 uiis
1981 5810 2238 5891 opprimi.
2293 5817 2661 5891 -_lnterpres
2711 5815 2936 5891 corrigit
2987 5810 3416 5891 μεγαλοψυχίαν,

169 5881 592 5962 Ρτοίοριονοηίιη
621 5906 843 5962 propter
873 5881 1719 5962 μεγαλοψυχίανβγιῖείιιιιὶιἰ’ἑλίξεις

1844 5888 1937 5944 scd
1965 5881 2160 5942 melius
2195 5881 2576 5957 μικρολυπίαν,
2615 5884 2758 5954 quod
2811 5881 3010 5939 Nicetis
3047 5881 3276 5938 verbum
3307 5889 3416 5934 est.

172 5977 397 6034 quoque
450 5959 676 6034 ignovit.
731 5962 881 6016 Sicut
910 5977 1038 6030 ergo
1085 5963 1186 6014 hoc
1232 5959 1466 6015 (ιίῐίὑίυἶιι
1507 5971 1584 6015 est
1634 5960 1739 6010 τῶν
