3794 6558
75 372 199 438 597

1260 368 1814 435 HISTORIARUM
1854 369 2083 431 LIBER
2123 369 2208 430 II.

3241 358 3348 424 598

77 489 384 559 ζομᾶνους,
410 487 667 561 ναυάρχῳ
699 488 778 556 τῷ
813 488 1068 562 σφετέρῳ
1117 488 1217 561 τήν
1245 487 1472 559 γνώμην
1490 475 1673 544 ἳιατά·

1778 485 2050 554 ignaviter
2092 492 2320 556 cogalur
2373 484 2584 556 iugere,
2615 481 2752 554 ipsis
2781 493 2888 537 nec
2939 470 3049 533 vim
3095 475 3348 541 illaturis,

73 580 258 648 δηλον
309 582 548 644 ἐποίουν,
585 582 887 651 φάσκοντες
915 582 992 648 ὡς
1027 582 1165 637 πᾶσι
1202 580 1406 651 μᾶλλον
1452 579 1669 648 ἀνθρὼ-

80 692 223 734 ποις
267 675 300 745 ἢ
347 675 560 744 βασιλεῖ
606 676 684 747 τῷ
718 677 1011 747 Ῥωμαίων
1044 676 1184 732 ὅπλα
1221 675 1505 746 ἀνταίρειν
1559 669 1670 728 εἷεν

75 768 330 824 δυνατοί.
367 765 442 826 OB
483 770 549 840 δὴ
577 770 742 825 ἕνεκα
787 771 882 824 καὶ
913 773 1044 841 πρὶν
1087 771 1428 840 καταστῆναι
1487 771 1545 833 ἐς
1571 767 1670 838 τὴν

83 859 302 928 μάχην,
339 860 582 930 φανερὰν
627 858 778 932 αὑτῷ
811 861 912 932 τὴν
941 861 1138 934 βουλὴν
1191 862 1368 915 ποιεῖν
1402 859 1553 923 ὅπως
1576 859 1672 912 τά-

77 966 258 1017 χιστα
308 952 375 1005 τὰ
407 950 600 1006 δέοντα
651 952 1021 1026 ¹βουλεύσηται
1072 954 1169 1008 καὶ
1226 955 1306 1026 μὴ
1333 951 1668 1023 ἀναγκασθῇ

81 1043 325 1110 φεύγειν
349 1044 594 1116 αίσχρῶς
626 1047 719 1100 καὶ
747 1047 1010 1116 ἀγεννῶς,
1046 1045 1357 1118 μήτε,ὃπλα
1377 1045 1671 1116 ἀνταιρόν-

76 1151 203 1186 των
232 1133 412 1188 αὐτῶν
443 1137 580 1206 μήτε
597 1135 983 1208 ἀμυνομένων.
1027 1137 1087 1193 '0
1121 1137 1179 1192 δέ
1207 1138 1407 1201 αὖτοὺς
1442 1136 1546 1207 μὲν
1568 1135 1672 1206 τῆς

77 1225 359 1294 ἀληθείας
419 1227 585 1282 ἓνεκα
652 1229 910 1302 ἐπῄνεσε,
973 1229 1069 1284 καὶ
1128 1229 1293 1302 χάριν
1343 1229 1671 1301 ὡμολόγησε

84 1317 319 1388 πολλήν.
352 1320 644 1394 Δομηηνίκῳ
667 1320 729 1376 δὲ
763 1321 846 1392 τῷ
891 1323 1100 1387 παντὸς
1139 1323 1366 1394 ἄρχοντι
1406 1323 1505 1377 τοῦ
1551 1321 1673 1376 στό-

82 1407 214 1475 λου,
248 1410 336 1463 καὶ
354 1413 467 1481 τοῖς
517 1411 698 1476 ἄλλοις
713 1413 1008 1484 ναυάρχοις
1034 1413 1144 1468 τῶν
1170 1413 1420 1469 Λατίνων
1441 1413 1672 1483 προσελ-

85 1499 229 1566 θὼν,
249 1503 352 1557 οὐκ
383 1503 588 1572 ἔφασκε
604 1504 829 1570 δεόντως
849 1505 1240 1576 βεϐουλεῦσθαι
1263 1507 1396 1578 πρὶν
1426 1505 1674 1578 ἁκριὸῶς

79 1593 360 1662 ἐκμαθεῖν
400 1595 602 1659 ὁπόσας
633 1597 757 1665 άγοι
814 1598 1064 1670 τριήρεις
1093 1597 1124 1651 ό
1169 1597 1443 1667 βασιλεὺς,
1473 1599 1674 1670 ἀπερι-

86 1687 350 1751 σκέπτως
399 1688 538 1759 πρὸς
579 1690 681 1760 τήν
740 1691 1054 1762 ναυμαχίαν
1101 1691 1246 1745 οὕτω
1285 1693 1386 1746 καὶ
1419 1691 1674 1763 θρασέως

85 1783 317 1850 χωρεῖν.
375 1781 503 1836 Ἐάν
537 1782 648 1850 γὰρ
684 1783 930 1853 συμϐαίη
979 1783 1305 1855 ἡττηθῆναι,
1359 1783 1512 1837 οὐδὲν
1538 1783 1668 1837 ἄλλο

1778 1781 1894 1828 tum
1932 1772 2152 1829 demum
2206 1773 2609 1846 conﬂigendum
2663 1791 2678 1830 :

1772 589 1876 630 nec
1925 575 2132 630 illatam
2185 573 2510 645 repulsuris.
2557 572 2874 628 Navarchus
2897 583 2995 626 eos
3027 567 3098 623 de
3131 565 3350 623 confes-

1771 665 1929 722 sione
1975 665 2092 720 veri
2137 664 2436 730 collaudat,
2470 664 2675 736 gratias
2707 677 2932 734 magnas
2974 660 3107 732 agit,
3140 659 3206 714 ad
3244 657 3351 714 Do-

1773 757 2035 813 minicum
2098 758 2269 814 totius
2329 759 2522 813 classis
2575 757 2958 828 imperatorem
3009 761 3348 822 exterasque

1773 847 2097 903 Latinorum
2129 849 2438 904 navarchos
2464 847 2720 914 accedit;
2749 861 2858 902 non
2889 859 2986 901 eos
3011 845 3218 900 bonum
3259 858 3350 898 ce-

1773 941 1920 1011 pisse
1949 940 2242 997 consilium
2271 939 2428 1006 dicit,
2460 940 2780 1011 priusquam
2809 946 3002 994 exacte
3026 934 3346 1002 didicerint,

1775 1049 1902 1090 cum
1950 1043 2088 1105 quot
2127 1035 2446 1092 triremibus
2503 1033 2784 1090 Romanus
2812 1032 3087 1094 adveniat,
3132 1029 3206 1085 ita
3245 1029 3346 1082 imo

1763 1127 2004 1196 provide
2040 1129 2492 1200 conﬁdenterque
2535 1127 2730 1184 navale
2759 1141 2884 1183 cum
2931 1125 3053 1197 ipso
3097 1122 3346 1195 praelium

1771 1223 2141 1280 committere.
2173 1223 2313 1280 Nam
2369 1225 2416 1280 si
2453 1224 2605 1281 vinci
2629 1221 2941 1293 contigerit,
2973 1219 3112 1276 nihil
3150 1231 3349 1289 super-

1771 1329 1894 1373 esse
1945 1318 2113 1386 quam
2164 1316 2438 1389 disperire
2472 1315 2752 1380 'iunditus,
2780 1329 2906 1370 cum
2947 1327 3140 1370 omnes
3164 1311 3260 1383 qui
3289 1311 3346 1367 in

1768 1408 1952 1464 insula
1984 1408 2116 1473 sint,
2151 1409 2400 1480 ipsorum
2432 1410 2619 1464 hostes
2650 1408 2781 1470 sint.
2810 1421 3031 1478 unaque
3071 1407 3196 1460 cum
3238 1403 3349 1459 Ro-

1775 1500 1954 1554 manis
2004 1497 2073 1554 ad
2135 1513 2324 1554 eorum
2389 1498 2618 1554 exitium
2669 1496 2969 1552 incubituri
3033 1494 3344 1549 videantur.

1767 1589 1956 1656 Quare
1983 1591 2334 1662 imperatoris
2364 1591 2509 1647 vires
2565 1599 2619 1646 et
2649 1590 2952 1662 potentiam
2995 1588 3156 1659 prius
3187 1584 3348 1640 inda-

1771 1680 2006 1750 gandam
2044 1696 2062 1736 :
2101 1691 2157 1738 et
2192 1683 2240 1738 si
2280 1697 2338 1737 se
2380 1689 2575 1738 contra
2622 1697 2734 1737 non
2781 1681 3031 1737 inﬁrmos
3079 1678 3346 1744 sentiant,
3401 1701 3406 1705 ~

2749 1774 2835 1829 sin
2892 1774 3104 1838 minus,
3153 1771 3351 1828 salutis

85 1844 345 1926 λείπεται
393 1873 428 1944 ή
470 1844 790 1929 παντάπασι
849 1844 1243 1946 διαφθαρξναι,
1288 1844 1516 1930 πάντων
1561 1876 1672 1930 τῶν

1778 1865 1998 1936 aliquod
2047 1865 2354 1939 perfugium
2379 1844 2768 1938 quaerendum.
2789 1865 2972 1938 Quod
3003 1864 3071 1920 ad
3101 1880 3188 1920 me
3219 1863 3350 1919 atti-

83 1963 286 2019 ἐνθάδε
328 1965 603 2036 πολεμίων
653 1966 824 2020 ὄντων
871 1969 966 2023 καὶ
1020 1967 1558 2040 συνεπιθησομένων.
1597 1962 1672 2024 Οὖ

1778 1966 1892 2022 net,
1949 1958 2149 2028 inquit,
2189 1959 2390 2030 cupide
2439 1959 2722 2016 vobiscum
2773 1959 2846 2015 ad
2904 1959 3050 2014 hanc
3102 1955 3348 2013 navalem

82 2052 172 2122 δη
207 2052 372 2108 ἕνεκα
415 2053 588 2125 ἐχρῆν
646 2055 915 2128 πρότερον
972 2058 1072 2130 τὴν
1125 2056 1357 2126 δύναμιν
1407 2057 1674 2129 βασιλέως

85 2146 326 2218 ἐρευνᾷν
376 2147 582 2218 ὁπόσην
619 2148 769 2217 ἄγει,
805 2148 916 2204 κᾶν
951 2150 1054 2220 μέν
1093 2143 1198 2204 οἷοί
1244 2165 1304 2203 τε
1327 2145 1428 2223 ἦτε
1454 2151 1674 2204 διαναυ-

89 2241 329 2308 μαχεῖν,’
353 2239 419 2293 ἃν
459 2241 516 2294 δέ
553 2243 652 2313 μὴ,
687 2243 1016 2313 καταφυγήν
1041 2260 1165 2298 τινα
1197 2244 1306 2316 ὅπη
1358 2243 1672 2316 σωθήσεσθε

88 2329 308 2398 ζητεῖν.
353 2331 496 2400 Ἐγὼ
525 2333 582 2386 δὲ
613 2333 913 2406 προθύμως
943 2334 1046 2402 μὲν
1077 2334 1143 2389 ἂν
1165 2336 1303 2404 πρὸς
1337 2335 1436 2408 τήν
1466 2354 1676 2406 ναυμαι

89 2421 229 2489 χὶαν
259 2422 720 2493 συνηγωνισάμην
747 2423 941 2494 παρὼν
977 2424 1128 2494 ὑμῖν.
1157 2425 1385 2494 Δηλίους
1423 2425 1480 2479 δὲ
1518 2427 1674 2482 οὐδέν

88 2511 216 2562 ἐστι
245 2508 306 2563 τὸ
331 2512 516 2564 πεῖσον
547 2511 688 2565 ὅπλα
721 2512 1005 2582 ἀνταίρειν
1060 2512 1295 2583 βασιλεῖ,
1319 2513 1456 2568 ἀλλὰ
1495 2515 1673 2570 πάντα

93 2603 306 2670 μᾶλλον
336 2603 580 2674 αίρετέα,
633 2605 667 2676 ή
708 2605 841 2675 πρὸς
871 2605 1099 2676 βασιλέα
1139 2606 1327 2670 αὐτοῖς
1357 2607 1673 2679 πολεμητέα

90 2688 247 2746 εἶναι
275 2691 512 2759 λέγουσι.
545 2692 836 2758 Βιάζεσθαι
881 2695 984 2764 μὲν
1014 2691 1109 2750 οὖν
1159 2696 1260 2751 οὐκ
1305 2693 1516 2762 ἔξεστιν
1572 2699 1674 2754 αὐ·-

91 2787 227 2846 τοὺς
256 2785 461 2849 πάντας
521 2786 716 2856 ἐπίσης
771 2787 872 2857 τὴν
896 2787 1093 2857 ὁμοίαν
1137 2787 1365 2861 γνώμην
1423 2789 1672 2861 ἔχοντας.

98 2874 294 2939 Ἔδοξε
339 2874 395 2928 δέ
433 2891 525 2946 μοι
573 2874 786 2944 βέλτιον
850 2876 1206 2949 σκεψαμένῳ,
1264 2878 1397 2951 πρὶν
1447 2878 1675 2951 βασιλέα

91 2970 278 3033 ήκειν,
334 2967 656 3039 ἀναχωρεῖν.
711 2969 837 3022 Ἐὰν
871 2972 980 3040 γὰρ
1032 2971 1292 3040 ὀφθέντος
1357 2973 1675 3045 φεύγωμεν,

96 3062 368 3133 αἰσχύνην
416 3062 480 3117 οὐ
526 3061 625 3132 τὴν
666 3062 938 3133 τυχοῦσαν
983 3065 1444 3142 προπριψόμεθα
1477 3068 1680 3126 Σπιτα.

1773 2063 2014 2119 pugnam
2049 2051 2380 2123 aggrederer
2409 2071 2423 2108 :
2465 2053 2651 2110 Delios
2683 2056 2889 2118 autem,
2928 2067 2988 2108 ut
3029 2048 3350 2122 imperatori

1774 2140 1945 2197 armis
1983 2142 2270 2210 resistant,
2309 2157 2472 2199 nemo
2499 2141 2738 2199 adducet
2772 2159 2788 2199 :
2831 2142 2927 2213 qui
2961 2141 3128 2198 citius
3165 2139 3350 2196 omnia

1774 2232 1879 2288 sibi
1912 2234 2292 2304 perpetienda,
2323 2251 2487 2307 quam
2519 2235 2788 2292 adversus
2833 2249 2959 2292 eum
2991 2231 3352 2306 pugnandum

1777 2331 2068 2379 testantur.
2114 2325 2324 2396 Cogere
2355 2327 2523 2396 igitur
2561 2325 2688 2382 illos
2723 2326 2806 2381 i‘as
2848 2339 2956 2382 non
2986 2332 3089 2390 est,
3130 2323 3353 2394 quando

1775 2430 1841 2472 ex
1879 2431 2038 2488 aequo
2077 2433 2271 2474 omnes
2306 2419 2383 2475 ita
2407 2419 2680 2477 sentiunt.
2712 2419 2845 2474 Mihi
2871 2431 3040 2494 porro
3076 2431 3135 2472 re
3169 2415 3353 2472 consi-

1775 2507 1965 2563 derata
1997 2508 2401 2567 conducibilius
2446 2519 2692 2583 apparet,
2727 2520 3029 2580 antequam
3068 2508 3215 2564 adsit
3247 2507 3350 2562 im-

1775 2610 2018 2670 perator,
2054 2600 2334 2657 recedere.
2387 2601 2444 2658 Si
2488 2602 2636 2658 enim
2681 2611 2806 2657 ante
2842 2601 2962 2674 ejus
2994 2607 3351 2670 conspectum

1774 2692 2098 2764 fugerimus,
2153 2709 2262 2750 non
2303 2695 2746 2766 qualemcunque
2778 2695 2956 2751 labem
3001 2693 3354 2766 Hospitalen-

1775 2786 1932 2841 sibus
1994 2801 2300 2842 inuremus.
2337 2786 2507 2842 Vobis
2555 2773 2702 2842 curae
2740 2785 2869 2848 erit,
2908 2794 2971 2841 ut
3007 2780 3118 2841 illis
3146 2787 3351 2858 optime

1775 2878 2114 2934 consulatur.
2150 2879 2279 2937 Haec
2317 2890 2611 2951 postquam
2649 2881 2793 2937 dieta
2829 2880 3002 2947 dedit,
3032 2895 3128 2937 eos
3167 2881 3352 2936 valere

1771 2971 1958 3041 jussit,
2027 2987 2094 3028 ac
2146 2973 2337 3028 Delum
2377 2973 2643 3029 cucurrit.
2694 2973 2980 3030 Dominico
3031 2974 3355 3044 ceterisque

1777 3063 2012 3122 ducibus
2052 3081 2161 3151 non
2212 3066 2450 3138 amplius
2496 3066 2600 3122 fuit
2651 3067 2926 3124 sententia
2978 3068 3216 3123 navibus
3257 3065 3354 3122 dc-

97 3156 348 3218 λιώταις.
379 3153 628 3222 Μελήσει
667 3153 726 3208 δὲ
754 3154 883 3224 ὑμῖν
908 3153 1058 3220 ὅπως
1097 3156 1166 3210 ἂν
1194 3156 1450 3227 βέλτιστα
1481 3159 1674 3232 διάθη-

1779 3164 2027 3222 certare,
2076 3157 2196 3214 'sed
2275 3159 2530 3216 triremes
2591 3159 2789 3232 quinas
2841 3157 3078 3230 'quidem
3132 3159 3189 3214 in
3260 3174 3355 3215 ca-

98 3248 198 3302 σθε
230 3248 300 3302 τὰ
326 3246 449 3302 καθ’
483 3247 704 3312 αὐτούς.
739 3247 802 3302 Ὁ
845 3247 944 3320 μὲν
979 3247 1073 3303 οὖν
1101 3249 1210 3305 τῶν
1237 3252 1450 3324 Δηλίων
1474 3252 1678 3326 ναύαρο

97 3357 216 3410 χος,
249 3339 474 3395 τοιαῦτα
521 3339 694 3396 είπὼν
743 3339 836 3394 καὶ
879 3338 1284 3411 συνταξάμενος
1311 3343 1517 3410 αὐτοῖς,
1542 3345 1680 3400 άπι-

99 3432 340 3485 πλευσεν
367 3434 447 3496 ετς
477 3431 672 3502 Δῆλον.
701 3433 984 3504 Δομενίκῳ
1009 3431 1066 3485 δὲ
1091 3435 1184 3487 καὶ
1212 3436 1328 3500 τοῖς
1357 3434 1538 3500 ἄλλοις
1565 3442 1681 3502 τοῖς

101 3526 534 3594 ὑπολειφθεῖσιν,
559 3525 744 3588 οὐκέτι
769 3525 947 3580 ἐδόκει
979 3531 1285 3598 ναυμαχεῖν
1303 3543 1318 3560 ·
1351 3528 1492 3585 ἀλλὰ
1515 3528 1679 3584 πάντε

102 3621 204 3690 μέν
231 3618 341 3673 τῶν
368 3620 645 3691 τριήρεων
670 3619 928 3688 ἔπεμψαν
954 3620 1034 3683 είς
1085 3619 1368 3690 Καλλονὴν
1412 3621 1678 3692 φρούριόν

99 3733 151 3768 τι
187 3714 334 3768 κατὰ
360 3714 463 3784 τήν
496 3711 707 3766 Λέσϐον
727 3713 823 3766 ἐπὶ
849 3712 930 3784 τῷ
955 3715 1104 3768 σῖτόν
1133 3731 1193 3767 τε
1221 3716 1542 3784 εἰσαγαγεῖν
1583 3715 1680 3770 καὶ

100 3806 366 3877 φρουράν.
384 3806 689 3863 Ἐδεδίεσαν
710 3806 822 3878 γὰρ
845 3809 976 3878 περὶ
992 3798 1162 3862 αὐτοῦ
1185 3807 1262 3879 μή
1283 3808 1390 3862 ὑπὸ
1413 3807 1681 3878 βασιλέως

99 3901 158 3963 ἐξ
190 3897 492 3971 ἐπιδρομῆς
521 3898 634 3970 ἁλῷ
653 3915 667 3930 ⁸
700 3898 853 3953 αὐτοὶ
891 3896 948 3952 δέ
974 3901 1091 3964 ταῖς
1129 3899 1346 3964 λοιπαῖς
1374 3900 1706 3973 ἐφρούρουν

98 3991 442 4064 Μιτυλήνην.
478 3992 740 4057 Βασιλεὺς
765 3993 821 4048 δέ
849 3992 967 4064 ἅμα
1004 3995 1174 4047 παντὶ
1202 3994 1282 4064 τῷ
1319 3994 1491 4066 στόλῳ
1512 3989 1681 4067 ἦλθεν

97 4091 181 4153 είς
214 4087 435 4160 Ἔρεσόν
461 4103 474 4118 ο
507 4087 802 4150 ἐπαινέσας
825 4087 884 4140 δέ
918 4086 1236 4158 Ἐρεσσίους
1259 4087 1364 4160 τῆς
1402 4088 1485 4153 είς
1515 4088 1680 4144 αὐτὸν

99 4178 315 4241 εὐνοίας
344 4177 532 4242 ἐνεκα,
564 4177 660 4232 καὶ
709 4179 968 4248 προνοίας
1005 4178 1140 4249 ὅσης
1169 4177 1382 4233 ἐδέοντο
1416 4178 1676 4247 άξιώσας,

100 4272 244 4343 ἄρας
292 4270 502 4326 ἐκεῖθεν
557 4269 710 4324 ιπλει
749 4270 842 4324 ἐπὶ
865 4269 1020 4327 Χίον.
1071 4271 1204 4326 ’Δπὺ
1230 4272 1468 4336 σκοπιᾶς
1500 4273 1558 4327 δέ
1592 4289 1680 4338 τις

104 4365 252 4435 μέγα
274 4362 435 4433 βοῶν,
455 4362 790 4417 ἐπυνθάνετο
818 4379 884 4416 πε
895 4364 950 4433 pl.
977 4363 1165 4418 στόλου
1199 4363 1338 4418 ὅτων
1367 4363 1476 4434 εῖη.
1513 4365 1679 4420 Ἀπο-

103 4454 452 4524 κριναμένων
481 4455 559 4519 δέ,
585 4453 661 4516 ὡς
681 4454 766 4524 εῖη
798 4452 1086 4522 βασιλέως,
1118 4455 1278 4518 αὑτός
1310 4472 1368 4510 τε
1410 4456 1678 4527 πάρεστιν

1779 3249 2000 3307 stellum
2043 3249 2318 3322 quoddam
2361 3249 2546 3317 Lesbi,
2592 3252 2874 3308 Callonem
2935 3250 3226 3318 vocabulo,
3285 3247 3355 3305 ad

1779 3352 2152 3400 commeatum
2206 3354 2262 3399 et
2293 3344 2611 3416 prmsidium
2652 3343 3065 3416 importandum
3097 3345 3354 3406 mittunt,

1779 3437 1926 3509 quod
1959 3437 2028 3494 ab
2075 3438 2409 3508 imperatore
2460 3454 2559 3510 per
2601 3438 2971 3493 incursionem
3017 3447 3239 3510 captum
3288 3440 3358 3496 iri

1781 3528 2132 3599 metuebant:
2177 3529 2280 3600 ipsi
2325 3545 2455 3584 cum
2515 3529 2742 3600 reliquis
2786 3529 3081 3602 Mitylenen
3128 3533 3362 3589 tueban-

1781 3627 1890 3675 tur.
1920 3620 2082 3692 292
2111 3621 2415 3690 imperator
2455 3635 2579 3677 cum
2623 3628 2734 3674 tota
2769 3619 2944 3675 classe
2979 3619 3240 3676 Eressum
3282 3622 3362 3678 te;

1779 3727 1940 3779 nens,
1998 3711 2204 3769 civium
2255 3727 2382 3783 erga
2433 3725 2492 3766 se
2539 3710 2788 3767 studium
2829 3712 3269 3778 commendavit,
3303 3725 3360 3770 et

1779 3819 1973 3861 eorum
2038 3804 2202 3858 rebus
2263 3817 2362 3872 pro
2420 3801 2748 3857 necessitate
2817 3803 3108 3872 prospexit
3153 3821 3167 3858 :
3233 3803 3361 3859 inde

1779 3895 1979 3953 Chium
2011 3894 2305 3966 navigavit.
2365 3893 2409 3951 Ε
2459 3894 2683 3964 specula
2717 3909 2883 3964 porro
2921 3897 3146 3966 quidam
3180 3897 3357 3953 altum

1779 3987 2108 4053 vociferans,
2150 3985 2426 4058 quaesivit,
2471 3986 2760 4057 cujusnam
2795 3988 2991 4043 classis
3032 3997 3222 4057 esset;
3269 4005 3358 4046 rc-

1780 4096 2046 4154 sponsum
2079 4121 2096 4148 ,
2143 4080 2494 4150 imperatoris
2539 4094 2662 4136 esse
2688 4119 2704 4146 ,
2759 4090 2816 4136 et
2861 4095 2988 4136 eum
3033 4092 3356 4153 praesentem

1779 4174 1996 4232 adesse.
2024 4173 2095 4230 At
2123 4171 2272 4230 enim
2304 4187 2428 4245 quas
2455 4171 2512 4228 in
2559 4172 2683 4231 sinu
2731 4171 2989 4230 Callones
3033 4183 3162 4231 sunt
3199 4174 3360 4230 trire-

1781 4283 1919 4333 mes,
1954 4268 2158 4338 inquit,
2193 4268 2356 4340 cujus
2379 4267 2552 4324 sunt?
2576 4267 2623 4324 Ε
2647 4265 2848 4340 quibus
2871 4267 3060 4324 verbis
3091 4267 3360 4340 colligens

1780 4361 2082 4432 imperator
2125 4359 2194 4416 de
2233 4361 2300 4417 iis
2329 4375 2473 4427 esse,
2505 4374 2629 4432 quae
2675 4359 2820 4432 apud
2851 4358 3147 4433 Mitylenen
3177 4371 3355 4432 erant,

1780 4455 1847 4510 ad
1885 4454 2166 4510 Callonem
2192 4453 2448 4509 tuendam
2480 4433 2662 4510 missa:
2694 4452 2971 4520 videlicet,
3008 4467 3264 4512 reversus
3302 4455 3358 4511 in

103 4555 132 4604 ὁ
163 4547 439 4621 βασιλεύςο
470 4548 538 4601 Al
575 4547 631 4600 δὲ
661 4549 722 4601 ἐν
763 4545 840 4618 τῷ
864 4546 1050 4616 κόλπῳ
1083 4547 1184 4618 τῆς
1208 4548 1510 4620 Καλλονῆς,
1547 4549 1674 4621 ἔφη,

1785 4547 1929 4618 ipsas
1969 4546 2264 4616 ferebatur.
2307 4547 2426 4604 Jam
2471 4562 2582 4602 nox
2632 4547 2800 4603 rebus
2847 4545 3199 4614 incubuerat,
3232 4563 3357 4604 cum

104 4644 351 4715 τριήρεις
381 4641 559 4706 τίνο;;
602 4640 698 4693 Ἐκ
723 4639 818 4694 τοῦ
849 4639 1013 4708 λόγου
1059 4640 1118 4694 δὲ
1153 4629 1333 4705 συνεῖς
1359 4643 1388 4695 ό
1419 4642 1679 4713 βασιλευς

108 4738 172 4788 ἐκ
193 4734 303 4788 τῶν
337 4733 416 4796 εις
445 4730 762 4801 Μιτυλήνην
788 4730 966 4784 οὐσῶν
979 4728 1133 4785 εἶναι
1167 4731 1510 4804 φρουρούσας
1533 4735 1678 4789 Καλ-

103 4825 288 4894 λονὴν,
336 4821 685 4893 ἀναστρέψας
732 4820 964 4893 ήλαυνεν
1011 4821 1098 4875 ἐπ’
1132 4823 1398 4888 ἐκείνους.
1429 4823 1570 4894 Ἤδη
1620 4825 1677 4879 δὲ

105 4915 402 4972 ἐπελάϐετο
427 4916 461 4986 ἡ
493 4914 604 4980 νύξ.
639 4916 859 4969 Λατῖνοι
887 4914 944 4968 δὲ
979 4914 1056 4977 ὡς
1089 4909 1232 4968 εἶδον
1253 4915 1478 4986 βασιλέα
1509 4933 1677 4987 προσ·

107 5010 423 5074 ελαύνοντα,
461 5009 522 5062 τό
555 5024 615 5060 τε
665 5005 890 5077 φεύγειν
937 5007 1143 5078 ἄπορον
1189 5007 1450 5080 δρῶντες,
1491 5007 1586 5062 καὶ
1619 5009 1680 5075 τὸ

105 5101 521 5168 διαγωνίζεσθαι
574 5099 860 5163 ἀδύνατον,
913 5097 1122 5165 ἐξῶσαν
1173 5099 1257 5162 είς
1296 5098 1397 5170 τὴν
1442 5099 1546 5170 γῆν
1579 5099 1680 5165 τὰς

91 5196 261 5261 ναῦς,
284 5193 381 5248 καὶ
403 5193 560 5248 αὐτοὶ
591 5192 1018 5263 κατεκρύϐησαν
1053 5193 1160 5247 ὑπὸ
1197 5191 1298 5263 τὴν
1326 5190 1484 5262 ὕλην,
1510 5209 1680 5262 συνη-

106 5289 304 5359 ρεφοῦς
338 5285 432 5341 τοῦ
476 5288 643 5341 τόπου
681 5287 1012 5358 πεφυκότος,
1047 5285 1165 5358 ἃμα
1189 5285 1246 5340 δὲ
1286 5286 1679 5358 συνεργοῦντος

107 5379 328 5436 καὶτοῦ
366 5379 612 5444 σκότους.
671 5381 781 5435 Καὶ
826 5381 924 5444 τὶς
975 5380 1077 5451 μὲν
1121 5381 1373 5452 τριήρεις
1422 5369 1706 5436 εἵλκυσαν

110 5474 270 5536 κενὰς
296 5473 346 5524 οί
377 5471 668 5543 βασιλικοί.
707 5471 1036 5534 Ἀποὸἀντες
1080 5490 1140 5527 τε
1188 5471 1282 5526 καὶ
1326 5471 1682 5546 διερευνησά-

111 5565 384 5636 μεειοιτήν
421 5564 656 5635 λόχμην,
703 5566 844 5637 ὑπὲρ
895 5566 1116 5638 ἡμίσεις
1175 5567 1358 5620 αὐτῶν
1407 5568 1534 5632 τοὺς
1582 5568 1682 5638 μέν

110 5657 459 5723 ἀπέκτειναν,
493 5659 620 5720 τοὺς
648 5657 706 5710 δὲ
731 5659 823 5710 καὶ
851 5653 997 5710 εἶλον
1037 5657 1268 5721 ζῶντας.
1302 5659 1459 5711 Ὅσοι
1489 5659 1544 5712 δὲ
1577 5659 1683 5713 ὑπὸ

116 5749 299 5810 σκότος
329 5748 674 5818 ἠδυνήθησαν
704 5747 1012 5815 διαφυγεῖν,
1045 5749 1124 5812 είς
1155 5749 1470 5819 Μιτυλήνην
1493 5749 1684 5802 διεσώ-

117 5839 283 5910 θησαν
310 5840 446 5912 πρδς
477 5840 605 5904 τοὺς
633 5839 890 5904 οίκείους.
927 5840 1190 5905 Βασιλεὺς
1219 5841 1276 5894 δὲ
1307 5845 1420 5896 ἐκεῖ
1452 5842 1680 5914 πιγκέρ-

1779 4639 1959 4695 Latini
2005 4639 2083 4694 illi
2116 4639 2507 4710 imperatorem
2539 4639 2704 4695 allabi
2757 4649 3180 4712 cognoscentes,
3227 4641 3358 4712 quia

1777 4731 1902 4804 fuga
1929 4746 2197 4803 nusquam
2218 4732 2460 4802 patebat,
2480 4741 2534 4788 et
2559 4741 2752 4790 contra
2780 4747 3023 4804 pugnare
3057 4731 3360 4789 non'daba-

1782 4833 1890 4891 tur,
1918 4839 2084 4879 naves
2129 4823 2196 4877 ad
2248 4832 2449 4878 terram
2473 4823 2782 4894 appellunt,
2811 4835 2869 4880 et
2897 4823 3002 4895 ipsi
3039 4839 3100 4880 se
3129 4824 3186 4879 in
3219 4825 3356 4882 silva

1779 4918 2049 4988 proxima,
2100 4917 2223 4971 loco
2254 4925 2454 4971 natura
2488 4916 2750 4972 umbroso
2803 4925 2857 4971 et
2885 4931 3083 4986 opaco,
3117 4917 3358 4974 tenebris

1779 5016 1946 5070 etiam
1990 5032 2086 5072 eos
2137 5015 2524 5087 adjuvantibus
2576 5013 2946 5071 abscondunt.
2987 5015 3067 5070 Ac
3107 4997 3360 5072 triremes

1779 5107 2004 5178 quidem
2034 5122 2236 5162 vacuas
2257 5106 2492 5161 Romani
2525 5105 2830 5171 trahentes,
2857 5103 3202 5160 descendunt
3234 5120 3248 5158 :
3274 5105 3359 5160 lo.

1781 5214 1955 5269 caque
1983 5199 2248 5255 insidiosa
2274 5200 2626 5270 perscrutati,
2651 5213 2818 5268 supra
2841 5197 3135 5253 dimidium
3164 5213 3357 5256 eorum

1780 5294 1981 5364 partim
2011 5291 2314 5358 trucidant,
2339 5291 2538 5362 partim
2562 5290 2806 5362 capiunt.
2830 5287 2935 5357 Qui
2965 5305 3061 5361 per
3086 5291 3340 5349 tenebras

1782 5385 2029 5456 eil'ugere
2059 5392 2378 5454 potuerunt,
2414 5382 2708 5455 Mitylenen
2736 5381 2817 5447 ,ad
2849 5397 2980 5438 suos
3001 5383 3136 5438 salvi
3166 5398 3354 5456 perve~

1783 5485 2009 5532 nerunt.
2062 5477 2390 5547 Imperator,
2444 5476 2711 5547 pineerna
2764 5476 3240 5549 Philanthropcno
3287 5481 3358 5536 ad

1782 5568 2079 5639 Mitylenen
2125 5569 2364 5639 pedestri
2393 5579 2464 5624 'et
2513 5569 2762 5640 equestri
2804 5584 2966 5624 manu
3001 5570 3359 5628 obsidendam

1785 5660 2000 5727 relicto,
2028 5660 2314 5716 Phocaeam
2342 5675 2567 5717 cursum
2595 5660 2852 5726 intendit,
2871 5663 2958 5717 cui
2994 5671 3123 5720 tunc
3149 5663 3358 5720 Odoar-

1785 5752 1892 5808 dus
1923 5761 2174 5822 praeerat.
2231 5752 2293 5808 lu
2341 5753 2520 5810 Lesbo
2573 5753 2742 5825 igitur
2789 5753 2993 5822 relicti,
3022 5756 3225 5828 oppida
3259 5772 3362 5814 cae-

1787 5853 1903 5900 tera
1947 5843 2013 5900 ad
2052 5862 2222 5902 unum
2262 5847 2316 5902 in
2367 5845 2707 5906 deditionem
2742 5847 3020 5920 recipiunt
3057 5868 3068 5903 :
3107 5848 3362 5923 Mitylene
