3794 6562
170 356 217 418 6
265 361 286 422 1
975 402 988 412 -
1337 359 1771 420 HISTORIAR

1885 361 1890 417 ἱ
1937 359 2175 421 LiBER
2221 362 2305 422 Π.
3339 359 3445 420 602

172 487 350 539 μενος
389 471 483 524 καὶ
508 471 880 544 εὐεργεσίαις,
905 475 1088 528 οἴκαδε
1123 471 1466 527 ἀπέστειλεν.
1508 470 1601 523 Ἐν
1633 469 1759 523 τού-

1885 485 1924 523 te
1957 471 2135 539 ipsum
2169 472 2558 542 imperatorem
2591 472 2702 528 vita
2732 472 2973 543 spoliare
3016 487 3176 544 posse
3209 473 3442 527 arbitra-

167 577 294 624 τοις
329 563 383 616 δὲ
413 565 577 618 ὄντων
604 567 711 620 τῶν
741 568 1078 637 πραγμάτων
1116 565 1416 635 ἠγγέλλετο
1461 564 1524 615 ἐκ
1551 561 1754 626 Βυζαν-

1885 571 2079 630 'entur,
2114 564 2167 619 id
2197 579 2360 636 agere
2402 581 2466 621 ac
2498 566 2699 624 moliri.
3152 616 3162 625 κ

171 657 304 707 τῖον
346 658 646 721 βασιλείὡς
680 659 743 714 ἐκ
765 659 1031 722 Γεννούας
1065 659 1209 712 κατά
1269 673 1391 711 τινα
1457 656 1655 724 ἑτέραν
1713 653 1908 724 χρείαν
1981 656 2235 725 τριήρεις
2289 658 2580 713 ἑκκαίδεκα
2612 660 2915 732 προσέσχον
2963 661 3199 731 Γαλατᾷ.
3230 653 3332 712 Ὧν
3368 661 3444 730 τῷ

170 753 447 823 ναυάρχῳ
474 754 568 808 καὶ
610 756 721 819 τοῖς
749 755 1111 826 τριηράρχαις
1143 754 1287 816 τινὲς
1353 751 1462 806 τῶν
1491 753 1661 827 παρὰ.
1692 748 1988 818 Ῥωμαῖοις
2053 751 2336 820 ἐπιφανῶν
2384 754 2573 824 κρύφα
2629 755 3024 828 διαλεχθέντες,
3079 757 3306 811 ἔπεισαν
3337 757 3444 810 δῶ·

177 857 307 908 ροις
362 844 455 897 καὶ
505 846 836 916 ὑποσχέσεσι
891 847 1108 910 πολλαῖς
1159 841 1756 915 προσεταιρισαμένονς
1797 841 1891 893 καὶ
1950 839 2049 902 τὰς
2079 841 2276 904 λοιπὰς
2311 841 2371 905 ἐξ
2397 843 2458 896 αἴ
2484 843 2626 897 τίσιν
2657 846 2940 918 ἐγχώριοι,
3001 847 3194 900 ἔπειτα
3231 847 3445 907 καὶτὰς

175 935 333 989 κατὰ
395 937 496 1007 τὴν
540 939 858 1011 Μιτυλήνην
904 939 964 1005 ἒξ
1005 935 1448 1008 παραλαϐόντας.
1504 931 1789 988 ἐπιθέσθαι
1831 932 1980 1003 αὐτῷ
2014 932 2157 986 κατὰ
2189 933 2290 1003 τὴν
2351 936 2628 991 Φώκαιαν.
2667 937 2852 993 Ταῦτα
2879 938 2938 993 δὲ
2963 938 3092 1002 τοὺς
3132 938 3442 1008 Ῥωμαίους

177 1034 692 1093 συνεσκευακέναι,.
726 1035 787 1087 οὐ
836 1034 934 1103 τῆς
1007 1033 1115 1086 τῶν
1159 1028 1490 1084 Γεννουῖτῶν
1557 1024 1814 1097 προνοίας
1881 1025 2065 1091 ἕνεκα,
2091 1025 2210 1078 ἀλλ’
2241 1027 2524 1084 ἐπίϐουλοι
2556 1030 2652 1086 καὶ
2703 1032 2963 1105 προδόται
2990 1032 3262 1102 βασιλέως
3286 1051 3448 1104 γεγε-

177 1122 440 1192 νημένοι,
471 1125 565 1180 καὶ
598 1126 699 1194 τῆς
728 1126 900 1197 ἀρχῆς
956 1125 1229 1196 κρατῆσαι
1275 1114 1627 1194 βουληθέντες
1664 1117 1726 1184 ἐξ
1753 1110 1828 1170 ὧν
1865 1116 2036 1186 ᾤοντο
2061 1119 2393 1190 δυνήσεσθαι
2427 1122 2740 1196 διαφθεῖραι
2796 1125 3088 1197 ἔπραττον.

1601 1254 1828 1314 CAPUT
1866 1254 2039 1312 XXX.

185 1383 382 1451 Ingens
417 1377 699 1458 Persarum
731 1375 1221 1458 attgilittm._ll!aqui
1248 1375 1520 1458 domestici
1568 1380 1618 1458 et
1893 1368 2074 1458 Rem!
2101 1381 2334 1446 satrapa:
2363 1375 2752 1458 colloquiumet
2777 1383 3034 1458 amicitia,
3062 1393 3109 1438 et
3133 1385 3278 1458 illius
3306 1389 3449 1458 apud

263 1438 399 1504 7mm:
429 1451 736 1502 auctoritas.
800 1438 1463 1526 Domesticusv‘invilatum-
1491 1446 1552 1526 in.
1582 1438 1995 1526 tabernaculum
2043 1459 2197 1526 suum
2225 1438 2799 1520 q'uemdam'uobilem,
2848 1438 3112 1508 Joannem
3159 1438 3446 1526 Spioniam

262 1522 533 1581 Latinum,
568 1519 805 1588 longiore
833 1521 1076 1572 oratione
1105 1518 1364 1572 allocutus
1386 1557 1400 1579 ,
1430 1514 1754 1568 deditionem
1789 1511 1932 1564 urbis
1965 1513 2189 1568 suadere
2220 1511 2466 1571 conatur.

264 1637 525 1697 Βασιλεὺς
561 1634 616 1686 δὲ
651 1635 773 1686 ἐπεὶ
812 1633 1044 1686 ἐπύθετο
1077 1633 1324 1700 τοιαῦτα,
1359 1633 1462 1703 τήν
1497 1649 1556 1683 τε
1593 1623 1766 1683 οὖσαν

185 1727 574 1798 παρεσκεύαζε
603 1725 834 1796 δύναμιν
883 1725 958 1788 ὡς
1012 1727 1080 1795 ἢν
1108 1727 1203 1798 δὲῃ
1235 1724 1636 1794 ναυμαχήσων,
1670 1722 1764 1774 καὶ

1943 1625 2042 1682 His
2099 1629 2303 1687 auditis
2355 1634 2658 1704 imperator
2706 1644 2764 1690 et
2806 1651 2945 1708 quas
2989 1655 3174 1695 secum
3209 1643 3469 1702 habebat'

1873 1721 2064 1791 copias
2105 1731 2164 1777 ut
2203 1725 2270 1778 ad
2300 1741 2538 1796 pugnam
2584 1730 2832 1784 navalem
2862 1731 3192 1800 instruebat,
3224 1737 3267 1791 si
3307 1752 3448 1808 opus

183 1823 384 1892 ἑτέραν
424 1822 531 1875 ἀπὸ
561 1820 680 1878 ,τῶν
723 1818 862 1873 κατὰ
903 1819 1001 1889 τὴν
1037 1818 1243 1872 Ἰωνίαν
1289 1817 1582 1888 βαρϐάρων
1603 1831 1767 1883 etp-a-

1885 1809 2038 1877 roret,
2094 1822 2148 1868 et
2177 1815 2313 1871 alias
2344 1816 2569 1887 insuper
2591 1833 2622 1874 a
2647 1819 2904 1877 Barbaris
2928 1839 2996 1879 ex
3035 1824 3186 1880 Initia
3211 1841 3447 1897 quantas

185 1913 474 1986 ιπορίζετο
524 1915 623 1984 ὅση
670 1913 896 1983 δυνατή.
927 1913 1036 1966 Καὶ
1066 1911 1348 1982 Σαρχάνης
1378 1909 1477 1978 μὲν
1504 1909 1770 1976 τέτταρας

188 2009 289 2060 καὶ
332 2007 507 2060 είκοσι
553 2006 866 2077 παρέσχετο
909 2003 1070 2068 ναῦς,
1115 2004 1210 2056 καὶ
1256 2004 1521 2072 στρατιὰν
1568 2001 1772 2072 πολλὴν

189 2099 369 2165 πεζήν
395 2115 455 2151 τε
487 2098 581 2151 καὶ
611 2097 844 2168 ἱππικήν
869 2114 885 2129 ο
919 2096 954 2167 ἢ
989 2095 1239 2160 ἐλθοῦσα,
1273 2093 1774 2165 ἐστρατοπεδεύετο

190 2191 345 2262 παρὰ
386 2191 484 2261 τὴν
530 2190 807 2243 Φώκαιανο
843 2190 1067 2259 Ἀμοὺρ,
1101 2188 1158 2242 δὲ
1205 2191 1232 2243 ὁ
1275 2188 1368 2241 τοῦ
1406 2187 1631 2258 Ἀῖτίνη,
1678 2186 1772 2240 τοῦ

196 2286 436 2356 μεγάλου
459 2283 778 2354 δομεστίκου
796 2282 1106 2349 πείσαντος,
1131 2281 1422 2352 τριάκοντα
1444 2299 1542 2336 ναυ
1553 2282 1600 2334 si.
1621 2299 1773 2334 συνε-

196 2378 360 2446 μάχει
399 2376 622 2446 βασιλεῖ.
660 2376 721 2428 Ὀ
755 2375 865 2444 γὰρ
893 2375 1066 2443 μέγας
1117 2374 1445 2444 δομὲστικος
1488 2376 1581 2428 καὶ
1641 2375 1772 2443 πρόο

192 2484 355 2535 τερον
385 2467 484 2537 μὶν
515 2461 627 2537 εἶχε
662 2466 795 2536 πρὸς
829 2467 1033 2536 ’Λμοὺρ
1064 2466 1291 2536 φιλίως,
1321 2470 1418 2521 καὶ
1445 2467 1774 2538 γρὰμμασιν

194 2557 344 2628 αὑτῷ
383 2557 578 2626 ὡμίλει
617 2559 713 2612 καὶ
750 2557 851 2628 τὴν
892 2557 1105 2611 εὔνοιαν
1146 2558 1512 2621 ἐπεδείκνυτο,
1552 2560 1772 2625 συνεγέ-

195 2652 318 2704 νετό
359 2668 417 2704 τε
458 2649 553 2704 καὶ
595 2651 689 2703 ἐπὶ
735 2651 930 2720 μικρὸν
971 2651 1137 2720 ὀλίγῳ
1182 2652 1447 2720 πρότερον
1488 2653 1576 2704 ὅτε
1626 2651 1768 2705 κατὰ

194 2743 449 2797 Φώκαιαν
480 2743 616 2812 πρὸς
656 2743 877 2813 βασιλέα
904 2738 1028 2815 ἧκε.
1062 2742 1196 2795 Τότε
1227 2743 1284 2795 δέ
1316 2744 1413 2813 τῆς
1441 2743 1628 2814 χρείας
1665 2760 1769 2795 κα-

197 2835 430 2904 λούσης,
467 2834 769 2905 πρεσϐείαν
804 2833 1026 2903 πέμψας
1061 2832 1198 2903 πρὸς
1230 2832 1394 2886 αὑτὸν
1417 2873 1432 2895 ,
1469 2833 1529 2886 οὐ
1555 2832 1772 2886 ’δίκαιον

199 2925 438 2993 ἔφασκεν
468 2919 605 2976 εἶναι
638 2923 760 2976 οὐδὲ
792 2923 916 2976 καθ’
942 2908 1135 2994 ἡδονὴν
1167 2923 1317 2992 αὐτῷ
1351 2923 1646 2993 γράμμασι
1677 2922 1772 2976 καὶ

198 3015 486 3083 ἀγγελίαις
513 3015 711 3083 ὥσπερ
744 3015 1011 3084 πρότερον
1041 3016 1135 3068 καὶ
1166 3011 1323 3076 αὖθις
1353 3014 1565 3083 ὁμιλεῖν
1590 3029 1606 3044 ο
1639 3013 1774 3084 πρό-

1874 1912 2094 2000 poterat
2139 1908 2527 1977 conquirebat.
2577 1911 2657 1968 Ac
2685 1912 2998 1970 Sarehanes
3019 1918 3244 1986 quidem
3280 1936 3450 1977 naves

1875 2006 2170 2068 quaternas
2197 2010 2252 2062 et
2278 2000 2442 2073 294
2471 2002 2712 2070 vicenas,
2735 2006 3097 2079 peditumque
3120 2019 3174 2067 et
3197 2014 3446 2082 equitum

1874 2103 2125 2158 magnam
2173 2090 2282 2144 vim
2327 2091 2793 2162 subministravit,
2819 2097 2920 2166 qui
2955 2113 3128 2168 prope
3157 2099 3446 2158 Phocaeam

1877 2185 2254 2241 tetenderunt.
2308 2187 2573 2244 Amurius
2605 2205 2738 2246 vero
2770 2192 2970 2248 Aitinis
3005 2195 3172 2261 (ilius,
3207 2197 3448 2263 impulsu

1875 2278 2059 2346 magni
2106 2278 2418 2346 domestici,
2448 2296 2572 2336 cum
2603 2283 2826 2354 triginta
2859 2286 3097 2343 navibus
3120 2289 3446 2360 imperatori

1874 2374 2202 2430 auxiliatum
2249 2377 2420 2432 venit.
2471 2378 2819 2437 Domesticos
2853 2384 3001 2439 enim
3029 2393 3086 2440 et
3121 2397 3250 2442 ante
3278 2391 3450 2444 Amu-

1873 2464 2016 2519 rium
2050 2466 2335 2537 diligebat,
2361 2483 2715 2542 amoremque
2743 2488 2903 2528 suum
2935 2475 3147 2532 crebris
3170 2479 3219 2534 ei
3244 2481 3446 2537 litteris

1873 2555 2210 2625 declarabat,
2270 2571 2326 2615 et
2373 2578 2498 2616 eum
2532 2564 2726 2618 eodem
2769 2566 2835 2620 ad
2881 2567 3270 2636 imperatorem
3301 2573 3450 2628 Pho-

1872 2663 2036 2702 caeam
2069 2651 2320 2705 veniente
2382 2655 2546 2723 paulo
2579 2664 2706 2711 ante
2741 2656 3087 2714 familiariter
3112 2677 3446 2733 congressus

1873 2735 2078 2794 fuerat.
2109 2739 2248 2795 Tum
2279 2752 2465 2797 autem
2498 2759 2556 2800 re
2592 2745 2664 2800 ita
2693 2747 2942 2817 iubente,
2976 2750 3188 2819 legatos
3215 2753 3282 2807 ad
3316 2769 3446 2809 eum

1874 2829 2054 2896 misit,
2087 2832 2178 2902 qui
2232 2833 2504 2903 dicerent,
2536 2853 2639 2893 nec
2678 2839 2912 2908 iustum,
2963 2856 3068 2897 nec
3116 2844 3222 2899 sibi
3250 2845 3451 2916 jucun-

1875 2919 2006 2974 dum
2039 2937 2182 2986 esse,
2242 2939 2464 2979 rursum
2495 2929 2706 2982 nuntiis
2738 2939 2793 2984 et
2829 2930 3029 2985 litteris
3053 2948 3178 2987 cum
3208 2949 3276 2988 eo
3303 2935 3450 2991 velut

1877 3021 2004 3068 ante
2059 3015 2322 3084 colloqui.
2400 3018 2534 3073 Nam
2606 3020 2991 3087 hujuscemodi
3045 3025 3451 3095 colloqu?orum

194 3123 357 3175 τερον
393 3105 501 3174 γὰρ
543 3105 721 3159 αξτῐαν
763 3101 902 3159 εἶναι
939 3105 1039 3172 τῆς
1076 3104 1336 3173 τοιαύτης
1383 3103 1673 3173 συντυχίας
1710 3102 1773 3156 τὸ

1885 3119 2100 3159 causam
2140 3108 2291 3177 prius
2339 3108 2528 3173 fuisse,
2558 3112 2704 3180 quod
2740 3114 2883 3168 inter
2911 3129 2968 3168 se
2997 3115 3222 3185 longius
3264 3117 3451 3174 dista-

199 3196 336 3250 πολῦ
377 3196 623 3268 ἀλλήλων
657 3192 950 3251 διεστάναι.
986 3196 1125 3249 Νυνὶ
1159 3189 1215 3249 δέ
1249 3198 1415 3265 ἐγγὺς
1452 3195 1764 3266 διατριϐόν-

196 3307 307 3342 των
336 3289 542 3342 δίκαιον
573 3285 714 3342 εἶναι
749 3288 802 3341 εί
834 3304 898 3354 γε
932 3289 1027 3340 καὶ
1061 3287 1212 3357 αύτῷ
1249 3288 1391 3340 κατὰ
1428 3285 1652 3356 γνώμην
1681 3285 1766 3356 εἴη

199 3380 259 3430 ἐν
292 3378 583 3448 ὡρισμένῳ
614 3377 721 3430 τινλ⁹
753 3377 909 3446 τόπῳ
953 3376 1308 3445 συγγενέσθαι
1343 3376 1439 3428 καὶ
1471 3377 1571 3445 τῆς
1603 3374 1768 3444 ἀλλή-

199 3471 307 3523 λων
336 3470 553 3541 ὁμιλίας
584 3469 884 3523 ἀπολαῦσαι
919 3471 1013 3524 καὶ
1043 3470 1142 3539 τὴν
1171 3465 1334 3522 οὖσαν
1366 3468 1769 3520 ἐπιϐεϐαιώσαο

203 3563 327 3618 σθαι
369 3563 572 3631 φιλίαν.
609 3561 672 3618 Ὀ
715 3563 890 3631 μέγας
933 3561 1030 3633 μὲν
1066 3559 1157 3614 οὖν
1190 3561 1512 3628 δομέστικος
1545 3557 1770 3612 τοιαῦτα

199 3655 583 3725 ἐπρεσϐεύετο.
637 3655 845 3726 Ἀμοὺρ
876 3653 962 3720 δὲ,
992 3655 1065 3713 ὼς
1096 3654 1324 3725 ἤκουσεν
1345 3694 1359 3718 ,
1393 3653 1647 3722 εὐτυχίας
1682 3651 1771 3704 οὐ·

201 3745 395 3816 δεμιᾶς
444 3747 665 3815 ἐνόμισε
714 3747 978 3816 δευτέραν
1027 3744 1126 3815 τὴν
1177 3745 1306 3815 περὶ
1357 3744 1466 3795 τῶν
1515 3743 1772 3797 τοιούτων

201 3836 465 3906 ἀγγελίαν
483 3851 500 3872 ο
533 3837 669 3891 ἀλλὰ
693 3836 764 3890 τὰ
797 3836 1033 3906 μέγιστα
1063 3834 1312 3906 οἰόμενος
1339 3833 1770 3904 εὐεργετεῖσθαι,

197 3929 312 3983 τῶν
340 3928 514 3984 ἄλλων
545 3927 765 3983 πάντων
794 3927 1074 3999 ἀμελήσας
1109 3926 1252 3981 κατὰ
1279 3925 1382 3988 τὰς
1417 3924 1774 3995 Κλαζομενὰς

202 4019 526 4088 γενόμενος,
579 4018 893 4086 συνεγένετο
943 4015 1115 4087 αύτῷ,
1163 4018 1258 4070 καὶ
1309 4015 1592 4069 ἀποϐάντα
1664 4013 1774 4067 τῶν

203 4112 340 4166 νεῶν
373 4113 609 4165 είστίασὲ
643 4127 702 4163 τε
737 4109 1058 4181 φιλοτίμως,
1094 4112 1189 4162 καὶ
1225 4109 1426 4178 πολλὴν
1462 4107 1777 4174 ἐπεδείξατο

205 4201 627 4271 φλοφροσύνην.
667 4201 791 4253 Ἐπὶ
831 4200 1094 4269 τέσσαρσι
1139 4197 1195 4250 δὲ
1242 4200 1478 4268 ἡμέραις
1525 4199 1554 4250 ὁ
1601 4202 1774 4267 μέγας

201 4295 522 4362 δομέστικος
566 4291 718 4362 αὐτῷ
762 4289 1186 4362 συνδιατρίψας,
1231 4290 1441 4360 βασιλεί
1482 4307 1541 4342 τε
1589 4291 1774 4341 ἔπεισε

205 4387 494 4456 προσέχειν
516 4386 590 4450 ὡς
615 4386 870 4457 δεσπότῃ,
897 4386 990 4438 καὶ
1011 4385 1120 4437 τῶν
1149 4385 1239 4437 ὑπ’
1260 4385 1456 4454 ἐκείνῳ
1478 4382 1776 4437 τελούντων

1879 3207 2020 3252 rent.
2053 3199 2214 3254 Nunc
2241 3201 2501 3270 quoniam
2545 3203 2845 3261 viciniores
2881 3207 3017 3272 sint,
3063 3224 3455 3278 :equumgsse.

1877 3278 1922 3344 si
1957 3290 2100 3344 idem
2150 3291 2227 3346 illi
2285 3294 2571 3362 probetur,
2607 3295 2660 3350 in
2696 3297 2816 3352 loco
2851 3299 3038 3368 aliquo
3068 3311 3220 3356 certo
3245 3319 3452 3357 conveo

1877 3382 2020 3448 nire,
2079 3392 2377 3454 mutuaque
2429 3389 2828 3444 consuetudine
2879 3389 3008 3456 frui,
3043 3403 3096 3446 et
3145 3405 3456 3464 Sttscvptam

1876 3474 2209 3530 conﬁrmare
2242 3477 2567 3534 amicitiam.
2603 3479 2729 3536 Hmc
2760 3481 2863 3536 fuit
2899 3484 3100 3554 legatio
3137 3487 3316 3556 magni
3353 3488 3454 3540 do-

1879 3567 2114 3621 mestici.
2174 3569 2437 3624 Atnurius
2466 3570 2632 3626 hosce
2662 3574 2892 3630 nuntios
2921 3587 3189 3630 summam
3221 3576 3454 3632 [elicita-

1881 3665 1988 3712 tem
2039 3658 2408 3729 interpretari.
2442 3669 2498 3716 et
2527 3663 2582 3716 in
2626 3665 2866 3720 maxime
2889 3650 3166 3723 beneficio
3196 3668 3399 3724 ducere
3429 3686 3446 3722 :

1880 3752 2197 3822 relictisque
2245 3754 2460 3835 eieteris
2507 3756 2786 3822 omnibus,
2827 3757 3176 3816 Clazomenis
3217 3777 3342 3816 cum
3385 3777 3458 3828 eo

1881 3846 2114 3900 miscere
2156 3847 2520 3916 colloquium,
2575 3847 2667 3904 ubi
2727 3849 2795 3903 de
2848 3850 2976 3905 navi
3026 3851 3455 3911 descendentem

1880 3934 2133 3989 convivio
2167 3935 2556 3991 delicatissimo
2606 3937 2881 4002 adhibuit,
2923 3948 2980 3994 et
3038 3941 3459 4012 perhumaniter

1884 4027 2091 4081 habuit.
2151 4025 2454 4093 Quatriduo
2491 4043 2614 4082 eum
2659 4028 2753 4083 illo
2792 4040 3044 4086 versatus
3089 4047 3321 4103 magnus
3351 4035 3454 4090 dc-

1884 4119 2162 4181 mcsticus,
2220 4119 2496 4188 persuasit
2550 4129 2609 4174 ut
2652 4120 2972 4192 imperatori
3029 4139 3140 4178 non
3191 4140 3350 4181 secus
3391 4142 3459 4184 ac

1883 4210 2107 4266 domino
2158 4210 2399 4279 deditus,
2447 4228 2504 4268 se
2547 4229 2711 4268 unum
2763 4214 2830 4269 de
2881 4214 3160 4271 nobilibus
3195 4218 3460 4278 Romanis

1883 4306 1931 4359 ei
1968 4305 2230 4375 subjectis
2270 4305 2516 4368 duceret,
2562 4316 2617 4360 et
2647 4305 2752 4362 sibi
2784 4306 3023 4362 vinculis
3071 4307 3460 4366 insolubilibus

1887 4389 2162 4455 hominem
2197 4402 2474 4457 astrinxit.
2508 4402 2684 4458 Naves
2721 4412 2904 4459 autem
2941 4413 3002 4458 ut
3048 4407 3454 4478 quamprimum

203 4477 484 4546 ἐπιφανῶν
508 4477 796 4546 Ῥωμαίων
821 4474 1060 4546 νομίζειν
1086 4477 1203 4542 ἕνα,
1229 4476 1322 4531 καὶ
1351 4477 1525 4548 ἐαυτῷ
1553 4477 1773 4548 συνέδη-

1885 4493 2131 4547 mitteret
2165 4491 2512 4560 hortabatur,
2561 4493 2708 4565 quod
2743 4495 3042 4566 imperator
3065 4474 3340 4569 suppetiis
3373 4500 3459 4553 in-

204 4586 298 4621 σεν
331 4568 626 4642 ἀρρήκτοις
667 4567 847 4635 φιλίας
883 4569 1102 4639 δεσμοῖς
1124 4585 1141 4602 ο
1175 4568 1276 4631 τάς
1307 4585 1365 4620 τε
1389 4567 1519 4631 ναῦς
1543 4567 1773 4639 παρῄνει

1885 4583 2125 4654 digeret;
2161 4600 2282 4654 quae
2307 4587 2455 4641 brevi
2499 4586 2677 4641 missae
2723 4591 2870 4654 sunt;
2907 4567 3271 4658 prmterea—ut
3328 4591 3460 4645 Phi-

206 4663 444 4732 πέμπειν
471 4660 545 4724 ὡς
573 4661 804 4732 τάχιστα
835 4661 1046 4730 βασιλεῖ
1073 4660 1312 4732 δεομένῳ
1347 4661 1688 4732 συμμαχίας,
1718 4660 1773 4714 αἳ

1885 4675 2353 4746 ladelphiensibus
2384 4676 2596 4732 amicus
2651 4686 2707 4733 et
2743 4693 2846 4748 pro
2879 4678 3040 4734 hoste
3076 4680 3264 4735 socius
3289 4690 3459 4744 esset,

205 4762 302 4816 καὶ
343 4759 704 4831 ἐπέμφθησαν
747 4758 864 4830 μετ’
891 4759 954 4814 οὐ
1000 4758 1155 4813 πολύ.
1205 4759 1311 4813 Καὶ
1349 4759 1780 4828 Φιλαδελφεινοῖς
1834 4777 1838 4780 ·

205 4853 457 4908 ἐκέλευσε
499 4853 650 4922 φίλον
687 4847 831 4907 εἶναι
868 4853 964 4906 καὶ
1001 4853 1289 4922 σύμμαχον
1327 4853 1451 4904 dunt
1498 4852 1778 4922 πολεμίου,

207 4949 302 5002 καὶ
353 4946 555 5017 μηδένα
604 4945 768 5018 φόρον
818 4946 1117 5017 λαμϐάνειν
1155 4945 1215 4998 ὃν
1263 4945 1588 5015 παρείχοντο
1634 4945 1780 5014 αὐτῷ

207 5041 296 5094 ὅτε
337 5036 479 5112 ἦσαν
517 5041 576 5094 ἐν
615 5040 890 5104 σπονδαῖς,
932 5039 1026 5093 καὶ
1067 5037 1216 5092 οὐδὲν
1250 5033 1318 5108 ἦν
1355 5038 1384 5090 ὃ
1426 5037 1780 5100 κελεύσαντος

207 5133 304 5189 τοῦ
337 5133 573 5206 μεγάλου
600 5133 926 5203 δομεστίκου
958 5132 1033 5203 μὴ
1063 5131 1185 5186 καθ’
1207 5131 1403 5202 ἡδονὴν
1429 5130 1783 5202 αὐτῷπράτ-

205 5249 320 5285 τειν
348 5227 417 5304 ἦν
449 5229 584 5301 πρὸς
616 5229 692 5300 τῷ
728 5229 824 5282 καὶ
857 5230 1014 5299 χάριν
1044 5228 1244 5280 εἰδέναι
1267 5267 1281 5292 ,
1316 5224 1413 5280 καὶ
1443 5225 1512 5279 τὰ
1549 5226 1782 5294 μέγιστα

207 5323 416 5378 οἴεσθαι
447 5323 874 5394 εύεργετεϊσθαι.
912 5322 1151 5375 Ἐκεῖθεν
1181 5321 1236 5376 δὲ
1265 5323 1292 5375 ὀ
1323 5321 1496 5392 μέγας
1527 5321 1783 5390 δομέστιο

208 5433 303 5479 κος
353 5413 754 5483 συνταξάμενος
790 5415 1026 5483 Ἄμουρ,
1072 5408 1209 5484 ἧκεν
1252 5403 1623 5482 ὡς’βασιλέα.
1677 5413 1786 5465 Καὶ

210 5511 332 5558 ἐπεὶ
363 5507 456 5559 καὶ
486 5510 540 5560 αἱ
571 5507 725 5576 παρὰ
753 5504 847 5558 τοῦ
880 5506 1129 5576 Σαρχὰνη
1161 5507 1412 5575 παρῆσαν
1443 5500 1587 5572 νῆες’.
1618 5519 1786 5573 παρε-

213 5596 548 5648 σκευάσαντὸ
580 5613 637 5648 τε
672 5595 804 5665 πρὸς
831 5595 931 5665 τὴν
962 5594 1289 5665 ναυμαχίαν,
1320 5598 1414 5650 καὶ
1443 5595 1674 5663 ἠνιῶντο
1703 5596 1785 5646 ἔτι

211 5688 272 5740 οὗ
312 5690 561 5757 παρῆσαν
595 5681 675 5750 οἷς
711 5686 1139 5756 ναυμαχοῦνται.
1177 5688 1393 5740 Λατῖνοι
1427 5688 1505 5749 δὲ,
1541 5688 1652 5740 εἴτε
1687 5688 1786 5756 τὴν

214 5779 568 5851 παρασκευὴν
630 5777 892 5850 βασιλέως
936 5779 1242 5847 δείσαντες,
1289 5778 1396 5832 εἴτε
1441 5780 1531 5833 καὶ
1587 5780 1673 5834 διὰ
1727 5781 1783 5836 τὸ

544 5952 570 5968 \

1882 4767 2208 4842 nullumque
2256 4768 2326 4821 ab
2377 4768 2448 4823 iis
2509 4767 2775 4822 tributum
2837 4770 3136 4839 acciperet,
3191 4771 3339 4840 quod
3383 4772 3460 4826 illi

1883 4858 2240 4927 pendebant,
2291 4873 2417 4912 cum
2467 4858 2722 4915 fmderati
2773 4871 2976 4916 essent.
3040 4863 3269 4918 Demum
3324 4864 3462 4920 nihil

1883 4959 2045 5012 erat,
2075 4949 2222 5018 quod
2277 4950 2539 5004 hortante
2596 4966 2793 5022 magno
2841 4953 3144 5008 domestico
3184 4972 3294 5009 non
3336 4972 3461 5010 eum

1889 5040 2168 5111 voluptate
2207 5050 2529 5111 praestaret;
2569 5043 2703 5112 quin
2741 5044 2910 5098 etiam
2947 5046 3150 5115 gratias
3201 5045 3462 5112 habebat,

1889 5142 1944 5188 ct
1996 5150 2054 5187 se
2103 5133 2388 5187 beneﬁciis
2443 5133 2627 5187 ornari
2687 5135 2940 5204 putabat.
3006 5136 3235 5192 Amurio
3299 5137 3459 5208 igitur

1889 5222 2202 5280 valedicens
2235 5224 2594 5288 domesticus.
2626 5224 2692 5280 ad
2720 5227 3112 5296 imperatorem
3141 5245 3200 5285 se
3229 5231 3463 5298 recepit.

1886 5317 2023 5373 Cum
2054 5333 2222 5372 naves
2253 5333 2281 5371 ιι
2312 5316 2593 5373 Sarchane
2633 5317 2746 5389 jam
2798 5320 3100 5388 venissent,
3135 5321 3200 5376 ad
3233 5338 3461 5378 nauma-

1889 5413 2072 5466 chiam
2131 5426 2189 5465 se
2250 5411 2666 5480 comparabant,
2703 5411 3091 5482 dolebantque,
3140 5413 3288 5485 quod
3346 5417 3460 5485 qui-

1890 5505 2118 5560 buscum
2153 5515 2468 5575 pugnarent
2505 5503 2751 5557 nondum
2787 5505 3060 5561 adessent.
3118 5505 3298 5563 Latini
3335 5525 3463 5566 vero

1888 5613 1958 5650 an
2007 5599 2153 5666 quod
2211 5605 2476 5667 apparatu
2542 5596 2893 5666 inperatoris
2948 5605 3336 5667 terrerentur,
3389 5617 3460 5656 an

1889 5688 2031 5758 quod
2065 5689 2348 5754 Romanis,
2382 5704 2410 5742 a
2441 5687 2642 5758 quibus
2681 5688 3054 5744 incitabanlur
3082 5691 3464 5762 deprehensis,

1890 5795 2088 5852 pavore
2126 5790 2449 5837 tenerentur
2478 5781 2676 5852 (magni
2705 5781 2906 5852 quippe
2944 5783 3234 5841 domestici
3264 5794 3466 5845 mater.
