3794 6590
99 337 209 400 605

1261 286 1812 397 ΗίέΤΟΒῘΑΒΗΜ
1853 332 2086 396 LlBER
2129 333 2212 394 ll.

3232 326 3343 388 6(‘6

99 449 290 510 αὐτοὺς
334 441 486 518 οἶμαι
516 445 772 516 ἐξάρνους
796 446 1118 515 δυνήσεσθαι
1148 449 1400 516 γενέσθαι
1421 465 1436 480 θ
1472 448 1662 502 ἔπειτα

1769 441 1952 512 debet,
1979 448 2256 519 quomodo
2275 461 2372 518 per
2401 442 2552 502 nefas
2585 444 2763 500 aliena
2791 435 3021 513 occupet
3055 458 3070 496 :
3101 443 3195 496 sed
3233 446 3342 510 pri-

99 541 154 594 δὲ
185 541 299 594 οὐδὲ
336 539 518 602 ἀνοίας
552 540 648 592 καὶ
696 527 956 602 ἀϐουλίας
988 539 1308 594 κατελίπετε
1335 539 1662 611 ὑπερϐολήν.

101 631 206 682 Τδν
236 630 344 698 γάρ
367 629 605 698 ἄρχοντα
635 629 875 699 πολέμου
915 628 977 682 ού
1011 629 1115 700 χρὴ
1142 629 1300 683 τοῦτο
1332 630 1498 698 μόνον
1544 647 1668 683 σκο-

103 727 223 776 πεῖν
254 725 398 784 ὅπως
419 721 675 792 ἀδικήσῃ,
711 722 848 774 ἀλλὰ
872 723 1086 792 πρῶτον
1121 723 1220 791 μὲν
1259 721 1395 792 είγε
1429 721 1666 792 μάλιστα

103 815 252 884 αὐτῷ
302 815 460 867 τοῦτο
513 811 757 878 δυνατὸν,
795 815 987 867 ἔπειτα
1033 813 1110 877 δὲ,
1143 815 1195 866 εί
1249 815 1342 868 καὶ
1390 814 1667 886 ἀρκοῦσαν

106 907 324 974 δύναμιν
347 904 462 975 ἔχει
494 889 630 978 πρὸς
654 904 715 958 τδ
737 906 805 959 τά
835 905 1160 978 ἀδικηθέντα
1181 905 1488 968 διασώζειν.
1504 906 1666 976 ’Υμῖν

104 997 159 1048 δέ
185 996 313 1064 πρός
345 1011 403 1048 τε
436 997 496 1050 τὸ
544 997 612 1051 τά
640 995 895 1068 ἀλλότρια
932 997 1204 1067 ἁρπάζειν
1243 997 1276 1066 ἡ
1313 995 1548 1068 δύναμις
1575 998 1665 1051 ἑν·-

103 1084 358 1155 δεὴςηιαὶ
374 1085 509 1154 πρὸς
524 1085 584 1138 τὸ
610 1085 676 1138 τὰ
707 1084 1033 1156 ἡρπασμένα
1061 1086 1349 1152 διασώζειν
1379 1085 1663 1156 ἐλαχίστη.

104 1173 292 1243 Λέσϐῳ
335 1175 434 1246 μὲν
461 1177 567 1244 γάρ
594 1175 866 1239 ἐπιόντες,
892 1175 1122 1246 Δηλίους
1171 1177 1424 1232 ἐπείσατε
1455 1177 1550 1232 καὶ
1571 1177 1666 1229 Σι-

102 1265 361 1326 κελιώτας
393 1269 705 1336 συμμαχεῖν
724 1281 738 1298 ο
770 1265 1026 1336 βασιλέως
1052 1266 1108 1320 δέ
1140 1267 1667 1339 ἐπιστρατεύσαντος

103 1355 252 1424 ὑμῖν,
305 1357 354 1410 οἱ
387 1356 666 1427 σύμμαχοι
696 1357 902 1428 ᾤχοντο
939 1357 1084 1428 ὑμᾶς
1133 1359 1514 1425 ἀπολιπόντες,
1544 1358 1666 1412 οὐδὲ

98 1445 240 1499 ὅπλα
268 1446 548 1517 ἀνταίρειν
573 1448 916 1517 δυνηθέντες.
960 1448 1148 1520 Ὗμῶν
1177 1449 1232 1502 δὲ
1272 1449 1431 1521 μόνον
1467 1449 1666 1503 ὑπολε-

100 1537 160 1590 λε
173 1540 435 1608 ιμμένῳν,
486 1541 534 1592 oi
568 1539 668 1608 μὲν
697 1539 978 1595 ἀπώλοντο
1002 1541 1139 1594 κατὰ
1169 1540 1268 1610 τὴν
1298 1540 1578 1610 Καλλονὴν
1606 1541 1665 1593 ἐν

99 1630 263 1682 πέντε
305 1630 558 1701 τριήρεσι
587 1630 1000 1702 διαφθαρέντες,
1043 1633 1089 1685 οί
1117 1631 1175 1685 δὲ
1200 1631 1342 1686 κατὰ
1366 1633 1466 1703 τὴν
1493 1633 1667 1687 Μιτυ-

99 1722 270 1793 λήνην
296 1722 388 1775 καὶ
434 1719 688 1776 Φώκαιαν
718 1723 1207 1795 ἀποκεκλεισμένοι
1260 1725 1663 1796 πολιορκεῖσθε,

1771 555 1920 596 mum
1943 539 2186 610 quidem,
2220 531 2423 595 satisne
2455 538 2600 593 istuc
2642 534 2929 590 commo’de
2976 534 3168 604 possit;
3224 544 3338 586 tum

1771 649 1840 688 an
1871 633 1937 688 ad
1968 647 2031 688 ea
2057 649 2177 703 quae
2203 649 2300 699 per
2321 633 2428 686 vim
2457 629 2745 698 occupavit
2803 626 3176 683 conservanda
3220 628 3340 679 suf-

1775 725 1964 782 ficiens
1992 726 2043 780 ei
2078 723 2312 779 facultas
2348 722 2513 778 adsit.
2552 721 2722 777 Vobis
2766 727 2948 774 autem
2983 727 3036 771 et
3065 717 3132 771 ad
3160 718 3336 771 aliena

1774 817 2033 887 rapienda
2093 815 2242 870 vires
2266 821 2398 869 sunt
2445 827 2647 882 parvae,
2695 818 2754 866 et
2811 809 2879 863 ad
2933 818 3084 878 rapta
3117 823 3342 863 conser-

1771 910 1946 965 vanda
1990 907 2345 978 parvissima.
2387 904 2602 961 Etenim
2631 903 2870 958 Lesbum
2930 902 3195 964 invasuri,
3231 900 3337 955 De-

1771 1003 1973 1058 liorum
2014 999 2436 1068 Siculorumque
2481 996 2708 1052 auxiliis
2750 995 3102 1066 indiguistis;
3144 1004 3200 1048 ct
3237 996 3341 1048 im-

1771 1092 2044 1165 peratoria
2075 1091 2248 1147 classe
2275 1089 2628 1154 adventante,
2654 1088 2790 1144 socii
2823 1088 3074 1142 imbelles
3099 1086 3336 1155 diﬂ’uge-

1772 1191 1938 1249 runt;
1965 1193 2019 1238 et
2057 1181 2151 1238 alii
2185 1180 2404 1252 quidem
2453 1187 2696 1235 vestrum
2745 1177 2889 1248 apud
2942 1177 3220 1234 Callonem
3281 1176 3336 1228 in

1769 1274 2014 1345 quinque
2039 1272 2358 1329 triremibus
2382 1271 2709 1343 perierunt;
2741 1269 2832 1324 alii
2862 1269 3006 1324 intra
3039 1267 3360 1336 Mitylenen'

1771 1376 1828 1424 et
1861 1367 2146 1422 Phocaeam
2173 1363 2419 1420 conclusi
2447 1377 2571 1418 cum
2594 1362 2804 1416 incerta
2836 1377 2934 1429 spe
2970 1361 3162 1415 saiutis
3190 1359 3340 1411 obsi-

1772 1458 2000 1514 demini.
2044 1457 2122 1512 Ac
2157 1456 2325 1512 nolim
2376 1463 2429 1510 te
2477 1453 2666 1508 mirari
2691 1451 2836 1521 quod
2871 1451 3107 1506 dixerim
3132 1450 3334 1504 nullam

1773 1569 1872 1610 vos
1889 1551 2080 1608 salutis
2105 1560 2309 1608 certam
2337 1564 2488 1620 spem
2517 1547 2684 1618 296
2705 1547 2910 1610 fovere,
2937 1548 3146 1601 tametsi
3180 1560 3275 1599 vos
3302 1561 3349 1624 ei

1772 1645 2048 1702 utmnibus
2099 1641 2397 1697 fortissime
2445 1639 2788 1704 defendatis;
2847 1653 2950 1694 nec
3011 1638 3185 1693 ullum
3241 1649 3338 1691 aut

1771 1739 1891 1792 leve
1941 1735 2203 1790 damnum
2255 1731 2542 1802 accipiatis
2569 1745 2600 1786 a
2636 1731 2783 1786 saxis
2835 1747 2957 1801 qua:
2981 1744 3014 1784 e
3046 1731 3338 1785 tormentis

98 1810 355 1902 οὐδεμίαν
384 1810 599 1881 ἔχοντες
621 1813 809 1867 ἐλπίδα
829 1812 1055 1902 βεϐαίαν
1097 1815 1391 1886 σωτηρίας.
1423 1816 1514 1887 Μὴ
1539 1817 1665 1872 θαυ-

1768 1829 2067 1902 iaciuntur,
2114 1840 2147 1882 a
2197 1824 2378 1889 scalis,
2427 1822 2751 1892 ceterisque
2811 1823 3100 1888 machinis,
3129 1839 3251 1893 quae
3276 1824 3334 1878 in

100 1901 282 1974 μάσῃς
309 1903 365 1956 δὲ
389 1903 438 1955 εί
475 1899 750 1973 μηδεμίαν
798 1896 953 1958 εἷπον
986 1903 1179 1958 ἐλπίδα
1233 1905 1460 1976 βεϐαίαν
1491 1922 1668 1976 σωτη-

100 1994 227 2063 ρίας
247 1993 390 2064 ὑμᾶς
417 1993 587 2066 ἔχειν,
639 1995 1246 2066 καίτοι⁶καρτερὼτατα
1291 1997 1670 2066 ἀμυνομένους

98 2081 212 2134 ἀπὸ
239 2080 346 2135 τῶν
364 2083 584 2152 τειχῶν,
612 2081 707 2137 καὶ
734 2082 1005 2155 μηδεμίαν
1036 2085 1069 2158 ἢ
1093 2084 1281 2155 ὀλίγην
1307 2085 1512 2155 βλάϐην
1535 2085 1670 2139 ύπο·

100 2173 364 2242 μένοντας
391 2175 499 2228 ἀπό
531 2191 590 2229 τε
618 2174 728 2229 τῶν
757 2177 1143 2230 ἐκπιπτόντων
1167 2178 1268 2248 τῆς
1313 2178 1563 2250 μηχανῆς
1584 2177 1668 2230 λί-

97 2263 232 2327 θων,
259 2263 353 2318 καὶ
382 2263 494 2316 τῶν
533 2263 822 2334 κλιμάκων
841 2304 856 2330 ,
911 2267 1005 2320 καὶ
1038 2266 1149 2328 τῶν
1180 2267 1360 2322 ἄλλων
1413 2267 1670 2338 μηχανῶν

93 2353 210 2406 τῶν
243 2355 381 2408 κατά
407 2356 506 2419 τάς
556 2356 756 2426 συχνὰς
799 2357 1160 2428 τειχομαχίας
1209 2360 1666 2432 προσαγομένων.

108 2445 403 2530 Ἀποδείξω
437 2448 546 2521 γάρ
587 2449 903 2516 σαφέστατα
927 2451 1070 2522 ὑμᾶς
1102 2451 1164 2505 ού
1199 2451 1332 2506 πολὺ
1365 2451 1670 2522 ἀπέχοντας

94 2535 196 2588 τοῦ
224 2538 282 2590 ἐν
311 2539 559 2608 ἐσχάτοις
586 2537 852 2602 κινδύνοις
885 2536 1047 2594 εῖναι.
1077 2540 1258 2612 Τριῶν
1279 2541 1387 2612 γάρ
1439 2543 1607 2595 ϐντων
1632 2541 1668 2596 ἃ

97 2627 176 2680 ἂν
231 2627 464 2697 μάλιστα
496 2628 782 2692 διασώζειν
838 2627 1058 2683 δύναιτο
1087 2632 1218 2694 τοὺς
1274 2632 1668 2702 πολιορκουμέ-

96 2736 248 2782 νους,
284 2719 380 2773 τοῦ
406 2720 466 2772 τέ
496 2721 662 2774 ποθεν
685 2721 884 2786 ἔξωθεν
921 2721 1256 2776 ἐπελθοῦσαν
1281 2723 1514 2792 δύναμιν
1542 2725 1668 2787 τοὺς

93 2803 524 2880 ’πολιορκοῦντας
555 2813 801 2884 ἀνιστᾷν,
844 2814 935 2866 καὶ
955 2814 1048 2867 τοῦ
1080 2813 1346 2882 ἀφθονίαν
1385 2817 1532 2868 σίτου
1570 2815 1666 2869 καὶ

100 2902 214 2956 τῶν
249 2901 426 2957 ἄλλων
456 2903 781 2972 ἐπιτηδείων
810 2903 1056 2975 ἔχοντας,
1091 2906 1226 2975 μετὰ
1256 2906 1540 2979 ῥᾳστώνης
1569 2907 1668 2978 τὴν

93 2997 424 3067 πολιορκίαν
469 2997 772 3066 διαφέρειν,
811 2999 907 3052 καὶ
961 2999 1147 3068 τρίτου
1177 2999 1273 3054 τοῦ
1320 3001 1411 3055 τὸν
1447 3001 1666 3071 πολιορ-

1770 1930 1883 1976 tam
1910 1915 2121 1989 crebris
2139 1914 2644 1986 oppugnationibus
2689 1914 2759 1968 ad
2794 1930 2984 1971 muros
3031 1915 3334 1970 admoven—

1769 2017 1894 2078 tur;
1919 2009 2314 2066 demonstrabo
2335 2008 2481 2064 enim
2530 2006 2970 2063 luculentissime
3003 2021 3104 2062 vos
3135 2004 3206 2061 ab
3234 2021 3336 2061 ex-

1767 2109 1944 2158 tremo
1971 2099 2290 2162 discrimine
2309 2099 2454 2156 haud
2473 2099 2634 2170 longe
2659 2097 2874 2163 abesse;
2909 2111 3036 2152 nam
3065 2111 3189 2152 cum
3218 2096 3320 2151 tria

1769 2189 1882 2246 sint
1933 2204 2055 2261 qua:
2102 2189 2359 2246 obsessos
2393 2203 2613 2244 servare
2667 2187 2925 2258 tuerique
2985 2185 3334 2256 potissimum

1767 2288 1992 2353 queant:
2019 2279 2259 2352 primum
2311 2278 2534 2336 aliunde
2587 2277 2986 2348 superveniens
3043 2275 3336 2341 auxilium,

1767 2387 1878 2443 quo
1907 2372 2116 2428 obsessi
2168 2371 2382 2439 erigant
2407 2370 2664 2436 animos;
2693 2370 2926 2426 alterum
2973 2367 3232 2424 frumenti
3269 2382 3337 2423 ac

1766 2459 1965 2529 reliqui
1995 2466 2334 2516 commeatus
2358 2457 2715 2523 abundantia,
2751 2458 2898 2514 unde
2933 2457 3092 2512 facile
3121 2457 3334 2526 perfer

1766 2559 1854 2605 tur
1895 2549 2142 2617 obsidio;
2193 2549 2437 2614 tertium,
2469 2549 2692 2618 quando
2739 2549 2910 2604 hostis
2957 2549 3168 2604 diutius
3191 2547 3333 2603 assi-

1766 2641 1896 2698 dere
1925 2651 2022 2698 aut
2075 2641 2389 2711 sumptibus
2419 2640 2686 2706 defectus,
2720 2649 2818 2697 aut
2863 2640 3052 2696 animo
3103 2639 3332 2699 fractus.

1765 2742 1862 2788 aut
1913 2733 2020 2788 alia
2063 2733 2130 2788 de
2181 2747 2346 2788 causa
2399 2747 2510 2787 non
2551 2739 2753 2802 potest:
2786 2746 2889 2802 ego
2927 2730 3138 2786 docebo
3189 2729 3334 2785 nihil

1766 2825 1964 2880 horum
2003 2824 2161 2880 vobis
2191 2823 2405 2880 adesse.
2431 2823 2680 2890 Eorsitan
2725 2822 2894 2892 igitur
2929 2821 3198 2878 auxilium
3231 2837 3331 2876 vo-

1766 2916 1854 2973 bis
1921 2916 2284 2984 submissum,
2325 2923 2382 2972 et
2421 2931 2532 2972 non
2565 2914 2788 2971 aliunde
2816 2929 2980 2984 quam
3004 2913 3194 2969 Genua
3225 2916 3337 2984 (ut-

1764 3018 1894 3078 pote
1951 3023 1981 3063 a
2028 3009 2242 3064 civibus
2293 3007 2653 3079 cognatisque
2700 3007 2924 3078 vestris)
2993 3005 3333 3062 submissum

89 3087 298 3142 χούντα
315 3090 573 3144 ἀδύνατον
595 3085 738 3143 εἶναι
755 3091 1227 3163 προσκαθέζεσθαι
1259 3092 1295 3164 ἢ
1326 3093 1396 3146 δι’
1427 3093 1663 3164 ἀπορίαν

95 3177 250 3197 ιη»
531 3180 740 3197 ..ην
887 3181 899 3197 .
990 3183 1004 3197 ,
1144 3183 1168 3197 .
1400 3183 1476 3197 ..
1574 3184 1622 3197 ..

1768 3095 1892 3165 quis
1927 3094 2339 3150 existimaverit.
2378 3095 2543 3165 Atqui
2579 3093 2684 3150 hoc
2717 3102 2827 3148 tam
2879 3101 3152 3148 remotum
3177 3101 3262 3148 est
3303 3107 3335 3148 a

85 3177 495 3249 ἀναλωμάτων,
529 3180 564 3252 ἢ
589 3180 676 3235 διὰ
706 3181 1094 3252 μικροψυχίαν,
1140 3183 1174 3254 ἦ
1199 3200 1322 3237 τινα
1362 3183 1544 3237 αἰτίαν
1567 3184 1663 3238 άλ-

88 3270 220 3336 λην,
261 3270 371 3337 ἐγὼ
420 3273 552 3341 ύμῖν
611 3272 814 3341 προσὸν
873 3273 1147 3338 ἀποδείξω
1190 3275 1397 3328 τούτων
1432 3274 1552 3328 οὐδὲ
1579 3273 1659 3335 ἕν’.

90 3362 214 3431 Τὴν
256 3359 356 3432 μὲν
395 3357 490 3416 οὗν
516 3361 652 3428 ἴσως
689 3363 755 3417 ἀν
787 3364 1129 3419 ἐπελθοῦσαν
1177 3365 1381 3432 ἔξωθεν
1411 3365 1663 3437 βοήθειαν

89 3455 232 3521 ὑμῖν
267 3454 561 3521 οὐδαμόθεν
598 3455 826 3508 ἄλλοθεν
867 3456 933 3510 ἀν
986 3472 1072 3519 τις
1102 3455 1309 3526 οίηθείη
1354 3456 1386 3528 ἢ
1429 3458 1494 3532 ἐκ
1534 3457 1664 3510 Γενο

87 3548 262 3609 νούας
289 3541 375 3598 οἷα
428 3546 492 3615 δὴ
519 3546 811 3616 ὁμοφύλων
845 3548 1020 3628 όντων
1065 3549 1194 3619 ύμῖν
1225 3549 1321 3603 καὶ
1366 3549 1660 3617 συγγενῶν.

89 3635 274 3689 Τοῦτο
298 3636 352 3688 δὲ
377 3635 633 3689 τοσοῦτον
684 3637 878 3708 ἀπέχει
909 3638 1002 3692 τοῦ
1034 3634 1174 3692 εἶναι
1199 3639 1418 3709 ἀληθὲς,
1448 3639 1481 3709 ἢ
1519 3639 1663 3710 ὑμᾶς

81 3729 307 3780 (δίεσθαι
337 3727 599 3791 ἐλπίζειν,
629 3729 770 3782 ὥστε
809 3730 1124 3785 τούναντίον
1165 3731 1369 3800 μᾶλλον
1399 3730 1484 3799 ἐφ’
1519 3731 1662 3800 ὑμᾶς

85 3821 410 3872 ἐλεύσονται
436 3822 634 3872 ἐκεῖνοι
687 3818 1214 3892 ἑκπολιορκήσοντες
1242 3821 1318 3887 ὥς
1367 3822 1662 3890 πολεμίους

86 3908 172 3978 τῷ
203 3908 392 3976 κοινῷ,
425 3909 491 3962 ἂν
511 3909 712 3981 κελεύῃ
757 3909 1032 3980 βασιλεύς.
1069 3912 1214 3964 Ἰστε
1249 3912 1357 3982 γὰρ
1391 3911 1455 3982 δὴ
1493 3911 1663 3980 σαφέ-

87 4017 274 4054 στατα
302 4002 458 4069 ὑμεῖς
478 3999 555 4064 ὡς
577 4003 636 4053 ἐν
666 4001 789 4064 ταῖς
833 4002 1135 4072 συνθήκαις
1187 4004 1281 4058 καὶ⁹
1322 4002 1437 4065 τοϊς
1457 4001 1662 4072 ὅρκοις,

84 4093 188 4154 οὓς
229 4093 366 4162 πρὸς
421 4093 523 4163 τήν
574 4093 854 4160 βασιλείαν
894 4092 1184 4163 Ῥωμαίων
1229 4092 1265 4162 ή
1301 4091 1470 4163 βουλὴ
1499 4091 1596 4147 καὶ
1635 4091 1665 4145 ὁ

85 4185 272 4254 δῆμος
330 4183 484 4237 ἔθετο
531 4183 797 4248 Γεννούας
853 4184 947 4236 ἐπὶ
975 4185 1040 4254 τῇ
1108 4181 1328 4256 είρήνῃ,
1365 4183 1505 4251 πρὸς
1552 4182 1666 4245 τοῖς

86 4277 278 4338 ἄλλοις
313 4275 702 4346 περιείληπται
736 4273 1036 4340 καὶτοῦτο,
1061 4272 1124 4326 τὸ
1161 4272 1428 4342 μὴ’μόνον
1459 4272 1521 4325 τὸ
1551 4289 1667 4326 κοι-

86 4373 183 4419 γὲν
219 4367 402 4420 αὐτῶν
459 4367 730 4438 μηδεμίαν
793 4365 998 4436 βλάϐην
1025 4365 1058 4435 ή
1090 4365 1293 4433 ζημίαν
1322 4364 1548 4432 ἐπάγειν
1596 4366 1662 4435 τῇ

1764 3185 2016 3266 veritate,
2067 3193 2389 3254 tantumque
2441 3183 2596 3240 abest
2629 3192 2690 3240 ιιι
2714 3183 2767 3238 id
2790 3183 3122 3254 sperandum
3179 3182 3341 3239 vobis

1763 3279 1855 3347 sit,
1889 3287 1950 3333 ut
1981 3277 2282 3333 timendum
2309 3276 2486 3346 potius
2511 3291 2583 3331 ne
2603 3283 2796 3331 contra
2824 3291 2925 3332 vos
2974 3275 3054 3331 illi
3091 3274 3333 3339 venturi,

1763 3377 1820 3424 et
1849 3367 2106 3423 hortante
2132 3365 2464 3434 imperatore
2495 3372 2557 3419 ut
2582 3364 2836 3421 inimicos
2878 3364 3196 3436 reipublicae
3238 3365 3339 3420 ob-

1764 3457 1970 3515 sessuri
2018 3455 2149 3512 sint.
2208 3455 2369 3513 Scitis
2401 3457 2549 3523 enim
2602 3456 2922 3526 planissime
2949 3455 3124 3526 pactis
3149 3465 3207 3511 et
3237 3454 3338 3510 fm—

1763 3549 2009 3615 deribus,
2039 3563 2162 3618 qua:
2190 3562 2312 3602 cum
2346 3546 2592 3602 Romano
2641 3546 2878 3616 imperio
2905 3554 3129 3601 senatus
3159 3561 3338 3616 popu-

1763 3641 1960 3710 lusque
1991 3637 2322 3695 Genuatium
2369 3636 2522 3706 pacis
2573 3649 2734 3690 causa
2799 3623 2950 3701 fecit,
2992 3643 3192 3706 praeter
3225 3636 3335 3690 alia

1764 3730 1872 3786 hoc
1921 3730 2088 3784 etiam
2135 3727 2432 3791 contineri,
2469 3734 2529 3780 ut
2553 3739 2847 3781 commune
2903 3725 3148 3794 ipsorum
3219 3741 3333 3780 non

1765 3821 1930 3877 modo
1962 3819 2173 3874 nullum
2208 3816 2458 3872 Romano
2511 3817 2746 3885 imperio
2798 3814 3191 3888 detrimentum
3237 3816 3337 3870 (Ια-

1764 3925 2025 3967 mnumve
2063 3909 2323 3978 importet
2350 3906 2415 3972 (si
2443 3905 2650 3960 nullam
2692 3905 2822 3962 belli
2855 3905 3203 3960 occasionem
3242 3906 3341 3960 dc-
3405 3932 3410 3942 -

1766 4003 1952 4070 derit),
1978 4001 2075 4057 sed
2102 3998 2291 4071 siquis
2319 3999 2484 4056 etiam
2518 3999 2766 4069 privatus
2800 3997 3111 4052 Romanum
3147 4011 3342 4068 qucrn-

1766 4095 1912 4166 piam
1940 4091 2171 4158 laeserit,
2203 4100 2264 4148 ut
2287 4089 2356 4146 de
2381 4089 2824 4162 possessionibus
2843 4097 2941 4145 aut
2985 4088 3343 4146 facultatibus

1767 4186 1887 4257 ejus
1940 4185 2190 4241 Romano
2255 4184 2425 4241 multa
2476 4182 2743 4238 solvatur.
2803 4181 2898 4238 Sin
2945 4182 3177 4250 imperio
3229 4182 3348 4238 Bo-

1767 4293 1932 4334 mano
1976 4277 2407 4333 detrimentosus
2439 4273 2730 4336 exstiterit,
2783 4282 2879 4328 aut
2935 4272 3194 4340 insulam,
3247 4281 3343 4328 aut

1767 4366 2095 4422 maritimam
2131 4364 2346 4429 urbem,
2381 4371 2477 4418 aut
2502 4361 2650 4417 aliud
2679 4361 2969 4432 diripiens,
3021 4371 3082 4416 ut
3149 4361 3342 4416 eadem

98 4459 394 4523 Ῥωμαίων
446 4457 691 4527 βασιλεία
748 4456 1026 4525 πρόφασιν
1066 4453 1306 4523 πολέμου
1337 4453 1398 4506 ού
1429 4469 1662 4522 παρεχο-

1768 4458 1979 4514 ratione
2007 4455 2075 4512 de
2099 4467 2292 4511 eorum
2325 4452 2791 4526 possessionibus,
2841 4462 2936 4507 aut
2966 4453 3340 4516 facultatibus.

90 4553 259 4621 μένῃ,
304 4548 440 4600 ἀλλὰ
468 4549 561 4601 καὶ
589 4547 685 4600 ὲάν
715 4564 799 4610 τις
833 4545 1050 4616 ἰδιώτης
1101 4544 1370 4614 Ῥωμαῖον
1404 4542 1662 4613 ἀδικήσῃ,

84 4643 200 4694 ἀπὸ
231 4641 342 4692 τῶν
377 4641 686 4709 προσόντων
721 4636 871 4707 αὐτῷ
931 4637 1284 4708 κτημάτωνῆ
1321 4636 1668 4706 πραγμάτων

84 4735 192 4801 τὴν
222 4733 425 4801 ζημίαν
457 4731 864 4799 ἀπολαμϐάνειν
893 4729 986 4782 τὸν
1027 4729 1321 4798 Ῥωμαῖον.
1363 4729 1460 4779 Ἂν
1495 4727 1551 4780 δὲ
1573 4726 1667 4779 καὶ

83 4829 157 4894 τῇ
197 4824 449 4893 βασιλείᾳ
487 4822 776 4890 Ῥωμαίων
829 4822 930 4890 τὴν
963 4819 1166 4889 ζημίαν
1212 4819 1470 4888 προξενῇ,
1508 4819 1542 4884 ἢ
1573 4817 1670 4886 νῆ’

87 4933 190 4968 σον
221 4913 558 4984 διαρπάζων,
590 4913 623 4981 ἢ
651 4912 807 4964 πόλιν
839 4911 960 4963 τινά
1006 4909 1272 4979 παράλιον
1298 4909 1332 4979 ἡ
1367 4924 1418 4961 τι
1459 4908 1666 4975 ἕτερον,

86 5007 187 5060 τὸν
230 5007 343 5059 ἴσον
382 5005 583 5076 τρόπον
612 5003 720 5056 ἀπὸ
773 5002 883 5054 τῶν
947 5001 1170 5054 ἐκείνων
1223 4998 1524 5067 κτημάτων
1572 4995 1671 5048 καὶ

87 5098 464 5167 πραγμάτων,
512 5096 563 5148 τί
593 5095 777 5148 πολλοὶ
827 5091 936 5147 εἷεν
966 5093 999 5164 ἢ
1053 5089 1154 5156 εἷς,
1180 5091 1285 5164 τὴν
1307 5091 1512 5160 ζημίαν
1540 5091 1670 5142 ἑπο-

83 5188 377 5244 τίννυσθαι
411 5187 642 5254 βασιλεῖ,
667 5187 832 5240 αὐτὸν
859 5187 915 5240 δὲ
938 5185 1272 5256 ψηφίζεσθαι
1307 5185 1568 5252 πολέμιον
1591 5181 1670 5252 τῷ

85 5286 254 5353 δήμῳ
290 5281 386 5335 καὶ
413 5285 480 5352 τῇ
517 5280 698 5351 βουλῇ,
731 5281 829 5334 καὶ
882 5279 1198 5352 στρατεύειν
1239 5276 1326 5330 ἐπ’
1357 5278 1564 5329 ἐκεῖνον
1593 5276 1669 5339 ὡς
1700 5261 1708 5268 ’

88 5375 329 5427 ἄπιστον
351 5372 447 5426 καὶ
475 5369 746 5442 προδότην
789 5367 884 5421 τοῦ
927 5366 1130 5421 κοινοῦ.
1176 5359 1254 5418 Οὖ
1285 5366 1350 5436 δὴ
1379 5367 1540 5419 ἕνεκα
1575 5364 1668 5418 καὶ

94 5463 329 5534 βασιλέα
389 5463 690 5531 πρεσϐείαν
739 5460 876 5530 πρὸς
929 5460 1194 5513 Γέννουαν
1237 5455 1666 5521 ἀπεσταλκέναι,

91 5556 242 5610 ὥστε
297 5552 371 5622 μὴ
430 5553 592 5622 μόνον
643 5551 712 5604 τὰ
747 5553 1006 5620 κτήματα
1035 5551 1190 5617 ὑμῶν
1219 5549 1330 5601 τῶν
1359 5549 1667 5618 χρημάτων

91 5649 266 5700 ἕνεκα
294 5639 369 5700 ὧν
395 5646 640 5700 ἀνάλωσε
677 5644 928 5710 πολεμῶν
968 5644 1098 5712 ὑμῖν
1137 5641 1498 5712 παραλαϐεῖν,
1535 5640 1669 5694 ἀλλὰ

94 5741 196 5793 καὶ
227 5720 476 5810 τριήρεις
510 5736 768 5792 καλεῦσαι
805 5733 1017 5805 πέμψαι
1067 5731 1188 5788 καθ’
1221 5732 1380 5805 ὑμῶν
1423 5732 1562 5787 κατά
1603 5732 1684 5796 τά¹

1768 4568 1864 4608 seu
1897 4551 2108 4622 plures,
2165 4560 2260 4604 seu
2294 4562 2437 4602 unus
2473 4547 2737 4603 duntaxat
2791 4546 2976 4613 fuerit,
3023 4546 3341 4618 imperatori

1768 4642 2021 4707 satisﬁat,
2085 4642 2312 4711 ipseque
2363 4655 2393 4694 a
2435 4649 2630 4694 senatu
2687 4639 2999 4708 populoque
3063 4637 3346 4694 Genuensi

1767 4731 1942 4789 hostis
1968 4730 2266 4803 iudicetur,
2331 4737 2386 4784 et
2409 4745 2560 4783 arma
2594 4729 2650 4782 in
2687 4728 2838 4784 illum
2873 4737 2932 4782 ut
2963 4727 3234 4797 perfidum
3279 4741 3349 4782 ac

1770 4825 2085 4895 reipublicae
2109 4823 2444 4894 proditorem
2464 4821 2771 4891 capiantur.
2793 4821 2964 4892 Cujus
2987 4821 3066 4874 rei
3096 4822 3267 4890 gratia
3287 4829 3344 4875 et

1768 4918 2150 4986 imperatorem
2165 4914 2228 4968 ad
2243 4913 2558 4968 Genuenses
2573 4911 2897 4982 legationem
2920 4911 3129 4965 misisse
3149 4909 3341 4974 nostis,

1770 5020 1876 5060 non
1895 5006 2071 5061 solum
2098 5012 2154 5058 ut
2179 5002 2375 5057 fundos
2402 5009 2458 5057 et
2476 5002 2633 5056 villas
2665 5010 2876 5055 vestras
2899 5001 2968 5055 ad
3008 4999 3350 5055 reﬁciendos

1769 5104 2040 5166 sumptus,
2054 5094 2184 5150 dum
2199 5094 2480 5148 vobiscum
2497 5081 2802 5162 belligerat,
2820 5091 3076 5146 toleratos
3089 5089 3344 5158 recipiat,

1770 5189 1865 5244 sed
1891 5202 1988 5243 eos
2017 5188 2240 5256 insuper
2268 5185 2333 5240 ad
2366 5185 2620 5240 triremes
2642 5183 2944 5238 secundum
2983 5193 3254 5238 conventa
3285 5191 3345 5238 et

1764 5277 2073 5348 iuramenta
2107 5285 2296 5330 contra
2343 5289 2445 5330 vos
2474 5272 2771 5329 mittendas
2806 5271 3108 5343 impulisse.
3143 5271 3345 5339 Quam—

1769 5369 1964 5424 obrem
2028 5383 2139 5422 non
2195 5365 2504 5422 subsidium
2561 5364 2787 5432 Genua,
2868 5365 2964 5420 sed
3018 5364 3220 5418 bellum
3285 5369 3344 5421 et

1771 5461 1987 5516 hostilis
2031 5459 2378 5530 adnavigatio
2432 5457 2604 5528 magis
2649 5456 3012 5527 exspectanda
3046 5457 3202 5511 vobis
3232 5465 3341 5512 est.

1772 5553 1945 5606 Porro
1978 5560 2034 5605 et
2069 5551 2245 5605 victus
2273 5549 2458 5619 inopia
2484 5561 2586 5604 vos
2615 5548 2890 5614 laborare,
2917 5547 3190 5618 pauloque
3215 5553 3340 5616 post

1771 5639 1916 5708 quod
1954 5639 2221 5694 hagsitctis
2272 5653 2382 5693 non
2416 5638 2720 5704 habituros,
2761 5654 2824 5694 ex
2858 5655 2916 5694 re
2947 5637 3061 5708 ipsa
3091 5637 3215 5692 duci
3246 5653 3339 5691 ar-

1777 5743 2095 5805 gumentum
2144 5733 2512 5788 certissimum
2556 5741 2755 5802 potest.
2799 5732 2948 5800 Quos
2990 5732 3135 5787 enim
3197 5732 3333 5790 urbe
