3794 6558
63 445 202 507 (09
1257 449 1303 507 il
1322 451 1572 512 iS'l'iHli
1587 456 1624 509 Α
1639 453 1665 510 1³

1768 453 1804 510 »ι
1853 454 2082 512 LIBER
2127 455 2208 512 li.
3232 462 3337 522 6.ζο

65 555 178 602 καὶ
211 550 434 615 ἀδςξέαν
486 551 906 623 προστρίϐεσθαι
960 554 1049 608 διὰ
1108 553 1266 625 βίους
1313 556 1456 626 Ἐγὼ
1487 560 1545 613 δέ
1577 560 1665 614 καὶ

1779 560 2059 631 impendio
2103 560 2379 630 potiundae
2419 560 2622 630 cupidi
2652 562 2806 624 vobis
2864 563 3111 630 incessit,
3145 568 3239 621 sed
3278 578 3340 620 ut

66 643 300 694 τούτων
339 643 598 696 ἁπάντων
629 645 822 712 χωρὶς,
875 645 1128 714 οὐδαμῶς
1160 647 1540 704 λυσιτελοῦντα
1571 651 1662 706 τδν

1769 654 2044 722 impensas
2111 653 2284 707 multo
2343 653 2641 722 majoribus
2701 654 2908 712 divitiis
2965 657 3336 719 consolantis.

68 735 228 802 πρὸς
279 735 506 804 βασιλέα
558 735 794 804 πόλεμον
834 737 962 806 ύμῖν
1013 739 1297 806 ἀποφανῶ.
1330 741 1391 794 Ei
1437 742 1546 810 γὰρ
1573 743 1665 798 καὶ

1769 744 1964 798 insulae
2015 757 2236 813 quoque
2283 743 2630 798 dominatum
2692 744 3024 800 obtineretis
3060 763 3073 799 :
3106 748 3160 801 iu
3225 764 3337 816 quo

75 831 237 898 μήτε
292 829 498 895 ὅπλοις,
557 835 694 900 μήτε
724 831 892 898 λιμῷ,
930 833 1057 901 μήθ’
1089 833 1251 905 ἑτέρᾳ
1305 838 1522 906 μηχανῇ
1556 853 1664 888 τινι

1768 837 1999 891 multum
2033 838 2399 906 planevestra
2433 851 2530 891 vos
2571 821 2775 890 delusit
2823 839 3032 907 opinio.
3065 839 3198 893 Nam
3240 858 3339 910 pc:-

72 921 551 988 παραστήσασθαι
583 920 924 990 δυνησόμεθα
979 922 1143 990 ὑμᾶς.
1180 925 1290 978 οὐδ’
1319 925 1462 978 οὕτω
1484 926 1545 979 τὸ
1571 943 1665 979 πο-

1768 931 1986 1002 cuniam
2021 929 2075 994 in
2113 927 2368 983 triremes
2393 927 2810 998 absumpsistis,
2853 941 2906 986 et
2949 931 3125 985 insula
3156 931 3338 1002 (Mity-

73 1009 432 1090 λιορκεῖσθιι
461 1011 868 1080 λυσιτελήσειεν
905 1012 970 1065 ἂν
996 1015 1143 1081 ὑμῖν.
1176 1015 1396 1084 Πρῶτον
1426 1016 1522 1085 μὲν
1555 1018 1665 1088 γὰρ

1768 1022 1889 1076 lene
1916 1021 2164 1091 excepta)
2193 1021 2578 1090 imperatorem
2614 1037 2807 1077 rursus
2834 1024 3138 1092 principem
3175 1040 3336 1078 suum

72 1099 190 1151 οὐκ
225 1099 320 1152 ἐπὶ
363 1101 442 1168 τῷ
469 1101 730 1170 διηνεκῶς
787 1102 1195 1174 πολιορκεῖσθαι
1239 1107 1332 1160 καὶ
1365 1107 1542 1178 ἐνδείᾳ
1571 1111 1666 1163 καὶ

75 1191 202 1252 τοῖς
233 1190 415 1254 ἄλλοις
440 1193 550 1255 τοῖς
583 1193 648 1246 ἐκ
699 1193 799 1248 τοῦ
835 1195 1078 1265 πολέμου
1135 1200 1326 1262 κακοῖς
1379 1196 1677 1262 πιέζεσθαι

76 1280 304 1334 Λέσϐου
361 1283 638 1354 κρατῆσαι
693 1286 823 1355 ὑμῖν
875 1287 1078 1358 ἐπῆλθε
1134 1289 1374 1343 τοσαῦτα
1405 1292 1667 1362 χρήματα

77 1373 457 1439 ἀναλωκόσιν,
497 1373 613 1428 ἀλλ’
647 1377 739 1430 έπὶ
767 1378 845 1448 τῷ
877 1379 1265 1450 πολλαπλασίω
1295 1381 1406 1434 τῶν
1456 1383 1667 1436 ἀναλω-

82 1466 276 1532 μένων
302 1467 696 1537 κτησαμένους.
729 1472 824 1524 καὶ
851 1472 955 1541 τῆς
976 1472 1142 1543 νήσου
1165 1472 1312 1542 ἔχειν
1339 1475 1438 1542 τὴν
1467 1475 1664 1544 ἀρχήν.

94 1553 130 1604 Γ
133 1551 269 1608 οὖτο
300 1555 346 1610 δ’
369 1555 629 1621 ἐναντίως
677 1560 712 1630 ἦ
758 1561 914 1615 αὐτοὶ
955 1562 1270 1633 συμϐέϐηκε
1303 1565 1666 1634 προσδοκᾶτε.

79 1642 177 1699 Τά.
205 1663 266 1699 τε
314 1647 425 1719 γάρ
455 1649 712 1719 χρήματα
765 1651 1072 1707 ἀνάλωνται
1113 1655 1192 1715 εἰς
1237 1654 1337 1715 τὰς
1374 1657 1623 1724 τριήρεις
1648 1670 1664 1686 ·

1767 1114 2034 1184 αειιοειτὶι,
2086 1129 2250 1183 quam
2315 1114 2481 1182 (sicut
2522 1123 2580 1170 et
2625 1115 2929 1186 Pbocmam)
2963 1115 3337 1185 praesidiarios

1769 1205 2022 1260 mercede
2065 1205 2366 1261 conductos
2430 1221 2540 1261 non
2591 1207 2877 1275 pauciores
2939 1207 3089 1262 mille
3120 1218 3337 1278 oportet

1770 1295 1941 1350 alere.
1997 1295 2152 1353 Unde
2214 1295 2382 1367 igitur
2429 1297 2686 1352 alimenta
2730 1296 2838 1351 illis
2876 1297 3340 1366 suppeditabitis?

1769 1385 1956 1457 Neque
1983 1388 2132 1442 extim
2162 1389 2217 1442 in
2259 1388 2496 1442 navibus
2520 1398 2728 1442 tantum
2762 1389 3008 1458 pecunia
3025 1389 3338 1454 habebatis,

1769 1487 2036 1546 quantum
2089 1479 2366 1534 obsidioni
2412 1479 2709 1534 tolerandae
2791 1478 3100 1546 suﬂiceret;
3157 1496 3341 1550 neque

1771 1569 1959 1625 Genua
2016 1572 2242 1625 missum
2291 1571 2357 1624 iri
2405 1571 2736 1642 sperandum
2763 1581 2868 1627 est.
2902 1571 3036 1625 Nam
3068 1589 3189 1642 quae
3229 1574 3340 1628 illic

1768 1660 2083 1730 possidetis,
2115 1673 2170 1716 et
2202 1662 2346 1716 unde
2383 1663 2670 1734 vectigalia
2727 1663 3051 1732 capiebatis,
3102 1664 3339 1733 impera-

79 1736 190 1789 καὶ
219 1737 253 1806 ἢ
300 1737 468 1808 νῆσος
521 1741 629 1795 ὑπὸ
659 1741 884 1811 βασιλέα
912 1741 1070 1806 αὖθις
1121 1743 1267 1797 τελεῖ
1314 1743 1456 1814 πλὴν
1487 1747 1665 1800 Μιτυ-

1772 1752 1876 1807 tori
1922 1752 2420 1822 adjudicabuntur;
2467 1765 2670 1823 etquae
2698 1755 2868 1821 prius
2909 1755 3135 1810 Phocaea
3184 1758 3340 1812 vobis

77 1823 299 1897 ληνης,
341 1826 412 1897 ἢν
436 1828 518 1882 δεῖ
567 1828 662 1883 καὶ
702 1830 956 1885 Φώκαιαν
1010 1831 1271 1903 φρουρεῖν
1302 1831 1665 1904 μισθοφόρους

1777 1840 2056 1910 pendebat
2138 1843 2341 1898 bellum
2427 1844 2670 1899 sustulit.
2729 1843 2945 1898 Etenim
3029 1853 3338 1900 mercatura

79 1918 400 1988 τρέφοντας
433 1922 617 1992 χιλίων
637 1925 736 1978 οὐκ
767 1925 1050 1988 ἐλάσσους.
1069 1925 1242 1982 Πόθεν
1263 1925 1360 1980 οὖν
1383 1928 1662 1996 ποριεῖσθε

1768 1933 1968 1996 omnis,
2005 1933 2165 1989 nobis
2189 1949 2339 1989 mare
2366 1934 2700 2000 tenentibus,
2722 1936 3069 2006 conquievit;
3101 1945 3158 1990 et
3188 1936 3337 2003 agri-

79 2008 194 2078 τὴν
221 2011 430 2083 τροφὴν
481 2014 702 2082 adeo!“
738 2014 878 2070 Οὔτε
924 2017 1032 2090 γὰρ
1093 2019 1355 2088 χρήματα
1399 2017 1574 2088 εῖχετε
1605 2020 1664 2073 ἐν

1771 2024 1988 2078 cultura
2019 2039 2128 2094 per:
2155 2040 2258 2080 nos
2280 2040 2458 2096 usque
2487 2026 2629 2082 adeo
2664 2027 2952 2090 arcemi-ni,
2989 2037 3048 2082 ut
3079 2039 3148 2081 ne
3180 2035 3339 2094 porta

79 2101 215 2162 ταῖς
256 2104 447 2157 ναυσὶν
479 2104 516 2159 ἃ
537 2105 814 2176 διαρκέσει
845 2107 985 2176 πρὸς
1017 2107 1118 2178 τὴν
1167 2108 1507 2178 πολιορκίαν,
1539 2108 1665 2163 οὔτε

1771 2115 1997 2186 quidem
2058 2114 2214 2171 urbis
2274 2131 2470 2172 secure
2545 2116 2738 2185 pedem
2816 2115 3017 2172 eil‘erre
3091 2117 3336 2189 possitis.

79 2190 159 2243 ix
190 2192 455 2260 Γεννούας
492 2196 647 2262 ἐλπὶς
677 2197 873 2255 ἐλθεῖν.
925 2199 1006 2252 Τὰ
1035 2198 1143 2270 γὰρ
1174 2201 1352 2254 ἐκεῖσε
1409 2200 1665 2270 κτήματα

1770 2203 1952 2272 Quare
2003 2205 2119 2260 sive
2171 2205 2341 2266 armis
2385 2205 2777 2274 subjugemini,
2842 2206 2957 2260 sive
3020 2222 3154 2270 non,
3191 2208 3338 2263 unde

80 2283 254 2354 ὑμῶν
279 2285 317 2342 ἃ
347 2292 577 2361 παρεῖχε
603 2293 703 2356 τὰς
728 2293 1050 2365 προσόδους,
1087 2293 1195 2346 om
1225 2291 1457 2364 βασιλέα
1490 2293 1665 2346 ἕσται·

1773 2294 1922 2351 unde
1952 2293 2215 2364 periculis
2243 2293 2552 2365 cingimiui.
2586 2295 2728 2364 Ergo
2754 2293 3016 2364 quoniam
3056 2294 3205 2348 salus
3247 2309 3341 2348 ve-

80 2377 156 2430 αῖ
181 2395 244 2432 τε
271 2380 339 2434 ἐκ
361 2382 615 2448 Φωκαίας
660 2386 1086 2458 προσγινόμεναι
1126 2384 1392 2456 πρότερον
1419 2385 1665 2457 πρόσοδοι

1768 2395 1884 2440 stra
1910 2385 2114 2455 agitur,
2173 2399 2284 2440 non
2337 2383 2519 2440 obiter
2565 2396 2621 2441 et
2654 2385 2804 2440 velut
2831 2400 2931 2455 per
2965 2393 3341 2446 transennam,

82 2471 228 2540 ὑμῖν
265 2474 575 2548 ἀφῄρηνται
629 2477 718 2531 διά
740 2477 832 2532 τὸν
865 2477 1126 2548 πόλεμον.
1168 2477 1440 2547 Ἐμπορία
1466 2494 1528 2531 τε
1561 2476 1665 2548 γὰρ

1768 2479 1861 2534 sed
1912 2493 2038 2532 cum
2071 2477 2264 2534 amicis
2291 2493 2379 2534 res
2409 2478 2814 2549 perpendenda,
2851 2487 2908 2533 et
2958 2477 3174 2533 utilitati
3207 2491 3340 2533 con-

80 2562 378 2619 ἐκλέλοιπε
400 2567 568 2634 πᾶσα,
588 2569 1168 2640 θαλασσοκρατούντων
1183 2567 1359 2639 ἡμῶν,
1384 2570 1476 2622 καὶ
1497 2585 1665 2639 γεωρ-

1768 2568 2060 2627 suiendum
2089 2577 2194 2626 est.

81 2651 223 2719 γίας
260 2656 627 2729 ἀπείργομεν,
666 2661 788 2715 οὐδὲ
827 2663 890 2714 τὸ
917 2661 1106 2714 πυλῶν
1157 2659 1478 2732 προϐαίνειν
1511 2661 1670 2714 άκίν-

81 2760 249 2818 δυνον
280 2745 341 2802 δν
371 2749 519 2818 ὑμῖν.
551 2750 714 2806 Ὥστε
743 2752 1006 2808 πάντοθεν
1046 2752 1337 2822 συμϐαίνει
1400 2748 1792 2822 περιΐστασθαι
1856 2749 1948 2801 τὸν
2007 2745 2272 2810 κίνδυνον,
2295 2745 2360 2800 ἄν
2393 2763 2453 2798 τε
2515 2745 2789 2816 κρατῆσθε
2821 2747 2936 2811 τοῖς
2955 2745 3166 2812 ὅπλοις,
3193 2745 3256 2800 ἄν
3278 2759 3339 2796 τε
3413 2809 3416 2812 _

86 2837 172 2907 μή
199 2854 216 2869 ο
244 2838 322 2902 ὡς
344 2841 440 2896 οὖν
474 2844 600 2913 περὶ
628 2845 903 2915 σωτηρίας
961 2844 1094 2916 ὑμῖν
1133 2844 1579 2916 βουλευσομένοις
1603 2845 1705 2898 οὐκ
1743 2844 1803 2897 ἐν
1833 2841 2097 2913 παρέργῳ
2161 2838 2267 2912 χρὴ
2313 2839 2587 2894 ποιεῖσθαι
2636 2840 2736 2912 τὴν
2765 2838 2985 2912 βουλὴν,
3033 2839 3172 2896 ἀλλὰ
3200 2839 3340 2909 μετά

83 2930 200 2983 τῶν
224 2931 392 3002 φίλων
413 2937 787 3008 σκεψαμένους
817 2937 886 2994 τὰ
907 2939 1093 2995 δέοντα
1116 2938 1357 2995 ἑλέσθαι.

1489 3056 1718 3114 CAPUT
1758 3051 1952 3110 XXXI.

88 3141 324 3218 Spinula
354 3143 566 3216 culpam
591 3147 811 3218 fatetur,
840 3147 1118 3203 consilium
1147 3167 1179 3204 a
1200 3150 1484 3203 domestico
1513 3150 1660 3218 petit.
1695 3145 1920 3218 suadet,
1964 3141 2171 3218 ueniam
2216 3143 2281 3192 ab
2303 3140 2665 3218 Linrpcrotorc
2717 3139 3016 3208 petendam,
3050 3149 3100 3194 et
3139 3141 3338 3218 obsides

165 3213 367 3268 Persas
395 3208 872 3289 cicond'onandos;
910 3220 1196 3289 Mytilenen
1218 3230 1266 3274 et
1309 3208 1586 3289 Phoenicim
1614 3214 1981 3289 restituendus.
2013 3211 2186 3289 Quam
2206 3208 2380 3289 multis
2408 3212 2666 3289 bonis-eos
2684 3220 3113 3289 remuneratufus
3143 3213 3210 3265 sit
3239 3215 3331 3289 int-

164 3299 385 3355 perator
416 3285 584 3355 docet,
627 3297 698 3349 et,
736 3295 793 3338 ut
853 3279 1141 3354 inatirrent,
1197 3296 1458 3346 lcertatur.
1519 3288 1744 3342 l’liocasa
1803 3293 1851 3338 et
1901 3281 2150 3354 Mytilene
2199 3279 2506 3336 redduntur.
2546 3279 2714 3335 Filios
2759 3280 2957 3334 obsides
3000 3280 3178 3337 Persa:
3229 3281 3338 3339 la'ti

168 3353 436 3424 occipiunt
464 3371 482 3408 :
517 3353 701 3409 Lesbos
725 3364 834 3410 tota
863 3353 1224 3429 recuperatur.

171 3471 412 3526 Τοιαῦτα
471 3472 561 3526 τοῦ
631 3475 868 3548 μεγάλου
949 3478 1272 3549 δομεστίκου
1354 3475 1662 3548 εἰρηκότος,

1840 3470 2118 3526 ilactenus
2181 3485 2414 3540 magnus
2465 3467 2846 3535 domesticus;
2880 3469 3040 3540 cujus
3078 3483 3334 3526 sermone

92 3564 373 3634 Ντζιουὰν
427 3565 660 3622 ἐπιπολὺ
697 3569 796 3640 μὲν
829 3565 896 3640 ἦν
924 3570 1166 3632 σιωπῶν,
1207 3568 1664 3640 ἐκπεπληγμένος

91 3661 179 3714 ὅτι
206 3659 270 3730 δὴ
307 3660 617 3730 σαφέστατα
645 3663 771 3732 περὶ
802 3661 911 3716 τῶν
940 3662 1060 3716 κατ’
1096 3661 1293 3723 αὐτοὺς
1322 3661 1666 3730 πραγμάτων

91 3751 390 3822 διειλέχθη,
421 3751 666 3825 συνεώρα
711 3771 771 3807 τε
813 3753 915 3824 ἤδη
949 3754 1046 3806 κα)⁵
1101 3753 1262 3814 αὐτὸς
1299 3752 1392 3805 τὸν
1419 3751 1665 3804 κίνδυνον

93 3839 169 3902 ὡς
195 3841 256 3892 ἐν
286 3841 424 3911 χρῷ.
454 3841 682 3897 Ἔπειτα
734 3841 1067 3910 ἀνενεγκὼν,
1110 3842 1201 3904 Ὠς
1231 3841 1332 3912 μὲν
1369 3839 1666 3909 ἀδικοῦμεν

96 3929 340 4001 πολέμου
357 3932 634 4003 ἄρχοντες,
664 3931 790 4005 ἔφη,
826 3934 949 3987 οὐδέ
977 3935 1134 3986 αὐτοὶ
1185 3931 1465 4002 δυνάμεθα
1487 3934 1666 3986 ἀντει-

96 4026 240 4078 πεῖν.
276 4023 417 4095 Πλὴν
437 4024 612 4078 ἐλπίδι
639 4025 967 4096 ἐπαρθέντες
1003 4024 1095 4080 τοῦ
1126 4043 1186 4079 τε
1222 4025 1512 4094 ἐγκρατεῖς
1569 4038 1666 4089 γε·

96 4105 360 4186 νῆσεσθαι
387 4117 485 4186 τῆς
509 4115 743 4182 Λέσϐου,
775 4115 870 4170 τοῦ
903 4133 958 4169 τε
993 4114 1315 4180 ἀμυνεῖσθαι
1348 4113 1572 4184 βασιλέα
1599 4111 1665 4166 ἂν

96 4207 228 4278 ἐπίῃ
253 4207 336 4272 (οὐ
383 4207 490 4276 γὰρ
517 4206 782 4277 τοσαύτην
817 4223 881 4274 γε
910 4204 1130 4277 ᾠόμεθα
1147 4205 1376 4275 δύναμιν
1393 4204 1664 4274 ἀθροίσειν

95 4294 381 4368 ναυτικὴν)
411 4295 694 4368 ἠράμεθα·
727 4297 844 4351 νυνὶ
867 4295 924 4349 δὲ
955 4297 1054 4368 ήδη
1082 4296 1150 4351 τά
1175 4311 1230 4348 τε
1256 4301 1358 4366 χρή
1371 4309 1514 4365 ματα
1531 4293 1664 4346 ἀνά·-

97 4387 268 4441 λωται
313 4389 464 4457 ἡμῖν,
519 4386 611 4442 καὶ
644 4387 798 4440 αὐτοὶ
834 4386 1292 4456 πολιορκούμεθα,
1326 4387 1426 4438 οὐκ
1455 4385 1664 4454 ἀγαθὰς

99 4481 311 4550 εχοντες
343 4478 564 4542 ἐλπίδας
609 4479 739 4548 περὶ
768 4479 874 4531 τῶν
903 4477 1233 4546 μελλόντων.
1282 4477 1433 4530 Ἐπεὶ
1467 4475 1545 4541 δὲ,
1588 4477 1665 4540 ὡς

99 4571 246 4642 ὁρῶ,
283 4570 376 4624 τοῦ
428 4568 564 4624 Θεοῦ
593 4554 944 4641 κεκινηκότος
995 4570 1074 4633 είς
1123 4570 1248 4632 τοὺς
1285 4570 1414 4640 περὶ
1459 4567 1664 4621 τούτων

103 4663 381 4734 προήχθης
413 4661 629 4728 λόγους,
661 4661 851 4730 δέομαι
882 4659 918 4715 ἃ
942 4661 1198 4730 λυσιτελῆ
1226 4662 1372 4714 δοκεῖ
1411 4661 1500 4714 καὶ
1520 4661 1664 4714 δέον·

100 4771 171 4807 τα
201 4752 586 4820 βουλεύσασθαι
611 4751 850 4818 περὶτοῦ
879 4751 1184 4817 μέλλοντος.
1220 4751 1300 4804 Τὰ
1326 4756 1431 4820 γάρ
1463 4750 1664 4822 παρελ-

1770 3564 2060 3635 perculsus
2112 3562 2372 3627 Joannes,
2430 3562 2525 3616 diu
2555 3561 2732 3628 siluit,
2765 3562 2912 3632 quod
2945 3577 3170 3619 suorum
3199 3577 3332 3617 con-

1766 3653 2033 3708 ditionem
2069 3651 2430 3709 disertissime
2467 3653 2792 3723 explicatam
2854 3652 3096 3717 videbat,
3126 3662 3184 3709 et
3218 3654 3331 3723 jam

1767 3743 1886 3813 ipse
1917 3758 2135 3813 quoque
2169 3744 2471 3814 periculum
2521 3759 2644 3800 esse
2683 3744 2740 3798 in
2771 3745 3084 3800 cervicibus
3135 3746 3333 3800 intelli-

1765 3829 1949 3906 gebat.
1982 3837 2273 3906 Postquam
2311 3852 2370 3892 se
2397 3837 2596 3892 deinde
2626 3838 2875 3908 collegit,
2923 3840 2998 3894 ita
3036 3838 3138 3893 fari
3169 3855 3336 3894 exor-

1764 3940 1862 3982 sus
1887 3935 1972 3982 est
2004 3942 2020 3982 :
2063 3927 2352 3996 Perperam
2384 3943 2482 3982 nos
2510 3943 2691 3997 agere,
2727 3931 2857 3983 dum
2903 3929 2971 3983 ad
3005 3945 3156 3984 arma
3193 3931 3336 3999 prio-

1767 4034 1854 4074 res
1883 4019 2217 4090 prosilimns,
2251 4033 2413 4073 nemo
2444 4019 2528 4074 vel
2556 4029 2801 4073 nostrum
2835 4020 3042 4072 inficias
3063 4019 3228 4090 299
3259 4022 3336 4074 ire

1766 4121 1967 4183 poteSI.
1997 4110 2267 4167 Caeterum
2301 4110 2461 4166 Lesbi
2498 4111 2690 4165 insula:
2719 4111 3109 4180 adipiscenda,
3141 4122 3197 4166 et
3237 4113 3337 4166 im-

1763 4213 2094 4275 peratorem,
2147 4203 2194 4260 si
2231 4203 2496 4273 impedire
2551 4213 2868 4263 conaretur.
2934 4202 3242 4272 depellendi
3277 4204 3336 4256 ii-

1764 4296 1927 4352 ducia
1959 4297 2088 4351 elati
2121 4295 2289 4362 (haud
2329 4295 2476 4349 enim
2516 4303 2736 4348 tantam
2774 4293 3004 4348 classem
3049 4307 3336 4362 compara-

1765 4399 1950 4450 turum
1983 4389 2367 4456 credebamuS)
2396 4388 2601 4443 bellum
2632 4387 2771 4441 hanc
2800 4388 2918 4441 ausi
2943 4401 3154 4441 sumus.
3180 4386 3338 4442 Nune

1763 4497 1821 4538 et
1849 4482 2100 4554 pecuniis
2135 4480 2412 4542 exhausti,
2463 4490 2514 4532 et
2551 4479 2779 4548 insuper
2824 4477 2932 4548 ipsi
2968 4477 3199 4540 OilSt'SSi,
3245 4481 3336 4534 ιο-

1763 4590 1863 4629 nas
1897 4587 2024 4643 spes
2052 4587 2245 4628 omnes
2275 4573 2638 4643 perdidimus.
2691 4572 2830 4638 Quia
2862 4587 2991 4626 vero
3020 4571 3238 4630 divino.
3279 4581 3337 4627 ut
3373 4629 3377 4632 _

1764 4661 2026 4722 arbitror,
2059 4659 2240 4714 alllatu
2272 4661 2338 4714 de
2374 4661 2459 4714 bis
2489 4660 2651 4714 rebus
2677 4659 3011 4722 disseruisti,
3048 4669 3100 4714 te
3130 4675 3249 4724 oro,
3279 4667 3336 4715 ut

1765 4769 1886 4824 qua:
1935 4747 2092 4808 utilia
2149 4754 2306 4807 nobis
2343 4756 2396 4806 in
2437 4763 2720 4821 posterum
2775 4761 2832 4807 et
2867 4753 3175 4807 necessaria
3232 4753 3334 4806 du~

103 4819 262 4900 θόντα
289 4846 388 4899 οὐκ
409 4844 556 4898 ἔστιν
580 4843 757 4908 ἄλλως
782 4843 1062 4898 διαθέσθαι
1088 4843 1120 4914 ἢ
1143 4843 1216 4908 ὼς
1251 4842 1409 4915 ἔτυχε
1435 4819 1663 4913 γεγενη-

1768 4847 1934 4912 xeris,
1972 4862 2034 4900 ea
2061 4845 2336 4910 consulas,
2367 4846 2587 4913 quando
2627 4845 2904 4913 praeterita
2927 4836 3204 4914 cerrigere
3227 4861 3336 4900 non

107 4937 263 5008 μένα.
305 4937 363 4990 '0
391 4922 659 5007 μέγαςδέ
688 4937 1031 5007 δομέστικος,
1062 4935 1128 4990 Ei
1152 4935 1250 5004 μέν
1285 4934 1408 4990 καθ’
1444 4938 1670 5000 ἑαυτοὺς

106 5030 257 5083 αὐτοὶ
279 5032 406 5101 περὶ
429 5029 538 5083 τῶν
565 5029 868 5102 ὑμετέρων,
891 5028 1019 5098 ἔφη,
1042 5027 1390 5100 ἐϐουλεύεσθε
1411 5032 1668 5100 πραγμά-

107 5140 232 5187 των,
255 5122 404 5176 ούδὲν
436 5122 503 5176 ἂν
537 5121 776 5176 ἐκώλυεν
827 5122 1110 5193 εἰρήνηνῆ
1146 5123 1239 5175 τὸν
1275 5123 1510 5192 πόλεμον
1544 5126 1660 5180 ἑλέ-

112 5215 249 5270 σθαι.
284 5215 436 5268 Ἐπεὶ
467 5214 523 5267 δέ
557 5213 680 5284 ἐμοὶ
715 5215 844 5283 περ)⁸
872 5215 979 5266 τῶν
1020 5215 1302 5282 ὑμετέρων
1337 5215 1663 5288 ἐπιτρέπετε

111 5305 450 5379 βουλεύεσθαι
484 5304 854 5377 πραγμάτων,
905 5303 941 5359 ἃ
1000 5321 1089 5375 μοι
1119 5305 1261 5357 δοκῶ
1301 5305 1432 5376 ὑμῖν
1457 5309 1668 5378 συμφέ-

113 5415 266 5469 ροντα
299 5395 410 5468 ἐρῶ
432 5412 444 5425 ’
480 5398 608 5466 ὑμῖν
637 5397 694 5450 δὲ
739 5395 954 5461 ἐξέσται
995 5396 1026 5465 ἢ
1077 5396 1353 5465 αἱρεῖσθαι
1380 5399 1446 5452 τά
1480 5399 1668 5467 βεϐου-

111 5489 337 5558 λευμένα
365 5487 398 5559 ἢ
430 5487 757 5543 διωθεῖσθαι.
785 5483 952 5556 οἶμαι
981 5487 1038 5540 δὲ
1085 5489 1206 5542 οὐδὲ
1237 5489 1447 5543 πολλῶν
1476 5491 1660 5562 δεήσε-

117 5583 232 5637 σθαι
256 5581 426 5649 λόγων
465 5581 592 5650 περὶ
636 5580 748 5633 τῶν
779 5580 906 5650 ὑμῖν
935 5583 1194 5636 πείθοντα
1223 5582 1521 5636 δοκούντων
1570 5586 1667 5638 λυ-

118 5673 352 5751 σιτελεῖν.
376 5673 442 5724 ’Δ
465 5672 574 5743 γὰρ
603 5669 906 5740 διειλέχθην
935 5673 1220 5744 πρότερον,
1247 5673 1458 5728 πολλῶν
1480 5675 1666 5728 κακῶν

117 5761 235 5838 ὗμιν
258 5765 343 5818 τὸν
362 5763 594 5834 πόλεμον
621 5763 944 5817 αἰτιώτατον
960 5767 1328 5835 γεγενημένον
1349 5766 1665 5834 ἀποφαίνων

119 5859 205 5912 καὶ
241 5857 317 5912 [tt
357 5855 642 5939 μέλλοντα,
670 5855 881 5921 τούτοις
920 5855 1096 5922 ἔξεστι
1125 5854 1558 5923 κατασκευάζειν
1588 5859 1664 5923 ὡς

1767 4937 1917 4992 licet.
1994 4936 2076 4992 Ad
2137 4937 2254 4991 inec
2309 4951 2538 5004 magnus
2589 4935 2966 4990 domesticus:
3000 4936 3080 5001 Si,
3134 4937 3334 5006 inquit,

1766 5029 2053 5085 vobiscum
2109 5029 2212 5098 ipsi
2277 5029 2345 5084 de
2394 5045 2452 5082 re
2478 5037 2654 5082 vestra
2706 5027 3146 5095 consuluissetis,
3201 5029 3335 5084 nihil

1760 5124 1829 5178 ad
1861 5137 2048 5191 pacem
2079 5121 2221 5177 bello
2255 5121 2646 5192 praeferendam
2678 5121 3006 5176 obstitisset.
3068 5120 3175 5177 Sed
3209 5122 3334 5192 quia

1769 5215 1903 5268 mihi
1936 5214 1988 5266 in
2019 5228 2184 5268 causa
2225 5222 2406 5266 vestra
2455 5211 2724 5281 judicium
2784 5226 2948 5264 omne
2995 5211 3333 5282 permittitis,

1770 5321 1892 5376 quae
1919 5305 2206 5375 profutura
2235 5304 2456 5374 opinor,
2513 5318 2620 5356 non
2653 5303 2841 5358 tacebo
2881 5319 2895 5356 :
2939 5302 3094 5358 vobis
3121 5312 3215 5356 aut
3245 5318 3331 5373 pa-

1771 5416 1892 5454 rere
1931 5399 2166 5454 consilio
2199 5415 2343 5463 meo,
2381 5409 2473 5452 aut
2506 5397 2556 5450 id
2593 5394 2884 5465 repudiare
2909 5395 3185 5467 integrum
3209 5399 3317 5452 erit

1774 5491 2042 5548 Existimo
2063 5501 2245 5558 autem
2297 5471 2716 5559 explicationem
2772 5488 2991 5542 consilii
3023 5488 3125 5543 ιιιεὶ
3179 5488 3332 5558 longe

1773 5582 2026 5655 oratione
2091 5581 2237 5635 haud
2280 5595 2464 5650 egere.
2514 5579 2650 5634 Nam
2709 5593 2942 5649 quaeque
2988 5580 3144 5650 prius
3185 5594 3216 5634 a
3255 5595 3332 5634 me

1773 5675 1918 5730 dicta
1963 5681 2112 5736 sunt,
2159 5674 2362 5743 quibus
2399 5673 2604 5729 bellum
2658 5673 2826 5729 hocce
2893 5674 3227 5743 praecipuum
3285 5684 3332 5726 el

1773 5768 1950 5823 solum
2017 5766 2382 5836 complurium
2439 5767 2705 5823 maiorum
2765 5774 3074 5822 vestrorum
3132 5765 3332 5820 fontem

1773 5858 1942 5914 fuisse
1978 5857 2227 5922 probavi,
2279 5871 2512 5918 quaeaut:
2559 5856 2740 5912 adhuc
2779 5854 3028 5910 dicturus
3069 5867 3214 5915 sum,
3247 5850 3328 5906 iis-
