3794 6558
348 441 458 506 623
1467 458 1472 463 ’
1535 435 1859 501 JOANNIS
1895 431 2422 496 CANTACUZENI
3490 431 3618 498 62$

347 556 685 619 consuleret,
712 551 909 610 obivit.
954 554 1031 609 Ac
1054 552 1237 610 cmteri
1273 551 1497 623 quidem
1532 566 1724 606 omnes
1749 550 1920 619 impe-

2048 546 2225 612 ιένους
2271 546 2401 619 παρ’
2430 546 2645 616 αὑταῖς,
2683 548 2866 621 τιμαῖς
2895 565 2955 603 τε
3006 547 3099 603 καὶ
3139 548 3441 622 προσόδοις
3483 551 3624 621 ἐτη-

349 648 545 703 ratoris
584 647 774 719 jugum
828 643 1005 715 arquis
1052 645 1254 700 animis
1308 643 1670 713 accipiebant.
1704 639 1916 707 Quibus

2048 639 2161 701 πίοις
2212 639 2304 691 καὶ
2348 625 2539 702 ἄλλαις
2594 640 2867 710 ἠμείψατο
2897 640 3262 710 εὐεργεσίαις.
3290 641 3626 712 Νικηφόρφ

345 752 529 798 autem
572 753 732 796 antea
771 738 977 795 bellum
1006 739 1191 808 potius
1219 736 1483 792 arriserat
1504 777 1518 801 ,
1547 751 1578 790 a
1622 734 1789 789 rebus
1815 748 1917 788 no-

2053 747 2077 783 s
2135 732 2213 801 τῷ
2256 731 2515 785 δεσπότου
2569 732 2725 785 παιδὶ
2782 732 2884 803 τὴν
2931 732 3170 803 μεγάλου
3257 732 3619 802 δομεστίκου

344 832 543 887 vandis
568 846 679 886 non
709 844 768 884 se
799 828 1077 885 abstinere
1109 835 1363 898 poterant
1392 825 1919 893 :existimantesque

2048 822 2377 893 εατηγγύησε
2409 823 2711 892 θυγατέρα,
2742 823 2925 878 πάντα
2954 840 3011 876 τε
3057 823 3389 893 διαθέμενος
3424 824 3504 887 ὡς
3542 825 3622 878 ἂν

347 925 495 980 bello
528 938 586 979 se
621 922 907 984 valituros,
969 919 1015 975 si
1066 919 1441 989 Nicephorum
1476 930 1710 987 puerum
1761 914 1919 985 prius

2048 912 2168 984 ιύτῷ
2218 914 2364 984 ἔχειν
2414 914 2613 984 ἄριστα
2652 914 2850 979 ἐδόκει,
2900 914 2998 977 τάς
3037 916 3221 977 πόλεις
3273 914 3471 974 πάσας
3506 918 3623 983 τῆς

316 1043 319 1046 ‹
348 1014 686 1077 emisissent,
725 1022 785 1068 ut
816 1022 875 1069 et
921 1010 1025 1083 ipsi
1053 1026 1155 1082 pro
1186 1025 1251 1066 eo
1282 1023 1528 1081 pugnare
1577 1006 1917 1072 viderentur,

2048 1005 2396 1075 Ἀκαρνανίας
2465 1006 2681 1077 περιῄει
2746 1006 2809 1059 οὐ
2870 1007 3032 1076 μόνον
3082 1007 3327 1078 ἱστορίας
3395 1006 3575 1060 ἕνεκα
3601 1049 3619 1069 ,

349 1117 407 1163 et
436 1108 575 1162 alios
621 1105 690 1161 ad
724 1114 1004 1161 armorum
1032 1104 1352 1159 societatem
1386 1108 1793 1172 permoverent,
1823 1099 1921 1154 Ri-

2048 1090 2175 1145 ιῦπω
2209 1092 2478 1163 πρότερον
2504 1092 2791 1165 ἑωρακὼς,
2824 1095 2963 1149 ἀλλὰ
3007 1096 3100 1149 καὶ
3130 1096 3402 1167 προνοίας
3434 1097 3622 1159 ἀξιῶ-

326 1198 623 1256 .chardum
655 1197 812 1268 pueri
857 1195 1239 1268 padagogum,
1288 1202 1346 1249 et
1375 1194 1514 1249 alios
1564 1192 1828 1262 quosdam
1853 1205 1919 1247 eo

2048 1200 2142 1238 nov
2185 1184 2285 1255 τῆς
2328 1184 2575 1256 δεούσης.
2617 1187 2682 1240 Oi
2735 1186 2833 1257 μὲν
2868 1182 2964 1241 οὖν
3003 1186 3151 1240 ἄλλοι
3204 1188 3417 1247 πάντες
3469 1189 3623 1258 ἠγά-

350 1289 733 1360 perpulerunt,
752 1286 1193 1357 utNicephorum
1216 1284 1411 1339 ducam
1434 1283 1771 1339 clandestina
1793 1282 1919 1351 fuga

2048 1292 2143 1329 των
2174 1274 2279 1329 ὑπὸ
2318 1275 2542 1344 βασιλέα
2579 1279 2925 1349 τεταγμένοι.
2960 1274 3053 1341 Οἷς
3104 1278 3161 1330 δὲ
3197 1279 3298 1331 καὶ
3335 1278 3631 1349 πρότερον

352 1381 726 1435 subducerent
759 1394 775 1433 :
802 1392 966 1448 quem
1006 1389 1172 1431 noctu
1203 1377 1258 1430 in
1296 1376 1502 1439 navim,
1532 1374 1741 1429 Ionium
1770 1375 1919 1445 pela-

2048 1366 2201 1420 δόκει
2246 1368 2447 1437 μᾶλλον
2494 1370 2523 1423 ό
2559 1370 2795 1439 πόλεμος
2842 1370 3113 1439 σίρετέος,
3167 1370 3274 1423 οὐκ
3318 1371 3627 1439 ἠνείχοντο

353 1487 454 1541 gus
488 1471 847 1539 trujecturum
894 1468 1210 1538 imponunt,
1266 1478 1321 1522 et
1352 1467 1420 1522 ad
1462 1466 1789 1537 principem,
1824 1480 1921 1521 seu

2048 1459 2075 1511 .ί
2106 1459 2180 1528 μὴ
2213 1461 2607 1533 νεωτερίζοιεν·
2630 1461 2867 1531 οἰόμενοι
2896 1461 2951 1513 δὲ
2978 1462 3161 1523 αὐτοῖς
3192 1454 3443 1530 δύναμιν
3476 1462 3623 1529 πρὸς

354 1561 636 1616 dominam
665 1558 1020 1614 Tarentinam
1053 1558 1423 1628 transfugiunt
1456 1558 1591 1628 (54).
1634 1556 1750 1624 Qua
1796 1557 1921 1628 fuga

2048 1550 2118 1603 ῖδν
2155 1551 2393 1622 πόλεμον
2424 1553 2709 1624 παρέξειν,
2740 1552 2830 1606 τὸν
2858 1553 3178 1625 Νικηφόρον
3208 1554 3308 1608 τὸν
3332 1553 3624 1606 δεσπότου

354 1652 566 1716 audita,
593 1650 895 1720 imperator
916 1649 1187 1705 artiﬁcum
1214 1650 1430 1707 insidiis
1464 1650 1699 1706 necdum
1736 1650 1927 1721 cogni-

2048 1640 2197 1695 παῖδα
2236 1644 2499 1713 πρότερον
2528 1642 2809 1710 ἐκθέσθαι,
2836 1644 2911 1709 ὡς
2934 1646 3004 1699 ἂν
3034 1645 3192 1700 αὐτοί
3220 1662 3283 1697 τε
3316 1646 3475 1716 ὑπὲρ
3518 1646 3623 1697 toﬁ

358 1744 428 1799 tis
450 1750 505 1797 et
532 1750 755 1813 propter
777 1740 1002 1796 Tarenti
1034 1741 1248 1811 longam
1283 1741 1352 1796 ab
1385 1742 1695 1797 Acarnania
1722 1742 1927 1797 distan-

2048 1730 2220 1794 παιδὸς
2255 1730 2464 1786 δοκοῖεν
2503 1733 2786 1804 πολεμεῖν,
2842 1736 2937 1790 καὶ
2969 1737 3096 1799 τοὺς
3126 1738 3328 1801 ἄλλους
3356 1737 3625 1791 πείθοιεν

356 1834 489 1889 tiam
537 1848 769 1903 puerum
811 1846 1071 1887 revocare
1102 1832 1249 1887 haud
1287 1832 1454 1902 potis,
1485 1831 1707 1903 paulum
1758 1833 1916 1887 urbi-

2048 1823 2385 1893 ruvalpsaOat
2417 1826 2547 1880 ὅταν
2580 1827 2925 1881 καταστῶσιν
2953 1830 3034 1893 είς
3068 1830 3162 1884 τδν
3200 1832 3480 1901 πόλεμον,
3525 1831 3625 1882 τὸν

360 1927 467 1981 bus
492 1898 598 1980 illis
624 1925 967 1989 immoratus,
988 1931 1045 1978 et
1066 1924 1123 1977 in
1149 1898 1389 1994 singulas
1419 1898 1743 1993 praesidibus
1769 1923 1926 1978 insti-

2048 1914 2126 1968 ςοῦ
2156 1916 2347 1981 παιδὸς
2400 1917 2628 1972 ἔπεισαν
2675 1920 3023 1990 παιδαγωγὸν
3065 1898 3389 1995 ’ξιτςὰρδέν
3416 1964 3435 1989 ,
3498 1922 3624 1990 ἃμα

2034 2004 2130 2060 καί
2164 2021 2311 2058 τισιν
2349 2008 2584 2077 ἑτέροις,
2638 2009 2954 2080 Νικηιρόρον
2987 2013 3080 2066 τὸν
3113 2013 3321 2068 δούκαν
3366 2015 3624 2067 ὕπεχθέο

2034 2094 2184 2158 σθαι,
2244 2095 2339 2147 καὶ
2389 2094 2802 2164 παραλαϐόντες
2870 2098 3099 2167 νυκτὸς,
3153 2098 3346 2153 πλοίου
3415 2118 3485 2155 τε
3526 2103 3623 2154 ὼν

2041 2185 2224 2239 Ἰόνιον
2258 2189 2656 2256 περαιουμένου
2704 2188 3022 2256 ἐπιϐάντες,
3060 2191 3143 2254 είς
3184 2192 3290 2263 τὴν
3322 2192 3623 2262 Τάραντος

2027 2275 2338 2347 κρατοῦσαν
2402 2280 2801 2350 πριγκίπισσαν
2845 2281 3218 2352 διαφεύγουσι.
3287 2285 3625 2356 Πυθόμενος

2029 2370 2087 2423 δὲ
2124 2370 2215 2423 τὸν
2274 2370 2514 2443 δρασμὸν
2552 2375 2581 2426 ὁ
2634 2374 2911 2445 βασιλεὺς,
2944 2377 3038 2431 καὶ
3070 2380 3212 2449 μήτε
3285 2380 3401 2432 τῶν
3452 2397 3621 2433 συνε-

2030 2465 2376 2518 σκευακότων
2412 2464 2510 2536 τήν
2565 2466 2861 2539 ὲπιθουλήν
2887 2467 3066 2532 είδὼς,
3096 2470 3511 2523 ἀνακαλεῖσθαί
3551 2486 3616 2523 τε

2026 2553 2117 2606 τὸν
2165 2555 2328 2609 παῖδα
2361 2554 2436 2609 ὢν
2468 2556 2531 2610 οὐ
2560 2556 2806 2621 δυνατὸς,
2838 2557 2926 2613 διὰ
2964 2559 3024 2612 τὺ
3042 2558 3177 2614 πολὺ
3226 2560 3615 2630 Ἀκαρνανίας

2030 2643 2289 2714 Τάραντα
2328 2645 2697 2716 διεστηκέναι,
2721 2648 2810 2702 ἐπ’
2837 2648 3020 2718 ὀλίγον
3046 2652 3168 2713 ταῖς
3208 2651 3439 2706 πόλεσιν
3470 2653 3615 2706 ἐκεί.

2028 2750 2149 2797 ναις
2180 2736 2532 2808 ὲνδιατρίψας
2590 2739 2683 2794 καὶ
2734 2740 2942 2803 πάσαις
2981 2742 3264 2811 ἡγεμόνας
3293 2744 3612 2813 ἀπιστήσας

2028 2821 2116 2891 ἀφ’
2146 2825 2375 2896 ἑκάστῃ,
2420 2827 2511 2880 τόν
2557 2844 2619 2880 τε
2652 2830 3117 2901 πρωτοστράτορα
3167 2831 3485 2903 Συναδηνδν
3517 2835 3612 2887 ἐπὶ

2030 2910 2197 2964 πᾶσιν
2236 2913 2529 2979 ἀποδείξας
2574 2920 2905 2987 στρατηγὶν,
2938 2920 3031 2971 καὶ
3060 2921 3107 2973 τ’
3134 2919 3272 2973 ἄλλα
3301 2925 3488 2976 πάντα
3534 2923 3613 2985 ὡς

360 3034 419 3078 et
438 3032 694 3078 strenuos
721 3020 999 3076 exercitus
1030 3020 1369 3090 eximiosque
1397 3019 1568 3074 duces
1604 3033 1731 3073 cum
1761 3021 1929 3073 Acar-

2048 3000 2097 3089 iv
2129 3001 2279 3073 αὺτῷ
2312 3004 2487 3057 ἐδόκει
2520 3005 2955 3078 διοικησάμενος,
3005 3009 3147 3080 ἄρας
3196 3013 3411 3067 ἐκεῖθεν
3441 3009 3609 3084 ἦλθεν

360 3113 599 3182 nauibus
618 3122 673 3167 et
704 3111 987 3167 Thessalis
1008 3110 1383 3182 depraeliando
1412 3109 1676 3181 perdidit,
1705 3119 1761 3165 et
1804 3118 1930 3180 post

2048 3092 2110 3155 ιίς
2144 3092 2578 3165 Θεσσαλονίκην,
2610 3098 2817 3169 χαίρων
2842 3099 2960 3170 ἅμα
2988 3102 3082 3155 καὶ
3105 3102 3226 3170 Θεῷ
3251 3102 3353 3173 τῆς
3374 3106 3608 3175 εὐεργε-

362 3179 518 3261 illum
558 3201 910 3258 Andronicus
940 3179 1105 3257 illius.
1161 3200 1300 3257 Huic
1352 3179 1535 3257 autern
1560 3216 1739 3273 parva
1770 3179 1926 3256 moli-

2048 3184 2152 3249 πίας
2201 3184 2430 3256 χάριτας
2462 3187 2767 3259 ὁμολογῶν,
2818 3190 2900 3244 δτι
2948 3191 2977 3243 δ
3014 3193 3235 3256 πολλοῖς
3275 3195 3603 3265 ἀναλώμασι

364 3293 536 3354 tione,
563 3299 618 3343 et
668 3289 810 3343 nihil
847 3286 972 3343 belli
1024 3303 1188 3343 causa
1230 3289 1426 3343 durum
1463 3289 1785 3360 perferenti,
1816 3304 1926 3345 non

2048 3278 2126 3332 ιαὶ
2176 3277 2360 3341 πόνοις
2409 3279 2474 3332 ὲκ
2518 3279 2626 3333 τῶν
2671 3281 2912 3347 Ἀλεξίου
2937 3284 3030 3337 τοῦ
3078 3284 3341 3353 ’Δγγέλου
3397 3289 3600 3357 χρόνων

362 2017 517 2084 tutis,
554 2030 857 2086 eorumque
888 2015 1132 2070 omnium
1159 2014 1299 2070 duce
1343 2022 1734 2085 protostratore
1758 2014 1931 2086 Syna-

362 2111 509 2167 deuo
536 2109 838 2175 declarato,
863 2118 921 2164 et
960 2108 1083 2164 aliis
1112 2108 1333 2164 demum
1360 2107 1618 2164 omnibus
1642 2124 1744 2178 pro
1774 2107 1927 2163 arbi-

336 2203 467 2265 trio
497 2201 916 2267 administratis,
948 2200 1393 2257 Thessalonicam
1419 2200 1674 2257 discessit
1722 2217 1738 2255 :
1791 2215 1929 2272 gau-

356 2293 497 2351 dens
523 2294 710 2354 simul,
736 2309 802 2348 ac
828 2292 939 2348 Deo
987 2292 1290 2364 gratulans,
1323 2292 1582 2363 quoniam
1610 2291 1755 2361 quod
1773 2306 1802 2346 a
1820 2292 1931 2347 Ro-

360 2400 522 2441 mano
561 2386 814 2456 imperio,
840 2383 1005 2453 idque
1036 2383 1138 2438 sub
1167 2384 1358 2439 Alexio
1397 2383 1730 2453 Angelo(55)
1760 2383 1928 2437 semel

363 2477 740 2538 abstractum,
808 2472 996 2527 multis
1055 2471 1365 2541 sumptibus
1425 2480 1483 2527 et
1530 2471 1931 2541 defetigationi-

344 2556 464 2624 ‘bus
509 2566 745 2637 majores
794 2562 879 2617 sui
921 2562 1283 2632 imperatores
1318 2578 1643 2633 recuperare
1666 2563 1928 2632 nequive-

330 2668 507 2725 ‘rant,
536 2656 591 2711 id
620 2670 769 2711 nunc
808 2656 927 2710 sine
965 2654 1180 2709 bellicis
1223 2654 1621 2710 offensionibus
1665 2669 1928 2724 prospero

360 2762 620 2804 successu
654 2744 917 2816 perﬁcere
952 2746 1055 2800 sibi
1089 2744 1391 2799 annuisset.
1417 2746 1551 2800 Nam
1584 2755 1641 2802 et
1674 2745 1924 2809 Michael,

348 2839 455 2911 qui
478 2852 548 2893 ex
581 2834 896 2906 Palmologis
927 2835 1135 2905 primus
1166 2835 1474 2906 imperavit,
1507 2834 1826 2889 Acarnania:
1871 2843 1929 2890 et

360 2929 659 2986 Thessalia:
677 2943 840 2984 causa
863 2927 1023 2983 enixe
1042 2927 1334 2993 laboravit,
1358 2926 1453 2997 qui
1471 2935 1528 2981 et
1544 2940 1771 2997 magnos
1785 2939 1930 2996 srepe

360 3382 541 3437 solum
587 3380 973 3444 Acarnaniam,
1014 3378 1111 3434 sed
1156 3379 1492 3436 Thessaliam
1523 3395 1743 3451 quoque
1770 3380 1930 3436 subi-

367 3484 514 3546 gere,
546 3477 598 3524 et
626 3467 958 3539 jampridem
996 3468 1270 3539 sejunctas
1292 3468 1605 3538 provincias
1637 3484 1759 3524 cum
1799 3468 1931 3524 reli-

368 3575 481 3633 quo
530 3559 763 3630 imperio
798 3558 1045 3615 Romano
1085 3558 1268 3613 denuo
1312 3559 1629 3614 consociare
1684 3559 1930 3630 contigit.

364 3653 532 3724 307
556 3653 723 3708 Paulo
750 3661 873 3723 post
898 3651 1292 3722 Adrianopolin
1327 3667 1387 3708 se
1404 3652 1656 3720 contulit,
1680 3653 1772 3709 ubi
1801 3652 1927 3709 Μω-

368 3760 555 3800 surum
612 3758 703 3799 rex
756 3743 1062 3799 Alexander
1100 3744 1388 3801 verborum
1415 3760 1535 3817 quae
1573 3745 1933 3803 Rhosocastri

369 3840 437 3892 ad
467 3852 591 3893 eum
618 3852 780 3908 super
798 3835 1059 3892 atllnitate
1081 3836 1386 3904 habuisset,
1420 3839 1739 3894 memoriam
1762 3840 1811 3894 ei
1836 3853 1937 3909 per

364 3926 574 4001 legatos
622 3928 1032 4000 redintegravit,
1090 3928 1403 3999 certiorque
1448 3928 1568 3984 ﬁeri
1618 3929 1811 3994 voluit,
1847 3944 1939 3986 ec.

365 4022 496 4094 quid
534 4021 640 4077 hoc
665 4021 1072 4085 matrimonium
1107 4021 1156 4076 ei
1193 4021 1348 4077 cordi
1381 4031 1547 4078 esset.
1574 4022 1797 4094 Legatio
1818 4022 1937 4079 haec

367 4114 689 4184 imperatori
714 4129 900 4184 parum
925 4113 1169 4186 jucunda
1193 4101 1328 4179 l'uit;
1364 4114 1529 4169 tiliam
1557 4115 1757 4185 quippe
1780 4129 1934 4171 suam

367 4204 518 4261 domi
558 4204 820 4269 retinere,
882 4217 1050 4273 quam
1102 4203 1399 4259 Alexandri
1448 4204 1561 4261 lilio
1595 4205 1652 4261 in
1686 4221 1939 4262 commu-

368 4295 592 4352 nionem
680 4293 784 4347 ιοτί
862 4292 1146 4348 transdere
1232 4293 1538 4361 maluisset,
1611 4310 1733 4351 eum
1768 4299 1939 4354 sciret

371 4385 595 4458 puellae,
642 4383 892 4439 moribus
910 4398 974 4438 ac
994 4383 1205 4454 legibus
1230 4381 1435 4439 Graecis
1484 4394 1542 4443 et
1571 4386 1939 4458 imperatoriis

366 4478 640 4542 educata,
673 4474 985 4530 convictum
1021 4474 1387 4531 barbarorum
1418 4476 1795 4536 delectabilem
1826 4474 1939 4538 non

2029 3370 2129 3439 τῆς
2170 3368 2455 3439 Ῥωμαίων
2484 3372 2800 3443 ἀποτμηθὲν
2829 3376 3125 3445 ἡγεμονίας
3146 3379 3197 3429 oi
3218 3377 3418 3433 τούτου
3457 3383 3586 3451 πρό-

2030 3476 2178 3529 γονοι
2239 3460 2482 3529 βασιλεῖς
2537 3464 2930 3519 ἀνασώσασθαι
2990 3468 3092 3521 οὐκ
3148 3468 3403 3538 ίσχυσαν,
3441 3472 3597 3524 τοῦτο

2036 3551 2135 3608 νῦν
2166 3555 2295 3609 ἀνευ
2328 3556 2583 3626 πολέμων
2610 3557 2705 3609 καὶ
2751 3556 3017 3611 κινδύνων
3046 3559 3292 3629 παρέσχε
3323 3562 3596 3632 κατορθῶ-

2036 3660 2148 3699 σαι.
2198 3646 2423 3716 Μιχαήλ
2479 3664 2539 3700 τε
2586 3647 2695 3715 γὰρ
2743 3649 2772 3701 ὁ
2831 3648 3048 3718 πρῶτος
3095 3651 3162 3703 ὲκ
3216 3651 3594 3720 Παλαιολόγιιιν

2034 3735 2207 3808 ἄρξας
2271 3737 2476 3809 πολλὴν
2562 3738 2868 3805 ἐνεδείξατο
2928 3739 3167 3810 σπουδὴν
3240 3742 3595 3813 Ἀκαρνανίας

2036 3832 2203 3887 ἕνεκα
2259 3832 2353 3885 καὶ
2411 3830 2730 3896 Θετταλίας,
2768 3832 2866 3887 καὶ
2899 3836 3163 3900 στρατιὰν
3194 3832 3448 3889 ἀπώλεσε
3477 3837 3596 3890 πολ-

2036 3924 2135 3994 λήν
2162 3942 2221 3978 τε
2249 3926 2345 3978 καὶ
2374 3924 2613 3995 ἀγαθὴν,
2643 3924 2907 3988 πολλάκις
2934 3925 3029 3979 καὶ
3065 3924 3406 3998 θαυμασίους
3442 3947 3597 4000 etpa-

2036 4016 2263 4086 τηγοὺς,
2287 4015 2591 4086 ’Δκαρνάσι
2622 4016 2718 4071 καὶ
2743 4012 3031 4080 Θετταλοῖς
3057 4016 3333 4087 πολεμῶν,
3363 4020 3460 4072 καὶ
3486 4022 3593 4090 μετ’

2040 4108 2568 4179 αὑτὸνᾊνδρόνικος
2601 4109 2630 4160 ὁ
2676 4108 2815 4171 υἱός.
2849 4107 3036 4176 Τούτῳ
3062 4107 3119 4161 δὲ
3154 4108 3310 4179 ὀλίγα
3350 4128 3593 4181 πραγμαο

2039 4200 2362 4271 τευσαμένῳ
2409 4199 2507 4253 καὶ
2552 4198 2711 4253 οὐδὲν
2764 4200 3063 4255 ὑποστάντι
3110 4202 3201 4257 διὰ
3242 4202 3335 4255 τὸν
3371 4204 3595 4272 πόλεμον

2038 4290 2232 4357 δεινὸν,
2273 4290 2335 4343 οὐ
2388 4290 2547 4361 μόνον
2575 4290 2961 4361 Ἀκαρνανίαν,
2997 4292 3135 4346 ἀλλὰ
3169 4294 3267 4347 καὶ
3306 4293 3594 4348 Θετταλίαν

2040 4383 2322 4452 ἐξεγένετο
2377 4382 2840 4454 παραστήσασθαι
2879 4386 2973 4438 καὶ
3026 4386 3091 4456 τῇ
3150 4385 3315 4458 λοιπῇ
3369 4389 3594 4457 συνάψαι

2040 4476 2318 4548 ἡγεμονίᾳ
2346 4477 2415 4547 τῇ
2459 4473 2749 4546 Ῥωμαίων
2793 4475 2880 4529 ἐπ’
2922 4475 3068 4530 ιτεσι
3105 4478 3325 4540 πολλοῖς
3350 4480 3594 4549 ἀποτμη-

372 4570 645 4627 ΐυιιιι-υιιι.
684 4566 896 4622 Tamen
932 4581 1028 4622 eas
1073 4566 1291 4636 nuptias
1340 4567 1596 4631 Romana;
1627 4571 1935 4641 reipublicae

2048 4570 2233 4624 θέντα.
2264 4566 2507 4622 Ἐκεῖθεν
2529 4566 2589 4621 δὲ
2617 4567 2679 4620 οὐ
2712 4566 2848 4621 πολὺ
2879 4565 3108 4637 ὕστερον
3139 4562 3273 4639 ἧκεν
3298 4571 3377 4632 εἰς
3402 4548 3596 4639 Ἀδρια-

374 4664 823 4719 commodaturas
859 4658 1177 4724 arbitratus,
1208 4658 1479 4730 virginem
1519 4674 1673 4715 suam
1702 4660 1942 4735 despon-

374 4750 811 4824 dit(56).Legati,
826 4749 972 4821 quod
988 4749 1303 4821 imperatori
1315 4749 1591 4809 aﬂinitatis
1612 4754 1948 4825 conjunctio-

371 4862 499 4905 nem
521 4842 849 4918 persuadere
871 4842 1197 4914 potuissent,
1227 4842 1424 4913 gaudio
1446 4844 1674 4901 delibuti
1705 4863 1949 4905 recesse—

374 4946 537 5006 ntnt;
557 4935 671 5007 ipse
685 4933 1003 5006 Byzantium
1018 4933 1139 4990 lilia:
1150 4936 1367 5007 nuptias
1378 4934 1748 4997 adornaturus
1762 4941 1947 4999 rediit.

2042 4659 2302 4715 νούπολιν
2334 4674 2349 4689 ⁸
2386 4657 2720 4729 διατρίϐοντί
2762 4675 2824 4713 τε
2856 4660 2973 4712 ἐκεῖ
3020 4661 3049 4712 ό
3079 4659 3190 4714 τῶν
3227 4661 3432 4715 Μυσῶν
3460 4661 3596 4731 βασι-

2042 4754 2167 4818 λεὺς
2214 4749 2588 4821 Ἀλέξανδρος,
2627 4750 2844 4821 ἔπεμψε
2889 4750 3190 4821 πρεσϐείαν
3236 4744 3315 4806 ὧν
3346 4756 3484 4824 πρὸς
3510 4755 3596 4807 αὑ-

2043 4846 2134 4901 τὸν
2179 4848 2237 4899 ἐν
2283 4843 2684 4914 Ῥωσοκάστρῳ
2712 4845 2844 4913 περὶ
2871 4843 2966 4897 τοῦ
2993 4844 3193 4912 κήδους
3224 4843 3490 4915 διειλέχθη
3528 4846 3595 4897 λό-

2046 4954 2161 5008 γων
2214 4936 2674 5008 ἀναμιμνήσκων,
2718 4933 2836 4988 νυνί
2862 4952 2921 4988 τε
2952 4936 3001 4988 εί
3034 4935 3179 4990 κατά
3207 4935 3437 5007 γνώμην
3462 4936 3593 5006 αὐτῷ

1618 5093 1835 5157 Jacobi
1872 5096 2135 5159 Pontani
2162 5103 2349 5157 notas.

446 5248 558 5319 (δι)
578 5244 762 5319 Graec
774 5249 877 5319 est,
894 5240 974 5304 είς
996 5239 1383 5319 τὴνῙάραντος
1401 5240 1708 5319 κρατοῖρσαν
1724 5243 1948 5319 πριχκί-

376 5310 597 5379 mem.
633 5331 700 5370 ex
743 5312 955 5377 Italico,
982 5318 1038 5365 ut
1064 5310 1170 5380 alia
1196 5310 1398 5380 multa,
1430 5310 1779 5380 principessa.
1809 5311 1942 5379 Qua:

373 5394 557 5445 autem
588 5378 728 5442 haec
774 5381 975 5437 mulier
1022 5379 1186 5436 vidua
1232 5378 1636 5450 fuerit,'capite
1682 5378 1937 5451 sequenti

379 5458 705 5528 “ponitur.

444 5517 564 5597 ξοδ)
604 5524 740 5597 ξυιυ-
775 5519 968 5597 Alesia
1011 5518 1220 5597 Angela
1256 5517 1511 5597 iuniore,
1536 5518 1735 5597 _lsaacii
1763 5518 1932 5597 _lil_io,

373 5587 556 5670 quem
588 5592 813 5670 Melius
874 5587 1330 5670 Angelushftrater
1385 5587 1696 5670 _occiderat,
1730 5588 1952 5670 circiter

373 5658 581 5723 a'nnum
608 5679 640 5717 a
672 5661 892 5718 Christo
920 5668 1067 5728 gnato
1105 5658 1260 5724 1200,
1306 5658 1400 5713 sed
1435 5673 1621 5713 mense
1646 5667 1770 5728 post
1792 5659 1952 5713 resti-

373 5739 641 5794 tutionem
662 5744 816 5785 suam
842 5732 897 5784 in
916 5726 1311 5798 imperiumvix
1336 5740 1528 5784 exacto
1548 5726 1951 5798 (restitutusest

373 5815 573 5865 autem»
596 5798 901 5864 Gallorum,
940 5813 1036 5852 seu
1085 5798 1470 5862 Flaudrorum,
1514 5806 1570 5852 et
1613 5798 1952 5853 Venetorum

378 5872 570 5947 armis)
597 5890 625 5929 ο
669 5868 1014 5941 Hartzuphlo
1039 5868 1276 5938 quodam
1311 5868 1555 5938 ignobili,
1576 5883 1743 5937 quem
1766 5878 1947 5922 tamen

2053 5240 2119 5297 ad
2168 5255 2443 5297 summum
2473 5240 2755 5313 dignitatis
2808 5238 3034 5310 gradum
3090 5240 3593 5313 extulerat,frande

2089 5326 2189 5366 uer
2221 5322 2449 5367 necatur
2474 5311 2616 5381 (erat
2645 5320 2826 5365 autem
2852 5326 3119 5381 annorum
3151 5311 3237 5378 12)
3260 5329 3276 5378 ;
3297 5312 3425 5365 urbs
3450 5312 3593 5366 Gallis

2095 5382 2382 5451 enetisque
2450 5379 2633 5435 dedita
2683 5388 2817 5451 est,
2870 5388 2925 5434 et
2964 5379 3281 5451 imperium
3356 5381 3591 5449 deinceps

2045 5465 2216 5521 penes
2258 5448 2497 5521 Francos
2523 5465 2620 5507 seu
2658 5449 2922 5505 Flandros
2956 5448 3078 5503 fuit.
3111 5450 3400 5521 Egnatius,
3425 5451 3514 5505 lib.
3538 5448 3587 5506 ιι.

2114 5520 2227 5591 (56)
2267 5520 2510 5591 Puellam
2546 5530 2883 5591 tumnovem
2915 5534 3089 5575 annos
3112 5519 3439 5591 explevisse,
3480 5523 3589 5579 ado-

2058 5588 2358 5659 lescentem
2410 5604 2542 5644 vero
2592 5588 2927 5659 quindecim,
2974 5588 3299 5659 auctor’e‘st
3324 5588 3588 5659 Gregoras.

2058 5658 2405 5729 Undeilirrna
2456 5674 2559 5729 pax
2592 5657 2737 5729 inter
2780 5658 3054 5729 Romanos
3080 5668 3135 5714 et
3168 5657 3368 5729 Mcesos
3416 5657 3588 5729 eiinsti-

2061 5736 2180 5798 tuta
2198 5728 2288 5781 sit.
2322 5728 2398 5782 De
2418 5728 2590 5798 puella
2618 5728 2709 5781 vix
2738 5728 2887 5783 credi
2930 5738 3129 5798 potest.
3160 5728 3205 5782 Δ
3228 5728 3588 5798 jureeonsultis

2056 5797 2280 5864 quidem
2339 5796 2555 5867 tempus
2589 5798 2799 5867 nuptiis
2838 5796 3093 5857 idoneum
3137 5798 3297 5855 annis
3326 5796 3587 5854 duodecim

2056 5867 2529 5923 circumscribitur
2563 5870 2616 5923 in
2646 5869 2869 5923 femina.
