3794 6568
110 410 234 472 625
1016 440 1019 443 η
1304 402 1844 478 HISTORIARUM
1885 402 2120 477 LIBER
2158 416 2244 478 It.
3272 415 3381 487 626

116 522 215 587 εῖη
244 518 344 587 τὴν
373 510 682 588 ἐπιγαμίαν
706 522 973 578 ποιεῖσθαι
1003 523 1222 588 ειδέναι,
1252 526 1446 592 ἀξιῶν.
1510 526 1729 580 Βασιλεῖ
1765 526 1823 580 δέ
1852 524 2014 580 τοῦτο
2086 526 2186 598 μέν
2216 526 2318 586 οὐκ
2346 521 2417 599 ἦν
2447 528 2571 581 καθ’
2595 528 2810 601 ἡδονήν.
2839 530 3055 585 Μᾶλλον
3085 532 3194 603 γὰρ
3217 531 3377 587 ἐϐού-

115 611 253 666 λετο
294 613 395 678 τὴν
422 612 698 685 θυγατέρα
760 616 900 669 οίκοι
964 616 1289 686 διατρίϐειν,
1322 618 1356 688 ἢ
1400 617 1755 689 Ἀλεξάνδρου
1792 617 1872 688 τῷ
1906 619 2016 671 υἱεῖ
2064 620 2143 684 είς
2182 619 2473 674 κοινωνίαν
2519 620 2786 675 ἐκδιδόναι
2845 624 3051 694 γάμου,
3089 623 3190 697 τὴν
3223 626 3377 696 παρὰ

119 711 248 774 τοῖς
299 710 595 781 βαρϐάροις
626 712 912 783 διατριϐὴν
944 711 1101 776 εἰδὼς
1137 714 1237 767 οὐκ
1264 715 1531 787 ἐσομένην
1566 715 1705 785 πρὸς
1746 715 1935 787 ἡδονὴν
1996 716 2109 779 τοῖς
2170 715 2326 788 ῆθεσι
2354 716 2450 770 καὶ
2478 718 2665 786 νόμοις
2707 717 3045 789 Ἑλληνικοῖς
3079 719 3378 791 ἐντεθραμ-

124 802 275 871 μένῃ
326 806 421 856 καὶ
457 803 783 873 βασιλικοῖς.
854 807 946 873 Τῷ
987 806 1155 877 κοινῷ
1220 807 1277 860 δὲ
1334 808 1627 878 Ῥωμαίων
1673 808 1767 863 τὸν
1804 810 1985 886 γάμον
2013 810 2261 880 οἰόμενος
2300 810 2400 878 τῆς
2434 809 2709 882 θυγατρὸς
2750 811 3072 881 λυσιτελεῖν,
3110 813 3382 884 ὑπέσχετο

122 898 405 965 ποιήσειν.
460 899 521 952 Ol
571 898 670 969 μὲν
726 899 820 953 οὖν
880 900 1239 972 Ἀλεξάνδρου
1292 899 1386 955 τοῦ
1438 892 1705 971 βασιλέως
1740 903 2003 974 πρέσϐεις
2042 904 2177 975 πρὸς
2213 904 2312 975 τὴν
2374 905 2588 961 οἰκείαν
2651 905 2928 975 ἐπανῆκον
2963 906 3269 977 χαίροντες,
3297 908 3383 962 ὅτι

28 1006 39 1057 ξ
126 988 369 1056 βασιλέα
398 989 585 1042 πεῖσαι
619 989 969 1061 ἠδυνήθησαν
1006 994 1139 1063 περ)⁹
1192 992 1288 1047 τοῦ
1351 993 1573 1063 κήδους.
1607 993 1779 1058 Αὐτὸς
1815 995 1871 1048 δέ
1903 993 2158 1066 βασιλεὺς
2210 997 2275 1050 ἐκ
2326 997 2427 1069 τῆς
2483 998 2766 1068 Ἀδριανοῦ
2819 999 2956 1071 πρὸς
2993 998 3057 1053 τὸ
3087 999 3383 1065 Βυζάντιον

122 1078 306 1156 ἧκεν,
346 1082 425 1146 ὡς
481 1084 583 1151 τῆς
638 1081 914 1154 θυγατρὸς
962 1084 1398 1157 ἐξαρτυσόμενος
1436 1084 1562 1148 τοὺς
1591 1085 1827 1155 γάμους.

1506 1215 1733 1274 CAPUT
1773 1215 2017 1274 XXXIV.

123 1314 699 1387 Persarnmiincursia.
740 1314 866 1369 etin
890 1312 995 1387 illis
1030 1311 1387 1387 trucidandis,
1428 1310 1719 1387 capiendis,
1771 1309 2115 1387 fugandisgne
2156 1312 2335 1387 magni
2378 1313 2667 1387 domestici,
2703 1317 2867 1387 ipsius
2891 1317 3225 1386 imperatoris
3250 1334 3387 1386 prte-

205 1386 356 1460 clara
386 1386 571 1460 virtus.
603 1384 816 1454 Nuptias
842 1385 987 1460 apud
1007 1381 1393 1451 Adrianopolin
1427 1379 1556 1447 lilia:
1580 1378 1779 1460 Mariti
1801 1378 1921 1433 cum
1951 1378 2205 1460 Μὶείιαεζε
2234 1381 2536 1460 Αίεαριιιίή
2555 1378 2690 1447 ﬁlio.
2723 1378 2950 1460 Ducitur
2966 1378 3303 1460 'noua_nup'ta
3328 1390 3385 1445 in

204 1457 460 1511 "miunt.
494 1452 800 1527 Acarnanes
831 1452 1117 1527 deficiunt;
1149 1452 1687 1527 ριόιοδιζαιονεηιηὶη
1723 1464 2005 1527 carcerem
2052 1452 2706 1527 trudunthﬂicephorum
2753 1474 2783 1510 a
2837 1458 3069 1527 principe
3100 1452 3386 1514 Tarentina

202 1532 468 1593 repetunt,
499 1534 553 1596 et
605 1525 670 1578 ab
704 1540 766 1596 ea
796 1516 1059 1578 ancilium
1092 1516 1515 1596 petuntf‘Quent
1565 1516 1663 1596 illa
1705 1519 1935 1596 libenter
1983 1535 2011 1572 ε
2065 1516 2522 1596 άιιαίήιελβιὶαὺὰε
2565 1526 2735 1596 altera
2768 1528 2815 1579 ei
2837 1516 3114 1596 'despo'nsa
3145 1528 3383 1584 dimittit.

172 1642 179 1647 .
205 1587 461 1662 Quanam
485 1594 597 1667 haec
629 1595 841 1667 mulier.
872 1605 921 1648 et
951 1587 1420 1667 quqn'tambitiosa
1457 1590 1639 1667 fuerit.
1691 1587 1929 1667 Joannes
1960 1590 2193 1660 Angelus
2242 1592 2528 1667 Pincerna,
2574 1604 2623 1649 et
2664 1587 3042 1651 Monomaclms
3075 1612 3195 1651 cum
3223 1600 3387 1667 copiis

202 1660 259 1721 in
293 1666 658 1721 Acarnaniam
686 1664 991 1719 mittuntur.
1019 1663 1220 1718 Eodem
1247 1668 1428 1733 postea
1457 1660 1667 1714 ueniens
1689 1660 1983 1728 imperator
2012 1676 2094 1714 res
2124 1662 2489 1718 memorabiles
2517 1666 2675 1734 gerit.

209 1784 404 1843 Ὅντος
442 1780 502 1833 δὲ
540 1778 640 1851 ἥδη
673 1779 801 1865 περὶ
849 1778 1081 1842 ἐκϐολάς
1124 1778 1221 1833 τοῦ
1252 1778 1471 1849 θέρους,
1499 1775 1704 1847 ἠγγέλ-

1877 1775 2148 1846 Ρταεσίρῑιί
2165 1779 2276 1849 jam
2298 1788 2488 1836 testate
2512 1796 2543 1835 a
2565 1777 2767 1852 Triglia
2793 1781 2947 1853 juxta
2971 1781 3386 1853 Hellespontum

124 1878 257 1929 ὶετο
287 1877 353 1928 ἐκ
383 1871 680 1945 Τριγλείας
710 1872 813 1942 τῆς
846 1872 984 1943 πρὸς
1019 1871 1420 1942 Ἑλλήσποντον
1444 1869 1519 1932 ὡς
1539 1884 1708 1941 στρα-

125 1968 224 2021 τιά
252 1965 480 2039 Περσῶν
527 1964 696 2033 πεζὴ,
746 1966 812 2019 ἐκ
837 1964 947 2019 τῶν
969 1964 1114 2020 κατὰ
1144 1964 1245 2035 τὴν
1278 1962 1353 2017 ἕω
1386 1961 1594 2016 πόλεων
1622 1960 1712 2014 λο-

127 2059 324 2129 γάδες.
379 2050 457 2113 ὧν
511 2056 786 2127 Ὀρχάνης
831 2055 952 2110 ἐστὶ
1003 2056 1311 2128 σατράπης,
1341 2054 1402 2121 ἐξ
1427 2054 1524 2109 καί⁵
1553 2055 1712 2125 τριά-

128 2169 301 2207 κοντα
331 2150 495 2206 ναυσὶ
526 2149 666 2222 πρὸς
713 2149 784 2205 τὰ.
838 2149 970 2220 περὶ
1023 2149 1326 2215 Βυζάντιον
1368 2147 1549 2219 χωρία
1597 2148 1708 2202 eis!

136 2241 663 2315 παρεσκευασμένοι
722 2239 1127 2312 περαιοῦσθαι,
1175 2239 1211 2310 ἢ
1263 2238 1437 2311 ταύτῃ
1489 2237 1736 2310 καθ’ἥν

141 2335 447 2407 ἠγγέλλετο
484 2333 587 2407 τὴν
626 2333 823 2398 νύκτα,
876 2334 912 2406 ἢ
966 2334 1026 2398 ἐς
1058 2333 1158 2404 τὴν
1203 2333 1525 2404 ὑστεραίαν·
1569 2327 1712 2387 εἶναι

142 2430 202 2484 δέ
225 2428 370 2483 οὕτω
397 2427 962 2499 παρεσκευασμένους
976 2426 1062 2490 ,ὡς
1084 2426 1146 2479 οὐ
1169 2426 1380 2497 ταχέως
1412 2424 1713 2497 ἐπανήξον-

140 2538 264 2585 τας,
316 2520 440 2574 οὐδὲ
498 2518 774 2587 λαθραίαν
821 2517 922 2588 τὴν
977 2516 1237 2589 ἁρπαγὴν
1290 2516 1711 2587 ποιησομένους,

139 2611 255 2670 ἀλλ’
284 2612 528 2683 άναίδην,
545 2612 643 2683 καλ
667 2610 806 2681 μετὰ
828 2608 1028 2670 πολλοῦ
1054 2608 1151 2666 τοῦ
1178 2608 1467 2681 περιόντος
1493 2609 1715 2668 ἅπαντα

144 2705 527 2779 λῃῖσομένους.
571 2703 1115 2776 Παρασκευάσασθαι
1193 2703 1295 2775 μὶν
1375 2702 1470 2757 οὖν
1528 2704 1717 2774 ἀντίρ-

146 2801 314 2870 ροπον
356 2797 590 2867 δύναμιν
622 2795 759 2867 πρδς
812 2796 914 2867 τὴν
973 2795 1254 2867 Περσικὴν
1300 2794 1405 2849 οὐκ
1434 2794 1582 2864 ἐνῆν,
1612 2793 1715 2847 οὐκ

145 2892 443 2951 ἐνδιδόντος
471 2889 566 2943 τοῦ
601 2890 795 2961 χρόνου
837 2889 930 2944 διὰ
954 2889 1052 2959 τὴν
1081 2890 1310 2960 ταχεῖαν
1359 2889 1472 2943 τῶν
1506 2888 1716 2961 βαρϐά-
1738 2940 1749 2949 ,

146 3003 257 3055 ρων
295 2983 502 3053 ἔφοδον.
539 2982 733 3052 Ὅμως
779 2982 837 3035 δέ
887 2983 989 3047 τὴν
1029 2982 1149 3036 τότε
1201 2985 1626 3053 παρατυχοῦσαν
1656 2984 1715 3038 ἐν

1810 1867 2169 1938 perferuntur
2225 1872 2429 1939 nuntii,
2474 1873 2687 1943 pedites
2709 1874 2903 1932 Persas
2931 1890 2998 1928 ex
3033 1875 3264 1929 orientis
3296 1890 3388 1928 ur-

1810 1956 1979 2015 bibus
2014 1959 2282 2027 delectos,
2305 1960 2558 2020 Orcbane
2582 1965 2745 2032 duce,
2766 1980 2862 2021 sex
2889 1975 2948 2021 et
2976 1965 3201 2036 triginta
3232 1964 3390 2021 navi-

1810 2048 1917 2106 bus
1943 2051 2011 2107 ad
2034 2051 2153 2107 loca
2180 2052 2441 2125 Byzantio
2472 2054 2677 2122 vicina,
2708 2065 2806 2111 aut
2846 2071 2911 2112 ea
2950 2055 3087 2126 Ipsa,
3116 2065 3212 2112 aut
3237 2065 3390 2114 certe

1817 2148 2037 2213 postera
2066 2152 2231 2200 nocte
2259 2144 2510 2218 trajicere
2539 2154 2760 2217 paratos
2800 2161 2942 2213 esse;
2971 2147 3053 2204 sic
3075 2158 3259 2203 autem
3292 2142 3391 2203 'in-

1812 2242 2073 2299 structos,
2108 2245 2169 2290 ut
2213 2252 2321 2293 non
2365 2253 2490 2293 mox
2532 2240 2831 2305 reversuri,
2875 2256 3056 2313 neque
3096 2241 3285 2297 furtim
3320 2242 3389 2299 ad

1812 2328 2035 2399 rapinas
2056 2327 2355 2385 incubituri
2376 2371 2392 2395 ,
2419 2331 2515 2387 sed
2546 2331 2896 2403 impudenter
2942 2342 3000 2389 et
3039 2348 3201 2390 avare
3225 2335 3392 2394 nimis

1787 2414 1997 2483 'omnia
2038 2419 2310 2491 direpturi
2343 2422 2658 2479 videantur.
2700 2421 2837 2491 Quia
2879 2424 3048 2495 igitur
3091 2424 3383 2483 festinatus

1815 2512 2175 2571 barbarorum
2212 2514 2504 2580 adventus,
2534 2524 2591 2570 et
2622 2516 2888 2585 temporis
2915 2519 3182 2588 angustiae
3206 2535 3390 2589 aequa~

1814 2605 1922 2661 tem
1951 2607 2252 2664 exercitum
2269 2608 2547 2682 colligere
2560 2624 2676 2669 non
2694 2609 2983 2680 sin-ebant,
3028 2611 3391 2674 nﬁi‘do'mincs

1815 2701 1909 2772 qui
1938 2711 2066 2757 tunc
2095 2711 2214 2757 erat
2244 2703 2489 2775 Byzantii
2510 2706 2761 2775 exiguus,
2793 2721 2920 2763 eum
2955 2709 3239 2765 mandavit
3277 2726 3392 2765 ma-

1816 2808 1922 2864 gno
1955 2794 2261 2852 domestico
2300 2804 2362 2851 ut
2400 2796 2702 2866 acciperet,
2740 2806 2797 2853 et
2827 2798 2895 2854 ad
2928 2800 3201 2856 maritima
3233 2802 3386 2859 urbis

1817 2885 1935 2940 loca
1977 2886 2316 2941 venientium
2366 2886 2632 2957 impetum
2675 2889 2994 2960 exciperet;
3028 2890 3143 2961 ipse
3173 2892 3391 2948 simule

1821 2978 1954 3033 mari
1985 2977 2297 3044 invasurus,
2331 2980 2584 3035 triremes
2612 2981 2881 3036 armabat.
2901 2982 3090 3053 Itaque
3122 2983 3392 3041 domesti-

148 3075 430 3147 Βυζαντίῳ
485 3075 752 3146 στρατιάν
804 3072 1176 3146 εὐαρίθμητόν
1212 3091 1335 3127 τινα
1385 3070 1572 3140 οὖσαν,
1622 3074 1714 3127 τὸν

1827 3085 1916 3125 cus
1943 3070 2064 3125 loco
2090 3070 2179 3125 cui
2218 3084 2420 3125 nomen
2450 3071 2740 3140 Enacosia,
2784 3073 3105 3131 cohortibus
3139 3076 3253 3131 suis
3282 3077 3397 3132 col-

148 3169 323 3238 μέγαν
352 3166 678 3239 δομέστικον
723 3167 978 3221 ἐκέλευεν
1019 3167 1047 3219 ὀ
1078 3164 1335 3237 βασιλεὺς
1365 3165 1716 3239 παραλαϐόν-

1827 3164 2032 3226 locatis,
2083 3171 2140 3218 et
2189 3163 2629 3233 speculatoribus
2673 3165 3013 3231 constitutis,
3041 3167 3135 3222 ubi
3172 3168 3394 3238 potissi-

147 3278 241 3327 τα,
264 3260 399 3331 πρὸς
425 3262 493 3315 τά
530 3260 661 3330 περὶ
690 3260 991 3324 Βυζάντιον
1018 3260 1222 3330 χωρεῖν
1251 3258 1500 3329 παράλια
1531 3259 1710 3330 χωρία

1827 3272 1966 3312 mum
2013 3257 2205 3312 Persas
2245 3258 2609 3314 descensuros
2656 3258 3059 3327 suspicabatur,
3091 3259 3166 3315 ibi
3199 3276 3397 3331 perno-

148 3353 251 3422 τὴν
302 3353 488 3423 ἔφοδον
533 3353 642 3405 τῶν
675 3352 972 3423 βαρϐάρων
1009 3350 1401 3422 περιμένοντα.
1454 3351 1628 3415 Αὐτὸς
1659 3350 1715 3405 δέ

150 3445 228 3508 ὡς
270 3445 384 3514 ἅμα
421 3444 486 3498 ἐκ
514 3443 794 3514 θαλάσσης
839 3441 1261 3514 ἐπιθησόμενος,
1288 3440 1564 3512 ἐφώπλιζε
1598 3459 1718 3512 τρι-

148 3540 331 3611 ήρεις.
398 3534 459 3589 '0
516 3536 690 3607 μέγας
753 3535 853 3607 μὲν
903 3529 996 3589 οὖν
1043 3534 1373 3605 δομέστικος
1431 3535 1568 3608 πρός
1611 3551 1718 3591 τινι

148 3629 337 3702 χωρίῳ
386 3626 709 3683 Ἐννακοσία
752 3627 1293 3699 προσαγορευομένῳ
1351 3627 1718 3698 ἐγκαθίδρυσε

148 3721 255 3792 τὴν
287 3720 567 3793 στρατιάν·
610 3719 998 3783 κατασκόπους
1025 3735 1086 3774 τε
1130 3720 1484 3791 καταστήσας
1509 3721 1592 3788 ἐφ’
1620 3720 1721 3774 ὅσα

154 3813 411 3885 μάλιστα.
444 3813 620 3884 χωρία
656 3811 928 3867 ἀπόϐασιν
982 3809 1277 3865 ὑπώπτευε
1330 3812 1441 3865 τῶν
1473 3813 1720 3883 Περσῶν,

150 3906 566 3976 διενυκτέρευεν
618 3905 756 3959 ἐκεῖ.
810 3903 948 3975 Περὶ
983 3904 1039 3958 δὲ
1084 3903 1287 3975 ὄρθρον
1319 3906 1386 3958 ἐκ
1413 3904 1523 3958 τῶν
1550 3922 1726 3959 κατα-

160 3999 384 4053 σκόπων
409 3997 555 4061 τινὲς
591 3996 958 4067 ἀπήγγελλον,
986 3997 1065 4061 ὥς
1082 3998 1131 4050 οί
1169 3996 1438 4069 βάρϐαροι
1468 3980 1583 4063 τοῖς
1610 3999 1730 4052 ἐκεῖ

155 4092 429 4160 αἰγιαλοῖς
468 4089 567 4159 τὴν
595 4088 866 4143 ἀπόϐασιν
904 4089 1255 4159 ἐποιήσαντο,
1291 4091 1385 4143 καὶ
1424 4090 1727 4163 τεκμήριον

152 4182 353 4252 ἀληθὲς
397 4181 498 4251 τῆς
549 4181 808 4249 ἀγγελίας
867 4178 1151 4234 ἐποιοῦντο
1186 4221 1203 4248 ,
1276 4180 1340 4236 τὸ
1389 4182 1729 4251 τραυματίαι

154 4274 491 4344 γεγενῆσθαι
534 4270 664 4343 παρ’
689 4270 888 4325 αὐτῶν.
917 4272 981 4326 Oi
1014 4271 1282 4343 βάρϐαροι
1318 4272 1374 4327 δὲ
1398 4274 1498 4327 οὐκ
1534 4275 1617 4342 ἐφ’
1643 4274 1730 4328 ἐνὶ

1817 3359 1949 3405 ctat.
1986 3348 2101 3405 Sub
2131 3348 2435 3405 diluculum
2467 3349 2688 3420 quidam
2722 3351 3096 3420 speculatores
3145 3364 3395 3427 narrant,

1816 3442 1983 3514 308
2012 3443 2277 3498 barbaros
2315 3443 2429 3498 illic
2454 3442 2507 3497 in
2532 3445 2686 3499 littus
2716 3446 2929 3513 exisse;
2968 3446 3238 3519 ﬁdemque
3269 3465 3399 3521 nar-

1822 3533 2019 3587 rationi
2069 3542 2288 3599 accepta
2326 3533 2394 3588 ab
2444 3533 2552 3589 illis
2583 3534 2810 3590 vulnera
2855 3536 3193 3593 astruebant.
3222 3538 3400 3593 Caete-
3446 3535 3451 3539 ’

1821 3638 1943 3678 rum
1970 3624 2188 3679 barbari
2220 3639 2328 3679 non
2356 3639 2546 3681 omnes
2573 3625 2638 3680 ad
2671 3642 2841 3680 unum
2889 3627 3070 3683 locum
3116 3629 3397 3700 appellen-

1823 3726 1927 3778 tes,
1977 3715 2114 3771 duas
2168 3718 2389 3771 navium
2431 3718 2697 3775 stationes
2730 3717 2875 3773 haud
2906 3720 3069 3790 longo
3107 3721 3399 3777 intervallo

1824 3810 2099 3867 iaciebant
2132 3826 2147 3865 :
2180 3818 2236 3865 et
2272 3809 2364 3865 alii
2384 3800 2605 3880 quidem
2630 3826 2696 3865 ex
2732 3826 2838 3866 una
2868 3803 3034 3883 "parte
3062 3813 3171 3867 alio
3208 3828 3268 3869 se
3290 3813 3397 3868 dif-

1824 3902 2160 3959 fundebant.
2192 3902 2285 3957 alii
2324 3916 2389 3957 ex
2435 3902 2627 3966 altera,
2657 3904 3200 3974 velutspeculatores
3231 3920 3399 3977 quos-

1827 3998 1952 4053 dam
2005 4010 2207 4067 paucos
2239 3995 2306 4049 de
2332 3994 2447 4050 suis
2480 3994 2894 4065 praemittentes,
2939 3995 3154 4064 agmine
3180 4010 3402 4066 compo-

1827 4091 1934 4145 sito
1972 4088 2323 4151 incedebant,
2354 4087 2509 4159 quasi
2534 4087 2684 4143 locos
2703 4101 2731 4140 a
2755 4102 2949 4158 magno
2979 4088 3283 4145 domestico
3316 4090 3402 4144 in-

1827 4196 2007 4241 sessos
2052 4182 2357 4237 transituri.
2403 4182 2475 4238 Ut
2525 4181 2764 4253 primum
2816 4180 3073 4235 Romanis
3106 4179 3403 4250 appropin-

1829 4282 2088 4344 quarunt,
2119 4273 2356 4344 demptis
2401 4273 2630 4344 aliquot,
2653 4286 2866 4337 omnes,
2908 4268 3057 4342 quod
3094 4269 3152 4325 in
3186 4268 3401 4325 hostem

154 4366 344 4438 χωρίῳ
378 4364 690 4437 προσέσχον
723 4361 948 4426 πάντες·
980 4362 1098 4416 ἀλλ’
1121 4364 1182 4416 οὐ
1225 4368 1448 4434 μακράν
1479 4364 1724 4435 ἀλλήλων

1834 4367 2190 4438 improvisum
2246 4367 2593 4431 incidissent,
2639 4358 2791 4422 letho
2835 4366 3234 4423 occubuerunt.
3296 4364 3401 4430 Qui

156 4457 530 4527 διεστηκότες,
563 4455 657 4510 δύο
690 4454 983 4526 ναυλοχίας
1014 4456 1367 4527 ἐποιήσαντο’
1397 4446 1455 4510 οῖ’
1489 4458 1591 4527 μὲν
1634 4453 1731 4511 οὖν

160 4555 230 4606 ἔκ
251 4554 350 4623 τῆς
389 4551 520 4621 μιᾶς
555 4548 795 4619 μερίδος,
829 4547 964 4618 πρὸς
998 4548 1162 4619 ἔτερα
1189 4549 1491 4621 ἐτράποντο
1529 4550 1727 4621 χωρία·

159 4645 214 4698 oi
249 4643 307 4697 δέ
348 4643 449 4714 τῆς
512 4643 707 4712 ἐτέρας
758 4640 950 4711 ὥσπερ
1016 4640 1256 4704 σκοπούς
1312 4658 1464 4705 τινας
1514 4642 1732 4710 ὀλίγους

162 4736 375 4791 ἑαυτῶν
438 4734 913 4806 προπέμψαντες,
966 4734 1015 4786 oi
1067 4733 1248 4786 λοιποὶ
1303 4734 1732 4804 συντεταγμέιοι

82 4817 89 4821 ’
159 4825 355 4895 ᾔεσαν,
393 4823 468 4887 ὡς
518 4822 607 4876 διὰ
653 4821 762 4875 τῶν
802 4820 1020 4892 χωρίων
1066 4822 1296 4875 ἐκείνων
1344 4822 1729 4893 ἐλευσόμενοι,

161 4914 246 4981 οἷς
279 4918 306 4969 ὁ
355 4915 527 4987 μέγας
567 4914 898 4984 δομέστικος
944 4914 1253 4985 ἐνήδρευεν.
1294 4914 1385 4977 Ὣς
1426 4915 1480 4968 δέ
1510 4916 1561 4968 oi
1596 4932 1735 4987 προ-

161 5008 491 5078 τεταγμένοι
519 5008 715 5060 ἐκεῑνοι
756 5007 1007 5074 ἐγένοντο
1040 5006 1272 5077 πλησίον
1314 5007 1415 5077 τῆς
1449 5007 1733 5078 Ῥωμαίων

164 5100 449 5171 στρατιᾶς,
486 5096 628 5170 πλὴν
660 5097 862 5167 ὀλίγων
911 5097 1115 5161 πάντες
1154 5098 1352 5154 ἔπεσον
1387 5099 1733 5173 ἀπροσδοκή-

160 5208 281 5253 τοις
326 5189 694 5260 ἐμπεσόντων·
724 5187 841 5242 ϐσοι
881 5188 938 5241 δὲ
967 5188 1329 5260 διεσώθησαν,
1367 5192 1448 5255 είς
1486 5193 1587 5263 τὴν
1630 5194 1731 5247 αὑ-

161 5285 272 5337 τῶν
301 5281 546 5345 ἐλθόντες
572 5284 856 5352 στρατιάν,
883 5280 1230 5352 ἀπήγγελλον
1252 5281 1328 5346 ὡς
1357 5281 1731 5354 διαφθαροῖεν,

166 5373 399 5443 στρατιᾷ
449 5373 873 5444 περιτυχόντες,
913 5372 1070 5445 ὀλίγῃ
1125 5374 1270 5444 μὲν,
1319 5372 1397 5438 ὡς
1445 5375 1735 5448 ᾠήθημεν,

161 5462 449 5535 (καθαρῶς
500 5465 603 5518 οὐκ
649 5464 865 5536 έχοντες
917 5464 1008 5519 διὰ
1047 5467 1151 5536 τὴν
1187 5466 1360 5521 νύκτα
1390 5466 1735 5540 διαγνῶναι),

167 5555 351 5625 ἀγαθῇ
388 5555 447 5609 δὲ
483 5555 582 5610 καὶ
614 5557 686 5611 τά
741 5555 977 5627 πολέμια
1014 5558 1306 5633 κρατίστῃ.
1347 5562 1415 5613 Ὅ
1446 5560 1510 5631 δὴ
1548 5563 1644 5616 καὶ
1687 5562 1741 5616 οι

164 5650 267 5716 τῆς
316 5650 598 5721 Περσικῆς
646 5650 906 5721 ἄρχοντες
965 5651 1263 5721 πυθόμενοι
1290 5654 1552 5724 στρατιᾶς
1585 5672 1735 5727 παρ-

167 5740 542 5796 εσκευάσαντο
565 5743 640 5807 ὡς
690 5745 783 5796 ἐπὶ
811 5745 1016 5814 μάχην.
1078 5745 1503 5814 Ἑπιγενομένης
1548 5746 1606 5801 δὲ
1632 5748 1733 5819 ήδη

176 5835 272 5887 καὶ
320 5834 552 5904 ἡμέρας,
599 5836 998 5890 συνεπλέκοντο
1044 5836 1098 5890 οἵ
1135 5853 1192 5890 τε
1243 5836 1506 5904 Ῥωμαῖοι
1550 5839 1644 5892 καὶ
1688 5841 1735 5891 οἱ

1758 4426 1804 4486 C

1834 4470 2143 4524 evaserant,
2211 4458 2279 4513 ad
2370 4473 2499 4513 suos
2583 4456 2928 4529 retrogressi,
3000 4455 3402 4521 memorabant,

1832 4549 2295 4620 quemadmodum
2339 4548 2744 4606 commilitones
2789 4546 3139 4613 cecidissent,
3190 4561 3316 4602 cum
3345 4545 3406 4603 in

1831 4643 2095 4712 quasdam
2128 4642 2391 4711 copiolas,
2435 4648 2494 4695 ut
2534 4640 2824 4695 videbatur
2861 4640 3013 4711 (nam
3054 4653 3153 4708 per
3183 4645 3406 4691 noctem

1832 4735 1979 4790 clare
2016 4735 2393 4789 internoscere
2420 4748 2528 4787 non
2567 4731 2860 4802 potuisse),
2885 4730 2982 4785 sed
3026 4728 3322 4795 animosas,
3349 4738 3409 4784 et

1831 4826 1979 4883 bello
2014 4826 2244 4881 invictas
2279 4823 2622 4879 incidissent.
2659 4823 2740 4877 Re
2766 4821 3070 4886 intellecta,
3115 4821 3406 4874 Persarum

1832 4920 1999 4975 duces
2054 4918 2121 4972 ad
2172 4915 2488 4973 conﬂictum
2530 4914 2913 4983 accinguntur,
2974 4913 3210 4982 luceque
3247 4911 3412 4967 terris

1827 5013 1940 5084 jam
1968 5008 2167 5064 din'usa
2194 5021 2389 5061 manus
2408 5016 2799 5060 conseruntur.
2822 5005 3025 5067 Persa,
3054 5002 3151 5072 qui
3174 5002 3425 5070 nobiles,

1831 5112 1889 5161 et
1927 5105 2069 5157 inter
2102 5114 2231 5156 suos
2260 5096 2378 5153 noti
2400 5106 2578 5163 erant,
2606 5112 2797 5152 omnes
2818 5095 2912 5150 diu
2936 5110 2995 5151 se
3021 5093 3410 5149 defenderunt.

1838 5195 2224 5251 Verumtamen
2255 5191 2309 5245 vi
2346 5191 2499 5255 victi,
2530 5197 2727 5260 pra'ter
2758 5195 2992 5258 septem,
3020 5200 3215 5241 omnes
3243 5185 3323 5259 vel
3357 5187 3412 5240 in

1835 5302 2016 5359 pugna
2039 5284 2382 5349 ceciderunt,
2405 5281 2487 5337 vel
2526 5281 2635 5336 vivi
2664 5281 2718 5335 in
2743 5286 3071 5351 potestatem
3116 5289 3413 5339 venerunt.

1836 5377 2040 5433 Eadem
2082 5376 2217 5431 hora
2255 5375 2420 5431 etiam
2472 5374 2778 5451 imperatog
2819 5361 3034 5426 duabus
3074 5371 3413 5441 triremibus,

1838 5480 1973 5537 quas
1999 5474 2166 5520 noctu
2197 5464 2523 5535 impleverat
2555 5463 2805 5534 (reliqua!
2843 5463 2991 5517 enim
3035 5472 3151 5517 tum
3189 5464 3416 5532 naviga-

1840 5558 1975 5615 tioni
1993 5573 2103 5614 non
2126 5566 2283 5613 erant
2309 5556 2541 5626 idoneae)
2560 5555 2922 5626 adnavigabat
2954 5566 3412 5625 :compertoque.

1840 5651 2202 5708 barbarorum
2235 5646 2360 5702 aliis
2385 5663 2417 5704 a
2446 5645 2976 5717 magnodomestico
3003 5646 3164 5712 fusis,
3196 5660 3324 5701 eum
3359 5644 3415 5698 in

1843 5751 2075 5799 caeteros
2107 5742 2217 5813 jam
2267 5741 2374 5795 iter
2401 5739 2604 5806 moliri,
2634 5739 2844 5796 triremi
2891 5737 3251 5802 exscendeus,
3280 5750 3420 5807 quo.

1846 5837 1990 5892 niam
2036 5836 2368 5905 imperatorii
2399 5834 2523 5906 equi
2571 5848 2684 5891 non
2721 5832 2967 5896 aderant,
2996 5831 3058 5886 in-
3087 5842 3291 5899 equum
3319 5828 3437 5881 doc
