3794 6588
75 401 182 458 βέἰῖί

1233 413 1788 473 ΗιδΤυιιιΑιιυειι
1832 415 2067 472 LIBER
2113 417 2188 474 ll.

3221 419 3328 480 634

1455 521 1683 581 CAPUT
1723 521 1942 579 XXXV.

73 608 300 680 Magnus
327 611 641 686 domesticus
667 629 808 685 ωσι-ε
835 613 1156 685 colloquium
1181 607 1443 674 Cabasilte
1469 616 1740 686 impetrat.
1776 611 2128 683 Deiectionem
2161 619 2367 672 urbium
2403 619 2488 674 illi
2509 620 2811 686 exprobrat.
2844 621 3017 676 Tertio
3047 623 3131 676 die
3159 615 3331 676 rever.

144 698 252 759 sus,
286 681 353 734 ad
380 681 693 759 deditionem
716 681 942 759 ’προίετο
981 681 1182 755 frustra
1232 698 1477 759 conatur.
1529 682 1754 759 Demtmt
1793 681 2095 759 persuadet.
2133 705 2226 759 iac
2258 689 2438 744 lwtnm
2492 681 2734 746 nuntium
2787 694 3103 759 imperatori
3140 692 3329 746 Artem

151 750 430 829 allaturus,
462 755 516 806 in
546 754 735 829 itinere
759 757 828 809 ad
854 750 1051 829 fontem
1094 758 1340 829 prandet.
1367 756 1444 829 Eo
1473 754 1614 829 uenit
1647 750 1942 829 Qubus-ilus,
1974 758 2251 814 consilium
2269 777 2529 828 quo'rens.
2557 760 2721 825 Quem
2751 750 2987 816 edoctum
3015 763 3251 824 dimittit,
3279 773 3329 815 et

147 822 391 899 postridie
447 828 658 899 nomine
711 820 1047 899 imperatoris
1094 820 1276 882 urbem
1325 826 1544 899 accipit.
1572 820 1857 899 Caltasilas
1882 841 2016 899 θωπί
2031 820 2351 899 primoribus
2397 833 2468 883 att
2511 820 2884 898 imperatorem
2924 849 2955 885 a
2999 849 3192 899 magno
3237 820 3334 885 do-

149 889 886 970 mestico_add_ucitur._ﬁdern
929 901 1259 970 constantem
1308 889 1588 970 promittit.
1639 889 1941 970 imperator
1980 889 2159 960 illum,
2227 910 2544 970 ca’terosque
2588 889 2866 956 collaudat
2908 912 2956 955 et
2996 889 3330 957 muneratur.

145 963 306 1016 Αγιωὲ
339 961 567 1033 Rhogios
601 963 894 1019 maledictis
918 969 1278 1037 proscindunt,
1305 961 1357 1022 et
1385 966 1674 1020 obdurant.

159 1074 216 1129 '0
251 1075 422 1144 μέγας
453 1076 511 1130 δὲ
543 1078 866 1148 δομὲστικος
901 1081 1252 1152 μεμνημένος
1281 1081 1354 1146 ώς
1391 1077 1640 1137 Καϐασί·

1815 1076 2042 1151 Magnus
2074 1091 2259 1138 autem
2290 1081 2650 1148 domesticus,
2685 1101 2902 1142 memor
2937 1087 3215 1157 quomodo
3245 1088 3335 1144 hic

70 1165 176 1230 λας
203 1169 399 1233 οὐτοσὶ,
430 1170 520 1223 ὅτε
551 1171 768 1241 πρῶτον
803 1173 1166 1244 ’Δκαρνανίαν
1198 1177 1463 1246 ποιήσατο
1495 1171 1646 1243 αὐτῷ

71 1263 104 1315 ε
134 1261 404 1331 βασιλεὺς,
432 1265 603 1320 πολλά
629 1266 798 1320 αὑτοῦ
826 1268 1089 1333 πολλάκις
1115 1253 1309 1340 tmen
1333 1270 1448 1331 τοῖς
1471 1267 1649 1335 φίλοις

72 1352 540 1425 συναριθμηθῆναι
571 1357 736 1412 αὑτοῦ
770 1361 865 1413 καὶ
894 1363 1000 1424 τοῖς
1027 1361 1273 1427 οίκείοις,
1323 1362 1418 1414 καὶ
1449 1359 1649 1428 πολλῆς

69 1437 350 1498 ἀπέλαυσε
390 1447 648 1517 προνοίας
680 1452 781 1520 τῆς
819 1451 984 1505 αὐτοῦ
1027 1451 1340 1515 πεισθέντος
1379 1451 1518 1521 πρὸς
1549 1450 1648 1520 τὴν

73 1535 311 1603 αἴτησιν,
376 1536 602 1602 ἐλπίσας
633 1540 692 1592 τέ
726 1557 779 1593 τι
823 1542 886 1594 ἐκ
921 1543 1020 1612 τῆς
1061 1542 1198 1612 πρὸς
1234 1543 1396 1596 αὑτὸν
1431 1541 1650 1596 ἀνύσειν

73 1626 358 1681 Καόασίλα
394 1629 578 1697 φιλίας
597 1672 615 1698 ,
645 1631 755 1684 τῶν
787 1633 1004 1686 οἰκείων
1033 1633 1247 1700 ὀλίγους
1279 1633 1614 1704 παραλαὸὼν
1633 1675 1648 1700 ,

72 1713 240 1787 ἦλθεν
268 1721 348 1783 είς
375 1720 586 1791 Ῥωγώ.
617 1723 934 1788 Καϐασίλας
961 1725 1007 1778 δ’
1031 1726 1153 1778 ἐπεὶ
1184 1725 1293 1779 ἀπὸ
1321 1725 1415 1779 τοῦ
1441 1721 1659 1796 τείχους

73 1811 226 1879 ἑώρα
266 1814 583 1882 προσιόντα,
624 1815 847 1886 πέμψας
889 1818 1082 1880 ἐδεῖτο,
1129 1817 1204 1889 μὴ
1250 1819 1416 1888 ἔγγὺς
1455 1821 1654 1890 τειχῶν

74 1903 350 1967 γενέσθαι,
376 1904 446 1958 Ἦ
485 1905 847 1976 γάράνὰγκη
889 1909 1278 1979 συντυγχάνειν
1322 1910 1475 1983 παρά
1514 1911 1654 1980 γνὼ-

81 2012 216 2062 μην.
263 1997 590 2051 Πεπεικέναι
631 1999 739 2070 γάρ
784 1999 977 2054 ἑαυτὸν
1016 1999 1278 2066 καθάπαξ
1322 2002 1653 2070 ἀφίστασθαι

86 2084 382 2156 Ῥωμαίων
402 2126 418 2151 ,
447 2088 479 2155 ἤ
511 2089 904 2145 ἀποθανεῖσθαι
931 2109 946 2122 °
976 2090 1005 2145 ὃ
1035 2093 1129 2146 καὶ
1157 2091 1291 2146 αὐτὸ
1322 2093 1527 2158 παντὸς
1557 2095 1656 2148 ὲπ-

73 2174 408 2246 αχθόστερον
432 2176 629 2242 κακοῦ,
655 2180 753 2231 καὶ
777 2179 877 2250 οὐχ
899 2180 1102 2251 ἥκιστα
1132 2179 1333 2244 παντὸς
1359 2164 1658 2252 ἀνιαρώτε-

75 2285 194 2338 ρον.
230 2268 289 2322 '0
317 2267 492 2339 μέγας
518 2270 574 2323 δὲ
603 2269 922 2341 δομὲστικος
960 2273 1114 2326 οὐδὲν
1173 2272 1383 2342 ἔφασκε
1412 2275 1540 2339 τοὺς
1571 2274 1658 2328 λό-

1748 1167 2056 1238 Cabasilas,
2097 1189 2222 1229 cum
2252 1177 2489 1243 primum
2521 1176 2884 1232 Acarnaniam
2918 1179 3193 1243 reciperet
3229 1180 3334 1233 im-

1745 1273 1994 1333 perator,
2031 1280 2175 1335 smpe
2197 1269 2541 1338 multumque
2563 1279 2830 1338 rogasset,
2879 1271 2955 1325 uti
2981 1286 3106 1325 eum
3141 1273 3338 1327 amicis

1749 1369 1814 1410 ac
1868 1355 2234 1416 familiaribus
2293 1360 2408 1416 suis
2447 1362 2730 1432 allegeret,
2765 1373 2821 1417 et
2854 1379 2966 1434 quo
3011 1374 3171 1433 pacto
3215 1364 3336 1432 ejus

1749 1447 2006 1517 petitioni
2034 1465 2304 1518 annuens,
2327 1467 2425 1507 sua
2447 1468 2578 1508 cura
2599 1469 2663 1509 ac
2691 1453 3038 1524 providentia
3065 1453 3332 1524 singulari

1747 1539 1911 1609 312
1948 1556 2205 1611 magnum
2260 1542 2466 1600 homini
2506 1545 2744 1600 fructum
2788 1539 3084 1609 attulisset,
3135 1560 3338 1600 conce-

1740 1639 1954 1700 ptaque
1985 1645 2102 1701 spe.
2137 1643 2360 1703 propter
2379 1651 2499 1690 eam
2536 1636 2834 1691 amicitiam
2863 1635 3072 1705 aliquid
3091 1623 3335 1689 elfectu-Q

1751 1737 1898 1787 rum,
1927 1725 2122 1792 paucis
2171 1725 2468 1781 comitatus
2498 1725 2865 1784 familiaribus
2897 1725 3150 1796 Rliogum
3193 1725 3331 1778 adit.

1748 1813 2034 1871 Cabasilas
2070 1816 2426 1872 accedentem
2456 1817 2525 1872 de
2566 1832 2725 1872 muro
2767 1817 3142 1886 conspicatus,
3181 1814 3335 1869 misit

1750 1915 1996 1971 oratum,
2045 1921 2115 1962 ne
2178 1909 2408 1979 propius
2463 1908 2665 1964 muenia
2714 1908 2969 1963 veniret:
3002 1906 3149 1961 nolle
3181 1907 3330 1961 enim

1755 2015 1880 2053 cum
1904 2015 1972 2054 eo
2007 2001 2270 2072 colloqui.
2296 2000 2431 2057 Nam
2455 2001 2736 2056 induxisse
2768 2001 2823 2055 in
2854 2001 3099 2055 animum
3138 1998 3333 2063 semel,

1755 2105 1881 2146 cum
1918 2091 2184 2148 Romanis
2215 2093 2289 2147 nil
2320 2093 2523 2149 habere
2550 2092 2778 2163 negotii,
2817 2099 2911 2146 aut
2946 2091 3158 2147 emori:
3185 2089 3333 2160 quod

1755 2183 2000 2237 omnium
2029 2184 2296 2239 malorum
2321 2184 2732 2240 odiosissimum
2758 2193 2878 2240 erat
2931 2194 3098 2253 atque
3130 2183 3334 2237 tristis-

1744 2273 1978 2328 simum.
2012 2269 2154 2330 Tum
2211 2290 2441 2346 magnus
2487 2275 2843 2341 domesticus,
2886 2271 3021 2330 nihil
3049 2273 3115 2328 ad
3143 2287 3202 2328 se
3231 2272 3334 2327 ista

73 2375 210 2427 γους
252 2353 390 2412 εῖναι
433 2360 569 2430 πρὸς
608 2362 792 2417 αὐτόν.
821 2363 995 2426 Αὐτὸς
1033 2365 1142 2435 γὰρ
1183 2355 1655 2437 ἐπαγγειλάμενος

1767 2369 1925 2423 verba
1967 2369 2292 2438 pertinere:
2337 2383 2463 2422 nam
2484 2382 2610 2423 eum
2661 2382 2720 2422 se
2784 2365 3050 2421 Cabasila:
3093 2363 3334 2418 amicqu

74 2451 367 2524 Κασασίλᾳ
417 2429 558 2508 εἶναι
605 2455 776 2524 φίλος,
825 2457 895 2510 τὰ
943 2429 1314 2530 προσήκοντα-
1340 2429 1523 2529 φίλοις
1573 2429 1648 2534 μη

1767 2458 1874 2514 fore.
1904 2429 2313 2529 spopondisset,
2343 2473 2450 2513 non
2489 2457 2694 2529 pigrari
2730 2457 2970 2512 oﬂicium
3001 2456 3165 2511 amici
3198 2469 3337 2524 prat—

73 2545 368 2598 κατοκνεῖν
396 2549 596 2602 ποιεῖν.
627 2548 727 2601 Ἂν
753 2548 800 2601 δ’
824 2549 990 2613 αὐτὸς
1022 2549 1284 2620 διωθῆται
1321 2553 1610 2622 προσιόντα
1629 2592 1648 2621 ,

72 2634 142 2700 τῇ
181 2634 418 2703 σφετέρᾳ
449 2635 576 2709 δόξῃ
609 2637 969 2709 λυμανεῖσθαι
991 2683 1005 2708 ,
1041 2643 1330 2714 ἀγνώμονα
1366 2649 1493 2718 περῖ
1525 2641 1651 2712 τοὺς

69 2723 268 2792 φίλους
289 2748 312 2790 ,·
335 2728 431 2781 καὶ
463 2728 564 2801 τὴν
597 2731 824 2803 γνώμην
861 2733 1225 2804 εὐμετάϐολον
1259 2737 1653 2794 ἀποδεικνύντα

71 2818 296 2883 ἑαυτὸν,
339 2823 436 2874 καὶ
478 2821 653 2879 ταῦτα
702 2829 973 2897 πρότερον
1018 2829 1183 2883 αὑτὸν
1226 2829 1514 2899 δεηθέντα,
1560 2833 1655 2888 καὶ

72 2911 348 2966 πείσαντα
379 2917 489 2977 τοῖς
523 2915 700 2983 φίλοις
730 2920 842 2980 τοῖς
873 2921 1026 2989 ὲμοῐς
1061 2923 1508 2994 καταγραφῆναι.
1543 2927 1656 2979 Κα-

70 3002 310 3067 δασίλας
339 3006 396 3058 δὲ
429 3007 526 3060 καὶ
556 3007 718 3073 αὐτὸς
750 3010 1134 3082 διῖσχυρίζετο,
1171 3015 1308 3084 μήτε
1342 3015 1651 3084 βούλεσθαι,

74 3095 223 3164 μήτε
249 3095 510 3150 δύνασθαι
537 3097 637 3170 τὴν
668 3101 807 3171 πρὸς
838 3103 1000 3156 αὑτὸν
1029 3105 1211 3173 φιλίαν
1237 3108 1514 3175 ἀπειπεῖν,
1560 3111 1656 3164 καὶ

68 3185 231 3241 δεινά
271 3189 526 3259 πάσχειν,
564 3193 659 3245 καὶ
697 3196 764 3264 τῇ
808 3195 946 3266 πρὸς
985 3197 1146 3250 αὑτὸν
1185 3200 1339 3272 φιλίᾳ
1379 3205 1660 3271 τυραννεῖ-

69 3279 230 3339 σθαι,
251 3279 314 3333 οὐ
343 3284 584 3353 μετρίως
606 3284 932 3356 ἀνιώμενον,
955 3289 1037 3344 ὅτι
1064 3291 1138 3360 μὴ
1162 3292 1231 3346 δι’
1254 3294 1448 3347 εαυτοῦ
1471 3295 1656 3360 αὐτὸς,

70 3367 224 3422 ἀλλὰ
253 3369 324 3422 δι’
347 3373 550 3441 ἐτέρων
613 3373 704 3426 τὸν
739 3377 985 3452 παρόντα
1021 3365 1210 3448 χρόνον
1241 3381 1446 3451 ὁμιλεῖ.
1485 3385 1662 3438 Δεδοι-

71 3462 240 3515 κέναι
309 3463 366 3516 δὲ
412 3465 488 3535 μὴ
533 3466 629 3537 οὐχ
677 3461 789 3530 οἷός
833 3487 892 3522 τε
1026 3476 1248 3542 κρατεῖν
1277 3474 1492 3537 ἑαυτοῦ,
1527 3493 1662 3546 συγ-

73 3555 380 3624 γενόμενος
431 3559 658 3630 ἐκείνῳ,
716 3559 852 3614 ἀλλά
899 3565 1096 3619 ταύτὸν
1145 3567 1256 3630 τοῖς
1309 3570 1660 3638 μαινομένοις

71 3646 261 3718 πάθῃ,
294 3648 344 3702 οἳ
377 3648 596 3721 ἥδονται
633 3653 1076 3717 κατακόπτοντες
1112 3657 1372 3724 ἑαυτοὺς,
1406 3659 1664 3728 ἀγνοοῦν·

1751 2557 1921 2604 stare.
1959 2547 2015 2602 Si
2053 2547 2172 2618 ipse
2200 2561 2260 2603 se
2286 2550 2708 2604 convenientem
2755 2545 3068 2616 repelleret,
3100 2543 3332 2615 gloriam

1751 2655 1906 2694 suam
1935 2649 2351 2709 corrupturum,
2397 2639 2528 2695 dum
2569 2650 2744 2696 semet
2781 2638 2835 2694 in
2872 2639 3082 2694 amicos
3133 2637 3334 2691 incon.

1751 2741 1990 2788 stantem
2026 2743 2192 2802 atque
2223 2733 2538 2802 improbum
2575 2731 2937 2788 ostenderet:
2981 2743 3106 2784 cum
3146 2737 3330 2783 tamen

1753 2825 2038 2896 petivisset
2092 2824 2244 2894 prius
2296 2833 2354 2880 et
2393 2823 2761 2893 impetrasset,
2793 2830 2855 2877 ut
2889 2820 2958 2876 ab
2986 2835 3054 2875 eo
3083 2819 3138 2873 in
3187 2816 3334 2871 ami-

1754 2932 1946 2972 corum
2003 2932 2292 2972 numerum
2347 2916 2670 2971 referretur.
2705 2913 2989 2969 Cabasilas
3037 2910 3333 2975 allii-mare,

1756 3024 1861 3064 nec
1885 3009 2042 3074 velle,
2072 3025 2176 3064 nec
2221 3024 2383 3079 posse
2437 3009 2630 3063 initam
2661 3021 2787 3062 cum
2813 3021 2882 3062 eo
2912 3005 3212 3062 amicitiam
3242 3018 3335 3057 re-

1755 3112 2011 3158 tractare.
2048 3102 2114 3156 Et
2143 3102 2214 3157 ob
2235 3115 2356 3155 eam
2377 3099 2701 3165 excruciari,
2732 3097 2962 3169 etquasi
2984 3094 3332 3169 tyrannidem

1757 3191 2050 3262 quamdam
2081 3189 2785 3263 experiri,contristarique
2815 3174 2926 3242 non
2952 3185 3330 3248 mediocriter,

1758 3288 1905 3360 quod
1937 3305 2044 3343 non
2089 3288 2204 3357 ipse
2235 3303 2332 3357 per
2372 3301 2451 3353 se,
2487 3288 2582 3341 sed
2615 3301 2715 3356 per
2756 3279 2903 3340 alios'
2931 3283 3034 3338 hoc
3088 3291 3336 3351 tempore

1760 3395 1884 3436 cum
1916 3396 1982 3436 eo
2004 3382 2369 3450 colloquatur.
2405 3379 2681 3433 Timuisse
2704 3392 2860 3442 vero,
2894 3377 2937 3432 si
2963 3391 3086 3431 cum
3119 3375 3335 3439 illo,sit,

1761 3487 1832 3528 ne
1861 3487 1919 3528 se
1950 3455 2232 3527 continere
2273 3480 2547 3542 nequeat;
2584 3470 2678 3524 sed
2728 3469 2870 3524 idem
2913 3467 3016 3523 sibi
3069 3466 3214 3537 quod
3246 3465 3338 3519 fu-

1757 3563 1925 3619 riosis
1963 3578 2066 3617 usu
2099 3562 2304 3625 veniat,
2339 3559 2433 3632 qui
2473 3575 2708 3630 corpora
2752 3574 2850 3612 sua
2896 3572 3022 3611 cum
3057 3555 3338 3625 voluptate

1763 3656 2051 3719 dilaniant,
2079 3664 2306 3724 propter
2331 3653 2583 3707 morbum
2607 3650 2740 3720 quid
2770 3648 3336 3717 faciantignorantes.

69 3753 175 3800 τις
223 3739 308 3793 ὅτι
358 3741 628 3813 πάσχουσι
671 3743 760 3797 διά
803 3746 904 3817 τὴν
945 3747 1124 3800 νόσον.
1170 3747 1373 3804 Τούτου
1421 3751 1521 3820 μὲν
1565 3749 1658 3806 οὖν

72 3829 98 3847 ι.
239 3846 242 3847 ,
292 3831 306 3847 .
394 3832 406 3847 .
542 3835 566 3847 -
652 3834 665 3847 .
911 3833 936 3847 ..
1089 3839 1144 3847 -__
1296 3839 1324 3847 ..
1378 3841 1400 3847 μ
1534 3842 1587 3847 --

1771 3748 1910 3818 Ergo
1933 3761 1991 3801 se.
2028 3745 2186 3803 illum
2213 3743 2461 3806 laudare.
2495 3742 2675 3812 inquit
2700 3755 2930 3811 magnus
2975 3738 3337 3804 domeSticus,

72 3829 312 3894 ἓνεκα,ὀ
341 3832 512 3901 μέγας
537 3833 1056 3904 δομὲστικοςεῖπεν.
1089 3839 1351 3904 Ἐπαινῶ,
1373 3841 1453 3894 ὅτι
1474 3842 1656 3910 φιλίας

1767 3853 1889 3894 cum
1913 3846 2198 3906 tantopere
2216 3835 2284 3889 ab
2313 3833 2551 3888 amicitia
2572 3833 2751 3887 victus
2775 3831 2866 3897 sit,
2900 3846 3006 3900 qua
3037 3845 3095 3884 se
3127 3827 3334 3882 victum

69 3918 321 3988 ἥττησαι
350 3922 622 3989 τοσοῦτον,
650 3919 719 3996 ἧς
744 3925 932 3995 ἥδεται
960 3929 1274 3998 ἡττώμενος
1302 3933 1410 3994 πᾶς
1436 3947 1520 3995 τις
1554 3949 1660 3986 αω-

75 4012 325 4080 φρονῶν.
359 4011 422 4066 El
455 4013 512 4067 δέ
547 4031 630 4069 σοι
663 4017 921 4088 φορτικὸν
954 4019 1049 4073 καὶ
1087 4021 1318 4091 ἐπαχθὲς
1347 4024 1409 4076 τὸ
1438 4023 1658 4089 τελείως

73 4102 105 4153 ὲ
115 4103 212 4172 μοὶ
241 4103 540 4170 συνελθεῖν,
567 4108 700 4162 ἀλλὰ
728 4109 856 4178 τόγε
887 4109 1159 4180 δεύτερον,
1189 4131 1259 4164 πα
1270 4113 1338 4183 ρὰ
1366 4114 1462 4186 τὴν
1492 4116 1662 4185 γέφυο

79 4211 189 4262 ραν
228 4194 353 4247 ὶλθὲ
390 4195 484 4248 τοῦ
527 4199 794 4269 ποταμοῦ,
834 4199 909 4263 ώς
949 4201 1014 4254 ἀν
1055 4202 1111 4269 ἐξ
1153 4203 1416 4273 ἐκατέρου
1457 4205 1660 4276 μέρους

75 4286 453 4357 ὁμιλήσαντες
500 4288 770 4360 ἀλλήλοις,
816 4293 937 4360 ἐμοί
977 4309 1034 4346 τε
1075 4293 1136 4346 τὸ
1185 4293 1284 4368 col,
1311 4293 1657 4366 ὀμιληκέναι,

74 4378 184 4432 καὶ
213 4381 300 4433 σοὶ
325 4381 384 4433 τὸ
413 4382 488 4452 μὴ
516 4383 682 4450 ἐγγὺς
710 4383 844 4453 ἐμοῦ
872 4384 1147 4453 γενέσθαι,
1175 4387 1202 4439 ὅ
1231 4387 1466 4457 μάλιστα
1495 4387 1663 4444 δέδοι-

80 4489 226 4536 κας,
262 4473 640 4543 περισώζοιτο.
674 4474 828 4529 Ἐπεὶ
863 4476 918 4530 δὲ
959 4471 1060 4548 ἧκε
1101 4480 1250 4548 παρά
1282 4478 1380 4548 τὴν
1413 4480 1662 4553 γέφυραν

77 4563 362 4630 πεισθεὶς,
390 4567 523 4620 ἀλλα
547 4580 606 4620 τε
633 4567 1006 4640 διειλέχθησαν
1030 4571 1130 4624 ὅσα
1156 4589 1238 4633 τις
1265 4571 1330 4626 ἂν
1358 4573 1499 4626 εἴποι
1526 4574 1661 4645 πρὸς

77 4657 264 4726 ἄνδρα
297 4657 480 4725 φίλον,
516 4661 612 4714 καὶ
646 4663 775 4732 περὶ
808 4665 906 4734 τῆς
937 4663 1272 4729 ἀποστασίας
1307 4665 1415 4718 τῶν
1451 4667 1663 4721 πόλεων

75 4750 109 4800 ὸ
144 4751 326 4818 μέγας
353 4749 673 4820 δομέστικος
703 4753 870 4807 αὐτοῦ
903 4756 1201 4826 κατηγόρει
1233 4755 1306 4819 ώς
1339 4758 1660 4811 αἰτιωτάτου

84 4841 330 4912 μάλιστα
359 4846 748 4914 γεγενημένου.
780 4845 898 4914 Ἐφ’
918 4841 997 4908 οἷς
1028 4846 1349 4914 ἀπελογεῖτο
1378 4850 1472 4900 καὶ
1501 4849 1664 4915 αὐτὸς

81 4933 166 4994 ὼς
203 4930 585 4985 λυσιτελοῦντα
619 4932 871 5000 δράσειεν
904 4933 1084 5000 ἑαυτῷ
1115 4951 1175 4986 τε
1211 4935 1305 4986 καὶ
1340 4937 1452 4999 τοῖς
1486 4937 1665 5002 ἀλλοις

95 5023 402 5093 Ἀκαρνάσι
424 5024 525 5092 τῆς
546 5025 787 5089 δουλείας
811 5026 1007 5088 αὐτοὺς
1031 5024 1330 5097 ἐλευθερῶν
1351 5026 1661 5096 Ῥωμαίων,

1761 3929 2008 4001 prudens
2025 3927 2255 3998 quilibet
2276 3928 2513 3981 laetatur.
2547 3923 2702 3991 Quod
2726 3922 2773 3979 si
2797 3936 3089 3978 onerosum
3126 3935 3190 3974 ac
3224 3935 3342 3972 ιιιυο

1763 4025 1963 4080 lestum
1996 4020 2088 4088 sit,
2119 4019 2365 4090 proxime
2395 4033 2580 4073 secum
2614 4016 2896 4085 congredi,
2927 4023 3074 4068 certe
3096 4011 3161 4066 ad
3203 4025 3338 4079 poi;-

1767 4126 1875 4172 tem
1906 4113 2149 4169 fluminis
2173 4111 2420 4177 accedat,
2449 4119 2508 4163 ut
2536 4125 2604 4163 ex
2629 4106 2917 4162 intervallo
2951 4122 3008 4161 se
3033 4104 3333 4173 appellent.

1766 4217 1824 4262 et
1851 4205 1956 4261 sibi
1995 4203 2158 4260 detur
2186 4217 2311 4258 cum
2333 4216 2400 4256 eo
2428 4200 2761 4255 collocutum
2816 4213 2936 4252 esse
2982 4195 3134 4249 etilli
3169 4189 3340 4263 (quod

1766 4299 2004 4355 maxime
2051 4292 2279 4365 timeat)
2307 4309 2418 4350 non
2466 4291 2958 4364 appropinquasse.
2992 4286 3096 4343 Ubi
3130 4298 3340 4340 morem

1767 4403 1960 4462 gerens
2007 4387 2074 4442 ad
2110 4395 2329 4456 pontem
2377 4383 2632 4446 accessit,
2683 4397 2808 4437 cum
2856 4375 2988 4443 alia,
3039 4376 3341 4448 quaeinter

1769 4481 1980 4535 amicos
2011 4479 2210 4543 solent,
2242 4476 2385 4531 ultro
2411 4476 2664 4546 citroque
2696 4473 2844 4528 dicta
2871 4478 2999 4528 sunt
3029 4509 3046 4535 ,
3081 4479 3194 4522 tum
3222 4479 3342 4520 ma-

1769 4588 1907 4643 gnus
1936 4569 2270 4625 domesticus
2294 4569 2360 4623 de
2384 4569 2604 4623 urbium
2634 4566 2938 4622 defectione
2970 4574 3198 4634 questus
3233 4569 3341 4624 est,

1769 4664 1856 4720 cui
1883 4663 1964 4718 rei
1991 4662 2106 4731 ipse
2148 4660 2348 4731 puppis
2373 4671 2428 4716 et
2457 4675 2618 4730 prora
2638 4659 2849 4714 fuisset.
2882 4657 2978 4712 llle
3008 4653 3344 4728 defendendi

1769 4756 1852 4811 sui
1868 4755 2040 4827 gratia
2057 4752 2242 4817 refert,
2266 4766 2324 4806 se
2337 4751 2716 4807 Acarnanibus
2739 4767 2767 4806 e
2783 4752 3153 4805 Romanorum
3173 4748 3344 4803 servi-

1769 4853 1889 4900 tute
1916 4843 2250 4906 asserendis,
2275 4850 2329 4896 et
2351 4843 2529 4912 patrio
2544 4841 2872 4908 Angelorum
2896 4829 3207 4910 principatu
3231 4836 3342 4909 (ϐξ)

1756 4939 1909 5010 ipsis
1934 4935 2334 5006 recuperando.
2362 4934 2466 4990 sibi
2500 4935 2731 5004 aliisque
2762 4933 3112 4988 commodare
3134 4931 3344 4985 voluis-

1772 5045 1830 5086 se
1899 5029 1991 5084 llis
2051 5027 2282 5096 aliisque
2318 5026 2462 5080 inter
2516 5040 2576 5081 se
2627 5025 2824 5091 dictis,
2877 5023 3214 5080 domesticus
3273 5023 3342 5077 ad

83 5116 188 5168 καὶ
216 5115 317 5186 τὴν
346 5117 572 5186 πάτριον
599 5116 780 5179 αὐτοῖς
809 5118 921 5170 τῶν
948 5118 1221 5186 Ἀγγὲλων
1251 5119 1430 5190 ἀρχὴν
1461 5121 1659 5174 ἐπανα-

1771 5121 2094 5190 excrcitum,
2124 5119 2287 5173 tertio
2314 5119 2401 5174 die
2430 5117 2801 5173 reversionem
2844 5117 3142 5188 pollicitus,
3168 5115 3343 5171 Caba-

85 5205 304 5270 σώζων.
333 5206 572 5261 Τοιαῦτα
602 5207 698 5261 καὶ
725 5206 890 5278 ἕτερά
921 5225 1044 5262 τινα
1069 5208 1474 5278 διαλεχθέντες,
1504 5212 1531 5263 ὁ
1566 5209 1659 5279 μὲν

1776 5213 1908 5269 silas
1943 5212 1996 5266 in
2047 5211 2331 5282 Oppidum,
2354 5209 2593 5266 secunda
2650 5210 3035 5279 congressione
3063 5217 3280 5287 recusat
3318 5246 3338 5274 ,

81 5299 170 5360 είς
209 5297 274 5350 τὸ
315 5299 700 5369 στρατόπεδον,
737 5299 794 5363 ὲς
832 5301 1024 5372 τρίτην
1060 5301 1281 5372 ἡμέραν
1316 5297 1471 5366 αὖθις
1511 5303 1659 5375 ἥξειν

1777 5303 2006 5376 digressi
2057 5311 2207 5359 sunt.
2265 5301 2451 5358 Tertia
2508 5303 2632 5358 luce
2698 5317 2928 5363 n'taguus
3005 5298 3346 5356 domesticus

1365 5417 1588 5483 Jacobi
1616 5421 1882 5485 Pontani
1916 5427 2106 5486 nota.

164 5537 284 5608 (62)
319 5538 367 5595 Α
418 5540 758 5612 temporibus
795 5539 987 5612 Angeli
1030 5540 1207 5598 Alexii
1251 5541 1482 5612 abrupta
1511 5551 1597 5599 est
1627 5560 1658 5599 a

81 5613 349 5683 Romano
417 5610 651 5678 imperio
720 5610 1046 5683 Acarnania.
1097 5613 1202 5668 Sed
1243 5627 1365 5683 cap.
1397 5610 1659 5683 sequenti

86 5680 396 5752 historicus
436 5690 621 5734 noster
665 5680 1004 5752 explicabit,
1051 5680 1326 5751 quomodo
1362 5699 1428 5737 ex
1464 5680 1657 5752 praefe-

82 5761 250 5820 ctura
282 5750 422 5804 facta
455 5753 529 5803 ‘sit
563 5752 782 5820 propria
812 5750 1116 5818 provincia.
1145 5752 1220 5807 Ex
1251 5750 1482 5817 praetore
1509 5752 1659 5808 Grae-

85 5822 191 5880 eize
215 5819 590 5876 ‘Leunclavius
622 5819 736 5876 lucc
779 5820 944 5876 verba
991 5822 1204 5878 recitat:
1233 5823 1334 5886 Qui
1370 5825 1519 5879 duces
1543 5825 1662 5878 aliis

1765 5547 1820 5600 in
1853 5545 1979 5598 locis
2008 5543 2104 5598 alii
2149 5545 2359 5608 inerant
2402 5545 2655 5598 hactenus
2701 5542 2960 5600 (nondum
3003 5550 3258 5612 occupata
3304 5557 3342 5597 tt

1772 5615 2026 5669 Flandris
2056 5613 2594 5686 Constantinopoli,“
2619 5623 2724 5668 toto
2747 5613 2854 5682 fere
2878 5615 3119 5682 imperio)
3142 5613 3342 5686 singuli

1769 5686 2034 5756 regionem
2067 5685 2528 5756 administrationi
2563 5701 2674 5737 sum
2716 5686 3048 5756 commissam
3101 5693 3224 5736 tunc
3251 5685 3337 5756 sui

1763 5753 1902 5825 juris
1938 5755 2268 5823 efﬁciebant:
2303 5755 2384 5809 vel
2416 5757 2486 5808 ml
2525 5757 2619 5808 hoc
2660 5753 2874 5822 impulsi
2919 5765 3059 5808 motu
3093 5755 3333 5824 proprio,

1773 5824 1852 5880 vel
1880 5826 1941 5878 ab
1971 5825 2158 5878 incolis
2181 5833 2250 5879 ait
2279 5827 2661 5881 detrudendum
2704 5828 2965 5886 remanent
2999 5826 3259 5880 arcessiti.
