3794 6572
40 409 138 474 641

39 524 97 576 δὲ
128 522 222 593 τὴν
248 523 420 595 ἀρχὴν
449 524 708 595 Ἄγγελοι
753 526 1224 597 προσεποιήσαντο
1260 527 1471 590 ἑαυτοῖς
1503 527 1598 581 καὶ
1624 528 1673 588 Α

1190 408 1739 472 HISTORIARUM
1779 407 2013 471 LIBER
2051 408 2138 469 Il.

3151 406 3263 472 6&2

1703 540 1860 582 cessu
1912 526 2165 582 Numinis
2220 524 2500 595 Byzantio,
2532 524 2785 581 universa
2829 524 3082 589 Thracia,
3119 525 3267 581 mul-

40 612 187 669 ἄλλοι
218 613 384 675 ἄλλας
439 615 549 668 τῶν
603 614 873 685 ἑσπερίων
925 615 1209 686 ἐπαρχιῶν
1263 609 1340 669 ῶν
1371 617 1594 670 ἔκαστοι

1723 620 1877 688 isque
1948 618 2178 672 urbibus
2238 616 2567 671 Macedoniae
2628 617 2838 687 potitis,
2891 616 3262 672 Romanorum

43 703 229 774 ἔτυχον
286 704 761 773 ἐπιτροπεύοντες,
790 704 877 759 διά
911 706 973 759 τὸ
1002 704 1280 775 βασιλεῦσι
1310 706 1597 774 Ῥωμαίων

1720 709 1919 777 ιιιίἀθηι
1952 707 2243 776 imperiutn
2285 706 2339 759 in
2368 704 2647 759 Orientem
2672 721 2791 760 sese
2821 708 3091 760 contraxit
3119 706 3263 775 (65).

40 795 205 849 δίοδον
235 795 335 850 οὐκ
367 791 508 851 εἶναι
539 798 676 865 πρὸς
705 799 905 863 αὐτοὺς
935 799 1024 851 διὰ
1049 798 1270 870 Θρᾴκης
1300 799 1395 851 καὶ
1412 798 1598 851 Μακε-

42 885 216 948 δονίας
240 885 414 938 οὐσῶν
443 886 549 939 ὐπὸ
595 886 869 949 Λατίνοις.
896 887 1162 956 ’Υστερον
1185 886 1243 939 δὲ
1276 886 1422 939 ἔτεσι
1468 886 1598 939 πολ.

42 975 152 1038 λοῖς
175 974 274 1028 ὐπὸ
302 974 411 1029 τῶν
434 976 813 1044 Παλαιολόγων
850 976 1169 1046 ίθυνομένης
1193 976 1600 1047 τῆςῬωμαίων

43 1065 337 1136 βασιλείας,
372 1069 631 1131 Λατίνους
662 1068 759 1138 μὲν
786 1067 940 1132 αὖθις
967 1067 1063 1121 τοῦ
1113 1066 1247 1121 Θεοῦ
1277 1066 1602 1137 συναιρομέ-

41 1175 155 1224 νου,
188 1160 287 1225 τῆς
327 1161 614 1232 Ῥωμαίων
638 1161 907 1230 ἐξήλασαν
935 1160 1250 1231 ἠγεμονίαςο
1291 1161 1383 1212 καὶ
1418 1159 1602 1212 Ἀσίαν

42 1252 137 1301 καὶ
168 1250 433 1321 Εὐρώπην
466 1253 596 1321 ὅσης
653 1245 824 1321 ἦρχον
857 1251 936 1314 είς
966 1251 1024 1304 ἓν
1067 1250 1312 1320 συνῆψαν
1333 1263 1349 1280 ⁸
1399 1250 1601 1321 Ἀκαρ-

40 1341 231 1393 νανίαν
278 1341 337 1393 δὲ
379 1342 668 1409 Ἀγγέλους
727 1341 1106 1408 ἀπαιτοῦντες,
1184 1341 1285 1395 οὐκ
1344 1341 1604 1411 ἠδύναντο

42 1433 332 1487 ἀπολαϐεῖν
352 1450 375 1467 σ
396 1434 512 1489 ἀλλ’
544 1434 706 1489 ἄδικα
732 1434 828 1487 καὶ
860 1434 1011 1504 βίαια
1041 1430 1343 1498 ποιοῦντες,
1372 1432 1607 1486 ἀπεστέ-

52 1541 181 1594 ρουν
204 1542 218 1557 ·
249 1524 345 1578 καὶ
387 1524 649 1594 στρατιὰν
686 1523 1067 1597 πολλάκιςρή
1096 1524 1339 1588 ἐκείνους
1380 1525 1606 1594 πέμψα-

44 1630 154 1677 σιν,
179 1613 316 1667 ὅπλα
337 1614 654 1685 ἀντῄροντο,
679 1615 923 1679 καὶτοὺς
947 1616 1260 1685 περιοίκους
1285 1617 1605 1686 συμμάχους

42 1705 312 1773 ἐπήγοντο
346 1702 677 1775 βαρϐάρους.
716 1704 826 1760 Τὸν
860 1704 1215 1774 βασιλεύοντα
1244 1705 1303 1758 δὲ
1339 1707 1455 1760 νυνὶ
1487 1708 1607 1760 ἑπι-

44 1790 415 1858 στρατεύοντα
446 1792 598 1861 ὑμῖν,
633 1794 727 1845 καὶ
754 1795 820 1864 τῇ
846 1792 1053 1863 ἀνωθεν
1083 1796 1374 1865 ἐπικουρίᾳ
1405 1794 1606 1848 δουλω-

44 1882 298 1951 σάμενον,
333 1882 433 1935 οὐκ
462 1882 667 1937 ἀδικεῖν
710 1883 775 1938 ἄν
822 1902 906 1947 τις
933 1885 1069 1955 φαίη
1096 1884 1193 1952 τὴν
1223 1885 1427 1956 ἐτέρων
1459 1901 1603 1954 παρ·
1635 1869 1676 1924 Β

41 1974 371 2044 αιρούμενον
432 1975 607 2044 ἀρχήν
633 1974 810 2029 ’ἀλλά
838 1977 1073 2045 μάλιστα
1103 1976 1173 2030 τά
1214 1976 1400 2031 δίκαια
1433 1977 1607 2030 ποιεῐν

40 2060 499 2132 ἀπολαμϐάνοντα
551 2062 650 2135 τὴν
710 2064 995 2137 πατρῴαν.
1058 2067 1120 2119 El
1151 2066 1259 2136 γὰρ
1308 2066 1609 2138 Νικηφόρῳ

40 2151 255 2207 δίκαιον
274 2155 335 2208 τὸ
357 2157 422 2209 ὲκ
450 2158 736 2226 προγόνων
768 2158 829 2212 οὐ
861 2157 1071 2212 πολλῶν
1105 2157 1276 2212 ὄντων
1298 2158 1401 2226 τὴν
1434 2156 1610 2228 ἀρχὴν

43 2242 407 2313 κατάγεσθαι,
456 2248 638 2319 πολλῷ
671 2248 874 2319 μᾶλλον
927 2248 1142 2320 βασιλεῖ
1187 2249 1294 2303 τῶν
1342 2248 1403 2315 ἐξ
1435 2249 1610 2320 ἀρχῆς

43 2334 482 2404 βασιλευσάντων
526 2336 813 2410 Ῥωμαίων
846 2340 961 2394 δντι
1011 2341 1263 2409 ἀπογόνῳ
1321 2341 1465 2395 κατά
1518 2340 1612 2394 τὸν

42 2426 205 2494 λόγον
251 2427 352 2498 τῆς
399 2429 674 2502 διαδοχῆς.
722 2431 785 2485 Εί
836 2430 893 2485 δὲ
926 2431 985 2486 τὸ
1038 2431 1136 2486 τοῦ
1189 2431 1381 2504 χρόνου
1437 2432 1613 2501 μῆκος

42 2514 348 2586 ἀξιόχρεων
377 2518 527 2573 δοκεῖ
561 2521 698 2591 πρὸς
729 2520 1011 2576 δικαίωσιν
1063 2522 1216 2593 ὐμϊν,
1251 2522 1365 2575 ῐστε
1419 2525 1616 2577 τάναν-

44 2601 141 2653 τία
192 2600 537 2675 λογιζόμενοι
587 2608 697 2661 τῶν
719 2608 889 2665 ὄντων
913 2625 930 2641 ·
964 2609 1166 2681 μᾶλλον
1198 2611 1308 2682 γὰρ
1335 2612 1424 2665 διά
1451 2610 1614 2665 τοῦτο

43 2692 206 2763 δίκης
238 2693 398 2761 ἄξιοι,
442 2697 523 2749 δτι
575 2698 832 2754 τοσοῦτον
864 2700 1057 2770 χρόνον
1106 2700 1366 2770 ἠδικεῖτε.
1420 2703 1487 2757 El
1520 2698 1614 2758 οὖν

50 2787 269 2855 μηχανῇ
303 2802 364 2839 τε
386 2787 608 2859 οὐδεμιᾷ
640 2789 703 2843 τὸ
731 2790 936 2845 ἁλῶναι
963 2791 1025 2846 οὐ
1054 2792 1285 2848 δύνασθε
1310 2794 1613 2864 διαφυγεῖν,

48 2875 107 2927 et
125 2892 183 2929 τε
215 2877 313 2930 καὶ
359 2875 594 2948 δύναμις
621 2881 748 2951 ὐμῖν
771 2882 954 2954 παρῆν
991 2883 1348 2959 Ἀκαρνανίας
1389 2886 1615 2956 βασιλέα

50 2964 389 3034 ἐξελαύνειν,
439 2969 500 3022 τὸ
558 2969 765 3025 ἀδικεῖν
796 2973 897 3026 οὐκ
919 2973 987 3027 ἀν
1010 2969 1080 3046 ἦν
1112 2974 1423 3045 διαφυγεῖν,
1450 2978 1504 3032 τί
1537 2980 1618 3034 δεῖ

49 3058 300 3127 ἀνήνυτα
350 3054 647 3126 πονοῦντας
715 3062 816 3135 τὴν
875 3066 1256 3136 κακοπραγίαν
1318 3068 1618 3124 ἐπιτείνειν

1695 798 2055 854 Acarnaniam
2091 806 2272 851 autem
2322 795 2536 865 Angeli,
2586 796 2790 865 aliique
2838 797 2973 851 alias
3004 797 3262 852 occiden-

1700 890 1834 945 tales
1868 889 2202 958 provincias,
2227 901 2461 955 quantm
2492 896 2753 954 praetores
2778 898 2957 951 erant,
3000 888 3102 943 sibi
3137 889 3270 942 sub-

1698 980 1957 1035 diderunt
1986 997 1998 1032 :
2029 988 2318 1049 propterea
2348 978 2493 1046 quod
2531 979 2788 1033 Romanis
2820 980 3265 1048 imperatoribus,

1700 1072 1989 1127 Thraciam
2021 1080 2074 1126 ct
2101 1072 2473 1126 Macedoniam
2537 1070 2747 1125 Latinis
2778 1073 3093 1126 tenentibus
3132 1072 3263 1141 (66),

1701 1164 1766 1219 ad
1798 1165 1918 1220 illas
1952 1164 2215 1219 transitus
2246 1179 2355 1218 non
2385 1165 2627 1231 patebat.
2662 1163 2907 1217 Tandem
2948 1174 3070 1233 post
3094 1180 3268 1218 annos

1702 1254 1988 1323 plurimos,
2038 1269 2162 1308 cum
2213 1254 2505 1322 imperium
2559 1253 2932 1307 Romanorum
2990 1256 3281 1310 a‘PaIacoo.

1701 1345 1841 1415 logis
1875 1357 2175 1415 regeretur,
2208 1345 2434 1399 Latinos
2465 1346 2573 1399 Deo
2614 1346 2920 1414 opitulante
2952 1346 3265 1416 principatu

1702 1436 2033 1507 depulerunt
2108 1444 2164 1492 et
2213 1436 2395 1491 Asiam
2436 1446 2601 1505 atque
2660 1436 2933 1505 Europam
2983 1453 3268 1507 quousque

1704 1528 2067 1597 imperabant,
2116 1512 2313 1583 iterum
2369 1529 2779 1597 conjunxeruut
2842 1545 2856 1580 :
2905 1529 3267 1583 Acarnaniam

1704 1616 1774 1671 ab
1804 1616 2025 1687 Angelis
2069 1616 2272 1671 frustra
2323 1618 2718 1687 repetiverunt,
2769 1617 2863 1686 qui
2915 1633 3010 1685 per
3045 1619 3151 1671 vim
3213 1628 3270 1672 et

1702 1709 1884 1764 scelus
1943 1723 2066 1763 eam
2121 1710 2442 1772 retinentes,
2496 1709 2697 1777 saepius
2750 1719 2942 1763 contra
2986 1724 3043 1762 se
3090 1708 3273 1764 missis

1705 1801 2060 1864 exercitibus,
2086 1817 2211 1855 cum
2243 1800 2438 1855 vicinis
2474 1800 2734 1855 barbaris
2775 1800 2839 1854 ad
2892 1800 3150 1854 auxilium
3184 1801 3273 1855 in-

1707 1892 1914 1947 vocatis
1961 1892 2307 1947 restiterunt.
2351 1890 2746 1959 Imperatorem
2780 1905 2947 1960 porro
2978 1890 3145 1954 hunc,
3178 1890 3273 1960 qui

1707 1997 1856 2037 nunc
1884 1997 1983 2037 vos
2008 1982 2215 2037 cmlesti
2266 1981 2434 2036 lultus
2480 1993 2584 2048 cpe
2631 1981 2798 2035 armis
2838 1981 3073 2051 subegit,
3113 1996 3276 2037 nemo

1709 2072 1969 2144 injustum
2007 2087 2129 2128 esse
2181 2072 2406 2149 dixerit,
2454 2071 2584 2125 dum
2643 2072 2784 2126 alios
2832 2072 3103 2142 imperare
3162 2088 3273 2126 non

1706 2167 1944 2234 patitur,
2014 2165 2112 2220 sed
2137 2148 2529 2236 justissimum,
2553 2162 2648 2231 qui
2677 2170 2959 2232 paternam
2988 2162 3279 2218 haeredita-

1709 2263 1821 2312 tem
1848 2263 2116 2326 reposcat.
2159 2256 2217 2311 Si
2258 2256 2407 2311 enim
2446 2270 2666 2327 aequum
2692 2262 2798 2317 est,
2836 2253 3204 2324 Nicephorum
3242 2266 3275 2308 a

1709 2342 2014 2414 majoribus
2060 2340 2206 2398 haud
2256 2342 2333 2397 ita
2365 2342 2559 2397 multis
2580 2340 2943 2412 principatum
2980 2338 3276 2404 deducere,

1710 2444 1921 2504 quanto
1966 2433 2177 2503 aequius
2207 2433 2622 2504 imperatorem,
2652 2431 3043 2501 imperatorum
3076 2428 3169 2498 qui
3206 2426 3280 2482 ab

1712 2524 1871 2580 initio
1901 2524 2257 2580 Acarnaniam
2292 2531 2590 2579 tenuerunt
2648 2529 2906 2591 nepotem
2938 2558 2943 2561 ‹
2985 2532 3282 2574 successo-

1712 2630 1940 2686 remque
1968 2614 2320 2686 legitimum?
2351 2613 2505 2681 Quod
2551 2612 2601 2668 si
2643 2609 3102 2682 longinquitatem
3142 2616 3283 2662 tem-

1712 2708 1865 2778 poris
1919 2722 2100 2764 causae
2164 2715 2361 2763 vestra;
2422 2704 2557 2760 satis
2621 2701 2952 2773 patrocinari
3015 2697 3279 2763 censetis,

1712 2893 1798 2964 gis
1831 2890 2103 2962 supplicio
2151 2889 2301 2961 digni
2345 2890 2504 2954 estis,
2552 2887 2646 2957 qui
2699 2884 2888 2942 tandiu
2944 2884 2999 2938 in
3036 2881 3285 2938 iacienda

1717 2983 1923 3055 injuria
1954 2980 2468 3054 perseveraveritis.
2500 2977 2644 3049 Ergo
2671 2976 2719 3032 si
2748 2975 2899 3031 nulla
2928 2972 3125 3028 fraude
3157 2986 3288 3025 eva-

1718 3076 1850 3133 dere
1874 3076 2128 3147 potestis,
2160 3075 2293 3144 quin
2326 3069 2760 3132 convincamini,
2804 3066 2965 3137 317
2995 3075 3051 3118 et
3079 3064 3124 3118 si
3154 3063 3290 3117 viri-

51 3148 295 3253 ἑαυτοῖς,
326 3149 419 3203 καὶ
450 3151 525 3222 μὴ
560 3151 918 3223 πειθομένους
972 3157 1097 3226 ἐμοὶ
1150 3157 1220 3211 τὰ
1251 3158 1445 3228 βελτίω
1473 3178 1616 3231 συμ-

1720 3168 1825 3223 bus
1850 3166 1919 3222 ad
1949 3166 2333 3236 imperatorem
2360 3160 2669 3218 Acarnania
2709 3158 3039 3229 ejiciendum
3078 3156 3291 3210 valere-

51 3238 387 3307 ϐουλεύοντι,
419 3243 571 3312 σφίσι
591 3242 689 3314 μὲν
718 3246 900 3310 αὐτοῖς
929 3248 1138 3312 αἰτίους
1166 3251 1422 3317 γενέσθαι
1446 3253 1619 3322 μεγά-

48 3331 164 3385 λων
204 3332 445 3402 ἀγαθῶν,
483 3336 631 3407 ήμᾶς
673 3337 731 3391 δὲ
778 3338 960 3407 ὀλίγου
991 3340 1157 3394 πόνου
1211 3342 1517 3408 ἀπαλλάξαι
1561 3344 1622 3399 δν

52 3424 446 3497 ὑπομενοῦμεν
470 3426 613 3497 ὑμᾶς
644 3432 1148 3503 καταστρεφόμενοι
1178 3450 1195 3499 ;
1220 3434 1341 3487 Ὀτι
1363 3434 1420 3488 δὲ
1450 3435 1484 3506 ἡ
1512 3436 1622 3508 ἐμὴ

50 3517 389 3585 παραίνεσις
444 3520 803 3591 συμφέρουσα
872 3524 1023 3593 ὑμῖν,
1084 3523 1261 3591 ἔξεστι
1313 3527 1625 3598 χρήσασθαι

52 3607 394 3679 συμϐούλοις
422 3612 535 3675 τοῖς
570 3613 858 3681 συγγενέσι
887 3614 981 3668 καὶ
1018 3614 1257 3686 ἑταίροις
1286 3616 1441 3685 ὑμῶν
1485 3615 1625 3671 Ῥω-

50 3703 225 3770 γίοις,
285 3701 338 3757 οἳ
373 3703 497 3774 ἐμοὶ
527 3703 707 3760 πάντα
758 3705 1085 3778 ἀναθέμενοι
1115 3708 1185 3761 τὰ
1219 3708 1343 3762 κατ’
1397 3709 1623 3777 αὐτοὺς,

49 3794 194 3860 ὅστις
231 3794 557 3866 ἀπήλαυσαν
606 3797 817 3863 εὐνοίας
872 3801 968 3854 καὶ
1020 3801 1280 3871 προνοίας
1336 3800 1439 3872 τῆς
1489 3801 1629 3872 πρὸς

56 3884 355 3954 βασιλέως,
392 3889 834 3958 μαρτυρήσουσιν
868 3890 1050 3947 αὐτοί.
1112 3891 1178 3944 El
1201 3887 1296 3945 οὖν
1326 3893 1423 3946 καὶ
1471 3892 1630 3963 ὑμεῖς

55 3978 130 4029 τά
165 3974 411 4049 ὑμέτερα
447 3978 718 4049 ἀνάθησθε
747 3980 890 4051 ἐμοὶ,
923 3981 1137 4036 ιτσεσθε
1170 3981 1352 4046 καλῶς
1396 3983 1472 4045 ὡς
1493 3983 1630 4053 ἀλη-

63 4064 154 4118 θεῖ
176 4066 273 4119 καὶ
302 4065 495 4138 δικαίῳ
531 4069 625 4122 καὶ
652 4067 934 4141 δυναμένῳ
962 4070 1024 4125 εὖ
1052 4073 1227 4127 ποιεῖν
1272 4070 1632 4128 ἐπιστεύσατε

56 4158 244 4231 ἀνδρί.
317 4159 639 4229 Ἀπολογίαν
703 4161 806 4233 μὲν
864 4157 961 4217 οὖν
1010 4164 1105 4218 ἐπὶ
1158 4165 1273 4227 τοῖς
1323 4164 1633 4236 είρημένοις

53 4252 321 4306 ἀπαιτεῖν
349 4252 410 4306 οὐ
440 4252 651 4308 δίκαιον
676 4254 816 4321 νυνὶ,
842 4255 954 4310 τῶν
982 4255 1242 4310 πλειόνων
1270 4273 1331 4310 τε
1361 4256 1631 4324 ἀπόντων,

1722 3259 1812 3323 tis,
1830 3273 1941 3314 non
1966 3257 2202 3328 possetis
2230 3266 2411 3310 tamen
2440 3253 2655 3324 injuria:
2678 3249 2992 3322 opinionem
3024 3249 3287 3316 eﬂ'ugo're,‘

1719 3349 1876 3420 quid,
1923 3364 2131 3419 quaeso,
2166 3345 2407 3402 inaniter
2454 3344 2789 3405 laborantes,
2825 3340 3102 3395 miseriam
3128 3337 3291 3391 vobis

1720 3441 2066 3515 producitis?
2114 3439 2258 3506 Quin
2318 3437 2451 3492 mihi
2506 3434 2769 3491 salutaria
2824 3430 3069 3486 monenti
3128 3426 3293 3482 obse—

1723 3542 1979 3604 quentes,
1995 3530 2225 3601 etvobis
2251 3528 2592 3584 uberrimum
2618 3524 2854 3579 fructum
2882 3517 3285 3588 adipiscitnini;

1724 3629 1783 3675 et
1804 3632 1908 3673 nos
1955 3632 1985 3671 a
2038 3618 2258 3673 tantillo
2292 3615 2504 3681 labore,
2537 3626 2701 3684 quem
2757 3608 2915 3669 vobis
2966 3604 3293 3662 edomandis

1726 3707 2143 3774 sustinebimus,
2166 3706 2374 3763 liberos
2401 3719 2526 3761 esse
2548 3700 2767 3760 sinitis?
2796 3697 3068 3758 (laterum
3094 3695 3292 3754 cohor-

1727 3802 1992 3857 tationcm
2041 3813 2220 3854 meam
2276 3805 2336 3851 ut
2393 3811 2503 3851 non
2558 3794 2809 3851 inutilem
2867 3792 3034 3847 rebus
3072 3791 3290 3851 vestris.

1729 3891 1928 3962 Rhogii
1970 3890 2189 3963 cognati
2247 3904 2313 3944 ac
2347 3888 2482 3945 socii
2521 3887 2690 3943 vestri
2722 3884 3091 3947 testabantur,
3123 3883 3166 3936 si
3196 3896 3294 3936 eos

1728 3983 1996 4040 adhibere
2046 3980 2396 4038 consiliarios
2444 3978 2738 4035 volueritis
2770 3992 2783 4028 :
2814 3975 2909 4046 qui
2955 3989 3080 4029 cum
3112 3972 3167 4027 in
3206 3986 3297 4026 ar-

1730 4073 1900 4131 bitrio
1938 4088 2064 4129 meo
2102 4086 2203 4129 sua
2248 4070 2582 4142 posuisse-nt,
2622 4077 2830 4139 quanta
2877 4080 3009 4122 cura
3060 4063 3297 4117 benevo—

1729 4164 2012 4237 lentiaque
2056 4164 2125 4220 ab
2155 4163 2488 4233 imperatore
2518 4158 2724 4230 dignati
2759 4158 2892 4221 sint,
2923 4155 3027 4226 ipsi
3066 4156 3297 4223 loquen-

1732 4266 1846 4315 tur.
1876 4257 1933 4314 Si
1982 4258 2113 4313 item
2136 4270 2241 4312 vos
2266 4264 2450 4311 vestra
2481 4252 2616 4308 mihi
2645 4249 3031 4323 permiseritis.
3064 4246 3297 4302 cilicium

54 4342 162 4396 καὶ
193 4342 348 4413 ὐμῶν
376 4343 726 4416 ἀμελετήτων
782 4346 920 4417 πρὸς
945 4348 1072 4411 τούς
1100 4348 1292 4418 λόγους
1312 4348 1513 4404 όντων⁸
1544 4350 1616 4403 ικ-

1733 4350 1813 4405 ιιι
1844 4363 1910 4405 ea
1956 4346 2169 4403 homini
2219 4344 2404 4402 veraci
2441 4352 2498 4399 et
2538 4344 2709 4415 justo,
2760 4350 2817 4396 et
2849 4339 2945 4411 qui
2975 4336 3298 4394 benefacere

56 4435 301 4504 κλησίαν
331 4435 390 4489 δὲ
415 4437 770 4509 ἀθροίσαντες
801 4438 896 4493 καὶ
920 4438 1350 4512 βουλευσάμενοι
1379 4442 1507 4512 περὶ
1526 4440 1616 4496 τῶι

1734 4440 1931 4513 possit,
1986 4436 2309 4510 permisisse
2360 4436 2620 4507 prae-lare
2667 4431 3005 4503 intelligetis.
3047 4430 3299 4497 Respon-

54 4527 318 4589 δεόντων,
353 4529 412 4591 ἐς
460 4530 561 4600 τὴν
611 4529 932 4600 ὑστεραίαν,
986 4532 1036 4585 εί
1064 4533 1229 4595 δοκεῖ.
1288 4532 1515 4587 ἀπόδοτε
1543 4534 1616 4588 τδι

1737 4534 1947 4590 sionem
1976 4530 2032 4587 in
2060 4545 2301 4601 pmsens
2328 4542 2438 4583 non
2465 4526 2706 4597 postulo,
2731 4522 2949 4595 quando
2974 4521 3146 4591 major
3174 4531 3300 4589 pars

53 4617 252 4685 λόγον.
276 4617 354 4671 οὍ
388 4619 486 4688 μὲν
512 4616 606 4695 οὐν
652 4621 825 4674 είπὼν
853 4621 1079 4675 τοιαῦτα
1134 4623 1271 4694 πρὸς
1329 4622 1616 4695 Ἀρταίους.

1737 4624 1930 4688 abest;
1958 4631 2015 4678 et
2045 4635 2144 4678 vos
2188 4620 2257 4675 ad
2306 4616 2747 4688 respondendum
2800 4628 2914 4669 non
2950 4613 3087 4668 estis
3130 4609 3304 4663 medi-

57 4709 437 4781 ἀνεχώρησεν¹
466 4712 548 4777 είς
590 4713 651 4766 τὸ
713 4714 1097 4784 στρατόπεδον,
1165 4715 1484 4770 Καϐασίλαν
1537 4717 1616 4769 κα¹

1741 4716 1860 4771 tati.
1896 4713 2001 4770 Ubi
2032 4716 2159 4769 acto
2195 4719 2470 4767 conventu
2514 4708 2584 4764 de
2630 4722 2842 4763 summa
2875 4720 3057 4760 rerum
3091 4701 3303 4757 delibe-

54 4801 194 4863 τούς
211 4799 403 4867 ἀλλους
420 4801 681 4872 Ῥωγίους
709 4804 1051 4875 διαλέγεσθαι
1084 4806 1270 4870 αὐτοῖς
1292 4804 1616 4861 καταλιπὼν

1741 4805 2020 4872 raveritis,
2063 4802 2306 4860 crastino
2333 4801 2450 4867 die,
2490 4801 2538 4857 si
2569 4800 2783 4866 libebit,
2810 4796 3154 4867 respondete.
3204 4792 3302 4847 llis

1334 4919 1551 4982 Jacobi
1585 4919 1850 4982 Pontani
1882 4926 2077 4983 notua.

1742 5044 1929 5101 Donec
1958 5042 2190 5100 Michael
2227 5042 2564 5112 Palmologus
2620 5037 2914 5112 imperium
2946 5030 3309 5112 batjnisnere-

1742 5099 1922 5184 ptumi
1952 5099 2155 5169 Graecis
2206 5099 2493 5184 restituit:
2517 5124 2662 5184 anno
2701 5099 2917 5184 b_om_in_i
2960 5103 3115 5156 1258.
3158 5099 3309 5184 Quo-

1746 5174 1910 5239 inodo
1958 5184 2281 5255 praeclaram
2328 5182 2474 5255 illam
2512 5180 2710 5255 urb_em_
2736 5174 2931 5255 Latini
2963 5174 3305 5255 occupa-rint,

1742 5261 1797 5323 et
1832 5242 1995 5323 quam
2038 5252 2321 5309 horribilia
2352 5252 2560 5323 scelera
2599 5246 2960 5323 designarint,
2991 5243 3119 5323 fuse
3143 5242 3307 5317 docet

1740 5317 1959 5393 Hicetas
2017 5325 2071 5378 in
2121 5323 2311 5377 Alexio
2349 5321 2653 5393 Comnenp,
2704 5317 2935 5393 libarit,
2991 5317 3309 5389 inimpcrto

1740 5391 1915 5467 Διεξίί
1957 5394 2137 5467 l_)_uca2,
2172 5398 2538 5467 cognomento
2563 5384 2915 5467 Murlauphli.
2947 5452 2961 5467 ο
3176 5453 3188 5466 ε

1814 5463 1927 5531 (67)
1969 5462 2088 5517 Non
2124 5452 2401 5516 'vult'dari
2437 5452 2908 5531 praescriptionem
2947 5452 3001 5509 in
3038 5453 3221 5531 regnis
3254 5456 3310 5531 et

1742 5524 2043 5601 provinciis
2086 5550 2101 5586 :
2150 5540 2207 5585 ct
2245 5530 2340 5599 qui
2395 5524 2483 5584 vel
2509 5524 2732 5601 centum
2781 5525 2943 5580 annis
2999 5524 3308 5601 possederit

1746 5590 2135 5682 regnummon
2163 5590 2348 5682 sun-tn,
2394 5596 2539 5682 quod
2579 5596 2767 5682 inique
2815 5590 3119 5678 occuparit,
3144 5609 3211 5667 ορ

1746 5616 1974 5670 regnum
2019 5616 2127 5655 non
2163 5615 2348 5663 suum,
2394 5615 2539 5723 (ιιο00
2579 5615 2767 5665 inique
2815 5615 3119 5678 occupant,
3144 5615 3211 5667 82
3241 5615 3312 5673 εις

1744 5669 2233 5794 cmerdﬁtlegitimo
2256 5669 2457 5739 dcpcli
2488 5681 2683 5741 posse;
2717 5667 2785 5722 de
2816 5680 2925 5737 quo
2950 5663 3312 5738 jureconsultt

1743 5754 2015 5796 γιαοῐιιιι.

141 5043 617 5117 (ϐὅλἸΙιεοάριυο
678 5043 898 5100 Lascari
963 5043 1296 5115 imperatore
1355 5042 1639 5114 designato

61 5114 221 5173 circa
251 5115 485 5170 Nicaeam
518 5114 804 5185 Bithyniae.

144 5186 259 5253 (66)
305 5185 406 5239 Per
451 5199 626 5237 annos
648 5180 785 5238 'fere
817 5184 907 5239 65.
944 5182 1167 5253 interea
1207 5181 1549 5253 Nicomedia:
1582 5180 1638 5237 in

66 5251 333 5324 Bithynia
366 5255 551 5324 sedem
585 5253 894 5307 habuerunt
922 5251 1510 5324 Constantinopolitanl
1542 5252 1644 5306 im-

110 5320 389 5379 era—tores.
437 5322 657 5376 Primus
716 5332 896 5377 autem
947 5338 1015 5377 ex
1092 5320 1301 5377 Latinis
1350 5323 1640 5391 imperavit

110 5341 389 5379 eratores.
437 5341 657 5376 rrimus
716 5341 896 5377 autem
947 5341 1015 5377 ex
1092 5341 1301 5377 Lallnls
1350 5341 1640 5391 nnperavu

67 5341 591 5461 Eonstantinopoli,
642 5406 787 5446 anno
844 5391 1065 5461 Domini
1130 5394 1289 5454 1200,
1339 5391 1640 5461 Barlduinus

68 5462 318 5518 Flander
382 5460 663 5516 mensibus
717 5477 772 5515 ιι.
827 5460 947 5527 Quo
998 5478 1028 5515 a
1067 5463 1251 5518 Mmsis
1300 5471 1355 5517 et
1394 5460 1643 5529 Bulgaris

70 5540 247 5601 capto
266 5542 432 5594 atque
461 5529 772 5596 interfecto,
808 5531 1183 5601 interregnum
1215 5532 1641 5601 {uitannouno

64 5598 463 5657 et‘mcnsibus
512 5610 766 5669 quatuor.
821 5598 1129 5664 Secundus,
1183 5600 1474 5663 Henricus,
1514 5598 1642 5652 Bal-

71 5671 241 5725 duini
272 5671 439 5747 illius,
458 5671 566 5747 qui
602 5670 730 5747 sine
757 5669 945 5747 liberis
966 5672 1121 5725 obiit.
1147 5671 1392 5747 Tertius,
1424 5669 1639 5747 Petrus,

73 5755 268 5796 eomes
316 5738 783 5796 Altisiddorensis.
833 5738 1091 5805 Quartus,
1156 5741 1451 5797 Robertus.
1494 5738 1637 5793 Petri

76 5810 249 5868 Illius.
279 5811 538 5879 Quintus.
563 5808 858 5865 Balduinus
899 5813 1190 5879 secundus,
1224 5809 1445 5865 Roberti
1474 5806 1637 5862 illius.
