3794 6572
367 508 478 573 65‘)

1559 516 1881 578 JOANNIS
1920 519 2447 581 (IANTACUZENI

3543 506 3643 567 διο

372 621 440 675 lis
501 621 777 676 exercitus
839 622 1140 692 imperator
1202 625 1316 686 fiat.
1395 636 1642 697 rogatum
1709 633 1933 685 venisse.

2064 631 2224 698 Βειξίν
2269 649 2394 685 τινα
2436 632 2748 701 παρέσχετο
2775 627 3059 698 οὐδεμίαν,
3085 625 3212 679 οὔτε
3251 624 3498 693 τόλμης,
3525 619 3647 673 οὗτε

371 715 617 771 Forsitan
649 715 797 772 enim
823 717 1076 774 ardorem
1130 717 1250 786 ejus
1279 718 1628 775 timiditatem
1655 723 1941 791 pristinam

367 818 422 861 et
456 804 726 864 inscitiam
760 820 1278 879 compensaturum,
1315 822 1366 866 el
1404 812 1566 868 alicui
1603 814 1679 867 rei
1723 813 1947 885 agenda:
2003 800 2018 815 ⁸

366 909 554 970 aptum
596 910 760 971 atque
807 903 996 956 utilem
1042 903 1406 960 redditurum.
1458 903 1692 960 Rursum
1774 905 1948 974 impe-

366 1003 538 1058 rator,
558 994 695 1060 Quia
716 1004 768 1053 te
793 996 860 1058 ad
885 996 1188 1050 triremium
1217 997 1596 1067 praefecturam
1621 999 1949 1067 Apocaucho

366 1085 731 1140 mandandam
781 1087 920 1142 mire
979 1103 1312 1158 propensum
1384 1103 1574 1153 cerno,
1630 1090 1785 1157 plura
1839 1107 1948 1144 non

366 1176 590 1257 dipam;
627 1193 684 1233 tu
738 1179 883 1249 quod
928 1181 1292 1238 deliberatum
1344 1181 1533 1244 babes,
1579 1181 1749 1236 facias
1796 1182 1948 1237 licet.

364 1268 590 1325 Utinam
647 1271 818 1330 falsus
862 1281 1017 1328 vates
1083 1275 1350 1344 reperiar.
1419 1275 1547 1330 Post
1609 1275 1946 1344 colloquium

367 1361 542 1427 istuc,
577 1363 673 1420 ubi
716 1375 927 1420 certum
982 1365 1104 1429 fuit,
1134 1367 1468 1430 Apocaucbo
1523 1367 1766 1435 Byzantii
1804 1368 1926 1420 insu

365 1455 1090 1526 larumqueprtefecturam
1159 1473 1284 1512 cum
1352 1473 1539 1512 earum
1596 1458 1956 1529 vectigalibus

366 1550 753 1616 committere,
812 1551 1243 1604 instrumentum
1315 1550 1668 1620 imperatoris
1734 1551 1955 1604 nomine

366 1639 679 1695 confectum
724 1633 830 1704 est,
867 1658 978 1711 quo
1007 1642 1099 1697 ille
1137 1643 1332 1698 classis
1362 1652 1552 1697 contra
1622 1643 1813 1697 Persas
1852 1643 1953 1696 dn-

372 1727 495 1786 ctot‘
527 1731 938 1802 designabatur,
991 1745 1044 1790 et
1079 1735 1144 1789 de
1180 1735 1375 1790 mrario
1407 1745 1625 1790 centum
1662 1751 1956 1790 aureorum

368 1823 538 1878 millia
565 1840 782 1880 sumere
817 1826 1138 1905 jubebatur,
1191 1836 1251 1881 ut
1290 1827 1421 1884 hinc
1481 1837 1539 1883 et
1587 1845 1654 1885 ex
1694 1824 1955 1899 propriis,

370 1916 516 1986 quod
554 1918 942 1986 pollicebatur,
966 1919 1221 1973 triremes
1246 1930 1620 1988 compararet,
1651 1936 1714 1976 ac
1753 1936 1961 1975 merce-

373 2009 546 2063 nariis
588 2009 859 2063 militibus
909 2010 980 2065 de
1037 2011 1189 2064 victu
1231 2011 1570 2080 provideret.
1612 2013 1709 2069 His
1752 2014 1958 2069 litteris

368 2101 631 2170 acet-ptis,
666 2110 723 2155 et
773 2101 1157 2171 prtefecturam
1207 2112 1564 2170 consecutus,
1630 2102 1956 2175 Byzantium

371 2192 563 2256 venit,
598 2206 706 2248 nec
741 2207 836 2247 eas
885 2192 940 2246 in
997 2201 1274 2248 conventu
1311 2193 1571 2264 legendas
1597 2195 1869 2258 exhibuit,
1898 2205 1958 2249 ut

367 2297 561 2336 omnes
609 2289 861 2344 nossent,
920 2282 1164 2338 classem
1215 2283 1589 2353 imperatoriae
1637 2299 1766 2353 erga
1833 2284 1958 2339 illos

368 2371 763 2429 benevolentiae
785 2387 850 2427 ac
881 2373 1268 2429 sollicitudinis
1303 2389 1442 2444 opus
1463 2389 1584 2430 esse
1606 2414 1622 2439 ,
1645 2383 1958 2446 sumptum-

368 2479 478 2531 que
561 2464 632 2518 de
698 2464 1057 2534 imperatoris
1109 2451 1343 2535 pecunia
1409 2465 1799 2536 suppeditari,
1849 2483 1959 2536 quo

366 2555 600 2625 proinde
639 2555 796 2610 illum
849 2555 1044 2626 vulgus
1084 2556 1693 2612 admurmurationibus
1749 2566 1805 2612 et
1834 2558 1960 2612 lau-

367 2649 530 2703 dibus
567 2657 1022 2719 prosequentur.
1073 2648 1170 2703 sed
1235 2664 1332 2704 eas
1369 2649 1591 2719 quidem
1641 2650 1960 2708 occultavit.

367 2741 490 2810 Ipse
515 2757 642 2796 cum
677 2755 707 2795 a
736 2741 1102 2810 quaestoribus
1147 2741 1288 2797 clam
1332 2741 1623 2813 pecuniam
1657 2742 1954 2812 acciperet,

371 2833 544 2887 domo
605 2847 703 2886 sua
760 2831 1052 2886 manifeste
1118 2832 1277 2886 aliam
1324 2833 1566 2902 petebat,
1602 2841 1660 2887 et
1705 2832 1962 2888 triremes

371 2924 710 2990 instruebat,
751 2940 817 2980 ac
855 2925 1176 2996 popularem
1213 2940 1403 2980 auram
1435 2924 1710 2995 captabat,
1736 2939 1963 2995 magno-

372 3029 616 3086 pereque
639 3015 1027 3070 celebrabatur
1055 3015 1124 3070 ab
1171 3015 1452 3075 omnibus.
1486 3020 1632 3084 quod
1668 3031 1771 3072 nec
1794 3031 1964 3086 pecu-

369 3102 482 3157 niis
546 3103 685 3168 suis,
747 3117 850 3158 nec
916 3103 1204 3180 laboribus
1263 3104 1589 3176 adiuvanda:
1645 3105 1964 3176 reipublicae

369 3203 536 3243 causa
575 3199 847 3259 parceret.
876 3189 1079 3246 Contra
1103 3192 1492 3261 imperatorem
1525 3205 1730 3261 autem,
1762 3204 1824 3250 ut
1845 3205 1964 3250 erat

369 3287 832 3339 consentaneum.
857 3281 1000 3351 apud
1033 3281 1246 3351 plebem
1293 3284 1534 3353 querela:
1569 3301 1963 3355 murmuraque

366 3369 775 3443 excitabantur,
809 3379 870 3424 ut
907 3375 1002 3441 qui
1045 3357 1418 3443 subiectorum
1475 3378 1760 3430 commoda
1807 3378 1960 3433 nullo

370 3441 494 3514 3nco
513 3461 755 3520 haberet.
782 3441 1447 3532 Apocaucbusinstructis
1470 3466 1963 3541 triremibusinsu-

370 3556 452 3612 las
466 3571 643 3626 usque
664 3557 861 3614 Chium
883 3557 1516 3632 circumnavigans,cum
1541 3562 1596 3617 in
1616 3578 1809 3618 novem
1832 3563 1962 3619 Pcr-

369 3650 512 3704 sicas
541 3665 711 3705 naves
737 3650 1040 3719 incidisset,
1070 3653 1135 3708 iis
1165 3669 1290 3708 cum
1316 3655 1450 3725 ipsis
1479 3655 1792 3712 vectoribus
1819 3658 1962 3727 poti-

372 3752 485 3807 Ins,
505 3741 828 3813 Byzantium
859 3745 1072 3816 relegit.
1093 3746 1415 3817 Imperator.
1439 3757 1498 3802 ut.
1532 3750 1654 3820 ejus
1686 3749 1740 3803 iu
1762 3749 1962 3804 litteris

371 3834 777 3904 supprimendis
833 3836 1160 3905 nequitiam.
1205 3847 1261 3893 et
1301 3838 1582 3908 quomodo
1633 3839 1688 3892 in
1721 3839 1946 3909 vulgum

373 3940 536 3982 voces
567 3927 883 3997 sparsisset,
918 3944 1030 3983 non
1067 3930 1440 4000 imperatoris,
1467 3930 1636 4002 328
1661 3931 1758 3986 sed
1803 3946 1958 3986 suam

372 4033 493 4073 esse
545 4019 862 4088 pecuniam,
915 4035 1039 4089 quas
1091 4019 1146 4074 in
1199 4020 1454 4076 triremes
1518 4021 1957 4091 impenderetur,

374 4106 621 4173 rescivit,
649 4108 705 4164 in
731 4111 1007 4166 hominem
1033 4113 1464 4176 excandescens,
1487 4129 1740 4184 magnum
1770 4113 1962 4168 dome-

372 4201 595 4264 sticum,
657 4208 720 4255 ut
770 4203 890 4271 eius
936 4212 1264 4272 perpetuum
1317 4203 1590 4258 fautorem
1640 4205 1726 4258 bis
1777 4205 1960 4267 verbis

369 4291 663 4361 compellat
701 4291 950 4346 :Sentin'
991 4293 1123 4360 quid
1183 4294 1547 4362 Apocauchus
1578 4297 1790 4349 struat?
1845 4297 1960 4366 Ego

382 4396 539 4446 vero,
579 4382 797 4439 tametsi
832 4381 1095 4451 frequens
1128 4382 1276 4453 quod
1309 4391 1426 4439 erat
1457 4398 1700 4438 mearum
1719 4387 1956 4455 partium

371 4473 541 4548 volui,
595 4472 695 4526 abs
752 4482 805 4526 te
855 4472 1155 4542 impeditus
1204 4474 1389 4530 omisi.
1424 4474 1584 4529 Nunc
1616 4476 1748 4531 mihi
1784 4479 1850 4532 ad
1894 4494 1957 4534 ea

371 4582 493 4635 qua:
521 4581 552 4620 e
582 4565 863 4634 republica
892 4559 1012 4620 fore
1034 4566 1222 4636 judico
1252 4565 1520 4635 facienda,
1551 4571 1687 4626 nihil
1720 4573 1826 4626 erit
1849 4573 1959 4626 im-

373 4658 710 4728 pedimento.
764 4657 890 4714 Hrcc
948 4659 1040 4712 ille
1105 4657 1309 4714 irarum
1359 4662 1572 4731 plenus.
1618 4665 1960 4721 Domesticus
1986 4694 2040 4752 Β

371 4751 476 4805 sibi
511 4749 768 4805 conscius
801 4757 860 4803 ut
900 4751 1111 4805 auctori
1159 4751 1324 4821 hujus
1350 4755 1630 4824 tragmdia:
1654 4757 1792 4827 (ipse
1815 4774 1969 4812 natn-

370 4857 479 4912 que
514 4842 844 4912 imperatore
883 4841 1103 4897 nolente
1151 4843 1473 4912 prazfectura
1511 4846 1662 4902 illum
1693 4850 1964 4918 auxerat),

371 4950 504 4990 cum
535 4935 756 4990 silentio
787 4934 1067 4990 discessit.
1097 4935 1398 5007 Imperator
1431 4955 1605 5009 usque
1638 4941 1706 4995 ad
1739 4958 1960 4997 vernam

374 5035 754 5098 tempestatem
806 5027 1211 5084 Thessalonica:
1253 5042 1516 5094 moratus,
1552 5033 1678 5102 inde
1708 5033 1962 5104 Didymo-

376 5120 582 5175 ticbum
625 5128 682 5174 et
733 5121 898 5190 paulo
945 5131 1069 5190 post
1115 5121 1429 5193 Byzantium
1486 5142 1545 5181 sc
1584 5126 1837 5194 contulit,
1869 5127 1959 5181 ubi

373 5229 497 5268 cum
534 5213 678 5266 haud
714 5212 807 5266 diu
843 5213 1155 5277 mansisset,
1183 5232 1407 5270 rursum
1438 5219 1492 5272 in
1523 5217 1813 5273 Thraciam
1843 5229 1962 5274 erat

376 5320 724 5374 egressurus,
751 5315 810 5360 ut
835 5306 1116 5374 antiquam
1143 5311 1334 5363 urbem
1357 5311 1465 5377 jam
1491 5326 1761 5376 eversam,
1783 5313 1959 5366 alicu-

379 5396 431 5450 bi
468 5398 640 5451 muris
665 5414 838 5465 usque
894 5399 1055 5454 hodie
1105 5401 1287 5456 adhuc
1321 5402 1547 5472 integris
1577 5405 1757 5471 (cuius
1789 5405 1958 5460 Arca-

376 5489 526 5542 tlinm
563 5489 859 5546 Theodosii
901 5493 1082 5563 magni
1124 5493 1290 5548 lilium
1322 5494 1661 5550 conditorem
1690 5496 1896 5559 ferunt,
1925 5512 1958 5560 a

373 5597 484 5650 quo
517 5591 572 5635 et
607 5599 805 5654 npmen
859 5583 1090 5649 invenit,
1115 5583 1492 5654 Arcadiapolis
1526 5586 1694 5654 dicta)
1722 5588 1952 5644 reacdifio

372 5683 542 5736 caret,
571 5643 681 5730 1οᾶ
726 5690 920 5732 natura
968 5678 1271 5738 delectatus
1318 5677 1597 5753 videlicet.
1622 5678 1754 5733 Erat
1784 5680 1960 5748 siqui:

372 5763 496 5818 dem
559 5765 859 5836 imperator
890 5769 1056 5824 etiam
1107 5769 1532 5824 aedificationum
1583 5770 1951 5840 percupidus},

369 5863 700 5934 paratusque
730 5876 838 5915 non
869 5860 1214 5916 necessitatis
1246 5860 1430 5926 modo,
1455 5861 1549 5915 sed
1574 5871 1629 5916 et
1658 5847 1955 5931 voluptatis

369 5961 532 6017 causa
571 5947 627 6006 in
658 5950 888 6012 aedificia
935 5959 1188 6022 sumptus
1224 5951 1566 6023 impendere.
1599 5953 1759 6011 Certe
1780 5969 1951 6025 prope

1993 1973 2032 2026 Β

1993 3343 2034 3396 C

2053 724 2377 794 ἐμπειρίας.
2404 724 2569 777 Ὅθεν
2613 721 2736 775 οὐδὲ
2765 718 2853 774 οἷα
2882 721 3182 789 ἀξιόχρεων
3227 717 3375 787 πρὸς
3415 731 3649 783 στρατηο

2051 817 2180 883 γίας
2234 816 2327 869 τὸν
2382 815 2524 869 κατά
2577 815 2807 884 Περσῶν
2836 815 3076 882 πόλεμον
3121 811 3276 880 αὐτῷ
3307 809 3648 878 ἐγχειρίζει-ι

2051 911 2372 979 παραινεενο
2423 909 2539 961 ἀλλ’
2572 907 2726 970 εἰδὼς
2773 906 3012 976 μάλητα
3054 905 3178 966 τοὺς
3216 905 3450 972 Πέρσας
3496 902 3656 962 πεζο-

2056 1000 2258 1069 μαχίας
2317 1000 2416 1069 μὲν
2478 1004 2571 1052 καὶ
2636 998 2984 1068 ἱππομαχίας
3043 996 3523 1066 ἐμπειροτάτους,
3561 994 3652 1044 καὶ

2053 1088 2226 1140 δεινοῦ
2255 1089 2544 1158 δεομένους
2570 1088 2665 1141 τοῦ
2695 1088 3162 1156 ἀντιστησομένου
3190 1085 3521 1155 στρατηγοῦ
3551 1126 3566 1148 ,
3602 1087 3654 1136 ἐν

2055 1181 2384 1252 ναυμαχίαις
2429 1181 2485 1234 δὲ
2531 1182 2931 1252 ἀτολμοτάτους
2977 1181 3044 1233 δι’
3093 1181 3362 1250 ἀπειρίαν
3392 1219 3409 1242 ,
3437 1181 3534 1231 καὶ
3566 1182 3658 1247 ῥα-

2055 1275 2197 1337 δίους
2220 1273 2298 1343 τῷ
2328 1274 2692 1343 προστυχόντι
2724 1275 2885 1326 παντὶ
2915 1273 3182 1344 ἡττᾶσθαι
3208 1292 3219 1304 ·
3256 1274 3450 1332 ἄλλως
3484 1289 3541 1322 τε
3570 1274 3657 1322 καὶ

2056 1366 2309 1435 τριήρεσι
2370 1366 2492 1427 ταῖς
2565 1365 2866 1434 ἡμετέραις
2925 1364 3155 1426 πολλὼς

2058 1455 2494 1525 ἐμπειροτάτους
2525 1457 2624 1509 καὶ
2668 1455 2990 1524 ναυμαχιῶν
3026 1457 3116 1507 καὶ
3149 1453 3552 1522 πεζομαχιῶν,
3584 1445 3658 1511 οἷς

2060 1547 2325 1616 χρήσεται
2379 1545 2890 1615 παρακοιμώμενος
2945 1545 3292 1605 διδασκάλοις
3349 1544 3501 1611 πρὸς
3571 1543 3657 1592 τὶν

3228 1363 3657 1432 παρεςομέ·ιο·,ς

2063 1637 2323 1704 πόλεμον,
2353 1637 2518 1700 αὑτός
2575 1653 2635 1688 τε
2693 1635 2880 1705 ᾠήθην
2931 1636 3006 1704 μὴ
3044 1635 3154 1688 δεῖν
3191 1634 3512 1704 ἀμϐλύνειν
3565 1634 3656 1700 τὴν

2061 1728 2375 1797 προθυμίαν
2427 1726 2595 1779 αὑτοῦ
2627 1726 2728 1796 τὴν
2781 1728 2907 1796 περὶ
2937 1725 3005 1776 τὰ
3035 1725 3218 1778 καλά·
3257 1726 3356 1778 καὶ
3400 1724 3499 1776 σοῦ
3545 1725 3662 1792 ἥκω

2061 1817 2390 1888 δεησόμενος
2425 1817 2528 1886 τὴν
2566 1817 2912 1887 στρατηγίαν
2949 1815 3304 1886 ἐπιτρέπειν.
3341 1817 3515 1876 Ἴσως
3557 1817 3660 1882 γὰρ

2065 1909 2412 1980 ήπροθυμία
2471 1912 2538 1980 τῇ
2587 1909 2822 1979 ἀτολμίᾳ.
2881 1911 2977 1962 κα)⁴
3030 1908 3259 1978 ἀπειρία
3319 1908 3660 1977 ἀντίρροπος

2061 2003 2313 2071 ὀφθεῖσα,
2350 2003 2624 2073 χρήσιμον
2675 2002 2812 2071 προς
2839 2020 2888 2054 τι
2924 2000 3032 2052 τῶν
3065 2000 3300 2052 δεόντων
3351 1998 3658 2060 ἀποδείξει.

2063 2097 2204 2168 Πρὸς
2227 2095 2403 2150 ταῦτα
2427 2095 2456 2151 ὁ
2489 2093 2766 2164 βασιλεὺς,
2801 2092 2943 2162 Ὀρῶ
2974 2092 3074 2160 μέν
3107 2108 3191 2155 σε,
3225 2084 3378 2151 εἷπε,
3420 2090 3660 2157 μάλιστα

2062 2187 2519 2259 προθυμούμενον
2559 2186 2887 2254 Ἀτοκαύχῳ
2933 2185 3042 2237 τῶν
3081 2185 3358 2254 τριήρεων
3412 2183 3658 2250 ἐγχειᾴ-

2061 2282 2179 2348 ζειν
2218 2284 2317 2350 τὴν
2369 2283 2568 2352 ἀρχήν.
2600 2282 2712 2334 Καὶ
2759 2281 2847 2334 διὰ
2892 2279 3053 2332 τοῦτο
3107 2278 3229 2332 οὐδὲ
3290 2278 3472 2330 πολὺν
3531 2279 3658 2344 περὶ

2059 2375 2226 2429 αὑτοῦ
2279 2375 2543 2444 βούλομαι
2595 2373 2873 2427 ποιεῖσθαι
2923 2373 3117 2439 λόγον’
3148 2371 3269 2425 ἀλλ’
3307 2372 3338 2424 ὁ
3391 2370 3654 2439 προείλου

2062 2469 2299 2536 πρᾶττε·
2330 2466 2567 2536 εὖχομαι
2611 2466 2668 2519 δὲ
2723 2465 2798 2536 μὴ
2852 2466 2956 2518 κάν
3005 2468 3118 2526 τοῖς
3163 2464 3444 2527 τοιούτοις
3494 2464 3658 2524 miti;

2061 2561 2350 2630 φανεῖσθαι
2387 2559 2694 2630 ἀληθεύων.
2723 2556 2966 2611 Τοιαῦτα
2995 2557 3132 2626 πρδς
3159 2555 3439 2624 ἀλλήλους
3473 2556 3658 2607 αὐτῶν

2060 2653 2447 2723 διειλεγμένων
2501 2651 2626 2704 ἐπεὶ
2680 2649 2934 2706 ἐδέδοκτο
2991 2648 3496 2719 παρακοιμωμένῳ
3549 2649 3654 2699 Βυ-

2063 2743 2282 2808 ζαντίου
2331 2745 2428 2799 καὶ
2464 2743 2574 2797 τῶν
2605 2743 2789 2814 νήσων
2827 2741 3152 2810 ἐπιτρέπειν
3184 2741 3286 2808 τὴν
3321 2742 3504 2810 ἀρχὴν
3535 2743 3653 2807 ἅμα

2059 2837 2172 2897 τοῖς
2225 2837 2290 2889 ἐκ
2338 2835 2544 2889 τούτων
2585 2832 2829 2902 ἐτησίοις
2877 2833 3090 2902 φόροις,
3122 2831 3437 2901 γράμματα
3488 2833 3656 2897 ἐτρε-

2064 2943 2196 2996 φετο
2245 2925 2524 2996 βασιλικὰ,
2557 2924 2795 2994 ἄρχοντα
2844 2923 3242 2976 ἀποδεικνύντα
3290 2923 3658 2990 παρακοιμῲ-

2067 3035 2228 3088 μενον
2263 3016 2356 3070 τού
2390 3017 2579 3070 στόλου
2623 3015 2720 3068 τοῦ
2769 3017 2910 3068 κατὰ
2955 3015 3181 3084 Περσῶν
3205 3031 3221 3046 ο
3257 3015 3354 3067 καὶ
3403 3014 3513 3066 ἀπὸ
3544 3013 3653 3065 τῶν

2063 3111 2342 3180 δημοσίων
2387 3109 2682 3162 κελεύοντα
2732 3107 3037 3178 λαμϐάνειν
3089 3108 3319 3177 χρυσίου
3380 3108 3653 3176 μυριάδας

2064 3201 2197 3255 δέκα
2225 3201 2366 3254 ὥστε
2405 3200 2553 3270 ἔχειν
2599 3200 2663 3254 ἐκ
2697 3217 2757 3252 τε
2797 3201 3006 3251 τούτων
3059 3201 3153 3252 καὶ
3202 3201 3313 3250 ἀπὸ
3343 3199 3455 3250 τῶν
3503 3201 3652 3250 ἰδίων

2065 3293 2142 3357 ὡς
2179 3293 2465 3363 ὑπέσχετο,
2505 3295 2752 3364 τριήρεις
2799 3308 2858 3344 τε
2911 3291 3383 3360 παρασκευάζειν,
3436 3294 3526 3341 καὶ
3589 3290 3654 3340 τὺ

2072 3381 2464 3454 μισθοφορικὸν
2493 3384 2715 3452 τρέφειν
2751 3383 2810 3436 τι
2849 3383 2906 3430 ἐν
2934 3381 3186 3444 ταύταις.
3221 3382 3375 3433 Ἐπεὶ
3410 3381 3469 3432 δὲ
3495 3382 3560 3432 τά
3593 3397 3648 3431 τε

2068 3477 2378 3545 γράμματα
2415 3475 2631 3544 εἰλήφει
2664 3476 2761 3528 καὶ
2791 3475 2891 3545 τὴν
2920 3477 3095 3543 ἀρχὴν
3117 3473 3487 3542 ἐνεχειρίσθη,
3513 3476 3653 3540 πρὸς

2069 3563 2364 3627 Βυζάντιον
2417 3562 2611 3628 ἐλθὼν,
2659 3562 2727 3615 τά
2774 3563 2872 3634 μὲν
2927 3561 3186 3632 βασιλικά
3234 3565 3542 3632 γράμματα
3589 3565 3649 3613 οὗ

2069 3653 2380 3724 παρέσχετο
2436 3649 2912 3720 ἀναγινώσκεσθαι
2965 3651 3052 3702 ἐπ’
3107 3651 3428 3732 ἐκκλησίας,
3463 3651 3536 3713 ὡς
3587 3653 3651 3703 ἂν

2067 3747 2264 3803 εἰδεῖεν
2311 3749 2514 3810 πάντες
2571 3745 2647 3808 ὡς
2701 3745 2799 3814 τῆς
2863 3747 2992 3816 περὶ
3039 3746 3240 3810 αὐτοὺς
3295 3746 3508 3807 εὐνοίας
3566 3750 3648 3812 εἴη

2066 3839 2164 3893 καὶ
2225 3840 2551 3908 κηδεμονίας
2616 3836 2881 3907 βασιλέως
2930 3838 2960 3889 δ
3015 3838 3203 3900 στόλος
3259 3839 3445 3908 ἔργον,
3479 3839 3540 3890 ἐκ
3593 3855 3648 3889 τε

2066 3931 2176 3986 τῶν
2228 3931 2527 3999 βασιλικῶν
2588 3931 2894 4002 χρημάτων
2943 3933 2977 4001 ἡ
3038 3932 3278 4000 δαπάνη,
3334 3933 3417 3985 ἵνα
3475 3933 3564 3983 καὶ
3616 3934 3647 3998 1';

2068 4021 2312 4093 εὐφημία
2333 4022 2445 4075 τῶν
2473 4021 2685 4076 πολλῶν
2709 4023 2803 4076 καὶ
2837 4025 2865 4074 ὁ
2890 4022 3112 4084 ἔπαινος
3140 4023 3276 4089 πρὸς
3321 4021 3546 4091 βασιλέα
3631 4041 3644 4053 ·

2067 4113 2204 4173 ἀλλὰ
2253 4115 2427 4167 ταῦτα
2478 4114 2578 4184 μὲν
2632 4115 2869 4186 ἀφανείᾳ
2925 4115 3216 4185 παρεδίδου
3243 4132 3256 4144 ·
3299 4118 3459 4177 αὐτὸς
3492 4116 3544 4167 δὲ
3580 4117 3644 4166 τὰ

2069 4204 2170 4273 μὲν
2200 4203 2456 4274 βασιλικὰ
2488 4207 2752 4276 χρήματα
2782 4207 2931 4276 παρὰ
2959 4207 3068 4260 τῶν
3100 4207 3168 4259 τὲι
3197 4208 3433 4276 δημόσια
3471 4225 3645 4276 πρατ-

2065 4296 2272 4350 τόντων
2328 4297 2626 4365 λαμϐάνων
2688 4297 2894 4366 κρύφα.
2945 4299 3161 4351 οἷκοθεν
3216 4299 3276 4352 δὲ
3337 4299 3638 4364 ἀναφανείη

2071 4387 2593 4458 μεταπεμπόμενος.
2652 4389 2905 4460 ἐπλήρου
2947 4391 3048 4453 τὰς
3097 4390 3369 4460 τριήρεις.
3426 4389 3519 4453 Ἐξ
3566 4384 3638 4440 ῶν

2068 4479 2230 4542 αὐτὸς
2282 4481 2382 4550 μὲν
2427 4478 2666 4550 ἐθηρᾶτο
2708 4480 2808 4550 τὴν
2863 4481 3024 4546 δόξαν
3059 4482 3159 4552 τὴν
3199 4482 3350 4551 παρὰ
3375 4481 3469 4534 τοῦ
3507 4482 3637 4548 πλή-

2069 4569 2197 4630 θους
2223 4586 2238 4600 ο
2278 4570 2373 4623 καὶ
2406 4570 2576 4634 πολὺς
2605 4565 2673 4640 ἦν
2712 4571 2976 4642 ᾁδόμενος
3018 4573 3166 4643 παρὰ
3201 4575 3369 4630 πᾶσιν
3418 4575 3493 4635 ὡς
3536 4574 3637 4625 τῶν

2068 4662 2286 4714 οἰκείων
2318 4660 2380 4728 οὐ
2420 4663 2740 4733 φειδόμενος
2773 4662 2899 4716 οὔτε
2932 4666 3235 4735 χρημάτων
3289 4666 3418 4739 οὗτε
3465 4669 3635 4718 πόνων

2075 4753 2216 4824 ὑπὲρ
2260 4755 2368 4808 τῶν
2408 4757 2564 4825 κοινῇ
2601 4755 3046 4812 λυσιτελούντων.
3079 4758 3304 4812 Βασιλεῖ
3332 4759 3412 4823 δὲ,
3452 4747 3635 4824 ὥσπερ

2071 4847 2240 4908 εἰκὸς,
2266 4846 2662 4916 προσετρίδετο
2684 4848 2784 4915 τὴν
2815 4848 3024 4915 μέμψιν
3062 4849 3156 4901 καὶ
3188 4848 3278 4900 τὸν
3325 4848 3632 4914 γογγυσμοι

2068 4939 2160 4992 τὸν
2185 4938 2336 5009 παρά
2377 4942 2488 4994 τῶν
2527 4939 2761 5006 πολλῶν,
2795 4939 2870 5002 ὡς
2903 4939 3013 5008 ⁶τῶν
3041 4939 3470 4994 λυσιτελούντων
3501 4941 3632 5008 dm;-

2067 5029 2215 5092 κόοις
2273 5028 2548 5098 μηδεμίαν
2615 5030 2926 5098 ποιουμένῳ
2996 5029 3274 5098 πρόνοιαν.
3342 5030 3530 5098 Ὅμως
3578 5030 3628 5081 δὲ

2067 5121 2364 5191 πληρώσας
2407 5122 2510 5185 τὰς
2564 5123 2815 5191 τριήρεις
2879 5122 3240 5192 περιέπλευσε
3291 5123 3391 5185 τὰς
3444 5125 3628 5192 νήσους

2067 5215 2231 5284 μέχρι
2261 5215 2419 5282 Χίου,
2447 5215 2543 5268 καὶ
2582 5215 2737 5270 ἐννέα
2783 5216 2944 5269 ναυσὶ
2988 5217 3285 5288 Περσικαῖς
3330 5215 3625 5285 περιτυχὼν

2063 5307 2370 5377 ἐκράτησεν
2419 5305 2757 5377 αὐτάνδρων,
2786 5308 2882 5360 καὶ⁵
2937 5297 3100 5361 πάλιν
3151 5307 3495 5360 ἀπέπλευσεν
3551 5309 3624 5368 εἰς

2063 5399 2380 5462 Βυζάντιον.
2411 5397 2724 5472 Πυθόμενος
2749 5399 2805 5451 δὲ
2835 5401 2864 5451 ὁ
2895 5398 3152 5468 βασιλεὺς
3179 5400 3281 5452 ὃσα
3318 5400 3470 5468 αὺτῷ
3504 5399 3621 5468 περὶ

2060 5491 2126 5544 τὰ
2155 5489 2414 5560 βασιλικὰ
2445 5491 2755 5561 γράμματα
2782 5491 3214 5560 κακουργηθείη.
3239 5497 3336 5545 καὶ
3367 5492 3444 5554 ὡς
3471 5492 3616 5559 λόγου

2059 5583 2287 5654 διαδοίη,
2327 5585 2402 5656 μὴ
2440 5585 2728 5653 βασιλέως,
2764 5584 2879 5638 ἀλλ’
2922 5587 2988 5636 ἐκ
3028 5584 3140 5636 τῶν
3181 5584 3329 5636 ἰδίων
3365 5583 3502 5638 εἶναι
3529 5588 3616 5651 τὴν

2058 5669 2310 5746 δαπάνην
2366 5677 2474 5729 τῶν
2541 5678 2837 5748 τριήρεων,
2891 5679 3028 5749 ὀργῇ
3083 5693 3143 5728 τε
3209 5679 3441 5748 ἐφέρετο
3494 5678 3612 5739 προς

2058 5765 2244 5839 αὐτὸν,
2297 5767 2390 5820 καὶ
2446 5768 2584 5838 πρὸς
2629 5769 2721 5820 τὸν
2779 5769 2956 5838 μέγαν
3006 5769 3351 5836 δομέστικον,
3381 5771 3455 5833 ὡς
3487 5770 3614 5835 ὑπὲρ

2059 5858 2271 5911 ἐκείνου
2303 5860 2613 5930 πράττοντα
2655 5861 2969 5933 ἀε“ι,⁹ορᾄς,
3001 5863 3129 5931 ἐφη,
3165 5855 3255 5915 οἶα
3288 5862 3612 5927 Ἀπόκαυχῡς

2058 5950 2312 6020 τυοεύει;
2348 5950 2458 6020 ἐγὼ
2482 5952 2536 6005 δέ
2565 5952 2739 6008 καίτοι
2767 5955 3022 6020 πολλάκις
3055 5955 3318 6028 ὁρμηθεὶς
3343 5957 3412 6010 τὰ
3441 5954 3609 6007 δέοντα
