3794 6582
58 524 181 587 6’9

1248 529 1804 592 HISTORIARUM
1841 535 2071 597 LIBER
2111 536 2187 600 li.

3225 541 3334 604 670

57 635 328 701 δικαίως,
357 640 487 706 περὶ
523 637 712 694 τοῦτευ
744 639 800 693 δὲ
831 640 1274 703 οὐδεί;.⁶Ἀλλους
1322 663 1379 698 τε
1415 646 1522 713 γὰρ
1563 660 1654 696 πε-

1771 645 1908 700 ιίιιιιι
1964 665 2071 702 non
2097 657 2286 703 contra
2314 660 2591 721 tyrannos,
2611 649 2706 704 sed
2729 659 2918 706 contra
2940 651 3332 722 dmmonasUS)

60 725 392 796 ριήστραψε
423 728 658 792 πολλοὺς
705 731 766 782 τὸ
815 729 958 785 θεῖον
991 731 1150 784 τοῦτο
1179 735 1292 800 φῶς
1323 737 1381 786 ἐν
1412 738 1523 794 τοῖς
1555 731 1650 785 τοῦ

57 817 322 885 διωγμοῦ
354 821 567 889 καιροῖς
607 822 1048 892 ἀγωνιζομένους
1083 825 1224 894 ὑπὲρ
1253 827 1496 897 Χριστοῦ
1520 867 1534 891 ,
1561 828 1655 880 καὶ

72 906 375 959 Ἀντώνιον
417 908 508 963 τὸν
538 909 704 972 θεῖον,
735 912 796 964 οὐ
834 915 970 983 πρὸς
992 916 1312 985 τυράννους,
1345 915 1480 969 ἀλλά
1527 917 1654 979 τοὺς

59 994 420 1064 δεινοτέρους
455 999 736 1067 τυράννων
760 1002 1020 1071 δαίμονας
1050 1005 1548 1074 παρατεταγμένον.
1580 1006 1656 1067 ὡς

62 1084 136 1135 ἐκ
164 1086 281 1137 τῶν
309 1089 437 1155 περὶ
462 1090 631 1142 αὐτοῦ
670 1095 1185 1164 συγγεγραμμένων
1223 1096 1403 1160 ἔξεστι
1441 1097 1652 1167 μαθεῖν,

64 1177 133 1228 οὐ
173 1177 289 1246 μὴν
327 1179 445 1231 ἀλλ’
473 1184 522 1234 εἰ
544 1184 624 1235 δεῖ
648 1185 745 1236 καὶ
778 1185 953 1238 ταῦτα
981 1188 1158 1240 πάντα
1187 1189 1668 1260 παραδραμόν-τας

71 1265 222 1331 πρὸς
277 1267 338 1319 τὸ
385 1271 604 1337 πρῶτον
662 1274 1017 1344 παράδειγμα
1062 1277 1422 1348 ἀναδραμεῖν,
1470 1281 1655 1348 σαφῶς

73 1358 309 1419 ἐξέσται
358 1359 452 1411 τοῦ
498 1362 725 1415 δυνατὸν
776 1359 1054 1430 εἶναιτοῖς
1086 1373 1418 1436 σωματικοῖς
1455 1370 1649 1439 ὀφθαλο

75 1449 210 1514 μοῖς
242 1448 390 1503 θεῖον
435 1455 528 1504 καὶ
559 1453 813 1508 ἄκτιστον
837 1457 953 1524 φῶς
982 1457 1282 1512 θεάσασθαι
1313 1462 1410 1530 τὴν
1439 1463 1655 1514 ἀπόδει-

73 1537 160 1600 ξιν
209 1541 422 1596 λαεεῖν.
455 1543 795 1612 Παραλαϐὼν
843 1548 973 1617 γὰρ,
1015 1551 1202 1618 φησὶν,
1251 1553 1276 1604 ὀ
1304 1555 1505 1621 Κύριος
1549 1554 1656 1624 πρὸ

69 1629 172 1680 τοῦ
222 1632 433 1694 πάθους
488 1636 616 1696 τοὺς
672 1639 1006 1709 προκρίτους
1050 1643 1158 1693 τῶν
1205 1643 1496 1712 μαθητῶν,
1559 1646 1656 1696 καὶ

73 1723 328 1803 ἀνελθὼν
376 1726 469 1778 ἐπὶ
509 1727 732 1798 Θασὼρ,
773 1733 1177 1802 μετεμορφώθη
1212 1735 1521 1803 ἔμπροσθεν
1554 1737 1654 1789 αὑ-

73 1812 189 1861 τῶν
249 1815 346 1864 καὶ
397 1813 604 1886 ἔλαμψε
647 1819 705 1871 τ’)
747 1820 1038 1890 πρόσωπον
1087 1825 1252 1877 αὐτοῦ
1311 1827 1387 1888 ὠς
1424 1827 1654 1896 ὁῆλιος.

77 1897 159 1954 Οῦ
208 1905 286 1972 μὴ
329 1906 592 1975 φέροντες
619 1901 736 1978 τῆν’
759 1911 1124 1982 λαμπρότητα
1149 1917 1280 1986 ὀρᾷν
1309 1917 1357 1969 οί
1390 1919 1653 1987 μαθηταὶ,

1759 740 2005 806 tyrannis
2035 738 2418 796 horribilimes
2455 742 2507 794 in
2554 742 2672 796 acie
2705 752 2964 806 stantem,
3003 743 3055 797 id
3089 744 3235 814 quod
3265 761 3331 798 ex

1756 828 1986 883 historia
2017 831 2135 900 ejus
2167 832 2290 885 vitae
2329 843 2529 901 pateat.
2566 833 2770 888 Verum
2806 836 3108 901 enimvero,
3150 837 3192 890 si
3247 836 3335 890 his

1754 919 2011 972 omnibus
2036 922 2329 988 prarteritis
2360 922 2425 975 ad
2453 923 2691 990 primum
2739 927 3020 994 exemplar
3049 941 3337 980 recurren-

1755 1008 1884 1062 dum
1918 1011 2008 1073 sit,
2043 1024 2197 1077 posse
2249 1009 2362 1064 ﬁeri
2410 1019 2470 1064 ut
2517 1012 2693 1066 oculis
2741 1016 3028 1082 corporeis
3062 1015 3334 1082 quispiam

1756 1096 2002 1150 divinum
2053 1107 2107 1151 et
2169 1099 2475 1154 incrcatum
2523 1101 2706 1154 lumen
2757 1105 3180 1171 contempletur,
3212 1121 3337 1174 pcr-

1757 1189 1945 1256 spicue
1969 1190 2346 1243 demonstrare
2375 1191 2562 1246 licere.
2594 1191 2985 1262 Evangelistam
3017 1196 3166 1248 enim
3199 1195 3336 1250 scri-

1759 1281 1918 1344 bere,
1953 1281 2244 1335 Dominum
2272 1289 2397 1334 ante
2426 1294 2656 1337 mortem
2690 1297 2843 1336 suam
2876 1285 3151 1354 principes
3182 1287 3336 1340 disci-

1756 1373 1920 1441 pulos
1959 1375 2361 1443 assumpsissc:
2396 1384 2597 1428 etcum
2626 1375 2969 1428 ascendisset
3002 1375 3055 1428 in
3078 1363 3334 1430 inontem

1756 1463 1998 1528 Thabor,
2039 1467 2482 1535 transﬁguratum
2523 1482 2642 1521 esse
2674 1474 2799 1520 ante
2827 1482 2942 1531 eos,
2964 1468 3337 1536 resplenduis-

1755 1570 1922 1622 seque
1968 1555 2163 1610 faciem
2216 1557 2336 1626 ejus
2387 1559 2531 1612 sicut
2594 1559 2786 1613 soleun
2841 1558 3011 1626 Cujus
3065 1559 3332 1628 fulgorem

1757 1645 2057 1714 discipulos
2086 1662 2194 1699 non
2225 1649 2562 1702 sustinentes
2601 1649 2822 1712 intueri,
2862 1649 2915 1702 in
2949 1659 3151 1703 terram
3190 1649 3336 1702 ceci-

1757 1734 2001 1789 disse.Si
2029 1736 2290 1805 igiturilli
2311 1748 2366 1790 et
2396 1737 2668 1805 homines,
2699 1746 2756 1791 et
2787 1737 2967 1792 adhuc
2999 1738 3332 1808 imperfecti,

1757 1825 2182 1895 circumfulgens
2231 1828 2380 1895 ipsos
2423 1827 2670 1881 divinum
2719 1836 2774 1883 et
2808 1829 3113 1882 iucreatum
3148 1829 3335 1883 lumen

1759 1917 1943 1972 videre
1978 1926 2293 1986 potuerunt,
2339 1919 2472 1986 quid
2507 1920 2706 1972 mirum
2755 1920 2800 1973 si
2835 1931 2890 1974 et
2933 1934 3080 1974 nunc
3119 1929 3337 1973 sanctos

77 1993 394 2046 κατέπεσον
427 1997 518 2048 ἐπὶ
550 1999 648 2069 τὴν
691 2001 814 2068 γῆν.
853 2003 911 2054 Et
951 2002 1045 2057 οὖν
1077 2005 1340 2070 κάκεῖνοι,
1372 2006 1656 2077 ἄνθρωποί

1771 2025 1997 2079 superne
2023 2025 2054 2062 a
2079 2010 2188 2063 Deo
2211 2010 2567 2064 collustratos
2592 2010 2842 2065 dicamus
2863 2012 3045 2066 lumen
3073 2013 3336 2066 cernere?

76 2102 137 2136 τε
173 2086 365 2152 ὄντες,
397 2089 490 2141 καὶ
538 2089 620 2144 ἔτι
655 2093 1007 2164 ἀτελέστερον
1044 2097 1418 2168 διακείμενοι,
1462 2102 1523 2152 τὸ
1565 2118 1662 2154 πε-

83 2179 441 2248 ριαστράψαν
493 2181 692 2246 αὐτοὺς
731 2185 874 2238 θεῖον
905 2189 997 2239 καὶ
1027 2188 1283 2242 ἄκτιστον
1318 2191 1431 2259 φῶς
1467 2191 1661 2262 ⁹ἠδυνή-

83 2267 264 2334 Θησαν
308 2269 461 2334 ἰδεῖν,
509 2270 561 2322 τί
613 2271 926 2342 θαυμαστὸν
961 2278 1010 2328 εί
1047 2279 1140 2330 καὶ
1183 2279 1280 2333 νῦν
1306 2282 1431 2344 τοὺς
1471 2282 1661 2349 ἁγίους

83 2359 337 2427 φαίημεν
373 2361 489 2428 φῶς
517 2364 650 2432 ὁρᾷν
685 2365 888 2419 ἄνωθεν
930 2368 1370 2440 ὲλλαμπομένους
1403 2374 1468 2426 ὲκ
1499 2373 1656 2438 Θεοῦ;

80 2450 178 2502 Λό
238 2451 302 2520 δή
356 2468 450 2504 σου
499 2455 594 2506 κὰ
629 2453 861 2523 δεόμεθα
909 2461 1038 2528 περὶ
1085 2461 1193 2515 τῶν
1234 2463 1490 2517 τοιούτωι
1520 2467 1658 2536 μήτε

81 2540 270 2605 λέγειν
296 2583 311 2604 ,
358 2544 493 2613 μήτε
539 2549 924 2618 λογογραφεῖν,
954 2552 1026 2612 ὡς
1068 2553 1226 2620 ὀλίγα
1267 2554 1299 2626 ἢ
1334 2557 1487 2609 οὐδὲν
1532 2558 1660 2626 περὶ

85 2631 274 2687 αὐτῶν
303 2634 504 2687 ε’δότα·
536 2638 673 2691 ἀλλά
717 2643 812 2694 καὶ
843 2642 910 2694 τὰ
943 2645 1311 2713 γεγραμμένα
1337 2646 1657 2716 ἀφανίζειν,

85 2723 163 2786 ὡς
197 2724 414 2785 πολλοῖς
440 2726 591 2781 αἴτια
621 2731 829 2803 βλάϐης
858 2737 1211 2805 παρεσόμενα
1242 2738 1302 2791 οὐ
1334 2740 1433 2808 τῆς
1459 2740 1658 2810 τυχού-

88 2827 212 2879 σης.
258 2813 510 2868 Τοιαῦτα
571 2820 672 2888 μὲν
724 2822 1031 2893 Γρηγόριος
1069 2830 1168 2878 καὶ
1216 2829 1266 2880 οἱ
1313 2831 1444 2900 περὶ
1501 2832 1662 2885 αὐτὸν

74 2901 550 2972 ϐιεπρεσὸεύοντο
576 2911 712 2980 πρὸς
744 2913 1028 2984 Βαρλαάμ,
1061 2918 1299 2987 οἰόμενοι
1329 2921 1428 2989 τὴν
1455 2924 1660 2991 παραί-

88 3009 239 3046 νεσ.ν
273 2995 422 3066 αὐτῷ
449 3000 549 3070 τὴν
588 3002 970 3074 γλωσσαλγίαν
1016 3009 1258 3076 στήσειν.
1297 3010 1372 3062 Τὸ
1418 3011 1461 3064 δ’
1495 3015 1660 3067 ἐναν-

90 3085 224 3148 τίως
321 3091 475 3143 αὐτοὶ
505 3092 768 3164 ᾠήθησαν
797 3097 1012 3168 ἀπέϐη..
1045 3100 1129 3163 Ὠς
1166 3101 1274 3172 γὰρ
1312 3103 1437 3164 τοὺς
1467 3102 1661 3170 λόγους

94 3178 122 3227 ὁ
157 3179 482 3248 πρεσϐεύων
513 3184 654 3256 διῄει
700 3189 841 3256 πρὸς
887 3190 1078 3252 αὑτὸν,
1115 3193 1173 3243 ἐν
1205 3192 1307 3262 μὲν
1337 3197 1451 3255 τοῖς
1478 3193 1660 3260 ἄλλοις

92 3270 335 3374 ἡσυχίαν
366 3269 492 3374 intr
523 3276 686 3374 eti—Eia
729 3280 996 3352 Θαῆωρίῳ
1022 3284 1078 3336 δὲ
1106 3283 1329 3354 λάμψαν
1361 3289 1477 3355 φῶς
1511 3289 1664 3344 ἄκτι-
1686 3312 1733 3374 C

93 3376 220 3412 αρν
254 3364 514 3431 ἀκούσας,
558 3368 672 3437 Τῆς
703 3371 956 3437 ἀτοπίας,
989 3375 1249 3445 ἀνεϐόησε
1269 3393 1282 3407 ·
1309 3381 1520 3433 καπνὸν
1551 3384 1661 3451 γὰρ

91 3455 410 3521 φεύγοντες,
436 3459 882 3530 ἐμπεπτώκαμεν
915 3466 995 3528 είς
1036 3467 1167 3539 πῦρ·
1210 3470 1405 3540 ἄκουε,
1438 3474 1662 3545 οὐρανὲ,

95 3546 187 3598 καὶ
217 3549 498 3612 ὲνωτίζου.
529 3553 561 3622 ή
595 3553 686 3622 γῆ’
717 3554 776 3608 τὸ
799 3556 854 3607 ἐν
884 3557 1082 3628 Θαὸὼρ
1114 3561 1238 3628 φῶς
1258 3563 1535 3633 ἄκτιστον,
1571 3568 1664 3622 καὶ

93 3638 146 3689 τί
202 3637 330 3692 ἄλλο
374 3639 408 3709 ἢ
443 3640 576 3704 Θεὸς
625 3644 750 3695 καθ’
793 3645 971 3715 ὐμᾶς;
1032 3651 1198 3704 Οὐδὲν
1261 3654 1366 3720 γὰρ
1407 3654 1664 3710 ἀκτιστον

97 3731 182 3782 δτι
233 3727 312 3800 μὴ
365 3730 593 3794 Θεός’,εί
640 3732 734 3786 οῦν
767 3737 905 3808 μήτε
960 3739 1164 3810 κτίσμα
1207 3742 1267 3795 τὸ
1309 3746 1424 3812 φῶς
1463 3747 1661 3812 ἐκεῖνο,

98 3822 236 3891 μήτε
285 3822 421 3875 Θεοῦ
468 3825 624 3877 οὐσία
683 3829 856 3898 (Θεὸν
888 3831 996 3898 γὰρ
1038 3833 1240 3899 οὐδεὶς
1292 3835 1520 3903 ἑώρακε
1548 3837 1666 3891 πώ-

98 3912 287 3980 ποτε).
323 3915 376 3966 τί
428 3916 613 3998 λοιπὸν
665 3919 697 3988 ἢ
741 3919 862 3974 δυσὶ
913 3921 1201 3993 λατρεύειν
1249 3925 1416 3990 θεοῖς,
1445 3929 1527 3981 ἐνὶ
1565 3929 1665 3999 μὲν

99 4005 176 4073 τῷ
205 4005 428 4060 πάντων
451 4008 804 4080 δημιουργῷ,
842 4011 902 4064 ὃν
952 4014 1048 4066 καὶ
1090 4015 1320 4085 ἀόρατον
1352 4020 1461 4080 πᾶς
1486 4037 1568 4082 τις
1598 4021 1666 4074 ἀν

105 4096 481 4168 ὁμολογήσειε,
525 4101 767 4172 δευτέρῳ
806 4102 862 4155 δὲ
908 4104 986 4174 τῷ
1041 4107 1165 4160 καθ’
1227 4108 1369 4177 ὑμᾶς
1400 4111 1666 4184 ὁρωμένῳ

100 4189 340 4257 ἀκτίστῳ
395 4189 572 4260 τούτῳ
626 4191 798 4260 φωτί;
842 4192 954 4262 ἐγὼ
991 4195 1048 4248 δὲ
1091 4195 1218 4250 οὔτε
1257 4201 1522 4271 πρότερον
1550 4203 1666 4257 οὗθ’

103 4278 325 4350 ὕστερον
365 4297 496 4336 ποτε
546 4285 886 4356 ἀνασχοίμην
917 4286 983 4338 ἂν
1015 4289 1264 4342 ὁπωσοῦν
1300 4308 1353 4344 τι
1405 4293 1667 4366 διαφέρον

102 4368 204 4437 τῆς
229 4370 416 4433 οὐσίας
456 4372 547 4424 τοῦ
580 4371 715 4426 Θεοῦ
741 4374 996 4429 ἄκτιστον
1033 4378 1307 4448 ἡγεῖσθαι.
1343 4380 1437 4434 Ἐκ
1458 4385 1665 4440 τούτων

103 4463 167 4530 δὴ
194 4461 300 4514 τῶν
353 4462 526 4531 λόγων
579 4463 768 4536 ὥσπερ
803 4468 1107 4539 ἀφετηρίας
1155 4475 1439 4544 ὁρμηθεὶς,
1493 4478 1668 4535 πολλὰ

105 4557 197 4606 καὶ
249 4551 367 4607 είπε
440 4557 538 4610 καὶ
581 4559 962 4629 συνεγράψατο
1016 4565 1160 4618 κατά
1214 4566 1252 4618 Γ
1259 4571 1518 4640 ρηγορίου
1569 4575 1663 4626 καὶ

105 4643 209 4696 τῶν
235 4645 404 4698 ἄλλων
443 4647 719 4717 μοναχῶν,
754 4655 892 4718 πρὸς
953 4656 1069 4716 τοῖς
1113 4659 1380 4728 πρότερον
1433 4664 1524 4716 καὶ
1577 4664 1658 4717 δι·
1695 4640 1741 4696 D

96 4737 251 4804 .lia‘izv
308 4739 574 4804 ἐγκαλῶν.
629 4743 704 4794 Οὐ
755 4746 864 4812 μὴν
908 4745 1028 4798 οὐδὲ
1068 4748 1267 4802 ἐκεῖνοί
1316 4768 1380 4821 γε
1421 4755 1665 4823 ἠμέλουν

106 4828 195 4880 τοῦ
228 4830 300 4898 μὴ
320 4831 626 4900 ἀντιλέγειν
655 4835 907 4905 φανερῶς
925 4839 1018 4890 καὶ
1048 4839 1426 4912 διεφθαρμένα
1458 4845 1666 4916 δόγμας

110 4933 172 4967 τι
201 4919 487 4985 εἰσάγοντα
514 4921 901 4977 ἀποδεικνύναι
929 4927 1024 4978 καὶ
1046 4933 1156 4990 τοῖς
1181 4929 1456 5000 θεοσόφοις
1488 4935 1665 5003 λόγοις

110 5011 338 5066 ἐναντία.
384 5013 654 5084 Βαρλαάμ
704 5015 761 5068 δὲ
810 5017 1056 5087 οἰόμενος
1111 5019 1205 5072 καὶ
1257 5021 1365 5075 τῶν
1414 5025 1663 5096 ἀρχαίων

181 5163 194 5189 ¹
233 5157 432 5211 Ηολιι.
466 5173 540 5223 tv,
575 5157 664 5211 12.

1741 2101 2026 2167 Quocirca
2068 2117 2126 2155 se
2158 2102 2312 2155 illum
2342 2111 2554 2155 oratum
2607 2103 2743 2156 velle
2786 2112 2846 2156 ut
2871 2103 2944 2156 de
2977 2102 3061 2156 his
3092 2103 3256 2156 rebus
3281 2109 3338 2154 et

1758 2193 2035 2263 loquendo
2065 2206 2118 2248 et
2136 2194 2426 2248 scribendo
2455 2193 2842 2263 sup'ersedeat;
2876 2194 3078 2263 quippe
3135 2193 3230 2262 qui
3267 2192 3336 2245 de

1761 2285 1829 2338 iis
1855 2300 2052 2354 pauca,
2091 2295 2186 2338 aut
2211 2285 2348 2338 nihil
2375 2285 2615 2348 noverit,
2642 2285 2752 2339 imo
2785 2300 2916 2339 vero
2941 2285 3106 2339 etiam
3133 2282 3336 2352 scripta

1753 2375 1888 2444 jam,
1924 2386 1976 2428 ιιι
2007 2376 2194 2430 multis
2227 2391 2334 2428 non
2381 2376 2678 2445 vulgariter
2727 2376 3002 2438 nocitura,
3031 2373 3333 2444 disperdat.

1761 2465 1886 2520 Haec
1906 2465 2203 2534 Gregorius
2243 2472 2299 2519 et
2326 2464 2460 2518 socii
2488 2464 2769 2525 Barlaamo
2786 2479 2882 2533 per
2904 2473 3334 2524 oratorem,cum

1761 2571 1891 2626 spe,
1945 2556 2375 2610 admonitionem
2401 2555 2545 2609 hanc
2580 2555 2935 2624 petulantiam
2975 2553 3095 2621 ejus
3138 2552 3338 2621 lingua:

1759 2648 2149 2701 coercituram.
2185 2644 2340 2711 Quod
2388 2659 2547 2699 secus
2595 2643 2802 2699 evenit.
2846 2643 2918 2699 Ut
2945 2641 3092 2697 enim
3126 2641 3338 2710 legatus

1759 2739 1980 2793 Patrum
2011 2737 2176 2791 verba
2226 2737 2275 2790 ei
2319 2734 2618 2800 recensuit,
2660 2734 2729 2789 ad
2774 2743 2970 2788 caatera
3009 2731 3233 2802 quidem
3271 2747 3331 2785 se

1761 2831 2073 2895 continuit,
2107 2830 2290 2896 lucem
2326 2837 2508 2882 autem
2555 2827 2609 2881 in
2644 2826 2865 2880 Thabor
2903 2825 3200 2879 iucrcatam
3237 2837 3340 2876 au-

1761 2923 1918 2978 diens
1946 2963 1962 2988 ,
1989 2922 2034 2977 0
2075 2937 2188 2975 rem
2223 2919 2514 2976 absurdam
2535 2961 2551 2985 ,
2593 2918 2758 2989 333
2785 2918 3088 2981 exclamat,
3128 2914 3338 2968 lunmm

1761 3010 1908 3066 enim
1933 3010 2220 3080 fugientes,
2255 3009 2308 3064 in
2339 3010 2518 3079 ignem
2549 3007 2874 3061 incidimus.
2909 3003 3074 3067 Audi,
3107 3001 3338 3064 caelum,

1762 3115 1818 3159 et
1850 3103 2080 3158 auribus
2108 3102 2352 3172 percipe,
2386 3112 2553 3156 terra.
2579 3097 2693 3152 Lux
2721 3098 2774 3152 in
2801 3095 3020 3150 Thabor
3054 3095 3294 3150 increata
3321 3111 3338 3154 ;

1764 3193 1898 3266 quid
1927 3210 2059 3264 ergo
2085 3193 2174 3247 illa
2199 3192 2371 3258 aliud,
2405 3191 2508 3246 nisi
2533 3191 2676 3244 Deus
2703 3185 3008 3243 secundum
3033 3185 3165 3262 διοεῖ
3191 3184 3341 3239 Nihil

1763 3287 1908 3343 enim
1945 3286 2274 3348 increatum,
2324 3283 2430 3338 nisi
2466 3281 2626 3338 Deus.
2664 3279 2719 3333 Si
2771 3286 2950 3333 autem
2971 3278 3155 3332 lumen
3204 3277 3342 3330 illud

1765 3392 1944 3448 neque
2003 3392 2091 3430 res
2167 3373 2386 3430 condita
2413 3414 2426 3439 ,
2459 3386 2638 3442 neque
2674 3371 2764 3425 Dei
2807 3377 3002 3424 natura
3029 3376 3134 3434 est,
3174 3366 3342 3420 Deum

1765 3471 1902 3523 enim
1951 3485 2101 3522 nemo
2153 3466 2286 3520 vidit
2334 3478 2567 3534 unquam
2593 3461 2633 3528 ί,
2681 3459 2812 3531 quid
2867 3459 3138 3528 reliquum
3167 3495 3182 3520 ,
3235 3456 3341 3510 nisi

1763 3579 1862 3618 vos
1910 3560 2127 3614 duobus
2172 3556 2283 3611 diis
2316 3553 2545 3617 servire,
2578 3552 2673 3607 uni
2715 3549 2936 3620 quidem
2979 3549 3225 3604 omnium
3264 3547 3342 3601 la-

1765 3651 2046 3713 bricatori,
2086 3663 2249 3718 quem
2292 3657 2349 3702 et
2386 3645 2836 3715 inaspectabilem
2884 3657 3077 3697 omnes
3109 3641 3342 3696 conﬁte-

1767 3759 1923 3806 mur;
1958 3739 2118 3795 alteri
2147 3754 2280 3792 vero
2308 3753 2376 3791 ex
2405 3735 2676 3790 sententia
2708 3742 2888 3789 vestra
2918 3735 3020 3788 sub
3056 3741 3340 3801 aspectum

1765 3836 2003 3897 cadenti,
2022 3842 2078 3886 et
2101 3832 2345 3884 increato
2364 3829 2560 3882 lumini
2580 3827 2603 3881 ?
2623 3828 2730 3896 Ego
2751 3842 2882 3882 vero
2903 3824 3047 3878 haud
3073 3839 3337 3892 unquam,

1766 3925 2028 3999 quidquid
2079 3921 2296 3976 tandem
2332 3920 2437 3984 sit,
2469 3934 2500 3972 a
2539 3918 2725 3972 diaina
2787 3916 3024 3972 essentia
3062 3915 3341 3969 diversum

1766 4036 1830 4075 ac
1857 4018 2194 4087 discrepans,
2229 4012 2530 4066 inercatum
2563 4008 2890 4064 arbitrabor.
2924 4006 3000 4059 Ex
3033 4006 3118 4060 his
3139 4019 3343 4059 sermo-

1765 4111 1953 4168 nibus.
1999 4107 2150 4162 velut
2191 4120 2222 4158 a
2267 4103 2583 4157 carceribus
2624 4100 2855 4160 ell‘usus,
2900 4106 3091 4152 contra
3135 4095 3342 4166 Grego-

1767 4204 1909 4259 rium
1951 4201 2199 4269 aliosque
2249 4198 2548 4250 monachos
2615 4193 2786 4247 multa
2839 4190 3008 4245 verbo
3037 4197 3094 4242 et
3135 4189 3346 4256 scripto

1743 4293 2079 4357 .hlatcravit,
2127 4299 2325 4361 praeter
2369 4296 2564 4342 caetera
2604 4285 2768 4340 etiam
2821 4281 3050 4344 διθεῖαν,
3099 4278 3195 4351 [id
3233 4287 3340 4349 est,

1768 4385 2112 4441 divinitatem
2163 4375 2553 4449 duplicatam]
2603 4374 2739 4445 ipsis
2787 4369 3006 4427 crimini
3056 4371 3193 4423 dans
3269 4367 3341 4420 At

1766 4481 1912 4533 enim
1971 4489 2074 4529 nec
2131 4470 2322 4526 Patres
2379 4484 2438 4524 se
2485 4467 2663 4537 palam
2718 4463 2862 4519 tueri
2916 4461 3233 4532 parcebant,
3289 4469 3346 4513 et

1768 4561 2082 4628 ostendere,
2125 4564 2276 4616 illum
2328 4567 2645 4629 corruptam
2693 4555 2999 4611 doctrinam
3040 4563 3097 4607 et
3159 4551 3341 4604 divina

1768 4657 2036 4730 sapientia
2057 4655 2292 4709 eruditis
2314 4651 2585 4720 theologis
2609 4650 2940 4703 contrariam
2967 4645 3340 4698 introducere.

1767 4729 2084 4806 Barlaamus
2117 4751 2298 4798 autem
2329 4739 2583 4807 antiquos
2614 4738 2779 4792 etiam
2828 4736 3108 4803 theologos
3140 4729 3346 4785 doctri-

1768 4860 1836 4896 na
1882 4847 1936 4894 et
1985 4837 2034 4890 vi
2084 4829 2453 4905 persuadendi
2506 4844 2566 4882 se
2635 4835 3017 4896 superaturum
3077 4824 3341 4885 conlisus,

1765 4928 2089 4988 szantium
2137 4924 2375 4989 navigat,
2401 4918 2596 4973 Joanni
2623 4933 2720 4986 per
2755 4918 2804 4968 id
2840 4927 3055 4982 tempus
3103 4913 3342 4982 patriar-

1760 4990 1876 5086 chae
1892 5011 2319 5076 commentarios
2339 5024 2467 5065 suos
2484 5015 2672 5062 contra
2695 5004 2991 5059 monachos
3009 5003 3172 5056 tradit
3191 5003 3236 5073 (7
3247 5001 3300 5068 9)
3323 5040 3339 5066 ,

1366 5258 1582 5321 Jacobi
1615 5257 1884 5325 Pontani
1917 5262 2102 5316 notae.

111 5357 312 5423 sibique
351 5367 606 5425 acceptos
638 5357 826 5411 testari
859 5356 1050 5411 voluit.
1091 5357 1294 5412 Verum
1346 5360 1479 5414 illud
1523 5361 1664 5416 divi-

115 5443 233 5479 num
285 5427 485 5486 lumen,
523 5436 767 5479 creatum
815 5426 1089 5493 quoddam
1140 5429 1507 5493 luinen_ri‘uit,
1552 5448 1660 5486 non

114 5496 401 5550 divinitatis
429 5495 622 5561 ipsius,
653 5507 712 5550 ut
768 5487 950 5565 inepte
984 5506 1040 5550 et
1073 5497 1292 5552 indocte
1328 5487 1664 5555 r'atiocinan—

117 5576 198 5637 tur
226 5566 307 5618 ἱειί
335 5565 603 5637 Graeculi;
634 5581 757 5618 nam
788 5573 842 5618 ct
867 5566 1089 5634 quidam
1120 5567 1365 5637 integros
1394 5570 1566 5624 libros
1597 5587 1660 5625 ea

114 5635 177 5688 de
208 5651 258 5687 re
287 5636 640 5702 scripserunt.

183 5705 280 5772 (78)
322 5703 449 5758 Post
474 5703 803 5778 descriptam
837 5705 1004 5778 hujus
1034 5707 1366 5778 sanctissimi
1401 5708 1500 5761 viri
1571 5726 1671 5778 pu-

117 5790 408 5843 gnimcum
456 5774 818 5845 daemonibus,
869 5775 942 5828 ita
991 5776 1220 5845 legimus
1270 5777 1326 5830 in
1377 5779 1497 5843 ejus
1529 5774 1670 5842 Vita,

115 5845 260 5901 Cuius
285 5854 468 5897 auctor
507 5854 593 5898 est
633 5844 694 5896 υ.
723 5844 1060 5899 Athanasius
1089 5864 1102 5898 :
1139 5845 1258 5899 Non
1294 5847 1486 5900 oblitus
1518 5848 1675 5901 Iesus

1762 5363 1918 5429 ttique
1945 5372 2065 5411 cum
2095 5352 2323 5429 eleuant
2341 5345 2544 5429 oeuios,
2567 5345 2697 5429 vitii!
2755 5344 2979 5429 desuper
3012 5340 3197 5429 emtum
3225 5357 3343 5405 ape-

1762 5412 1960 5490 riri—ﬁt
2011 5423 2235 5478 diductis
2268 5419 2488 5490 tenebris
2521 5416 2728 5468 radiant
2760 5415 2829 5466 ad
2851 5429 2904 5490 se
2940 5412 3071 5464 lucis
3100 5413 3340 5490 inﬂuere.

1764 5481 1892 5553 ιάὸέὶ
1915 5497 2029 5566 ejus
2053 5491 2357 5566 splendoris
2381 5489 2684 5566 adventum,
2709 5500 2802 5536 nec
2821 5483 3126 5566 Idavlm'onum
3150 5481 3343 5566 ntiquis

1764 5552 2040 5641 apparilit,
2070 5552 2118 5614 et
2152 5561 2384 5641 corporis
2413 5556 2582 5641 dolat;
2598 5552 3096 5641 extentplo‘delf‘tus‘
3119 5561 3215 5641 est,

1841 5622 1952 5705 '(79)
1991 5622 2280 5700 Gregoras,
2439 5643 2468 5679 ιι
2500 5624 2717 5705 εραανε
2743 5625 2934 5705 veritus
2967 5622 3246 5705 Barbium:
3277 5636 3342 5672 ne

1771 5692 2149 5762 monac/toruus
2194 5692 2444 5769 morning
2494 5692 3180 5769 discerpereturupluribas
3219 5692 3340 5769 jant

1771 5759 1873 5832 ἐ
1903 5782 2077 5828 monte
2105 5771 2254 5831 Atho,
2287 5777 2336 5820 et
2359 5816 2365 5822 .
2388 5759 2763 5820 Tltessalon'icie
2793 5780 2855 5816 ac
2886 5759 3129 5832 Byzantii
3143 5759 3343 5832 occulis

1776 5819 2500 5916 con/iueit’tvi'bu—si'putabant
2537 5837 2675 5916 enim
2701 5819 3057 5916 ignominiam
3091 5829 3242 5882 illam
3275 5819 3353 5879 ad

116 5903 476 5969 colluctationis
495 5917 630 5969 servi
656 5916 758 5981 sui,
790 5917 954 5969 eidem
972 5925 1232 5986 protector
1257 5919 1424 5986 factus
1452 5928 1548 5971 est.
1579 5917 1682 5972 Deo
1780 5903 1958 5972 omnes
2003 5928 2149 5968 (ratio
2207 5903 2507 5980 pertinere)
2554 5903 3195 5973 Constantinopolimnum
3249 5915 3344 5967 pa—
