3794 6582
88 384 122 437 ς,
1211 331 1756 438 nisToamnun
1792 376 2025 442 LIBER
2068 382 2149 445 ῐί.
2192 338 2195 341 ’

3206 386 3313 458 674

75 496 216 559 ἰξεις
277 496 390 548 τῶν
441 494 773 563 λεγομένων,
828 492 888 544 οὐ
925 491 1303 560 συλλογισμοῖς
1331 493 1606 562 χρώμενος

1716 490 2003 562 theologia:
2030 493 2333 561 peritorum
2352 496 2638 553 hominum
2667 490 2869 569 eﬂ‘atis,
2897 504 3019 573 qua:
3046 491 3154 561 illis
3179 503 3308 577 Spl-

79 591 107 638 λ.
168 589 588 657 γεωμετρικαῖς
641 586 909 654 ἀνάγκαις
965 585 1106 655 (οῦδὲ
1145 585 1250 657 γὰρ
1291 579 1405 637 οἷόν
1457 601 1515 637 τε
1548 587 1611 637 ἐκ

75 699 122 734 ιν
155 680 289 733 καθ’
323 682 471 750 ἡμᾶς
515 679 899 732 ἀποδεικνύναι
944 678 1012 730 τὰ
1056 677 1197 748 ὑπὲρ
1238 677 1406 748 ἡμᾶς)
1433 718 1447 742 ,
1474 676 1611 729 ἁλλὰ

73 777 125 835 ῖς
158 773 351 841 λόγοις
385 772 492 825 τῶν
532 772 704 839 ἁγίων
755 771 850 824 καὶ
871 768 1139 837 θεολόγων
1160 768 1387 838 ἀνδρῶν,
1427 768 1519 829 οὓς
1550 768 1609 818 τὸ

73 863 254 931 νεῦμα
307 863 373 915 τὸ
405 859 560 930 ἆγιον
601 861 939 931 ἐχρημάτισε
991 860 1061 911 δι’
1091 859 1292 924 αὐτῶν,
1344 850 1387 925 ᾧ
1431 859 1609 912 πάντα

78 957 344 1019 ευνᾶται,
378 956 471 1008 καὶ
517 956 583 1006 τὰ
611 953 753 1024 βάθη
795 952 887 1005 τοῦ
932 951 1068 1004 Θεοῦ
1091 968 1106 981 ·
1138 953 1429 1003 ἁπεδείκνυ
1460 969 1520 1003 τε
1546 953 1609 1004 ἐκ

73 1048 241 1098 ιλλιῖιν
278 1046 392 1098 τῶν
442 1045 752 1114 λεγομένων
782 1046 842 1097 τὸ
891 1044 1030 1096 κατὰ
1061 1042 1122 1095 τὸ
1152 1042 1436 1113 Θαϐὡριον
1481 1044 1609 1106 τοὺς

71 1139 286 1207 ιθητᾶς
346 1135 765 1206 περιαστράψαν
822 1137 978 1203 φῶς,
1033 1133 1191 1201 δόξαν
1242 1134 1480 1203 ἄναρχον
1513 1133 1608 1186 τοῦ

71 1232 158 1283 ιοῦ
181 1274 197 1295 ,
244 1231 344 1283 καὶ
384 1230 501 1298 φῶς
530 1229 805 1296 θεότητος,
847 1226 947 1280 καὶ
972 1226 1225 1295 Θεότητα,
1253 1225 1347 1278 καὶ
1380 1228 1610 1295 φυσικὸν

71 1324 116 1373 ιί
141 1324 326 1376 ἀΐδιον
356 1324 453 1398 τοῦ
474 1323 611 1376 Θεοῦ
642 1321 779 1390 φῶς,
810 1323 904 1375 καὶ
937 1323 1041 1374 ὅσα
1067 1320 1293 1372 τοιαῦτα
1318 1320 1473 1389 ποιρὰ
1496 1322 1610 1383 τοῖς

78 1414 307 1482 ολόγοις
359 1414 753 1484 πιπευόμενὸν
789 1430 849 1466 τι
902 1413 994 1466 καὶ
1038 1412 1607 1483 προσαγορευόμενον.

69 1502 158 1557 ira
193 1509 262 1558 ἐκ
312 1506 424 1558 τῶν
472 1506 686 1575 ῥήσεων
739 1502 846 1557 τῶν
883 1503 1209 1571 θεολογικῶν
1257 1504 1608 1572 συνεπέραινε

69 1597 117 1647 ιὶ
152 1597 349 1661 αὐτὸς,
370 1597 447 1659 ὡς
476 1596 535 1648 τὸ
559 1597 727 1649 ἁῖδιον
754 1598 848 1649 καὶ
878 1595 1107 1662 φυσικὸν
1129 1594 1222 1647 τοῦ
1246 1594 1380 1648 Θεοῦ
1407 1596 1508 1647 οὐκ
1540 1596 1606 1647 ἂν

69 1704 104 1757 η
143 1688 395 1755 κτιστδν,
416 1688 536 1742 οὐδὲ
569 1688 857 1759 ήᾶναρχος
887 1686 1014 1753 δόξα
1046 1689 1139 1741 καὶ
1172 1688 1203 1755 ἡ
1235 1686 1483 1756 βασιλεία
1514 1686 1608 1740 τοῦ

67 1778 159 1831 εοῦ
183 1817 201 1841 ,
257 1779 372 1833 οὐδ’
416 1779 516 1833 ὅσα
561 1779 696 1850 πρὸς
746 1780 856 1833 τῶν
893 1778 1158 1847 θεολόγων
1191 1779 1253 1830 τὸ
1286 1779 1401 1846 φῶς
1430 1762 1605 1832 ἐκείνό

67 1885 297 1938 ινηται.
344 1871 469 1923 Ἐπὶ
496 1870 707 1932 τούτοις
736 1870 791 1922 δὲ
835 1870 927 1922 καὶ
951 1870 1043 1923 τὸν
1072 1868 1176 1922 ὑπὸ
1199 1869 1309 1921 τῶν
1336 1870 1478 1922 κατὰ
1513 1870 1600 1921 τὸν

67 1962 183 2010 ιοω
219 1958 389 2012 ὁσίων
439 1958 650 2029 ἀνδρῶν
692 1955 1106 2027 συντεθειμένον
1151 1958 1370 2027 παρῆγε
1417 1956 1605 2027 τόμον,

65 2049 259 2118 ,ταύτῷ
286 2050 388 2120 μὲν
414 2051 706 2120 συνηγόρει
739 2048 817 2111 ὡς
839 2048 907 2102 τὰ
939 2049 1030 2105 ἶσα
1077 2048 1188 2111 τοῖς
1245 2048 1418 2116 ἁγίοις
1447 2048 1611 2117 φθεγ-

65 2134 275 2206 ομένῳ.
340 2136 610 2206 Βαρλαὰμ
660 2136 718 2191 δὲ
758 2135 1110 2207 βλασφημίαν
1138 2135 1236 2189 καὶ
1289 2135 1610 2202 κακοδοξίαν

65 2228 328 2298 ιτηγόρει
362 2229 589 2299 πολλήν.
637 2228 792 2281 Ἐπεὶ
823 2228 882 2282 δὲ
907 2231 973 2282 ὲκ
1004 2227 1216 2284 πολλῶν
1239 2228 1348 2282 τῶν
1378 2227 1610 2298 λεγομέ-

63 2337 128 2373 ev
166 2321 203 2389 ἡ
243 2320 372 2389 νίκη
400 2320 536 2391 πρὸς
574 2320 876 2391 Γρηγόριον
910 2320 1188 2374 ἀπέϐλεπε
1220 2323 1314 2374 καὶ
1343 2322 1470 2386 τοὺς
1505 2339 1605 2391 μο-

63 2414 248 2482 ιχοὺς,
286 2414 506 2466 πάντων
542 2414 643 2484 ἤδη
685 2412 1075 2482 πεπεισμένων
1124 2415 1239 2476 τοῖς
1272 2414 1450 2481 ἁγίοις
1480 2413 1610 2468 ἒπε-

63 2502 147 2556 Ξαι
184 2505 286 2556 καὶ
318 2503 612 2572 θεολόγοις,
639 2504 736 2557 καὶ
766 2504 842 2574 μὴ
871 2507 987 2566 τοῖς
1016 2504 1082 2558 ὲκ
1122 2504 1329 2567 κοιλίας
1375 2506 1605 2576 εἰρημέ-

63 2612 133 2658 at;
173 2596 484 2666 Βαρλαὰρ,
539 2596 789 2668 συνεώρα
834 2612 894 2650 τε
938 2600 1034 2651 καὶ
1088 2598 1250 2661 αὐτὸς
1276 2598 1352 2661 ὡς
1396 2600 1499 2653 οὐκ
1541 2600 1609 2653 ἂν

61 2690 333 2758 αδρὰσειε
387 2690 484 2758 τῆς
534 2688 916 2757 γλωσσαλγίας
966 2690 1059 2741 καὶ
1116 2691 1213 2758 τῆς
1271 2690 1608 2761 βωμολοχίας

61 2781 212 2834 iuvat
231 2782 412 2850 δίκην,
451 2782 530 2851 τῷ
580 2783 803 2853 μεγάλῳ
833 2784 1144 2854 δομεστίκῳ
1190 2786 1606 2855 συνεδριάςοντι

61 2875 144 2924 es!
202 2873 281 2942 τῷ
311 2872 522 2943 βασιλεί
575 2873 909 2945 προσελθὼν,
961 2876 1226 2947 σύντομόν
1260 2894 1381 2929 τινα
1425 2878 1608 2947 ᾐτεῖτο

61 2966 125 3016 αὶ
160 2963 418 3034 μήθειαν
449 2968 544 3018 καὶ
579 2965 778 3038 βουλὴν
828 2964 888 3030 ἐξ
914 2959 982 3037 ἧς
1026 2967 1127 3037 τὴν
1148 2956 1605 3039 προσδοκωμένην

59 3055 315 3122 ιαφυ-ίεϊν
343 3055 559 3119 ἐξέσται
578 3056 734 3125 δίκην
751 3072 765 3087 ’
796 3059 825 3109 ό
848 3057 906 3109 δὲ
931 3058 1196 3127 πρότερον
1225 3075 1282 3110 τε
1306 3058 1512 3126 ἔφασκε
1537 3061 1605 3112 τὰ

1716 581 1855 635 ritus
1905 592 2133 637 sanctus
2186 586 2476 654 suggessit,
2531 603 2644 656 quo
2698 591 2884 646 omnia
2943 593 3307 664 indagantur.

1686 674 1878 727 ,etiam
1915 675 2183 743 profunda
2221 678 2352 743 Dei;
2386 678 2729 751 docebatque
2756 683 2997 751 copiose,
3024 687 3213 741 lumen
3248 688 3306 744 in

1713 763 1951 829 Thabor,
1985 766 2130 835 quod
2154 768 2469 837 ,discipulos
2506 772 2874 839 collustravit,
2902 790 3026 830 esse
3069 779 3304 847 gloriam

1713 853 1831 916 Dei,
1862 855 2138 925 principio
2170 869 2471 924 carentem,
2518 870 2573 915 et
2610 863 2948 933 maiestatem
2974 862 3113 936 eius,
3141 879 3194 922 et
3221 870 3308 923 lu-

1714 959 1835 999 men
1889 945 2211 1013 divinitatis,
2272 958 2327 1003 et
2374 950 2653 1018 deitatem,
2712 962 2767 1009 et
2819 958 3071 1012 naturale
3142 969 3307 1015 {eter-

1712 1049 1953 1104 numque
2009 1036 2103 1091 Dei
2140 1039 2347 1105 lumen,
2408 1049 2465 1095 et
2521 1057 2865 1114 quaecunque
2911 1048 3038 1101 talia
3082 1061 3113 1101 a
3149 1050 3310 1105 theo-

1712 1126 1849 1194 logis
1920 1126 1986 1181 de
2080 1144 2147 1183 eo
2221 1134 2523 1187 creduntur
2602 1136 2990 1205 dicunturque.
3061 1138 3311 1196 Postmo-

1712 1214 1841 1268 dum
1875 1233 1941 1271 ex
1976 1221 2341 1285 pronuntiatis
2397 1223 2721 1294 theologicis
2751 1236 2807 1281 et
2845 1228 2961 1296 ipse
3010 1233 3308 1287 concludes

1712 1306 1823 1371 bat,
1854 1320 2124 1365 mternum
2180 1323 2235 1367 et
2265 1318 2513 1371 naturale
2542 1316 2638 1371 Dei
2683 1333 2791 1372 non
2836 1334 2957 1375 esse
3001 1324 3303 1393 conditum,

1713 1414 1813 1453 nec
1855 1401 1973 1470 ejus
2022 1403 2251 1472 gloriam
2303 1416 2359 1462 et
2400 1409 2765 1478 majestatem,
2808 1425 2910 1465 nec
2959 1412 3230 1485 quidquid
3272 1432 3303 1471 a

1714 1494 1982 1565 theologis
2014 1496 2146 1551 illud
2177 1500 2363 1555 lumen
2398 1516 2518 1556 esse
2560 1503 2896 1572 praedicatur
2929 1518 2994 1560 ac
3018 1508 3298 1562 laudatur‘.

1710 1585 1872 1658 335
1950 1589 2222 1646 Praeterea
2298 1601 2506 1648 tomum
2577 1611 2606 1648 a
2665 1596 2871 1651 sanctis
2943 1597 3080 1653 viris
3154 1601 3302 1670 apud

1721 1680 1865 1735 Atho
1891 1680 2273 1739 habitantibus
2294 1686 2656 1755 compositum
2685 1689 2993 1755 promebat,
3025 1706 3135 1761 quo
3177 1707 3304 1748 eum

1713 1784 1838 1825 cum
1863 1772 2066 1826 sanctis
2096 1776 2410 1829 consentire
2439 1777 2759 1843 docebatur,
2785 1789 2839 1834 et
2864 1779 3131 1835 Barlaami
3159 1782 3306 1838 blas-

1708 1863 1935 1931 phemiae
1956 1880 2321 1936 perversaque
2356 1866 2604 1923 doctrina
2638 1869 3142 1941 :redarguebantur.
3167 1871 3301 1929 Cum

1701 1955 1812 2024 jam
1853 1964 1980 2024 post
2009 1956 2225 2029 longam
2261 1959 2697 2030 disputationem
2722 1963 2958 2018 victoria
2990 1965 3056 2020 ad
3094 1962 3307 2035 Grego—

1711 2047 1853 2101 rium
1932 2057 1989 2102 et
2041 2050 2339 2106 monachos
2386 2051 2700 2117 inclinaret,
2745 2054 3135 2126 persuasisque
3182 2056 3305 2109 uni-

1710 2140 1909 2210 versis,
1939 2150 2263 2209 sanctorum,
2284 2152 2341 2199 et
2401 2145 2782 2225 theologorum
2815 2147 3040 2216 placita,
3069 2164 3178 2203 non
3204 2163 3303 2203 au-

1712 2239 1821 2286 tem
1846 2246 1910 2286 ex
1938 2234 2175 2311 cerebro
2214 2234 2485 2291 Barlaami
2518 2236 2766 2308 profecta
2816 2249 3127 2295 commenta
3181 2256 3299 2293 am,

1710 2320 2034 2390 plectentia,
2077 2322 2403 2395 videretque
2464 2325 2581 2394 ipse
2614 2366 2627 2391 ,
2678 2341 2788 2380 non
2832 2325 3186 2398 effugiturum
3219 2344 3297 2390 se,

1710 2413 1844 2481 quin
1905 2412 2191 2484 loquacem
2261 2414 2706 2471 maledicentiam
2771 2426 2827 2471 et
2904 2417 3299 2473 scurrilitatem

1713 2520 1868 2560 suam
1900 2506 2096 2571 lueret,
2126 2506 2194 2560 ad
2241 2522 2498 2578 magnum
2575 2507 2940 2562 domesticum
2979 2508 3301 2578 imperatori

1734 2595 2064 2650 assidentem
2096 2597 2384 2661 accedens,
2416 2598 2886 2667 compendiariam
2913 2599 3191 2669 quoddam
3229 2599 3299 2654 ab

1708 2698 1776 2740 eo
1821 2684 2087 2739 auxilium
2118 2696 2173 2740 et
2222 2687 2513 2742 consilium
2572 2687 2850 2757 ﬂagitabat
2882 2729 2900 2755 ,
2962 2694 3072 2759 quo
3121 2687 3301 2742 inuni-

1707 2784 1925 2830 nentem
1955 2792 2173 2845 pmnam
2206 2777 2490 2833 evaderet.
2526 2777 2663 2832 Tum
2708 2777 2820 2845 ille,
2845 2788 2901 2833 et
2922 2788 3081 2833 antea
3108 2794 3165 2833 se
3192 2778 3305 2850 0p-'

1706 2875 1940 2935 portuua
1974 2869 2235 2932 suasisse,
2266 2866 2397 2922 dum
2453 2881 2484 2923 a
2536 2870 2697 2938 longa
2727 2884 2853 2923 eum
2903 2868 3295 2940 digladiatioue

1709 2957 2036 3023 deterreret,
2067 2968 2122 3014 et
2188 2958 2254 3013 ad
2285 2958 2619 3015 credendum
2662 2960 2943 3016 monachis
2971 3001 2986 3027 ,
3021 2968 3207 3029 utpote
3242 2960 3299 3014 in

1707 3048 1793 3103 his
1825 3048 2260 3118 sapientioribus
2290 3050 2611 3105 hortaretur
2662 3069 2673 3105 :
2713 3062 2771 3106 et
2819 3066 2968 3107 nunc
3014 3051 3301 3105 nihilomi-

59 3144 221 3195 ἐοντα
240 3142 625 3211 βεϐουλεῦσθαι
646 3145 820 3214 αὐτῷ,
853 3146 1138 3217 παραινῶν
1163 3147 1259 3217 τῆς
1285 3147 1488 3219 πολλῆς
1513 3165 1606 3218 φι-

1712 3154 1815 3196 nus
1842 3156 2155 3205 suasurum,
2180 3141 2561 3213 facturumque
2589 3141 2735 3212 quod
2765 3141 2841 3196 illi
2870 3141 3131 3213 prodesse
3174 3157 3301 3211 pos-

57 3236 303 3300 ονεικίας
330 3238 688 3307 ἀποσχέσθαι,
725 3240 816 3291 καὶ
864 3239 1149 3293 πείθεσθαι
1190 3243 1303 3301 τοῖς
1350 3245 1607 3310 μοναχοίς

57 3345 101 3388 ις
132 3329 202 3380 τὰ
223 3327 447 3380 τοιαῦτα
479 3330 811 3400 σοφωτέροις
834 3348 849 3362 ’
878 3331 973 3384 καὶ
1003 3330 1098 3383 νῦν
1118 3331 1271 3405 οὐδὲν
1292 3329 1455 3404 ἦττον
1486 3333 1610 3401 βου-

58 3414 321 3467 εύσεσθαι
351 3416 444 3469 καὶ
478 3416 709 3486 πράξειν
736 3418 803 3470 τὰ
826 3418 1146 3472 συνοίσοντα
1168 3419 1309 3488 ὑπὲρ
1333 3419 1519 3474 αὐτοῦ.
1544 3420 1606 3473 Et

58 3510 141 3575 ἀρ
170 3508 307 3575 μήτε
336 3507 641 3575 ἁντιλὲγειν
671 3508 751 3562 ἔτι
776 3509 909 3580 πρὸς
938 3510 1006 3564 τὰ
1039 3512 1433 3580 προπινόμενα
1464 3514 1604 3583 ἔχει,

57 3598 267 3651 εέπεικέ
313 3616 377 3652 τε
429 3599 629 3652 ἑαυτὸν
656 3600 733 3664 ὡς
788 3599 985 3670 βελτίω
1038 3602 1136 3655 καὶ
1175 3602 1491 3671 δικαιότερα
1513 3607 1621 3685 καὶ.

58 3692 147 3751 οἷς
170 3690 343 3757 ἁγίοις
373 3690 584 3759 συνῳδὰ
601 3691 936 3760 φθέγγονται
956 3693 1006 3745 οί
1048 3694 1298 3763 μοναχοὶ,
1323 3695 1376 3745 τί
1403 3694 1484 3747 δεῖ
1505 3693 1604 3764 τὴν

57 3784 213 3848 δῆφον
243 3780 366 3836 κατ’
398 3781 564 3835 αὑτοῦ
592 3782 936 3853 ἐξαγομένην
963 3783 1284 3854 περιμένειν
1316 3785 1555 3838 κατιδεῖν
1582 3822 1601 3849 ,

57 3873 169 3925 ιλλὰ
220 3872 294 3943 μὴ
349 3873 615 3943 πρότερον
645 3874 1053 3940 ἐξαναστάντα,
1086 3875 1190 3945 τήν
1219 3861 1279 3928 τέ
1325 3876 1604 3945 προτέραν

57 3962 252 4025 ιγνοιαν
277 3962 368 4014 ἐπὶ
390 3961 925 4032 πάντωνόμολογείν,
951 3964 1044 4018 καὶ
1066 3965 1167 4035 τὴν
1189 3964 1285 4018 νῦν
1306 3966 1604 4035 ἐπίγνωσιν

57 4053 133 4121 τῆς
146 4053 418 4121 ἀληθείας,
446 4055 669 4117 καὶτοῖς
690 4070 751 4107 τι
776 4056 955 4123 ἁγίοις
985 4056 1272 4110 πείθεσθαι
1295 4058 1607 4124 συνθέσθαι,

57 4145 136 4197 (αἱ
156 4144 252 4213 τήν
268 4143 466 4215 ἔχθραν
484 4144 775 4229 καταλύειν
791 4147 890 4217 τὴν
907 4146 1045 4217 πρὸς
1063 4147 1189 4211 τοὺς
1213 4150 1480 4219 μοναχούς
1504 4167 1521 4213 ;
1547 4152 1605 4204 Ei

57 4233 147 4302 νὰρ
174 4232 342 4287 ταῦτα
371 4232 696 4303 πειθόμενος
718 4235 870 4305 αὐτῷ
898 4236 1140 4305 ποιήσει,
1169 4236 1292 4290 οὔτε
1319 4237 1492 4307 βλὰὅη
1522 4256 1604 4302 τις

58 4326 225 4393 ψεται
253 4329 315 4379 ἐκ
340 4327 448 4379 τῶν
476 4326 651 4395 λόγων
672 4326 918 4399 οὐδεμία,
952 4326 1208 4398 βασιλεύς
1232 4347 1292 4384 τε
1315 4332 1410 4385 καὶ
1435 4332 1486 4385 oi.
1508 4331 1602 4385 ἁλι

58 4434 120 4468 ,οι
157 4418 350 4478 πάντες
381 4419 760 4472 ἐπαινέσονται
801 4418 902 4489 τῆς
946 4420 1084 4490 πρὸς
1117 4421 1185 4474 τὰ
1217 4421 1414 4491 βελτίω
1438 4439 1606 4491 μετα-

1710 3232 1802 3288 sit.
1839 3230 1894 3287 Si
1953 3237 2103 3287 enim
2148 3248 2250 3287 nec
2280 3233 2347 3288 ad
2376 3233 2538 3288 allata
2591 3234 2645 3288 in
2705 3235 2943 3287 medium
3003 3230 3311 3286 refellendi

1708 3339 1874 3378 causa
1899 3323 2196 3395 quidquam
2231 3324 2417 3381 dicere
2444 3326 2674 3381 haberet
2724 3326 2981 3395 amplius,
3011 3323 3293 3380 crederet-

1720 3429 1827 3486 que
1860 3417 2158 3472 monachos
2193 3416 2420 3472 meliora
2453 3426 2506 3473 et
2545 3417 2779 3489 justiora
2830 3428 2885 3471 et
2931 3419 3136 3473 sanctis
3168 3432 3297 3472 con-

1707 3517 1968 3563 sentanea
2024 3508 2324 3572 disserere,
2378 3508 2511 3578 quid
2563 3524 2702 3579 opus
2755 3516 2899 3563 esset
2944 3516 3293 3576 exspectare,

1714 3597 1890 3653 donec
1920 3607 2041 3652 atro
2071 3597 2285 3654 calculo
2328 3614 2387 3654 se
2420 3597 2670 3653 damnari
2726 3598 2938 3653 videret
2968 3598 2992 3651 ?
3021 3596 3164 3663 Quin
3198 3613 3299 3668 po-

1712 3687 1823 3740 tius
1854 3698 2200 3754 exsurgeret,
2223 3687 2576 3756 prioremque
2613 3686 2885 3740 inscitiam
2938 3694 2994 3739 et
3045 3685 3285 3755 agnitam

1713 3779 2001 3833 veritatem
2026 3778 2203 3848 palam
2226 3778 2682 3841 conﬁteretur,_et
2699 3776 2904 3831 sanctis
2930 3774 3296 3830 assentiretur

1711 3866 2140 3939 inimicitiasque
2163 3885 2286 3924 cum
2307 3869 2595 3924 monachis
2611 3878 2862 3939 poneret.
2882 3866 2938 3923 Si
2963 3882 3022 3923 se
3046 3866 3287 3933 audiret,

1710 3975 1889 4030 neque
1918 3959 2234 4014 detrimenti
2262 3959 2559 4029 quidquam
2585 3968 2927 4021 secuturum,
2958 3966 3013 4012 et
3044 3959 3281 4027 impera-

1713 4064 1885 4107 torem
1924 4062 2253 4121 caeterosque
2310 4052 2725 4106 conversionem
2794 4050 2911 4120 ejus
2937 4048 3284 4103 laudaturos.

1706 4143 1828 4198 Non
1860 4144 2007 4198 enim
2037 4153 2145 4197 tam
2170 4144 2394 4215 dignum
2424 4157 2545 4198 esse
2577 4142 2823 4197 accusari
2857 4141 2950 4211 qui
2985 4155 3015 4194 a
3046 4140 3276 4196 veritate

1708 4236 2067 4302 aberraverit,
2099 4250 2265 4307 quam
2305 4233 2704 4300 commendari,
2739 4233 2834 4304 qui
2899 4233 2965 4288 ad
3009 4247 3129 4287 eam
3158 4248 3289 4287 san-

1708 4328 1814 4384 ctis
1837 4328 1973 4383 viris
1998 4336 2058 4384 et
2085 4328 2354 4398 theologis
2376 4327 2611 4383 credens
2636 4325 2857 4381 redierit
2877 4343 2891 4380 :
2910 4332 2966 4380 et
2990 4325 3293 4380 monachos

1710 4419 2014 4474 secundum
2041 4420 2190 4490 leges
2224 4420 2469 4490 ipsorum
2522 4418 2799 4488 spiritales
2841 4418 3050 4485 majore
3100 4416 3155 4469 in
3189 4430 3289 4484 po-

57 4506 220 4573 Ξολῆς.
244 4508 316 4560 Οὐ
347 4508 457 4577 γὰρ
478 4508 734 4564 τοσοῦτον
762 4510 824 4563 τδ
851 4510 951 4580 τῆς
986 4511 1248 4579 ἀληθείας
1279 4514 1602 4583 ἀποπλανη-

1712 4520 1916 4566 sterum
1942 4511 2207 4567 charitate
2238 4512 2592 4581 candoreque
2616 4510 2781 4564 animi
2816 4509 2869 4563 in
2896 4524 3021 4563 eum
3050 4506 3286 4571 futuros,

57 4600 196 4666 λῆναι
223 4601 553 4669 κατηγορίας
600 4600 773 4666 ἀξιον,
803 4603 927 4659 ὅσον
954 4604 1016 4657 τὸ
1046 4604 1185 4675 πρὸς
1224 4604 1397 4676 αὐτὴν
1436 4607 1606 4660 ἐπαν-

57 4690 211 4744 μλθείν
238 4693 350 4755 τοῖς
397 4692 577 4760 ἁγίοις
630 4692 953 4763 πειθόμενον
986 4694 1080 4748 καὶ
1136 4694 1415 4764 θεολόγοις
1449 4698 1611 4751 ἔπαι-

57 4781 189 4834 ρετόν
220 4798 234 4813 ο
298 4784 392 4836 καὶ
451 4786 500 4838 oi
579 4786 809 4855 μοναχοὶ
883 4786 943 4839 δὲ
1024 4788 1137 4850 τοῖς
1212 4793 1609 4858 πνευματικοῖς

57 4874 348 4941 πειθόμενοι
393 4876 601 4945 νόμοις,
672 4876 899 4947 μείζονα
951 4878 1282 4943 ὲνδείξονται
1340 4880 1461 4933 νυνὶ
1509 4882 1608 4950 τὴν

57 4963 220 5029 ριλίαν
245 4963 377 5030 πρὸς
418 4963 477 5017 σὲ
512 4965 609 5016 καὶ
634 4965 736 5035 τὴν
769 4966 1218 5036 εὐγνωμοσύνην,
1252 4967 1285 5038 ἢ
1322 4968 1445 5022 καθ’
1476 4956 1602 5023 ὅσον

57 5055 300 5123 πρότερον
323 5054 689 5113 ἐνεδείκνυντο
716 5055 816 5125 τὴν
866 5056 1093 5129 πικρίαν
1136 5059 1231 5111 καὶ
1259 5059 1358 5127 τὴν
1385 5059 1605 5130 ἔχθραν,

57 5148 117 5208 b;
140 5148 196 5199 οὐ
226 5146 327 5198 τῶν
354 5147 435 5209 είς
460 5146 659 5211 αὐτοὺς
687 5146 848 5200 ἕνεκα
879 5147 1185 5217 λοιδοριῶν,
1211 5149 1348 5203 ἀλλὰ
1372 5149 1472 5220 τῆς
1493 5152 1605 5204 τῶν

57 5237 316 5304 mpii-mu
339 5237 671 5307 ἀμυνόμενοι
691 5223 1063 5309 διαστροφῆςλ
1095 5234 1171 5297 ὧν
1204 5240 1386 5304 καλῶς
1409 5243 1502 5294 καὶ
1533 5240 1609 5304 ὡς

57 5329 308 5399 προσῆκεν
326 5330 788 5399 ἀποδεδειγμένων
807 5333 853 5384 εἰ
890 5334 985 5386 καὶ
1017 5337 1082 5385 σὺ
1114 5333 1423 5403 πεισθείης,
1452 5334 1605 5386 οὐδὲν

57 5420 151 5472 »ω’
175 5421 321 5472 αὐτοὶ
345 5420 646 5491 ζητήσουσι
671 5422 984 5493 περαιτέρω
1006 5440 1021 5455 ·
1050 5424 1168 5477 ἀλλ’
1185 5424 1342 5492 ἀξίαν
1371 5425 1607 5494 ἀμοιϐὴν

57 5512 146 5564 τῶν
174 5512 371 5566 πολλῶν
400 5514 578 5566 πόνων
606 5514 698 5567 καὶ
718 5513 981 5568 κινδύνων
1011 5515 1287 5583 νομιοῦσιν
1318 5515 1463 5583 ἔχειν
1509 5514 1605 5583 τὴν

57 5606 309 5673 Ξιέρθωσιν
338 5606 435 5672 τὴν
467 5606 589 5673 σήν.
620 5605 884 5675 Βιρλαὰμ
923 5605 980 5657 δὲ
1012 5607 1134 5658 ’καὶ
1162 5604 1310 5668 αὐτῷ
1346 5606 1444 5673 μὲν
1470 5604 1601 5671 ἔφα·

57 5713 166 5747 ςκεν
186 5695 403 5765 cipiath
438 5695 722 5761 φαίνεσθαι
746 5695 951 5766 ταύτην
978 5696 1078 5767 τὴν
1104 5694 1300 5766 βουλήν
1321 5712 1335 5727 ο
1366 5694 1602 5748 δεδοικέ-

57 5804 124 5837 ut
162 5787 210 5837 δὲ
247 5788 316 5855 μὴ
357 5787 457 5839 οὐκ
502 5786 890 5857 ὲξαρκέσουσιν
928 5788 975 5839 oi
1032 5787 1180 5854 λόγοι
1236 5785 1370 5855 πρὸς
1395 5785 1452 5836 τὸ
1486 5789 1597 5837 τῶν

1707 4616 1871 4672 quam
1932 4602 2089 4671 prius
2157 4602 2529 4656 amaritudine
2589 4610 2646 4655 et
2698 4601 2977 4655 simultate
3034 4598 3283 4653 fuerint:

1708 4694 1912 4763 quippe
1944 4692 2041 4761 qui
2077 4707 2185 4746 non
2213 4692 2472 4746 couvitiis
2502 4692 2554 4745 in
2587 4707 2643 4745 se
2677 4691 2892 4756 effusis,
2924 4705 3116 4744 verum
3154 4704 3282 4757 per-

1708 4784 1954 4840 versitati
1993 4781 2257 4837 doctrina:
2291 4781 2680 4837 ecclesiastica:
2718 4784 2976 4836 resistant
3012 4798 3024 4833 :
3081 4780 3287 4848 quibus

1709 4875 1872 4939 bene,
1905 4884 2067 4944 atque
2100 4882 2159 4926 ιιι
2183 4872 2341 4927 decet
2383 4872 2798 4933 demonstratis,
2830 4872 2872 4925 si
2921 4870 2970 4924 ei
3018 4869 3163 4923 facta
3209 4870 3283 4923 sit

1711 4968 1865 5027 ﬁdes,
1894 4968 2034 5021 nihil
2077 4965 2315 5033 amplius
2355 4964 2763 5017 desideraturos
2793 5002 2810 5027 ,
2841 4960 2934 5015 sed
2977 4960 3281 5015 correctio-

1709 5072 1834 5112 nem
1915 5056 2090 5126 ipsius
2147 5055 2441 5109 multorum
2498 5052 2743 5106 laborum
2800 5050 3283 5121 periculorumtu

1710 5164 1934 5203 suorum
1966 5162 2147 5217 operae
2178 5146 2414 5216 pretium
2450 5143 2934 5213 interpretaturos.
2964 5139 3282 5194 Barlaamus

1710 5236 2001 5301 afﬁrmare,
2036 5236 2140 5291 sibi
2168 5249 2386 5305 quoque
2411 5234 2676 5302 optimum
2708 5229 2882 5285 videri
2911 5228 3051 5283 istuc
3096 5229 3281 5285 consi-

1710 5326 1844 5382 lium
1873 5367 1888 5391 ,
1929 5329 2121 5381 timere
2149 5334 2351 5386 tamen,
2380 5338 2446 5376 ne
2473 5321 2637 5374 verba
2668 5320 2734 5374 ad
2770 5334 2828 5374 se
2857 5319 3103 5389 periculo
3132 5318 3269 5373 libe-

1713 5403 1945 5474 randum
2002 5419 2134 5473 satis
2192 5432 2300 5470 non
2353 5416 2467 5470 sint
2504 5454 2518 5477 ,
2567 5413 2662 5468 sed
2712 5421 2835 5479 post
2876 5411 3275 5467 confessionem

1711 5524 1929 5579 quoque
1959 5510 2141 5576 aliqua
2178 5506 2442 5575 multetur
2486 5502 2991 5574 ignominiaucum
3031 5504 3282 5571 probatis

1712 5613 1769 5657 et
1800 5601 2035 5669 receptis
2065 5599 2333 5667 dogmatis
2378 5613 2435 5651 se
2471 5595 2812 5666 opposuerit.
2846 5593 2984 5649 Tum
3022 5596 3280 5651 infamem

1708 5694 1843 5755 fore,
1871 5707 1969 5744 nec
1992 5693 2169 5744 locum
2204 5688 2540 5744 defensionis
2582 5685 2827 5741 relictum
2852 5686 2919 5742 iri
2940 5687 3093 5756 quasi
3125 5685 3176 5740 id
3205 5686 3288 5740 in-

1703 5783 1847 5851 jule
1873 5780 2131 5849 patiatur,
2153 5776 2593 5850 quandoquidem
2628 5775 2878 5845 seipsum
2900 5775 3239 5830 damnaverit
3262 5790 3279 5827 :
