3794 6562
341 317 452 384 675

1505 305 1833 373 JOANNIS
1867 296 2396 365 CANTACUZENI

3469 292 3570 360 676

349 445 407 491 ut
427 435 655 506 proinde
671 435 718 490 si
739 434 866 489 talia
893 447 1151 504 passurus
1167 433 1261 496 sit,
1282 428 1476 486 melius
1494 428 1743 484 videatur
1759 424 1926 486 silem-

2052 417 2292 472 ιινδύνων
2319 415 2630 485 ἐξαρπάσαι
2649 429 2664 445 °
2696 413 2834 468 ἀλλὰ
2860 413 2954 467 καὶ
2982 412 3137 506 μετὰ
3163 412 3267 482 τὴν
3286 412 3600 482 ὁμολογίαν,

343 527 424 580 tio
439 519 953 594 ferrejndicium,ut
972 533 1027 578 et
1045 522 1275 593 336m
1303 528 1579 588 posterum
1598 516 1701 570 sibi
1730 512 1926 568 factam

348 617 602 685 injuriam
625 617 805 670 dicere
822 624 1008 684 queat,
1030 613 1362 684 etjudicinm
1391 606 1634 663 revocari
1653 604 1840 674 possit.
1861 597 1928 654 At

353 724 587 776 magnus
606 708 942 760 domesticus
962 705 1114 758 illum
1131 704 1464 757 eonﬁrmare
1488 711 1842 763 monereque,
1860 707 1926 747 nc

347 799 476 866 quid
503 798 812 865 hujnsmodi
859 806 1062 850 metuat
1088 811 1101 846 :
1128 811 1185 849 se
1213 803 1496 862 praesente,
1525 789 1660 842 nihil
1687 788 1736 842 ei
1763 787 1918 838 triste

345 899 690 943 eventurum.
711 887 810 942 Cui
838 888 1220 954 obtemperans
1243 885 1579 944 Barlaamus,
1604 881 1657 934 in
1683 878 1924 932 medium

349 982 554 1049 prodit,
600 980 932 1049 przeteritam
958 979 1322 1047 ignorantiam
1349 975 1658 1038 conﬁtetur,
1710 971 1926 1024 veniam

355 1073 426 1126 ob
454 1071 619 1124 stulte
650 1071 796 1124 dicta
828 1070 962 1138 petit
990 1087 1003 1120 :
1039 1084 1097 1123 se
1148 1085 1253 1120 non
1307 1064 1684 1120 contentionis
1737 1076 1924 1124 causa,

362 1177 538 1227 neque
569 1159 716 1228 quod
748 1159 1124 1227 theologorum
1157 1158 1224 1209 de
1254 1158 1366 1209 Deo
1391 1154 1630 1208 decretis
1656 1168 1763 1206 non
1798 1166 1920 1204 ere-

350 1253 528 1312 deret,
559 1252 624 1303 ad
647 1249 763 1304 .hos
793 1264 1077 1303 sermones
1109 1260 1454 1318 provectum,
1496 1246 1590 1300 sed
1650 1259 1777 1298 cum
1806 1243 1921 1313 ipse

350 1355 544 1394 errans
574 1339 714 1392 alios
739 1353 929 1394 errare
962 1339 1313 1408 upinaretur,
1351 1336 1418 1389 ad
1456 1350 1649 1402 eorum
1683 1348 1926 1387 errorem

353 1431 760 1486 emendandum
811 1445 1028 1484 omnem
1080 1430 1418 1498 diligentiam
1479 1427 1709 1497 impigre
1760 1424 1925 1481 adhi-

355 1521 565 1574 buisse.
605 1519 760 1572 Nunc
804 1519 964 1588 plane
1012 1517 1262 1581 credere,
1298 1512 1422 1570 illos
1452 1516 1520 1570 de
1552 1513 1925 1570 controversia

355 1609 556 1662 melius
584 1622 798 1675 sapere,
829 1615 885 1662 et
921 1608 973 1660 in
1016 1607 1141 1660 aliis
1184 1605 1322 1658 nihil
1373 1605 1440 1658 ab
1495 1603 1578 1658 eis
1615 1602 1924 1667 dissidere;

354 1708 414 1752 et
455 1697 603 1766 quod
655 1698 710 1751 in
738 1697 956 1752 'l’habor
984 1697 1170 1750 lumen
1202 1695 1504 1764 discipulos
1542 1691 1926 1753 circumlulsit,

355 1786 586 1855 gloriam
621 1786 715 1840 Dei
781 1785 1036 1855 principii
1079 1792 1380 1853 expertem,
1414 1791 1472 1837 et
1512 1792 1776 1836 aeternum
1808 1795 1929 1835 esse

356 1877 550 1931 lumen
577 1877 804 1931 credere
852 1891 910 1930 se
947 1888 1108 1944 atque
1161 1873 1436 1928 conﬁteri.
1474 1873 1596 1926 Mox
1628 1871 1928 1940 Gregorius

357 1966 606 2021 Palamas
647 1982 770 2020 cum
825 1975 968 2020 cmtu
998 1981 1099 2020 suo
1126 1977 1415 2034 surgentes
1470 1963 1924 2030 Barlaamumque

356 2059 650 2127 complexi,
677 2057 891 2113 veniam
927 2058 1218 2126 praeteritis
1271 2055 1506 2109 libenter
1540 2053 1833 2118 dederunt,
1867 2063 1924 2106 et

357 2151 673 2218 praeclaram
733 2148 894 2202 istam
947 2148 1306 2201 mutationem
1348 2145 1742 2215 prmdicarunt,
1788 2144 1932 2198 Deo-

358 2257 466 2309 qtte
499 2242 646 2311 pacis
679 2249 735 2295 et
780 2241 1093 2294 concordiae
1122 2239 1329 2309 gratias
1358 2246 1626 2307 egerunt,
1667 2235 1931 2305 proﬁten-

360 2341 462 2393 tes,
493 2346 594 2385 nec
617 2347 675 2384 se
703 2340 1042 2385 terrenarum
1077 2345 1140 2383 ae
1172 2329 1520 2418 peEeuntium
1551 2342 1732 2381 rerum
1760 2325 1932 2395 gratia

361 2431 468 2472 tam
505 2421 706 2473 acriter
731 2433 999 2488 pugnasse
1029 2457 1045 2479 ,
1099 2417 1197 2470 sed
1232 2415 1301 2470 ne
1332 2415 1387 2469 in
1420 2416 1604 2484 plures
1628 2415 1769 2468 malo
1802 2427 1932 2482 pro-

360 2518 583 2578 pag-ato,
611 2518 707 2562 aut
746 2522 1132 2577 perversorum
1181 2505 1499 2576 dogmatum
1549 2504 1792 2559 Ecclesia
1847 2519 1934 2558 re-

361 2600 631 2667 pleretur,
686 2609 782 2651 aut
831 2598 1194 2652 factionibus’
1217 2606 1272 2650 et
1322 2596 1570 2662 dissidiis
1607 2597 1662 2648 in
1715 2610 1775 2650 se
1815 2596 1932 2666 ipsa

363 2689 724 2754 divideretur,
759 2688 888 2742 dum
931 2682 1023 2741 alii
1073 2688 1180 2754 his,
1229 2688 1322 2742 alii
1363 2687 1473 2741 illis
1519 2686 1821 2741 adhazrent.
1856 2687 1934 2740 Ac
1970 2689 1975 2696 '

363 2793 653 2849 prOpterea
685 2779 976 2834 immodice
1003 2779 1270 2850 litigiosos
1296 2795 1354 2833 se
1381 2779 1726 2848 apparuisse,
1759 2779 1853 2847 qui
1881 2779 1934 2831 in

362 2871 487 2924 aliis
537 2870 795 2924 omnibus
841 2866 906 2924 ad
960 2867 1441 2924 mansuetudinem
1503 2878 1558 2924 et
1607 2870 1774 2923 animi
1809 2869 1937 2924 sub-

363 2962 680 3017 missionem
708 2961 910 3016 eruditi
936 2963 1044 3017 sint
1080 2980 1095 3018 :
1130 2963 1221 3016 ubi
1253 2974 1434 3016 autem
1469 2962 1612 3016 Deus
1635 2962 1690 3015 in
1722 2960 1938 3029 pericu-

2029 507 2218 578 ἀτιμία
2238 525 2319 572 τις
2336 507 2497 561 αὑτοῦ
2517 505 2925 575 καταψηφισθῇ,
2952 497 3040 557 οἷα
3062 505 3125 574 δὴ
3149 504 3292 558 κατὰ
3305 503 3418 558 τῶν
3436 504 3605 572 ὀρθῶν

2027 593 2314 661 δογμάτων
2367 593 2816 663 ὲξενηνεγμένου.
2873 595 2986 645 Καὶ
3021 594 3146 646 τότε
3212 595 3413 661 ἄτιμον
3469 589 3604 646 εἶναι

2031 677 2368 754 συμϐήσεται
2401 683 2570 753 αὐτῷ,
2603 685 2701 736 καὶ
2751 670 2878 754 μηδ’
2903 685 3204 753 ἀπολογίαν
3240 687 3361 736 τινὰ
3387 683 3606 752 ὕστερον

2028 774 2172 842 ἔχειν
2202 771 2279 837 ὡς
2301 774 2361 826 οὐ
2386 775 2612 836 δικαίως
2643 775 2868 826 τοιαῦτα
2905 776 3088 839 πάθοι,
3123 769 3212 827 οἷα
3241 776 3305 842 δὴ
3337 776 3432 826 καὶ
3455 775 3610 826 αὑτὸν

2027 864 2506 933 κατεψηφισμένον
2534 864 2729 916 ἑαυτοῦ
2752 880 2766 895 ⁸
2805 864 2878 927 ὡς
2908 867 2959 916 sl’
2978 882 3040 930 γε
3073 865 3301 917 τοιαῦτα
3330 866 3610 916 πείσεσθαι

2031 949 2236 1018 μέλλοι,
2261 949 2464 1019 βέλτιον
2489 954 2669 1019 σιωπῇ
2700 953 2799 1021 τὴν
2841 953 3000 1021 δίκην
3031 954 3298 1018 ἐνεγκεῖν,
3327 953 3473 1004 ὥστε
3525 952 3613 1002 καὶ

2029 1039 2271 1102 εἰσαῦθις
2299 1040 2590 1110 ἠδικῆσθαι
2641 1040 3132 1108 λέγειν-δύνασθαι,
3169 1045 3265 1094 καὶ
3311 1042 3415 1107 τὴν
3458 1042 3615 1105 δίκην

2029 1131 2436 1184 ἀνακαλεῖσθαι.
2471 1132 2528 1184 Ὀ
2567 1133 2740 1201 μέγας
2771 1133 2826 1185 δὲ
2849 1133 3176 1200 δομέστικος
3229 1133 3620 1204 παρεθάρρυνὲ

2031 1240 2112 1289 τε,
2149 1225 2243 1276 καὶ
2276 1223 2350 1293 μὴ
2383 1223 2612 1276 τοιαῦτα
2665 1224 2901 1294 παρῄνει
2931 1226 3254 1291 δεδοικέναι,
3310 1226 3393 1287 ὡς
3447 1226 3616 1278 αὑτοῦ

2033 1315 2327 1383 παρόντος,
2387 1315 2604 1376 οὐδενὸς
2658 1317 3032 1385 γενησομένου
3087 1317 3180 1369 τοῦ
3213 1317 3414 1368 λυπεῖν
3451 1318 3621 1368 αὑτὸν

2032 1401 2426 1470 δυνησομένου·
2471 1396 2516 1470 ᾧ
2547 1404 2642 1455 καὶ
2679 1405 3000 1472 πειθόμενος
3031 1407 3060 1457 ὁ
3087 1406 3381 1475 Βαρλαὰμ,
3416 1407 3623 1472 παρελ-

2031 1492 2140 1545 θὼν
2161 1495 2242 1555 εἰς
2283 1493 2504 1563 μέσους,
2528 1494 2630 1562 τήν
2655 1509 2715 1546 τε
2747 1495 3017 1564 προτέραν
3044 1497 3271 1562 ἄγνοιαν
3315 1496 3622 1565 ὡμολόγει,

2029 1583 2126 1635 καὶ
2156 1582 2490 1651 συγγνώμην
2537 1584 2630 1634 ἐπὶ
2680 1586 2793 1646 τοῖς
2832 1585 3148 1654 εἰρημένοις
3199 1587 3410 1655 ᾐτεῖτο,
3439 1585 3527 1646 ὡς
3563 1589 3623 1636 οὐ

2031 1674 2361 1750 φιλονεικίας
2384 1675 2549 1728 ἕνεκα
2582 1674 2780 1743 λέγων,
2811 1675 2934 1728 οὐδὲ
2966 1675 3060 1728 τοῦ
3082 1676 3156 1747 μὴ
3182 1677 3483 1729 πείθεσθαι
3514 1681 3626 1737 τοῖς

2031 1768 2134 1819 ὑπὸ
2159 1767 2266 1819 τῶν
2308 1767 2578 1832 θεολόγων
2634 1768 2948 1837 εἰρημένοις
2996 1769 3126 1838 περὶ⁵
3188 1767 3326 1820 Θεοῦ
3365 1771 3448 1828 εἰς
3499 1768 3626 1826 τοὺς

2030 1858 2304 1921 τοιούτους
2337 1859 2448 1910 τῶν
2473 1859 2649 1925 λόγων
2683 1859 3054 1928 ἐξενηνέχθαι,
3108 1859 3225 1912 ἀλλ’
3257 1861 3354 1911 ὑπ’
3394 1860 3630 1924 ἀγνοίας

2030 1949 2274 2017 οἰόμενος
2299 1949 2424 2010 τοὺς
2454 1947 2653 2011 ἄλλους
2683 1950 3043 2018 ἁμαρτάνειν,
3072 1949 3236 2000 ἕνεκα
3269 1948 3367 2000 τοῦ
3391 1947 3631 2014 διορθώ-

2032 2040 2229 2090 σασθαι
2263 2041 2440 2090 πᾶσαν
2471 2040 2696 2108 εἰσῆγον
2723 2042 2963 2108 σπουδὴν
2988 2042 3085 2092 καὶ
3108 2040 3449 2110 προθυμίαν.
3485 2040 3629 2092 Νυνὶ

2030 2129 2088 2182 δὲ
2114 2129 2214 2198 ἤδη
2244 2131 2607 2198 πεπεισμένος
2637 2131 2882 2199 ἀκριϐῶς
2905 2130 2978 2193 ὡς
3013 2132 3168 2183 αὐτοὶ
3203 2131 3420 2200 βέλτιον
3451 2133 3629 2200 hypo-

2033 2236 2158 2270 νουν
2200 2222 2331 2289 περὶ
2377 2214 2452 2271 ὧν
2488 2220 2970 2290 ὴμφισϐητοῦμεν,
3028 2223 3157 2285 περί
3187 2239 3246 2274 τε
3291 2223 3406 2273 τῶν
3449 2223 3633 2274 ἄλλων

2031 2311 2245 2373 οἰδενὸς
2271 2311 2602 2382 διαφέρομαι
2629 2313 2766 2382 πρὸς
2800 2314 3022 2376 αὐτοὺς,
3048 2314 3148 2366 καὶ
3180 2314 3241 2365 τὸ
3263 2314 3320 2365 ὲν
3347 2314 3632 2382 Θαεωρξῳ

2031 2404 2159 2465 τοὺς
2200 2402 2449 2472 μαθητὰς
2503 2403 2862 2472 περιλάμψαν
2912 2404 3027 2470 φῶς
3073 2405 3246 2458 ἀΐδιον
3297 2406 3403 2455 καὶ
3464 2403 3635 2456 sex!-

2035 2511 2240 2546 στευκα
2268 2497 2363 2546 καὶ
2391 2489 2532 2547 εἶναι
2563 2494 2834 2564 ὁμολογῶζ
2872 2496 2996 2548 Ἐπὶ
3023 2496 3240 2557 τούτοις
3270 2496 3371 2548 καὶ
3411 2496 3634 2566 Γρηγό-

2036 2598 2151 2652 ριος
2182 2584 2210 2634 ὁ
2239 2582 2504 2649 Παλαμᾶς
2537 2585 2632 2636 καὶ
2647 2586 2762 2638 ὅσοι
2795 2586 2892 2638 σὺν
2925 2586 3072 2654 αὐτῷ
3104 2582 3266 2653 ἦσαν,
3286 2586 3633 2647 ἀναστάντες

2039 2672 2394 2740 περιέϐαλλόν
2422 2691 2478 2725 τε
2512 2674 2798 2743 Βαρλαὰμ,
2858 2675 2952 2727 καὶ
3007 2675 3340 2744 συγγνώμην
3373 2677 3476 2729 ἐπὶ
3524 2681 3633 2740 τ-.ἰς

2038 2764 2324 2834 προτέροις
2353 2765 2580 2834 ἄσμενοι
2615 2770 2877 2835 παρεῖχον
2899 2783 2915 2798 ·
2946 2771 3185 2837 ἐπῄνουν
3214 2785 3274 2821 τε
3305 2769 3412 2836 τῆς
3448 2769 3631 2835 καλῆς

2039 2855 2360 2925 μεταϐολῆς,
2394 2858 2486 2909 καὶ
2511 2856 2588 2926 τῷ
2610 2857 2728 2926 Θεῷ
2757 2859 2853 2927 τῆς
2876 2857 3129 2928 ὁμονοίας
3187 2858 3494 2928 ὁμολόγων
3531 2861 3630 2930 χά.

2039 2965 2194 3018 ριτας
2219 2964 2234 2978 ·
2261 2947 2584 3016 φάσκοντες,
2607 2949 2714 3001 οὐδ’
2746 2949 2901 3002 αὐτοὶ
2931 2951 3134 3018 γηΐνων
3161 2951 3324 3004 ἕνεκα
3357 2953 3455 3004 καὶ
3475 2953 3625 3020 φθειο

363 3051 477 3106 lum
512 3063 762 3116 vocatur,
798 3053 873 3107 ibi
910 3062 1190 3123 promptos
1233 3069 1356 3108 esse
1421 3067 1476 3107 et
1515 3053 1884 3106 inexorabiles
1911 3091 1926 3115 ,

2052 3037 2287 3106 οομένων
2338 3039 2682 3107 πραγμάτων
2705 3040 2960 3093 τοσοῦτον
2991 3042 3362 3110 ἐνστήσασθαι
3391 3043 3589 3109 ἀγῶνα
3607 3084 3623 3102 ,

363 3152 420 3197 et
445 3158 622 3212 neque
655 3144 722 3198 ad
753 3145 1110 3214 opprobrium
1147 3161 1472 3215 aegrescere,
1500 3161 1680 3216 neque
1711 3144 1779 3198 ad
1815 3145 1934 3198 lau-

363 3235 488 3289 dem
517 3236 809 3288 humanam
838 3238 1213 3291 emollescere.
1250 3236 1520 3303 Quoniam
1555 3251 1685 3290 vero
1713 3236 1860 3305 pacis
1882 3245 1937 3289 et

364 3327 676 3380 concordiae
703 3327 849 3380 Dens
884 3327 1142 3381 distantia
1177 3327 1470 3397 copularit,
1510 3339 1569 3382 et
1596 3343 1653 3382 se
1687 3335 1938 3396 prompte

364 3435 394 3471 a
423 3417 776 3472 contentione
823 3418 1112 3482 desistere,
1137 3429 1192 3472 et
1221 3420 1295 3473 illi
1343 3420 1543 3489 gratias
1593 3419 1817 3483 habere,
1841 3419 1938 3487 qui

367 3509 518 3576 pacis
571 3508 732 3575 hujus
780 3518 974 3562 auctor
1028 3508 1084 3561 in
1126 3510 1320 3578 primis
1374 3509 1932 3564 fuerit.Postmodnm

367 3601 665 3668 imperator
696 3609 750 3653 et
775 3600 1089 3668 patriarcha
1119 3611 1384 3670 utrosque
1410 3601 1477 3655 de
1506 3616 1660 3670 pace,
1694 3609 1753 3652 nt
1778 3613 1941 3666 opor-

367 3692 535 3756 tebat,
588 3692 807 3744 allocuti
872 3691 1139 3761 synodum
1200 3693 1551 3746 dimiserunt.
1614 3692 1939 3745 Barlaamus

371 3782 515 3836 baud
547 3784 768 3852 longum
798 3795 1010 3852 tempus
1042 3783 1281 3853 Byzantii
1314 3794 1578 3844 moratus,
1614 3783 1938 3850 imperatore

376 3875 534 3929 brevi
567 3875 850 3938 defuncto,
877 3891 1031 3944 atque
1060 3885 1119 3929 ut
1168 3876 1321 3944 prius
1360 3876 1426 3929 de
1473 3874 1742 3943 dogmatis
1787 3873 1937 3926 litem

368 3965 560 4030 movit,
610 3966 878 4034 judicium
922 3965 1078 4020 valde
1129 3967 1468 4020 claudicasse
1519 3965 1806 4018 clamitans
1838 4002 1852 4026 ,
1883 3971 1940 4017 et

369 4055 655 4124 aufugiens
688 4059 737 4108 in
777 4057 1008 4120 Italiam,
1037 4073 1160 4110 cum
1191 4057 1426 4122 Latinis,
1450 4067 1508 4111 ut
1533 4067 1714 4120 antea,
1743 4056 1935 4122 sensit,

373 4147 442 4200 ab
481 4147 669 4215 eisque
725 4145 969 4202 Hieracis
1028 4147 1320 4217 cpiscopus
1375 4157 1596 4201 creatus
1648 4156 1754 4200 est.
1813 4146 1935 4200 Non

374 4239 548 4291 inulto
619 4246 736 4303 post
786 4237 926 4292 alius
992 4236 1213 4306 quidam
1263 4237 1562 4307 Gregorius
1613 4235 1934 4302 monachus,

375 4329 701 4396 Aeindynns
753 4330 1204 4398 cognominatus,
1273 4327 1541 4404 Barlaami
1595 4328 1648 4381 in
1714 4327 1938 4396 profana

371 4509 582 4560 sionem
632 4510 752 4574 ejus
789 4517 844 4560 et
889 4510 1040 4562 litem
1081 4511 1237 4562 'cum
1299 4509 1515 4562 Palama
1553 4519 1612 4563 ut
1657 4524 1940 4564 successor

369 4601 724 4668 arripuit,eui
753 4601 1008 4668 quiddam
1037 4599 1328 4653 ridiculum
1353 4601 1598 4671 conligit.
1620 4601 1780 4672 337
1807 4602 1940 4654 Bar-

370 4693 606 4745 laamum
642 4693 806 4745 verbo
840 4692 1163 4761 repudiabat
1185 4693 1356 4762 (a),et
1389 4701 1448 4746 ut
1471 4694 1606 4747 male
1629 4695 1940 4763 sanctisque

375 4781 629 4836 Patribns
657 4785 932 4836 contraria
961 4783 1290 4836 sentientem
1313 4783 1607 4838 accusabat
1635 4802 1649 4838 :
1676 4800 1733 4837 re
1757 4797 1938 4838 autem

373 4888 501 4926 vera
539 4889 762 4942 prorsus
793 4889 915 4927 eum
951 4876 1303 4942 sequebatur,
1342 4875 1588 4944 nihilque
1616 4877 1840 4930 omnino
1872 4879 1941 4932 ab

374 4980 442 5018 eo
479 4964 782 5017 differebat.
822 4965 1057 5018 Rursum
1092 4965 1276 5034 itaque
1312 4967 1584 5021 seditione
1614 4983 1675 5021 ac
1706 4970 1942 5022 tumultu

379 5055 435 5108 in
470 5053 712 5108 Ecrlesia
744 5053 1047 5116 exoriente,
1086 5055 1399 5122 patriarcha
1437 5057 1684 5125 iniquum
1713 5057 1942 5124 ducens,

2039 3128 2151 3181 ἀλλ’
2187 3128 2273 3182 ῐνα
2315 3128 2388 3199 μὴ
2418 3131 2497 3192 είς
2525 3130 2744 3194 πλείους
2776 3131 3198 3202 διανεμηθέντος
3229 3132 3326 3186 τοῦ
3359 3133 3569 3198 κακοῦ,
3596 3134 3627 3204 ἢ

2036 3218 2447 3287 διεφθαρμένων
2462 3219 2749 3288 δογμάτων
2772 3222 3058 3284 ἀνάπλεως
3074 3223 3303 3294 γένηται
3323 3226 3356 3293 ἠ
3404 3224 3631 3291 Ἐκκλη-

2040 3309 2154 3374 σία,
2207 3309 2239 3377 ἢ
2295 3307 2655 3381 διαστασιάσῃ
2701 3311 2835 3382 πρὸς
2862 3313 3084 3384 ἑαυτὴν,
3111 3315 3220 3368 τῶν
3255 3318 3357 3385 μὲν
3381 3319 3571 3370 τούτοι
3604 3357 3623 3380 ,

2039 3400 2151 3452 τῶν
2180 3401 2236 3452 δὲ
2265 3400 2495 3463 ἐκείνοις
2536 3404 3002 3474 προστιθεμένων,
3055 3408 3152 3459 καὶ
3201 3406 3293 3460 διὰ
3331 3409 3496 3462 τοῦτο
3540 3411 3630 3461 καὶ

2040 3492 2132 3545 τοῦ
2164 3491 2389 3560 μετρίου
2425 3494 2568 3563 πέρα
2604 3494 2840 3564 ὀφθῆναι
2899 3497 3240 3565 φιλονείκως
3268 3539 3283 3562 ,
3320 3498 3421 3553 ἅτε
3467 3500 3540 3569 δὴ
3573 3504 3629 3552 ἐν

2043 3587 2144 3655 μὲν
2169 3589 2276 3650 τοῖς
2310 3585 2489 3648 ἄλλοις
2533 3586 2706 3638 ἅπασι
2755 3588 2961 3656 πράους
3007 3583 3148 3643 εἶναι
3199 3589 3622 3659 δεδιδαγμένους

2043 3680 2134 3730 καὶ
2159 3677 2480 3739 ταπεινούςο
2515 3680 2572 3730 ἐν
2594 3672 2674 3740 οἷς
2699 3679 2757 3732 δὲ
2779 3679 2912 3743 Θεός
2943 3682 3061 3734 ἐστι
3119 3683 3182 3733 τὸ
3233 3684 3628 3748 κινδυνευόμε-

2041 3785 2151 3832 νον,
2182 3768 2324 3834 ὀξεῖς
2371 3763 2508 3821 εῖναι
2560 3770 2652 3821 καὶ
2712 3771 3146 3841 ἀπαραιτήτους,
3182 3775 3280 3825 καὶ
3314 3775 3452 3842 μήτε
3485 3775 3626 3841 πρὸς

2041 3858 2138 3928 τὴν
2167 3859 2383 3923 ἀδοξίαν
2406 3859 2805 3930 δυσχεραίνειν,
2847 3863 2986 3932 μήτε
3031 3865 3171 3932 πρὸς
3204 3865 3299 3916 τὸν
3331 3865 3482 3934 παρᾶ
3511 3867 3622 3915 τῶι

2042 3950 2346 4019 ἀνθρώπων
2393 3951 2618 4003 ἔπαινον
2672 3953 3093 4019 μαλακίζεσθαι.
3144 3955 3302 4006 Ἐπεὶ
3354 3955 3414 4008 δὲ
3459 3957 3487 4006 ὀ
3525 3955 3625 4021 τῆς

2044 4039 2291 4113 εἰρήνης’
2326 4043 2420 4095 καὶ
2475 4045 2572 4113 τῆς
2628 4044 2881 4111 ὁμονοίας
2915 4045 3046 4106 Θεὸς
3099 4046 3181 4107 είς
3226 4044 3286 4096 ἓν
3321 4045 3527 4113 συνῆψε
3561 4047 3624 4096 τᾶ

2041 4133 2332 4195 διεστῶτα,
2353 4133 2508 4186 αὐτοί
2543 4150 2603 4185 τε
2634 4133 2931 4204 προθύμως
2959 4135 3370 4204 ἀποστήσονται
3395 4136 3624 4202 otiose:-

2046 4227 2192 4292 χίας,
2216 4226 2309 4278 καὶ
2338 4224 2487 4295 αὐτῴ
2515 4225 2719 4294 πολλὴν
2750 4227 3026 4296 είδήσουσι
3048 4225 3154 4297 τὴν
3179 4227 3361 4297 χάριν,
3385 4228 3622 4297 μάλιστα

2045 4319 2350 4386 αἰτιωτάτῳ
2386 4318 2488 4384 τῆς
2517 4317 2742 4388 εἰρήνης
2771 4319 2890 4370 νυνὶ
2936 4321 3318 4387 γεγενημένῳ.
3357 4320 3480 4372 Ἐπὶ
3503 4321 3622 4371 τοὺ-

265 4435 282 4458 -ι
369 4418 620 4470 doctrina
651 4418 812 4486 longo
850 4419 1115 4487 temporis
1151 4419 1329 4487 spatio
1361 4417 1688 4486 discipulus,
1724 4417 1933 4470 dissen-

2052 4426 2156 4472 τοις
2198 4412 2292 4463 καὶ
2336 4409 2590 4478 βασιλεύς
2616 4427 2675 4462 τε
2705 4411 2798 4462 καὶ
2825 4411 3178 4481 πατριάρχης
3211 4412 3314 4463 ὅσα
3360 4413 3468 4462 ἔδει
3505 4412 3622 4463 διαο

2042 4499 2323 4571 λεχθέντες
2355 4503 2481 4570 περὶ
2507 4502 2731 4570 εἰρήνης
2770 4501 2905 4571 πρδς
2941 4502 3265 4570 ἑκατέρους,
3313 4503 3620 4554 διελύσαντο

2043 4593 2141 4664 τὴν
2172 4592 2413 4646 σύνοδον.
2447 4593 2717 4662 Βαρλαὰμ
2748 4593 2804 4646 δὲ
2834 4594 3021 4662 ὀλίγας
3048 4593 3330 4662 Βυζαντίῳ
3357 4595 3619 4662 ἐνδιατρί-

2043 4684 2149 4753 ψας
2182 4685 2414 4753 ἡμέρας,
2469 4684 2591 4735 ἄπει
2643 4686 2735 4736 καὶ
2769 4685 2796 4736 ὁ
2829 4684 3082 4752 βασιλεὺς
3109 4687 3437 4756 ἐτελεύτησε
3484 4686 3619 4752 μετὰ

2049 4775 2263 4846 μικρὸν,
2299 4775 2520 4835 καὶτὰς
2577 4775 2706 4844 περὶ
2748 4775 2818 4828 τὰ
2874 4777 3121 4844 δόγματα
3178 4777 3617 4845 ἀμφισϐητήσεις

2044 4867 2198 4920 οὐδὲν
2225 4862 2391 4939 ἦττον
2419 4865 2677 4934 ἐχόμενος
2707 4867 2740 4936 ἦ
2773 4866 3063 4937 πρότερον,
3111 4868 3210 4935 τῆς
3247 4868 3412 4937 δίκης
3439 4866 3512 4927 ὡς
3531 4868 3621 4918 ix-

2046 4961 2437 5033 διδιητημένης
2462 4959 2630 5011 πολλὰ
2658 4960 2967 5026 καταδιῶν,
2998 4960 3237 5027 ἀποδρὰς
3261 4959 3439 5029 ᾤχετο
3489 4960 3618 5025 πρίις

2059 5051 2309 5114 Ἰταλίαν,
2338 5050 2428 5102 καὶ
2460 5051 2853 5120 συμφρονήσας
2874 5051 3144 5114 Λατίνοις,
3167 5049 3362 5121 ὥσπερ
3387 5052 3480 5102 καὶ
3499 5046 3622 5115 πρό-

378 5153 605 5214 propter
651 5141 1015 5212 quorumdam
1057 5143 1231 5196 rixosa
1293 5145 1508 5214 ingenia
1546 5143 1806 5199 Ecrlesiac
1837 5155 1933 5198 stn-

2052 5160 2228 5213 τερον,
2284 5142 2582 5204 ἐπίσκοπος
2611 5141 2703 5194 ὑπ’
2767 5142 2947 5195 αὐτῶν
3014 5142 3260 5211 Ἱέρακος
3318 5123 3617 5209 ἀνεδείχθη.

379 5246 492 5290 tum
525 5234 834 5304 perturbari
859 5275 872 5297 ,
901 5233 1168 5303 synodum
1194 5235 1249 5288 in
1271 5236 1413 5290 idem
1431 5235 1652 5304 Sophice
1685 5237 1945 5304 templum

374 5329 540 5397 cogit,
574 5324 851 5380 assidente
885 5325 988 5394 ipsi
1017 5335 1076 5380 et
1113 5343 1312 5398 magno
1344 5328 1667 5390 domestico,
1700 5336 1754 5382 et
1785 5337 1942 5395 quot-

374 5428 509 5488 quot
540 5415 785 5487 llyzautii
817 5425 972 5469 erant
1007 5412 1379 5472 senatoribus.
1407 5417 1542 5473 Cum
1573 5417 1817 5488 Gregorii
1849 5419 1941 5473 ditt

375 5507 992 5565 controversati‘bssent
1015 5550 1031 5574 ,
1068 5508 1161 5562 ubi
1201 5509 1640 5564 animadversum
1667 5520 1752 5564 est
1785 5511 1948 5564 Acin-

439 5648 514 5716 (τι)
551 5646 705 5715 Deest
737 5644 828 5716 hie
845 5648 1030 5716 aliquid
1064 5649 1113 5696 in
1147 5646 1563 5716 interpretatione
1602 5649 1803 5698 Pontani
1852 5649 2031 5716 Locum
2065 5650 2136 5700 sic
2171 5651 2440 5716 ιιι-(Ἑταιεο
2473 5649 2688 5716 restitue
2725 5666 2737 5700 :
2775 5649 3365 5716 Barluanumi‘perbo‘re

2054 5237 2165 5290 Καὶ
2195 5235 2256 5288 οὐ
2299 5234 2480 5304 πολλῷ
2522 5233 2751 5304 ὕστερον
2784 5235 3083 5306 Γρηγόριός
3121 5252 3206 5298 τις
3235 5235 3430 5305 ἕτερος
3462 5246 3621 5298 μονα·

2050 5325 2143 5395 χδς
2180 5323 2490 5386 Ἀκίνδυνος
2546 5323 2982 5394 ἐπικεκλημένος
3007 5365 3022 5388 ,
3065 5323 3336 5393 ὁμιλητὴς
3370 5321 3619 5392 Baebii:

2057 5416 2197 5468 κατὰ
2232 5415 2330 5483 τὴν
2354 5414 2459 5479 ἔξω
2496 5416 2690 5484 σοφίαν
2724 5417 3116 5485 γεγενημένος,
3147 5417 3248 5469 καὶ
3281 5414 3454 5468 πολὺν
3478 5409 3619 5478 «ea;

2052 5508 2313 5576 φοιτήσας
2338 5506 2550 5574 χρόνον,
2580 5508 2687 5559 τῶν
2721 5508 2931 5559 ἐκείνου
2955 5507 3230 5577 διαφορῶν
3254 5500 3332 5562 ὧν
3365 5500 3607 5572 διηνέχθη

3367 5646 3604 5711 mdium.

371 5708 511 5777 φιιοῖ
537 5711 645 5776 quis
676 5722 787 5760 eum
809 5708 1088 5759 liorturctur
1115 5716 1166 5760 ut
1195 5708 1327 5760 illius
1355 5713 1634 5762 sementium
1661 5725 1797 5761 suum
1825 5710 2020 5774 faceret,
2049 5720 2091 5764 et
2118 5713 2313 5775 repulsa
2339 5711 2714 5775 consociatimte,
2737 5718 2786 5762 nt
2810 5713 2952 5771 male,
2977 5721 3074 5762 etc.
3103 5714 3237 5761 lion.
3267 5708 3417 5764 Parii.
