3794 6616
193 487 274 552 705
1248 485 1790 551 HISTORIARUM
1835 484 2064 545 LIBER
2103 467 2194 544 iu

3233 482 3340 545 706

197 603 276 671 μὲν
295 597 389 658 οίδα
413 603 810 675 παρ’έμαυτοῦ
828 621 843 637 ο
880 605 990 660 τῶν
1016 605 1075 660 δὲ
1105 603 1308 676 ἀκριϐῆ
1350 602 1452 674 τὴν
1482 600 1685 672 γνῶσιν

1791 596 1884 667 qui
1951 611 2016 650 ea
2066 595 2352 660 fecerunt,
2409 607 2526 666 ego
2571 607 2812 664 prtesens
2874 591 2986 662 (86)
3017 633 3032 658 ,
3082 591 3190 647 alia
3251 610 3350 664 per

192 693 330 761 ἔσχον,
372 696 538 750 αὐτῶν
588 698 1040 767 ἀπαγγειλάντων
1071 697 1182 752 τῶν
1219 697 1566 766 πραξάντων,
1597 691 1684 746 διὰ

192 784 239 838 τὸ
261 785 418 856 πολλὰς
443 786 533 841 καλ⁸
573 791 819 858 συνεχεῖς
842 789 927 857 ἐφ’
955 788 1173 844 ἅπαντα
1203 785 1294 841 τὸν
1319 784 1414 840 τοῦ
1445 784 1683 852 πολέμου

188 876 336 944 χρόνον
360 863 442 940 τὰς
474 879 771 948 μεταϐολάς
804 879 1310 952 ὑπομεμενηκέναιο
1347 877 1487 932 ὥστε
1543 875 1688 938 είκδς

191 964 251 1034 μὴ
280 965 364 1018 τῶν
381 969 766 1037 πραττομένων
793 970 976 1040 μόνον,
1006 970 1142 1025 ἀλλὰ
1175 969 1268 1023 καὶ
1304 966 1688 1038 βουλευμάτων

188 1055 476 1126 ἀπορρήτων,
509 1057 605 1112 καὶ
657 1059 826 1114 δόλων
883 1058 979 1114 καὶ
1029 1059 1355 1120 ἐπιϐουλῶν,
1409 1057 1503 1112 καὶ
1553 1055 1690 1118 ὅλως

187 1145 377 1212 πάντων,
399 1148 489 1201 καὶ
519 1147 628 1201 τῶν
675 1144 1073 1221 πραττομένων
1114 1148 1388 1220 φανερῶς,
1428 1147 1525 1202 καὶ
1579 1144 1689 1198 τῶν

187 1235 364 1306 ἀφανῶς
401 1241 962 1310 κατασκευαζομένων
1011 1242 1224 1310 ἀγνοεῖν
1255 1239 1442 1311 μηδέν.
1475 1237 1548 1292 Οὐ
1581 1234 1690 1306 μὴν

181 1326 276 1380 ἀλλ’
299 1329 409 1397 ὅπερ
434 1329 570 1400 έφην
593 1331 654 1397 ἐξ
670 1332 868 1403 ἀρχῆς,
894 1332 1014 1386 οῦδὲ
1035 1334 1130 1402 τῆς
1157 1331 1416 1402 ἀληθείας
1448 1327 1690 1400 προστή-

182 1434 314 1487 σομαι
337 1420 473 1474 οὐδέν
491 1439 507 1454 ο
532 1422 648 1475 ἀλλ’
669 1421 743 1488 ὡς
765 1422 906 1478 αὐτὰ
924 1423 1082 1492 ἔσχον
1097 1422 1166 1475 τά
1192 1423 1494 1492 πράγματα
1509 1422 1689 1489 ἀπαγ-

175 1507 312 1576 γελῶ.
338 1509 456 1581 πλὴν
485 1513 534 1565 εί
565 1512 641 1584 μή
673 1512 774 1566 πού
813 1529 866 1566 τι
891 1514 1213 1583 πειρήσομαι
1253 1510 1416 1573 ἑκὼν.
1443 1510 1550 1564 τῶν
1584 1512 1688 1566 ὅσα

171 1604 264 1653 τισὶ
285 1600 521 1671 λοιδορίαν
545 1602 578 1672 ἢ
609 1603 818 1673 μέμψιν
843 1603 1105 1674 εἰρημένα
1143 1604 1430 1672 έμποιήσει
1453 1619 1470 1636 ·
1495 1601 1555 1654 οὐ
1580 1601 1688 1668 γάρ

170 1690 275 1758 ἐμοὶ
299 1692 424 1760 φίλον
441 1692 502 1745 τὸ
527 1694 680 1757 τινάς
694 1696 1047 1764 κακηγορεῖν.
1075 1693 1177 1748 κᾶν
1198 1694 1248 1747 εί
1275 1695 1472 1755 πάντες
1496 1693 1688 1747 είδεῐεν

168 1773 420 1844 ἄνθρωποι.
462 1779 565 1832 Ἢν
599 1779 655 1834 δέ
684 1779 788 1834 πού
816 1798 868 1835 τι
913 1782 1191 1851 φαίνωμαι
1214 1783 1573 1854 διηγούμενος
1609 1782 1684 1852 μὴ

166 1867 233 1981 ιὶἰς
256 1868 541 1933 δοξάζουσιν
567 1872 618 1924 oi
651 1873 856 1937 πολλοὶ,
880 1874 942 1927 οὐ
975 1874 1082 1944 χρὴ
1116 1871 1439 1944 θαυμάζειν.
1469 1873 1544 1926 οὗ
1576 1874 1684 1944 γὰρ
1717 1924 1757 1981 Β

165 1959 220 2012 τὸ
238 1961 303 2031 μὴ
323 1961 480 2016 ταύτά
509 1965 620 2026 τοῖς
653 1963 871 2027 πολλοῖς
907 1963 1245 2032 φθέγγεσθαι
1289 1965 1511 2033 φεύγων
1529 1963 1686 2032 λογο-

165 2055 350 2124 ποιήσω
379 2055 440 2110 τά
469 2055 544 2125 μὴ
575 2054 736 2110 ὅνταο
781 2055 895 2110 ἀλλ’
918 2055 994 2118 ὡς
1025 2055 1212 2126 ἔχουσι
1260 2055 1330 2109 τά
1377 2054 1684 2126 πράγματα

162 2143 506 2211 ἀπαγγέλλων,
544 2145 756 2216 χαίρειν
792 2145 938 2198 έάσω
983 2145 1083 2206 τάς
1113 2145 1268 2211 δόξας
1298 2143 1404 2198 τῶν
1449 2145 1681 2208 πολλῶν,

159 2233 228 2296 ὡς
252 2233 582 2304 ψευδομένας.
601 2235 1058 2308 Τετελευτηκότος
1081 2236 1266 2291 τοίνυν
1291 2237 1384 2290 τοῦ
1415 2236 1685 2307 βασιλέως

166 2324 474 2396 Ἀνδρονίκου
502 2325 598 2382 τοῦ
629 2327 774 2394 νέου,
807 2329 841 2398 ὴ
869 2327 1019 2398 αὐτῷ
1068 2325 1304 2396 σύζυγος
1329 2328 1498 2383 Ἀννα
1527 2331 1561 2400 ἡ
1584 2329 1683 2399 βα·-

153 2417 297 2482 σιλὶς,
321 2419 392 2482 είς
436 2422 628 2490 τρίτην
663 2418 762 2488 μὲν
799 2418 1011 2490 ἡμέραν
1053 2418 1478 2490 διεκαρτέρησεν
1523 2421 1580 2472 ιν
1613 2422 1682 2492 τῇ

151 2514 277 2582 μονῇ
310 2512 408 2564 τῶν
451 2509 718 2579 ὐδηγῶν.
757 2508 914 2564 Μετὰ
946 2501 1130 2563 ’τοῦτο
1177 2510 1234 2564 δὲ
1279 2509 1339 2563 έν
1385 2509 1685 2579 βασιλείοις

146 2605 410 2672 γενομένη,
463 2601 756 2671 ἐπένθησεν
803 2602 892 2669 ἐφ’
947 2601 1183 2671 ἡμέραις
1234 2599 1413 2664 ἐννέα,
1463 2599 1683 2654 πάντων

143 2691 394 2760 ὁσημέραι
423 2691 560 2760 πρὸς
604 2690 674 2742 τά
696 2690 946 2762 βασίλεια
980 2689 1456 2761 παραγινομέιων.
1487 2691 1549 2743 οὑ
1574 2691 1685 2745 τῶν

145 2782 504 2851 συγκλητικῶν
549 2784 712 2851 μόνον
747 2783 842 2835 καὶ⁹
885 2781 1358 2851 στρατευομένων,
1400 2780 1554 2854 pm
1591 2785 1685 2837 καὶ

138 2873 245 2924 τῶν
290 2873 398 2925 ὅσοι
447 2872 755 2937 Βυζαντίων
802 2867 944 2940 ἦσαν
974 2872 1031 2924 ιν
1079 2871 1224 2942 λόγῳ
1269 2871 1365 2925 καὶ
1403 2873 1558 2941 κοινῇ
1592 2870 1684 2924 τὸν

135 2961 426 3017 ἀπελθόντα
471 2961 817 3032 θρηνούντων
859 2960 1108 3030 βασιλέα.
1156 2961 1492 3030 Δομέστικος
1553 2960 1608 3015 δὶ
1655 2962 1684 3014 ό

135 3052 326 3120 μέγας,
347 3051 406 3116 ἑξ
437 3053 607 3122 αὐτῆς
631 3054 843 3123 ἡμέρας
874 3045 943 3125 ἦς
969 3050 1325 3121 ἐτελεύτησεν
1353 3050 1381 3102 ό
1407 3049 1682 3120 βασιλεὺς,

131 3142 334 3213 οὐδαμῆ
361 3143 468 3196 τῶν
501 3143 791 3212 βασιλείων
813 3143 1026 3214 ἀπέστη
1049 3157 1064 3174 ο
1095 3141 1231 3196 ἀλλὰ
1253 3141 1362 3196 τῶν
1382 3158 1442 3195 τε
1468 3141 1685 3197 οἰκείων

1786 686 2057 757 meipsum
2084 686 2211 741 novi
2249 702 2266 740 :
2291 684 2398 740 alia
2425 699 2490 740 ex
2524 700 2621 740 ore
2654 685 2920 756 ipsorum,
2950 699 2980 739 a
3004 683 3204 755 quibus
3227 684 3349 744 act‘a

1786 786 1938 843 sunt,
1960 776 2027 831 ad
2051 791 2290 847 unguem
2320 775 2511 831 didici.
2543 765 2612 830 Et
2653 790 2778 830 cum
2824 774 3140 845 frequentes
3169 777 3350 832 couti-

1787 877 2092 938 nentesque
2141 876 2254 922 toto
2315 881 2383 921 eo
2435 875 2678 936 tempore
2731 867 3062 923 mutationes
3116 868 3346 938 fuerint,

1787 959 2085 1015 verisimile
2107 967 2214 1022 est,
2235 973 2344 1014 non
2369 967 2648 1030 gestorum
2681 959 2865 1022 modo,
2896 959 2990 1014 sed
3020 969 3076 1014 et
3123 964 3346 1018 consul-

1792 1059 1971 1106 torum
2015 1065 2368 1117 arcanorum,
2403 1061 2457 1105 et
2487 1049 2760 1113 fraudum,
2793 1051 3256 1124 insidiarnmqne,
3287 1064 3346 1110 et

1789 1159 2018 1214 prorsus
2077 1143 2323 1198 omnium
2377 1157 2606 1213 quaeque
2663 1142 2841 1211 palam
2904 1153 3348 1215 acta,,qu:cque

1789 1235 2004 1290 occulte
2029 1242 2341 1304 comparata
2373 1242 2522 1297 sunt,
2553 1234 2687 1289 nihil
2719 1250 2804 1288 me
2834 1234 3038 1305 fugere.
3061 1236 3350 1292 Verumta-

1789 1341 1914 1382 men
1942 1326 2088 1396 quod
2118 1326 2172 1406 in
2205 1325 2479 1380 vestibulo
2525 1325 2710 1396 operis
2755 1326 2860 1382 mei
2894 1342 3014 1382 sum
3047 1327 3343 1406 pollicitus.

1788 1418 2006 1472 veritati
2041 1403 2179 1472 nihil
2202 1418 2535 1484 anteferam;
2574 1417 2667 1472 sed
2697 1428 2756 1473 ut
2783 1434 2872 1474 res
2903 1403 3230 1490 evenerunt,
3268 1423 3348 1478 ita

1789 1525 1884 1564 eas
1944 1509 2250 1578 explanabo
2294 1527 2308 1564 :
2355 1518 2586 1579 excepto
2649 1512 2796 1578 quod
2854 1511 3053 1568 alicubi
3105 1513 3349 1584 prudens

1784 1601 2104 1667 prmteribo,
2123 1614 2244 1669 qua:
2269 1599 2550 1654 nonnullis
2567 1601 2816 1655 convicio
2843 1612 2938 1655 aut
2957 1603 3345 1671 vituperationi

1788 1700 1906 1738 esse
1939 1685 2150 1754 possint
2182 1701 2328 1739 :uon
2355 1687 2500 1739 enim
2549 1687 2684 1740 mihi
2710 1688 2948 1742 amicum
2968 1699 3051 1743 est
3087 1690 3343 1760 cuiquam

1788 1776 2110 1842 conviciari,
2144 1777 2357 1831 etiamsi
2396 1778 2704 1842 mortalium
2751 1794 2911 1832 nemo
2960 1795 3073 1835 rem
3111 1781 3344 1852 ignoret.

1788 1865 1944 1932 Quod
2012 1867 2058 1923 si
2115 1868 2389 1924 interdum
2449 1868 2696 1937 quaedam
2729 1852 2919 1926 'secus
2966 1887 3131 1940 quam
3191 1871 3346 1929 multi

1787 1960 2084 2029 opinantur
2114 1960 2345 2015 videbor
2397 1976 2671 2030 exponere
2701 1962 2838 2032 (87),
2890 1978 2958 2017 ne
2988 1962 3059 2017 sit
3110 1964 3335 2019 mirum.

1788 2049 1905 2104 Non
1939 2051 2086 2106 enim
2145 2051 2274 2105 dum
2319 2051 2433 2106 vito
2465 2053 2656 2106 eadem
2709 2067 2836 2106 cum
2893 2053 3082 2108 multis
3130 2053 3341 2117 dicere,

1787 2156 1925 2196 nova
1960 2143 2344 2198 comminiscar
2377 2161 2392 2198 :
2431 2143 2526 2198 sed
2564 2158 2652 2198 res
2681 2151 2739 2198 ut
2785 2159 2844 2200 se
2869 2144 3078 2200 habent
3101 2161 3343 2202 comme-

1787 2246 2027 2296 morans,
2063 2232 2207 2302 vulgi
2256 2231 2541 2302 Opiniones
2589 2241 2650 2288 ut
2682 2232 2844 2288 falsas
2894 2233 3077 2288 valere
3117 2233 3342 2304 jubebo.

1786 2321 2023 2376 MortuO‘
2053 2323 2216 2393 igitur
2247 2323 2558 2379 Andronico
2594 2325 2814 2394 iuniore
2840 2325 3191 2396 imperatore.
3227 2328 3340 2382 Au-

1785 2421 1940 2485 gusta
1982 2413 2162 2468 triduo
2219 2415 2275 2467 in
2336 2417 2672 2470 monasterio
2726 2415 3076 2488 llodegorum
3121 2419 3342 2474 mansit.

1787 2505 1977 2559 Postea
2010 2504 2062 2558 in
2092 2505 2295 2576 regiam
2329 2521 2594 2578 regressa,
2624 2507 2818 2563 diebus
2852 2524 3049 2564 novem
3079 2510 3251 2564 luctui
3287 2527 3345 2566 se

1785 2595 2016 2661 dedidit,
2051 2612 2172 2652 cum
2206 2597 2452 2667 quotidie
2481 2613 2694 2661 omnes,
2732 2614 2842 2653 non
2875 2609 3157 2656 senatores
3183 2603 3346 2658 modo

1783 2700 1848 2740 ac
1884 2687 2073 2750 duces,
2104 2687 2195 2741 sed
2249 2695 2517 2758 quotquot
2550 2687 2793 2759 Byzantii
2834 2690 3151 2746 eminebant
3191 2707 3348 2749 acce-

1786 2775 2030 2840 derent,
2113 2787 2170 2832 et
2233 2777 2550 2832 defunctum
2622 2778 3006 2850 imperatorem
3067 2785 3345 2838 communi

1786 2867 2172 2924 lamentatione
2229 2880 2719 2939 prosequerentur.
2777 2871 2999 2941 Magnus
3031 2888 3194 2942 porro
3253 2875 3348 2930 do-
3415 2935 3422 2942 ,

1786 2960 2048 3016 mesticus
2082 2961 2150 3016 ab
2192 2975 2256 3014 eo
2285 2961 2404 3029 ipso
2455 2961 2564 3021 die.
2599 2976 2709 3031 quo
2759 2962 3057 3032 imperator
3105 2966 3343 3022 animant

1785 3051 1984 3119 edidit,
2015 3067 2046 3106 a
2080 3052 2285 3122 palatio
2329 3066 2597 3122 nusquam
2650 3053 3006 3122 discedebat;
3051 3060 3145 3110 sed
3185 3058 3348 3126 quin-

1786 3146 1985 3218 gentis,
2018 3145 2214 3216 partim
2247 3143 2385 3207 suis,
2411 3144 2608 3214 partim
2656 3144 3030 3214 imperatoriis
3074 3148 3128 3201 in
3173 3165 3240 3202 eo
3275 3149 3342 3203 ad

127 3233 224 3286 καὶ
255 3232 359 3286 τῶν
386 3233 682 3303 βασιλικῶν
713 3233 1114 3299 πεντακοσίους
1130 3231 1271 3304 ἔχων
1320 3231 1412 3295 οὓς
1453 3233 1684 3301 ἐγκατέ-

1789 3237 2095 3292 custodiam
2146 3235 2463 3300 collocatis,
2497 3249 2768 3289 summum
2826 3237 3068 3292 studium
3119 3238 3347 3307 diligen-

123 3340 290 3391 στησε
305 3327 413 3386 τοῖς
432 3324 720 3394 βασιλείοις
744 3326 1014 3396 φρουράν,
1035 3324 1123 3379 διὰ
1156 3325 1340 3396 πάσης
1364 3323 1684 3395 ἐπιμελείας

121 3415 363 3468 ἐποιεῖτο
414 3413 510 3468 καὶ
555 3414 794 3483 σπουδῆς
824 3414 932 3469 τῶν
955 3401 1096 3478 ’ῐσως
1154 3413 1588 3485 νεωτεριούντων
1615 3417 1684 3470 ά-

118 3506 462 3577 παμσλύνειν
503 3505 604 3570 τὰς
644 3506 854 3576 ὁρμάς·
907 3505 1047 3576 μετά
1099 3505 1155 3558 δὲ
1193 3507 1294 3576 τὴν
1351 3506 1550 3578 ἐνάτην
1577 3505 1684 3559 τῶν

111 3598 210 3650 ἐπὶ
244 3599 358 3660 τοῖς
400 3595 816 3670 τετελευτηκόσι
887 3597 1132 3668 συνήθως
1157 3597 1536 3667 γεγενημένων
1573 3597 1686 3650 llo.-

108 3689 294 3758 σμῶν,
335 3688 436 3760 τὴν
481 3689 580 3758 μὲν
612 3688 857 3760 φρουράν
909 3689 1010 3759 τὴν
1046 3687 1252 3758 πολλὴν
1309 3686 1533 3753 ἑξέσαλε
1575 3686 1686 3740 τῶν

100 3782 431 3852 βασιλείων,
459 3781 672 3849 ὀλίγους
715 3782 1071 3851 καταστήσας
1104 3781 1220 3834 ὅσοι
1270 3781 1366 3834 καὶ
1419 3779 1684 3850 πρότερον

93 3874 160 3938 ἐξ
197 3871 364 3934 ἔθους
393 3867 566 3942 ἦσαν’
611 3871 771 3935 αὐτὸς
822 3871 878 3925 δὲ
926 3871 1066 3925 οίκοι
1113 3870 1374 3940 γεγονὼς.
1439 3868 1683 3940 συνήθως

89 3961 436 4030 έπεμελείτο
473 3960 582 4013 τῶν
610 3960 990 4032 πραγμάτωνο
1023 3961 1120 4013 καὶ
1150 3960 1263 4022 τοῖς
1295 3975 1354 4012 τε
1381 3957 1480 4021 τὰς
1508 3958 1681 4028 ἀρχὰς

90 4053 623 4124 ἐπιτετραμμένοις
682 4052 791 4105 τῶν
851 4051 1133 4122 ἐπαρχιῶν
1185 4049 1279 4105 καὶ
1322 4049 1431 4103 τῶν
1477 4049 1684 4102 πόλεων

85 4145 349 4216 παρῄνει
372 4145 461 4199 διὰ
501 4145 844 4216 γραμμάτων
879 4145 1142 4214 ἀτρεμεῖν
1173 4145 1268 4200 καὶ
1297 4142 1463 4214 μηδὲν
1492 4158 1686 4196 νεωτεα

1786 3329 2024 3399 tiamque
2051 3326 2434 3396 impendebat,
2472 3333 2530 3380 ut
2568 3327 2612 3381 si
2663 3327 2756 3396 qui
2788 3326 3017 3383 fortasse
3051 3343 3142 3384 res
3176 3345 3357 3385 novas’

1781 3426 2146 3480 attentarent,
2178 3431 2371 3472 eorum
2401 3429 2634 3472 conatus
2664 3417 3010 3488 infringeret.
3036 3419 3164 3474 Post
3196 3421 3342 3475 diem

1779 3526 2008 3576 nonum,
2040 3518 2283 3580 peracta,
2314 3519 2376 3564 ut
2404 3509 2626 3570 assolet,
2647 3525 2747 3580 pro
2777 3510 3051 3566 defunctis
3077 3512 3340 3582 piaculari

1780 3605 2152 3672 caeremonia,
2209 3605 2466 3659 custodes
2510 3620 2542 3660 e
2599 3605 2798 3674 palatio
2851 3606 3098 3672 dimittit,
3133 3609 3344 3678 (paucis

1781 3696 2032 3760 retentis,
2061 3705 2195 3766 quot
2219 3695 2479 3748 nimirum
2509 3704 2566 3748 et
2585 3709 2743 3748 antea
2770 3710 2890 3750 esse
2919 3697 3340 3768 consueverant)

1782 3788 1896 3857 ipse
1914 3787 2085 3854 domi,
2120 3795 2182 3841 ut
2211 3801 2449 3856 semper,
2476 3786 2793 3856 reipublicae
2816 3788 3057 3841 animum
3090 3789 3343 3842 intende-

1775 3879 1923 3944 bat,
1973 3889 2031 3933 et
2099 3878 2317 3932 urbium
2378 3876 2900 3948 provinciarumque
2955 3886 3197 3932 rectores
3243 3893 3341 3946 per

1781 3971 2018 4026 littteras
2040 3969 2313 4034 monebat,
2345 3983 2411 4024 ne
2447 3966 2613 4022 rebus
2644 3967 2800 4024 novis
2821 3967 3124 4026 studerent.
3153 3977 3340 4037 utpote
3392 4035 3394 4038 ν

1783 4063 1948 4130 hujus
1993 4075 2104 4116 suae
2136 4055 2430 4130 probitatis
2480 4069 2536 4113 et
2565 4060 2796 4130 egregiae
2849 4059 2904 4112 in
2952 4059 3336 4128 imperatorem
3386 4104 3398 4113 .

1784 4151 2084 4205 voluntatis
2119 4149 2386 4220 condigna
2421 4149 2640 4219 praemia
2668 4158 2996 4219 accepturos
3024 4166 3040 4205 :
3078 4161 3265 4204 contra
3295 4152 3340 4205 si

77 4239 300 4309 ρίζειν,
335 4239 418 4300 ὡς
448 4237 546 4306 τῆς
578 4252 639 4290 τε
671 4235 1076 4302 καλοκάγαθίας
1101 4236 1316 4305 καὶτῆς
1345 4235 1424 4297 είς
1455 4233 1686 4304 βασιλέα

70 4332 318 4394 εὐνοίας
354 4331 521 4396 ἀξίας
559 4327 1000 4400 ἀποληψομένοις
1042 4327 1141 4393 τὰς
1186 4326 1511 4398 εὐεργεσίας
1533 4341 1548 4356 ο
1584 4324 1682 4378 καὶ

65 4419 426 4472 τούναντίον
459 4421 526 4489 ἥν
575 4435 657 4481 τις
689 4416 1086 4488 νεωτερίζοιεν,
1136 4415 1348 4468 τίσουσι
1367 4414 1524 4478 δίκας
1545 4430 1560 4446 ⁸
1588 4415 1684 4468 καὶ

1785 4423 2154 4494 designarent,
2186 4426 2329 4495 quod
2373 4425 2759 4491 nihilominus,
2809 4441 2972 4497 quant
3013 4426 3345 4497 imperatore

63 4517 198 4574 τοῖς
217 4512 344 4565 τῶν
375 4511 658 4579 δημοσίων
687 4507 1058 4579 συνεισφορῶν
1083 4507 1184 4580 τὴν
1212 4507 1501 4578 εἴσπραξιν
1524 4508 1685 4575 ἐγκε-

1785 4516 1911 4571 vivo
1969 4515 2209 4572 rationes
2286 4517 2512 4572 relaturi
2564 4526 2770 4573 essent.
2830 4519 3008 4588 Atque
3069 4519 3138 4574 ad
3197 4519 3346 4573 hunc

58 4602 489 4674 χειρισμένοις
537 4602 759 4655 ἐκέλευε
789 4602 1124 4671 κακουργεῖν
1159 4600 1287 4672 περὶ
1325 4599 1396 4652 τά
1427 4600 1685 4669 χρήματα

1793 4606 2011 4659 modum
2041 4605 2237 4660 diebus
2266 4607 2388 4676 plus
2420 4607 2636 4676 triginta
2689 4606 2873 4662 missis
2899 4608 3144 4677 epistulis
3183 4608 3347 4678 350

57 4696 290 4766 μηδὲν,
329 4695 418 4758 ὡς
458 4694 612 4749 οὐδὲν
656 4695 911 4748 έλατττον
945 4693 978 4765 ἢ
1010 4693 1274 4764 βασιλέως
1317 4693 1520 4760 ζῶντος
1551 4695 1680 4764 περὶ

1788 4699 2024 4766 amplius
2068 4697 2384 4766 quingentis
2431 4699 2496 4751 ad
2530 4708 2737 4752 tantum
2793 4699 3042 4754 ordinem
3080 4700 3346 4755 obedien-

45 4786 273 4840 αὐτῶν
325 4786 672 4856 παρέξουσιν
720 4784 971 4849 εὐθύνας.
1003 4785 1114 4838 Καὶ
1146 4784 1335 4838 τοῦτον
1370 4785 1460 4838 τὸν
1481 4788 1682 4855 τρόπον

1791 4788 2032 4858 tiamque
2065 4787 2371 4840 Romanum
2417 4788 2707 4856 imperium
2745 4788 3062 4843 universum
3111 4789 3341 4856 redegit,

41 4882 122 4930 ἐν
166 4879 456 4932 πλείοσιν
484 4877 517 4947 ἢ
549 4877 847 4948 τριάκοντα
875 4877 1112 4946 ἡμέραις
1143 4875 1288 4944 ὑπὲρ
1319 4875 1681 4937 πεντακοσίας

1791 4887 1853 4934 ιιι
1879 4879 2013 4932 nihil
2044 4879 2171 4932 novi
2208 4879 2523 4945 contigisse.
2555 4879 2651 4932 sed
2676 4877 2975 4947 imperator
3003 4879 3182 4933 adhuc
3209 4895 3344 4934 aura

35 4977 154 5044 ἐφ’
187 4978 466 5044 ἑκάστης
493 4977 728 5044 πέμπων
752 4975 996 5044 γραφὰς,
1032 4973 1112 5037 είς
1130 4970 1388 5026 τοσοῦτον
1422 4971 1682 5037 εὐταξίας

1790 4969 1934 5024 vesci
1967 4980 2023 5023 et
2055 4985 2288 5039 praeesse
2334 4969 2495 5024 rebus
2537 4969 2842 5024 videretur.
2871 4969 3018 5023 Nulli
3066 4970 3215 5024 enim
3247 4985 3347 5024 nec

35 5070 161 5123 καὶ
207 5067 561 5130 εὐπειθείας
579 5066 678 5138 τὴν
709 5064 815 5120 ὑπὸ
859 5064 1162 5136 Ῥωμαίους
1199 5063 1381 5117 πᾶσαν
1412 5063 1680 5133 κατέστης

1789 5056 1938 5130 parvi
1991 5075 2096 5115 nec
2136 5059 2316 5130 magni
2369 5069 2550 5113 motus
2595 5060 2998 5125 audiebantur;
3050 5058 3156 5113 nisi
3201 5059 3345 5127 quod

33 5178 155 5214 σαν
197 5160 566 5231 ἡγεμονίαν,
591 5157 668 5222 ὡς
693 5157 870 5211 δοκεῖν
900 5154 1087 5209 καινὸν
1141 5154 1308 5226 μηδὲν
1339 5152 1680 5223 συμϐεϐηκέο

1788 5147 1985 5204 Albani
2017 5148 2072 5202 in
2100 5147 2381 5203 Thessalia
2428 5162 2533 5201 mo:
2552 5157 2603 5200 te
2647 5146 2998 5216 imperatoris
3051 5145 3346 5208 intellecta,

33 5272 175 5317 ναι,
208 5253 379 5305 ἀλλὰ
417 5251 518 5322 ζῇν
546 5251 627 5303 ἔτι
655 5249 878 5319 βασιλέα
930 5249 1024 5300 καὶ
1053 5249 1161 5310 τοῖς
1212 5247 1531 5316 πράγμασιν
1559 5247 1685 5313 ἑφε-

1785 5239 1953 5296 ttrbes
1983 5239 2097 5294 illic
2119 5239 2498 5302 incursabant,
2548 5247 2604 5292 et
2644 5245 2974 5308 (quanquam
3025 5253 3133 5292 non
3160 5237 3354 5292 admo-

33 5346 312 5398 στάναε.
356 5341 537 5396 Οὐδὲν
564 5341 673 5409 γάρ
715 5336 842 5391 οὔτε
874 5338 1070 5407 μικρὸν
1087 5334 1213 5389 οὔτε
1249 5336 1394 5405 μέγα
1419 5335 1650 5404 ἐκινήθη
1669 5347 1685 5363 ⁸

1785 5331 1939 5402 dum)
1965 5330 2446 5401 depraedabantur.
2499 5328 2619 5394 Quo
2664 5339 2952 5398 comperto
2997 5343 3226 5398 magnus
3251 5329 3352 5382 do-

33 5439 217 5507 ιτλὴν
259 5437 323 5489 οε
380 5434 532 5490 κατὰ
565 5432 860 5486 Θετταλίαν
893 5430 1042 5500 μόνοι
1075 5430 1370 5499 νεμόμενοι
1415 5427 1684 5492 Ἀλϐανοὶ,

1785 5423 2048 5479 mesticus
2101 5436 2266 5493 quam
2325 5421 2565 5491 primum
2626 5434 2696 5474 eo
2760 5421 3012 5474 nuntium
3079 5421 3346 5488 expedit:

1783 4241 1914 4310 quid
1947 4242 2415 4306 machinarentur,
2448 4256 2638 4312 pinnas
2671 4241 2917 4296 daturos.
2963 4241 3345 4308 Quaestoribns

1783 4334 1914 4388 item
1969 4333 2309 4398 mandabat,
2365 4349 2430 4388 ne
2495 4333 2626 4403 quid
2694 4334 2918 4389 sceleris
2980 4335 3036 4390 in
3113 4337 3345 4406 pecunia

1385 5556 1602 5621 Jacobi
1633 5555 1896 5620 Pontani
1931 5563 2119 5618 notua.

107 5698 265 5767 (36)
311 5695 606 5764 Compara
635 5689 898 5767 “80.69.”.
921 5684 1013 5767 “.52
1033 5699 1163 5767 ‘19“?
1185 5683 1549 5767 ίυΡΞΒέῚθηιίίῖε
1581 5696 1678 5735 εθυ
1803 5766 1835 5767 κν
1865 5675 2472 5767 (θηησίῗνῖἒῖέέλθίξὲξῖ).
2488 5673 3204 5767 -l‘f‘“£..'f’cl’.'_‘_"__‘i‘39‘.in}?
3232 5689 3354 5767 (ΒΨ

34 5791 81 5827 n
110 5745 812 5838 ‘e'tiilstol‘antfespmisoria
840 5745 1166 5838 Christoiluli
1195 5745 1688 5838 atl:.N.iluni_dit-unf
1794 5745 1927 5838 sunt
1959 5745 3094 5838 in"Ae‘sti'etpasepistolagilii—Quapropter
3133 5755 3188 5797 ut
3233 5745 3355 5812 plu-

180 5817 317 5889 rid—1f
336 5817 498 5895 inec,
535 5817 634 5885 n'on
665 5829 764 5881 ista
811 5843 842 5879 α
875 5823 1162 5894 majoribus
1192 5823 1369 5886 didici,
1401 5831 1490 5874 aut
1530 5823 1688 5891 (arma:
1794 5823 1980 5873 rimurn
2014 5820 2258 5872 humum:
2281 5817 2398 5870 vita:
2422 5817 2842 5870 commodatum:
2896 5824 3002 5868 etc.

34 5912 172 5964 τδὺιι
186 5908 356 5960 lisve
394 5905 606 5970 ineptis,
640 5911 748 5952 etc.
