3794 6562
105 491 190 555 703
1167 467 1753 548 .msTORIAnUM
1797 485 2028 546 uasa
2071 487 2189 549 111.

3196 485 3300 548 710

105 605 190 659 οὐκ
215 603 365 675 ὀλίγῳ
410 605 586 674 χρόνῳ
613 602 721 678 πρὸ
768 601 868 672 τῆς
912 601 1164 672 τελευτῆς
1196 600 1580 655 συνεϐούλευεν
1607 601 1618 652 ί

1739 614 2024 654 excessum
2100 600 2416 671 Imperatori
2491 599 2782 655 consilium
2850 595 3003 653 dedit
3069 611 3300 667 magnus

49 725 52 730 -
103 699 247 768 μέγας
270 697 587 766 δομέστικος
621 693 771 767 αῦτῷ
818 696 1170 766 πατριάρχην
1222 696 1410 748 πεῖσαι
1450 692 1629 746 ἐπιτί-

101 807 204 856 μιον
227 787 586 856 ίπαπειλῆσαι
639 787 1031 842 ἀνατείνασθαι
1082 787 1176 840 καὶ
1218 773 1496 856 χωρισμὶν
1533 786 1630 854 τῆς

98 879 390 949 Ἐκκλησίας
417 878 529 933 τῶν
557 879 790 944 πιστῶν,
819 879 872 932 εί
891 896 972 940 τις
1001 876 1446 947 τετελευτηκότος
1481 875 1633 944 βασι-

98 971 215 1029 λέως
239 969 636 1024 ῖπιδουλεύσειε
665 971 780 1032 τοῖς
823 969 1036 1022 ἑκείνου
1064 971 1244 1032 παισὶ,
1276 966 1370 1022 καὶ
1397 967 1497 1034 τὴν
1537 965 1633 1036 βα-

98 1060 276 1113 σιλείαν
305 1059 600 1130 παρέλοιτο
633 1055 837 1122 ¹ἀδίκως
859 1077 875 1092 ο
907 1060 1114 1130 ἔφασκέ
1143 1076 1203 1111 τε
1253 1057 1463 1111 πείθειν
1506 1058 1628 1110 ἑπι-

94 1150 266 1220 χειρῶν
291 1151 364 1212 ὡς
411 1151 562 1203 οὐδὲν
596 1151 812 1203 ἔσονται
859 1149 1085 1226 τοιαῦτα
1136 1149 1470 1218 πράττοντες
1521 1147 1630 1202 τῶν

93 1245 281 1296 ἀτόπων
329 1242 685 1312 εἰργασμένοι
748 1243 846 1314 καὶ
911 1242 1280 1312 παραλόγων·
1339 1241 1474 1294 ἀλλὰ
1532 1241 1628 1294 καὶ

91 1333 333 1400 ὠξέλειαν
359 1334 419 1386 οῦ
441 1334 654 1404 μικράν
674 1351 797 1387 τινα
824 1333 1156 1404 παρέξονται
1191 1335 1301 1396 τοῖς
1340 1332 1526 1387 παισὶν
1566 1334 1628 1386 ἑκ

92 1425 257 1478 τούτου
277 1425 328 1478 εῖ
358 1443 411 1477 τι
441 1399 684 1478 τοιοῦτον
725 1423 968 1496 συμὸαίη
1023 1425 1152 1494 περὶ
1208 1423 1428 1488 αὺτούς.
1487 1425 1627 1478 [lict

94 1519 183 1587 μὲν
227 1519 326 1587 γὰρ
353 1517 547 1586 ἄδηλον
580 1511 720 1570 εἶναι
751 1517 812 1570 τὸ
846 1515 940 1569 τοῦ
981 1515 1216 1570 θανάτου
1262 1515 1437 1580 τέλος,
1463 1516 1625 1568 ὁπότε

90 1609 227 1678 ἡξει·
257 1607 482 1676 μάλιστα
509 1606 565 1660 δὲ
613 1607 794 1670 αὐτοῖς
819 1608 906 1660 ἀεὶ
933 1609 1064 1677 περὶ
1115 1607 1295 1677 μάχας
1326 1607 1420 1658 καὶ
1449 1605 1629 1659 κινδύ-

87 1716 200 1761 νους
218 1697 597 1769 ὴσχυλημένοις
615 1713 628 1726 ·
659 1697 751 1750 καὶ
781 1697 934 1752 οὐδὲν
962 1693 1224 1750 εἶναιτῶν
1248 1697 1546 1763 ἀδυνάτων,
1579 1697 1626 1749 εί

90 1791 177 1843 καὶ
219 1790 543 1860 ἀμφοτέροις
578 1788 762 1852 αὐτοῖς
805 1789 1052 1859 συμϐαίη
1101 1789 1233 1860 περὶ
1286 1789 1416 1859 μίαν
1449 1791 1628 1860 μάχην

87 1883 272 1934 πεσεῖν.
301 1879 363 1933 El
387 1880 444 1932 δὲ
465 1879 621 1932 τοῦτο
647 1881 881 1948 γένοιτο,
913 1880 1284 1950 ἀπρονοήτους
1311 1882 1626 1934 παντάπασι

83 1971 352 2042 συμσαίνει
408 1970 691 2024 λείπεσθαι
751 1971 878 2033 τοὺς
939 1971 1160 2036 παῖδας,
1220 1971 1349 2042 μήθ’
1411 1973 1624 2035 ἑαυτοῖς
1658 1951 1700 2004 Β

78 2067 291 2134 ἀμύιειν
315 2064 402 2118 διὰ
434 2064 738 2134 νηπιότητα
759 2063 1100 2134 δυναμένοις,
1129 2065 1254 2137 μήθ’
1284 2063 1468 2134 ἕτερόν
1505 2083 1624 2116 τινα

71 2158 284 2226 ἔχοντας
332 2156 422 2208 τὸν
470 2156 916 2227 προστησόμενον
950 2158 1192 2232 γνησίίις
1247 2158 1339 2211 καὶ
1398 2156 1625 2220 ἀδόλως.

78 2250 319 2312 Βασιλεὺς
363 2248 442 2316 δὲ,
479 2250 579 2302 οὐκ
635 2249 886 2303 ἐπείθετο
925 2249 1125 2321 ῥᾳδίως
1164 2248 1388 2320 γνώμης
1442 2267 1496 2304 τε
1549 2250 1624 2303 ὢν

75 2342 293 2412 ἀγαθῆς,
324 2344 418 2396 καὶ
472 2341 675 2411 μᾶλλον
733 2342 981 2411 οἰόμενος
1031 2344 1326 2412 προσήκειν
1378 2343 1472 2397 ἐπὶ
1526 2343 1626 2415 τὴν

72 2440 240 2494 πάντα
262 2438 563 2508 δυναμένην
578 2439 760 2504 δεξιὰν
783 2439 878 2502 τὰς
907 2441 1129 2504 ἐλπίδας
1157 2442 1257 2510 τῆς
1282 2441 1390 2494 τῶν
1417 2442 1624 2495 παίδων

73 2529 336 2600 σωτηρίας
366 2527 531 2599 ἔχειν,
571 2527 603 2598 ἢ
633 2527 770 2598 πρὸς
797 2531 1022 2598 συκίνην
1052 2530 1374 2600 ἐπικουρίαν
1420 2531 1517 2602 τὴν
1566 2529 1623 2596 ἐξ

71 2616 408 2687 ἀνθρωπίνης
457 2616 700 2679 ἐπινοίας
741 2617 1092 2684 ἀποϐλέπειν,
1141 2620 1385 2690 συνορῶν
1412 2619 1487 2683 ὡς
1527 2623 1625 2676 καὶ

66 2711 176 2772 τοῖς
206 2711 310 2778 πρὸ
362 2708 590 2763 ἐκείνων
648 2709 928 2778 βασιλεῦσι
957 2710 1182 2765 τοιαῦτα
1228 2714 1622 2784 ἐπινενοημένα

61 2798 274 2869 ὤνησαν
301 2799 473 2862 οὐδὲν,
524 2799 732 2866 ἔφασκέ
761 2817 816 2852 τε
867 2799 942 2862 ὡς
986 2801 1018 2871 ἢ
1052 2800 1184 2864 Θεὸς
1228 2791 1433 2856 ἄνωθεᾯ
1463 2809 1621 2875 χεῖρα

60 2890 334 2954 σώζουσαν
383 2889 689 2960 ὑπερέχων,
733 2891 764 2958 ἢ
815 2891 921 2942 τῶν
954 2893 1084 2961 ἡμῖν
1120 2891 1292 2946 εὔνων
1323 2894 1355 2961 ἠ
1391 2893 1621 2964 δύναμις

59 2982 123 3034 ἂν
147 2981 249 3033 τῶν
276 2981 528 3034 ἐναντίοιν
556 2981 798 3052 ὑπερέχῃ
828 2983 923 3040 τὰς
946 2981 1056 3036 τῶν
1085 2983 1292 3036 ἀδικεῖν
1322 2983 1617 3040 ἐθελόντων

61 3071 122 3122 iv
154 3071 441 3124 κωλύσειεν
489 3074 695 3140 ὁρμάς·
730 3074 882 3142 ὅρκοι
928 3073 985 3126 δὲ
1027 3072 1123 3126 καὶ
1159 3075 1350 3144 δεσμοὶ
1391 3079 1484 3130 καὶ
1518 3078 1618 3131 ὅσα

56 3163 436 3231 παραπλήσια,
468 3162 622 3214 οὐδὲν
651 3163 716 3216 ἂν
747 3164 1069 3232 ὲκεροὸήσειε
1106 3165 1232 3227 τοὺς
1277 3166 1616 3224 πλεονεκτεῖν

1733 687 2099 753 domesticus.
2156 695 2483 763 patriarchae
2535 701 2730 750 auctor
2770 701 2934 758 esset,
2974 705 3188 761 poenam
3244 701 3302 744 et

1730 787 2060 856 ejectionem
2120 802 2187 842 ex
2250 785 2494 841 Ecclesia
2562 784 2954 841 interminandi
2992 824 3006 847 ,
3060 784 3105 837 si
3175 783 3304 852 quis

1732 878 2060 948 imperatore
2127 890 2344 934 mortuo
2401 880 2524 932 filiis
2582 879 2704 948 ejus
2770 877 3174 940 insidiaretur,
3239 885 3298 929 et

1733 971 2016 1039 imperium
2054 972 2162 1026 illis
2189 971 2395 1026 nefarie
2441 971 2709 1025 adimeret
2740 985 2755 1024 :
2784 967 3106 1038 addiditque
3160 981 3287 1034 per-

1731 1063 1996 1118 suadendi
2047 1078 2211 1118 causa
2240 1103 2256 1128 ,
2312 1063 2451 1116 nihil
2494 1060 2756 1116 indecens
2809 1070 2903 1112 aut
2950 1057 3290 1126 inopinatum

1730 1157 2016 1220 facturos;
2049 1153 2352 1224 quinetiam
2391 1168 2502 1208 non
2534 1153 2746 1207 modice
2780 1151 2907 1205 filiis
2954 1153 3293 1220 profuturos,
3331 1135 3343 1146 ’

1729 1247 1772 1301 si
1805 1247 1934 1314 quid
1969 1245 2288 1300 humanitus
2315 1245 2449 1315 ipsis
2477 1232 2791 1299 accidisset.
2829 1242 3113 1297 Neminem
3145 1241 3292 1295 enim

1733 1339 1996 1407 praescire
2033 1337 2180 1391 diem
2213 1336 2490 1401 ultimum,
2540 1335 2842 1407 praesertim
2876 1335 3025 1404 ipsos
3078 1346 3295 1400 semper

1729 1429 1906 1491 bellis,
1932 1443 2053 1482 cum
2081 1427 2323 1498 periculo
2356 1427 2622 1482 distentos
2657 1443 2670 1477 :
2715 1436 2771 1480 et
2806 1441 2964 1493 posse
2998 1433 3294 1492 utrumque

1728 1535 1920 1573 eorum
1955 1518 2009 1572 in
2053 1519 2249 1573 eodem
2281 1519 2469 1588 praelia
2496 1517 2865 1584 occumbere;
2910 1516 3050 1569 male
3079 1523 3299 1570 curatos

1731 1613 1965 1681 relinqui
2029 1611 2190 1676 ﬁlios,
2244 1611 2337 1681 qui
2395 1625 2496 1665 nec
2545 1611 2652 1664 sibi
2699 1609 2832 1679 ipsis
2875 1616 3094 1679 pr0pter
3122 1607 3298 1660 artatis

1730 1705 2164 1758 imbecillitatem
2214 1702 2358 1758 ferre
2390 1717 2549 1773 Opem
2599 1701 2876 1771 poterint;
2923 1715 3026 1756 nec
3055 1699 3296 1755 habituri

1727 1799 1858 1860 sint,
1889 1797 1984 1868 qui
2014 1812 2109 1851 eos
2135 1796 2349 1851 sincere
2367 1812 2430 1850 ac
2447 1795 2688 1865 legitime
2717 1801 2958 1848 tueatur.
2992 1793 3298 1863 Imperator

1729 1887 1917 1950 reniti,
1939 1887 2084 1958 quod
2119 1887 2242 1956 pius
2262 1897 2406 1941 esset
2432 1887 2622 1952 animi,
2659 1882 3296 1955 putaretqueconvenire

1728 1979 1900 2048 magis
1959 1979 2014 2032 in
2070 1978 2441 2048 omnipotenti
2511 1977 2732 2031 dextera
2773 1977 3006 2029 salutem
3061 1974 3294 2026 filiorum

1728 2083 2019 2138 reponere,
2061 2082 2225 2137 quam
2280 2066 2346 2119 ad
2385 2065 2678 2120 ficulneum
2727 2065 2993 2118 auxilium
3053 2065 3290 2117 humana

1726 2158 2058 2230 cogitatione
2084 2160 2370 2214 inventum
2391 2159 2694 2228 respicere;
2725 2156 3052 2226 intelligeret
3079 2164 3299 2222 prmter-

1725 2267 1790 2306 ea
1820 2269 1848 2304 a
1881 2250 2118 2322 superim
2137 2251 2259 2306 ibus
2309 2248 2738 2320 imperatoribus
2775 2248 2974 2303 similia
2993 2246 3297 2315 excogitata

1716 2337 1920 2406 fuisse,
1986 2359 2089 2398 nec
2136 2343 2430 2413 profuisse.
2485 2341 2554 2396 Et
2603 2339 2957 2412 adjungebat,
2996 2346 3090 2392 aut
3124 2337 3293 2392 Deum

1727 2435 1796 2508 ab
1834 2435 1947 2489 alto
1996 2434 2293 2490 salutarem
2352 2447 2572 2486 manum
2616 2431 3023 2492 extendentem,
3063 2435 3156 2482 aut
3203 2443 3296 2495 po-
3383 2455 3386 2458 -

1725 2529 1950 2582 tentiam
1979 2527 2085 2582 sibi
2119 2527 2258 2582 bene
2287 2524 2652 2595 cupientium,
2683 2522 2918 2576 devictis
2941 2519 3291 2581 adversariis,

1723 2634 1916 2675 eorum
1943 2619 2012 2674 ad
2060 2619 2316 2689 injuriam
2358 2617 2706 2672 inferendam
2747 2615 2984 2682 impetus
3013 2627 3296 2682 repressu-

1723 2727 1860 2766 ram.
1884 2711 2222 2774 Jnran'ienta,
2274 2720 2330 2763 et
2356 2709 2598 2772 vincula,
2646 2719 2696 2763 et
2738 2720 3078 2777 quascunque
3125 2704 3296 2771 hujus

1721 2801 1938 2871 generis
1992 2800 2125 2853 nihil
2198 2800 2556 2868 perterritum
2616 2812 2713 2850 eos
2747 2834 2763 2859 ,
2827 2794 2919 2864 qui
2974 2809 3041 2848 ex
3099 2792 3294 2846 alienis

1721 2896 2088 2951 incommodis
2136 2911 2234 2949 sua
2267 2909 2592 2963 comparare
2641 2889 2930 2945 commoda
2975 2889 3290 2944 statuerint.

1722 2988 1931 3044 Idcirco
1966 2986 2356 3043 abstinendum
2416 2987 2519 3039 hoc
2571 2983 2810 3054 negotio,
2849 2992 2907 3036 ut
2955 2997 3064 3036 non
3115 2981 3293 3036 solum

1721 3077 1856 3150 ipsis
1896 3077 2098 3143 inutili,
2151 3079 2245 3131 sed
2301 3078 2514 3132 caeteris
2567 3077 2731 3129 etiam
2787 3089 2898 3128 non
2941 3071 3294 3126 mediocriter

1722 3171 2006 3236 nocituro;
2042 3181 2232 3238 utpote
2258 3173 2454 3238 prazter
2483 3181 2676 3236 poenas
2701 3165 2774 3220 ob
2809 3165 3055 3232 rapinam
3078 3161 3297 3215 debitas

53 3253 490 3342 προῃρημένους.
519 3253 610 3342 Διὸ
646 3255 735 3306 καὶ
774 3254 873 3322 τῆς
903 3255 1159 3326 τοιαύτης
1190 3259 1440 3328 πράξεως
1477 3261 1611 3314 ἀπο-

1724 3263 1884 3316 etiam
1907 3260 2308 3330 dirisprecibus
2341 3273 2370 3311 a
2399 3258 2583 3311 divina
2617 3256 3012 3326 conjunctione
3037 3254 3287 3308 seclusis.

51 3342 294 3410 σχέσθαι,
325 3341 399 3405 ὡς
421 3343 482 3394 οὐ
514 3341 678 3411 μόνον
705 3343 856 3396 οὐδὲν
885 3346 1012 3413 ἡμῖν
1042 3346 1447 3419 λυσιτελοὺσης,
1480 3351 1615 3405 ἀλλὰ

1724 3355 1948 3420 Magnus
1976 3351 2311 3406 domesticus
2359 3351 2588 3410 instare,
2642 3362 2941 3418 rogareque
2989 3345 3150 3417 352
3184 3347 3292 3400 bu-

47 3440 143 3490 καὶ
175 3436 383 3507 ἑτέροις
410 3438 469 3490 οὐ
492 3438 588 3507 τὴν
615 3438 882 3510 τυχοῦσαν
913 3439 1117 3509 βλάϐην
1145 3443 1449 3514 δυναίμένης
1479 3463 1616 3517 προ-

1724 3447 1955 3517 iusmodi
2007 3445 2193 3499 verbis
2257 3453 2508 3513 parceret
2531 3481 2568 3515 ,,
2606 3441 2712 3494 sibi
2767 3439 2975 3494 utiliter
3029 3455 3092 3492 ac
3143 3439 3291 3508 juste

44 3528 218 3591 Ξενεῖν
248 3523 337 3581 οἷα
362 3527 424 3599 δὴ
457 3528 592 3599 πρὸς
616 3530 694 3600 τῷ
721 3529 877 3594 δίκας
911 3531 1010 3603 τῆς
1052 3533 1312 3605 ἁρπαγῆς
1357 3535 1614 3606 ὀφείλειν,

42 3620 145 3672 καὶ
173 3619 607 3690 κεχωρισμένοις
637 3621 746 3674 ἀπὸ
779 3621 936 3676 Θεοῦ.
972 3622 1031 3677 '0
1074 3627 1252 3694 μέγας
1279 3625 1336 3679 δὲ
1367 3627 1617 3697 δομέστι-

34 3727 135 3774 κος
161 3711 265 3764 οὐκ
295 3711 422 3782 ἀνίη
445 3710 786 3783 βιαζόμενος,
815 3713 931 3767 ἀλλ’
965 3714 1133 3769 ἐδεῖτο
1158 3717 1266 3770 τῶν
1314 3718 1413 3788 μὲν
1438 3720 1615 3773 τοιού-

32 3819 149 3856 των
180 3801 360 3871 λόγων
387 3803 745 3872 ἀποσχέσθαι,
787 3805 936 3876 αὐτῷ
968 3807 1024 3860 δὲ
1054 3807 1336 3862 πείθεσθαι
1361 3797 1435 3871 ὥς
1468 3810 1616 3865 λυσι-

29 3890 309 3948 τελοῦντα
358 3895 454 3947 καὶ
499 3894 684 3948 δίκαια
741 3894 1116 3970 βουλευομένῳ
1142 3914 1157 3930 '
1200 3904 1295 3954 καὶ
1334 3900 1522 3955 ἔπεισέ
1551 3920 1613 3970 γε

33 3983 400 4054 βιασάμενος,
417 3985 537 4039 ,οὐδ’
559 3984 702 4040 οὕτω
732 3987 830 4056 μὲν
856 3989 1235 4058 πεπεισμένων
1259 3991 1333 4057 ὡς
1361 3991 1614 4062 λυσιτελῆ

27 4076 102 4126 τὰ
157 4078 517 4143 πραττόμενα
571 4075 678 4145 εἴη,
732 4075 867 4128 ἀλλὰ
921 4079 1020 4147 τῆς
1074 4075 1307 4150 ἐξαρχῆς
1354 4081 1614 4152 ἐχόμενον

27 4165 292 4234 γνώμης.
350 4168 447 4219 Διὰ
503 4166 560 4219 δὲ
611 4169 672 4219 τὸ
707 4167 883 4221 δοκεῖν
938 4168 1136 4238 ἐκείνῳ
1185 4170 1486 4225 λυσιτελεῖν
1521 4174 1616 4226 καὶ

27 4261 244 4314 ἄκοντα
287 4259 656 4329 πεπεισμένον
682 4277 696 4291 ο
742 4261 836 4316 καὶ
869 4261 960 4314 τὸν
992 4262 1335 4334 πατριάρχην
1379 4280 1615 4335 μετακα-

29 4355 82 4403 λε
96 4351 345 4420 σάμενος
377 4350 473 4403 καὶ
494 4352 608 4404 ὅσοι
633 4352 742 4404 τῶν
777 4352 1076 4422 ἀρχιερέων
1106 4353 1162 4405 ἐν
1193 4353 1473 4426 Βυζαντίῳ
1491 4356 1614 4408 τότε

29 4449 320 4517 παρῆσαν,
336 4447 429 4499 καὶ
458 4447 560 4499 ὅσα
580 4443 808 4516 ἦνείκδς
833 4447 1134 4519 διαλεχθεὶς
1155 4451 1285 4520 περὶ
1321 4451 1415 4506 τοῦ
1440 4455 1616 4521 πράγ-

31 4556 226 4602 ιατος,
245 4539 344 4594 καὶ
360 4537 460 4608 τὴν
478 4538 701 4607 γνώμην
725 4541 962 4608 φανερὰν
982 4542 1233 4610 ποιήσας,
1257 4541 1334 4606 ὡς
1348 4543 1496 4615 αὐτῷ
1516 4544 1616 4615 μὲν

1717 3537 2030 3594 consulenti
2078 3543 2314 3605 pareret.
2353 3534 2419 3588 Et
2468 3530 2880 3601 importunitate
2908 3529 3054 3600 quod
3095 3530 3290 3591 voluit,

1715 3629 1918 3692 t-ll‘ecit,
1977 3642 2084 3682 non
2127 3627 2199 3680 ita
2267 3634 2450 3677 tamen
2504 3632 2562 3676 ut
2626 3621 2976 3690 profuturum
3037 3620 3290 3674 crederet

1717 3719 2038 3786 imperator,
2085 3715 2132 3770 si
2189 3713 2385 3778 fieret;
2436 3728 2625 3767 verum
2674 3711 2989 3780 anticipata:
3044 3709 3305 3780 opinioni

1717 3825 1830 3864 sua:
1861 3807 2072 3872 affixus,
2099 3806 2358 3876 quoniam
2397 3805 2489 3859 ille
2539 3803 2893 3874 profuturum
2921 3802 3198 3863 censebat,
3232 3803 3286 3856 in

1717 3901 1955 3970 speciem
2027 3912 2283 3952 assensus
2351 3904 2468 3959 est,
2535 3895 2916 3962 accersitoque
2977 3892 3290 3961 patriarcha

1716 4007 1838 4046 cum
1883 3988 2160 4059 episcopis
2191 3997 2463 4056 quotquot
2502 3985 2746 4056 Byzantii
2788 3985 3174 4047 versabantur,
3232 3993 3292 4038 et.

1716 4101 1837 4155 quae
1891 4083 2122 4138 decebat
2173 4081 2241 4135 de
2310 4095 2369 4135 re
2428 4079 2646 4133 locutus
2681 4094 2696 4132 :
2730 4078 3007 4132 declarata
3068 4077 3297 4145 insuper-

1717 4175 1892 4247 palam
1925 4173 2196 4230 sententia
2246 4187 2366 4236 sua,
2392 4169 2495 4222 sibi
2547 4168 2771 4238 quidem
2810 4182 2925 4238 rem
2974 4181 3154 4234 neque
3191 4182 3284 4218 ne-

1717 4268 2034 4331 cessariam,
2089 4279 2267 4334 neque
2313 4261 2721 4317 conducibilem
2754 4261 2927 4314 videri
2975 4260 3108 4328 (non
3140 4261 3293 4314 enim

1715 4360 1958 4414 cohibcri
1993 4373 2151 4427 posse
2192 4355 2574 4410 insidiatorum
2605 4353 2973 4423 cupidinem),
3006 4360 3183 4405 tamen
3221 4366 3287 4404 ne

1715 4450 2060 4506 existimetur
2084 4463 2186 4502 suo
2218 4457 2433 4502 tantum
2469 4445 2682 4516 judicio
2710 4444 2982 4516 obsequi,
3029 4443 3125 4519 sed
3155 4444 3297 4498 alio-

1722 4558 1844 4597 rum
1871 4555 2089 4611 quoque
2139 4538 2389 4594 consiliis
2416 4541 2632 4600 ce'ere,
2687 4546 2741 4591 et
2794 4551 2991 4592 manus
3019 4535 3172 4599 dare,
3230 4544 3308 4590 ct.-

31 4631 152 4683 ιῠτε
200 4607 510 4698 ἀναγκαῖον
527 4629 651 4684 οὔτε
692 4607 965 4695 λυσιτελὲς
1005 4607 1238 4688 δοκεῖτὸ
1274 4607 1613 4706 πρᾶγμα.οού

1726 4650 1840 4689 rem
1896 4633 2003 4687 illis
2056 4631 2402 4685 committere
2487 4627 2720 4683 Proinde
2751 4628 3041 4682 anathema
3093 4628 3146 4681 in
3191 4641 3297 4680 eos

31 4723 135 4791 γὰρ
172 4723 484 4793 ἐπισχήσει
516 4723 616 4785 τὰς
639 4722 820 4794 ὁρμὰς
843 4725 950 4777 τῶν
987 4723 1291 4778 ιπιδοῠλων
1318 4740 1334 4758 ο
1356 4727 1429 4789 ὡς
1455 4727 1522 4781 ἂν
1557 4728 1614 4781 δὲ

33 4814 100 4883 ιὴ
124 4814 326 4884 δοκοίη
352 4817 466 4877 τοῖς
494 4816 773 4885 σφετέροις
803 4817 982 4884 μόνοις
1005 4816 1286 4870 πείθεσθαι
1314 4818 1616 4888 λογισμοῖς,

33 4905 161 4957 ina
192 4905 300 4957 καὶ
333 4903 543 4975 ἑτέροις
585 4903 1014 4973 συμϐουλεύουσι
1047 4907 1424 4976 παραχωρεῖν,
1453 4907 1616 4960 αὐτόν

41 5014 71 5049 ε
115 4996 432 5048 πεπεῖσθαι
486 4997 580 5048 καὶ
624 4998 804 5064 σφίσιν
859 4997 1195 5066 ἐπιτρέπειν,
1244 4997 1460 5050 ἐκέλευε
1519 5001 1610 5051 τδν

44 5089 349 5158 φορισμδν
381 5089 526 5142 κατὰ
543 5089 652 5142 τῶν
683 5091 820 5159 μετὰ
853 5089 949 5160 τὴν
983 5091 1192 5142 ἐκείνου
1219 5090 1477 5162 τελευτὴν
1498 5093 1610 5155 τοῖς

35 5182 218 5233 ταισὶν
250 5181 460 5244 ἀδίκως
491 5180 905 5252 ἐπιθησομένων
935 5183 1200 5251 ἑκφωνείν
1223 5201 1234 5212 ·
1261 5183 1356 5235 καὶ¹
1380 5184 1612 5238 ἐτελεῖτο

44 5286 173 5343 αρα
230 5268 654 5347 πατριάρχουῇ
703 5274 1064 5345 προσέταττεν
1120 5277 1147 5329 ὁ
1203 5275 1477 5344 βασιλεύς.
1513 5277 1610 5331 Διὰ

37 5366 196 5418 κῦτσι
238 5365 313 5434 δὴ
350 5364 495 5433 μετὰ
525 5365 620 5434 τὴν
661 5365 869 5418 ἐκείνου
902 5366 1181 5436 τελευτὴν,
1203 5367 1231 5419 ὁ
1263 5368 1614 5439 πατριάρχης

48 5456 171 5526 ήηη
193 5454 341 5520 δεῖν,
356 5448 445 5508 οἷα
463 5454 646 5526 δὴιτῶν
667 5453 928 5524 βασιλέως
951 5454 1154 5508 παίδων
1171 5456 1368 5524 φύλαξ,
1384 5457 1556 5520 ἄλλως
1571 5459 1617 5509 0’

37 5567 79 5601 τι
138 5548 252 5600 καὶ
287 5548 318 5598 ὁ
367 5546 462 5601 τοῦ
500 5545 770 5616 βασιλέως
835 5546 966 5607 παῖς
1007 5545 1257 5617 Ἰωάννης
1289 5548 1318 5600 ὁ
1351 5547 1605 5616 βασιλεὺς

1724 4723 1934 4785 ἀίοεηιι,
1964 4719 2052 4788 qui
2091 4734 2152 4773 se
2195 4728 2410 4772 mortuo
2440 4716 2582 4771 filios
2607 4717 2726 4787 ejus
2768 4732 2865 4786 per
2896 4716 3076 4771 scelus
3103 4715 3286 4769 adori-

1724 4826 1936 4872 rentur.
1963 4811 2276 4868 Patriarcha
2300 4811 2452 4881 jussa
2500 4809 2734 4879 complet
2760 4825 2774 4873 ;
2799 4818 2853 4864 et
2883 4807 2984 4862 hac
3023 4807 3293 4860 nimirum-

1723 4909 1791 4964 de
1829 4923 1992 4962 causa
2049 4915 2170 4974 post
2199 4904 2320 4973 ejus
2349 4903 2558 4957 obitum
2607 4909 2866 4971 oportere
2915 4917 2974 4954 se
3027 4911 3284 4967 tauquam

1721 5003 1958 5056 filiorum
1995 5007 2231 5052 tutorem
2263 5005 2344 5065 (et
2367 4994 2666 5063 praesertim
2701 4993 2828 5064 quia
2852 4992 3094 5046 Joannes
3119 4991 3297 5060 impe-

1719 5104 1871 5149 ratur
1925 5090 2223 5146 admodum
2290 5102 2425 5157 puer
2487 5085 2712 5148 adhuc,
2767 5098 2960 5136 novem
3020 5081 3289 5138 duntaxat

1716 5199 1891 5242 annus
1933 5191 2092 5236 natus
2124 5189 2238 5234 erat
2285 5177 2396 5246 (90)
2439 5171 2938 5246 )guberuationem
2993 5170 3291 5239 attingere,

1719 5286 1776 5339 et
1808 5271 2216 5328 adolescentulo
2258 5267 2580 5339 imperatori
2609 5264 2925 5332 ‘imperium
2959 5276 3291 5316 conservare

1723 5366 2073 5422 existimavit.
2107 5365 2186 5418 Ac
2212 5361 2454 5430 suscepit
2496 5358 2719 5428 quidem
2753 5357 2842 5411 ille
2870 5355 3291 5425 rempublicam,

1725 5457 2096 5530 paulatimque
2161 5459 2336 5507 semet
2407 5451 2462 5504 in
2530 5448 2897 5517 principatum
2955 5446 3295 5512 iutrudens,

1727 5554 1897 5606 latere
1926 5547 2138 5603 studuit
2157 5560 2319 5615 quam
2352 5543 2586 5597 maxime
2613 5541 2792 5614 potuit
2811 5559 2824 5596 :
2843 5541 2988 5610 quod
3019 5549 3298 5594 metueret

949 5715 996 5765 -τ
1287 5705 1504 5766 Jacobi
1539 5708 1807 5772 Pontani
1841 5715 2026 5770 noue.

61 5831 198 5906 (90)
246 5829 422 5906 Patre
451 5829 984 5906 morienteloannes
1003 5830 1463 5906 Palaeologusnon
1525 5834 1642 5906 plus
1679 5849 1874 5895 novem
1935 5849 2107 5890 annos
2161 5842 2322 5887 natus
2371 5841 2508 5886 erat.
2579 5828 2712 5886 lluic
2755 5828 2936 5893 crede,
2992 5837 3046 5882 et
3098 5826 3294 5880 falsum

45 5901 132 5957 ita
175 5902 521 5967 Laonicum,
559 5903 648 5974 qui
680 5903 729 5956 ei
753 5901 1038 5956 duodecim
1065 5901 1475 5958 annos'tribuit.
