3794 6560
135 402 218 464 7-ἱὲ
512 420 521 425 ‘
1227 396 1771 473 IllSTOillAllUll
1823 400 2052 459 LIBER
2088 398 2200 458 IlI.
3227 392 3334 456 7M

131 512 309 578 ἀμαθῶς
364 509 453 562 καὶ
499 509 743 577 θρασέως
803 524 931 577 πριν
989 523 1039 558 τι
1089 508 1430 575 φθέγξασθαι
1494 507 1640 567 τινὰ,

1760 504 1919 572 Ϊηυοιι
1968 505 2194 561 minime
2232 505 2484 574 decebat)
2516 510 2689 577 major
2716 520 2842 560 eum
2876 505 3219 575 perturbatio
3251 507 3336 560 iu-

130 607 408 675 Γέγραπται,
472 598 642 666 εἶπεν,
697 603 793 655 ἐὰν
854 620 934 671 τῳ
987 602 1202 671 ἐσχάτῳ
1252 599 1643 667 ἀποκαλυφθῇ,

131 700 297 765 σιγάτω
331 698 357 749 ὁ
403 697 640 765 πρῶτος.
674 696 774 747 Ἂν
820 690 915 749 οὖν
948 699 1042 748 καὶ
1074 693 1231 764 ἡμῶν
1260 710 1370 744 τινι
1402 691 1509 744 τῶν
1556 690 1641 743 δο-

131 788 324 842 κούντων
374 787 617 856 ἐσχάτων
667 782 807 840 εἶναι
875 785 1084 856 βέλτιόν
1131 800 1184 835 τι
1224 786 1350 853 περὶ
1404 774 1479 834 ὧν
1530 779 1649 831 νυνὶ

131 880 442 951 βουλευόμεθα
472 880 656 932 εἰπεῖν
690 879 807 945 ἐξῇ,
854 879 1071 949 ἀνάγκη
1108 879 1197 931 τὸν
1241 877 1461 946 πρῶτον
1493 875 1655 943 στέρ-

128 992 242 1039 γειν.
271 972 565 1043 Ἑταράχθη
601 974 699 1040 μὲν
730 973 824 1024 οὖν
859 970 1076 1034 εὐθὺςὸ
1109 972 1283 1042 μέγας
1328 972 1648 1040 δομέστικος

125 1065 206 1116 ἐπὶ
230 1065 293 1134 τῷ
316 1064 455 1135 λόγῳ
485 1065 619 1130 πρὸς
648 1066 748 1131 τὴν
775 1067 1093 1134 θρασυτητα
1125 1066 1217 1117 καὶ
1247 1063 1525 1117 ἀναίδειαν
1554 1060 1648 1114 τοῦ
1686 1068 1701 1075 ⁶

128 1156 284 1225 ἀνδρὸς
310 1156 627 1224 ἀγανακτῶν
654 1173 667 1187 ·
704 1150 952 1226 οίόμενος
983 1157 1041 1209 δὲ
1073 1156 1171 1226 τὴν
1199 1155 1449 1226 βασιλίδα
1480 1155 1513 1226 ἢ
1558 1157 1650 1206 τὸν

129 1246 457 1317 πατριάρχην,
483 1242 643 1311 οὗτος
671 1248 781 1317 γὰρ
817 1249 917 1319 ἠδη
964 1250 1269 1318 προΐστατο
1316 1249 1417 1315 τῆς
1456 1245 1652 1317 βουλῆς

128 1340 240 1410 πρὸς
268 1340 421 1411 ὀργὴν
465 1341 555 1394 τὸν
586 1342 836 1411 Χοῦμνον
884 1341 1183 1394 ἀπελάσειν
1224 1339 1320 1394 τοῦ
1355 1339 1652 1411 βουλευτη-

125 1433 244 1500 ρίου,
270 1433 296 1503 ἢ
324 1433 498 1501 λόγοις
525 1432 851 1502 ἐπιπλήξειν
868 1434 967 1502 τῆς
983 1433 1216 1504 ἀκαίρου
1247 1430 1651 1499 γλωσσαλγίας,

120 1522 289 1594 ἤνεγκε
321 1526 444 1594 σιγῇ
466 1540 479 1555 ο
512 1524 587 1587 ώς
615 1524 669 1577 δέ
712 1528 847 1593 μήτε
878 1524 1011 1594 παρ’
1041 1524 1269 1579 ἐκείνων
1295 1522 1514 1586 ἐλέγετο
1543 1520 1651 1575 τῶν

117 1610 315 1664 δεόντων
363 1630 455 1678 τι,
507 1612 588 1665 ἔτι
656 1613 860 1681 μᾶλλον
920 1612 1292 1681 ἐταράττετο·
1352 1611 1654 1682 τεκμήριον

115 1704 315 1774 ἐναργὲς
334 1705 563 1772 ἀταξίας
588 1707 680 1760 καὶ
732 1706 1003 1777 ἀναρχίας
1033 1705 1321 1783 τιθέμενος
1352 1704 1445 1758 τὸν
1494 1704 1653 1770 λόγον

113 1797 158 1848 εί
201 1798 340 1851 πᾶσιν
374 1798 590 1863 ἐξέσται
636 1800 750 1862 τοῖς
786 1798 996 1868 μείζοσι
1041 1798 1409 1869 προσκρούειν
1460 1796 1651 1859 ἀδεῶς.
1687 1822 1729 1876 Β

114 1879 350 1955 Τορνίκης
380 1887 437 1939 δέ
472 1888 785 1958 Δημήτριος
825 1888 924 1941 οὐκ
962 1889 1204 1954 ἐνεγκὼν
1236 1890 1336 1959 τὴν
1392 1888 1648 1941 ἀτοπίαν.

111 1970 172 2023 Τί
204 1967 304 2032 οὖν,
331 1969 473 2035 εἷπε,
497 1973 879 2043 δημοκρατίαν
909 1974 1014 2044 χρὴ
1041 1977 1218 2027 ποιεῖν
1245 1975 1346 2041 τὴν
1363 1975 1653 2045 Ῥωμαίων

114 2063 390 2131 βασιλείαν,
432 2064 500 2117 i'v‘
530 2065 622 2136 ἐξῇ
665 2069 827 2120 παντὶ
859 2066 935 2137 τῷ
960 2066 1322 2137 ’βουλεύεσθαι
1358 2067 1654 2135 καὶλέγειν

107 2155 232 2208 ἄττα
278 2156 338 2210 ἂν
388 2157 517 2228 δοκῇ
570 2159 664 2211 καὶ
708 2162 839 2229 περ).
888 2160 1156 2228 μειζόνων
1205 2160 1297 2213 καὶ
1353 2159 1654 2213 ἐλαττόνων

106 2249 447 2324 πραγμάτων,
483 2252 578 2303 καὶ
610 2252 862 2321 ἀνάγκην
893 2252 1247 2324 προστιθέναι
1277 2256 1389 2315 τοῖς
1421 2251 1655 2322 βελτίοσι

104 2320 329 2411 στέργειν
382 2342 449 2395 τά
499 2320 883 2415 ἐψηφισμένας
936 2320 1037 2398 καὶ
1091 2346 1251 2398 ποίαν
1315 2320 1549 2409 ἀτοπίας
1589 2344 1656 2399 ἂν

100 2436 391 2507 ὑπερϐολὴν
423 2437 631 2491 ἐλλίποι
664 2438 724 2490 τὸ
754 2437 998 2493 τοιοῦτον
1028 2453 1041 2468 ·
1078 2439 1432 2511 ὡρμημένων
1467 2457 1526 2492 τε
1554 2439 1656 2511 ἤδη

98 2529 346 2598 περὶτῶν
378 2529 642 2584 τοιούτων
682 2531 936 2603 ἀλλήλοις
967 2532 1294 2601 ἀντιλέγειν,
1345 2533 1577 2602 ἐπέσχεν
1621 2535 1655 2602 ὴ

94 2607 321 2693 βασιλὶς,
346 2625 452 2678 τῶν
492 2625 738 2695 ἀκαίρων
769 2626 1109 2697 ἀποσχέσθαι
1148 2626 1448 2680 κελεύουσα
1481 2626 1657 2694 λόγων

90 2719 310 2771 τουτωνὶ
338 2722 432 2772 καὶ
465 2721 788 2787 ἀναγκαίων
825 2723 954 2791 πέρι
986 2721 1357 2786 διαλέγεσθαι.
1386 2721 1446 2773 ’0
1483 2721 1657 2791 μέγας

88 2808 148 2861 δὲ
176 2809 487 2876 δομέστικος
521 2811 968 2883 ὑποκρινάμενος
996 2812 1089 2865 τὸν
1122 2813 1395 2883 στόμαχον
1445 2811 1657 2880 ἀλγεῖν,

88 2901 316 2957 ἔπλαττε
347 2904 467 2957 τότε
498 2904 832 2975 στρέφεσθαι
875 2907 944 2960 τά
983 2907 1157 2971 ἔνδον,
1185 2907 1281 2960 καὶ,
1317 2904 1531 2959 ἐσιώπα
1583 2906 1659 2968 ὡς

99 2994 233 3062 μηδὲ
269 2994 597 3063 φθέγγεσθαι
624 2994 922 3066 δυνάμενος
947 2995 1051 3048 ὑπὸ
1079 2996 1177 3067 τῆς
1204 2994 1498 3064 ἀλγηδόνος
1550 3008 1563 3023 °
1609 2995 1657 3047 οἱ

82 3086 165 3147 δὲ,
192 3087 440 3150 ἀτάκτως
475 3086 796 3156 ἐθορύϐουν,
850 3087 1086 3151 ἕκαστος
1117 3088 1178 3141 τὸ
1216 3089 1659 3158 προσιστάμενον

1752 599 1940 662 cessit,
1992 615 2092 667 pro
2141 602 2433 655 manifesto
2465 603 2814 656 confusionis
2849 616 2903 656 et
2926 602 3202 657 anarcbizc
3236 603 3334 655 ba—

1755 690 1973 752 bentetn
2032 691 2256 755 indicio,
2297 693 2341 747 si
2376 693 2430 746 iu
2459 694 2711 755 quemvis
2744 708 2775 748 e
2823 694 3123 757 majoribus
3164 694 3335 747 libi-re

1755 780 2020 836 insultare
2063 784 2274 838 liceret.
2315 785 2629 840 Demetrius
2670 802 2838 857 porro
2878 785 3167 839 Tornicius
3193 787 3340 838 insu-

1752 872 1977 929 lentiam
2025 892 2135 931 non
2183 877 2363 933 ferens
2393 894 2409 931 :
2435 878 2577 944 Quid
2627 879 2730 932 hoc
2781 879 2881 939 rei,
2913 879 3110 946 inquit,
3141 877 3207 931 ad
3245 880 3338 929 dc-

1760 966 2080 1021 moeratiam
2131 982 2200 1023 ne
2231 967 2536 1023 Romanum
2577 969 2871 1038 imperium
2907 969 3239 1037 redigemus.
3280 976 3337 1023 ut

1755 1055 2054 1125 unicuique
2100 1057 2181 1111 fas
2229 1058 2304 1112 sit
2330 1059 2638 1119 consulere,
2667 1075 2730 1113 ac
2761 1058 2946 1113 dicere
2981 1075 3076 1126 pro
3108 1060 3336 1112 libidine

1757 1162 1912 1212 atque
1946 1147 1998 1199 in
2026 1149 2393 1217 gravioribus,
2421 1159 2478 1204 ut
2516 1150 2571 1204 in
2602 1152 2907 1206 levioribus
2932 1162 2985 1205 et
3019 1151 3339 1220 prudentu-

1757 1237 1912 1289 ribus
1951 1253 2051 1292 sua
2104 1240 2325 1295 decreta
2367 1243 2704 1314 approbandi
2742 1246 3127 1298 necessitatem
3164 1245 3215 1297 in
3239 1261 3342 1314 po-

1758 1328 1930 1381 nere?
1955 1328 2095 1395 Quid
2127 1336 2343 1386 tandem
2371 1333 2475 1411 hoc
2497 1335 2753 1389 stolidius
2787 1333 2903 1388 ﬁeri
2944 1334 3340 1405 queat?t‘.um-

1757 1434 1863 1487 que
1913 1421 2024 1490 jam
2080 1423 2227 1478 inter
2260 1439 2318 1479 se
2356 1425 2611 1481 altercari
2654 1427 2981 1497 inciperent,
3021 1429 3339 1513 iirpnratrix

1758 1525 1815 1565 se
1871 1511 2251 1583 interponens,
2311 1531 2408 1571 eos
2462 1518 2747 1582 cohibuit;
2783 1519 3019 1583 hortata,
3049 1511 3109 1573 ut
3154 1520 3344 1573 istim-

1760 1601 1925 1657 modi
1958 1605 2307 1661 sermonibus
2359 1606 2553 1661 alienis
2586 1608 2804 1663 omissis
2832 1649 2846 1672 ,
2891 1608 2959 1663 de
3014 1608 3341 1663 necessariis

1763 1689 2124 1751 dissererent.
2156 1695 2380 1764 Magna:
2412 1696 2753 1753 domesticus
2779 1699 3337 1759 doloremstomaebi.

1756 1793 1812 1838 et
1848 1786 2082 1841 tormina
2116 1788 2402 1855 simulare,
2433 1790 2730 1863 silereque,
2761 1808 2827 1846 ac
2865 1791 2910 1846 si
2943 1792 3223 1846 cruciatus
3252 1792 3341 1845 ille

1757 1876 1860 1929 sibi
1917 1872 2105 1932 vocem
2132 1880 2407 1951 eriperet.
2458 1883 2537 1937 llli
2583 1883 2910 1939 immodeste
2960 1886 3342 1938 tnutuunr~oL~

1757 1979 2029 2039 strepere,
2079 1972 2208 2027 dum
2236 1974 2471 2045 quisque
2513 1976 2859 2046 pmpositum
2895 1973 3224 2032 conﬁrmare
3261 1979 3344 2031 ni—

1757 2060 1912 2115 titur.
1973 2062 2138 2136 354
2185 2064 2421 2132 Quidam
2454 2068 2603 2122 enim
2632 2070 2945 2124 Sismanum
2979 2070 3206 2124 Romani
3241 2072 3342 2124 ἰηι-

1759 2153 1895 2220 perii
1945 2157 2249 2225 supplicem
2306 2162 2787 2225 conservandum,
2842 2178 2949 2217 non
2998 2163 3339 2233 prodembm

1759 2247 2083 2301 asserebant
2108 2266 2127 2303 ι
2149 2251 2364 2306 etiamsi
2390 2253 2519 2323 ejus
2537 2268 2700 2309 causa
2723 2256 3006 2326 quippiam
3033 2258 3226 2312 durius
3248 2275 3345 2329 pa-

1764 2336 2012 2393 tiendum
2037 2342 2203 2397 foret.
2238 2344 2347 2399 Alii
2374 2346 2546 2417 magis
2576 2347 2880 2416 regionem,
2905 2358 2958 2402 et
2981 2351 3203 2420 propria
3228 2366 3344 2405 ser-

1760 2432 1934 2485 vanda
1969 2434 2303 2506 tuendaque,
2327 2453 2428 2492 nec
2457 2448 2684 2508 propter
2707 2440 2994 2510 fugitivum
3029 2442 3328 2497 [turbarant

1760 2520 1813 2575 in
1847 2526 2075 2593 pra:visa
2104 2530 2351 2597 pericula
2377 2540 2572 2599 sponte
2597 2530 3019 2587 incurrenilum.
3045 2534 3142 2588 llis
3170 2546 3335 2604 atque

1760 2615 2036 2673 similibus
2060 2621 2241 2675 verbis
2265 2631 2669 2684 eoucertantes,
2698 2608 2959 2693 palatium
2998 2627 3282 2683 clamoribt
3309 2644 3336 2682 s

1763 2712 2085 2783 implebant,
2110 2712 2325 2768 cunctis
2354 2712 2421 2767 ad
2443 2728 2792 2769 communem
2817 2717 3106 2772 utilitatem
3123 2728 3345 2774 sentcn-

1764 2804 1887 2868 tias,
1921 2815 1976 2859 et
2003 2806 2200 2873 placita
2236 2822 2333 2859 sua
2360 2805 2415 2859 in
2446 2805 2687 2861 medium
2720 2807 2916 2863 afferre
2942 2812 3343 2879 satagent‘bus.

1760 2894 2009 2965 Cumque
2026 2898 2428 2952 sententiarum
2459 2900 2741 2953 contentio
2778 2900 3205 2969 ingravesceret,
3236 2920 3299 2973 pa
3324 2934 3337 2944 -

1763 2989 2005 3044 triarcha
2039 2990 2196 3059 quasi
2229 2991 2489 3045 nimirum
2517 2991 2704 3046 nescio
2731 2993 2862 3061 quid
2889 3009 3139 3064 magnum
3166 3010 3218 3051 et
3245 3000 3342 3051 ad-

1765 3081 2015 3158 mirabile
2026 3084 2413 3140 consulturus:
2440 3084 2552 3139 .\lea
2568 3083 2851 3154 opinione,
2872 3087 3069 3156 inquit,
3088 3089 3345 3144 Sismann

83 3175 405 3245 βουλόμενος
436 3179 660 3248 κυροῦν.
690 3179 752 3233 Οἱ
785 3178 885 3250 μέν
907 3179 1014 3250 γάρ
1036 3179 1224 3248 ἔλεγον
1249 3180 1362 3237 δεῖν
1385 3180 1652 3249 Σίσμανον

1764 3174 1820 3228 in
1842 3173 2015 3229 aedem
2052 3174 2269 3245 Sophia:
2302 3176 2783 3248 transfugiendum
2805 3189 2916 3248 est;
2941 3198 3102 3252 quam
3128 3199 3251 3238 cum
3276 3187 3345 3241 ab

77 3260 393 3335 διασώζειν,
427 3270 617 3340 ἱκέτην
652 3270 755 3341 τῆς
802 3270 1089 3341 Ῥωμαίων
1120 3272 1398 3344 βασιλείας
1429 3289 1657 3341 γεγενη-

81 3364 269 3432 μένον,
308 3363 402 3416 καὶ
454 3363 530 3435 μὴ
587 3364 1072 3434 καταπροδιδόναι,
1122 3366 1173 3418 εί
1212 3366 1296 3419 δεῖ
1336 3383 1390 3419 τι
1436 3364 1662 3419 καὶτῶν

74 3456 366 3528 δυσχερῶν
420 3460 716 3529 ὑπομένειν
759 3461 827 3514 δι’
861 3462 1047 3517 αὐτόν.
1099 3463 1160 3516 Ol
1209 3462 1288 3526 δέ,
1338 3463 1439 3533 τὴν
1473 3463 1660 3531 χώραν

73 3549 285 3618 μᾶλλον
334 3549 529 3604 καὶτὰ
566 3551 741 3605 οίκεῖα
788 3552 1099 3616 διασώζειν,
1134 3552 1229 3605 καὶ
1273 3551 1659 3622 μὴ’βαρϐσὶρου

66 3641 544 3711 ἕνεκακφυγάδος
596 3646 677 3707 είς
726 3644 1013 3714 προῦπτον
1066 3645 1313 3698 κίνδυνον
1365 3643 1659 3711 ἐμϐάλλειν

67 3731 223 3796 σφᾶς
275 3731 507 3791 αὐτούς·
561 3732 654 3785 καὶ
693 3730 916 3786 τοιαῦτα
969 3732 1131 3801 ἕτερα
1173 3732 1463 3799 ἀντέλεγον
1524 3732 1661 3799 πρδς

61 3820 372 3890 ἀλλήλους,
420 3823 517 3876 καὶ
555 3824 687 3894 βοῆς
716 3824 788 3878 τά
834 3823 1083 3894 βασίλεια
1114 3824 1408 3894 ἐπλήρουν,
1440 3822 1660 3876 πάντων

56 3910 380 3965 ἐθελόντων
411 3913 638 3985 γνώμας
670 3916 764 3969 καὶ
796 3916 1130 3986 ψηφίσματα
1163 3917 1472 3986 προτείνειν
1517 3915 1660 3984 ὑπὲρ

54 4002 180 4054 τῶν
215 4008 374 4075 κοινῇ
409 4005 853 4062 λυσιτελούντων.
889 4008 975 4071 Ὠς
994 4008 1051 4061 δὲ
1081 4007 1394 4079 ἐπιπλέονή
1430 4007 1662 4077 φιλονει-

50 4094 163 4148 κία
195 4099 563 4165 παρετείνετο
583 4100 675 4152 καὶ
704 4100 1028 4170 ἀσύμφωνοι
1061 4103 1180 4164 ταῖς
1216 4099 1463 4171 γνώμαις
1490 4095 1656 4171 ἦσαν,

46 4188 86 4240 ὁ
126 4189 497 4260 πατριάρχης
534 4192 609 4253 ὡς
642 4191 765 4261 δήτι
798 4193 941 4261 μέγα
988 4193 1083 4246 καὶ
1129 4193 1436 4263 θαυμάσιον
1468 4192 1659 4263 βεεου-

1765 3267 2023 3323 omnibus
2041 3268 2470 3339 imperatoribus
2487 3271 2758 3342 asylijure
2773 3274 3093 3330 honoratam
3108 3290 3343 3345 constet,

1764 3358 1951 3414 licebit
1983 3369 2038 3415 et
2064 3360 2226 3416 nobis
2249 3361 2544 3416 honestum
2570 3363 2867 3421 Alexandri
2895 3367 3088 3439 legatis
3113 3373 3341 3442 respou-

1762 3468 1883 3507 sum
1914 3452 2184 3519 reddere;
2215 3454 2363 3509 nefas
2382 3454 2551 3511 fuisse
2583 3457 2743 3514 nobis
2764 3459 2857 3513 Dei
2885 3462 3186 3531 supplicem
3221 3468 3346 3521 abs-

1764 3546 2002 3611 trahere,
2032 3556 2085 3601 et
2112 3546 2232 3601 aliis
2276 3548 2720 3605 interﬁciendum
2768 3553 3091 3621 transdere;
3124 3560 3345 3625 quando

1764 3635 1890 3690 idin
1916 3638 2122 3692 scelere
2136 3639 2383 3692 omnium
2410 3640 2785 3720 impurissimo
2803 3659 2832 3697 a
2850 3645 3113 3703 Romanis
3127 3665 3345 3720 semper

1763 3741 2114 3782 numeratum
2163 3730 2254 3784 sit.
2300 3731 2456 3785 Multi
2514 3713 2681 3804 igitur
2713 3746 3018 3805 prasentcs
3046 3742 3339 3797 consilum

1764 3820 1868 3874 hoc
1923 3823 1974 3875 in
2021 3823 2221 3877 caelum
2272 3825 2546 3889 ferebant,
2589 3827 2971 3899 optimumque
2995 3846 3059 3887 ac
3096 3835 3343 3910 pgnleu-

1765 3914 2064 3995 tissimum,
2111 3924 2166 3970 et
2197 3917 2264 3971 ad
2297 3919 2506 3989 legatos
2532 3921 2825 3977 Alexandri
2859 3925 2941 3994 (ut
2968 3926 3061 3995 qui
3091 3931 3200 3997 jam
3237 3930 3341 3999 ipsi

1761 4021 1989 4076 quoque
2030 4011 2390 4066 recusationis
2423 4014 2884 4071 necessitudinem
2917 4020 3342 4092 perspicerent),

1763 4116 1822 4156 re
1867 4100 2188 4171 imperfecta
2239 4102 2596 4158 dimittendos
2629 4106 2787 4173 longe
2809 4111 3337 4177 opportunissimum

1757 4192 2099 4262 judicabant.
2161 4190 2401 4247 Tacente
2454 4211 2650 4264 magno
2691 4196 3034 4266 domestico,
3096 4206 3340 4274 Augusta

43 4282 365 4351 λευμένος,
415 4283 573 4350 Ἐμοὶ
632 4285 833 4348 δοκεῖν,
894 4285 1022 4354 ἔφη,
1059 4286 1331 4355 Σίσμανον
1387 4288 1526 4355 πρὸς
1567 4285 1652 4338 τὸν

1763 4282 1998 4351 primum
2026 4283 2095 4338 de
2128 4285 2299 4338 morti
2333 4285 2452 4351 ejus
2484 4286 2920 4356 importunitate,
2946 4302 3189 4365 tempore
3228 4307 3335 4353 tam

39 4372 159 4441 τῆς
200 4372 305 4424 τοῦ
346 4372 724 4442 ΘεοῦΣοφίας
770 4364 911 4430 νεὼν
948 4379 1327 4446 καταφυγεῖν’
1371 4376 1567 4446 ἀσυλίᾳ
1602 4376 1652 4428 δὲ

1763 4375 1988 4445 ancipiti
2021 4387 2076 4431 et
2110 4377 2343 4431 consilio
2362 4388 2579 4448 egente,
2625 4384 2978 4451 querebatur.
3010 4364 3213 4444 Deinde
3245 4393 3342 4445 ad-

36 4464 123 4516 αὑ
137 4462 238 4517 τοῦ
272 4466 646 4535 τετιμημένου
683 4466 786 4519 ὑπὸ
813 4469 1028 4520 πάντων
1061 4468 1177 4522 ὅσοι
1213 4469 1502 4536 Ῥωμαίων
1531 4467 1652 4520 ἐϐα-

1765 4470 2044 4536 Inonebat,
2091 4470 2135 4526 si
2165 4471 2403 4540 placeret
2430 4473 2480 4527 ei
2507 4475 2836 4544 patriarchae
2866 4481 3031 4545 ratio,
3060 4487 3338 4552 quomodo

36 4554 360 4621 σίλευσαν,
402 4556 605 4619 ἐξεῖναι
634 4558 732 4611 καὶ
793 4559 923 4628 ἡμῖν
955 4559 1317 4629 εὐπρόσωπον
1353 4562 1652 4628 ἀπολογίαν

1766 4563 1888 4616 aliis
1934 4579 1998 4617 ac
2039 4564 2140 4617 sibi
2178 4564 2499 4633 placuisset,
2524 4567 2676 4621 vultu
2711 4583 3005 4639 annueret,
3052 4585 3218 4649 atque
3258 4580 3336 4633 ita

31 4648 205 4714 πρὸς
239 4649 381 4710 τοὺς
414 4648 771 4720 ΞΑλεξάνδρου
820 4650 1009 4704 θέσθαι
1037 4652 1406 4720 πρεσϐευτὰς,
1437 4653 1511 4715 ώς
1557 4656 1652 4705 οὐκ

1762 4654 1910 4707 dicta
1937 4655 2316 4718 conﬁrmaret,
2348 4666 2402 4711 et
2427 4661 2818 4715 consultationi
2842 4663 3004 4717 finem
3032 4666 3209 4724 daret.
3243 4669 3338 4725 Siti

24 4735 179 4800 ἐξὸν
218 4735 665 4799 ἀποσπάσαντας
715 4738 807 4790 τὸν
844 4739 1029 4807 ἱκέτην
1066 4738 1165 4809 τοῦ
1196 4739 1333 4793 Θεοῦ
1368 4742 1652 4809 παραδιδᾷ-

1760 4746 1892 4814 quid
1935 4747 2081 4800 aliud
2134 4747 2333 4801 melius
2374 4758 2429 4802 et
2476 4752 2667 4805 utilius
2714 4752 2965 4822 haberet,
3000 4772 3060 4812 se
3103 4759 3158 4812 in
3198 4778 3340 4830 pra:-

23 4842 142 4877 ναι
175 4825 330 4895 πρὸς
372 4826 593 4896 σφαγήν
618 4841 631 4856 °
673 4826 911 4896 μάλιστα
943 4830 1162 4882 πάντων
1192 4830 1354 4881 τοῦτο
1381 4831 1511 4898 ἄγος
1536 4833 1652 4885 ἐνα-

1760 4841 1935 4894 sentia
1994 4850 2219 4911 propter
2246 4844 2365 4913 ejus
2404 4847 2760 4901 tentationem
2793 4852 3134 4908 valetudmis
3158 4858 3338 4910 cousi-

21 4918 345 4983 γὲστατον
368 4920 465 4971 καί
494 4919 646 4990 παρὰ
672 4919 782 4972 τῶν
814 4920 983 4975 πάλαι
1013 4921 1236 4976 καὶτῶν
1259 4922 1352 4975 νῦν
1372 4924 1652 4992 Ῥωμαίων

1760 4929 1893 4983 lium
1948 4932 2340 4991 dimissurum.
2391 4935 2478 4987 ubi
2536 4950 2595 4990 se
2642 4951 2708 4990 ex
2761 4939 2851 4992 illa
2894 4953 3231 5010 recreasset,
3268 4947 3336 5001 de

23 5008 466 5077 νομιζόμενον.
523 5012 587 5064 Ol
648 5012 747 5083 μὲν
798 5013 892 5067 οὖν
953 5015 1138 5068 πολλοὶ
1183 5016 1292 5069 τῶν
1345 5018 1652 5088 παρόντων,

1760 5013 1955 5077 ""sdcm
1996 5024 2177 5078 denuo
2220 5035 2460 5080 acturus.
2513 5028 2855 5084 Domesticus
2883 5034 3105 5101 paulum
3134 5052 3192 5090 se
3225 5039 3339 5093 col-

23 5100 280 5164 ἐξεθεία
294 5120 404 5155 σαν
434 5105 533 5173 τὴν
555 5103 752 5175 βουλὴν
774 5107 848 5170 ώς
875 5107 1106 5178 ἀρίστην
1128 5110 1220 5163 καὶ
1252 5114 1652 5181 συνετωτάτην,

1762 5112 1953 5183 ligens,
1992 5115 2267 5170 Vidcmini
2313 5117 2471 5181 mihi,
2516 5119 2613 5184 ait,
2649 5136 2757 5174 non
2787 5129 3122 5192 rcSpondere
3152 5131 3219 5183 ad
3246 5148 3334 5195 ea,

23 5190 135 5239 καὶ
175 5188 513 5260 δυναμένην
546 5192 784 5260 μάλιστα
818 5194 1137 5265 ἀπράκτους
1173 5197 1501 5267 ἀποπέμψαι
1530 5202 1652 5264 τοὺς

1760 5207 1826 5259 de
1874 5208 2075 5276 quibus
2132 5223 2353 5263 rentum
2411 5221 2495 5264 est
2548 5214 2603 5265 in
2650 5214 2967 5271 consilium.
3030 5218 3145 5274 Non
3188 5224 3334 5279 enim

24 5277 449 5349 Ἀλεξάνδρου
493 5281 856 5349 πρ;σ6ευτάς,
893 5286 1237 5356 συνορῶντας
1275 5289 1376 5358 ἤδη
1431 5290 1526 5344 καὶ
1558 5292 1652 5343 αὑ·

1763 5313 1908 5352 nunc
1947 5299 2013 5353 de
2043 5303 2391 5356 sermonibus
2424 5303 2650 5358 honesta
2684 5308 2868 5375 specie
2909 5312 3161 5367 conﬁctis
3185 5332 3336 5384 qua-

23 5371 169 5431 τοὺς
206 5371 327 5440 τὴν
365 5371 462 5424 τοῦ
510 5374 837 5444 πράγματος
879 5377 1150 5447 ἀνάγκην.
1180 5380 1286 5431 Ίόὗ
1328 5382 1569 5449 μεγάλου
1600 5382 1652 5433 δὲ

1763 5389 1902 5443 ritur
1951 5408 1965 5443 :
2016 5393 2109 5445 sed
2163 5409 2291 5447 Itum
2345 5411 2467 5464 quae
2499 5396 2807 5453 Alexander
2838 5403 3095 5471 postulat,
3138 5423 3336 5462 conce-

23 5464 406 5528 ἱομεστίκου
448 5463 825 5535 φθεγγομένου
880 5470 1070 5537 μηδὲν,
1119 5471 1152 5539 ἡ
1202 5470 1415 5537 βασιλὶς
1463 5472 1652 5542 πρῶτα

1760 5481 1958 5539 denda.
2011 5499 2077 5536 an
2106 5486 2285 5553 potius
2314 5488 2483 5558 armis
2524 5504 2651 5542 cum
2674 5506 2741 5544 eo
2781 5492 3205 5563 depugnandum
3240 5502 3341 5555 sit.

23 5552 133 5603 λέν
176 5557 605 5625 κατεμέμφετο
634 5562 733 5629 τὴν
767 5561 1026 5631 ἀκαιρίαν
1054 5563 1154 5629 τῆς
1182 5569 1337 5616 νόσου
1370 5565 1456 5632 ἐφ’
1486 5566 1652 5630 οὕτως

1764 5576 1868 5628 Vos
1912 5586 2115 5635 autem.
2149 5579 2461 5646 posthabita
2503 5584 2926 5641 consultationis
2975 5594 3222 5656 materia,
3267 5595 3335 5649 de

23 5652 382 5713 ιναγκαόυ
430 5653 626 5722 καιροῦ
668 5653 1070 5723 καίδεομένου
1104 5656 1303 5727 βουλῆς
1355 5663 1652 5729 γεγενημέ-

1760 5667 1917 5733 jure,
1968 5668 2347 5738 institutisque
2413 5672 2782 5729 [loinanorum
2822 5678 3159 5747 disputatis:
3203 5700 3333 5754 per-

215 5740 440 5794 ἔπειτα
464 5744 518 5795 δὲ
540 5744 695 5812 ἔλεγε
723 5744 862 5814 πρὸς
890 5747 1167 5810 αὐτὸν,ώς
1191 5751 1240 5800 εί
1279 5752 1378 5818 μὲν
1398 5753 1493 5805 καὶ
1511 5753 1658 5822 αὐτῷ
1763 5759 1888 5811 inde
1935 5773 1998 5811 ac
2050 5760 2093 5813 si
2123 5769 2306 5829 cesct,
2358 5752 2465 5832 qui
2502 5766 2868 5821 Alexandrum
2935 5783 3116 5840 posset
3165 5775 3328 5829 etiam

34 5756 126 5807 ην
158 5756 176 5770 ⁸
214 5744 440 5794 ἔπειτα
464 5744 518 5795 δὲ
540 5744 695 5812 ἔλεγε
723 5744 862 5814 πρὸς
890 5747 1074 5806 αὐτὸν.
1094 5749 1167 5810 ώς
1191 5751 1240 5800 εί
1279 5752 1378 5818 μὲν
1398 5753 1493 5805 καὶ
1511 5753 1658 5822 αὐτῷ

34 5831 70 5886 ’3
115 5834 309 5902 ἔχειν
364 5837 401 5900 ἠ
444 5836 540 5888 τοῦ
571 5841 915 5909 πατριάρχου
948 5840 1095 5891 δοκεῖ
1136 5840 1300 5914 βουλὴ
1372 5843 1560 5916 ὥσπερ
1591 5848 1652 5918 δὴ

1763 5865 1960 5919 cogere
2014 5850 2079 5904 ad
2127 5850 2620 5924 obteinperandum
2675 5860 3046 5916 [tertianorum
3097 5866 3330 5935 legibus.

362 5927 640 5992 Pa'rttuL.
671 5936 783 5991 Uti.
832 5933 1028 5993 CLlli.
1618 5980 1643 5996 κ

2975 5954 3052 6013 23

764 6092 788 6119 δ
