  <div class='ocr_page' id='page_1' title='image "/cluster/home/n/w/nwhite01/storage/ocr_20150623/153/hvd.32044019208412/387.png"; bbox 0 0 3794 6582; ppageno 0'>
   <div class='ocr_carea' id='block_1_1' title="bbox 454 443 564 507">
    <p class='ocr_par' dir='ltr' id='par_1_1' title="bbox 454 443 564 507">
     <span class='ocr_line' id='line_1_1' title="bbox 454 443 564 507; baseline 0.009 -1"><span class='ocrx_word' id='word_1_1' title='bbox 454 443 564 507; x_wconf 84' lang='grc'><strong>’115</strong></span> 
     </span>
    </p>
   </div>
   <div class='ocr_carea' id='block_1_2' title="bbox 1622 447 3608 518">
    <p class='ocr_par' dir='ltr' id='par_1_2' title="bbox 1622 447 3608 518">
     <span class='ocr_line' id='line_1_2' title="bbox 1622 447 3608 518; baseline -0.001 -4"><span class='ocrx_word' id='word_1_2' title='bbox 1622 447 1967 514; x_wconf 77' lang='lat' dir='ltr'><strong>lJOANNIS</strong></span> <span class='ocrx_word' id='word_1_3' title='bbox 2005 448 2531 512; x_wconf 69' lang='lat' dir='ltr'><strong>CANTACUZENI</strong></span> <span class='ocrx_word' id='word_1_4' title='bbox 3536 453 3608 518; x_wconf 70' lang='lat' dir='ltr'><strong>illi</strong></span> 
     </span>
    </p>
   </div>
   <div class='ocr_carea' id='block_1_3' title="bbox 452 559 2008 663">
    <p class='ocr_par' dir='ltr' id='par_1_3' title="bbox 452 581 2003 663">
     <span class='ocr_line' id='line_1_3' title="bbox 452 581 2003 663; baseline 0.002 -28"><span class='ocrx_word' id='word_1_5' title='bbox 452 583 557 663; x_wconf 67' lang='lat' dir='ltr'><strong>Qui</strong></span> <span class='ocrx_word' id='word_1_6' title='bbox 582 582 724 636; x_wconf 86' lang='lat' dir='ltr'><strong>dicet</strong></span> <span class='ocrx_word' id='word_1_7' title='bbox 753 581 979 639; x_wconf 72' lang='lat' dir='ltr'><strong>fortasse</strong></span> <span class='ocrx_word' id='word_1_8' title='bbox 1007 602 1021 638; x_wconf 89' lang='lat'><strong>:</strong></span> <span class='ocrx_word' id='word_1_9' title='bbox 1046 583 1163 640; x_wconf 85' lang='lat' dir='ltr'><strong>Non</strong></span> <span class='ocrx_word' id='word_1_10' title='bbox 1190 583 1351 648; x_wconf 86' lang='lat' dir='ltr'><strong>mihi,</strong></span> <span class='ocrx_word' id='word_1_11' title='bbox 1380 583 1472 639; x_wconf 89' lang='lat' dir='ltr'><strong>sed</strong></span> <span class='ocrx_word' id='word_1_12' title='bbox 1502 584 1763 638; x_wconf 80' lang='lat' dir='ltr'><strong>Romanis</strong></span> <span class='ocrx_word' id='word_1_13' title='bbox 1785 584 1869 637; x_wconf 74' lang='lat' dir='ltr'><strong>ltz‘e</strong></span> <span class='ocrx_word' id='word_1_14' title='bbox 1890 583 2003 654; x_wconf 76' lang='lat' dir='ltr'><strong>lege</strong></span> 
     </span>
    </p>
   </div>
   <div class='ocr_carea' id='block_1_4' title="bbox 2118 559 3608 663">
    <p class='ocr_par' dir='ltr' id='par_1_4' title="bbox 2137 559 3608 631">
     <span class='ocr_line' id='line_1_4' title="bbox 2137 559 3608 631; baseline 0.001 -18"><span class='ocrx_word' id='word_1_15' title='bbox 2137 564 2230 617; x_wconf 77' lang='grc' dir='ltr'><strong>καὶ</strong></span> <span class='ocrx_word' id='word_1_16' title='bbox 2281 565 2392 626; x_wconf 86' lang='grc' dir='ltr'>τοῖς</span> <span class='ocrx_word' id='word_1_17' title='bbox 2446 562 2629 625; x_wconf 77' lang='grc' dir='ltr'>ἄλλοις</span> <span class='ocrx_word' id='word_1_18' title='bbox 2682 559 2925 628; x_wconf 74' lang='grc' dir='ltr'><strong>συνέδοξε</strong></span> <span class='ocrx_word' id='word_1_19' title='bbox 2958 563 3053 616; x_wconf 77' lang='grc' dir='ltr'>καὶ</span> <span class='ocrx_word' id='word_1_20' title='bbox 3102 563 3252 631; x_wconf 77' lang='grc' dir='ltr'>αὐτῇ,</span> <span class='ocrx_word' id='word_1_21' title='bbox 3286 562 3525 615; x_wconf 70' lang='grc' dir='ltr'>ἐπινεῦσαι</span> <span class='ocrx_word' id='word_1_22' title='bbox 3558 565 3608 627; x_wconf 78' lang='grc' dir='ltr'><strong>ὡς</strong></span> 
     </span>
    </p>
   </div>
   <div class='ocr_carea' id='block_1_5' title="bbox 456 674 2031 746">
    <p class='ocr_par' dir='ltr' id='par_1_5' title="bbox 456 674 2031 746">
     <span class='ocr_line' id='line_1_5' title="bbox 456 674 2031 746; baseline 0.003 -22"><span class='ocrx_word' id='word_1_23' title='bbox 456 674 888 741; x_wconf 75' lang='lat' dir='ltr'><strong>praescribuntur</strong></span> <span class='ocrx_word' id='word_1_24' title='bbox 908 692 924 740; x_wconf 87' lang='lat'><strong>;</strong></span> <span class='ocrx_word' id='word_1_25' title='bbox 949 690 1050 745; x_wconf 84' lang='lat' dir='ltr'><strong>ego</strong></span> <span class='ocrx_word' id='word_1_26' title='bbox 1071 691 1232 730; x_wconf 88' lang='lat' dir='ltr'><strong>unam</strong></span> <span class='ocrx_word' id='word_1_27' title='bbox 1251 675 1393 730; x_wconf 81' lang='lat' dir='ltr'><strong>hanc</strong></span> <span class='ocrx_word' id='word_1_28' title='bbox 1413 675 1586 745; x_wconf 77' lang='lat' dir='ltr'><strong>legem</strong></span> <span class='ocrx_word' id='word_1_29' title='bbox 1607 690 1865 746; x_wconf 81' lang='lat' dir='ltr'><strong>agnosco,</strong></span> <span class='ocrx_word' id='word_1_30' title='bbox 1882 676 2031 730; x_wconf 78' lang='lat' dir='ltr'><strong>muni</strong></span> 
     </span>
    </p>
   </div>
   <div class='ocr_carea' id='block_1_6' title="bbox 458 764 2034 837">
    <p class='ocr_par' dir='ltr' id='par_1_6' title="bbox 458 764 2034 837">
     <span class='ocr_line' id='line_1_6' title="bbox 458 764 2034 837; baseline 0.004 -21"><span class='ocrx_word' id='word_1_31' title='bbox 458 764 672 818; x_wconf 89' lang='lat' dir='ltr'><strong>ratione</strong></span> <span class='ocrx_word' id='word_1_32' title='bbox 699 779 819 819; x_wconf 91' lang='lat' dir='ltr'><strong>mea</strong></span> <span class='ocrx_word' id='word_1_33' title='bbox 839 766 1125 822; x_wconf 89' lang='lat' dir='ltr'><strong>commoda</strong></span> <span class='ocrx_word' id='word_1_34' title='bbox 1149 766 1403 837; x_wconf 82' lang='lat' dir='ltr'><strong>persequi</strong></span> <span class='ocrx_word' id='word_1_35' title='bbox 1431 768 1564 837; x_wconf 68' lang='lat'><strong>(92).</strong></span> <span class='ocrx_word' id='word_1_36' title='bbox 1584 767 1905 837; x_wconf 82' lang='lat' dir='ltr'><strong>Quanquam</strong></span> <span class='ocrx_word' id='word_1_37' title='bbox 1934 784 2034 822; x_wconf 89' lang='lat' dir='ltr'><strong>au-</strong></span> 
     </span>
    </p>
   </div>
   <div class='ocr_carea' id='block_1_7' title="bbox 405 856 2031 929">
    <p class='ocr_par' dir='ltr' id='par_1_7' title="bbox 405 856 2031 929">
     <span class='ocr_line' id='line_1_7' title="bbox 405 856 2031 929; baseline 0.003 -22"><span class='ocrx_word' id='word_1_38' title='bbox 405 874 413 881; x_wconf 82' lang='lat'><strong>-</strong></span> <span class='ocrx_word' id='word_1_39' title='bbox 456 869 568 908; x_wconf 87' lang='lat' dir='ltr'><strong>tem</strong></span> <span class='ocrx_word' id='word_1_40' title='bbox 588 856 811 911; x_wconf 82' lang='lat' dir='ltr'><strong>vobisin</strong></span> <span class='ocrx_word' id='word_1_41' title='bbox 830 859 1002 914; x_wconf 86' lang='lat' dir='ltr'><strong>sacris</strong></span> <span class='ocrx_word' id='word_1_42' title='bbox 1017 858 1183 929; x_wconf 82' lang='lat' dir='ltr'><strong>asylis</strong></span> <span class='ocrx_word' id='word_1_43' title='bbox 1202 857 1516 913; x_wconf 89' lang='lat' dir='ltr'><strong>Sismauum</strong></span> <span class='ocrx_word' id='word_1_44' title='bbox 1535 857 2031 924; x_wconf 87' lang='lat' dir='ltr'><strong>licetabs’coudere,</strong></span> 
     </span>
    </p>
   </div>
   <div class='ocr_carea' id='block_1_8' title="bbox 454 947 2028 1015">
    <p class='ocr_par' dir='ltr' id='par_1_8' title="bbox 454 947 2028 1015">
     <span class='ocr_line' id='line_1_8' title="bbox 454 947 2028 1015; baseline 0.003 -15"><span class='ocrx_word' id='word_1_45' title='bbox 454 947 620 1002; x_wconf 84' lang='lat' dir='ltr'><strong>urbes</strong></span> <span class='ocrx_word' id='word_1_46' title='bbox 652 956 857 1013; x_wconf 64' lang='lat' dir='ltr'><strong>tamen,</strong></span> <span class='ocrx_word' id='word_1_47' title='bbox 883 957 937 1004; x_wconf 90' lang='lat' dir='ltr'><strong>et</strong></span> <span class='ocrx_word' id='word_1_48' title='bbox 958 948 1180 1005; x_wconf 89' lang='lat' dir='ltr'><strong>castella</strong></span> <span class='ocrx_word' id='word_1_49' title='bbox 1206 948 1260 1002; x_wconf 92' lang='lat' dir='ltr'><strong>in</strong></span> <span class='ocrx_word' id='word_1_50' title='bbox 1286 948 1353 1002; x_wconf 86' lang='lat' dir='ltr'><strong>iis</strong></span> <span class='ocrx_word' id='word_1_51' title='bbox 1372 948 1708 1004; x_wconf 84' lang='lat' dir='ltr'><strong>abscondere</strong></span> <span class='ocrx_word' id='word_1_52' title='bbox 1736 964 1844 1003; x_wconf 91' lang='lat' dir='ltr'><strong>non</strong></span> <span class='ocrx_word' id='word_1_53' title='bbox 1867 949 2028 1015; x_wconf 85' lang='lat' dir='ltr'><strong>licet;</strong></span> 
     </span>
    </p>
   </div>
   <div class='ocr_carea' id='block_1_9' title="bbox 453 1041 2030 1111">
    <p class='ocr_par' dir='ltr' id='par_1_9' title="bbox 453 1041 2030 1111">
     <span class='ocr_line' id='line_1_9' title="bbox 453 1041 2030 1111; baseline 0.003 -20"><span class='ocrx_word' id='word_1_54' title='bbox 453 1053 634 1109; x_wconf 89' lang='lat' dir='ltr'><strong>neque</strong></span> <span class='ocrx_word' id='word_1_55' title='bbox 664 1048 910 1095; x_wconf 89' lang='lat' dir='ltr'><strong>armenta</strong></span> <span class='ocrx_word' id='word_1_56' title='bbox 944 1041 1115 1095; x_wconf 89' lang='lat' dir='ltr'><strong>boum</strong></span> <span class='ocrx_word' id='word_1_57' title='bbox 1146 1050 1203 1095; x_wconf 89' lang='lat' dir='ltr'><strong>et</strong></span> <span class='ocrx_word' id='word_1_58' title='bbox 1234 1055 1425 1111; x_wconf 79' lang='lat' dir='ltr'><strong>greges</strong></span> <span class='ocrx_word' id='word_1_59' title='bbox 1457 1041 1666 1105; x_wconf 89' lang='lat' dir='ltr'><strong>ovium,</strong></span> <span class='ocrx_word' id='word_1_60' title='bbox 1694 1051 2030 1110; x_wconf 83' lang='lat' dir='ltr'><strong>caeterasqne</strong></span> 
     </span>
    </p>
   </div>
   <div class='ocr_carea' id='block_1_10' title="bbox 378 1124 2029 1204">
    <p class='ocr_par' dir='ltr' id='par_1_10' title="bbox 378 1124 2029 1204">
     <span class='ocr_line' id='line_1_10' title="bbox 378 1124 2029 1204; baseline 0.002 -20"><span class='ocrx_word' id='word_1_61' title='bbox 378 1124 387 1129; x_wconf 80' lang='grc'><em>’</em></span> <span class='ocrx_word' id='word_1_62' title='bbox 451 1128 508 1184; x_wconf 87' lang='lat' dir='ltr'><strong>in</strong></span> <span class='ocrx_word' id='word_1_63' title='bbox 559 1130 705 1199; x_wconf 80' lang='lat' dir='ltr'><strong>agris</strong></span> <span class='ocrx_word' id='word_1_64' title='bbox 742 1131 1068 1198; x_wconf 74' lang='lat' dir='ltr'><strong>facultates,</strong></span> <span class='ocrx_word' id='word_1_65' title='bbox 1111 1132 1272 1203; x_wconf 83' lang='lat'><strong>355</strong></span> <span class='ocrx_word' id='word_1_66' title='bbox 1313 1146 1380 1186; x_wconf 78' lang='lat' dir='ltr'><strong>ex</strong></span> <span class='ocrx_word' id='word_1_67' title='bbox 1426 1132 1629 1203; x_wconf 83' lang='lat' dir='ltr'><strong>quibus</strong></span> <span class='ocrx_word' id='word_1_68' title='bbox 1675 1134 1808 1187; x_wconf 88' lang='lat' dir='ltr'><strong>mihi</strong></span> <span class='ocrx_word' id='word_1_69' title='bbox 1840 1148 2029 1204; x_wconf 65' lang='lat' dir='ltr'><strong>poenas</strong></span> 
     </span>
    </p>
   </div>
   <div class='ocr_carea' id='block_1_11' title="bbox 451 1220 2031 1295">
    <p class='ocr_par' dir='ltr' id='par_1_11' title="bbox 451 1220 2031 1295">
     <span class='ocr_line' id='line_1_11' title="bbox 451 1220 2031 1295; baseline 0.004 -22"><span class='ocrx_word' id='word_1_70' title='bbox 451 1220 673 1290; x_wconf 72' lang='lat' dir='ltr'><strong>injuriae</strong></span> <span class='ocrx_word' id='word_1_71' title='bbox 712 1223 1060 1293; x_wconf 75' lang='lat' dir='ltr'><strong>persolvetis.</strong></span> <span class='ocrx_word' id='word_1_72' title='bbox 1093 1223 1212 1278; x_wconf 83' lang='lat' dir='ltr'><strong>Huc</strong></span> <span class='ocrx_word' id='word_1_73' title='bbox 1258 1222 1461 1293; x_wconf 85' lang='lat' dir='ltr'><strong>itaque,</strong></span> <span class='ocrx_word' id='word_1_74' title='bbox 1498 1240 1608 1278; x_wconf 90' lang='lat' dir='ltr'><strong>non</strong></span> <span class='ocrx_word' id='word_1_75' title='bbox 1655 1225 1720 1278; x_wconf 86' lang='lat' dir='ltr'><strong>ad</strong></span> <span class='ocrx_word' id='word_1_76' title='bbox 1753 1225 2031 1295; x_wconf 77' lang='lat' dir='ltr'><strong>speciosus</strong></span> 
     </span>
    </p>
   </div>
   <div class='ocr_carea' id='block_1_12' title="bbox 450 1311 2029 1386">
    <p class='ocr_par' dir='ltr' id='par_1_12' title="bbox 450 1311 2029 1386">
     <span class='ocr_line' id='line_1_12' title="bbox 450 1311 2029 1386; baseline 0.004 -23"><span class='ocrx_word' id='word_1_77' title='bbox 450 1311 695 1368; x_wconf 77' lang='lat' dir='ltr'><strong>rationes</strong></span> <span class='ocrx_word' id='word_1_78' title='bbox 740 1314 1202 1369; x_wconf 80' lang='lat' dir='ltr'><strong>accommodanda</strong></span> <span class='ocrx_word' id='word_1_79' title='bbox 1249 1324 1332 1369; x_wconf 86' lang='lat' dir='ltr'><strong>est</strong></span> <span class='ocrx_word' id='word_1_80' title='bbox 1360 1315 1515 1375; x_wconf 81' lang='lat' dir='ltr'><strong>vobis</strong></span> <span class='ocrx_word' id='word_1_81' title='bbox 1538 1315 1883 1371; x_wconf 77' lang='lat' dir='ltr'><strong>deliberatio.</strong></span> <span class='ocrx_word' id='word_1_82' title='bbox 1914 1315 2029 1386; x_wconf 83' lang='lat' dir='ltr'><strong>Ego</strong></span> 
     </span>
    </p>
   </div>
   <div class='ocr_carea' id='block_1_13' title="bbox 448 1404 2025 1476">
    <p class='ocr_par' dir='ltr' id='par_1_13' title="bbox 448 1404 2025 1476">
     <span class='ocr_line' id='line_1_13' title="bbox 448 1404 2025 1476; baseline 0.003 -20"><span class='ocrx_word' id='word_1_83' title='bbox 448 1417 584 1457; x_wconf 86' lang='lat' dir='ltr'><strong>vero</strong></span> <span class='ocrx_word' id='word_1_84' title='bbox 627 1420 821 1472; x_wconf 88' lang='lat' dir='ltr'><strong>parum</strong></span> <span class='ocrx_word' id='word_1_85' title='bbox 868 1406 1047 1470; x_wconf 86' lang='lat' dir='ltr'><strong>abest,</strong></span> <span class='ocrx_word' id='word_1_86' title='bbox 1101 1404 1237 1475; x_wconf 88' lang='lat' dir='ltr'><strong>quin</strong></span> <span class='ocrx_word' id='word_1_87' title='bbox 1281 1404 1550 1476; x_wconf 81' lang='lat' dir='ltr'><strong>meipsum</strong></span> <span class='ocrx_word' id='word_1_88' title='bbox 1613 1422 1900 1470; x_wconf 87' lang='lat' dir='ltr'><strong>accusem,</strong></span> <span class='ocrx_word' id='word_1_89' title='bbox 1932 1406 2025 1476; x_wconf 88' lang='lat' dir='ltr'><strong>qui</strong></span> 
     </span>
    </p>
   </div>
   <div class='ocr_carea' id='block_1_14' title="bbox 448 1494 2023 1567">
    <p class='ocr_par' dir='ltr' id='par_1_14' title="bbox 448 1494 2023 1567">
     <span class='ocr_line' id='line_1_14' title="bbox 448 1494 2023 1567; baseline 0.002 -20"><span class='ocrx_word' id='word_1_90' title='bbox 448 1494 639 1548; x_wconf 86' lang='lat' dir='ltr'><strong>nescio</strong></span> <span class='ocrx_word' id='word_1_91' title='bbox 683 1495 960 1564; x_wconf 90' lang='lat' dir='ltr'><strong>quomodo</strong></span> <span class='ocrx_word' id='word_1_92' title='bbox 1004 1495 1072 1550; x_wconf 88' lang='lat' dir='ltr'><strong>ad</strong></span> <span class='ocrx_word' id='word_1_93' title='bbox 1119 1497 1236 1553; x_wconf 85' lang='lat' dir='ltr'><strong>haec</strong></span> <span class='ocrx_word' id='word_1_94' title='bbox 1289 1497 1521 1551; x_wconf 88' lang='lat' dir='ltr'><strong>dicenda</strong></span> <span class='ocrx_word' id='word_1_95' title='bbox 1560 1499 1848 1567; x_wconf 79' lang='lat' dir='ltr'><strong>prolapsus</strong></span> <span class='ocrx_word' id='word_1_96' title='bbox 1882 1513 2023 1552; x_wconf 88' lang='lat' dir='ltr'><strong>sum.</strong></span> 
     </span>
    </p>
   </div>
   <div class='ocr_carea' id='block_1_15' title="bbox 448 1576 2025 1649">
    <p class='ocr_par' dir='ltr' id='par_1_15' title="bbox 448 1576 2025 1649">
     <span class='ocr_line' id='line_1_15' title="bbox 448 1576 2025 1649; baseline 0.003 -9"><span class='ocrx_word' id='word_1_97' title='bbox 448 1587 670 1640; x_wconf 84' lang='lat' dir='ltr'><strong>Dictum</strong></span> <span class='ocrx_word' id='word_1_98' title='bbox 692 1596 778 1641; x_wconf 87' lang='lat' dir='ltr'><strong>est</strong></span> <span class='ocrx_word' id='word_1_99' title='bbox 799 1586 946 1641; x_wconf 90' lang='lat' dir='ltr'><strong>enim</strong></span> <span class='ocrx_word' id='word_1_100' title='bbox 971 1588 1038 1643; x_wconf 84' lang='lat' dir='ltr'><strong>ab</strong></span> <span class='ocrx_word' id='word_1_101' title='bbox 1068 1586 1246 1649; x_wconf 81' lang='lat' dir='ltr'><strong>initio,</strong></span> <span class='ocrx_word' id='word_1_102' title='bbox 1265 1576 1520 1644; x_wconf 43' lang='lat' dir='ltr'><strong>ct&#39;ratum</strong></span> <span class='ocrx_word' id='word_1_103' title='bbox 1551 1590 1619 1644; x_wconf 89' lang='lat' dir='ltr'><strong>ab</strong></span> <span class='ocrx_word' id='word_1_104' title='bbox 1648 1589 1904 1644; x_wconf 88' lang='lat' dir='ltr'><strong>omnibus</strong></span> <span class='ocrx_word' id='word_1_105' title='bbox 1925 1589 2025 1644; x_wconf 81' lang='lat' dir='ltr'><strong>lm-</strong></span> 
     </span>
    </p>
   </div>
   <div class='ocr_carea' id='block_1_16' title="bbox 446 1674 2067 1749">
    <p class='ocr_par' dir='ltr' id='par_1_16' title="bbox 446 1674 2067 1749">
     <span class='ocr_line' id='line_1_16' title="bbox 446 1674 2067 1749; baseline 0.003 -20"><span class='ocrx_word' id='word_1_106' title='bbox 446 1674 624 1730; x_wconf 89' lang='lat' dir='ltr'><strong>bitum</strong></span> <span class='ocrx_word' id='word_1_107' title='bbox 651 1681 834 1746; x_wconf 86' lang='lat' dir='ltr'><strong>(nemo</strong></span> <span class='ocrx_word' id='word_1_108' title='bbox 863 1676 1132 1746; x_wconf 84' lang='lat' dir='ltr'><strong>siquidem</strong></span> <span class='ocrx_word' id='word_1_109' title='bbox 1150 1677 1480 1732; x_wconf 78' lang='lat' dir='ltr'><strong>contradixit</strong></span> <span class='ocrx_word' id='word_1_110' title='bbox 1507 1681 1777 1748; x_wconf 83' lang='lat' dir='ltr'><strong>prorsus),</strong></span> <span class='ocrx_word' id='word_1_111' title='bbox 1799 1678 1844 1735; x_wconf 88' lang='lat' dir='ltr'><strong>si</strong></span> <span class='ocrx_word' id='word_1_112' title='bbox 1890 1680 2023 1749; x_wconf 88' lang='lat' dir='ltr'><strong>quid</strong></span> <span class='ocrx_word' id='word_1_113' title='bbox 2059 1708 2067 1718; x_wconf 88' lang='lat'><strong>-</strong></span> 
     </span>
    </p>
   </div>
   <div class='ocr_carea' id='block_1_17' title="bbox 446 1766 2016 1840">
    <p class='ocr_par' dir='ltr' id='par_1_17' title="bbox 446 1766 2016 1840">
     <span class='ocr_line' id='line_1_17' title="bbox 446 1766 2016 1840; baseline 0.003 -19"><span class='ocrx_word' id='word_1_114' title='bbox 446 1775 727 1837; x_wconf 81' lang='lat' dir='ltr'><strong>postremo</strong></span> <span class='ocrx_word' id='word_1_115' title='bbox 759 1766 1061 1823; x_wconf 85' lang='lat' dir='ltr'><strong>revelatum</strong></span> <span class='ocrx_word' id='word_1_116' title='bbox 1097 1768 1189 1833; x_wconf 87' lang='lat' dir='ltr'><strong>sit,</strong></span> <span class='ocrx_word' id='word_1_117' title='bbox 1221 1776 1283 1822; x_wconf 86' lang='lat' dir='ltr'><strong>ut</strong></span> <span class='ocrx_word' id='word_1_118' title='bbox 1306 1770 1520 1839; x_wconf 90' lang='lat' dir='ltr'><strong>primus</strong></span> <span class='ocrx_word' id='word_1_119' title='bbox 1549 1776 1746 1825; x_wconf 83' lang='lat' dir='ltr'><strong>taceat.</strong></span> <span class='ocrx_word' id='word_1_120' title='bbox 1774 1770 1940 1840; x_wconf 84' lang='lat' dir='ltr'><strong>Atqui</strong></span> <span class='ocrx_word' id='word_1_121' title='bbox 1972 1770 2016 1825; x_wconf 83' lang='lat' dir='ltr'><strong>si</strong></span> 
     </span>
    </p>
   </div>
   <div class='ocr_carea' id='block_1_18' title="bbox 446 1857 2025 1931">
    <p class='ocr_par' dir='ltr' id='par_1_18' title="bbox 446 1857 2025 1931">
     <span class='ocr_line' id='line_1_18' title="bbox 446 1857 2025 1931; baseline 0.004 -20"><span class='ocrx_word' id='word_1_122' title='bbox 446 1873 561 1912; x_wconf 84' lang='lat' dir='ltr'><strong>non</strong></span> <span class='ocrx_word' id='word_1_123' title='bbox 616 1857 762 1912; x_wconf 90' lang='lat' dir='ltr'><strong>inter</strong></span> <span class='ocrx_word' id='word_1_124' title='bbox 806 1866 1115 1928; x_wconf 84' lang='lat' dir='ltr'><strong>postremos</strong></span> <span class='ocrx_word' id='word_1_125' title='bbox 1167 1859 1456 1926; x_wconf 89' lang='lat' dir='ltr'><strong>collocato,</strong></span> <span class='ocrx_word' id='word_1_126' title='bbox 1500 1860 1596 1916; x_wconf 87' lang='lat' dir='ltr'><strong>sed</strong></span> <span class='ocrx_word' id='word_1_127' title='bbox 1644 1870 1700 1916; x_wconf 89' lang='lat' dir='ltr'><strong>et</strong></span> <span class='ocrx_word' id='word_1_128' title='bbox 1732 1861 1930 1931; x_wconf 89' lang='lat' dir='ltr'><strong>primo,</strong></span> <span class='ocrx_word' id='word_1_129' title='bbox 1968 1869 2025 1917; x_wconf 86' lang='lat' dir='ltr'><strong>et</strong></span> 
     </span>
    </p>
   </div>
   <div class='ocr_carea' id='block_1_19' title="bbox 448 1949 2023 2021">
    <p class='ocr_par' dir='ltr' id='par_1_19' title="bbox 448 1949 2023 2021">
     <span class='ocr_line' id='line_1_19' title="bbox 448 1949 2023 2021; baseline 0.003 -17"><span class='ocrx_word' id='word_1_130' title='bbox 448 1951 623 2004; x_wconf 78' lang='lat' dir='ltr'><strong>curia:</strong></span> <span class='ocrx_word' id='word_1_131' title='bbox 652 1949 813 2020; x_wconf 87' lang='lat' dir='ltr'><strong>longe</strong></span> <span class='ocrx_word' id='word_1_132' title='bbox 860 1949 1098 2021; x_wconf 87' lang='lat' dir='ltr'><strong>principi</strong></span> <span class='ocrx_word' id='word_1_133' title='bbox 1128 1951 1222 2007; x_wconf 87' lang='lat' dir='ltr'><strong>tali</strong></span> <span class='ocrx_word' id='word_1_134' title='bbox 1260 1951 1373 2007; x_wconf 85' lang='lat' dir='ltr'><strong>visa</strong></span> <span class='ocrx_word' id='word_1_135' title='bbox 1409 1952 1538 2017; x_wconf 89' lang='lat' dir='ltr'><strong>sint,</strong></span> <span class='ocrx_word' id='word_1_136' title='bbox 1567 1960 1623 2007; x_wconf 89' lang='lat' dir='ltr'><strong>et</strong></span> <span class='ocrx_word' id='word_1_137' title='bbox 1654 1968 1685 2007; x_wconf 91' lang='lat' dir='ltr'><strong>a</strong></span> <span class='ocrx_word' id='word_1_138' title='bbox 1714 1953 1866 2008; x_wconf 80' lang='lat' dir='ltr'><strong>vobis</strong></span> <span class='ocrx_word' id='word_1_139' title='bbox 1899 1955 2023 2009; x_wconf 72' lang='lat' dir='ltr'><strong>uni~</strong></span> 
     </span>
    </p>
   </div>
   <div class='ocr_carea' id='block_1_20' title="bbox 446 2029 2026 2116">
    <p class='ocr_par' dir='ltr' id='par_1_20' title="bbox 446 2029 2026 2116">
     <span class='ocr_line' id='line_1_20' title="bbox 446 2029 2026 2116; baseline 0.004 -21"><span class='ocrx_word' id='word_1_140' title='bbox 446 2040 625 2096; x_wconf 86' lang='lat' dir='ltr'><strong>versis</strong></span> <span class='ocrx_word' id='word_1_141' title='bbox 662 2041 987 2097; x_wconf 77' lang='lat' dir='ltr'><strong>conﬁrmata</strong></span> <span class='ocrx_word' id='word_1_142' title='bbox 1020 2029 1118 2112; x_wconf 86' lang='lat' dir='ltr'><strong>pro</strong></span> <span class='ocrx_word' id='word_1_143' title='bbox 1151 2033 1400 2108; x_wconf 83' lang='lat' dir='ltr'><strong>utilibus,</strong></span> <span class='ocrx_word' id='word_1_144' title='bbox 1448 2060 1547 2114; x_wconf 90' lang='lat' dir='ltr'><strong>par</strong></span> <span class='ocrx_word' id='word_1_145' title='bbox 1574 2057 1657 2115; x_wconf 84' lang='lat' dir='ltr'><strong>est</strong></span> <span class='ocrx_word' id='word_1_146' title='bbox 1687 2045 1862 2115; x_wconf 83' lang='lat' dir='ltr'><strong>ipsum</strong></span> <span class='ocrx_word' id='word_1_147' title='bbox 1890 2061 2026 2116; x_wconf 87' lang='lat' dir='ltr'><strong>quo-</strong></span> 
     </span>
    </p>
   </div>
   <div class='ocr_carea' id='block_1_21' title="bbox 446 2134 2017 2208">
    <p class='ocr_par' dir='ltr' id='par_1_21' title="bbox 446 2134 2017 2208">
     <span class='ocr_line' id='line_1_21' title="bbox 446 2134 2017 2208; baseline 0.003 -20"><span class='ocrx_word' id='word_1_148' title='bbox 446 2148 553 2202; x_wconf 90' lang='lat' dir='ltr'><strong>que</strong></span> <span class='ocrx_word' id='word_1_149' title='bbox 586 2134 715 2189; x_wconf 88' lang='lat' dir='ltr'><strong>boni</strong></span> <span class='ocrx_word' id='word_1_150' title='bbox 751 2135 1061 2202; x_wconf 82' lang='lat' dir='ltr'><strong>consulere,</strong></span> <span class='ocrx_word' id='word_1_151' title='bbox 1087 2144 1144 2191; x_wconf 88' lang='lat' dir='ltr'><strong>et</strong></span> <span class='ocrx_word' id='word_1_152' title='bbox 1174 2136 1317 2191; x_wconf 85' lang='lat' dir='ltr'><strong>ultra</strong></span> <span class='ocrx_word' id='word_1_153' title='bbox 1343 2136 1481 2191; x_wconf 85' lang='lat' dir='ltr'><strong>nihil</strong></span> <span class='ocrx_word' id='word_1_154' title='bbox 1515 2138 1732 2193; x_wconf 88' lang='lat' dir='ltr'><strong>curiose</strong></span> <span class='ocrx_word' id='word_1_155' title='bbox 1759 2153 2017 2208; x_wconf 82' lang='lat' dir='ltr'><strong>perscru-</strong></span> 
     </span>
    </p>
   </div>
   <div class='ocr_carea' id='block_1_22' title="bbox 443 2224 2020 2300">
    <p class='ocr_par' dir='ltr' id='par_1_22' title="bbox 443 2224 2020 2300">
     <span class='ocr_line' id='line_1_22' title="bbox 443 2224 2020 2300; baseline 0.004 -21"><span class='ocrx_word' id='word_1_156' title='bbox 443 2224 571 2279; x_wconf 88' lang='lat' dir='ltr'><strong>tari.</strong></span> <span class='ocrx_word' id='word_1_157' title='bbox 616 2225 718 2281; x_wconf 87' lang='lat' dir='ltr'><strong>Hic</strong></span> <span class='ocrx_word' id='word_1_158' title='bbox 755 2242 880 2281; x_wconf 85' lang='lat' dir='ltr'><strong>cum</strong></span> <span class='ocrx_word' id='word_1_159' title='bbox 916 2227 1236 2298; x_wconf 84' lang='lat' dir='ltr'><strong>imperatrix</strong></span> <span class='ocrx_word' id='word_1_160' title='bbox 1261 2243 1387 2283; x_wconf 88' lang='lat' dir='ltr'><strong>eum</strong></span> <span class='ocrx_word' id='word_1_161' title='bbox 1425 2228 1490 2283; x_wconf 89' lang='lat' dir='ltr'><strong>ad</strong></span> <span class='ocrx_word' id='word_1_162' title='bbox 1527 2244 1691 2300; x_wconf 91' lang='lat' dir='ltr'><strong>porro</strong></span> <span class='ocrx_word' id='word_1_163' title='bbox 1726 2228 2020 2286; x_wconf 88' lang='lat' dir='ltr'><strong>dicendum</strong></span> 
     </span>
    </p>
   </div>
   <div class='ocr_carea' id='block_1_23' title="bbox 443 2315 2020 2391">
    <p class='ocr_par' dir='ltr' id='par_1_23' title="bbox 443 2315 2020 2391">
     <span class='ocr_line' id='line_1_23' title="bbox 443 2315 2020 2391; baseline 0.005 -24"><span class='ocrx_word' id='word_1_164' title='bbox 443 2315 665 2371; x_wconf 75' lang='lat' dir='ltr'><strong>enixius</strong></span> <span class='ocrx_word' id='word_1_165' title='bbox 699 2317 1024 2387; x_wconf 87' lang='lat' dir='ltr'><strong>impelleret,</strong></span> <span class='ocrx_word' id='word_1_166' title='bbox 1059 2332 1123 2374; x_wconf 89' lang='lat' dir='ltr'><strong>ac</strong></span> <span class='ocrx_word' id='word_1_167' title='bbox 1150 2327 1492 2389; x_wconf 84' lang='lat' dir='ltr'><strong>perurgeret,</strong></span> <span class='ocrx_word' id='word_1_168' title='bbox 1527 2319 1639 2374; x_wconf 85' lang='lat' dir='ltr'><strong>Nec.</strong></span> <span class='ocrx_word' id='word_1_169' title='bbox 1668 2320 1789 2385; x_wconf 89' lang='lat' dir='ltr'><strong>ista,</strong></span> <span class='ocrx_word' id='word_1_170' title='bbox 1820 2320 2020 2391; x_wconf 82' lang='lat' dir='ltr'><strong>inquit,</strong></span> 
     </span>
    </p>
   </div>
   <div class='ocr_carea' id='block_1_24' title="bbox 445 2407 2022 2480">
    <p class='ocr_par' dir='ltr' id='par_1_24' title="bbox 445 2407 2022 2480">
     <span class='ocr_line' id='line_1_24' title="bbox 445 2407 2022 2480; baseline 0.004 -19"><span class='ocrx_word' id='word_1_171' title='bbox 445 2407 662 2464; x_wconf 86' lang='lat' dir='ltr'><strong>tametsi</strong></span> <span class='ocrx_word' id='word_1_172' title='bbox 700 2420 896 2477; x_wconf 77' lang='lat' dir='ltr'><strong>pauca,</strong></span> <span class='ocrx_word' id='word_1_173' title='bbox 931 2408 1109 2464; x_wconf 87' lang='lat' dir='ltr'><strong>libens</strong></span> <span class='ocrx_word' id='word_1_174' title='bbox 1131 2409 1353 2478; x_wconf 87' lang='lat' dir='ltr'><strong>protuli.</strong></span> <span class='ocrx_word' id='word_1_175' title='bbox 1390 2410 1526 2465; x_wconf 89' lang='lat' dir='ltr'><strong>Tum</strong></span> <span class='ocrx_word' id='word_1_176' title='bbox 1560 2411 1873 2480; x_wconf 85' lang='lat' dir='ltr'><strong>patriarcha</strong></span> <span class='ocrx_word' id='word_1_177' title='bbox 1904 2412 2022 2467; x_wconf 62' lang='lat' dir='ltr'><strong>haec</strong></span> 
     </span>
    </p>
   </div>
   <div class='ocr_carea' id='block_1_25' title="bbox 443 2496 2021 2572">
    <p class='ocr_par' dir='ltr' id='par_1_25' title="bbox 443 2496 2021 2572">
     <span class='ocr_line' id='line_1_25' title="bbox 443 2496 2021 2572; baseline 0.004 -23"><span class='ocrx_word' id='word_1_178' title='bbox 443 2511 572 2549; x_wconf 90' lang='lat' dir='ltr'><strong>vera</strong></span> <span class='ocrx_word' id='word_1_179' title='bbox 622 2496 870 2552; x_wconf 86' lang='lat' dir='ltr'><strong>sentiens</strong></span> <span class='ocrx_word' id='word_1_180' title='bbox 889 2536 916 2572; x_wconf 26' lang='grc' dir='ltr'>,Α</span> <span class='ocrx_word' id='word_1_181' title='bbox 952 2498 1137 2555; x_wconf 69' lang='lat' dir='ltr'><strong>statim</strong></span> <span class='ocrx_word' id='word_1_182' title='bbox 1189 2505 1249 2553; x_wconf 87' lang='lat' dir='ltr'><strong>ut</strong></span> <span class='ocrx_word' id='word_1_183' title='bbox 1300 2512 1359 2553; x_wconf 88' lang='lat' dir='ltr'><strong>se</strong></span> <span class='ocrx_word' id='word_1_184' title='bbox 1399 2499 1560 2570; x_wconf 86' lang='lat' dir='ltr'><strong>culpa</strong></span> <span class='ocrx_word' id='word_1_185' title='bbox 1589 2500 2021 2572; x_wconf 83' lang='lat' dir='ltr'><strong>liberaret:Ego</strong></span> 
     </span>
    </p>
   </div>
   <div class='ocr_carea' id='block_1_26' title="bbox 447 2568 2017 2663">
    <p class='ocr_par' dir='ltr' id='par_1_26' title="bbox 447 2568 2017 2663">
     <span class='ocr_line' id='line_1_26' title="bbox 447 2568 2017 2663; baseline 0.003 -22"><span class='ocrx_word' id='word_1_186' title='bbox 447 2585 680 2656; x_wconf 91' lang='lat' dir='ltr'><strong>primus,</strong></span> <span class='ocrx_word' id='word_1_187' title='bbox 739 2568 936 2657; x_wconf 62' lang='lat' dir='ltr'><strong>inquii,</strong></span> <span class='ocrx_word' id='word_1_188' title='bbox 995 2588 1303 2663; x_wconf 68' lang='lat' dir='ltr'><strong>etiamipse</strong></span> <span class='ocrx_word' id='word_1_189' title='bbox 1334 2568 1531 2655; x_wconf 81' lang='lat' dir='ltr'><strong>fateor,</strong></span> <span class='ocrx_word' id='word_1_190' title='bbox 1559 2568 2017 2646; x_wconf 77' lang='lat' dir='ltr'><strong>consultationem</strong></span> 
     </span>
    </p>
   </div>
   <div class='ocr_carea' id='block_1_27' title="bbox 447 2678 2017 2752">
    <p class='ocr_par' dir='ltr' id='par_1_27' title="bbox 447 2678 2017 2752">
     <span class='ocr_line' id='line_1_27' title="bbox 447 2678 2017 2752; baseline 0.003 -18"><span class='ocrx_word' id='word_1_191' title='bbox 447 2687 694 2734; x_wconf 86' lang='lat' dir='ltr'><strong>nostram</strong></span> <span class='ocrx_word' id='word_1_192' title='bbox 726 2678 864 2733; x_wconf 88' lang='lat' dir='ltr'><strong>nihil</strong></span> <span class='ocrx_word' id='word_1_193' title='bbox 892 2680 960 2735; x_wconf 89' lang='lat' dir='ltr'><strong>ad</strong></span> <span class='ocrx_word' id='word_1_194' title='bbox 989 2695 1053 2735; x_wconf 86' lang='lat' dir='ltr'><strong>ea</strong></span> <span class='ocrx_word' id='word_1_195' title='bbox 1080 2679 1283 2744; x_wconf 82' lang='lat' dir='ltr'><strong>facere,</strong></span> <span class='ocrx_word' id='word_1_196' title='bbox 1302 2696 1423 2750; x_wconf 75' lang='lat' dir='ltr'><strong>qua:</strong></span> <span class='ocrx_word' id='word_1_197' title='bbox 1457 2682 1510 2736; x_wconf 90' lang='lat' dir='ltr'><strong>in</strong></span> <span class='ocrx_word' id='word_1_198' title='bbox 1538 2684 1896 2752; x_wconf 69' lang='lat' dir='ltr'><strong>quaestionem</strong></span> <span class='ocrx_word' id='word_1_199' title='bbox 1922 2683 2017 2738; x_wconf 84' lang='lat' dir='ltr'><strong>ad-</strong></span> 
     </span>
    </p>
   </div>
   <div class='ocr_carea' id='block_1_28' title="bbox 444 2756 2016 2839">
    <p class='ocr_par' dir='ltr' id='par_1_28' title="bbox 444 2756 2016 2839">
     <span class='ocr_line' id='line_1_28' title="bbox 444 2756 2016 2839; baseline 0.001 -14"><span class='ocrx_word' id='word_1_200' title='bbox 444 2771 748 2831; x_wconf 85' lang='lat' dir='ltr'><strong>ducuntur.</strong></span> <span class='ocrx_word' id='word_1_201' title='bbox 784 2769 903 2825; x_wconf 79' lang='lat' dir='ltr'><strong>Non</strong></span> <span class='ocrx_word' id='word_1_202' title='bbox 938 2771 1083 2827; x_wconf 87' lang='lat' dir='ltr'><strong>enim</strong></span> <span class='ocrx_word' id='word_1_203' title='bbox 1116 2756 1487 2827; x_wconf 62' lang='lat' dir='ltr'><strong>Aleiandrum</strong></span> <span class='ocrx_word' id='word_1_204' title='bbox 1516 2784 1859 2839; x_wconf 90' lang='lat' dir='ltr'><strong>curaturum,</strong></span> <span class='ocrx_word' id='word_1_205' title='bbox 1892 2788 2016 2830; x_wconf 89' lang='lat' dir='ltr'><strong>cum</strong></span> 
     </span>
    </p>
   </div>
   <div class='ocr_carea' id='block_1_29' title="bbox 441 2862 2017 2936">
    <p class='ocr_par' dir='ltr' id='par_1_29' title="bbox 441 2862 2017 2936">
     <span class='ocr_line' id='line_1_29' title="bbox 441 2862 2017 2936; baseline 0.004 -22"><span class='ocrx_word' id='word_1_206' title='bbox 441 2862 679 2925; x_wconf 86' lang='lat' dir='ltr'><strong>ratione,</strong></span> <span class='ocrx_word' id='word_1_207' title='bbox 722 2877 792 2917; x_wconf 90' lang='lat' dir='ltr'><strong>an</strong></span> <span class='ocrx_word' id='word_1_208' title='bbox 837 2877 999 2918; x_wconf 86' lang='lat' dir='ltr'><strong>secus</strong></span> <span class='ocrx_word' id='word_1_209' title='bbox 1026 2864 1099 2930; x_wconf 61' lang='grc' dir='ltr'><strong>λεὶ</strong></span> <span class='ocrx_word' id='word_1_210' title='bbox 1145 2866 1541 2935; x_wconf 76' lang='lat' dir='ltr'><strong>respondeatur</strong></span> <span class='ocrx_word' id='word_1_211' title='bbox 1571 2884 1584 2921; x_wconf 92' lang='lat'><strong>:</strong></span> <span class='ocrx_word' id='word_1_212' title='bbox 1612 2866 1706 2921; x_wconf 91' lang='lat' dir='ltr'><strong>sed</strong></span> <span class='ocrx_word' id='word_1_213' title='bbox 1742 2866 2017 2936; x_wconf 88' lang='lat' dir='ltr'><strong>quomodo</strong></span> 
     </span>
    </p>
   </div>
   <div class='ocr_carea' id='block_1_30' title="bbox 443 2947 2017 3026">
    <p class='ocr_par' dir='ltr' id='par_1_30' title="bbox 443 2947 2017 3026">
     <span class='ocr_line' id='line_1_30' title="bbox 443 2947 2017 3026; baseline 0.007 -26"><span class='ocrx_word' id='word_1_214' title='bbox 443 2949 510 3000; x_wconf 88' lang='lat' dir='ltr'><strong>ab</strong></span> <span class='ocrx_word' id='word_1_215' title='bbox 564 2947 722 3003; x_wconf 56' lang='lat' dir='ltr'><strong>initio</strong></span> <span class='ocrx_word' id='word_1_216' title='bbox 755 2947 861 3004; x_wconf 89' lang='lat' dir='ltr'><strong>sibi</strong></span> <span class='ocrx_word' id='word_1_217' title='bbox 892 2952 1170 3021; x_wconf 88' lang='lat' dir='ltr'><strong>proposita</strong></span> <span class='ocrx_word' id='word_1_218' title='bbox 1195 2952 1261 3006; x_wconf 88' lang='lat' dir='ltr'><strong>ad</strong></span> <span class='ocrx_word' id='word_1_219' title='bbox 1289 2952 1450 3008; x_wconf 79' lang='lat' dir='ltr'><strong>linem</strong></span> <span class='ocrx_word' id='word_1_220' title='bbox 1490 2954 1778 3024; x_wconf 88' lang='lat' dir='ltr'><strong>perducat.</strong></span> <span class='ocrx_word' id='word_1_221' title='bbox 1812 2956 1855 3009; x_wconf 90' lang='lat' dir='ltr'><strong>si</strong></span> <span class='ocrx_word' id='word_1_222' title='bbox 1894 2971 2017 3026; x_wconf 86' lang='lat' dir='ltr'><strong>pos-</strong></span> 
     </span>
    </p>
   </div>
   <div class='ocr_carea' id='block_1_31' title="bbox 440 3038 2015 3111">
    <p class='ocr_par' dir='ltr' id='par_1_31' title="bbox 440 3038 2015 3111">
     <span class='ocr_line' id='line_1_31' title="bbox 440 3038 2015 3111; baseline 0.003 -17"><span class='ocrx_word' id='word_1_223' title='bbox 440 3040 532 3094; x_wconf 83' lang='lat' dir='ltr'><strong>sit.</strong></span> <span class='ocrx_word' id='word_1_224' title='bbox 562 3038 830 3106; x_wconf 83' lang='lat' dir='ltr'><strong>Quocirca</strong></span> <span class='ocrx_word' id='word_1_225' title='bbox 865 3050 922 3095; x_wconf 91' lang='lat' dir='ltr'><strong>et</strong></span> <span class='ocrx_word' id='word_1_226' title='bbox 950 3040 1067 3111; x_wconf 91' lang='lat' dir='ltr'><strong>ipse</strong></span> <span class='ocrx_word' id='word_1_227' title='bbox 1096 3056 1204 3097; x_wconf 88' lang='lat' dir='ltr'><strong>non</strong></span> <span class='ocrx_word' id='word_1_228' title='bbox 1235 3042 1301 3097; x_wconf 89' lang='lat' dir='ltr'><strong>de</strong></span> <span class='ocrx_word' id='word_1_229' title='bbox 1329 3045 1530 3105; x_wconf 87' lang='lat' dir='ltr'><strong>verbis.</strong></span> <span class='ocrx_word' id='word_1_230' title='bbox 1562 3045 1654 3099; x_wconf 88' lang='lat' dir='ltr'><strong>sed</strong></span> <span class='ocrx_word' id='word_1_231' title='bbox 1686 3044 1755 3100; x_wconf 89' lang='lat' dir='ltr'><strong>de</strong></span> <span class='ocrx_word' id='word_1_232' title='bbox 1784 3046 1876 3099; x_wconf 87' lang='lat' dir='ltr'><strong>illo</strong></span> <span class='ocrx_word' id='word_1_233' title='bbox 1905 3045 2015 3100; x_wconf 86' lang='lat' dir='ltr'><strong>alio</strong></span> 
     </span>
    </p>
   </div>
   <div class='ocr_carea' id='block_1_32' title="bbox 2137 652 3610 723">
    <p class='ocr_par' dir='ltr' id='par_1_32' title="bbox 2137 652 3610 723">
     <span class='ocr_line' id='line_1_32' title="bbox 2137 652 3610 723; baseline 0.002 -19"><span class='ocrx_word' id='word_1_234' title='bbox 2137 652 2315 716; x_wconf 80' lang='grc' dir='ltr'>καλῶς</span> <span class='ocrx_word' id='word_1_235' title='bbox 2357 652 2540 723; x_wconf 82' lang='grc' dir='ltr'>ἔχουσι</span> <span class='ocrx_word' id='word_1_236' title='bbox 2565 656 2676 716; x_wconf 76' lang='grc' dir='ltr'>τοῖς</span> <span class='ocrx_word' id='word_1_237' title='bbox 2716 653 3054 723; x_wconf 82' lang='grc' dir='ltr'>λεγομένοις,</span> <span class='ocrx_word' id='word_1_238' title='bbox 3087 654 3176 705; x_wconf 67' lang='grc' dir='ltr'><strong>καὶ</strong></span> <span class='ocrx_word' id='word_1_239' title='bbox 3210 653 3358 706; x_wconf 73' lang='grc' dir='ltr'>τοῦτο</span> <span class='ocrx_word' id='word_1_240' title='bbox 3402 653 3610 707; x_wconf 68' lang='grc' dir='ltr'>ἐπιθέσθαι</span> 
     </span>
    </p>
   </div>
   <div class='ocr_carea' id='block_1_33' title="bbox 2136 738 3611 813">
    <p class='ocr_par' dir='ltr' id='par_1_33' title="bbox 2136 738 3611 813">
     <span class='ocr_line' id='line_1_33' title="bbox 2136 738 3611 813; baseline -0.003 -18"><span class='ocrx_word' id='word_1_241' title='bbox 2136 744 2308 811; x_wconf 85' lang='grc' dir='ltr'>πέρας</span> <span class='ocrx_word' id='word_1_242' title='bbox 2339 745 2404 813; x_wconf 86' lang='grc' dir='ltr'>τῇ</span> <span class='ocrx_word' id='word_1_243' title='bbox 2443 741 2626 812; x_wconf 77' lang='grc' dir='ltr'>βουλῇ.</span> <span class='ocrx_word' id='word_1_244' title='bbox 2655 740 2717 794; x_wconf 79' lang='lat' dir='ltr'><strong>El</strong></span> <span class='ocrx_word' id='word_1_245' title='bbox 2747 742 2803 793; x_wconf 85' lang='grc' dir='ltr'><strong>δέ</strong></span> <span class='ocrx_word' id='word_1_246' title='bbox 2831 759 2882 793; x_wconf 86' lang='grc' dir='ltr'><strong>τι</strong></span> <span class='ocrx_word' id='word_1_247' title='bbox 2931 739 3139 810; x_wconf 84' lang='grc' dir='ltr'>βέλτιον</span> <span class='ocrx_word' id='word_1_248' title='bbox 3186 740 3329 810; x_wconf 82' lang='grc' dir='ltr'>αὐτῷ</span> <span class='ocrx_word' id='word_1_249' title='bbox 3362 738 3442 791; x_wconf 77' lang='grc' dir='ltr'>καὶ</span> <span class='ocrx_word' id='word_1_250' title='bbox 3460 742 3611 791; x_wconf 63' lang='grc' dir='ltr'>λυσιτε-</span> 
     </span>
    </p>
   </div>
   <div class='ocr_carea' id='block_1_34' title="bbox 2134 830 3614 907">
    <p class='ocr_par' dir='ltr' id='par_1_34' title="bbox 2134 830 3614 907">
     <span class='ocr_line' id='line_1_34' title="bbox 2134 830 3614 907; baseline -0.004 -20"><span class='ocrx_word' id='word_1_251' title='bbox 2134 835 2388 907; x_wconf 80' lang='grc' dir='ltr'><strong>λέστερον</strong></span> <span class='ocrx_word' id='word_1_252' title='bbox 2442 834 2631 906; x_wconf 73' lang='grc' dir='ltr'>ἕτερον</span> <span class='ocrx_word' id='word_1_253' title='bbox 2685 834 2853 896; x_wconf 78' lang='grc' dir='ltr'>δοκεῖ,</span> <span class='ocrx_word' id='word_1_254' title='bbox 2889 833 2951 886; x_wconf 72' lang='grc' dir='ltr'>τὸ</span> <span class='ocrx_word' id='word_1_255' title='bbox 3002 832 3099 885; x_wconf 82' lang='grc' dir='ltr'>νῦν</span> <span class='ocrx_word' id='word_1_256' title='bbox 3154 833 3250 902; x_wconf 81' lang='grc' dir='ltr'>μὲν</span> <span class='ocrx_word' id='word_1_257' title='bbox 3287 830 3415 885; x_wconf 77' lang='grc' dir='ltr'>εἶναι</span> <span class='ocrx_word' id='word_1_258' title='bbox 3442 832 3512 883; x_wconf 73' lang='grc' dir='ltr'>διὰ</span> <span class='ocrx_word' id='word_1_259' title='bbox 3546 833 3614 897; x_wconf 75' lang='grc' dir='ltr'>τὴν</span> 
     </span>
    </p>
   </div>
   <div class='ocr_carea' id='block_1_35' title="bbox 2134 921 3615 995">
    <p class='ocr_par' dir='ltr' id='par_1_35' title="bbox 2134 921 3615 995">
     <span class='ocr_line' id='line_1_35' title="bbox 2134 921 3615 995; baseline -0.005 -13"><span class='ocrx_word' id='word_1_260' title='bbox 2134 927 2299 982; x_wconf 80' lang='grc' dir='ltr'>αὐτοῦ</span> <span class='ocrx_word' id='word_1_261' title='bbox 2327 926 2502 990; x_wconf 78' lang='grc' dir='ltr'>νόσον,</span> <span class='ocrx_word' id='word_1_262' title='bbox 2553 927 2644 980; x_wconf 70' lang='grc' dir='ltr'>τὸν</span> <span class='ocrx_word' id='word_1_263' title='bbox 2676 925 2939 995; x_wconf 85' lang='grc' dir='ltr'>σύλλογον</span> <span class='ocrx_word' id='word_1_264' title='bbox 2969 924 3207 979; x_wconf 81' lang='grc' dir='ltr'><strong>διαλύειν</strong></span> <span class='ocrx_word' id='word_1_265' title='bbox 3230 942 3245 958; x_wconf 89' lang='grc'><strong>·</strong></span> <span class='ocrx_word' id='word_1_266' title='bbox 3276 921 3417 985; x_wconf 74' lang='grc' dir='ltr'>αὖθις</span> <span class='ocrx_word' id='word_1_267' title='bbox 3460 924 3507 976; x_wconf 79' lang='grc' dir='ltr'>δὲ</span> <span class='ocrx_word' id='word_1_268' title='bbox 3532 924 3615 992; x_wconf 67' lang='grc' dir='ltr'>ῥεῖ·</span> 
     </span>
    </p>
   </div>
   <div class='ocr_carea' id='block_1_36' title="bbox 2134 1015 3616 1090">
    <p class='ocr_par' dir='ltr' id='par_1_36' title="bbox 2134 1015 3616 1090">
     <span class='ocr_line' id='line_1_36' title="bbox 2134 1015 3616 1090; baseline -0.004 -18"><span class='ocrx_word' id='word_1_269' title='bbox 2134 1036 2347 1086; x_wconf 83' lang='grc' dir='ltr'>σαντος,</span> <span class='ocrx_word' id='word_1_270' title='bbox 2387 1018 2777 1090; x_wconf 78' lang='grc' dir='ltr'><strong>βουλεύσεσθαι</strong></span> <span class='ocrx_word' id='word_1_271' title='bbox 2804 1018 2932 1090; x_wconf 69' lang='grc' dir='ltr'>περὶ</span> <span class='ocrx_word' id='word_1_272' title='bbox 2967 1018 3074 1070; x_wconf 82' lang='grc' dir='ltr'><strong>τῶν</strong></span> <span class='ocrx_word' id='word_1_273' title='bbox 3105 1017 3278 1070; x_wconf 77' lang='grc' dir='ltr'>αύτῶν</span> <span class='ocrx_word' id='word_1_274' title='bbox 3301 1034 3313 1047; x_wconf 89' lang='grc'>·</span> <span class='ocrx_word' id='word_1_275' title='bbox 3345 1017 3371 1069; x_wconf 82' lang='grc' dir='ltr'>ὁ</span> <span class='ocrx_word' id='word_1_276' title='bbox 3392 1016 3441 1068; x_wconf 83' lang='grc' dir='ltr'><strong>δέ</strong></span> <span class='ocrx_word' id='word_1_277' title='bbox 3475 1015 3616 1084; x_wconf 61' lang='grc' dir='ltr'>μικρὸν</span> 
     </span>
    </p>
   </div>
   <div class='ocr_carea' id='block_1_37' title="bbox 2131 1100 3616 1181">
    <p class='ocr_par' dir='ltr' id='par_1_37' title="bbox 2131 1100 3616 1181">
     <span class='ocr_line' id='line_1_37' title="bbox 2131 1100 3616 1181; baseline -0.005 -17"><span class='ocrx_word' id='word_1_278' title='bbox 2131 1112 2373 1181; x_wconf 84' lang='grc' dir='ltr'>ἐπισχών</span> <span class='ocrx_word' id='word_1_279' title='bbox 2393 1128 2408 1142; x_wconf 77' lang='grc' dir='ltr'><strong>ο</strong></span> <span class='ocrx_word' id='word_1_280' title='bbox 2431 1111 2646 1163; x_wconf 81' lang='grc' dir='ltr'>Δοκεῖτέ</span> <span class='ocrx_word' id='word_1_281' title='bbox 2681 1127 2792 1181; x_wconf 86' lang='grc' dir='ltr'>μοι,</span> <span class='ocrx_word' id='word_1_282' title='bbox 2826 1111 2954 1178; x_wconf 75' lang='grc' dir='ltr'>ἔφη,</span> <span class='ocrx_word' id='word_1_283' title='bbox 2983 1109 3059 1180; x_wconf 79' lang='grc' dir='ltr'>μὴ</span> <span class='ocrx_word' id='word_1_284' title='bbox 3097 1108 3217 1179; x_wconf 76' lang='grc' dir='ltr'>περὶ</span> <span class='ocrx_word' id='word_1_285' title='bbox 3245 1100 3316 1160; x_wconf 83' lang='grc' dir='ltr'>ὧν</span> <span class='ocrx_word' id='word_1_286' title='bbox 3346 1106 3616 1177; x_wconf 71' lang='grc' dir='ltr'><strong>βουλεύεσθε,</strong></span> 
     </span>
    </p>
   </div>
   <div class='ocr_carea' id='block_1_38' title="bbox 2131 1198 3618 1274">
    <p class='ocr_par' dir='ltr' id='par_1_38' title="bbox 2131 1198 3618 1274">
     <span class='ocr_line' id='line_1_38' title="bbox 2131 1198 3618 1274; baseline -0.006 -18"><span class='ocrx_word' id='word_1_287' title='bbox 2131 1203 2228 1272; x_wconf 76' lang='grc' dir='ltr'>τὴν</span> <span class='ocrx_word' id='word_1_288' title='bbox 2251 1203 2543 1272; x_wconf 80' lang='grc' dir='ltr'>ἀπόκρισιν</span> <span class='ocrx_word' id='word_1_289' title='bbox 2576 1203 2870 1255; x_wconf 73' lang='grc' dir='ltr'>ποιεῖσθαι.</span> <span class='ocrx_word' id='word_1_290' title='bbox 2892 1203 2977 1254; x_wconf 53' lang='grc' dir='ltr'>’ού</span> <span class='ocrx_word' id='word_1_291' title='bbox 3014 1202 3121 1274; x_wconf 75' lang='grc' dir='ltr'>γὰρ</span> <span class='ocrx_word' id='word_1_292' title='bbox 3150 1202 3244 1253; x_wconf 79' lang='grc' dir='ltr'><strong>νῦν</strong></span> <span class='ocrx_word' id='word_1_293' title='bbox 3275 1201 3399 1271; x_wconf 81' lang='grc' dir='ltr'>ἡμῖν</span> <span class='ocrx_word' id='word_1_294' title='bbox 3424 1200 3453 1270; x_wconf 74' lang='grc' dir='ltr'><strong>η</strong></span> <span class='ocrx_word' id='word_1_295' title='bbox 3478 1198 3618 1266; x_wconf 66' lang='grc' dir='ltr'>σκέψις</span> 
     </span>
    </p>
   </div>
   <div class='ocr_carea' id='block_1_39' title="bbox 2132 1290 3621 1367">
    <p class='ocr_par' dir='ltr' id='par_1_39' title="bbox 2132 1290 3621 1367">
     <span class='ocr_line' id='line_1_39' title="bbox 2132 1290 3621 1367; baseline -0.005 -19"><span class='ocrx_word' id='word_1_296' title='bbox 2132 1297 2257 1367; x_wconf 79' lang='grc' dir='ltr'>περὶ</span> <span class='ocrx_word' id='word_1_297' title='bbox 2286 1295 2461 1362; x_wconf 83' lang='grc' dir='ltr'>λόγων</span> <span class='ocrx_word' id='word_1_298' title='bbox 2492 1295 2892 1363; x_wconf 65' lang='grc' dir='ltr'>εὖπροσώπων,</span> <span class='ocrx_word' id='word_1_299' title='bbox 2939 1293 3076 1347; x_wconf 81' lang='grc' dir='ltr'>ἀλλὰ</span> <span class='ocrx_word' id='word_1_300' title='bbox 3116 1292 3226 1346; x_wconf 78' lang='grc' dir='ltr'>εἴτε</span> <span class='ocrx_word' id='word_1_301' title='bbox 3254 1293 3356 1363; x_wconf 76' lang='grc' dir='ltr'>χρὴ</span> <span class='ocrx_word' id='word_1_302' title='bbox 3377 1292 3435 1345; x_wconf 71' lang='grc' dir='ltr'>τὰ</span> <span class='ocrx_word' id='word_1_303' title='bbox 3460 1290 3621 1343; x_wconf 64' lang='lat' dir='ltr'><strong>aclaud-</strong></span> 
     </span>
    </p>
   </div>
   <div class='ocr_carea' id='block_1_40' title="bbox 2130 1380 3619 1456">
    <p class='ocr_par' dir='ltr' id='par_1_40' title="bbox 2130 1380 3619 1456">
     <span class='ocr_line' id='line_1_40' title="bbox 2130 1380 3619 1456; baseline -0.003 -19"><span class='ocrx_word' id='word_1_304' title='bbox 2130 1403 2267 1456; x_wconf 71' lang='grc' dir='ltr'>μένα</span> <span class='ocrx_word' id='word_1_305' title='bbox 2297 1385 2390 1439; x_wconf 80' lang='grc' dir='ltr'>ὑπ’</span> <span class='ocrx_word' id='word_1_306' title='bbox 2424 1384 2778 1452; x_wconf 73' lang='grc' dir='ltr'>Ἀλεξάνδρου</span> <span class='ocrx_word' id='word_1_307' title='bbox 2807 1384 3091 1453; x_wconf 70' lang='grc' dir='ltr'>πράττειν,</span> <span class='ocrx_word' id='word_1_308' title='bbox 3124 1384 3232 1435; x_wconf 71' lang='grc' dir='ltr'>εἴτε</span> <span class='ocrx_word' id='word_1_309' title='bbox 3251 1382 3484 1449; x_wconf 78' lang='grc' dir='ltr'><strong>πολεμεῖν</strong></span> <span class='ocrx_word' id='word_1_310' title='bbox 3497 1380 3619 1447; x_wconf 64' lang='grc' dir='ltr'><strong>ανὲτῷ.</strong></span> 
     </span>
    </p>
   </div>
   <div class='ocr_carea' id='block_1_41' title="bbox 2142 1470 3620 1551">
    <p class='ocr_par' dir='ltr' id='par_1_41' title="bbox 2142 1470 3620 1551">
     <span class='ocr_line' id='line_1_41' title="bbox 2142 1470 3620 1551; baseline -0.005 -20"><span class='ocrx_word' id='word_1_311' title='bbox 2142 1477 2333 1549; x_wconf 83' lang='grc' dir='ltr'>Ὑμεῖς</span> <span class='ocrx_word' id='word_1_312' title='bbox 2381 1476 2436 1535; x_wconf 73' lang='grc' dir='ltr'>δὲ</span> <span class='ocrx_word' id='word_1_313' title='bbox 2468 1480 2597 1551; x_wconf 81' lang='grc' dir='ltr'><strong>περὶ</strong></span> <span class='ocrx_word' id='word_1_314' title='bbox 2623 1470 2697 1531; x_wconf 78' lang='grc' dir='ltr'>ὧν</span> <span class='ocrx_word' id='word_1_315' title='bbox 2728 1475 3031 1549; x_wconf 76' lang='grc' dir='ltr'>προύθεσθε</span> <span class='ocrx_word' id='word_1_316' title='bbox 3063 1474 3405 1545; x_wconf 82' lang='grc' dir='ltr'>βουλεύεσθαι</span> <span class='ocrx_word' id='word_1_317' title='bbox 3431 1473 3620 1540; x_wconf 71' lang='grc' dir='ltr'>ἀφέντες.</span> 
     </span>
    </p>
   </div>
   <div class='ocr_carea' id='block_1_42' title="bbox 2131 1564 3621 1642">
    <p class='ocr_par' dir='ltr' id='par_1_42' title="bbox 2131 1564 3621 1642">
     <span class='ocr_line' id='line_1_42' title="bbox 2131 1564 3621 1642; baseline -0.005 -20"><span class='ocrx_word' id='word_1_318' title='bbox 2131 1569 2260 1640; x_wconf 73' lang='grc' dir='ltr'>περὶ</span> <span class='ocrx_word' id='word_1_319' title='bbox 2293 1571 2541 1642; x_wconf 80' lang='grc' dir='ltr'>νομίμων</span> <span class='ocrx_word' id='word_1_320' title='bbox 2570 1572 2663 1622; x_wconf 70' lang='grc' dir='ltr'>καὶ</span> <span class='ocrx_word' id='word_1_321' title='bbox 2688 1568 2913 1622; x_wconf 78' lang='grc' dir='ltr'>δικαίων</span> <span class='ocrx_word' id='word_1_322' title='bbox 2935 1569 3044 1621; x_wconf 80' lang='grc' dir='ltr'>τῶν</span> <span class='ocrx_word' id='word_1_323' title='bbox 3082 1569 3237 1637; x_wconf 84' lang='grc' dir='ltr'><strong>παρά</strong></span> <span class='ocrx_word' id='word_1_324' title='bbox 3263 1564 3522 1636; x_wconf 79' lang='grc' dir='ltr'>Ῥωμαίοις</span> <span class='ocrx_word' id='word_1_325' title='bbox 3538 1564 3621 1616; x_wconf 75' lang='lat'><strong>8:;-</strong></span> 
     </span>
    </p>
   </div>
   <div class='ocr_carea' id='block_1_43' title="bbox 2129 1657 3621 1733">
    <p class='ocr_par' dir='ltr' id='par_1_43' title="bbox 2129 1657 3621 1733">
     <span class='ocr_line' id='line_1_43' title="bbox 2129 1657 3621 1733; baseline -0.008 -16"><span class='ocrx_word' id='word_1_326' title='bbox 2129 1662 2407 1733; x_wconf 85' lang='grc' dir='ltr'>λέγεσοαι,</span> <span class='ocrx_word' id='word_1_327' title='bbox 2436 1660 2625 1733; x_wconf 53' lang='grc' dir='ltr'>ὥσπερ</span> <span class='ocrx_word' id='word_1_328' title='bbox 2650 1662 2719 1716; x_wconf 82' lang='grc' dir='ltr'><strong>ἂν</strong></span> <span class='ocrx_word' id='word_1_329' title='bbox 2752 1660 2804 1714; x_wconf 81' lang='grc' dir='ltr'><strong>εί</strong></span> <span class='ocrx_word' id='word_1_330' title='bbox 2830 1678 2913 1725; x_wconf 88' lang='grc' dir='ltr'><strong>τις</strong></span> <span class='ocrx_word' id='word_1_331' title='bbox 2954 1659 3051 1713; x_wconf 75' lang='grc' dir='ltr'><strong>καὶ</strong></span> <span class='ocrx_word' id='word_1_332' title='bbox 3081 1657 3427 1727; x_wconf 69' lang='grc' dir='ltr'><strong>ἸΑλέξανδρον</strong></span> <span class='ocrx_word' id='word_1_333' title='bbox 3451 1658 3475 1709; x_wconf 77' lang='grc' dir='ltr'><strong>ὁ</strong></span> <span class='ocrx_word' id='word_1_334' title='bbox 3502 1671 3621 1707; x_wconf 72' lang='grc' dir='ltr'>κατι·</span> 
     </span>
    </p>
   </div>
   <div class='ocr_carea' id='block_1_44' title="bbox 2109 1743 3621 1837">
    <p class='ocr_par' dir='ltr' id='par_1_44' title="bbox 2109 1743 3621 1837">
     <span class='ocr_line' id='line_1_44' title="bbox 2109 1743 3621 1837; baseline -0.009 -23"><span class='ocrx_word' id='word_1_335' title='bbox 2109 1761 2415 1837; x_wconf 21' lang='grc' dir='ltr'>’ναγκάσων</span> <span class='ocrx_word' id='word_1_336' title='bbox 2454 1753 2522 1827; x_wconf 80' lang='grc' dir='ltr'>ἦν</span> <span class='ocrx_word' id='word_1_337' title='bbox 2551 1758 2665 1819; x_wconf 84' lang='grc' dir='ltr'>τοῖς</span> <span class='ocrx_word' id='word_1_338' title='bbox 2710 1754 2997 1824; x_wconf 85' lang='grc' dir='ltr'>Ῥωμαίων</span> <span class='ocrx_word' id='word_1_339' title='bbox 3027 1753 3215 1824; x_wconf 79' lang='grc' dir='ltr'>νόμοις</span> <span class='ocrx_word' id='word_1_340' title='bbox 3238 1743 3621 1806; x_wconf 53' lang='grc' dir='ltr'>πείθεσθαιῧθδ*</span> 
     </span>
    </p>
   </div>
   <div class='ocr_carea' id='block_1_45' title="bbox 2129 1840 3622 1920">
    <p class='ocr_par' dir='ltr' id='par_1_45' title="bbox 2129 1840 3622 1920">
     <span class='ocr_line' id='line_1_45' title="bbox 2129 1840 3622 1920; baseline -0.009 -18"><span class='ocrx_word' id='word_1_341' title='bbox 2129 1851 2258 1916; x_wconf 75' lang='grc' dir='ltr'>ἴσως</span> <span class='ocrx_word' id='word_1_342' title='bbox 2312 1851 2444 1920; x_wconf 91' lang='grc' dir='ltr'>ἐρεῖ,</span> <span class='ocrx_word' id='word_1_343' title='bbox 2487 1848 2563 1911; x_wconf 84' lang='grc' dir='ltr'>ὡς</span> <span class='ocrx_word' id='word_1_344' title='bbox 2609 1846 2724 1903; x_wconf 86' lang='grc' dir='ltr'><strong>Οὐκ</strong></span> <span class='ocrx_word' id='word_1_345' title='bbox 2761 1846 2909 1916; x_wconf 68' lang='grc' dir='ltr'>ἐμοὶ,</span> <span class='ocrx_word' id='word_1_346' title='bbox 2942 1844 3078 1898; x_wconf 84' lang='grc' dir='ltr'><strong>ἀλλά</strong></span> <span class='ocrx_word' id='word_1_347' title='bbox 3120 1842 3409 1913; x_wconf 86' lang='grc' dir='ltr'>Ῥωμαίοις</span> <span class='ocrx_word' id='word_1_348' title='bbox 3448 1840 3622 1905; x_wconf 53' lang='lat' dir='ltr'><strong>om,“</strong></span> 
     </span>
    </p>
   </div>
   <div class='ocr_carea' id='block_1_46' title="bbox 2125 1932 3619 2010">
    <p class='ocr_par' dir='ltr' id='par_1_46' title="bbox 2125 1932 3619 2010">
     <span class='ocr_line' id='line_1_46' title="bbox 2125 1932 3619 2010; baseline -0.011 -11"><span class='ocrx_word' id='word_1_349' title='bbox 2125 1937 2271 1999; x_wconf 71' lang='grc' dir='ltr'>οὗτοι</span> <span class='ocrx_word' id='word_1_350' title='bbox 2301 1944 2507 1996; x_wconf 87' lang='grc' dir='ltr'>κεῖνται</span> <span class='ocrx_word' id='word_1_351' title='bbox 2534 1956 2549 1972; x_wconf 81' lang='grc'><em>’</em></span> <span class='ocrx_word' id='word_1_352' title='bbox 2591 1939 2715 2010; x_wconf 70' lang='grc' dir='ltr'>ἐμοὶ</span> <span class='ocrx_word' id='word_1_353' title='bbox 2751 1938 2808 1993; x_wconf 82' lang='grc' dir='ltr'>δὲ</span> <span class='ocrx_word' id='word_1_354' title='bbox 2842 1933 2922 2002; x_wconf 73' lang='grc' dir='ltr'>εἷς</span> <span class='ocrx_word' id='word_1_355' title='bbox 2950 1936 3115 2007; x_wconf 82' lang='grc' dir='ltr'>νόμος</span> <span class='ocrx_word' id='word_1_356' title='bbox 3151 1939 3218 1990; x_wconf 76' lang='grc' dir='ltr'>ἐκ</span> <span class='ocrx_word' id='word_1_357' title='bbox 3262 1934 3448 1996; x_wconf 59' lang='grc' dir='ltr'>παντὸς</span> <span class='ocrx_word' id='word_1_358' title='bbox 3471 1932 3619 2003; x_wconf 69' lang='grc' dir='ltr'>τρόπον</span> 
     </span>
    </p>
   </div>
   <div class='ocr_carea' id='block_1_47' title="bbox 2123 2027 3620 2103">
    <p class='ocr_par' dir='ltr' id='par_1_47' title="bbox 2123 2027 3620 2103">
     <span class='ocr_line' id='line_1_47' title="bbox 2123 2027 3620 2103; baseline -0.009 -14"><span class='ocrx_word' id='word_1_359' title='bbox 2123 2036 2190 2092; x_wconf 74' lang='grc' dir='ltr'>τὰ</span> <span class='ocrx_word' id='word_1_360' title='bbox 2218 2036 2531 2090; x_wconf 74' lang='grc' dir='ltr'><strong>συνοίσοντα</strong></span> <span class='ocrx_word' id='word_1_361' title='bbox 2558 2032 2683 2102; x_wconf 76' lang='grc' dir='ltr'>ἐμοὶ</span> <span class='ocrx_word' id='word_1_362' title='bbox 2719 2030 2936 2103; x_wconf 76' lang='grc' dir='ltr'>ζητεῖνο</span> <span class='ocrx_word' id='word_1_363' title='bbox 2968 2031 3097 2100; x_wconf 81' lang='grc' dir='ltr'>ὑμῖν</span> <span class='ocrx_word' id='word_1_364' title='bbox 3125 2029 3184 2082; x_wconf 72' lang='grc' dir='ltr'>δὲ</span> <span class='ocrx_word' id='word_1_365' title='bbox 3216 2030 3265 2082; x_wconf 87' lang='grc' dir='ltr'><strong>εί</strong></span> <span class='ocrx_word' id='word_1_366' title='bbox 3302 2028 3392 2081; x_wconf 71' lang='grc' dir='ltr'><strong>καὶ</strong></span> <span class='ocrx_word' id='word_1_367' title='bbox 3413 2027 3620 2095; x_wconf 75' lang='grc' dir='ltr'>Σίσμανον</span> 
     </span>
    </p>
   </div>
   <div class='ocr_carea' id='block_1_48' title="bbox 2124 2112 3621 2195">
    <p class='ocr_par' dir='ltr' id='par_1_48' title="bbox 2124 2112 3621 2195">
     <span class='ocr_line' id='line_1_48' title="bbox 2124 2112 3621 2195; baseline -0.011 -11"><span class='ocrx_word' id='word_1_368' title='bbox 2124 2129 2302 2195; x_wconf 70' lang='grc' dir='ltr'>ἔξεστι</span> <span class='ocrx_word' id='word_1_369' title='bbox 2338 2130 2451 2191; x_wconf 85' lang='grc' dir='ltr'>τοῖς</span> <span class='ocrx_word' id='word_1_370' title='bbox 2482 2126 2704 2190; x_wconf 83' lang='grc' dir='ltr'><strong>ἀσύλοις</strong></span> <span class='ocrx_word' id='word_1_371' title='bbox 2736 2112 3152 2193; x_wconf 68' lang='grc' dir='ltr'>κατακρύπτειν</span> <span class='ocrx_word' id='word_1_372' title='bbox 3182 2123 3366 2191; x_wconf 73' lang='grc' dir='ltr'>ἱεροῖς,</span> <span class='ocrx_word' id='word_1_373' title='bbox 3387 2118 3489 2173; x_wconf 77' lang='grc' dir='ltr'>ἀλλ’</span> <span class='ocrx_word' id='word_1_374' title='bbox 3508 2117 3554 2170; x_wconf 75' lang='grc' dir='ltr'>οὗ</span> <span class='ocrx_word' id='word_1_375' title='bbox 3577 2115 3621 2184; x_wconf 73' lang='grc' dir='ltr'>δή</span> 
     </span>
    </p>
   </div>
   <div class='ocr_carea' id='block_1_49' title="bbox 2124 2213 3621 2287">
    <p class='ocr_par' dir='ltr' id='par_1_49' title="bbox 2124 2213 3621 2287">
     <span class='ocr_line' id='line_1_49' title="bbox 2124 2213 3621 2287; baseline -0.011 -10"><span class='ocrx_word' id='word_1_376' title='bbox 2124 2239 2227 2278; x_wconf 90' lang='grc' dir='ltr'><strong>που</strong></span> <span class='ocrx_word' id='word_1_377' title='bbox 2258 2221 2355 2276; x_wconf 81' lang='grc' dir='ltr'><strong>καὶ</strong></span> <span class='ocrx_word' id='word_1_378' title='bbox 2384 2220 2564 2283; x_wconf 73' lang='grc' dir='ltr'>πόλεις</span> <span class='ocrx_word' id='word_1_379' title='bbox 2594 2220 2688 2271; x_wconf 76' lang='grc' dir='ltr'><strong>καὶ</strong></span> <span class='ocrx_word' id='word_1_380' title='bbox 2718 2215 2913 2287; x_wconf 81' lang='grc' dir='ltr'>κώμας</span> <span class='ocrx_word' id='word_1_381' title='bbox 2947 2213 3327 2285; x_wconf 70' lang='grc' dir='ltr'>κατακρύψετε</span> <span class='ocrx_word' id='word_1_382' title='bbox 3357 2213 3411 2266; x_wconf 75' lang='grc' dir='ltr'><strong>ἐν</strong></span> <span class='ocrx_word' id='word_1_383' title='bbox 3433 2213 3525 2273; x_wconf 61' lang='grc' dir='ltr'>τοῖς</span> <span class='ocrx_word' id='word_1_384' title='bbox 3544 2226 3621 2262; x_wconf 84' lang='grc' dir='ltr'>τοι·</span> 
     </span>
    </p>
   </div>
   <div class='ocr_carea' id='block_1_50' title="bbox 2120 2303 3620 2380">
    <p class='ocr_par' dir='ltr' id='par_1_50' title="bbox 2120 2303 3620 2380">
     <span class='ocr_line' id='line_1_50' title="bbox 2120 2303 3620 2380; baseline -0.009 -13"><span class='ocrx_word' id='word_1_385' title='bbox 2120 2313 2335 2376; x_wconf 81' lang='grc' dir='ltr'>ούτοις·</span> <span class='ocrx_word' id='word_1_386' title='bbox 2392 2311 2512 2363; x_wconf 77' lang='grc' dir='ltr'>οὐδὲ</span> <span class='ocrx_word' id='word_1_387' title='bbox 2559 2308 2696 2380; x_wconf 84' lang='grc' dir='ltr'>βοῶν</span> <span class='ocrx_word' id='word_1_388' title='bbox 2743 2309 2943 2377; x_wconf 78' lang='grc' dir='ltr'><strong>ἀγέλας</strong></span> <span class='ocrx_word' id='word_1_389' title='bbox 2981 2306 3075 2361; x_wconf 63' lang='grc' dir='ltr'><strong>καλ⁸</strong></span> <span class='ocrx_word' id='word_1_390' title='bbox 3107 2308 3336 2377; x_wconf 76' lang='grc' dir='ltr'>ποίμνια</span> <span class='ocrx_word' id='word_1_391' title='bbox 3379 2303 3620 2375; x_wconf 75' lang='grc' dir='ltr'>προϐάτων,</span> 
     </span>
    </p>
   </div>
   <div class='ocr_carea' id='block_1_51' title="bbox 2119 2389 3620 2475">
    <p class='ocr_par' dir='ltr' id='par_1_51' title="bbox 2119 2389 3620 2475">
     <span class='ocr_line' id='line_1_51' title="bbox 2119 2389 3620 2475; baseline -0.005 -17"><span class='ocrx_word' id='word_1_392' title='bbox 2119 2407 2215 2459; x_wconf 76' lang='grc' dir='ltr'><strong>καὶ</strong></span> <span class='ocrx_word' id='word_1_393' title='bbox 2247 2404 2347 2475; x_wconf 79' lang='grc' dir='ltr'>τὴν</span> <span class='ocrx_word' id='word_1_394' title='bbox 2374 2402 2542 2474; x_wconf 79' lang='grc' dir='ltr'>ἄλλην</span> <span class='ocrx_word' id='word_1_395' title='bbox 2583 2401 2910 2473; x_wconf 71' lang='grc' dir='ltr'>περιουσίαν</span> <span class='ocrx_word' id='word_1_396' title='bbox 2936 2400 3036 2472; x_wconf 78' lang='grc' dir='ltr'>τὴν</span> <span class='ocrx_word' id='word_1_397' title='bbox 3069 2402 3129 2454; x_wconf 84' lang='grc' dir='ltr'><strong>ἐν</strong></span> <span class='ocrx_word' id='word_1_398' title='bbox 3157 2403 3272 2462; x_wconf 86' lang='grc' dir='ltr'>τοῖς</span> <span class='ocrx_word' id='word_1_399' title='bbox 3302 2400 3472 2468; x_wconf 76' lang='grc' dir='ltr'>ἀγροῖς</span> <span class='ocrx_word' id='word_1_400' title='bbox 3503 2396 3548 2460; x_wconf 80' lang='grc' dir='ltr'>ἐξ</span> <span class='ocrx_word' id='word_1_401' title='bbox 3570 2389 3620 2447; x_wconf 73' lang='grc' dir='ltr'><strong>ὧν</strong></span> 
     </span>
    </p>
   </div>
   <div class='ocr_carea' id='block_1_52' title="bbox 2119 2485 3621 2563">
    <p class='ocr_par' dir='ltr' id='par_1_52' title="bbox 2119 2485 3621 2563">
     <span class='ocr_line' id='line_1_52' title="bbox 2119 2485 3621 2563; baseline -0.006 -17"><span class='ocrx_word' id='word_1_402' title='bbox 2119 2494 2242 2563; x_wconf 68' lang='grc' dir='ltr'><strong>ἔιμολ⁵</strong></span> <span class='ocrx_word' id='word_1_403' title='bbox 2273 2495 2383 2556; x_wconf 82' lang='grc' dir='ltr'>τοῖς</span> <span class='ocrx_word' id='word_1_404' title='bbox 2433 2492 2652 2555; x_wconf 78' lang='grc' dir='ltr'><strong>ἀδικίας</strong></span> <span class='ocrx_word' id='word_1_405' title='bbox 2686 2490 2901 2555; x_wconf 82' lang='grc' dir='ltr'>ἐξέσται</span> <span class='ocrx_word' id='word_1_406' title='bbox 2939 2488 3271 2560; x_wconf 76' lang='grc' dir='ltr'>κομίζεσθαι</span> <span class='ocrx_word' id='word_1_407' title='bbox 3301 2490 3490 2550; x_wconf 78' lang='grc' dir='ltr'>ποινάς.</span> <span class='ocrx_word' id='word_1_408' title='bbox 3522 2485 3621 2553; x_wconf 74' lang='grc' dir='ltr'>Πρ⁵ς</span> 
     </span>
    </p>
   </div>
   <div class='ocr_carea' id='block_1_53' title="bbox 2118 2577 3621 2655">
    <p class='ocr_par' dir='ltr' id='par_1_53' title="bbox 2118 2577 3621 2655">
     <span class='ocr_line' id='line_1_53' title="bbox 2118 2577 3621 2655; baseline -0.002 -17"><span class='ocrx_word' id='word_1_409' title='bbox 2118 2581 2214 2640; x_wconf 79' lang='grc' dir='ltr'>οὖν</span> <span class='ocrx_word' id='word_1_410' title='bbox 2243 2584 2312 2638; x_wconf 88' lang='grc' dir='ltr'><strong>τά</strong></span> <span class='ocrx_word' id='word_1_411' title='bbox 2336 2585 2565 2639; x_wconf 84' lang='grc' dir='ltr'>τοιαῦτα</span> <span class='ocrx_word' id='word_1_412' title='bbox 2594 2585 2699 2655; x_wconf 87' lang='grc' dir='ltr'>χρὴ</span> <span class='ocrx_word' id='word_1_413' title='bbox 2727 2582 3101 2655; x_wconf 76' lang='grc' dir='ltr'>βουλεύεσθαι,</span> <span class='ocrx_word' id='word_1_414' title='bbox 3133 2582 3196 2635; x_wconf 85' lang='grc' dir='ltr'><strong>ού</strong></span> <span class='ocrx_word' id='word_1_415' title='bbox 3227 2583 3358 2654; x_wconf 75' lang='grc' dir='ltr'>πρὸς</span> <span class='ocrx_word' id='word_1_416' title='bbox 3392 2577 3621 2643; x_wconf 70' lang='grc' dir='ltr'><strong>ἀπολογίας</strong></span> 
     </span>
    </p>
   </div>
   <div class='ocr_carea' id='block_1_54' title="bbox 2122 2672 3621 2746">
    <p class='ocr_par' dir='ltr' id='par_1_54' title="bbox 2122 2672 3621 2746">
     <span class='ocr_line' id='line_1_54' title="bbox 2122 2672 3621 2746; baseline -0.01 -14"><span class='ocrx_word' id='word_1_417' title='bbox 2122 2677 2538 2746; x_wconf 75' lang='grc' dir='ltr'>εὐπροσώπους.</span> <span class='ocrx_word' id='word_1_418' title='bbox 2582 2674 2724 2745; x_wconf 81' lang='grc' dir='ltr'>Ἐγὼ</span> <span class='ocrx_word' id='word_1_419' title='bbox 2751 2676 2806 2728; x_wconf 80' lang='grc' dir='ltr'>δὲ</span> <span class='ocrx_word' id='word_1_420' title='bbox 2859 2674 3043 2743; x_wconf 71' lang='grc' dir='ltr'>ὀλίγου</span> <span class='ocrx_word' id='word_1_421' title='bbox 3076 2674 3191 2727; x_wconf 86' lang='grc' dir='ltr'>δεῖν</span> <span class='ocrx_word' id='word_1_422' title='bbox 3240 2672 3355 2727; x_wconf 76' lang='grc' dir='ltr'>νυνὶ</span> <span class='ocrx_word' id='word_1_423' title='bbox 3401 2673 3621 2743; x_wconf 64' lang='grc' dir='ltr'>μέμφομαι</span> 
     </span>
    </p>
   </div>
   <div class='ocr_carea' id='block_1_55' title="bbox 2119 2758 3623 2847">
    <p class='ocr_par' dir='ltr' id='par_1_55' title="bbox 2119 2758 3623 2847">
     <span class='ocr_line' id='line_1_55' title="bbox 2119 2758 3623 2847; baseline -0.009 -24"><span class='ocrx_word' id='word_1_424' title='bbox 2119 2773 2210 2824; x_wconf 69' lang='grc' dir='ltr'><strong>καὶ</strong></span> <span class='ocrx_word' id='word_1_425' title='bbox 2234 2769 2456 2840; x_wconf 82' lang='grc' dir='ltr'>ἐμαυτῷ</span> <span class='ocrx_word' id='word_1_426' title='bbox 2484 2769 2564 2822; x_wconf 77' lang='grc' dir='ltr'>ὅτι</span> <span class='ocrx_word' id='word_1_427' title='bbox 2594 2769 2688 2822; x_wconf 58' lang='grc' dir='ltr'><strong>καὶ⁸</strong></span> <span class='ocrx_word' id='word_1_428' title='bbox 2709 2765 2958 2821; x_wconf 80' lang='grc' dir='ltr'>ὁπωσοῦν</span> <span class='ocrx_word' id='word_1_429' title='bbox 2980 2767 3057 2828; x_wconf 84' lang='grc' dir='ltr'><strong>είς</strong></span> <span class='ocrx_word' id='word_1_430' title='bbox 3079 2766 3380 2847; x_wconf 62' lang='grc' dir='ltr'>τοιουτουσὶ</span> <span class='ocrx_word' id='word_1_431' title='bbox 3404 2758 3623 2833; x_wconf 74' lang='grc' dir='ltr'>προήχθην</span> 
     </span>
    </p>
   </div>
   <div class='ocr_carea' id='block_1_56' title="bbox 2117 2854 3622 2932">
    <p class='ocr_par' dir='ltr' id='par_1_56' title="bbox 2117 2854 3622 2932">
     <span class='ocr_line' id='line_1_56' title="bbox 2117 2854 3622 2932; baseline -0.007 -18"><span class='ocrx_word' id='word_1_432' title='bbox 2117 2862 2312 2929; x_wconf 80' lang='grc' dir='ltr'>λόγους</span> <span class='ocrx_word' id='word_1_433' title='bbox 2338 2874 2353 2890; x_wconf 82' lang='grc'><strong><em>⁸</em></strong></span> <span class='ocrx_word' id='word_1_434' title='bbox 2407 2864 2626 2932; x_wconf 79' lang='grc' dir='ltr'>εἴρηται</span> <span class='ocrx_word' id='word_1_435' title='bbox 2661 2859 2769 2930; x_wconf 77' lang='grc' dir='ltr'>γὰρ</span> <span class='ocrx_word' id='word_1_436' title='bbox 2828 2858 3070 2929; x_wconf 75' lang='grc' dir='ltr'>ἐξαρχῆς</span> <span class='ocrx_word' id='word_1_437' title='bbox 3118 2858 3220 2912; x_wconf 74' lang='grc' dir='ltr'><strong>καὶ</strong></span> <span class='ocrx_word' id='word_1_438' title='bbox 3256 2854 3559 2926; x_wconf 70' lang='grc' dir='ltr'>ἐπεψηφίσθη</span> <span class='ocrx_word' id='word_1_439' title='bbox 3579 2866 3622 2915; x_wconf 79' lang='grc' dir='ltr'>τε</span> 
     </span>
    </p>
   </div>
   <div class='ocr_carea' id='block_1_57' title="bbox 2117 2944 3622 3023">
    <p class='ocr_par' dir='ltr' id='par_1_57' title="bbox 2117 2944 3622 3023">
     <span class='ocr_line' id='line_1_57' title="bbox 2117 2944 3622 3023; baseline -0.007 -16"><span class='ocrx_word' id='word_1_440' title='bbox 2117 2954 2223 3007; x_wconf 84' lang='grc' dir='ltr'>ὑπὸ</span> <span class='ocrx_word' id='word_1_441' title='bbox 2271 2954 2489 3007; x_wconf 85' lang='grc' dir='ltr'>πάντων</span> <span class='ocrx_word' id='word_1_442' title='bbox 2544 2953 2688 3023; x_wconf 72' lang='grc' dir='ltr'>(ἐπεὶ</span> <span class='ocrx_word' id='word_1_443' title='bbox 2724 2950 2913 3021; x_wconf 68' lang='grc' dir='ltr'>μηδεὶς</span> <span class='ocrx_word' id='word_1_444' title='bbox 2951 2951 3181 3004; x_wconf 77' lang='grc' dir='ltr'>ἀντεῖπε</span> <span class='ocrx_word' id='word_1_445' title='bbox 3244 2950 3447 3020; x_wconf 78' lang='grc' dir='ltr'>μηδὲν),</span> <span class='ocrx_word' id='word_1_446' title='bbox 3475 2947 3551 2999; x_wconf 80' lang='grc' dir='ltr'>ἐὰν</span> <span class='ocrx_word' id='word_1_447' title='bbox 3570 2944 3622 3009; x_wconf 57' lang='grc' dir='ltr'>τῇ</span> 
     </span>
    </p>
   </div>
   <div class='ocr_carea' id='block_1_58' title="bbox 2116 3033 3624 3115">
    <p class='ocr_par' dir='ltr' id='par_1_58' title="bbox 2116 3033 3624 3115">
     <span class='ocr_line' id='line_1_58' title="bbox 2116 3033 3624 3115; baseline -0.007 -16"><span class='ocrx_word' id='word_1_448' title='bbox 2116 3045 2329 3115; x_wconf 81' lang='grc' dir='ltr'>ἐσχάτῳ</span> <span class='ocrx_word' id='word_1_449' title='bbox 2362 3062 2415 3097; x_wconf 88' lang='grc' dir='ltr'><strong>τι</strong></span> <span class='ocrx_word' id='word_1_450' title='bbox 2448 3041 2808 3114; x_wconf 77' lang='grc' dir='ltr'>ἀποκαλυφθῇ</span> <span class='ocrx_word' id='word_1_451' title='bbox 2836 3040 2995 3112; x_wconf 84' lang='grc' dir='ltr'>σιγᾷν</span> <span class='ocrx_word' id='word_1_452' title='bbox 3028 3042 3120 3094; x_wconf 71' lang='grc' dir='ltr'>τὸν</span> <span class='ocrx_word' id='word_1_453' title='bbox 3153 3042 3388 3113; x_wconf 85' lang='grc' dir='ltr'>πρῶτον.</span> <span class='ocrx_word' id='word_1_454' title='bbox 3415 3040 3466 3092; x_wconf 80' lang='lat' dir='ltr'><strong>Ei</strong></span> <span class='ocrx_word' id='word_1_455' title='bbox 3500 3037 3544 3089; x_wconf 78' lang='grc' dir='ltr'>δὲ</span> <span class='ocrx_word' id='word_1_456' title='bbox 3572 3033 3624 3104; x_wconf 73' lang='grc' dir='ltr'>μὴ</span> 
     </span>
    </p>
   </div>
   <div class='ocr_carea' id='block_1_59' title="bbox 440 3130 2008 3207">
    <p class='ocr_par' dir='ltr' id='par_1_59' title="bbox 440 3131 2008 3206">
     <span class='ocr_line' id='line_1_59' title="bbox 440 3131 2008 3206; baseline 0.004 -20"><span class='ocrx_word' id='word_1_457' title='bbox 440 3132 667 3186; x_wconf 89' lang='lat' dir='ltr'><strong>consilia</strong></span> <span class='ocrx_word' id='word_1_458' title='bbox 719 3131 977 3203; x_wconf 84' lang='lat' dir='ltr'><strong>agitanda</strong></span> <span class='ocrx_word' id='word_1_459' title='bbox 1024 3133 1224 3188; x_wconf 78' lang='lat' dir='ltr'><strong>sentio.</strong></span> <span class='ocrx_word' id='word_1_460' title='bbox 1276 3132 1413 3188; x_wconf 87' lang='lat' dir='ltr'><strong>Aliis</strong></span> <span class='ocrx_word' id='word_1_461' title='bbox 1462 3134 1722 3192; x_wconf 88' lang='lat' dir='ltr'><strong>omnibus</strong></span> <span class='ocrx_word' id='word_1_462' title='bbox 1762 3136 2008 3206; x_wconf 87' lang='lat' dir='ltr'><strong>protinus</strong></span> 
     </span>
    </p>
   </div>
   <div class='ocr_carea' id='block_1_60' title="bbox 2118 3130 3624 3207">
    <p class='ocr_par' dir='ltr' id='par_1_60' title="bbox 2118 3130 3624 3207">
     <span class='ocr_line' id='line_1_60' title="bbox 2118 3130 3624 3207; baseline -0.007 -18"><span class='ocrx_word' id='word_1_463' title='bbox 2118 3135 2193 3207; x_wconf 79' lang='grc' dir='ltr'>τῷ</span> <span class='ocrx_word' id='word_1_464' title='bbox 2224 3136 2281 3188; x_wconf 68' lang='grc' dir='ltr'><strong>ἐν</strong></span> <span class='ocrx_word' id='word_1_465' title='bbox 2310 3135 2564 3206; x_wconf 83' lang='grc' dir='ltr'>ἐσχάτοις</span> <span class='ocrx_word' id='word_1_466' title='bbox 2586 3134 2929 3204; x_wconf 75' lang='grc' dir='ltr'><strong>τεταγμένῳ,</strong></span> <span class='ocrx_word' id='word_1_467' title='bbox 2962 3132 3099 3187; x_wconf 79' lang='grc' dir='ltr'>ἀλλὰ</span> <span class='ocrx_word' id='word_1_468' title='bbox 3126 3135 3226 3187; x_wconf 80' lang='grc' dir='ltr'><strong>καὶ</strong></span> <span class='ocrx_word' id='word_1_469' title='bbox 3256 3133 3332 3204; x_wconf 83' lang='grc' dir='ltr'>τῷ</span> <span class='ocrx_word' id='word_1_470' title='bbox 3365 3131 3536 3203; x_wconf 81' lang='grc' dir='ltr'>πρώτῳ</span> <span class='ocrx_word' id='word_1_471' title='bbox 3558 3130 3624 3180; x_wconf 75' lang='lat' dir='ltr'><strong>xei</strong></span> 
     </span>
    </p>
   </div>
   <div class='ocr_carea' id='block_1_61' title="bbox 441 3219 2008 3302">
    <p class='ocr_par' dir='ltr' id='par_1_61' title="bbox 441 3224 2008 3299">
     <span class='ocr_line' id='line_1_61' title="bbox 441 3224 2008 3299; baseline 0 -22"><span class='ocrx_word' id='word_1_472' title='bbox 441 3224 886 3299; x_wconf 65' lang='lat' dir='ltr'><strong>astipulantibus,</strong></span> <span class='ocrx_word' id='word_1_473' title='bbox 929 3232 986 3278; x_wconf 88' lang='lat' dir='ltr'><strong>et</strong></span> <span class='ocrx_word' id='word_1_474' title='bbox 1026 3231 1151 3293; x_wconf 87' lang='lat' dir='ltr'><strong>post</strong></span> <span class='ocrx_word' id='word_1_475' title='bbox 1194 3238 1450 3294; x_wconf 83' lang='lat' dir='ltr'><strong>magnum</strong></span> <span class='ocrx_word' id='word_1_476' title='bbox 1481 3224 1843 3280; x_wconf 89' lang='lat' dir='ltr'><strong>domesticum</strong></span> <span class='ocrx_word' id='word_1_477' title='bbox 1876 3241 2008 3282; x_wconf 89' lang='lat' dir='ltr'><strong>con-</strong></span> 
     </span>
    </p>
   </div>
   <div class='ocr_carea' id='block_1_62' title="bbox 2118 3219 3619 3302">
    <p class='ocr_par' dir='ltr' id='par_1_62' title="bbox 2119 3219 3619 3302">
     <span class='ocr_line' id='line_1_62' title="bbox 2119 3219 3619 3302; baseline -0.01 -17"><span class='ocrx_word' id='word_1_478' title='bbox 2119 3231 2354 3302; x_wconf 86' lang='grc' dir='ltr'>μάλιστα</span> <span class='ocrx_word' id='word_1_479' title='bbox 2396 3229 2681 3301; x_wconf 80' lang='grc' dir='ltr'>ἐξάρχοντι</span> <span class='ocrx_word' id='word_1_480' title='bbox 2710 3227 2804 3282; x_wconf 77' lang='grc' dir='ltr'>τοῦ</span> <span class='ocrx_word' id='word_1_481' title='bbox 2840 3226 3235 3297; x_wconf 77' lang='grc' dir='ltr'>βουλευτηρίου</span> <span class='ocrx_word' id='word_1_482' title='bbox 3259 3224 3469 3278; x_wconf 77' lang='grc' dir='ltr'>τοιαῦτα</span> <span class='ocrx_word' id='word_1_483' title='bbox 3496 3219 3619 3285; x_wconf 74' lang='grc' dir='ltr'>εδοξε,</span> 
     </span>
    </p>
   </div>
   <div class='ocr_carea' id='block_1_63' title="bbox 440 3311 2008 3412">
    <p class='ocr_par' dir='ltr' id='par_1_63' title="bbox 440 3315 2008 3412">
     <span class='ocr_line' id='line_1_63' title="bbox 440 3315 2008 3412; baseline 0.001 -43"><span class='ocrx_word' id='word_1_484' title='bbox 440 3317 784 3412; x_wconf 56' lang='lat' dir='ltr'><strong>surreqtione</strong></span> <span class='ocrx_word' id='word_1_485' title='bbox 818 3315 981 3374; x_wconf 79' lang='lat' dir='ltr'><strong>laeta.</strong></span> <span class='ocrx_word' id='word_1_486' title='bbox 1006 3322 1312 3369; x_wconf 87' lang='lat' dir='ltr'><strong>conventus</strong></span> <span class='ocrx_word' id='word_1_487' title='bbox 1344 3323 1427 3369; x_wconf 93' lang='lat' dir='ltr'><strong>est</strong></span> <span class='ocrx_word' id='word_1_488' title='bbox 1461 3315 1693 3370; x_wconf 83' lang='lat' dir='ltr'><strong>solutus.</strong></span> <span class='ocrx_word' id='word_1_489' title='bbox 1733 3316 2008 3371; x_wconf 71' lang='lat' dir='ltr'><strong>Caeterum</strong></span> 
     </span>
    </p>
   </div>
   <div class='ocr_carea' id='block_1_64' title="bbox 2118 3311 3622 3412">
    <p class='ocr_par' dir='ltr' id='par_1_64' title="bbox 2118 3311 3622 3397">
     <span class='ocr_line' id='line_1_64' title="bbox 2118 3311 3622 3397; baseline -0.008 -23"><span class='ocrx_word' id='word_1_490' title='bbox 2118 3321 2212 3375; x_wconf 78' lang='grc' dir='ltr'><strong>καὶ</strong></span> <span class='ocrx_word' id='word_1_491' title='bbox 2259 3321 2387 3391; x_wconf 80' lang='grc' dir='ltr'>ὑμῖν</span> <span class='ocrx_word' id='word_1_492' title='bbox 2415 3318 2763 3390; x_wconf 78' lang='grc' dir='ltr'>ἐπεψηφίσθη</span> <span class='ocrx_word' id='word_1_493' title='bbox 2806 3334 2870 3386; x_wconf 86' lang='grc' dir='ltr'><strong>γε</strong></span> <span class='ocrx_word' id='word_1_494' title='bbox 2924 3320 3038 3397; x_wconf 74' lang='grc' dir='ltr'>τοῖς</span> <span class='ocrx_word' id='word_1_495' title='bbox 3091 3319 3265 3371; x_wconf 83' lang='grc' dir='ltr'>πᾶσιν</span> <span class='ocrx_word' id='word_1_496' title='bbox 3296 3316 3369 3379; x_wconf 87' lang='grc' dir='ltr'>ὡς</span> <span class='ocrx_word' id='word_1_497' title='bbox 3406 3311 3622 3378; x_wconf 81' lang='grc' dir='ltr'>λυσιτελῆ.</span> 
     </span>
    </p>
   </div>
   <div class='ocr_carea' id='block_1_65' title="bbox 436 3404 2010 3477">
    <p class='ocr_par' dir='ltr' id='par_1_65' title="bbox 436 3404 2010 3477">
     <span class='ocr_line' id='line_1_65' title="bbox 436 3404 2010 3477; baseline 0.001 -17"><span class='ocrx_word' id='word_1_498' title='bbox 436 3411 547 3476; x_wconf 91' lang='lat' dir='ltr'><strong>jam</strong></span> <span class='ocrx_word' id='word_1_499' title='bbox 578 3404 703 3460; x_wconf 83' lang='lat' dir='ltr'><strong>ante</strong></span> <span class='ocrx_word' id='word_1_500' title='bbox 731 3419 963 3461; x_wconf 88' lang='lat' dir='ltr'><strong>cernens</strong></span> <span class='ocrx_word' id='word_1_501' title='bbox 998 3419 1227 3475; x_wconf 86' lang='lat' dir='ltr'><strong>magnus</strong></span> <span class='ocrx_word' id='word_1_502' title='bbox 1254 3404 1614 3470; x_wconf 78' lang='lat' dir='ltr'><strong>domesticus,</strong></span> <span class='ocrx_word' id='word_1_503' title='bbox 1640 3407 2010 3477; x_wconf 83' lang='lat' dir='ltr'><strong>patriarcham</strong></span> 
     </span>
    </p>
   </div>
   <div class='ocr_carea' id='block_1_66' title="bbox 440 3495 2011 3571">
    <p class='ocr_par' dir='ltr' id='par_1_66' title="bbox 440 3495 2011 3571">
     <span class='ocr_line' id='line_1_66' title="bbox 440 3495 2011 3571; baseline -0.002 -14"><span class='ocrx_word' id='word_1_504' title='bbox 440 3499 509 3557; x_wconf 77' lang='lat' dir='ltr'><strong>ad</strong></span> <span class='ocrx_word' id='word_1_505' title='bbox 561 3497 853 3568; x_wconf 85' lang='lat' dir='ltr'><strong>imperium</strong></span> <span class='ocrx_word' id='word_1_506' title='bbox 908 3497 1165 3552; x_wconf 70' lang='lat' dir='ltr'><strong>affectare</strong></span> <span class='ocrx_word' id='word_1_507' title='bbox 1215 3495 1378 3563; x_wconf 83' lang='lat' dir='ltr'><strong>viam,</strong></span> <span class='ocrx_word' id='word_1_508' title='bbox 1427 3506 1483 3551; x_wconf 87' lang='lat' dir='ltr'><strong>et</strong></span> <span class='ocrx_word' id='word_1_509' title='bbox 1515 3510 1772 3553; x_wconf 87' lang='lat' dir='ltr'><strong>conatum</strong></span> <span class='ocrx_word' id='word_1_510' title='bbox 1805 3499 1925 3571; x_wconf 85' lang='lat' dir='ltr'><strong>ejus</strong></span> <span class='ocrx_word' id='word_1_511' title='bbox 1958 3499 2011 3554; x_wconf 89' lang='lat' dir='ltr'><strong>vi</strong></span> 
     </span>
    </p>
   </div>
   <div class='ocr_carea' id='block_1_67' title="bbox 439 3587 2009 3662">
    <p class='ocr_par' dir='ltr' id='par_1_67' title="bbox 439 3587 2009 3662">
     <span class='ocr_line' id='line_1_67' title="bbox 439 3587 2009 3662; baseline 0.001 -18"><span class='ocrx_word' id='word_1_512' title='bbox 439 3591 741 3661; x_wconf 83' lang='lat' dir='ltr'><strong>reprimere</strong></span> <span class='ocrx_word' id='word_1_513' title='bbox 789 3589 983 3647; x_wconf 89' lang='lat' dir='ltr'><strong>nolens</strong></span> <span class='ocrx_word' id='word_1_514' title='bbox 1014 3587 1183 3659; x_wconf 90' lang='lat' dir='ltr'><strong>(haud</strong></span> <span class='ocrx_word' id='word_1_515' title='bbox 1216 3589 1362 3643; x_wconf 90' lang='lat' dir='ltr'><strong>enim</strong></span> <span class='ocrx_word' id='word_1_516' title='bbox 1398 3590 1603 3657; x_wconf 87' lang='lat' dir='ltr'><strong>invitis,</strong></span> <span class='ocrx_word' id='word_1_517' title='bbox 1638 3590 1734 3645; x_wconf 88' lang='lat' dir='ltr'><strong>sed</strong></span> <span class='ocrx_word' id='word_1_518' title='bbox 1768 3591 2009 3662; x_wconf 83' lang='lat' dir='ltr'><strong>cupidis-</strong></span> 
     </span>
    </p>
   </div>
   <div class='ocr_carea' id='block_1_68' title="bbox 337 3679 2011 3750">
    <p class='ocr_par' dir='ltr' id='par_1_68' title="bbox 337 3679 2011 3750">
     <span class='ocr_line' id='line_1_68' title="bbox 337 3679 2011 3750; baseline 0.001 -14"><span class='ocrx_word' id='word_1_519' title='bbox 337 3685 345 3690; x_wconf 87' lang='lat'>&#39;</span> <span class='ocrx_word' id='word_1_520' title='bbox 439 3682 616 3744; x_wconf 88' lang='lat' dir='ltr'><strong>simis,</strong></span> <span class='ocrx_word' id='word_1_521' title='bbox 670 3681 838 3735; x_wconf 84' lang='lat' dir='ltr'><strong>et-de</strong></span> <span class='ocrx_word' id='word_1_522' title='bbox 886 3681 1118 3750; x_wconf 87' lang='lat' dir='ltr'><strong>imperio</strong></span> <span class='ocrx_word' id='word_1_523' title='bbox 1157 3679 1260 3735; x_wconf 85' lang='lat' dir='ltr'><strong>sibi</strong></span> <span class='ocrx_word' id='word_1_524' title='bbox 1298 3682 1502 3749; x_wconf 75' lang='lat' dir='ltr'><strong>gratias</strong></span> <span class='ocrx_word' id='word_1_525' title='bbox 1549 3682 1879 3740; x_wconf 88' lang='lat' dir='ltr'><strong>habentibus</strong></span> <span class='ocrx_word' id='word_1_526' title='bbox 1910 3684 2011 3738; x_wconf 87' lang='lat' dir='ltr'><strong>im-</strong></span> 
     </span>
    </p>
   </div>
   <div class='ocr_carea' id='block_1_69' title="bbox 437 3772 2010 3845">
    <p class='ocr_par' dir='ltr' id='par_1_69' title="bbox 437 3772 2010 3845">
     <span class='ocr_line' id='line_1_69' title="bbox 437 3772 2010 3845; baseline 0.001 -17"><span class='ocrx_word' id='word_1_527' title='bbox 437 3788 634 3843; x_wconf 87' lang='lat' dir='ltr'><strong>perare</strong></span> <span class='ocrx_word' id='word_1_528' title='bbox 688 3772 987 3842; x_wconf 76' lang='lat' dir='ltr'><strong>cupiebat),</strong></span> <span class='ocrx_word' id='word_1_529' title='bbox 1039 3780 1299 3841; x_wconf 61' lang='lat' dir='ltr'><strong>praeterea</strong></span> <span class='ocrx_word' id='word_1_530' title='bbox 1359 3775 1580 3841; x_wconf 89' lang='lat' dir='ltr'><strong>timens,</strong></span> <span class='ocrx_word' id='word_1_531' title='bbox 1632 3791 1697 3830; x_wconf 91' lang='lat' dir='ltr'><strong>ne</strong></span> <span class='ocrx_word' id='word_1_532' title='bbox 1733 3791 1841 3845; x_wconf 93' lang='lat' dir='ltr'><strong>qua</strong></span> <span class='ocrx_word' id='word_1_533' title='bbox 1882 3773 2010 3830; x_wconf 82' lang='lat' dir='ltr'><strong>inde</strong></span> 
     </span>
    </p>
   </div>
   <div class='ocr_carea' id='block_1_70' title="bbox 439 3863 2010 3934">
    <p class='ocr_par' dir='ltr' id='par_1_70' title="bbox 439 3863 2010 3934">
     <span class='ocr_line' id='line_1_70' title="bbox 439 3863 2010 3934; baseline -0.001 -14"><span class='ocrx_word' id='word_1_534' title='bbox 439 3864 756 3931; x_wconf 86' lang='lat' dir='ltr'><strong>seditionis,</strong></span> <span class='ocrx_word' id='word_1_535' title='bbox 813 3864 1052 3934; x_wconf 88' lang='lat' dir='ltr'><strong>bellique</strong></span> <span class='ocrx_word' id='word_1_536' title='bbox 1096 3863 1275 3920; x_wconf 87' lang='lat' dir='ltr'><strong>civilis</strong></span> <span class='ocrx_word' id='word_1_537' title='bbox 1324 3866 1540 3919; x_wconf 87' lang='lat' dir='ltr'><strong>occasio</strong></span> <span class='ocrx_word' id='word_1_538' title='bbox 1581 3873 1926 3931; x_wconf 83' lang='lat' dir='ltr'><strong>nasceretur,</strong></span> <span class='ocrx_word' id='word_1_539' title='bbox 1978 3877 2010 3919; x_wconf 87' lang='lat' dir='ltr'><strong>e</strong></span> 
     </span>
    </p>
   </div>
   <div class='ocr_carea' id='block_1_71' title="bbox 384 3940 2009 4029">
    <p class='ocr_par' dir='ltr' id='par_1_71' title="bbox 384 3940 2009 4029">
     <span class='ocr_line' id='line_1_71' title="bbox 384 3940 2009 4029; baseline -0.001 -18"><span class='ocrx_word' id='word_1_540' title='bbox 384 3952 389 3961; x_wconf 80' lang='grc'><em>’</em></span> <span class='ocrx_word' id='word_1_541' title='bbox 436 3956 640 4029; x_wconf 87' lang='lat' dir='ltr'><strong>quibus</strong></span> <span class='ocrx_word' id='word_1_542' title='bbox 683 3940 980 4011; x_wconf 81' lang='lat' dir='ltr'><strong>verisimile</strong></span> <span class='ocrx_word' id='word_1_543' title='bbox 1014 3964 1134 4025; x_wconf 75' lang='lat' dir='ltr'><strong>erat</strong></span> <span class='ocrx_word' id='word_1_544' title='bbox 1162 3956 1531 4028; x_wconf 87' lang='lat' dir='ltr'><strong>collapsurum</strong></span> <span class='ocrx_word' id='word_1_545' title='bbox 1564 3955 1874 4009; x_wconf 77' lang='lat' dir='ltr'><strong>Romanum</strong></span> <span class='ocrx_word' id='word_1_546' title='bbox 1904 3955 2009 4010; x_wconf 90' lang='lat' dir='ltr'><strong>im-</strong></span> 
     </span>
    </p>
   </div>
   <div class='ocr_carea' id='block_1_72' title="bbox 435 4047 2008 4122">
    <p class='ocr_par' dir='ltr' id='par_1_72' title="bbox 435 4047 2008 4122">
     <span class='ocr_line' id='line_1_72' title="bbox 435 4047 2008 4122; baseline -0.001 -16"><span class='ocrx_word' id='word_1_547' title='bbox 435 4051 691 4122; x_wconf 88' lang='lat' dir='ltr'><strong>perium;</strong></span> <span class='ocrx_word' id='word_1_548' title='bbox 740 4060 795 4104; x_wconf 90' lang='lat' dir='ltr'><strong>et</strong></span> <span class='ocrx_word' id='word_1_549' title='bbox 842 4048 990 4103; x_wconf 87' lang='lat' dir='ltr'><strong>omni</strong></span> <span class='ocrx_word' id='word_1_550' title='bbox 1049 4058 1225 4105; x_wconf 88' lang='lat' dir='ltr'><strong>morte</strong></span> <span class='ocrx_word' id='word_1_551' title='bbox 1281 4048 1605 4104; x_wconf 84' lang='lat' dir='ltr'><strong>horribilius</strong></span> <span class='ocrx_word' id='word_1_552' title='bbox 1671 4047 2008 4115; x_wconf 86' lang='lat' dir='ltr'><strong>arbitratus,</strong></span> 
     </span>
    </p>
   </div>
   <div class='ocr_carea' id='block_1_73' title="bbox 435 4138 2009 4213">
    <p class='ocr_par' dir='ltr' id='par_1_73' title="bbox 435 4138 2009 4213">
     <span class='ocr_line' id='line_1_73' title="bbox 435 4138 2009 4213; baseline -0.004 -12"><span class='ocrx_word' id='word_1_553' title='bbox 435 4146 606 4201; x_wconf 81' lang='lat' dir='ltr'><strong>tantis</strong></span> <span class='ocrx_word' id='word_1_554' title='bbox 648 4141 910 4197; x_wconf 61' lang='lat' dir='ltr'><strong>erumnis</strong></span> <span class='ocrx_word' id='word_1_555' title='bbox 940 4155 1061 4196; x_wconf 83' lang='lat' dir='ltr'><strong>sese</strong></span> <span class='ocrx_word' id='word_1_556' title='bbox 1092 4140 1383 4213; x_wconf 76' lang='lat' dir='ltr'><strong>originem,</strong></span> <span class='ocrx_word' id='word_1_557' title='bbox 1414 4148 1470 4197; x_wconf 90' lang='lat' dir='ltr'><strong>et</strong></span> <span class='ocrx_word' id='word_1_558' title='bbox 1497 4148 1664 4209; x_wconf 88' lang='lat' dir='ltr'><strong>caput</strong></span> <span class='ocrx_word' id='word_1_559' title='bbox 1694 4155 1814 4195; x_wconf 88' lang='lat' dir='ltr'><strong>esse</strong></span> <span class='ocrx_word' id='word_1_560' title='bbox 1840 4138 2009 4210; x_wconf 85' lang='lat' dir='ltr'><strong>(unde</strong></span> 
     </span>
    </p>
   </div>
   <div class='ocr_carea' id='block_1_74' title="bbox 435 4231 2008 4306">
    <p class='ocr_par' dir='ltr' id='par_1_74' title="bbox 435 4231 2008 4306">
     <span class='ocr_line' id='line_1_74' title="bbox 435 4231 2008 4306; baseline -0.005 -12"><span class='ocrx_word' id='word_1_561' title='bbox 435 4236 540 4294; x_wconf 79' lang='lat' dir='ltr'><strong>nec</strong></span> <span class='ocrx_word' id='word_1_562' title='bbox 586 4239 918 4306; x_wconf 82' lang='lat' dir='ltr'><strong>imperatore</strong></span> <span class='ocrx_word' id='word_1_563' title='bbox 962 4234 1146 4287; x_wconf 83' lang='lat' dir='ltr'><strong>adhuc</strong></span> <span class='ocrx_word' id='word_1_564' title='bbox 1175 4231 1495 4302; x_wconf 84' lang='lat' dir='ltr'><strong>superstite.</strong></span> <span class='ocrx_word' id='word_1_565' title='bbox 1533 4231 1785 4300; x_wconf 86' lang='lat' dir='ltr'><strong>quamvis</strong></span> <span class='ocrx_word' id='word_1_566' title='bbox 1820 4231 2008 4286; x_wconf 82' lang='lat' dir='ltr'><strong>multis</strong></span> 
     </span>
    </p>
   </div>
   <div class='ocr_carea' id='block_1_75' title="bbox 436 4321 2006 4399">
    <p class='ocr_par' dir='ltr' id='par_1_75' title="bbox 436 4321 2006 4399">
     <span class='ocr_line' id='line_1_75' title="bbox 436 4321 2006 4399; baseline -0.004 -16"><span class='ocrx_word' id='word_1_567' title='bbox 436 4344 580 4399; x_wconf 68' lang='lat' dir='ltr'><strong>smpc</strong></span> <span class='ocrx_word' id='word_1_568' title='bbox 625 4329 693 4382; x_wconf 88' lang='lat' dir='ltr'><strong>ab</strong></span> <span class='ocrx_word' id='word_1_569' title='bbox 726 4337 805 4380; x_wconf 82' lang='lat' dir='ltr'><strong>eo‘</strong></span> <span class='ocrx_word' id='word_1_570' title='bbox 824 4325 1084 4395; x_wconf 85' lang='lat' dir='ltr'><strong>precibus</strong></span> <span class='ocrx_word' id='word_1_571' title='bbox 1130 4322 1407 4393; x_wconf 81' lang='lat' dir='ltr'><strong>fatigatus,</strong></span> <span class='ocrx_word' id='word_1_572' title='bbox 1435 4336 1734 4391; x_wconf 88' lang='lat' dir='ltr'><strong>purpuram</strong></span> <span class='ocrx_word' id='word_1_573' title='bbox 1774 4321 2006 4377; x_wconf 82' lang='lat' dir='ltr'><strong>induere</strong></span> 
     </span>
    </p>
   </div>
   <div class='ocr_carea' id='block_1_76' title="bbox 436 4413 2007 4488">
    <p class='ocr_par' dir='ltr' id='par_1_76' title="bbox 436 4413 2007 4488">
     <span class='ocr_line' id='line_1_76' title="bbox 436 4413 2007 4488; baseline -0.004 -11"><span class='ocrx_word' id='word_1_574' title='bbox 436 4421 747 4488; x_wconf 78' lang='lat' dir='ltr'><strong>sustinuit),</strong></span> <span class='ocrx_word' id='word_1_575' title='bbox 771 4417 1107 4487; x_wconf 76' lang='lat' dir='ltr'><strong>cogitaverat</strong></span> <span class='ocrx_word' id='word_1_576' title='bbox 1131 4413 1350 4484; x_wconf 88' lang='lat' dir='ltr'><strong>quidem</strong></span> <span class='ocrx_word' id='word_1_577' title='bbox 1382 4415 1536 4483; x_wconf 88' lang='lat' dir='ltr'><strong>prius</strong></span> <span class='ocrx_word' id='word_1_578' title='bbox 1565 4413 1829 4483; x_wconf 88' lang='lat' dir='ltr'><strong>dignitate</strong></span> <span class='ocrx_word' id='word_1_579' title='bbox 1862 4415 2007 4470; x_wconf 90' lang='lat' dir='ltr'><strong>ultro</strong></span> 
     </span>
    </p>
   </div>
   <div class='ocr_carea' id='block_1_77' title="bbox 434 4503 2004 4577">
    <p class='ocr_par' dir='ltr' id='par_1_77' title="bbox 434 4503 2004 4577">
     <span class='ocr_line' id='line_1_77' title="bbox 434 4503 2004 4577; baseline -0.004 -10"><span class='ocrx_word' id='word_1_580' title='bbox 434 4512 611 4574; x_wconf 89' lang='lat' dir='ltr'><strong>abire,</strong></span> <span class='ocrx_word' id='word_1_581' title='bbox 651 4520 707 4563; x_wconf 87' lang='lat' dir='ltr'><strong>et</strong></span> <span class='ocrx_word' id='word_1_582' title='bbox 752 4509 1024 4577; x_wconf 85' lang='lat' dir='ltr'><strong>reliquum</strong></span> <span class='ocrx_word' id='word_1_583' title='bbox 1069 4505 1194 4559; x_wconf 65' lang='lat' dir='ltr'><strong>vitae</strong></span> <span class='ocrx_word' id='word_1_584' title='bbox 1228 4505 1377 4560; x_wconf 88' lang='lat' dir='ltr'><strong>curis</strong></span> <span class='ocrx_word' id='word_1_585' title='bbox 1417 4513 1473 4559; x_wconf 89' lang='lat' dir='ltr'><strong>et</strong></span> <span class='ocrx_word' id='word_1_586' title='bbox 1502 4503 1739 4574; x_wconf 80' lang='lat' dir='ltr'><strong>negotiis</strong></span> <span class='ocrx_word' id='word_1_587' title='bbox 1770 4521 2004 4561; x_wconf 86' lang='lat' dir='ltr'><strong>vacuum</strong></span> 
     </span>
    </p>
   </div>
   <div class='ocr_carea' id='block_1_78' title="bbox 2117 3402 3623 3483">
    <p class='ocr_par' dir='ltr' id='par_1_78' title="bbox 2117 3402 3623 3483">
     <span class='ocr_line' id='line_1_78' title="bbox 2117 3402 3623 3483; baseline -0.007 -17"><span class='ocrx_word' id='word_1_588' title='bbox 2117 3412 2361 3483; x_wconf 80' lang='grc' dir='ltr'>προσῆκε</span> <span class='ocrx_word' id='word_1_589' title='bbox 2416 3411 2664 3482; x_wconf 83' lang='grc' dir='ltr'>στέργειν</span> <span class='ocrx_word' id='word_1_590' title='bbox 2693 3411 2787 3464; x_wconf 74' lang='grc' dir='ltr'>καὶ</span> <span class='ocrx_word' id='word_1_591' title='bbox 2820 3409 3008 3480; x_wconf 74' lang='grc' dir='ltr'>αὐτον.</span> <span class='ocrx_word' id='word_1_592' title='bbox 3045 3408 3143 3463; x_wconf 76' lang='grc' dir='ltr'><strong>καὶ</strong></span> <span class='ocrx_word' id='word_1_593' title='bbox 3181 3408 3479 3480; x_wconf 81' lang='grc' dir='ltr'>περαιτέρω</span> <span class='ocrx_word' id='word_1_594' title='bbox 3504 3402 3623 3456; x_wconf 74' lang='grc' dir='ltr'>πολυ-</span> 
     </span>
    </p>
   </div>
   <div class='ocr_carea' id='block_1_79' title="bbox 2114 3494 3622 3572">
    <p class='ocr_par' dir='ltr' id='par_1_79' title="bbox 2114 3494 3622 3572">
     <span class='ocr_line' id='line_1_79' title="bbox 2114 3494 3622 3572; baseline -0.006 -18"><span class='ocrx_word' id='word_1_595' title='bbox 2114 3504 2457 3572; x_wconf 81' lang='grc' dir='ltr'>πραγμονεῖν</span> <span class='ocrx_word' id='word_1_596' title='bbox 2490 3499 2687 3571; x_wconf 85' lang='grc' dir='ltr'>μηδέν·</span> <span class='ocrx_word' id='word_1_597' title='bbox 2720 3501 2818 3570; x_wconf 85' lang='grc' dir='ltr'><strong>τῆς</strong></span> <span class='ocrx_word' id='word_1_598' title='bbox 2853 3498 3128 3570; x_wconf 79' lang='grc' dir='ltr'>βασιλίδος</span> <span class='ocrx_word' id='word_1_599' title='bbox 3159 3500 3219 3553; x_wconf 80' lang='grc' dir='ltr'>δὲ</span> <span class='ocrx_word' id='word_1_600' title='bbox 3256 3499 3530 3568; x_wconf 74' lang='grc' dir='ltr'>ἐναγούσης</span> <span class='ocrx_word' id='word_1_601' title='bbox 3547 3494 3622 3562; x_wconf 77' lang='grc' dir='ltr'>μά-</span> 
     </span>
    </p>
   </div>
   <div class='ocr_carea' id='block_1_80' title="bbox 2116 3585 3622 3663">
    <p class='ocr_par' dir='ltr' id='par_1_80' title="bbox 2116 3585 3622 3663">
     <span class='ocr_line' id='line_1_80' title="bbox 2116 3585 3622 3663; baseline -0.009 -16"><span class='ocrx_word' id='word_1_602' title='bbox 2116 3594 2295 3658; x_wconf 84' lang='grc' dir='ltr'>λιστα,</span> <span class='ocrx_word' id='word_1_603' title='bbox 2322 3594 2419 3647; x_wconf 77' lang='grc' dir='ltr'><strong>καὶ</strong></span> <span class='ocrx_word' id='word_1_604' title='bbox 2443 3593 2839 3663; x_wconf 80' lang='grc' dir='ltr'>ἐπισπωμένης</span> <span class='ocrx_word' id='word_1_605' title='bbox 2867 3592 3002 3661; x_wconf 75' lang='grc' dir='ltr'>πρὸς</span> <span class='ocrx_word' id='word_1_606' title='bbox 3030 3592 3160 3655; x_wconf 80' lang='grc' dir='ltr'>τοὺς</span> <span class='ocrx_word' id='word_1_607' title='bbox 3189 3592 3402 3661; x_wconf 82' lang='grc' dir='ltr'>λόγους,</span> <span class='ocrx_word' id='word_1_608' title='bbox 3434 3588 3547 3642; x_wconf 61' lang='grc' dir='ltr'>Οὐδὲ</span> <span class='ocrx_word' id='word_1_609' title='bbox 3575 3585 3622 3635; x_wconf 62' lang='grc' dir='ltr'>τὰ</span> 
     </span>
    </p>
   </div>
   <div class='ocr_carea' id='block_1_81' title="bbox 2109 3674 3624 3752">
    <p class='ocr_par' dir='ltr' id='par_1_81' title="bbox 2109 3674 3624 3752">
     <span class='ocr_line' id='line_1_81' title="bbox 2109 3674 3624 3752; baseline -0.007 -12"><span class='ocrx_word' id='word_1_610' title='bbox 2109 3686 2342 3743; x_wconf 75' lang='grc' dir='ltr'>τοιαῦτα</span> <span class='ocrx_word' id='word_1_611' title='bbox 2396 3682 2639 3752; x_wconf 81' lang='grc' dir='ltr'>καίτοιγε</span> <span class='ocrx_word' id='word_1_612' title='bbox 2691 3683 2848 3751; x_wconf 84' lang='grc' dir='ltr'>ὀλίγα</span> <span class='ocrx_word' id='word_1_613' title='bbox 2875 3683 3003 3737; x_wconf 76' lang='grc' dir='ltr'>ὄντα</span> <span class='ocrx_word' id='word_1_614' title='bbox 3048 3682 3196 3736; x_wconf 81' lang='grc' dir='ltr'><strong>ἑκὼν</strong></span> <span class='ocrx_word' id='word_1_615' title='bbox 3246 3679 3383 3737; x_wconf 85' lang='grc' dir='ltr'>εἶναι</span> <span class='ocrx_word' id='word_1_616' title='bbox 3421 3674 3624 3748; x_wconf 72' lang='grc' dir='ltr'>ἐφθεγξά-</span> 
     </span>
    </p>
   </div>
   <div class='ocr_carea' id='block_1_82' title="bbox 2115 3765 3622 3845">
    <p class='ocr_par' dir='ltr' id='par_1_82' title="bbox 2115 3765 3622 3845">
     <span class='ocr_line' id='line_1_82' title="bbox 2115 3765 3622 3845; baseline -0.003 -18"><span class='ocrx_word' id='word_1_617' title='bbox 2115 3792 2245 3845; x_wconf 84' lang='grc' dir='ltr'>μην,</span> <span class='ocrx_word' id='word_1_618' title='bbox 2272 3771 2412 3844; x_wconf 75' lang='grc' dir='ltr'>Πρὸς</span> <span class='ocrx_word' id='word_1_619' title='bbox 2436 3770 2501 3841; x_wconf 82' lang='grc' dir='ltr'>δὴ</span> <span class='ocrx_word' id='word_1_620' title='bbox 2525 3770 2594 3823; x_wconf 72' lang='grc' dir='ltr'>τὰ</span> <span class='ocrx_word' id='word_1_621' title='bbox 2621 3769 2845 3823; x_wconf 82' lang='grc' dir='ltr'>τοιαῦτα</span> <span class='ocrx_word' id='word_1_622' title='bbox 2873 3766 3034 3836; x_wconf 77' lang='grc' dir='ltr'>εὐθὺς</span> <span class='ocrx_word' id='word_1_623' title='bbox 3065 3773 3094 3824; x_wconf 80' lang='grc' dir='ltr'><strong>ὁ</strong></span> <span class='ocrx_word' id='word_1_624' title='bbox 3127 3773 3470 3843; x_wconf 83' lang='grc' dir='ltr'>πατριάρχης</span> <span class='ocrx_word' id='word_1_625' title='bbox 3492 3765 3622 3823; x_wconf 64' lang='grc' dir='ltr'>αἰτίας</span> 
     </span>
    </p>
   </div>
   <div class='ocr_carea' id='block_1_83' title="bbox 2109 3853 3622 3931">
    <p class='ocr_par' dir='ltr' id='par_1_83' title="bbox 2109 3853 3622 3931">
     <span class='ocr_line' id='line_1_83' title="bbox 2109 3853 3622 3931; baseline -0.001 -15"><span class='ocrx_word' id='word_1_626' title='bbox 2109 3860 2361 3916; x_wconf 76' lang='grc' dir='ltr'>ἀπολύων</span> <span class='ocrx_word' id='word_1_627' title='bbox 2402 3858 2784 3924; x_wconf 76' lang='grc' dir='ltr'>ἐαυτὸν,’Δλλ’</span> <span class='ocrx_word' id='word_1_628' title='bbox 2819 3859 2949 3928; x_wconf 87' lang='grc' dir='ltr'>ἐγὼ,</span> <span class='ocrx_word' id='word_1_629' title='bbox 2984 3857 3127 3927; x_wconf 84' lang='grc' dir='ltr'>είπε,</span> <span class='ocrx_word' id='word_1_630' title='bbox 3159 3862 3380 3931; x_wconf 81' lang='grc' dir='ltr'>πρῶτος</span> <span class='ocrx_word' id='word_1_631' title='bbox 3408 3863 3488 3914; x_wconf 61' lang='grc' dir='ltr'>καλ</span> <span class='ocrx_word' id='word_1_632' title='bbox 3505 3853 3622 3914; x_wconf 67' lang='grc' dir='ltr'>αὐτὸς</span> 
     </span>
    </p>
   </div>
   <div class='ocr_carea' id='block_1_84' title="bbox 2116 3948 3619 4024">
    <p class='ocr_par' dir='ltr' id='par_1_84' title="bbox 2116 3948 3619 4024">
     <span class='ocr_line' id='line_1_84' title="bbox 2116 3948 3619 4024; baseline -0.001 -18"><span class='ocrx_word' id='word_1_633' title='bbox 2116 3952 2285 4023; x_wconf 84' lang='grc' dir='ltr'>μηδὲν</span> <span class='ocrx_word' id='word_1_634' title='bbox 2303 3948 2443 4005; x_wconf 77' lang='grc' dir='ltr'>εἶναι</span> <span class='ocrx_word' id='word_1_635' title='bbox 2474 3952 2609 4022; x_wconf 75' lang='grc' dir='ltr'>πρὸς</span> <span class='ocrx_word' id='word_1_636' title='bbox 2627 3952 2696 4005; x_wconf 85' lang='grc' dir='ltr'><strong>τά</strong></span> <span class='ocrx_word' id='word_1_637' title='bbox 2716 3951 3028 4022; x_wconf 77' lang='grc' dir='ltr'>ζητούμενα</span> <span class='ocrx_word' id='word_1_638' title='bbox 3064 3950 3166 4021; x_wconf 81' lang='grc' dir='ltr'>τὴν</span> <span class='ocrx_word' id='word_1_639' title='bbox 3188 3952 3389 4024; x_wconf 78' lang='grc' dir='ltr'>βουλὴν</span> <span class='ocrx_word' id='word_1_640' title='bbox 3411 3949 3619 4023; x_wconf 75' lang='grc' dir='ltr'>ὁμολογῶ.</span> 
     </span>
    </p>
   </div>
   <div class='ocr_carea' id='block_1_85' title="bbox 2112 4044 3621 4120">
    <p class='ocr_par' dir='ltr' id='par_1_85' title="bbox 2112 4044 3621 4120">
     <span class='ocr_line' id='line_1_85' title="bbox 2112 4044 3621 4120; baseline -0.003 -20"><span class='ocrx_word' id='word_1_641' title='bbox 2112 4047 2187 4100; x_wconf 85' lang='grc' dir='ltr'><strong>Οὐ</strong></span> <span class='ocrx_word' id='word_1_642' title='bbox 2222 4047 2330 4115; x_wconf 85' lang='grc' dir='ltr'>γὰρ</span> <span class='ocrx_word' id='word_1_643' title='bbox 2370 4045 2706 4115; x_wconf 74' lang='grc' dir='ltr'>’Δλεξάνδρῳ</span> <span class='ocrx_word' id='word_1_644' title='bbox 2742 4049 2870 4116; x_wconf 72' lang='grc' dir='ltr'>περὶ</span> <span class='ocrx_word' id='word_1_645' title='bbox 2909 4048 3149 4113; x_wconf 78' lang='grc' dir='ltr'>εὐλόγων</span> <span class='ocrx_word' id='word_1_646' title='bbox 3188 4050 3291 4103; x_wconf 78' lang='grc' dir='ltr'><strong>καὶ</strong></span> <span class='ocrx_word' id='word_1_647' title='bbox 3322 4050 3394 4120; x_wconf 75' lang='grc' dir='ltr'>μὴ</span> <span class='ocrx_word' id='word_1_648' title='bbox 3426 4044 3621 4109; x_wconf 73' lang='grc' dir='ltr'>τοιούτων</span> 
     </span>
    </p>
   </div>
   <div class='ocr_carea' id='block_1_86' title="bbox 2110 4137 3619 4212">
    <p class='ocr_par' dir='ltr' id='par_1_86' title="bbox 2110 4137 3619 4212">
     <span class='ocr_line' id='line_1_86' title="bbox 2110 4137 3619 4212; baseline -0.002 -20"><span class='ocrx_word' id='word_1_649' title='bbox 2110 4138 2460 4209; x_wconf 85' lang='grc' dir='ltr'>ἀποκρίσεων</span> <span class='ocrx_word' id='word_1_650' title='bbox 2486 4138 2747 4209; x_wconf 75' lang='grc' dir='ltr'>μελήσειν</span> <span class='ocrx_word' id='word_1_651' title='bbox 2771 4153 2785 4169; x_wconf 89' lang='grc'><strong>·</strong></span> <span class='ocrx_word' id='word_1_652' title='bbox 2827 4140 2944 4193; x_wconf 81' lang='grc' dir='ltr'>ἀλλ’</span> <span class='ocrx_word' id='word_1_653' title='bbox 2976 4142 3124 4205; x_wconf 83' lang='grc' dir='ltr'>ὅπως</span> <span class='ocrx_word' id='word_1_654' title='bbox 3149 4140 3177 4196; x_wconf 78' lang='grc' dir='ltr'><strong>ὃ</strong></span> <span class='ocrx_word' id='word_1_655' title='bbox 3220 4141 3478 4212; x_wconf 81' lang='grc' dir='ltr'>προύθετο</span> <span class='ocrx_word' id='word_1_656' title='bbox 3504 4137 3619 4203; x_wconf 74' lang='grc' dir='ltr'>ἔξαρ-</span> 
     </span>
    </p>
   </div>
   <div class='ocr_carea' id='block_1_87' title="bbox 2109 4224 3620 4305">
    <p class='ocr_par' dir='ltr' id='par_1_87' title="bbox 2109 4224 3620 4305">
     <span class='ocr_line' id='line_1_87' title="bbox 2109 4224 3620 4305; baseline -0.001 -21"><span class='ocrx_word' id='word_1_657' title='bbox 2109 4230 2211 4301; x_wconf 81' lang='grc' dir='ltr'>χῆς</span> <span class='ocrx_word' id='word_1_658' title='bbox 2238 4230 2318 4293; x_wconf 89' lang='grc' dir='ltr'>εἰς</span> <span class='ocrx_word' id='word_1_659' title='bbox 2359 4230 2532 4300; x_wconf 83' lang='grc' dir='ltr'>πέρας</span> <span class='ocrx_word' id='word_1_660' title='bbox 2569 4232 2618 4283; x_wconf 86' lang='grc' dir='ltr'><strong>εί</strong></span> <span class='ocrx_word' id='word_1_661' title='bbox 2649 4230 2871 4285; x_wconf 85' lang='grc' dir='ltr'>δύναιτο</span> <span class='ocrx_word' id='word_1_662' title='bbox 2927 4233 3113 4304; x_wconf 83' lang='grc' dir='ltr'>ἀγάγῃ</span> <span class='ocrx_word' id='word_1_663' title='bbox 3143 4248 3159 4264; x_wconf 77' lang='grc' dir='ltr'><strong>ο</strong></span> <span class='ocrx_word' id='word_1_664' title='bbox 3191 4228 3258 4289; x_wconf 79' lang='grc' dir='ltr'>οὗ</span> <span class='ocrx_word' id='word_1_665' title='bbox 3299 4234 3363 4305; x_wconf 77' lang='grc' dir='ltr'>δὴ</span> <span class='ocrx_word' id='word_1_666' title='bbox 3396 4234 3535 4286; x_wconf 78' lang='grc' dir='ltr'>ἕνεκα</span> <span class='ocrx_word' id='word_1_667' title='bbox 3554 4224 3620 4279; x_wconf 72' lang='grc' dir='ltr'><strong>καὶ</strong></span> 
     </span>
    </p>
   </div>
   <div class='ocr_carea' id='block_1_88' title="bbox 2111 4319 3620 4395">
    <p class='ocr_par' dir='ltr' id='par_1_88' title="bbox 2111 4319 3620 4395">
     <span class='ocr_line' id='line_1_88' title="bbox 2111 4319 3620 4395; baseline -0.003 -22"><span class='ocrx_word' id='word_1_668' title='bbox 2111 4319 2274 4383; x_wconf 79' lang='grc' dir='ltr'>αὐτὸς</span> <span class='ocrx_word' id='word_1_669' title='bbox 2299 4319 2362 4373; x_wconf 87' lang='grc' dir='ltr'><strong>ού</strong></span> <span class='ocrx_word' id='word_1_670' title='bbox 2405 4319 2543 4390; x_wconf 78' lang='grc' dir='ltr'>πρὸς</span> <span class='ocrx_word' id='word_1_671' title='bbox 2586 4320 2800 4388; x_wconf 86' lang='grc' dir='ltr'>λόγους,</span> <span class='ocrx_word' id='word_1_672' title='bbox 2838 4321 2972 4376; x_wconf 78' lang='grc' dir='ltr'><strong>ἀλλά</strong></span> <span class='ocrx_word' id='word_1_673' title='bbox 3009 4324 3146 4395; x_wconf 85' lang='grc' dir='ltr'>πρὸς</span> <span class='ocrx_word' id='word_1_674' title='bbox 3177 4325 3359 4379; x_wconf 84' lang='grc' dir='ltr'>ἐκεῖνο</span> <span class='ocrx_word' id='word_1_675' title='bbox 3387 4323 3513 4393; x_wconf 75' lang='grc' dir='ltr'>φημὶ</span> <span class='ocrx_word' id='word_1_676' title='bbox 3534 4320 3620 4390; x_wconf 78' lang='grc' dir='ltr'>βου-</span> 
     </span>
    </p>
   </div>
   <div class='ocr_carea' id='block_1_89' title="bbox 2109 4403 3621 4476">
    <p class='ocr_par' dir='ltr' id='par_1_89' title="bbox 2109 4403 3621 4476">
     <span class='ocr_line' id='line_1_89' title="bbox 2109 4403 3621 4476; baseline -0.004 -13"><span class='ocrx_word' id='word_1_677' title='bbox 2109 4410 2329 4464; x_wconf 82' lang='grc' dir='ltr'>λευτέον</span> <span class='ocrx_word' id='word_1_678' title='bbox 2378 4405 2558 4464; x_wconf 76' lang='grc' dir='ltr'>εἶναι’</span> <span class='ocrx_word' id='word_1_679' title='bbox 2621 4413 2691 4463; x_wconf 82' lang='grc' dir='ltr'>τὰ</span> <span class='ocrx_word' id='word_1_680' title='bbox 2755 4410 2845 4464; x_wconf 81' lang='grc' dir='ltr'><strong>ίσα</strong></span> <span class='ocrx_word' id='word_1_681' title='bbox 2886 4410 2943 4464; x_wconf 81' lang='grc' dir='ltr'><strong>δέ</strong></span> <span class='ocrx_word' id='word_1_682' title='bbox 3003 4412 3165 4476; x_wconf 83' lang='grc' dir='ltr'>εὐθὺς</span> <span class='ocrx_word' id='word_1_683' title='bbox 3221 4414 3318 4467; x_wconf 74' lang='grc' dir='ltr'><strong>καὶ</strong></span> <span class='ocrx_word' id='word_1_684' title='bbox 3345 4412 3445 4466; x_wconf 79' lang='grc' dir='ltr'><strong>τῶν</strong></span> <span class='ocrx_word' id='word_1_685' title='bbox 3471 4403 3621 4463; x_wconf 72' lang='grc' dir='ltr'>λοιπῶν</span> 
     </span>
    </p>
   </div>
   <div class='ocr_carea' id='block_1_90' title="bbox 2110 4503 3619 4576">
    <p class='ocr_par' dir='ltr' id='par_1_90' title="bbox 2110 4503 3619 4576">
     <span class='ocr_line' id='line_1_90' title="bbox 2110 4503 3619 4576; baseline -0.005 -18"><span class='ocrx_word' id='word_1_686' title='bbox 2110 4503 2605 4575; x_wconf 75' lang='grc' dir='ltr'>ἐπιψηφισαμένων</span> <span class='ocrx_word' id='word_1_687' title='bbox 2651 4505 2895 4571; x_wconf 85' lang='grc' dir='ltr'>πάντων,</span> <span class='ocrx_word' id='word_1_688' title='bbox 2924 4504 3049 4557; x_wconf 81' lang='grc' dir='ltr'>ἐπεὶ</span> <span class='ocrx_word' id='word_1_689' title='bbox 3077 4504 3105 4556; x_wconf 80' lang='grc' dir='ltr'><strong>ὁ</strong></span> <span class='ocrx_word' id='word_1_690' title='bbox 3150 4505 3329 4576; x_wconf 77' lang='grc' dir='ltr'>μέγας</span> <span class='ocrx_word' id='word_1_691' title='bbox 3364 4503 3619 4575; x_wconf 76' lang='grc' dir='ltr'>δομέστικος</span> 
     </span>
    </p>
   </div>
   <div class='ocr_carea' id='block_1_91' title="bbox 434 4592 2008 4673">
    <p class='ocr_par' dir='ltr' id='par_1_91' title="bbox 434 4595 2003 4669">
     <span class='ocr_line' id='line_1_91' title="bbox 434 4595 2003 4669; baseline -0.003 -12"><span class='ocrx_word' id='word_1_692' title='bbox 434 4604 754 4664; x_wconf 87' lang='lat' dir='ltr'><strong>decurrere,</strong></span> <span class='ocrx_word' id='word_1_693' title='bbox 794 4598 963 4669; x_wconf 89' lang='lat' dir='ltr'><strong>quod,</strong></span> <span class='ocrx_word' id='word_1_694' title='bbox 1003 4606 1064 4652; x_wconf 86' lang='lat' dir='ltr'><strong>ut</strong></span> <span class='ocrx_word' id='word_1_695' title='bbox 1098 4596 1262 4652; x_wconf 90' lang='lat' dir='ltr'><strong>modo</strong></span> <span class='ocrx_word' id='word_1_696' title='bbox 1289 4595 1627 4663; x_wconf 82' lang='lat' dir='ltr'><strong>dicebamus,</strong></span> <span class='ocrx_word' id='word_1_697' title='bbox 1669 4595 1888 4667; x_wconf 88' lang='lat' dir='ltr'><strong>quidvis</strong></span> <span class='ocrx_word' id='word_1_698' title='bbox 1919 4607 2003 4652; x_wconf 85' lang='lat' dir='ltr'><strong>to-</strong></span> 
     </span>
    </p>
   </div>
   <div class='ocr_carea' id='block_1_92' title="bbox 2118 4592 3619 4673">
    <p class='ocr_par' dir='ltr' id='par_1_92' title="bbox 2118 4592 3619 4673">
     <span class='ocr_line' id='line_1_92' title="bbox 2118 4592 3619 4673; baseline -0.001 -24"><span class='ocrx_word' id='word_1_699' title='bbox 2118 4595 2336 4665; x_wconf 73' lang='grc' dir='ltr'>ἀνέστη,</span> <span class='ocrx_word' id='word_1_700' title='bbox 2366 4596 2463 4650; x_wconf 74' lang='grc' dir='ltr'><strong>καὶ</strong></span> <span class='ocrx_word' id='word_1_701' title='bbox 2500 4597 2551 4649; x_wconf 82' lang='lat' dir='ltr'><strong>oi</strong></span> <span class='ocrx_word' id='word_1_702' title='bbox 2572 4595 2722 4651; x_wconf 80' lang='grc' dir='ltr'>ἄλλοι</span> <span class='ocrx_word' id='word_1_703' title='bbox 2756 4597 3182 4669; x_wconf 79' lang='grc' dir='ltr'>συνανέστησαν,</span> <span class='ocrx_word' id='word_1_704' title='bbox 3226 4600 3323 4673; x_wconf 67' lang='grc' dir='ltr'><strong>καὶ</strong></span> <span class='ocrx_word' id='word_1_705' title='bbox 3356 4600 3382 4651; x_wconf 78' lang='grc' dir='ltr'><strong>ὁ</strong></span> <span class='ocrx_word' id='word_1_706' title='bbox 3422 4592 3619 4658; x_wconf 72' lang='grc' dir='ltr'>σύλλογος</span> 
     </span>
    </p>
   </div>
   <div class='ocr_carea' id='block_1_93' title="bbox 431 4688 2001 4761">
    <p class='ocr_par' dir='ltr' id='par_1_93' title="bbox 431 4688 2001 4761">
     <span class='ocr_line' id='line_1_93' title="bbox 431 4688 2001 4761; baseline -0.003 -12"><span class='ocrx_word' id='word_1_707' title='bbox 431 4694 717 4751; x_wconf 77' lang='lat' dir='ltr'><strong>lerabilius</strong></span> <span class='ocrx_word' id='word_1_708' title='bbox 743 4691 991 4757; x_wconf 87' lang='lat' dir='ltr'><strong>duceret,</strong></span> <span class='ocrx_word' id='word_1_709' title='bbox 1021 4705 1185 4761; x_wconf 89' lang='lat' dir='ltr'><strong>quam</strong></span> <span class='ocrx_word' id='word_1_710' title='bbox 1210 4688 1473 4744; x_wconf 78' lang='lat' dir='ltr'><strong>Romanis</strong></span> <span class='ocrx_word' id='word_1_711' title='bbox 1506 4704 1535 4743; x_wconf 91' lang='lat' dir='ltr'><strong>a</strong></span> <span class='ocrx_word' id='word_1_712' title='bbox 1557 4703 1616 4744; x_wconf 92' lang='lat' dir='ltr'><strong>se</strong></span> <span class='ocrx_word' id='word_1_713' title='bbox 1645 4699 1853 4759; x_wconf 90' lang='lat' dir='ltr'><strong>pestem</strong></span> <span class='ocrx_word' id='word_1_714' title='bbox 1876 4704 2001 4745; x_wconf 79' lang='lat' dir='ltr'><strong>eve-</strong></span> 
     </span>
    </p>
   </div>
   <div class='ocr_carea' id='block_1_94' title="bbox 432 4780 2008 4857">
    <p class='ocr_par' dir='ltr' id='par_1_94' title="bbox 432 4780 2008 4857">
     <span class='ocr_line' id='line_1_94' title="bbox 432 4780 2008 4857; baseline -0.003 -16"><span class='ocrx_word' id='word_1_715' title='bbox 432 4788 579 4843; x_wconf 86' lang='lat' dir='ltr'><strong>nire.</strong></span> <span class='ocrx_word' id='word_1_716' title='bbox 628 4783 831 4857; x_wconf 74' lang='lat' dir='ltr'><strong>Verum</strong></span> <span class='ocrx_word' id='word_1_717' title='bbox 872 4794 933 4837; x_wconf 87' lang='lat' dir='ltr'><strong>ut</strong></span> <span class='ocrx_word' id='word_1_718' title='bbox 987 4780 1300 4837; x_wconf 80' lang='lat' dir='ltr'><strong>Cltumnum</strong></span> <span class='ocrx_word' id='word_1_719' title='bbox 1349 4781 1406 4835; x_wconf 91' lang='lat' dir='ltr'><strong>in</strong></span> <span class='ocrx_word' id='word_1_720' title='bbox 1464 4794 1729 4835; x_wconf 81' lang='lat' dir='ltr'><strong>consessu</strong></span> <span class='ocrx_word' id='word_1_721' title='bbox 1775 4780 2008 4851; x_wconf 73' lang='lat' dir='ltr'><strong>Superbe</strong></span> 
     </span>
    </p>
   </div>
   <div class='ocr_carea' id='block_1_95' title="bbox 433 4860 2008 4947">
    <p class='ocr_par' dir='ltr' id='par_1_95' title="bbox 433 4860 2008 4947">
     <span class='ocr_line' id='line_1_95' title="bbox 433 4860 2008 4947; baseline -0.003 -15"><span class='ocrx_word' id='word_1_722' title='bbox 433 4888 491 4934; x_wconf 82' lang='lat' dir='ltr'><strong>et</strong></span> <span class='ocrx_word' id='word_1_723' title='bbox 540 4860 895 4947; x_wconf 76' lang='lat' dir='ltr'><strong>impudenter</strong></span> <span class='ocrx_word' id='word_1_724' title='bbox 933 4887 991 4930; x_wconf 82' lang='lat' dir='ltr'><strong>se</strong></span> <span class='ocrx_word' id='word_1_725' title='bbox 1024 4870 1483 4943; x_wconf 75' lang='lat' dir='ltr'><strong>perstr‘ingentem</strong></span> <span class='ocrx_word' id='word_1_726' title='bbox 1518 4871 1607 4943; x_wconf 88' lang='lat' dir='ltr'><strong>(ad</strong></span> <span class='ocrx_word' id='word_1_727' title='bbox 1643 4887 1702 4927; x_wconf 90' lang='lat' dir='ltr'><strong>se</strong></span> <span class='ocrx_word' id='word_1_728' title='bbox 1737 4874 1884 4926; x_wconf 85' lang='lat' dir='ltr'><strong>enim</strong></span> <span class='ocrx_word' id='word_1_729' title='bbox 1912 4887 2008 4943; x_wconf 86' lang='lat' dir='ltr'><strong>po-</strong></span> 
     </span>
    </p>
   </div>
   <div class='ocr_carea' id='block_1_96' title="bbox 434 4961 2001 5036">
    <p class='ocr_par' dir='ltr' id='par_1_96' title="bbox 434 4961 2001 5036">
     <span class='ocr_line' id='line_1_96' title="bbox 434 4961 2001 5036; baseline -0.004 -13"><span class='ocrx_word' id='word_1_730' title='bbox 434 4970 708 5025; x_wconf 71' lang='lat' dir='ltr'><strong>tissimum</strong></span> <span class='ocrx_word' id='word_1_731' title='bbox 777 4966 897 5036; x_wconf 83' lang='lat' dir='ltr'><strong>ejus</strong></span> <span class='ocrx_word' id='word_1_732' title='bbox 955 4961 1310 5018; x_wconf 86' lang='lat' dir='ltr'><strong>maledictum</strong></span> <span class='ocrx_word' id='word_1_733' title='bbox 1367 4962 1644 5032; x_wconf 89' lang='lat' dir='ltr'><strong>pertinere</strong></span> <span class='ocrx_word' id='word_1_734' title='bbox 1702 4964 2001 5030; x_wconf 84' lang='lat' dir='ltr'><strong>censebat,</strong></span> 
     </span>
    </p>
   </div>
   <div class='ocr_carea' id='block_1_97' title="bbox 392 5053 2005 5125">
    <p class='ocr_par' dir='ltr' id='par_1_97' title="bbox 392 5053 2005 5125">
     <span class='ocr_line' id='line_1_97' title="bbox 392 5053 2005 5125; baseline -0.003 -12"><span class='ocrx_word' id='word_1_735' title='bbox 392 5110 395 5113; x_wconf 89' lang='lat'><strong>.</strong></span> <span class='ocrx_word' id='word_1_736' title='bbox 433 5063 678 5116; x_wconf 87' lang='lat' dir='ltr'><strong>omnium</strong></span> <span class='ocrx_word' id='word_1_737' title='bbox 728 5067 859 5113; x_wconf 92' lang='lat' dir='ltr'><strong>tunc</strong></span> <span class='ocrx_word' id='word_1_738' title='bbox 891 5056 1264 5111; x_wconf 78' lang='lat' dir='ltr'><strong>Romanorum</strong></span> <span class='ocrx_word' id='word_1_739' title='bbox 1292 5066 1348 5110; x_wconf 90' lang='lat' dir='ltr'><strong>et</strong></span> <span class='ocrx_word' id='word_1_740' title='bbox 1380 5053 1661 5125; x_wconf 85' lang='lat' dir='ltr'><strong>opinione,</strong></span> <span class='ocrx_word' id='word_1_741' title='bbox 1691 5062 1748 5109; x_wconf 91' lang='lat' dir='ltr'><strong>et</strong></span> <span class='ocrx_word' id='word_1_742' title='bbox 1777 5070 1832 5110; x_wconf 90' lang='lat' dir='ltr'><strong>re</strong></span> <span class='ocrx_word' id='word_1_743' title='bbox 1864 5069 2005 5123; x_wconf 79' lang='lat' dir='ltr'><strong>pra:-</strong></span> 
     </span>
    </p>
   </div>
   <div class='ocr_carea' id='block_1_98' title="bbox 434 5134 2001 5222">
    <p class='ocr_par' dir='ltr' id='par_1_98' title="bbox 434 5134 2001 5222">
     <span class='ocr_line' id='line_1_98' title="bbox 434 5134 2001 5222; baseline -0.004 -17"><span class='ocrx_word' id='word_1_744' title='bbox 434 5134 707 5222; x_wconf 63' lang='lat' dir='ltr'><strong>cipuuni),</strong></span> <span class='ocrx_word' id='word_1_745' title='bbox 735 5148 918 5204; x_wconf 90' lang='lat' dir='ltr'><strong>nullus</strong></span> <span class='ocrx_word' id='word_1_746' title='bbox 940 5148 1007 5203; x_wconf 91' lang='lat' dir='ltr'><strong>de</strong></span> <span class='ocrx_word' id='word_1_747' title='bbox 1027 5146 1409 5217; x_wconf 90' lang='lat' dir='ltr'><strong>intempestiva</strong></span> <span class='ocrx_word' id='word_1_748' title='bbox 1432 5147 1686 5202; x_wconf 87' lang='lat' dir='ltr'><strong>libertate</strong></span> <span class='ocrx_word' id='word_1_749' title='bbox 1705 5146 2001 5216; x_wconf 90' lang='lat' dir='ltr'><strong>increpuit,</strong></span> 
     </span>
    </p>
   </div>
   <div class='ocr_carea' id='block_1_99' title="bbox 436 5228 2003 5311">
    <p class='ocr_par' dir='ltr' id='par_1_99' title="bbox 436 5228 2003 5311">
     <span class='ocr_line' id='line_1_99' title="bbox 436 5228 2003 5311; baseline -0.004 -14"><span class='ocrx_word' id='word_1_750' title='bbox 436 5253 535 5300; x_wconf 89' lang='lat' dir='ltr'><strong>aut</strong></span> <span class='ocrx_word' id='word_1_751' title='bbox 582 5241 881 5307; x_wconf 85' lang='lat' dir='ltr'><strong>accusavit,</strong></span> <span class='ocrx_word' id='word_1_752' title='bbox 922 5239 1028 5294; x_wconf 89' lang='lat' dir='ltr'><strong>hoc</strong></span> <span class='ocrx_word' id='word_1_753' title='bbox 1078 5228 1259 5311; x_wconf 72' lang='lat' dir='ltr'><strong>ipsdm</strong></span> <span class='ocrx_word' id='word_1_754' title='bbox 1304 5237 1483 5293; x_wconf 86' lang='lat' dir='ltr'><strong>civilis</strong></span> <span class='ocrx_word' id='word_1_755' title='bbox 1511 5237 1807 5292; x_wconf 80' lang='lat' dir='ltr'><strong>seditionis</strong></span> <span class='ocrx_word' id='word_1_756' title='bbox 1839 5252 2003 5292; x_wconf 80' lang='lat' dir='ltr'><strong>exor-</strong></span> 
     </span>
    </p>
   </div>
   <div class='ocr_carea' id='block_1_100' title="bbox 437 5330 2003 5401">
    <p class='ocr_par' dir='ltr' id='par_1_100' title="bbox 437 5330 2003 5401">
     <span class='ocr_line' id='line_1_100' title="bbox 437 5330 2003 5401; baseline -0.005 -10"><span class='ocrx_word' id='word_1_757' title='bbox 437 5337 589 5391; x_wconf 89' lang='lat' dir='ltr'><strong>dium</strong></span> <span class='ocrx_word' id='word_1_758' title='bbox 639 5334 755 5390; x_wconf 78' lang='lat' dir='ltr'><strong>lore</strong></span> <span class='ocrx_word' id='word_1_759' title='bbox 796 5342 969 5398; x_wconf 88' lang='lat' dir='ltr'><strong>ratus,</strong></span> <span class='ocrx_word' id='word_1_760' title='bbox 1016 5330 1181 5387; x_wconf 86' lang='lat' dir='ltr'><strong>citius</strong></span> <span class='ocrx_word' id='word_1_761' title='bbox 1226 5346 1389 5401; x_wconf 87' lang='lat' dir='ltr'><strong>quam</strong></span> <span class='ocrx_word' id='word_1_762' title='bbox 1454 5330 1689 5392; x_wconf 86' lang='lat' dir='ltr'><strong>volebat,</strong></span> <span class='ocrx_word' id='word_1_763' title='bbox 1732 5337 2003 5400; x_wconf 86' lang='lat' dir='ltr'><strong>potestate</strong></span> 
     </span>
    </p>
   </div>
   <div class='ocr_carea' id='block_1_101' title="bbox 433 5424 1466 5494">
    <p class='ocr_par' dir='ltr' id='par_1_101' title="bbox 433 5424 1466 5494">
     <span class='ocr_line' id='line_1_101' title="bbox 433 5424 1466 5494; baseline -0.01 -8"><span class='ocrx_word' id='word_1_764' title='bbox 433 5444 494 5486; x_wconf 88' lang='lat' dir='ltr'><strong>se</strong></span> <span class='ocrx_word' id='word_1_765' title='bbox 525 5426 810 5484; x_wconf 85' lang='lat' dir='ltr'><strong>abdicandi</strong></span> <span class='ocrx_word' id='word_1_766' title='bbox 845 5424 1119 5482; x_wconf 89' lang='lat' dir='ltr'><strong>desiderio</strong></span> <span class='ocrx_word' id='word_1_767' title='bbox 1144 5433 1336 5494; x_wconf 87' lang='lat' dir='ltr'><strong>captus</strong></span> <span class='ocrx_word' id='word_1_768' title='bbox 1364 5433 1466 5477; x_wconf 86' lang='lat' dir='ltr'><strong>est.</strong></span> 
     </span>
    </p>
   </div>
   <div class='ocr_carea' id='block_1_102' title="bbox 2102 5222 3617 5312">
    <p class='ocr_par' dir='ltr' id='par_1_102' title="bbox 2102 5222 3617 5312">
     <span class='ocr_line' id='line_1_102' title="bbox 2102 5222 3617 5312; baseline 0.003 -20"><span class='ocrx_word' id='word_1_769' title='bbox 2102 5222 2295 5292; x_wconf 72' lang='grc' dir='ltr'>τούτου</span> <span class='ocrx_word' id='word_1_770' title='bbox 2332 5241 2576 5303; x_wconf 78' lang='grc' dir='ltr'>στάσεως</span> <span class='ocrx_word' id='word_1_771' title='bbox 2608 5240 2852 5312; x_wconf 82' lang='grc' dir='ltr'>ἀναφυῇ,</span> <span class='ocrx_word' id='word_1_772' title='bbox 2893 5242 3258 5312; x_wconf 73' lang='grc' dir='ltr'>καὶπολέμου</span> <span class='ocrx_word' id='word_1_773' title='bbox 3296 5240 3554 5311; x_wconf 70' lang='grc' dir='ltr'>ἐμφυλίων</span> <span class='ocrx_word' id='word_1_774' title='bbox 3578 5228 3617 5291; x_wconf 58' lang='grc' dir='ltr'>ἐξ</span> 
     </span>
    </p>
   </div>
   <div class='ocr_carea' id='block_1_103' title="bbox 2108 4683 3621 4761">
    <p class='ocr_par' dir='ltr' id='par_1_103' title="bbox 2108 4683 3621 4761">
     <span class='ocr_line' id='line_1_103' title="bbox 2108 4683 3621 4761; baseline -0.001 -21"><span class='ocrx_word' id='word_1_775' title='bbox 2108 4686 2352 4759; x_wconf 83' lang='grc' dir='ltr'>διελύθη.</span> <span class='ocrx_word' id='word_1_776' title='bbox 2388 4687 2560 4757; x_wconf 86' lang='grc' dir='ltr'>Ὁρῶν</span> <span class='ocrx_word' id='word_1_777' title='bbox 2591 4687 2651 4749; x_wconf 65' lang='grc' dir='ltr'>δὲ</span> <span class='ocrx_word' id='word_1_778' title='bbox 2685 4689 2780 4741; x_wconf 72' lang='grc' dir='ltr'><strong>καὶ</strong></span> <span class='ocrx_word' id='word_1_779' title='bbox 2825 4688 3091 4759; x_wconf 86' lang='grc' dir='ltr'>πρότερον</span> <span class='ocrx_word' id='word_1_780' title='bbox 3114 4690 3406 4761; x_wconf 80' lang='grc' dir='ltr'>ἐφιέμενον</span> <span class='ocrx_word' id='word_1_781' title='bbox 3443 4689 3467 4740; x_wconf 80' lang='grc' dir='ltr'><em>ὁ</em></span> <span class='ocrx_word' id='word_1_782' title='bbox 3494 4683 3621 4753; x_wconf 69' lang='grc' dir='ltr'>μέγας</span> 
     </span>
    </p>
   </div>
   <div class='ocr_carea' id='block_1_104' title="bbox 2109 4772 3621 4851">
    <p class='ocr_par' dir='ltr' id='par_1_104' title="bbox 2109 4772 3621 4851">
     <span class='ocr_line' id='line_1_104' title="bbox 2109 4772 3621 4851; baseline -0.002 -21"><span class='ocrx_word' id='word_1_783' title='bbox 2109 4777 2430 4847; x_wconf 83' lang='grc' dir='ltr'>δομέστικος</span> <span class='ocrx_word' id='word_1_784' title='bbox 2450 4778 2542 4833; x_wconf 80' lang='grc' dir='ltr'>τὸν</span> <span class='ocrx_word' id='word_1_785' title='bbox 2575 4779 2924 4851; x_wconf 81' lang='grc' dir='ltr'>πατριάρχην</span> <span class='ocrx_word' id='word_1_786' title='bbox 2947 4780 3044 4851; x_wconf 78' lang='grc' dir='ltr'>τῆς</span> <span class='ocrx_word' id='word_1_787' title='bbox 3081 4782 3262 4851; x_wconf 81' lang='grc' dir='ltr'>ἀρχῆς</span> <span class='ocrx_word' id='word_1_788' title='bbox 3293 4781 3398 4835; x_wconf 85' lang='grc' dir='ltr'>τῶν</span> <span class='ocrx_word' id='word_1_789' title='bbox 3419 4772 3621 4849; x_wconf 63' lang='lat' dir='ltr'><strong>sponti-</strong></span> 
     </span>
    </p>
   </div>
   <div class='ocr_carea' id='block_1_105' title="bbox 2108 4857 3621 4945">
    <p class='ocr_par' dir='ltr' id='par_1_105' title="bbox 2108 4857 3621 4945">
     <span class='ocr_line' id='line_1_105' title="bbox 2108 4857 3621 4945; baseline -0.002 -24"><span class='ocrx_word' id='word_1_790' title='bbox 2108 4886 2237 4935; x_wconf 87' lang='grc' dir='ltr'>των,</span> <span class='ocrx_word' id='word_1_791' title='bbox 2299 4870 2395 4922; x_wconf 71' lang='grc' dir='ltr'>καὶ</span> <span class='ocrx_word' id='word_1_792' title='bbox 2457 4857 2597 4941; x_wconf 72' lang='grc' dir='ltr'>μήτε</span> <span class='ocrx_word' id='word_1_793' title='bbox 2654 4870 2745 4943; x_wconf 77' lang='grc' dir='ltr'><strong>βίᾳ</strong></span> <span class='ocrx_word' id='word_1_794' title='bbox 2791 4871 3118 4942; x_wconf 77' lang='grc' dir='ltr'>βουλόμενος</span> <span class='ocrx_word' id='word_1_795' title='bbox 3179 4873 3285 4945; x_wconf 80' lang='grc' dir='ltr'>τὴν</span> <span class='ocrx_word' id='word_1_796' title='bbox 3336 4869 3621 4940; x_wconf 75' lang='grc' dir='ltr'>ἐπιχείρησιν</span> 
     </span>
    </p>
   </div>
   <div class='ocr_carea' id='block_1_106' title="bbox 2108 4951 3622 5035">
    <p class='ocr_par' dir='ltr' id='par_1_106' title="bbox 2108 4951 3622 5035">
     <span class='ocr_line' id='line_1_106' title="bbox 2108 4951 3622 5035; baseline -0.003 -20"><span class='ocrx_word' id='word_1_797' title='bbox 2108 4961 2329 5033; x_wconf 76' lang='grc' dir='ltr'>ἐπέχειν</span> <span class='ocrx_word' id='word_1_798' title='bbox 2386 4963 2470 5032; x_wconf 83' lang='grc' dir='ltr'>(οὐ</span> <span class='ocrx_word' id='word_1_799' title='bbox 2527 4962 2635 5032; x_wconf 86' lang='grc' dir='ltr'><strong>γάρ</strong></span> <span class='ocrx_word' id='word_1_800' title='bbox 2675 4963 2938 5033; x_wconf 68' lang='grc' dir='ltr'>ἠϐούλετο</span> <span class='ocrx_word' id='word_1_801' title='bbox 2980 4965 3251 5019; x_wconf 83' lang='grc' dir='ltr'>ἀκουσίων</span> <span class='ocrx_word' id='word_1_802' title='bbox 3296 4965 3492 5035; x_wconf 47' lang='lat' dir='ltr'><strong>iam,</strong></span> <span class='ocrx_word' id='word_1_803' title='bbox 3521 4951 3622 5011; x_wconf 68' lang='grc' dir='ltr'><strong>ἀλλά</strong></span> 
     </span>
    </p>
   </div>
   <div class='ocr_carea' id='block_1_107' title="bbox 2108 5047 3621 5127">
    <p class='ocr_par' dir='ltr' id='par_1_107' title="bbox 2108 5047 3621 5127">
     <span class='ocr_line' id='line_1_107' title="bbox 2108 5047 3621 5127; baseline -0.001 -20"><span class='ocrx_word' id='word_1_804' title='bbox 2108 5053 2244 5107; x_wconf 80' lang='grc' dir='ltr'>πολὺ</span> <span class='ocrx_word' id='word_1_805' title='bbox 2284 5053 2521 5124; x_wconf 86' lang='grc' dir='ltr'>μάλιστα</span> <span class='ocrx_word' id='word_1_806' title='bbox 2578 5053 2947 5126; x_wconf 83' lang='grc' dir='ltr'>βουλομένων,</span> <span class='ocrx_word' id='word_1_807' title='bbox 2982 5056 3076 5111; x_wconf 81' lang='grc' dir='ltr'><strong>καὶ</strong></span> <span class='ocrx_word' id='word_1_808' title='bbox 3119 5058 3284 5127; x_wconf 82' lang='grc' dir='ltr'>χάριν</span> <span class='ocrx_word' id='word_1_809' title='bbox 3334 5056 3527 5109; x_wconf 75' lang='grc' dir='ltr'>εἰδότων</span> <span class='ocrx_word' id='word_1_810' title='bbox 3549 5047 3621 5112; x_wconf 69' lang='grc' dir='ltr'>τῆς</span> 
     </span>
    </p>
   </div>
   <div class='ocr_carea' id='block_1_108' title="bbox 2105 5141 3620 5227">
    <p class='ocr_par' dir='ltr' id='par_1_108' title="bbox 2105 5141 3620 5227">
     <span class='ocr_line' id='line_1_108' title="bbox 2105 5141 3620 5227; baseline -0.02 -10"><span class='ocrx_word' id='word_1_811' title='bbox 2105 5145 2328 5227; x_wconf 66' lang='grc' dir='ltr'><strong>ἀρχῆςγ</strong></span> <span class='ocrx_word' id='word_1_812' title='bbox 2365 5146 2540 5207; x_wconf 72' lang='grc' dir='ltr'><strong>ἄιλλως</strong></span> <span class='ocrx_word' id='word_1_813' title='bbox 2562 5162 2622 5198; x_wconf 85' lang='grc' dir='ltr'><strong>τε</strong></span> <span class='ocrx_word' id='word_1_814' title='bbox 2662 5147 2758 5201; x_wconf 81' lang='grc' dir='ltr'>καὶ</span> <span class='ocrx_word' id='word_1_815' title='bbox 2791 5142 3039 5225; x_wconf 81' lang='grc' dir='ltr'>δεδοικὼς</span> <span class='ocrx_word' id='word_1_816' title='bbox 3079 5150 3153 5220; x_wconf 84' lang='grc' dir='ltr'><strong>μὴ</strong></span> <span class='ocrx_word' id='word_1_817' title='bbox 3194 5153 3288 5201; x_wconf 73' lang='grc' dir='ltr'>καὶ</span> <span class='ocrx_word' id='word_1_818' title='bbox 3318 5148 3557 5216; x_wconf 69' lang='grc' dir='ltr'>πρόφασις</span> <span class='ocrx_word' id='word_1_819' title='bbox 3576 5141 3620 5188; x_wconf 80' lang='grc' dir='ltr'><strong>ἐκ</strong></span> 
     </span>
    </p>
   </div>
   <div class='ocr_carea' id='block_1_109' title="bbox 3601 5228 3617 5261">
    <p class='ocr_par' dir='ltr' id='par_1_109' title="bbox 3601 5228 3617 5261">
     <span class='ocr_line' id='line_1_109' title="bbox 3601 5228 3617 5261; baseline 0 0"><span class='ocrx_word' id='word_1_820' title='bbox 3601 5228 3617 5261; x_wconf 72' lang='grc' dir='ltr'><strong>ε</strong></span> 
     </span>
    </p>
   </div>
   <div class='ocr_carea' id='block_1_110' title="bbox 2106 5324 3618 5406">
    <p class='ocr_par' dir='ltr' id='par_1_110' title="bbox 2106 5324 3618 5406">
     <span class='ocr_line' id='line_1_110' title="bbox 2106 5324 3618 5406; baseline -0.011 -9"><span class='ocrx_word' id='word_1_821' title='bbox 2106 5324 2180 5386; x_wconf 72' lang='grc' dir='ltr'>ὧν</span> <span class='ocrx_word' id='word_1_822' title='bbox 2206 5330 2281 5394; x_wconf 82' lang='grc' dir='ltr'><strong>ὡς</strong></span> <span class='ocrx_word' id='word_1_823' title='bbox 2306 5331 2452 5395; x_wconf 67' lang='grc' dir='ltr'>εἰκὸς</span> <span class='ocrx_word' id='word_1_824' title='bbox 2474 5331 2991 5403; x_wconf 81' lang='grc' dir='ltr'>διαφθαρησομένην</span> <span class='ocrx_word' id='word_1_825' title='bbox 3012 5335 3260 5406; x_wconf 85' lang='grc' dir='ltr'>συνεώρα</span> <span class='ocrx_word' id='word_1_826' title='bbox 3278 5333 3376 5403; x_wconf 77' lang='grc' dir='ltr'>τὴν</span> <span class='ocrx_word' id='word_1_827' title='bbox 3394 5324 3618 5395; x_wconf 58' lang='grc' dir='ltr'>Ῥωμαίων</span> 
     </span>
    </p>
   </div>
   <div class='ocr_carea' id='block_1_111' title="bbox 2109 5411 3619 5494">
    <p class='ocr_par' dir='ltr' id='par_1_111' title="bbox 2109 5411 3619 5494">
     <span class='ocr_line' id='line_1_111' title="bbox 2109 5411 3619 5494; baseline -0.007 -18"><span class='ocrx_word' id='word_1_828' title='bbox 2109 5424 2409 5494; x_wconf 83' lang='grc' dir='ltr'>ἠγεμονίαν</span> <span class='ocrx_word' id='word_1_829' title='bbox 2428 5437 2444 5453; x_wconf 73' lang='grc' dir='ltr'><strong>ο</strong></span> <span class='ocrx_word' id='word_1_830' title='bbox 2479 5422 2571 5476; x_wconf 76' lang='grc' dir='ltr'>καὶ</span> <span class='ocrx_word' id='word_1_831' title='bbox 2592 5411 2792 5485; x_wconf 53' lang='lat' dir='ltr'><strong>navie;</strong></span> <span class='ocrx_word' id='word_1_832' title='bbox 2819 5424 3063 5493; x_wconf 79' lang='grc' dir='ltr'>οίὸμενος</span> <span class='ocrx_word' id='word_1_833' title='bbox 3091 5424 3322 5479; x_wconf 79' lang='grc' dir='ltr'>θανάτου</span> <span class='ocrx_word' id='word_1_834' title='bbox 3351 5418 3619 5488; x_wconf 77' lang='grc' dir='ltr'>ἐπαχθέστεο</span> 
     </span>
    </p>
   </div>
   <div class='ocr_carea' id='block_1_112' title="bbox 440 5500 3619 5592">
    <p class='ocr_par' dir='ltr' id='par_1_112' title="bbox 440 5500 3619 5592">
     <span class='ocr_line' id='line_1_112' title="bbox 440 5500 3619 5592; baseline -0.005 -16"><span class='ocrx_word' id='word_1_835' title='bbox 440 5538 532 5592; x_wconf 88' lang='grc' dir='ltr'><strong>ρον</strong></span> <span class='ocrx_word' id='word_1_836' title='bbox 560 5520 659 5592; x_wconf 80' lang='grc' dir='ltr'>τὴν</span> <span class='ocrx_word' id='word_1_837' title='bbox 689 5519 886 5592; x_wconf 49' lang='grc' dir='ltr'>,αἰτίαν</span> <span class='ocrx_word' id='word_1_838' title='bbox 923 5518 1033 5573; x_wconf 81' lang='grc' dir='ltr'><strong>τῶν</strong></span> <span class='ocrx_word' id='word_1_839' title='bbox 1083 5516 1276 5570; x_wconf 83' lang='grc' dir='ltr'>δεινῶν</span> <span class='ocrx_word' id='word_1_840' title='bbox 1335 5516 1640 5586; x_wconf 80' lang='grc' dir='ltr'>παρασχεῖν</span> <span class='ocrx_word' id='word_1_841' title='bbox 1704 5512 1871 5577; x_wconf 80' lang='grc' dir='ltr'>αὐτὸς</span> <span class='ocrx_word' id='word_1_842' title='bbox 1904 5513 2003 5586; x_wconf 85' lang='grc' dir='ltr'><strong>(διδ</strong></span> <span class='ocrx_word' id='word_1_843' title='bbox 2036 5512 2156 5567; x_wconf 84' lang='grc' dir='ltr'><strong>ούδέ</strong></span> <span class='ocrx_word' id='word_1_844' title='bbox 2221 5513 2486 5585; x_wconf 69' lang='grc' dir='ltr'>βασιλέως</span> <span class='ocrx_word' id='word_1_845' title='bbox 2550 5512 2633 5566; x_wconf 83' lang='grc' dir='ltr'><strong>έτι</strong></span> <span class='ocrx_word' id='word_1_846' title='bbox 2701 5513 3003 5583; x_wconf 84' lang='grc' dir='ltr'>περιόντος,</span> <span class='ocrx_word' id='word_1_847' title='bbox 3037 5514 3133 5568; x_wconf 83' lang='grc' dir='ltr'>καί</span> <span class='ocrx_word' id='word_1_848' title='bbox 3164 5530 3245 5568; x_wconf 88' lang='grc' dir='ltr'><strong>τοι</strong></span> <span class='ocrx_word' id='word_1_849' title='bbox 3281 5511 3447 5567; x_wconf 77' lang='grc' dir='ltr'>πολλὰ</span> <span class='ocrx_word' id='word_1_850' title='bbox 3470 5500 3619 5559; x_wconf 55' lang='lat' dir='ltr'><strong>mliti&quot;</strong></span> 
     </span>
    </p>
   </div>
   <div class='ocr_carea' id='block_1_113' title="bbox 1662 5666 2397 5730">
    <p class='ocr_par' dir='ltr' id='par_1_113' title="bbox 1662 5666 2397 5730">
     <span class='ocr_line' id='line_1_113' title="bbox 1662 5666 2397 5730; baseline 0.004 -5"><span class='ocrx_word' id='word_1_851' title='bbox 1662 5666 1878 5730; x_wconf 82' lang='lat' dir='ltr'><strong>Jacobi</strong></span> <span class='ocrx_word' id='word_1_852' title='bbox 1911 5666 2173 5729; x_wconf 82' lang='lat' dir='ltr'><strong>Pontani</strong></span> <span class='ocrx_word' id='word_1_853' title='bbox 2210 5674 2397 5728; x_wconf 80' lang='lat' dir='ltr'><strong>notae.</strong></span> 
     </span>
    </p>
   </div>
   <div class='ocr_carea' id='block_1_114' title="bbox 500 5813 3615 5898">
    <p class='ocr_par' dir='ltr' id='par_1_114' title="bbox 500 5813 3615 5898">
     <span class='ocr_line' id='line_1_114' title="bbox 500 5813 3615 5898; baseline -0.003 -26"><span class='ocrx_word' id='word_1_854' title='bbox 500 5816 610 5887; x_wconf 73' lang='lat'><strong>(92)</strong></span> <span class='ocrx_word' id='word_1_855' title='bbox 652 5816 790 5870; x_wconf 89' lang='lat' dir='ltr'><strong>Dicit</strong></span> <span class='ocrx_word' id='word_1_856' title='bbox 834 5816 938 5898; x_wconf 88' lang='lat' dir='ltr'><strong>hoc</strong></span> <span class='ocrx_word' id='word_1_857' title='bbox 979 5815 1205 5898; x_wconf 70' lang='lat' dir='ltr'><strong>quilibet</strong></span> <span class='ocrx_word' id='word_1_858' title='bbox 1215 5823 1489 5898; x_wconf 59' lang='lat' dir='ltr'><strong>tyrannus</strong></span> <span class='ocrx_word' id='word_1_859' title='bbox 1519 5824 1575 5877; x_wconf 72' lang='lat' dir='ltr'><strong>et</strong></span> <span class='ocrx_word' id='word_1_860' title='bbox 1619 5816 1904 5898; x_wconf 68' lang='lat' dir='ltr'><strong>barbarus,</strong></span> <span class='ocrx_word' id='word_1_861' title='bbox 1935 5828 1989 5872; x_wconf 87' lang='lat' dir='ltr'><strong>et</strong></span> <span class='ocrx_word' id='word_1_862' title='bbox 2099 5819 2333 5898; x_wconf 56' lang='lat' dir='ltr'><strong>humana</strong></span> <span class='ocrx_word' id='word_1_863' title='bbox 2360 5818 2481 5888; x_wconf 85' lang='lat' dir='ltr'><strong>jura</strong></span> <span class='ocrx_word' id='word_1_864' title='bbox 2515 5829 2859 5898; x_wconf 75' lang='lat' dir='ltr'><strong>pervertere._</strong></span> <span class='ocrx_word' id='word_1_865' title='bbox 2875 5819 2988 5873; x_wconf 83' lang='lat' dir='ltr'><strong>Non</strong></span> <span class='ocrx_word' id='word_1_866' title='bbox 3020 5820 3212 5875; x_wconf 90' lang='lat' dir='ltr'><strong>inscite</strong></span> <span class='ocrx_word' id='word_1_867' title='bbox 3233 5813 3615 5898; x_wconf 35' lang='lat' dir='ltr'><strong>effictaAlexg-tu-</strong></span> 
     </span>
    </p>
   </div>
   <div class='ocr_carea' id='block_1_115' title="bbox 433 5884 3611 5964">
    <p class='ocr_par' dir='ltr' id='par_1_115' title="bbox 433 5884 3611 5964">
     <span class='ocr_line' id='line_1_115' title="bbox 433 5884 3611 5964; baseline -0.001 -17"><span class='ocrx_word' id='word_1_868' title='bbox 433 5884 788 5963; x_wconf 76' lang='lat' dir='ltr'><strong>tyrannorum</strong></span> <span class='ocrx_word' id='word_1_869' title='bbox 823 5896 938 5954; x_wconf 85' lang='lat' dir='ltr'><strong>est,</strong></span> <span class='ocrx_word' id='word_1_870' title='bbox 968 5886 1230 5960; x_wconf 82' lang='lat' dir='ltr'><strong>regnandi</strong></span> <span class='ocrx_word' id='word_1_871' title='bbox 1252 5884 1441 5959; x_wconf 59' lang='lat' dir='ltr'><strong>‘gratia</strong></span> <span class='ocrx_word' id='word_1_872' title='bbox 1487 5886 1668 5942; x_wconf 79' lang='lat' dir='ltr'><strong>omuia</strong></span> <span class='ocrx_word' id='word_1_873' title='bbox 1702 5886 1885 5942; x_wconf 76' lang='lat' dir='ltr'><strong>divina</strong></span> <span class='ocrx_word' id='word_1_874' title='bbox 1926 5898 1981 5943; x_wconf 81' lang='lat' dir='ltr'><strong>et</strong></span> <span class='ocrx_word' id='word_1_875' title='bbox 2088 5890 2170 5943; x_wconf 89' lang='lat' dir='ltr'><strong>dri</strong></span> <span class='ocrx_word' id='word_1_876' title='bbox 2194 5884 2370 5964; x_wconf 64' lang='lat' dir='ltr'><strong>hujus</strong></span> <span class='ocrx_word' id='word_1_877' title='bbox 2394 5884 2695 5958; x_wconf 71' lang='grc' dir='ltr'>τεδμὺειείο,</span> <span class='ocrx_word' id='word_1_878' title='bbox 2723 5894 3032 5962; x_wconf 72' lang='lat' dir='ltr'><strong>aequitatem</strong></span> <span class='ocrx_word' id='word_1_879' title='bbox 3065 5906 3165 5962; x_wconf 91' lang='lat' dir='ltr'><strong>pro</strong></span> <span class='ocrx_word' id='word_1_880' title='bbox 3193 5890 3362 5946; x_wconf 79' lang='lat' dir='ltr'><strong>nihilo</strong></span> <span class='ocrx_word' id='word_1_881' title='bbox 3390 5884 3611 5942; x_wconf 70' lang='grc' dir='ltr'>αυυειιιίε·</span> 
     </span>
    </p>
   </div>
  </div>
