3794 6562
296 528 303 535 _
393 425 494 509 7t?)

1575 444 1912 506 JOANNIS-
1952 445 2477 508 CANTACUZENI
3227 499 3237 524 _.
3499 450 3575 515 ὀρ

394 563 580 625 refert,
618 576 738 631 qua:
785 575 813 614 a
845 575 1040 630 magno
1076 559 1380 615 domestico
1411 558 1706 628 acceperit,
1741 560 1965 628 etjussa

2077 559 2122 612 δέ
2147 576 2267 613 τινα
2301 563 2390 613 καὶ
2452 561 2584 615 ἄλλα
2619 560 2764 629 ἔχειν
2789 559 3066 630 ἁνέκφορκ
3117 561 3177 613 ἐν
3213 563 3276 631 τῇ
3315 564 3466 636 ψυχῇ.
3499 570 3578 620 Λὺο

395 653 576 708 edicit.
607 652 736 718 Qua:
769 661 874 706 tam
903 651 1228 720 insperatos,
1255 660 1310 705 et
1335 650 1731 718 inexspectatus
1754 663 1966 705 sermo-

395 759 493 798 nes
538 745 764 799 auribus
796 733 1056 798 hauriens
1087 743 1468 806 contristatur,
1499 751 1555 796 et
1586 740 1651 794 ad
1685 749 1966 810 stuporem

393 837 646 902 tuiratur,
699 836 827 906 quid
867 850 993 890 eum
1026 835 1092 890 ad
1132 836 1246 891 hmo
1281 835 1592 906 cogitanda,
1626 845 1682 890 et
1711 833 1820 888 sibi
1845 834 1964 888 clo-

393 925 611 998 queuda
661 925 980 996 perpulerit.
1028 925 1233 980 Tamen
1281 933 1340 979 ut
1373 939 1430 979 se
1460 924 1698 994 collegit,
1725 924 1774 978 ei
1803 923 1965 979 vicis-

393 1020 495 1074 sim
545 1017 784 1072 nuntiari
825 1017 984 1087 jubet
1016 1017 1166 1070 nulla
1212 1016 1424 1072 ratione
1457 1015 1573 1069 haec
1603 1016 1778 1084 ipsum
1814 1015 1964 1084 loqui

395 1109 615 1172 decere,
655 1123 837 1178 neque
863 1107 983 1178 ejus
1024 1107 1265 1176 ingenio,
1301 1121 1480 1176 neque
1511 1121 1698 1161 amore
1723 1107 1968 1176 illo,quo

397 1215 455 1256 se
491 1201 606 1269 ipse
637 1209 692 1255 et
729 1201 1026 1268 imperator
1059 1206 1252 1252 mutuo
1283 1197 1596 1262 dilexerint,
1631 1211 1905 1268 quemque
1937 1212 1968 1252 a

395 1291 634 1360 pueritia
667 1305 841 1360 usque
867 1290 933 1344 ad
964 1290 1068 1346 hoc
1098 1301 1312 1359 tempus
1355 1305 1555 1360 purum
1584 1289 1970 1353 sincerumque

396 1382 798 1445 conservarint,
832 1381 995 1452 digna
1022 1395 1163 1436 esse.
1196 1380 1464 1445 Quocirca
1487 1395 1546 1435 se
1564 1378 1790 1433 credere
1807 1377 1970 1431 etiam

399 1493 510 1532 non
559 1491 742 1546 posse,
797 1489 922 1530 eum
957 1485 1180 1546 propter
1211 1473 1489 1529 hominem
1525 1473 1738 1527 fatuum
1772 1487 1838 1528 eo
1865 1473 1973 1526 ira-

294 1628 298 1638 .
387 1569 614 1624 cundia:
645 1566 1098 1639 aegritudinisque
1126 1568 1483 1638 processisse.
1543 1566 1752 1621 Deinde
1783 1581 1842 1620 se
1872 1579 1973 1620 nec

399 1661 622 1714 audisse
669 1657 800 1728 quid
853 1657 1102 1725 diceret;
1153 1673 1253 1712 nec
1305 1661 1350 1712 si
1399 1659 1593 1713 audire
1635 1657 1968 1728 contigisset,

400 1763 584 1818 operae
617 1747 855 1816 pretium
888 1760 1182 1801 censuram
1216 1743 1384 1801 fuisse
1417 1745 1696 1802 hominem
1719 1745 1971 1810 multare,

343 1849 353 1861 '
401 1838 622 1908 quando
667 1837 897 1907 ipsemet
944 1851 1053 1890 non
1097 1835 1368 1902 minorem
1422 1851 1585 1905 quam
1622 1836 1761 1906 ipsa,
1791 1845 1846 1890 et
1876 1821 1971 1904 pu-

2069 649 2194 701 τξκοι
2226 649 2324 718 μὲν
2348 647 2442 704 οὖν
2476 651 2504 702 ὁ
2535 652 2878 721 πατριάρχης
2907 653 3073 704 ἐποίει
3105 652 3173 705 τὰ
3208 654 3578 722 κεκελευσμένα,

2072 740 2166 792 καὶ
2193 743 2259 811 τῇ
2297 741 2532 811 βασιλίδι
2587 744 2924 812 ἀπήγγειλεν
2952 745 3053 796 ὅσα
3095 747 3122 797 δ
3169 744 3340 814 μέγας
3375 747 3582 816 δομέστι-

2071 847 2166 894 κος
2199 831 2335 901 πρὸς
2363 831 2528 886 αὐτὸν
2577 833 2906 904 διαλεχθείη.
2971 835 3037 887 Ἦ
3072 835 3127 888 δὲ
3162 835 3371 898 ἐλπίδος
3399 855 3451 890 τε
3485 839 3584 904 ἔξω,

2072 923 2167 976 καὶ
2205 924 2346 995 πέρα
2393 924 2723 1001 προσδοκίας
2773 925 2968 993 λόγους
2999 928 3118 988 ταῖς
3168 927 3356 990 ἀκοαῖς
3395 929 3588 996 εἰσδεξα-

2066 1006 2458 1084 ’μένη.-ὴνιᾶτο
2493 1016 2594 1084 μὲν
2641 1015 2735 1069 ἐπὶ
2779 1017 2897 1077 τοῖς
2945 1017 3266 1088 λεγομένοις
3289 1059 3304 1082 ,
3339 1021 3588 1090 ἐξεπέπλη-

2073 1118 2170 1154 κτο
2201 1101 2280 1168 δὲ,
2313 1101 2362 1165 ὅ,
2397 1119 2448 1154 τι
2485 1101 2546 1154 τὸ
2579 1101 2672 1156 τὸν
2714 1103 2891 1172 μέγαν
2923 1104 3247 1182 δομέστικον
3305 1107 3478 1160 πεῖσαν
3502 1125 3590 1162 τοι·

2070 1192 2214 1247 αὖτά
2241 1210 2300 1246 τε
2333 1193 2710 1264 ἐνθυμηθῆναι
2739 1194 2836 1248 καὶ
2866 1197 3004 1264 πρῦς
3035 1195 3206 1266 αὐτὴν
3243 1197 3444 1248 εἰπεῖν·
3472 1198 3590 1266 ὅμως

2073 1285 2270 1356 ἑαυτὴν
2312 1285 2685 1353 ἀναλαϐοῦσα,
2720 1287 3062 1358 ἀντεμήνυεν
3117 1289 3289 1359 αὐτῷ,
3325 1289 3394 1360 μὴ
3424 1291 3590 1343 παντά-

2073 1395 2240 1432 πασιν
2278 1379 2427 1448 αὑτῷ
2471 1381 2772 1450 προσήκειν
2805 1383 2936 1444 τοὺς
2969 1369 3250 1444 τοιούτους
3283 1384 3477 1449 λόγους,
3500 1383 3592 1435 aiis

2071 1471 2171 1540 τῆς
2200 1469 2364 1523 αὐτοῦ
2396 1470 2637 1534 διανοίας
2688 1471 2875 1536 ἀξίους
2957 1467 3096 1554 εῖναι
3132 1488 3146 1504 ⁸
3199 1473 3318 1526 οὐδὲ
3373 1475 3460 1542 τῆς
3489 1473 3596 1541 api;

2075 1561 2300 1632 βασιλέα
2352 1563 2536 1630 φιλίας
2581 1564 2652 1635 ἢν
2680 1567 2744 1618 ὲκ
2785 1565 2994 1618 παίδων
3039 1565 3202 1635 ἄχρι,
3257 1565 3348 1618 καὶ
3395 1568 3466 1626 εἰς
3503 1567 3595 1618 τοδε

2073 1655 2264 1725 χρόνου
2295 1655 2547 1726 ἀλλήλοις
2593 1657 2961 1728 διετηρήσατε
3011 1658 3202 1712 ἄδολον
3245 1657 3338 1712 καὶ
3374 1658 3593 1728 καθαράν.

2074 1746 2164 1798 Διὸ
2189 1745 2313 1799 οὐδὲ
2355 1745 2640 1804 πείθεσθαι
2669 1741 2757 1802 οἷά
2791 1765 2851 1802 τε
2904 1751 3018 1818 εἰμὶ
3045 1749 3120 1811 ὡς
3159 1747 3595 1818 παραφρονοῦντος

2077 1837 2240 1891 ἕνεκα
2268 1837 2558 1908 ἀνθρώπου
2615 1839 2898 1911 προήχίίης
2935 1843 3015 1903 είς
3064 1840 3319 1894 τοσοῦτον
3350 1842 3440 1894 καὶ
3463 1838 3596 1908 ὀργῆς

401 1929 589 1983 niendi
617 1943 646 1982 a
675 1927 877 1996 quibus
909 1926 1159 1982 oil'ensus
1183 1927 1275 1989 sit,
1303 1935 1359 1982 et
1381 1925 1718 1996 ignoscendi,
1751 1925 1794 1979 si
1821 1927 1971 1985 velit.

2081 1928 2171 1982 καὶ
2199 1927 2396 1996 λύπης.
2441 1927 2582 1997 Ἐγὼ
2623 1929 2678 1982 δὲ
2713 1910 2860 2000 μήτί
2890 1931 3193 2000 ἀκηκοέναι
3235 1931 3328 2006 τοῦ
3359 1928 3596 2006 ἄνθρωπον

403 2020 790 2076 auctoritatem
842 2019 1062 2074 habeat.
1101 2019 1468 2086 Quamobrem
1503 2017 1546 2072 si
1577 2025 1805 2088 propter
1839 2017 1972 2071 illud

401 2114 634 2169 verbum
675 2113 942 2167 duntaxat
968 2111 1368 2183 indignaretur,
1401 2125 1430 2166 a
1458 2109 1751 2179 semetipso
1779 2110 1971 2178 magis,

402 2219 566 2274 quam
605 2203 671 2259 ab
707 2203 797 2258 illa
832 2218 1022 2273 poenas
1049 2219 1266 2259 sumere
1297 2204 1612 2259 convenire.
1649 2204 1702 2258 Si
1731 2219 1841 2272 quo
1866 2203 1974 2257 alio

401 2295 508 2351 sibi
561 2311 722 2368 opus.
742 2295 834 2359 sit,
863 2293 1009 2364 quod
1045 2294 1162 2364 ipsa
1196 2310 1368 2364 usque
1399 2309 1545 2349 nunc
1580 2294 1816 2365 ignoret,
1849 2309 1973 2348 cum

403 2385 602 2441 ﬁducia
633 2386 842 2456 aperiat
876 2403 888 2438 :
929 2383 1064 2437 nihil
1097 2383 1246 2451 lore,
1280 2385 1332 2437 in
1369 2399 1478 2454 quo
1507 2384 1628 2453 ejus
1653 2384 1835 2437 animo
1865 2399 1972 2436 non

399 2479 640 2535 libenter
689 2476 1065 2549 gratiﬁcatura
1118 2476 1212 2534 sit.
1265 2475 1368 2528 nisi
1412 2476 1582 2530 multo
1625 2474 1858 2528 maxime
1906 2473 1972 2528 ad

401 2567 769 2639 praestandum
801 2565 1144 2634 impossibile
1179 2563 1366 2621 fuerit.
1399 2563 1491 2620 Sic
1516 2566 1836 2640 imperatrix
1859 2581 1973 2620 ma-

400 2675 510 2752 gno
543 2659 847 2714 domestico
894 2657 1339 2736 respondendum
1372 2659 1604 2712 curavit.
1645 2657 1747 2725 Qui
1778 2659 1844 2713 ad
1884 2676 1976 2730 pa-

402 2747 726 2815 triarcham,
775 2749 845 2803 Et
897 2759 954 2802 tu
989 2747 1208 2818 penitus
1250 2750 1356 2803 vim
1407 2747 1694 2802 verborum
1726 2764 1974 2812 meorum

402 2847 644 2914 ignoras,
701 2841 902 2912 inquit,
957 2851 1013 2898 et
1058 2842 1303 2913 Augusta
1350 2855 1382 2896 a
1419 2841 1752 2913 cogitatione
1782 2858 1972 2899 eorum

401 2951 524 3005 qua:
571 2933 729 2998 ﬁunt,
759 2933 918 2988 abest
949 2933 1292 3004 longissime.
1329 2931 1399 2989 Ut
1423 2945 1606 2990 autem
1631 2943 1686 2988 et
1717 2942 1772 2988 tu
1807 2917 1970 3000 scias,

400 3034 457 3078 et
509 3024 588 3080 illi
637 3039 902 3094 exponas,
949 3039 1110 3094 quam
1161 3038 1268 3080 non
1314 3025 1500 3095 iniqua
1545 3025 1599 3079 in
1645 3025 1810 3081 corde
1853 3041 1974 3082 meo

401 3133 642 3185 versem,
696 3120 824 3174 audi
883 3120 1008 3189 quis
1040 3119 1108 3174 sit
1153 3133 1306 3174 meus
1348 3119 1414 3174 de
1449 3121 1724 3190 republica
1755 3135 1970 3179 sensus.

402 3211 576 3265 Meam
611 3226 735 3264 cum
767 3201 1029 3270 defuncto
1059 3207 1390 3277 imperatore
1424 3223 1453 3263 a
1483 3209 1669 3278 pueris
1694 3209 1974 3279 perfectis-

401 3303 597 3356 simam
649 3300 947 3356 amicitiam
975 3339 990 3362 ,
1037 3306 1094 3354 et
1135 3307 1187 3354 te
1227 3299 1441 3354 nescire
1470 3299 1736 3355 credibile
1767 3309 1888 3371 est;
1917 3311 1974 3359 et

403 3390 722 3460 imperatrix
764 3390 818 3444 in
841 3389 1018 3460 patria
1039 3389 1219 3443 adhuc
1239 3387 1442 3460 degens
1465 3404 1624 3448 nosse
1647 3391 1742 3463 qui
1762 3393 1977 3464 potuit?

401 3482 560 3550 Quod
591 3499 724 3539 vero
749 3483 816 3537 ad
845 3483 1050 3538 bellum
1083 3490 1273 3537 contra
1301 3499 1464 3540 avum
1505 3496 1562 3541 et
1589 3485 1890 3556 inceptum,
1922 3493 1978 3541 et

404 3575 622 3630 ﬁnitum
665 3574 884 3640 attinet,
927 3573 1148 3644 quando
1200 3576 1428 3648 reliquis
1458 3578 1712 3648 omnibus
1740 3579 1976 3637 multum

405 3677 463 3727 et
505 3665 1014 3736 varie‘immuta'tis,
1063 3669 1426 3739 omnibusque
1465 3669 1887 3725 adversantibus
1921 3671 1975 3724 in

396 3771 685 3817 extremas
717 3759 828 3836 fere
861 3758 1208 3814 difﬁcultates
1227 3759 1470 3828 devenit,
1499 3763 1669 3830 quam'
1693 3771 1978 3833 promptus

404 3856 455 3910 ei
496 3853 713 3923 adjutor
745 3851 1048 3908 exstiterim
1068 3893 1082 3918 ,
1127 3867 1229 3908 nec
1257 3853 1472 3922 corpori
1509 3868 1652 3919 meo,
1683 3869 1784 3909 nec
1815 3869 1980 3924 pecu-

405 3946 535 4012 niis,
579 3959 682 4000 nec
707 3944 798 4000 alii
837 3944 1073 4014 cuipiam
1109 3953 1293 4000 rerum
1321 3961 1564 4000 mearum
1595 3937 1844 4016 parcens,
1881 3947 1977 4002 sed

406 4035 750 4106 temporibus
779 4033 1016 4100 miseris,
1053 4041 1108 4090 et
1137 4035 1347 4090 amicos
1376 4051 1664 4108 germanos
1693 4039 1982 4106 requiren-

407 4129 577 4193 tibus,
600 4127 783 4182 omnia
807 4127 856 4181 ei
889 4127 1064 4181 lactus
1090 4127 1214 4192 sim,
1244 4129 1562 4198 nullumque
1584 4129 1820 4184 cilicium
1845 4145 1980 4199 pra:-

407 4223 740 4280 termiserim
767 4240 782 4290 ;
813 4232 865 4278 et
893 4233 1187 4293 postquam
1214 4240 1396 4280 rerum
1421 4240 1690 4279 summam
1715 4226 1976 4292 obtinuit,

406 4325 672 4386 quantum
721 4317 788 4370 ad
838 4317 1348 4380 externothostes,
1387 4314 1623 4379 Gra'cos,
1655 4317 1900 4386 inquam,
1926 4326 1980 4372 et

407 4412 698 4472 Barbaros,
752 4420 807 4464 et
858 4409 922 4463 ad
971 4409 1304 4463 domesticos
1358 4407 1707 4463 insidiatores
1759 4410 1976 4475 attinet,

405 4502 574 4574 358
623 4501 902 4572 quomodo
954 4516 1056 4571 ego
1091 4511 1344 4570 tanquam
1377 4500 1519 4554 alter
1546 4500 1632 4554 ille
1662 4501 1711 4554 ei
1743 4500 1980 4556 eullabo-

2074 2019 2323 2086 λέγοντος
2351 2020 2620 2090 ὁμολογῶ,
2653 2022 2782 2091 μήτ’
2816 2021 2866 2073 εί
2902 2024 3000 2074 καὶ
3039 2021 3323 2074 συνέϐαινε
3353 2005 3595 2080 πυθέσθαι,

2076 2110 2358 2182 προῦργου
2417 2112 2753 2184 ποιήσασθαι
2794 2113 3044 2178 κολάζειν
3083 2113 3181 2166 τὸν
3233 2113 3476 2166 εἰπόντασ
3503 2112 3596 2164 οὐδὲ

2074 2206 2184 2274 γὰρ
2207 2205 2373 2268 αὐτὸς
2409 2206 2472 2258 σὺ
2496 2206 2708 2260 ἐλάττω
2738 2205 2966 2276 δύναμιν
2996 2205 3169 2276 ἔχεις,
3201 2194 3249 2276 ἢ’
3269 2205 3374 2274 ἐγὼ
3395 2203 3597 2267 κολάζειν

2074 2313 2132 2348 τε
2166 2297 2290 2360 τοὺς
2324 2292 2789 2368 προσκρούοντας,
2830 2301 2924 2352 καὶ
2977 2298 3316 2368 συγγνώμην
3379 2299 3596 2366 παρέχειν

2073 2392 2138 2445 ἂν
2164 2392 2384 2466 ἐθέλῃς.
2443 2393 2504 2446 Ei
2549 2408 2646 2464 μεν
2675 2391 2768 2448 οὖν
2823 2395 3052 2448 ἐκείνων
3091 2395 3258 2448 ἕνεκα
3310 2394 3411 2448 τῶν
3461 2393 3598 2466 λόγων

2079 2482 2234 2552 μόνον
2283 2483 2638 2552 ἀγανακτεῖς,
2689 2485 2838 2551 παρά
2909 2485 3112 2538 σαυτοῦ
3167 2485 3368 2554 μᾶλλον
3416 2484 3445 2553 ἦ
3496 2481 3597 2552 παρ’

2075 2575 2210 2642 ἐμοῦ
2269 2578 2536 2646 προσήκει
2579 2577 2880 2646 λαμϐάνειν
2918 2577 3096 2641 δίκας.
3143 2580 3208 2630 Ei
3248 2579 3303 2632 δὲ
3357 2578 3442 2630 καί
3487 2593 3597 2638 τινος

2075 2665 2265 2733 ἐτέρου
2326 2665 2418 2736 δέῃ
2457 2666 2592 2734 ὅπερ
2623 2665 2752 2736 ἄχρι
2801 2667 2892 2719 νῦν
2939 2670 3221 2735 ἄγνωστον
3267 2667 3408 2737 ἐμοὶ,
3457 2667 3599 2734 λέγειν

2076 2754 2400 2826 Θαρροῦντα,
2424 2757 2498 2820 ὡς
2538 2758 2668 2830 παρ’
2720 2760 2844 2828 ἐμοὶ
2873 2759 3132 2813 δύσκολον
3161 2759 3418 2832 ἐσόμενον
3470 2758 3601 2828 μηδὲν

2073 2848 2210 2918 ὅπερ
2260 2848 2325 2902 άν
2391 2855 2646 2904 σοικατά
2697 2851 2922 2922 γνώμην
2973 2847 3029 2924 ᾗ,
3079 2853 3128 2905 εἰ
3177 2853 3257 2922 μὴ
3295 2853 3459 2921 πάντη
3516 2850 3598 2903 τῶν

2075 2940 2502 2994 ἁδυνατωτάτων
2567 2943 2679 3011 εἴη.
2731 2942 2977 2996 Τοιαῦτα
3024 2943 3125 3012 μὲν
3176 2946 3212 3014 ἡ
3255 2944 3456 3014 βασιλὶς
3494 2941 3598 3011 πρὸς

2075 3026 2198 3088 τοὺς
2227 3027 2322 3079 τοῦ
2371 3029 2614 3096 μεγάλου
2643 3029 2972 3100 δομεστίκου
3022 3031 3222 3098 λόγους
3269 3030 3596 3098 ἀπεκρίνατο·

2075 3118 2104 3170 ὃ
2131 3118 2174 3171 δ’
2207 3119 2470 3190 ἔφασκεν,
2507 3121 2670 3175 αὐτόν
2709 3140 2768 3190 τε
2805 3125 3154 3177 παντάπασιν
3200 3121 3598 3194 ἠγνοηκέναιτὴν

2002 3239 2046 3298 c
2079 3211 2310 3283 δύναμιν
2347 3214 2457 3267 τῶν
2486 3213 2658 3284 λόγων
2701 3214 2810 3268 τῶν
2875 3215 3066 3281 αὑτοῦ,
3127 3216 3227 3269 καὶ
3279 3215 3503 3285 βασιλίδα
3527 3211 3599 3280 τὴν

2077 3305 2320 3358 διάνοιαν
2364 3307 2471 3359 τῶν
2521 3309 2868 3378 γιγνομένων
2918 3308 3156 3378 μάλιστα
3185 3309 3262 3372 ὼς
3313 3306 3600 3380 πορρωτάτω

2077 3398 2242 3468 ἔχειν.
2285 3398 2403 3452 Ἵνα
2443 3397 2500 3451 δὲ
2550 3399 2706 3464 αὑτός
2738 3416 2798 3452 τε
2846 3400 2996 3470 εἰδῇς
3036 3403 3131 3456 καὶ
3164 3401 3398 3472 βασιλίδι
3423 3397 3598 3469 φράσῃς

2075 3491 2150 3554 ὼς
2182 3491 2366 3545 δίκαια
2393 3492 2734 3564 διανοοῦμαι,
2765 3493 2839 3557 ὡς
2871 3494 2980 3564 ἔχω
3006 3496 3136 3564 περὶ
3163 3496 3277 3549 τῶν
3306 3493 3598 3564 πραγμάτων

2078 3585 2329 3639 ἄκουσον.
2387 3583 2500 3655 Τὴν
2535 3587 2634 3654 μὲν
2682 3585 2818 3656 ὲμοῦ
2864 3602 2924 3639 τε
2981 3587 3076 3641 καὶ
3118 3586 3387 3657 βασιλέως
3430 3583 3598 3637 ἐκείνου

2079 3679 2214 3745 πρὸς
2245 3675 2505 3748 ἀλλήλους
2552 3676 2619 3730 ὲκ
2657 3677 2864 3730 παίδων
2911 3677 3229 3747 ἀκροτάτην
3262 3677 3455 3746 φιλίαν,
3481 3671 3534 3726 οὐ
3559 3669 3596 3722 τ’

2077 3762 2142 3816 ἂν
2168 3767 2420 3834 ἀενοοίης
2477 3763 2674 3834 ὥσπερ
2701 3764 2868 3829 εἰκὸς,
2922 3765 3018 3818 καὶ
3055 3765 3088 3836 ἡ
3124 3765 3341 3834 βασιλὶς
3381 3764 3500 3834 πρὶς
3525 3757 3600 3828 τὴν

2079 3857 2258 3910 οἰκίαν
2303 3855 2662 3927 διατρίσουσα
2685 3873 2699 3888 ·
2729 3857 2832 3910 ὅσα
2872 3857 3058 3928 μέντοι
3109 3873 3174 3926 γε
3212 3857 3351 3928 πρὸς
3388 3856 3470 3908 τιν
3495 3853 3599 3922 πρὸς

2081 3949 2304 4020 βασιλέα
2333 3949 2423 4001 τὸν
2470 3951 2697 4004 πάππον
2729 3948 2988 4020 πόλεμον,
3041 3949 3137 4003 καὶ
3199 3947 3491 4022 ἀρχομένου
3529 3941 3599 3998 καὶ

2079 4041 2460 4106 τελευτῶντος,
2491 4043 2580 4095 ὅτε
2622 4043 2732 4096 τῶν
2782 4042 2962 4098 ἄλλων
2997 4045 3258 4098 ἀπάντων
3322 4043 3506 4104 πολλὰς
3529 4035 3600 4091 καὶ

2081 4133 2430 4198 παντοδαπὰς
2499 4133 2848 4189 ὑποστάντων
2891 4135 2991 4198 τὰς
3037 4135 3370 4206 μεταϐολὰς,
3426 4133 3598 4188 πάντων

2080 4223 2561 4294 ἀντιτεταγμένων
2599 4224 2785 4294 σχεδὸν
2811 4226 2892 4290 είς
2922 4225 3160 4294 ἐσχάτην
3213 4224 3446 4294 ἀπορίαν
3471 4235 3599 4285 συνη-

2081 4315 2240 4386 λάοη,
2268 4317 2417 4386 αὐτῷ
2447 4318 2743 4388 προθύμως
2775 4319 3262 4390 συνηγωνισάμην,
3301 4322 3432 4391 μήτε
3453 4315 3600 4384 σῶμα·

2081 4425 2172 4471 τος
2196 4409 2513 4478 φειδόμενος
2541 4450 2554 4474 ,
2590 4409 2729 4481 μήτε
2785 4403 3105 4482 χρημάτων,
3157 4413 3292 4483 μήτ’
3331 4411 3476 4466 ἄλλον
3518 4404 3599 4457 τῶν

2081 4499 2298 4553 οἰκείων
2349 4502 2601 4570 μηδενὸς,
2658 4501 2776 4555 ἀλλ’
2813 4506 2873 4556 ὲν
2923 4507 3038 4567 τοῖς
3094 4505 3339 4574 μάλιστα
3365 4501 3597 4567 ἐπείγουσι

408 4598 598 4660 rarim,
649 4605 705 4650 et
755 4609 880 4648 cum
921 4608 1010 4656 eo,
1058 4607 1122 4647 ac
1162 4609 1261 4662 pro
1287 4607 1352 4647 eo
1383 4592 1549 4646 multa
1595 4593 1779 4664 gravia
1836 4594 1972 4664 peri-

2085 4590 2193 4644 τῶν
2241 4591 2450 4662 καιρῶν
2481 4595 2574 4646 καὶ
2625 4591 2904 4661 δεομένοις
2942 4594 3183 4662 γνησίων
3243 4596 3408 4662 φίλων
3461 4589 3599 4643 πάντα

405 4688 701 4756 eulosaque
743 4685 1099 4740 sustinuerim
1145 4683 1300 4752 (sileo
1347 4685 1494 4738 enim
1527 4685 1596 4739 de
1627 4685 1976 4740 almiuistra-

411 4779 596 4842 tione,
649 4791 758 4846 quo
805 4783 962 4845 pacto
1013 4786 1230 4827 onmetn
1269 4788 1369 4843 ego
1398 4773 1638 4828 laborem
1673 4775 1973 4843 perferens,

408 4869 699 4938 imperium
731 4867 831 4935 ipsi
855 4863 1172 4918 facillimum
1203 4857 1580 4930 reddiderint),
1602 4865 1831 4918 liotnani
1861 4879 1980 4918 om-

408 4974 508 5014 nes
545 4957 685 5012 scire
741 4963 990 5026 poswnt,
1027 4956 1188 5008 rebus
1238 4953 1368 5022 ipsis
1398 4955 1838 5010 manifestissime
1867 4949 1978 5009 ela-

410 5050 712 5113 mantibm,
747 5057 804 5103 et
831 5046 1208 5102 testimonium
1250 5044 1454 5109 ferent;
1485 5061 1702 5114 prwque
1724 5046 1978 5100 omnibus

409 5143 754 5214 impcratrix,
805 5153 968 5211 quam
1033 5153 1142 5192 non
1198 5139 1538 5208 experientia
1593 5148 1825 5217 tantum,
1880 5137 1975 5192 sed

409 5241 642 5309 ipsemet
666 5248 885 5304 quoque
907 5231 1202 5302 imperator
1233 5234 1296 5285 de
1329 5241 1516 5284 mutua
1548 5231 1691 5284 inter
1715 5244 1814 5284 nos
1845 5245 1980 5284 con-

409 5327 598 5384 cordia
625 5324 814 5380 docuit
847 5341 860 5378 :
895 5338 1015 5392 qua)
1046 5323 1265 5391 quidem
1298 5330 1446 5375 tanta
1482 5321 1601 5384 fuit,
1633 5331 1692 5374 ut
1719 5320 1977 5390 opinione

409 5434 532 5474 mea
576 5429 768 5470 omnes
820 5423 878 5470 et
931 5414 1207 5484 antiquos,
1255 5421 1310 5466 et
1355 5423 1600 5466 recentes
1637 5411 1706 5464 ab
1737 5411 2014 5490 amicitia_

407 5509 731 5567 nobilitatos
779 5507 1140 5577 superaverit.
1195 5505 1347 5560 Unde
1402 5521 1510 5558 nou
1544 5503 1706 5559 modo
1735 5504 1975 5558 vicissim

367 5589 375 5598 ’
406 5617 512 5656 nos
552 5599 840 5668 adjuvari,
878 5597 973 5652 sed
1013 5599 1178 5652 etiam
1229 5611 1398 5664 usque
1435 5597 1498 5648 ad
1533 5595 1633 5648 hoc
1676 5605 1890 5664 tempus
1922 5593 1975 5646 in

409 5706 622 5748 summa
669 5691 842 5761 gloria
874 5690 1073 5745 vixisse
1109 5688 1362 5756 contigit.
1418 5686 1600 5756 Turpe
1644 5685 1830 5755 igitur,
1866 5700 1973 5749 me,

410 5783 504 5857 qui
539 5783 771 5838 antehac
805 5797 1087 5852 nunquam
1126 5781 1290 5836 ullius
1321 5777 1604 5832 dedecoris
1631 5779 1974 5832 occasionem

413 5873 548 5931 mihi
597 5875 944 5946 pra-buerim,
995 5887 1141 5929 nunc
1187 5880 1513 5941 spontcyac
1561 5868 1821 5924 libentem
1861 5886 1974 5924 ma-

2087 4680 2348 4748 ἐγινόμην
2381 4679 2551 4746 αὐτῷ,
2587 4681 2681 4732 καὶ
2724 4679 2835 4732 τῶν
2879 4681 3127 4748 δεόντων,
3167 4683 3412 4736 ἐνέλιπον
3455 4675 3595 4734 οὐδὲν,

2087 4763 2181 4829 καὶ
2211 4768 2349 4833 μετά
2400 4766 2462 4817 τὸ
2511 4767 2620 4817 τῶν
2675 4767 3021 4835 πραγμάτων
3067 4769 3313 4838 ἐγκρατῆ
3368 4761 3598 4835 γενέσθαι.

2085 4858 2183 4909 ὅσα
2219 4875 2277 4909 τε
2306 4858 2443 4930 πρὸς
2478 4859 2604 4920 τοὺς
2650 4857 2850 4922 ἔξωθεν
2886 4859 3200 4928 πολεμίους,
3259 4859 3352 4912 καὶ
3382 4856 3600 4920 ’Έλληνας

2085 4947 2248 5016 λέγω,
2283 4948 2378 5000 καὶ
2413 4949 2738 5018 βαρϐάρους,
2773 4950 2866 5002 καὶ
2897 4950 3035 5021 πρὸς
3064 4951 3190 5013 τοὺς
3243 4950 3386 5002 ἓνδον
3419 4939 3597 4998 ἐπιδού-

2085 5041 2232 5105 λους,
2265 5041 2454 5112 ὥσπερ
2487 5040 2644 5104 ἄλλος
2690 5041 2764 5096 ὣν
2805 5043 2989 5108 αὑτὸς,
3027 5045 3123 5096 καὶ
3180 5033 3598 5111 συγκατειργαξῶ

2090 5151 2197 5204 μην
2238 5135 2330 5186 καὶ
2364 5133 2717 5203 συνδιέφερον
2775 5133 2924 5204 αὐτῷ
2951 5137 3078 5196 τοὺς
3113 5134 3256 5204 ὑπὲρ
3309 5127 3486 5186 ἑαυτοῦ
3529 5125 3600 5177 πό-

2086 5233 2210 5286 νους
2275 5224 2369 5276 καὶ
2413 5223 2694 5285 κινδύνους
2738 5224 2832 5292 (ὲῶ
2871 5224 2978 5295 γάρ
3022 5225 3203 5291 λέγειν
3234 5224 3333 5294 τὴν
3375 5221 3597 5284 διοίκησιν

2084 5318 2194 5370 τῶν
2229 5318 2594 5386 πραγμάτων,
2621 5317 2695 5379 ὡς
2725 5317 2888 5379 αὐτὸς
2920 5317 3096 5371 πάντα
3129 5317 3292 5370 πόνον
3347 5309 3599 5382 ὑφιστάμε-

2085 5427 2199 5472 νος,
2229 5410 2434 5464 ἅλυπον
2475 5409 2623 5477 αὑτῴ
2653 5411 2746 5462 καὶ
2794 5409 2993 5464 ἄπονον
3038 5409 3256 5464 ἐποίουν
3300 5408 3396 5476 τὴν
3417 5396 3595 5472 ἀρχὴν)ν

2085 5503 2287 5564 πάντες
2325 5503 2422 5571 μὲν
2471 5502 2536 5556 ἂν
2569 5504 2758 5554 εἰδεῖεν
2816 5501 3100 5574 Ῥωμαῖοι,
3132 5501 3312 5558 αὐτῶν
3336 5497 3597 5566 σαφέστατα

2087 5593 2332 5662 βοώντων
2385 5593 2493 5646 τῶν
2563 5583 2936 5664 πραγμάτων,
2987 5595 3078 5650 καὶ
3122 5588 3596 5665 συμμαρτυρῆσαιεν

2084 5682 2228 5753 ἐμοί.
2289 5685 2408 5736 Τῲν
2463 5685 2638 5738 ἄλλων
2682 5687 2738 5739 δὲ
2801 5686 3018 5741 πάντων
3077 5686 3308 5757 μάλιστα
3355 5683 3385 5751 ἠ
3425 5670 3596 5748 βισιλὶς

2083 5779 2182 5832 ὅσοι
2227 5780 2300 5848 μὴ
2333 5780 2492 5846 μόνον
2522 5779 2624 5831 ὑπὸ
2663 5781 2770 5833 τῶν
2807 5783 3169 5850 πραγμάτων,
3207 5779 3337 5834 ἀλλά
3360 5776 3444 5829 καὶ
3469 5770 3594 5840 βασι·

2084 5869 2220 5934 λέως
2265 5869 2432 5924 αὑτοῦ
2487 5871 2585 5940 τὴν
2643 5873 2781 5942 πρὶς
2844 5872 3106 5942 ἀλλήλους
3165 5872 3318 5944 ἡμῶν
3359 5868 3586 5938 ὁμόνοιαν,
