3794 6562
17 581 42 602 κ

179 377 268 444 7:2]
1286 381 1820 456 IllSTORIARUM
1857 381 1926 439 Ll
1942 379 2090 437 BER
2125 379 2240 438 lli.

3299 375 3403 414 ‘75))

3305 400 3405 438 1:5

177 489 266 560 τὴν
305 491 510 555 πάντας
547 491 621 554 ὦς
673 484 883 561 ἐγῷμαι
929 491 1024 545 καὶ
1083 509 1203 556 τους
1257 492 1424 551 παλαι
1468 493 1562 547 καὶ
1613 479 1736 553 τοὺς

1841 486 2075 553 ledictis,
2120 496 2174 541 et
2225 484 2648 554 reprehensione
2686 485 2849 552 digna
2878 485 3240 540 committere.
3276 484 3403 540 Sive

178 581 263 636 νῦν
293 583 708 652 ύπερελάσασαν
767 585 861 638 ἐπὶ
919 584 1070 655 φιλίᾳ
1121 578 1494 654 ὑμνουμένους
1539 581 1728 649 σαφῶς

174 673 559 742 διδασκοέμνη.
612 675 726 740 Ἐφ’
761 669 842 738 οἷς
891 676 990 728 οὐκ
1020 675 1350 743 ὡφελεῖσθαι
1404 675 1564 742 μόνον
1598 675 1728 742 παρ’

179 767 448 836 ἑκατέρων
479 751 792 822 συνέὅαινεν
826 769 982 838 ἡμῖν,
1031 769 1167 822 ἀλλὰ
1214 768 1428 822 καὶτὸν
1473 767 1602 837 ἄχρι
1637 765 1731 819 νῦν

178 859 355 926 χρόνον
399 859 760 914 εὐκλεέστατα
809 860 1152 931 βεῦιωκέναι.
1214 862 1447 914 Ἄτοπον
1496 857 1612 917 οὖν.
1641 859 1732 910 τὸν

181 945 270 1014 μὲν
314 946 419 1016 πρὸ
469 945 565 999 τοῦ
615 949 810 1017 χρόνον
854 948 1093 1008 ἅπαντα.
1129 949 1422 1021 ,μηδέποτε
1457 949 1732 1018 μηδεμίαν

177 1035 381 1102 ἀδοξίας
441 1040 715 1110 πρόφασιν
757 1043 1171 1111 παρεσχηκέναι
1208 1043 1454 1111 ἐμαυτῷ,
1516 1043 1634 1094 νυνὶ
1677 1041 1733 1094 δὲ

178 1129 349 1182 ἑκοντὶ
399 1129 669 1201 λοιδορίας
707 1131 830 1196 ἄξια
862 1135 958 1185 καὶ
1021 1133 1282 1202 μέμψεως
1317 1135 1492 1185 ποιεῖν
1521 1150 1534 1164 ·
1566 1133 1632 1187 ἄν
1669 1149 1730 1184 τε

179 1218 277 1288 γὰρ
319 1220 592 1292 ἀγνοήσας
635 1221 764 1274 οἵων
801 1222 986 1278 κακῶν
1018 1223 1084 1276 τὰ
1115 1225 1426 1295 πράγματα
1467 1225 1730 1294 χωρήσει,

177 1311 390 1381 ἐμαυτῷ
440 1313 541 1381 μὲν
597 1312 835 1380 ἀδοξίας,
903 1317 1014 1377 τοῖς
1071 1318 1279 1378 λοιποῖς
1337 1315 1392 1368 δὲ
1437 1315 1733 1384 Ῥωμαίοις

179 1402 379 1472 φθορᾶς
432 1405 526 1458 καὶ
579 1405 846 1460 κινδύνων
901 1407 1074 1469 αἴτιος
1128 1407 1403 1470 καταστῶ,
1474 1407 1734 1474 οὐδεμίαν

180 1492 560 1560 παραιτεῖσθαι
581 1493 788 1574 δίκαιος
819 1497 1150 1566 συγγνώμην
1173 1497 1334 1557 αὐτὸς
1359 1496 1485 1567 παρ’
1513 1495 1735 1566 ἐμαυτῷ

178 1588 354 1654 κριτῇ.
387 1587 488 1639 ’Ἂν
547 1605 608 1640 τε
643 1591 737 1642 καὶ
773 1590 1010 1659 συνορῶν
1071 1591 1283 1661 (ὥσπερ
1329 1591 1432 1661 ἥδη
1488 1591 1581 1644 καὶ
1612 1591 1734 1643 ἐπί-

181 1693 374 1742 σταμαι
405 1677 636 1749 σαφῶς),
687 1680 879 1737 ἔπειτα
909 1685 1466 1755 καταμαλακιζοίμην
1496 1685 1606 1736 δέει
1637 1682 1734 1736 τοῦ

181 1767 250 1836 μὴ
278 1767 454 1821 δοκεῖν
481 1770 541 1821 ὲν
593 1775 826 1840 καιροῖς,
857 1773 950 1824 ἐπὶ
989 1773 1256 1836 κινδύνοις
1286 1776 1388 1842 τὴν
1428 1775 1603 1845 ἀρχὴν
1639 1791 1734 1844 με·

1833 583 1980 634 enim
2005 579 2224 634 nescius
2245 595 2350 648 quo
2376 578 2719 632 miseriarum
2748 594 2833 632 res
2849 578 3106 640 evadent,
3129 566 3260 630 mihi
3283 577 3410 648 qui-

1831 667 1958 721 dem
1983 667 2357 736 ignominiam,
2396 665 2609 720 caeteris
2646 675 2830 720 autem
2873 667 3133 721 Rornauis
3163 667 3402 735 pericula

1831 759 2174 827 exitiumque
2217 773 2515 832 creavere,
2567 757 2768 811 nullam
2819 757 2903 812 vel
2955 774 3040 812 me
3071 757 3192 827 ipso
3220 756 3405 827 judice

1759 856 1772 865 ‘
1833 850 2084 915 veniam;
2112 849 2227 904 sive
2249 851 2416 904 etiam
2447 849 2890 904 animadvertetis
2917 849 3402 919 (quemadmodum

1824 945 1936 1016 jam
1983 944 2192 1015 liquido
2242 943 2400 1013 scio),
2446 953 2626 996 tamen
2657 943 3008 997 emollescam
3048 943 3246 1020 timore
3275 983 3287 1006 ,
3339 957 3405 996 ne

1831 1037 2043 1092 scilicet
2090 1035 2273 1090 dubiis
2319 1051 2383 1089 ac
2425 1035 2794 1088 formidolosis
2847 1035 3186 1104 temporibus
3237 1034 3408 1102 impe-

1833 1132 1975 1183 rium
2008 1117 2196 1184 videar
2232 1128 2531 1190 dimittere,
2559 1136 2755 1196 praeter
2787 1128 3248 1196 vituperationem
3282 1143 3408 1180 cru-

1834 1220 2172 1283 delissimum
2201 1234 2420 1288 quoque
2449 1219 2779 1288 supplicium
2809 1219 3190 1272 commerebor
3218 1236 3231 1272 :
3260 1217 3407 1287 quod

1834 1329 2147 1383 quanquam
2199 1311 2515 1382 praesciens,
2543 1311 2904 1367 sustinuerim
2938 1312 3124 1366 volens
3155 1313 3400 1382 ignavus.

1833 1415 1890 1460 et
1939 1419 2114 1474 neque
2159 1403 2538 1468 occasionum,
2591 1417 2770 1471 neque
2801 1419 2983 1457 rerum
3011 1404 3150 1458 bene
3180 1403 3410 1458 utenda-

1837 1513 1958 1551 rum
1998 1497 2208 1566 peritus
2249 1496 2440 1550 videri.
2475 1495 2648 1562 Quam
2679 1496 2750 1554 ob
2776 1510 2994 1549 causam
3027 1503 3082 1548 et
3128 1494 3405 1549 discrimi-

1837 1589 2020 1660 nibus,
2075 1599 2130 1643 et
2185 1588 2420 1642 infamit'c
2463 1603 2550 1642 me
2603 1587 2819 1642 decrevi
2867 1586 3212 1650 subducere;
3253 1587 3406 1656 ~unde

1838 1695 1939 1734 nec
1991 1679 2056 1733 ad
2102 1679 2528 1748 imperatricem,
2583 1693 2685 1732 nce
2726 1677 2794 1758 ad
2827 1677 3176 1748 imperatoris
3205 1678 3411 1733 liberos

1836 1771 2041 1841 aliquid
2097 1771 2456 1828 emolumenti
2501 1770 2868 1835 redundabit;
2921 1779 3066 1824 esset
3115 1771 3260 1824 enim
3307 1771 3408 1824 hoc

177 1858 486 1922 θίεσθαι,οὒ
523 1859 790 1932 λοιδορίας
836 1862 986 1928 ἄξιος
1016 1864 1202 1934 μόνον,
1257 1865 1391 1918 ἀλλὰ
1434 1869 1527 1918 καὶ
1575 1865 1731 1937 δίκης

1841 1878 1943 1916 ιιοη
1989 1863 2244 1931 exiguum
2293 1861 2568 1916 solatium.
2613 1861 2691 1916 Ne
2719 1869 2902 1915 autem
2939 1862 3156 1916 labores
3186 1872 3410 1947 propter

174 1946 268 2015 τῆς
317 1947 575 2019 ἐσχάτης,
609 1950 692 2002 ὃτι
733 1952 824 2005 καί
859 1968 940 2006 τοι
970 1951 1259 2022 προειδὼς,
1293 1954 1562 2023 ὑπέμεινα
1587 1953 1730 2009 ἑκὼν

175 2034 310 2120 εἶναι
341 2039 511 2104 κακὸς
545 2039 799 2110 ὀφθῆναι,
855 2043 950 2096 καὶ
987 2044 1126 2114 μήτε
1158 2047 1394 2114 καιροῖς,
1430 2047 1566 2115 μήτε
1591 2047 1732 2115 πρά-

175 2145 375 2200 γμασιν
394 2132 486 2208 ,ὡς
510 2132 629 2184 δέον
655 2133 966 2202 χρήσασθαι
1009 2134 1187 2196 είδὼς.
1219 2129 1292 2189 Οὗ
1338 2137 1396 2189 δὲ
1426 2133 1590 2190 ἕνεκα
1622 2156 1738 2191 κιν-

176 2221 344 2276 δύνων
371 2240 430 2276 τε
477 2223 573 2277 καὶ
599 2225 814 2289 ἀδοξίας
857 2223 1028 2294 ἔγνων
1064 2226 1431 2280 ἀπαλλάττειν
1471 2229 1730 2298 ἐμαυτόν.

175 2313 281 2366 Καί
309 2331 390 2367 τοι
412 2331 476 2382 γε
504 2313 624 2368 οὐδὲ
671 2314 906 2386 βασιλίδι
933 2335 992 2369 τε
1032 2317 1127 2370 καὶ
1155 2319 1269 2382 τοῖς
1317 2319 1586 2389 βασιλέως
1613 2338 1735 2374 παι-

177 2405 260 2458 σὶν
288 2407 352 2460 ἐκ
383 2407 480 2478 τῆς
513 2407 728 2474 ἀδοξίας
755 2413 984 2480 ταυτησὶ
1017 2412 1114 2464 καὶ
1149 2411 1258 2465 τῶν
1306 2412 1568 2467 κινδύνων
1592 2413 1735 2483 ὠφέ-

173 2500 320 2555 λειάν
345 2517 466 2556 τινα
490 2501 666 2566 ἔξεστι
694 2503 961 2575 πορίζειν.
995 2501 1103 2558 'Hv
1133 2507 1240 2576 γὰρ
1274 2507 1339 2560 ἂν
1364 2505 1524 2560 τοῦτο
1555 2525 1735 2576 παρα·

177 2591 365 2662 μύθιον
403 2597 462 2646 οὐ
502 2593 726 2664 φαῦλον,
763 2595 870 2658 ὠς--
898 2598 963 2649 ἂν
1009 2597 1066 2650 δὲ
1111 2599 1190 2668 μὴ
1232 2597 1376 2650 δοκῶ
1415 2599 1545 2661 τοὺς
1594 2599 1734 2669 ὑπὲρ

176 2679 285 2732 τῶν
311 2679 576 2750 βασιλέως
613 2682 821 2736 παίδων
877 2683 1075 2747 πόνους
1104 2685 1198 2737 καὶ
1233 2685 1512 2749 κινδύνους
1545 2687 1736 2740 ἀποδιο

177 2771 452 2842 δρασκειν,
492 2773 586 2826 νῦν
631 2775 730 2842 μὲν
756 2777 814 2830 ἐν
853 2776 953 2844 τῆς
985 2777 1209 2847 εερήνης
1235 2780 1346 2841 τοῖς
1380 2782 1616 2848 καιροῖς,
1648 2779 1736 2832 ὅτε

181 2865 316 2932 μήτε
349 2865 583 2936 πόλεμος
611 2866 808 2930 οὐδεὶς,
846 2867 984 2936 μήτε
1017 2868 1200 2922 κακῶν
1232 2869 1531 2938 προσδοκία
1573 2871 1738 2940 μηδε-

181 2956 316 3024 μία,
351 2956 698 3028 πατριάρχης
733 2975 790 3010 τε
846 2962 939 3012 καὶ
975 2958 1282 3030 σύγκλητος
1327 2960 1442 3029 ἅμα
1505 2960 1737 3030 βασιλίδι

181 3048 470 3104 ίθυνόντων
497 3051 594 3122 τὴν
630 3050 822 3122 ἀρχὴν,
853 3053 948 3106 καὶ
1005 3053 1071 3106 τὰ
1100 3056 1162 3105 ἐκ
1207 3052 1408 3124 ταύτης
1432 3054 1613 3121 ἀγαθά
1648 3054 1741 3108 καὶ

177 3142 275 3206 τὰς
315 3143 483 3212 τιμὰς
510 3143 892 3212 καρπούσθων.
947 3143 1074 3205 Ἐὰν
1107 3143 1162 3197 δέ
1199 3161 1328 3198 ποτε
1376 3143 1621 3217 συμϐαίη
1655 3147 1742 3212 πό-

177 3233 234 3286 λε
245 3233 342 3304 μόν
366 3251 493 3288 τινα
511 3235 818 3306 ἀναφυῆναι
846 3235 1090 3289 κίνδυνον
1119 3235 1448 3291 ἀπειλοῦντα
1471 3237 1739 3306 βασιλέως

175 3330 292 3390 τοῖς
335 3327 515 3395 παισὶ,
572 3328 682 3381 τότ’
716 3329 878 3393 αὐτὸς
905 3329 1004 3400 ήδη
1066 3327 1363 3400 προθύμως
1395 3332 1510 3394 τοῖς
1555 3332 1737 3385 κινδύ-

177 3434 294 3482 νοις
345 3419 645 3490 ὲμπαρὲξω
708 3421 964 3490 ἐμαυτὸν,
1021 3423 1117 3474 καὶ
1172 3421 1204 3491 ἢ
1248 3423 1602 3478 συνδιασώσω
1641 3427 1742 3497 τὴν

175 3509 353 3582 ἀρχὴν
383 3509 588 3576 αὐτοῖς,
623 3513 656 3583 ἢ
691 3511 830 3582 ὑπὲρ
865 3512 1044 3566 αὐτῶν
1087 3514 1390 3584 μαχόμενος
1421 3520 1696 3586 πεσοῦμαι
1724 3535 1736 3580 ;

179 3602 256 3664 ὡς
292 3602 358 3656 ἂν
395 3603 518 3672 ἐμοὶ
545 3603 646 3672 μὲν
675 3603 724 3658 οἱ
753 3604 909 3657 πόνοι
932 3603 1026 3658 καὶ
1055 3604 1114 3658 τὸ
1145 3605 1500 3674 κινδυνεύειν,
1529 3609 1659 3678 ὑμῖν
1685 3607 1742 3660 δὲ

173 3693 240 3748 τὸ
277 3695 548 3766 ἐντρυφᾷν
570 3696 683 3759 τοῖς
715 3695 1030 3764 πράγμασι,
1062 3695 1156 3748 καὶ
1204 3695 1378 3748 αὐτῶν
1398 3700 1744 3768 καταπολαύ-

174 3803 261 3839 ειν
290 3785 518 3856 μηδενὸς
543 3785 998 3855 παρενοχλοῦντος
1023 3786 1389 3856 Ἴιιιεριγίνοισιτο.
1435 3791 1742 3859 Κεφάλαιον

170 3880 233 3934 δὲ
289 3879 400 3934 τῶν
460 3877 634 3946 λόγων
691 3879 802 3935 τῶν
879 3878 1048 3948 ἐμῶν,
1111 3878 1186 3944 ὡς
1263 3883 1408 3935 ἔστιν
1465 3885 1615 3939 οῦδὲν
1683 3889 1744 3940 τδ

174 3973 388 4035 πεῖσον,
438 3971 624 4038 ὥσπερ
685 3971 778 4022 καὶ
824 3956 1110 4039 πρότερον,
1166 3971 1383 4042 ἔχεσθαι
1424 3974 1532 4028 τῶν
1594 3994 1740 4047 πρα-

174 4065 410 4132 γμάτων
452 4062 549 4129 τῆς
595 4061 802 4132 ἀρχῆς·
831 4061 906 4122 ὡς
963 4061 1030 4115 ἂν
1073 4061 1128 4114 δὲ
1168 4063 1263 4114 καὶ
1319 4063 1502 4134 ἔργοις
1540 4067 1568 4120 ὃ
1597 4068 1740 4138 λέγω

173 4153 484 4226 κατάδηλον
519 4157 750 4225 ποιήσω,
781 4155 891 4222 τῆς.
933 4153 1198 4220 συνήθους
1247 4156 1518 4228 καθέδρας
1547 4161 1742 4225 ἐξανα-

173 4251 336 4312 στὰς,
391 4246 475 4316 ἐφ’
515 4248 706 4315 ἑτέραν
737 4245 1093 4315 καθεδοῦμαι,
1152 4247 1220 4299 ἶν’
1251 4247 1418 4319 εἰδείη
1445 4267 1503 4302 τε
1533 4250 1742 4320 βασιλίς

170 4358 233 4394 τε
269 4343 363 4392 καὶ
392 4332 576 4409 ὖμετς,
608 4338 681 4400 ὡς
711 4338 862 4390 οὐδὲν
895 4339 994 4406 ἤδη
1041 4338 1102 4390 τὸ
1135 4338 1345 4406 κωλῦον
1400 4339 1589 4412 ἔτερόν
1619 4361 1742 4398 τινα

169 4433 233 4487 ὃν
265 4433 331 4486 ἂν
365 4431 628 4502 βούλησθε
655 4429 809 4482 αὐτοὶ
835 4431 944 4490 rei;
979 4427 1302 4500 πράγμασιν
1351 4432 1578 4502 ὲφιστᾷν
1607 4449 1620 4463 ·
1652 4435 1740 4488 οὔ-

169 4543 286 4586 τως
328 4523 520 4589 εἰπὼν,
555 4522 638 4590 ἐφ’
663 4522 847 4590 ἕτερον
896 4519 1096 4589 μετέϐη
1149 4521 1335 4584 τόπον,
1367 4521 1555 4592 ὥσπερ
1589 4525 1734 4597 ἔργῳ

1843 4509 2189 4582 imperatoris
2235 4512 2387 4567 multi
2433 4514 2498 4566 ad
2545 4516 2948 4584 imperatricem
2981 4518 3382 4583 confluxerunt)

173 4615 531 4686 παραχωρῶν
570 4616 742 4683 ἑτέρῳ
779 4613 874 4682 τῆς
921 4611 1113 4681 ἀρχῆςο
1177 4613 1236 4664 '0
1299 4613 1648 4686 πατριάρχης
1681 4617 1736 4670 δι

167 4713 406 4764 τοιαῦτα
441 4707 580 4778 ὀρῶν
609 4721 667 4758 τε
697 4704 788 4756 καὶ
821 4701 1055 4766 ἁκούων,
1075 4701 1314 4773 Σκληρός
1338 4707 1484 4758 ἐστιν
1514 4706 1739 4775 ὁλόγος,

167 4798 324 4868 εἷπε,
351 4801 448 4854 καὶ
497 4799 732 4870 μάλιστα
773 4795 1074 4856 δυνάμενος
1100 4794 1197 4864 τῆς
1245 4794 1425 4864 ψυχῆς
1467 4800 1568 4863 τῆς
1597 4796 1744 4866 βασι.

165 4895 320 4956 λίδος
339 4889 682 4948 καθικέσθαι.
699 4888 758 4942 '0
769 4888 838 4950 δ’,
855 4883 1053 4954 Ἀληθῆ
1075 4884 1278 4952 λέγεις,
1300 4884 1424 4955 ἔφη,
1439 4887 1532 4940 καὶ⁵
1558 4887 1662 4942 ἔδει
1681 4907 1744 4958 γε

170 4985 352 5058 μηδὲν
403 4982 643 5037 τοιοῦτον
695 4979 833 5049 μήτε
893 4973 1167 5047 εἰρῆσθαι,
1224 4975 1360 5046 μήτε
1395 4971 1558 5040 εἶναι,
1627 4981 1746 5034 νυνὶ

163 5075 228 5129 δὲ
270 5074 352 5136 είς
403 5070 658 5124 τοσοῦτον
723 5066 970 5133 ἀνάγκης
1019 5061 1352 5134 συνηλάθην,
1383 5062 1523 5116 ὥστε
1565 5065 1743 5120 καίτοι

163 5167 288 5220 τῶν
337 5164 514 5218 ἄλλων
565 5158 800 5228 μάλιστα
829 5156 1082 5210 ἁπάντων
1116 5154 1216 5206 ὅσα
1263 5155 1344 5215 είς
1387 5156 1744 5224 παραμυθίαν

165 5249 394 5314 πολλῶν
417 5256 601 5310 ἄνεσιν
633 5248 877 5322 ἀνιαρῶν
913 5249 1032 5317 (ὅσα
1085 5245 1320 5316 βασιλίδι
1356 5246 1421 5299 ὲκ
1455 5247 1552 5315 τῆς
1589 5248 1744 5318 βασι-

164 5351 318 5409 λέως
386 5342 748 5415 προσεγένετο
800 5337 1077 5404 τελευτῆς)
1137 5333 1393 5402 λέγεσθαι
1424 5334 1745 5406 βουλόμενος

163 5435 264 5490 ἐπ’
299 5433 474 5502 αὐτῆς
497 5428 868 5485 ἐναντιώτατα
898 5427 1156 5497 πράττειν
1183 5425 1409 5496 ἐμαυτῷ
1450 5425 1596 5477 δυοῖν
1630 5428 1745 5479 ἓνε-

161 5546 272 5581 κα.
303 5528 376 5579 ’Ἦ
409 5525 514 5593 γὰρ
541 5523 850 5591 ἀπρακτεῖν
877 5518 1152 5574 παντελῶς
1178 5518 1414 5585 ἀνάγκη,
1447 5515 1481 5586 ἢ
1523 5517 1743 5585 φαύλως

161 5618 273 5669 καὶ
311 5617 411 5683 οὐχ
511 5613 807 5684 προσῆκεν,
840 5610 1056 5680 ἄρχειν.
1085 5607 1210 5660 Εἴτε
1261 5605 1443 5686 τοίνυν
1477 5607 1745 5676 πράττον-

159 5724 269 5770 τος
299 5707 493 5776 μηδὲν,
532 5704 627 5757 καὶ
657 5703 683 5754 ὁ
743 5700 954 5770 βασιλὶς
986 5688 1317 5767 ἐφησυχάζοι
1370 5695 1444 5756 ὡς
1472 5696 1599 5765 χθὲς
1647 5701 1742 5750 καὶ

161 5797 376 5867 πρώην
423 5796 520 5865 τὴν
559 5792 729 5863 ἀρχὴν
773 5791 988 5860 οἰομένη
1042 5787 1364 5841 διοικεῖσθαι
1420 5786 1550 5860 παρ’
1581 5789 1738 5858 ἐμοῦ,

1838 1955 1980 2009 lilios
2041 1955 2390 2024 imperatoris
2437 1953 2807 2022 capessendos
2857 1953 3031 2008 vitare
3081 1953 3405 2015 existimer.

1837 2060 1986 2100 nunc
2026 2045 2248 2114 quidem
2307 2043 2360 2099 in
2394 2044 2497 2098 i~ta
2549 2059 2718 2114 pace.
2767 2060 2890 2100 cum
2939 2061 3042 2099 nec
3092 2045 3296 2099 bellum
3327 2056 3412 2099 est

1837 2137 2010 2192 Illum
2039 2177 2052 2201 ,
2104 2153 2208 2192 nec
2255 2137 2525 2196 malorum
2565 2137 2931 2206 exspectatio,
2973 2138 3314 2207 patriarcha,
3355 2151 3412 2194 ct

1835 2231 2128 2296 concilium
2169 2245 2276 2283 una
2322 2244 2446 2283 cum
2489 2229 2844 2298 imperatriee
2871 2230 3163 2300 imperium
3194 2241 3408 2300 regant,

1835 2324 2064 2392 ejusque
2109 2322 2270 2376 bonis
2321 2330 2377 2375 et
2425 2321 2730 2377 honoribus
2793 2322 3166 2392 perfruantur.
3203 2323 3410 2390 Quodsi

1836 2409 2132 2481 aliquando
2179 2424 2330 2464 arma
2365 2410 2716 2487 imperatoris
2739 2410 2936 2468 liberis
2970 2411 3275 2480 perieulum
3309 2411 3418 2474 de:

1835 2503 2148 2558 nuntiantia
2193 2501 2594 2566 movebuntur,
2635 2517 2854 2558 rursum
2904 2503 3135 2572 impigre
3159 2489 3407 2558 hostium
3457 2524 3464 2533 ·

1837 2597 1961 2650 telis
2015 2609 2100 2648 me
2145 2592 2454 2664 objectabo.
2486 2603 2541 2648 et
2579 2603 2674 2648 aut
2707 2594 2999 2665 imperium
3042 2595 3150 2649 illis
3179 2598 3410 2650 servabo

1839 2687 2150 2750 incolume,
2202 2693 2298 2739 aut
2344 2699 2535 2740 eoruzu
2588 2701 2750 2740 causa
2807 2685 2861 2740 in
2898 2686 3078 2740 medio
3108 2689 3410 2744 certamine

1838 2778 2160 2834 occumbam
2187 2792 2202 2831 :
2238 2785 2296 2830 ut
2325 2792 2425 2847 ego
2463 2776 2686 2846 quidem
2717 2777 2932 2832 labores
2965 2777 3195 2834 habeam
3229 2789 3285 2836 et
3313 2795 3408 2850 pe-

1841 2871 2033 2935 ricula,
2079 2885 2175 2923 vos
2224 2877 2408 2922 autem
2449 2869 2704 2924 omnibus
2747 2869 2923 2940 copiis
2961 2869 3263 2937 afﬂuentes,
3310 2873 3409 2928 de—

1841 2963 1984 3017 liciis
2029 2971 2087 3017 et
2139 2962 2356 3032 gaudiis
2411 2961 2617 3028 dediti,
2667 2961 2834 3016 vitam
2884 2964 3033 3018 nullo
3075 2964 3410 3033 impediente

1843 3054 2171 3124 transigatis.
2201 3052 2377 3124 Caput
2403 3053 2641 3122 denique
2666 3061 2722 3107 et
2747 3067 2960 3108 summa
2987 3056 3250 3110 orationis
3277 3073 3411 3134 mea:

1841 3156 1945 3210 est,
1977 3162 2036 3201 re
2063 3146 2210 3200 nulla
2238 3161 2324 3200 me
2347 3145 2644 3199 adductum
2673 3145 2761 3210 iri,
2789 3156 2848 3200 ut
2875 3149 3152 3216 quomodo
3176 3150 3409 3206 antehae

1845 3237 2135 3307 imperium
2181 3236 2558 3290 administrent
2591 3255 2604 3292 :
2632 3236 2797 3311 359
2829 3250 2884 3298 et
2919 3260 3032 3314 quo
3071 3245 3212 3301 facto
3245 3245 3406 3302 simul

1844 3327 1988 3397 quod
2040 3327 2172 3400 dico,
2208 3326 2584 3396 comprobem,
2625 3343 2655 3380 e
2700 3335 2832 3387 sella
2875 3345 3136 3390 consueta
3179 3354 3409 3407 surgens

1844 3419 1974 3473 alibi
2013 3420 2244 3480 sedebo.
2301 3429 2360 3472 ut
2409 3419 2682 3490 Angusta,
2731 3434 2786 3480 et
2829 3441 2926 3480 vos
2981 3427 3125 3482 scire
3172 3443 3406 3498 queatrs,

1844 3511 1980 3564 nihil
2011 3512 2119 3581 jam
2172 3511 2390 3564 obstare
2415 3553 2428 3578 ,
2491 3519 2788 3582 quominus
2835 3519 2999 3571 alium
3039 3524 3348 3591 quempiam
3378 3541 3410 3578 e

1843 3611 2024 3656 vestra
2056 3604 2328 3658 sententia
2357 3611 2520 3658 tantis
2548 3608 2707 3661 rebus
2733 3609 3066 3676 przefit-iatis.
3092 3611 3214 3666 Haec
3240 3615 3404 3677 fatus,

1844 3694 1897 3748 in
1953 3695 2119 3748 alium
2165 3695 2368 3757 locum,
2404 3706 2659 3766 tanquam
2698 3699 2814 3764 ipso
2855 3715 3019 3768 opere
3049 3705 3206 3756 afteri
3241 3705 3410 3774 impe-

1846 3787 1986 3839 rium
2041 3787 2244 3840 cedens
2291 3789 2581 3841 concessit.
2625 3788 2692 3840 At
2743 3791 2891 3842 enim
2934 3794 3246 3859 patriarcha
3294 3796 3410 3850 hac
3503 3794 3515 3805 ’

1843 3878 2036 3931 videns
2083 3887 2140 3930 et
2177 3876 2406 3939 audiens
2442 3895 2454 3929 :
2484 3875 2663 3932 Durus
2691 3889 2796 3940 est,
2832 3880 3030 3948 inquit,
3074 3883 3162 3936 hic
3201 3901 3404 3950 sermo,

1842 3977 1898 4021 et
1939 3966 2030 4035 qui
2075 3966 2316 4019 animum
2361 3966 2724 4035 imperatricis
2762 3971 3081 4037 gravissime
3113 3975 3407 4027 vulnerare

1843 4057 2033 4129 possit.
2063 4057 2198 4113 Vera
2230 4057 2495 4126 loqueris,
2527 4057 2604 4111 ait
2629 4057 3002 4126 domesticus;
3035 4071 3090 4116 et
3114 4077 3246 4117 sane
3271 4066 3408 4119 nihil

1843 4150 2038 4203 horum
2096 4161 2272 4216 nedue
2319 4147 2428 4201 diei
2483 4149 2792 4217 oportebat,
2842 4166 3023 4222 neque
3073 4152 3214 4208 fieri.
3256 4155 3410 4211 Nunc

1843 4249 2023 4294 autem
2067 4254 2133 4292 eo
2178 4239 2523 4294 necessitatis
2569 4240 2888 4308 compellor,
2941 4253 2999 4297 ut
3023 4246 3272 4312 quamvis
3298 4263 3410 4316 pne

1843 4331 2098 4386 omnibus
2144 4329 2395 4395 tnaxime,
2448 4323 2785 4403 «pnecunque
2845 4335 2911 4390 ad
2952 4338 3408 4406 consolatiom-m,

1843 4437 2246 4491 man-eruntque
2297 4421 2620 4477 levationem
2669 4426 2949 4493 pertinent
2995 4427 3108 4497 (qui
3156 4445 3218 4483 ex
3255 4429 3408 4484 obitu

1843 4603 1985 4674 apud
2038 4603 2184 4656 illam
2215 4603 2396 4657 dicere
2421 4605 2606 4669 velim,
2639 4607 2832 4660 faciant
2867 4618 3069 4670 tamen,
3103 4627 3222 4679 qua:
3257 4574 3412 4664 sola:

1845 4698 1920 4748 tio
1969 4694 2114 4747 illius
2159 4691 2455 4760 plurimum
2501 4705 2847 4769 repugnant;
2889 4696 3054 4766 idque
3094 4697 3309 4751 duabus
3343 4699 3410 4752 de
3485 4765 3490 4769 ν

1843 4785 2044 4847 causis,
2090 4783 2174 4838 vel
2201 4783 2347 4852 gquia
2377 4765 2598 4839 omniti'o
2631 4786 2978 4849 cessandum,
3009 4788 3088 4841 vel
3115 4789 3242 4857 quia
3269 4791 3409 4843 male

1844 4887 1899 4933 et
1939 4885 2130 4932 contra
2181 4889 2347 4944 quam
2408 4874 2487 4930 fas
2534 4875 2688 4941 sinit,
2732 4877 3117 4948 imperandum
3157 4890 3260 4934 est.
3297 4880 3404 4935 Seu

1845 4967 2012 5038 igitur
2061 4982 2146 5022 me
2205 4965 2462 5029 feriente,
2511 4967 2676 5022 etiam
2735 4969 3055 5038 imperatrix
3109 4973 3408 5035 vacaverit,

1847 5058 2079 5113 credens
2125 5067 2185 5111 ut
2231 5058 2568 5127 nuperrime,
2603 5073 2632 5111 a
2663 5073 2748 5112 me
2774 5061 3060 5130 imperium
3095 5068 3409 5132 temperari,

1847 5150 2030 5205 omnia
2060 5166 2276 5220 pessum
2318 5150 2398 5204 ire
2442 5150 2761 5218 oportebit;
2812 5167 2910 5217 seu
2959 5154 3329 5209 somniculose
3357 5169 3411 5212 ct

1847 5246 2008 5296 Secns
2037 5257 2199 5310 quam
2226 5242 2482 5295 convenit
2509 5243 2866 5310 gubernante,
2889 5243 3078 5298 eadem
3105 5255 3188 5300 est
3217 5264 3411 5318 exspe-

1846 5333 2041 5390 ctanda
2089 5331 2368 5387 calamitas
2397 5349 2410 5394 ;
2447 5343 2504 5386 et
2544 5348 2644 5402 ego
2683 5333 2907 5402 insuper
2933 5345 3040 5387 non
3063 5336 3185 5390 aliis
3209 5341 3409 5400 solum,

1845 5439 2034 5478 verum
2064 5425 2226 5476 etiam
2255 5423 2504 5476 mihimet
2538 5422 2907 5492 improbitatis
2931 5440 3118 5494 pinnas
3141 5427 3281 5480 dabo
3308 5446 3321 5490 ;
3355 5438 3414 5484 ut

1848 5516 2101 5583 utrinque
2154 5514 2353 5588 referat
2407 5514 2522 5568 hcce
2585 5515 2990 5600 ipiperatricem
3037 5534 3408 5590 cognoscere,

1846 5605 2056 5658 etiamsi
2121 5603 2247 5658 inde
2309 5619 2448 5673 aegra
2503 5605 2670 5659 animi
2735 5605 2916 5662 futura
2968 5610 3078 5671 sit:
3139 5613 3408 5682 siquidem

1846 5705 2082 5766 praestat,
2133 5707 2192 5750 ut
2230 5705 2490 5766 percepto
2537 5713 2718 5752 rerum
2783 5708 2924 5754 statu
2973 5713 3150 5758 tecum
3191 5713 3246 5758 et
3284 5721 3411 5758 cum

1849 5788 1965 5842 aliis
2026 5803 2122 5857 pro
2194 5803 2259 5842 eo
2333 5803 2393 5844 ac
2461 5789 2622 5845 debet
2681 5791 2747 5846 de
2817 5796 3045 5863 imperio
3105 5798 3398 5861 consultet,
