3794 6574
131 366 220 449 72‘5
1214 393 1753 454 lIlSTORIARUM
1795 396 2024 456 LIBER
2065 396 2176 457 ιιι.
3231 387 3337 450 726

135 501 290 568 μάτων
329 500 425 571 τὴν
466 502 544 563 εἰς
582 499 639 554 σὲ
696 501 881 570 φιλίαν
926 504 1241 574 προηγοίτο.
1286 504 1526 574 Πότερον
1561 500 1656 558 οὖν

1782 503 2022 569 livimus,
2060 515 2111 559 te
2147 503 2252 558 sibi
2283 512 2336 559 et
2376 503 2583 569 liberis,
2616 513 2671 559 et
2707 515 2896 567 uxore,
2931 509 3070 557 etut
3098 499 3339 555 breviter

132 593 197 655 ὼς
231 591 313 657 μὲν
365 592 684 665 ἐπιλέλησαι
732 595 830 662 τῆς
889 594 1151 664 βασιλέως
1179 594 1383 663 φιλίας,
1417 595 1654 664 οὐδὲίτῷ

1782 594 1968 657 licam,
2001 595 2165 652 rebus
2188 595 2442 650 omnibus
2471 597 2776 651 chariorem
2807 608 2950 650 esse.
2980 593 3120 647 Num
3153 591 3336 662 igitur,

132 683 233 737 λίαν
261 685 627 755 συκοφαντικῷ
662 687 790 749 τοὺς
818 688 1053 755 τρόπους
1098 689 1273 740 εἰπεῖν
1298 688 1544 753 ἐξέσται,
1571 690 1655 742 ὅτι

1782 703 1838 740 ne
1881 686 2112 757 insignis
2143 688 2364 757 quidem
2399 689 2763 744 calumniator
2795 698 2846 744 te
2890 689 3051 755 huius
3082 687 3341 741 amicitiae

1769 789 2026 851 oblitum,
2069 805 2372 844 memorem
2432 799 2634 854 autem,
2685 791 3049 844 nihilominus
3082 787 3343 858 improbe

1768 899 1950 953 agere,
1976 882 2273 952 liberisque
2294 883 2642 952 imperatoris
2669 894 2797 952 post
2817 885 2937 954 ejus
2965 883 3177 936 obitum
3205 880 3341 935 alias

1786 991 1949 1035 "nam
1973 975 2209 1035 debuisti
2235 977 2436 1046 gratias
2468 975 2676 1031 referre
2699 976 2883 1031 dicere
2911 974 3113 1045 poterit
3130 973 3344 1043 ?‘Atqni

1779 1079 1888 1118 non
1924 1064 2099 1134 magis
2130 1064 2233 1120 hoc
2265 1073 2416 1118 tuum
2448 1074 2555 1131 est,
2589 1080 2754 1133 quam
2786 1065 2962 1135 prius.
2990 1063 3057 1119 At
3086 1077 3217 1117 vero
3246 1079 3346 1116 nec

1781 1154 1889 1209 luis
1918 1155 2287 1215 sermonibus,
2320 1170 2459 1224 quos
2492 1170 2729 1223 semper,
2761 1156 2926 1209 etiam
2946 1155 3078 1209 rivo
3112 1154 3349 1224 impera-

1780 1253 1919 1306 tore,
1941 1259 2153 1299 mecum
2188 1228 2446 1311 habebas,
2479 1246 2877 1302 consentientis
2910 1255 3060 1309 sunt,
3091 1260 3212 1314 quae
3239 1258 3346 1298 s'a-

1780 1335 1955 1391 teisti.
1989 1334 2108 1392 Non
2147 1337 2297 1391 enim
2329 1352 2359 1391 e
2403 1330 2665 1390 memoria
2705 1337 2910 1391 excidit
2942 1336 3036 1392 tibi
3078 1336 3346 1405 profecto.

1780 1435 1841 1481 nt
1866 1426 2034 1481 multa
2066 1435 2117 1483 te
2145 1431 2471 1493 certamina,
2502 1430 2792 1497 variosque
2821 1443 3001 1491 casus,
3029 1439 3082 1483 et
3114 1438 3350 1482 mortem

1778 1529 1999 1584 quoque
2018 1515 2215 1585 ipsam,
2245 1514 2288 1571 si
2313 1516 2422 1570 dici
2451 1509 2659 1605 fas'est.
2684 1532 2785 1587 pro
2810 1517 2970 1579 meis,
3001 1515 3352 1585 ﬁliorumque
3438 1572 3445 1597 Ι

532 1607 741 1687 ομένειν
793 1607 1094 1671 ίσχυρίζου.
1140 1607 1216 1655 Οὓ
1268 1607 1364 1656 νῦν
1399 1607 1665 1673 παρόντος
1734 1638 1741 1645 ι
1776 1621 2028 1672 raeorum
2059 1607 2364 1661 rationibus
2396 1608 2737 1665 turbulentis
2778 1610 3123 1678 temporibus
3163 1622 3349 1677 prom-

127 1687 179 1741 εί
199 1705 271 1741 σοι
295 1688 668 1760 ἐξελέγχεσθαι
711 1691 800 1744 ἐπὶ
828 1691 936 1746 τῶν
962 1692 1141 1762 ἔργων
1168 1695 1470 1764 εὐπρεπὲς,
1498 1695 1663 1765 αὐτὸς

1782 1697 2029 1768 ptissime
2095 1698 2405 1752 subiturum
2467 1701 2898 1754 asseveraveris.
2952 1700 3067 1765 Qua
3129 1700 3351 1768 quidem

126 1780 278 1847 ἐρεῖς.
313 1779 429 1832 Ἔτι
463 1779 520 1833 δὲ
566 1780 675 1834 οὐδ’
720 1783 939 1853 ἐμαυτῇ
967 1801 1019 1836 τι
1041 1783 1259 1838 σύνοιδα
1284 1787 1378 1839 τοι
1424 1803 1664 1854 προσκεσ

1782 1788 2104 1842 necessitate
2132 1805 2277 1843 nune
2306 1800 2594 1859 praesente,
2624 1806 2695 1844 an
2743 1806 2800 1845 re
2845 1790 2961 1861 ipsa
2994 1800 3050 1845 et
3083 1789 3257 1844 refelli
3286 1805 3351 1843 ac

126 1872 369 1942 κρουκυίᾳ
397 1888 412 1902 ο
446 1870 562 1924 ἀλλ’
597 1872 656 1938 ἐξ
680 1873 803 1926 ὅτου
837 1876 1227 1946 παρεγενόμην
1273 1879 1333 1929 ὲν
1368 1880 1481 1941 τοῖς
1516 1878 1672 1949 βασι-

1782 1882 2029 1951 redargui
2050 1882 2339 1951 pulchrum
2375 1882 2511 1936 adeo
2544 1884 2639 1937 tibi
2661 1883 2753 1944 sit,
2786 1892 2843 1936 tu
2874 1882 3349 1937 videris.Pra:terc

133 777 181 830 δὲ
230 777 556 846 μεμνημένος
622 780 964 848 άγνωμονεῖς
995 819 1009 844 ,
1075 780 1171 832 καὶ
1223 783 1337 842 τοῖς
1396 780 1658 851 βασιλέως

131 868 311 921 παισὶν
342 868 592 932 ἐναντίας
644 863 679 942 ᾗ
746 873 1024 941 προσῆκεν
1111 872 1391 934 ἀποὸίνως
1426 871 1657 941 ἀμοιϐὰς

134 958 252 1029 μετὰ
280 959 370 1030 τὴν
406 961 615 1015 ἐκείνου
670 962 963 1033 τελευτήν;
1009 962 1124 1017 ἀλλ’
1170 962 1294 1017 οὔτε
1336 963 1496 1017 τοῦτο
1542 964 1655 1022 σὺν,

130 1049 292 1123 ὥσπερ
332 1052 450 1106 οὐδὲ
498 1052 558 1106 τὸ
594 1054 830 1124 πρῶτον.
892 1054 975 1111 Ού
1032 1058 1174 1127 μήν’
1214 1058 1329 1112 ἀλλ’
1356 1057 1501 1111 ὀὐδὲ
1552 1057 1659 1111 τῶν
1695 1113 1715 1133 ⁸

132 1142 250 1213 πρὸς
281 1144 368 1213 ἐμέ
419 1161 512 1196 σου
562 1144 738 1213 λόγων
777 1145 871 1211 ο²λς
929 1147 1194 1202 ἑκάστοτε
1247 1151 1342 1203 καὶ
1396 1148 1661 1218 βασιλέως

130 1232 303 1299 ζῶντος
329 1233 570 1301 διεξὶεις,
606 1236 734 1301 ἄξια
765 1239 832 1290 τά
857 1221 1158 1309 δεδογμένα
1187 1240 1303 1294 νῦν.
1341 1242 1419 1294 Οὐ
1454 1241 1569 1312 γὰρ
1595 1242 1659 1310 δή

129 1326 220 1380 πού
255 1343 309 1395 γε
349 1327 671 1399 ἐπιλέλησαι
703 1329 778 1394 ὡς
809 1331 1040 1395 πολλοὺς
1069 1334 1291 1401 ἀγῶνας
1340 1335 1435 1388 καὶ
1483 1337 1663 1389 κινδύ-

128 1437 238 1484 νους
270 1421 352 1473 καὶ
403 1421 633 1476 θάνατον
681 1424 730 1476 εί
764 1420 874 1478 οἷον
912 1443 971 1479 τε
1006 1429 1182 1480 εἰπεῖν
1220 1428 1362 1498 ὑπὲρ
1383 1430 1484 1499 τῆς
1520 1430 1667 1498 ἐμῆς

128 1506 364 1575 ὠφελείας
395 1512 488 1562 καὶ
518 1511 628 1562 τῶν
668 1511 878 1565 παίδων
906 1513 1260 1583 ἑτοιμότατος
1290 1512 1433 1567 εἶναι
1464 1517 1662 1585 καιροῦ

130 1593 392 1654 καλοῦντος
444 1596 741 1667 ὑπομένειν
793 1586 1094 1671 ἰσχυρίζου.
1140 1596 1216 1655 OB
1268 1601 1364 1656 νῦν
1399 1603 1665 1673 παρόντος

124 1959 276 2023 λείοις
324 1959 510 2028 οἴκοις,
545 1963 698 2016 οὐδὲν
739 1964 1079 2019 ἀποδέουσαν
1130 1963 1243 2018 οὔτ’
1274 1964 1513 2033 εὔνοιαν,
1548 1967 1679 2021 οὔτε.

125 2052 280 2120 τιμὴν
305 2051 333 2121 ἢ
374 2052 622 2122 τάδελφῷ
651 2054 827 2124 κόντῳ
857 2056 1227 2126 παρειχόμην,
1262 2056 1466 2125 μᾶλλον
1498 2058 1554 2111 δὲ
1583 2060 1678 2113 καὶ

126 2143 284 2196 πλείω
324 2145 631 2213 παραπολύ.
660 2147 826 2201 Ὅσον
853 2148 1065 2201 ἐκείνου
1099 2149 1198 2217 μὲν
1226 2147 1352 2201 οὔτε
1382 2149 1677 2213 τεθνεῶτος

125 2236 241 2305 ἐμοί
268 2254 343 2300 τις
375 2237 571 2308 βλάϐη,
613 2239 726 2293 οὔτ’
748 2240 987 2307 ὠρέλεια
1018 2240 1221 2305 ζῶντος
1256 2241 1447 2311 ἕψεται
1486 2243 1678 2296 τοσοῦ·

46 2334 67 2345 ’
123 2344 182 2380 το
226 2328 619 2399 διῳκισμένου·
671 2332 736 2385 σὺ
786 2332 842 2385 δὲ
896 2334 990 2387 καὶ
1046 2333 1154 2397 ζῶν
1217 2334 1284 2388 τά
1334 2337 1570 2407 μέγιστα
1613 2336 1679 2389 ἂν

122 2417 351 2488 ὀνήσαις,
392 2424 487 2476 καὶ
543 2423 833 2477 ἀποθανὼν
892 2426 1048 2480 οὖδὲν
1091 2423 1256 2499 ἦττον
1292 2433 1425 2499 ἡμῖν
1476 2447 1534 2482 τε
1586 2430 1680 2483 καὶ

120 2512 229 2573 τοῖς
277 2513 558 2582 Ῥωμαίων
610 2516 902 2586 πράγμασι
940 2519 1180 2591 λυμανῇ.
1226 2520 1367 2588 Ἐγὼ
1399 2522 1455 2574 δὲ
1501 2524 1682 2576 καίτοι

122 2603 287 2655 πολλὰ
320 2605 588 2675 συνείρειν
616 2604 835 2677 ἔχουσα,
864 2609 958 2661 καὶ
989 2609 1376 2673 ἀποδεικνύναι
1398 2612 1468 2664 δι’
1502 2611 1683 2665 αὐτῶν

46 2744 57 2755 ,
119 2697 195 2759 ὡς
216 2695 330 2749 οὔτε
355 2700 726 2770 σὀμφέροντα,
771 2699 895 2753 οὗτε
922 2701 1103 2755 δίκαια
1144 2703 1473 2770 ἐϐουλεύσω,
1504 2706 1679 2759 ἐκεῖιο

123 2790 279 2859 μόνον
311 2791 419 2860 ἐρῶ
464 2794 531 2845 τά
578 2793 710 2845 ἄλλα
740 2794 1145 2849 καταλιποῦσα.
1182 2798 1242 2849 Ei
1284 2798 1391 2868 γὰρ
1419 2799 1681 2868 περιόντα

116 2886 240 2936 τινὰ
283 2885 398 2937 ὁδὸν
435 2885 543 2937 τῶν
594 2888 877 2953 ἐπιφανῶν
916 2906 1021 2941 τινι
1060 2889 1262 2960 συνέϐη
1300 2892 1527 2958 γυναικὶ
1553 2907 1683 2943 συν-

115 2977 301 3044 τυχεῖν
355 2978 556 3048 χηρείᾳ
618 2978 719 3048 μὲν
775 2980 1065 3053 συνούσῃ,
1101 2984 1197 3037 καὶ
1234 2984 1349 3047 τοῖς
1384 2985 1447 3036 ὲκ
1479 2984 1686 3053 ταύτης

115 3068 325 3151 κακοῖς,
363 3067 456 3119 καὶ
490 3069 678 3121 παισὶν
710 3070 989 3140 ὀρφανοῖς,
1024 3073 1121 3126 καὶ
1164 3074 1370 3143 μηδένα
1410 3075 1501 3128 τὸν
1559 3093 1686 3147 ςτρο⁸

1775 1986 1841 2027 ea
1887 1990 1994 2029 non
2077 1974 2213 2033 mihi
2258 1991 2379 2031 sum
2422 1976 2666 2041 conseia,
2713 1974 3009 2030 offendisse
3054 1972 3351 2042 aliquando

1777 2065 2113 2120 voluntatem
2164 2075 2335 2127 tuam,
2395 2067 2488 2121 sed
2542 2082 2610 2120 ex
2654 2082 2765 2135 quo
2811 2066 2968 2137 361
3024 2065 3079 2119 in
3131 2064 3354 2118 domum

1780 2157 2193 2228 imperatoriam
2227 2159 2412 2228 nupsi,
2457 2173 2615 2229 asque
2644 2168 2703 2213 ut
2746 2158 2968 2212 fratrem
3013 2171 3196 2211 meum
3233 2170 3358 2235 ger-

1782 2265 2004 2307 manum
2041 2249 2330 2306 Subaudiaa
2353 2252 2610 2306 comitem
2647 2261 2697 2307 te
2729 2251 2894 2315 colui,
2925 2266 2989 2303 ac
3014 2249 3213 2315 dilexi;
3246 2247 3358 2301 imo

1783 2356 1916 2395 vero
1964 2342 2134 2397 multo
2182 2322 2439 2413 amplius,
2474 2344 2619 2414 quod
2673 2359 2737 2398 ex
2786 2343 2884 2398 illo
2926 2352 3144 2397 mortuo
3180 2355 3360 2409 neque

1730 2498 1731 2501 η
1785 2436 2109 2492 detrimenti
2169 2428 2489 2508 quidquam,
2552 2452 2652 2494 nec
2702 2438 2997 2509 superstite
3058 2436 3357 2505 quidquam

1782 2532 2080 2595 commodi,
2122 2530 2289 2584 tantis
2323 2545 2353 2584 a
2392 2546 2477 2584 me
2528 2542 2793 2584 terrarum
2839 2528 3032 2599 spatiis
3080 2527 3360 2594 disfuncto

1782 2621 2078 2695 adipiscar.
2107 2622 2187 2676 Tu
2215 2629 2691 2691 autemquantum
2718 2623 2979 2691 prodesse
3012 2628 3170 2689 potes
3198 2617 3359 2669 vivus
3432 2642 3443 2655 ο

1787 2716 1964 2781 (putes
1992 2721 2172 2765 autem
2201 2712 2361 2780 longe
2392 2710 2712 2782 plurimum)
2750 2717 2982 2775 tantum,
3008 2707 3274 2777 mihique,
3306 2714 3363 2759 et

1786 2802 2104 2873 reipublicae
2138 2803 2395 2857 Romana
2425 2816 2627 2857 nocere
2672 2811 2831 2874 potes
2868 2811 3141 2856 mortuus.
3177 2788 3364 2867 Quan-

1786 2909 1949 2963 quam
1979 2909 2149 2964 porro
2174 2894 2341 2948 multa
2380 2909 2578 2964 queam
2608 2894 2787 2948 adhuc
2809 2893 3129 2963 adjungere,
3158 2901 3214 2948 et
3236 2891 3364 2945 inde

1787 2986 2083 3041 ostendere
2117 2994 2170 3038 te
2202 3000 2380 3054 neque
2412 2985 2762 3055 frugiferum,
2810 3001 2991 3054 neque
3034 2985 3241 3054 justum
3279 2998 3368 3036 cc-
3417 3038 3429 3048 ,

1790 3075 1937 3145 pisse
1965 3074 2284 3141 consilium,
2311 3073 2535 3131 omissis
2561 3074 2706 3139 aliis,
2725 3074 2860 3128 illud
2904 3082 3115 3128 tantum
3150 3072 3362 3157 dicam.

116 3157 453 3226 στησόμενον
510 3157 694 3228 ἔχουσι
758 3162 1187 3233 προστετηκυία,
1224 3165 1316 3217 καί
1367 3164 1672 3233 διὰιταύτας

1792 3167 1847 3224 Si
1895 3167 1984 3223 cui
2033 3166 2231 3223 viatori
2283 3166 2644 3236 contingeret,
2701 3166 2755 3221 in
2801 3166 3087 3221 mulierem
3126 3165 3365 3234 aliquam

113 3246 346 3310 πολλοὺς
401 3247 728 3321 ὑφορωμένη
784 3252 912 3315 τοὺς
968 3252 1272 3320 κινδύνους,
1314 3256 1408 3309 καὶ
1457 3255 1672 3326 δεομένι

1791 3255 2034 3310 nobilem
2067 3254 2332 3321 incidere,
2365 3255 2651 3309 viduitatis
2695 3254 3007 3309 calamitate
3046 3254 3369 3310 conflictan-

111 3338 214 3406 τῆς
244 3338 539 3407 δυστυχίας
574 3342 864 3412 οίκτεῖραι,
897 3345 993 3397 καὶ
1021 3346 1193 3412 αὐτῆς
1235 3349 1545 3418 προστῆναι
1578 3336 1687 3402 τῶν

110 3434 324 3486 παίδων
354 3431 508 3485 οὐδὲν
538 3432 725 3506 ἕτερον
756 3437 836 3501 είς
875 3436 1086 3490 δικαίου
1117 3438 1278 3508 λόγον
1304 3442 1688 3513 προϐαλλομέ-

108 3546 202 3598 νη,
263 3528 296 3598 ἢ
348 3527 449 3594 τὴν
496 3529 781 3596 εὐγένειαν
834 3530 929 3585 καὶ
987 3530 1087 3601 τὴν
1132 3533 1284 3602 παρὰ
1334 3535 1494 3600 ἀξίαν
1523 3551 1690 3588 κακο-

107 3621 387 3690 πραγίαν,
433 3622 533 3674 οὐκ
569 3622 677 3675 ἔδει.
708 3624 800 3676 καί
835 3641 892 3677 σε
936 3625 1032 3678 καὶ
1086 3624 1268 3678 πάντα
1301 3626 1546 3693 ὁντινοῦν
1577 3623 1690 3691 οἶος

107 3715 205 3778 σὺ,
238 3714 351 3769 τῶν
398 3714 575 3769 ἄλλων
625 3716 1019 3787 ἀμελήσαντα,
1059 3718 1321 3787 πρόνοιαν
1359 3719 1694 3790 ποιήσασθαι

102 3810 217 3891 τῆς
245 3808 527 3874 γυναικδςε
542 3809 643 3894 ὅση
681 3808 886 3879 δυνατὴ
933 3810 1030 3863 καὶ
1061 3809 1363 3882 ἀξιόχρεως
1396 3813 1523 3874 τοὺς
1552 3812 1695 3883 ὑπὲρ

101 3896 338 3966 ἐκείνης
365 3896 590 3966 νομίσαι
625 3897 821 3961 πόνους
864 3900 944 3960 είς
987 3899 1241 3963 εὐκλείας
1273 3900 1429 3969 λόγον
1483 3902 1576 3953 καὶ
1616 3901 1698 3955 δι-

101 3988 460 4060 καιοσύνηςς
512 3989 563 4043 εί
618 3988 800 4044 τοίνυν
827 3989 990 4044 τοῦτο
1032 3991 1195 4060 μόνον
1239 3991 1476 4062 ἡρκεσεν
1508 3991 1577 4046 ἂν
1616 3995 1695 4054 είς

101 4083 319 4150 πειθὼ,
354 4082 475 4138 τίνα
506 4082 572 4137 ἂν
603 4083 963 4155 εὐπρόσωπον
996 4082 1297 4153 ἀπολογίαν
1334 4085 1615 4156 άποδοξης,
1647 4088 1698 4139 εί

98 4174 288 4231 αὑτοῦ
339 4193 403 4230 τε
459 4175 649 4229 τούτου
681 4177 779 4229 καὶ
814 4175 1026 4229 πολλῶν
1079 4175 1283 4247 ἑτέρων
1329 4177 1698 4249 ἰσχυροτέρων

94 4267 430 4336 παρόντων,
469 4268 847 4338 ἀπαραίτητος
904 4267 1119 4338 ὀφθῆςς
1173 4269 1265 4322 Διὸ
1326 4266 1421 4321 σοῦ
1480 4268 1696 4339 δέομαι,

96 4361 328 4430 ταύτης
380 4360 690 4430 ἀποστῆναι
725 4361 823 4431 τῆς
867 4360 1082 4433 βουλῆς,
1129 4363 1223 4416 καὶ
1261 4361 1339 4434 μὴ
1369 4361 1701 4432 προφάσεως

1792 3354 1921 3411 tem,
1951 3363 2077 3404 cum
2110 3347 2301 3402 liberis
2331 3347 2617 3416 orphanis,
2652 3357 2835 3403 tutore
2869 3363 3096 3418 prorsus
3133 3348 3371 3401 destitu-

1795 3440 1885 3504 tis,
1928 3449 1985 3493 et
2027 3437 2233 3493 idcirco
2268 3439 2441 3492 multa
2471 3446 2810 3493 metuentem
2841 3453 3055 3507 aspera,
3091 3447 3371 3491 orantem-

1795 3547 1904 3601 que
1942 3537 2003 3585 ut
2043 3546 2416 3587 aerumnarum
2453 3546 2679 3586 suarum
2720 3531 3005 3595 misertus,
3040 3530 3124 3585 sui
3166 3530 3374 3585 libero-

1794 3638 2026 3693 rumque
2063 3622 2430 3692 patrocinium
2464 3622 2790 3692 susciperet.
2841 3631 2898 3676 et
2940 3621 3248 3691 argumenti
3302 3620 3372 3675 ad

1796 3717 2236 3786 impetrationem
2282 3715 2420 3769 nihil
2475 3715 2822 3777 efferentem,
2866 3716 2974 3770 nisi
3025 3715 3374 3770 nobilitatem

1799 3824 1980 3873 suam,
2019 3818 2073 3862 et
2106 3808 2482 3863 conditionem
2517 3808 2816 3871 infelicem,
2845 3823 2910 3862 ac
2952 3822 3012 3863 se
3044 3808 3322 3877 indignam
3356 3825 3371 3861 :

1797 3917 1981 3956 nonne
2013 3909 2314 3972 oporteret,
2345 3908 2400 3955 et
2426 3910 2498 3966 te,
2526 3909 2580 3955 et
2609 3886 2995 3970 quemcunque
3026 3900 3102 3955 tui
3135 3900 3372 3955 similem
3422 3890 3423 3893 “

1798 3993 2014 4051 exteris
2054 3991 2312 4063 sepositis
2337 3996 2532 4048 Curare
2574 3993 2741 4047 talem
2769 3990 3052 4054 feminam,
3104 3998 3374 4061 quantum

1799 4086 1856 4141 in
1894 4094 1946 4140 te
1970 4093 2147 4159 esset,
2194 4084 2528 4152 laboresque
2560 4098 2663 4155 pro
2703 4083 2797 4138 illa
2828 4098 2938 4137 non
2982 4091 3265 4138 recusatos
3305 4085 3377 4140 ad

1800 4178 2136 4236 celebritatis
2199 4177 2541 4249 iustitiaeque
2612 4177 2884 4232 rationem
2948 4187 3208 4245 reputare
3255 4175 3374 4229 ido-

1801 4271 1974 4327 neos?
1995 4269 2042 4326 si
2064 4284 2197 4341 ergo
2226 4269 2333 4324 hoc
2366 4269 2631 4324 duntaxat
2656 4267 2723 4337 ad
2754 4266 3198 4336 persuadendum
3227 4266 3379 4319 sulll-
3432 4328 3435 4335 ι

1801 4363 1975 4428 ceret,
2008 4377 2198 4433 quem,
2232 4362 2454 4426 amabo,
2482 4360 2820 4415 defensionis
2850 4361 3091 4415 colorem
3125 4359 3385 4423 habebis,

91 4453 283 4507 ἕνεκα
337 4456 565 4525 μικρᾶς,
620 4455 720 4525 ἐμέ
776 4472 836 4508 τε
884 4452 1262 4528 καὶ¹νηπίους
1317 4455 1518 4522 παῖδας
1574 4455 1667 4509 τοὺ

1803 4454 1849 4508 si
1875 4453 1982 4509 hoc
2013 4452 2157 4523 ipso,
2185 4452 2485 4522 multisque
2533 4461 2799 4522 praeterea
2840 4451 3180 4507 firmioribus
3215 4467 3382 4518 argu-

90 4548 288 4617 ἐμοὺς
317 4546 514 4618 ῶσπερ
540 4549 599 4621 εν
621 4546 774 4617 μέσῳ
807 4547 1036 4621 πελάγει
1066 4550 1201 4604 ναῦν
1238 4549 1457 4620 ἐρήμην
1501 4550 1672 4619 κυϐερ

1805 4547 2006 4619 mentis
2032 4534 2516 4617 suppeditantibus
2544 4544 2748 4600 inflecti
2777 4545 2922 4599 haud
2953 4547 3199 4617 potuisse
3231 4546 3385 4601 vide-

89 4640 283 4710 νὴτου
343 4639 690 4693 καταλιπεῖν.
731 4638 874 4693 Ἀλλ’
920 4639 1020 4692 εἶτ’
1054 4639 1218 4702 αὖτ’δς
1251 4640 1471 4711 πρῶτος
1513 4641 1670 4694 ὲνεθυ

1802 4636 1977 4692 bere?
2000 4635 2346 4710 Quapropter
2378 4645 2430 4690 te
2452 4635 2705 4698 obsecro,
2737 4644 2888 4689 muta
2922 4635 3079 4689 istam
3111 4643 3378 4701 mentem,

91 4730 333 4801 μήθης,
378 4731 614 4800 ἄκαιρον
662 4724 977 4801 ἡγήσασθαι
1031 4731 1125 4785 καὶ
1161 4730 1373 4802 μυρίων
1421 4733 1672 4802 γέμουσα

1805 4736 1860 4781 et
1892 4725 2007 4780 noli
2038 4734 2148 4781 tam
2192 4725 2299 4779 levi
2344 4724 2635 4779 occasione
2662 4738 2749 4778 me
2790 4738 2919 4777 cum
2957 4712 3185 4778 tenellis
3200 4722 3383 4777 adhuc

89 4824 211 4895 τὴν
256 4822 466 4895 βουλὴν
515 4823 726 4889 κακῶν,
755 4823 856 4877 εἶθ’
890 4823 1066 4894 ἑτέρῳ
1097 4810 1527 4886 συμϐουλεύοντι
1560 4825 1672 4877 ἐπεὶ

1806 4819 2002 4874 liberis
2044 4826 2305 4887 tanquam
2339 4818 2395 4873 in
2448 4818 2632 4872 medio
2659 4816 2855 4887 pelago
2898 4816 3082 4870 navim
3119 4816 3383 4883 magistro

89 4918 280 4989 σοης,
315 4918 397 4989 μὴ
417 4915 526 4971 τῶν
555 4916 729 4987 φίλων
759 4918 986 4982 ἐκεῖνον,
1017 4916 1131 4970 ἀλλ’
1153 4915 1401 4987 ἔχθιστον
1420 4919 1672 4986 ἡγεῖσθαι

1806 4919 2085 4965 carentem
2115 4909 2378 4965 deserere
2408 4926 2422 4963 :
2457 4907 2555 4963 sed
2586 4907 2701 4962 sive
2727 4922 2828 4978 per
2857 4915 2908 4961 te
2938 4906 2994 4960 in
3027 4906 3131 4960 hac
3156 4913 3395 4960 senten-

84 5009 223 5064 Καὶ
269 5010 367 5062 σοι
407 5008 510 5078 μὲν
565 5008 703 5077 πρὸς
742 5008 845 5078 τὴν
906 5007 1164 5062 εύκλειαν
1215 5007 1310 5061 καὶ
1368 5009 1468 5077 τὴν
1513 5008 1672 5079 τιμὴν

1809 5009 1943 5061 tiam
1974 5019 2036 5060 es
2069 5004 2375 5074 ingressus,
2408 5001 2666 5065 alienam,
2703 5009 2758 5055 et
2785 5000 2933 5055 mille
2963 5000 3236 5053 malorum
3264 5000 3411 5068 ple-.’

84 5100 253 5168 ἡμῖν
305 5097 372 5151 δὲ
409 5097 547 5170 πρὸς
589 5097 765 5166 αὐτὴν
811 5098 1238 5152 ἐπιϐουλεύοντα
1273 5098 1375 5168 τὴν
1405 5092 1672 5169 σωτηρίαι

1808 5112 1935 5152 nam
1957 5096 2262 5157 existimes,
2291 5094 2408 5148 sive
2437 5092 2671 5146 alterius
2692 5104 2860 5145 suasu
2887 5090 2997 5143 huc
3021 5105 3081 5144 es
3104 5090 3382 5159 delapsus,

83 5188 436 5259 προσθήσω
476 5189 521 5243 δ’
549 5191 630 5242 ὅτι
664 5190 758 5242 καὶ
785 5191 920 5242 πᾶσι
941 5192 1053 5253 τοῖς
1096 5190 1387 5259 Ῥωμαίων
1413 5191 1672 5262 πράγμαο

1809 5204 1880 5244 ne
1911 5188 2066 5243 illum
2097 5185 2358 5252 amicum,
2394 5183 2490 5239 sed
2523 5181 2989 5248 inimicissimum,
3022 5189 3080 5236 et
3122 5189 3228 5236 tuae
3257 5183 3393 5251 qui-

81 5284 308 5353 κοινῇ.
336 5280 485 5350 Ἐγὼ
518 5280 579 5336 δὲ
616 5284 665 5337 εἱ
696 5282 794 5336 καὶ
825 5284 900 5354 μὴ
934 5284 1027 5353 ἀφ’
1075 5285 1279 5357 ἑαυτῆς
1311 5285 1451 5355 αὑτὴ
1496 5284 1559 5337 τὸ
1587 5285 1672 5338 δέο

1812 5279 1937 5333 dem
1966 5277 2153 5348 gloria:
2185 5276 2544 5344 honorisque,
2574 5283 2775 5328 nostra:
2803 5285 2987 5327 autem
3022 5272 3239 5339 salutis,
3274 5273 3386 5327 imo

83 5372 453 5442 συνεώρων,
491 5373 720 5444 οὐδεμία
756 5393 839 5438 τις
868 5376 1035 5447 ἑτέρα
1073 5380 1232 5449 κοινῇ
1265 5379 1378 5440 τοῖς
1415 5378 1672 5448 πράγμαε

1815 5372 1987 5425 totius
2035 5369 2257 5439 imperii
2314 5368 2548 5423 Romani
2598 5364 2970 5421 communiter
3011 5365 3390 5421 insidiatorem

78 5463 458 5534 βεϐαιοτέρα
489 5465 753 5536 σωτηρία,
793 5466 827 5537 ἢ
873 5468 931 5519 σὲ
976 5469 1091 5532 τοῖς
1123 5469 1476 5538 πράγμασιν,
1506 5468 1662 5524 ὥσπε

1813 5462 2108 5523 arbitrere.
2140 5462 2211 5515 Et
2261 5459 2479 5516 tametsi
2527 5473 2625 5528 per
2670 5472 2759 5511 me
2809 5474 2919 5511 non
2954 5458 3218 5525 viderem,
3256 5461 3390 5529 quid

79 5556 210 5610 καὶ
255 5555 477 5621 ζῶντος
529 5558 798 5628 βασιλέως
841 5561 1162 5627 ἐφεστάναι.
1221 5560 1312 5625 Ἐξ
1342 5561 1525 5613 αὐτῶν
1578 5562 1672 5630 γοῦ

1814 5569 2042 5610 necesse
2071 5554 2163 5617 sit,
2202 5552 2487 5616 nimirum,
2532 5566 2641 5606 non
2676 5551 2896 5605 aliunde
2935 5550 3146 5604 certius
3179 5564 3243 5604 ac
3274 5561 3389 5603 sta-

79 5645 227 5699 τῶν
257 5646 543 5717 βασιλέως
570 5649 742 5717 λόγων
772 5648 868 5712 οὓς
898 5652 1028 5720 περὶ
1049 5651 1142 5704 σοῦ
1176 5651 1440 5715 πολλάκις
1475 5654 1672 5705 ὲποιείτ

1812 5647 1980 5702 bilius
2004 5645 2120 5700 fore
2155 5644 2361 5697 salvam
2389 5642 2692 5696 Romanam
2722 5642 3120 5711 rempublicam
3148 5656 3311 5709 quam
3342 5640 3387 5693 si

79 5739 265 5807 πρὸς
313 5740 449 5809 ἐμὲ,
484 5741 721 5807 μάλιστα
767 5740 825 5792 δὲ
869 5742 975 5810 πρὸ
1006 5742 1104 5811 τῆς
1157 5742 1416 5813 τελευτῆς
1475 5744 1672 5813 μικρὸν

1818 5750 1873 5795 ιιι
1908 5739 2027 5809 ejus
2061 5737 2435 5813 gubernacula
2471 5743 2680 5798 teneas,
2714 5735 2941 5803 perinde
2993 5741 3053 5787 ut
3104 5734 3228 5785 vivo
3282 5732 3389 5785 im-

83 5832 302 5905 ἐχρῆν
342 5833 588 5888 συνεῖναι
642 5836 700 5888 τὸ
736 5839 1000 5888 συνοῖσον.
1059 5834 1446 5905 Ἀνακείμενος
1479 5836 1587 5906 γὰρ
1619 5838 1669 5888 ἔτ

1815 5842 2065 5906 peratore
2100 5812 2323 5887 tenuisti
2358 5850 2382 5887 ς-
2420 5840 2474 5885 at
2519 5832 2707 5888 saltem
2742 5845 2807 5885 ex
2846 5830 2978 5901 ipsis
3021 5828 3138 5900 ejus
3169 5836 3407 5900 sermoﬁ
