3794 6592
164 400 250 466 745

1221 403 1763 464 IIISTORIARUM
1807 406 2036 467 LIBER
2077 401 2233 469 11L!

3222 404 3330 467 746

166 520 456 590 μασιωτέραν
492 519 591 590 τῆς
623 521 800 592 ἀρχῆς
850 520 960 576 τῶν
1004 520 1320 593 ὁμοφύλων,
1375 522 1466 574 τὸν
1500 520 1663 574 αὐτὸν

1773 522 1938 575 multa
1969 536 2094 576 cum
2126 522 2380 577 libertate
2415 521 2729 578 Sismanum
2760 520 3094 592 postulatum
3141 520 3328 580 misit,

164 612 216 682 δὴ
242 613 406 682 τρόπον
460 613 556 667 καὶ
587 611 706 676 νῦν,
765 613 1034 682 Σίσμανος
1097 613 1284 682 ἱκέτης
1319 615 1511 682 γέγονε
1561 613 1660 682 τῆς

188 700 402 771 Ρωμαίων
433 701 734 772 βασιλείας,
793 704 854 756 ού
883 703 1019 774 πρὸς
1048 703 1144 773 τὴν
1165 706 1374 757 οἰκείαν
1401 701 1654 773 δεόμενος

164 797 464 862 καταγαγεῖν,
493 795 632 847 ἀλλὰ
663 795 925 865 προνοίας
965 795 1111 860 τινὸς
1158 798 1342 866 τυχεῖν
1374 813 1663 866 κακοπρα-

158 886 250 954 γῶν
277 886 461 955 καὶτῆς
490 887 668 958 ἀρχῆς
700 887 1129 957 ἐκϐεϐλημένος.
1163 888 1515 958 Ἀλέξανδρος
1551 889 1611 941 δὲ
1636 891 1664 942 ὁ

157 977 375 1047 ὑμέτερος
409 976 691 1046 βασιλεὺς,
720 977 799 1041 ὡς
827 978 1000 1046 ἔοικε,
1032 978 1120 1032 διὰ
1153 978 1252 1048 τὴν
1276 979 1542 1048 βασιλέως
1566 997 1654 1032 τε-

153 1066 312 1137 λευτὴν
339 1067 397 1122 τὰ
438 1066 728 1138 Ῥωμαίων
787 1070 1089 1139 πράγματα
1144 1072 1464 1124 παντάπασι
1504 1071 1656 1139 νομί-

159 1157 250 1222 ζων
290 1158 614 1230 διεφθάρθαι,
671 1161 766 1214 καὶ
814 1160 1020 1230 μηδένα
1067 1161 1159 1215 τὸν
1213 1162 1663 1233 προστησόμενον

150 1248 428 1317 κεκτῆσθαι,
462 1249 672 1302 ἐκεῖνον
713 1249 1032 1302 ἀπέστειλεν
1069 1250 1238 1304 αἰτῶν
1291 1249 1431 1320 μετά
1456 1249 1658 1320 πολλῆς

152 1340 237 1408 τῆς
279 1338 574 1410 παρρησίας
627 1338 724 1392 καὶ
751 1337 813 1392 τὸ
869 1338 1234 1410 κελευόμενον
1282 1342 1458 1393 ποιεῖν
1500 1338 1665 1408 μηδὲν

150 1425 711 1497 πολυπραγμονοῦντας
765 1425 963 1491 ἀξιῶν.
1022 1428 1094 1480 Τὸ
1119 1427 1166 1480 δ’
1203 1426 1456 1490 ἐναντίως
1487 1426 1602 1497 ἔχει
1629 1423 1664 1496 ἡ

147 1514 330 1586 siem
362 1516 530 1570 αὐτοί.
585 1515 852 1579 Βασιλεύς
907 1534 968 1570 τε
998 1517 1106 1587 γὰρ
1137 1516 1219 1570 ἐτι
1273 1515 1482 1586 περιὼν
1532 1519 1665 1587 ἡμῖν

149 1605 393 1678 χρώμενος
420 1609 549 1671 τοὺς
600 1608 814 1663 ἀδικεῖν
854 1607 1142 1672 ἐθέλοντας
1175 1610 1499 1680 ἐτιμωρεῖτο
1521 1624 1536 1641 ο
1572 1609 1665 1662 καὶ
1703 1662 1710 1669 ,

146 1699 231 1751 νῦν
265 1698 316 1764 ἐξ
334 1698 632 1768 ἀνθρώπων
662 1700 876 1753 ἐκείνου
909 1699 1302 1769 γεγενημένου,
1334 1701 1497 1770 ἡμεῖς
1528 1700 1668 1768 ἀμυ-

139 1789 347 1859 νούμεθα
378 1789 516 1861 ὑπὲρ
555 1789 708 1861 ἡμῶν
738 1789 942 1855 αὐτῶν,
971 1790 1038 1845 ἀν
1070 1808 1153 1854 τις
1187 1790 1338 1862 ἐπίῃ,
1376 1790 1481 1844 ὑπὸ
1512 1793 1664 1860 βασι-

137 1879 230 1949 λὲα
241 1880 318 1932 τὸν
344 1880 548 1934 ἐκείνου
579 1882 748 1935 παῖδα
773 1883 1120 1953 τεταγμένοι,
1147 1883 1244 1935 καὶ
1267 1883 1366 1951 τήν
1401 1899 1460 1935 τε
1481 1881 1666 1953 χώραν

136 1967 278 2038 ἡμῶν
308 1966 608 2036 φυλάξομεν
640 1967 831 2038 ἀπαθῆ
877 1970 1087 2035 κακῶν,
1139 1971 1235 2022 καὶ
1271 1969 1412 2040 ὑπὲρ
1461 1969 1668 2036 φιλοτι-

137 2059 254 2126 μίας
281 2057 372 2126 τῆς
392 2057 658 2112 ἀνέκαθεν
693 2058 986 2128 Ῥωμαίοις
1011 2058 1396 2130 προσηκούσης
1424 2059 1551 2112 πολε
1562 2060 1669 2130 μή·

133 2166 288 2217 σομεν
313 2149 433 2219 ὑμῖν
484 2148 808 2219 προθύμως.
851 2151 926 2204 Ού
981 2151 1090 2221 γὰρ
1129 2151 1325 2221 μικρὸν
1373 2150 1532 2204 τοῦτό
1581 2167 1668 2218 γε,

132 2242 244 2294 οὐδὲ
273 2242 743 2312 εὐκαταφρόνητον
769 2243 900 2314 ἡμῖν
930 2245 1011 2306 εἰς
1039 2243 1255 2310 ἀδοξίας
1283 2242 1438 2310 λόγον
1479 2242 1541 2294 τὸ
1579 2241 1671 2294 τὸν

16 2400 22 2409 ⁵
134 2332 332 2398 φυγάδα
366 2333 498 2402 παρ’
525 2333 657 2402 ἡμῖν
682 2332 1076 2403 γεγενημένον,
1124 2333 1158 2402 ἡ
1191 2332 1366 2402 ὑμῶν,
1405 2330 1438 2402 ἢ
1468 2331 1670 2402 ἑτέρων

131 2421 448 2476 κελευόντων
479 2423 575 2477 ἐπὶ
603 2424 819 2491 θανάτῳ
844 2423 1176 2494 προδιδόναι.
1207 2424 1301 2477 Ἂν
1336 2421 1436 2492 μὲν
1463 2417 1556 2476 οὖν
1578 2424 1670 2477 καὶ

123 2511 270 2564 αὐτοὶ
298 2510 391 2580 τῆς
416 2510 644 2572 ἀτοπίας
677 2510 789 2564 τῶν
819 2505 1092 2564 τοιοῦτων
1144 2508 1474 2580 ζητημάτων
1533 2511 1670 2564 ἀπο-

104 2595 361 2666 στάντες,
396 2602 625 2674 εἰρήνην
651 2603 829 2670 ἀγειν,
856 2601 950 2654 καὶ
973 2602 1094 2664 ταῖς
1128 2599 1382 2663 σπονδαῖς
1410 2599 1669 2670 ἐμμένειν

122 2695 216 2748 καὶ
245 2699 347 2759 τοῖς
381 2695 567 2766 ὅρκοις
607 2693 702 2757 οὓς
751 2693 888 2765 πρὸς
919 2691 1384 2764 βασιλέαέθεσθε,
1419 2691 1666 2762 ἐθέλητε,

113 2785 492 2856 ,πειρασόμεθα
541 2785 638 2837 καλ¹
687 2784 852 2853 ἡμεῖς
910 2782 1020 2836 τῶν
1075 2781 1437 2835 καθεστώτων
1501 2781 1670 2850 μηδὲν

117 2880 301 2931 κινεῖν.
338 2877 429 2931 Ἂν
461 2875 508 2930 δ’
536 2876 744 2948 ἀρχητε
785 2874 942 2928 αὐτοὶ
970 2875 1231 2946 πρότεροι
1267 2872 1529 2944 πολέμου,
1578 2873 1670 2926 τὸν

111 2965 243 3020 Θεὸν
273 2969 363 3022 καὶ
387 2968 545 3036 ἡμεῖς
583 2966 841 3037 μάρτυρα
870 2965 968 3032 τῆς
1018 2963 1230 3024 ἀδικίας
1285 2962 1673 3032 προστησάμε-

117 3073 221 3116 νοι,
259 3054 314 3108 ὃν
349 3057 500 3109 αὐτοὶ
531 3058 838 3127 έπιορκεῖτε
859 3053 1173 3128 διαλύοντες
1188 3053 1287 3116 τάς
1316 3053 1567 3116 σπονδὰς,
1590 3054 1672 3106 δι-

107 3143 338 3214 δάξομεν
374 3146 514 3214 ὑμᾶς
543 3146 708 3215 μηδὲν
738 3146 883 3214 πέρα
913 3143 1008 3197 τοῦ
1031 3145 1399 3214 προσήκοντος
1429 3144 1666 3212 φρονεῖν,

105 3241 203 3291 καὶ
231 3237 270 3307 ..ἡ
299 3237 566 3306 Σίσμανον
591 3240 841 3311 τριήρεσι
891 3235 982 3290 διά
1027 3235 1120 3289 τοῦ
1155 3234 1368 3306 Ἴστρου
1401 3235 1671 3305 καταστή-

104 3347 301 3386 σαντες
333 3330 426 3383 Eni
451 3330 711 3405 Βιδὴνην,
741 3331 837 3383 καὶ
873 3328 1110 3400 πόλεμον
1138 3328 1402 3398 ἐμφύλιον
1429 3328 1669 3398 ἀνάψαν-

98 3435 195 3480 τες
228 3418 358 3486 ὑμῖν
385 3432 398 3446 ·
432 3417 552 3472 ἴστε
605 3417 715 3488 γὰρ
766 3417 832 3486 δὴ
887 3433 992 3468 που
1043 3419 1140 3468 καλ⁵
1167 3417 1324 3468 αὐτοὶ
1374 3414 1450 3479 ὡς
1482 3416 1670 3468 πολλοὶ

98 3506 312 3560 Μυσῶν
370 3506 853 3576 προσχωρήσουσιν
906 3502 1100 3573 ἐκείνῳ
1157 3501 1246 3556 διὰ
1285 3501 1382 3578 τὴν
1436 3502 1670 3574 ἀρχαίαν

96 3596 294 3665 φιλίαν
329 3595 426 3650 καὶ
454 3596 554 3666 τὴν
574 3597 890 3660 οἰκειότητα
940 3596 1035 3648 τοῦ
1065 3597 1276 3662 γένους,
1309 3595 1342 3665 ἦ
1383 3595 1668 3649 παντάπαο

98 3704 196 3741 σιν
233 3688 588 3758 Ἀλέξανδρον
644 3687 983 3758 ὲκϐαλοῦμεν
1033 3687 1130 3756 τῆς
1183 3687 1450 3758 ἀρχῆς,ἡ
1502 3687 1574 3740 τά
1605 3703 1670 3755 γε

90 3778 361 3850 δεύτερα,
395 3780 456 3832 οὐ
505 3765 703 3850 μέτριὰ
737 3795 857 3832 τινα
911 3778 1267 3849 ζημιώσομεν
1320 3777 1569 3850 αὐτὸν,ἡ
1622 3780 1672 3830 εἰ

96 3874 184 3944 μὴ
217 3872 384 3925 τοῦτο
410 3871 618 3942 δοκοίη,
660 3869 735 3932 ὡς
764 3871 1043 3932 ἐλάττονος
1089 3869 1122 3940 ἡ
1156 3868 1398 3939 προσῆκε
1427 3868 1524 3939 τῆς
1558 3870 1676 3919 ὲπι-

91 3963 342 4035 κουρίας
370 3963 683 4034 γινομένης,
738 3960 856 4015 ἀλλ’
893 3963 1069 4030 ἔγωγε
1111 3959 1272 4023 αὐτὸς
1297 3960 1413 4029 ἅμα
1445 3960 1676 4032 στρατιᾷ

91 4054 411 4124 Ῥωμαίων
437 4053 572 4124 ἔχων
591 4057 686 4106 καὶ
708 4053 974 4124 Σίσμανον
1000 4051 1130 4120 ὑμῖν
1151 4046 1479 4118 ὲπιστρατεύ
1497 4067 1564 4102 ;ω
1581 4051 1675 4100 καὶ

83 4138 405 4210 μαχοῦμαι
441 4139 838 4209 προθυμότατα
868 4138 1029 4208 ὑμῖνο
1057 4137 1117 4189 οὑ
1159 4136 1320 4208 μόνον
1364 4151 1676 4203 παρασπον-

75 4232 376 4302 δούμενος
396 4231 586 4299 αὐτὸς,
616 4231 752 4284 ἀλλά
781 4232 874 4285 καὶ
914 4229 1259 4301 ἀδικουμένῳ
1287 4227 1523 4306 βοηθῶν,
1582 4229 1678 4281 καλ.

73 4324 341 4394 προσέτι
379 4338 442 4391 γε
490 4322 842 4385 στασιάζουσι
867 4322 1001 4392 πρὸς
1033 4320 1284 4383 ἑαυτοὺς,
1314 4319 1544 4381 καὶτοῖς
1575 4318 1676 4388 μὲν

79 4415 464 4486 Ἀλεξάνδρῳ
487 4415 931 4486 προσκειμένοις,
948 4417 1059 4478 τοῖς
1084 4413 1140 4468 δὲ
1170 4398 1414 4484 ἡδιονδιν
1438 4412 1677 4466 ἀπαλλα-

1691 3187 1740 3252 C

1769 626 2029 676 censeris,
2075 629 2178 668 nos
2203 630 2324 683 qua:
2364 615 2456 670 ille
2500 615 2634 670 velit
2685 616 2822 668 citra
2873 611 3328 668 detrectationem

1767 702 1990 771 exsequi
2019 713 2294 774 oportere.
2327 704 2396 759 At
2416 705 2567 759 enim
2606 706 2764 774 longe
2806 701 3081 760 fallimini.
3114 700 3249 757 Nam
3277 709 3332 756 et

1765 791 2061 862 imperator
2109 793 2291 848 adhuc
2339 794 2594 864 spiritum
2631 795 2878 861 ducens,
2929 801 3117 848 nostra
3165 805 3331 861 opera

1765 883 2058 953 injuriosos
2100 885 2380 956 puniebat,
2420 894 2478 941 et
2507 902 2653 942 nunc
2681 901 2748 941 eo
2778 901 2809 941 e
2851 887 3172 942 mortalibus
3197 887 3329 942 sub-

1761 972 1896 1041 lato,
1949 989 2051 1030 nos
2080 977 2193 1032 tilio
2232 977 2352 1048 eius
2379 977 2694 1048 imperatori
2723 977 2979 1049 subjecti,
3011 987 3252 1040 nosmet,
3284 978 3330 1033 si

1764 1067 1891 1135 quis
1913 1063 2206 1134 invaserit,
2237 1068 2570 1124 ulciscemur
2597 1086 2612 1133 ;
2667 1079 2726 1124 et
2754 1084 2878 1124 cum
2928 1069 3204 1140 regionem
3237 1085 3336 1126 no-

1763 1165 1934 1212 Stram
1967 1171 1997 1211 a
2033 1157 2814 1228 vastitudineXdireptioneque
2867 1157 3166 1223 tuebimur,
3216 1164 3332 1211 tum

1763 1246 1950 1316 gloria:
2014 1248 2237 1315 studio,
2275 1249 2423 1320 quod
2473 1249 2703 1304 Romani
2750 1264 2780 1302 a
2830 1249 3126 1319 majoribus
3171 1249 3330 1322 quasi

1717 1355 1722 1366 ι
1767 1335 2142 1392 hereditatem
2195 1338 2486 1407 quamdam
2525 1338 2861 1408 arcepimus,
2892 1338 3094 1408 cupide
3147 1342 3336 1395 vobis-

1769 1441 1896 1482 cum
1925 1428 2080 1497 signa
2110 1429 2477 1484 conferemus.
2513 1427 2664 1483 Haud
2693 1428 2840 1484 enim
2871 1429 2992 1484 leve
3036 1430 3145 1486 hoc
3176 1445 3335 1497 sane,

1765 1531 1866 1572 nec
1899 1532 2089 1586 parum
2123 1517 2286 1574 nobis
2315 1518 2648 1588 probrosum
2675 1557 2691 1584 ,
2745 1519 3053 1589 supplicem
3086 1531 3335 1577 nostrum

1765 1606 1921 1662 vobis
1948 1617 2044 1661 aut
2076 1608 2202 1664 aliis
2256 1610 2572 1678 petentibus
2611 1609 3050 1666 interﬁciendum
3093 1615 3336 1669 tradere.

1764 1696 2124 1762 Quamobrem
2183 1698 2230 1755 si
2269 1699 2390 1754 istis
2439 1700 2609 1754 stulte
2677 1701 3031 1770 requirendis
3079 1717 3338 1772 superse-

1767 1787 1979 1854 demes,
2012 1803 2200 1862 pacem
2227 1789 2409 1846 colere
2439 1799 2494 1844 et
2527 1790 2706 1844 fmdus
2760 1806 2885 1845 cum
2917 1792 3210 1847 demortuo
3233 1794 3338 1848 i'm-

1768 1887 2018 1948 peratore
2043 1874 2318 1936 sancitu'm
2369 1894 2698 1936 conservare
2739 1881 3051 1946 volueritis,
3104 1898 3207 1940 nec
3238 1901 3340 1939 nos

1768 1969 2065 2040 quidquam
2095 1972 2524 2028 constitutorum
2557 1973 2805 2028 volentes
2834 1975 3200 2030 movebimus.
3234 1957 3336 2031 Sin

1768 2074 1866 2114 vos
1890 2061 2046 2130 prius
2076 2060 2144 2115 ad
2188 2060 2392 2116 bellum
2445 2062 2830 2132 proruperitis.
2885 2063 3058 2118 Deum
3111 2064 3339 2120 sceleris

1768 2151 1934 2205 vestri
1973 2137 2166 2206 testem
2217 2152 2544 2208 adhibentes
2569 2189 2586 2216 ,
2616 2169 2779 2223 quem
2807 2167 2906 2208 vos
2956 2156 3058 2210 ista
3114 2156 3338 2225 perﬁdia

1768 2240 1988 2308 laaditis,
2019 2242 2344 2298 docebimus
2388 2258 2488 2298 vos
2519 2259 2630 2298 non
2664 2245 2805 2299 ultra
2834 2260 2999 2314 quam
3043 2245 3204 2302 decet
3248 2262 3341 2302 sa-

1771 2344 1902 2399 pere
1930 2348 1946 2386 :
1977 2341 2033 2386 et
2058 2333 2142 2388 vel
2171 2332 2426 2389 Sismano
2479 2333 2797 2389 triremibus
2832 2342 2984 2391 trans
3017 2335 3217 2390 Istrum
3247 2335 3341 2391 Bi-

1769 2421 1945 2475 denen
1975 2421 2264 2491 deportato
2294 2422 2500 2478 bellum
2547 2423 2708 2478 civile
2733 2425 2879 2480 inter
2905 2439 3004 2480 vos
3051 2425 3344 2481 suscitabi-

1773 2524 1898 2564 mus
1934 2508 2067 2582 (non
2092 2511 2246 2566 enim
2301 2513 2552 2579 nescitis,
2589 2513 2790 2570 bltesos
2834 2529 3085 2586 magnam
3130 2526 3340 2586 partem

1768 2601 1839 2655 ob
1903 2601 2159 2666 amicitiae
2203 2610 2530 2658 vetustatem
2579 2605 3072 2676 cognationemque
3119 2608 3370 2678 generis

1774 2690 1843 2746 ad
1874 2707 1998 2747 eum
2032 2692 2366 2761 defecturos)
2400 2702 2456 2748 et
2481 2695 2850 2750 Alexandrum
2895 2711 3067 2766 regno
3115 2697 3340 2766 penitus

1768 2783 2208 2849 exturbabimus,
2242 2797 2336 2839 aut
2368 2796 2517 2840 certe
2549 2803 2656 2841 non
2685 2787 2899 2857 exiguis
2924 2803 3052 2842 eum
3079 2789 3334 2844 cladibus

1771 2871 2108 2940 aﬂiciemus;
2139 2875 2224 2928 vel
2255 2874 2301 2928 si
2334 2875 2438 2930 hoc
2488 2892 2596 2930 non
2631 2875 2979 2945 probabitur,
3027 2879 3155 2948 quia
3181 2879 3344 2934 inﬁr-

1769 2962 1914 3018 mius
1936 2963 2060 3027 erit,
2091 2979 2253 3033 quam
2285 2978 2387 3032 pro
2418 2964 2497 3018 rei
2535 2965 2849 3021 conditione
2879 2966 3167 3032 auxilium,
3192 2971 3319 3038 equi

1771 3049 1895 3106 dem
1922 3068 2022 3123 ego
2068 3054 2184 3122 ipse
2220 3067 2344 3107 eum
2376 3054 2622 3108 Romano
2667 3055 2914 3110 exercitu
2966 3072 3182 3115 mecum
3227 3057 3380 3112 δίε(

1772 3159 1995 3198 manum
2029 3145 2260 3206 habens,
2297 3144 2350 3197 in
2391 3159 2490 3198 vos
2519 3147 2822 3214 proiectus,
2867 3147 3134 3202 acerrime
3158 3147 3344 3208 vobis-

1771 3248 1893 3289 cum
1925 3232 2323 3303 depraaliabor;
2363 3233 2524 3304 373
2559 3247 2667 3288 non
2693 3235 2868 3290 solum
2898 3245 2958 3290 ut
2987 3251 3018 3290 a
3043 3236 3348 3310 fmdifragis

1769 3325 1886 3395 ipse
1919 3323 2182 3390 oii'ensus,
2202 3325 2296 3378 sed
2334 3334 2390 3379 et
2421 3325 2607 3396 inique
2625 3324 2825 3379 violato
2841 3340 2999 3396 opem
3021 3327 3229 3395 ferens,
3250 3343 3350 3384 vo-

1771 3417 2008 3482 biscum,
2045 3416 2288 3486 inquam,
2319 3416 2414 3486 qui
2468 3415 2802 3472 factionibus
2847 3407 3199 3484 dissidentes,
3249 3421 3346 3476 alii

1770 3499 2080 3561 Alexandro
2110 3507 2484 3571 adliaercbitis,
2527 3507 2620 3562 alii
2653 3507 2921 3564 libentius
2953 3509 3022 3564 ab
3052 3524 3121 3565 eo
3151 3511 3340 3566 disce-

1773 3599 1982 3663 dentes,
2012 3613 2135 3652 cum
2175 3598 2424 3654 Sismano
2458 3612 2556 3653 vos
2603 3599 2970 3670 eonjungetis,
3001 3600 3152 3670 quod
3203 3615 3234 3655 e
3286 3616 3349 3656 re

1773 3700 1950 3744 vestra
1982 3689 2226 3744 futurum
2258 3705 2370 3744 non
2420 3690 2693 3745 existimo.
2744 3690 2859 3759 Ego
2888 3705 3018 3745 vero
3075 3701 3132 3747 et
3181 3692 3347 3748 aliam

1776 3780 1904 3836 belli
1930 3780 2098 3842 viam,
2129 3797 2233 3849 qua
2263 3781 2544 3851 regionem
2571 3791 2810 3840 vestram
2841 3781 3092 3838 infestam
3119 3782 3345 3848 habere,

1776 3879 2025 3925 nostram
2065 3880 2235 3924 tutam
2277 3879 2540 3940 praestare
2577 3872 2790 3936 licebit,
2828 3887 2937 3928 non
2973 3887 3072 3927 vos
3105 3874 3296 3929 celabo
3329 3892 3348 3930 :

1779 3971 1839 4015 ut
1867 3960 2212 4016 atrocissime
2265 3960 2483 4014 multati
2516 3962 2666 4028 (99),
2698 3963 3065 4030 vosmetipsos
3093 3977 3157 4016 ea
3210 3965 3350 4019 mala

1777 4053 1933 4106 vobis
1967 4052 2244 4107 intrivisse
2277 4052 2608 4120 agnoscatis.
2673 4052 2888 4111 Etenim
2923 4053 3184 4110 Amurius
3213 4055 3352 4109 Aiti-

1779 4156 1862 4195 nae
1893 4140 2038 4196 illius
2069 4149 2409 4210 satraparum
2439 4139 2583 4212 Asiae
2602 4141 3080 4209 opulentissimus,
3107 4159 3271 4211 quem
3295 4155 3354 4200 et

1780 4245 1877 4286 vos
1901 4231 1968 4286 de
2005 4233 2148 4286 fama
2199 4231 2556 4302 cognovistis,
2607 4247 2733 4286 cum
2785 4231 2854 4288 de
2899 4242 3079 4288 morte
3112 4234 3352 4305 impera-

1783 4323 1918 4378 toris
1943 4324 2262 4395 accepisset,
2297 4332 2450 4378 ratus
2497 4338 2556 4378 se
2590 4324 2962 4378 Romanorum
2991 4335 3166 4381 terras
3198 4326 3353 4381 facil-

1781 4417 1910 4472 lime
1935 4416 2402 4486 deprmdaturum,
2433 4416 2588 4486 quod
2614 4416 2726 4486 jam
2762 4427 3169 4487 propugnatore
3197 4434 3352 4474 care-

66 4504 137 4569 ξο
145 4505 358 4575 μένοις
382 4503 476 4558 καὶ
498 4503 630 4574 πρὸς
647 4502 914 4574 Σίσμανον
931 4503 1401 4572 ἀποχωρήσουσιν,
1423 4503 1558 4571 ὅπερ
1581 4502 1667 4554 οὐκ

1786 4517 1944 4573 rent,
2010 4507 2254 4577 impletis
2302 4507 2558 4561 ducentis
2621 4506 3015 4578 quinquaginta
3071 4509 3348 4573 navibus,

51 4601 278 4667 οἴομαι
306 4597 446 4668 ὑμῖν
472 4595 868 4663 λυσιτελήσειν.
900 4592 1042 4662 Ἐγὼ
1064 4595 1122 4648 δὲ
1146 4594 1238 4646 καὶ
1265 4594 1467 4664 τρόπον
1485 4591 1675 4664 ἕτερον

55 4691 352 4759 πολέμου
384 4687 442 4752 ἐξ
475 4680 537 4739 οὗ
589 4687 690 4754 τήν
715 4701 777 4737 τε
810 4686 1090 4755 ὑμετέραν
1143 4683 1370 4750 κακοῦν,
1397 4685 1530 4754 ἡμῖν
1585 4683 1679 4736 καὶ

51 4781 182 4848 τὴν
217 4776 450 4830 οἰκείαν
496 4775 710 4840 ιξέσται
740 4773 1028 4839 διασώζειν
1075 4772 1177 4825 οὐκ
1216 4773 1542 4842 ἀποκρύψω,
1595 4772 1680 4826 ἵνα

56 4874 153 4943 μή
189 4889 386 4926 τινων
419 4873 737 4940 ἀνηκέστων
761 4870 899 4941 πρὸς
933 4871 1026 4924 τὸν
1053 4869 1289 4940 πόλεμον
1319 4869 1666 4939 συμϐάντων,

35 4967 167 5034 οὐχ
231 4964 406 5034 ἡμᾶς
465 4965 692 5028 αἰτίους,
734 4963 871 5016 ἀλλὰ
902 4964 1039 5030 σφᾶς
1075 4962 1271 5025 αὐτοὺς
1308 4961 1546 5030 εἰδείητε
1583 4962 1683 5014 αύ-

31 5061 212 5119 τοῖς.
245 5055 392 5110 Τῶν
409 5056 516 5128 γάρ
543 5060 684 5110 κατὰ
705 5056 803 5127 τὴν
831 5055 1016 5109 Ἀσίαν
1039 5055 1329 5127 σατραπῶν
1345 5054 1685 5108 ὁδυνατώτα-

37 5167 186 5216 τος,
211 5149 285 5202 ὃν
306 5147 433 5202 οὐδ’
450 5149 602 5202 αὐτοὶ
623 5150 865 5217 ἀγνοεῖτε
884 5148 1273 5218 παρειληφότες
1299 5141 1460 5216 ἀκοῇ,
1478 5145 1534 5199 Ἀ
1545 5147 1643 5215 μου
1651 5163 1682 5214 ρ

31 5242 71 5292 ὀ
141 5237 260 5291 τοῦ
297 5239 526 5308 Δῖτίνη,
557 5238 656 5308 τὴν
691 5236 952 5307 βασιλέως
1004 5237 1353 5305 πεπυσμένος
1405 5236 1680 5304 τελευτὴν,

22 5331 161 5383 καὶ
188 5330 464 5399 νομίσας
495 5331 590 5383 καὶ
643 5329 803 5392 αὐτὸς
829 5329 1002 5399 ῥᾷστα
1027 5326 1310 5398 λητσεσθαι
1357 5327 1682 5396 Ῥωμαίους,

18 5424 147 5476 διὰ
209 5422 286 5474 τὸ
365 5422 577 5489 μηδένα
609 5417 749 5476 εἶναι
772 5421 865 5474 τὸν
900 5419 1275 5491 ἀμυνούμενον
1306 5419 1448 5489 ὑπὲρ
1480 5409 1682 5479 αὐτῶν,

22 5515 463 5584 πεντήκοντα
489 5513 584 5567 καὶ
614 5514 896 5576 διακοσίας
929 5511 1224 5581 πληρώσας
1282 5509 1435 5574 ναῦς,
1502 5513 1684 5563 πᾶσαν

16 5609 345 5659 ἐποιεῖτο
403 5604 640 5678 σπουδὴν
684 5603 890 5658 κακοῦν
925 5603 1024 5675 τὴν
1079 5602 1378 5673 ἡμετέραν.
1408 5596 1585 5654 ’Ἐπεὶ
1625 5602 1680 5654 ἑὲ

1779 4613 1973 4654 omnes
2004 4615 2071 4653 eo
2107 4613 2306 4652 nervos
2337 4598 2595 4659 intendit,
2633 4608 2692 4652 ut
2740 4613 2902 4668 agros
2931 4609 3150 4654 nostros
3177 4615 3353 4669 pepu-

1780 4691 1942 4744 laret.
2004 4690 2081 4744 De
2133 4690 2291 4757 cuius
2352 4689 2661 4757 irruptione
2701 4703 2802 4757 ego
2877 4690 3132 4751 audiens,
3171 4691 3352 4745 virum

1785 4782 1929 4836 inter
1963 4781 2330 4835 amicissimos
2369 4794 2520 4835 meos
2570 4779 2861 4847 probatum
2915 4781 3060 4846 misi,
3100 4782 3194 4850 qui
3233 4782 3356 4835 hor-

1788 4881 2019 4935 taretur,
2061 4875 2137 4924 uti
2169 4869 2668 4939 cmptis.desistens
2711 4879 3076 4925 reverteretur
3101 4911 3115 4934 ,
3164 4879 3355 4938 utpote

1785 4979 1893 5016 non
1928 4962 1980 5016 in
2010 4963 2147 5016 alios
2196 4977 2358 5030 quam
2393 4963 2444 5012 in
2476 4975 2561 5013 me
2595 4960 2819 5013 iturum.
2850 4960 2900 5016 Is
2930 4960 3102 5013 simul
3118 4975 3180 5014 ac
3211 4962 3357 5030 lega-

1788 5062 1902 5106 tum
1933 5053 2160 5114 audivit,
2193 5067 2221 5103 e
2255 5050 2436 5104 medio
2470 5051 2668 5103 itinere
2701 5062 2849 5102 retro
2881 5043 3062 5104 rediit.
3103 5049 3257 5104 Nunc
3285 5046 3353 5104 ad

1739 5205 1760 5222 ⁸
1789 5158 1876 5196 me
1908 5142 2078 5206 misit,
2131 5142 2449 5211 rogavitque
2503 5154 2570 5194 ne
2615 5141 2917 5195 exercitum
2969 5155 2999 5193 a
3042 5155 3102 5194 se
3151 5139 3352 5194 frustra

1787 5235 2076 5291 collectum
2109 5250 2227 5288 esse
2259 5235 2456 5296 sinam,
2479 5233 2572 5288 sed
2604 5235 2647 5287 si
2680 5232 2824 5302 quod
2853 5232 3012 5286 nobis
3039 5231 3236 5288 bellum
3257 5237 3351 5298 sit,

1786 5342 1854 5381 co
1884 5335 2074 5380 contra
2130 5328 2338 5380 hostem
2388 5335 2653 5379 utamur:
2689 5334 2748 5377 ut
2797 5331 2854 5378 et
2908 5325 3112 5382 milites
3163 5327 3358 5396 spoliis

1785 5417 2044 5493 ditentur,
2094 5428 2146 5470 et
2195 5431 2310 5484 ipse
2346 5425 2525 5468 tantos
2559 5425 2809 5482 suiiiptns
2860 5413 2980 5467 sine
3013 5415 3125 5469 ullo
3170 5415 3350 5470 fructi:

1787 5525 1854 5562 ne
1880 5507 2137 5563 eﬂ'udcrit
2165 5549 2179 5573 ,
2211 5507 2304 5562 sed
2361 5507 2506 5559 hunc
2565 5505 2755 5560 saltem
2787 5515 3176 5573 consequatur.
3209 5509 3355 5576 quod

1785 5616 1882 5670 pro
1921 5600 2098 5654 amico
2133 5613 2230 5653 eos
2260 5597 2536 5667 posuerit.
2568 5598 2645 5651 Ac
2694 5596 2868 5650 nolim
2895 5612 2990 5651 vos
3017 5597 3184 5652 dictis
3212 5597 3353 5651 meis

107 5815 271 5888 (99)
324 5813 461 5877 Gn,
490 5821 545 5866 ut
578 5813 624 5866 si
666 5810 793 5882 quid
825 5813 1036 5866 exitiale
1068 5816 1205 5867 circa
1238 5812 1431 5868 bellum
1461 5781 1731 5882 cantigerit
1793 5804 1976 5859 Ευιϊ..

401 5907 672 5969 Panos.
717 5906 838 5968 Gn.
885 5902 1085 5964 CLlIl.

2920 5887 3001 5950 24
