3880 6610
451 399 556 465 751

1641 400 1965 464 JOANNlS
1999 396 2537 464 ’CANTACUZENI

3557 397 3644 460 7:3"!

448 511 630 567 scelus
652 524 867 575 usuros,
889 524 1118 580 eamque
1143 509 1561 579 disperdituros,
1585 519 1640 564 et
1668 511 1818 564 illum
1849 511 2015 565 solum

2129 511 2239 564 τῶν
2263 511 2562 587 προτέρων,
2592 507 2623 578 ἢ
2662 504 2885 562 ἐκείνων
2915 506 2993 579 μὴ
3025 510 3109 572 είς
3141 507 3261 562 δέον
3295 509 3410 571 τοῖς
3446 509 3645 578 χρὴμιςι

449 617 638 657 rerum
723 601 1008 672 praesidem
1087 602 1314 672 ejusque
1361 616 1582 656 sensum
1638 603 2012 671 perspexerit,

448 692 724 762 quomodo
756 692 826 747 ob
859 707 1207 748 communem
1259 692 1551 746 utilitatem
1589 706 1696 746 non
1732 692 2020 762 pecuniam

401 817 422 830 κ
448 781 632 847 modo,
665 796 856 835 verum
885 791 940 836 et
969 781 1142 849 ipsam
1175 782 1436 844 animam,
1471 781 1516 834 si
1545 779 1774 835 facultas
1803 782 1893 843 sit,
1923 795 2022 848 pro

448 872 619 928 nihilo
641 872 844 927 habere
867 871 1186 934 meditetur,
1217 882 1270 925 et
1292 886 1504 926 morum
1535 871 1657 940 ejus
1679 871 2019 926 honestatem

439 964 550 1035 jam
587 963 802 1017 noverit
831 1000 848 1026 ,
881 963 1139 1018 statuisse
1189 961 1291 1032 ipsi
1341 962 1681 1016 offerendam
1730 963 2020 1031 pecuniam

443 1055 614 1117 illam,
653 1068 762 1107 non
794 1053 1022 1106 honeste
1058 1052 1258 1113 solum.
1309 1052 1408 1107 sed
1441 1061 1497 1107 et
1552 1067 1676 1106 cum
1711 1051 1923 1106 ratione
1959 1062 2018 1109 ct

443 1147 725 1215 diligentia
795 1143 860 1198 ad
929 1142 1205 1213 publicam
1280 1142 1654 1197 Romanorum
1727 1143 2019 1196 utilitatem

442 1235 849 1300 insumcndam,
878 1235 1099 1304 quando
1125 1244 1182 1290 et
1213 1234 1280 1289 ab
1314 1234 1445 1304 ipsis
1473 1233 1702 1289 collecta
1733 1236 1828 1289 sit.
1865 1233 2018 1288 lianc

443 1328 613 1396 igitur
679 1342 901 1382 omnem
965 1327 1039 1381 illi
1100 1327 1316 1382 venisse
1382 1326 1640 1391 tradere,
1702 1327 2019 1396 ubicunque

441 1419 681 1474 voluerit
718 1417 1000 1474 utendam.
1053 1419 1219 1492 376
1265 1403 1458 1489 Itaque
1508 1427 1693 1488 patere
1733 1419 2016 1485 omnibus,

441 1528 552 1564 non
588 1510 713 1566 ideo
755 1525 816 1565 se
867 1511 1060 1565 adesse
1087 1550 1104 1574 ,
1139 1522 1199 1565 ut
1235 1525 1298 1565 se
1337 1510 1466 1566 huic
1512 1511 2016 1582 muneriquzestus

442 1601 674 1655 faciendi
700 1615 862 1656 causa
888 1600 1092 1670 przelici
1137 1609 1329 1670 roget,
1359 1615 1484 1654 cum
1537 1608 1692 1669 parta
1736 1601 2011 1668 retinendi

444 1711 508 1748 ac
543 1693 611 1748 de
644 1702 846 1748 caetero
901 1692 956 1746 in
984 1690 1100 1746 otio
1148 1690 1367 1746 vivendi
1402 1691 1630 1746 libertas
1673 1691 1862 1759 fuerit,
1919 1691 2017 1746 sed

443 1786 571 1858 quia
601 1787 703 1856 ipsi
738 1785 806 1840 ad
840 1795 1083 1840 veterem
1122 1783 1441 1839 felicitatem
1485 1785 1745 1838 Romanis
1783 1799 2015 1854 recupe-

445 1876 672 1930 randam
720 1884 828 1929 tam
879 1875 1094 1930 intensa
1123 1884 1181 1930 et
1227 1875 1450 1930 assidua
1500 1890 1636 1929 cura
1684 1875 2018 1931 incumbcuti

447 1967 598 2022 utilis
624 1975 679 2019 et
710 1967 778 2021 ad
830 1966 1134 2047 iuvandum
1180 1965 1409 2021 idoneus
1445 1965 1620 2021 videri
1654 1967 1859 2036 cupiat.
1908 1967 2020 2023 llac

441 2057 688 2136 oratione
718 2056 1020 2112 delectatus
1047 2071 1276 2126 magnus
1304 2056 1664 2122 domesticus,
1693 2056 1762 2110 de
1787 2057 2018 2126 pecunia

441 2166 500 2204 se
529 2148 606 2203 illi
637 2149 868 2218 gratiam
895 2147 1098 2202 habere
1141 2147 1238 2212 ait,
1290 2162 1399 2202 non
1446 2157 1657 2201 tantum
1711 2147 1856 2218 quod
1893 2162 2014 2202 eam

439 2244 507 2296 ad
541 2255 885 2297 communem
920 2255 1080 2295 usum
1126 2239 1448 2307 contulerit,
1503 2240 1598 2296 sed
1646 2241 1794 2310 quod
1848 2240 2051 2323 etiam.

442 2335 550 2388 sibi
578 2335 697 2404 eius
724 2331 1108 2403 dispensandae
1151 2331 1422 2387 rationem
1476 2331 1778 2386 crediderit
1803 2370 1817 2394 ,
1849 2345 2016 2400 quam

442 2432 590 2478 rei-te
629 2423 969 2492 fideliterque
997 2420 1270 2475 collocare
1327 2421 1482 2476 velit.
1515 2421 1646 2475 Nam
1679 2415 2015 2488 quempiam,

443 2516 531 2570 cui
562 2513 938 2570 communium
989 2526 1174 2566 rerum
1225 2510 1486 2565 mandata
1531 2521 1618 2564 est
1669 2511 2014 2580 procuratio,

443 2621 553 2658 non
604 2604 734 2658 inde
767 2617 972 2672 augere
1027 2599 1320 2656 facultates
1363 2617 1515 2665 suas,
1571 2601 1668 2656 sed
1725 2617 1848 2670 qua:
1889 2610 2017 2656 ante

444 2695 830 2766 magistratum
862 2691 1178 2764 acquisivit,
1206 2691 1260 2746 in
1294 2691 1380 2748 liis
1408 2694 1605 2758 emori,
1639 2701 1695 2747 et
1721 2708 1751 2747 a
1781 2693 2016 2763 pecunia

442 2790 710 2843 invictum
759 2800 989 2855 prorsus
1021 2799 1332 2854 apparere,
1379 2799 1487 2838 non
1538 2784 1766 2840 difficile
1811 2786 2016 2854 solum,

444 2882 540 2938 sed
571 2893 852 2950 nunquam
880 2875 1221 2945 contingere.
1259 2874 1547 2930 Possidere
1579 2885 1760 2932 autem
1783 2878 1922 2948 jam,
1952 2892 2017 2934 ac

441 2975 513 3029 ob
544 2973 597 3029 id
623 2971 762 3027 nihil
796 2968 1106 3034 formidare
1151 2967 1282 3021 mali
1311 3007 1328 3031 ,
1375 2967 1576 3023 deinde
1627 2983 1789 3038 aquo
1829 2969 2016 3024 animo

445 3068 582 3122 velle
604 3078 856 3132 erogare,
887 3070 947 3117 et
978 3059 1118 3116 male
1140 3059 1388 3115 collectis
1424 3060 1563 3114 bene
1610 3061 1711 3124 uti,
1750 3059 1860 3115 hoc
1902 3076 2014 3116 non

2128 602 2452 669 δυναμένων
2475 598 2802 669 χρήσασθαι,
2836 598 2872 668 ἢ
2905 598 3111 668 ἐτέρων
3143 599 3369 669 ἁρπαγῇ
3399 601 3492 652 καὶ
3508 600 3647 669 ἀδικῇ

2123 689 2481 760 χρησομένων
2535 689 2628 742 καὶ
2673 687 3148 759 διαφθαρούντων,
3193 690 3272 752 ὡς
3301 689 3362 742 δὲ
3402 686 3492 742 σοῦ
3521 690 3648 758 μόνον

2124 779 2498 842 καταστάντος
2528 781 2621 832 ἐπὶ
2672 781 2786 842 τοῖς
2813 780 3128 850 πράγμασι,
3189 781 3287 834 καὶ
3331 782 3430 850 τὴν
3459 781 3652 836 διάνοιαν

2122 873 2389 937 κατεῖδον,
2421 873 2495 934 ὡς
2521 872 2660 940 ὑπὲρ
2677 872 2944 941 ὠφελείας
2975 874 3088 928 τῶν
3109 875 3332 937 κοινῶν,
3355 875 3416 926 ού
3435 876 3654 945 χρήματα

2124 963 2308 1032 μόνον,
2353 962 2490 1015 ἀλλά
2518 963 2617 1015 καὶ
2656 961 2839 1033 ψυχὴν
2882 963 3054 1033 αὐτὴν
3085 964 3133 1016 εί
3175 958 3292 1016 οἷόν
3329 979 3390 1016 τε
3413 965 3656 1034 προῖεσθιι

2118 1055 2324 1124 διανοῇ,
2361 1054 2459 1108 καὶ
2487 1051 2581 1107 τδν
2617 1053 2821 1125 τρόπον
2848 1054 3116 1123 προειδὼς
3146 1052 3222 1121 ὡς
3270 1052 3496 1122 ἀγαθὸς,
3521 1054 3657 1121 ἔγνων

2116 1146 2228 1200 δεῖν
2259 1162 2342 1200 σοι
2392 1146 2459 1200 τά
2486 1146 2747 1216 χρήματα
2778 1146 2962 1200 ἐκεῖνα
3006 1145 3366 1217 ἐγχειρίζειν,
3399 1143 3475 1208 ὡς
3501 1146 3556 1198 οὐ
3585 1163 3658 1198 u-

2111 1234 2224 1298 -λῶς
2257 1235 2438 1305 μόνον,
2493 1234 2631 1289 ἀλλὰ
2685 1237 2783 1290 καὶ
2829 1235 3070 1304 εὐλόγως
3121 1236 3376 1306 ἀκριϐῶς
3423 1236 3552 1306 ὑπὲρ
3574 1236 3659 1288 τῶν

2119 1329 2292 1396 κοινῇ·
2345 1326 2646 1396 Ῥωμαίοις
2707 1326 3099 1398 συμφερόντων
3167 1326 3656 1396 ἀναλωθησομένων,

2119 1414 2309 1487 ἐπειδὴ
2369 1417 2464 1469 καὶ
2508 1417 2573 1470 ἐκ
2619 1415 2825 1470 τούτων
2877 1417 3244 1486 συνελέγησαν
3303 1417 3512 1471 αὐτῶν·
3561 1417 3659 1484 ibi;

2073 1514 2081 1522 '
2117 1507 2295 1560 πάντα
2323 1508 2443 1578 ἥκω
2469 1507 2816 1578 ἐγχειρίζων,
2854 1506 2939 1576 ἐφ’
2960 1509 2990 1562 ὅ
3017 1525 3072 1561 τι
3093 1507 3160 1562 ἂν
3191 1505 3226 1579 ᾖ
3263 1523 3349 1560 σοι
3349 1510 3659 1579 αρητομένῳ

2120 1598 2396 1670 βούλησις.
2439 1598 2690 1664 Ἔξεστιν
2719 1597 2812 1652 οὖν
2841 1600 3009 1654 παντὶ
3041 1599 3141 1670 τὴν
3173 1599 3456 1665 ἀπόδειξιν
3489 1600 3662 1668 implie-

2119 1708 2230 1746 νειν
2249 1691 2480 1760 ἐναργῆ,
2515 1691 2592 1754 ὡς
2639 1690 2701 1744 ού
2738 1693 3220 1763 χρηματισάμενος
3243 1694 3316 1746 ἐκ
3339 1694 3441 1763 τῆς
3459 1693 3661 1762 ἀπογρα-

2123 1785 2226 1852 φῆς
2249 1783 2370 1853 ἥκω
2386 1782 2638 1852 δεόμενος
2661 1785 2996 1852 καταστῆναι
3029 1784 3166 1854 πρὸς
3193 1785 3376 1854 αὐτὴν
3396 1802 3411 1816 ·
3447 1783 3562 1852 ἐξῆν
3578 1785 3661 1851 γὰρ

2051 1842 2094 1897 Β
2121 1842 2317 1944 έχοντά
2350 1875 2386 1929 ἀ
2411 1842 2712 1944 κέκτημαι,
2763 1842 2930 1944 μηδὲ-ν
2959 1842 3284 1946 περαιτέρω
3307 1842 3661 1946 ιτῖεοὶιυπραγμοζ

2119 1969 2252 2028 νεῖν,
2303 1965 2444 2020 ἀλλὰ
2474 1966 2559 2019 σοὶ
2596 1966 2882 2036 φανεῖσθαι
2929 1969 3200 2037 χρήσιμος
3248 1964 3553 2034 ἐπιθυμῶν,
3589 1969 3662 2018 καὶ

2121 2054 2291 2108 πολλά
2318 2055 2657 2125 συνάρασθαι
2686 2057 2984 2126 δυνάμενος
3038 2057 3177 2128 πρὸς
3223 2057 3287 2110 τὸ
3321 2056 3422 2127 τὴν
3466 2057 3662 2126 ἀρχαίαν

2120 2145 2466 2216 εὐδαιμονίαν
2494 2149 2606 2210 τοῖς
2640 2146 2932 2210 Ῥωμαίοις
2961 2147 3295 2212 ἀνασώζειν,
3347 2146 3540 2212 πολλὴν
3564 2144 3661 2196 τού-

2118 2256 2211 2292 του
2242 2239 2408 2292 ἕνεκα
2440 2243 2532 2292 καὶ
2581 2242 2785 2310 συνεχῆ
2816 2239 3130 2310 ποιουμένῳ
3177 2239 3282 2310 τὴν
3313 2236 3580 2309 φροντῖδα.
3612 2235 3662 2288 '0

2117 2331 2174 2385 δέ
2207 2332 2444 2400 ἄσμενος
2479 2331 2882 2404 ἀποδεξάμενος
2906 2335 3032 2395 τοὺς
3057 2331 3276 2400 λόγους,
3309 2333 3440 2402 περὶ
3472 2331 3562 2400 μὲν
3576 2329 3661 2382 τῶν

2117 2423 2419 2492 Χρημάτων
2473 2423 2680 2490 ἐφασκε
2715 2424 2876 2494 χάριν
2911 2423 3060 2495 αὐτῷ
3111 2423 3323 2495 πολλὴν
3367 2411 3572 2484 ειδέναι,
3613 2420 3663 2472 ού

2116 2509 2193 2578 τῷ
2213 2508 2354 2576 ὑπὲρ
2381 2509 2489 2561 τῶν
2508 2511 2662 2580 κοινῇ
2687 2511 3080 2580 συμφερόντων
3109 2510 3276 2580 μόνον
3295 2508 3659 2580 παρεσχῆσθαι.

2117 2599 2252 2654 ἀλλά
2277 2601 2373 2654 καὶ
2401 2600 2478 2672 τῷ
2507 2601 2686 2655 αὐτῶν
2719 2601 3148 2654 πεπιστευκέναι
3179 2601 3283 2670 τὴν
3307 2602 3568 2669 διοίκησιν
3587 2600 3661 2652 αύ-

2115 2691 2192 2763 τῷ
2216 2691 2394 2763 ὀρθῶς
2439 2692 2795 2762 πεπεισμένῳ
2825 2694 2921 2745 καὶ
2969 2692 3197 2754 δικαίως
3255 2693 3567 2747 ἀναλώσειν.
3603 2675 3681 2742 τι·

2118 2782 2218 2854 μὲν
2251 2783 2361 2852 γάρ
2387 2799 2511 2836 τινα
2534 2781 2642 2835 τῶν
2674 2781 2870 2836 κοινῶν
2902 2781 3231 2849 ἐπιμέλειαν
3276 2780 3661 2852 ἐγκεχειρισμίο

2116 2891 2225 2942 νον,
2268 2875 2343 2945 μὴ
2394 2873 2492 2946 τὴν
2545 2873 2734 2930 οὐσίαν
2787 2877 2966 2928 ποιεῖν
3018 2874 3240 2945 βελτίω,
3293 2875 3412 2930 ἀλλ’
3436 2878 3530 2929 ὅσα
3555 2876 3658 2943 πρὶν

2117 2966 2404 3031 ἅπτεσθαι,
2432 2967 2674 3022 τοσαῦτα
2709 2967 2904 3037 ἔχοντα
2928 2966 3404 3031 ἀπαλλάττεσθαι,
3444 2967 3534 3020 καὶ
3552 2980 3659 3034 χρη·

2039 3083 2052 3110 ι
2119 3059 2304 3129 μάτων
2333 3058 2408 3119 ὡς
2433 3052 2659 3112 ἐπίπαν’
2679 3057 2916 3129 ὀφθῆναι
2952 3058 3214 3129 κρείττω,
3250 3059 3316 3112 ού
3340 3057 3560 3129 χαλεπὸν
3585 3054 3660 3123 μό-

447 3159 772 3220 multorum,
818 3153 914 3209 sed
961 3151 1160 3208 salvari
1233 3149 1536 3204 volentium
1582 3164 1705 3205 esse
1749 3158 2012 3222 certoque

2117 3165 2228 3212 vov,
2261 3149 2396 3203 ἀλλὰ
2437 3151 2531 3204 καὶ
2577 3149 2840 3205 ἀδύνατον
2899 3149 3110 3220 σχεδόν.
3145 3150 3223 3203 Τὸ
3256 3151 3304 3203 δ’
3367 3149 3550 3219 έχοντα
3578 3146 3657 3216 ἠδη

443 3248 784 3307 credentium
807 3285 824 3310 ,
857 3260 919 3300 se
947 3250 1069 3312 post
1099 3241 1267 3298 ﬁnem
1297 3240 1464 3309 hujus
1506 3239 1648 3295 lucis
1681 3242 1924 3294 omnium
1955 3241 2010 3296 in

445 3343 555 3408 vita
601 3349 882 3410 gestorum
919 3334 1190 3388 rationem
1238 3331 1574 3387 reddituros.
1620 3331 1849 3387 Przestat
1891 3333 2014 3402 qui-

442 3430 569 3485 dem
614 3442 724 3480 non
761 3421 988 3494 peccare
1038 3435 1299 3492 prorsus,
1330 3434 1509 3489 neque
1554 3420 1784 3476 maculis
1824 3421 2013 3478 multis

443 3518 649 3574 foedare
666 3515 912 3571 animam
941 3529 957 3579 ;
989 3511 1035 3567 si
1068 3518 1247 3566 tamen
1276 3509 1333 3564 id
1363 3509 1632 3574 evenerit,
1671 3525 1781 3566 non
1809 3512 2010 3568 iterum

445 3607 706 3680 peccandi
732 3605 1066 3677 principium
1106 3602 1234 3668 erit,
1271 3617 1389 3657 non
1427 3602 1586 3657 modo
1612 3617 1643 3658 a
1675 3601 1892 3658 delictis
1917 3604 2014 3658 ab-

442 3705 650 3758 stinere
676 3741 692 3765 ,
739 3697 836 3754 sed
865 3705 923 3753 et
966 3694 1206 3751 admissa
1247 3694 1611 3764 sequentibus
1659 3703 1808 3748 recte
1853 3694 2014 3749 factis

442 3805 821 3862 compensare.
871 3787 1084 3843 Idcirco
1136 3794 1189 3841 te
1247 3785 1319 3840 ob
1387 3787 1551 3840 istam
1604 3785 2011 3851 mutationem,

444 3884 595 3958 ψιοά
617 3899 724 3940 ηοιι
750 3881 910 3937 aliter
940 3894 1104 3952 quam
1137 3877 1206 3934 ad
1241 3893 1587 3934 communem
1631 3877 1870 3932 fructum
1922 3893 2014 3947 pc-

443 3979 664 4034 cuniam
712 3985 864 4031 tuam
911 3972 1222 4030 donandam
1259 3971 1584 4036 censueris,
1619 3971 1805 4026 laudo.
1853 3970 2044 4038 Quod’

445 4079 578 4121 vero
607 4079 718 4119 non
771 4071 1000 4118 vocatus
1027 4101 1044 4128 ,
1098 4059 1197 4116 sed
1236 4062 1380 4116 ultro
1427 4059 1496 4115 ad
1536 4075 1623 4116 me
1660 4060 1853 4117 adiens
1888 4061 2012 4117 vitae

445 4156 696 4214 subsidia
723 4171 753 4210 a
783 4152 1052 4209 militibus
1090 4150 1160 4208 de
1200 4150 1424 4222 publico
1456 4150 1623 4222 pendi
1661 4152 1822 4216 solita
1872 4168 2013 4208 exn-

443 4263 615 4320 quarc
651 4246 913 4317 petivisti,
961 4254 1176 4303 tantum
1205 4244 1362 4299 abest
1391 4250 1450 4297 ut
1479 4242 1760 4308 damnem,
1792 4253 1853 4299 ut
1884 4260 2010 4299 cum

445 4342 599 4411 prius
645 4338 1004 4408 ipsemeopte
1035 4335 1276 4404 impulsu
1321 4333 1419 4389 tibi
1466 4341 1694 4404 propter
1724 4333 2014 4403 experien-

448 4433 580 4484 tiam
637 4428 744 4482 boc
778 4424 1074 4480 ministerii
1126 4424 1476 4479 committere
1517 4424 1782 4478 voluerim
1807 4463 1823 4489 ,
1861 4440 2012 4492 nunc

2124 3243 2218 3296 καὶ
2253 3242 2416 3312 μηδὲν
2459 3240 2836 3296 ύποπτεύοντα
2885 3241 3059 3294 δεινὸν
3103 3242 3238 3310 περὶ
3266 3241 3470 3303 αὐτῶν,
3500 3238 3655 3292 Eiram

2124 3335 2326 3402 ἑκόντα,
2359 3327 2686 3406 βουληθῆναι
2721 3333 3044 3395 ἀποθέσθαι,
3081 3333 3174 3386 καὶ
3209 3333 3250 3388 ἃ
3303 3331 3548 3397 συνέλεξε
3579 3315 3659 3381 καί

2123 3423 2234 3486 κῶς
2263 3422 2568 3492 χρήσασθαι
2603 3423 2682 3484 είς
2711 3419 2850 3487 δέον,
2881 3421 2941 3474 ού
2983 3419 3092 3474 τῶν
3125 3420 3368 3482 πολλῶν,
3411 3419 3537 3474 ἀλλὰ
3568 3418 3654 3470 τῶν

2124 3514 2466 3586 βουλομένων
2525 3513 2796 3578 σώζεσθαι
2821 3551 2837 3578 ,
2870 3514 2967 3566 καὶ
3019 3513 3415 3584 πεπεισμένων
3451 3510 3655 3581 ἀκριϐῶς

2121 3608 2200 3672 ὡς
2255 3597 2476 3662 πάντων
2527 3606 2857 3678 παρέξουσιν
2911 3605 3145 3664 εὐθύνας
3189 3606 3303 3660 τῶν
3336 3605 3651 3676 βεϐιωμένων

2126 3698 2264 3770 μετὰ
2291 3697 2388 3764 τὴν
2445 3698 2654 3752 ἐνθένδε
2681 3697 3028 3766 ἀπαλλαγήν.
3067 3698 3289 3752 Βέλτιον
3347 3699 3447 3767 μὲν
3475 3698 3569 3764 γὰρ
3597 3695 3653 3762 μὴ

2122 3789 2461 3860 ἁμαρτάνειν
2489 3790 2588 3854 τὴν
2633 3789 2831 3860 ἀρχὴν,
2867 3789 3005 3860 μηδέ
3034 3789 3218 3858 κηλίσι
3251 3789 3475 3852 πολλαῖς
3519 3802 3656 3840 amr

2126 3881 2363 3951 μιαίνειν
2409 3881 2506 3952 τὴν
2559 3880 2758 3952 ψυχήν.
2801 3882 2899 3934 “Av
2958 3881 3004 3934 δ’
3033 3879 3143 3953 ἄρα
3191 3881 3358 3934 τοῦτο
3406 3878 3652 3950 συμϐαίνῃ,

2089 4043 2092 4046 ξ
2121 3974 2380 4044 δευτέρας
2409 3972 2826 4043 ἀναμαρτησίας
2854 3972 3019 4044 ἀρχὴ,
3051 3972 3114 4025 τὸ
3145 3972 3223 4043 μὴ
3262 3973 3428 4044 μόνον
3463 3989 3517 4026 τε
3543 3967 3653 4021 παύ-

2125 4064 2323 4117 σασθαι
2344 4061 2454 4117 τῶν
2478 4063 2689 4132 κακῶν,
2708 4062 2846 4117 ἀλλὰ
2874 4066 2970 4119 καὶ
3014 4062 3349 4136 ἀντίρροπον
3387 4062 3650 4126 ἐπιδείκνυ·

2123 4153 2246 4207 σθαι
2274 4153 2380 4206 τῶν
2410 4153 2632 4221 ἀγαθῶν
2686 4154 2787 4222 τὴν
2819 4153 3105 4224 ἐργασίαν.
3165 4152 3270 4207 Διά
3299 4153 3474 4207 ταῦτα
3499 4150 3555 4221 δὴ
3581 4147 3650 4200 καὶ

2123 4244 2331 4300 ἐπαινῶ
2361 4261 2422 4298 σε
2453 4245 2554 4315 τῆς
2597 4244 2923 4317 μεταϐολῆς,
2964 4246 3058 4300 καὶ
3098 4244 3192 4299 τοῦ
3243 4246 3323 4316 μὴ
3347 4245 3536 4316 τρόπον
3563 4241 3651 4292 ἐτε-

2125 4336 2240 4410 ρονζ
2272 4337 2386 4394 ἀλλ’
2417 4337 2556 4407 ὑπὲρ
2587 4337 2694 4392 τῶν
2725 4340 2882 4407 κοινῇ
2915 4337 3307 4408 συμφερόντων
3337 4337 3404 4390 τὰ
3433 4336 3648 4406 χρήματι

2125 4428 2455 4499 βουληθῆναι
2504 4427 2803 4483 ἐπιδοῦναι.
2863 4431 2988 4483 Ὀτι
3041 4430 3098 4482 δὲ
3156 4431 3232 4501 μὴ
3295 4417 3646 4500 προσκληθεὶς,

443 4521 684 4592 ιιιιῳιὶιιε
723 4518 943 4574 credam
969 4557 985 4583 ,
1028 4524 1083 4571 te
1124 4515 1178 4571 id
1211 4515 1409 4570 melius
1475 4529 1539 4570 ac
1588 4516 1793 4588 justius
1826 4517 2011 4572 obitu-

2117 4519 2253 4576 ἀλλά
2279 4521 2548 4592 πρότερος
2589 4521 2906 4592 προσελθὼν
2954 4521 3118 4584 αὐτὸς
3145 4522 3208 4574 τὺ
3251 4520 3536 4575 ἐπανισοῦν
3561 4518 3648 4576 toil

445 4629 590 4671 rum.
617 4610 737 4665 Non
761 4609 908 4664 enim
933 4622 1087 4680 aeque
1113 4615 1171 4663 et
1193 4606 1288 4677 qui
1311 4608 1602 4677 promissis
1629 4609 1810 4678 largus
1833 4617 1938 4674 est,
1960 4617 2016 4664 et

443 4704 540 4773 qui
587 4700 728 4755 nihil
763 4697 1076 4768 promittit,
1115 4697 1386 4767 promissa
1431 4698 1654 4766 implere
1703 4701 2012 4754 enituntur".

446 4793 601 4849 llanc
642 4791 827 4861 igitur
861 4788 1202 4859 provinciam
1240 4787 1341 4843 tibi
1379 4788 1628 4858 iniungo.
1683 4787 1760 4843 Te
1792 4805 2015 4859 quoque

448 4900 547 4955 par
582 4859 1010 4938 estvexisiimare
1037 4918 1053 4944 ,
1086 4894 1195 4935 non
1234 4893 1401 4948 parva
1436 4880 1681 4947 quaedam
1738 4888 1796 4934 et
1835 4879 2019 4949 despi-

448 4971 646 5030 cabilia
679 4975 779 5028 abs
808 4982 860 5027 te
887 4969 1132 5037 tractari,
1161 4977 1217 5024 et
1245 4984 1366 5038 quae
1397 4984 1519 5034 nec,
1544 4969 1587 5024 si
1618 4970 1790 5038 probe
1821 4985 2019 5026 curen-

447 5077 560 5130 tur,
592 5061 871 5121 communi
919 5061 1210 5116 admodum
1241 5059 1551 5130 proﬁciant,
1603 5075 1703 5142 nec
1747 5076 1855 5115 non
1896 5076 2019 5130 per-

449 5158 578 5212 inde
611 5164 868 5218 noceant,
903 5139 1223 5222 si'segnitcr
1249 5167 1312 5206 ac
1359 5139 1624 5222 nequiter
1646 5153 1798 5206 fiant.
1857 5151 2012 5218 Quod

447 5265 687 5320 namque
723 5248 778 5302 in
811 5263 870 5301 re
901 5246 1125 5316 politica
1169 5245 1357 5316 iudex,
1392 5247 1496 5300 hoc
1545 5243 1601 5298 in
1633 5245 1870 5314 publicis
1913 5245 2014 5298 sti-

449 5341 668 5414 pendiis
697 5349 953 5408 prastare
1003 5339 1175 5408 possit
1204 5347 1538 5407 exaequator.
1571 5338 1788 5392 Etenim
1836 5347 1893 5393 et
1923 5338 2014 5394 ille

445 5452 515 5490 ex
551 5435 808 5503 equitate
846 5433 1090 5488 arbitriis
1127 5431 1392 5486 faciendis
1435 5439 1491 5486 ct
1549 5431 1616 5485 ad
1657 5431 1837 5501 legum
1885 5433 2017 5488 obe-

446 5527 713 5588 dicntiam
762 5527 1034 5595 cogendo,
1077 5526 1281 5581 bonum
1313 5522 1554 5578 civitatis
1598 5531 1798 5576 statum
1831 5525 2016 5578 conci-

445 5620 545 5676 liat
569 5635 586 5685 ;
615 5626 671 5674 et
695 5617 785 5673 hic
807 5620 854 5674 si
879 5621 1059 5689 justus
1081 5631 1223 5681 esse,
1249 5615 1640 5684 communique
1665 5616 2015 5671 commodare

444 5713 600 5778 velit,
629 5711 768 5767 alios
795 5710 1071 5781 spoliabit,
1100 5698 1147 5764 si
1180 5710 1321 5764 ultra
1347 5708 1559 5779 justum
1593 5705 1804 5762 fructus
1832 5709 2014 5776 perci-

446 5802 621 5872 piant,
647 5800 811 5874 377
829 5800 953 5858 aliis
977 5799 1161 5855 minus
1193 5797 1522 5854 habentibus
1537 5795 1658 5867 plus
1681 5797 1866 5864 addet,
1891 5811 2011 5852 om-

1111 5905 1118 5911 ι
1143 5905 1386 5914 ...ν-..-ε-ο--η
1403 5906 1454 5912 ...ς«
1481 5907 1492 5911 .-

2119 4615 2486 4683 στρατιὼταις
2515 4615 2612 4677 τὰς
2637 4617 2702 4667 ἐκ
2738 4615 2846 4667 τῶν
2885 4613 3160 4684 δημοσίων
3193 4613 3404 4684 ⁴ᾔτησας
3431 4612 3518 4666 τοῦ
3557 4609 3646 4678 βίον

2115 4708 2391 4779 ἀφορμὰς.
2437 4704 2690 4762 τόάοῦτον
2720 4707 2912 4778 ἀπέχω
2942 4707 3400 4776 καταγινώσκειν,
3427 4706 3555 4759 ὥστε
3575 4700 3647 4753 καὶ

2114 4801 2383 4870 πρότερον
2427 4801 2593 4854 αὑτὸν
2645 4799 2860 4854 οἴκοθεν
2916 4800 3250 4872 ὡρμημένον
3295 4800 3384 4853 διά
3424 4799 3515 4867 τὴν
3543 4794 3644 4861 περὶ

2113 4887 2290 4942 ταῦτα
2310 4889 2602 4958 ἐμπειρίαν
2626 4905 2710 4942 σοι
2738 4888 2839 4960 τὴν
2874 4890 3180 4958 ὑπηρεσίαν
3211 4887 3546 4959 ἐγχειρίζειν,
3573 4881 3645 4933 νῦν

2121 4980 2319 5050 μᾶλλον
2344 4980 2635 5042 ἀνέπεισας
2662 4981 2869 5050 βέλτιον
2895 4980 3104 5034 οἴεσθαι
3125 4983 3218 5034 καὶ
3255 4981 3570 5047 δικαιότερον
3591 4973 3642 5022 τὰ

2113 5071 2340 5123 τοιαῦτα
2363 5070 2678 5140 διοικήσειν.
2707 5071 2780 5124 Οὐ
2809 5071 2913 5140 γὰρ
2930 5071 3133 5140 ὁμοίως
3166 5072 3195 5124 ὅ
3223 5087 3284 5123 τε
3314 5070 3478 5142 πολλὰ
3506 5068 3640 5128 ἐπαγ·

2115 5161 2436 5231 γειλάμενος
2466 5162 2558 5214 καὶ
2579 5162 2605 5215 ὁ
2632 5161 2816 5232 μηδὲν,
2848 5163 2976 5232 περὶ
3001 5161 3111 5215 τῶν
3136 5161 3545 5231 ἐπηγγελμένων
3562 5171 3638 5207 τίν

2114 5253 2462 5322 ἐκπλήρωσιν
2515 5250 2905 5308 σπουδάσουσιζ
2949 5253 3061 5321 Τὴν
3095 5254 3194 5323 μὲν
3235 5250 3328 5307 οὖν
3379 5247 3638 5319 ὑπηρεσίαν

2114 5341 2222 5395 τῶν
2272 5341 2526 5394 τοιούτων
2576 5342 2874 5410 ἐπιτρέπω.
2930 5342 2996 5394 Σὲ
3042 5342 3097 5394 δέ
3131 5343 3224 5393 καὶ
3263 5339 3424 5394 αύτδν
3464 5333 3632 5390 οίεσθιι

2113 5435 2409 5502 προσῆκον,
2440 5431 2516 5502 μὴ
2550 5431 2722 5502 μικρά
2771 5449 2890 5484 τινα
2937 5433 3033 5487 καὶ
3083 5429 3522 5499 εὐκαταφρόνητα
3558 5440 3632 5491 με·

2111 5524 2309 5590 τιέναι,
2355 5523 2478 5594 μηδ’
2523 5518 2634 5589 οἷα,
2689 5525 2826 5595 μήτε
2883 5523 3226 5593 διοικούμενα
3271 5522 3440 5584 καλῶς
3469 5516 3634 5578 πολλῇ

2113 5613 2378 5680 ὠφέλειαν
2405 5614 2667 5684 παρέχειν
2697 5613 2774 5684 τῷ
2800 5614 2985 5684 κοινῷ,
3024 5616 3146 5683 μήτ’
3189 5614 3384 5684 ἐπίσης
3415 5611 3591 5680 βλάπτε
3611 5617 3632 5651 ν

2111 5704 2177 5758 ἂν
2207 5704 2470 5776 ῥᾳθύμως
2500 5707 2593 5758 καὶ
2613 5707 2935 5776 πανούργως
2969 5707 3332 5777 πράττωνται.
3369 5706 3528 5770 Ὅπερ
3548 5695 3630 5764 γάρ

2111 5800 2229 5854 ἐστι
2256 5801 2367 5866 τοῖς
2392 5799 2690 5866 πολιτικοῖς
2717 5803 3039 5873 πράγμασιν
3068 5803 3096 5855 ό
3135 5800 3347 5873 κριτὴς,
3377 5798 3520 5852 τοῦτο
3540 5790 3627 5852 1'5;
