3880 6586
241 513 327 579 753
1321 517 1369 574 Il
1386 515 1858 575 iSTOR‘aARUMi
1892 517 1961 575 ιι
1978 518 2118 576 BER
2163 514 2278 577 lbi.
2677 558 2680 561 -
3328 511 3434 574 754

241 625 479 694 δημοσίοις
512 625 716 678 δύναιτ’
745 625 811 679 ἂν
872 628 898 679 ὁ
931 625 1212 694 tatarum.
1276 625 1515 688 Ἐκεῖνος
1566 641 1626 677 τε
1660 624 1768 692 γάρ

1883 639 2080 693 aesque
2111 626 2180 682 ad
2209 625 2549 682 militandum
2597 633 2880 697 promptos
2903 663 2918 690 ,
2946 633 3004 680 et
3031 621 3288 678 ordinum
3329 625 3432 678 ob-

242 721 462 792 εὐνομίαν
491 724 612 784 ταῖς
662 723 851 776 πόλεσι
903 720 1334 792 παρασκευάζει,
1371 720 1591 786 δικαίως
1625 719 1766 772 διαι-

1883 726 2196 783 servantes,
2250 727 2307 774 et
2354 718 2588 774 ducibus
2639 716 3166 787 obsequentissimos
3213 714 3433 770 reddet.

241 809 462 878 τῶν,’καὶ
486 815 598 875 τοῖς
628 815 814 880 νόμοις
847 813 1132 868 πείθεσθαι
1172 812 1626 879 καταναγκάζων.
1658 813 1769 866 Καὶ

1883 811 2011 878 Quia
2036 811 2204 882 igitur
2261 827 2581 882 magnarum
2609 819 2666 866 et
2694 810 2763 865 ad
2797 809 3249 880 gubernationem
3279 823 3434 862 sum-

239 900 362 968 οὗτος
386 907 448 959 ἂν
473 905 629 975 ἐθέλῃ
663 905 732 957 τά
754 905 941 958 δίκαια
973 907 1147 958 ποιεῖν
1171 905 1265 957 καὶ
1291 905 1360 957 τά
1385 901 1768 957 λυσιτελοῦντα

1883 916 1978 955 ma:
2027 899 2346 970 reipublicae
2386 899 2804 954 utilissimarum
2864 898 3178 982 rerum'tibi
3225 897 3434 953 credita

237 997 304 1066 τῷ
318 996 486 1066 κοινῷ,
506 996 615 1049 τῶν
643 996 743 1065 μὲν
769 995 1135 1065 ἀφαιρήσεται
1158 997 1226 1050 ἂν
1260 997 1423 1048 πλέον
1451 995 1770 1066 καρπῶνται

1883 1005 2006 1046 cura
2033 1001 2115 1047 est
2141 1033 2157 1056 ,
2197 1002 2249 1047 te
2291 989 2346 1046 id
2401 991 2604 1048 sentire
2629 1030 2645 1055 ,
2681 999 2740 1046 et
2783 990 2839 1044 in
2891 1004 3055 1060 opere
3103 991 3438 1046 conveniens

237 1087 316 1140 τοῦ
341 1085 564 1140 δικαίου⁹
590 1087 701 1146 τοῖς
728 1086 783 1138 δὲ
833 1086 1052 1138 ἔλαττον
1098 1086 1284 1155 ἔχουσι
1321 1085 1598 1157 προσθεὶς,
1639 1103 1773 1155 προ-

1883 1083 2114 1139 studium
2158 1083 2602 1158 alacritatemque
2661 1081 2926 1137 adhibere
2972 1089 3212 1151 oportet.
3259 1083 3438 1152 Atque

237 1176 410 1244 θύμους
441 1178 575 1245 πρὸς
603 1178 700 1239 τὰς
760 1176 1050 1247 στρατείας
1081 1179 1498 1247 παρασκευάσει
1538 1179 1770 1243 πάντας,

1883 1171 1990 1227 θοις
2016 1172 2238 1242 quidem
2276 1172 2344 1227 ad
2397 1173 2516 1244 ejus
2586 1173 2902 1242 petitionem
2932 1172 3212 1238 disseruit,
3249 1187 3314 1227 ac
3349 1187 3438 1227 re-

237 1268 314 1320 καὶ
336 1266 687 1335 φυλάττοντας
715 1268 816 1337 τὴν
837 1267 1010 1331 τάξιν,
1053 1267 1149 1321 καὶ
1187 1269 1542 1338 πειθομένους
1573 1266 1773 1337 ἄριστα

1883 1263 2118 1332 spondit,
2173 1273 2317 1333 post,
2353 1272 2619 1333 quantum
2665 1271 2810 1318 esset
2851 1266 3118 1333 pecuniae,
3164 1263 3438 1334 quaesivit.

235 1359 328 1417 τοῖς
351 1359 690 1426 στρατηγοῖς,
723 1357 798 1420 ὡς
820 1353 914 1411 οῦν
941 1359 1152 1426 μεγάλα
1195 1360 1649 1429 πεπιστευμένος,
1680 1361 1774 1413 καὶ

1883 1353 1956 1409 Eo
1991 1355 2375 1424 respondente.
2409 1369 2706 1410 aureorum
2750 1363 2972 1411 centum
3015 1355 3209 1420 millia,
3255 1355 3440 1425 supel-

232 1451 289 1500 τὰ
313 1451 526 1518 μέγιστα
581 1450 997 1519 συμϐαλλόμενα
1050 1450 1187 1519 πρὸς
1217 1451 1315 1521 τὴν
1348 1452 1617 1521 διοίκησιν
1661 1451 1774 1506 τῶν

1883 1447 2110 1502 Iectilem
2135 1459 2269 1502 vero
2297 1455 2349 1502 et
2382 1461 2507 1501 vasa
2550 1460 2618 1500 ex
2647 1461 2785 1502 auro
2828 1455 3167 1517 argentoque
3194 1447 3438 1516 quadra-

231 1541 368 1601 ὄλυν,
404 1539 544 1592 οὕτω
598 1540 706 1611 χρὴ
760 1541 854 1594 καὶ
887 1543 1204 1605 πεπεῖσθαι,
1244 1544 1336 1596 καὶ
1386 1544 1776 1613 προσήκουσαν

1883 1540 2022 1611 ginta
2077 1538 2322 1593 millibus
2367 1537 2669 1604 astimata,
2698 1553 2820 1608 quae
2866 1538 3052 1594 omnia
3089 1538 3146 1592 in
3197 1553 3443 1611 praesens

234 1631 444 1700 σπουδὴν
474 1632 569 1685 καὶ
621 1632 938 1702 προθυμίαν
985 1633 1390 1688 ἐπιδείκνυσθαι
1430 1635 1521 1689 ἐπὶ
1549 1637 1660 1696 τοῖς
1686 1635 1775 1707 ερ.

1883 1628 2084 1684 donare
2115 1636 2339 1698 paratus
2360 1629 2453 1692 sit,
2482 1628 2717 1697 quodam
2745 1628 3074 1684 famulorum
3103 1628 3302 1696 accito,
3335 1629 3440 1685 Abi

231 1741 356 1792 γοις.
382 1723 617 1778 Τοιαῦτα
675 1723 776 1790 μὲν
819 1722 1002 1793 διῆλθε
1056 1724 1192 1794 πρὸς
1244 1725 1434 1790 αὐτὸν,
1479 1725 1776 1794 ἀπολογίαν

1883 1723 2087 1792 igitur,
2130 1722 2352 1793 inquit,
2387 1732 2444 1779 et
2490 1722 2620 1777 huic
2650 1722 2715 1776 da
2750 1721 2964 1777 isthzec.
3009 1719 3111 1786 Qui
3154 1734 3280 1776 cum
3323 1719 3444 1776 sine

229 1817 527 1883 ποιούμενος
557 1813 642 1884 ἐφ’
672 1808 755 1878 οἷς
801 1813 978 1883 ἠξίου.
1038 1815 1273 1870 Ἔπειτα
1315 1815 1426 1869 τῶν
1475 1816 1776 1886 χρημάτων

1883 1827 2031 1868 mora
2057 1813 2403 1884 abiretjussa
2433 1811 2812 1875 conlecturus,
2859 1810 3179 1882 priusquam
3217 1809 3442 1865 domum

227 1902 536 1957 ἐπυνθάνετο
559 1904 653 1958 τὸν
680 1904 915 1976 ἀριθμὸν
949 1905 1148 1968 ὁπόσος
1172 1906 1282 1975 εἴη.
1315 1905 1426 1960 Τοῦ
1449 1907 1506 1960 δὲ
1533 1909 1775 1976 ἀποκρι-

1883 1904 2195 1974 attingeret,
2227 1918 2457 1974 magnus
2478 1902 2814 1959 domesticus
2851 1918 2983 1959 eum
3019 1909 3262 1968 revocat,
3289 1911 3346 1958 et
3375 1901 3444 1955 de

226 1996 460 2064 ναμένου,
490 1993 715 2066 χρυσίου
764 1994 862 2064 μὲν
897 1990 1039 2049 εῖναι
1093 1997 1360 2066 μυριάδας
1384 1997 1537 2062 δέκα,
1569 1998 1775 2055 ἔπιπλά

1883 1993 2101 2048 libentia
2129 1992 2527 2060 collaudatum,
2555 1993 2819 2063 pecunias
2834 2007 3054 2048 scrvare
3085 1992 3264 2065 jubet,
3294 1991 3443 2062 quod

225 2101 279 2138 τε
313 2085 394 2138 καὶ
445 2084 613 2155 σκεύη
648 2086 713 2138 ὲκ
754 2085 956 2157 χρυσοῦ
985 2087 1335 2157 πεποιημένα
1373 2087 1471 2141 καὶ
1495 2087 1772 2158 ἀργύρου,

1883 2081 1945 2137 iis
1985 2081 2152 2136 modo
2206 2097 2319 2136 non
2369 2091 2546 2153 egeat.
2587 2081 2691 2138 Ubi
2730 2081 2846 2136 suis
2881 2083 3223 2152 consumptis
3263 2091 3318 2135 et
3357 2080 3446 2135 his

226 2173 447 2242 χρυσίων
477 2175 959 2244 τετρακισμυρίων
996 2175 1144 2241 άξια,
1177 2177 1270 2230 καὶ
1307 2177 1481 2231 ταῦτα
1533 2179 1774 2248 φαμένου

1883 2170 2200 2240 indiguerit,
2239 2181 2353 2227 tum
2398 2171 2544 2241 ipsas
2589 2186 2809 2242 quoque
2845 2179 2908 2226 ut
2957 2169 3066 2225 sibi
3104 2169 3447 2226 necessarias

227 2263 390 2316 πάντα
419 2263 480 2317 τδ
509 2264 604 2318 νῦν
648 2265 790 2335 ἔχον,
817 2266 1049 2338 ἑτοίμως
1075 2267 1352 2322 ἐπιδοῦναι
1373 2269 1542 2339 ἔχειν,
1563 2270 1672 2324 τῶν
1698 2271 1776 2324 ot-
1875 2272 2253 2332 accepturum.
2304 2261 2490 2332 ibique
2537 2277 2632 2318 eas
2655 2263 2989 2332 positurum
3025 2302 3042 2328 .
3079 2261 3176 2317 ubi
3251 2276 3442 2316 earum

223 2354 384 2406 xstth
415 2357 924 2426 μετακαλεσάμενός
968 2376 1115 2422 τινα,
1158 2359 1392 2424 Οὐκοῦν,
1429 2360 1557 2431 ἔφη,
1603 2361 1775 2416 ταῦτα

1883 2356 2123 2422 erogatio
2146 2351 2467 2423 reipublicae
2506 2352 2805 2421 plurimum
2834 2351 3120 2422 profutura
3144 2351 3446 2406 videbitur.

222 2446 384 2516 τούτῳ
435 2447 675 2517 παράδος
708 2449 983 2506 ἀπελθών.
1036 2450 1126 2516 Ὠς
1175 2451 1234 2506 δὲ
1285 2452 1450 2522 μηδὲν
1502 2453 1775 2525 μελλήσας

1883 2444 1986 2499 Hic
2035 2443 2130 2500 ille
2175 2443 2417 2514 primum
2461 2443 2810 2512 tergiversari
2851 2453 2907 2500 et
2947 2442 3202 2497 dictitare
3251 2457 3448 2511 parum
3560 2484 3568 2492 χ

222 2531 502 2600 ἐπορεύετο
559 2534 624 2588 τά
681 2539 1133 2608 προστεταγμένα
1191 2539 1585 2611 ἐκπληρώσων,
1646 2544 1776 2613 πρὶν

1883 2535 1980 2590 sibi
2000 2534 2297 2606 jucundam
2339 2548 2460 2590 esse
2495 2533 2748 2604 pecunia:
2795 2533 3123 2589 custodiam.
3157 2533 3448 2590 Verumta-

219 2621 395 2676 οίκαδε
451 2624 646 2690 ἐλθεῖν,
699 2630 737 2680 ὁ.
765 2627 940 2702 μέγας
994 2629 1316 2700 δομέστικος
1363 2633 1614 2687 ἂκέλευεν
1647 2634 1779 2689 ἀνα-

1883 2641 2004 2681 men
2047 2626 2314 2696 imperata
2368 2623 2548 2680 facere
2588 2639 2815 2681 necesse
2863 2625 3073 2681 habuit.
3129 2625 3444 2683 Secundum

223 2713 490 2782 στρέφειν,
540 2717 755 2787 καὶτῆς
786 2717 884 2789 μὲν
919 2719 1230 2791 προθυμίας
1259 2721 1422 2776 ἕνεκα
1457 2721 1680 2794 ἐπῄνει,
1707 2723 1778 2778 τά

1883 2717 1998 2779 haec
2051 2732 2282 2788 magnus
2321 2716 2660 2773 domesticus
2706 2718 3048 2789 primoribus
3097 2718 3331 2789 singulis
3385 2729 3444 2775 et

219 2806 467 2874 χρήματα
495 2806 552 2861 δὲ
579 2808 831 2862 ἐκέλευεν
856 2811 1019 2865 αὐτὸν
1051 2811 1344 2881 φυλάττειν
1368 2851 1386 2878 ,
1424 2814 1500 2878 ὡς
1538 2813 1636 2869 νῦν
1677 2814 1779 2886 μὲν

1883 2811 2085 2880 alioqui
2124 2809 2414 2866 nobilitate
2453 2811 2866 2880 praestantibus,
2903 2820 2959 2866 et
3003 2820 3268 2883 praeterea
3303 2813 3449 2868 mili-

218 2893 392 2946 αὐτῶν
415 2894 475 2948 οὐ
502 2895 757 2968 δεομένῳ.
805 2899 928 2953 Ἐὰν
953 2899 1013 2954 δὲ
1065 2901 1176 2955 τῶν
1217 2903 1364 2958 ίδὶων
1387 2903 1777 2960 ἀναλωθέντων

1883 2903 2026 2958 tibus
2059 2902 2362 2968 accersitis,
2395 2911 2662 2972 quantum
2689 2902 2889 2972 cuique
2921 2902 3224 2972 imperator
3257 2903 3449 2959 decre-

217 2983 312 3038 atal
340 2984 540 3040 τούτων
567 2987 755 3060 δεηθῇ,
798 2982 908 3071 τότ’
937 2991 1039 3064 ήδη
1073 2991 1374 3063 λαμϐάνειν
1402 2995 1478 3059 ὡς
1507 2996 1657 3068 αὐτῷ
1684 2999 1776 3053 καὶ

1883 2997 2081 3061 visset,
2145 2993 2618 3067 percuntiabatur,
2671 3003 2729 3052 et
2786 3002 3071 3051 tantumne
3113 2994 3322 3061 modo,
3376 3009 3448 3050 an

216 3071 385 3126 ταῦτα
412 3073 755 3146 διαφέροντα,
798 3081 892 3134 καὶ
933 3082 1269 3150 ἀναλίσκειν,
1304 3085 1429 3143 ὅποι
1457 3086 1524 3141 ἂν
1546 3087 1676 3158 δοκῇ
1699 3088 1779 3159 τῷ

1883 3087 2061 3142 minus
2085 3084 2453 3156 possiderent.
2487 3083 2702 3150 Quibus
2727 3083 3011 3155 sigillatim
3040 3084 3186 3155 quod
3215 3099 3305 3140 res
3325 3091 3450 3138 erat

217 3161 379 3233 κοινῷ
404 3163 748 3221 άναλωθέντα
779 3169 1017 3238 μάλιστα
1040 3170 1434 3243 λυσιτελήσειν.
1474 3177 1533 3230 '0
1555 3176 1601 3230 δ’
1630 3177 1779 3249 ἀπη-

1883 3177 2369 3248 respondentibus,
2402 3176 2714 3233 Patricium
2757 3177 3060 3244 mandavit,
3087 3187 3149 3232 ut
3172 3177 3268 3246 qui
3295 3175 3448 3230 fran-

214 3253 410 3354 γόρευε
444 3255 542 3354 μὲν
567 3258 677 3310 τῶν
721 3260 1017 3329 χρημάτων
1064 3263 1164 3333 τὴν
1210 3264 1482 3335 φυλακὴν,
1539 3266 1602 3320 οὐ
1657 3268 1779 3322 καθ’

1883 3267 1993 3323 dati
2023 3268 2214 3324 essent
2235 3309 2249 3335 ,
2291 3283 2483 3324 eorum
2522 3267 2720 3323 damna
2765 3268 3059 3324 resarciret
3083 3309 3098 3334 ,
3130 3276 3187 3323 et
3219 3267 3450 3338 insuper

218 3345 409 3414 ἡδονήν
439 3343 578 3402 εἶναι
602 3350 828 3420 φάσκων
857 3352 1423 3428 αὺτῷιπαρακατέχειν
1452 3358 1555 3414 ἔτι.
1589 3358 1779 3430 Ὅμως

213 3436 533 3503 ἀναγκαίως
559 3443 1027 3511 προσταττόμενος
1057 3446 1326 3501 ἐπείθετο.
1358 3447 1509 3503 Μετὰ
1541 3449 1700 3504 τοῦτο
1721 3450 1780 3504 δὲ

210 3526 242 3578 ὁ
276 3526 451 3594 μέγας
481 3528 820 3599 δομέστικος,
851 3532 960 3586 τῶν
995 3551 1054 3588 τε
1087 3537 1473 3609 συγκλητικῶν
1503 3539 1626 3594 καθ’
1657 3540 1777 3606 ἕνα,

211 3619 454 3670 καὶτῶν
496 3619 670 3685 άλλως
719 3623 968 3695 εὐγενείᾳ
1013 3626 1403 3699 διαφερόντων,
1462 3631 1656 3686 ἔπειτα
1688 3634 1781 3686 καὶ

209 3708 560 3777 ατρατιώτας
594 3714 1090 3788 μετακαλούμενος,
1123 3722 1220 3791 τῆς
1250 3737 1310 3774 τε
1340 3722 1489 3794 παρὰ
1519 3723 1780 3793 βασιλέως

207 3799 674 3875 ἀποτεταγμένης
730 3807 944 3879 ἑκάστῳ
1002 3812 1260 3881 προνοῖας
1313 3813 1644 3868 ἐπυνθάνετο
1690 3816 1781 3869 τὸν

205 3890 453 3960 ἀριθμὸν
494 3895 586 3948 καὶ
617 3895 666 3948 εί
697 3897 948 3953 τοσοῦτον
979 3901 1240 3972 κέκτηται
1270 3901 1384 3970 νῦν,
1419 3904 1453 3974 il
1501 3903 1594 3958 τοῦ
1619 3923 1782 3960 τεταη

200 3980 423 4048 γμὲνου
455 3978 617 4053 ἦττον
643 4001 656 4016 ·
681 3986 789 4041 τῶν
817 3989 874 4042 δὲ
895 3989 1346 4062 ἀποκρινομένων
1376 3995 1608 4049 ἑκάστου
1632 3997 1783 4060 ὅπως

201 4067 328 4144 εῐχε
360 4075 432 4128 τά
467 4077 653 4144 αὑτοῦ,
687 4082 801 4144 τοῖς
849 4083 950 4152 μὲν
989 4083 1462 4156 άπεστερημένοις
1499 4089 1608 4140 τῶν
1634 4089 1780 4143 δεόνο

195 4180 321 4218 των
357 4165 468 4221 ’τὸν
516 4168 901 4242 Πατρικιὼτην
951 4174 1203 4230 ἐκέλευεν
1254 4177 1630 4250 ἀναπληροῦν,
1688 4182 1800 4234 nale

200 4255 446 4326 προσέτι
473 4260 844 4329 προστιθέναι,
873 4263 1000 4318 ὅσον
1025 4265 1178 4336 αὐτῷ
1205 4266 1387 4333 καλῶς
1419 4268 1564 4339 ἔχειν
1585 4268 1782 4336 ἐδόκει,

1883 3369 2150 3431 quantum
2177 3359 2375 3416 decere
2407 3357 2680 3432 judicaret
2704 3398 2722 3427 ,
2763 3368 3005 3430 spectata
3047 3357 3311 3430 cujusque
3359 3359 3450 3414 di-

1883 3452 2090 3524 gnitate
2149 3461 2206 3508 et
2250 3449 2464 3508 meritis
2521 3451 2806 3523 adjiceret.
2854 3451 2960 3518 Qui
3005 3451 3075 3506 ab
3113 3452 3448 3521 imperatore

1881 3542 2214 3599 sufﬁcientia
2241 3543 2512 3599 haberent
2554 3543 2850 3614 stipendia,
2891 3543 3001 3598 illis
3043 3543 3302 3599 similiter
3340 3543 3446 3599 alia

1883 3634 2010 3690 addi
2044 3634 2227 3707 jussit.
2258 3633 2350 3690 Sic
2374 3635 2572 3690 diebus
2604 3639 2883 3706 sexaginta
2917 3635 3152 3692 maxime
3175 3637 3450 3699 divisione

1885 3724 2062 3791 facta,
2100 3740 2227 3780 cum
2263 3725 2447 3780 minus
2494 3726 2831 3781 habentibus
2874 3726 3020 3797 quod
3057 3726 3248 3783 deerat
3283 3743 3476 3798 accc;

1885 3819 2038 3874 deret
2062 3832 2186 3894 cum
2229 3817 2496 3881 auctario,
2538 3825 2594 3871 et
2633 3816 2860 3885 reliquis
2892 3817 3037 3872 nihil
3074 3819 3447 3874 desideranti-

1886 3909 1990 3964 bus
2012 3918 2190 3963 tamcn
2216 3907 2532 3972 adderetur,
2560 3905 2803 3961 universi
2842 3907 3090 3962 contenti
3130 3909 3446 3980 stipendiis.

1884 4011 2138 4069 maguum
2163 3997 2526 4053 domesticum
2564 3997 2864 4067 gratiarum
2904 3999 3122 4058 actione
3146 4015 3446 4070 proseque-

1883 4091 2119 4156 bantur,
2178 4097 2235 4144 et
2275 4087 2590 4158 ubicunque
2627 4096 2901 4144 terrarum
2941 4089 3202 4146 adversus
3250 4089 3455 4159 Roma;

1885 4196 2083 4239 norum
2121 4181 2308 4235 hostes
2331 4178 2400 4233 ad
2438 4178 2830 4236 decertandum
2855 4195 2915 4236 se
2939 4190 3164 4251 paratos
3188 4184 3450 4239 ostende-

1883 4275 2038 4339 bant,
2064 4285 2218 4326 arma
2249 4278 2598 4340 extergentes
2635 4280 2692 4326 et
2715 4286 2890 4341 equos
2929 4256 3210 4330 consuetis
3261 4274 3450 4344 plures

194 4346 497 4416 ἀναλόγως
540 4351 757 4424 ἑκάστῳ
799 4354 899 4424 τὴν
932 4357 1256 4426 εὐεργεσίαν
1300 4360 1634 4430 προστιθείς.
1660 4362 1782 4427 Τοῖς

1883 4377 1950 4418 ac
1995 4361 2254 4416 meliores
2296 4372 2716 4430 comparantes,
2754 4355 3115 4434 dolentesque
3163 4365 3345 4434 plane,
3387 4375 3450 4421 ut

190 4435 258 4528 δε
291 4438 576 4503 ἀνενδεεῖς
597 4441 694 4504 τὰς
722 4442 1078 4513 ὲκβασιλέως
1115 4446 1297 4517 ἔχουσι
1343 4449 1664 4518 προσόδους,
1691 4452 1782 4506 καὶ

1885 4451 2224 4520 apparebat,
2264 4450 2413 4520 quod
2458 4465 2571 4505 non
2610 4451 2778 4508 citius
2817 4451 2888 4509 ad
2931 4453 3174 4511 hostium
3220 4455 3450 4528 injurias

188 4526 399 4590 αὐτοῖς
428 4529 682 4606 ἐκέλευεν.
721 4532 923 4603 ὁμοίως
953 4535 1091 4606 πρὸς
1120 4532 1201 4598 οἷς
1233 4536 1419 4607 ἔχουσι
1457 4538 1552 4593 καὶ
1588 4540 1782 4610 ἐτέρας

1885 4539 2264 4596 defendendas
2298 4539 2688 4598 educerentur.

189 4619 589 4709 προστιθέναι.
620 4621 732 4675 Καὶ
758 4624 819 4676 ὲν
879 4623 1145 4696 ἐξήκοντα
1211 4627 1448 4698 ήμὲραις
1493 4629 1730 4699 μάλιστα
1791 4629 2162 4700 γεγενημένου
2216 4627 2314 4682 τοῦ
2363 4630 2701 4700 άναδασμοῦ,
2733 4635 2848 4696 τοῖς
2899 4649 2959 4688 τε
2999 4633 3223 4692 ἔλαττον
3265 4639 3452 4709 ἔχουσι

185 4708 570 4778 προσετίθετο
600 4710 663 4764 τὸ
708 4711 951 4768 ἐλλεῖπον
1011 4717 1151 4785 μετὰ
1211 4718 1548 4789 προσθήκης,
1570 4720 1674 4796 ,καὶ
1723 4721 1838 4782 τοῖς
1873 4718 2217 4790 λειπομένοις
2266 4718 2491 4790 μηδενὸς
2528 4720 2564 4787 ή
2596 4720 2882 4794 προσθήκη
2928 4726 3302 4794 προσεγίνετο.
3337 4728 3452 4781 Καὶ

182 4799 420 4860 πάντες
451 4800 786 4872 ὲξαρχούσας
817 4805 913 4868 τὰς
961 4807 1255 4876 προσόδους
1309 4809 1672 4879 ⁴ήγησάμενοι,
1730 4807 1958 4880 χάριτάς
1982 4825 2043 4863 τε
2109 4807 2426 4878 ὡμολόγουν
2469 4808 2551 4879 τῷ
2615 4810 2844 4882 μεγάλῳ
2871 4811 3180 4884 δομεστίκῳ
3222 4812 3451 4882 πολλάς,

180 4892 295 4946 καὶ
331 4894 611 4964 πρόθυμοι
653 4892 794 4967 ἦσαν
841 4899 954 4961 τοῖς
1011 4900 1349 4970 ὁπουδήποτε
1382 4901 1487 4970 γῆς
1523 4901 1635 4956 τῶν
1709 4901 1997 4972 Ῥωμαίων
2033 4901 2317 4970 πολεμίοις
2388 4900 2676 4972 μάχεσθαι.
2747 4903 2859 4958 Καὶ
2893 4903 3037 4957 ὅπλα
3081 4905 3485 4972 ἐπεσκεύαζονο

175 4989 614 5058 διασμήκοντες
646 5028 664 5055 ,
737 4994 832 5046 καὶ
890 4993 1088 5055 ῖππους
1151 4993 1608 5063 προσεπορίζοντο
1672 4994 1766 5049 καὶ
1807 4994 2030 5057 πλείους
2089 4993 2181 5048 κο)⁸
2248 4993 2490 5062 βελτίους
2516 4992 2630 5048 τῶν
2671 4996 2960 5066 προτέρων
2984 5010 3001 5028 ο
3031 4995 3130 5050 καὶ
3156 4996 3292 5059 ὅλως
3336 4996 3454 5051 ἐδό-

177 5098 340 5136 κουν
375 5083 472 5134 καὶ
501 5084 851 5151 ἀγανακτεῖν,
903 5084 984 5137 ὅτι
1018 5082 1094 5156 μὴ
1137 5084 1328 5153 τάχιον
1382 5087 1516 5153 πρὸς
1560 5086 1774 5155 ἄμυναν
1814 5086 2104 5155 ἐξάγονται
2136 5084 2244 5139 τῶν
2273 5083 2574 5153 πολεμίων.

1552 5199 1718 5270 373
1751 5197 1976 5255 CAPUT
2009 5199 2100 5254 Ix.

171 5285 630 5362 De_eoronando
653 5292 872 5348 Joanne
894 5293 1213 5362 imperatore
1259 5291 1529 5345 domestici
1579 5291 1859 5344 consilium
1901 5299 1950 5345 et
1983 5291 2241 5362 refutatio
2273 5289 2733 5362 adversariorum.
2767 5289 3448 5362 Imperatricisicunctatio.

263 5358 314 5432 (ζ
322 5361 490 5416 lassis
516 5372 701 5432 contra
739 5358 1017 5432 satrapam
1070 5361 1268 5432 Lydica,
1303 5362 1615 5432 populatum
1651 5363 1958 5414 uenientem.
2007 5358 2277 5432 Pedestris
2317 5362 2576 5432 exercitus
2610 5376 2643 5413 α
2699 5358 2976 5432 domestico
3015 5362 3068 5416 in
3121 5361 3450 5419 Occidentem

259 5429 574 5485 ducendus.
609 5431 808 5486 Iterum
845 5449 874 5483 a
894 5429 1201 5500 patriarcha
1228 5429 1386 5498 ﬁdem
1410 5430 1590 5498 exigit,
1638 5443 1802 5500 quam
1819 5437 2002 5482 sancte
2025 5429 2321 5500 pollicetur.
2348 5431 2423 5500 Ab
2439 5429 2774 5498 imperatrice
2792 5440 2839 5482 et
2864 5430 3117 5500 laudatur
3142 5441 3191 5485 et
3217 5436 3452 5488 suaviter

261 5509 533 5553 monetur
562 5516 647 5570 ne,
680 5517 737 5553 se
768 5493 1030 5553 laboribus
1058 5493 1324 5567 conﬁciat,
1372 5507 1421 5552 et
1459 5493 1695 5568 pecuni}:
1737 5514 1847 5570 sua:
1873 5493 2079 5567 parcat.
2122 5498 2415 5570 Respondet
2452 5493 2734 5570 admodum
2768 5493 2991 5569 inge'nue
3041 5513 3092 5554 et
3141 5501 3447 5570 liberaliter,

193 5609 198 5612 .
257 5576 323 5621 et
371 5583 438 5621 se
488 5569 702 5623 rebelles
753 5571 1102 5622 coerciturum
1156 5565 1318 5637 atque
1350 5571 1402 5622 in
1437 5565 1671 5622 ordinem
1692 5565 2030 5623 redacturum
2063 5565 2339 5637 promittit,
2375 5565 2734 5637 Byzantioque
2770 5565 2889 5621 cum
2918 5572 3149 5624 exercitu
3175 5572 3414 5626 discedit.

277 5686 456 5740 Ἐπεὶ
483 5685 541 5740 δὲ
561 5685 733 5740 ταῦτα
759 5685 908 5754 αὐτῷ
936 5684 1172 5756 διῴκητο
1201 5685 1401 5750 καλῶς,
1432 5686 1780 5740 συνεϐούλευε

1960 5685 2056 5740 llis
2102 5694 2211 5740 tam
2261 5685 2520 5754 praeclare
2568 5685 2777 5755 gestis,
2829 5685 3166 5755 imperatrici
3219 5687 3451 5744 suadere

165 5780 256 5847 of,
300 5774 692 5839 ϐασιλίδι,τδν
716 5776 830 5827 υίὸν
876 5773 1099 5844 βασιλέα
1149 5775 1241 5828 τὸν
1272 5773 1548 5845 Ἰωάννην,
1603 5777 1779 5846 χρίειν

1888 5776 2106 5848 institit,
2144 5775 2219 5828 uti
2248 5775 2511 5831 Joannem
2548 5772 2716 5829 lilium
2751 5775 3134 5846 imperatorem
3183 5778 3302 5844 oleo
3331 5796 3455 5836 san-

167 5883 247 5920 τε
297 5863 480 5937 μύρῳ
506 5865 584 5936 τῷ
623 5866 788 5937 ἁγίῳ,
836 5865 932 5921 καὶ
960 5867 1144 5936 στέφει
1184 5867 1282 5939 τὴν
1333 5867 1574 5940 κεφαλὴν
1609 5885 1779 5923 κατα-

1889 5879 1976 5925 cto
2035 5867 2345 5940 ungendum
2420 5879 2474 5922 et
2530 5881 2733 5923 corona
2782 5870 3158 5926 exornandam
3213 5880 3456 5928 curaret.
