3880 6568
284 451 390 514 757

1406 466 1933 543 illSTOBIARUM
1978 471 2205 534 LIBER
2243 475 2358 538 IIl.

3413 481 3520 548 758

284 563 436 630 τρίου
465 565 558 617 τοῦ
583 565 864 636 ’μάρτυρος
885 570 1172 640 γενόμενος
1205 575 1363 639 νεὼν,
1410 579 1549 642 Τοὺς
1577 580 1678 648 μὲν
1717 579 1849 650 ἐμοῦ

1959 595 2058 638 nec
2090 585 2238 638 enim
2289 595 2498 642 tantum
2551 589 2887 656 interfuisti,
2939 590 3041 646 sed
3081 599 3141 647 et‘
3188 607 3313 662 quae
3361 598 3518 663 prius

285 672 344 706 τε
379 656 581 722 μεταξὺ
615 659 705 712 καὶ
755 659 1041 729 βασιλίδος,
1067 665 1193 734 ἔφη,
1222 669 1623 736 γεγενημένους
1651 672 1847 740 λόγους

285 747 387 797 οὐκ
414 747 625 813 ἀγνοεῖς
647 763 659 775 ·
708 749 769 808 ού
802 751 910 820 γὰρ
938 755 1099 822 μόνον
1131 757 1312 826 παρῆς
1355 763 1470 823 τοῖς
1521 763 1652 832 παρ’
1676 763 1847 833 ἀμφοο

287 837 344 888 τέ
354 853 458 904 ρων
480 837 812 905 λεγομένοις,
843 842 981 897 ἀλλὰ
1008 846 1100 900 καὶ
1125 837 1234 900 τῶν
1261 849 1523 920 πρότερον
1556 853 1662 925 ἰδίᾳ
1689 855 1846 925 ήμῶν

289 927 503 997 ἑκάστῳ
527 930 832 998 εἰρημένων
881 935 1042 998 αὐτὸς
1067 932 1210 1007 ἦσθα
1260 943 1527 1010 pavori};
1578 945 1744 997 Οὐδὲν
1792 947 1848 999 δὲ

287 1020 594 1088 παράλογον
651 1024 685 1090 ἢ
735 1021 1066 1093 θαυμαστδν;
1116 1030 1166 1084 εί
1223 1032 1344 1085 τότε
1385 1032 1488 1101 μὲν
1537 1035 1666 1104 περὶ
1711 1036 1847 1106 ἐμοῦ

288 1111 512 1164 τοιαῦτα
567 1113 728 1204 ἐπῄει
779 1120 846 1187 τῇ
901 1117 1134 1185 βασιλίδι
1197 1121 1394 1190 λέγειν,
1452 1125 1582 1190 τσως
1629 1129 1851 1204 οἰομένῃ

291 1200 506 1265 μεγάλα
543 1202 666 1257 τινὰ
705 1205 1154 1274 καταπράξεσθαι
1185 1212 1308 1282 ἐμὲ,
1352 1215 1468 1268 νυνὶ
1519 1216 1576 1270 δὲ
1613 1218 1702 1270 ἐπὶ
1737 1200 1848 1273 τῶν

287 1290 464 1358 ἔργων
494 1293 568 1363 μὴ
597 1295 719 1349 κατ’
745 1297 1128 1372 ἑλπίδαςάὐτῇ
1157 1293 1263 1356 τῶν
1291 1307 1632 1376 πραγμάτων
1663 1309 1850 1364 ἐκϐαι-

288 1382 506 1447 νόντων,
556 1387 890 1455 μεταμέλειά
918 1406 1004 1452 τις
1031 1392 1246 1461 είσῆλθε
1295 1394 1407 1450 τῶν
1441 1398 1847 1468 γεγενημένων.

290 1471 350 1563 iii
385 1471 482 1563 μιν
502 1468 594 1526 οῦν
623 1477 761 1547 ὅπερ
791 1479 929 1548 ἔφην
958 1482 1094 1551 πρός
1118 1500 1171 1563 τι
1199 1485 1308 1539 τῶν
1338 1488 1637 1558 γινομένων
1668 1491 1868 1560 ἀηδῶς,

285 1557 613 1628 διατεθεῖσα,
653 1567 723 1618 τὰ
771 1567 1066 1640 δεδογμένα
1117 1557 1314 1644 μηκέτι
1363 1557 1613 1647 στέργειν
1647 1557 1845 1647 ἐθέλει,

287 1649 583 1722 διαρρήδην
625 1655 802 1723 λέγειν
846 1659 1003 1724 ἀξιῶ,
1057 1664 1151 1716 καὶ
1201 1664 1278 1736 μὴ
1306 1669 1704 1735 συγκαλύπτειν
1753 1672 1850 1726 ὑπ’

291 1743 491 1832 αίδοῦς.
534 1746 677 1815 Ἐγὼ
705 1750 812 1820 γὰρ
861 1751 1052 1825 ὥσπερ
1101 1759 1195 1810 καὶ
1237 1761 1498 1829 πρότερον
1524 1763 1847 1832 έτοιμότατα

290 1831 400 1900 ἔχω
426 1840 807 1904 παραιτεῖσθαι
827 1842 924 1915 τὴν
945 1842 1138 1914 ἀρχήν.
1173 1845 1232 1898 Ei
1256 1845 1303 1898 δ’
1336 1849 1520 1918 ἐκείνη
1543 1831 1849 1914 διὰίτέλους

289 1924 791 1998 ἐγνωκεστέργειν
837 1933 905 1984 τὰ
929 1934 1297 2005 ἐψηφισμένα,
1346 1940 1440 1991 καὶ
1478 1941 1599 2004 τοὺς
1631 1942 1848 2012 ὅρκους,

289 2013 384 2076 οὒς
435 2015 694 2087 ὀμώμοκε
740 2023 945 2090 τηρεῖν,
985 2025 1093 2078 οὐδ’
1146 2027 1307 2090 αὐτὸς
1337 2028 1596 2100 ἀμελήσω
1647 2031 1740 2084 τοῦ
1778 2031 1854 2102 μὴ

290 2104 466 2157 πάντα
499 2108 757 2175 πράττειν
780 2112 879 2166 ὅσα
910 2114 978 2166 ἂν
998 2117 1136 2188 αὐτῇ
1169 2133 1228 2170 τε
1256 2121 1350 2172 καὶ
1370 2123 1543 2182 παισὶ,
1578 2123 1672 2174 καὶ
1698 2126 1849 2192 κοινῇ

288 2193 541 2267 λυσιτελῆ
584 2199 897 2270 Ῥωμαίοις.
937 2205 1044 2259 Τοῦ
1103 2210 1440 2280 πατριάρχου
1485 2211 1542 2264 δὲ
1577 2212 1714 2282 πρὸς
1747 2216 1849 2282 τὴν

291 2286 550 2357 ἀκαιρίαν
587 2290 692 2342 τῶν
735 2292 908 2362 λόγων
937 2296 1320 2369 μεμψαμένου,
1353 2301 1449 2356 καὶ
1503 2302 1578 2374 μὴ
1624 2303 1851 2358 τοιαῦτα

293 2381 592 2444 προσήκειν
637 2380 819 2449 αὐτὸν,
856 2387 1013 2455 μήτει
1044 2388 1374 2445 διανοεῖσθαι
1409 2393 1674 2462 φαμένου,
1715 2397 1852 2464 μήτε

293 2464 474 2533 λέγειν
496 2485 508 2496 ο
543 2469 791 2539 βασιλίδα
826 2476 934 2546 γὰρ
984 2479 1150 2548 μηδὲν
1182 2481 1308 2551 περὶ
1341 2482 1506 2536 αὐτοῦ
1539 2483 1854 2552 λογίζεσθαι

289 2559 555 2626 τοιοῦτον,
587 2565 720 2618 ἀλλὰ
766 2566 991 2634 βασιλέα
1039 2571 1246 2626 οἴεσθαι
1281 2575 1338 2627 ἐν
1369 2572 1537 2638 ζῶσιν
1567 2573 1725 2642 εἶναι,
1759 2579 1856 2631 καὶ

290 2649 394 2719 τὴν
421 2653 705 2722 Ῥωμαίων
729 2658 1027 2729 ἠγεμονίαν
1053 2661 1204 2715 ὥσπε
1214 2681 1244 2734 ρ
1275 2664 1383 2717 ὑπ’
1398 2667 1611 2720 ἐκείνου
1636 2668 1856 2722 διοικεῖ·-

293 2739 422 2794 σθαι
467 2744 578 2796 τῶν
601 2746 709 2800 σῶν
737 2750 1091 2821 μεμνημένην
1135 2753 1328 2822 λόγων,
1352 2748 1428 2809 ὧν
1449 2755 1683 2827 διεξῄεις
1716 2759 1854 2829 πρὸς

291 2835 486 2904 αὐτὴν,
538 2837 699 2906 ἡνίκα
732 2841 1000 2895 ἐποιεῖσθε
1050 2843 1149 2908 τὰς
1195 2845 1518 2916 συμϐάσεις,
1547 2848 1781 2916 Οὐκοῦν,
1823 2848 1852 2902 6

299 2926 472 2994 μέγας
506 2928 816 2998 δομέστικος
852 2932 982 3004 ἔφη,
1034 2935 1163 3006 περὶ¹
1195 2938 1295 3007 μέν
1332 2938 1567 3009 ἐκείνης,
1600 2939 1743 2994 οὕτω
1774 2941 1877 2995 δεῖ·

297 3019 586 3076 πεπεῖσθαι
611 3021 798 3092 ὥσπερ
832 3025 993 3088 αὐτὸς
1019 3027 1347 3099 διῖσχυρίζῃ.
1381 3030 1517 3100 Περὶ
1556 3031 1613 3084 δὲ
1649 3032 1766 3098 σοῦ,
1800 3034 1853 3087 τί

296 3126 428 3164 ποτε
449 3111 623 3175 ἔξεστι
654 3114 927 3184 νομίζειν;
961 3114 1051 3186 ἆρ’
1076 3121 1335 3188 ἐμμένεις
1359 3123 1481 3186 ταῖς
1505 3123 1814 3192 ὁμολογίαις
1835 3143 1850 3193 ;

1961 681 2197 742 uterque
2226 685 2474 731 nostrum
2500 682 2792 748 separatim
2827 681 2996 746 dixit,
3030 692 3089 737 tu
3116 697 3314 738 eorum
3345 686 3522 740 inter-

1970 765 2198 819 nuntius
2227 765 2399 821 fuisti.
2425 766 2574 823 Nihil
2606 785 2770 838 porro
2806 771 3145 841 inepinatum
3186 783 3282 829 aut
3343 776 3522 831 admi-

1958 855 2129 909 rabile
2149 896 2164 920 ,
2211 856 2258 910 si
2291 865 2405 911 tum
2434 857 2655 926 quidem
2687 861 3019 930 imperatrici
3051 863 3178 916 talia
3213 863 3281 918 de
3325 879 3412 920 me
3443 866 3522 920 lo-

1955 944 2051 1013 qui
2091 947 2485 1016 occurrebant,
2515 963 2638 1018 qua
2665 949 2893 1006 forsitan
2926 954 3122 1008 eximia
3152 956 3398 1024 quaedam
3435 974 3522 1014 me

1959 1045 2406 1104 perpetraturum
2455 1038 2856 1108 arbitraretur;
2894 1058 3039 1098 nunc
3082 1055 3263 1100 autem
3293 1047 3350 1101 in
3397 1047 3518 1118 ipso

1959 1139 2128 1194 opere
2183 1127 2352 1181 rebus
2397 1142 2559 1183 secus
2589 1145 2771 1199 ,qnam
2821 1133 3075 1200 sperabat
3129 1138 3516 1192 evenientibus

1957 1215 2248 1284 ptenitudo
2273 1217 2522 1287 quadam
2547 1217 2673 1274 lacti
2694 1236 2814 1277 eam
2844 1223 3032 1280 subiit.
3066 1224 3123 1284 Si
3157 1225 3344 1296 igitur,
3372 1228 3518 1298 quod

1959 1304 2178 1360 aiebam
2211 1344 2230 1372 ,
2281 1307 2490 1378 aliquid
2527 1323 2719 1364 eorum
2776 1327 2899 1381 quae
2950 1313 3086 1368 (lunt
3133 1326 3416 1380 aversata.
3463 1319 3517 1376 in

1959 1395 2194 1466 pristina
2223 1395 2502 1454 voluntate
2552 1415 2616 1454 ac
2659 1400 2870 1470 judicio
2901 1404 3254 1472 acquiescere
3283 1408 3519 1477 amplius

1962 1503 2076 1544 non
2127 1489 2284 1556 vult,
2347 1498 2534 1560 aperte
2587 1492 2642 1546 id
2703 1492 2836 1546 mihi
2864 1492 3093 1550 indicari
3152 1511 3254 1551 nec
3310 1499 3520 1568 pudore

1971 1577 2203 1647 quodam
2237 1579 2404 1634 celari
2436 1581 2618 1649 cupio.
2655 1582 2764 1652 Ego
2791 1582 2938 1638 enim
2966 1624 2981 1648 ,
3027 1587 3304 1654 quomodo
3335 1597 3517 1654 antea,

1968 1667 2229 1723 abdicare
2263 1676 2351 1723 tne
2383 1669 2857 1726 administratione
2881 1675 3108 1745 Yimperii
3144 1678 3521 1744 paratissimus

1959 1772 2104 1812 sum.
2147 1756 2304 1824 Quod
2351 1758 2396 1813 si
2434 1759 2548 1829 ipsa
2584 1777 2756 1832 usque
2789 1763 2856 1818 ad
2897 1773 3202 1820 extremum
3247 1767 3392 1837 quod
3428 1768 3522 1823 de-

1957 1849 2143 1904 crevit'
2161 1850 2481 1920 complecti,
2513 1861 2569 1906 et
2622 1854 2766 1922 quod
2796 1855 3000 1926 juravit
3059 1873 3276 1912 servare
3314 1861 3521 1914 consti«

1961 1941 2086 2004 tuit,
2112 1956 2212 2010 ego
2246 1957 2464 2012 quoque
2498 1943 2552 1998 in
2583 1945 2840 2019 omnibus
2861 1987 2874 2010 ,
2924 1963 3045 2017 quae
3089 1948 3189 2018 ipsi
3222 1950 3519 2021 liberisque
3613 2013 3618 2018 _

1957 2032 2098 2102 ejus,
2130 2040 2187 2086 et
2225 2031 2594 2096 Romanorum
2633 2036 2911 2090 communi
2939 2037 3249 2092 conducant
3274 2040 3518 2096 efﬁcien-

1959 2121 2081 2188 dis,
2112 2122 2322 2176 nullum
2376 2123 2778 2193 diligentissimi
2829 2126 3070 2182 hominis
3117 2127 3354 2189 cilicium
3385 2146 3524 2200 prae-

1963 2213 2292 2266 termittam.
2323 2212 2640 2270 Patriarcha
2669 2231 2794 2270 eum
2824 2215 2892 2271 de
2921 2217 3234 2287 importuno
3267 2235 3519 2275 sermone

1962 2303 2250 2372 castigare,
2285 2303 2599 2372 dicereque,
2633 2321 2742 2360 non
2791 2305 2986 2362 decere
3018 2308 3119 2363 ista
3147 2309 3232 2364 vel
3277 2311 3519 2382 cogitare

1957 2391 2046 2445 vel
2095 2391 2380 2461 proloqui;
2430 2395 2764 2463 imperatrici
2799 2397 2944 2452 enim
2979 2397 3047 2452 de
3079 2398 3224 2454 bello
3252 2401 3391 2456 nihil
3417 2403 3521 2458 bu-

1951 2481 2259 2551 jnsoemodi
2309 2483 2366 2538 in
2417 2492 2661 2540 mentem
2707 2486 2938 2553 venire,
2987 2489 3082 2543 sed
3131 2489 3515 2559 imperatorem

1954 2579 2148 2641 putare
2196 2571 2377 2630 adhuc
2429 2573 2620 2628 vivere
2646 2611 2661 2639 ,
2689 2582 2746 2629 et
2782 2575 2936 2645 quasi
2975 2576 3046 2631 ab
3076 2576 3170 2632 illo
3210 2579 3514 2634 Romanum

1960 2660 2330 2730 principatum
2355 2662 2668 2732 gubernari,
2705 2679 3000 2720 memorem
3053 2668 3367 2734 verborum,
3393 2681 3565 2739 que‘

1959 2753 2016 2806 in
2072 2753 2250 2823 pactis
2295 2753 2563 2810 faciendis
2613 2769 2681 2811 ex
2729 2755 2850 2824 ipso
2900 2755 3202 2814 domestico
3255 2759 3513 2816 audierit.

1961 2843 2101 2898 Tum
2141 2842 2516 2899 domesticus:
2545 2844 2620 2900 De
2647 2844 2737 2899 illa
2781 2845 3002 2914 quidem
3049 2848 3132 2904 sic
3157 2849 3513 2917 credendum,

1959 2940 2018 2986 ut
2048 2931 2322 2998 afﬁrmas;
2353 2931 2424 2987 de
2452 2939 2503 2987 te
2531 2939 2714 2987 autem
2747 2933 2876 3002 quid
2907 2936 3515 3008 sentiendumlEcquid

1959 3024 2142 3093 pactis
2169 3033 2283 3078 stas
2308 3063 2322 3086 ,
2360 3024 2473 3082 imo
2520 3038 2650 3078 vero
2673 3023 3022 3092 iuramentis,
3049 3026 3250 3096 quibus
3282 3037 3333 3085 te
3379 3031 3513 3086 mihi

1960 3114 2372 3171 obstrinxisti?
2425 3111 2524 3168 llic
2575 3113 2886 3183 patriarcha
2934 3115 3130 3172 iterum
3190 3132 3512 3190 exsurgens,

296 3201 500 3270 μᾶλλον
523 3204 577 3258 δὲ
606 3209 714 3268 τοῖς
754 3208 936 3276 ὅρκοις
965 3208 1060 3274 οὓς
1104 3212 1347 3282 ἐποιήσω
1375 3215 1510 3283 πρὸς
1541 3215 1641 3285 ἐμέ
1667 3233 1681 3281 ;
1719 3217 1777 3270 ’0
1803 3218 1848 3270 δ’

1959 3202 2068 3261 ait:
2116 3203 2443 3262 Benedictus
2507 3203 2647 3260 Deus
2708 3212 2764 3258 et
2834 3206 2996 3260 Pater
3074 3207 3286 3268 Dom'ni
3333 3201 3514 3287 ᾖσειεί

296 3293 496 3347 αὐτίκα
529 3287 687 3348 πάλιν
719 3301 972 3366 ἀναστὰς,
998 3302 1320 3373 Εὐλογητὸς,
1355 3301 1528 3371 εἶπεν,
1553 3307 1583 3358 ό
1606 3307 1736 3371 Θεὸς
1759 3310 1855 3362 καὶ

293 3381 491 3451 Πατὴρ
537 3384 632 3436 τοῦ
675 3387 880 3456 Κυρίου
929 3389 1086 3458 ἡμῶν
1122 3388 1294 3460 Ἰησοῦ
1329 3391 1592 3462 Χριστοῦ,
1638 3394 1720 3448 ὅτι
1761 3397 1856 3449 καὶ⁵

297 3469 566 3538 πρότερον
590 3475 682 3525 καὶ
713 3475 808 3526 νῦν
841 3471 922 3537 οἷς
955 3492 1058 3547 περ
1079 3471 1494 3549 εῐπονέμμενῶ,
1528 3482 1619 3534 καὶ
1641 3483 1855 3546 οὐδενὸς

279 3557 561 3625 ’ἀμελήσω
596 3560 702 3612 τῶν
746 3562 854 3614 σῶν
878 3635 882 3637 _
908 3564 1166 3619 δικαίων·
1195 3565 1311 3620 ἀλλ’
1352 3566 1650 3638 ἀνθέξομαι
1687 3571 1854 3626 παντὶ

299 3645 498 3709 σθένει,
524 3649 585 3701 ού
623 3652 780 3717 μόνον
807 3652 882 3716 ὡς
933 3654 1227 3724 εὐεργέτην
1257 3657 1617 3727 ἀμειϐόμενος
1675 3660 1856 3730 ἔργοις

299 3739 543 3807 ἀγαθοῖς,
577 3741 712 3795 ἀλλὰ
741 3743 835 3797 καὶ
861 3744 935 3806 ὡς
965 3743 1082 3797 υίοῦ
1111 3745 1410 3815 κηδόμενος
1456 3747 1852 3816 πνευματικοῦ.

310 3830 437 3884 Ἐπὶ
479 3833 689 3895 τούτοις
740 3833 796 3886 δέ
822 3834 969 3903 αὐτῷ
1023 3835 1222 3897 πολλὰς
1259 3836 1288 3889 ὁ
1325 3835 1494 3905 μέγας
1539 3837 1856 3906 δομέστικος

297 3921 528 3990 χάριτας
558 3920 900 3991 ὁμολογήσας
953 3922 1050 3975 καὶ
1082 3923 1502 3992 συνταξάμενος,
1540 3923 1856 3977 καταλιπὼν

297 4013 390 4062 τὸν
417 4013 758 4082 πατριάρχην
789 4008 923 4083 ἧκεν
956 4013 1033 4076 ὡς
1087 4012 1350 4082 βασιλίδα.
1395 4013 1462 4066 Ἦ
1510 4012 1555 4065 δ’
1585 4012 1747 4074 εὐθὺς
1781 4013 1858 4076 ὡς

296 4097 428 4162 εἶδε,
453 4102 677 4172 χάριτας
709 4102 948 4170 ἔφασκεν
978 4103 1266 4170 ὁμολογεῖν
1291 4101 1437 4172 αὐτῷ
1491 4100 1716 4164 πολλὰς,
1773 4101 1855 4152 ὅτι

295 4195 332 4247 ἃ
373 4194 637 4264 πρότερον
685 4193 1046 4263 ἐπηγγέλλετο
1089 4193 1290 4261 λόγοις,
1344 4190 1439 4246 νῦν
1477 4190 1855 4244 ἀποδείκνυσιν

297 4287 394 4337 ἐπὶ
428 4286 532 4337 τῶν
561 4286 744 4355 ἔργων
792 4285 992 4354 ἀληθῆ,
1043 4285 1180 4355 μήτε
1227 4275 1482 4353 ¹σώματος
1517 4281 1853 4350 φειδόμενος,

297 4377 569 4448 ἁλλ’ὑπέρ
604 4377 712 4430 τῶν
759 4379 911 4448 κοινῇ
978 4376 1364 4447 συμφερόντων
1413 4373 1631 4442 νύκτωρ
1679 4370 1857 4426 πονῶν

295 4471 391 4520 καὶ
426 4467 544 4537 μεθ’
595 4467 845 4539 ἡμέραν,
905 4467 1043 4536 μήτε
1091 4465 1425 4536 χρημάτων
1467 4460 1537 4534 ἦν
1575 4462 1684 4532 γὰρ
1713 4462 1778 4531 δὴ
1829 4463 1857 4515 ό

1958 3295 2089 3352 Jesu
2126 3293 2328 3350 Christi
2357 3333 2372 3358 ,
2423 3293 2568 3363 quod
2593 3302 2648 3348 et
2675 3294 2826 3363 prius
2852 3296 3065 3352 servavi
3113 3313 3238 3366 qua:
3268 3297 3420 3366 dixi,
3456 3313 3517 3368 ct_
3585 3295 3589 3298 ⁴

1955 3402 2104 3442 nunc
2151 3382 2403 3449 servabo,
2454 3385 2698 3454 nihilque
2742 3385 3031 3456 negligam,
3072 3387 3219 3456 quod
3271 3389 3368 3444 tibi
3389 3391 3514 3462 jure

1956 3479 2244 3542 debeatur,
2285 3475 2449 3547 380
2497 3476 2592 3532 sed
2636 3477 2896 3533 omnibus
2937 3479 3122 3534 nervis
3168 3482 3426 3537 tuendum
3460 3492 3514 3538 te

1954 3568 2281 3638 suscipiam,
2309 3583 2416 3621 non
2445 3567 2620 3622 solum
2656 3577 2716 3622 ut
2738 3567 2877 3624 bene
2904 3570 3100 3624 merito
3131 3572 3510 3642 respondeam,

1954 3672 2147 3713 verum
2183 3656 2345 3712 ut.de
2379 3656 2492 3711 ﬁlio
2528 3671 2747 3727 quoque
2789 3658 3061 3728 spirituali
3095 3661 3380 3717 sollicitus.
3409 3662 3511 3718 Cui

1955 3755 2082 3816 post
2105 3756 2260 3802 actas
2286 3747 2487 3816 gratias
2515 3748 2826 3803 valedicens
2878 3765 3107 3820 magnus
3156 3751 3510 3819 domeSLicus,

1954 3835 2021 3890 ab
2046 3851 2112 3890 eo
2141 3835 2207 3890 ad
2242 3836 2643 3904 imperatricem
2679 3837 3004 3907 digreditur.
3033 3839 3206 3906 Quem
3233 3842 3321 3897 illa
3348 3844 3510 3900 simul

1957 3937 2017 3980 ut
2046 3926 2362 3994 conspexit,
2392 3935 2574 3994 grates
2618 3941 2676 3981 se
2706 3927 2780 3980 illi
2817 3943 3040 3998 magnas
3078 3945 3237 4000 agere
3279 3932 3514 3988 aﬂirma—

1960 4015 2076 4079 vit,
2119 4015 2266 4083 quod
2345 4013 2530 4069 verbis
2582 4018 2848 4084 promissa
2918 4034 3066 4074 nunc
3117 4021 3282 4076 rebus
3318 4025 3516 4079 conﬁr-

1957 4116 2132 4160 maret
2157 4144 2171 4169 ,
2208 4118 2387 4173 neque
2419 4105 2634 4174 corpori
2672 4121 2922 4174 parcens,
2961 4123 3086 4162 cum
3114 4119 3278 4164 noctu
3311 4111 3516 4182 diuque

1953 4210 2054 4265 pro
2117 4194 2401 4264 republica
2477 4195 2774 4259 laboraret,
2833 4211 3010 4266 neque
3072 4200 3343 4270 pecuniis
3384 4202 3514 4270 (non

1954 4284 2098 4340 enim
2135 4285 2189 4338 in
2229 4285 2484 4340 triremes
2513 4285 2775 4341 duntaxat
2821 4286 3079 4357 grandem
3129 4303 3398 4346 summam
3447 4292 3515 4347 de

1954 4390 2056 4430 suo
2115 4375 2484 4445 impenderat,
2554 4375 2649 4430 sed
2717 4373 2774 4431 in
2836 4377 2941 4432 alia
2993 4388 3255 4449 praeterea
3323 4381 3515 4455 multa,

1953 4481 2022 4522 cx
2067 4467 2270 4536 quibus
2301 4465 2610 4523 communis
2657 4478 2953 4536 caperetur
3005 4470 3248 4535 utilitas,
3294 4482 3516 4542 perstu-

302 4564 474 4630 μέγας
504 4560 840 4630 δομέστικος,
863 4560 924 4612 οὐ
956 4558 1116 4627 μόνον
1155 4557 1290 4626 πρὸς
1319 4555 1427 4608 τῶν
1464 4554 1734 4624 τριήρεων
1755 4552 1855 4622 τὴν

1959 4555 2112 4610 diose
2165 4555 2575 4624 liberaliterque
2623 4563 2746 4625 post
2779 4566 3011 4612 mortem
3044 4559 3386 4629 imperatoris
3415 4562 3518 4616 im-

301 4653 546 4719 δαπάνην
579 4652 835 4720 χρήματα
880 4647 1176 4710 ἀναλωκὼς
1227 4645 1395 4702 πολλὰ
1448 4647 1513 4696 ὲκ
1541 4643 1649 4696 τῶν
1687 4642 1850 4706 ἰδίων,

302 4741 440 4795 ἀλλὰ
471 4743 562 4794 καὶ
582 4743 638 4792 ἐν
661 4739 871 4800 πολλοῖς
905 4737 1112 4805 ἑτέροις
1133 4735 1173 4790 ἃ.
1198 4735 1462 4788 συνοίσειν
1494 4733 1690 4803 ἔμελλε
1722 4733 1858 4787 πᾶσι

294 4835 450 4900 κοινῇ
480 4831 775 4900 φιλοτίμως
808 4830 946 4898 ἄγαν
996 4828 1090 4883 καὶ
1143 4825 1382 4893 δαψιλῶς
1441 4823 1857 4879 καταναλίσκων

300 4927 437 4995 μετᾶ
468 4923 564 4993 τὴν
598 4922 854 4992 βασιλέως
889 4919 1150 4990 τελευτήν
1171 4932 1187 4949 ⁸
1223 4915 1451 4987 παρῄνει
1495 4932 1554 4968 τε
1608 4914 1688 4984 μὴ
1716 4913 1859 4966 οὕτω

298 5020 476 5070 ⁸ποιεῖν
518 5015 591 5077 ὼς
620 5015 720 5075 οὐκ
756 5010 1118 5082 ἐξαρκέσοντα
1168 5011 1307 5078 πρὸς
1353 5007 1478 5069 τοὺς
1509 5005 1705 5068 πόνους
1735 5006 1856 5058 ἐπι-

297 5107 460 5167 πολὺ,
493 5104 607 5157 ἀλλ’
657 5102 852 5156 ἐαυτοῦ
895 5118 954 5154 τε
985 5103 1242 5171 πρόνοιαν
1282 5097 1554 5159 ποιεῖσθαι
1583 5097 1680 5151 καὶ
1721 5111 1860 5166 χρη-

303 5201 489 5268 μάτων
544 5194 820 5262 φείδεσθαι
880 5191 1159 5263 χρώμενον
1212 5193 1323 5254 τοῖς
1375 5189 1674 5260 δημοσίοις.
1719 5188 1778 5242 '0
1813 5187 1866 5240 δ’

298 5296 506 5360 ἔφασκε
539 5289 737 5360 μᾶλλον
763 5287 984 5359 ἥδεσθαι
1017 5285 1194 5339 πονῶν
1218 5283 1377 5347 αὐτὸς
1402 5284 1548 5352 ὑπὲρ
1573 5282 1681 5338 τῶν
1709 5281 1861 5351 κοινῇ

297 5381 742 5441 λυσιτελούντων,
782 5379 1016 5449 ἢέτεροι
1053 5378 1190 5448 πρὸς
1237 5377 1453 5441 ἀνέσεις
1491 5375 1862 5445 τετραμμένοι

299 5477 395 5528 καὶ
426 5472 646 5544 ἡδονάς·
681 5470 742 5523 τό
770 5486 830 5522 τε
857 5470 1116 5540 χρήματα
1167 5468 1588 5521 καταναλίσκειν
1634 5467 1696 5520 ού
1771 5465 1867 5535 ζη-

303 5567 456 5636 μίαν,
503 5562 638 5617 ἀλλὰ
665 5561 883 5614 πάντων
927 5559 1134 5629 κερδῶν
1183 5559 1436 5629 ἡγεῖσθαι
1485 5559 1863 5628 χαριέστερον,

297 5657 463 5726 ἄχρις
491 5655 558 5708 ἂν
589 5654 683 5708 καὶ
710 5651 806 5707 τοῦ
835 5651 969 5705 Θεοῦ
1005 5651 1414 5721 συναιρομένου,
1442 5651 1540 5720 τὴν
1579 5649 1868 5718 Ῥωμαίων

297 5746 599 5816 ἠγεμονίαν
627 5745 722 5798 ἐπὶ
746 5744 889 5814 μέγα
913 5741 1010 5796 ἴδοι
1037 5742 1354 5812 αἰρομένην,
1371 5743 1464 5792 καὶ
1489 5740 1700 5794 πάντων
1732 5757 1867 5809 κρα-

301 5840 508 5909 τοῦσαν
540 5837 832 5908 πολεμίων.
867 5833 1141 5900 Ἐλπίζειν
1167 5832 1222 5886 δὲ
1264 5833 1400 5902 μετὰ
1440 5832 1654 5903 μικρὸν,
1697 5833 1744 5885 εἰ
1793 5831 1868 5901 μή

1959 4645 2280 4716 pendebat),
2309 4645 2761 4715 hortabaturque,
2790 4657 2854 4702 ut
2883 4649 2951 4702 dc
2975 4653 3323 4706 contentione
3359 4652 3516 4707 labo-

1957 4735 2114 4791 randi
2155 4735 2492 4799 remitteret,
2537 4750 2648 4804 quo
2677 4736 2822 4792 ferre
2871 4739 3116 4795 laborem
3157 4741 3362 4797 diutius
3392 4757 3520 4811 pos—

1958 4834 2043 4881 set
2062 4861 2080 4890 ,
2105 4825 2326 4881 sibimet
2355 4838 2502 4880 cum
2531 4833 2712 4890 esset,
2763 4841 2796 4881 a
2835 4829 3086 4896 pecuniis
3133 4830 3248 4885 suis
3277 4830 3519 4888 abstine-

1959 4922 2083 4977 ret,
2113 4912 2352 4984 publicis
2379 4921 2656 4970 uteretur.
2681 4913 2760 4969 Ad
2784 4929 2848 4968 ea
2883 4915 2972 4972 ille
3000 4916 3149 4972 hunc
3175 4918 3230 4972 in
3257 4921 3476 4976 modum
3499 4960 3516 4988 ,

1959 5004 2195 5060 solidius
2247 5019 2307 5058 se
2366 5002 2605 5074 gaudere
2655 5004 2913 5073 gaudium
2972 5021 3070 5075 pro
3134 5010 3520 5066 communibus

1959 5093 2347 5150 emolumentis
2379 5092 2766 5158 desudantem,
2786 5109 2948 5162 quam
2974 5095 3110 5149 alios
3131 5095 3250 5150 otio
3273 5096 3521 5168 volupta-

1962 5190 2116 5260 tique
2139 5189 2374 5245 deditos.
2406 5188 2561 5255 Quod
2595 5204 2726 5244 vero
2761 5187 2830 5244 de
2865 5205 2961 5243 sua
2992 5191 3226 5259 pecunia
3264 5190 3320 5244 in
3373 5207 3524 5246 sum-

1961 5289 2117 5351 ptum
2143 5279 2442 5344 conferret,
2475 5278 2527 5335 id
2560 5293 2666 5333 non
2689 5277 3104 5341 detrimentum,
3132 5279 3227 5334 sed
3275 5281 3520 5336 omnium

1963 5380 2272 5442 quastuum
2346 5385 2571 5427 censere
2631 5369 3130 5437 iucundissimum,
3178 5371 3352 5426 donec
3410 5372 3524 5428 Deo

1965 5461 2108 5517 bene
2139 5462 2478 5525 lortunante,
2511 5460 2880 5514 Romanorum
2909 5459 3279 5530 principatum
3305 5475 3525 5531 magno-

1966 5567 2096 5621 pere
2128 5553 2423 5608 cxaltatum
2449 5592 2463 5615 ,
2510 5561 2566 5606 et
2600 5551 2858 5610 omnibus
2904 5551 3153 5606 hostibus
3203 5552 3320 5608 suis
3359 5567 3522 5620 supe-

1967 5643 2167 5698 riorem
2196 5651 2464 5698 cerneret.
2502 5641 2736 5710 Sperare
2787 5649 2969 5696 autem
2995 5681 3009 5705 ,
3050 5641 3154 5698 nisi
3191 5641 3321 5711 quid
3356 5642 3526 5710 impe—

1969 5735 2198 5791 dimenti
2227 5732 2622 5795 intervenerit,
2682 5731 2835 5786 brevi
2865 5732 3002 5790 adeo
3043 5731 3302 5787 Romanis
3341 5729 3528 5801 prolu-

1973 5837 2199 5893 turum,
2241 5834 2302 5880 ut
2365 5833 2417 5878 et
2465 5825 2579 5894 ipsa
2627 5824 2944 5895 imperatrix
2997 5825 3049 5879 id
3103 5825 3366 5888 intuens,
3412 5822 3524 5878 Deo
