3880 6576
229 453 314 516 76.

1333 455 1870 518 ΠιδτοιιιΑιιυιι
1913 459 2148 520 LIBER
2191 462 2307 524 ill.
2387 498 2392 502 η

3345 465 3454 528 76?.

230 569 422 630 ϐάσειςο
453 566 544 620 καὶ
571 563 779 619 suam
823 565 952 634 πρὸς
985 565 1146 645 αὐτον
1179 569 1204 620 ὁ
1237 568 1411 640 μέγας
1445 571 1767 640 δομέστικος

1882 573 2108 628 remium
2147 585 2321 630 matre
2352 575 2618 632 insciente
2655 577 2992 648 impositum,
3019 579 3074 634 in
3111 595 3290 635 arcem
3323 597 3424 651 pro

219 657 448 721 ,σπονδὰς
505 658 806 730 είρηνικάς.
849 659 1000 712 Ἐπεὶ
1037 661 1092 714 δὲ
1138 661 1406 730 ἐτρέψατο
1437 663 1537 731 τὴν
1574 663 1638 715 ἐκ
1672 662 1781 715 τῶν

234 749 441 820 Περσῶν
469 750 924 822 προσδοκωμένην
967 750 1203 822 βλάϐην,
1238 747 1393 814 αὖθις
1437 754 1517 816 είς
1551 753 1780 824 Διδυμό⁴

229 857 396 910 τειχον
443 841 778 907 ἐπανελθὼν,
810 846 1248 914 Μρεσκευὰξετο
1277 846 1414 918 πρὸς
1447 849 1546 917 τὴν
1572 849 1652 912 είς
1684 849 1781 919 τὴν

230 931 456 1003 ἑσπέραν
503 933 886 1003 ἐκστρατείαν,
931 934 1026 988 καὶ
1074 935 1174 1006 τὴν
1229 937 1486 1006 στρατιὰν
1520 938 1781 992 ἀποκαθί-

231 1040 340 1093 στη,
375 1023 412 1095 ἦ
450 1023 643 1094 ἔμελλε
671 1025 996 1094 συνέψεσθαι
1025 1026 1194 1096 αὐτῷ.
1243 1027 1460 1082 Τούτων
1490 1029 1547 1082 δὲ
1600 1045 1778 1100 πρατ-

227 1115 459 1184 τομένων
488 1115 580 1168 ὑπ’
599 1115 790 1180 αὐτοῦ,
811 1115 840 1167 ό
868 1118 1368 1189 παρακοιμώμενος
1407 1118 1776 1191 Ἀπόκαυχος,

228 1204 496 1274 νεωτέρων
533 1203 872 1275 πραγμάτων
902 1202 1211 1275 ἐπιθυμῶν,
1245 1206 1338 1260 καὶ
1371 1205 1561 1288 τρόπῳ
1616 1206 1779 1260 παντὶ

228 1293 555 1366 πειρώμενος
603 1296 862 1364 μετάγειν
919 1297 998 1360 είς
1029 1295 1223 1350 ἑαυτὸν
1276 1296 1386 1366 τῶκν
1436 1298 1781 1367 πραγμάτων

228 1387 318 1459 τὴν
351 1388 544 1456 ἀρχὴν,
579 1385 867 1455 ἐσκέψατο.
895 1388 1017 1440 ἐπεὶ
1040 1388 1132 1440 τοῦ
1174 1387 1318 1441 κατὰ
1362 1388 1588 1457 Περσῶν
1617 1389 1781 1452 αὐτὸς

228 1476 628 1549 κεχειροτόνητο
683 1477 1028 1546 στρατηγὸς,
1074 1477 1169 1530 καὶ
1218 1480 1500 1548 δυνάμεως
1558 1479 1781 1548 εὐπόρει

228 1569 499 1638 ναυτ·κῆς,
537 1568 761 1638 βασιλέα
801 1569 892 1621 τὸν
940 1569 1056 1621 νέον
1093 1569 1352 1640 Ἰωάννην
1387 1571 1466 1634 είς
1503 1571 1634 1638 μίαν
1656 1568 1771 1622 τῶν

226 1661 458 1729 τριηρῶν
478 1659 597 1712 suos
607 1676 787 1728 μενος,
815 1660 1117 1730 ἀγνοούσης
1139 1661 1405 1731 βασιλίδος
1427 1662 1526 1731 τῆς
1551 1661 1778 1732 μητρὸς,

225 1749 303 1813 είς
327 1750 415 1801 τὸν
448 1749 577 1818 περὶ
607 1749 903 1812 Βυζάντ.ον
933 1751 1194 1822 πρότερον
1217 1751 1367 1820 αύτῷ
1397 1749 1607 1821 πύργον
1637 1749 1781 1820 ᾠκο-

225 1841 527 1912 δομημένον
580 1838 936 1913 ὀχυρώτατον
970 1845 1097 1897 όντα
1143 1843 1266 1914 ὕψει
1296 1862 1354 1897 τε
1395 1845 1489 1897 καὶ
1522 1846 1778 1915 καρτερό-

1883 673 2002 734 pter
2034 663 2350 736 Byzantium
2370 668 2471 736 (5),
2501 679 2628 722 ante
2658 685 2687 722 a
2709 684 2766 724 se
2783 671 3128 735 aedificatam,
3161 671 3451 728 altitudine

1882 765 1937 809 ct
1983 756 2346 812 crassitudine
2374 773 2654 812 murorum
2691 761 3114 815 munitissimam
3142 803 3158 827 ,
3206 763 3453 832 Epibatae
3567 786 3584 801 -

1864 845 2214 900 nominatam
2274 847 2558 903 includere
2603 851 3006 918 meditabatur,
3073 854 3262 924 ibique
3307 855 3452 908 inter

1881 949 2140 1007 cognatos
2177 953 2241 993 ac
2277 937 2737 997 familiarissimos
2777 958 2843 998 eo
2869 946 3167 1009 custodito,
3189 961 3310 999 cum
3342 947 3449 1000 im-

1881 1029 2158 1098 peratrice
2187 1028 2372 1084 ftedus
2400 1030 2566 1087 ferire
2591 1071 2608 1094 ,
2654 1047 2718 1087 ea
2753 1034 3073 1091 conditione
3123 1045 3184 1090 ut
3216 1036 3332 1104 ipse
3361 1052 3454 1090 co-

1881 1109 2144 1189 gnatique
2181 1135 2244 1174 ac
2288 1119 2591 1176 familiares
2621 1121 2785 1192 382
2833 1124 2918 1178 sui
2971 1125 3261 1195 praecipuis
3305 1123 3447 1194 apud

1883 1211 2162 1266 Romanos
2191 1210 2496 1266 honoribus
2537 1212 2958 1283 insignirentur,
3004 1214 3450 1284 provinciarum-

1883 1315 1989 1370 que
2039 1311 2098 1357 et
2132 1302 2352 1357 urbium
2399 1312 2666 1372 quantum
2727 1304 2833 1372 ipsi
2873 1305 3075 1359 vellent
3107 1306 3444 1361 dominatum

1881 1394 2217 1458 obtinerent,
2257 1403 2313 1448 et
2361 1394 2429 1449 ad
2482 1395 2802 1470 felicitatem
2856 1397 2994 1451 nihil
3053 1399 3444 1468 requirerent;

1889 1482 2279 1552 imperatorem
2317 1493 2504 1539 autem
2552 1500 2622 1538 ne
2654 1485 2734 1539 sic
2767 1485 2990 1555 quidem
3039 1487 3284 1542 custodia
3316 1487 3450 1539 libe-

1886 1592 2009 1630 rare
2035 1617 2051 1640 ,
2112 1576 2206 1630 sed
2237 1576 2360 1630 loco
2406 1576 2617 1632 obsidis
2642 1585 2832 1633 tenere
2857 1617 2872 1641 ,
2925 1587 2980 1632 et
3015 1594 3176 1632 unam
3214 1578 3446 1634 ﬁliarum

1881 1665 2165 1718 connubio
2195 1665 2243 1718 ei
2271 1664 2556 1733 capulare.
2585 1663 2765 1734 Atque
2796 1665 2844 1720 is
2867 1665 3090 1736 quidem
3123 1666 3239 1740 hzec
3268 1673 3449 1729 mente

1885 1756 2305 1825 pertractabat,
2357 1765 2414 1816 et
2457 1758 2570 1827 jam
2638 1756 2706 1810 ad
2760 1772 2872 1812 rem
2934 1757 3160 1827 parabat
3207 1755 3450 1828 aggredi,
3526 1767 3532 1775 '

1883 1863 2010 1902 cum
2075 1863 2104 1902 a
2178 1848 2418 1917 quodam
2475 1862 2506 1903 e
2565 1847 2805 1904 consciis
2861 1847 3198 1920 imperatrici
3247 1848 3451 1903 indicio
3538 1846 3545 1852 ’

225 1906 566 2005 τητιτειχῶν
600 1906 893 1997 ’ἐπιϐάτας
939 1906 1480 2006 προσαγορευόμενον
1521 1906 1775 2004 ἀγαγεῖν·

1886 1941 2026 1994 tacto
2060 1980 2075 2004 ,
2111 1948 2168 1993 et
2213 1941 2550 2011 imperatore
2605 1926 2727 2013 jam
2771 1906 3020 1996 custodia
3063 1941 3452 2010 circumsepto,

223 2025 335 2077 ἐκεῖ
358 2023 414 2077 δὲ
447 2025 585 2094 μετὰ
633 2025 741 2078 τῶν
792 2026 1067 2095 συγγενῶν
1112 2029 1206 2081 καὶ
1259 2028 1367 2082 τῶν
1416 2027 1769 2099 οἰκειοτᾶιτων

225 2116 443 2186 βασιλᾶα
469 2117 744 2188 φρουρῶν,
790 2119 1019 2182 σπονδὰς
1059 2119 1305 2172 τίθεσθαι
1337 2120 1472 2192 πρὸς
1508 2119 1778 2189 βασιλίδα,

221 2210 355 2262 ὥστε
403 2208 562 2260 αὑτὸν
621 2209 718 2278 μὲν
769 2209 866 2260 καὶ
927 2212 1206 2278 συγγενεῖς
1242 2213 1337 2264 καὶ
1391 2213 1517 2275 τοῦς
1572 2212 1787 2275 ἄλλους.

221 2301 341 2363 τοὺς
364 2299 638 2365 συνόντας,
669 2301 832 2370 τιμὰς
881 2300 979 2364 τὰς
1032 2302 1183 2371 παρᾶ
1219 2300 1509 2371 Ῥωμαίοις
1541 2301 1766 2373 πρώτας

225 2387 600 2459 καρποῦσθαι,
631 2391 722 2443 καὶ
759 2391 952 2461 χωρῶν
1000 2386 1142 2444 εἶναι
1175 2391 1269 2444 καὶ
1301 2391 1508 2444 πόλεων
1537 2393 1775 2461 κυρίους,

221 2482 418 2533 ὁποίων
451 2481 517 2534 ἂν
567 2481 767 2546 δόξειεν
821 2482 1034 2552 αὐτοῖς,
1071 2484 1166 2537 καὶ
1202 2483 1366 2552 μηδὲν
1409 2483 1672 2537 ἐλλείπειν
1700 2487 1779 2548 είς

219 2573 467 2644 εὐτυχίας
517 2573 695 2642 λόγον,
743 2571 967 2643 βασιλέα
1029 2575 1108 2639 δὲ,
1163 2573 1270 2628 οὶδ’
1309 2574 1481 2640 οὕτως
1529 2574 1780 2628 ἀπολύειν

219 2663 313 2719 τοῦ
348 2665 629 2735 φρουρίου·
671 2666 788 2720 ἀλλ’
814 2664 1002 2738 ὥσπερ
1053 2667 1261 2737 ὅμηρον
1311 2668 1630 2740 κατέχοντα,
1669 2667 1774 2738 μιᾷ

223 2756 328 2809 τῶν
361 2756 673 2826 θυγατέρων
733 2757 825 2808 ἐπὶ
860 2758 1024 2828 γάμῳ
1081 2760 1506 2828 προσαρμόζειν.
1560 2757 1620 2811 '0
1676 2757 1776 2828 μὲν

218 2847 310 2902 οὖν
341 2848 568 2904 τοιαῦτά
620 2865 680 2901 τε
730 2839 986 2902 διενοεῖτο
1011 2889 1027 2912 ,
1084 2852 1178 2902 καὶ
1207 2849 1433 2921 ὥρμητο
1463 2850 1567 2921 ήδη
1598 2850 1778 2920 πράτ·

217 2958 350 2994 τεινσ
381 2943 490 2995 τῶν
525 2940 844 2994 συνειδότων
871 2942 927 2995 δί
958 2958 1101 3003 nunc
1134 2940 1362 3011 βασιλίδι
1401 2942 1517 2994 ἀπα
1529 2941 1773 3010 γγείλαν-

215 3046 329 3092 τος,
362 3029 482 3082 ἐπεὶ
532 3027 760 3099 βασιλέα
811 3045 872 3081 τε
926 3029 1028 3098 ἤδη
1057 3030 1374 3100 περιΐστατο
1403 3029 1616 3098 φρουρὰ
1639 3068 1653 3092 ,
1684 3028 1779 3082 καὶ

218 3122 380 3184 αὐτὸς
407 3119 547 3190 εγνω
574 3119 871 3190 φωραθεὶς,
904 3117 1076 3189 ᾤχετο
1115 3113 1301 3188 φυγὼν
1333 3121 1414 3182 είς
1461 3120 1776 3182 Ἐπιϐάτας.

1885 2031 2252 2100 Apocaucbus
2285 2047 2345 2086 se
2375 2031 2778 2101 deprehensum
2813 2029 3450 2102 intelligens,'lipibatas,

1885 2119 2208 2184 impendens
2245 2121 2349 2176 sibi
2380 2136 2410 2176 e
2442 2121 2647 2176 malitia
2691 2137 2790 2177 sua
2837 2123 3130 2177 discrimen
3155 2161 3171 2186 ,
3218 2129 3278 2174 ut
3306 2119 3455 2174 veri-

1881 2212 2063 2266 simile
2118 2222 2247 2272 est,
2300 2212 2581 2267 declinans
2627 2213 2856 2282 aufugit.
2910 2212 3121 2278 Quibus
3173 2210 3338 2267 rebus
3379 2207 3448 2263 ad

1885 2319 2143 2374 magnum
2217 2304 2579 2359 domesticum
2637 2305 2901 2374 perlatis,
2956 2303 3059 2358 etsi
3108 2303 3180 2357 ad
3231 2299 3453 2370 expedi-

1886 2398 2092 2450 tionem
2154 2395 2459 2452 instructus
2517 2406 2676 2462 erat,
2737 2394 3091 2450 nihilominus
3144 2390 3448 2448 Manuelcm

1883 2485 2308 2541 Tarcltaniotam
2333 2529 2350 2552 ,
2384 2486 2480 2556 qui
2511 2496 2566 2540 et
2613 2486 2865 2542 Curtizes
2889 2485 3285 2556 appellabatur,
3325 2497 3449 2537 cum

1880 2579 2090 2647 aliquot
2127 2577 2424 2649 manipulis
2451 2576 2519 2632 ad
2561 2577 2824 2647 Epibatas
2845 2617 2862 2639 ,
2899 2575 3150 2630 tentoriis
3175 2572 3454 2637 excitatis,

1878 2667 2063 2745 quoad
2115 2670 2234 2740 ipse
2283 2669 2500 2725 veniret
2548 2665 2941 2724 custodiendas
2976 2665 3145 2722 misit.
3177 2662 3260 2721 Ad
3290 2663 3459 2732 ’Δρο-

1879 2768 2152 2822 cauchutn
2215 2779 2436 2834 quoque
2498 2762 2842 2818 sciscitatum
2893 2761 3084 2826 misit,
3135 2773 3268 2814 num
3323 2771 3454 2812 vera

1879 2868 2089 2925 essent,
2129 2873 2254 2928 quae
2294 2857 2365 2912 de
2395 2856 2490 2912 illo
2521 2869 2711 2911 rumor
2742 2862 3047 2925 spargeret.
3073 2851 3177 2924 Qui
3207 2865 3266 2906 se
3299 2863 3456 2918 εγω-

1841 2951 2130 3024 _phantiis
2180 2946 2487 3020 oppugnari
2539 2959 2880 3001 asseverare.
2922 2943 2990 2998 Et
3043 2956 3171 2997 cum
3203 2942 3448 3001 timeret,

1885 3058 1955 3097 ne
1988 3041 2144 3112 prius
2174 3041 2246 3096 ob
2293 3037 2599 3093 calumnias
2625 3036 2738 3090 vita
2777 3034 3132 3098 multaretur,
3166 3046 3328 3102 quam
3359 3044 3449 3082 ve-

1882 3135 2018 3188 ritas
2051 3131 2304 3199 indagata
2360 3136 2666 3198 patesceret
2692 3167 2708 3191 ,
2755 3142 2784 3181 a
2841 3140 2898 3180 re
2927 3123 3187 3196 praesenti
3217 3120 3449 3176 salutem

213 3215 308 3268 τὸν
341 3217 404 3267 ἐκ
435 3213 542 3268 τῶν
575 3211 982 3283 πραττομένων,
1018 3209 1207 3281 ὥσπερ
1235 3207 1304 3283 ἦν
1331 3212 1498 3278 είκδς,
1531 3211 1775 3280 κίνδυνον

1885 3229 2074 3292 petere
2126 3217 2409 3284 decrevit;
2445 3231 2511 3271 ac
2540 3216 2768 3286 proinde
2795 3229 2920 3269 eum
2948 3253 2964 3280 ,
3017 3213 3109 3283 qui
3161 3226 3222 3266 se
3272 3212 3329 3266 in
3361 3225 3452 3264 ca-

169 3375 171 3377 ,
214 3307 630 3378 διαδιδράσκων.
666 3305 802 3375 Περὶ
846 3302 955 3358 τῶν
981 3301 1236 3357 τοιούτων
1261 3303 1324 3371 δὴ
1348 3302 1376 3354 ό
1421 3303 1591 3374 μέγας
1618 3300 1771 3372 δομέ-

1882 3312 2042 3368 stello
2073 3310 2167 3365 illo
2193 3308 2529 3374 incluserat,
2556 3305 2809 3373 monuit,
2842 3315 2902 3360 ut
2931 3319 2964 3360 e
2991 3318 3094 3359 suo
3124 3315 3252 3358 casn
3272 3298 3449 3356 ‘saluti

217 3411 402 3457 στικος
439 3391 648 3464 μαθὼν,
685 3391 782 3445 καί
803 3408 887 3444 τοι
924 3391 1057 3462 πρὸς
1078 3391 1174 3459 τὴν
1200 3390 1558 3461 ἐκστρατείαν
1592 3407 1779 3460 παρα-

215 3482 636 3552 σκευαζόμενος,
666 3480 814 3550 ὅμως
835 3481 924 3534 τὸν
947 3479 1370 3552 Ταρχανειώτην
1399 3479 1657 3550 Μανουὴλ
1687 3479 1781 3532 τὸν

215 3575 316 3630 καὶ
370 3573 680 3644 Κουρτίκην
734 3572 1274 3644 προσαγορευόμενον
1330 3573 1470 3642 μετὰ.
1509 3589 1781 3641 στρατιω-

213 3669 328 3724 τῶν
381 3668 577 3737 ὀλίγων
635 3664 879 3736 πέμψας,
930 3665 1180 3720 ἐκέλευεν
1243 3665 1539 3727 Ἐπιϐἀτας
1583 3665 1782 3731 ἔξωθεν

212 3763 474 3832 φρουρεῖν
519 3742 1077 3830 ἐστρατοπεδευμένον
1105 3797 1123 3824 ,
1175 3757 1333 3828 ἄχρις
1382 3758 1448 3812 ἂν
1514 3757 1780 3826 ἀφίκηται

115 3902 125 3907 -
211 3853 402 3917 αὐτός.
447 3853 673 3922 Πέμψας
715 3851 773 3906 δὲ
815 3853 913 3906 καὶ
957 3851 1094 3922 πρὸς
1161 3852 1499 3922 Ἀπόκαυχον
1551 3849 1788 3903 ἐπυνθαη

210 3964 339 4002 νετο
378 3947 427 4000 εί
454 3945 626 4017 ἀληθῆ
650 3946 720 3999 τε
760 3943 1134 4016 θρυλλούμενα
1178 3945 1267 4013 εἴη
1308 3945 1436 4014 περὶ
1476 3941 1665 3997 αὑτοῦ.
1720 3943 1782 3996 '0

211 4039 278 4095 δὲ
315 4038 519 4108 ἔφασκε
555 4038 654 4108 μὲν
682 4036 1169 4105 συκοφαντεῖσθαι,
1199 4036 1378 4098 δείσας
1408 4036 1465 4090 δὲ
1501 4040 1576 4108 μὴ
1604 4037 1786 4109 φθάσῃ

209 4129 536 4200 διαφθαρεὶς
585 4128 689 4182 ὑπὸ
714 4127 969 4198 διαϐολῆς
1018 4128 1150 4198 πρὶν
1182 4128 1583 4200 διερευνώμενοι
1615 4129 1786 4196 φανῆ-

206 4238 304 4274 ναι
343 4219 586 4291 τάληθῆ,
639 4219 742 4289 τὴν
794 4220 1068 4290 σωτηρίαν
1095 4222 1162 4274 ὲκ
1193 4220 1302 4274 τῶν
1333 4220 1562 4274 ἐνόντων
1606 4221 1786 4289 ἐαυτῷ

207 4311 463 4382 πορίζειν
506 4309 939 4365 κατακλείσαντα
987 4312 1046 4364 ἐν
1096 4310 1177 4381 τῷ
1221 4311 1488 4382 φρουρίῳ.
1519 4312 1786 4366 Συνεϐούο

207 4405 341 4458 λευέ
368 4421 428 4457 τε
471 4404 820 4476 παράδειγμα
853 4405 963 4469 τῶν
1010 4404 1434 4475 ἀπροσδοκήτων
1473 4405 1587 4459 τῶν
1640 4424 1786 4477 πρα-

204 4495 443 4567 γμάτων
472 4495 784 4566 μεταϐολῶν
817 4495 1112 4566 λαμϐάνειν
1143 4495 1205 4561 ἐξ
1231 4496 1420 4552 αὑτοῦ.
1453 4498 1566 4552 Καὶ
1591 4498 1785 4567 ιιτρότε⁹

1888 3419 2000 3460 sua:
2025 3401 2388 3474 prospiceret,
2424 3408 2481 3454 et
2516 3397 2827 3470 improvisae
2861 3409 3043 3450 rerum
3065 3393 3461 3450 commutatio-

1888 3495 1975 3550 nis
2003 3493 2316 3564 exemplum
2347 3507 2377 3546 a
2409 3505 2468 3547 se
2495 3497 2761 3546 sumeret.
2799 3488 2936 3544 Nam
2966 3495 3022 3543 et
3045 3487 3200 3558 prius
3232 3502 3291 3542 se
3314 3486 3458 3542 idem

1881 3588 2090 3642 utiliter
2143 3599 2270 3640 eum
2321 3583 2602 3638 monuisse
2667 3591 2724 3638 et
2784 3581 3062 3636 hortatum
3091 3595 3255 3648 esse,
3288 3595 3462 3652 quan»-

1893 3694 2059 3749 qnam
2094 3677 2250 3732 nullo
2279 3677 2504 3738 effectu,
2535 3684 2592 3730 et
2639 3688 2785 3729 nunc
2815 3672 3175 3728 nihilominus
3206 3670 3460 3735 suadere,

1891 3786 2016 3825 cum
2046 3785 2114 3825 ex
2156 3785 2214 3824 re
2238 3767 2363 3835 ipsa
2397 3765 2675 3822 suasionis
2728 3779 2840 3818 suae
2885 3763 3181 3818 utilitatem
3226 3762 3460 3832 probare

1886 3870 2095 3932 queat,
2125 3859 2506 3929 subiectorum
2535 3855 2639 3925 ipsi
2679 3855 3030 3910 castellorum
3079 3853 3269 3926 (multa
3310 3854 3458 3909 enim

1884 3951 2112 4019 habere)
2149 3950 2216 4004 ad
2247 3959 2410 4003 terra
2478 3945 2756 4015 marisque
2813 3944 3230 4001 commoditates
3264 3944 3461 4016 praeci-

1886 4057 1997 4114 puo
2026 4042 2134 4096 situ
2176 4054 2347 4094 unum
2395 4038 2692 4109 deligeret,
2728 4047 2782 4093 et
2827 4035 2959 4091 illud
2993 4035 3255 4106 operibus
3291 4051 3457 4106 quam

1887 4132 2266 4190 ﬁrmissimum
2319 4129 2617 4194 redderet,
2676 4141 2736 4184 ut
2799 4128 2846 4184 si
2909 4127 3041 4198 quid
3100 4128 3456 4196 improvisum

1884 4233 2224 4296 emergeret,
2287 4237 2537 4279 secessus
2597 4221 2978 4292 malorumque
3023 4219 3286 4290 effugium
3331 4235 3464 4291 sup-

1893 4316 2185 4389 peditaret.
2246 4314 2494 4384 Rogabat
2555 4319 2740 4366 autem
2769 4351 2786 4379 ,
2842 4311 2984 4366 utsi
3038 4325 3150 4366 non
3204 4310 3457 4376 antehac,

1885 4408 2082 4462 saltem
2135 4420 2286 4461 nunc
2320 4403 2702 4460 benevolentis
2733 4403 2903 4459 animi
2934 4403 3222 4458 consilium
3255 4403 3463 4474 ample-

1886 4507 2151 4554 cteretur.
2221 4495 2438 4550 Etenim
2499 4504 2557 4552 et
2619 4495 2726 4550 sibi
2787 4495 2842 4548 in
2906 4508 3189 4564 praisens,
3246 4489 3460 4547 tatnctsi

205 4588 310 4658 ρόν
350 4603 410 4640 τε
452 4587 560 4672 γαρ
589 4587 738 4657 αύτῷ
767 4588 848 4640 κτὰ
880 4586 1106 4640 τοιαῦτα
1141 4587 1496 4642 ὑποτίθεσθαι
1523 4588 1780 4658 ἔφασκεν.

1889 4587 2416 4654 falsiscriminibus
2463 4585 2745 4656 appetito,
2801 4585 3006 4640 nullam
3051 4583 3214 4641 aliam
3255 4580 3452 4637 salutis

203 4681 262 4734 εί
291 4678 388 4731 καὶ
417 4677 493 4748 μὴ
520 4677 702 4733 ἔπειθε
749 4676 1132 4747 συμϐουλεύων
1153 4678 1222 4730 τὰ
1260 4679 1539 4747 λυσιτελῆο
1570 4681 1664 4734 καὶ
1689 4679 1786 4734 νῦν

200 4772 371 4826 οὒδὲν
425 4767 590 4845 ἦττον
641 4769 1037 4840 συμϐουλεύειν
1069 4771 1132 4834 ἐξ
1169 4770 1350 4824 αὐτῶν
1391 4771 1502 4823 τῶν
1529 4769 1788 4842 πραγμά-

197 4882 322 4918 των
348 4861 488 4933 ἔχων
519 4862 615 4933 τῆς
645 4861 914 4930 ὠφελείας
955 4861 1054 4932 τὴν
1091 4862 1374 4928 ἀπόδειξιν
1412 4861 1522 4914 τῶν
1553 4861 1785 4931 λεγομέ-

198 4973 344 5020 νων,
375 4958 473 5010 καὶ
502 4955 610 5008 τῶν
667 4953 760 5007 ὑπ’
795 4953 946 5022 αὐτῷ
998 4951 1302 5006 τελούντων
1363 4956 1648 5025 φρουρίων
1697 4955 1780 5024 ἓν,

199 5046 393 5100 πολλὰ
424 5044 480 5097 δὲ
502 5038 668 5110 εἶναι,
697 5043 761 5127 τό
794 5043 1034 5114 μάλιστα
1064 5044 1390 5114 ἐπιτηδείως
1414 5045 1536 5117 ἔχον
1562 5046 1700 5115 πρός
1722 5063 1784 5101 τε

196 5140 317 5207 γῆς
377 5137 474 5189 καὶ
544 5137 824 5206 θαλάσσης
887 5137 1120 5205 εὐφυΐαν
1187 5137 1550 5208 ἐκλεξάμενον
1611 5155 1785 5191 κατα-

1893 4680 2110 4734 tuendae
2167 4675 2514 4732 occasionem
2563 4675 2844 4744 relinqui,
2893 4683 3093 4745 praeter
3131 4687 3351 4738 arcem,
3401 4672 3457 4726 in

1851 4787 2052 4864 .quatn
2105 4785 2163 4826 se
2215 4765 2446 4840 periculi
2505 4766 2718 4822 vitandi
2783 4765 3138 4836 recepisset:
3186 4778 3347 4833 quae,
3405 4761 3453 4816 si

1882 4878 2014 4919 vera
2046 4876 2166 4917 esse
2198 4859 2538 4929 contingeret
2582 4857 2650 4912 de
2685 4872 2746 4912 se
2789 4857 3016 4928 iactata,
3058 4855 3142 4909 vel
3170 4852 3459 4908 audaciam

1883 4971 2038 5012 suam
2075 4952 2362 5025 adiuvaret
2386 4991 2401 5016 ,
2431 4949 2520 5004 vel
2551 4946 2960 5018 deprehensum
2993 4953 3050 5001 et
3079 4945 3393 5000 convictum
3427 4956 3457 4996 a

1892 5056 2067 5102 morte
2104 5046 2390 5101 liberaret.
2421 5040 2746 5113 Apocauchi
2783 5038 3005 5109 quidem
3034 5034 3326 5094 consilium
3359 5032 3466 5088 hoc

1893 5141 2019 5194 fuit.
2043 5137 2126 5192 Ad
2152 5121 2315 5207 quem
2348 5147 2576 5204 magnus
2604 5131 2943 5190 domesticus
2979 5130 3182 5186 iterato
3220 5129 3465 5190 mittens,

113 5242 116 5243 '
197 5232 437 5291 σκευαῖς
479 5229 879 5299 χειροποιήτοις
937 5227 1282 5298 ὀχυρώτατον
1337 5231 1532 5295 ποιεῖν,
1563 5229 1630 5282 ἵν’
1661 5229 1780 5283 είτι

1889 5235 2161 5288 adversus
2191 5232 2364 5289 illum
2394 5229 2610 5299 vulgata
2665 5243 2726 5283 se
2781 5241 3002 5296 quoque
3043 5224 3177 5279 falsa
3234 5218 3464 5291 reperiri

196 5318 464 5390 συμϐαίη
518 5318 626 5371 τῶν
677 5319 1124 5389 ἀπροσδοκήτων,
1155 5320 1514 5391 ἀναχώρησιν
1555 5320 1654 5392 ἔχῃ
1691 5323 1780 5376 καὶ

1894 5321 2379 5399 (quemadmodum
2412 5321 2675 5376 videlicet
2733 5319 2852 5390 ipse
2885 5331 3104 5388 quoque
3151 5307 3464 5381 aﬂirmaret)

191 5411 323 5466 τῶν
357 5410 545 5466 δεινῶν
583 5412 878 5480 ἀποφυγήν
899 5426 916 5442 σ
951 5411 1121 5464 ἐδεῖτό
1169 5429 1228 5464 τε
1260 5414 1308 5465 εί
1341 5415 1436 5465 καὶ
1485 5412 1561 5485 μὴ
1593 5414 1780 5485 πρότε-

1893 5415 2182 5485 inprimis
2248 5426 2450 5482 cupere
2520 5421 2754 5466 testatus
2801 5419 2922 5476 est;
2981 5409 3061 5463 sic
3121 5418 3357 5475 namque
3411 5411 3470 5458 et

191 5521 333 5577 ρον,
374 5503 511 5558 ἀλλὰ
535 5502 630 5556 νῦν
659 5502 945 5557 πείθεσθαι
970 5502 1118 5573 αὐτῷ
1152 5503 1412 5568 εὐνοϊκῶς
1455 5505 1780 5578 διακειμένῳ

1894 5509 2073 5578 ipsum
2103 5504 2421 5575 imperatori
2453 5502 2779 5558 amicumet
2806 5500 3132 5557 benevolum
3160 5539 3177 5568 ,
3223 5511 3288 5553 ac
3316 5509 3471 5564 syco-

1478 5625 1698 5686 Jacobi
1739 5622 2017 5686 Pontani
2049 5630 2235 5682 notre.

285 5719 372 5806 ('5)
407 5719 463 5774 In
482 5719 671 5806 turrim
685 5721 849 5806 juxta
879 5720 1212 5806 Byzantina}.
1231 5720 1338 5777 Sed
1361 5723 1474 5802 haec
1497 5723 1794 5806 turris‘fuit
1892 5721 2017 5806 alibi
2050 5721 2159 5806 hac
2179 5735 2310 5806 voce
2351 5719 2558 5806 πύργος
2581 5719 2774 5775 eadem
2808 5718 3244 5806 notioneutitur
3274 5735 3289 5775 :
3327 5713 3469 5772 Eine

196 5789 502 5862 φρούριον,
535 5789 833 5854 castellum,
883 5789 940 5845 ei
975 5793 1051 5846 sic
1105 5791 1242 5846 infra
1285 5794 1614 5847 nominatur.
1651 5794 1791 5850 Ante
1895 5792 2061 5862 Burg.
2115 5789 2439 5846 Monuimns
2458 5791 2718 5846 lectorem
2749 5804 2915 5861 super
2955 5792 3081 5847 hoc.

196 5867 392 5937 igitur
441 5876 620 5916 arcem
675 5873 769 5918 aut
832 5862 1114 5916 castellum
1177 5877 1432 5918 vocemus
1487 5865 1628 5918 licet.
1662 5866 1790 5919 Item
