3880 6624
168 411 264 474 769
1294 408 1347 468 Π
1359 408 1575 469 lSTUll
1590 409 1610 468 l
1619 408 1707 473 All

1814 410 1838 470 l
1878 409 2111 472 LIBER
2153 409 2270 474 ΙΙΙ.

3289 419 3395 480 7ῖο

163 529 305 595 ήκειν
333 521 451 584 τοὺς
483 520 914 594 ἐντυγχάνοντας
971 523 1138 597 τιμᾷν
1184 526 1695 596 προσαναγκάζειν

1814 529 1969 598 paulo
2016 539 2140 599 post
2183 539 2406 600 captato
2457 541 2720 600 tempore.
2755 531 3026 602 equitanti
3069 546 3392 601 occurrunt,

162 615 266 670 ἀλλ’
292 614 523 676 ἐκείνους
554 615 772 669 οίκοθεν
811 615 996 680 ἀξίους
1031 615 1318 688 κρίνοντας
1353 617 1714 687 ἐπιψηφίζειν

160 710 249 780 τὴν
278 707 456 778 τιμήν·
489 706 804 772 ἑξετάζοντι
850 709 908 762 δὲ
961 708 1099 779 πρὸς
1153 710 1350 763 ἑαυτὸν
1402 709 1495 762 τὸν
1548 709 1710 777 λόγον

156 803 241 871 εἷιά
275 802 368 868 τὴν
407 799 670 855 δοκοῦσαν
725 801 984 866 ἀτοπίαν,
1042 801 1350 873 παρίστατο
1379 801 1523 856 νοεῖν
1574 802 1712 872 ὅπερ

157 893 240 968 ἦν,
290 895 359 958 ὡς
413 895 474 948 ού
527 895 801 968 σφετέρας
849 896 1018 951 ἕνεκα
1069 896 1250 950 αὐτῶν
1307 895 1477 966 τιμῆς
1526 895 1714 966 ἠξίουν

155 986 359 1040 τοιαῦτα
386 1024 402 1051 ,
445 984 562 1038 ἀλλ’
613 987 702 1040 ἵνα
741 987 1180 1060 ὑπαντήσαντος,
1210 988 1320 1042 τῶν
1360 989 1546 1042 ῐππων
1579 991 1716 1042 ἀπο-

156 1080 339 1141 ϐάντες
364 1078 516 1132 αὐτοὶ
557 1077 726 1150 τιμὴν
756 1080 1000 1134 ἀποδῶσι
1038 1079 1137 1151 τὴν
1167 1080 1457 1150 μεγίστην.
1507 1080 1566 1134 '0
1607 1073 1711 1150 μὲν

151 1163 236 1229 οὖν
263 1165 480 1221 τοιαῦτα
502 1168 789 1238 ἐννοήσας,
819 1169 1038 1240 έμενιεν
1063 1170 1222 1224 οῖκοι.
1246 1171 1370 1233 Τοῖς
1393 1169 1440 1222 δ’
1460 1171 1586 1224 ἐπεὶ
1611 1171 1712 1224 οὐκ

149 1250 411 1327 ἐξεγένετο
439 1258 536 1328 τὴν
566 1259 818 1314 ἐπίνοιαν
847 1263 927 1326 είς
959 1259 1120 1334 ἔργον
1150 1261 1330 1329 ἄγειν,
1361 1261 1531 1332 ὀλίγῳ
1561 1261 1713 1314 ὓστε-

35 1425 38 1428 Α
147 1369 236 1422 ρον
259 1351 446 1420 καιρὸν
473 1353 934 1424 ἐπιτηρήσαντες,
957 1356 1054 1408 καὶ
1075 1357 1436 1424 συντυχόντες
1461 1354 1708 1424 ὲφίππῳ,

145 1441 247 1494 τῶν
276 1441 456 1495 ἵππων
482 1443 793 1506 ἀποϐάντες
819 1446 1218 1516 προσεκύνουν.
1251 1441 1368 1501 Εἶτ’
1386 1446 1540 1517 αὐτῷ
1569 1446 1712 1500 οἶκοι

91 1559 108 1616 4
149 1533 490 1598 συνελθόντες
523 1537 586 1589 ού
637 1537 785 1591 κατὰ
814 1538 876 1590 τὺ
912 1540 1184 1610 πρότερον
1215 1539 1338 1603 ἔθος
1365 1539 1712 1592 συνεισίεσαν

143 1623 367 1692 ἔφιπποι
411 1627 516 1696 τὴν
546 1627 740 1697 αὐλὴν,
772 1629 888 1683 ἀλλ’
934 1629 1040 1698 ἔξω
1080 1630 1504 1696 καταλιπόντες,
1533 1630 1710 1700 παρέ-

144 1716 258 1770 θεον
315 1718 485 1789 πεζῇ.
535 1719 596 1774 Ὀ
641 1720 699 1774 ει
753 1721 1140 1792 ἠγανάκτησεν
1196 1719 1282 1790 ἐφ’
1313 1722 1599 1793 ἑκατέροις
1647 1721 1708 1773 οὐ

141 1809 398 1879 μετρίως.
426 1810 646 1865 Ἔπειθ’
676 1811 857 1883 ἐαυτῷ
887 1813 1389 1885 περιστησάμενος,
1413 1814 1710 1884 κατηγόρει

1814 633 1879 674 ac
1920 620 1989 674 de
2037 621 2154 677 suis
2194 621 2463 692 jumentis
2512 622 2835 680 dellnentes.
2868 638 2996 678 eum
3049 624 3391 680 adorabundi

1813 713 2076 767 salutant.
2118 713 2326 768 Deinde
2367 713 2592 769 domum
2627 716 2980 782 comitantes,
3018 730 3127 770 non
3159 717 3393 785 pristino

1813 803 2421 874 moreoadequitanles,
2458 806 2552 860 sed
2601 805 2738 861 luris
2781 821 2956 876 equos
2992 807 3390 878 relinquentes,

1812 909 1867 952 et
1884 897 2044 967 juxta
2082 896 2317 966 pedibus
2340 897 2708 962 ambulantes,
2741 899 2922 952 aulam
2948 899 3113 953 simul
3158 900 3388 969 ingressi

1812 996 1962 1042 sunt.
1998 987 2091 1042 Ille
2137 997 2435 1056 utrumque
2479 988 2813 1057 permoleste
2844 989 2994 1044 tulit.
3028 989 3158 1044 Post
3209 990 3263 1043 in
3292 1006 3388 1042 or-

1812 1077 1937 1134 bem
1969 1095 2026 1132 se
2053 1079 2522 1135 circumsistentes
2549 1079 2617 1133 de
2636 1078 2767 1134 iacti
2797 1081 3041 1145 novitate
3087 1083 3390 1151 reprehen-

1811 1171 1916 1236 dit,
1953 1186 2203 1236 monens,
2231 1187 2299 1226 ne
2329 1171 2459 1241 quid
2493 1171 2673 1227 simile
2705 1172 2956 1242 posthac,
2980 1176 3074 1228 sed
3104 1177 3387 1242 antiquam

1812 1265 2270 1320 consuetudinem
2307 1267 2629 1320 retinerent.
2678 1265 2743 1318 Ni
2802 1265 3116 1332 obedirent,
3165 1283 3226 1322 se
3269 1268 3393 1321 illos

1812 1369 1937 1408 cum
1971 1354 2257 1409 stomacho
2284 1353 2654 1424 repulsurnm.
2681 1353 2816 1409 Cum
2843 1355 2894 1408 in
2921 1370 3123 1424 equum
3171 1373 3388 1411 rursum

1811 1447 2113 1502 ascendere
2174 1453 2501 1513 oporteret,
2551 1445 2722 1515 jussit.
2779 1459 2906 1500 eum
2966 1458 3121 1501 extra
3174 1455 3389 1516 portant

1814 1537 2001 1601 educi,
2035 1553 2100 1593 ac
2131 1552 2230 1608 per
2256 1538 2438 1591 aulam
2469 1537 2764 1603 transiens,
2799 1537 3002 1591 ibidem
3038 1540 3302 1594 ascendit.
3333 1540 3388 1593 Id

1813 1629 1892 1683 illi
1933 1628 2279 1698 aspicientes,
2315 1628 2410 1699 qui
2432 1628 2740 1684 novitatem
2779 1641 3130 1700 usurparant,
3183 1639 3241 1684 et
3292 1633 3394 1684 mi-

1813 1721 1903 1777 nis
1952 1722 2256 1791 perterriti,
2295 1737 2503 1776 morem
2559 1722 2854 1791 pristinum
2921 1724 3289 1797 retinuerunt,
3333 1731 3391 1776 ct

1815 1827 1992 1882 neque
2022 1811 2146 1883 ipsi,
2173 1827 2354 1882 neque
2384 1811 2478 1868 alii
2510 1812 2748 1883 amplius
2795 1814 3080 1885 quidpiam
3133 1814 3260 1869 novi
3291 1815 3376 1868 'vel

139 1900 232 1971 τὴν
253 1902 634 1972 καινοτομίαν,
659 1905 756 1960 καὶ
783 1905 859 1975 μὴ
881 1903 1108 1958 τοιαῦτα
1136 1905 1486 1959 συνεϐούλευε
1511 1906 1706 1969 ποιεῖν,

1814 1903 2052 1974 cogitare
2079 1904 2162 1959 vel
2192 1903 2374 1960 facere
2399 1905 2805 1960 sustinuerunt.

134 1995 264 2049 ἀλλά
295 1999 409 2061 τοῖς
467 1999 757 2072 προτέροις
810 1999 990 2054 ἔθεσιν
1053 2001 1338 2071 ἐμμένειν.
1398 2000 1460 2052 El
1507 1999 1566 2053 δὲ
1624 2000 1699 2069 μὴ
1739 1999 2038 2066 πείθοιντο,
2096 2000 2396 2070 ἠπείλησεν
2461 2001 2756 2055 ἀπελάσειν
2785 2001 2922 2072 πρὸς
2956 2003 3152 2074 ὀργήνο
3178 2000 3388 2072 δεῆσαν

131 2090 185 2144 δὲ
232 2086 392 2154 αὖθις
442 2093 601 2165 ἵππῳ
666 2097 945 2166 ἐπιϐῆναι,
1014 2095 1231 2150 tuticus
1273 2097 1373 2167 τῆς
1409 2095 1585 2180 πύλης
1622 2096 1781 2162 ἄγειν
1814 2095 1943 2162 ἔξω.
1988 2091 2124 2149 Εἶτα
2175 2095 2390 2167 παριὼν
2436 2097 2536 2168 τὴν
2578 2096 2748 2166 αὐλὴν
2797 2099 2934 2166 πεζῇ
2969 2096 3222 2150 ἐπέϐαινε
3254 2095 3390 2166 πρὸς

129 2185 193 2252 τῇ
225 2183 393 2257 πύλῃ·
451 2186 595 2258 ὅπερ
648 2189 698 2239 ot
748 2187 845 2258 τὴν
883 2187 1279 2259 ’καινοτομίαν
1317 2189 1518 2253 ίδόντες
1587 2190 1968 2259 εἰργασμένοι,
2013 2189 2114 2243 καὶ
2185 2189 2640 2258 καταπτήξαντες
2704 2188 2803 2260 τὴν
2837 2192 3089 2258 ἀπειλὴν,
3139 2192 3391 2259 ἐνέμενον

129 2277 240 2338 τοῖς
271 2279 598 2348 προτέροις,
653 2279 824 2350 μηδεν
881 2279 1071 2336 καινὸν
1127 2283 1266 2351 μήτε
1333 2279 1730 2352 διανοούμενοι,
1773 2281 1913 2353 μήτε
1969 2282 2235 2354 πράττειν
2301 2283 2704 2366 ὑπομένοντες,

125 2367 300 2438 ἕτεροί
332 2386 508 2435 τινες.

2779 2281 2908 2352 μήτ’
2961 2284 3198 2344 ἐκεῖνοι,
3252 2279 3384 2353 μηθ’

1564 2490 1794 2548 CAPUT
1835 2489 1952 2547 ΧΠ.

122 2607 309 2662 Crates
341 2608 526 2684 [tacto
555 2608 755 2684 [cedere
783 2609 1154 2684 Macedoniam
1193 2612 1499 2684 populatur.
1536 2611 1870 2684 Consultatio
1907 2611 1970 2684 de
1995 2626 2054 2664 eo
2090 2611 2446 2680 reprimendo.
2477 2610 2748 2665 Sententia
2791 2615 2972 2682 magni
3025 2617 3292 2670 domestici
3325 2617 3390 2670 de

188 2680 530 2755 expeditione
559 2679 1008 2755 Peloponnesiaco
1039 2679 1416 2755 prgpbnenda,
1449 2682 1509 2736 ob
1543 2699 1702 2753 quam
1736 2682 2053 2755 Byzantium
2082 2679 2471 2755 reuertendum,
2525 2689 2573 2733 et
2600 2684 2723 2755 quid
2758 2684 2827 2735 ibi
2856 2679 3156 2752 faciendum
3205 2696 3255 2737 et
3286 2703 3388 2755 quo

187 2750 432 2822 omnibus
465 2752 792 2822 comparatis
824 2749 1078 2822 cundum.
1111 2749 1430 2821 Byzantium
1490 2749 1728 2815 veniens,
1778 2749 2062 2818 honoriﬁce
2111 2752 2386 2820 excipitur.
2425 2749 2821 2822 Imperatricein
2856 2749 3110 2822 tt'grolam
3157 2749 3387 2822 salut-at,

185 2832 235 2872 et
275 2819 555 2889 lugentem
581 2819 756 2873 adhuc
786 2820 1094 2876 consolatur
1118 2862 1133 2888 ,
1160 2819 1286 2876 cum
1316 2823 1602 2893 eademque
1628 2823 1971 2892 cogitationes
2002 2837 2126 2874 suas
2155 2819 2530 2887 communicat,
2571 2837 2702 2890 quas
2741 2820 2837 2875 illa
2870 2819 3080 2893 probat.

193 2958 339 3013 ’Υπὺ
373 2957 434 3012 δὲ
468 2959 566 3014 τὸν
598 2959 766 3013 αὑτὸν
821 2962 1016 3032 χρόνον
1063 2963 1160 3016 καὶ
1192 2963 1221 3014 ὁ
1269 2961 1380 3015 τῶν
1415 2961 1702 3033 Τριϐαλῶν

114 3049 305 3121 ἄρχων
346 3051 633 3120 Στέφανος
654 3052 682 3104 ό
712 3051 938 3122 Κράλης
964 3053 1064 3116 τὰς
1091 3052 1230 3124 πρὸς
1259 3051 1484 3122 βασιλέα
1529 3048 1701 3116 λύσας

1884 2960 1998 3016 Sub
2043 2961 2189 3016 idem
2232 2971 2447 3032 tempus
2487 2961 2654 3016 etiam
2706 2959 3079 3018 Triballorum
3133 2965 3389 3035 princeps

1811 3049 2125 3122 Stephanus
2185 3051 2396 3114 Crales,
2453 3053 2642 3106 audito
2714 3052 3099 3123 imperatorem
3153 3055 3384 3118 obiisse,

111 3143 383 3218 σπονδὰς,
415 3142 549 3196 ἐπεὶ
583 3141 823 3198 ἐπύθετο
873 3142 1240 3210 ἀποθανόντα,
1298 3144 1398 3212 τήν
1443 3159 1502 3196 τε
1539 3142 1704 3210 ἀλλην

1814 3142 1992 3198 lanius
2017 3142 2202 3206 solvit,
2231 3151 2284 3196 et
2315 3158 2439 3198 cum
2466 3143 2730 3213 reliquam
2759 3144 3132 3200 Macedoniam
3164 3161 3385 3201 orum-In

112 3236 300 3288 πᾶσαν
344 3234 668 3304 κατέδραμε
693 3235 1027 3289 Μακεδονίαν
1051 3234 1368 3302 ληϊζόμενος
1393 3249 1408 3264 ⁸
1442 3235 1537 3288 καὶ
1567 3233 1705 3286 Θεσ-

110 3327 424 3398 σαλονίκην
457 3325 772 3398 παρελθὼν,
803 3327 933 3398 ἄχρι
965 3327 1167 3399 χωρίου
1189 3322 1322 3398 ἦλθε
1355 3325 1451 3379 τοῦ
1498 3341 1704 3395 προσαι-

106 3420 500 3492 γορευομένου
537 3419 771 3492 Κρητῶν
791 3458 806 3474 .
841 3419 1073 3472 Ἔπειτα
1124 3420 1456 3487 ἀνέστρεφεν
1482 3417 1541 3470 ού
1571 3415 1703 3470 πολ-

102 3511 204 3584 λὴν
235 3513 398 3567 λείαν
428 3511 777 3581 ἑπαγόμενος
799 3511 889 3565 διὰ
914 3513 974 3564 τὸ
1000 3510 1337 3581 μηνυθείσης
1365 3511 1464 3579 τῆς
1512 3508 1704 3578 ὶφόδου

103 3605 400 3676 πρότερον
442 3605 576 3667 ταῖς
632 3603 823 3658 πόλεσι
883 3603 979 3658 καὶ
1031 3605 1145 3666 τοῖς
1179 3601 1464 3673 φρουρίοις
1519 3603 1590 3656 τά
1645 3617 1705 3654 τε

99 3695 454 3767 βοσκήματα
481 3697 579 3749 καὶ
626 3695 754 3760 τοὺς
782 3693 1107 3766 ἀνθρώπους
1141 3693 1702 3763 ὲγκατακλεισθῆναι.

115 3788 277 3841 Ἐπεὶ
309 3789 373 3842 δὲ
407 3787 718 3858 ἠγγέλλετο
757 3789 886 3858 περὶ
948 3787 1158 3842 τούτων
1191 3787 1270 3858 τῷ
1303 3786 1527 3856 μεγάλῳ
1548 3785 1709 3855 δομε-

100 3880 312 3952 στίκῳ,
351 3878 672 3950 ἐκκλησίαν
746 3877 1130 3949 συναθροίσας,
1189 3877 1510 3931 ἐϐουλεύετο
1569 3876 1708 3947 μετά

95 3972 216 4026 τῶν
244 3975 310 4026 ὲν
353 3971 514 4026 τέλει
557 3971 649 4024 καὶ
703 3969 814 4024 τῶν
871 3969 1161 4041 ἡγεμόνων
1196 3968 1297 4040 τῆς
1357 3968 1618 4039 στρατιᾶς
1680 3966 1708 4020 ὃ

91 4080 149 4119 τι
185 4061 306 4117 δέοι
361 4062 554 4116 ποιεῖν
584 4061 722 4132 πρὸς
750 4059 850 4132 τὴν
905 4058 1096 4129 ἔφοδον
1127 4058 1237 4112 τῶν
1289 4056 1602 4128 Τριϐαλὼν.
1634 4055 1698 4109 οι

98 4155 207 4226 μὶν
235 4151 340 4210 οὗν
369 4154 403 4209 ὃ
439 4169 498 4207 τι
530 4153 766 4218 ἕκαστος
804 4151 979 4205 ἐδόκει
1033 4149 1357 4215 λυσιτελεῖν,
1388 4146 1705 4202 ἐϐουλεύετο

99 4247 249 4320 πρὸς
295 4247 380 4300 τὰ
421 4243 698 4313 παρόντα.
763 4241 854 4315 Τῷ
911 4242 1134 4315 μεγάλῳ
1161 4242 1219 4297 δὲ
1265 4241 1599 4313 δομεστίκῳ,
1646 4245 1707 4297 τὸ

1814 4242 2112 4298 oessarium
2161 4240 2466 4305 videretur,
2514 4239 2626 4295 cito
2668 4238 2817 4295 Crali
2869 4239 3260 4304 resistendum,
3325 4250 3386 4294 ut

90 4338 244 4408 πρὸς
278 4335 535 4409 Κράλην
565 4335 1057 4390 ἀντικαθίστασθαι
1110 4332 1343 4406 ταχέως,
1386 4334 1454 4387 ἶν’
1500 4334 1534 4405 ἢ
1575 4325 1707 4388 ’πεί-

1814 4349 1939 4390 eum
1963 4334 2047 4388 vel
2078 4348 2268 4404 pacem
2293 4340 2516 4404 cogeret
2539 4333 2814 4402 accipere,
2847 4330 2932 4386 vel
2967 4346 3090 4387 cum
3118 4331 3387 4388 audacius

92 4429 254 4483 θοιεν
277 4427 587 4505 αἱρεῖσθαι
623 4425 724 4496 τὴν
773 4427 1018 4497 εἰρήνην,
1051 4425 1084 4496 ἦ
1115 4424 1508 4496 θρασυνομένῳ
1541 4424 1703 4478 πολε-

1815 4425 2124 4495 rel‘ragante
2177 4425 2320 4480 bello
2369 4426 2716 4486 decerneret.
2749 4424 2921 4478 multo
2976 4435 3157 4478 tamen
3213 4424 3388 4493 magis

91 4521 266 4589 μοῖεν
325 4515 543 4572 δοκοῦν
573 4516 680 4570 τῶν
731 4515 1073 4583 ἀναγκαίων,
1133 4516 1214 4568 ἔτι
1275 4514 1463 4584 πσλλῷ
1503 4516 1706 4586 μᾶλλον

1815 4519 2182 4572 necessarium
2229 4516 2508 4585 magisque
2558 4515 2688 4570 utile
2717 4515 2898 4571 visum
2943 4523 3028 4570 est
3057 4514 3123 4569 ad
3157 4518 3387 4586 expedi-

87 4609 582 4678 ἀναγκαιότερον
616 4609 720 4667 καὶ
768 4607 1234 4679 λυσιτελέστερον,
1297 4608 1436 4677 πρὸς
1493 4608 1592 4676 τὴν
1629 4609 1707 4671 είς

1817 4608 2021 4664 tionem
2068 4607 2125 4662 in
2175 4607 2615 4676 Pel0ponnesnm
2667 4606 2941 4675 principio
2985 4606 3134 4662 veris
3165 4618 3387 4680 paratos

86 4701 559 4771 Πελοπόννησον
609 4699 901 4770 στρατείαν
959 4696 1077 4767 ἅμα
1123 4696 1220 4772 ἦρι
1253 4697 1707 4768 παρεσκευασμέ-

1814 4714 1959 4765 esse,
2017 4711 2120 4752 nec
2163 4711 2195 4749 e
2245 4695 2502 4750 manibus
2545 4693 2932 4748 dimittendum
2967 4703 3184 4765 tempus
3218 4694 3386 4750 rebus

85 4809 225 4855 νσυς
261 4790 476 4845 ἰδόκει
535 4785 698 4857 εἶναι,
741 4788 838 4842 καὶ⁹
893 4789 970 4860 μὴ
1002 4789 1291 4859 προΐεσθαι
1347 4792 1441 4841 τὸν
1485 4791 1707 4859 καιρὸν,

1815 4788 2077 4859 prteelare
2131 4785 2392 4857 gerendis
2449 4785 2732 4839 idoneum.
2780 4783 2837 4837 Si
2870 4785 3017 4838 enim
3075 4785 3185 4840 Deo
3222 4785 3412 4846 auxi-,

81 4884 390 4954 πράξεων
448 4881 830 4950 παρεχόμενον
887 4879 1143 4950 μεγάλων
1169 4880 1448 4950 ἀφορμάς.
1485 4879 1549 4933 Εἰ
1602 4881 1707 4950 γὰρ

1814 4883 2004 4943 liante.
2049 4880 2247 4949 inquit,
2301 4878 2739 4948 Peloponnesum
2794 4877 3105 4933 habitantes
3157 4875 3385 4932 Latinos

77 4975 235 5029 Θεοῦ
273 4971 740 5043 συναιρουμένου
763 4971 886 5032 τοὺς
916 4973 1011 5041 τὴν
1046 4969 1449 5039 Πελοπόννησον
1504 4971 1707 5024 οἰκοῦν-

1814 4974 1882 5028 ad
1925 4971 2216 5042 imperium
2266 4969 2702 5038 adiunxerimus,
2749 4967 2912 5020 etiam
2940 4966 3186 5022 Catalani
3240 4968 3386 5022 Atti-

72 5089 189 5134 τας
226 5067 540 5128 Λατίνους
589 5064 798 5132 ἔφασκε
845 5066 1057 5130 γένοιτο
1087 5063 1440 5134 προσλαϐεῖν,
1495 5065 1707 5132 ἀνάγκη

1814 5079 1932 5118 eam
1981 5074 2037 5119 el.
2067 5062 2326 5118 Boeotiam
2367 5061 2688 5122 ineolentcs,
2731 5061 2904 5114 velint
2940 5059 3139 5122 nolint,
3171 5073 3229 5112 se
3281 5073 3384 5111 no-
3412 5079 3432 5134 ί

75 5165 184 5214 καὶ
220 5161 380 5221 τοὺς
419 5156 528 5227 τὴν
575 5155 834 5226 ’Δττικὴν
865 5155 1129 5208 Βοιωτίαν
1155 5154 1436 5216 οίκοῦντας
1464 5153 1707 5208 Κατελά-

1815 5155 1899 5210 his
1941 5155 2158 5209 dcdcnt.
2189 5153 2306 5219 Quo
2352 5151 2514 5214 facto,
2549 5152 2906 5219 Rutnanoque
2930 5150 3234 5220 principatu
3271 5148 3383 5202 Vt-l-

70 5271 242 5318 νους,
282 5250 322 5322 ἢ
363 5248 612 5311 ἑκόντας
641 5248 794 5317 ἡμῖν,
835 5245 869 5317 ἢ
919 5245 1242 5316 βιασθέντας
1293 5245 1707 5316 προσχωρῆσαι.

1816 5258 1876 5302 ut
1909 5249 2038 5302 olim
2096 5264 2124 5299 a
2155 5247 2535 5314 Ροιονοιιιιοδυ
2565 5243 2884 5315 Byzantium
2916 5242 3265 5303 continuato.
3302 5243 3386 5296 in-

71 5348 320 5400 Τούτου
357 5344 430 5396 δὲ
466 5342 864 5412 γεγενημένου,
923 5341 1146 5411 καὶτῆς
1193 5339 1484 5407 Ῥωμαίων
1511 5343 1707 5410 ἡγεμο-

1818 5340 1987 5408 telligi
2023 5347 2224 5407 potest,
2258 5353 2367 5391 non
2391 5337 2508 5390 fore
2537 5349 2831 5404 operosum
2865 5333 3126 5388 Triballis
3151 5334 3386 5403 alisque
3430 5337 3432 5342 ’

67 5443 208 5500 νίας
248 5437 488 5500 ὥσπερ
509 5436 566 5486 ὲν
592 5435 704 5497 τοῖς
734 5433 904 5488 πάλαι
946 5433 1160 5503 χρόνοις
1208 5435 1272 5484 ὲκ
1305 5430 1707 5500 Πελοποννήσου

1821 5432 2339 5499 ciruuujaccntibus
2373 5430 2625 5483 Barbaris
2663 5444 2762 5498 pro
2798 5425 3014 5495 injuriis
3050 5428 3256 5481 tamdiu
3293 5443 3388 5481 no—
3449 5471 3470 5487 .,

76 5535 279 5600 μέχρι
318 5522 647 5586 Βυζαντίου
687 5521 945 5593 συνεχοῦς
1004 5522 1382 5592 γεγενημένης
1413 5523 1589 5588 ἔξεστι
1613 5537 1707 5572 συ-

1823 5524 1906 5578 bis
1935 5539 2062 5577 cum
2095 5535 2240 5576 tzmta
2270 5523 2504 5576 insultent
2528 5539 2556 5575 a
2585 5520 2752 5576 illatis
2782 5521 3018 5590 pretium
3051 5521 3382 5591 persolvere.

62 5623 298 5692 νορᾷν,
335 5617 432 5679 ὠς
468 5615 618 5668 οὐδὲν
645 5615 808 5685 ἔργον
859 5615 960 5684 ήδη
1013 5614 1313 5683 Τριῦαὶούς
1341 5631 1398 5667 τε
1457 5617 1551 5667 καὶ
1585 5614 1707 5677 τοὺς

1815 5617 1897 5670 Ad
1947 5630 2072 5684 spes
2108 5614 2274 5684 igitur
2309 5613 2670 5682 amplissimas
2727 5613 2853 5666 inde
2903 5612 3253 5666 sublucentes
3296 5624 3390 5663 ac-

63 5716 300 5772 ἀλλους
352 5709 692 5776 περιοίκους
719 5706 827 5758 τῶν
857 5706 1150 5776 βαρϐάρων
1197 5707 1293 5774 τῆς
1322 5705 1531 5776 ὕϐρεως
1557 5706 1707 5768 δίκας

1817 5706 2278 5762 counnodaudnm
2339 5714 2422 5757 est
2483 5702 2674 5771 agendi
2727 5701 2992 5765 studium,
3031 5715 3100 5754 ne
3165 5696 3385 5752 occasio

58 5804 417 5865 ἀπαιτεῖν,
478 5795 544 5864 ὗς
603 5797 982 5868 ἐξυϐρίζουσιν
1016 5798 1097 5862 είς
1149 5800 1298 5866 ἡμᾶς
1331 5799 1585 5852 τοσοῦτον
1611 5799 1707 5870 ﬁci]

1815 5799 2089 5854 elabntur.
2151 5798 2266 5863 Qua
2320 5797 2388 5852 dc
2451 5811 2614 5850 causa
2669 5795 2986 5866 Byzinlium
3043 5791 3384 5847 redeundum

1811 3234 2235 3308 populabundus
2313 3234 2667 3299 incursavit,
2750 3245 2862 3289 tum
2938 3236 3383 3293 Tuessalon'enn

1811 3341 1985 3397 pner
2020 3326 2248 3394 vadens,
2309 3325 2377 3380 ad
2422 3326 2601 3380 locum
2641 3328 2737 3402 qui
2787 3325 3132 3382 Cretensium
3184 3327 3388 3382 dicitur

1812 3415 2088 3487 pervenit.
2123 3414 2332 3471 Deinde
2358 3432 2482 3471 cum
2513 3416 2695 3486 praeda
2733 3417 2877 3471 haud
2916 3419 3098 3488 opirna
3131 3435 3387 3474 reversus

1810 3517 1914 3574 est,
1958 3519 2247 3578 propterea
2287 3506 2433 3579 quod
2470 3509 2588 3578 ejus
2622 3509 2860 3564 adventu
2891 3504 3052 3580 prius
3104 3512 3382 3572 nuntiato,

1811 3609 2051 3669 agrestes
2093 3615 2150 3653 se
2203 3615 2331 3654 cum
2380 3615 2581 3671 pecore
2631 3599 2869 3656 urbibus
2894 3602 3246 3672 castellisque
3296 3605 3372 3657 iu-

1812 3695 2110 3748 eluserant.
2145 3691 2356 3758 Quibus
2385 3693 2448 3746 ad
2472 3709 2530 3747 se
2563 3693 2811 3763 perlatis.
2854 3709 3086 3765 magnus
3118 3694 3388 3749 domesti-

1811 3798 1909 3838 cus
1959 3784 2196 3839 concilio
2240 3785 2562 3853 optimatum
2587 3784 2890 3840 et'ducum
2945 3785 3219 3841 exercitus
3249 3802 3386 3840 con-

1812 3885 2027 3942 vocato,
2095 3877 2228 3947 quid
2280 3886 2469 3931 contra
2541 3875 2910 3930 Triballorum
2965 3875 3383 3944 impressionem

1813 3967 2200 4038 inceptandum
2249 3976 2416 4032 esset,
2465 3967 2738 4038 quaesivit.
2784 3967 2949 4037 387
2985 3968 3186 4022 Eorum
3215 3983 3384 4021 unus-

1816 4043 2054 4129 quisque
2132 4057 2486 4124 sententiam,
2537 4073 2704 4128 quam
2768 4059 2982 4127 putavit
3037 4057 3105 4112 ad
3172 4067 3386 4128 tempus

1813 4149 2181 4215 commodam,
2214 4148 2376 4204 dixit.
2406 4147 2511 4204 Sed
2563 4163 2686 4203 cum
2719 4163 2916 4217 magno
2951 4147 3256 4204 domestico
3287 4165 3383 4204 nec
