3880 6570
474 411 580 470 775

1633 399 1871 459 ΙΟᾹΝΝ
1887 401 1954 457 IS
1989 391 2516 456 CANTACUZENI

3607 385 3704 445 776

473 523 647 593 putari
675 522 1017 586 videbantur,
1050 522 1374 591 cogitantes,
1411 519 1531 588 ipso
1559 516 1784 572 conscio
1813 528 1868 570 et
1902 515 2044 568 clam

2155 509 2338 579 έχουσι
2369 508 2466 569 τὰς
2500 503 2748 574 γνώμας,
2791 491 2907 558 ἀλλ’
2939 498 3020 566 οἷς
3053 502 3154 572 μὲν
3197 501 3382 556 εὖνοια
3415 498 3553 568 πρὸς
3582 497 3708 548 insi-

473 617 599 669 tnlia
648 615 905 668 moliente
946 612 1076 667 dici.
1139 610 1454 666 Patriarclta
1501 622 1694 663 eorum
1749 603 2037 660 assertioni

470 703 775 769 adversari,
809 712 864 756 et
897 700 1033 756 nihil
1064 701 1424 758 turbandum.
1480 697 1576 754 sed
1611 697 1676 752 iis
1718 711 1839 765 quae
1871 694 2042 762 impe-

477 794 664 848 ratrici
720 805 776 847 et
828 808 1022 862 magno
1075 792 1379 847 domestico
1447 787 1830 860 placuissent,
1881 785 2044 840 obse-

471 883 748 953 qnendum
779 883 1137 938 contendere.
1182 882 1320 938 Cum
1344 882 1399 936 in
1425 881 1529 936 huc
1551 887 1696 936 esset
1724 888 2044 933 controver-

469 971 575 1034 sia,
614 971 841 1041 ejusque
890 981 1190 1042 conspectu
1235 987 1426 1027 omnes
1476 971 1894 1033 conticuissent,
1921 969 2044 1024 aliis

470 1065 690 1133 quidem
761 1064 914 1118 velut
995 1065 1171 1120 iratus
1229 1063 1366 1120 nillil
1427 1064 1589 1129 dixit,
1674 1063 2041 1133 patriarcbam

472 1166 658 1210 autem
721 1155 1042 1225 increpuit,
1092 1155 1243 1226 quod
1295 1155 1610 1210 hominibus
1660 1155 2047 1226 insipientibus

469 1261 634 1300 aures
648 1247 1072 1307 commodasset.
1093 1256 1148 1300 et
1168 1247 1460 1302 verborum
1480 1262 1602 1301 eum
1626 1247 1762 1315 ipsis
1784 1245 2048 1316 digladia-

476 1338 626 1391 tionc
663 1338 850 1398 turbas
879 1337 1190 1392 excitasset.
1220 1338 1385 1407 390
1411 1337 1645 1392 Proinde
1684 1337 1900 1407 litigare
1927 1351 2047 1392 ces-

475 1435 642 1488 saret,
685 1425 946 1492 postridie
973 1441 1161 1480 secum
1189 1428 1256 1480 de
1279 1427 1376 1480 lite
1404 1435 1646 1489 acturus,
1679 1433 1736 1479 et
1767 1424 1843 1478 ita
1876 1436 2048 1492 usque

473 1517 540 1570 ad
575 1532 777 1588 equum
811 1516 1071 1584 ,deduxit,
1127 1518 1234 1572 hoc
1283 1516 1460 1572 ulliciu
1506 1517 1855 1588 obiurgatum
1911 1512 2050 1568 deli-

452 1606 656 1670 niens.
687 1610 832 1679 quod
871 1607 997 1664 ante
1032 1624 1139 1664 non
1170 1610 1402 1676 solebat,
1451 1609 1548 1665 sed
1582 1608 1636 1663 in
1669 1606 2049 1678 penetralibus

477 1698 662 1766 palatii
695 1698 999 1753 valedicere
1025 1713 1090 1753 ac
1125 1699 1329 1754 reverti
1393 1706 1777 1753 consueverat.
1822 1696 1903 1766 Ad
1939 1699 2048 1750 im-

477 1790 804 1858 peratricem
847 1805 1014 1860 porro
1051 1791 1293 1853 rediens,
1336 1791 1604 1844 tumultus
1653 1803 1874 1845 causam
1925 1803 2050 1842 nar-

478 1857 582 1943 rat,
613 1889 668 1934 et
701 1895 810 1948 quo
842 1857 1002 1950 pacto
1029 1880 1396 1950 patriarcham
1439 1888 1665 1950 propter
1703 1879 2053 1949 intempesti-
2084 1857 2126 1912 Β

477 1986 598 2024 vam
629 1973 1097 2027 concertationem
1129 1971 1597 2040 reprehendisset,
1625 1970 1886 2040 quodque
1915 1969 2052 2025 stul-

479 2070 659 2115 torum
708 2078 989 2117 sermones
1041 2063 1258 2132 ineptos
1313 2062 1653 2128 attendisset,
1703 2071 1759 2118 et
1799 2076 1925 2117 eum
1973 2059 2053 2116 uti

477 2153 700 2207 domum
756 2153 931 2208 abiret
986 2153 1382 2208 admonuisset.
1419 2154 1782 2210 Asseverabat
1827 2153 1956 2208 item
1990 2167 2056 2207 ac

477 2244 652 2299 Deum
686 2253 880 2300 testem
916 2243 1175 2310 faciebat,
1206 2259 1267 2300 se
1297 2245 1506 2300 nullius
1535 2245 1733 2299 horum
1768 2260 1889 2300 esse
1917 2259 2056 2299 con-

477 2335 677 2398 scium,
734 2335 830 2390 sed
883 2336 953 2389 ab
1002 2336 1273 2406 imperitis
1319 2335 1652 2406 quibusdam
1703 2335 1938 2404 superbe
1991 2347 2057 2388 ac

486 2427 686 2482 stolide
713 2442 775 2482 ea
832 2427 1063 2482 moveri.
1113 2427 1284 2492 Quem
1336 2441 1460 2480 cum
1509 2427 1576 2479 de
1629 2425 1807 2479 turbis
1853 2423 2057 2479 sedatis

479 2518 896 2575 commendaret
934 2517 1278 2587 imperatrix,
1341 2514 1446 2570 Sed
1491 2514 1567 2569 illi
1597 2514 1840 2581 quidem,
1876 2513 2057 2583 inquit

483 2623 712 2678 magnus
744 2606 1098 2670 domesticus,
1129 2606 1298 2666 suasi.
1327 2604 1465 2658 nihil
1493 2602 1784 2658 verborum
1807 2603 2056 2668 adderet,

483 2698 825 2766 domumque
875 2695 1209 2760 discederet;
1260 2694 1568 2763 intelligens
1645 2693 1725 2747 sic
1775 2708 1862 2748 me
1905 2693 2056 2747 litem

485 2805 608 2844 mea
648 2788 1003 2860 potissimum
1053 2803 1216 2843 causa
1263 2795 1508 2842 exortam
1559 2785 1714 2840 facile
1758 2785 2062 2854 diremptu-

485 2895 626 2932 rum.
661 2877 738 2932 Te
783 2887 968 2932 autem
1001 2891 1218 2944 moneo,
1254 2885 1313 2931 ut
1335 2913 1338 2926 ›
1361 2875 1672 2946 superbiam
1704 2876 1860 2929 istam
1895 2874 2061 2941 finul-

485 2978 598 3022 tam
632 2983 701 3022 ne
729 2967 1028 3037 relinquas,
1061 2982 1253 3023 verum
1279 2966 1579 3022 accersitos
1607 2973 1833 3036 propter
1859 2965 2061 3034 linguae

485 3062 894 3128 protervitatem
923 3059 1248 3130 objurgites.
1286 3060 1562 3116 Monerem
1585 3061 1752 3114 etiam
1786 3068 1846 3114 ut
1870 3068 1920 3115 te
1956 3057 2059 3112 ad-

487 3151 709 3204 modum
773 3150 882 3206 illis
935 3151 1128 3206 iratam
1181 3152 1518 3218 ostenderes,
1567 3151 1667 3206 nisi
1723 3149 1879 3205 brevi
1925 3148 2056 3202 hinc

487 3241 740 3309 pluribus
769 3255 962 3297 eorum
990 3241 1177 3296 ascitis
1205 3241 1550 3296 discessurus
1582 3255 1784 3294 essem.
1837 3237 2054 3294 idcirco

489 3332 580 3385 ubi
627 3340 891 3402 quantum
938 3335 1072 3387 satis
1103 3341 1189 3385 est
1239 3347 1335 3386 eos
1387 3330 1761 3401 castigat-eris,
1821 3338 2047 3386 causata

489 3421 846 3490 profectionis
879 3435 1011 3475 meae
1049 3413 1457 3486 necessitatem,
1506 3424 1665 3477 venia
1697 3423 1823 3478 illos
1851 3421 2054 3493 imper-

491 3520 612 3565 ttto.
643 3508 884 3578 Augusta
912 3509 1159 3564 monenti
1181 3510 1462 3575 obsecuta,
1480 3512 1630 3566 viros
1654 3511 1774 3566 illos
1801 3511 2054 3579 accersit,

488 3602 766 3656 inscitiam
792 3601 1106 3672 eXprobrat,
1133 3601 1280 3672 quod
1330 3603 1472 3657 inter
1515 3604 1662 3674 leges
1696 3605 1873 3675 regias
1903 3604 2050 3660 edu-

487 3692 619 3756 cati,
649 3700 708 3746 et
741 3691 798 3746 in
840 3691 908 3746 iis
938 3707 970 3746 a
1007 3694 1211 3748 teneris
1239 3695 1466 3763 versati,
1512 3695 1686 3750 nihilo
1711 3703 1888 3750 tamen
1925 3696 2059 3750 Bar¢

489 3783 637 3837 baris
667 3796 792 3852 rege
823 3783 1140 3838 carentibus
1171 3793 1512 3855 praestarent,
1569 3796 1624 3840 ct
1647 3785 1915 3856 quidquid
1945 3786 2055 3842 sibi

488 3873 815 3937 obstitisset,
865 3873 1053 3928 statim
1106 3875 1296 3930 turbas
1335 3891 1399 3931 ac
1450 3877 1742 3932 tumultum
1817 3879 2055 3932 cierent.

491 3961 818 4031 Perpcltdile
863 3964 1036 4027 enim,
1088 3965 1284 4035 inquit.
1315 3981 1426 4036 quo
1457 3981 1603 4021 nunc
1637 3967 1891 4024 amentiae
1917 3982 2050 4038 pro-

488 4053 729 4106 dieritis.
761 4052 1004 4107 Primum
1039 4057 1188 4108 enim
1217 4056 1272 4110 in
1315 4056 1435 4127 ipso
1473 4057 1675 4128 palatio
1709 4057 2060 4128 imperatori-

496 4143 599 4196 bus
646 4152 836 4213 aperte
902 4146 1268 4214 repugnastis.
1318 4146 1521 4202 Deinde
1573 4164 1698 4203 cum
1752 4149 2060 4218 patriarcha

488 4235 765 4288 communi
799 4236 1046 4289 omniunt
1080 4236 1238 4290 Patre
1268 4237 1566 4306 spirituali,
1604 4247 1661 4293 et
1708 4240 1857 4293 omni
1904 4254 2062 4294 reve-

492 4326 666 4378 rentia
701 4326 1046 4395 dignissimo,
1097 4329 1273 4395 magis
1321 4343 1483 4396 quam
1512 4334 1606 4398 qui
1641 4345 1739 4399 per
1768 4345 2058 4400 corporum

491 4415 936 4483 conjunctionem
983 4431 1084 4468 nos
1113 4425 1469 4485 generarunt,
1499 4419 1743 4472 altercati
1772 4421 1922 4474 estis.
1952 4419 2062 4474 Po-

2143 619 2235 654 νον
2260 596 2352 670 ἦν,
2387 597 2756 662 ἰσπουδάζετό
2787 614 2847 649 τε
2881 595 3097 666 ἀληθῶς
3119 594 3326 664 δμοίως
3355 591 3454 645 καί⁵
3480 589 3708 654 ἐλέγετο·

2143 690 2194 744 οἰ
2224 689 2268 744 δ’
2300 688 2638 758 ἐθεράπευον
2663 686 2756 739 τὸν
2789 684 2984 755 καιρὸν
3023 671 3118 738 κάἰ
3159 683 3262 754 τὴν
3293 679 3538 751 μεγάλου
3570 677 3714 746 δαμε-

2145 781 2332 833 στίκου
2381 780 2631 848 δύναμιν.
2684 774 2866 830 Ἦσαν
2927 775 2984 829 δὲ
3032 775 3082 827 οἳ
3140 776 3233 826 καὶ
3283 772 3716 840 δυσχεραίνοντες

2147 871 2284 941 πρὸς
2311 871 2438 933 τοὺς
2469 870 2688 938 λόγους,
2715 867 2815 920 καὶ
2835 867 3008 938 ἡδέως
3039 865 3105 919 ἀν
3131 863 3471 923 κωλύσοντες
3500 861 3554 912 εἰ
3581 857 3716 925 ἐξῆν,

2146 962 2296 1029 ὅμως
2329 961 2435 1014 ὑπὸ
2481 961 2636 1024 δέους
2679 962 2996 1030 συμφωνεῖν
3041 957 3266 1010 ἐδόκουν
3297 956 3416 1016 τοῖς
3454 949 3675 1009 πολλοῖς
3701 985 3717 1010 ε

2145 1054 2386 1122 οἰόμενοι
2415 1053 2627 1106 ἐκείνου
2675 1051 2977 1112 συνειδότος
3006 1049 3100 1102 καὶ
3130 1046 3354 1116 ἀφανῶς
3403 1045 3474 1098 τὰ
3500 1040 3721 1094 τοιαῦτα

2151 1144 2580 1209 συσκευάζοντος
2629 1144 2911 1214 εἰρῆσθαι.
2970 1141 3030 1195 Ὀ
3064 1140 3423 1210 πατριάρχης
3469 1136 3540 1188 δι’
3583 1137 3721 1190 ἀντι·

2147 1237 2450 1292 καθίστατο
2480 1237 2619 1308 πρὸς
2645 1237 2772 1297 τοὺς
2796 1234 3013 1303 λόγους,
3043 1233 3139 1286 καὶ
3169 1232 3243 1302 μὴ
3269 1231 3383 1284 δεῖν
3408 1229 3604 1294 ελεγεν
3640 1226 3725 1276 αὑ-

2149 1331 2278 1390 τοὺς
2304 1330 2561 1392 ἀτάκτως
2605 1328 2882 1398 θορυϐεῖν,
2913 1325 3048 1379 ἀλλά
3088 1321 3382 1378 πείθεσθαι
3417 1322 3536 1380 τοῖς
3585 1318 3727 1386 βασι-

2149 1421 2254 1475 λίδι
2323 1422 2418 1475 καὶ
2472 1419 2696 1491 μεγάλῳ
2754 1417 3061 1487 δομεστίκῳ
3140 1410 3564 1482 ἐγνωσμένοις.
3639 1408 3722 1458 Ἐν

2151 1513 2363 1575 τούτοις
2386 1513 2443 1566 δὲ
2473 1513 2576 1581 τῆς
2608 1510 2785 1581 (ptio:
2817 1509 3046 1569 ἰκείνοις
3071 1504 3262 1575 οὔσης,
3293 1502 3726 1565 iustis-timeto

2154 1603 2447 1674 φανέντος,
2479 1603 2595 1665 τοῖς
2623 1602 2720 1672 μὲν
2750 1600 2934 1663 ἄλλοις
2961 1598 3154 1670 ὥσπερ
3175 1595 3543 1667 ὀργιζόμενος
3582 1593 3728 1646 οὐδὲν

2153 1695 2390 1764 εἰρήκει,
2422 1693 2772 1763 πατρίαρχην
2799 1691 2858 1745 δὲ
2889 1691 3193 1760 ἐμέμφετο,
3236 1687 3324 1740 δτι
3351 1686 3607 1756 ἀνοήτων
3642 1685 3726 1736 αν

2155 1785 2396 1856 θρώπων
2433 1783 2720 1853 προσέχων
2745 1783 2926 1849 λόγοις
2955 1782 3158 1850 ἔστηκε
3193 1777 3334 1848 πρὸς
3357 1776 3562 1838 αὐτοὺς
3587 1775 3727 1840 λογι-

2158 1875 2350 1946 μαχῶν
2399 1875 2497 1929 xai
2539 1873 2773 1945 θόρυϐον
2821 1873 3024 1927 κινῶν.
3071 1868 3436 1924 Συνεϐούλευέ
3483 1884 3548 1920 τε
3594 1867 3728 1919 om:

2152 1966 2431 2020 ἀπελθεῖν·
2501 1965 2598 2020 καὶ
2665 1963 2833 2034 μηδὲν
2884 1961 3020 2033 πρὸς
3075 1960 3327 2022 ἐκείνους
3373 1957 3728 2026 διαφέρεσθαι

2154 2059 2273 2122 νῦν,
2303 2058 2379 2121 ὡς
2411 2059 2469 2120 ἐς
2499 2058 2602 2126 τὴν
2633 2057 2932 2125 ὑστεραίαν
2963 2055 3078 2124 ἆμα
3103 2051 3254 2122 αὐτῷ
3283 2052 3415 2121 περὶ
3445 2050 3559 2102 τῶν
3589 2051 3730 2118 εἰρη-

2158 2151 2335 2221 μένων
2364 2147 2714 2218 ποιησομένῳ
2737 2145 2915 2212 λόγον·
2948 2143 3275 2215 προέπεμπε
3305 2158 3365 2194 τε
3402 2139 3535 2211 ἄχρι
3565 2139 3726 2191 ἵππου

2155 2240 2478 2310 θεραπεύων
2503 2238 2591 2293 διά
2619 2239 2718 2304 τὴν
2733 2237 2870 2308 πρὸς
2897 2235 3060 2290 αὐτὸν
3087 2232 3467 2304 γεγενημένην
3503 2226 3727 2301 μέμψιν,

2155 2334 2310 2387 οὔπω
2337 2333 2604 2403 πρότερον
2634 2332 2794 2384 τοῦτο
2820 2329 3209 2400 εἰργασμένος,
3244 2324 3364 2380 ἀλλ’
3411 2325 3473 2376 έν
3501 2326 3616 2387 τοῖς
3643 2322 3728 2393 βει-

2160 2424 2386 2484 σιλείοις
2419 2425 2590 2486 οἴκοις
2618 2421 3068 2489 συνταττόμενος,
3103 2416 3474 2485 ἀναστρέφειν
3503 2414 3727 2475 εἰωθώς.

2155 2517 2249 2580 Εἰς
2283 2514 2532 2587 βασιλίδα
2559 2514 2617 2568 δὲ
2644 2513 2802 2576 αὖθις
2851 2513 2880 2567 ό
2914 2512 3089 2582 μέγας
3133 2497 3472 2578 δςμέστικος
3505 2504 3728 2562 επανελ-

2157 2603 2287 2671 θὼν,
2324 2605 2424 2673 τὴν
2457 2603 2642 2656 αἰτίαν
2665 2601 2760 2654 τοῦ
2789 2600 3022 2672 θορύϐου
3051 2599 3297 2670 διηγεῖτο
3317 2614 3335 2631 ο
3381 2598 3534 2660 ὅπως
3558 2613 3618 2649 τε
3644 2596 3731 2649 αὺ-

2156 2700 2246 2759 τὸς
2268 2695 2365 2763 τῆς
2383 2694 2618 2765 ἀκαίρου
2644 2692 2983 2762 φιλονεικίας
3010 2691 3374 2762 μεμψάμενος
3397 2689 3727 2758 πατριάρχῃ,

2158 2788 2238 2842 δτι
2269 2789 2517 2856 ἀνοήτων
2549 2784 2857 2855 ἀνθρώπων
2884 2783 3153 2854 προσχοίη
3191 2782 3377 2850 λόγοις
3419 2781 3609 2849 ἔχουσι
3634 2797 3731 2848 μη-

2157 2879 2249 2933 δὲν
2282 2878 2457 2946 ὑγιὲς,
2489 2878 2881 2946 παραινέσειεν
2926 2875 3112 2928 οἴκαδε
3161 2873 3493 2943 ἀναχωρεῖν.
3526 2874 3730 2940 Amr.—

2161 2968 2343 3041 ρίζετό
2371 2986 2432 3022 τε
2476 2969 2568 3021 καί
2603 2963 2767 3030 αὐτὸς
2809 2965 3330 3036 ἐπιμαρτυρόμενος
3360 2963 3520 3029 Θεὸν,
3549 2963 3622 3024 ὡς
3643 2962 3728 3016 οὗ·

2159 3060 2250 3114 δὲν
2275 3060 2382 3112 τῶν
2404 3058 2718 3128 λεγομένων
2751 3056 3046 3125 συνειδείη,
3077 3055 3193 3109 ἀλλ’
3237 3053 3345 3106 ὑπό
3377 3070 3543 3106 τινων
3566 3053 3725 3105 ἀπαι-

2160 3151 2363 3206 δεύτων
2390 3151 2484 3204 ὑπ’
2506 3149 2795 3212 αὐθαδείας
2822 3150 3064 3218 ἀνοήτως
3080 3146 3354 3216 κινηθείη.
3373 3144 3723 3212 Ἑπαινούαης

2159 3241 2218 3297 δὲ
2261 3243 2360 3311 τῆς
2412 3241 2686 3312 βασιλίδος
2721 3243 2813 3294 έπὶ
2843 3239 2921 3310 τῷ
2964 3239 3054 3294 τδν
3085 3238 3316 3310 θόρυϐον
3360 3235 3724 3294 καταστεῖλαι,

2168 3332 2308 3387 Ἀλλ’
2335 3332 2526 3402 ἐκείνῳ
2561 3334 2684 3404 μὲν,
2716 3333 2744 3386 ό
2779 3332 2952 3403 μέγας
2972 3330 3292 3402 δομέστικος
3316 3328 3447 3399 ἔφη,
3479 3325 3724 3381 συνεϐοὸ·

2155 3426 2322 3479 λευσα
2365 3425 2533 3496 μηδὲν
2577 3423 2868 3496 προσθέντι
2914 3419 3053 3486 τοῖς
3085 3421 3405 3492 εἰρημένοις
3451 3418 3721 3474 ἀπελθεῖν·

2157 3516 2302 3572 οὕτω
2345 3516 2576 3571 συνιδὼν
2615 3517 2813 3588 ῥᾳδίως
2845 3515 3120 3570 διαλύσειν
3145 3514 3244 3586 τὴν
3265 3514 3603 3585 φιλονεικίαν
3635 3512 3727 3582 μά-

2156 3607 2318 3662 λιστα
2357 3610 2485 3678 περὶ
2519 3608 2654 3679 ἐμοῦ
2693 3607 3089 3678 γεγενημένην.
3128 3607 3220 3660 Σοὶ
3280 3607 3338 3659 δὲ
3385 3607 3464 3678 μὴ
3502 3607 3602 3673 τὴν
3634 3605 3724 3658 αὖε

2158 3700 2379 3754 θάδειαν
2407 3700 2758 3770 ἀτιμώρητον
2791 3697 3045 3769 παραινῶ
3072 3697 3364 3769 περιϊδεῖν,
3394 3697 3535 3752 ἀλλά
3556 3697 3721 3764 λόγοις

2160 3790 2392 3844 κολάσαι
2431 3789 2957 3860 προσκαλεσαμένην
2981 3790 3079 3858 τῆς
3109 3788 3365 3858 γλώσσης
3404 3789 3508 3858 τῆς
3537 3788 3720 3841 ἀκολιο

2160 3865 2289 3944 σίας.
2320 3881 2504 3935 ἕνεκα.
2545 3880 2838 3954 Παρῄνεσα
2871 3881 2917 3936 δ’
2954 3880 3022 3936 ἂν
3053 3882 3145 3934 καὶ
3184 3882 3470 3934 ἰπιπλεῐον
3497 3881 3720 3947 [adsita-

2159 3973 2283 4027 σθαι
2320 3975 2420 4044 τὴν
2467 3975 2639 4046 ὀργὴν
2696 3975 2796 4046 τὴν
2846 3974 2984 4044 πρὸς
3032 3973 3268 4038 αὐτοὺς,
3303 3975 3355 4028 εἰ
3417 3977 3497 4045 μὴ
3527 3975 3718 4043 ταχέως

2158 4066 2386 4136 [μελλον
2417 4067 2633 4119 ἐνθένδε
2667 4065 3092 4133 ἀπελεύσεσθαι,
3130 4068 3260 4131 τοὺς
3297 4066 3526 4131 πλείους
3558 4066 3719 4120 αὐτῶν

2161 4157 2529 4230 παραλαϐών.
2566 4159 2657 4211 Διὸ
2697 4158 2837 4228 μετὰ
2891 4159 2952 4212 τὸ
2991 4158 3342 4228 καθάψασθαι
3385 4159 3716 4230 ἀρκούντως.

2160 4249 2449 4322 παράσχου
2508 4251 2877 4322 συγγνώμην,
2925 4252 3228 4322 αἰτιωμένη
3274 4255 3376 4322 τῆς
3426 4250 3718 4320 ὁδοιπορίας

2161 4341 2261 4413 τὴν
2283 4343 2549 4412 ἀνάγκην.
2595 4334 2664 4414 Ὦ
2693 4342 2982 4396 πεισθεῖσα
3037 4345 3132 4396 καὶ
3157 4345 3191 4414 ὴ
3225 4342 3444 4412 βασιλὶς
3495 4345 3618 4406 τοὺς
3641 4341 3719 4394 άν-

2161 4433 2296 4505 δρας
2349 4450 2408 4486 τε
2460 4434 2874 4504 προσεκαλεῖτο,
2927 4435 3023 4488 καὶ
3069 4434 3347 4498 ὠνείδιζεν
3408 4435 3592 4496 αὐτοῖς
3635 4435 3718 4496 τήν

491 4516 700 4558 Stremo
728 4503 894 4559 etiam
927 4521 1026 4574 pro
1053 4521 1248 4576 magno
1279 4505 1580 4562 domestico
1611 4508 1863 4564 videlicet
1892 4511 2054 4565 verba

2163 4503 2555 4589 ἀπαιδευσίαν,
2598 4523 2680 4576 ὅτι
2723 4522 2990 4592 βασιλέων
3041 4523 3478 4594 ἐντεθραμμένοι
3527 4525 3711 4593 νόμοις,

495 4595 741 4661 fecistis;
782 4597 928 4666 quod
961 4595 1026 4649 ad
1051 4611 1151 4651 vus
1186 4597 1405 4662 attinet,
1445 4598 1705 4656 docentes
1729 4616 1854 4656 eum
1884 4613 2054 4658 vestra

2163 4614 2254 4666 καί
2288 4612 2534 4675 συνόντες
2581 4614 2646 4666 ὲκ
2675 4613 2890 4681 παιδὸς,
2941 4614 3095 4668 οὐδὲν
3137 4617 3364 4685 άμεινον
3397 4616 3509 4668 τῶν
3541 4616 3717 4671 ἀϐασι-

499 4685 750 4757 Ind-gere
785 4703 908 4756 ope,
942 4687 989 4742 si
1019 4705 1126 4757 qua
1175 4689 1254 4744 illi
1303 4705 1361 4745 re
1404 4706 1434 4746 a
1478 4692 1634 4748 nobis
1662 4709 1799 4765 Opus
1825 4695 1916 4750 sit.
1950 4696 2064 4751 lloc

491 4788 677 4833 autem
727 4778 1190 4836 absurdissimum
1233 4797 1378 4846 esse,
1427 4798 1534 4838 non
1561 4785 1705 4848 aliis,
1765 4787 1858 4840 sed
1909 4787 2062 4842 vobis

495 4867 630 4936 ipsis
662 4867 944 4937 iudicibus
975 4869 1210 4923 utamini
1241 4870 1388 4927 licet.
1419 4872 1536 4927 Non
1567 4876 1714 4929 enim
1744 4877 1904 4931 modo
1926 4878 2063 4931 dun-

494 4968 664 5018 taxat.
717 4961 936 5030 quando
972 4961 1038 5014 ad
1091 4975 1216 5015 eum
1268 4975 1480 5018 summa
1512 4979 1693 5041 rerpm
1745 4968 2062 5036 procuratio

491 5050 749 5119 devoluta
773 5060 879 5115 est,
913 5052 1008 5105 sed
1039 5061 1095 5106 et
1127 5053 1248 5106 vivo
1273 5055 1600 5124 imperatore
1630 5057 1785 5112 vobis
1807 5059 2063 5112 omnibus

495 5141 586 5194 hic
632 5153 882 5212 prmerat,
915 5143 969 5195 in
1002 5145 1201 5212 quibus
1231 5146 1616 5217 imperatorem
1656 5151 2049 5220 requirebatis,

494 5242 740 5286 vestrum
767 5244 957 5287 contra
985 5235 1065 5289 illi
1109 5253 1288 5293 nemo.
1327 5239 1504 5306 Quare
1538 5257 1660 5295 cum
1695 5261 1723 5295 e
1751 5246 2061 5312 pra-teritis,

493 5334 606 5377 tum
657 5340 690 5378 e
745 5328 1104 5394 prasentibus
1158 5330 1518 5387 discere.vos
1556 5336 1867 5401 oportebat,
1903 5337 2058 5391 illum

495 5421 678 5465 vestro
734 5417 1042 5482 patrocinio
1093 5435 1202 5475 non
1255 5437 1438 5491 egere.
1472 5422 1590 5476 Non
1632 5423 1779 5476 enim
1811 5425 1916 5490 est,
1951 5441 2058 5482 non

491 5513 595 5563 est.
626 5504 870 5574 inquant,
911 5511 1058 5579 quod
1112 5513 1228 5575 ille,
1265 5513 1312 5567 si
1347 5514 1496 5577 velit,
1532 5530 1640 5568 non
1687 5516 1768 5570 vel
1812 5519 1939 5583 sibi,
1975 5520 2059 5574 vel

493 5595 614 5649 aliis
641 5601 936 5654 curaverit.
976 5603 1130 5668 Quod
1163 5605 1323 5674 391
1359 5621 1482 5660 cum
1519 5608 1590 5661 ita
1625 5609 1716 5674 sit,
1744 5617 1800 5663 et
1847 5609 2060 5665 latean-

495 5696 584 5738 tur
617 5703 808 5745 omnes
844 5709 946 5748 nec
983 5711 1080 5749 vos
1116 5704 1322 5750 temere
1367 5699 1685 5752 tumultuari
1741 5703 2060 5772 tnrbarique

493 5780 874 5857 conveniebat,
911 5792 1076 5854 atque
1114 5785 1240 5840 ideo
1279 5801 1386 5841 non
1433 5789 1681 5858 gratiam,
1712 5791 1804 5846 sed
1836 5807 2056 5861 ptenam

2159 4703 2364 4757 λεύτων
2395 4703 2671 4758 διάκεισθε
2715 4705 3030 4778 βαρϐάρων,
3067 4707 3175 4760 πᾶν
3203 4706 3262 4759 τὸ
3297 4709 3718 4778 προσιστάμενον

2162 4796 2290 4865 ὑμῖν
2325 4796 2577 4860 ἀτάκτως
2627 4797 3008 4868 θορυϐοῦντες.
3046 4799 3307 4852 Σκοπεῖτε
3360 4801 3471 4871 γάρ
3500 4802 3580 4863 εἰς
3610 4801 3720 4853 ὅσον

2163 4889 2342 4951 ἁνοῖας
2370 4888 2607 4958 ἠλάσατε
2635 4891 2771 4944 νυνί.
2799 4891 3020 4962 Πρῶτον
3077 4893 3176 4962 μὲν
3206 4893 3316 4964 γάρ
3349 4896 3410 4946 έν
3448 4892 3720 4962 βασιλείοις

2163 4981 2412 5050 φανερῶς
2456 4981 2738 5035 ἀντείπετε
2789 4982 3094 5051 βασιλεῦσι.
3128 4986 3394 5056 Δεύτερον
3432 4986 3476 5039 δ⁴
3523 4986 3607 5037 ὅτι
3629 5001 3719 5035 πα-

2163 5073 2401 5143 τριάρχῃ
2434 5072 2752 5144 διηνέχθητε
2782 5077 2948 5144 κοινῷ
2979 5076 3196 5130 πάντων
3222 5076 3339 5130 ὄντι
3371 5079 3543 5147 πατρί
3572 5092 3718 5128 πνευο

2165 5166 2399 5228 ματικίνέι,
2439 5166 2532 5214 καὶ
2583 5166 2820 5232 μάλιστα
2872 5165 3072 5237 πολλῆς
3102 5167 3286 5230 αἰδοῦς
3321 5168 3481 5240 ἀξίῳ,
3531 5171 3623 5222 καί
3649 5184 3713 5217 τις

2165 5251 2272 5321 μῆς
2292 5253 2469 5322 πολλῷ
2489 5255 2699 5326 πλέονῆ
2725 5259 2775 5309 οἰ
2797 5260 3072 5330 σαρκικῶ;
3097 5261 3516 5329 γεγεννηκότες.
3543 5259 3716 5328 Τρίτον

2161 5339 2205 5391 δ’
2238 5340 2322 5391 ὅτι
2373 5342 2470 5396 καὶ
2527 5345 2671 5413 ὑπὲρ
2709 5346 2950 5415 μεγάλου
2981 5347 3308 5414 δομεστίκου
3350 5347 3512 5417 δῆθεν
3544 5345 3714 5413 ἰπνιήο

2135 5469 2137 5473 ι
2164 5432 2330 5486 σασθε
2361 5436 2484 5496 τοὺς
2518 5434 2732 5503 λόγους,
2762 5437 2822 5490 τό
2851 5455 2912 5507 γε
2945 5440 3021 5501 εἰς
3047 5439 3190 5508 ὑμᾶς
3215 5433 3352 5510 ἧκον
3381 5437 3713 5493 ἀποδεικνύν-

2161 5541 2251 5586 τες
2299 5525 2389 5577 διά
2437 5529 2678 5590 τούτων,
2731 5529 2828 5598 τῆς
2879 5531 3010 5599 παρ’
3063 5531 3218 5600 ὑμῶν
3263 5531 3427 5586 αὑτὸν
3480 5533 3709 5600 δεόμενον

2163 5617 2487 5685 ἐπικουρίας
2521 5621 2599 5682 εἰς
2634 5621 2695 5672 τδ
2718 5625 2906 5692 τυχεῖν
2937 5623 2989 5674 εί
3020 5640 3165 5686 τινος
3191 5624 3364 5676 δίοιτο
3389 5625 3518 5693 παρ’
3547 5624 3703 5693 ἡμῶν.

2165 5708 2336 5760 Τοῦτο
2358 5710 2403 5762 δ’
2429 5712 2507 5763 ὅτι
2537 5711 2646 5762 τῶν
2665 5714 3170 5785 ἀτοπωτάτων,ὀὖχ
3199 5718 3426 5787 ἑτέροις,
3455 5717 3563 5768 ἀλλ’
3595 5717 3705 5780 ὑμῖν

2141 5797 2348 5886 ,αὐτοῖς
2383 5802 2657 5870 χρήσασθε
2702 5802 3026 5873 διαιτηταῖς·
3061 5806 3121 5856 οὐ
3171 5806 3278 5876 γὰρ
3313 5807 3406 5860 νῦν
3452 5808 3603 5875 prd-mu
3627 5808 3698 5856 ὅτε
