3880 6570
263 482 366 548 785

1422 459 1967 546 ntsrontAnm-t
2012 485 2241 548 manu
2284 485 2394 548 ut.

262 589 726 655 συνεσκευακότας
777 591 877 660 τὴν
928 590 1224 661 ἐπιϐουλήν
1251 605 1265 620 θ
1328 592 1712 646 συνεϐούλευόν
1763 611 1822 648 τε

1941 597 2136 648 amoris
2171 592 2481 660 indicium._
2511 591 2668 660 Quod
2725 601 2912 648 autem
2941 589 3015 645 illi
3045 589 3385 657 suaderent,
3413 592 3512 647 ho'

259 684 388 755 πρὸς
417 684 643 755 βασιλέα
676 684 1004 754 συγκρούειν
1031 685 1250 756 ἀκείνην
1279 684 1370 738 τὸν
1400 686 1515 738 υίὸν
1547 685 1832 768 ιρθάσαντα

256 777 349 848 τὴν
377 775 604 846 ἔφοδον,
639 777 734 831 καὶ
773 777 954 845 λόγοις
994 775 1398 846 πεπλασμένοις
1432 775 1530 846 τὴν
1564 775 1834 847 βασιλέως

258 867 816 938 ἑκταράττεινψυχὴν
839 908 856 934 ,
891 865 961 921 ἶν’
986 866 1172 938 ἐκείνη
1215 866 1383 938 μηδὲν
1417 866 1604 921 ἀνύειν
1716 867 1827 920 τῶν

260 959 692 1031 βεϐουλευμένων
715 961 936 1032 δυνατή.
952 961 1012 1015 ’0
1034 961 1079 1014 δ’
1100 959 1465 1030 ἀπεπέμψατο
1484 960 1618 1032 πρὸς
1638 961 1830 1032 ὀργῆν,

255 1050 326 1113 ὡς
349 1052 500 1105 οὐδὲν
523 1052 746 1122 ἄμεινον
770 1052 1041 1122 πολεμίων
1064 1052 1203 1121 πρὸς
1224 1051 1388 1107 αὐτὸν
1408 1051 1817 1120 διακειμένους,

261 1144 349 1196 καὶ
376 1144 550 1198 ταῦτα
570 1143 742 1213 φίλων
765 1145 1186 1216 περικειμένους
1213 1145 1556 1216 προσωπεῖον
1580 1161 1594 1174 ο
1621 1145 1684 1197 οὐ
1711 1143 1823 1214 γάρ

1937 684 2102 739 minis
2168 699 2292 740 esse
2361 684 2728 739 inimicissimi
2792 683 3156 754 moribusque
3248 683 3512 753 perditis-

1931 778 2093 844 simi,
2149 787 2206 834 et
2243 777 2446 832 nullius
2496 775 2688 848 frugis.
2745 775 2816 830 Se
2886 791 2995 830 non
3059 779 3362 847 potentiam
3416 777 3518 831 im-

1932 870 2202 940 peratoris
2273 877 2619 928 reverentem
2682 851 2922 923 amicum
2967 867 3201 938 .tingere
3239 909 3254 934 ,
3317 868 3415 922 sed
3481 883 3514 922 a

1934 963 2108 1032 prima
2151 971 2310 1019 atate
2357 977 2531 1033 usque
2575 962 2634 1017 in
2697 961 2837 1015 hanc
2899 961 3045 1015 diem
3102 976 3297 1016 verum
3371 973 3507 1015 con.-
3601 951 3603 953 ’

1911 1064 2280 1128 stantemque
2325 1055 2562 1109 amicum
2613 1067 2735 1106 csse
2782 1046 3151 1129 deliberasse,
3205 1051 3508 1121 divinoque

1933 1145 2202 1203 beneflcio
2244 1161 2462 1215 semper
2513 1145 2654 1200 fore.
2707 1145 2919 1200 Insidiae
2972 1143 3140 1213 igitur
3175 1151 3368 1198 contra
3414 1143 3513 1196 do-

3406 483 3602 556 786‘

257 1235 402 1306 αὐτῷ
433 1241 732 1309 προσήκειν
767 1238 834 1291 τα
865 1237 1092 1291 τοιαῦτα
1113 1275 1129 1301 ,
1162 1237 1300 1291 ἀλλά
1334 1237 1648 1294 τούναντίον
1680 1239 1822 1302 πᾶν,

1941 1236 2228 1290 Inesticum
2267 1234 2348 1290 sic
2378 1232 2674 1305 proﬂigata:
2704 1241 2854 1288 sunt.
3157 1294 3161 1296 _

259 1326 308 1378 εί
327 1344 408 1389 τις
438 1327 570 1396 πρὸς
597 1330 812 1399 μητέρα
837 1327 1050 1396 βασιλεῖ
1086 1326 1368 1382 συνέϐαινε
1401 1327 1640 1396 διαφορά
1677 1327 1860 1382 πάντα
1905 1328 2093 1380 πονεῖν
2143 1327 2240 1380 καὶ
2272 1325 2802 1395 πραγματεύεσθαι,
2853 1325 2916 1390 ἐξ
2953 1320 3027 1380 ῶν
3059 1326 3127 1380 ἀν
3175 1326 3516 1380 διαλλάττειν

258 1410 320 1484 ἦν
339 1434 354 1449 ο
383 1417 540 1472 τοῦτο
565 1420 676 1489 γάρ
705 1418 990 1488 γνώρισμα
1017 1421 1200 1489 φιλίας
1240 1416 1495 1490 ἀληθοῦς.
1521 1422 1588 1474 ’Δ
1614 1420 1671 1476 δὲ
1703 1422 1906 1478 ἐκεῖνοι
1960 1418 2424 1490 συμϐουλεύουσιν
2444 1457 2460 1482 ,
2531 1419 2856 1489 ἐχθροτάτου
2879 1459 2894 1483 ,
2931 1421 3026 1472 καὶ
3079 1423 3207 1482 τοὺς
3271 1420 3518 1488 τρόπους

257 1509 690 1582 διεφθαρμένου,
748 1513 974 1567 καὶτοῦ
1014 1513 1241 1585 μηδενὸς
1273 1513 1450 1578 ἀξίου.
1501 1514 1678 1576 Αὐτὸς
1729 1514 1786 1567 δὲ
1823 1514 1884 1566 οὐ
1924 1514 2025 1584 τὴν
2069 1512 2340 1584 βασιλέως
2367 1528 2374 1533 ·
2403 1511 2727 1584 θεραπεύων
2779 1512 3034 1581 δύναμιν,
3093 1530 3184 1566 τον
3245 1513 3520 1582 φιλοῦντα

258 1605 682 1675 ὑποκρίνεσθαι⁶
717 1608 834 1664 ἀλλ’
891 1610 956 1662 ὲκ
1023 1608 1246 1680 πρώτης
1297 1607 1514 1680 ἡλικίας
1554 1608 1686 1678 ἀχρι
1734 1608 1828 1662 νῦν
1870 1609 1993 1679 Θεῷ
2027 1610 2082 1662 δὲ
2123 1610 2350 1682 θαρρεῖν
2415 1609 2492 1671 ὡς
2531 1609 2625 1662 καὶ
2663 1610 2830 1679 μέχρι
2870 1609 3102 1670 παντὸς.
3177 1609 3383 1679 ἀληθὴς
3425 1627 3520 1679 και

262 1699 472 1770 βέϐαιος
510 1695 652 1756 εἶναι
690 1703 846 1772 φίλος
889 1701 1101 1775 βασιλεῖ
1135 1703 1547 1781 προῃρημένος.
1612 1703 1677 1757 Ἦ
1721 1702 1822 1773 μὲν
1855 1700 1952 1756 οὐν
1989 1703 2138 1758 κατά
2174 1703 2269 1760 τοῦ
2315 1702 2555 1773 μεγάλου
2599 1703 2923 1774 δομεστίκου
2963 1701 3164 1772 ἐνέδρα
3199 1700 3388 1754 τοῦτο)
3429 1701 3520 1753 τὸν

260 1795 458 1866 τρόπον
493 1795 737 1866 διελύθη.

1692 1931 1918 1992 CAPUT
1939 1934 2071 2023 ριν.
2535 1925 2595 1968 ⁸

263 2047 649 2128 ,Οὺςζεειαιονεε
672 2054 1094 2128 etinimicisein
1123 2058 1358 2128 gratiam
1395 2065 1660 2112 conantur
1689 2047 1934 2111 reducere
1976 2059 2164 2110 timore
2210 2057 2361 2116 mali.
2416 2057 2760 2128 Apocauchus
2821 2058 3084 2127 pracipue
3115 2059 3166 2110 in
3200 2075 3258 2111 eo
3289 2058 3519 2111 laborat.

331 2120 562 2198 Litteras
594 2124 792 2187 scribit,
828 2125 1036 2198 merita‘
1057 2120 1193 2180 in'sc
1225 2127 1400 2182 locata
1433 2136 1746 2192 enumerat;
1779 2141 1834 2180 se
1865 2144 1963 2196 pro
1994 2128 2208 2198 ingrato
2249 2120 2502 2192 accusat;
2533 2126 2745 2198 ueniant
2797 2120 2951 2190 orat;
2981 2120 3193 2198 gratam
3231 2139 3279 2179 ct
3325 2128 3517 2180 bonum

328 2193 501 2267 uirum
531 2193 643 2261 fore
672 2195 948 2267 promittit.
1003 2195 1327 2252 Domesticus
1360 2201 1628 2266 ingratum
1654 2193 1892 2252 animum
1913 2199 1962 2251 ei
2007 2193 2313 2267 eiprob'rat,
2335 2198 2483 2250 venia
2507 2196 2689 2251 donat.
2709 2193 3213 2267 Quonaodo'pwpter
3236 2198 3346 2263 ﬁsci
3378 2209 3516 2262 pm:-

333 2261 590 2330 fccturom
636 2261 982 2320 tumultuatus
1017 2268 1084 2320 sit
1117 2267 1255 2322 idem
1280 2261 1635 2336 Apocauclms,
1661 2284 1810 2338 quem
1851 2261 2166 2337 imperatria:
2194 2277 2249 2320 ut
2277 2267 2626 2333 conﬁdentem
2647 2281 2710 2319 ac
2739 2261 3022 2336 superbum
3041 2261 3215 2321 serere
3236 2261 3514 2337 ‘objurgat,

332 2400 397 2452 Οί
449 2405 912 2468 συνεσκευακότες
954 2404 1013 2458 δὲ
1060 2405 1297 2475 δρῶντες
1345 2407 1445 2477 ἤδη
1495 2373 1686 2477 ἐκείνῷ
1735 2405 1836 2476 μὲν

2009 2405 2340 2478 Repertores
2385 2405 2518 2489 doli,
2557 2399 2811 2481 videntes
2864 2393 2999 2456 nihil
3050 2403 3101 2457 el
3129 2402 3364 2457 artibus
3403 2399 3520 2454 suis

264 2492 418 2546 οὐδὲν
452 2494 624 2548 δεινὸν
657 2498 720 2549 ἐκ
753 2496 853 2566 τῆς
887 2498 1180 2570 ἐπιϐουλῆς
1213 2499 1584 2568 γεγενημένον
1606 2539 1622 2562 ,
1656 2501 1834 2554 αὐτῶν

263 2584 319 2636 δὲ
351 2584 449 2656 τὴν
478 2585 782 2658 μοχθηρίαν
813 2590 1195 2662 ἐγνωσμένην,
1229 2595 1324 2645 καὶ
1359 2592 1638 2655 δείσαντες
1676 2594 1750 2662 μή
1783 2611 1836 2648 τι

263 2675 350 2730 διά
380 2677 556 2732 ταῦτα
589 2681 886 2735 πείσωνται
919 2683 1120 2748 δεινὸν,
1150 2684 1205 2736 οἵ
1232 2701 1292 2738 τε
1329 2685 1476 2738 ἀλλοι
1515 2687 1737 2756 τρόποις
1768 2687 1836 2758 δή

264 2785 407 2822 τισιν
432 2770 640 2841 ἑτέροις
663 2774 962 2843 ἐπειρῶντο
984 2774 1074 2828 τὸν
1101 2776 1274 2846 μέγαν
1296 2777 1617 2846 δομέστικον
1641 2780 1840 2834 καταλ-

267 2860 478 2914 λάττειν
519 2863 763 2929 ἑαυτοῖς,
827 2867 1006 2920 καίτοι
1050 2869 1188 2940 πρὸς
1233 2870 1448 2940 ἄμυναν
1506 2871 1840 2940 ὡρμημένον

265 2951 516 3035 οὐδαμῶς
533 2969 551 2987 ο
573 2957 670 3010 καὶ
694 2955 722 3008 ὁ
747 2957 1240 3035 παρακοιμώμενος
1263 2963 1363 3032 τῆν
1385 2979 1443 3014 τε
1470 2965 1599 3034 πρὶν
1622 2964 1838 3030 ἀδοξίαν

268 3031 482 3109 ἀννοῶν,
510 3045 604 3098 καὶ
627 3046 726 3117 τὴν
753 3047 847 3101 νῦν
873 3031 950 3109 si;
978 3049 1044 3120 ἣν
1069 3031 1326 3120 ἐληλάκει
1346 3031 1588 3120 εὐδοξίαν
1612 3055 1677 3109 δι’
1700 3056 1842 3109 ἑκεί-

267 3152 392 3202 νου,
422 3137 518 3190 καὶ
549 3139 622 3204 ὡς
653 3141 816 3204 αὐτὸς
843 3141 995 3195 οὐδὲν
1023 3142 1303 3216 εὐγνωμον
1331 3147 1437 3200 οὐδ’
1463 3149 1702 3212 ἐπιεικὲς
1729 3151 1836 3204 διε-

267 3227 457 3300 νοήθη,
489 3230 603 3284 ἀλλ’
626 3233 728 3303 ἤδη
759 3233 1013 3303 καθαρῶς
1043 3237 1150 3289 τῶν
1177 3237 1623 3317 δυσμενεστάτων
1652 3242 1841 3316 ἐξελή-

269 3319 494 3387 λεγκται
526 3321 638 3390 ῶν,
670 3327 765 3379 καὶ
796 3325 981 3391 δείσας
1019 3329 1095 3399 μὴ
1127 3330 1204 3394 είς
1238 3329 1336 3399 τὴν
1374 3334 1640 3403 προτέραν
1671 3334 1842 3406 τύχην

189 3426 195 3432 '
271 3409 364 3464 ὐπ’
386 3411 596 3468 ἐκείνου
623 3414 966 3486 ὠργισμένου
996 3422 1259 3490 καταστῇ,
1286 3421 1556 3490 ἐσκέψατο
1585 3424 1660 3495 μὴ
1689 3427 1844 3498 μεσίο

268 3517 391 3566 ⁴ταις
435 3505 740 3575 χρήσασθαι
784 3509 922 3578 πρὸς
967 3511 1174 3566 ἐκεῖνον
1215 3512 1312 3566 καὶ
1353 3513 1723 3582 διαλλακτατς,
1767 3518 1846 3583 ὡς

269 3591 427 3658 ὀλίγα
473 3593 507 3664 ἢ
559 3594 710 3649 οὐδὲν
752 3597 1162 3670 δυνησομένοις,
1206 3603 1322 3658 ἀλλ’
1345 3605 1504 3670 αὐτὸς
1551 3608 1618 3662 δι’
1645 3611 1844 3666 ἑαυτοῦ

271 3685 674 3754 παραιτεῖσθαι,
707 3687 1032 3762 ἀντίρροπον
1063 3693 1160 3762 τῆς
1193 3699 1533 3768 πανουργίας
1566 3699 1840 3766 ὲπιδειξάο

274 3793 436 3846 μενος
463 3776 558 3848 τὴν
589 3781 910 3851 μεταϐολήν.
941 3785 1052 3838 Καὶ
1076 3762 1386 3856 γράμμασι
1405 3762 1502 3852 τὰς
1532 3791 1668 3860 πρὸς
1697 3762 1845 3846 ἐκεῖ·
1870 3762 1937 3816 θ’

271 3885 364 3922 νον
392 3869 629 3942 έξαρχῆς
657 3873 818 3939 εὐθὺς
847 3877 1169 3946 εὐεργεσίας
1195 3878 1292 3932 τοῦ
1325 3881 1560 3951 μεγάλου
1591 3883 1846 3956 δομεστί-

272 3976 396 4024 κου,
459 3957 578 4016 εἶτα
625 3965 720 4019 καὶ
765 3968 832 4019 τά
881 3967 978 4021 νῦν
1024 3969 1318 4038 ἐκθέμενος
1370 3979 1852 4046 συνεσκευασμένα

273 4053 399 4105 κατ’
420 4053 610 4120 αὐτοῦ,
636 4060 729 4114 καὶ
756 4059 1060 4129 κατήγορος
1085 4063 1369 4134 γινόμενος
1394 4066 1611 4132 ἑαυτοῦ,
1637 4071 1848 4134 καὶτὰς

272 4145 508 4213 εσχάτας
539 4148 814 4216 ὁμολογῶν
844 4151 1080 4220 ὀφείλειν
1110 4153 1266 4218 δίκας
1287 4194 1301 4217 ,
1332 4155 1525 4210 ἔπειτα
1558 4159 1727 4216 ἐδεῖτο
1756 4179 1848 4213 τυ-

274 4238 392 4306 χεῖν
423 4237 770 4311 συγγνώμης,
806 4243 855 4294 εἰ
889 4243 963 4313 μὴ
994 4245 1260 4314 πρότερον
1291 4245 1428 4301 ἀλλά
1457 4249 1552 4304 νύν
1587 4250 1716 4318 γοῦν
1746 4252 1846 4304 ὲπο

274 4328 672 4398 αγγελλόμενος
711 4331 860 4395 ἄξιος
900 4334 1186 4400 φανεῖσθαι
1219 4337 1319 4407 τῆς
1359 4337 1718 4408 εὐεργεσίαςο
1757 4343 1851 4396 καὶ

272 4421 367 4477 τδν
411 4421 588 4475 πάντα
633 4423 822 4492 χρόνον
867 4425 1216 4497 διατηρήσειν
1257 4430 1454 4489 ἑαυτὸν
1495 4432 1596 4486 οὐκ
1638 4434 1850 4502 εὐγνώ-

277 4529 414 4581 μονα
445 4514 604 4584 μόνον
629 4515 848 4573 καὶτῶν
873 4516 1200 4588 εὐεργεσιῶν
1226 4522 1335 4575 τῶν
1358 4524 1441 4587 είς
1494 4527 1702 4580 ἐκεῖνον
1749 4544 1848 4596 με-

278 4607 578 4674 μνημένον,
622 4606 758 4661 ἀλλά
798 4609 893 4661 καὶ
933 4611 1084 4682 πάσῃ
1124 4614 1400 4685 προθυμίᾳ
1421 4616 1516 4670 καὶ
1556 4619 1760 4690 σπουδῇ
1781 4619 1850 4673 τά

274 4698 731 4769 προστεταγμένα
759 4699 1014 4754 ποιοῦντα
1043 4702 1135 4755 ὐπ’
1162 4705 1399 4770 ἐκείνου,
1448 4707 1545 4761 καὶ
1578 4711 1724 4778 σαφῆ
1756 4710 1856 4766 καὶ

273 4788 523 4857 καθαρὰν
551 4789 991 4868 ἐπιδεικνύμενον
1019 4791 1118 4861 τὴν
1143 4793 1454 4850 εὐπείθειαν
1482 4798 1546 4850 ιν.
1569 4799 1725 4855 πᾶσι.
1754 4801 1852 4863 Πί-

275 4897 427 4944 στεις
450 4881 506 4935 δὲ
531 4884 826 4954 παρείχετο
851 4884 946 4938 επὶ
967 4886 1079 4948 τοῖς
1102 4884 1422 4956 λεγομένοις
1445 4889 1728 4958 ἀσφαλεῖς,
1751 4893 1852 4963 οὐχ

1936 2498 2187 2553 evenisse
2217 2497 2365 2574 mali,
2399 2512 2662 2566 suamque
2712 2495 3116 2565 improbitatem
3165 2491 3516 2563 patefactam,

1936 2601 1992 2646 et
2025 2589 2404 2652 formidantes,
2433 2605 2500 2644 ne
2526 2589 2654 2659 quid
2679 2598 2940 2658 prmterea
2969 2587 3144 2642 dirius
3173 2595 3516 2656 paterentur,

1936 2697 2062 2737 cum
2093 2681 2185 2736 alii
2217 2681 2394 2736 modis
2425 2681 2548 2735 aliis
2580 2681 2724 2750 apud
2768 2695 3021 2749 magnum
3061 2678 3426 2754 domesticum
3461 2693 3520 2730 se

1937 2773 1994 2828 in
2031 2773 2263 2844 gratiam
2294 2772 2585 2826 restituere
2617 2771 2940 2825 laborabant
2963 2774 3300 2840 (quanquam
3334 2767 3401 2821 de
3435 2777 3516 2820 ta-

1940 2867 2084 2921 lione
2135 2875 2192 2921 et
2236 2864 2478 2920 vindicta
2529 2879 2628 2918 nec
2683 2861 2953 2924 tantillum
3017 2853 3360 2929 sollicitum),
3398 2871 3512 2912 tum

1939 2959 2232 3028 przefectus
2258 2958 2398 3012 sacri
2431 2955 2669 3010 cubiculi
2695 2964 2752 3008 et
2782 2952 3074 3024 pristinam
3106 2953 3431 3013 utilitatem,
3464 2960 3520 3004 et

1941 3061 2268 3121 praesentem
2326 3049 2628 3105 claritatem
2677 3061 2856 3108 suam.
2914 3044 2981 3102 ad
3017 3059 3180 3116 quant
3233 3059 3328 3112 per
3365 3043 3516 3095 illum

1939 3152 2087 3198 esset
2111 3151 2358 3206 evectus,
2389 3155 2577 3196 secum
2629 3148 2910 3208 reputans,
2942 3145 2997 3191 et
3023 3151 3087 3190 se
3121 3135 3259 3189 nihil
3297 3148 3516 3203 aequum

1941 3249 2006 3289 ac
2032 3233 2264 3304 probum
2298 3235 2350 3289 in
2373 3249 2500 3290 eum
2527 3232 2815 3303 cogitasse.
2846 3231 2940 3285 sed
2963 3230 3076 3300 jam
3115 3224 3522 3282 malevolentis-

1940 3327 2144 3380 simum
2177 3326 2616 3397 deprehensum;
2652 3325 2960 3391 timensque
2997 3337 3065 3376 ne
3096 3321 3164 3375 ab
3199 3337 3266 3375 eo
3306 3318 3520 3372 infenso

1943 3418 2011 3472 ad
2041 3419 2282 3488 priorem
2310 3418 2474 3489 396
2499 3418 2872 3482 conditionem
2900 3415 3268 3485 redigeretur,
3303 3427 3409 3464 non
3443 3411 3521 3463 uti

1945 3511 2336 3581 interpretibus
2374 3520 2469 3564 aut
2498 3509 3032 3570 reconciliatoribus,
3066 3507 3159 3576 qui
3187 3520 3382 3575 parum
3426 3512 3525 3557 aut

1944 3603 2084 3656 nihil
2112 3602 2360 3659 effecturi
2395 3612 2600 3668 essent,
2635 3601 2730 3657 sed
2764 3616 2862 3670 per
2898 3601 3138 3668 seipsum
3162 3598 3374 3652 veniam
3415 3599 3520 3648 im-

1946 3703 2165 3766 petrare
2199 3693 2506 3759 constituit,
2542 3709 2610 3748 ex
2648 3693 2900 3762 improbo
2935 3707 2993 3746 se
3021 3693 3132 3762 jam
3167 3691 3328 3744 bonae
3375 3689 3518 3758 frugi

1950 3787 2151 3840 factum
2199 3785 2627 3839 demonstrando
2662 3783 2938 3838 videlicet.
2967 3783 3156 3851 Itaque
3208 3777 3412 3836 litteris
3452 3783 3522 3834 ab

1946 3877 2107 3932 initio
2138 3876 2320 3930 statim
2344 3876 2462 3944 ejus
2487 3876 2540 3932 in
2573 3890 2632 3930 se
2659 3873 2856 3934 ollicia.
2891 3888 3017 3927 suas
3049 3873 3288 3928 vicissim
3314 3873 3367 3924 in
3391 3886 3518 3925 eum

1945 3967 2229 4021 machinas
2279 3975 2548 4030 recenset,
2589 3973 2644 4017 et
2680 3973 2851 4019 semet
2880 3978 3144 4022 accusmis
3197 3963 3519 4031 ultimisque

1945 4059 2171 4130 dignum
2201 4057 2486 4128 suppliciis
2511 4073 2616 4110 non
2640 4055 2914 4116 inficians.
2941 4066 3001 4109 ut
3023 4057 3354 4125 ignoscatur,
3379 4065 3521 4120 orat,

1949 4151 2273 4223 promittens
2310 4149 2395 4203 vel
2447 4164 2591 4202 nunc
2641 4157 2961 4203 curaturum
2994 4163 3138 4213 sese,
3179 4162 3246 4201 ne
3279 4145 3384 4202 hoc
3429 4147 3527 4214 be-

1947 4242 2146 4299 neﬁcio
2181 4241 2354 4297 venia:
2390 4241 2654 4312 indignus
2685 4240 2853 4302 fuisse
2889 4241 3180 4295 videatur:
3211 4248 3266 4294 et
3313 4239 3369 4292 in
3405 4255 3529 4309 per-

1947 4347 2174 4407 petuum
2208 4350 2317 4390 non
2355 4335 2518 4389 modo
2566 4334 2745 4389 virum
2785 4335 3012 4394 bonum,
3064 4341 3529 4400 acceptorumque

1949 4427 2345 4482 beneficiorum
2394 4441 2693 4482 memorem
2750 4427 3017 4490 futurum,
3049 4423 3149 4479 sed
3194 4424 3360 4482 etiam
3405 4423 3528 4492 ejus

1949 4520 2267 4576 auctoritati
2302 4519 2708 4576 studiosissime
2737 4519 3150 4580 obsecuturum,
3176 4524 3232 4572 et
3251 4515 3527 4573 indubita-

1949 4618 2074 4664 tam.
2115 4611 2493 4680 integramque
2524 4610 2580 4665 in
2615 4609 2874 4665 omnibus
2908 4608 3278 4664 obedientiam
3315 4608 3528 4677 praesti-

1953 4708 2158 4757 turum.
2201 4699 2279 4758 Ad
2316 4699 2721 4754 corroboranda
2772 4707 2955 4753 autem
2987 4714 3110 4768 qua:
3138 4699 3378 4760 dicebat,
3414 4715 3522 4752 non

1951 4793 2058 4847 alia
2089 4791 2546 4867 modoterribilia
2590 4801 2654 4847 et
2677 4793 2870 4848 auditu
2905 4794 3188 4852 tremenda
3211 4795 3524 4864 juramenta
3560 4841 3568 4850 .

1950 4885 2240 4952 aﬂ‘erebat,
2310 4885 2404 4940 sed
2431 4886 2609 4958 ipsum
2642 4900 2861 4954 quoque
2892 4887 3036 4955 quod
3061 4886 3225 4946 hodie
3254 4903 3354 4956 pro
3375 4903 3528 4942 com-

275 4972 502 5041 ἑτέρους
542 4973 704 5042 μόνον
737 4973 1029 5044 φρικώδεις
1061 4976 1259 5045 ὅρκους
1291 4979 1386 5031 καὶ
1419 4977 1649 5033 ἀκούσαι
1686 4982 1841 5050 φοϐε‹

1953 4977 2111 5032 muni
2140 4977 2423 5035 hominum
2471 4975 2646 5034 salute
2701 4975 3065 5041 sacrificatur,
3119 4976 3525 5037 Sanctissimum

276 5061 433 5132 ρούς.
477 5062 615 5118 ἀλλά
655 5065 770 5120 καί
794 5064 925 5119 αὐτὸ
955 5066 1016 5120 τὸ
1061 5066 1156 5120 νῦν
1199 5066 1342 5136 ὑπὲρ
1381 5067 1478 5138 τῆς
1521 5071 1704 5138 κοινῆς
1745 5071 1841 5124 τῶν

1960 5065 2270 5122 Servatoris
2317 5065 2446 5121 Jesu
2479 5079 2702 5136 corpus,
2731 5074 2786 5120 et
2824 5081 2943 5135 quae
2991 5081 3089 5137 pro
3123 5066 3284 5128 nobis
3332 5084 3528 5136 passus

275 5153 588 5222 ἀνθρώπων
622 5159 900 5228 σωτηρίας
936 5159 1392 5230 ίερουργούμενον
1426 5160 1728 5226 ἁγιώτατον
1760 5162 1841 5216 τοῐ

1959 5159 2136 5221 estis,
2165 5158 2220 5212 in
2252 5173 2415 5229 quem
2447 5173 2554 5219 non
2594 5159 2739 5215 cadit
2789 5159 3188 5227 perpessio,,et_
3215 5161 3524 5218 triduanum
3619 5157 3627 5164 ’

277 5243 535 5314 Σωτῆρος
587 5245 763 5315 ’ίησού
799 5248 980 5318 σῶμα,
995 5249 1088 5304 καὶ
1116 5252 1182 5304 τὰ
1219 5249 1360 5318 ὑπὲρ
1393 5249 1552 5320 ἡμῶν
1583 5250 1732 5319 πάθη
1761 5250 1841 5306 τοὶ

1961 5249 2322 5318 sepulturam,
2355 5260 2412 5303 et
2445 5250 2500 5303 in
2527 5249 2694 5331 vitam
2731 5250 2991 5315 reditum,
3021 5268 3142 5321 qua:
3195 5262 3305 5306 uta
3339 5253 3529 5308 Salva-
3572 5269 3577 5278 λ

275 5336 562 5402 ἀπαθοῦς,
593 5339 690 5393 καὶ
722 5341 820 5410 τὴν
850 5343 1148 5412 τριήμερον
1181 5344 1396 5414 ταφὴν,
1429 5345 1524 5397 καὶ
1551 5343 1745 5414 τῆνἐκ
1772 5360 1841 5396 νει

1962 5348 2080 5394 tore
2100 5353 2199 5408 pro
2216 5339 2532 5400 hominibus
2561 5338 2616 5392 in
2644 5352 2770 5392 eum
2799 5339 3367 5400 contumeliosissimis
3391 5342 3529 5395 facta

278 5429 432 5502 κρῶν
459 5432 774 5500 ἀνάστασιν,
800 5430 836 5486 ἀ
867 5433 1104 5488 ἱκέτευεν
1131 5435 1446 5489 αίδεσθέντα
1476 5436 1551 5499 ὠς
1583 5435 1724 5505 ὑπὲρ
1749 5435 1841 5490 τῶι

1958 5440 2016 5487 et
2044 5430 2271 5486 tolerata
2315 5439 2679 5494 revereretur,
2712 5429 2926 5498 sibique
2971 5430 3280 5483 condonato
3309 5429 3530 5493 sceleris

275 5523 366 5584 εἰς
398 5522 561 5576 αὐτὸν
597 5524 769 5578 πολλὰ
800 5524 1163 5595 έξυϐρικότων
1197 5527 1501 5596 ἀνθρώπων
1534 5528 1614 5599 τῷ
1637 5527 1841 5598 Σωτῆρι

1964 5523 2050 5579 sui
2099 5521 2369 5592 supplicio
2449 5520 2664 5577 veniam
2745 5520 3074 5589 impertiret,
3159 5521 3524 5590 supplicabat.

276 5613 682 5683 εἰργασμένων,
725 5615 1056 5688 συγγνώμην
1095 5619 1189 5671 καὶ
1234 5618 1398 5672 αὐτὸν
1441 5620 1634 5691 ἐκείνῳ
1677 5636 1841 5690 παραι

1962 5615 2172 5672 Deinde
2205 5615 2338 5669 hora
2370 5622 2608 5684 captata,
2647 5628 2753 5682 qua
2796 5615 3084 5684 mysticum
3112 5615 3442 5669 sacriﬁcium
3472 5615 3527 5668 in

278 5705 530 5774 σχέσθαι,
565 5711 660 5764 καὶ
699 5709 774 5781 μὴ
815 5710 913 5779 τῆς
951 5709 1345 5782 ἀγνωμοσύνης
1384 5711 1538 5775 δίκας
1577 5712 1841 5769 ἀπαιτεῖν.

1962 5706 2174 5770 aedibus
2217 5706 2400 5777 magni
2461 5704 2749 5760 domestici
2803 5691 3180 5777 perageretur,
3235 5703 3386 5758 venit
3414 5703 3531 5772 ipse

281 5799 522 5853 Ἔπειτα
555 5802 743 5871 καιρὸν
773 5803 1015 5870 φυλάξας
1049 5805 1106 5854 ἐν
1133 5795 1179 5870 ᾧ
1205 5803 1304 5870 τῆς
1340 5805 1608 5873 μυστικῆς
1647 5804 1841 5875 ίερουρ⁴

1963 5817 2204 5874 quoque,
2239 5810 2294 5855 et
2344 5800 2400 5854 in
2441 5799 2560 5870 ipso
2603 5798 2946 5868 potissimum
2993 5797 3250 5862 articulo,
3283 5810 3405 5850 cum
3449 5795 3529 5849 di-

275 5893 768 5965 1Ea;,ulouptvqc
794 5898 851 5949 ἐν
876 5895 968 5950 τοῦ
999 5897 1237 5967 μεγάλου
1265 5898 1393 5968 δομε
1405 5897 1586 5952 στίκου
1612 5878 1678 5970 τῇ
1705 5898 1841 5970 οίκίσ

1965 5896 2078 5952 vini
2115 5910 2180 5948 ac
2213 5892 2412 5948 vivifici
2483 5900 2540 5947 ct
2592 5890 2860 5948 salutiferi
2894 5889 3054 5946 Verbi
3109 5902 3307 5958 corpus
3349 5884 3526 5953 adest,
3569 5925 3584 5935 μ
