3880 6586
470 369 590 433 815

1649 363 1973 428 JOANNIS
2012 354 2539 425 CANTACUZENI
2996 303 3003 309 i
3100 320 3106 325 ’
3632 344 3726 413 ει

484 483 1184 555 ἱπιρεηιοτειηηνοιυηιιιιε
1218 480 1452 553 praefati,
1489 497 1548 539 se
1583 497 1745 539 nosse
1776 482 2057 544 dicebant,

2162 480 2448 551 λεχθέντες
2495 477 2587 531 τδν
2642 475 2781 543 υίδν,
2814 473 3010 529 ἔπειτα
3046 472 3261 542 ἔφασαν
3303 468 3401 522 τὸν
3444 464 3619 538 μέγαν
3658 465 3731 517 δο·

470 587 742 646 magnum
790 572 1155 629 domesticum
1208 572 1313 629 sibi
1356 572 1519 647 5,13
1569 574 1869 645 imperium
1914 588 2062 629 asse-

482 680 627 732 rere,
688 675 745 722 et
791 664 946 721 brevi
999 666 1234 738 cegitata
1284 668 1680 738 perfecturum.
1732 666 1885 734 Quod
1937 680 2060 722 cum

485 757 926 830 indignissimum
946 762 1212 824 statuant,
1233 757 1508 829 judicasse
1532 758 1758 813 minime
1779 757 2058 828 tegendas,

484 852 579 908 sed
619 852 673 907 in
705 861 954 922 apertum
983 850 1341 921 proferendas
1382 849 1629 916 insidias,
1658 859 1718 904 ut
1750 866 1808 905 re
1838 863 2061 919 perspe-

402 947 411 961 '
487 951 597 1008 eta,
645 942 797 999 etde
845 958 903 998 se
940 943 1055 1014 ipsa
1120 957 1175 999 et
1216 923 1303 999 ἅιῖ
1338 940 1530 997 liberis
1577 941 1722 1011 quod
1762 956 1900 1010 opus
1931 940 2059 1003 erit.

486 1034 770 1091 decernat.
806 1033 924 1089 Non
977 1033 1125 1092 enim
1176 1047 1263 1088 res
1302 1048 1499 1103 parvas
1530 1032 1585 1086 in
1636 1032 1929 1086 discrimen
1962 1046 2059 1085 vo-

486 1123 624 1188 cari,
675 1123 768 1177 sed
826 1122 880 1177 id
945 1125 1055 1193 agi,
1109 1131 1291 1178 utrum
1342 1138 1465 1177 cum
1521 1121 1787 1193 dignitate
1850 1120 2056 1185 vivant,

486 1223 701 1269 retento
732 1214 986 1285 imperio,
1018 1214 1163 1285 quod
1204 1216 1328 1287 jure
1369 1225 1594 1285 paterno
1622 1214 1839 1268 illorum
1859 1212 1950 1277 sit,
1990 1227 2057 1265 an

488 1318 613 1355 cum
639 1303 909 1360 dedecore
950 1305 1222 1359 intereant
1285 1306 1403 1375 ejus
1454 1304 1687 1369 insidiis,
1724 1302 1818 1373 qui
1848 1317 2059 1358 summa

485 1409 669 1450 rerum
707 1395 1165 1458 administranda,
1203 1404 1407 1449 tantam
1434 1395 1541 1448 sibi
1579 1394 1878 1464 potentiam
1912 1407 2061 1448 com-

484 1487 712 1557 pararit.
768 1488 1117 1558 lmperatrix,
1156 1488 1469 1556 suspicione
1529 1486 1816 1542 veritatem
1886 1484 2061 1563 ipsam

484 1578 786 1648 attingens,
841 1594 951 1632 non
984 1578 1151 1633 modo
1200 1577 1603 1649 querimoniam
1635 1592 1742 1632 non
1784 1575 2059 1646 probavit.

483 1671 578 1726 sed
623 1685 744 1725 eam
780 1680 1047 1741 prmterea
1088 1674 1203 1727 visa
1237 1679 1321 1726 est
1367 1670 1595 1725 moleste
1644 1668 1813 1736 ferre,
1848 1684 2058 1738 eosque

479 1761 792 1825 admonuit,
831 1767 892 1816 ut
923 1762 1010 1817 his
1057 1760 1545 1816 criminationibus
1588 1760 2055 1829 supersedercnt:

482 1853 751 1923 quidquid
780 1854 926 1909 enim
965 1853 1033 1909 de
1058 1868 1255 1924 magno
1285 1852 1590 1909 domestico
1619 1851 1856 1917 dicatur,
1886 1851 2058 1921 ipsam
2094 1830 2133 1885 Β

480 1940 555 1995 ab
583 1958 647 1997 eo
681 1943 913 1998 distrahi
964 1959 1026 1998 ac
1054 1943 1323 1999 dissidere
1351 1958 1457 1996 non
1484 1956 1664 2011 posse,
1695 1959 1816 2012 quze
1846 1956 1974 1996 vera
2003 1950 2060 1995 et

482 2046 881 2100 consentanea,
912 2051 1021 2090 non
1052 2035 1429 2091 eommentitia
1452 2035 1518 2090 de
1550 2035 1643 2090 illo
1669 2035 1826 2102 plane
1849 2034 2058 2089 credat.

493 2125 786 2197 Postquam
841 2128 897 2182 hi
944 2127 1194 2184 frustrati
1243 2136 1611 2194 recesserunt,
1661 2127 1890 2182 Artotus
1933 2142 2059 2182 cum

482 2230 656 2274 matre
699 2219 979 2285 mittitur,
1028 2220 1122 2290 qui
1161 2219 1356 2276 eadem
1408 2227 1718 2286 narrantes,
1762 2231 2058 2291 antequam

479 2311 848 2378 absolverent,
896 2327 1019 2367 cum
1071 2312 1180 2367 bile
1232 2320 1288 2368 et
1336 2315 1619 2383 stomacho
1666 2314 1850 2384 rijecti
1908 2322 2058 2368 sunt.

480 2399 754 2455 Postridie
807 2399 1096 2456 Chumnus
1128 2417 1252 2455 cum
1304 2401 1416 2455 (ilio
1455 2411 1511 2457 et
1559 2419 1763 2472 genero
1807 2402 2057 2458 Manuele

476 2490 864 2546 Cantacuzeno
916 2492 1076 2557 duce,
1122 2505 1183 2548 et
1232 2491 1434 2548 Gabala
1490 2495 1722 2556 accedit,
1756 2495 1917 2564 quasi
1963 2494 2056 2564 qui

398 2585 408 2589 ’
481 2584 763 2638 recentius
814 2585 1098 2653 quidpiam
1156 2584 1493 2638 rescierint:
1536 2584 1803 2653 explicate
1851 2600 2059 2639 memo-

480 2681 628 2739 rant,
672 2687 780 2727 noa
814 2671 1201 2737 desidendum,
1243 2670 1337 2725 sed
1383 2670 1451 2725 ad
1482 2671 1592 2724 vim
1630 2671 2056 2739 propulsandam

480 2765 918 2836 exsurgendum,
947 2781 1007 2820 se
1036 2765 1269 2835 pecunia
1300 2774 1356 2819 et
1384 2765 1552 2819 armis
1579 2764 1786 2819 bellum
1818 2764 2056 2820 foturos.

478 2858 614 2915 Nam
646 2874 767 2913 eum
794 2858 1233 2935 benevolentiam
1281 2858 1554 2928 [idemque
1592 2858 1906 2926 imperatori
1930 2856 2057 2913 inde

478 2967 508 3007 a
544 2954 777 3023 pueritia
822 2952 1166 3015 navaverint,
1203 2961 1309 3006 tam
1340 2950 1721 3006 incredibilem
1766 2950 2056 3005 audaciam

479 3047 623 3101 l'crre
666 3046 923 3116 nequire,
954 3045 1227 3114 malleque
1273 3049 1443 3099 etiam
1486 3043 1702 3098 animas
1732 3058 1860 3097 suas
1889 3041 2058 3113 proji-

2165 574 2425 645 μέσεικον
2455 570 2652 624 εἰδέναι
2679 570 2781 640 τὴν
2807 566 3090 640 βασιλείαν
3134 563 3318 634 ἑαυτῷ
3351 557 3731 630 περιποιούμεο

2162 684 2274 728 νον.
2307 666 2401 718 καὶ⁵
2429 665 2554 717 ὅσον
2598 661 2815 715 οὐδέπω
2855 659 2957 730 τὴν
2996 658 3244 712 ἐπίνοιαν
3268 657 3353 719 εἰς
3386 654 3559 723 ἔργον
3601 650 3733 714 ἀγεεν

2165 755 2589 828 βεϐουλημένον.
2632 753 2850 824 Ὅσπερ
2904 753 3089 814 αὐτοῖς
3114 753 3206 801 ’τε
3253 747 3399 815 ἀγαν
3446 744 3601 809 εδοξε
3646 744 3739 793 τέν

2161 847 2505 913 δεινοτάτων,
2535 845 2634 900 καὶ
2663 842 2776 900 δεῖν
2829 846 2903 916 μὴ
2940 841 3380 909 συγκαλύπτειν.
3414 835 3560 891 ἀλλά
3588 836 3737 903 δήλη-ι

2162 940 2259 1011 τὴν
2313 940 2612 1010 ἐπιϐουλὴν
2663 940 2861 1003 ποιεῖν,
2920 936 2988 990 ἶν’
3042 935 3371 1003 αἰσθομένη,
3432 934 3507 984 τά
3563 931 3737 983 δέοντα

2166 1032 2295 1102 περί
2344 1050 2401 1086 τε
2437 1032 2638 1102 ἑαυτῆς
2689 1029 3050 1102 βουλεύσηται
3106 1030 3201 1082 καὶ
3248 1027 3485 1080 τέκνων.
3521 1024 3599 1076 Οὐ
3649 1025 3742 1092 γὰρ

2167 1130 2296 1200 περὶ
2330 1127 2545 1199 μικρῶν
2578 1143 2742 1181 τινων
2771 1122 2914 1180 εἶναι
2954 1126 3047 1179 τὸν
3094 1124 3342 1177 κίνδυνον
3388 1121 3607 1179 αὐτοῖς,
3636 1116 3741 1201 ἀλλ’

2165 1218 2278 1272 εἶτε
2320 1216 2421 1289 ζῇν
2458 1216 2641 1281 καλῶς
2666 1217 2766 1287 τῆς
2800 1218 2867 1270 ἐκ
2914 1212 3173 1285 πατρῴου
3207 1212 3417 1282 κλήρου
3447 1209 3746 1278 προσηκού-

2166 1329 2266 1383 σης
2319 1309 2615 1381 ἐχομένους
2666 1309 2970 1381 βασιλείας,
3018 1309 3052 1378 ἢ
3108 1305 3493 1375 ἀποθνήσκειν
3546 1300 3748 1359 ἀκλεῶς

2163 1401 2654 1465 ὲπιϐουλευθέντας
2693 1396 2789 1454 ὑπ’
2825 1400 3039 1454 ἐκείνου
3086 1397 3322 1467 δύναμιν
3366 1394 3647 1460 τοσαύτην
3691 1394 3747 1443 ἐκ

2160 1494 2255 1549 τοῦ
2284 1495 2392 1547 τῶν
2428 1496 2776 1565 πραγμάτων
2806 1492 2997 1564 ἀρχειν
3022 1490 3395 1560 κεκτημένου.
3432 1486 3666 1547 Βατιλὶς
3695 1485 3746 1536 δὲ

2162 1586 2548 1641 ὑποπτεύουσα
2602 1587 2738 1656 ὅπερ
2772 1581 2862 1655 ἦν,
2893 1585 2953 1638 ού
3023 1583 3185 1655 μόνον
3236 1582 3337 1635 οὐκ
3395 1579 3637 1648 ἐπῄνεσε
3686 1578 3749 1630 τά

2160 1679 2452 1751 εἰρημένα,
2505 1675 2625 1732 ἀλλ’
2677 1679 2841 1749 ὲῴκει
2903 1677 2997 1729 καὶ
3048 1675 3328 1746 ἀχθομένη
3390 1672 3485 1726 διὰ
3553 1670 3741 1725 ταῦτα.

2163 1771 2395 1843 παρῄνει
2434 1788 2495 1824 τε
2528 1770 2717 1832 αὐτοῖς
2751 1768 3052 1839 ἀπέχεσθαι
3094 1769 3204 1826 τῶν
3233 1763 3649 1834 συκοφαντιῶν,
3677 1764 3747 1825 ὡς

2162 1862 2374 1927 οὐδενὸς
2399 1861 2479 1915 ὅσ⁹
2519 1861 2588 1915 ἄν
2614 1877 2699 1925 τις
2734 1861 2878 1914 εἴποι
2932 1859 3220 1914 διάστασιν
3268 1860 3413 1928 αὐτῇ
3443 1856 3745 1926 δυναμένου

2164 1954 2302 2026 πρὸς
2360 1955 2452 2008 τὸν
2509 1953 2685 2024 μέγαν
2750 1951 3082 2023 δομέστικον
3156 1950 3503 2020 ὲμποιῆσαν
3568 1945 3746 2015 uagi»;

2163 2045 2519 2116 πεπεισμένη»
2558 2044 2771 2115 τάληθῆ
2828 2043 2924 2098 καὶ
2966 2036 3351 2112 προσήκοντα,
3379 2039 3517 2109 περὶ
3560 2036 3743 2091 αὐτοῦ.

2165 2134 2324 2188 Ἐπεὶ
2340 2134 2395 2187 δὲ
2427 2133 2702 2203 ἄπρακτοι
2730 2134 2929 2187 ἐκεῖνοι
2950 2131 3249 2200 ἐπανῆκον,
3269 2130 3326 2182 Ἀ
3336 2128 3548 2200 ρτῶτος
3584 2140 3745 2197 προσ.

2161 2226 2443 2296 επέμπετο
2516 2223 2635 2295 ἅμα
2691 2225 2759 2294 τῇ
2823 2222 2991 2294 μητρί
3040 2237 3059 2254 ο
3115 2221 3187 2274 τὰ
3241 2222 3333 2275 ἰσα
3389 2219 3447 2271 δὲ
3506 2220 3745 2272 κάκεῖνοι

2160 2316 2622 2384 ἀπαγγείλαντες,
2674 2314 3122 2385 ἀπεπέμφθησαν
3179 2314 3319 2383 πρὸς
3374 2312 3595 2383 ὀργὴν,
3630 2310 3743 2364 οὔθ

2160 2408 2315 2472 ὅλους
2358 2407 2592 2461 ἀκοῦσαι
2637 2408 2744 2476 τῆς
2789 2406 3064 2477 βασιλίδος
3112 2405 3240 2468 τοὺς
3271 2405 3473 2472 λόγους
3515 2405 3744 2471 ἀνασχο-

2164 2501 2353 2571 μένης.
2388 2499 2479 2563 Εἰς
2506 2500 2605 2568 τὴν
2633 2499 2930 2569 ὑστεραίαν
2961 2497 3017 2551 δδ
3043 2499 3071 2550 δ
3101 2495 3359 2568 Χοῦμνος
3392 2494 3515 2564 ἅμα
3548 2496 3656 2548 υίεί
3682 2510 3738 2546 τε

2160 2591 2255 2643 καὶ
2303 2590 2538 2661 κηδεστῇ
2591 2587 2853 2660 Μανουὴλ
2897 2586 3348 2658 καντακουζηνῷ
3395 2584 3474 2655 τῷ
3509 2599 3743 2655 στρατη·

2165 2681 2433 2752 γοπούλῳ,
2495 2681 2591 2735 καὶ
2651 2679 2904 2744 Γαδαλᾶς
2952 2677 3154 2750 ὁμοίως
3210 2677 3445 2748 βασιλίδι
3508 2677 3738 2745 προσελο

2160 2772 2367 2835 θόντες,
2396 2770 2472 2833 ὡς
2501 2770 2565 2841 δή
2595 2785 2649 2822 τι
2678 2769 2948 2835 νεώτερον
2978 2761 3351 2839 πεπυσμένοι,
3393 2766 3735 2836 ἀπήγγελλον

2163 2864 2303 2933 μετά
2342 2862 2582 2933 σπουδῆς
2603 2875 2618 2892 ⁶
2654 2859 3049 2917 συνεϐούλευόν
3088 2877 3148 2913 τε
3181 2860 3257 2931 μὴ
3288 2860 3584 2932 ῥᾳθυμεῖν,
3608 2858 3732 2913 ἀλλά

2157 2954 2539 3009 διανίστασθαι
2572 2957 2709 3026 πρὸς
2738 2954 2955 3026 ἀμυναν
2985 2954 3062 3017 ὡς
3093 2953 3188 3008 καὶ
3237 2954 3423 3008 αὐτῶν
3466 2953 3565 3005 καὶ
3602 2953 3729 3023 κρή-

2163 3063 2298 3118 μασι
2340 3048 2436 3101 καὶ
2479 3047 2667 3108 ὅπλοις
2720 3044 3190 3117 συνεφαψομένων
3233 3045 3331 3101 τοῦ
3360 3045 3625 3118 πολέμου.
3657 3044 3727 3098 ού

476 3153 626 3206 cere,
655 3153 817 3209 quam
848 3138 963 3193 haec
990 3136 1178 3192 videre
1225 3146 1279 3192 et
1308 3137 1540 3206 perpeti.
1575 3136 1899 3208 lmperatrix
1928 3151 2053 3192 cum

2160 3111 2270 3209 γὰρ
2311 3139 2500 3211 φέρειν
2545 3142 2613 3211 τῇ
2644 3139 2724 3203 εἰς
2759 3111 2984 3208 βασιλέα
3009 3111 3212 3210 *εὐνοίᾳ
3254 3138 3353 3192 καὶ
3400 3111 3725 3192 acassam-

477 3243 682 3314 gratias
728 3242 796 3297 de
847 3249 954 3295 tam
987 3256 1256 3312 propensa
1296 3241 1581 3296 voluntate
1612 3241 1834 3312 egissit,
1884 3240 2056 3297 dixis-

478 3345 693 3404 setque,
727 3334 833 3388 sibi
868 3349 1092 3403 quoque
1144 3332 1374 3387 minime
1421 3331 1652 3387 dubium
1699 3332 1902 3397 videri,
1937 3347 2052 3400 eos,

478 3426 525 3480 si
564 3426 692 3497 quid
720 3426 826 3481 tale
863 3423 1162 3489 accideret,
1188 3439 1314 3478 cum
1346 3424 1545 3494 quovis
1572 3423 1834 3479 alacriter
1863 3439 1965 3494 pro
1994 3439 2062 3487 se,

476 3516 859 3578 dimicaturos,
890 3516 1216 3571 hortabatur
1257 3524 1462 3581 tamen,
1508 3523 1569 3570 ut
1601 3514 1671 3571 de
1721 3526 1921 3586 magno
1958 3515 2058 3570 do-

479 3607 707 3664 mestico
755 3608 858 3663 ista
908 3608 1059 3678 loqui
1112 3607 1700 3679 omitterent,quippe
1759 3623 1908 3663 mera
1956 3609 2056 3680 ligo

478 3711 665 3755 menta
719 3709 777 3755 et
838 3699 1178 3765 calumnias;
1221 3700 1341 3771 ejus
1373 3699 1521 3755 enim
1549 3714 1672 3769 erga
1701 3713 1761 3755 se
1798 3708 1853 3755 et
1887 3699 2058 3771 impe-

480 3803 719 3849 ratorem
792 3791 966 3846 lilium
1021 3800 1274 3863 prompta
1345 3807 1409 3847 ac
1465 3799 1654 3862 parata
1709 3792 1894 3847 studia
1946 3790 2056 3847 sibi

478 3884 917 3956 eXploratissima
970 3900 1092 3941 esse
1125 3902 1140 3940 :
1174 3901 1265 3950 ne,
1318 3884 1364 3940 si
1418 3883 1642 3940 rediens
1706 3899 1767 3940 se
1828 3883 1898 3939 ab
1944 3883 2056 3939 illis

477 3977 677 4033 horum
730 3978 1020 4033 criminum
1080 3986 1401 4037 accusatum
1467 3976 1759 4045 intelligat,
1809 3975 1864 4031 id
1918 3975 2057 4046 ipsis

477 4073 679 4129 merito
710 4071 1003 4127 irascatur.
1042 4071 1134 4127 Sic
1171 4069 1579 4141 imperatricem
1607 4069 1747 4124 nihil
1777 4069 2054 4124 dictorum

478 4178 511 4218 α
534 4162 888 4234 przejudicata
920 4162 1204 4232 opinione,
1235 4161 1421 4216 omnia
1450 4176 1552 4228 pro
1583 4160 1783 4216 fabulis
1812 4177 1842 4216 e
1870 4160 2057 4231 cujus-

478 4271 587 4326 que
620 4254 840 4325 ingcnio
864 4252 1125 4323 profectis
1151 4253 1443 4308 ducentem
1476 4253 1710 4322 depulit.
1740 4251 1876 4308 Cum
1913 4265 1965 4308 et
1996 4252 2056 4307 hi

477 4346 548 4401 ad
580 4345 719 4400 alios
751 4343 1007 4415 regressi,
1045 4359 1370 4413 responsum
1403 4343 1746 4405 retulissent.
1779 4359 1889 4398 non
1918 4345 2055 4399 levis

480 4440 652 4495 timor
701 4434 925 4494 incessit
988 4452 1206 4502 omnes,
1262 4446 1510 4491 extremo
1550 4436 1664 4507 jam
1713 4437 1966 4506 periculo
1994 4453 2055 4494 se

2157 3231 2592 3303 τεθραμμένους,
2625 3232 2726 3304 τὴν
2768 3230 3077 3303 ὑπερϐολὴν
3126 3232 3261 3303 δρᾷν
3294 3230 3406 3285 τῶν
3454 3230 3725 3301 τολμωμέ-

2159 3340 2265 3377 νων
2289 3340 2304 3357 ο
2340 3323 2456 3377 ἀλλ’
2490 3312 2841 3395 ἑτοῖμότερον
2872 3323 3020 3393 ἔχειν
3052 3324 3148 3378 καὶ
3177 3324 3282 3385 τὰς
3326 3324 3508 3394 ψυχὰς
3555 3324 3725 3393 προίει

2161 3416 2286 3469 σθαι
2322 3417 2515 3484 αὑτὰς,
2556 3417 2590 3489 ἢ
2621 3418 2849 3472 τοιαῦτα
2880 3418 3146 3489 γινόμενα
3182 3417 3475 3489 περιῖδεῖν.
3512 3418 3719 3479 Βασιλὶς

2158 3507 2214 3561 δὲ
2253 3509 2347 3561 καὶ
2393 3510 2577 3573 αὐτοῖς
2609 3510 2995 3583 ὁμολογήσασα
3035 3510 3137 3579 τῆς
3179 3510 3503 3582 προθυμίας
3549 3510 3716 3582 χάριν,

2159 3601 2256 3656 καὶ
2304 3604 2597 3657 πεπεῖσθαι
2643 3602 2739 3657 καὶ
2777 3605 2918 3673 αὐτὴ
2956 3605 3147 3674 σαφῶς
3200 3601 3459 3667 εἰποῦσα,
3490 3603 3566 3667 ὡς
3596 3604 3647 3656 εἰ
3669 3618 3716 3656 τι

2160 3708 2226 3745 συ
2235 3692 2406 3764 μόαίη
2430 3694 2694 3761 τοιοῦτον,
2720 3692 3017 3766 προθύμως
3045 3692 3211 3748 παντί
3232 3711 3309 3764 τῳ
3327 3694 3717 3764 πολεμήσασαν

2159 3781 2300 3851 ὑπὲρ
2343 3782 2536 3853 αὐτῆς,
2584 3782 2782 3838 ἔπειτα
2837 3783 3077 3856 παρῄνει
3124 3785 3235 3837 τῶν
3286 3784 3435 3837 κατά
3496 3784 3715 3854 μεγάλου

2158 3875 2481 3945 δομεστίκου
2530 3876 2708 3946 λόγων
2760 3876 3125 3948 ἀποσχέσθαι,
3157 3877 3235 3942 ὡς
3280 3877 3439 3931 οὐδὲν
3493 3875 3710 3946 δντωνῇ

2159 3966 2387 4038 πλάσμα
2417 3969 2514 4020 καὶ
2552 3971 2944 4038 συκοφαντίαν,
2977 3969 3175 4025 εἰδέναι
3207 3970 3320 4040 γὰρ
3366 3969 3606 4040 ἀκριϐῶς
3628 3968 3712 4037 τὴν

2158 4062 2371 4116 ἑκείνου
2418 4061 2555 4132 πρὸς
2604 4062 2773 4133 αὐτὴν
2804 4060 3018 4116 εὔνοιαν
3046 4064 3142 4117 κα)⁵
3191 4063 3422 4132 βασιλέα
3446 4064 3538 4118 τὸν
3569 4064 3669 4116 υίὰν
3694 4078 3710 4092 ⁸

2163 4155 2239 4229 μὴ
2278 4158 2371 4211 καὶ
2423 4157 2561 4227 μετὰ
2611 4158 2715 4227 τὴν
2761 4158 3020 4213 ἐπάνοδον
3058 4157 3128 4210 τὰ
3178 4157 3311 4227 παρ’
3360 4157 3519 4227 ὑμῶν
3566 4154 3708 4211 αὑτοῦ

2161 4250 2588 4321 κατηγορημένα
2666 4249 2967 4321 ὲκμαθὼνκ
3002 4249 3233 4313 δικαίως
3302 4249 3529 4320 ἄχθοιτο
3599 4249 3710 4318 ὕμιν

2158 4342 2384 4397 τοιαῦτα
2419 4341 2691 4414 εἰρηκόσι.
2724 4342 2942 4404 Βασιλὶς
2973 4341 3075 4412 μὶν
3097 4336 3192 4395 οὖν
3219 4340 3366 4394 οὕτω
3394 4342 3534 4411 πρὸς
3556 4340 3704 4409 μηδὲν

2159 4434 2268 4488 τῶν
2293 4436 2601 4507 εἰρημένω)
2628 4435 2739 4489 τῶν
2765 4435 3003 4506 ὲξαρχῆς
3044 4434 3236 4505 ἐξέστη
3259 4434 3561 4504 λογισμῶν,
3589 4432 3703 4485 (illi

478 4533 889 4587 circumventos
918 4529 1323 4593 existimantes,
1351 4527 1456 4583 nisi
1498 4526 1632 4597 quid
1676 4527 1842 4585 dictis
1869 4530 2055 4586 edica-

2162 4530 2459 4601 πλάσματα
2482 4532 2671 4600 ἠγεῖτο
2719 4530 2897 4584 πάντα
2928 4531 3032 4583 ὑπὸ
3077 4531 3177 4598 τῆς
3222 4530 3466 4584 ἑκάστου
3493 4527 3705 4588 διανοίας

481 4627 603 4681 eius
660 4621 995 4677 invenirent.
1045 4619 1198 4687 Quos
1246 4619 1613 4691 Apocauchus
1666 4635 1931 4687 monere,
1984 4638 2056 4678 ne

480 4725 903 4776 cunctarentur.
951 4729 1077 4770 nam
1111 4713 1181 4770 de
1230 4729 1427 4785 magno
1470 4714 1775 4771 domestico
1818 4715 2053 4786 prolata,

481 4821 590 4865 tam
622 4807 809 4864 multis
832 4807 1070 4863 consciis
1096 4807 1316 4863 silentio
1349 4807 1456 4877 tegi
1479 4821 1588 4862 non
1616 4821 1776 4878 posse
1810 4823 1826 4861 :
1856 4821 1982 4876 quas
2010 4806 2057 4861 si

481 4901 760 4964 rescierit,
797 4900 968 4955 licere
997 4897 1177 4953 cuivis
1205 4898 1512 4969 intelligere
1544 4898 1781 4970 periculi
1806 4898 2056 4953 secuturi

480 4992 939 5065 magnitudinem.
972 4990 1139 5063 ἧ,ιό
1163 4991 1373 5047 Idcirco
1425 4991 1788 5054 hortabatur,
1842 5007 1914 5046 ne
1958 4991 2057 5047 de-

479 5087 797 5159 speratione
852 5085 980 5141 victi
1005 5124 1022 5147 ,
1073 5083 1289 5139 actione
1354 5082 1725 5148 desisterent,
1783 5082 1881 5138 sed
1929 5082 2059 5139 aliis

472 5179 742 5236 munibus
782 5175 1132 5245 posthabitis,
1189 5175 1295 5231 hoc
1347 5189 1519 5230 unum
1567 5183 2058 5244 persequerentur,

479 5279 544 5325 ut
573 5269 643 5325 de
667 5265 1030 5323 acerbissimo
1075 5265 1237 5321 hoste
1268 5263 1701 5332 triumpharent,
1736 5268 1833 5316 aut
1863 5261 2058 5317 saltem

482 5380 553 5419 ne
611 5361 958 5418 atrocissime
1010 5360 1079 5416 ab
1130 5374 1199 5415 eo
1254 5358 1647 5413 multarentur.
1700 5354 1943 5411 Proinde
1987 5353 2057 5409 ad

482 5450 850 5527 patriarcham
883 5461 940 5507 et
968 5450 1342 5508 Andronicum
1370 5449 1630 5514 Asanem,
1662 5447 1847 5518 magni
1868 5446 2059 5502 dome-

481 5547 607 5604 stici
629 5561 902 5610 socerum,
919 5543 1073 5600 velut
1097 5546 1165 5600 ad
1186 5558 1399 5599 sacram
1416 5541 1715 5598 anehorarn
1736 5538 2057 5611 confugien-

482 5639 616 5694 dum
671 5635 1303 5712 judicarunt:quorum
1361 5633 1493 5704 quia
1544 5631 1729 5703 potior
1786 5637 1938 5687 esset
1989 5627 2058 5683 ad

483 5724 1318 5815 persuadendum.auctoritas,
1373 5740 1471 5795 per
1523 5724 1671 5795 ipsos
1720 5719 2059 5799 imperatrici

481 5832 751 5881 terrorem
800 5835 865 5877 ac
915 5829 1121 5876 metum
1180 5820 1513 5874 incuterent.
1560 5817 1695 5873 Nam
1746 5816 2065 5900 patriarcha.

2159 4621 2651 4694 ἀναπεπλασμένα.
2697 4623 2786 4685 Ὦς
2821 4621 2877 4675 δὲ
2909 4621 3002 4675 καὶ
3031 4616 3179 4675 οὗτοι
3212 4622 3351 4692 πρὸς
3384 4624 3512 4684 τοὺς
3543 4620 3704 4677 ἀλλους

2159 4713 2530 4776 συνελθόντες.
2562 4715 2663 4769 ὅσα
2686 4715 2720 4785 ἡ
2752 4713 2967 4784 βασιλὶς
2996 4713 3348 4784 ἀπήγγελλον
3375 4711 3701 4781 ἀποκριθείη,

2156 4805 2275 4868 δέος
2299 4805 2423 4876 ἔσχε
2457 4807 2665 4870 πάντας
2695 4807 2795 4860 οὐκ
2827 4806 3031 4875 ὀλίγον,
3061 4807 3157 4860 καὶ
3186 4808 3245 4858 ὲν
3286 4804 3541 4875 ἐσχάτοις
3564 4804 3707 4875 ᾤοντο

2157 4897 2262 4968 ἥδη
2317 4896 2670 4968 περιέχεσθαι
2728 4879 2941 4960 κακοῖς,
2993 4898 3042 4950 εἰ
3108 4896 3182 4966 μή
3232 4913 3288 4949 τι
3349 4893 3708 4964 βουλεύσαιντο

2156 4990 2569 5062 ἀνυσιμώτερον
2626 4990 2736 5044 τῶν
2781 4991 3110 5061 εἰρημένων.
3165 4988 3528 5042 Συνεῶύλευέ
3584 5002 3636 5041 τε
3681 4985 3705 5033 ὁ

2161 5083 2657 5154 παρακοιμώμενος
2712 5082 2899 5146 αὐτοῖς
2961 5081 3160 5151 μηκέτι
3215 5080 3434 5151 μέλλειν
3455 5094 3473 5110 ο
3517 5078 3582 5131 τὰ
3624 5075 3709 5145 μὲν

2159 5178 2270 5246 γάρ
2318 5176 2448 5247 περὶ
2508 5174 2753 5246 μεγάλου
2811 5173 3139 5245 δομεστίκου
3208 5172 3484 5242 εἰρημένα
3550 5164 3703 5233 σιωπῇ

2160 5266 2533 5321 καλύπτεσθαι
2585 5266 2646 5319 ού
2698 5265 2946 5328 δυνατὸν,
2991 5264 3206 5318 πολλῶν
3258 5264 3370 5315 τῶν
3417 5260 3704 5315 συνειδότων

2154 5358 2330 5414 ὄντων
2349 5374 2364 5388 ο
2410 5359 2730 5430 καταδήλων
2780 5360 2839 5414 δὲ
2889 5358 3086 5429 ἐκείνῳ
3130 5356 3466 5426 γενομένων,
3504 5350 3702 5419 συνορῴ

2159 5452 2372 5516 ἔξεστιν
2425 5452 2643 5523 ἑκάστῳ
2686 5452 2780 5509 τοῦ
2830 5451 3075 5506 κινδύνου
3119 5452 3218 5520 τὴν
3268 5447 3592 5516 ὑπερϐολήν.
3629 5439 3703 5493 Διὸ

2159 5539 2280 5594 οὐδὲ
2302 5540 2539 5611 παρῄνει
2566 5539 2833 5612 ῥᾳθυμεῖν
2854 5540 3189 5608 ἀπογνόντας
3213 5538 3350 5608 πρὸς
3371 5538 3470 5605 τὴν
3497 5532 3703 5605 πρᾶξιν,

2160 5630 2300 5685 ἀλλά
2324 5631 2433 5685 τῶν
2462 5632 2639 5687 ἀλλων
2673 5633 3082 5706 ἀποσχομένους
3102 5632 3355 5707 πάντων,
3395 5628 3512 5690 ἑνὸς
3536 5622 3702 5678 τούτου

2162 5722 2411 5792 γίνεσθαι
2455 5724 2644 5796 μόνου,
2703 5726 2852 5790 ὅπως
2900 5725 3279 5796 περιγένοιντο
3323 5719 3422 5774 τοῦ
3456 5718 3700 5785 πολεμιων·

2143 5814 2349 5902 Ῐάἷθυθ
2367 5816 2423 5887 ἢν
2459 5817 2528 5873 τά
2551 5834 2613 5888 ἵε
2646 5804 2898 5890 δεύτερά,
2936 5818 3013 5889 μὴ
3039 5817 3106 5871 τὰ
3132 5816 3407 5888 ἀνήκεστα
3434 5808 3560 5882 παρ’
3582 5802 3702 5860 ἐκεί·
