3880 6570
185 430 285 496 89:1

1349 438 1893 500 HISTORIA-BHM
1935 444 2162 505 LlBER
2204 447 2318 513 ΠΙ.

3301 447 3411 512 822

184 550 278 600 οὐκ
298 547 476 615 ὀλίγον
506 547 755 601 ἐνταυθοῖ
779 549 1165 621 διατριϐόντων
1196 552 1301 605 τῶν
1319 554 1488 623 ἡδέως
1510 553 1573 606 ἂν
1602 553 1742 621 ὑπὲρ

1855 557 1986 610 urbe
2018 558 2238 629 degant,
2263 561 2354 632 qui
2390 577 2514 617 cum
2548 563 2824 633 voluptate
2844 562 2965 632 ejus
2993 576 3155 619 causa
3183 564 3409 632 sangui-

184 639 389 691 ἐκείνου
438 638 532 692 καὶ
580 640 680 702 τὰς
731 639 910 712 ψυχὰς
957 644 1382 723 προησομρνων,
1433 647 1526 699 καὶ
1568 663 1745 716 παρα-

189 731 549 785 σκευάσασθαι
579 734 716 803 πρὸς
744 733 952 789 ἕκαστα
985 735 1061 798 ὡς
1089 739 1153 791 ἂν
1185 737 1380 807 ἄριστα
1410 738 1558 809 αὐτῷ
1587 739 1741 810 δοκῇ,

188 823 380 891 ῥᾳδίως
412 824 646 894 ῆλπισας
670 829 1151 898 περιγενήσεσθαι.
1183 831 1255 883 Οὐ
1284 832 1395 898 γὰρ
1415 831 1488 895 ὡς
1520 831 1660 901 αὐτή
1686 850 1745 885 τε

187 914 305 978 οἳι,
331 917 581 981 κάκεῖνος
607 921 914 987 φενακίζων
954 923 1098 992 ἡμᾶς
1140 921 1566 993 ἀπεσεμνύνετο,
1607 921 1748 977 οὕτω

191 1006 320 1072 πρὸς
346 1006 638 1070 Βυζάντιον
660 1011 920 1082 ἐπανήξει
942 1016 1068 1075 τοὺς
1091 1014 1278 1082 φίλους
1298 1012 1636 1079 καταλιπὼν,
1655 1014 1750 1067 καὶ

190 1093 284 1163 τὴν
309 1095 505 1166 πολλὴν
531 1098 831 1168 θεραπείαν
859 1101 956 1172 τὴν
982 1105 1106 1171 περὶ
1131 1104 1325 1155 αὐτόν’
1353 1103 1493 1156 ὥστε
1520 1120 1579 1156 σε
1605 1103 1750 1172 ἔχειν

190 1186 215 1236 ὃ
235 1202 287 1237 τι
311 1185 491 1252 βούλει
515 1191 823 1259 χρήσασθαι
847 1191 1016 1260 αὐτῷ,
1033 1192 1148 1245 ἀλλ’
1169 1192 1326 1255 είδὼς
1347 1193 1419 1256 ὡς
1450 1192 1755 1246 ὑποπτεύε-

188 1292 294 1339 ται,
315 1278 375 1329 οὐ
394 1277 502 1329 τῶν
531 1278 930 1351 εὖγενεστέρων
962 1283 1123 1350 μόνον
1151 1285 1329 1335 πείσει
1363 1281 1593 1346 πολλοὺς
1623 1283 1755 1335 ὐπο-

191 1367 405 1434 σχέσεσι
427 1369 518 1421 καὶ
535 1371 762 1439 δωρεαῖς
784 1373 1035 1442 μεγάλων
1057 1373 1303 1442 ἀγαθῶν,
1326 1373 1460 1427 ἀλλὰ
1480 1375 1571 1427 καὶ
1592 1392 1757 1444 στρα-

188 1455 308 1507 τιὰν
332 1456 552 1510 ἃπασαν
577 1460 726 1530 αὐτῷ
758 1462 1047 1531 προσέχειν
1070 1463 1479 1534 παρασκευάσει
1507 1464 1610 1533 χρή
1622 1479 1754 1532 μασι

187 1547 529 1617 διαφθείρας⁸
558 1551 780 1621 ἔχων-δέ
806 1556 1049 1624 μεγάλην
1069 1556 1298 1626 δύναμιν
1325 1557 1451 1626 περὶ
1476 1558 1660 1620 αὑτὸν,
1693 1556 1752 1609 οὐ

192 1637 351 1706 μόνον
369 1641 519 1709 ἡμᾶς
547 1644 672 1706 τοὺς
699 1646 1010 1718 ᾑρημένους
1040 1646 1233 1715 ἐκείνῳ
1259 1647 1522 1715 πολεμεῖν
1555 1646 1651 1716 τῆς
1677 1649 1756 1709 είς

188 1727 330 1795 ὑμᾶς
364 1732 580 1795 εὐνοίας
612 1732 774 1787 ἕνεκα
810 1736 1095 1806 διαφθερεῖ
1122 1738 1339 1808 ῥᾳδίως,
1372 1737 1509 1789 ἀλλὰ
1544 1737 1638 1790 καὶ
1673 1747 1756 1794 σοὶ

190 1818 283 1870 καὶ
306 1819 536 1886 τέκνοις,
576 1822 805 1891 μηδενὸς
828 1823 919 1876 τοῦ
952 1824 1274 1894 βοηθοῦντος
1304 1824 1478 1890 ὄντος,
1512 1824 1570 1876 ὃν
1605 1819 1754 1890 αὐτῷ

188 1908 385 1976 τρόπον
407 1911 783 1985 λυσιτελήσειν
812 1918 1073 1987 χρήσεται
1105 1918 1370 1986 οἰήσεται,
1405 1919 1571 1971 πᾶσιν
1605 1916 1753 1969 ἐκεί-
1784 1894 1825 1948 Β

188 2017 298 2063 νοις
344 2004 458 2067 τοῖς
503 2006 984 2081 σεμνολογήμασι,
1033 2010 1127 2063 καὶ
1176 2011 1296 2072 ταῖς
1350 2009 1609 2073 ἀπάταις,
1661 2010 1754 2062 καὶ

187 2094 307 2155 ταῖς
348 2096 654 2165 είρωνείαις
701 2100 911 2170 χαῖρειν
959 2101 1129 2155 εἰπὼν
1173 2101 1403 2172 μακρά·
1448 2101 1484 2156 ἃ
1527 2101 1626 2154 οὐκ
1657 2095 1753 2154 οἶδ’

190 2186 335 2248 ὅπως
357 2190 417 2240 ού
450 2193 681 2262 συνορᾷς
711 2194 872 2262 αὕτη,
910 2195 1031 2248 οὐδὲ
1065 2196 1338 2266 σωτηρίαν
1372 2184 1553 2268 ἑαυτῇ
1568 2215 1627 2251 τε
1657 2197 1752 2252 καὶ

191 2277 401 2342 τέκνοις
448 2282 512 2333 ἐκ
570 2284 679 2336 τῶν
738 2286 967 2338 ἐνόντων
1019 2286 1336 2357 ἐκπορίζειν
1384 2288 1585 2358 βούλει,
1617 2290 1755 2344 ἀλλὰ

188 2368 341 2433 δίκας
396 2372 787 2442 ὀνειροπολεῖς,
820 2378 913 2429 καί
947 2379 1314 2447 συκοφαντίας
1342 2381 1439 2432 καὶ
1472 2380 1750 2449 ἐλέγχους,

186 2463 295 2516 οὐδ’
322 2465 453 2518 αὐτὸ
478 2466 633 2520 τοῦτο
691 2468 990 2541 βουλομένη
1047 2472 1243 2524 ἐννοεῖν
1286 2472 1366 2525 ὅτι
1393 2473 1628 2541 φθάσαις
1686 2473 1752 2527 ἂν

186 2555 544 2627 διαφθαρεῖσα
578 2561 704 2631 πρὶν
736 2562 816 2624 εἰς
842 2561 1017 2615 ταῦτα
1044 2564 1222 2633 ἥκειν.
1270 2563 1411 2631 Ἐγὼ
1454 2566 1551 2635 μὲν
1578 2565 1672 2618 οὖν
1717 2565 1755 2620 ἃ

188 2648 282 2700 καὶ
311 2649 575 2721 πρότερον
605 2651 777 2724 ἔφθην
816 2653 1007 2718 εἰπὼν,
1036 2656 1097 2708 οὐ
1146 2656 1245 2723 si};
1277 2656 1544 2726 βασιλέως
1592 2662 1753 2730 μόνον

187 2743 471 2811 εὐμενείας
502 2748 848 2816 μεμνημένος
880 2748 971 2816 ὑφ’
994 2742 1055 2801 οὗ
1100 2749 1309 2803 πολλῶν
1339 2750 1629 2821 άπήλαυσα
1660 2754 1755 2807 καὶ

188 2839 443 2907 μεγάλων
475 2840 960 2913 εὐεργετημάτων,
991 2843 1126 2898 ἀλλὰ
1155 2846 1248 2898 καὶ
1276 2845 1375 2914 τῆς
1404 2848 1502 2917 σῆς
1529 2862 1543 2878 ·
1578 2847 1753 2910 ἄλλως

183 2928 237 2982 θ’
266 2931 348 2982 ὅτι
379 2932 473 2984 καὶ
496 2932 676 3002 νόμων
704 2933 884 2988 αὐτῶν
915 2937 1007 2989 καὶ
1031 2935 1255 2990 δικαίων
1287 2936 1751 3008 προϐεϐλημένος,

183 3023 354 3075 πᾶσιν
402 3023 651 3096 ἀνάγκην
704 3026 845 3096 ἔχων
909 3029 1021 3090 τοῖς
1070 3027 1323 3081 ὁπωσοῦν
1373 3030 1753 3098 ἀδικουμένοις

187 3115 542 3188 συναίρεσθαι
577 3120 646 3172 τὰ
682 3119 905 3181 δυνατὰ,
941 3120 1149 3174 ἐκείνου
1194 3137 1253 3173 τε
1289 3122 1612 3192 ἀπεσχόμην
1652 3123 1752 3191 τῆς

1847 664 1969 702 nem
2008 652 2364 719 profundent,
2391 665 2447 711 et
2477 655 2687 727 accingi
2720 656 2895 726 parati
2925 655 3056 720 sint,
3089 653 3293 723 quibus
3320 654 3412 715 ille

1845 738 2189 807 pclissimum
2235 758 2331 797 eos
2383 744 2589 814 accingi
2643 744 2900 811 voluerit,
2937 758 3045 798 non
3095 742 3318 798 diﬁicile
3360 751 3413 798 te

1847 832 2185 899 superiorem
2241 834 2353 888 fore
2403 834 2654 891 conﬁdis.
2707 834 2823 890 Non
2879 834 3084 890 etenim
3139 843 3200 889 ut
3244 840 3300 891 et
3352 843 3410 889 tu

1846 933 2026 991 putas.
2068 935 2122 980 et
2169 926 2258 980 ille
2304 941 2402 980 nos
2438 926 2724 983 Iudiﬁcans
2767 926 3033 998 jactabat,
3070 926 3150 982 sic
3198 925 3411 997 Byzan-

1851 1013 1986 1067 tium
2046 1014 2247 1067 redibit
2310 1012 2519 1076 amicis'
2551 1016 2795 1081 relictis,
2847 1028 2911 1072 et
2955 1017 3160 1088 quibus
3212 1016 3414 1072 colitur

1850 1102 2128 1173 obsequiis
2168 1105 2275 1158 illis
2335 1114 2443 1159 tam
2495 1107 2715 1172 multis,
2757 1116 2819 1165 ut
2859 1097 2985 1163 eum
3038 1107 3418 1177 pro.arbitrio

1854 1201 2090 1248 tractare
2130 1196 2324 1263 possis.
2381 1196 2486 1252 Sed
2539 1214 2663 1253 cum
2694 1212 2754 1253 se
2806 1199 3119 1268 suspicione
3167 1199 3418 1259 laborare

1851 1283 2009 1345 sciat,
2049 1299 2161 1339 non
2198 1287 2358 1341 modo
2401 1288 2468 1342 de
2516 1288 2884 1345 nobilioribus
2912 1290 3224 1360 complures
3259 1291 3419 1349 donis

1852 1381 1907 1427 et
1934 1375 2221 1442 promissis
2251 1378 2575 1448 magniﬁcis,
2613 1363 2803 1435 verum
2839 1382 3004 1437 etiam
3056 1391 3228 1437 totum
3254 1398 3418 1438 exer-

1854 1463 2022 1519 citum
2046 1466 2338 1537 largitione
2361 1478 2707 1541 corruptum,
2727 1473 2794 1526 ad
2826 1480 3008 1542 partes
3030 1488 3160 1529 suas
3185 1473 3418 1529 tuendas

1854 1555 2076 1622 alliciet,
2113 1568 2166 1612 et
2211 1561 2455 1634 potentia
2510 1563 2713 1634 ingenti
2749 1565 3034 1633 praeditus,
3084 1581 3190 1619 non
3236 1567 3413 1624 solum

1856 1661 1979 1720 nos,
2026 1648 2119 1718 qui
2151 1630 2412 1716 cum‘eo,
2455 1630 2638 1708 studio
2681 1630 2808 1726 erga
2857 1671 2951 1710 vos
2999 1656 3243 1722 adducti,
3275 1657 3419 1712 bello

1855 1740 2494 1810 contendere'dicemur,
2544 1748 2695 1803 nullo
2738 1750 2959 1819 negotio
3001 1749 3276 1813 concidet,
3322 1749 3417 1808 sed

1857 1829 1925 1886 de
1979 1839 2030 1887 te
2083 1848 2301 1904 quoque
2382 1847 2438 1891 et
2494 1836 2665 1903 ﬁliis,
2723 1839 2940 1895 nemine
3015 1848 3205 1895 contra
3260 1855 3419 1909 opem

1854 1921 2089 1988 ferente,
2119 1927 2377 1982 omnibus
2422 1928 2806 2000 illis-gloriose
2843 1931 3029 1997 dictis,
3068 1941 3124 1988 et
3168 1931 3419 1993 fallaciis.

1853 2021 1910 2068 et
1951 2012 2113 2085 417
2149 2016 2597 2082 simulationibus
2640 2022 2977 2087 valedicens,
3031 2039 3131 2088 pro
3177 2038 3423 2078 commo-

1853 2104 2021 2162 ditate
2048 2124 2145 2166 sua
2174 2117 2400 2164 statuet.
2430 2110 2564 2177 Quae
2590 2112 2776 2166 nescio
2802 2111 3077 2182 quomodo
3107 2128 3216 2166 non
3245 2112 3418 2176 vides,

1854 2213 1956 2254 nec
2011 2199 2111 2253 tibi
2152 2201 2452 2272 liberisque
2486 2203 2717 2258 salutem
2747 2219 2815 2258 ex
2848 2205 2973 2259 data
3009 2206 3421 2279 (inportunitate

1853 2289 2148 2347 conciliare
2191 2292 2294 2357 vis,
2334 2293 2428 2348 sed
2458 2295 2686 2365 judicia,
2722 2304 2777 2351 et
2827 2296 3157 2363 calumnias,
3207 2305 3263 2351 et
3296 2312 3423 2367 pro-

1853 2379 2104 2435 bationes
2147 2383 2407 2447 somnias,
2436 2400 2538 2439 nec
2569 2394 2622 2440 te
2655 2385 2816 2440 citius
2839 2387 3081 2447 occisum
3115 2385 3180 2442 iri
3212 2387 3424 2460 perspi.

1854 2470 1955 2535 eis,
1988 2464 2149 2542 quam
2183 2474 2249 2528 ad
2299 2491 2393 2529 eas
2428 2474 2698 2534 veniatur.
2731 2477 2912 2551 Quare
2978 2478 3034 2533 id
3077 2480 3221 2548 quod
3255 2481 3420 2535 etiam

1855 2572 2014 2618 antea
2064 2565 2217 2630 dixi,
2276 2582 2411 2621 mea:
2471 2583 2595 2623 cum
2655 2571 2711 2624 in
2779 2570 3202 2638 imperatorem,
3265 2571 3423 2642 cujus

1852 2656 2023 2709 multa
2065 2670 2239 2724 eaque
2292 2656 2565 2726 p,ra:clara
2594 2666 2850 2714 constant
2882 2658 2933 2710 in
2965 2672 3051 2712 me
3075 2656 3276 2723 cilicia,
3308 2667 3423 2711 tum

1855 2745 1909 2799 in
1943 2754 1994 2800 te
2019 2745 2421 2801 benevolentiae.
2444 2762 2654 2803 memor
2685 2747 2846 2817 (adde
2874 2747 3018 2818 quod
3054 2757 3109 2803 et
3133 2748 3311 2818 legum
3359 2762 3424 2805 ac

1850 2838 2076 2908 iustitiae
2099 2848 2383 2909 patronus,
2421 2840 2918 2910 quomodocunque
2943 2839 3199 2910 iniuriam
3224 2839 3421 2910 passis,

1854 2923 2141 3000 quantum.
2172 2931 2227 2984 in
2280 2946 2364 2984 me
2404 2940 2509 2995 est,
2560 2931 2819 3000 opitulari
2868 2946 3090 2986 necesse
3134 2930 3332 2999 habeo)
3368 2938 3425 2984 et

1852 3022 1927 3076 ab
1952 3022 2097 3076 illius
2146 3022 2426 3089 amicitia,
2469 3021 2655 3092 iniqua
2712 3021 3034 3092 legibusque
3078 3020 3424 3075 adversantia

1855 3113 2236 3183 parturientis,
2280 3114 2500 3169 tametsi
2534 3113 2723 3168 multis
2753 3128 2878 3168 eum
2924 3112 3241 3167 nominibus
3271 3127 3425 3173 com-

186 3208 393 3277 φιλίας,
426 3210 587 3264 ἄδικα
626 3212 723 3265 καὶ
755 3212 1050 3283 παράνομα
1096 3212 1494 3284 διανοηθέντος,
1546 3215 1645 3269 καί
1674 3231 1754 3269 τοι

1859 3206 2022 3276 plecti
2044 3206 2324 3271 deberem,
2351 3219 2439 3259 me
2471 3205 2710 3276 sejunxi,
2740 3203 2948 3274 tibique
2973 3204 3106 3263 utile
3131 3202 3427 3260 consilium

185 3300 392 3365 πολλάς
446 3302 702 3373 ἀφορμὰς
735 3303 837 3373 τῆς
882 3305 961 3368 εἰς
993 3306 1204 3359 ἐκεῖνον
1243 3306 1454 3370 εὐνοίας
1483 3307 1753 3378 ἐσχηκὼς,

185 3394 284 3446 καὶ
314 3393 398 3446 σοὶ
449 3395 517 3448 τὰ
551 3394 940 3449 λυσιτελοῦντα
975 3396 1451 3467 συμϐεϐούλευκα,
1505 3398 1670 3453 κῦϐον
1728 3400 1757 3453 ὃ

185 3500 323 3551 φασι
354 3484 541 3554 ῥίψας,
572 3486 666 3540 καὶ
696 3487 794 3539 σὺν
823 3488 952 3556 ὑμῖν
982 3486 1235 3557 ἐλόμενος
1270 3488 1303 3559 ἢ
1331 3487 1430 3560 ζῇν
1455 3488 1752 3556 νικώντων,

184 3577 221 3647 ἢ
258 3577 633 3646 ἀποθνήσκειν
659 3578 727 3632 ἂν
753 3581 849 3650 τῆς
875 3581 1126 3643 ἐναντίας
1165 3582 1459 3652 πειρᾶσθαι
1484 3583 1757 3655 συμϐαίνῃ

182 3670 378 3740 τύχης.
416 3669 680 3744 Θειοτέρᾳ
725 3671 782 3724 δέ
826 3690 931 3725 τινι
981 3673 1075 3724 καὶ
1121 3672 1272 3726 τοῦδε
1313 3672 1577 3743 παρόντος
1614 3674 1755 3747 τύχῃ

179 3760 242 3823 ὃς
272 3759 481 3813 ἐκείνου
512 3777 571 3813 τε
599 3762 699 3814 οὐκ
739 3762 802 3815 ἄν
834 3779 965 3814 ποτε
988 3761 1162 3814 ἕλοιτο
1189 3761 1634 3831 καταψεύδεσθαι
1664 3781 1757 3816 συ-

180 3847 493 3911 νοικοῦντος
520 3848 774 3920 θυγατρὶ,
812 3851 906 3901 καὶ
938 3851 1018 3902 σο“·.
1057 3848 1411 3919 βουλεύσαιτο
1447 3853 1513 3903 τὰ
1545 3850 1754 3920 δέοντα,

179 3941 253 3995 ού
284 3941 445 4010 μόνον
489 3939 578 3994 διὰ
615 3940 726 3994 τῶν
774 3942 1117 4012 πραγμάτων
1164 3940 1262 4011 τὴν
1310 3942 1605 4012 ἐμπειρίαν
1661 3948 1757 3998 καὶ

181 4035 290 4104 τὴν
317 4032 533 4085 σύνεσιν
583 4032 650 4102 ἣν
685 4032 715 4085 ό
766 4030 935 4093 πολὺς
981 4030 1131 4098 αὐτῷ
1176 4031 1273 4100 τῆς
1311 4032 1534 4102 ἡλικίας
1566 4035 1758 4105 χρόνος

181 4121 306 4177 ἐστὶ
333 4121 676 4189 συνειλοχὼς,
709 4118 846 4175 ἀλλὰ
871 4120 975 4173 καῖ
995 4121 1093 4190 τὴν
1123 4122 1203 4184 είς
1235 4121 1461 4191 βασιλέα
1491 4126 1586 4176 καὶ
1632 4126 1758 4189 τοὺς

182 4214 382 4276 παῖδας
418 4215 541 4276 τοὺς
575 4212 804 4266 ἐκείνου.
835 4211 1050 4266 εὔνοιαν
1084 4214 1177 4266 καὶ
1208 4214 1391 4267 πίστιν
1438 4215 1622 4270 ἄδολον
1662 4220 1757 4272 καὶ

181 4305 454 4375 καθαρὰν,
486 4303 635 4371 ἄξιον
667 4304 1038 4359 πυνθάνεσθαι
1074 4305 1169 4358 καὶ
1217 4307 1502 4363 πείθεσθαι
1551 4305 1757 4382 παραι-

181 4399 389 4462 νοῦντι,
437 4396 588 4449 οὐδὲν
634 4396 820 4451 ἄδικον
871 4396 978 4450 οὐδ’
1026 4398 1326 4467 ἐπισφαλὲς
1370 4400 1755 4473 βουλησομένῳ

183 4491 603 4560 συμϐουλεύειν.
648 4489 878 4560 Ἀσάνης
898 4490 943 4544 δ’
971 4489 1162 4562 ὥσπερ
1199 4492 1261 4543 οῖ
1300 4491 1360 4543 ἐν
1397 4495 1506 4557 τοῖς
1554 4512 1754 4565 young-

180 4586 303 4647 κοῖς
343 4583 551 4649 ἀγῶσιν
585 4583 962 4653 ἐφεδρεύοντες
987 4580 1127 4635 ὥστε
1172 4586 1281 4648 τοῖς
1340 4585 1568 4640 νικῶσιν
1600 4590 1754 4646 αὐτοὶ

180 4670 616 4743 συμπλέκεσθαι,
650 4670 788 4740 πρὸς
838 4669 1186 4743 τοὺςιλόγους
1230 4674 1753 4748 παρεσκευασμένος

178 4763 285 4828 ὣν,
312 4762 424 4832 Τὴν
456 4760 554 4831 μὲν
578 4760 741 4831 ἐμὴν,
773 4759 900 4829 ἔφη,
936 4765 1075 4831 πρὸς
1105 4762 1197 4814 τὸν
1244 4764 1415 4832 μέγαν
1436 4766 1757 4836 ὼμέστικον

181 4855 522 4923 γνησιότητα
574 4855 675 4908 καῖ·
710 4854 985 4923 πατρικὴν
1035 4855 1270 4924 στοργὴν
1327 4855 1395 4928 ἢν
1453 4858 1562 4929 ἔχω
1621 4863 1759 4932 πρὸς

111 4931 123 4939 ’
178 4951 393 5002 ἐκεῖνον
411 4950 475 5018 τῇ
490 4940 727 5018 ἶριλτάτῃ
747 4946 1101 5001 συνοικοῦντα
1118 4947 1366 5020 θυγατρὶ,
1383 4951 1555 5015 οὐδεὶς
1574 4931 1762 5022 ἀγνοεῖ

174 5042 356 5109 δήπου
377 5055 395 5072 ο
425 5039 550 5092 ὅθεν
573 5038 681 5091 οὐδ’
712 5038 1053 5109 ἐξαρνεῖσθαι
1081 5041 1150 5092 τὰ
1185 5042 1321 5094 πᾶσι
1386 5045 1596 5115 φανερὰ
1625 5062 1760 5117 προ-

175 5134 351 5202 σῆκον
391 5133 605 5202 ἥγημαι
631 5130 772 5200 ἐμοί.
802 5131 1035 5203 Εὔδηλον
1064 5131 1154 5185 οὖν
1180 5133 1254 5197 ὡς
1283 5137 1493 5189 ἐκείνου
1539 5154 1758 5211 κατωρ-

174 5225 420 5286 θωκότος
467 5222 504 5277 ἃ
549 5222 863 5287 διανοεῖται,
897 5223 1152 5292 βασιλεὺς
1185 5225 1287 5295 μὲν
1332 5227 1541 5291 ἐκεῖνος
1580 5228 1778 5295 ἔσται,

174 5320 280 5371 καὶ
331 5314 561 5384 βασιλίδι
631 5317 696 5384 τῇ
746 5316 852 5384 ἐμῇ
911 5314 1141 5386 θυγατρὶ
1191 5317 1479 5383 συνοικῶν,
1516 5319 1653 5386 ἐγὼ.
1695 5321 1753 5374 δὲ

173 5408 368 5478 πατὴρ
412 5404 701 5476 βασιλέων,
743 5406 839 5458 καὶ
892 5406 1200 5477 τὴνάρχὴν
1244 5411 1754 5481 συμμετριζόμενος

173 5501 370 5562 αὐτοῖς
391 5537 406 5561 ,
439 5501 533 5551 καὶ
563 5499 656 5551 ἐπὶ
703 5498 846 5567 μέγα
869 5500 1023 5569 ἥκων
1061 5500 1156 5553 καὶ
1200 5500 1357 5570 δόξης
1393 5505 1488 5555 καὶ
1521 5505 1754 5558 πλούτου

174 5591 281 5643 καὶ
308 5586 688 5655 περιφανείας.
711 5587 874 5640 Ἀλλὰ
909 5587 977 5640 τὰ
1003 5588 1234 5659 λαμπρὰ
1261 5588 1432 5643 ταῦτα
1461 5595 1555 5645 καὶ
1584 5593 1767 5663 σεμνὰ,

171 5681 333 5751 ὅπερ
364 5679 536 5750 ἑτέρῳ
569 5669 736 5732 παντί
755 5695 831 5749 τῳ
855 5678 1097 5750 ἤρκεσαν
1133 5681 1199 5735 ἂν
1228 5681 1308 5745 είς
1333 5680 1596 5751 εὐδοξίαν,
1633 5687 1756 5756 ἐμοὶ

173 5776 296 5829 τῶν
328 5776 615 5848 παρόντων
662 5777 959 5833 ἀποδέοντα
1007 5779 1258 5849 φαίνεται
1308 5782 1509 5852 πολλῷ.
1540 5783 1617 5855 Τῇ
1647 5782 1755 5854 γὰρ

142 5862 270 5933 ἐίς
309 5867 567 5941 βασιλέας
599 5871 783 5943 εὐνοία
825 5876 921 5929 καὶ
957 5873 1140 5929 πίστει
1170 5872 1390 5948 καθαρᾷ
1433 5873 1497 5928 ἐκ
1528 5874 1753 5950 πρώτης

1790 4546 1837 4602 1)

1859 3297 2009 3361 dedi,
2036 3306 2092 3351 et
2126 3307 2186 3351 ut
2210 3297 2423 3363 dicunt,
2453 3297 2626 3352 aleam
2647 3297 2778 3370 jeci,
2802 3295 3087 3353 vobiscum
3115 3306 3428 3366 praeoptans

1857 3396 1951 3443 aut
1990 3389 2195 3454 vivere,
2232 3387 2278 3443 si
2321 3386 2587 3454 viceritis,
2649 3396 2745 3443 aut
2795 3387 3049 3450 interire,
3086 3387 3133 3441 si
3182 3385 3238 3440 in
3285 3400 3423 3442 oon-

1858 3480 2089 3534 trarium
2132 3480 2355 3535 fortuna
2404 3480 2705 3541 ceciderit.~
2731 3481 2914 3542 Porro,
2957 3489 3012 3534 et
3060 3480 3206 3539 hunc
3238 3478 3429 3535 divina

1858 3572 2090 3640 quadam
2138 3582 2284 3629 sorte
2319 3580 2643 3643 praesentem
2689 3572 2808 3642 (qui.
2855 3586 3157 3641 nunquam.
3184 3569 3239 3624 in
3296 3585 3425 3632 eum

1858 3670 2047 3730 utpote
2087 3646 2357 3733 generum.
2385 3662 2603 3718 mentiri
2638 3663 2793 3730 velit,
2826 3662 3039 3733 tibique
3065 3678 3174 3719 non
3209 3671 3424 3718 tantum

1857 3760 2085 3823 propter
2132 3768 2317 3808 rerum
2364 3770 2523 3809 usum
2559 3762 2725 3824 atque
2766 3753 3134 3829 prudentiam,
3178 3744 3338 3824 quam
3373 3755 3425 3809 ei

1857 3852 1988 3898 aetas
2034 3844 2359 3915 longinqua,
2396 3845 2652 3915 peperit,
2679 3846 2773 3900 sed
2818 3853 3042 3920 propter
3083 3861 3201 3900 eam
3254 3845 3428 3899 nihilo
3504 3871 3515 3882 -

1857 3932 2059 3998 minus,
2119 3947 2225 4002 qua
2282 3934 2335 3986 in
2390 3934 2780 4003 imperatorem
2830 3934 2956 3997 fuit,
3003 3936 3155 3989 etin
3218 3935 3428 3989 liberos

1857 4022 2039 4077 adhuc
2074 4033 2177 4089 est,
2224 4038 2481 4095 germana
2515 4025 2841 4095 sinceraque
2879 4025 3163 4093 ,charitate
3193 4036 3249 4081 et
3295 4025 3423 4085 ﬁde.

1858 4123 2004 4170 recte
2040 4117 2309 4187 consulet)
2352 4126 2676 4195 percontere
2732 4118 2883 4183 licet,
2932 4119 3096 4190 eique
3143 4120 3429 4190 obtempe-

1857 4224 1981 4265 res:
2013 4209 2329 4271 nihilnenim
2376 4210 2624 4280 iniquum
2674 4211 3122 4282 periculosumve
3153 4229 3422 4269 suasurus

1855 4313 1962 4358 est.
2002 4302 2208 4357 Asanes
2269 4310 2454 4357 autem
2497 4303 2749 4373 perinde,
2784 4313 2845 4359 ut
2897 4304 2991 4375 qui
3046 4305 3101 4361 in
3157 4306 3429 4378 gymnicis

1856 4395 2002 4451 ludis
2031 4393 2346 4455 subsidunt,
2385 4411 2494 4464 quo
2552 4394 2676 4451 cum
2719 4397 3023 4453 victoribus
3055 4397 3156 4469 ipsi
3207 4415 3431 4470 quoque

1860 4489 2305 4561 congrediantur,
2366 4488 2438 4542 ad
2492 4489 2787 4545 dicendum
2823 4491 3189 4556 meditatus,
3249 4492 3429 4553 Meam

1861 4584 2106 4655 quidem,
2139 4582 2339 4653 inquit,
2388 4585 2622 4653 patriam
2658 4592 2715 4639 et
2742 4599 3057 4654 germanam
3099 4585 3426 4641 charitatem

1863 4694 1991 4749 erga
2024 4691 2278 4745 magnum
2315 4674 2703 4740 domesticum,
2734 4675 3075 4735 charissima
3104 4675 3226 4730 ﬁlia:
3269 4676 3433 4730 mari~

1861 4778 1975 4823 tum
2008 4782 2171 4821 nemo
2203 4766 2391 4837 utique
2417 4765 2653 4837 ignorat.
2684 4764 2841 4820 Unde
2864 4781 2985 4835 quae
3010 4767 3267 4822 omnibus
3298 4776 3430 4822 nota

1860 4868 2009 4923 sunt,
2041 4872 2244 4937 negare
2269 4837 2369 4916 nte.
2384 4840 2485 4911 nor
2524 4854 2703 4910 decet.
2736 4853 3081 4910 Manifestum
3113 4865 3196 4915 est
3222 4858 3428 4927 itaque,

1860 4951 1929 5016 si,
1963 4949 2110 5021 quod
2155 4947 2307 5018 cupit
2345 4947 2485 5002 bene
2518 4947 2876 5019 processerit,
2927 4946 3082 5003 illum
3131 4948 3431 5025 imperato-

1860 5059 1998 5107 rem,
2049 5050 2268 5110 gnatam
2314 5053 2491 5093 meam
2524 5026 2958 5112 imperatricem,
2998 5053 3085 5098 me
3129 5040 3429 5108 imperato-

1859 5151 1982 5191 rum
2014 5145 2246 5206 patrem,
2281 5132 2499 5202 imperii
2536 5140 2872 5192 consortem.
2907 5142 2965 5187 et
2998 5132 3196 5195 illustri
3228 5133 3427 5202 gloria,

1861 5228 2074 5299 magnis
2104 5225 2301 5295 Opibus
2353 5240 2419 5280 ac
2463 5222 2754 5297 splendore
2786 5224 3058 5285 futurum.
3108 5222 3295 5292 Atqui,
3325 5239 3427 5294 ego

1861 5318 2137 5379 claritatcs
2177 5315 2309 5371 istas
2384 5324 2437 5370 et
2478 5322 2740 5382 augustos
2795 5313 3053 5377 honores,
3103 5314 3198 5385 qui
3247 5315 3429 5371 cuivis

1862 5408 2019 5464 alteri
2050 5408 2118 5464 ad
2147 5390 2518 5465 celebritatem
2553 5403 2889 5467 sufﬁcerent.
2926 5405 3029 5464 hoc
3060 5388 3244 5468 rerum
3278 5417 3423 5463 statu

1860 5514 2214 5573 nequaquam.
2235 5497 2536 5554 convenire
2566 5496 2827 5553 arbitror.
2861 5497 2993 5550 Nam
3028 5513 3154 5553 cum
3185 5514 3215 5553 a
3245 5499 3429 5577 prima

1857 5604 2017 5657 aetate
2064 5594 2170 5655 ﬁde
2224 5609 2335 5654 non
2393 5591 2577 5647 fucata
2624 5591 3047 5661 imperatoribus
3093 5591 3425 5655 studuerim,

1861 5687 2042 5742 malim
2097 5685 2205 5747 illis
2258 5684 2587 5740 adha’rendo
2628 5682 2684 5737 in
2731 5681 2980 5737 miserias
3048 5691 3104 5737 et
3151 5698 3427 5738 aerumnas

1863 5778 2130 5844 incidere,
2176 5792 2338 5848 quam
2374 5793 2500 5832 cum
2547 5774 2964 5838 insidiatoribus
3012 5775 3264 5830 faciendo
3304 5789 3425 5827 am-

1863 5872 2138 5946 plissimos
2184 5871 2421 5925 honores
2503 5878 2558 5924 et
2610 5867 2751 5924 dona
2791 5867 3044 5938 adipisci.
3095 5866 3170 5922 De
3232 5876 3433 5934 magno
