3880 6628
278 476 389 541 829

1484 480 2027 542 HISTORIARUM
2067 474 2295 543 LIBER
2340 484 2449 546 ΙΙΙ.

3430 486 3543 552 830
3599 500 3608 511 '

278 601 558 669 ἑκατέρων
585 596 952 666 ἀπαγγέλλειν
977 598 1506 670 διαπρεσϐευόμενα,
1537 599 1673 669 πρὸς
1703 598 1827 668 βασι

1960 598 2205 653 vicissim
2230 601 2531 670 jurassent,
2557 615 2694 654 neve
2725 615 2784 656 se
2815 600 3148 668 inauditum,
3176 602 3543 672 sycophanta-

274 693 397 746 λίδσι
425 694 504 754 ei;
532 689 831 753 Βυζάντιον
855 690 1153 759 ἐκπέμπει.
1181 691 1292 745 Καὶ
1318 690 1513 762 πρῶτα
1543 693 1643 760 μὲν
1669 692 1853 760 ὅρκοις

274 782 566 836 ἑπιστοῦτο
592 780 666 843 ὡς
691 780 846 833 οῦδὲν
873 781 1018 852 αὐτῷ
1045 781 1155 836 τῶν
1179 783 1648 854 κατηγορημένων
1677 798 1853 835 συνει-

272 874 390 943 δείη
417 889 431 905 ·
466 874 659 926 ἔπειτα
692 873 861 927 ἐδεῖτο
893 877 969 942 μὴ
1001 874 1109 928 τῶν
1137 875 1304 946 ὀλίγῳ
1336 879 1603 949 πρότερον
1631 877 1723 930 ἐπὶ
1754 874 1850 928 τοῦ

272 966 618 1037 πατριάρχου
654 967 792 1035 πρδς
826 966 1089 1035 ἀλλήλους
1123 968 1307 1031 αὐτοῖς
1343 970 1727 1039 γεγενημένων
1759 971 1853 1039 ὅρ-

273 1074 387 1110 κων
423 1055 778 1122 ἐκλαθέσθαι,
829 1055 966 1127 μηδὲ
1010 1059 1223 1126 ἐρήμην
1261 1058 1427 1111 αὑτοῦ
1468 1059 1852 1129 καταψηφίσα-

272 1147 398 1200 σθαι
432 1149 545 1210 τοῖς
583 1149 948 1215 συκοφάνταις
982 1148 1318 1220 πειθομένην
1353 1149 1537 1219 μόνοις
1561 1192 1576 1217 ,
1611 1151 1728 1206 ἀλλ’
1755 1152 1848 1205 ἐπὶ

269 1239 426 1310 δίκην
468 1240 676 1302 καλεῖν,
714 1240 807 1293 καὶ
850 1241 958 1291 τῶν
1002 1241 1364 1312 ἐγκλημάτων
1408 1243 1630 1312 ἔλεγχον
1676 1247 1843 1298 ποιεῖο

271 1333 418 1386 σθαι.
448 1333 623 1386 Δὺτῦν
646 1333 755 1403 γάρ
787 1329 926 1386 εἶναι
959 1336 1480 1404 παρεσκευασμένον
1506 1335 1583 1406 τῷ
1614 1353 1849 1406 κατηγο-

271 1424 456 1496 ροῦντι
497 1422 662 1477 παντὶ
697 1423 1185 1479 ἀντικαθίστασθαι
1233 1429 1366 1495 πρὸς
1405 1429 1563 1493 δίκην
1589 1447 1601 1460 ο
1636 1433 1750 1494 τοῖς
1787 1430 1844 1483 δὲ

266 1511 635 1580 ἐκπεμφθεῖσι
682 1512 946 1581 πρέσϐεσι
996 1514 1338 1581 προθεσμίαν
1372 1518 1607 1586 ’ἡμερῶν
1652 1518 1847 1588 παρεί-

263 1620 391 1673 χετο
428 1604 565 1672 ὅσην
602 1603 741 1673 ῷετο
780 1604 1041 1671 ἀρκέσειν
1080 1605 1342 1675 βασιλίδι,
1383 1607 1522 1662 ὥστε
1571 1613 1698 1680 περὶ
1734 1611 1842 1665 τῶν

264 1697 551 1767 παρόντων
595 1697 948 1768 σκεψαμένην
988 1700 1232 1771 ἀκριϐῶς
1272 1702 1571 1770 ἀπολογίαν
1613 1705 1845 1758 ἀποδοῦ-

259 1803 383 1839 ναι’
424 1787 490 1841 ἵν’
515 1789 565 1841 εί
609 1787 707 1856 μὲν
744 1788 878 1859 ὁμοῦ
910 1789 980 1843 τὰ
1017 1790 1268 1862 λυσιτελῆ
1311 1794 1405 1846 καὶ
1443 1793 1629 1849 δίκαια
1666 1795 1841 1864 πράτ-

258 1896 373 1932 τειν
397 1880 651 1952 ᾑρημένη
679 1882 1032 1953 δικαστήριον
1057 1884 1293 1949 καθίζοι,
1323 1886 1416 1938 καὶ
1441 1886 1537 1954 τὴν
1565 1888 1841 1954 ἀπόδειξιν

1957 704 2079 742 rum
2108 689 2516 745 -tantummodo
2551 689 2780 744 vocibus
2808 702 3077 761 permota,
3114 706 3270 746 reum
3303 708 3548 761 pronun-

1955 779 2073 840 tiet,
2094 777 2187 833 sed
2210 780 2266 831 in
2288 778 2548 847 judicium
2576 789 2753 846 vocet,
2774 779 2866 834 ubi
2889 782 3121 835 crimina
3152 781 3255 836 sibi
3290 782 3544 852 imposita

1954 869 2404 924 demonstrentur
2426 889 2440 923 :
2466 885 2524 925 se
2551 870 2698 924 enim
2733 878 3004 940 paratum,
3032 874 3209 929 cuivis
3231 879 3540 931 accusatori

1950 961 2098 1029 apud
2127 960 2401 1031 legitimos
2421 960 2634 1030 iudices
2666 961 3025 1030 respondere.
3063 963 3281 1032 Legatis
3310 974 3527 1019 certum

1952 1048 2167 1103 dierum
2210 1065 2501 1104 numerum
2541 1051 2795 1120 praeﬁxit.
2829 1061 2964 1118 quot
2997 1053 3336 1120 imperatriei
3382 1052 3533 1107 suﬁi-

1951 1153 2163 1203 cerent,
2197 1151 2258 1196 ut
2308 1158 2365 1196 re
2417 1142 2672 1212 praesenti
2722 1142 3017 1211 diligenter
3061 1145 3409 1200 considerata
3459 1160 3526 1199 ac

1948 1248 2238 1303 perpensa,
2267 1249 2592 1303 responsum
2619 1234 2806 1288 daret:
2833 1243 2892 1288 ut
2916 1235 2963 1288 si
2987 1232 3272 1291 commode
3301 1252 3368 1291 ac
3386 1238 3535 1307 juste

1946 1341 2131 1383 secum
2159 1342 2321 1396 agere
2350 1327 2559 1389 volens,
2587 1326 2857 1396 judicium
2887 1328 3268 1390 constitueret,
3302 1329 3534 1384 etdela-

1948 1420 2159 1474 tionnm
2196 1418 2555 1489 probationes
2588 1418 2854 1487 exigeret,
2895 1419 3224 1472 sententiam
3281 1419 3531 1488 judicum

1945 1517 2413 1583 qualemcunque,
2449 1512 2656 1579 absque
2691 1511 2841 1563 omni
2874 1511 3199 1564 curiositate
3234 1512 3365 1564 boni
3401 1526 3536 1565 eou—

1944 1605 2173 1668 suleret,
2202 1618 2274 1657 ne
2308 1602 2488 1658 civilis
2520 1602 2647 1657 belli
2683 1602 2828 1671 quod
2857 1602 3301 1669 expectabatur,
3345 1601 3541 1673 inccn-l

1943 1698 2095 1753 dium
2149 1706 2488 1767 erumperet.
2546 1695 2641 1751 Sin
2692 1712 2752 1750 se
2815 1694 3130 1764 improbum
3170 1695 3422 1756 duceret,
3474 1704 3533 1748 et

1942 1788 2089 1857 quod
2131 1788 2346 1859 justitia
2377 1787 2707 1857 postularet,
2744 1786 2927 1840 facere
2958 1786 3151 1846 nollet,
3189 1794 3244 1838 et
3275 1794 3369 1838 aut
3402 1784 3530 1838 nul-

1941 1882 2049 1935 lam
2093 1880 2508 1950 inquisitionem
2555 1878 2858 1949 pateretur,
2893 1886 2990 1932 aut
3025 1885 3243 1946 tempus
3291 1877 3523 1941 ducens,

258 1969 371 2021 τῶν
418 1969 727 2039 λεγομένων
778 1973 1059 2042 ἀπαιτοίη,
1110 1974 1315 2046 στέργῃ
1364 1977 1436 2029 τὰ
1490 1977 1830 2047 ἐψηφισμένα

1944 1975 2086 2029 ultra
2147 1974 2436 2029 deﬁnitum
2488 1988 2586 2027 eos
2624 1980 2975 2036 moraretur,
3028 1971 3144 2025 Deo
3198 1970 3527 2039 injuriarum

257 2062 354 2114 καὶ
392 2063 553 2125 αὐτὸς
592 2064 754 2116 ὁποῖά
798 2063 918 2117 ποτ’
943 2066 1009 2118 ἄν
1122 2068 1602 2138 πολυπραγμονῶν
1647 2071 1830 2140 μηδὲν¹

1943 2071 2082 2117 teste
2123 2062 2420 2132 appellato,
2455 2077 2579 2131 quae
2609 2061 2664 2115 in
2698 2077 2813 2117 rem
2854 2077 3008 2116 suam
3040 2076 3378 2130 suorumque
3412 2060 3528 2116 fore

260 2153 388 2224 ἶν”η
432 2153 862 2226 προσδοκωμένη
907 2156 1001 2209 τοῦ
1046 2158 1374 2226 συγγενικοῦ
1418 2161 1660 2230 πολέμου
1708 2163 1830 2231 φλὸξ

1941 2151 2330 2213 arbitraretur,
2365 2167 2432 2205 ea
2483 2154 2851 2220 transigeret;
2883 2151 3040 2219 prius
3072 2165 3195 2219 quae
3223 2151 3526 2204 constituta

256 2246 624 2316 ἀπομαρανθῇ
654 2262 670 2278 ’
704 2246 770 2301 ἂν
799 2248 844 2301 δ’
868 2250 1210 2321 ἀγνωμονοῖη
1251 2252 1343 2305 καὶ
1383 2254 1457 2322 μὴ
1496 2253 1739 2322 βούλοιτο
1771 2258 1830 2310 τά

1939 2243 2069 2306 sint,
2103 2243 2319 2298 etia'nsi
2356 2243 2540 2296 omnia
2565 2257 2782 2297 sursum
2823 2257 2888 2296 ac
2918 2240 3176 2295 deorsum
3220 2242 3523 2295 misceren-

254 2338 438 2392 δὶκαια
462 2341 656 2402 ποιεῖν,
681 2340 795 2393 ἀλλ’
818 2341 851 2411 ἢ
882 2342 1149 2413 μηδαμῶς
1172 2345 1271 2415 τὴν
1294 2344 1541 2410 ἐξέτασιν
1566 2350 1830 2419 ἀνέχοιτο,

1941 2347 2049 2400 tur,
2091 2351 2200 2391 non
2235 2344 2537 2389 moturum.
2571 2333 2706 2389 Cum
2743 2335 2827 2387 his
2857 2332 3131 2388 mandatis
3161 2332 3325 2401 legati
3357 2330 3491 2400 Didy
3512 2360 3524 2370 -

256 2433 290 2502 ἢ
316 2432 409 2486 τὸν
434 2435 626 2505 καιρὸν
649 2434 1075 2505 ὑπερτιθεμένη,
1101 2438 1442 2507 διακρούοιτο
1468 2442 1665 2505 αὐτοὺς
1695 2442 1830 2512 μετά

1937 2429 2179 2482 motieho
2211 2427 2580 2497 egredientes,
2612 2426 2706 2480 ubi
2740 2425 3004 2497 Selybriae
3049 2424 3516 2494 propinquarum,

118 2526 141 2545 "
252 2525 355 2594 τὴν
379 2526 676 2596 είρημένην
698 2525 1059 2596 προθεσμίαν,
1086 2528 1176 2582 τὸν
1202 2529 1334 2581 Θεὸν
1362 2531 1459 2599 τῆς
1489 2533 1704 2598 ἀδικίας
1734 2535 1830 2589 καὶ

1934 2535 1963 2573 a
1996 2520 2318 2574 domesticis
2350 2519 2689 2588 Apocaucbi,
2720 2518 2775 2572 in
2819 2532 2960 2586 quos
2990 2516 3321 2579 inciderant,
3359 2518 3522 2586 equis

253 2615 420 2671 αὐτὸν
455 2617 707 2689 μάρτυρα
752 2621 1235 2688 προστησάμενος,
1273 2620 1310 2674 ἃ
1348 2619 1416 2674 ἂν
1451 2623 1597 2694 αὐτῷ
1631 2642 1691 2677 τε
1738 2627 1830 2680 καὶ

1933 2600 2279 2682 sarcinisque
2304 2611 2549 2681 spoliati.
2574 2619 2631 2664 et
2655 2611 2709 2663 in
2741 2608 3047 2664 custodiam
3074 2608 3322 2662 contrusi
3358 2618 3513 2663 sunt.

252 2709 366 2770 τοῖς
394 2707 646 2762 συνοῦσιν
677 2708 843 2763 οἴοιτο
870 2711 1247 2783 λυσιτελήσειν
1276 2714 1540 2781 πράττειν
1567 2728 1580 2741 '
1616 2718 1747 2785 πρὶν
1774 2717 1830 2770 δὲ

1933 2706 2387 2778 ιιίἀγηιοιίοιιιιιη
2414 2712 2520 2758 tam
2545 2702 2754 2756 nefario
2777 2701 3023 2754 facinore
3047 2699 3520 2763 nuntiato,caeteri

256 2798 426 2870 μηδὲν
461 2803 633 2854 κινεῖν
664 2800 775 2855 τῶν
810 2801 1169 2856 καθεστώτων
1190 2845 1205 2865 ,
1253 2804 1356 2858 κᾶν
1391 2805 1550 2857 πάντ’
1577 2807 1689 2860 ἄνω
1733 2810 1829 2863 καὶ

1933 2796 2157 2868 quidem
2182 2809 2374 2850 omnes
2403 2811 2508 2848 non
2544 2808 2738 2863 parum
2767 2788 3066 2857 indignari,
3091 2786 3256 2859 422
3274 2796 3329 2840 et
3360 2786 3519 2841 mini-

252 2891 404 2945 κάτω
427 2891 689 2961 γινόμενα
712 2891 880 2963 ὁρῴη.
903 2893 966 2948 Οί
987 2893 1086 2961 μὲν
1103 2892 1196 2948 οὖν
1221 2897 1477 2967 πρέσϐεις
1495 2897 1636 2951 οὕτω
1663 2918 1830 2968 προσ-

1933 2905 2016 2943 me
2038 2887 2341 2941 .ferendum
2393 2885 2620 2949 ducere,
2652 2899 2682 2937 a
2711 2880 2997 2936 vilissimis
3028 2878 3367 2940 hominibus,
3406 2887 3516 2931 tam

249 2968 570 3047 τεταγμένοι
622 2978 918 3047 πράττειν,
947 2978 1175 3050 ἐξῄεσαν
1228 2983 1637 3056 Διδυμοτείχου.
1673 2988 1828 3042 Ἐπεὶ

1933 2979 2071 3035 fmde
2111 2981 2228 3034 sine
2255 2980 2362 3033 ulla
2383 2993 2547 3033 causa
2574 2977 2817 3029 multari.
2839 2978 2907 3029 At
2931 2990 3161 3043 magnus
3182 2971 3519 3028 domesticus

250 3070 309 3123 δι
343 3071 423 3132 εἰς
458 3069 766 3143 Σηλυϐρίαν
797 3064 933 3139 ἧκον
954 3112 968 3134 ,
1004 3074 1051 3125 οῖ
1089 3075 1151 3126 ἐκ
1185 3074 1283 3142 τῆς
1320 3081 1823 3149 παρακοιμωμένου

1933 3086 2025 3126 eos
2048 3070 2366 3133 admonere,
2394 3084 2462 3124 ne
2489 3069 2541 3121 id
2573 3068 2904 3122 imbecillius
2929 3068 3172 3133 ferrent;
3203 3082 3262 3121 se
3292 3078 3516 3135 quoque

248 3160 424 3222 οἰκίας
453 3162 765 3233 ἐντυχόντες
783 3204 798 3228 ,
826 3165 920 3217 καὶ⁸
949 3165 1150 3226 ἵππους
1175 3167 1575 3236 διαρπάσαντες
1602 3174 1699 3225 καὶ
1725 3175 1826 3244 τὴν

1933 3164 2260 3228 existimare,
2283 3176 2391 3215 non
2420 3160 2560 3215 bene
2590 3161 2698 3214 illis
2729 3161 2780 3213 id
2802 3168 3160 3224 eventurum,
3204 3168 3255 3214 et
3291 3174 3516 3227 magna-

247 3253 417 3322 ιλλην
446 3254 757 3325 ἀποσκευὴν
778 3298 793 3322 ,
825 3256 1023 3320 αὐτοὺς
1052 3253 1201 3328 εἶχον
1229 3262 1286 3312 ὲν
1318 3264 1553 3333 φρουρᾷ.
1593 3264 1822 3332 Ἀγγελ-

1933 3272 2048 3309 rum
2081 3270 2265 3310 rerum
2295 3268 2416 3308 esse
2445 3253 2695 3322 quaedam
2732 3252 3090 3307 fundamenta
3122 3266 3185 3305 ac
3218 3251 3510 3320 prooemia.

250 3341 451 3397 θέντων
482 3344 537 3398 δὲ
571 3347 683 3409 τοῖς
719 3348 776 3400 ἐν
812 3348 1180 3420 Διδυμοτείχῳ
1212 3351 1321 3404 τῶν
1360 3357 1489 3424 περὶ
1521 3358 1648 3418 τοὺς
1686 3360 1824 3429 πρέ-

1933 3347 2297 3403 Perstandum
2330 3355 2512 3400 tamen
2547 3345 2600 3398 in
2638 3345 2725 3399 his
2752 3346 3015 3414 quaeﬁpsi
3037 3344 3435 3411 decrevissent,
3456 3351 3517 3397 et

249 3437 400 3501 σϐεις
426 3438 848 3509 τετολμημένων
876 3441 967 3493 καὶ
999 3442 1110 3495 οὐδ’
1131 3446 1358 3498 ἀνεκτὸν
1390 3447 1651 3515 ἡγοῦντο,
1680 3450 1824 3505 οὕτω

247 3527 405 3596 παρὰ
437 3527 658 3595 φαύλων
690 3531 780 3582 ἐπὶ
819 3531 1064 3601 μηδεμιᾷ
1101 3535 1378 3603 προφάσει
1414 3540 1821 3609 προπηλακίζε-

245 3618 373 3670 σθαι
410 3616 735 3684 ἀνθρὼπων.
771 3618 830 3673 '0
875 3620 1048 3690 μέγας
1086 3623 1144 3676 δὲ
1202 3624 1523 3694 δομέστικος
1589 3630 1820 3701 παρῄνει

249 3708 328 3781 μὴ
360 3709 721 3780 μικροψυχεῖν
741 3726 755 3742 ·
784 3713 994 3766 οῖεσθαι
1029 3714 1129 3783 μὲν
1155 3717 1263 3787 γάρ
1293 3719 1387 3770 καῖι
1414 3721 1574 3785 αὐτὸς
1602 3722 1700 3774 οὐκ
1733 3723 1821 3775 ἔπ’

241 3797 438 3870 ἀγαθῷ
471 3800 540 3853 τά
569 3800 795 3854 τοιαῦτα
829 3803 1211 3875 τελευτήσειν,
1247 3807 1383 3860 ἀλλά
1419 3810 1673 3878 μεγάλων
1705 3811 1824 3863 ἔσε-

245 3888 373 3940 σθαι
406 3890 749 3959 πραγμάτων
775 3890 1065 3955 ὑποθέσεις
1089 3908 1105 3925 ο
1134 3894 1245 3947 δεῖν
1268 3895 1323 3947 δὲ
1353 3896 1502 3964 ὅμως
1529 3900 1638 3961 τοῖς
1669 3899 1823 3970 παρὰ

246 3975 434 4044 σφίσιν
454 3976 640 4040 αὐτοῖς
663 3979 924 4048 ἐμμένειν
945 3979 1360 4053 ἐψηφισμένοις,
1384 3986 1477 4038 καὶ
1504 3986 1671 4056 μηδὲν
1693 4005 1823 4042 νεω-

242 4068 517 4139 τερίζειν,
552 4070 684 4139 πρὶν
716 4071 818 4142 τὴν
849 4071 1190 4144 προθεσμίαν
1218 4075 1394 4147 ήκειν.
1428 4078 1505 4131 Οὐ
1539 4081 1649 4151 γὰρ
1685 4080 1823 4149 ἀγα-

243 4159 337 4214 θὸν
367 4162 481 4225 τοῖς
516 4161 668 4232 παρά
703 4163 858 4231 σφίσι
893 4166 1248 4236 κεκριμένοις
1282 4170 1500 4223 ἐναντία
1533 4172 1819 4243 πράττειν.

1925 3441 2103 3496 donec
2118 3438 2238 3493 dies
2262 3436 2525 3507 przeiinita
2555 3436 2847 3501 illuxisset,
2874 3436 3012 3490 nihil
3037 3435 3373 3491 novandum.
3392 3435 3516 3490 Non

1922 3532 2070 3588 enim
2113 3531 2399 3600 expedire,
2431 3539 2620 3583 contra
2652 3544 2807 3583 suam
2845 3528 3022 3598 ipsius
3052 3529 3387 3582 sententiam
3415 3542 3515 3581 ve-

1923 3625 2069 3678 nire.
2098 3621 2253 3687 Quod
2292 3621 2337 3675 si
2371 3620 2502 3691 quid
2536 3630 2732 3690 printer
2757 3620 3075 3689 opinionem
3107 3622 3275 3674 etiam
3310 3618 3517 3674 nostril

1923 3715 2117 3785 legatis
2157 3712 2379 3777 accidit,
2432 3711 2572 3765 nihil
2618 3712 2840 3766 mirum.
2877 3711 3011 3766 Nam
3059 3711 3321 3780 praefecto
3351 3710 3512 3765 cubi-

1923 3805 2031 3859 culi
2088 3812 2146 3859 et
2175 3805 2354 3858 servis
2389 3804 2509 3873 ejus
2543 3804 2880 3857 audentibus
2911 3805 3121 3867 omnia,
3156 3804 3250 3871 qui
3287 3803 3510 3858 tandem

1923 3895 2291 3952 conveniebat
2326 3910 2437 3948 non
2488 3895 2653 3949 etiam
2683 3896 2790 3949 hoc
2834 3895 3083 3950 audere?
3110 3896 3347 3951 Proinde
3387 3910 3514 3966 qum
3586 3944 3589 3947 γ

1925 3988 2020 4042 alii
2067 3989 2231 4043 stulte
2279 3996 2335 4043 et
2373 3987 2720 4044 confidenter
2749 3988 3119 4052 admiserunt,
3166 4005 3230 4043 ea
3272 3990 3513 4059 impera-

1926 4079 2078 4147 triei,
2107 4081 2174 4134 ad
2199 4094 2361 4150 quam
2387 4080 2599 4150 legatos
2622 4080 2897 4144 misimus,
2927 4080 3210 4134 ascribere
3240 4080 3508 4150 injustum

1899 4167 2027 4226 'est.
2050 4169 2133 4224 Ad
2165 4171 2301 4237 haec,
2331 4170 2378 4225 si
2410 4171 2526 4240 ipsa
2557 4186 2658 4240 pro
2687 4186 2915 4225 munere
2941 4185 3043 4225 suo
3072 4185 3299 4225 summae
3328 4170 3544 4239 reipu-.

243 4252 344 4304 Ἂν
376 4251 435 4306 δέ
467 4269 521 4306 τι
559 4254 714 4324 παρά
752 4255 910 4323 δόξαν
943 4258 1039 4310 καὶ
1072 4261 1185 4323 τοῖς
1226 4261 1516 4333 ἡμετέροις
1557 4266 1821 4334 πρέσϐεσι

1933 4260 2080 4315 blicaa
2109 4260 2473 4327 consuluerit,
2505 4273 2560 4316 et
2588 4261 2789 4315 bellum
2829 4261 3126 4316 imminens
3156 4262 3508 4325 discusserit,

241 4343 587 4415 συμϐέϐηκε,
630 4345 945 4418 θαυμαστὸν
984 4351 1159 4406 οὐδέν.
1200 4353 1291 4423 Τῷ
1330 4355 1439 4426 γὰρ
1480 4357 1659 4410 πάντα
1698 4359 1820 4411 τολ-

242 4435 419 4505 μῶντι
445 4441 929 4510 παρακοιμωμένῳ
955 4444 1046 4496 καὶ
1074 4444 1334 4511 οἰκέταις,
1359 4446 1477 4500 οὐδὲ
1505 4447 1572 4500 τὰ
1595 4450 1819 4505 τοιαῦτα

1923 4361 2039 4407 tum
2089 4368 2214 4424 quae
2261 4352 2407 4408 facta
2449 4363 2598 4421 sunt,
2648 4369 2746 4424 pro
2785 4354 2995 4410 nullius
3044 4355 3307 4409 momenti
3350 4352 3513 4410 factis

1923 4443 2130 4502 habere
2167 4445 2410 4501 decebit.
2448 4447 2568 4511 Sin,
2608 4447 2754 4517 quod
2785 4447 2952 4513 absit,
2990 4447 3043 4502 in
3077 4447 3383 4519 majoribus
3407 4449 3509 4502 im-

239 4522 385 4581 είναι
415 4530 809 4603 ἀνεπιχείρητα
840 4534 1118 4603 προσῆκεν
1138 4550 1152 4567 ο
1185 4535 1247 4588 οὐ
1276 4536 1340 4608 δὴ
1370 4538 1580 4594 δίκαιον
1608 4542 1675 4594 τὰ
1704 4545 1816 4607 τοῖς

1933 4539 2083 4609 probi
2119 4537 2353 4605 fuerint,
2390 4549 2503 4593 tum
2533 4555 2643 4593 non
2678 4539 2747 4594 de
2775 4540 2985 4609 parvis,
3023 4540 3119 4595 sed
3154 4542 3222 4595 de
3254 4542 3510 4598 maximis

237 4617 419 4682 ἄλλοις
457 4599 703 4693 ἀνοητως
726 4599 831 4678 καὶ
863 4599 1109 4696 θρασέως
1142 4599 1518 4700 τολμηθέντα,
1552 4636 1617 4704 τῇ
1656 4599 1815 4705 βασιί

1933 4629 2386 4687 consultabimus.
2412 4629 2760 4699 QuaprOpter
2793 4639 2908 4684 tum
2941 4632 3080 4686 hanc
3109 4644 3224 4686 tum
3257 4632 3405 4687 illam
3436 4634 3510 4689 ob

238 4710 342 4764 λίδι
370 4713 507 4783 πρὸς
531 4713 599 4785 ἢν
624 4716 789 4786 ἡμεῖς
813 4718 915 4789 τὴν
941 4720 1241 4788 πρεσϐείαν
1267 4722 1640 4794 πεποιήμεθα,
1666 4728 1814 4796 λογί-

237 4803 454 4871 ζεσθαι.
482 4806 694 4872 ’Δλλως
723 4825 815 4877 τε,
843 4812 892 4864 ει
926 4812 1027 4880 μὲν
1056 4813 1335 4882 ἐκείνηντὰ
1366 4815 1554 4871 δέοντα
1589 4820 1820 4874 ποιοῦσα

242 4897 634 4968 συμφερόντως
680 4901 1032 4969 βουλεύσεται
1079 4904 1207 4976 περὶ
1242 4906 1351 4959 τῶν
1392 4907 1683 4973 ὅλων,›καὶ
1727 4911 1820 4964 τὸν

240 4988 692 5060 προσδοκώμενον
721 4992 963 5063 πόλεμον
990 4994 1254 5060 διαλύσει,
1286 4997 1362 5061 ὡς
1395 4999 1566 5069 μηδὲν
1592 4999 1722 5054 ὄντα
1752 5003 1820 5055 τά

238 5083 582 5151 γεγενημένα
603 5085 867 5155 περιϊδεῖν
891 5090 1192 5158 προσῆκον.
1215 5087 1315 5142 Ἂν
1337 5089 1409 5153 δ’,
1430 5090 1459 5143 δ
1482 5091 1559 5161 μὴ
1585 5091 1817 5159 γένοιτο,

238 5172 380 5245 πρὸς
418 5174 637 5244 μείζονα
667 5177 768 5248 τὴν
799 5179 1035 5232 ἀτοπίαν
1067 5180 1339 5252 ἑξαχθῶσι
1362 5224 1377 5249 ,
1413 5185 1522 5236 τότ’
1550 5184 1651 5255 ήδη
1689 5187 1821 5256 περ)⁸

239 5265 352 5318 τῶν
387 5268 663 5336 μεγίστων
697 5271 863 5339 ἡμῖν,
899 5271 962 5324 οὐ
1006 5273 1137 5344 περὶ
1167 5274 1427 5328 πιούτων
1462 5278 1819 5345 προκείσεται

241 5362 471 5414 σκοπεῖν
495 5375 512 5392 ⁸
550 5361 682 5415 ὥστ’
706 5363 765 5430 ἐξ
801 5365 1135 5436 ἀμφοτέρων
1168 5365 1251 5421 δεῖ
1286 5367 1394 5422 τῶν
1431 5370 1821 5439 γεγενημένων

241 5457 609 5525 καταφρονεῖν
631 5496 647 5522 ,
686 5459 781 5509 καὶ
815 5458 892 5529 μὴ
922 5458 997 5523 ὡς
1030 5458 1160 5529 περί
1189 5476 1354 5515 τινων
1388 5461 1701 5531 ἀναγκαίων
1732 5463 1821 5516 θο-

243 5541 545 5613 ρυϐεῖσθαι.
574 5545 815 5609 Ἐκεῖνος
840 5549 938 5618 μὲν
959 5548 1022 5616 δὴ
1043 5548 1269 5602 τοιαῦτα
1292 5550 1481 5617 εἰπὼν,
1504 5556 1839 5608 κατέπαυσε-

236 5634 343 5705 τὴν
371 5635 639 5707 ταραχὴν,
669 5637 890 5693 πάντων
919 5640 1235 5710 εὐξαμένων
1264 5642 1344 5706 είς
1374 5644 1600 5711 ἀγαθὸν,
1627 5645 1818 5717 ὥσπερ

238 5724 465 5796 εῖρηκεν
512 5729 710 5796 αὐτὸς,
762 5732 1083 5787 ἀποϐαίνειν
1131 5732 1201 5786 τὰ
1251 5735 1497 5804 παρόντα
1527 5773 1543 5801 ,
1578 5739 1690 5790 ⁸καὶ
1743 5739 1820 5811 μη

239 5816 433 5890 ὥσπερ
460 5820 528 5874 ἔκ
555 5821 666 5876 τῶν
693 5828 1090 5898 πραττομένων
1119 5826 1534 5896 ἀναγκάζονται
1567 5830 1824 5901 στοχάζε-

260 5910 387 5975 σθαι
416 5914 588 5980 αὐτοί.
618 5915 777 5972 Οῦτω
807 5918 906 5987 μὲν
932 5906 1027 5974 οὖν
1057 5921 1253 5973 ἐκεῖνοι
1287 5924 1702 5980 κατεστέλλοντο
1732 5926 1824 5980 τοῦ

1923 4736 2180 4787 causam,
2218 4736 2343 4790 qua
2388 4721 2528 4776 facta
2561 4732 2710 4788 sunt,
2753 4723 3183 4791 contemnenda,
3247 4739 3349 4779 nec
3389 4734 3507 4779 tan-

1922 4830 2086 4885 quam
2128 4814 2197 4868 de
2251 4813 2619 4882 singularibus
2667 4814 2977 4869 molestiam
3034 4816 3359 4885 capiendam
3397 4817 3507 4871 aio.

1922 4906 2049 4962 Haec
2081 4905 2177 4960 ubi
2226 4905 2385 4969 dixit,
2423 4906 2719 4960 tumultum
2752 4907 2986 4971 sedavit,
3015 4909 3274 4963 Omnibus
3318 4920 3514 4979 Optan-

1923 5000 2091 5063 tibus,
2117 5007 2181 5052 ut
2202 4998 2666 5068 quemadmodum
2691 4997 2929 5064 dixerat,
2955 5016 3044 5055 res
3069 5000 3208 5055 bene
3227 5010 3508 5057 verteret:

1923 5108 2055 5155 non,
2092 5100 2155 5146 ut
2196 5106 2264 5146 ex
2312 5090 2584 5145 anteactis
2628 5092 2940 5159 conjectare
2988 5092 3097 5161 ipsi
3147 5094 3508 5163 cogebantur.

1924 5184 2350 5240 Tumultuantes
2382 5181 2454 5235 ita
2499 5182 2858 5251 compescuit.
2906 5183 3251 5251 lmperatrix.
3285 5194 3344 5239 ut
3392 5187 3510 5255 pri-

1925 5293 2083 5356 mum.
2119 5277 2324 5347 legatos
2368 5291 2492 5330 esse
2534 5275 2764 5330 violatos
2803 5275 3025 5341 didicit,
3055 5278 3301 5346 graviter
3355 5280 3502 5343 tulit,

1920 5372 2194 5442 jussitque
2226 5379 2476 5441 raptores
2513 5371 2697 5441 spolia
2725 5369 2978 5434 reddere,
3012 5383 3069 5430 et
3104 5373 3172 5429 ad
3200 5388 3277 5432 sse
3308 5375 3511 5445 depor-

1927 5474 2063 5520 tare.
2096 5465 2236 5519 Tum
2269 5465 2604 5534 patriarcha,
2634 5461 2990 5536 reliquisque
3036 5468 3416 5538 optimatibus,
3454 5476 3510 5524 et

1925 5558 2171 5628 Augusta
2222 5571 2408 5613 coram
2460 5557 2865 5626 praesentibus,
2911 5559 3073 5629 legati
3122 5575 3225 5615 suo
3279 5576 3509 5617 munere

1926 5648 2201 5719 perfuncti
2252 5657 2404 5710 sunt,
2433 5648 2651 5705 cunctis
2690 5665 2812 5720 quae
2859 5652 3190 5719 petebantur
3247 5663 3307 5709 ut
3351 5668 3505 5724 requa

1927 5740 2386 5811 approbantibus.
2427 5743 2713 5812 Rogabant
2751 5754 2936 5801 autem
2979 5748 3126 5802 illam
3170 5758 3228 5803 et
3275 5746 3510 5818 patriar-

1929 5834 2087 5889 cham
2140 5834 2331 5904 legati,
2378 5851 2445 5890 ne
2505 5834 2559 5890 in
2616 5840 2786 5894 rebus
2836 5848 2947 5894 tam
3004 5841 3184 5909 magni
3241 5838 3505 5893 momenti

1937 5912 2150 5999 tempus
2205 5928 2555 5997 eximerent,
2606 5932 2701 5986 sed
2755 5934 3014 5991 celeriter
3063 5932 3506 5989 emendationem
