3880 6572
162 412 263 484 837

1329 422 1865 489 HISTORIARUM
1913 418 2147 487 LIBER
2187 423 2302 489 ῐῙῐ.

3309 430 3417 498 838

106 608 113 621 ι
163 530 299 604 ἔχων
321 529 381 585 ἐν
421 530 628 604 χερσίν.
673 494 915 604 Ὀλίγαις
950 534 1083 605 γοῦν
1108 536 1348 609 ἡμέραις
1371 540 1644 612 πρότερον
1670 539 1728 592 ἐν

1833 551 2064 593 caneum
2118 539 2276 602 duxi.
2348 538 2732 612 afﬂrmavique
2790 535 2932 596 n'ihil
2992 541 3416 611 interfuturum,

163 623 449 694 βασιλείοις
498 625 691 695 χρείας
744 627 1053 702 γενομένης
1100 631 1168 687 ἐκ
1222 630 1325 702 τῆς
1375 632 1517 702 ἐμῆς
1560 631 1729 702 σκεύη

164 715 374 785 ἀργυρᾶ
404 715 546 788 ὺπέρ
575 716 829 773 διακόσια
844 719 1050 790 ἠνέχθη
1079 721 1179 775 οὐκ
1204 721 1390 791 ὀλίγου
1415 721 1543 789 ἄξιά
1562 738 1728 785 τινος.

167 808 232 859 ’Δ
268 806 409 877 μετὰ
456 810 556 877 τὴν
582 809 779 880 χρείαν
823 811 935 864 τῶν
964 812 1058 867 ἐπὶ
1088 814 1189 883 τὴν
1225 813 1474 885 φυλακὴν
1502 814 1730 868 ἐκείνων

158 899 507 967 τεταγμένων
532 898 949 972 ἀπολαμϐάνειν
977 902 1273 974 δεομένων,
1308 905 1409 959 οὐκ
1428 905 1730 972 ἀναγκαῖον

155 990 450 1061 ἡγησάμην
472 1006 488 1021 °
522 990 677 1046 οὐδὲν
711 992 939 1049 διοίσειν
973 996 1219 1067 φάμενος
1274 999 1334 1052 ἐν
1362 999 1477 1063 τοῖς
1516 996 1731 1068 βασιλι-

154 1082 269 1144 κοῖς
304 1082 592 1152 τηρεῖσθαι
653 1084 953 1156 ταμιείοις,
990 1088 1024 1161 ἢ
1083 1090 1144 1142 ἐν
1186 1088 1361 1154 οἴκοις
1393 1092 1509 1153 τοῖς
1549 1092 1727 1160 ἐμοῖς.
1762 1146 1769 1151 ,

162 1174 281 1227 Ἔτι
314 1191 378 1242 γε
411 1174 519 1246 μὴν
550 1176 677 1230 οὐδὲ
713 1178 897 1248 νήσων
947 1180 1165 1235 πολλῶν
1219 1184 1316 1238 καὶ
1346 1183 1581 1249 πόλεων,
1633 1184 1730 1236 καὶ

159 1267 417 1336 μειζόνων
454 1270 549 1323 καὶ
609 1269 1253 1346 ἐλαττόνωνρέχομένων
1304 1277 1394 1331 ὑπ’
1438 1277 1600 1349 ἐμοῦ,
1653 1271 1729 1332 ὧν

150 1364 252 1426 ’τὰς
282 1364 381 1434 μιν
410 1365 475 1416 ἐκ
499 1363 609 1419 τῶν
661 1365 883 1421 οίκείων
909 1366 1167 1423 δαπανῶν
1191 1370 1521 1441 ὠκοδόμησα
1541 1371 1727 1434 αὐτὸς,

148 1454 251 1518 ’τὰς
274 1454 319 1507 δ’
349 1456 413 1509 ἐκ
469 1455 742 1527 βασιλέως
771 1457 933 1532 [σχον
990 1461 1228 1532 δωρεὰν,
1282 1463 1545 1534 οὐδεμίαν
1600 1463 1727 1517 οὔτε

152 1544 369 1614 φρουρᾷ
403 1544 690 1615 κατέσχον,
726 1545 851 1601 οὔτε
875 1548 1021 1613 τινὸς
1052 1549 1266 1619 ἠξίωσα
1297 1551 1556 1621 προνοίας
1583 1550 1726 1606 ὥστε

146 1635 418 1706 -ἀσφαλῶς
441 1637 699 1709 κατέχειν
720 1655 737 1673 ·
790 1639 915 1694 ούδέ
962 1658 1016 1695 τι
1045 1643 1155 1695 τῶν
1185 1643 1287 1696 ὅσα
1343 1643 1727 1711 λυσιτελήσειν

151 1727 342 1798 ἔμελλε
376 1728 515 1799 πρὸς
554 1730 652 1801 τὴν
681 1729 927 1787 διάνοιαν
972 1733 1121 1801 ἐμοὶ,
1159 1732 1285 1788 οὔτε
1332 1737 1721 1805 εἰργασμένος,

151 1819 274 1873 οὔτε
306 1821 585 1891 μελλήσας
612 1822 705 1876 ὑπ’
732 1822 946 1889 οὐδενὸς
971 1825 1352 1899 ἐξελεγχθείην
1383 1828 1472 1884 ἄν.
1500 1829 1576 1881 Οὐ
1614 1829 1724 1899 γὰρ

152 1907 322 1979 δήπου
348 1926 413 1976 γε
447 1911 544 1965 καὶ
586 1911 748 1966 τοῦτο
795 1915 1274 1985 κατηγορήσουσιν
1303 1917 1382 1980 ὡς
1437 1918 1729 1989 ἀπραγμο-

154 2005 288 2075 σύνῃ
319 2004 413 2057 καὶ
438 2005 696 2075 πολέμων
726 2006 960 2078 ἀπειρία
987 2009 1069 2073 είς
1101 2009 1258 2064 οὐδὲν
1282 2011 1573 2081 προῆγμαι
1616 2012 1727 2066 τῶν

146 2096 398 2150 δεόντων.
443 2097 588 2165 Ἐγὼ
618 2096 674 2150 δέ
702 2096 807 2152 οὐκ
829 2097 890 2163 ἐξ
910 2092 986 2154 ὧν
1009 2098 1175 2164 αὐτὸς
1216 2101 1726 2172 ἐπραγματευόμην

146 2188 335 2257 μόνον,
366 2186 506 2243 ἀλλὰ
561 2188 659 2242 καὶ
711 2188 869 2260 παρὰ
919 2191 1143 2245 πάντων
1187 2191 1481 2262 Ῥωμαίων
1523 2194 1585 2248 οὐ
1617 2195 1728 2248 τῶν

151 2280 246 2334 νῦν
272 2281 395 2350 ἐμοὶ
431 2280 704 2336 συνόντων
752 2282 909 2353 ὑμῶν
969 2282 1153 2353 μόνον,
1185 2284 1323 2338 ἀλλὰ
1373 2286 1470 2339 καὶ
1521 2287 1633 2340 τῶν
1669 2289 1727 2343 ἐν

148 2370 457 2442 Βυζαντίῳ,
506 2374 604 2428 καὶ
651 2371 763 2427 τῶν
817 2373 1005 2428 ἄλλοθί
1040 2392 1146 2429 που
1179 2374 1282 2447 γῆς
1333 2377 1727 2449 διατριϐόντων

148 2462 422 2530 ἀπόδειξιν
442 2465 541 2534 τῆς
564 2463 828 2535 ἀληθείας
840 2465 1051 2536 ἐναργῆ
1067 2467 1406 2537 πειράσομαι
1427 2470 1723 2524 ποιεῖσθαι.

149 2549 367 2604 Πολλῶν
398 2551 507 2622 γὰρ
528 2550 700 2604 ὄντων
722 2552 817 2605 καὶ
847 2553 1114 2622 μειζόνων
1136 2555 1232 2607 καὶ
1251 2555 1554 2609 ἐλαττόνων
1582 2559 1726 2610 πάνυ

147 2656 210 2691 τε
244 2639 434 2707 φιλίως
472 2640 600 2710 ἐμοὶ
620 2638 1006 2711 διακειμένων,
1046 2644 1150 2697 καὶ
1181 2644 1290 2697 τῶν
1323 2645 1446 2716 μὲν,
1475 2646 1533 2711 ἐξ
1560 2648 1728 2718 αἷμα-

145 2747 241 2795 τος
276 2730 685 2802 προσηκόντων,
741 2732 854 2787 τῶν
906 2734 964 2788 δέ
998 2736 1183 2805 φιλίας
1239 2736 1464 2807 δεσμοῖς
1508 2739 1729 2805 ἀλύτοις

148 2825 514 2896 συνημμένων
538 2826 603 2879 ἐκ
636 2825 850 2881 πολλῶν
885 2828 1047 2895 ἐτῶν,
1088 2830 1237 2900 ἐμοὶ,
1272 2833 1368 2887 καὶ
1394 2832 1595 2905 πολλὴν
1626 2852 1729 2889 πα-

146 2916 513 2988 ρεσχημένων
540 2919 740 2989 πεῖραν
770 2918 831 2972 ἐν
855 2918 1069 2983 πολλοῖς
1094 2919 1195 2991 τῆς
1224 2923 1304 2983 είς
1334 2923 1436 2992 ἐμὲ
1466 2924 1725 2996 στοργῆς,

144 3008 322 3071 οὐδεὶς
349 3007 473 3062 οὔτε
506 3010 615 3063 τῶν
664 3009 952 3082 παρόντων
978 3010 1156 3081 ὑμῶν,
1207 3011 1321 3067 οὔτ’
1354 3014 1409 3067 εί
1434 3033 1517 3080 τις
1547 3018 1729 3071 ἄλλοθί

146 3117 257 3153 που
282 3100 580 3173 διατρίϐοι,
601 3100 808 3158 δύναιτ’
834 3104 901 3157 ἂν
931 3104 1056 3174 ἐμοὶ
1086 3104 1199 3159 τῶν
1254 3110 1730 3179 κατηγορημένων

142 3190 226 3255 ὥς
247 3212 302 3247 τι
349 3193 592 3249 σύνοιδεν
628 3195 896 3267 ἐλέγχειν.
937 3196 1051 3251 Καί
1088 3195 1174 3250 τοί
1232 3214 1298 3267 γε
1328 3200 1466 3262 γπᾶς
1518 3216 1603 3263 τις
1663 3199 1730 3253 ἂν

146 3286 288 3356 φαίη
320 3287 414 3339 καὶ
438 3286 593 3356 όλίγα
619 3288 909 3358 μετασχὼν
928 3288 1163 3360 φρενῶν,
1190 3289 1265 3354 ὡς
1312 3291 1412 3346 οὐκ
1446 3292 1511 3346 ἂν
1542 3293 1724 3349 δυναίο

142 3397 261 3450 μην
292 3379 557 3444 τοιούτοις
590 3380 751 3451 μόνος
779 3381 1082 3452 ἐπιχειρῶν
1108 3398 1123 3413 '
1146 3383 1286 3437 ἀλλὰ
1314 3384 1410 3437 καὶ
1461 3390 1724 3457 στρατιᾶς

144 3471 370 3542 ἐδέησεν
403 3471 469 3526 ἂν
502 3471 642 3543 πρὸς
665 3472 763 3546 τὴν
790 3472 1139 3545 ἐπιχείρησιν
1169 3475 1595 3557 συναιρομένης,
1630 3475 1726 3530 καὶ

145 3564 322 3633 φίλων
351 3564 460 3617 τῶν
505 3564 901 3634 γνησιωτάτων
936 3566 1193 3634 μάλιστα,
1231 3568 1327 3620 καὶ
1384 3566 1583 3638 πολλῆς
1622 3586 1729 3621 πα-

136 3655 451 3726 ρασκευῆς,
477 3652 539 3721 ἐξ
568 3650 636 3728 ἧς
668 3657 771 3710 οὐκ
799 3656 928 3729 ἐνῆν
955 3659 1004 3711 εί
1040 3658 1117 3729 μὴ
1143 3658 1269 3722 τοὺς
1298 3658 1550 3726 πολλοὺς,
1588 3660 1727 3714 ἀλλὰ

141 3746 279 3811 τούς
313 3764 376 3814 γε
406 3747 888 3820 ἐπιτηδειοτάτους
943 3750 1021 3821 μὴ
1051 3751 1149 3821 τὴν
1182 3751 1427 3805 διάνοιαν
1462 3770 1727 3809 καταστο-

138 3838 414 3910 χάζεσθαι
442 3842 551 3894 τῶν
600 3843 964 3913 γιγνομένων.
1001 3840 1067 3896 El
1135 3842 1195 3897 δέ
1251 3844 1336 3907 τίς
1378 3862 1433 3900 τι
1486 3848 1726 3903 τοιοῦτον

139 3933 458 4003 ἐξελέγχειν
489 3930 628 4003 ἔχει,
658 3932 926 4005 παρείτω,
976 3935 1077 3988 καὶ
1117 3936 1406 3993 δεικνύτω.
1459 3940 1599 3993 Ἀλλ’
1627 3942 1731 3995 ούκ

140 4027 214 4081 ἂν
249 4026 387 4096 ἔχοι.
434 4025 577 4095 Ἐγὼ
634 4026 746 4097 γὰρ
800 4027 1027 4097 ἀνδρίας
1057 4031 1158 4098 μὲν
1191 4031 1285 4083 καὶ
1327 4031 1597 4095 συνέσεως
1631 4034 1729 4087 καὶ

138 4120 446 4188 ἐμπειρίας
503 4118 604 4189 τῆς
678 4118 814 4190 πρὸς
880 4119 1008 4182 τοὺς
1066 4120 1340 4191 πολέμους
1393 4124 1608 4190 πολλοῖς
1661 4126 1729 4181 ἂν

142 4213 629 4280 παραχωρήσαιμι
652 4210 748 4264 καὶ
770 4209 879 4262 τῶν
907 4210 1077 4265 πάλαι
1093 4214 1188 4266 καὶ
1204 4214 1315 4268 τῶν
1343 4214 1439 4268 νῦν
1461 4257 1477 4283 ,
1507 4218 1729 4288 τρόπων

134 4300 204 4355 δὲ
233 4301 532 4372 εὐθύτητος
589 4302 688 4355 καὶ
742 4301 1029 4374 ἀληθείας,
1067 4303 1244 4359 οὐδενί
1274 4322 1290 4337 ’
1349 4302 1434 4372 οἷς
1492 4310 1728 4378 μάλιστα

141 4391 272 4444 νυνὶ
304 4392 587 4462 θαρρήσας
611 4391 1070 4464 παρῤησιάζομαι
1094 4395 1343 4452 τοιαῦτα.
1380 4398 1439 4449 Εί
1467 4398 1531 4469 δὴ
1577 4399 1641 4452 ἐκ
1666 4418 1727 4455 τε

138 4478 224 4538 ὧν
279 4484 792 4556 ἐπραγματευόμην
847 4486 1031 4550 αὐτὸς,
1064 4487 1128 4541 ἐκ
1157 4505 1216 4541 τε
1262 4489 1368 4543 τῶν
1394 4490 1486 4544 τδν
1513 4492 1728 4548 ἅπαντα

138 4577 344 4647 χρόνον
415 4578 685 4631 συνόντων
741 4578 899 4648 ὑμῶν
941 4580 1089 4650 ἐμοὶ,
1134 4582 1273 4651 μήτε
1329 4583 1725 4653 ὑποπτευθεὶς,
1759 4601 1804 4656 ι)

144 4673 293 4741 μήτε
314 4669 678 4740 εἰργασμένος
710 4670 983 4740 φαίνομαι
1010 4665 1086 4726 ὧν
1115 4675 1507 4746 κατηγόρημαι
1535 4679 1726 4748 μηδὲν,

138 4763 251 4815 ούκ
279 4761 345 4815 ἄν
365 4778 451 4824 τις
481 4762 547 4815 ἂν
580 4762 704 4831 ἐμοὶ
730 4761 959 4827 δικαίως
990 4766 1278 4834 ἐπενέγκοι
1307 4770 1537 4839 μέμψιν,
1565 4772 1639 4835 ὡς
1666 4774 1729 4825 οὐ

141 4852 547 4923 προσηκόντως
578 4853 718 4924 πρὸς
746 4854 817 4907 τὰ
841 4857 1198 4925 πραττόμενα
1241 4857 1560 4932 ἐξαγομένῳ
1591 4864 1731 4935 πρὸς

141 4945 347 5014 ὀργήν.
378 4941 527 4995 Ἔδει
584 4943 694 5012 γὰρ
725 4942 971 5015 βασιλίδα
1020 4946 1110 4999 τόν
1132 4964 1193 5000 τε
1245 4950 1448 5020 τρόπον
1480 4953 1604 5023 ἐμοὶ
1642 4954 1733 5007 τὸν

140 5034 390 5104 ἐξαρχῆς
424 5032 498 5097 ὡς
554 5033 616 5087 οὐ
669 5034 1069 5105 διεφθαρμένος
1104 5039 1436 5105 συνειδυῖαν,
1498 5047 1589 5095 καὶ
1629 5045 1731 5112 τὴν

141 5126 292 5196 ἐμοῦ
324 5126 419 5181 καὶ
456 5125 722 5196 βασιλέως
752 5127 1109 5198 ἀπαράμιλον
1156 5131 1375 5200 ἐκείνην
1406 5134 1501 5187 καὶ
1534 5134 1723 5206 θαυμα

146 5217 430 5288 σιωτάτην
460 5231 667 5287 φιλίαν,
700 5220 797 5271 καὶ
821 5224 922 5290 τὴν
947 5220 1089 5290 μετὰ
1112 5219 1213 5291 τὴν
1236 5221 1451 5277 ἐκείνου
1473 5223 1736 5297 τελευτὴν

144 5310 302 5381 ὑπὲρ
330 5310 438 5363 τῶν
461 5311 676 5365 ἐκείνου
696 5310 911 5365 παίδων
934 5313 1030 5365 καὶ
1060 5313 1233 5384 αὐτῆς
1262 5315 1469 5387 πολλὴν
1496 5320 1736 5390 σπουδὴν

122 5404 251 5475 ,καὶ
313 5404 654 5475 προθυμίαν,
709 5403 785 5476 μὴ
840 5407 1209 5474 συκοφάνταις
1262 5408 1581 5481 ἀνθρώποις
1638 5416 1736 5467 καὶ

138 5494 470 5566 διεφθορόσι
529 5497 815 5551 πείθεσθαι
838 5534 858 5565 ,
891 5498 1027 5552 ἀλλὰ
1069 5494 1227 5569 ἐμοΓ
1249 5503 1539 5574 προσέχειν
1559 5506 1735 5574 ὀρθῶς

141 5588 256 5642 καὶ
302 5588 529 5655 δικαίως
578 5590 722 5661 ὑπὲρ
755 5591 944 5657 αὐτοῖς
995 5592 1430 5668 πολιτευομένῳ.
1480 5599 1635 5653 Ἐπεὶ
1678 5603 1737 5656 δὲ

144 5679 433 5751 βάσκανός
469 5699 556 5747 τις
582 5683 795 5753 δαίμων
822 5682 931 5737 τῶν
959 5685 1350 5757 ἐξητασμένων
1407 5690 1502 5742 ἐπὶ
1529 5690 1733 5762 φθορᾷ,

139 5774 223 5827 τὰ
256 5775 359 5841 μὲν
382 5775 561 5846 ἁληθῆ
586 5776 684 5830 καὶ
709 5775 896 5831 δίκαια
928 5779 1056 5849 περὶ
1110 5780 1246 5849 ἐμοῦ
1297 5784 1594 5838 πεπεῖσθαι
1633 5786 1735 5839 οὐκ

140 5862 395 5938 ἀφῆκεν,
434 5863 628 5935 ἐχθρὸν
666 5864 723 5920 δέ
754 5866 874 5920 ἀντὶ
904 5866 1086 5936 φίλου,
1138 5874 1235 5923 καὶ
1291 5870 1552 5942 πολέμιον
1612 5876 1735 5929 ἀντὶ

1833 637 2015 683 utrum
2046 629 2104 684 in
2133 631 2332 687 aerario
2354 632 2727 703 imperatoris,
2744 648 2813 686 an
2840 632 2895 686 in
2917 633 3128 688 aedibus
3146 634 3285 690 meis
3302 649 3416 690 sere

1830 732 2114 780 varentur.
2145 725 2422 782 Praeterea
2451 741 2580 781 cum
2639 726 2851 782 insulas
2890 736 2947 781 et
2990 727 3156 783 urbes
3182 728 3418 798 majores

1829 816 2186 889 minoresque
2236 816 2547 873 obtinerem
2589 818 2814 880 multas,
2853 834 3086 887 quarum
3117 819 3253 874 alias
3280 822 3419 875 meis

1828 912 2141 983 sumptibus
2159 911 2450 977 aedificavi,
2478 910 2614 966 alias
2645 910 2791 965 dono
2818 911 2887 966 ab
2910 911 3241 981 imperatore
3259 929 3419 969 acee.

1829 1002 1907 1071 pi,
1944 1002 2080 1055 nulli
2115 1016 2306 1056 earum
2329 1000 2645 1072 praesidium
2675 1000 2939 1070 imposui,
2969 1017 3072 1057 nec
3099 1018 3212 1073 quo
3243 1005 3419 1058 tutius

1829 1104 1923 1144 eas
1946 1088 2311 1158 possiderem,
2349 1089 2459 1143 ulla
2508 1103 2641 1145 cura
2692 1089 2952 1160 dignatus
2986 1106 3130 1145 sum.
3174 1091 3287 1147 Nec
3330 1108 3418 1147 me

1828 1181 2117 1252 quisquam
2137 1183 2473 1252 coarguerit,
2492 1191 2587 1237 aut
2611 1182 2929 1248 fecisse,aut
2952 1183 3222 1239 facturum
3245 1184 3417 1240 fuisse

1828 1271 2107 1343 quippiam
2119 1273 2284 1345 ,quod
2302 1273 2436 1328 mihi
2461 1274 2595 1329 utile
2610 1289 2733 1329 cum
2752 1274 2938 1328 animo
2960 1290 3082 1329 meo
3096 1274 3419 1330 constituis-

1829 1377 1967 1416 sem.
1999 1362 2110 1419 Nec
2135 1365 2191 1429 in
2216 1363 2346 1429 hoc,
2398 1364 2588 1429 credo,
2627 1366 3004 1448 accusabunk
3035 1365 3180 1434 quod
3215 1365 3328 1420 etio
3351 1379 3417 1420 ac

1828 1452 2055 1509 desidiae
2080 1454 2324 1521 deditus,
2367 1464 2423 1511 et
2476 1455 2718 1511 bellandi
2750 1455 2969 1511 inscitia
2996 1455 3208 1510 nullum
3235 1471 3418 1526 operae

1828 1543 2069 1613 pretium
2108 1544 2475 1615 feCerim.Ego
2496 1561 2627 1601 vero
2643 1561 2753 1601 non
2770 1562 2836 1602 ex
2850 1545 3133 1603 laboribus
3149 1546 3416 1604 duntaxat

1828 1636 1989 1702 meis,
2013 1636 2108 1691 sed
2138 1639 2383 1692 omnium
2410 1639 2781 1694 Romanorum
2822 1638 3160 1703 testimonio,
3186 1654 3296 1695 non
3328 1655 3418 1695 so-

1830 1720 1942 1776 lum
1965 1733 2166 1788 vestro,
2186 1725 2279 1794 qui
2306 1742 2455 1780 nunc
2478 1741 2693 1783 mecum
2718 1725 2988 1788 militatis,
3010 1726 3104 1781 sed
3124 1736 3179 1781 et
3197 1726 3290 1796 qui
3312 1727 3417 1799 By‘

1830 1812 1998 1865 zantii
2044 1822 2100 1866 et
2130 1813 2259 1867 alibi
2290 1824 2559 1868 terrarum
2578 1816 2793 1880 vivunt,
2822 1813 3417 1871 veritatem'evidentet'

1756 1895 1800 1952 Β
1826 1904 2006 1960 enitar
2025 1906 2420 1960 demonstrare.
2434 1905 2571 1961 Cum
2588 1921 2822 1976 namque
2842 1907 3230 1970 multi,sumtni
3248 1918 3415 1978 atque

1831 1994 2026 2060 intimi,
2077 2006 2132 2051 et
2184 2014 2377 2053 omnes
2429 2014 2584 2067 aeque
2636 1999 2742 2051 mei
2800 1998 2987 2069 cupidi
3043 1999 3170 2065 sint,
3207 1999 3414 2070 aliique

1830 2089 2096 2158 sanguine
2131 2089 2432 2161 conjuncti,
2479 2091 2572 2145 alii
2623 2091 2881 2146 amicitiae
2930 2092 3166 2147 vinculis
3198 2092 3413 2147 insolu-

1829 2177 2035 2232 bilibus
2122 2196 2337 2234 mecum
2410 2182 2672 2249 copulati,
2748 2181 2954 2251 quique
3017 2181 3205 2237 multis
3298 2182 3413 2253 jam

1827 2272 1988 2326 annis
2037 2280 2091 2325 et
2148 2272 2525 2342 compluribus
2579 2272 2633 2326 in
2694 2272 2865 2327 rebus
2923 2272 3129 2328 amoris
3160 2289 3289 2345 erga
3324 2290 3413 2331 me

1828 2362 2090 2433 praecipui
2124 2364 2456 2417 documenta
2490 2363 2786 2429 dederunt,
2849 2365 3037 2420 nullus
3086 2380 3267 2437 neque
3315 2380 3413 2422 ve-

1829 2464 2006 2509 strum
2040 2455 2137 2524 qui
2171 2455 2395 2516 adestis,
2432 2471 2610 2523 neque
2661 2454 2790 2510 alibi
2842 2455 3160 2527 degentium
3214 2457 3415 2525 docere

1829 2546 2025 2618 possit,
2055 2561 2113 2599 se
2147 2547 2318 2600 ullum
2353 2546 2421 2601 de
2454 2562 2539 2601 me
2576 2548 2786 2601 crimen
2825 2563 3013 2616 nosse,
3048 2558 3284 2619 quorum
3319 2564 3413 2605 ac-

1830 2651 2017 2691 cusor.
2059 2638 2127 2691 Et
2164 2649 2345 2691 tamen
2378 2638 2762 2708 unusquisque
2808 2654 2917 2693 non
2988 2641 3149 2711 plane
3179 2640 3415 2699 stolidus

1829 2728 2209 2793 conﬁtebitur,
2247 2745 2333 2784 me
2368 2729 2548 2784 solum
2582 2730 2710 2785 talia
2757 2731 2937 2786 moliri
2975 2728 3081 2787 nOn
3138 2733 3413 2805 petuisse,

1829 2821 1927 2876 sed
1960 2830 2017 2875 et
2060 2822 2256 2890 cepiis,
2289 2831 2345 2876 et
2379 2822 2575 2877 amicis
2609 2823 2771 2894 longe
2820 2824 3125 2891 ﬁdissimis,
3154 2836 3210 2882 et
3249 2842 3417 2899 appa-

1830 2924 1952 2968 ratu
1982 2915 2221 2984 plurimo
2264 2914 2593 2986 indiguisse,
2626 2932 2694 2970 ex
2742 2933 2854 2987 quo
2904 2918 2951 2974 si
2993 2935 3103 2975 non
3142 2920 3324 2991 vulgo,
3357 2930 3417 2979 at

1830 3009 1941 3062 mei
1971 3008 2329 3062 amicissimis
2359 3008 2555 3063 liceret
2586 3010 2864 3081 colligere,
2892 3011 3022 3081 quid
3052 3011 3160 3066 sibi
3218 3014 3419 3069 vellent

1831 3115 1955 3173 qua:
2012 3098 2231 3154 tierent.
2283 3098 2447 3171 427
2514 3099 2571 3154 Si
2625 3101 2751 3171 quis
2797 3103 2904 3158 tale
2937 3103 3148 3174 aliquid
3177 3106 3416 3174 probare

1832 3201 2035 3261 potest,
2086 3192 2314 3247 accedat
2370 3192 2525 3259 licet,
2560 3201 2617 3248 et
2669 3194 2887 3264 probet.
2924 3197 2995 3249 At
3022 3212 3134 3251 non
3185 3198 3413 3268 poterit.

1840 3285 2107 3355 Equidem
2138 3301 2246 3356 qua
2298 3284 2647 3351 fortitudine,
2685 3302 2794 3357 qua
2845 3287 3164 3358 prudentia,
3203 3306 3416 3359 usuque

1835 3378 2060 3433 militari
2114 3389 2168 3433 et
2218 3380 2571 3449 superiorum
2623 3390 2680 3435 et
2730 3382 2905 3436 nostri
2985 3384 3169 3439 saeculi
3225 3384 3416 3439 multis

1835 3468 2232 3533 concesserim,
2274 3470 2526 3539 probatis
2580 3480 2765 3525 autem
2797 3472 3047 3527 moribus
3075 3489 3139 3528 ac
3169 3476 3418 3529 veritatis

1834 3562 2019 3617 studio
2047 3563 2277 3630 nemini,
2307 3563 2510 3633 quibus
2559 3565 2907 3634 potissimum
2959 3583 3107 3622 nunc
3151 3568 3415 3631 conﬁnis.

1834 3653 1953 3709 bzec
1986 3654 2157 3709 libere
2190 3670 2310 3707 sum
2342 3655 2685 3724 prolocutus.
2724 3654 2780 3709 Si
2813 3656 2985 3726 igitur
3019 3672 3200 3727 neque
3233 3674 3298 3712 ex
3331 3657 3418 3714 his

1835 3756 1957 3811 quae
2009 3741 2125 3810 ipse
2171 3739 2387 3795 ellieere
2438 3741 2723 3807 contendi,
2773 3756 2954 3813 neque
3004 3759 3071 3799 ex
3104 3746 3282 3811 vobis,
3320 3745 3417 3816 qui

1835 3851 2054 3891 mecum
2086 3849 2304 3904 semper
2332 3833 2539 3897 fuistis,
2568 3834 2655 3889 vel
2691 3845 3009 3905 suspectus,
3042 3837 3125 3891 vel
3163 3853 3419 3895 rtus.eo-

1837 3943 1959 3982 rum
1986 3924 2197 3991 videor,
2231 3940 2466 3995 quorum
2496 3925 2550 3979 in
2580 3940 2666 3981 me
2695 3924 2962 3981 adornata
2994 3936 3079 3982 est
3112 3932 3414 3996 accusatio,

1836 4034 1999 4075 nemo
2032 4034 2118 4074 me
2165 4019 2291 4090 jure
2346 4016 2735 4087 reprehendet,
2794 4018 2955 4087 quasi
3011 4019 3210 4090 injuria
3250 4036 3417 4091 super

1838 4112 1924 4167 bis
1978 4110 2148 4165 rebus
2200 4122 2581 4164 succenseam.
2635 4108 2878 4164 Deeebat
2909 4108 3059 4163 enim
3090 4111 3415 4182 Augustam,

1837 4214 2033 4260 testem
2065 4203 2134 4257 ab
2168 4201 2331 4256 initio
2362 4199 2698 4269 integritatis
2733 4215 2886 4266 mea,
2905 4208 2960 4254 et
2990 4200 3110 4272 ejus
3136 4218 3259 4273 qua:
3281 4201 3416 4257 mihi

1836 4278 1963 4353 cum
1996 4296 2332 4365 imperatore
2362 4294 2681 4350 intercessit
2710 4294 3060 4350 inimitabilis
3097 4305 3153 4351 et
3181 4296 3418 4352 admira-

1838 4390 1989 4444 tione
2034 4381 2372 4459 dig'nissima:
2419 4386 2700 4448 amicitiae,
2741 4402 2806 4442 ae
2861 4395 2987 4457 post
3021 4387 3233 4443 obitum
3264 4388 3416 4445 illius

1836 4495 1936 4551 pro
1978 4479 2106 4533 ﬁliis
2165 4479 2397 4548 ipsaque
2443 4492 2701 4532 curarum
2761 4492 3008 4531 mearum
3066 4488 3122 4533 et
3172 4478 3417 4550 impigre:

1838 4572 2249 4635 sollicitudinis,
2294 4586 2405 4627 non
2436 4570 2661 4625 credere
2703 4570 3081 4642 syc0phantis,
3112 4572 3417 4641 perversis-

1833 4677 1940 4730 que
1977 4662 2298 4716 hominibus
2328 4701 2345 4726 ,
2379 4660 2475 4716 sed
2516 4677 2547 4716 a
2591 4677 2706 4727 me,
2740 4662 2981 4732 legitime
3022 4674 3280 4734 recteque
3318 4681 3418 4734 pro

1834 4753 1954 4823 ipsa
2009 4752 2303 4821 imperium
2364 4763 2608 4823 regente,
2644 4754 2886 4809 rationes
2937 4771 3067 4810 suas
3123 4772 3420 4825 suspensas

1839 4844 2067 4899 habere.
2096 4843 2167 4897 At
2209 4853 2503 4913 postquam
2536 4844 2752 4899 daemon
2812 4846 3083 4915 quispiam
3120 4847 3336 4901 invidos
3363 4858 3421 4902 et

1836 4932 1892 4987 in
1939 4932 2185 5003 pernicie
2238 4931 2553 4988 invehenda
2622 4933 2957 4987 extreitatus
3002 4948 3129 4988 vera
3179 4944 3233 4987 et
3273 4934 3420 5004 justa

1837 5024 1905 5079 de
1932 5040 2019 5079 me
2047 5024 2277 5079 credere
2322 5040 2433 5078 non
2470 5024 2619 5092 sivit,
2666 5025 2947 5095 magisque
2991 5025 3277 5079 inimicum
3321 5040 3421 5095 pro

1837 5114 2037 5180 amico,
2068 5114 2278 5169 hostem
2305 5130 2406 5184 pro
2426 5114 2598 5177 socio,
2630 5124 2685 5170 et
2713 5112 3040 5171 mal'evolum
3070 5131 3168 5185 pro
3221 5116 3425 5171 ﬁdelis-

1838 5208 1979 5263 simo
2010 5208 2333 5262 existimare
2361 5207 2661 5278 persuasit,
2684 5223 2788 5279 ego
2816 5207 3040 5278 quidem
3080 5209 3136 5262 in
3165 5209 3269 5265 hac
3291 5224 3421 5264 eau-

1838 5313 1899 5352 sa
1927 5298 2065 5352 nihil
2093 5314 2280 5368 agere,
2302 5298 2397 5354 sed
2428 5308 2624 5355 vestras
2662 5315 2750 5354 me
2770 5301 3057 5354 sententiae
3079 5302 3419 5371 permittere,

1837 5404 1895 5450 et
1924 5396 2071 5466 quod
2104 5388 2512 5466 j'udicaveritis,
2544 5397 2601 5451 in
2626 5412 2693 5453 eo
2727 5396 2986 5453 alacriter
3013 5398 3170 5452 vobis
3190 5399 3421 5471 obsequi

1840 5484 1893 5537 in
1930 5485 2175 5539 animum
2219 5486 2436 5543 induxi.
2486 5486 2601 5540 luto
2644 5501 2779 5541 vero
2805 5503 2906 5557 ego
2938 5489 3172 5557 primus,
3201 5506 3325 5559 qua:
3365 5492 3419 5545 in

1840 5576 2132 5649 praesentia
2168 5577 2303 5631 mihi
2345 5577 2609 5633 videntur
2637 5579 2919 5648 expedire,
2957 5580 3284 5639 edisseram.
3323 5583 3427 5637 Ve-

1837 5677 2013 5721 strum
2050 5668 2155 5723 erit
2200 5679 2297 5724 aut
2320 5669 2605 5742 suffragari
2654 5671 2820 5726 dictis
2859 5674 3018 5740 meis,
3054 5676 3098 5728 si
3133 5689 3195 5728 ea
3229 5676 3430 5743 proba-

1840 5759 2055 5823 veritis,
2122 5773 2220 5815 aut
2269 5777 2723 5834 unumquemque
2794 5766 3123 5821 sententiam
3176 5766 3424 5836 proferre

1840 5852 2183 5924 huiusmodi,
2212 5870 2334 5924 qum
2382 5866 2436 5911 et
2482 5865 2809 5927 prasez'lem
2846 5860 3122 5916 miseriam
3157 5860 3329 5926 tollat,
3368 5870 3422 5915 et
