3880 6570
265 366 367 431 815

1401 351 1949 417 HISTORIARUM
1983 351 2213 414 LIBER
2252 354 2369 414 IIl.

3413 362 3520 427 8ίὸ

262 477 405 545 εἶχε,
455 472 673 529 πάντων
721 471 859 543 πρω
919 469 1016 541 τὴν
1069 467 1342 539 ἀκρόασιν
1399 466 1507 519 τῶν
1556 463 1821 534 λεχθησοο

1947 472 2212 526 Przeterea
2265 486 2374 524 non
2424 468 2571 540 apud
2618 469 2890 524 Barbaros
2940 475 2993 523 et
3043 468 3263 523 Graecos
3318 469 3517 536 solum,

263 567 437 634 μένων
472 561 765 633 μετεώρων
796 561 1176 632 ὑπαρχόντων,
1224 558 1375 630 μόλις
1401 558 1459 611 δὲ
1510 556 1702 623 ῶσπερ
1728 555 1830 625 τὴν

262 660 321 711 ἐκ
352 657 460 710 τῶν
516 654 834 725 ἀμφιϐόλων
892 653 1155 722 σύγχυσιν
1206 650 1491 721 λογισμῶν
1549 650 1829 717 ἀτιιοκρου⁹

261 749 532 820 σάμενος,
594 747 719 800 Τῶν
774 753 885 816 μὲν
943 746 1225 816 προτέρων
1258 784 1274 808 ,
1338 743 1444 813 ἔφη
1475 783 1488 802 ,
1549 741 1833 811 λογισμῶν

259 842 388 913 περὶ
467 839 563 895 τοῦ
631 841 742 892 δεῖν
812 838 981 909 μηδὲν
1054 836 1164 889 τῶν
1231 835 1402 891 ὅντων
1463 834 1780 904 μετακινεῖν
1814 872 1829 897 ,

261 934 395 1004 μηδέ
426 931 795 1001 νεωτερίζειν,
850 929 931 982 ἔτι
987 927 1207 997 ἔχομαιο
1264 928 1356 985 καὶ
1410 927 1614 996 μᾶλλον
1663 925 1828 984 αὐτὸς

256 1023 521 1095 αἱροῦμαι
549 1023 612 1075 οὑ
637 1022 745 1073 τῶν
778 1020 1133 1091 ὑπαρχόντων
1168 1018 1327 1087 μόνον
1361 1014 1828 1086 ἀποστερηθῆναι,

261 1116 378 1169 ἀλλ’
412 1113 466 1168 εί
492 1132 543 1167 τι
576 1114 686 1167 δέοι
720 1111 813 1166 καὶ
849 1113 959 1164 τῶν
989 1111 1304 1179 ἀνηκέστων
1332 1107 1639 1176 ὑποστῆναι
1671 1109 1727 1159 ἐν
1750 1106 1829 1175 τῷ

259 1209 498 1277 σώματι,
544 1206 580 1278 ἦ
629 1206 868 1276 πολέμου
900 1204 1177 1274 πρόφασιν
1225 1202 1496 1273 ἐμφυλίου
1542 1206 1829 1274 παρασχέ-

260 1299 404 1354 σθαι.
448 1298 560 1369 Τὴν
597 1298 709 1369 γὰρ
762 1299 825 1350 ἐκ
857 1297 1082 1369 πρώτης
1129 1296 1343 1366 ἡλικίας
1392 1295 1545 1347 αὑτοί
1587 1310 1680 1364 μοι
1711 1294 1833 1347 σύν-

260 1406 372 1444 ιστε
396 1390 717 1460 ἀπέχθειαν,
742 1389 811 1460 ἠν
839 1388 1002 1459 ἔσχον
1038 1389 1167 1458 περὶ
1204 1387 1266 1442 τὸ
1302 1389 1369 1440 τὰ
1389 1386 1646 1456 ἀλλότρια
1677 1386 1831 1453 διαρ-

256 1481 476 1545 πάζειν,
507 1480 539 1552 ἢ
582 1481 766 1548 φόνοις
799 1480 1037 1552 χαίρειν,
1075 1480 1171 1533 καὶ
1203 1478 1539 1548 λεηλασίαις,
1571 1483 1666 1533 καὶ
1698 1479 1825 1545 φοο.

256 1573 382 1643 ραϊς
420 1570 746 1641 ἀνθρώπων.
770 1572 891 1625 Ἔτι
914 1572 972 1625 δέ
1003 1570 1125 1623 οὑδέ
1151 1572 1465 1640 βαρὸἀρους
1496 1570 1592 1623 καὶ
1626 1569 1830 1641 Ἕλλη-

257 1679 354 1724 νας
403 1661 563 1731 μόνον
621 1661 737 1714 ὅσοι
791 1660 889 1732 τὴν
943 1662 1083 1731 πρὸς
1132 1662 1397 1732 ἀλλήλους
1440 1660 1573 1729 ἐμοῦ
1623 1677 1685 1713 τε
1733 1659 1829 1712 καὶ

1943 576 2174 631 quorum
2208 576 2307 630 per
2347 575 2510 615 aures
2543 558 2961 615 necessitudinis
2995 573 3127 612 mea!
3168 573 3294 612 eum
3340 558 3520 629 impe-

1944 661 2121 708 ratore
2169 653 2309 708 fama
2354 653 2615 724 pervasit,
2646 652 2741 708 sed
2772 662 2826 707 et
2858 667 3045 707 coram
3073 651 3188 707 sole
3223 651 3347 715 hoc,
3378 658 3435 705 et
3472 649 3520 705 si

1942 746 2071 816 quid
2114 746 2260 800 aliud
2303 746 2603 800 inanimum
2657 745 3047 799 nominandum
3078 752 3183 809 est,
3233 742 3523 799 erubesce-

1943 853 2081 901 rem,
2106 839 2147 892 si
2197 853 2342 891 nunc
2372 848 2493 907 post
2520 837 2641 906 ejus
2665 838 2873 891 obitum
2925 836 3097 890 hostis
3128 835 3341 890 viderer
3373 834 3520 890 illius

1944 929 2087 985 ﬂliis.
2120 928 2237 983 Non
2286 940 2495 984 tantum
2526 930 2671 983 enim
2706 944 2804 998 pro
2850 929 2970 997 ejus
3007 929 3118 982 vita
3149 943 3327 987 meam
3357 926 3520 981 amit-

1945 1033 2080 1088 tere,
2110 1023 2154 1077 si
2190 1024 2451 1086 licuisset,
2488 1021 2816 1076 mirabiliter
2844 1022 3159 1084 voluissem,
3196 1021 3290 1075 sed
3320 1030 3368 1074 et
3398 1027 3521 1091 post

1942 1113 2062 1182 ejus
2126 1123 2353 1167 mortem
2411 1114 2648 1181 (oculum
2713 1112 2895 1166 omnia
2963 1112 3270 1166 intuentem
3330 1119 3519 1180 testor)

1944 1202 2099 1258 uxori
2126 1214 2180 1257 et
2208 1203 2392 1258 liberis
2418 1219 2579 1274 quam
2609 1205 2817 1273 Optime
2843 1202 3024 1272 cupivi
3053 1221 3068 1255 :
3103 1200 3286 1256 omnia
3318 1201 3520 1265 fat-ere.

1942 1312 2006 1350 ac
2045 1296 2229 1350 sub're
2271 1311 2434 1351 omne
2486 1295 2787 1363 periculum
2834 1304 3078 1363 paratus,
3114 1306 3170 1348 et
3211 1303 3266 1348 ut
3301 1293 3373 1348 ab
3415 1292 3520 1350 illis

1942 1388 2159 1441 abesset
2194 1389 2376 1442 omnis
2408 1387 2675 1451 molestia,
2706 1395 2761 1441 et
2793 1395 2849 1440 nt
2890 1401 2977 1439 res
3011 1383 3253 1439 Romana
3297 1383 3365 1443 ad
3408 1382 3511 1453 glo-

1942 1477 2077 1530 riam
2131 1488 2186 1534 ct
2238 1478 2579 1540 felicitatem,
2632 1495 2718 1534 me
2773 1479 2921 1533 hunc
2971 1477 3178 1533 cultum
3228 1476 3519 1539 retinente,

1939 1571 2142 1625 eximie
2175 1572 2487 1642 proliceret.
2521 1572 2676 1627 Nune
2708 1588 2837 1625 vero
2876 1586 2984 1625 non
3028 1570 3208 1624 minus
3247 1578 3371 1639 post
3409 1567 3517 1623 bel-

1942 1661 2051 1715 lum
2098 1664 2168 1717 ab
2220 1664 2350 1732 ipsis
2405 1664 2548 1717 nulla
2595 1665 2662 1718 de
2711 1680 2877 1718 causa
2930 1671 2987 1717 et
3030 1660 3412 1732 iujustissime.
3463 1668 3520 1714 ut

260 1753 522 1822 βασιλέως
552 1751 816 1805 ἐπύθοντο
859 1751 1065 1821 φιλίαν,
1117 1752 1252 1805 ἀλλὰ
1296 1754 1392 1806 καὶ
1432 1751 1585 1823 ἥλιον
1613 1750 1681 1805 ἂν
1733 1750 1829 1805 καὶ

1942 1767 2034 1821 ι’εο
2072 1752 2257 1806 dicere
2301 1753 2501 1818 ausim,
2552 1753 2983 1823 promulgatum,
3020 1751 3301 1809 dirissima
3359 1752 3520 1809 susti-

253 1814 311 1899 ὲτ
336 1862 388 1897 τι
420 1814 527 1897 τῶν
564 1845 788 1913 ἀψύχων
825 1814 1011 1913 ἕτερον
1039 1843 1424 1913 αἰσχυνοίμην,
1455 1814 1507 1896 εί
1542 1844 1655 1904 τοῖς
1681 1842 1827 1893 ἐκεί-

1942 1861 2066 1900 nere
2095 1854 2360 1915 praeopto,
2398 1860 2468 1899 ne
2507 1814 2704 1915 vulgus
2746 1860 2848 1898 nos
2876 1843 3212 1912 impcratrici
3248 1843 3314 1899 ad
3346 1842 3515 1913 impe-

258 1955 350 1989 νου
406 1937 564 1989 παισὶ
626 1936 887 2002 πολέμιος
946 1936 1082 2005 μετά
1138 1936 1239 2002 τὴν
1301 1936 1511 1987 ἐκείνου
1566 1932 1828 2001 τελευτὴν

260 2028 560 2099 φαινοίμην
597 2027 714 2081 νῦν.
748 2029 825 2081 Οὑ
869 2029 983 2096 γὰρ
1012 2029 1173 2097 μόνον
1196 2026 1338 2097 ὑπὲρ
1369 2023 1465 2078 τοῦ
1500 2028 1599 2095 ζῇν
1621 2026 1829 2077 ἐκεῖνον

256 2125 317 2176 τὸ
352 2122 649 2176 ἀποθανεῖν
682 2120 866 2185 αὑτὸς,
901 2121 955 2173 εῖ
981 2136 1045 2188 γε
1080 2120 1232 2189 ἐξῆν,
1257 2119 1330 2182 ὼς
1370 2119 1563 2188 ἣδιστα
1597 2118 1663 2171 ἂν
1688 2118 1829 2171 εἱλό-

262 2232 395 2284 μην,
447 2213 583 2267 ἀλλά
634 2214 731 2266 καὶ
791 2212 929 2281 μετά
984 2212 1085 2282 τὴν
1131 2211 1340 2264 ἐκείνου
1395 2210 1697 2281 τελευτὴν,
1738 2209 1829 2261 τὸν

259 2309 440 2362 πάντα
493 2307 777 2379 ἐφορῶντα
829 2305 1188 2376 μαρτύρομαι
1237 2303 1561 2372 ὀφθαλμὸν,
1624 2303 1700 2365 ὡς
1761 2302 1830 2355 τὰ

259 2401 515 2470 βέλτιστα
549 2400 642 2452 καὶ
673 2398 1098 2451 λυσιτελέστατα
1149 2396 1277 2465 περί
1325 2412 1382 2449 τε
1425 2397 1695 2466 γαμετῆς,
1736 2394 1833 2449 καὶ

257 2494 462 2546 τέκνων
491 2491 838 2561 διενοούμην,
894 2490 991 2543 καὶ
1024 2490 1204 2544 πάντα
1249 2488 1536 2559 πράττειν,
1574 2488 1670 2539 καὶ
1708 2487 1833 2555 ὑφί-

260 2584 495 2636 στασθαι
531 2582 710 2636 πάντα
748 2580 1017 2643 κίνδυνον,
1061 2578 1132 2632 ἵν’
1163 2579 1389 2631 ἐκείνων
1425 2594 1484 2630 τε
1512 2579 1623 2631 πᾶν
1661 2576 1832 2644 ἀπείη

254 2674 542 2745 δυσχερὲς,
573 2674 667 2726 καὶ
697 2673 765 2725 τὰ
814 2670 1107 2740 Ῥωμαίων
1152 2671 1245 2722 ἐπὶ
1281 2670 1428 2740 μέγα
1461 2669 1553 2721 καὶ
1576 2667 1835 2729 εὐκλείας

260 2767 471 2835 αῖροιτο
498 2764 694 2836 τύχης,
734 2767 915 2834 μένων
946 2764 1040 2816 ἐπὶ
1085 2762 1179 2816 τοῦ
1209 2762 1478 2831 παρόντος
1526 2762 1833 2831 σχήματος.

257 2860 399 2912 Νυνί
436 2874 495 2910 τε
520 2859 618 2928 οὑχ
648 2854 813 2930 ἦττον
846 2857 986 2927 μετά
1014 2855 1108 2908 τὸν
1141 2854 1497 2924 κηρυχθέντα
1527 2854 1658 2923 παρ’
1691 2852 1836 2905 ἐκεί-ι

1932 1941 2073 1993 rium
2095 1938 2435 2009 eripiendum
2466 1952 2618 1993 arma
2649 1938 2849 1992 inferre
2880 1938 3223 2007 suspicetur.
3248 1935 3520 2003 Quoniam

1933 2045 2065 2085 vero
2104 2032 2238 2092 seio,
2276 2032 2322 2086 si
2358 2045 2440 2085 me
2473 2044 2499 2082 a
2524 2028 2918 2101 gubernaculis
2948 2027 3291 2091 subduxero,
3321 2029 3524 2099 majora

1932 2135 1986 2177 et
2048 2125 2277 2179 saeviora
2322 2125 2475 2178 mala-
2543 2124 2901 2193 impendere,
2972 2137 3077 2176 nec
3134 2121 3522 2178 auctoritatem

1933 2224 2169 2268 vestram
2196 2215 2480 2284 aspernari
2506 2202 2674 2283 queo,
2708 2212 2942 2274 invitus,
2983 2222 3041 2267 et
3072 2213 3222 2267 velut
3252 2213 3304 2266 in
3338 2212 3521 2265 inani—

1933 2303 2135 2357 festum
2196 2304 2497 2358 discrimen
2551 2319 2639 2357 me
2698 2302 3018 2373 projiciens,
3059 2302 3211 2364 nullo
3245 2303 3526 2361 desiderio

1934 2395 2145 2461 gloriae,
2197 2411 2307 2464 qua
2364 2409 2579 2448 summa
2635 2395 2800 2448 etiam
2858 2397 2911 2448 in
2961 2395 3065 2449 boc
3105 2394 3296 2449 habitu
3342 2394 3524 2459 fruor.

1935 2503 2117 2557 neque
2148 2487 2509 2556 pecuniarum
2568 2487 2744 2556 gratia
2790 2485 2953 2557 (quas
2992 2487 3139 2542 enim
3190 2487 3355 2545 habui
3384 2503 3525 2558 pene

1937 2580 2405 2645 innumerabiles,
2461 2579 2705 2651 diripere
2773 2580 3091 2635 videntibus
3144 2581 3388 2650 reliqui),
3421 2582 3520 2639 sed

1936 2674 2104 2726 vestri
2161 2683 2216 2726 et
2265 2671 2577 2727 communis
2637 2672 3013 2727 Romanorum
3073 2672 3268 2726 salutis
3325 2674 3523 2743 gratia.

1935 2779 2060 2835 qua:
2116 2779 2203 2819 me
2257 2774 2480 2817 manent
2506 2764 2674 2818 mul'a
2726 2775 2782 2819 et
2815 2764 3042 2835 grandia
3064 2750 3347 2833 pericula.
3379 2780 3525 2835 pra:-

1937 2856 2078 2910 si-nti
2133 2857 2417 2911 securitati
2464 2855 2715 2912 antefero
2755 2875 2769 2911 :
2820 2872 3054 2926 quaeque
3093 2858 3341 2923 mihimet
3372 2858 3527 2916 vide-

261 2968 372 3004 νων
399 2950 635 3021 πόλεμον
666 2952 725 3015 ἐξ
750 2949 1007 3017 οὐδεμιᾶς
1025 2948 1228 3011 αίτίας,
1256 2947 1351 2999 καὶ
1386 2945 1541 3016 παρὰ
1574 2946 1735 2999 πάνθ’
1758 2946 1833 3008 ὡς

1942 2948 2139 3001 bantur
2156 2947 2467 3010 utilissima,
2483 2962 2590 3006 non
2610 2946 2764 3015 quasi
2785 2962 2813 3000 a
2835 2946 3069 3018 negotiis
3084 2948 3405 3004 abhorrenti
3427 2956 3525 3005 aut

260 3040 333 3096 ἂν
365 3042 476 3108 ἐγὼ
507 3041 699 3109 φαίην,
732 3038 828 3092 τοῦ
860 3039 1074 3094 δικαίου
1108 3040 1294 3108 λόγον,
1321 3043 1420 3096 καὶ
1458 3040 1527 3105 τᾲ
1550 3038 1833 3093 δεινότατα

1942 3040 2300 3111 imprudenti,
2331 3042 2426 3095 sed
2467 3040 2677 3097 nullam
2709 3042 2850 3095 bello
2868 3056 3057 3096 ansam
3095 3043 3227 3095 dare
3254 3044 3522 3114 cupienti,

262 3133 534 3203 αἱροῦμαι
592 3132 890 3201 ὑπομένειν
930 3132 1074 3203 ὑπὲρ
1123 3132 1218 3185 τοῦ
1274 3132 1348 3201 μὴ
1394 3132 1630 3202 πόλεμον
1666 3132 1833 3187 κινεῖν

1942 3149 2003 3189 ea
2035 3135 2212 3194 libens
2258 3134 2530 3193 dimittam
2565 3150 2579 3188 :
2616 3143 2672 3187 et
2720 3132 2845 3203 quia
2878 3132 2960 3188 sic
2999 3131 3183 3197 vultis,
3222 3142 3276 3188 et
3306 3148 3522 3201 νοεῖται,

261 3226 402 3296 πρδς
435 3225 683 3296 βασιλίδα
711 3224 857 3295 ὑπὲρ
896 3226 996 3290 τῆς
1048 3226 1226 3296 ἀρχῆς
1260 3224 1534 3295 ὑπόληψιν
1568 3225 1837 3297 παρέχειν

258 3323 378 3382 τοῖς
410 3318 644 3381 πολλοῖς.
690 3319 848 3372 Ἐπεὶ
875 3318 931 3372 δὲ
968 3317 1157 3390 ῶσπερ
1193 3319 1357 3381 αὑτός
1385 3335 1445 3370 τε
1478 3316 1718 3383 σύνοιδα,
1742 3319 1839 3372 καὶ

260 3414 395 3483 ὑμῖν
425 3411 841 3483 βουλευομένοις
886 3411 1171 3466 πείθεσθαι
1206 3413 1500 3484 προσήκει,
1538 3412 1710 3489 μείζω
1741 3412 1838 3475 καὶ

257 3508 545 3562 δεινότατα
577 3508 947 3579 προσδοκᾶται
978 3506 1048 3561 τὰ
1074 3508 1226 3562 δεινά
1267 3509 1333 3567 ἐκ
1380 3506 1475 3563 τοῦ
1505 3507 1616 3562 τῶν
1654 3524 1838 3579 πραγ-

264 3600 457 3668 μάτων
496 3599 662 3653 αὑτὸν
693 3598 1017 3669 ὑποχωρεῖν,
1067 3600 1218 3657 ἄκων
1256 3599 1356 3668 μὲν
1403 3600 1497 3656 καὶ
1538 3598 1728 3669 ὥσπερ
1757 3600 1839 3662 είς

261 3692 546 3756 κινδύνους
569 3691 859 3762 προφανῶς
892 3691 1231 3763 αὑτομολῶν’
1257 3692 1382 3748 οὔτε
1416 3692 1527 3764 γὰρ
1566 3691 1840 3764 ἐπιθυμία

255 3783 442 3855 δόξης,
468 3785 568 3855 τῆς
598 3784 705 3855 γὰρ
733 3786 1042 3853 ἀκροτάτης
1069 3785 1171 3847 κάν
1204 3786 1283 3852 τῷ
1328 3785 1559 3855 παρόντι
1595 3786 1837 3855 σχήματι

258 3875 526 3930 ἀπολαύω
579 3874 712 3940 νῦν,
775 3874 901 3928 οὑτε
968 3876 1268 3947 χρημάτων
1334 3878 1533 3931 ἕνεκαο
1595 3878 1666 3931 τὰ
1728 3879 1838 3949 γὰρ

261 3967 534 4038 παρόντα,
578 3969 675 4021 καλ⁸
720 3966 957 4037 ἀριθμοῦ
1021 3970 1206 4040 σχεδὸν
1250 3969 1380 4023 όντα
1428 3969 1688 4041 κρείττω,
1723 3973 1839 4033 τοῖς

258 4056 587 4127 διαρπάζειν
643 4060 905 4130 προεῖμαι
947 4058 1328 4131 βουλομένοις·
1388 4062 1542 4132 ὅμως
1581 4060 1736 4131 ὑμῶν
1770 4077 1829 4114 τε

263 4149 471 4221 είνεκα,
501 4150 595 4204 καὶ
634 4154 735 4217 τῆς
790 4153 980 4225 κοινῆς
1033 4153 1144 4209 τῶν
1188 4152 1481 4227 Ῥωμαίων
1533 4154 1836 4227 σωτηρίας,

261 4243 392 4306 τοὺς
439 4242 926 4315 προσδοκωμένους
959 4245 1235 4316 μεγάλους
1264 4248 1361 4300 καὶ
1396 4247 1625 4311 πολλοὺς
1654 4247 1839 4301 κινδύ⁶

261 4352 389 4398 νους
434 4335 534 4405 τῆς
585 4338 645 4390 ἐν
693 4336 770 4407 τῷ
821 4338 1049 4408 παρόντι
1089 4337 1392 4409 ἀσφαλείας
1439 4337 1835 4410 ἀνθαιροῦμαι.

262 4426 375 4483 Καὶ
395 4426 433 4487 θ.
457 4430 583 4498 ἐμοὶ
604 4427 1028 4485 λυσιτελέστατα
1063 4430 1259 4495 ἐδόκει,
1294 4431 1395 4487 οὑκ
1432 4430 1833 4502 ἀπραγμόνως,

259 4516 377 4573 οὐδ’
404 4518 688 4587 ἀνοήτως,
749 4519 890 4573 ἀλλὰ
922 4520 1198 4593 μηδεμίαν
1244 4522 1521 4593 πρόφασιν
1572 4522 1835 4595 παρέχειν

262 4608 345 4678 τῷ
396 4610 618 4681 πολέμῳ
673 4610 985 4683 βουλομένῳ
1018 4611 1421 4684 παρεῖς’ἐκὼν,
1467 4614 1558 4667 ἐπὶ
1599 4615 1669 4668 τά
1706 4615 1836 4686 ὑμῖν

260 4700 561 4772 δεδογμένα
602 4703 699 4774 τῆς
731 4702 890 4773 ὑμῶν
927 4704 1197 4773 ὠφελείας
1229 4704 1413 4771 ἕνεκα,
1448 4705 1641 4777 ὥσπερ
1674 4705 1833 4776 ἔφην,

261 4793 449 4863 τρέψω
482 4795 740 4865 ἐμαυτόν.
784 4798 861 4852 Οὑ
891 4797 1031 4869 μὴν,
1072 4796 1189 4852 ἀλλ’
1218 4798 1519 4869 ἐπειδήπερ
1566 4798 1668 4852 οὑκ
1700 4799 1837 4863 ιδίας

262 4884 579 4950 πλεονεξίας
608 4927 624 4952 ,
660 4888 777 4941 ἀλλ’
812 4886 966 4957 ὑμῶν
1018 4904 1078 4941 τε
1140 4886 1303 4945 ἕνεκα
1367 4887 1463 4940 καὶ¹
1533 4886 1630 4940 τοῦ
1683 4892 1834 4959 κοινῇ

262 4977 678 5055 λυσιτελοῦντος
757 4978 985 5041 τοιαῦτα
1051 4977 1465 5050 προσειλόμην,
1529 4980 1591 5034 οὑ
1660 4979 1837 5053 δήπου

260 5073 500 5140 δίκαιον,
533 5071 655 5135 οὑδὲ
701 5071 877 5135 ἀλλως
926 5071 1173 5141 εὐσεϐὲς,
1224 5069 1320 5133 νῦν
1376 5072 1474 5141 μὲν
1502 5069 1705 5140 ὁμοίως
1744 5072 1838 5124 ἐπὶ

264 5164 444 5227 ταῦτα
477 5163 685 5231 πάντας
713 5164 857 5233 ὑμᾶς
881 5163 1250 5237 παρακαλεῖν,
1286 5164 1384 5229 καὶ
1425 5164 1700 5239 μηδεμίαν
1735 5162 1836 5217 ἀλ-

263 5254 369 5319 λην
398 5251 432 5323 ἢ
466 5252 670 5323 ταύτην
707 5252 828 5305 όδδν
868 5251 1198 5324 ὑφηγεῖσθαι
1237 5252 1511 5327 σωτηρίας
1538 5270 1553 5284 ·
1579 5253 1746 5323 ὀλίγῳ
1778 5253 1836 5307 δὲ

190 5329 199 5337 ’
266 5344 500 5416 ὕστερον
553 5345 604 5395 εί
638 5343 717 5417 μη
771 5345 915 5399 κατὰ
957 5345 1185 5417 γνώμην
1237 5344 1367 5415 ὑμῖν
1412 5344 1479 5398 τὰ
1533 5347 1837 5417 πράγματα

274 5436 545 5502 δκεαίνοι,
582 5441 745 5498 αλλον
792 5438 985 5495 ἄλλοτε
1023 5435 1452 5511 ἀφισταμένους,
1489 5441 1707 5504 ἑαυτοῖς
1735 5441 1837 5511 μὲν

267 5530 352 5596 ἐκ.
369 5529 478 5597 τῶν
505 5532 738 5587 ἐνόντων
767 5530 1085 5601 ἐκπορίζειν
1112 5531 1211 5603 τὴν
1238 5531 1505 5587 δοκοῦσαν
1538 5534 1837 5603 σωτηρίαν,

262 5617 377 5688 ip!
425 5620 482 5675 δὲ
539 5622 600 5674 ἐν
652 5624 764 5684 τοῖς
820 5620 1091 5684 κινδύνοις
1152 5619 1511 5675 καταλείπειν
1546 5621 1748 5691 μόνον,
1779 5621 1840 5684 ὃς

269 5710 415 5784 ὑπὶρ
449 5713 707 5770 ἀπάντων
736 5715 891 5786 ὑμῶν
918 5715 1115 5778 αὑτοὺς
1149 5714 1518 5784 ἀνεδεξάμην,
1539 5715 1658 5768 ἐνὸν
1685 5714 1841 5768 ἀκιν-

270 5800 449 5868 δύνως
496 5804 786 5870 σώζεσθαι.
842 5804 1013 5860 Τοῦτο
1042 5805 1152 5873 γάρ
1201 5806 1302 5859 οὑκ
1330 5807 1452 5870 ἐμοὶ
1484 5804 1666 5870 μόνον,
1703 5803 1841 5860 ἀλλὰ

1866 4492 1916 4552 ι)

1946 3234 2005 3279 ut
2029 3224 2164 3289 dixi,
2206 3224 2457 3280 utilitatis
2504 3224 2701 3295 gratia,
2752 3225 2894 3283 alius
2931 3223 3077 3279 liam.
3132 3225 3526 3298 .Vernmenim-

1944 3331 2098 3380 Vero,
2130 3316 2259 3387 quia
2291 3332 2404 3370 non
2448 3325 2510 3371 ut
2554 3317 2753 3391 opibus
2800 3315 3097 3379 abundem.
3126 3318 3221 3375 sed
3274 3321 3429 3377 vobis
3466 3329 3526 3379 et

1941 3401 2220 3464 conmiuui
2247 3408 2498 3473 studens,
2523 3408 2674 3463 hunc
2705 3419 2908 3464 statum
2934 3424 3177 3477 assumo,
3206 3426 3314 3465 non
3335 3413 3526 3479 utique

1939 3504 2146 3576 justum
2179 3518 2360 3575 neque
2391 3504 2544 3574 pium
2584 3514 2753 3568 esset.
2786 3520 2933 3560 nunc
2956 3521 3055 3561 vos
3080 3520 3271 3569 omnes
3295 3509 3525 3577 aequali-

1942 3608 2027 3652 ter
2056 3597 2125 3650 ad
2175 3596 2281 3651 hoc
2314 3612 2401 3653 me
2448 3597 2748 3664 cohortari,
2778 3605 2833 3651 et
2883 3602 3102 3661 docere,
3126 3598 3327 3653 nullam
3359 3600 3522 3654 aliam

1941 3699 2142 3761 prtetrr
2171 3692 2315 3746 banc
2343 3691 2537 3746 salutis
2566 3691 2709 3746 viam
2742 3705 2867 3746 esse
2912 3706 2927 3743 :
2967 3690 3128 3762 paulo
3158 3706 3343 3745 autem
3376 3700 3521 3759 post,

1946 3799 2002 3837 re
2038 3798 2196 3839 secus
2222 3798 2385 3854 quam
2418 3783 2634 3838 velletis
2657 3783 3011 3854 procedente,
3040 3785 3208 3838 alium
3234 3785 3342 3839 alio
3365 3785 3528 3839 delu-

1942 3890 2094 3944 gere,
2127 3892 2189 3931 ac
2221 3876 2324 3930 sibi
2353 3876 2575 3949 quidem
2608 3891 2709 3947 pro
2741 3874 3035 3930 occasione
3065 3885 3117 3930 et
3136 3877 3348 3948 judicio
3370 3878 3491 3932 salu
3515 3907 3527 3920 -

1943 3977 2052 4022 tem
2116 3983 2399 4038 quaerere;
2456 3983 2544 4023 me
2594 3976 2779 4023 autem
2813 3968 2990 4022 solum
3046 3972 3100 4022 in
3157 3968 3226 4022 iis
3266 3970 3525 4039 periculis

1941 4058 2218 4124 deserere,
2250 4075 2372 4129 qua:
2395 4075 2519 4130 ego.
2546 4068 2608 4113 ut
2637 4060 2794 4113 vobis
2825 4059 3083 4114 omnibus
3113 4060 3168 4114 lit
3188 4074 3305 4115 eret
3332 4077 3527 4119 secure

1941 4150 2148 4215 vivere,
2198 4151 2447 4215 adii-rint,
2486 4166 2613 4206 cum
2667 4149 2910 4219 periculo
2950 4151 3177 4206 omnino
3212 4168 3405 4210 carere
3461 4170 3527 4221 ac

1943 4245 2129 4301 salvus
2154 4258 2276 4297 esse
2313 4242 2611 4313 potuerim.
2645 4241 2757 4297 lloc
2802 4243 2950 4298 enim
2985 4258 3093 4299 non
3129 4255 3336 4299 tantum
3365 4248 3524 4313 mibi,

1942 4336 2040 4390 sed
2086 4346 2141 4391 et
2172 4336 2329 4391 vobis
2381 4336 2642 4406 majorem
2692 4336 2747 4390 in
2797 4336 3018 4392 modum
3070 4339 3522 4396 incommodaret.

1940 4427 2103 4507 432
2155 4428 2309 4483 Haud
2359 4434 2507 4483 enim
2559 4428 2894 4498 gubernator
2940 4432 3122 4484 navim
3158 4432 3421 4495 servabit.
3476 4434 3525 4489 si

1943 4534 2125 4575 nauta:
2153 4520 2221 4574 ob
2249 4521 2577 4575 discordiam
2622 4537 2748 4576 eum
2788 4521 3051 4591 adjuvare
3081 4521 3368 4586 desierint,
3403 4526 3527 4595 qui-

1948 4613 2048 4666 bus
2081 4611 2217 4680 ip~is
2270 4621 2537 4681 pereunte
2589 4612 2714 4666 navi
2757 4627 2883 4681 spes
2930 4612 3118 4666 salutis
3151 4614 3301 4668 nulla
3329 4624 3521 4671 restat.

1944 4703 2173 4779 Oportet
2201 4707 2345 4756 i-nim
2383 4720 2480 4757 nos
2510 4718 2701 4757 omnes
2733 4708 3166 4770 consentze‘utes,
3196 4714 3251 4759 et
3286 4706 3524 4762 toleran-

1948 4798 2079 4849 tiam
2110 4795 2166 4850 in
2192 4795 2434 4850 adversis
2460 4810 2645 4866 parem
2667 4794 3016 4857 adhibentes,
3057 4795 3139 4849 sic
3168 4796 3391 4850 demum
3426 4813 3522 4852 ar-

1946 4887 2052 4941 dua
2087 4885 2320 4941 feliciter
2353 4901 2567 4956 gerere.
2616 4885 2751 4940 Nam
2802 4893 2858 4939 et
2894 4896 3138 4939 veterum
3172 4887 3353 4943 nullus
3405 4904 3524 4945 ces-

1948 4976 2139 5041 sando,
2167 4976 2495 5042 desidendo,
2521 4975 2810 5038 tartlando,
2845 4975 2937 5030 sed
2976 4978 3230 5045 quemvis
3275 4976 3521 5036 laborem

1902 5138 1907 5149 1
1948 5067 2216 5134 durando,
2254 5076 2544 5137 menteque
2583 5067 2950 5136 imperterrita
2984 5068 3214 5122 adversa
3252 5070 3524 5126 sulleren-

1947 5158 2017 5213 do
2067 5161 2134 5215 de
2190 5159 2436 5214 hostibus
2472 5167 2732 5230 tropaeum
2767 5161 2959 5215 erexit.
3013 5159 3132 5214 .lam
3166 5161 3233 5226 sl,
3281 5164 3368 5216 cui
3419 5163 3523 5221 ista

1948 5266 2054 5307 non
2114 5251 2352 5321 placent,
2414 5267 2510 5305 uec
2565 5251 2747 5305 studio
2806 5252 2910 5305 mei
2968 5251 3055 5305 hic
3122 5257 3524 5321 perseverando

1947 5341 2249 5397 dis:-rimini
2275 5358 2333 5398 se
2361 5358 2636 5414 exponere
2660 5344 2797 5408 vult,
2822 5342 2916 5397 sed
2948 5344 3119 5413 magis
3145 5354 3369 5415 penates
3392 5362 3527 5417 suos,

1948 5434 2052 5489 sibi
2084 5436 2405 5501 servandos,
2441 5449 2604 5505 quam
2665 5434 2871 5490 relictis
2929 5450 3048 5504 qua:
3100 5445 3228 5491 sunt
3263 5440 3314 5492 in
3346 5436 3508 5494 mani-

1951 5531 2071 5592 bus,
2130 5544 2268 5583 vana
2316 5544 2412 5603 spe
2469 5527 2817 5599 pendendum
2869 5527 3181 5593 existimat,
3237 5539 3293 5584 et
3349 5530 3523 5587 libere

1950 5617 2220 5691 patefacto
2263 5618 2447 5671 animo
2496 5632 2597 5671 suo
2627 5617 2852 5672 domum
2884 5617 3253 5685 redeundum,
3279 5621 3415 5675 nibil
3452 5626 3526 5676 ob

1951 5711 2002 5764 id
2036 5709 2158 5763 mali
2196 5719 2437 5775 metuat;
2462 5724 2616 5779 seque
2660 5711 2804 5765 enim
2834 5710 2965 5766 alibi
3000 5713 3189 5768 vivens
3219 5715 3353 5773 mibi
3393 5715 3492 5769 cba

1950 5818 2043 5854 rus
2078 5800 2203 5854 erit.
2235 5800 2388 5866 Quod
2423 5802 2622 5872 si‘post
2656 5810 2860 5858 tantam
2887 5803 3198 5874 tequitatetu
3250 5816 3303 5859 et
3338 5805 3521 5861 datam
