3880 6614
287 473 368 532 i'I3

1413 467 1949 531 HISTORIARUM
1989 467 2220 528 LIBER
2265 467 2376 528 III.

3372 463 3480 530 874

213 603 224 610 ε
270 587 424 651 ἔδρων,
464 585 511 634 οἱ
561 582 721 651 δῆμοι
751 583 806 636 δὲ
858 582 961 634 ὑπὸ
1017 582 1124 635 τῶν
1173 583 1514 635 στασιαστῶν
1543 583 1801 650 ἀγόμενοι

1918 579 2149 633 ιιυηιῗυηι
2192 581 2426 634 transito
2481 587 2660 657 castra
2725 581 2949 645 locavit,
3006 580 3382 652 deiectamque
3411 585 3480 639 de

269 675 464 730 ναὶστῶν
522 675 766 744 ἀπόρων,
825 677 889 727 τὰ
945 674 1219 743 βασιλίδος
1278 672 1507 744 ᾑροῦντο
1563 673 1793 742 μᾶλλον·

269 777 517 834 κρείττους
554 766 609 818 δὲ
631 768 680 817 οἱ
706 766 890 818 πολλοὶ
923 766 1196 836 πανταχοῦ
1231 767 1528 834 γινόμενοι,
1562 764 1796 832 διέφθει-

273 876 343 928 ρον
365 859 484 920 τοὺς
507 857 788 921 δυνατούς.
825 860 934 911 Καὶ
968 858 1230 928 σύγχυσις
1278 857 1426 927 δεινὴ
1467 857 1562 909 καὶ
1605 855 1802 920 ἀταξία

267 952 343 1010 τὰς
370 949 546 1012 πόλεις
573 952 846 1019 κατεῖχεν.
899 949 1247 1018 Ἀλέξανδρος
1270 948 1326 1001 δὲ
1350 949 1378 1000 ὁ
1414 947 1617 1001 Μυσῶν
1645 947 1801 1016 βασι-

265 1041 364 1101 λεὺς
417 1040 537 1090 ἐπεὶ
570 1039 669 1102 τὴν
737 1039 1015 1108 ’Λδριανοῦ
1062 1041 1361 1108 κατασχεῖν
1387 1039 1486 1091 οὐκ
1537 1037 1799 1106 ἠδυνήθη,

268 1129 375 1198 πρὸς
421 1128 789 1200 Διδυμοτείχῳ
848 1131 1343 1201 ἐστρατοπέδευσεν
1403 1128 1595 1190 ἐλθὼν,
1637 1129 1803 1198 μήπω

275 1217 439 1277 διαϐὰς
475 1218 565 1270 τὸν
600 1217 822 1288 Ἕϐρον.
877 1219 1142 1290 Στρατιὰν
1196 1220 1252 1273 δὲ
1308 1219 1708 1287 ἀπολεξάμενος
1740 1220 1804 1270 ἐκ

263 1307 340 1373 τῆς
367 1307 496 1370 ἰδίας
525 1308 624 1360 οὐκ
645 1308 854 1377 ὀλίγην,
897 1310 1030 1378 πρὸς
1061 1309 1157 1372 τὰς
1189 1309 1331 1363 κατὰ
1361 1309 1582 1380 Θρᾴκην
1610 1307 1808 1372 ἐξαπέ-

264 1400 412 1450 στειλε
463 1397 644 1461 πόλεις
697 1399 1082 1469 ληῖσομένους.
1147 1401 1304 1454 Οὕτω
1353 1401 1410 1454 δὲ
1439 1401 1706 1470 συμϐἀνή
1740 1403 1804 1452 ὲκ

265 1488 529 1552 Βυζαντίου
593 1489 853 1556 Ἀγγέλου
902 1489 997 1542 τοῦ
1055 1491 1329 1560 πιγκέρνη
1391 1489 1806 1559 ἀναστρέφουσα

263 1578 490 1647 στρατιὰ,
512 1579 610 1630 οὐκ
651 1578 854 1645 ὀλίγοις
887 1579 1064 1632 αὐτῶν
1092 1580 1483 1649 περιτυχοῦσα,
1514 1582 1606 1632 καὶ
1625 1580 1807 1648 κρείτ-

260 1687 352 1722 των
377 1671 663 1737 γενομένη,
699 1670 992 1722 ἀπέκτεινε
1021 1673 1162 1723 κατὰ
1189 1672 1289 1740 τὴν
1326 1671 1526 1741 μάχην.
1575 1670 1807 1738 Ὁμοίως

259 1761 307 1812 ἑὲ
335 1765 418 1813 καὶ
440 1760 662 1830 περὶτὰ
696 1761 942 1830 παράλια
974 1763 1073 1830 τῆς
1099 1761 1317 1830 Θρᾴκης
1369 1761 1546 1830 χωρία
1581 1759 1808 1829 στρατιά

261 1851 480 1921 Περσικὴ
506 1847 596 1904 ἐπὶ
626 1852 778 1904 λείαν
803 1853 898 1904 καὶ
925 1853 1065 1922 αὐτὴ
1104 1852 1498 1924 περαιωθεῖσαι,
1525 1853 1636 1913 τοῖς
1674 1851 1802 1902 ὑπο-

1902 672 2152 725 cxercitu
2177 686 2399 724 manum
2455 685 2561 725 non
2617 671 2884 726 modi-cam
2925 674 2990 726 ad
3017 674 3182 728 urbes
3236 672 3483 730 Thraciae

1915 761 2325 830 depopulandas
2376 760 2543 814 misit.
2577 761 2714 816 Tum
2769 762 2863 830 qui
2916 777 2979 816 ex
3020 778 3149 831 agro
3182 763 3484 834 Byzantino

1902 866 2026 904 cum
2079 850 2288 920 Angelo
2321 845 2584 920 pincerna
2633 854 3067 918 revertebantur,
3102 853 3352 923 plurimis
3389 871 3485 912 eo-

1903 957 2024 995 rum
2066 941 2238 1006 obvii,
2271 942 2532 998 conilictu
2569 959 2665 998 eos
2693 944 2974 1000 occidunt.
3007 929 3272 1000 Similiter
3335 948 3482 1003 circa

1905 1031 2180 1086 maritima
2215 1032 2467 1088 Thraciae
2522 1034 2642 1088 loca
2676 1036 2875 1103 Persae,
2905 1052 3030 1091 cum
3074 1045 3130 1092 et
3173 1039 3274 1108 ipsi
3308 1054 3484 1109 popu-

1905 1123 2076 1178 latum
2125 1125 2581 1190 transmisisscnt,
2615 1125 2842 1196 reliquis
2883 1127 3066 1184 Mossis
3115 1144 3246 1185 casu
3293 1145 3487 1192 occur.

1906 1225 2121 1281 rentes,
2176 1216 2386 1285 aliquot
2445 1216 2782 1282 interiectis,
2831 1220 3147 1289 complures
3207 1222 3482 1292 capiunt:

1904 1305 2086 1359 caeteri
2114 1307 2181 1358 ad
2213 1305 2515 1359 exercitum
2547 1321 2707 1362 suum
2741 1321 2850 1361 non
2905 1310 3066 1363 modo
3101 1307 3222 1364 sine
3273 1311 3480 1380 praeda,

1907 1395 1999 1447 sed
2037 1403 2092 1448 et
2124 1395 2311 1449 multis
2337 1411 2559 1450 suorum
2585 1395 2804 1450 amissis
2837 1412 2896 1452 se
2927 1391 3227 1469 recipiunt.
3251 1401 3485 1455 Alexan—

1908 1485 2002 1538 (ιιι-
2023 1499 2336 1553 quanquam
2384 1485 2538 1554 prius
2566 1485 3010 1541 Cantacuzenum
3061 1497 3481 1556 contemneret,

1909 1579 2052 1645 quod
2089 1577 2192 1631 sibi
2227 1593 2294 1630 ne
2317 1579 2538 1647 paulum
2573 1577 2792 1646 quidem
2823 1580 3085 1635 resistere
3111 1597 3270 1651 posse
3295 1586 3487 1654 opina-

1909 1677 2083 1733 retur,
2102 1683 2224 1721 cum
2252 1679 2613 1738 praeterquam
2630 1672 2776 1740 quod
2801 1672 3059 1741 utrinque
3076 1684 3131 1728 et
3157 1690 3183 1727 a
3220 1675 3486 1730 Romanis

1908 1769 2015 1813 eta
2054 1759 2236 1812 Persis
2273 1758 2431 1813 iusus
2483 1769 2648 1826 esset,
2702 1760 2948 1815 audisset
3004 1762 3247 1833 insuper,
3305 1764 3482 1834 ipsum

1912 1849 2273 1918 Didymotichi
2297 1850 2500 1905 habere
2525 1866 2781 1920 magnum
2815 1866 3102 1907 numerum
3133 1864 3482 1910 strenuorum

258 1941 441 2004 λοίποις
472 1939 582 1994 τῶν
631 1943 832 1995 Μυσῶν
889 1944 1026 1994 κατά
1063 1943 1233 2012 τύχην
1269 1943 1628 2014 συντυχοῦσα,
1661 1944 1798 1994 dits—

1918 1939 2158 2004 nilitum,
2218 1939 2465 2008 reliquiis
2532 1941 2646 1994 suis
2700 1940 2922 2006 timuit,
3009 1956 3077 1995 ne
3125 1943 3264 1997 forte
3324 1959 3486 1999 secus

259 2031 419 2083 κτεινέ
445 2048 506 2083 τε
539 2032 634 2084 καὶ
689 2025 800 2084 εἷλε
856 2032 1066 2096 ζῶντας
1116 2033 1176 2098 ἐξ
1227 2033 1405 2086 αὐτῶν
1444 2032 1695 2096 πολλούς.
1747 2034 1810 2085 Οί

257 2121 307 2174 δὲ
329 2121 499 2173 λοιποὶ
552 2122 688 2190 πρὸς
726 2121 1092 2192 στρατόπεδον
1148 2123 1211 2174 τὸ
1248 2123 1449 2176 οίκεῖον
1482 2121 1806 2191 ἐπανῆλθον,

257 2212 311 2264 οὐ
355 2211 510 2280 μόνον
540 2210 754 2282 ἔχοντες
787 2212 976 2282 μηδὲν,
1007 2212 1143 2266 ἀλλά
1166 2213 1262 2265 καὶ
1291 2212 1398 2265 τῶν
1431 2212 1574 2265 ἰδίων
1587 2213 1812 2275 πολλοὺς

257 2305 628 2368 ἀποϐαλόντες.
676 2304 1024 2375 Ἀλέξανδρος
1046 2305 1100 2357 δὲ
1137 2305 1317 2359 καίτοι
1351 2305 1618 2375 πρότερον
1643 2320 1814 2357 κατα-

259 2396 584 2468 φρονητικῶς
618 2396 755 2466 πρὸς
816 2395 1273 2464 Καντακουζηνὸν
1303 2396 1393 2448 τὸν
1437 2395 1663 2466 βασιλέα
1697 2395 1814 2448 δια-

259 2491 520 2556 κείμενος,
578 2484 666 2541 οἷα
711 2488 776 2557 δὴ
805 2487 1051 2558 οἰόμενος
1107 2487 1240 2558 μηδὲ
1298 2486 1456 2553 ὀλίγα
1510 2486 1809 2555 δυνάμενον

256 2579 656 2632 ἀντιτάττεσθαι
686 2579 818 2647 πρὸς
847 2581 1028 2643 αὐτὸν,
1054 2577 1188 2646 πρὸς
1224 2577 1302 2647 τῷ
1336 2575 1608 2646 πληγῆναι
1636 2576 1815 2644 ἀμφο-

253 2671 479 2741 τέρωθεν
503 2670 606 2724 ὺπὸ
631 2687 690 2722 τε
729 2670 1018 2738 Ῥωμαίων
1053 2670 1145 2722 καὶ
1173 2669 1400 2737 Περσῶν
1420 2707 1436 2732 ,
1475 2668 1555 2720 ἔτι
1604 2667 1700 2720 καὶ
1723 2666 1829 2718 τὸν⁸

257 2762 469 2832 βασιλέα
499 2763 800 2830 πυθόμενος
829 2764 886 2813 ἐν
914 2760 1282 2829 Διδυμοτείχῳ
1313 2760 1575 2829 στρατιᾶς
1610 2757 1812 2826 πολλῆς

257 2838 582 2922 καὶάταθῆς
617 2854 895 2922 εὐπορεῖν,
928 2852 1100 2904 ἔδεισε
1137 2853 1231 2904 καὶ
1263 2854 1393 2920 περὶ
1435 2852 1544 2903 τῶν
1592 2850 1815 2903 ὑπολοί-

257 2964 368 2999 πων
401 2947 474 3014 μὴ
501 2945 599 2996 οὐκ
633 2946 710 3004 εἰς
744 2942 946 3009 ἀγαθὸν
997 2941 1148 3009 αὐτῷ
1194 2942 1227 3005 ἡ
1261 2941 1432 3006 τόλμα
1464 2938 1646 3009 ἀποϐῇ
1671 2955 1684 2969 ο
1721 2939 1815 2991 κα)⁸

254 3039 471 3106 πέμψας
527 3031 845 3095 πρεσϐείαν,
874 3032 1146 3098 διελέγετο
1175 3031 1300 3100 περὶ
1329 3030 1570 3101 εἰρήνης.
1605 3031 1725 3082 Τῶν
1758 3031 1814 3082 δὲ

252 3129 458 3199 βασιλεῖ
487 3126 754 3180 συνόντων
781 3126 830 3176 οἱ
869 3125 925 3176 ὲν
973 3123 1297 3194 ήλικίᾳξκαὶ
1338 3122 1662 3194 θρασύτεροι
1717 3123 1816 3185 τὰς

249 3223 424 3290 ὁρμὰς
495 3218 570 3288 μὴ
617 3217 867 3286 δέχεσθαι
918 3213 1196 3284 παρῄνουν
1245 3215 1343 3284 τὴν
1402 3215 1651 3313 εἰρήνην,
1692 3211 1813 3313 ἀλλ’
1844 3255 1886 3313 c

247 3312 510 3379 ἐξώρμων
561 3308 784 3378 βασιλέα
823 3304 1021 3377 μᾶλλον
1074 3305 1212 3376 πρὸς
1248 3305 1346 3372 τὴν
1392 3305 1595 3375 μάχην.
1636 3304 1696 3357 '0
1757 3303 1815 3356 δὲ

252 3406 354 3458 οὐκ
386 3403 652 3463 ἐπείθετο,
685 3402 819 3470 πρὸς
851 3399 1001 3452 οὐδὲν
1029 3399 1277 3467 οἰόμενος
1309 3398 1401 3451 τὸν
1432 3397 1666 3466 πόλεμον
1720 3396 1818 3449 αὖ·

252 3497 366 3557 τοῖς
399 3492 790 3562 λυσιτελήσειν.
825 3489 885 3541 Εί
916 3490 1012 3560 μὲν
1044 3489 1153 3558 γὰρ
1183 3489 1322 3559 πρὸς
1357 3487 1816 3556 μόνους,ἐφασκε,

252 3588 470 3648 Μυσοὺς
505 3582 571 3655 ἢν
595 3585 622 3634 ὁ
648 3582 794 3652 ἀγὼν
829 3583 982 3651 ἡμῖν,
1015 3576 1160 3649 εἶχεν
1201 3581 1266 3635 ἄν
1293 3598 1414 3633 τινα
1442 3581 1475 3650 ή
1505 3581 1679 3650 τόλμα
1727 3579 1814 3632 λό-

253 3695 384 3746 γον·
423 3679 540 3730 νυν)⁹
575 3675 632 3727 δὲ
673 3676 731 3726 οὐ
771 3673 972 3742 μᾶλλον
1001 3672 1224 3733 τούτους
1261 3672 1430 3739 ἡμᾶς,
1462 3669 1497 3737 ἢ
1532 3671 1677 3732 ὅπως
1710 3672 1815 3721 Βυ-

251 3771 504 3836 ζαντίους
534 3749 890 3837 ἀμυνούμεθά
915 3763 1019 3834 χρὴ
1045 3765 1288 3816 σκοπεῖν.
1326 3763 1424 3814 'Av
1445 3778 1506 3813 τε
1524 3761 1632 3829 γὰρ
1668 3762 1819 3830 νική-

254 3877 444 3928 σωμεν
469 3860 709 3924 Μυσοὺς,
740 3856 892 3908 οὐδὲν
931 3856 1083 3906 ἔσται
1129 3853 1313 3918 πλέον,
1351 3851 1386 3920 ἢ
1425 3854 1572 3914 ὅπως
1611 3853 1819 3904 ἐνθένδε

243 3951 619 4019 ἀπελάσωμεν
659 3965 674 3980 ’
706 3950 842 4017 ὅπερ
871 3947 1053 4008 αὐτοῖς
1086 3945 1297 4014 ἀνάγκη
1336 3944 1622 4013 πράττειν,
1667 3943 1732 3997 ἄν
1763 3960 1820 3996 τε

243 4042 582 4113 ἡττηθῶσιν,
624 4041 688 4093 ἄν
724 4054 784 4089 τε
851 4038 950 4104 μή.
1025 4035 1150 4086 Ἐὰν
1199 4033 1255 4085 δὲ
1300 4031 1593 4102 ἡττώμεθα
1645 4033 1818 4095 αὐτοὶ,

239 4134 441 4202 ὥσπερ
466 4131 586 4184 καθ’
616 4131 772 4199 ήμῶν
805 4127 986 4180 αὐτῶν
1023 4124 1337 4193 ἐξεπίτηδες
1369 4123 1821 4196 στρατηγήσομεν

239 4231 362 4280 τοῖς
419 4223 719 4292 πολεμίοις.
783 4220 944 4271 Ὥστε
987 4217 1041 4269 τί
1083 4217 1148 4270 ἂν
1201 4216 1286 4286 εἴη
1336 4215 1537 4284 μᾶλλον
1596 4217 1823 4277 ἐκείνοις

241 4319 400 4388 ἥδιον
422 4317 511 4368 καὶ
532 4313 989 4380 λυσιτελέστερον,
1016 4310 1046 4377 ἦ
1072 4309 1217 4378 ἡμᾶς
1239 4309 1433 4368 αὐτοὺς
1463 4305 1822 4368 ὐπ’ἀϐουλίας

238 4409 279 4461 ἃ
313 4406 547 4466 ἐκείνοις
577 4403 738 4471 εὐχῆς
761 4402 884 4466 ἄξια
904 4399 1208 4468 νομίζεται,
1244 4400 1417 4450 ποιεῖν
1445 4413 1460 4462 ;
1497 4396 1708 4458 Ἀλλως
1736 4413 1817 4461 τε,

239 4499 375 4552 οὐδὲ
416 4497 771 4565 Ἀλεξάνδρου
806 4492 1084 4562 πρόφασιν
1115 4490 1270 4561 ’ἡμῖν
1298 4491 1512 4543 δικαίαν
1557 4490 1690 4558 πρὸς
1732 4490 1823 4540 τὸν

1913 2031 2158 2083 eveniret
2219 2031 2466 2094 audacia,
2518 2031 2810 2100 missisque
2871 2033 3185 2088 oratoribus
3234 2036 3301 2090 de
3353 2052 3485 2104 pace

1913 2117 2042 2187 egit.
2068 2118 2198 2183 Qum
2233 2119 2550 2187 imperatori
2583 2120 2852 2175 militabat
2873 2124 3157 2192 juventus,
3177 2125 3486 2180 aetatisl‘er-

1915 2227 2043 2265 vore
2076 2211 2408 2275 animosior;
2452 2228 2641 2281 pacem
2703 2214 3039 2282 dissuadere,
3085 2219 3368 2286 magisque
3415 2221 3482 2272 ad

1913 2303 2160 2372 praelium
2221 2305 2522 2374 impellere.
2587 2305 2680 2359 llIe
2736 2307 3029 2374 repudiare
3079 2309 3389 2375 consilium,
3425 2323 3485 2364 ut

1913 2405 2107 2458 parum
2139 2392 2293 2446 utile.
2322 2392 2378 2447 Si
2426 2395 2594 2457 enim,
2626 2392 2936 2463 inquiebat.
2979 2411 3102 2450 cum
3138 2398 3268 2452 Solis
3296 2397 3482 2455 Moesis

1914 2489 2191 2535 certamen
2225 2483 2382 2537 robis
2434 2495 2598 2550 esset,
2633 2501 2742 2538 non
2771 2486 2889 2540 sine
2925 2486 3112 2556 aliqua
3140 2490 3351 2543 ratione
3387 2506 3485 2544 au-

1913 2570 2168 2624 du-remus
2197 2590 2210 2626 :
2242 2587 2387 2626 nunc
2418 2589 2526 2627 non
2557 2575 2730 2644 magis
2757 2578 3030 2644 quomodo
3053 2577 3271 2644 horum,
3319 2595 3482 2649 quam

1913 2662 2188 2728 quomodo
2235 2662 2622 2734 Byzantiorum
2659 2680 2688 2719 a
2718 2667 2878 2721 nobis
2912 2670 3021 2721 vim
3067 2671 3482 2740 prohibeamus,

1913 2751 2369 2806 considerandum
2411 2764 2518 2807 est.
2558 2754 2684 2810 Sive
2732 2756 2880 2811 enim
2926 2757 3131 2814 Mmsos
3169 2761 3482 2826 vicerimus,

1915 2841 2053 2895 nihil
2084 2857 2490 2913 consequemur
2542 2846 2708 2912 aliud,
2762 2865 2926 2918 quam
2965 2859 3025 2904 ut
3076 2851 3204 2907 hinc
3259 2856 3478 2910 abeant.

1915 2932 2062 2999 quod
2101 2933 2320 3002 quidem
2375 2938 2685 2992 necessario
2733 2939 2847 3007 jam
2881 2939 3061 2996 facere
3097 2943 3337 3010 debent;
3367 2949 3482 3002 sive

1915 3022 2199 3078 vincamur
2238 3025 2378 3095 ipsi,
2437 3028 2584 3081 velut
2632 3028 2699 3082 de
2736 3030 3000 3085 industria
3057 3033 3244 3089 hostes
3292 3047 3482 3092 contra

1915 3123 2149 3180 nosmet,
2187 3124 2441 3186 tanquam
2483 3119 2652 3174 duces
2682 3135 2892 3186 eorum,
2939 3123 3293 3181 adducemus.
3341 3127 3482 3194 Quid

1920 3204 2088 3274 igitur
2114 3206 2222 3260 illis
2245 3207 2544 3276 jucundius
2606 3220 2769 3280 atque
2795 3211 3155 3278 fructuosius,
3190 3232 3351 3286 quam
3385 3236 3485 3274 nos

1921 3297 2063 3366 ipsos
2105 3299 2336 3354 stultitia
2390 3301 2626 3370 quadam
2660 3305 3023 3372 committere,
3083 3310 3229 3377 quod
3281 3309 3384 3379 ipsi
3424 3320 3486 3364 ut

1919 3390 2140 3447 difﬁcile
2182 3392 2325 3446 votis
2370 3394 2735 3462 expetendum
2795 3399 3055 3453 censenti
3081 3399 3161 3454 Ad
3196 3400 3312 3456 hare
3358 3416 3480 3456 cum

1919 3484 2228 3538 Alexander
2277 3485 2481 3554 justam
2513 3487 2692 3542 -nobls
2719 3504 2914 3558 pugnae
2969 3491 3317 3546 occasionem
3370 3508 3483 3547 non

1919 3577 2202 3639 obtulerit,
2234 3578 2420 3648 injusti
2451 3577 2644 3643 simus,
2668 3580 2772 3634 nisi
2799 3596 2985 3650 pacem
3009 3597 3135 3637 cum
3165 3597 3232 3638 eo
3252 3585 3485 3656 conjun-

1920 3685 2153 3738 gamus;
2195 3685 2304 3724 non
2336 3670 2480 3724 enim
2532 3679 2632 3725 nos
2663 3673 2877 3740 petivit,
2925 3676 3020 3728 sed
3080 3689 3206 3728 cum
3264 3675 3370 3729 alia
3417 3676 3486 3730 do

1920 3775 2082 3814 causa
2136 3760 2245 3814 huc
2295 3761 2560 3826 venisset,
2630 3763 2790 3818 nobis
2846 3765 2991 3819 haud
3037 3766 3228 3820 volens
3277 3766 3481 3822 nocuit.

1920 3853 2100 3917 Quare
2125 3854 2253 3922 quia
2289 3868 2390 3907 nec
2420 3856 2709 3922 profutura
2744 3865 2828 3910 est
2851 3856 3009 3911 nobis
3037 3857 3340 3921 dimicatio,
3389 3875 3487 3911 nec

1924 3942 2117 3995 idonea
2147 3945 2264 4013 ejus
2307 3958 2470 3998 causa
2519 3943 2773 4008 oiiertur,
2825 3960 2928 4014 pax
2959 3946 3340 4014 amplectenda
3377 3957 3484 4001 est.

1923 4033 2020 4087 His
2044 4034 2682 4104 dictislegatosaccersit,
2699 4039 2764 4090 de
2783 4035 2987 4091 foedere
3010 4040 3323 4107 respondet,
3348 4047 3486 4094 etaot

1925 4128 1939 4179 i
1965 4133 1975 4172 I
2017 4136 2294 4195 promptos
2327 4129 2482 4182 donis
2510 4129 2761 4194 honorat,
2790 4138 2956 4198 atque
2988 4131 3053 4183 ad
3084 4144 3214 4185 suos
3235 4131 3487 4193 remittit,

1926 4218 2152 4286 ipseque
2207 4233 2305 4286 per
2346 4233 2475 4273 suos
2526 4221 2590 4272 ad
2637 4221 3005 4274 Alexandrum
3057 4220 3264 4291 legatos
3310 4220 3490 4275 {tndus

1925 4309 2229 4361 Conﬁrmat.
2261 4309 2400 4362 Dum
2460 4319 2640 4363 autem
2691 4325 2845 4379 reges
2880 4312 2946 4364 ad
2997 4311 3487 4366 constabiliendam

1928 4399 2218 4452 amicitiam
2237 4407 2494 4467 pararent
2513 4401 2829 4464 convenire,
2850 4401 3049 4455 hiemis
3077 4401 3494 4456 intervenientis

1928 4489 2196 4557 asperitas
2236 4504 2352 4542 rem
2386 4491 2637 4544 distinuit
2665 4507 2676 4541 :
2713 4489 2880 4561 443
2910 4507 3018 4560 prae
3046 4508 3152 4560 qua
3187 4508 3310 4546 cum
3338 4494 3489 4547 Moesi

236 4590 490 4658 πόλεμον
540 4585 982 4656 παρεσχημένου,
1012 4583 1332 4652 ἀδικοίημεν
1376 4582 1441 4634 ἂν
1495 4581 1544 4631 εἰ
1601 4581 1676 4649 μὴ
1704 4579 1814 4631 δια-

1927 4580 1981 4632 ἰη
2012 4579 2381 4640 tabernaculis
2413 4580 2710 4647 perdurare
2741 4581 3058 4648 nequirent,
3131 4583 3398 4638 militibus
3439 4596 3494 4637 et

135 4670 145 4677 ’
233 4679 482 4732 λύεσθαι
516 4675 816 4744 ἐθέλοιμεν.
849 4673 924 4725 Οὐ
950 4672 1058 4740 γὰρ
1086 4672 1218 4740 ἡμῖν
1255 4686 1320 4736 γε
1359 4671 1813 4738 ἐπεστράτευσεν,

232 4768 486 4836 ἀλλ’ὲφ⁹
537 4769 731 4836 ἑτέραν
793 4764 1066 4834 πρόφασιν
1131 4762 1320 4824 ἐλθὼν,
1379 4761 1526 4812 ἄκων
1587 4759 1818 4828 ἔϐλαψεν

233 4863 426 4930 ἡμᾶς,
477 4857 616 4910 ὥστε
641 4856 736 4909 καὶ
769 4857 832 4906 ὲκ
870 4853 961 4905 τοῦ
990 4853 1065 4923 μὴ
1094 4850 1393 4903 λυσιτελεῖν
1420 4853 1554 4918 ἡμῖν
1583 4849 1674 4900 τὸν
1720 4847 1818 4900 πό-

231 4953 447 5019 λεμον,
478 4949 571 5000 καὶ
616 4947 680 4997 ἐκ
715 4943 810 4996 τοῦ
863 4944 938 5012 μὴ
975 4943 1244 5012 πρόφασιν
1275 4939 1490 4992 δικαίαν
1519 4938 1819 5006 εἰληφέναι,

231 5044 351 5112 τὴν
383 5041 610 5110 εἰρήνην
649 5037 847 5107 μᾶλλον
875 5034 1140 5102 αἱρετέον.
1167 5029 1406 5084 Τοιαῦτα
1457 5030 1647 5093 είπὼν,
1695 5029 1821 5090 τοὺς

233 5135 516 5205 πρέσϐεις
544 5129 958 5202 προσεκαλεῖτο,
1014 5127 1108 5180 καὶ
1138 5122 1474 5194 ἐχρημάτιζε
1509 5127 1633 5190 περὶ
1664 5139 1824 5173 3m»-

227 5230 382 5280 ὃὼν.
420 5227 528 5278 Καὶ
561 5223 702 5287 ,ἐπεὶ
755 5221 996 5274 κάκεῖνοι
1041 5217 1358 5271 διαλύεσθαι
1416 5211 1551 5285 ἦσαν
1587 5214 1818 5281 ἕτοιμοι,

230 5320 445 5374 αὑτοῖ,
509 5315 605 5385 μὲν
643 5313 796 5382 δῶρα
841 5310 1144 5380 παρασχὼν
1175 5351 1190 5374 ,
1254 5308 1582 5375 ἀπέπεμπεν
1642 5306 1720 5366 εἰς
1766 5304 1826 5355 τὸ

229 5407 643 5480 στρατόπεδον.
693 5403 998 5476 Πρεσϐείαν
1031 5401 1094 5454 δὲ
1141 5400 1365 5468 πέμψας
1401 5398 1535 5467 πρὸς
1574 5395 1824 5459 Ἀλέξαν-

227 5503 408 5574 δρον,
445 5500 538 5552 atati.
564 5497 724 5557 αὐτὸς
773 5493 1024 5547 ἐϐεϐαίου
1049 5491 1148 5554 τὰς
1179 5490 1432 5554 σπονδάς.
1475 5489 1825 5558 Βουλομένων

224 5595 300 5646 δὲ
344 5589 766 5659 τῶν’βασιλέων
797 5588 888 5640 καὶ
937 5585 1188 5654 ἀλλήλοις
1222 5583 1496 5636 συνελθεῖν
1525 5584 1612 5633 ἐπὶ
1647 5580 1828 5650 φιλίας

230 5670 469 5754 μᾶλλον
495 5678 801 5751 βεϐαιώσει,
833 5677 1158 5730 διεκώλυσεν
1198 5676 1225 5727 ό
1271 5675 1478 5743 χειμὼν
1506 5673 1828 5740 ἐπιγενόμε-

227 5795 345 5837 νος
384 5773 654 5842 σφοδρός·
689 5771 778 5837 ὑφ’
831 5765 890 5822 οὗ
946 5771 1019 5836 μὴ
1065 5768 1358 5835 δυνάμενον
1403 5765 1463 5816 τὸ
1516 5767 1831 5833 στράτευμα

224 5865 476 5922 quat?»
527 5862 908 5930 διακαρτερεῖν
960 5859 1050 5910 ἐπὶ
1083 5859 1309 5927 σκηναῖς
1356 5855 1713 5923 ἀνεζεύγνυον
1751 5856 1831 5918 είς

495 5963 764 6017 ΡΑτιιοι..
797 5956 842 6014 G
857 5975 914 6014 ιι.
944 5951 1138 6013 CLIII.

1925 4672 2082 4739 equis
2101 4669 2530 4738 aliquotenectis
2555 4670 2814 4739 frigorum
2844 4673 3213 4740 magnitudine
3274 4679 3494 4727 domum

1928 4747 2286 4824 reverterunt.
2317 4761 2445 4816 Post
2473 4761 2586 4814 IMPC
2623 4763 2920 4830 imperator
2945 4761 3358 4818 Cantacuzenus
3383 4763 3497 4818 Au:

1928 4860 2138 4919 gustatu
2168 4848 2233 4901 de
2256 4861 2387 4917 pace
2426 4835 2621 4902 iterum
2683 4851 2957 4916 appellat,
3005 4851 3250 4919 petitque
3294 4868 3363 4906 ne
3387 4853 3498 4921 qua’

1929 4941 2081 5007 prius
2110 4939 2430 5000 temeritate,
2461 4941 2612 5010 paria
2644 4949 2739 4991 aut
2765 4940 3034 4993 deteriora
3060 4943 3238 4995 etiam
3279 4943 3335 4995 in
3390 4959 3493 5012 po—

1931 5041 2136 5086 sterum
2159 5031 2526 5100 aggrediatur.
2560 5030 2701 5096 Quin
2743 5032 2924 5100 potius
2954 5047 3080 5086 cum
3111 5048 3178 5086 ex
3232 5039 3498 5089 anteactis

1927 5123 2034 5191 jam
2065 5122 2399 5189 cognoverit,
2441 5121 2644 5174 bellum
2683 5123 2822 5174 istuc
2855 5123 3162 5176 Romanum
3204 5125 3491 5192 imperium

1931 5210 2180 5263 funditus
2207 5209 2546 5278 perditurum
2573 5249 2586 5272 ,
2621 5221 2806 5277 pacem
2841 5212 3094 5263 admittat
3121 5228 3135 5264 :
3165 5227 3221 5264 se
3251 5228 3490 5281 quoque,

1935 5301 2059 5354 licet
2093 5317 2191 5368 par
2222 5301 2336 5366 pari
2373 5299 2579 5354 referre
2607 5300 2802 5370 possit,
2835 5301 3141 5356 communis
3169 5304 3290 5354 boni
3335 5320 3494 5357 ca-Is.i

1935 5393 2001 5446 ab
2059 5392 2240 5465 armis
2277 5390 2640 5445 libentissime
2689 5391 3082 5445 discessurum.
3121 5391 3354 5460 Legatus
3379 5407 3500 5448 erat

1935 5485 2029 5553 qui
2059 5492 2116 5538 et
2139 5483 2294 5548 alias,
2323 5483 2632 5538 Demetrius
2657 5481 3017 5551 Sguropulus,
3039 5493 3095 5537 et
3124 5499 3230 5538 una
3259 5483 3502 5540 Joannes

1937 5575 2141 5639 Potitus
2163 5590 2228 5628 ex
2257 5574 2445 5643 Angeli
2477 5573 2755 5642 pincerme
2783 5573 3117 5628 domesticis.
3148 5575 3226 5628 Ad
3269 5577 3354 5646 leg
3374 5577 3496 5631 utio-

1938 5683 2063 5721 nem
2095 5667 2186 5735 qui
2223 5664 2468 5734 Byzantii
2502 5679 2602 5732 pro
2658 5664 3010 5732 imperatrice
3033 5665 3341 5720 tractabant
3389 5667 3494 5721 im-

1938 5756 2314 5831 perium'nibil
2334 5760 2682 5825 respondent,
2713 5759 2807 5810 sed
2834 5757 3070 5826 legatum
3103 5760 3337 5812 alterum
3357 5760 3500 5813 mul-

1941 5853 2010 5908 tis
2036 5855 2322 5922 aspersum
2366 5847 2623 5904 convitiis
2661 5850 2715 5906 in
2751 5852 3055 5907 custodiam
3101 5852 3500 5920 compingunt:
3537 5833 3556 5852 ’

3070 5946 3151 6005 28
