  <div class='ocr_page' id='page_1' title='image "/cluster/home/n/w/nwhite01/storage/ocr_20150623/153/hvd.32044019208412/468.png"; bbox 0 0 3880 6632; ppageno 0'>
   <div class='ocr_carea' id='block_1_1' title="bbox 313 373 406 436">
    <p class='ocr_par' dir='ltr' id='par_1_1' title="bbox 313 373 406 436">
     <span class='ocr_line' id='line_1_1' title="bbox 313 373 406 436; baseline 0.011 -2"><span class='ocrx_word' id='word_1_1' title='bbox 313 373 406 436; x_wconf 64' lang='lat'><strong>$77</strong></span> 
     </span>
    </p>
   </div>
   <div class='ocr_carea' id='block_1_2' title="bbox 1425 368 2390 437">
    <p class='ocr_par' dir='ltr' id='par_1_2' title="bbox 1425 368 2390 437">
     <span class='ocr_line' id='line_1_2' title="bbox 1425 368 2390 437; baseline -0.005 -1"><span class='ocrx_word' id='word_1_2' title='bbox 1425 373 1969 437; x_wconf 62' lang='grc' dir='ltr'><strong>ἱιιόιυῒὶιᾹῐὶυΜ</strong></span> <span class='ocrx_word' id='word_1_3' title='bbox 2006 370 2236 432; x_wconf 78' lang='lat' dir='ltr'><strong>LIBER</strong></span> <span class='ocrx_word' id='word_1_4' title='bbox 2273 368 2390 432; x_wconf 80' lang='grc' dir='ltr'><strong>ΙΠ-</strong></span> 
     </span>
    </p>
   </div>
   <div class='ocr_carea' id='block_1_3' title="bbox 3419 365 3525 438">
    <p class='ocr_par' dir='ltr' id='par_1_3' title="bbox 3419 365 3525 438">
     <span class='ocr_line' id='line_1_3' title="bbox 3419 365 3525 438; baseline 0 -5"><span class='ocrx_word' id='word_1_5' title='bbox 3419 365 3525 438; x_wconf 70' lang='lat'><strong>87,8</strong></span> 
     </span>
    </p>
   </div>
   <div class='ocr_carea' id='block_1_4' title="bbox 308 469 1880 559">
    <p class='ocr_par' dir='ltr' id='par_1_4' title="bbox 308 485 1862 558">
     <span class='ocr_line' id='line_1_4' title="bbox 308 485 1862 558; baseline -0.001 -20"><span class='ocrx_word' id='word_1_6' title='bbox 308 489 569 555; x_wconf 58' lang='grc' dir='ltr'>διηρπὲγη</span> <span class='ocrx_word' id='word_1_7' title='bbox 623 487 886 553; x_wconf 71' lang='grc' dir='ltr'>βασιλέως</span> <span class='ocrx_word' id='word_1_8' title='bbox 933 505 989 540; x_wconf 82' lang='grc' dir='ltr'><strong>τε</strong></span> <span class='ocrx_word' id='word_1_9' title='bbox 1021 489 1116 540; x_wconf 71' lang='grc' dir='ltr'>καὶ</span> <span class='ocrx_word' id='word_1_10' title='bbox 1153 485 1244 538; x_wconf 81' lang='grc' dir='ltr'>τοῦ</span> <span class='ocrx_word' id='word_1_11' title='bbox 1297 487 1500 558; x_wconf 72' lang='grc' dir='ltr'>μητρὸς</span> <span class='ocrx_word' id='word_1_12' title='bbox 1548 486 1862 554; x_wconf 80' lang='grc' dir='ltr'>σαφέστατα</span> 
     </span>
    </p>
   </div>
   <div class='ocr_carea' id='block_1_5' title="bbox 1979 469 3529 559">
    <p class='ocr_par' dir='ltr' id='par_1_5' title="bbox 1979 469 3529 559">
     <span class='ocr_line' id='line_1_5' title="bbox 1979 469 3529 559; baseline -0.004 -20"><span class='ocrx_word' id='word_1_13' title='bbox 1979 500 2071 539; x_wconf 76' lang='lat' dir='ltr'><strong>non</strong></span> <span class='ocrx_word' id='word_1_14' title='bbox 2097 492 2273 554; x_wconf 90' lang='lat' dir='ltr'><strong>potest</strong></span> <span class='ocrx_word' id='word_1_15' title='bbox 2325 482 2391 537; x_wconf 87' lang='lat' dir='ltr'><strong>ad</strong></span> <span class='ocrx_word' id='word_1_16' title='bbox 2421 493 2658 550; x_wconf 82' lang='lat' dir='ltr'><strong>unguem</strong></span> <span class='ocrx_word' id='word_1_17' title='bbox 2713 479 2845 546; x_wconf 86' lang='lat' dir='ltr'><strong>dici,</strong></span> <span class='ocrx_word' id='word_1_18' title='bbox 2908 491 3032 535; x_wconf 91' lang='lat' dir='ltr'><strong>cum</strong></span> <span class='ocrx_word' id='word_1_19' title='bbox 3089 491 3192 534; x_wconf 91' lang='lat' dir='ltr'><strong>nec</strong></span> <span class='ocrx_word' id='word_1_20' title='bbox 3229 477 3386 559; x_wconf 89' lang='lat' dir='ltr'><strong>ipsis,</strong></span> <span class='ocrx_word' id='word_1_21' title='bbox 3429 469 3529 548; x_wconf 84' lang='lat' dir='ltr'><strong>qui</strong></span> 
     </span>
    </p>
   </div>
   <div class='ocr_carea' id='block_1_6' title="bbox 307 575 1862 646">
    <p class='ocr_par' dir='ltr' id='par_1_6' title="bbox 307 575 1862 646">
     <span class='ocr_line' id='line_1_6' title="bbox 307 575 1862 646; baseline -0.001 -17"><span class='ocrx_word' id='word_1_22' title='bbox 307 583 466 629; x_wconf 77' lang='grc' dir='ltr'>ειπεῖν</span> <span class='ocrx_word' id='word_1_23' title='bbox 505 579 606 629; x_wconf 84' lang='grc' dir='ltr'>οὐκ</span> <span class='ocrx_word' id='word_1_24' title='bbox 651 580 818 642; x_wconf 75' lang='grc' dir='ltr'>ἐστιν,</span> <span class='ocrx_word' id='word_1_25' title='bbox 856 579 978 630; x_wconf 71' lang='grc' dir='ltr'>οὐδὲ</span> <span class='ocrx_word' id='word_1_26' title='bbox 1010 577 1118 629; x_wconf 80' lang='grc' dir='ltr'>τῶν</span> <span class='ocrx_word' id='word_1_27' title='bbox 1164 577 1397 646; x_wconf 79' lang='grc' dir='ltr'>ἑχόντων</span> <span class='ocrx_word' id='word_1_28' title='bbox 1423 575 1603 628; x_wconf 80' lang='grc' dir='ltr'>αὐτῶν</span> <span class='ocrx_word' id='word_1_29' title='bbox 1645 575 1862 628; x_wconf 79' lang='grc' dir='ltr'><strong>εἰδότων</strong></span> 
     </span>
    </p>
   </div>
   <div class='ocr_carea' id='block_1_7' title="bbox 309 663 1861 736">
    <p class='ocr_par' dir='ltr' id='par_1_7' title="bbox 309 663 1861 736">
     <span class='ocr_line' id='line_1_7' title="bbox 309 663 1861 736; baseline 0.001 -20"><span class='ocrx_word' id='word_1_30' title='bbox 309 670 399 717; x_wconf 68' lang='grc' dir='ltr'><strong>ὑπὸ</strong></span> <span class='ocrx_word' id='word_1_31' title='bbox 441 668 678 733; x_wconf 77' lang='grc' dir='ltr'>πλήθους</span> <span class='ocrx_word' id='word_1_32' title='bbox 730 667 993 736; x_wconf 79' lang='grc' dir='ltr'>ἀκριϐῶς.</span> <span class='ocrx_word' id='word_1_33' title='bbox 1049 665 1423 736; x_wconf 78' lang='grc' dir='ltr'>Βοσκημάτων</span> <span class='ocrx_word' id='word_1_34' title='bbox 1473 666 1529 718; x_wconf 81' lang='grc' dir='ltr'>δὲ</span> <span class='ocrx_word' id='word_1_35' title='bbox 1579 665 1719 734; x_wconf 86' lang='grc' dir='ltr'>βοῶν</span> <span class='ocrx_word' id='word_1_36' title='bbox 1761 663 1861 732; x_wconf 78' lang='grc' dir='ltr'>μὲν</span> 
     </span>
    </p>
   </div>
   <div class='ocr_carea' id='block_1_8' title="bbox 309 755 1856 826">
    <p class='ocr_par' dir='ltr' id='par_1_8' title="bbox 309 755 1856 826">
     <span class='ocr_line' id='line_1_8' title="bbox 309 755 1856 826; baseline -0.001 -18"><span class='ocrx_word' id='word_1_37' title='bbox 309 759 485 822; x_wconf 74' lang='grc' dir='ltr'>ἀγέλαι</span> <span class='ocrx_word' id='word_1_38' title='bbox 517 757 730 823; x_wconf 70' lang='grc' dir='ltr'>πολλαὶ,</span> <span class='ocrx_word' id='word_1_39' title='bbox 763 760 820 820; x_wconf 83' lang='grc' dir='ltr'><strong>ἐς</strong></span> <span class='ocrx_word' id='word_1_40' title='bbox 856 757 1303 826; x_wconf 71' lang='grc' dir='ltr'>πεντακισχιλίας</span> <span class='ocrx_word' id='word_1_41' title='bbox 1334 755 1551 826; x_wconf 76' lang='grc' dir='ltr'>ἔχουσαι</span> <span class='ocrx_word' id='word_1_42' title='bbox 1569 756 1806 825; x_wconf 80' lang='grc' dir='ltr'>νομάδας</span> <span class='ocrx_word' id='word_1_43' title='bbox 1843 773 1856 783; x_wconf 87' lang='grc'><strong>·</strong></span> 
     </span>
    </p>
   </div>
   <div class='ocr_carea' id='block_1_9' title="bbox 317 846 1910 920">
    <p class='ocr_par' dir='ltr' id='par_1_9' title="bbox 317 846 1910 920">
     <span class='ocr_line' id='line_1_9' title="bbox 317 846 1910 920; baseline 0.001 -20"><span class='ocrx_word' id='word_1_44' title='bbox 317 852 474 919; x_wconf 74' lang='grc' dir='ltr'>ζεύγη</span> <span class='ocrx_word' id='word_1_45' title='bbox 523 851 580 902; x_wconf 76' lang='grc' dir='ltr'>δὲ</span> <span class='ocrx_word' id='word_1_46' title='bbox 625 846 703 911; x_wconf 77' lang='grc' dir='ltr'>οἷς</span> <span class='ocrx_word' id='word_1_47' title='bbox 743 853 940 920; x_wconf 75' lang='grc' dir='ltr'>ἐχρῆτο</span> <span class='ocrx_word' id='word_1_48' title='bbox 995 852 1134 919; x_wconf 65' lang='grc' dir='ltr'>πρδς</span> <span class='ocrx_word' id='word_1_49' title='bbox 1190 852 1289 912; x_wconf 82' lang='grc' dir='ltr'><strong>τὰς</strong></span> <span class='ocrx_word' id='word_1_50' title='bbox 1343 851 1641 918; x_wconf 83' lang='grc' dir='ltr'>γεωργίας,</span> <span class='ocrx_word' id='word_1_51' title='bbox 1691 848 1859 918; x_wconf 79' lang='grc' dir='ltr'>χίλια.</span> <span class='ocrx_word' id='word_1_52' title='bbox 1893 885 1910 905; x_wconf 93' lang='grc'><strong>.</strong></span> 
     </span>
    </p>
   </div>
   <div class='ocr_carea' id='block_1_10' title="bbox 308 939 1860 1012">
    <p class='ocr_par' dir='ltr' id='par_1_10' title="bbox 308 939 1860 1012">
     <span class='ocr_line' id='line_1_10' title="bbox 308 939 1860 1012; baseline -0.001 -20"><span class='ocrx_word' id='word_1_53' title='bbox 308 943 484 996; x_wconf 73' lang='grc' dir='ltr'>’Ἱπποι</span> <span class='ocrx_word' id='word_1_54' title='bbox 529 944 740 1011; x_wconf 76' lang='grc' dir='ltr'><strong>θήλειαι</strong></span> <span class='ocrx_word' id='word_1_55' title='bbox 772 945 1071 1012; x_wconf 80' lang='grc' dir='ltr'><strong>νεμόμεναι</strong></span> <span class='ocrx_word' id='word_1_56' title='bbox 1127 942 1481 995; x_wconf 73' lang='grc' dir='ltr'><strong>πεντακόσιαι</strong></span> <span class='ocrx_word' id='word_1_57' title='bbox 1515 939 1654 1009; x_wconf 77' lang='grc' dir='ltr'>πρὸς</span> <span class='ocrx_word' id='word_1_58' title='bbox 1684 940 1860 1008; x_wconf 86' lang='grc' dir='ltr'>δισχι-</span> 
     </span>
    </p>
   </div>
   <div class='ocr_carea' id='block_1_11' title="bbox 307 1028 1864 1103">
    <p class='ocr_par' dir='ltr' id='par_1_11' title="bbox 307 1028 1864 1103">
     <span class='ocr_line' id='line_1_11' title="bbox 307 1028 1864 1103; baseline -0.001 -21"><span class='ocrx_word' id='word_1_59' title='bbox 307 1032 456 1094; x_wconf 80' lang='grc' dir='ltr'>λίαις,</span> <span class='ocrx_word' id='word_1_60' title='bbox 495 1033 732 1100; x_wconf 73' lang='grc' dir='ltr'>κάμηλοι</span> <span class='ocrx_word' id='word_1_61' title='bbox 774 1032 1068 1097; x_wconf 73' lang='grc' dir='ltr'><strong>διακόσιαι,</strong></span> <span class='ocrx_word' id='word_1_62' title='bbox 1116 1033 1329 1103; x_wconf 75' lang='grc' dir='ltr'>ἡμίονοι</span> <span class='ocrx_word' id='word_1_63' title='bbox 1385 1032 1720 1101; x_wconf 74' lang='grc' dir='ltr'><strong>τριακόσιαι,</strong></span> <span class='ocrx_word' id='word_1_64' title='bbox 1751 1028 1864 1082; x_wconf 72' lang='grc' dir='ltr'>ὄνοι</span> 
     </span>
    </p>
   </div>
   <div class='ocr_carea' id='block_1_12' title="bbox 305 1121 1864 1191">
    <p class='ocr_par' dir='ltr' id='par_1_12' title="bbox 305 1121 1864 1191">
     <span class='ocr_line' id='line_1_12' title="bbox 305 1121 1864 1191; baseline -0.003 -15"><span class='ocrx_word' id='word_1_65' title='bbox 305 1126 356 1176; x_wconf 87' lang='grc' dir='ltr'>δὲ</span> <span class='ocrx_word' id='word_1_66' title='bbox 405 1123 799 1175; x_wconf 82' lang='grc' dir='ltr'>πεντακόσιοι·</span> <span class='ocrx_word' id='word_1_67' title='bbox 847 1124 1093 1177; x_wconf 80' lang='grc' dir='ltr'>συϐὡσιά</span> <span class='ocrx_word' id='word_1_68' title='bbox 1135 1142 1195 1177; x_wconf 86' lang='grc' dir='ltr'><strong>τε</strong></span> <span class='ocrx_word' id='word_1_69' title='bbox 1248 1126 1306 1188; x_wconf 71' lang='grc' dir='ltr'><strong>ἐς</strong></span> <span class='ocrx_word' id='word_1_70' title='bbox 1371 1124 1536 1176; x_wconf 86' lang='grc' dir='ltr'>πέντε</span> <span class='ocrx_word' id='word_1_71' title='bbox 1598 1121 1864 1191; x_wconf 79' lang='grc' dir='ltr'>μυριάδας</span> 
     </span>
    </p>
   </div>
   <div class='ocr_carea' id='block_1_13' title="bbox 306 1211 1866 1286">
    <p class='ocr_par' dir='ltr' id='par_1_13' title="bbox 306 1211 1866 1286">
     <span class='ocr_line' id='line_1_13' title="bbox 306 1211 1866 1286; baseline -0.003 -19"><span class='ocrx_word' id='word_1_72' title='bbox 306 1217 488 1284; x_wconf 79' lang='grc' dir='ltr'>ἔχοντα</span> <span class='ocrx_word' id='word_1_73' title='bbox 517 1216 681 1276; x_wconf 73' lang='grc' dir='ltr'>συῶν,</span> <span class='ocrx_word' id='word_1_74' title='bbox 706 1220 798 1268; x_wconf 72' lang='grc' dir='ltr'>καὶ</span> <span class='ocrx_word' id='word_1_75' title='bbox 829 1215 1120 1283; x_wconf 81' lang='grc' dir='ltr'>προϐάτων</span> <span class='ocrx_word' id='word_1_76' title='bbox 1155 1216 1412 1286; x_wconf 79' lang='grc' dir='ltr'><strong>μυριάδες</strong></span> <span class='ocrx_word' id='word_1_77' title='bbox 1437 1215 1599 1268; x_wconf 77' lang='grc' dir='ltr'>ἑπτά.</span> <span class='ocrx_word' id='word_1_78' title='bbox 1622 1211 1866 1282; x_wconf 57' lang='grc' dir='ltr'>Κατρπῶν</span> 
     </span>
    </p>
   </div>
   <div class='ocr_carea' id='block_1_14' title="bbox 305 1295 1867 1374">
    <p class='ocr_par' dir='ltr' id='par_1_14' title="bbox 305 1295 1867 1374">
     <span class='ocr_line' id='line_1_14' title="bbox 305 1295 1867 1374; baseline -0.002 -18"><span class='ocrx_word' id='word_1_79' title='bbox 305 1306 356 1356; x_wconf 74' lang='grc' dir='ltr'>δὲ</span> <span class='ocrx_word' id='word_1_80' title='bbox 387 1305 616 1358; x_wconf 82' lang='grc' dir='ltr'>ἄπιστόν</span> <span class='ocrx_word' id='word_1_81' title='bbox 644 1321 697 1356; x_wconf 88' lang='grc' dir='ltr'><strong>τι</strong></span> <span class='ocrx_word' id='word_1_82' title='bbox 730 1305 921 1374; x_wconf 82' lang='grc' dir='ltr'>χρῆμα</span> <span class='ocrx_word' id='word_1_83' title='bbox 969 1307 1064 1356; x_wconf 79' lang='grc' dir='ltr'>καὶ</span> <span class='ocrx_word' id='word_1_84' title='bbox 1096 1303 1507 1373; x_wconf 87' lang='grc' dir='ltr'>δυσαρίθμητον</span> <span class='ocrx_word' id='word_1_85' title='bbox 1545 1302 1766 1371; x_wconf 83' lang='grc' dir='ltr'>κομιδῆ,</span> <span class='ocrx_word' id='word_1_86' title='bbox 1792 1295 1867 1354; x_wconf 79' lang='grc' dir='ltr'><strong>ὢν</strong></span> 
     </span>
    </p>
   </div>
   <div class='ocr_carea' id='block_1_15' title="bbox 202 1394 1868 1471">
    <p class='ocr_par' dir='ltr' id='par_1_15' title="bbox 202 1394 1868 1471">
     <span class='ocr_line' id='line_1_15' title="bbox 202 1394 1868 1471; baseline -0.005 -17"><span class='ocrx_word' id='word_1_87' title='bbox 202 1447 225 1471; x_wconf 41' lang='grc' dir='ltr'><em>λ</em></span> <span class='ocrx_word' id='word_1_88' title='bbox 307 1401 552 1454; x_wconf 74' lang='grc' dir='ltr'>ἁπάντων</span> <span class='ocrx_word' id='word_1_89' title='bbox 621 1401 677 1450; x_wconf 92' lang='grc' dir='ltr'><strong>ἐν</strong></span> <span class='ocrx_word' id='word_1_90' title='bbox 735 1399 910 1468; x_wconf 81' lang='grc' dir='ltr'>χρόνῳ</span> <span class='ocrx_word' id='word_1_91' title='bbox 987 1398 1386 1470; x_wconf 74' lang='grc' dir='ltr'>ἀποστερηθεὶς</span> <span class='ocrx_word' id='word_1_92' title='bbox 1441 1396 1653 1467; x_wconf 80' lang='grc' dir='ltr'>βραχεῖ,</span> <span class='ocrx_word' id='word_1_93' title='bbox 1713 1394 1868 1447; x_wconf 77' lang='grc' dir='ltr'>οὐδὲν</span> 
     </span>
    </p>
   </div>
   <div class='ocr_carea' id='block_1_16' title="bbox 303 1481 1870 1560">
    <p class='ocr_par' dir='ltr' id='par_1_16' title="bbox 303 1481 1870 1560">
     <span class='ocr_line' id='line_1_16' title="bbox 303 1481 1870 1560; baseline -0.007 -15"><span class='ocrx_word' id='word_1_94' title='bbox 303 1491 518 1558; x_wconf 81' lang='grc' dir='ltr'>ἀγεννὲς</span> <span class='ocrx_word' id='word_1_95' title='bbox 562 1489 594 1560; x_wconf 78' lang='grc' dir='ltr'>ἢ</span> <span class='ocrx_word' id='word_1_96' title='bbox 634 1489 972 1560; x_wconf 79' lang='grc' dir='ltr'>μικρόψυχον</span> <span class='ocrx_word' id='word_1_97' title='bbox 1017 1489 1340 1558; x_wconf 75' lang='grc' dir='ltr'>ἐφθέγξατο.</span> <span class='ocrx_word' id='word_1_98' title='bbox 1382 1488 1592 1540; x_wconf 85' lang='grc' dir='ltr'>Ἐκεῖνο</span> <span class='ocrx_word' id='word_1_99' title='bbox 1635 1483 1692 1537; x_wconf 80' lang='grc' dir='ltr'>δὲ</span> <span class='ocrx_word' id='word_1_100' title='bbox 1741 1481 1870 1553; x_wconf 72' lang='grc' dir='ltr'>ἡνία</span> 
     </span>
    </p>
   </div>
   <div class='ocr_carea' id='block_1_17' title="bbox 307 1574 1867 1653">
    <p class='ocr_par' dir='ltr' id='par_1_17' title="bbox 307 1574 1867 1653">
     <span class='ocr_line' id='line_1_17' title="bbox 307 1574 1867 1653; baseline -0.003 -19"><span class='ocrx_word' id='word_1_101' title='bbox 307 1585 458 1650; x_wconf 76' lang='grc' dir='ltr'>μόνον</span> <span class='ocrx_word' id='word_1_102' title='bbox 500 1583 581 1635; x_wconf 80' lang='grc' dir='ltr'>ὅτι</span> <span class='ocrx_word' id='word_1_103' title='bbox 623 1584 703 1645; x_wconf 85' lang='grc' dir='ltr'><strong>εἰς</strong></span> <span class='ocrx_word' id='word_1_104' title='bbox 745 1582 902 1634; x_wconf 69' lang='grc' dir='ltr'>οὐδὲν</span> <span class='ocrx_word' id='word_1_105' title='bbox 947 1583 1220 1653; x_wconf 79' lang='grc' dir='ltr'>χρήσιμον</span> <span class='ocrx_word' id='word_1_106' title='bbox 1265 1580 1510 1634; x_wconf 80' lang='grc' dir='ltr'><strong>ἀνάλωτο</strong></span> <span class='ocrx_word' id='word_1_107' title='bbox 1561 1576 1640 1646; x_wconf 85' lang='grc' dir='ltr'>τῷ</span> <span class='ocrx_word' id='word_1_108' title='bbox 1678 1574 1867 1643; x_wconf 84' lang='grc' dir='ltr'>κοινῷ.</span> 
     </span>
    </p>
   </div>
   <div class='ocr_carea' id='block_1_18' title="bbox 249 1661 1870 1737">
    <p class='ocr_par' dir='ltr' id='par_1_18' title="bbox 249 1661 1870 1737">
     <span class='ocr_line' id='line_1_18' title="bbox 249 1661 1870 1737; baseline -0.004 -18"><span class='ocrx_word' id='word_1_109' title='bbox 303 1669 466 1731; x_wconf 76' lang='grc' dir='ltr'>Αὐτὸς</span> <span class='ocrx_word' id='word_1_110' title='bbox 506 1669 611 1737; x_wconf 75' lang='grc' dir='ltr'>γὰρ</span> <span class='ocrx_word' id='word_1_111' title='bbox 647 1667 955 1736; x_wconf 75' lang='grc' dir='ltr'>ίσχυρίζετο</span> <span class='ocrx_word' id='word_1_112' title='bbox 982 1665 1130 1718; x_wconf 76' lang='grc' dir='ltr'>οὕτω</span> <span class='ocrx_word' id='word_1_113' title='bbox 1155 1663 1556 1736; x_wconf 80' lang='grc' dir='ltr'>διανενοῆσθαι,</span> <span class='ocrx_word' id='word_1_114' title='bbox 1579 1663 1657 1723; x_wconf 81' lang='grc' dir='ltr'>ὡς</span> <span class='ocrx_word' id='word_1_115' title='bbox 1690 1661 1870 1714; x_wconf 75' lang='grc' dir='ltr'>πάντα</span> 
     </span>
    </p>
   </div>
   <div class='ocr_carea' id='block_1_19' title="bbox 247 1752 1872 1826">
    <p class='ocr_par' dir='ltr' id='par_1_19' title="bbox 247 1752 1872 1826">
     <span class='ocr_line' id='line_1_19' title="bbox 247 1752 1872 1826; baseline -0.006 -12"><span class='ocrx_word' id='word_1_116' title='bbox 247 1791 260 1796; x_wconf 62' lang='grc' dir='ltr'><em>ι</em></span> <span class='ocrx_word' id='word_1_117' title='bbox 305 1758 595 1814; x_wconf 79' lang='grc' dir='ltr'>ἀναλώσων</span> <span class='ocrx_word' id='word_1_118' title='bbox 638 1757 740 1825; x_wconf 81' lang='grc' dir='ltr'>τῆς</span> <span class='ocrx_word' id='word_1_119' title='bbox 788 1757 1078 1826; x_wconf 87' lang='grc' dir='ltr'>Ῥωμαίων</span> <span class='ocrx_word' id='word_1_120' title='bbox 1111 1756 1381 1826; x_wconf 75' lang='grc' dir='ltr'>ὠφελείας</span> <span class='ocrx_word' id='word_1_121' title='bbox 1426 1755 1609 1808; x_wconf 72' lang='grc' dir='ltr'>ἕνεκα.</span> <span class='ocrx_word' id='word_1_122' title='bbox 1651 1752 1739 1806; x_wconf 80' lang='grc' dir='ltr'>Ἐν</span> <span class='ocrx_word' id='word_1_123' title='bbox 1766 1753 1872 1805; x_wconf 85' lang='grc' dir='ltr'><strong>Βυ-</strong></span> 
     </span>
    </p>
   </div>
   <div class='ocr_carea' id='block_1_20' title="bbox 1962 571 3532 642">
    <p class='ocr_par' dir='ltr' id='par_1_20' title="bbox 1962 571 3532 642">
     <span class='ocr_line' id='line_1_20' title="bbox 1962 571 3532 642; baseline -0.005 -12"><span class='ocrx_word' id='word_1_124' title='bbox 1962 591 2085 630; x_wconf 89' lang='lat' dir='ltr'><strong>eam</strong></span> <span class='ocrx_word' id='word_1_125' title='bbox 2140 575 2529 634; x_wconf 84' lang='lat' dir='ltr'><strong>asservabant,</strong></span> <span class='ocrx_word' id='word_1_126' title='bbox 2579 579 2804 642; x_wconf 82' lang='lat' dir='ltr'><strong>propter</strong></span> <span class='ocrx_word' id='word_1_127' title='bbox 2855 571 3218 641; x_wconf 81' lang='lat' dir='ltr'><strong>granditatem</strong></span> <span class='ocrx_word' id='word_1_128' title='bbox 3270 586 3532 624; x_wconf 74' lang='lat' dir='ltr'><strong>numerus</strong></span> 
     </span>
    </p>
   </div>
   <div class='ocr_carea' id='block_1_21' title="bbox 1962 663 3535 738">
    <p class='ocr_par' dir='ltr' id='par_1_21' title="bbox 1962 663 3535 738">
     <span class='ocr_line' id='line_1_21' title="bbox 1962 663 3535 738; baseline -0.003 -18"><span class='ocrx_word' id='word_1_129' title='bbox 1962 667 2081 738; x_wconf 83' lang='lat' dir='ltr'><strong>ejus</strong></span> <span class='ocrx_word' id='word_1_130' title='bbox 2106 666 2269 736; x_wconf 83' lang='lat' dir='ltr'><strong>plane</strong></span> <span class='ocrx_word' id='word_1_131' title='bbox 2304 664 2630 718; x_wconf 69' lang='lat' dir='ltr'><strong>constiterit.</strong></span> <span class='ocrx_word' id='word_1_132' title='bbox 2676 663 2939 716; x_wconf 72' lang='lat' dir='ltr'><strong>Pecorum</strong></span> <span class='ocrx_word' id='word_1_133' title='bbox 2967 673 3170 728; x_wconf 86' lang='lat' dir='ltr'><strong>autem,</strong></span> <span class='ocrx_word' id='word_1_134' title='bbox 3211 663 3373 716; x_wconf 83' lang='lat' dir='ltr'><strong>boum</strong></span> <span class='ocrx_word' id='word_1_135' title='bbox 3408 663 3535 732; x_wconf 78' lang='lat' dir='ltr'><strong>qui-</strong></span> 
     </span>
    </p>
   </div>
   <div class='ocr_carea' id='block_1_22' title="bbox 1963 751 3530 824">
    <p class='ocr_par' dir='ltr' id='par_1_22' title="bbox 1963 751 3530 824">
     <span class='ocr_line' id='line_1_22' title="bbox 1963 751 3530 824; baseline -0.004 -14"><span class='ocrx_word' id='word_1_136' title='bbox 1963 759 2087 810; x_wconf 86' lang='lat' dir='ltr'><strong>dem</strong></span> <span class='ocrx_word' id='word_1_137' title='bbox 2122 754 2460 824; x_wconf 72' lang='lat' dir='ltr'><strong>pascualium</strong></span> <span class='ocrx_word' id='word_1_138' title='bbox 2516 752 2570 805; x_wconf 92' lang='lat' dir='ltr'><strong>in</strong></span> <span class='ocrx_word' id='word_1_139' title='bbox 2625 751 2793 805; x_wconf 90' lang='lat' dir='ltr'><strong>multa</strong></span> <span class='ocrx_word' id='word_1_140' title='bbox 2827 755 3066 805; x_wconf 77' lang='lat' dir='ltr'><strong>armenta</strong></span> <span class='ocrx_word' id='word_1_141' title='bbox 3115 751 3530 820; x_wconf 44' lang='lat' dir='ltr'><strong>dispertittrum</strong></span> 
     </span>
    </p>
   </div>
   <div class='ocr_carea' id='block_1_23' title="bbox 1966 843 3529 914">
    <p class='ocr_par' dir='ltr' id='par_1_23' title="bbox 1966 843 3529 914">
     <span class='ocr_line' id='line_1_23' title="bbox 1966 843 3529 914; baseline -0.003 -12"><span class='ocrx_word' id='word_1_142' title='bbox 1966 847 2193 902; x_wconf 78' lang='lat' dir='ltr'><strong>luerunt</strong></span> <span class='ocrx_word' id='word_1_143' title='bbox 2223 847 2290 899; x_wconf 87' lang='lat' dir='ltr'><strong>ad</strong></span> <span class='ocrx_word' id='word_1_144' title='bbox 2320 845 2484 914; x_wconf 86' lang='lat' dir='ltr'><strong>quina</strong></span> <span class='ocrx_word' id='word_1_145' title='bbox 2535 843 2727 907; x_wconf 78' lang='lat' dir='ltr'><strong>millia.</strong></span> <span class='ocrx_word' id='word_1_146' title='bbox 2777 843 3138 898; x_wconf 86' lang='lat' dir='ltr'><strong>ruricolarum</strong></span> <span class='ocrx_word' id='word_1_147' title='bbox 3167 844 3295 914; x_wconf 84' lang='lat' dir='ltr'><strong>jngn</strong></span> <span class='ocrx_word' id='word_1_148' title='bbox 3336 844 3483 897; x_wconf 90' lang='lat' dir='ltr'><strong>mille</strong></span> <span class='ocrx_word' id='word_1_149' title='bbox 3516 860 3529 898; x_wconf 88' lang='lat'>:</span> 
     </span>
    </p>
   </div>
   <div class='ocr_carea' id='block_1_24' title="bbox 1964 932 3531 1007">
    <p class='ocr_par' dir='ltr' id='par_1_24' title="bbox 1964 932 3531 1007">
     <span class='ocr_line' id='line_1_24' title="bbox 1964 932 3531 1007; baseline -0.006 -14"><span class='ocrx_word' id='word_1_150' title='bbox 1964 953 2120 1007; x_wconf 78' lang='lat' dir='ltr'><strong>equae</strong></span> <span class='ocrx_word' id='word_1_151' title='bbox 2160 935 2446 1005; x_wconf 71' lang='lat' dir='ltr'><strong>pascuales</strong></span> <span class='ocrx_word' id='word_1_152' title='bbox 2481 933 2628 986; x_wconf 80' lang='lat' dir='ltr'><strong>inille</strong></span> <span class='ocrx_word' id='word_1_153' title='bbox 2674 933 3011 1002; x_wconf 70' lang='lat' dir='ltr'><strong>quingentze,</strong></span> <span class='ocrx_word' id='word_1_154' title='bbox 3055 933 3248 988; x_wconf 81' lang='lat' dir='ltr'><strong>cameli</strong></span> <span class='ocrx_word' id='word_1_155' title='bbox 3291 932 3531 994; x_wconf 74' lang='lat' dir='ltr'><strong>ducenti,</strong></span> 
     </span>
    </p>
   </div>
   <div class='ocr_carea' id='block_1_25' title="bbox 1968 1023 3538 1094">
    <p class='ocr_par' dir='ltr' id='par_1_25' title="bbox 1968 1023 3538 1094">
     <span class='ocr_line' id='line_1_25' title="bbox 1968 1023 3538 1094; baseline -0.005 -10"><span class='ocrx_word' id='word_1_156' title='bbox 1968 1030 2100 1084; x_wconf 87' lang='lat' dir='ltr'><strong>muli</strong></span> <span class='ocrx_word' id='word_1_157' title='bbox 2129 1025 2383 1082; x_wconf 80' lang='lat' dir='ltr'><strong>trecenti.</strong></span> <span class='ocrx_word' id='word_1_158' title='bbox 2415 1025 2554 1079; x_wconf 76' lang='lat' dir='ltr'><strong>asini</strong></span> <span class='ocrx_word' id='word_1_159' title='bbox 2587 1023 3104 1094; x_wconf 80' lang='lat' dir='ltr'><strong>quingenti.Greges</strong></span> <span class='ocrx_word' id='word_1_160' title='bbox 3128 1025 3272 1078; x_wconf 88' lang='lat' dir='ltr'><strong>suilli</strong></span> <span class='ocrx_word' id='word_1_161' title='bbox 3292 1027 3353 1076; x_wconf 84' lang='lat' dir='ltr'><strong>ad</strong></span> <span class='ocrx_word' id='word_1_162' title='bbox 3376 1024 3538 1092; x_wconf 85' lang='lat' dir='ltr'><strong>quin-</strong></span> 
     </span>
    </p>
   </div>
   <div class='ocr_carea' id='block_1_26' title="bbox 1965 1115 3534 1190">
    <p class='ocr_par' dir='ltr' id='par_1_26' title="bbox 1965 1115 3534 1190">
     <span class='ocr_line' id='line_1_26' title="bbox 1965 1115 3534 1190; baseline -0.006 -16"><span class='ocrx_word' id='word_1_163' title='bbox 1965 1120 2226 1190; x_wconf 77' lang='lat' dir='ltr'><strong>quaginta</strong></span> <span class='ocrx_word' id='word_1_164' title='bbox 2305 1115 2472 1170; x_wconf 82' lang='lat' dir='ltr'><strong>millia</strong></span> <span class='ocrx_word' id='word_1_165' title='bbox 2533 1130 2828 1183; x_wconf 86' lang='lat' dir='ltr'><strong>porcorum</strong></span> <span class='ocrx_word' id='word_1_166' title='bbox 2893 1117 3288 1179; x_wconf 73' lang='lat' dir='ltr'><strong>continentes;</strong></span> <span class='ocrx_word' id='word_1_167' title='bbox 3349 1115 3534 1167; x_wconf 75' lang='lat' dir='ltr'><strong>ovium</strong></span> 
     </span>
    </p>
   </div>
   <div class='ocr_carea' id='block_1_27' title="bbox 1936 1206 3540 1282">
    <p class='ocr_par' dir='ltr' id='par_1_27' title="bbox 1936 1206 3540 1282">
     <span class='ocr_line' id='line_1_27' title="bbox 1936 1206 3540 1282; baseline -0.005 -15"><span class='ocrx_word' id='word_1_168' title='bbox 1936 1209 2312 1282; x_wconf 82' lang='lat' dir='ltr'><strong>&#39;septuaginta</strong></span> <span class='ocrx_word' id='word_1_169' title='bbox 2343 1207 2541 1272; x_wconf 87' lang='lat' dir='ltr'><strong>millia;</strong></span> <span class='ocrx_word' id='word_1_170' title='bbox 2576 1207 2792 1275; x_wconf 82' lang='lat' dir='ltr'><strong>frugum</strong></span> <span class='ocrx_word' id='word_1_171' title='bbox 2847 1206 3030 1260; x_wconf 80' lang='lat' dir='ltr'><strong>acervi</strong></span> <span class='ocrx_word' id='word_1_172' title='bbox 3074 1206 3446 1272; x_wconf 72' lang='lat' dir='ltr'><strong>incredi..iles,</strong></span> <span class='ocrx_word' id='word_1_173' title='bbox 3483 1216 3540 1259; x_wconf 88' lang='lat' dir='ltr'><strong>et</strong></span> 
     </span>
    </p>
   </div>
   <div class='ocr_carea' id='block_1_28' title="bbox 1968 1298 3537 1362">
    <p class='ocr_par' dir='ltr' id='par_1_28' title="bbox 1968 1298 3537 1362">
     <span class='ocr_line' id='line_1_28' title="bbox 1968 1298 3537 1362; baseline -0.004 -5"><span class='ocrx_word' id='word_1_174' title='bbox 1968 1301 2192 1357; x_wconf 82' lang='lat' dir='ltr'><strong>Omnino</strong></span> <span class='ocrx_word' id='word_1_175' title='bbox 2225 1298 2675 1354; x_wconf 86' lang='lat' dir='ltr'><strong>innumerabiles.</strong></span> <span class='ocrx_word' id='word_1_176' title='bbox 2690 1298 2899 1362; x_wconf 87' lang='lat' dir='ltr'><strong>Quibus</strong></span> <span class='ocrx_word' id='word_1_177' title='bbox 2932 1298 3186 1351; x_wconf 73' lang='lat' dir='ltr'><strong>omnibm</strong></span> <span class='ocrx_word' id='word_1_178' title='bbox 3223 1299 3371 1352; x_wconf 83' lang='lat' dir='ltr'><strong>brevi</strong></span> <span class='ocrx_word' id='word_1_179' title='bbox 3402 1309 3537 1354; x_wconf 80' lang='lat' dir='ltr'><strong>tetu-</strong></span> 
     </span>
    </p>
   </div>
   <div class='ocr_carea' id='block_1_29' title="bbox 1969 1381 3536 1462">
    <p class='ocr_par' dir='ltr' id='par_1_29' title="bbox 1969 1381 3536 1462">
     <span class='ocr_line' id='line_1_29' title="bbox 1969 1381 3536 1462; baseline -0.002 -17"><span class='ocrx_word' id='word_1_180' title='bbox 1969 1381 2105 1462; x_wconf 73' lang='lat' dir='ltr'><strong>pore</strong></span> <span class='ocrx_word' id='word_1_181' title='bbox 2153 1391 2464 1461; x_wconf 84' lang='lat' dir='ltr'><strong>spoliatus,</strong></span> <span class='ocrx_word' id='word_1_182' title='bbox 2529 1389 2663 1443; x_wconf 83' lang='lat' dir='ltr'><strong>nihil</strong></span> <span class='ocrx_word' id='word_1_183' title='bbox 2711 1389 2930 1443; x_wconf 83' lang='lat' dir='ltr'><strong>imbelle</strong></span> <span class='ocrx_word' id='word_1_184' title='bbox 2979 1399 3074 1444; x_wconf 88' lang='lat' dir='ltr'><strong>aut</strong></span> <span class='ocrx_word' id='word_1_185' title='bbox 3124 1390 3536 1458; x_wconf 70' lang='lat' dir='ltr'><strong>pusillanimuin</strong></span> 
     </span>
    </p>
   </div>
   <div class='ocr_carea' id='block_1_30' title="bbox 1967 1479 3537 1544">
    <p class='ocr_par' dir='ltr' id='par_1_30' title="bbox 1967 1479 3537 1544">
     <span class='ocr_line' id='line_1_30' title="bbox 1967 1479 3537 1544; baseline -0.002 -6"><span class='ocrx_word' id='word_1_186' title='bbox 1967 1484 2187 1538; x_wconf 82' lang='lat' dir='ltr'><strong>locutus</strong></span> <span class='ocrx_word' id='word_1_187' title='bbox 2213 1490 2318 1535; x_wconf 81' lang='lat' dir='ltr'><strong>est.</strong></span> <span class='ocrx_word' id='word_1_188' title='bbox 2360 1480 2496 1535; x_wconf 92' lang='lat' dir='ltr'><strong>lllnd</strong></span> <span class='ocrx_word' id='word_1_189' title='bbox 2527 1480 2794 1534; x_wconf 77' lang='lat' dir='ltr'><strong>duntaxat</strong></span> <span class='ocrx_word' id='word_1_190' title='bbox 2837 1481 2886 1534; x_wconf 90' lang='lat' dir='ltr'><strong>ei</strong></span> <span class='ocrx_word' id='word_1_191' title='bbox 2933 1479 3214 1534; x_wconf 71' lang='lat' dir='ltr'><strong>tristitiam</strong></span> <span class='ocrx_word' id='word_1_192' title='bbox 3265 1484 3537 1544; x_wconf 84' lang='lat' dir='ltr'><strong>movebat.</strong></span> 
     </span>
    </p>
   </div>
   <div class='ocr_carea' id='block_1_31' title="bbox 1969 1571 3537 1656">
    <p class='ocr_par' dir='ltr' id='par_1_31' title="bbox 1969 1571 3537 1656">
     <span class='ocr_line' id='line_1_31' title="bbox 1969 1571 3537 1656; baseline -0.001 -30"><span class='ocrx_word' id='word_1_193' title='bbox 1969 1575 2113 1644; x_wconf 86' lang='lat' dir='ltr'><strong>quod</strong></span> <span class='ocrx_word' id='word_1_194' title='bbox 2140 1583 2305 1628; x_wconf 57' lang='lat' dir='ltr'><strong>tantae</strong></span> <span class='ocrx_word' id='word_1_195' title='bbox 2338 1587 2472 1642; x_wconf 88' lang='lat' dir='ltr'><strong>opes</strong></span> <span class='ocrx_word' id='word_1_196' title='bbox 2513 1573 2586 1626; x_wconf 86' lang='lat' dir='ltr'><strong>ad</strong></span> <span class='ocrx_word' id='word_1_197' title='bbox 2605 1572 2816 1625; x_wconf 90' lang='lat' dir='ltr'><strong>nullum</strong></span> <span class='ocrx_word' id='word_1_198' title='bbox 2855 1571 3169 1640; x_wconf 66' lang='lat' dir='ltr'><strong>reipublicae</strong></span> <span class='ocrx_word' id='word_1_199' title='bbox 3191 1578 3537 1656; x_wconf 64' lang='lat' dir='ltr'><strong>commemini</strong></span> 
     </span>
    </p>
   </div>
   <div class='ocr_carea' id='block_1_32' title="bbox 1969 1663 3540 1734">
    <p class='ocr_par' dir='ltr' id='par_1_32' title="bbox 1969 1663 3540 1734">
     <span class='ocr_line' id='line_1_32' title="bbox 1969 1663 3540 1734; baseline 0 -16"><span class='ocrx_word' id='word_1_200' title='bbox 1969 1666 2049 1734; x_wconf 91' lang='lat' dir='ltr'><strong>(in</strong></span> <span class='ocrx_word' id='word_1_201' title='bbox 2079 1665 2238 1734; x_wconf 84' lang='lat' dir='ltr'><strong>cujus</strong></span> <span class='ocrx_word' id='word_1_202' title='bbox 2267 1665 2699 1719; x_wconf 87' lang='lat' dir='ltr'><strong>emolumentum</strong></span> <span class='ocrx_word' id='word_1_203' title='bbox 2745 1663 2862 1732; x_wconf 90' lang='lat' dir='ltr'><strong>ipse</strong></span> <span class='ocrx_word' id='word_1_204' title='bbox 2915 1665 3099 1717; x_wconf 85' lang='lat' dir='ltr'><strong>omnia</strong></span> <span class='ocrx_word' id='word_1_205' title='bbox 3135 1663 3453 1734; x_wconf 75' lang='lat' dir='ltr'><strong>impendere</strong></span> <span class='ocrx_word' id='word_1_206' title='bbox 3481 1680 3540 1718; x_wconf 57' lang='lat' dir='ltr'><strong>se</strong></span> 
     </span>
    </p>
   </div>
   <div class='ocr_carea' id='block_1_33' title="bbox 1972 1754 3538 1826">
    <p class='ocr_par' dir='ltr' id='par_1_33' title="bbox 1972 1754 3538 1826">
     <span class='ocr_line' id='line_1_33' title="bbox 1972 1754 3538 1826; baseline -0.001 -16"><span class='ocrx_word' id='word_1_207' title='bbox 1972 1756 2242 1825; x_wconf 77' lang='lat' dir='ltr'><strong>cogitasse</strong></span> <span class='ocrx_word' id='word_1_208' title='bbox 2304 1754 2665 1824; x_wconf 82' lang='lat' dir='ltr'><strong>afﬁrmabat)</strong></span> <span class='ocrx_word' id='word_1_209' title='bbox 2747 1763 3231 1810; x_wconf 84' lang='lat' dir='ltr'><strong>converterentur.</strong></span> <span class='ocrx_word' id='word_1_210' title='bbox 3298 1755 3538 1826; x_wconf 84' lang='lat' dir='ltr'><strong>Byzmtii</strong></span> 
     </span>
    </p>
   </div>
   <div class='ocr_carea' id='block_1_34' title="bbox 305 1827 1880 1918">
    <p class='ocr_par' dir='ltr' id='par_1_34' title="bbox 305 1844 1870 1918">
     <span class='ocr_line' id='line_1_34' title="bbox 305 1844 1870 1918; baseline -0.005 -15"><span class='ocrx_word' id='word_1_211' title='bbox 305 1849 496 1918; x_wconf 76' lang='grc' dir='ltr'>ζαντίῳ</span> <span class='ocrx_word' id='word_1_212' title='bbox 519 1847 576 1900; x_wconf 76' lang='grc' dir='ltr'><strong>δέ</strong></span> <span class='ocrx_word' id='word_1_213' title='bbox 603 1847 698 1900; x_wconf 78' lang='grc' dir='ltr'>τοῦ</span> <span class='ocrx_word' id='word_1_214' title='bbox 719 1845 1129 1916; x_wconf 78' lang='grc' dir='ltr'><strong>στρατεύματος</strong></span> <span class='ocrx_word' id='word_1_215' title='bbox 1154 1847 1184 1899; x_wconf 81' lang='grc' dir='ltr'><strong>ό</strong></span> <span class='ocrx_word' id='word_1_216' title='bbox 1210 1845 1302 1899; x_wconf 85' lang='grc' dir='ltr'>τοῦ</span> <span class='ocrx_word' id='word_1_217' title='bbox 1321 1845 1585 1915; x_wconf 81' lang='grc' dir='ltr'>βασιλέως</span> <span class='ocrx_word' id='word_1_218' title='bbox 1601 1844 1870 1913; x_wconf 83' lang='grc' dir='ltr'>κηδεστὴς</span> 
     </span>
    </p>
   </div>
   <div class='ocr_carea' id='block_1_35' title="bbox 1979 1827 3541 1918">
    <p class='ocr_par' dir='ltr' id='par_1_35' title="bbox 1979 1845 3541 1916">
     <span class='ocr_line' id='line_1_35' title="bbox 1979 1845 3541 1916; baseline 0.001 -16"><span class='ocrx_word' id='word_1_219' title='bbox 1979 1847 2259 1916; x_wconf 82' lang='lat' dir='ltr'><strong>copiarum</strong></span> <span class='ocrx_word' id='word_1_220' title='bbox 2313 1849 2422 1900; x_wconf 75' lang='lat' dir='ltr'><strong>dux</strong></span> <span class='ocrx_word' id='word_1_221' title='bbox 2480 1845 2828 1901; x_wconf 83' lang='lat' dir='ltr'><strong>Andronicus</strong></span> <span class='ocrx_word' id='word_1_222' title='bbox 2877 1847 3128 1912; x_wconf 74' lang='lat' dir='ltr'><strong>Asanes,</strong></span> <span class='ocrx_word' id='word_1_223' title='bbox 3169 1845 3541 1902; x_wconf 77' lang='lat' dir='ltr'><strong>Cantacureni</strong></span> 
     </span>
    </p>
   </div>
   <div class='ocr_carea' id='block_1_36' title="bbox 317 1936 1865 2009">
    <p class='ocr_par' dir='ltr' id='par_1_36' title="bbox 317 1936 1865 2009">
     <span class='ocr_line' id='line_1_36' title="bbox 317 1936 1865 2009; baseline -0.003 -16"><span class='ocrx_word' id='word_1_224' title='bbox 317 1938 648 2009; x_wconf 81' lang='grc' dir='ltr'>Ἀνδρόνικος</span> <span class='ocrx_word' id='word_1_225' title='bbox 681 1939 712 1992; x_wconf 84' lang='grc' dir='ltr'><strong>ό</strong></span> <span class='ocrx_word' id='word_1_226' title='bbox 753 1938 990 2006; x_wconf 83' lang='grc' dir='ltr'>’Δσάνης</span> <span class='ocrx_word' id='word_1_227' title='bbox 1032 1937 1344 2009; x_wconf 75' lang='grc' dir='ltr'>στρατηγὸς</span> <span class='ocrx_word' id='word_1_228' title='bbox 1371 1936 1740 2007; x_wconf 77' lang='grc' dir='ltr'>ἀποδειχθεὶς,</span> <span class='ocrx_word' id='word_1_229' title='bbox 1771 1936 1865 1988; x_wconf 72' lang='grc' dir='ltr'>καὶ</span> 
     </span>
    </p>
   </div>
   <div class='ocr_carea' id='block_1_37' title="bbox 304 2027 1865 2101">
    <p class='ocr_par' dir='ltr' id='par_1_37' title="bbox 304 2027 1865 2101">
     <span class='ocr_line' id='line_1_37' title="bbox 304 2027 1865 2101; baseline -0.003 -17"><span class='ocrx_word' id='word_1_230' title='bbox 304 2035 390 2085; x_wconf 80' lang='grc' dir='ltr'>τὸν</span> <span class='ocrx_word' id='word_1_231' title='bbox 419 2031 554 2101; x_wconf 76' lang='grc' dir='ltr'>πρὸς</span> <span class='ocrx_word' id='word_1_232' title='bbox 585 2031 676 2083; x_wconf 67' lang='grc' dir='ltr'><strong>τὸν</strong></span> <span class='ocrx_word' id='word_1_233' title='bbox 707 2029 959 2100; x_wconf 71' lang='grc' dir='ltr'>γαμϐρὸν</span> <span class='ocrx_word' id='word_1_234' title='bbox 993 2030 1230 2100; x_wconf 84' lang='grc' dir='ltr'>πόλεμον</span> <span class='ocrx_word' id='word_1_235' title='bbox 1274 2028 1695 2098; x_wconf 76' lang='grc' dir='ltr'><strong>ἀναδεξάμενος,</strong></span> <span class='ocrx_word' id='word_1_236' title='bbox 1726 2027 1865 2094; x_wconf 71' lang='grc' dir='ltr'>ἄρας</span> 
     </span>
    </p>
   </div>
   <div class='ocr_carea' id='block_1_38' title="bbox 304 2118 1867 2191">
    <p class='ocr_par' dir='ltr' id='par_1_38' title="bbox 304 2118 1867 2191">
     <span class='ocr_line' id='line_1_38' title="bbox 304 2118 1867 2191; baseline -0.003 -15"><span class='ocrx_word' id='word_1_237' title='bbox 304 2123 530 2185; x_wconf 76' lang='grc' dir='ltr'>ἐκεῖθεν,</span> <span class='ocrx_word' id='word_1_238' title='bbox 555 2123 654 2183; x_wconf 80' lang='grc' dir='ltr'>τὰς</span> <span class='ocrx_word' id='word_1_239' title='bbox 703 2122 844 2174; x_wconf 73' lang='grc' dir='ltr'>κατὰ</span> <span class='ocrx_word' id='word_1_240' title='bbox 897 2120 1122 2191; x_wconf 83' lang='grc' dir='ltr'>Θρᾴκην</span> <span class='ocrx_word' id='word_1_241' title='bbox 1157 2121 1380 2191; x_wconf 79' lang='grc' dir='ltr'>περιῄει</span> <span class='ocrx_word' id='word_1_242' title='bbox 1408 2119 1614 2181; x_wconf 83' lang='grc' dir='ltr'>πόλεις,</span> <span class='ocrx_word' id='word_1_243' title='bbox 1646 2118 1867 2171; x_wconf 80' lang='grc' dir='ltr'>πάντων</span> 
     </span>
    </p>
   </div>
   <div class='ocr_carea' id='block_1_39' title="bbox 305 2207 1868 2284">
    <p class='ocr_par' dir='ltr' id='par_1_39' title="bbox 305 2207 1868 2284">
     <span class='ocr_line' id='line_1_39' title="bbox 305 2207 1868 2284; baseline -0.004 -18"><span class='ocrx_word' id='word_1_244' title='bbox 305 2212 595 2282; x_wconf 76' lang='grc' dir='ltr'><strong>προθύμως</strong></span> <span class='ocrx_word' id='word_1_245' title='bbox 637 2211 1078 2281; x_wconf 72' lang='grc' dir='ltr'>ὑποδεχομένων,</span> <span class='ocrx_word' id='word_1_246' title='bbox 1128 2212 1226 2264; x_wconf 75' lang='grc' dir='ltr'>καὶ</span> <span class='ocrx_word' id='word_1_247' title='bbox 1273 2208 1683 2284; x_wconf 36' lang='grc' dir='ltr'>συναοιρομένων</span> <span class='ocrx_word' id='word_1_248' title='bbox 1729 2207 1868 2277; x_wconf 78' lang='grc' dir='ltr'>πρὸς</span> 
     </span>
    </p>
   </div>
   <div class='ocr_carea' id='block_1_40' title="bbox 295 2297 1869 2370">
    <p class='ocr_par' dir='ltr' id='par_1_40' title="bbox 295 2297 1869 2370">
     <span class='ocr_line' id='line_1_40' title="bbox 295 2297 1869 2370; baseline -0.006 -12"><span class='ocrx_word' id='word_1_249' title='bbox 295 2303 392 2360; x_wconf 82' lang='grc' dir='ltr'>,τὸν</span> <span class='ocrx_word' id='word_1_250' title='bbox 433 2301 669 2370; x_wconf 84' lang='grc' dir='ltr'>πόλεμον</span> <span class='ocrx_word' id='word_1_251' title='bbox 710 2299 777 2352; x_wconf 82' lang='grc' dir='ltr'>τὰ</span> <span class='ocrx_word' id='word_1_252' title='bbox 821 2300 1044 2354; x_wconf 82' lang='grc' dir='ltr'>δυνατά.</span> <span class='ocrx_word' id='word_1_253' title='bbox 1085 2297 1346 2362; x_wconf 79' lang='grc' dir='ltr'>Βασιλεὺς</span> <span class='ocrx_word' id='word_1_254' title='bbox 1379 2297 1435 2350; x_wconf 76' lang='grc' dir='ltr'>δὲ</span> <span class='ocrx_word' id='word_1_255' title='bbox 1475 2299 1505 2350; x_wconf 84' lang='grc' dir='ltr'><strong>ό</strong></span> <span class='ocrx_word' id='word_1_256' title='bbox 1553 2297 1869 2350; x_wconf 78' lang='grc' dir='ltr'>Καντακου·</span> 
     </span>
    </p>
   </div>
   <div class='ocr_carea' id='block_1_41' title="bbox 307 2387 1868 2462">
    <p class='ocr_par' dir='ltr' id='par_1_41' title="bbox 307 2387 1868 2462">
     <span class='ocr_line' id='line_1_41' title="bbox 307 2387 1868 2462; baseline -0.003 -18"><span class='ocrx_word' id='word_1_257' title='bbox 307 2391 484 2462; x_wconf 82' lang='grc' dir='ltr'>ζηνὸς,</span> <span class='ocrx_word' id='word_1_258' title='bbox 519 2391 718 2457; x_wconf 81' lang='grc' dir='ltr'>πολλῆς</span> <span class='ocrx_word' id='word_1_259' title='bbox 770 2389 870 2458; x_wconf 77' lang='grc' dir='ltr'>μὶν</span> <span class='ocrx_word' id='word_1_260' title='bbox 926 2391 1021 2443; x_wconf 76' lang='grc' dir='ltr'>καὶ</span> <span class='ocrx_word' id='word_1_261' title='bbox 1068 2387 1282 2457; x_wconf 77' lang='grc' dir='ltr'>ἀγαθῆς</span> <span class='ocrx_word' id='word_1_262' title='bbox 1331 2387 1552 2455; x_wconf 82' lang='grc' dir='ltr'>εὐπόρει</span> <span class='ocrx_word' id='word_1_263' title='bbox 1585 2387 1868 2456; x_wconf 79' lang='grc' dir='ltr'>στρατιᾶς.</span> 
     </span>
    </p>
   </div>
   <div class='ocr_carea' id='block_1_42' title="bbox 308 2471 1868 2550">
    <p class='ocr_par' dir='ltr' id='par_1_42' title="bbox 308 2471 1868 2550">
     <span class='ocr_line' id='line_1_42' title="bbox 308 2471 1868 2550; baseline -0.005 -18"><span class='ocrx_word' id='word_1_264' title='bbox 308 2478 703 2550; x_wconf 82' lang='grc' dir='ltr'><strong>Στρατεύεσθαι</strong></span> <span class='ocrx_word' id='word_1_265' title='bbox 749 2477 808 2531; x_wconf 78' lang='grc' dir='ltr'><strong>δέ</strong></span> <span class='ocrx_word' id='word_1_266' title='bbox 863 2477 1143 2548; x_wconf 81' lang='grc' dir='ltr'>ἀμήχανον</span> <span class='ocrx_word' id='word_1_267' title='bbox 1192 2471 1261 2546; x_wconf 77' lang='grc' dir='ltr'>ἦν</span> <span class='ocrx_word' id='word_1_268' title='bbox 1291 2475 1382 2528; x_wconf 82' lang='grc' dir='ltr'>διὰ</span> <span class='ocrx_word' id='word_1_269' title='bbox 1427 2474 1525 2543; x_wconf 81' lang='grc' dir='ltr'>τὴν</span> <span class='ocrx_word' id='word_1_270' title='bbox 1567 2471 1740 2541; x_wconf 80' lang='grc' dir='ltr'>ὥραν,</span> <span class='ocrx_word' id='word_1_271' title='bbox 1767 2488 1868 2524; x_wconf 79' lang='grc' dir='ltr'>καο</span> 
     </span>
    </p>
   </div>
   <div class='ocr_carea' id='block_1_43' title="bbox 305 2558 1868 2638">
    <p class='ocr_par' dir='ltr' id='par_1_43' title="bbox 305 2558 1868 2638">
     <span class='ocr_line' id='line_1_43' title="bbox 305 2558 1868 2638; baseline -0.006 -17"><span class='ocrx_word' id='word_1_272' title='bbox 305 2569 551 2638; x_wconf 56' lang='grc' dir='ltr'>ταφυγὴν</span> <span class='ocrx_word' id='word_1_273' title='bbox 598 2570 694 2637; x_wconf 82' lang='grc' dir='ltr'>τῆς</span> <span class='ocrx_word' id='word_1_274' title='bbox 739 2566 996 2637; x_wconf 78' lang='grc' dir='ltr'>στρατιᾶς</span> <span class='ocrx_word' id='word_1_275' title='bbox 1050 2564 1188 2634; x_wconf 89' lang='grc' dir='ltr'>πρὸς</span> <span class='ocrx_word' id='word_1_276' title='bbox 1222 2562 1350 2626; x_wconf 79' lang='grc' dir='ltr'>τοὺς</span> <span class='ocrx_word' id='word_1_277' title='bbox 1399 2562 1590 2624; x_wconf 80' lang='grc' dir='ltr'>ὑετοὺς</span> <span class='ocrx_word' id='word_1_278' title='bbox 1643 2561 1734 2613; x_wconf 78' lang='grc' dir='ltr'>καὶ</span> <span class='ocrx_word' id='word_1_279' title='bbox 1768 2558 1868 2629; x_wconf 84' lang='grc' dir='ltr'>τὴν</span> 
     </span>
    </p>
   </div>
   <div class='ocr_carea' id='block_1_44' title="bbox 307 2656 1866 2732">
    <p class='ocr_par' dir='ltr' id='par_1_44' title="bbox 307 2656 1866 2732">
     <span class='ocr_line' id='line_1_44' title="bbox 307 2656 1866 2732; baseline -0.003 -18"><span class='ocrx_word' id='word_1_280' title='bbox 307 2664 460 2732; x_wconf 76' lang='grc' dir='ltr'>χςόνα</span> <span class='ocrx_word' id='word_1_281' title='bbox 489 2663 590 2715; x_wconf 83' lang='grc' dir='ltr'>οὐκ</span> <span class='ocrx_word' id='word_1_282' title='bbox 619 2661 869 2730; x_wconf 84' lang='grc' dir='ltr'>ἐχούσης,</span> <span class='ocrx_word' id='word_1_283' title='bbox 899 2658 1451 2727; x_wconf 86' lang='grc' dir='ltr'>ἐκπεπολεμωμένων</span> <span class='ocrx_word' id='word_1_284' title='bbox 1487 2657 1590 2728; x_wconf 72' lang='grc' dir='ltr'>ήδη</span> <span class='ocrx_word' id='word_1_285' title='bbox 1626 2656 1866 2710; x_wconf 81' lang='grc' dir='ltr'>πάντων.</span> 
     </span>
    </p>
   </div>
   <div class='ocr_carea' id='block_1_45' title="bbox 309 2747 1870 2820">
    <p class='ocr_par' dir='ltr' id='par_1_45' title="bbox 309 2747 1870 2820">
     <span class='ocr_line' id='line_1_45' title="bbox 309 2747 1870 2820; baseline -0.004 -15"><span class='ocrx_word' id='word_1_286' title='bbox 309 2751 472 2820; x_wconf 60' lang='grc' dir='ltr'>ἐλοεν</span> <span class='ocrx_word' id='word_1_287' title='bbox 499 2751 676 2812; x_wconf 77' lang='grc' dir='ltr'>εὐδίας</span> <span class='ocrx_word' id='word_1_288' title='bbox 702 2751 801 2820; x_wconf 71' lang='grc' dir='ltr'>μὲν</span> <span class='ocrx_word' id='word_1_289' title='bbox 828 2748 1016 2820; x_wconf 76' lang='grc' dir='ltr'>οῠσης,</span> <span class='ocrx_word' id='word_1_290' title='bbox 1041 2750 1146 2812; x_wconf 80' lang='grc' dir='ltr'>τὰς</span> <span class='ocrx_word' id='word_1_291' title='bbox 1164 2749 1577 2818; x_wconf 80' lang='grc' dir='ltr'>παρακειμένας</span> <span class='ocrx_word' id='word_1_292' title='bbox 1604 2747 1870 2816; x_wconf 82' lang='grc' dir='ltr'>κατέτρε-</span> 
     </span>
    </p>
   </div>
   <div class='ocr_carea' id='block_1_46' title="bbox 309 2837 1868 2918">
    <p class='ocr_par' dir='ltr' id='par_1_46' title="bbox 309 2837 1868 2918">
     <span class='ocr_line' id='line_1_46' title="bbox 309 2837 1868 2918; baseline -0.004 -22"><span class='ocrx_word' id='word_1_293' title='bbox 309 2862 402 2918; x_wconf 82' lang='grc' dir='ltr'><strong>χον</strong></span> <span class='ocrx_word' id='word_1_294' title='bbox 430 2844 638 2905; x_wconf 81' lang='grc' dir='ltr'>πόλεις,</span> <span class='ocrx_word' id='word_1_295' title='bbox 667 2845 761 2896; x_wconf 81' lang='grc' dir='ltr'>καὶ</span> <span class='ocrx_word' id='word_1_296' title='bbox 809 2842 994 2904; x_wconf 82' lang='grc' dir='ltr'>κακῶς</span> <span class='ocrx_word' id='word_1_297' title='bbox 1043 2842 1284 2904; x_wconf 87' lang='grc' dir='ltr'>ἐποίουν,</span> <span class='ocrx_word' id='word_1_298' title='bbox 1315 2840 1415 2909; x_wconf 77' lang='grc' dir='ltr'>τῆς</span> <span class='ocrx_word' id='word_1_299' title='bbox 1459 2842 1522 2893; x_wconf 80' lang='grc' dir='ltr'><strong>ἐκ</strong></span> <span class='ocrx_word' id='word_1_300' title='bbox 1574 2837 1868 2902; x_wconf 76' lang='grc' dir='ltr'>Βυζαντίου</span> 
     </span>
    </p>
   </div>
   <div class='ocr_carea' id='block_1_47' title="bbox 311 2929 1872 3012">
    <p class='ocr_par' dir='ltr' id='par_1_47' title="bbox 311 2929 1872 3012">
     <span class='ocr_line' id='line_1_47' title="bbox 311 2929 1872 3012; baseline -0.007 -19"><span class='ocrx_word' id='word_1_301' title='bbox 311 2939 569 3012; x_wconf 80' lang='grc' dir='ltr'>στρατιᾶς</span> <span class='ocrx_word' id='word_1_302' title='bbox 599 2937 734 3008; x_wconf 83' lang='grc' dir='ltr'>πρὸς</span> <span class='ocrx_word' id='word_1_303' title='bbox 786 2936 884 3000; x_wconf 81' lang='grc' dir='ltr'><strong>τὰς</strong></span> <span class='ocrx_word' id='word_1_304' title='bbox 921 2935 1116 2998; x_wconf 85' lang='grc' dir='ltr'><strong>πόλεις¹</strong></span> <span class='ocrx_word' id='word_1_305' title='bbox 1149 2933 1581 3003; x_wconf 81' lang='grc' dir='ltr'>καταδυομένης,</span> <span class='ocrx_word' id='word_1_306' title='bbox 1625 2930 1722 2985; x_wconf 81' lang='grc' dir='ltr'>καὶ</span> <span class='ocrx_word' id='word_1_307' title='bbox 1759 2929 1872 2984; x_wconf 82' lang='grc' dir='ltr'>οὐδ’</span> 
     </span>
    </p>
   </div>
   <div class='ocr_carea' id='block_1_48' title="bbox 309 3025 1872 3101">
    <p class='ocr_par' dir='ltr' id='par_1_48' title="bbox 309 3025 1872 3101">
     <span class='ocr_line' id='line_1_48' title="bbox 309 3025 1872 3101; baseline -0.008 -12"><span class='ocrx_word' id='word_1_308' title='bbox 309 3035 655 3089; x_wconf 78' lang='grc' dir='ltr'>ἀντιϐλέπειν</span> <span class='ocrx_word' id='word_1_309' title='bbox 701 3029 868 3101; x_wconf 73' lang='grc' dir='ltr'>οὔσης</span> <span class='ocrx_word' id='word_1_310' title='bbox 918 3029 1173 3095; x_wconf 84' lang='grc' dir='ltr'>δυνατῆς.</span> <span class='ocrx_word' id='word_1_311' title='bbox 1233 3026 1389 3079; x_wconf 78' lang='grc' dir='ltr'>Ἐπεὶ</span> <span class='ocrx_word' id='word_1_312' title='bbox 1440 3025 1487 3078; x_wconf 86' lang='grc' dir='ltr'>δ’</span> <span class='ocrx_word' id='word_1_313' title='bbox 1539 3025 1872 3094; x_wconf 80' lang='grc' dir='ltr'>ἀναχωροίεν</span> 
     </span>
    </p>
   </div>
   <div class='ocr_carea' id='block_1_49' title="bbox 310 3110 1872 3196">
    <p class='ocr_par' dir='ltr' id='par_1_49' title="bbox 310 3110 1872 3196">
     <span class='ocr_line' id='line_1_49' title="bbox 310 3110 1872 3196; baseline -0.012 -14"><span class='ocrx_word' id='word_1_314' title='bbox 310 3129 415 3182; x_wconf 68' lang='grc' dir='ltr'><strong>ὑπ’)</strong></span> <span class='ocrx_word' id='word_1_315' title='bbox 462 3127 558 3180; x_wconf 79' lang='grc' dir='ltr'><strong>τοῦ</strong></span> <span class='ocrx_word' id='word_1_316' title='bbox 606 3124 873 3196; x_wconf 80' lang='grc' dir='ltr'>χειμῶνος</span> <span class='ocrx_word' id='word_1_317' title='bbox 918 3118 1300 3188; x_wconf 79' lang='grc' dir='ltr'>ἐκϐιαζόμενοι</span> <span class='ocrx_word' id='word_1_318' title='bbox 1354 3117 1575 3180; x_wconf 77' lang='grc' dir='ltr'>ἐκεῖνοι,</span> <span class='ocrx_word' id='word_1_319' title='bbox 1619 3110 1776 3174; x_wconf 85' lang='grc' dir='ltr'>αὖθις</span> <span class='ocrx_word' id='word_1_320' title='bbox 1821 3111 1872 3164; x_wconf 84' lang='lat' dir='ltr'><strong>0i</strong></span> 
     </span>
    </p>
   </div>
   <div class='ocr_carea' id='block_1_50' title="bbox 308 3205 1874 3284">
    <p class='ocr_par' dir='ltr' id='par_1_50' title="bbox 308 3205 1874 3284">
     <span class='ocr_line' id='line_1_50' title="bbox 308 3205 1874 3284; baseline -0.013 -10"><span class='ocrx_word' id='word_1_321' title='bbox 308 3218 593 3282; x_wconf 77' lang='grc' dir='ltr'>Βυζάντιοι</span> <span class='ocrx_word' id='word_1_322' title='bbox 641 3211 1075 3284; x_wconf 78' lang='grc' dir='ltr'>ἀναθαρσοῦντες</span> <span class='ocrx_word' id='word_1_323' title='bbox 1124 3211 1245 3272; x_wconf 85' lang='grc' dir='ltr'>ταῖς</span> <span class='ocrx_word' id='word_1_324' title='bbox 1294 3208 1516 3260; x_wconf 79' lang='grc' dir='ltr'>πόλεσιν</span> <span class='ocrx_word' id='word_1_325' title='bbox 1570 3205 1874 3269; x_wconf 84' lang='grc' dir='ltr'>ἐπέκειντο,</span> 
     </span>
    </p>
   </div>
   <div class='ocr_carea' id='block_1_51' title="bbox 309 3291 1878 3379">
    <p class='ocr_par' dir='ltr' id='par_1_51' title="bbox 309 3291 1878 3379">
     <span class='ocr_line' id='line_1_51' title="bbox 309 3291 1878 3379; baseline -0.013 -13"><span class='ocrx_word' id='word_1_326' title='bbox 309 3311 368 3367; x_wconf 79' lang='grc' dir='ltr'>αἳ</span> <span class='ocrx_word' id='word_1_327' title='bbox 419 3308 666 3379; x_wconf 69' lang='grc' dir='ltr'>πολέμιοι</span> <span class='ocrx_word' id='word_1_328' title='bbox 709 3305 950 3358; x_wconf 83' lang='grc' dir='ltr'>ἐδόκουν.</span> <span class='ocrx_word' id='word_1_329' title='bbox 984 3301 1095 3354; x_wconf 68' lang='grc' dir='ltr'><strong>Καὶ</strong></span> <span class='ocrx_word' id='word_1_330' title='bbox 1123 3301 1158 3369; x_wconf 82' lang='grc' dir='ltr'><strong>ἡ</strong></span> <span class='ocrx_word' id='word_1_331' title='bbox 1191 3297 1345 3370; x_wconf 84' lang='grc' dir='ltr'>χώρα</span> <span class='ocrx_word' id='word_1_332' title='bbox 1370 3300 1520 3351; x_wconf 78' lang='grc' dir='ltr'>πᾶσα</span> <span class='ocrx_word' id='word_1_333' title='bbox 1552 3295 1743 3364; x_wconf 82' lang='grc' dir='ltr'>ὥσπερ</span> <span class='ocrx_word' id='word_1_334' title='bbox 1773 3291 1878 3346; x_wconf 80' lang='grc' dir='ltr'><strong>ὑπὸ</strong></span> 
     </span>
    </p>
   </div>
   <div class='ocr_carea' id='block_1_52' title="bbox 310 3386 1878 3470">
    <p class='ocr_par' dir='ltr' id='par_1_52' title="bbox 310 3386 1878 3470">
     <span class='ocr_line' id='line_1_52' title="bbox 310 3386 1878 3470; baseline -0.01 -17"><span class='ocrx_word' id='word_1_335' title='bbox 310 3400 586 3470; x_wconf 85' lang='grc' dir='ltr'>πολεμίων</span> <span class='ocrx_word' id='word_1_336' title='bbox 607 3397 901 3469; x_wconf 80' lang='grc' dir='ltr'>δῃουμένη,</span> <span class='ocrx_word' id='word_1_337' title='bbox 937 3391 1300 3463; x_wconf 75' lang='grc' dir='ltr'>μετανίστατό</span> <span class='ocrx_word' id='word_1_338' title='bbox 1329 3407 1388 3443; x_wconf 86' lang='grc' dir='ltr'><strong>τε</strong></span> <span class='ocrx_word' id='word_1_339' title='bbox 1425 3391 1507 3452; x_wconf 87' lang='grc' dir='ltr'><strong>είς</strong></span> <span class='ocrx_word' id='word_1_340' title='bbox 1533 3390 1632 3451; x_wconf 77' lang='grc' dir='ltr'>τὰς</span> <span class='ocrx_word' id='word_1_341' title='bbox 1665 3386 1878 3451; x_wconf 87' lang='grc' dir='ltr'>πόλεις,</span> 
     </span>
    </p>
   </div>
   <div class='ocr_carea' id='block_1_53' title="bbox 309 3478 1879 3560">
    <p class='ocr_par' dir='ltr' id='par_1_53' title="bbox 309 3478 1879 3560">
     <span class='ocr_line' id='line_1_53' title="bbox 309 3478 1879 3560; baseline -0.012 -12"><span class='ocrx_word' id='word_1_342' title='bbox 309 3496 405 3548; x_wconf 84' lang='grc' dir='ltr'>καὶ</span> <span class='ocrx_word' id='word_1_343' title='bbox 436 3492 590 3546; x_wconf 74' lang='grc' dir='ltr'>οὐδὲν</span> <span class='ocrx_word' id='word_1_344' title='bbox 633 3485 703 3560; x_wconf 79' lang='grc' dir='ltr'>ἦν</span> <span class='ocrx_word' id='word_1_345' title='bbox 747 3491 776 3542; x_wconf 83' lang='grc' dir='ltr'><strong>δ</strong></span> <span class='ocrx_word' id='word_1_346' title='bbox 817 3506 868 3541; x_wconf 90' lang='grc' dir='ltr'><strong>τι</strong></span> <span class='ocrx_word' id='word_1_347' title='bbox 897 3487 995 3540; x_wconf 85' lang='grc' dir='ltr'><strong>ούκ</strong></span> <span class='ocrx_word' id='word_1_348' title='bbox 1025 3485 1232 3555; x_wconf 72' lang='grc' dir='ltr'>ῑπασχε</span> <span class='ocrx_word' id='word_1_349' title='bbox 1276 3481 1466 3548; x_wconf 85' lang='grc' dir='ltr'>δεινὸν,</span> <span class='ocrx_word' id='word_1_350' title='bbox 1501 3481 1596 3536; x_wconf 67' lang='grc' dir='ltr'>κιιὶ</span> <span class='ocrx_word' id='word_1_351' title='bbox 1638 3478 1879 3549; x_wconf 81' lang='grc' dir='ltr'>Σκυθικὴ</span> 
     </span>
    </p>
   </div>
   <div class='ocr_carea' id='block_1_54' title="bbox 312 3573 1881 3656">
    <p class='ocr_par' dir='ltr' id='par_1_54' title="bbox 312 3573 1881 3656">
     <span class='ocr_line' id='line_1_54' title="bbox 312 3573 1881 3656; baseline -0.01 -17"><span class='ocrx_word' id='word_1_352' title='bbox 312 3586 518 3656; x_wconf 83' lang='grc' dir='ltr'>ἐρημία</span> <span class='ocrx_word' id='word_1_353' title='bbox 546 3585 581 3654; x_wconf 74' lang='grc' dir='ltr'><strong>ἡ</strong></span> <span class='ocrx_word' id='word_1_354' title='bbox 611 3581 953 3652; x_wconf 82' lang='grc' dir='ltr'>κατακράτος</span> <span class='ocrx_word' id='word_1_355' title='bbox 982 3578 1278 3648; x_wconf 77' lang='grc' dir='ltr'>οἰκουμένη</span> <span class='ocrx_word' id='word_1_356' title='bbox 1307 3576 1501 3646; x_wconf 82' lang='grc' dir='ltr'>Θρᾴκη</span> <span class='ocrx_word' id='word_1_357' title='bbox 1525 3573 1881 3629; x_wconf 72' lang='grc' dir='ltr'>ἀπεδείκνυτο</span> 
     </span>
    </p>
   </div>
   <div class='ocr_carea' id='block_1_55' title="bbox 309 3664 1882 3745">
    <p class='ocr_par' dir='ltr' id='par_1_55' title="bbox 309 3664 1882 3745">
     <span class='ocr_line' id='line_1_55' title="bbox 309 3664 1882 3745; baseline -0.009 -14"><span class='ocrx_word' id='word_1_358' title='bbox 309 3681 412 3732; x_wconf 71' lang='grc' dir='ltr'>οὐκ</span> <span class='ocrx_word' id='word_1_359' title='bbox 452 3681 511 3730; x_wconf 76' lang='grc' dir='ltr'>ὲν</span> <span class='ocrx_word' id='word_1_360' title='bbox 544 3675 763 3745; x_wconf 82' lang='grc' dir='ltr'>μακρῷ,</span> <span class='ocrx_word' id='word_1_361' title='bbox 803 3673 900 3726; x_wconf 79' lang='grc' dir='ltr'>καὶ</span> <span class='ocrx_word' id='word_1_362' title='bbox 935 3674 968 3739; x_wconf 80' lang='grc' dir='ltr'>ἡ</span> <span class='ocrx_word' id='word_1_363' title='bbox 1012 3670 1306 3739; x_wconf 77' lang='grc' dir='ltr'>Ῥωμαίων</span> <span class='ocrx_word' id='word_1_364' title='bbox 1356 3670 1508 3737; x_wconf 85' lang='grc' dir='ltr'>ίσχὺς</span> <span class='ocrx_word' id='word_1_365' title='bbox 1553 3667 1644 3736; x_wconf 77' lang='grc' dir='ltr'><strong>ὑφ’</strong></span> <span class='ocrx_word' id='word_1_366' title='bbox 1683 3664 1882 3734; x_wconf 79' lang='grc' dir='ltr'>ἑαυτῆς</span> 
     </span>
    </p>
   </div>
   <div class='ocr_carea' id='block_1_56' title="bbox 311 3755 1884 3832">
    <p class='ocr_par' dir='ltr' id='par_1_56' title="bbox 311 3755 1884 3832">
     <span class='ocr_line' id='line_1_56' title="bbox 311 3755 1884 3832; baseline -0.01 -9"><span class='ocrx_word' id='word_1_367' title='bbox 311 3767 616 3823; x_wconf 80' lang='grc' dir='ltr'>ἐδαπανᾶτο</span> <span class='ocrx_word' id='word_1_368' title='bbox 669 3765 761 3818; x_wconf 78' lang='grc' dir='ltr'>καὶ</span> <span class='ocrx_word' id='word_1_369' title='bbox 807 3763 1168 3832; x_wconf 76' lang='grc' dir='ltr'>διεφθείρετο.</span> <span class='ocrx_word' id='word_1_370' title='bbox 1209 3760 1285 3812; x_wconf 79' lang='grc' dir='ltr'><strong>Οὐ</strong></span> <span class='ocrx_word' id='word_1_371' title='bbox 1343 3759 1450 3829; x_wconf 78' lang='grc' dir='ltr'>μὴν</span> <span class='ocrx_word' id='word_1_372' title='bbox 1480 3757 1604 3811; x_wconf 76' lang='grc' dir='ltr'>οὐδὲ</span> <span class='ocrx_word' id='word_1_373' title='bbox 1650 3757 1698 3810; x_wconf 86' lang='grc' dir='ltr'><strong>οί</strong></span> <span class='ocrx_word' id='word_1_374' title='bbox 1753 3755 1884 3824; x_wconf 84' lang='grc' dir='ltr'><strong>βάρ-</strong></span> 
     </span>
    </p>
   </div>
   <div class='ocr_carea' id='block_1_57' title="bbox 315 3848 1882 3928">
    <p class='ocr_par' dir='ltr' id='par_1_57' title="bbox 315 3848 1882 3928">
     <span class='ocr_line' id='line_1_57' title="bbox 315 3848 1882 3928; baseline -0.009 -16"><span class='ocrx_word' id='word_1_375' title='bbox 315 3860 478 3928; x_wconf 82' lang='grc' dir='ltr'>ϐαροι</span> <span class='ocrx_word' id='word_1_376' title='bbox 500 3857 764 3926; x_wconf 77' lang='grc' dir='ltr'>ἠμέλουν.</span> <span class='ocrx_word' id='word_1_377' title='bbox 793 3853 907 3908; x_wconf 79' lang='grc' dir='ltr'>ἀλλ’</span> <span class='ocrx_word' id='word_1_378' title='bbox 939 3853 1137 3914; x_wconf 72' lang='grc' dir='ltr'>εἱίότες</span> <span class='ocrx_word' id='word_1_379' title='bbox 1183 3851 1258 3914; x_wconf 82' lang='grc' dir='ltr'>ὡς</span> <span class='ocrx_word' id='word_1_380' title='bbox 1305 3851 1339 3920; x_wconf 75' lang='grc' dir='ltr'><strong>ἡ</strong></span> <span class='ocrx_word' id='word_1_381' title='bbox 1385 3848 1677 3915; x_wconf 85' lang='grc' dir='ltr'>Ῥωμαίων</span> <span class='ocrx_word' id='word_1_382' title='bbox 1714 3863 1882 3916; x_wconf 83' lang='grc' dir='ltr'>στρα-</span> 
     </span>
    </p>
   </div>
   <div class='ocr_carea' id='block_1_58' title="bbox 312 3938 1886 4017">
    <p class='ocr_par' dir='ltr' id='par_1_58' title="bbox 312 3938 1886 4017">
     <span class='ocr_line' id='line_1_58' title="bbox 312 3938 1886 4017; baseline -0.001 -17"><span class='ocrx_word' id='word_1_383' title='bbox 312 3950 410 4002; x_wconf 83' lang='grc' dir='ltr'>τιὰ</span> <span class='ocrx_word' id='word_1_384' title='bbox 452 3946 726 4017; x_wconf 78' lang='grc' dir='ltr'>διῄρηται,</span> <span class='ocrx_word' id='word_1_385' title='bbox 757 3946 852 3997; x_wconf 72' lang='grc' dir='ltr'>καὶ</span> <span class='ocrx_word' id='word_1_386' title='bbox 891 3941 1175 4006; x_wconf 78' lang='grc' dir='ltr'>στασιάζει</span> <span class='ocrx_word' id='word_1_387' title='bbox 1231 3939 1366 4010; x_wconf 77' lang='grc' dir='ltr'>πρὸς</span> <span class='ocrx_word' id='word_1_388' title='bbox 1415 3939 1634 4008; x_wconf 73' lang='grc' dir='ltr'>ἑαυτὴν,</span> <span class='ocrx_word' id='word_1_389' title='bbox 1668 3938 1733 3991; x_wconf 81' lang='grc' dir='ltr'><strong>ἐκ</strong></span> <span class='ocrx_word' id='word_1_390' title='bbox 1784 3938 1886 4006; x_wconf 76' lang='grc' dir='ltr'><strong>τῆς</strong></span> 
     </span>
    </p>
   </div>
   <div class='ocr_carea' id='block_1_59' title="bbox 326 4028 1887 4106">
    <p class='ocr_par' dir='ltr' id='par_1_59' title="bbox 326 4028 1887 4106">
     <span class='ocr_line' id='line_1_59' title="bbox 326 4028 1887 4106; baseline -0.008 -13"><span class='ocrx_word' id='word_1_391' title='bbox 326 4040 512 4102; x_wconf 79' lang='grc' dir='ltr'>Ἀσίας</span> <span class='ocrx_word' id='word_1_392' title='bbox 559 4037 952 4106; x_wconf 80' lang='grc' dir='ltr'>περαιούμενοι</span> <span class='ocrx_word' id='word_1_393' title='bbox 1003 4034 1102 4086; x_wconf 82' lang='grc' dir='ltr'>καὶ</span> <span class='ocrx_word' id='word_1_394' title='bbox 1129 4033 1320 4095; x_wconf 82' lang='grc' dir='ltr'>ἵπποις</span> <span class='ocrx_word' id='word_1_395' title='bbox 1363 4032 1460 4084; x_wconf 76' lang='grc' dir='ltr'>καὶ</span> <span class='ocrx_word' id='word_1_396' title='bbox 1502 4029 1646 4102; x_wconf 79' lang='grc' dir='ltr'>πεζῇ</span> <span class='ocrx_word' id='word_1_397' title='bbox 1680 4029 1748 4083; x_wconf 78' lang='grc' dir='ltr'><strong>τὰ.</strong></span> <span class='ocrx_word' id='word_1_398' title='bbox 1792 4028 1887 4098; x_wconf 84' lang='grc' dir='ltr'>μέ-</span> 
     </span>
    </p>
   </div>
   <div class='ocr_carea' id='block_1_60' title="bbox 312 4122 1886 4202">
    <p class='ocr_par' dir='ltr' id='par_1_60' title="bbox 312 4122 1886 4202">
     <span class='ocr_line' id='line_1_60' title="bbox 312 4122 1886 4202; baseline -0.008 -18"><span class='ocrx_word' id='word_1_399' title='bbox 312 4148 479 4202; x_wconf 80' lang='grc' dir='ltr'>γιστα</span> <span class='ocrx_word' id='word_1_400' title='bbox 529 4131 785 4192; x_wconf 74' lang='grc' dir='ltr'>ἐκάκουν,</span> <span class='ocrx_word' id='word_1_401' title='bbox 815 4125 1027 4188; x_wconf 62' lang='grc' dir='ltr'>οὐδενὸς</span> <span class='ocrx_word' id='word_1_402' title='bbox 1055 4123 1472 4194; x_wconf 83' lang='grc' dir='ltr'>ἀνθισταμένου.</span> <span class='ocrx_word' id='word_1_403' title='bbox 1508 4123 1621 4175; x_wconf 76' lang='grc' dir='ltr'><strong>Καὶ</strong></span> <span class='ocrx_word' id='word_1_404' title='bbox 1647 4122 1714 4174; x_wconf 83' lang='grc' dir='ltr'><strong>τὰ</strong></span> <span class='ocrx_word' id='word_1_405' title='bbox 1740 4135 1886 4190; x_wconf 74' lang='grc' dir='ltr'>παρ·</span> 
     </span>
    </p>
   </div>
   <div class='ocr_carea' id='block_1_61' title="bbox 313 4212 1890 4288">
    <p class='ocr_par' dir='ltr' id='par_1_61' title="bbox 313 4212 1890 4288">
     <span class='ocr_line' id='line_1_61' title="bbox 313 4212 1890 4288; baseline -0.01 -9"><span class='ocrx_word' id='word_1_406' title='bbox 313 4226 445 4280; x_wconf 78' lang='grc' dir='ltr'>ἁλια</span> <span class='ocrx_word' id='word_1_407' title='bbox 475 4223 652 4276; x_wconf 73' lang='grc' dir='ltr'>πάντα</span> <span class='ocrx_word' id='word_1_408' title='bbox 710 4221 767 4272; x_wconf 79' lang='grc' dir='ltr'><strong>ἐν</strong></span> <span class='ocrx_word' id='word_1_409' title='bbox 803 4218 995 4288; x_wconf 81' lang='grc' dir='ltr'>βραχεῖ</span> <span class='ocrx_word' id='word_1_410' title='bbox 1044 4216 1179 4270; x_wconf 87' lang='grc' dir='ltr'>κενὰ</span> <span class='ocrx_word' id='word_1_411' title='bbox 1209 4212 1514 4286; x_wconf 83' lang='grc' dir='ltr'>ἀνθρώπων</span> <span class='ocrx_word' id='word_1_412' title='bbox 1564 4213 1890 4265; x_wconf 80' lang='grc' dir='ltr'>ἀπεδείκνυ-</span> 
     </span>
    </p>
   </div>
   <div class='ocr_carea' id='block_1_62' title="bbox 271 4301 1889 4376">
    <p class='ocr_par' dir='ltr' id='par_1_62' title="bbox 271 4301 1889 4376">
     <span class='ocr_line' id='line_1_62' title="bbox 271 4301 1889 4376; baseline -0.01 -9"><span class='ocrx_word' id='word_1_413' title='bbox 271 4305 274 4307; x_wconf 12' lang='grc' dir='ltr'><strong>Α</strong></span> <span class='ocrx_word' id='word_1_414' title='bbox 315 4329 422 4366; x_wconf 89' lang='grc' dir='ltr'><strong>σαν</strong></span> <span class='ocrx_word' id='word_1_415' title='bbox 447 4311 654 4372; x_wconf 79' lang='grc' dir='ltr'>πάντας</span> <span class='ocrx_word' id='word_1_416' title='bbox 701 4305 1297 4376; x_wconf 73' lang='grc' dir='ltr'>ἐξανδραποδιζόμενοι,</span> <span class='ocrx_word' id='word_1_417' title='bbox 1357 4302 1497 4372; x_wconf 81' lang='grc' dir='ltr'>πλὴν</span> <span class='ocrx_word' id='word_1_418' title='bbox 1541 4303 1656 4356; x_wconf 83' lang='grc' dir='ltr'>ὅσοι</span> <span class='ocrx_word' id='word_1_419' title='bbox 1701 4301 1889 4363; x_wconf 91' lang='grc' dir='ltr'>πόλεις</span> 
     </span>
    </p>
   </div>
   <div class='ocr_carea' id='block_1_63' title="bbox 315 4390 1890 4474">
    <p class='ocr_par' dir='ltr' id='par_1_63' title="bbox 315 4390 1890 4474">
     <span class='ocr_line' id='line_1_63' title="bbox 315 4390 1890 4474; baseline -0.016 -16"><span class='ocrx_word' id='word_1_420' title='bbox 315 4404 352 4474; x_wconf 77' lang='grc' dir='ltr'>ἢ</span> <span class='ocrx_word' id='word_1_421' title='bbox 382 4401 620 4472; x_wconf 80' lang='grc' dir='ltr'>φρούρια</span> <span class='ocrx_word' id='word_1_422' title='bbox 665 4397 970 4468; x_wconf 78' lang='grc' dir='ltr'>κατῴκουν.</span> <span class='ocrx_word' id='word_1_423' title='bbox 1004 4396 1272 4466; x_wconf 76' lang='grc' dir='ltr'>’Υστερον</span> <span class='ocrx_word' id='word_1_424' title='bbox 1311 4392 1369 4446; x_wconf 79' lang='grc' dir='ltr'>δὲ</span> <span class='ocrx_word' id='word_1_425' title='bbox 1402 4391 1628 4446; x_wconf 82' lang='grc' dir='ltr'>ἐκείνων</span> <span class='ocrx_word' id='word_1_426' title='bbox 1675 4390 1890 4444; x_wconf 81' lang='grc' dir='ltr'>ἀναλω.</span> 
     </span>
    </p>
   </div>
   <div class='ocr_carea' id='block_1_64' title="bbox 1967 1935 3601 2008">
    <p class='ocr_par' dir='ltr' id='par_1_64' title="bbox 1967 1935 3601 2008">
     <span class='ocr_line' id='line_1_64' title="bbox 1967 1935 3601 2008; baseline 0.001 -17"><span class='ocrx_word' id='word_1_427' title='bbox 1967 1950 2127 1992; x_wconf 85' lang='lat' dir='ltr'><strong>socer</strong></span> <span class='ocrx_word' id='word_1_428' title='bbox 2149 1937 2478 2000; x_wconf 73' lang='lat' dir='ltr'><strong>declaratus,</strong></span> <span class='ocrx_word' id='word_1_429' title='bbox 2501 1935 2642 1990; x_wconf 90' lang='lat' dir='ltr'><strong>bello</strong></span> <span class='ocrx_word' id='word_1_430' title='bbox 2665 1945 2856 1990; x_wconf 86' lang='lat' dir='ltr'><strong>contra</strong></span> <span class='ocrx_word' id='word_1_431' title='bbox 2885 1951 3144 2007; x_wconf 74' lang='lat' dir='ltr'><strong>generum</strong></span> <span class='ocrx_word' id='word_1_432' title='bbox 3171 1949 3391 2008; x_wconf 87' lang='lat' dir='ltr'><strong>recepto</strong></span> <span class='ocrx_word' id='word_1_433' title='bbox 3411 1939 3542 1993; x_wconf 91' lang='lat' dir='ltr'><strong>inde</strong></span> <span class='ocrx_word' id='word_1_434' title='bbox 3597 1963 3601 1968; x_wconf 59' lang='grc' dir='ltr'><strong>ν</strong></span> 
     </span>
    </p>
   </div>
   <div class='ocr_carea' id='block_1_65' title="bbox 1969 2026 3540 2099">
    <p class='ocr_par' dir='ltr' id='par_1_65' title="bbox 1969 2026 3540 2099">
     <span class='ocr_line' id='line_1_65' title="bbox 1969 2026 3540 2099; baseline 0.001 -18"><span class='ocrx_word' id='word_1_435' title='bbox 1969 2028 2288 2099; x_wconf 79' lang='lat' dir='ltr'><strong>profectus,</strong></span> <span class='ocrx_word' id='word_1_436' title='bbox 2335 2027 2590 2082; x_wconf 64' lang='lat' dir='ltr'><strong>Thraciae</strong></span> <span class='ocrx_word' id='word_1_437' title='bbox 2618 2028 2783 2080; x_wconf 80' lang='lat' dir='ltr'><strong>urbes</strong></span> <span class='ocrx_word' id='word_1_438' title='bbox 2821 2026 3042 2090; x_wconf 89' lang='lat' dir='ltr'><strong>obibat,</strong></span> <span class='ocrx_word' id='word_1_439' title='bbox 3093 2029 3354 2083; x_wconf 81' lang='lat' dir='ltr'><strong>omnibus</strong></span> <span class='ocrx_word' id='word_1_440' title='bbox 3413 2045 3540 2083; x_wconf 86' lang='lat' dir='ltr'><strong>eum</strong></span> 
     </span>
    </p>
   </div>
   <div class='ocr_carea' id='block_1_66' title="bbox 1967 2117 3546 2194">
    <p class='ocr_par' dir='ltr' id='par_1_66' title="bbox 1967 2117 3546 2194">
     <span class='ocr_line' id='line_1_66' title="bbox 1967 2117 3546 2194; baseline 0.001 -19"><span class='ocrx_word' id='word_1_441' title='bbox 1967 2119 2168 2189; x_wconf 85' lang='lat' dir='ltr'><strong>cupide</strong></span> <span class='ocrx_word' id='word_1_442' title='bbox 2197 2117 2623 2188; x_wconf 78' lang='lat' dir='ltr'><strong>excipientibus,</strong></span> <span class='ocrx_word' id='word_1_443' title='bbox 2663 2127 2720 2172; x_wconf 90' lang='lat' dir='ltr'><strong>et</strong></span> <span class='ocrx_word' id='word_1_444' title='bbox 2768 2125 3035 2187; x_wconf 84' lang='lat' dir='ltr'><strong>quantum</strong></span> <span class='ocrx_word' id='word_1_445' title='bbox 3089 2126 3346 2188; x_wconf 85' lang='lat' dir='ltr'><strong>poterant</strong></span> <span class='ocrx_word' id='word_1_446' title='bbox 3390 2121 3546 2194; x_wconf 86' lang='lat' dir='ltr'><strong>adju-</strong></span> 
     </span>
    </p>
   </div>
   <div class='ocr_carea' id='block_1_67' title="bbox 1967 2207 3547 2268">
    <p class='ocr_par' dir='ltr' id='par_1_67' title="bbox 1967 2207 3547 2268">
     <span class='ocr_line' id='line_1_67' title="bbox 1967 2207 3547 2268; baseline 0.003 -5"><span class='ocrx_word' id='word_1_447' title='bbox 1967 2207 2696 2265; x_wconf 77' lang='lat' dir='ltr'><strong>vantibus.Cantacuzenus</strong></span> <span class='ocrx_word' id='word_1_448' title='bbox 2733 2223 2858 2264; x_wconf 88' lang='lat' dir='ltr'><strong>cum</strong></span> <span class='ocrx_word' id='word_1_449' title='bbox 2911 2225 3260 2265; x_wconf 86' lang='lat' dir='ltr'><strong>numerosum</strong></span> <span class='ocrx_word' id='word_1_450' title='bbox 3317 2212 3547 2268; x_wconf 86' lang='lat' dir='ltr'><strong>haberet</strong></span> 
     </span>
    </p>
   </div>
   <div class='ocr_carea' id='block_1_68' title="bbox 1968 2300 3544 2373">
    <p class='ocr_par' dir='ltr' id='par_1_68' title="bbox 1968 2300 3544 2373">
     <span class='ocr_line' id='line_1_68' title="bbox 1968 2300 3544 2373; baseline 0.001 -17"><span class='ocrx_word' id='word_1_451' title='bbox 1968 2301 2280 2371; x_wconf 80' lang='lat' dir='ltr'><strong>fortemque</strong></span> <span class='ocrx_word' id='word_1_452' title='bbox 2309 2300 2642 2364; x_wconf 82' lang='lat' dir='ltr'><strong>exercitum,</strong></span> <span class='ocrx_word' id='word_1_453' title='bbox 2681 2301 2918 2356; x_wconf 85' lang='lat' dir='ltr'><strong>educere</strong></span> <span class='ocrx_word' id='word_1_454' title='bbox 2945 2301 3102 2356; x_wconf 88' lang='lat' dir='ltr'><strong>illum</strong></span> <span class='ocrx_word' id='word_1_455' title='bbox 3157 2311 3381 2373; x_wconf 87' lang='lat' dir='ltr'><strong>propter</strong></span> <span class='ocrx_word' id='word_1_456' title='bbox 3415 2305 3544 2358; x_wconf 86' lang='lat' dir='ltr'><strong>anni</strong></span> 
     </span>
    </p>
   </div>
   <div class='ocr_carea' id='block_1_69' title="bbox 1970 2391 3544 2464">
    <p class='ocr_par' dir='ltr' id='par_1_69' title="bbox 1970 2391 3544 2464">
     <span class='ocr_line' id='line_1_69' title="bbox 1970 2391 3544 2464; baseline -0.001 -15"><span class='ocrx_word' id='word_1_457' title='bbox 1970 2401 2356 2464; x_wconf 85' lang='lat' dir='ltr'><strong>tempestatem</strong></span> <span class='ocrx_word' id='word_1_458' title='bbox 2407 2391 2713 2461; x_wconf 80' lang='lat' dir='ltr'><strong>nequibat:</strong></span> <span class='ocrx_word' id='word_1_459' title='bbox 2770 2391 2917 2464; x_wconf 84' lang='lat' dir='ltr'><strong>quod</strong></span> <span class='ocrx_word' id='word_1_460' title='bbox 2959 2392 3229 2447; x_wconf 80' lang='lat' dir='ltr'><strong>militibus</strong></span> <span class='ocrx_word' id='word_1_461' title='bbox 3277 2395 3544 2448; x_wconf 86' lang='lat' dir='ltr'><strong>adversus</strong></span> 
     </span>
    </p>
   </div>
   <div class='ocr_carea' id='block_1_70' title="bbox 1968 2482 3545 2555">
    <p class='ocr_par' dir='ltr' id='par_1_70' title="bbox 1968 2482 3545 2555">
     <span class='ocr_line' id='line_1_70' title="bbox 1968 2482 3545 2555; baseline 0 -16"><span class='ocrx_word' id='word_1_462' title='bbox 1968 2485 2184 2554; x_wconf 61' lang='lat' dir='ltr'><strong>pluvias</strong></span> <span class='ocrx_word' id='word_1_463' title='bbox 2240 2491 2300 2538; x_wconf 91' lang='lat' dir='ltr'><strong>et</strong></span> <span class='ocrx_word' id='word_1_464' title='bbox 2351 2482 2509 2538; x_wconf 84' lang='lat' dir='ltr'><strong>nives</strong></span> <span class='ocrx_word' id='word_1_465' title='bbox 2573 2496 2845 2552; x_wconf 87' lang='lat' dir='ltr'><strong>nusquam</strong></span> <span class='ocrx_word' id='word_1_466' title='bbox 2908 2493 3122 2552; x_wconf 79' lang='lat' dir='ltr'><strong>pateret</strong></span> <span class='ocrx_word' id='word_1_467' title='bbox 3188 2485 3545 2555; x_wconf 75' lang='lat' dir='ltr'><strong>perfugium,</strong></span> 
     </span>
    </p>
   </div>
   <div class='ocr_carea' id='block_1_71' title="bbox 1964 2574 3545 2648">
    <p class='ocr_par' dir='ltr' id='par_1_71' title="bbox 1964 2574 3545 2648">
     <span class='ocr_line' id='line_1_71' title="bbox 1964 2574 3545 2648; baseline 0.003 -18"><span class='ocrx_word' id='word_1_468' title='bbox 1964 2577 2078 2647; x_wconf 84' lang='lat' dir='ltr'><strong>jam</strong></span> <span class='ocrx_word' id='word_1_469' title='bbox 2107 2575 2364 2630; x_wconf 89' lang='lat' dir='ltr'><strong>omnibus</strong></span> <span class='ocrx_word' id='word_1_470' title='bbox 2390 2584 2451 2630; x_wconf 91' lang='lat' dir='ltr'><strong>ut</strong></span> <span class='ocrx_word' id='word_1_471' title='bbox 2499 2575 2715 2629; x_wconf 82' lang='lat' dir='ltr'><strong>hostem</strong></span> <span class='ocrx_word' id='word_1_472' title='bbox 2748 2574 3157 2630; x_wconf 70' lang='lat' dir='ltr'><strong>averszlntibus.</strong></span> <span class='ocrx_word' id='word_1_473' title='bbox 3195 2575 3364 2648; x_wconf 63' lang='grc'><strong>448</strong></span> <span class='ocrx_word' id='word_1_474' title='bbox 3395 2577 3545 2634; x_wconf 85' lang='lat' dir='ltr'><strong>Unde</strong></span> 
     </span>
    </p>
   </div>
   <div class='ocr_carea' id='block_1_72' title="bbox 1971 2665 3548 2737">
    <p class='ocr_par' dir='ltr' id='par_1_72' title="bbox 1971 2665 3548 2737">
     <span class='ocr_line' id='line_1_72' title="bbox 1971 2665 3548 2737; baseline 0.002 -16"><span class='ocrx_word' id='word_1_475' title='bbox 1971 2667 2271 2737; x_wconf 87' lang='lat' dir='ltr'><strong>tranquillo</strong></span> <span class='ocrx_word' id='word_1_476' title='bbox 2292 2667 2434 2722; x_wconf 67' lang='lat' dir='ltr'><strong>caelo</strong></span> <span class='ocrx_word' id='word_1_477' title='bbox 2450 2668 2615 2720; x_wconf 88' lang='lat' dir='ltr'><strong>urbes</strong></span> <span class='ocrx_word' id='word_1_478' title='bbox 2641 2665 2902 2720; x_wconf 84' lang='lat' dir='ltr'><strong>ﬁnitimas</strong></span> <span class='ocrx_word' id='word_1_479' title='bbox 2923 2665 3344 2722; x_wconf 82' lang='lat' dir='ltr'><strong>incursionibus</strong></span> <span class='ocrx_word' id='word_1_480' title='bbox 3365 2670 3548 2724; x_wconf 80' lang='lat' dir='ltr'><strong>laces-</strong></span> 
     </span>
    </p>
   </div>
   <div class='ocr_carea' id='block_1_73' title="bbox 1971 2757 3551 2834">
    <p class='ocr_par' dir='ltr' id='par_1_73' title="bbox 1971 2757 3551 2834">
     <span class='ocr_line' id='line_1_73' title="bbox 1971 2757 3551 2834; baseline 0.001 -19"><span class='ocrx_word' id='word_1_481' title='bbox 1971 2760 2188 2834; x_wconf 79' lang='lat' dir='ltr'><strong>sebant,</strong></span> <span class='ocrx_word' id='word_1_482' title='bbox 2206 2772 2330 2812; x_wconf 90' lang='lat' dir='ltr'><strong>cum</strong></span> <span class='ocrx_word' id='word_1_483' title='bbox 2358 2757 2562 2811; x_wconf 80' lang='lat' dir='ltr'><strong>interea</strong></span> <span class='ocrx_word' id='word_1_484' title='bbox 2584 2757 2898 2827; x_wconf 66' lang='lat' dir='ltr'><strong>Byzantines</strong></span> <span class='ocrx_word' id='word_1_485' title='bbox 2924 2758 3099 2827; x_wconf 65' lang='lat' dir='ltr'><strong>capia</strong></span> <span class='ocrx_word' id='word_1_486' title='bbox 3128 2759 3184 2812; x_wconf 93' lang='lat' dir='ltr'><strong>in</strong></span> <span class='ocrx_word' id='word_1_487' title='bbox 3212 2760 3468 2816; x_wconf 82' lang='lat' dir='ltr'><strong>civitates</strong></span> <span class='ocrx_word' id='word_1_488' title='bbox 3489 2768 3551 2817; x_wconf 75' lang='lat' dir='ltr'><strong>se</strong></span> 
     </span>
    </p>
   </div>
   <div class='ocr_carea' id='block_1_74' title="bbox 1972 2837 3550 2920">
    <p class='ocr_par' dir='ltr' id='par_1_74' title="bbox 1972 2837 3550 2920">
     <span class='ocr_line' id='line_1_74' title="bbox 1972 2837 3550 2920; baseline 0.003 -15"><span class='ocrx_word' id='word_1_489' title='bbox 1972 2837 2258 2914; x_wconf 83' lang='lat' dir='ltr'><strong>abderent,</strong></span> <span class='ocrx_word' id='word_1_490' title='bbox 2290 2864 2470 2918; x_wconf 88' lang='lat' dir='ltr'><strong>neque</strong></span> <span class='ocrx_word' id='word_1_491' title='bbox 2515 2858 2798 2918; x_wconf 76' lang='lat' dir='ltr'><strong>aspectum</strong></span> <span class='ocrx_word' id='word_1_492' title='bbox 2828 2865 3019 2905; x_wconf 86' lang='lat' dir='ltr'><strong>eorum</strong></span> <span class='ocrx_word' id='word_1_493' title='bbox 3069 2850 3313 2919; x_wconf 49' lang='lat' dir='ltr'><strong>ferrent,</strong></span> <span class='ocrx_word' id='word_1_494' title='bbox 3337 2854 3550 2920; x_wconf 83' lang='lat' dir='ltr'><strong>Quibus</strong></span> 
     </span>
    </p>
   </div>
   <div class='ocr_carea' id='block_1_75' title="bbox 1972 2941 3546 3015">
    <p class='ocr_par' dir='ltr' id='par_1_75' title="bbox 1972 2941 3546 3015">
     <span class='ocr_line' id='line_1_75' title="bbox 1972 2941 3546 3015; baseline 0.001 -17"><span class='ocrx_word' id='word_1_495' title='bbox 1972 2941 2098 2998; x_wconf 68' lang='lat' dir='ltr'><strong>celi</strong></span> <span class='ocrx_word' id='word_1_496' title='bbox 2127 2941 2326 3012; x_wconf 85' lang='lat' dir='ltr'><strong>injuria</strong></span> <span class='ocrx_word' id='word_1_497' title='bbox 2350 2949 2578 3010; x_wconf 78' lang='lat' dir='ltr'><strong>cogente</strong></span> <span class='ocrx_word' id='word_1_498' title='bbox 2609 2943 3016 3005; x_wconf 87' lang='lat' dir='ltr'><strong>recedentibus,</strong></span> <span class='ocrx_word' id='word_1_499' title='bbox 3047 2958 3276 2998; x_wconf 87' lang='lat' dir='ltr'><strong>rursum</strong></span> <span class='ocrx_word' id='word_1_500' title='bbox 3298 2945 3546 3015; x_wconf 86' lang='lat' dir='ltr'><strong>Byzantii</strong></span> 
     </span>
    </p>
   </div>
   <div class='ocr_carea' id='block_1_76' title="bbox 1973 3029 3551 3103">
    <p class='ocr_par' dir='ltr' id='par_1_76' title="bbox 1973 3029 3551 3103">
     <span class='ocr_line' id='line_1_76' title="bbox 1973 3029 3551 3103; baseline 0.001 -17"><span class='ocrx_word' id='word_1_501' title='bbox 1973 3032 2214 3100; x_wconf 81' lang='lat' dir='ltr'><strong>receptis</strong></span> <span class='ocrx_word' id='word_1_502' title='bbox 2265 3029 2484 3094; x_wconf 87' lang='lat' dir='ltr'><strong>animis,</strong></span> <span class='ocrx_word' id='word_1_503' title='bbox 2535 3032 2701 3085; x_wconf 87' lang='lat' dir='ltr'><strong>urbes</strong></span> <span class='ocrx_word' id='word_1_504' title='bbox 2759 3031 3013 3088; x_wconf 88' lang='lat' dir='ltr'><strong>inimicas</strong></span> <span class='ocrx_word' id='word_1_505' title='bbox 3054 3048 3176 3103; x_wconf 66' lang='lat' dir='ltr'><strong>qua)</strong></span> <span class='ocrx_word' id='word_1_506' title='bbox 3227 3035 3551 3090; x_wconf 83' lang='lat' dir='ltr'><strong>videbantur</strong></span> 
     </span>
    </p>
   </div>
   <div class='ocr_carea' id='block_1_77' title="bbox 1976 3121 3546 3192">
    <p class='ocr_par' dir='ltr' id='par_1_77' title="bbox 1976 3121 3546 3192">
     <span class='ocr_line' id='line_1_77' title="bbox 1976 3121 3546 3192; baseline 0.003 -17"><span class='ocrx_word' id='word_1_507' title='bbox 1976 3123 2319 3192; x_wconf 79' lang='lat' dir='ltr'><strong>premebant,</strong></span> <span class='ocrx_word' id='word_1_508' title='bbox 2343 3128 2566 3189; x_wconf 78' lang='lat' dir='ltr'><strong>totaque</strong></span> <span class='ocrx_word' id='word_1_509' title='bbox 2587 3121 2739 3190; x_wconf 75' lang='lat' dir='ltr'><strong>regio</strong></span> <span class='ocrx_word' id='word_1_510' title='bbox 2762 3122 2915 3181; x_wconf 77' lang='lat' dir='ltr'><strong>&#39;velut</strong></span> <span class='ocrx_word' id='word_1_511' title='bbox 2941 3123 3009 3176; x_wconf 91' lang='lat' dir='ltr'><strong>ab</strong></span> <span class='ocrx_word' id='word_1_512' title='bbox 3029 3123 3281 3179; x_wconf 81' lang='lat' dir='ltr'><strong>hostibus</strong></span> <span class='ocrx_word' id='word_1_513' title='bbox 3311 3133 3546 3188; x_wconf 85' lang='lat' dir='ltr'><strong>vastata,</strong></span> 
     </span>
    </p>
   </div>
   <div class='ocr_carea' id='block_1_78' title="bbox 1979 3197 3553 3285">
    <p class='ocr_par' dir='ltr' id='par_1_78' title="bbox 1979 3197 3553 3285">
     <span class='ocr_line' id='line_1_78' title="bbox 1979 3197 3553 3285; baseline 0.004 -20"><span class='ocrx_word' id='word_1_514' title='bbox 1979 3221 2036 3265; x_wconf 88' lang='lat' dir='ltr'><strong>et</strong></span> <span class='ocrx_word' id='word_1_515' title='bbox 2086 3211 2222 3266; x_wconf 87' lang='lat' dir='ltr'><strong>nihil</strong></span> <span class='ocrx_word' id='word_1_516' title='bbox 2262 3211 2434 3266; x_wconf 84' lang='lat' dir='ltr'><strong>cladis</strong></span> <span class='ocrx_word' id='word_1_517' title='bbox 2461 3226 2569 3264; x_wconf 92' lang='lat' dir='ltr'><strong>non</strong></span> <span class='ocrx_word' id='word_1_518' title='bbox 2621 3197 2928 3278; x_wconf 75' lang='lat' dir='ltr'><strong>sustinens,</strong></span> <span class='ocrx_word' id='word_1_519' title='bbox 2977 3213 3031 3267; x_wconf 90' lang='lat' dir='ltr'><strong>in</strong></span> <span class='ocrx_word' id='word_1_520' title='bbox 3089 3216 3284 3285; x_wconf 85' lang='lat' dir='ltr'><strong>oppida</strong></span> <span class='ocrx_word' id='word_1_521' title='bbox 3321 3218 3553 3271; x_wconf 83' lang='lat' dir='ltr'><strong>commi-</strong></span> 
     </span>
    </p>
   </div>
   <div class='ocr_carea' id='block_1_79' title="bbox 1981 3302 3549 3378">
    <p class='ocr_par' dir='ltr' id='par_1_79' title="bbox 1981 3302 3549 3378">
     <span class='ocr_line' id='line_1_79' title="bbox 1981 3302 3549 3378; baseline 0.005 -22"><span class='ocrx_word' id='word_1_522' title='bbox 1981 3305 2192 3373; x_wconf 74' lang='lat' dir='ltr'><strong>grabat.</strong></span> <span class='ocrx_word' id='word_1_523' title='bbox 2223 3304 2404 3373; x_wconf 81' lang='lat' dir='ltr'><strong>Atque</strong></span> <span class='ocrx_word' id='word_1_524' title='bbox 2436 3303 2509 3356; x_wconf 90' lang='lat' dir='ltr'><strong>ita</strong></span> <span class='ocrx_word' id='word_1_525' title='bbox 2553 3302 2821 3358; x_wconf 87' lang='lat' dir='ltr'><strong>Thracius</strong></span> <span class='ocrx_word' id='word_1_526' title='bbox 2856 3305 3010 3359; x_wconf 69' lang='lat' dir='ltr'><strong>orbis</strong></span> <span class='ocrx_word' id='word_1_527' title='bbox 3043 3320 3210 3375; x_wconf 79' lang='lat' dir='ltr'><strong>parvo</strong></span> <span class='ocrx_word' id='word_1_528' title='bbox 3265 3309 3446 3378; x_wconf 89' lang='lat' dir='ltr'><strong>spatio</strong></span> <span class='ocrx_word' id='word_1_529' title='bbox 3497 3310 3549 3364; x_wconf 85' lang='lat' dir='ltr'><strong>vi</strong></span> 
     </span>
    </p>
   </div>
   <div class='ocr_carea' id='block_1_80' title="bbox 1983 3395 3553 3468">
    <p class='ocr_par' dir='ltr' id='par_1_80' title="bbox 1983 3395 3553 3468">
     <span class='ocr_line' id='line_1_80' title="bbox 1983 3395 3553 3468; baseline 0.004 -17"><span class='ocrx_word' id='word_1_530' title='bbox 1983 3404 2040 3451; x_wconf 89' lang='lat' dir='ltr'><strong>et</strong></span> <span class='ocrx_word' id='word_1_531' title='bbox 2071 3395 2506 3466; x_wconf 69' lang='lat' dir='ltr'><strong>grassationibus</strong></span> <span class='ocrx_word' id='word_1_532' title='bbox 2549 3397 2615 3450; x_wconf 87' lang='lat' dir='ltr'><strong>ad</strong></span> <span class='ocrx_word' id='word_1_533' title='bbox 2649 3396 2965 3468; x_wconf 83' lang='lat' dir='ltr'><strong>Scythicam</strong></span> <span class='ocrx_word' id='word_1_534' title='bbox 2996 3400 3353 3456; x_wconf 86' lang='lat' dir='ltr'><strong>solitudinem</strong></span> <span class='ocrx_word' id='word_1_535' title='bbox 3401 3403 3553 3457; x_wconf 87' lang='lat' dir='ltr'><strong>redi-</strong></span> 
     </span>
    </p>
   </div>
   <div class='ocr_carea' id='block_1_81' title="bbox 1982 3484 3556 3560">
    <p class='ocr_par' dir='ltr' id='par_1_81' title="bbox 1982 3484 3556 3560">
     <span class='ocr_line' id='line_1_81' title="bbox 1982 3484 3556 3560; baseline 0.005 -22"><span class='ocrx_word' id='word_1_536' title='bbox 1982 3484 2742 3556; x_wconf 73' lang='lat' dir='ltr'><strong>gebatur,ltomanorumque</strong></span> <span class='ocrx_word' id='word_1_537' title='bbox 2812 3488 2962 3544; x_wconf 85' lang='lat' dir='ltr'><strong>vires</strong></span> <span class='ocrx_word' id='word_1_538' title='bbox 3004 3491 3336 3560; x_wconf 81' lang='lat' dir='ltr'><strong>semetipsas</strong></span> <span class='ocrx_word' id='word_1_539' title='bbox 3393 3493 3556 3557; x_wconf 79' lang='lat' dir='ltr'><strong>absu-</strong></span> 
     </span>
    </p>
   </div>
   <div class='ocr_carea' id='block_1_82' title="bbox 1983 3576 3553 3652">
    <p class='ocr_par' dir='ltr' id='par_1_82' title="bbox 1983 3576 3553 3652">
     <span class='ocr_line' id='line_1_82' title="bbox 1983 3576 3553 3652; baseline 0.004 -21"><span class='ocrx_word' id='word_1_540' title='bbox 1983 3579 2206 3632; x_wconf 86' lang='lat' dir='ltr'><strong>mebant</strong></span> <span class='ocrx_word' id='word_1_541' title='bbox 2259 3591 2324 3631; x_wconf 89' lang='lat' dir='ltr'><strong>ac</strong></span> <span class='ocrx_word' id='word_1_542' title='bbox 2355 3576 2745 3646; x_wconf 87' lang='lat' dir='ltr'><strong>deperdebant.</strong></span> <span class='ocrx_word' id='word_1_543' title='bbox 2773 3579 2884 3634; x_wconf 85' lang='lat' dir='ltr'><strong>Nec</strong></span> <span class='ocrx_word' id='word_1_544' title='bbox 2915 3589 3096 3635; x_wconf 87' lang='lat' dir='ltr'><strong>tamen</strong></span> <span class='ocrx_word' id='word_1_545' title='bbox 3125 3582 3352 3636; x_wconf 87' lang='lat' dir='ltr'><strong>Barbari</strong></span> <span class='ocrx_word' id='word_1_546' title='bbox 3384 3598 3553 3652; x_wconf 55' lang='lat' dir='ltr'><strong>oporc</strong></span> 
     </span>
    </p>
   </div>
   <div class='ocr_carea' id='block_1_83' title="bbox 1986 3667 3557 3738">
    <p class='ocr_par' dir='ltr' id='par_1_83' title="bbox 1986 3667 3557 3738">
     <span class='ocr_line' id='line_1_83' title="bbox 1986 3667 3557 3738; baseline 0.004 -16"><span class='ocrx_word' id='word_1_547' title='bbox 1986 3669 2279 3723; x_wconf 87' lang='lat' dir='ltr'><strong>tunitatem</strong></span> <span class='ocrx_word' id='word_1_548' title='bbox 2311 3668 2684 3738; x_wconf 73' lang='lat' dir='ltr'><strong>negligebant,</strong></span> <span class='ocrx_word' id='word_1_549' title='bbox 2712 3667 2809 3726; x_wconf 67' lang='lat' dir='ltr'><strong>sed</strong></span> <span class='ocrx_word' id='word_1_550' title='bbox 2842 3687 2966 3726; x_wconf 90' lang='lat' dir='ltr'><strong>cum</strong></span> <span class='ocrx_word' id='word_1_551' title='bbox 2998 3672 3368 3728; x_wconf 77' lang='lat' dir='ltr'><strong>Romanorum</strong></span> <span class='ocrx_word' id='word_1_552' title='bbox 3399 3689 3557 3730; x_wconf 77' lang='lat' dir='ltr'><strong>excr-</strong></span> 
     </span>
    </p>
   </div>
   <div class='ocr_carea' id='block_1_84' title="bbox 1982 3759 3554 3823">
    <p class='ocr_par' dir='ltr' id='par_1_84' title="bbox 1982 3759 3554 3823">
     <span class='ocr_line' id='line_1_84' title="bbox 1982 3759 3554 3823; baseline 0.005 -9"><span class='ocrx_word' id='word_1_553' title='bbox 1982 3759 2156 3814; x_wconf 90' lang='lat' dir='ltr'><strong>citum</strong></span> <span class='ocrx_word' id='word_1_554' title='bbox 2193 3760 2434 3814; x_wconf 89' lang='lat' dir='ltr'><strong>divisum</strong></span> <span class='ocrx_word' id='word_1_555' title='bbox 2483 3770 2539 3814; x_wconf 90' lang='lat' dir='ltr'><strong>et</strong></span> <span class='ocrx_word' id='word_1_556' title='bbox 2587 3762 2876 3818; x_wconf 85' lang='lat' dir='ltr'><strong>discordiis</strong></span> <span class='ocrx_word' id='word_1_557' title='bbox 2908 3764 3186 3819; x_wconf 88' lang='lat' dir='ltr'><strong>intestinis</strong></span> <span class='ocrx_word' id='word_1_558' title='bbox 3215 3766 3554 3823; x_wconf 83' lang='lat' dir='ltr'><strong>laborantem</strong></span> 
     </span>
    </p>
   </div>
   <div class='ocr_carea' id='block_1_85' title="bbox 1985 3852 3553 3923">
    <p class='ocr_par' dir='ltr' id='par_1_85' title="bbox 1985 3852 3553 3923">
     <span class='ocr_line' id='line_1_85' title="bbox 1985 3852 3553 3923; baseline 0.003 -17"><span class='ocrx_word' id='word_1_559' title='bbox 1985 3852 2420 3920; x_wconf 85' lang='lat' dir='ltr'><strong>comperissent,</strong></span> <span class='ocrx_word' id='word_1_560' title='bbox 2469 3866 2595 3906; x_wconf 91' lang='lat' dir='ltr'><strong>cum</strong></span> <span class='ocrx_word' id='word_1_561' title='bbox 2621 3855 2868 3922; x_wconf 87' lang='lat' dir='ltr'><strong>equitatu</strong></span> <span class='ocrx_word' id='word_1_562' title='bbox 2929 3863 2986 3909; x_wconf 91' lang='lat' dir='ltr'><strong>et</strong></span> <span class='ocrx_word' id='word_1_563' title='bbox 3041 3855 3282 3923; x_wconf 90' lang='lat' dir='ltr'><strong>peditatu</strong></span> <span class='ocrx_word' id='word_1_564' title='bbox 3331 3871 3398 3911; x_wconf 79' lang='lat' dir='ltr'><strong>ex</strong></span> <span class='ocrx_word' id='word_1_565' title='bbox 3427 3859 3553 3911; x_wconf 59' lang='lat' dir='ltr'><strong>Asia</strong></span> 
     </span>
    </p>
   </div>
   <div class='ocr_carea' id='block_1_86' title="bbox 1986 3945 3558 4016">
    <p class='ocr_par' dir='ltr' id='par_1_86' title="bbox 1986 3945 3558 4016">
     <span class='ocr_line' id='line_1_86' title="bbox 1986 3945 3558 4016; baseline 0.005 -18"><span class='ocrx_word' id='word_1_566' title='bbox 1986 3945 2348 4016; x_wconf 56' lang='lat' dir='ltr'><strong>trajicientes,</strong></span> <span class='ocrx_word' id='word_1_567' title='bbox 2381 3947 2640 4001; x_wconf 89' lang='lat' dir='ltr'><strong>immania</strong></span> <span class='ocrx_word' id='word_1_568' title='bbox 2671 3947 2998 4002; x_wconf 87' lang='lat' dir='ltr'><strong>detrimenta</strong></span> <span class='ocrx_word' id='word_1_569' title='bbox 3058 3949 3210 4002; x_wconf 90' lang='lat' dir='ltr'><strong>nullo</strong></span> <span class='ocrx_word' id='word_1_570' title='bbox 3254 3953 3558 4006; x_wconf 78' lang='lat' dir='ltr'><strong>obsistente</strong></span> 
     </span>
    </p>
   </div>
   <div class='ocr_carea' id='block_1_87' title="bbox 1963 4035 3558 4115">
    <p class='ocr_par' dir='ltr' id='par_1_87' title="bbox 1963 4035 3558 4115">
     <span class='ocr_line' id='line_1_87' title="bbox 1963 4035 3558 4115; baseline 0.004 -25"><span class='ocrx_word' id='word_1_571' title='bbox 1963 4035 2213 4115; x_wconf 69' lang='lat' dir='ltr'><strong>dabant,</strong></span> <span class='ocrx_word' id='word_1_572' title='bbox 2245 4036 2478 4107; x_wconf 90' lang='lat' dir='ltr'><strong>locaque</strong></span> <span class='ocrx_word' id='word_1_573' title='bbox 2506 4038 2691 4092; x_wconf 88' lang='lat' dir='ltr'><strong>omnia</strong></span> <span class='ocrx_word' id='word_1_574' title='bbox 2722 4039 2862 4092; x_wconf 89' lang='lat' dir='ltr'><strong>mari</strong></span> <span class='ocrx_word' id='word_1_575' title='bbox 2895 4038 3074 4093; x_wconf 84' lang='lat' dir='ltr'><strong>vicina</strong></span> <span class='ocrx_word' id='word_1_576' title='bbox 3114 4040 3267 4093; x_wconf 84' lang='lat' dir='ltr'><strong>brevi</strong></span> <span class='ocrx_word' id='word_1_577' title='bbox 3310 4050 3558 4111; x_wconf 90' lang='lat' dir='ltr'><strong>tempore</strong></span> 
     </span>
    </p>
   </div>
   <div class='ocr_carea' id='block_1_88' title="bbox 1986 4127 3558 4200">
    <p class='ocr_par' dir='ltr' id='par_1_88' title="bbox 1986 4127 3558 4200">
     <span class='ocr_line' id='line_1_88' title="bbox 1986 4127 3558 4200; baseline 0.003 -18"><span class='ocrx_word' id='word_1_578' title='bbox 1986 4127 2305 4182; x_wconf 82' lang='lat' dir='ltr'><strong>hominibus</strong></span> <span class='ocrx_word' id='word_1_579' title='bbox 2325 4127 2802 4184; x_wconf 77' lang='lat' dir='ltr'><strong>vacuefaciebant:</strong></span> <span class='ocrx_word' id='word_1_580' title='bbox 2839 4130 3112 4194; x_wconf 84' lang='lat' dir='ltr'><strong>omnibus,</strong></span> <span class='ocrx_word' id='word_1_581' title='bbox 3146 4131 3248 4185; x_wconf 88' lang='lat' dir='ltr'><strong>nisi</strong></span> <span class='ocrx_word' id='word_1_582' title='bbox 3269 4133 3362 4200; x_wconf 90' lang='lat' dir='ltr'><strong>qui</strong></span> <span class='ocrx_word' id='word_1_583' title='bbox 3395 4134 3558 4188; x_wconf 85' lang='lat' dir='ltr'><strong>nrbes</strong></span> 
     </span>
    </p>
   </div>
   <div class='ocr_carea' id='block_1_89' title="bbox 1988 4217 3558 4290">
    <p class='ocr_par' dir='ltr' id='par_1_89' title="bbox 1988 4217 3558 4290">
     <span class='ocr_line' id='line_1_89' title="bbox 1988 4217 3558 4290; baseline 0.002 -17"><span class='ocrx_word' id='word_1_584' title='bbox 1988 4227 2082 4273; x_wconf 86' lang='lat' dir='ltr'><strong>aut</strong></span> <span class='ocrx_word' id='word_1_585' title='bbox 2111 4217 2337 4274; x_wconf 85' lang='lat' dir='ltr'><strong>castella</strong></span> <span class='ocrx_word' id='word_1_586' title='bbox 2382 4219 2720 4280; x_wconf 83' lang='lat' dir='ltr'><strong>habitarent.</strong></span> <span class='ocrx_word' id='word_1_587' title='bbox 2746 4219 2804 4273; x_wconf 91' lang='lat' dir='ltr'><strong>in</strong></span> <span class='ocrx_word' id='word_1_588' title='bbox 2829 4221 3146 4274; x_wconf 87' lang='lat' dir='ltr'><strong>servitutem</strong></span> <span class='ocrx_word' id='word_1_589' title='bbox 3197 4222 3386 4290; x_wconf 87' lang='lat' dir='ltr'><strong>raptis.</strong></span> <span class='ocrx_word' id='word_1_590' title='bbox 3417 4222 3558 4277; x_wconf 87' lang='lat' dir='ltr'><strong>Tum</strong></span> 
     </span>
    </p>
   </div>
   <div class='ocr_carea' id='block_1_90' title="bbox 1991 4304 3559 4382">
    <p class='ocr_par' dir='ltr' id='par_1_90' title="bbox 1991 4304 3559 4382">
     <span class='ocr_line' id='line_1_90' title="bbox 1991 4304 3559 4382; baseline 0.003 -18"><span class='ocrx_word' id='word_1_591' title='bbox 1991 4309 2189 4364; x_wconf 89' lang='lat' dir='ltr'><strong>deinde</strong></span> <span class='ocrx_word' id='word_1_592' title='bbox 2213 4309 2379 4364; x_wconf 88' lang='lat' dir='ltr'><strong>etiam</strong></span> <span class='ocrx_word' id='word_1_593' title='bbox 2425 4308 2480 4363; x_wconf 91' lang='lat' dir='ltr'><strong>in</strong></span> <span class='ocrx_word' id='word_1_594' title='bbox 2535 4309 2948 4374; x_wconf 78' lang='lat' dir='ltr'><strong>mediterranea</strong></span> <span class='ocrx_word' id='word_1_595' title='bbox 2980 4304 3300 4382; x_wconf 74' lang='lat' dir='ltr'><strong>pergebant.</strong></span> <span class='ocrx_word' id='word_1_596' title='bbox 3327 4312 3559 4369; x_wconf 85' lang='lat' dir='ltr'><strong>Romani</strong></span> 
     </span>
    </p>
   </div>
   <div class='ocr_carea' id='block_1_91' title="bbox 1989 4401 3563 4474">
    <p class='ocr_par' dir='ltr' id='par_1_91' title="bbox 1989 4401 3563 4474">
     <span class='ocr_line' id='line_1_91' title="bbox 1989 4401 3563 4474; baseline 0.003 -18"><span class='ocrx_word' id='word_1_597' title='bbox 1989 4416 2124 4456; x_wconf 75' lang='lat' dir='ltr'><strong>vero</strong></span> <span class='ocrx_word' id='word_1_598' title='bbox 2137 4409 2254 4456; x_wconf 89' lang='lat' dir='ltr'><strong>tota</strong></span> <span class='ocrx_word' id='word_1_599' title='bbox 2265 4401 2448 4457; x_wconf 87' lang='lat' dir='ltr'><strong>hieme</strong></span> <span class='ocrx_word' id='word_1_600' title='bbox 2467 4401 2915 4466; x_wconf 88' lang='lat' dir='ltr'><strong>velitabantur,et</strong></span> <span class='ocrx_word' id='word_1_601' title='bbox 2928 4405 3122 4458; x_wconf 88' lang='lat' dir='ltr'><strong>damna</strong></span> <span class='ocrx_word' id='word_1_602' title='bbox 3138 4403 3376 4459; x_wconf 83' lang='lat' dir='ltr'><strong>vicissim</strong></span> <span class='ocrx_word' id='word_1_603' title='bbox 3393 4420 3563 4474; x_wconf 88' lang='lat' dir='ltr'><strong>quan-</strong></span> 
     </span>
    </p>
   </div>
   <div class='ocr_carea' id='block_1_92' title="bbox 316 4478 1880 4564">
    <p class='ocr_par' dir='ltr' id='par_1_92' title="bbox 316 4478 1880 4556">
     <span class='ocr_line' id='line_1_92' title="bbox 316 4478 1880 4556; baseline -0.008 -11"><span class='ocrx_word' id='word_1_604' title='bbox 316 4491 545 4552; x_wconf 74' lang='grc' dir='ltr'>θέντων,</span> <span class='ocrx_word' id='word_1_605' title='bbox 579 4487 676 4542; x_wconf 74' lang='grc' dir='ltr'>καὶ</span> <span class='ocrx_word' id='word_1_606' title='bbox 705 4490 840 4556; x_wconf 60' lang='grc' dir='ltr'>πρδς</span> <span class='ocrx_word' id='word_1_607' title='bbox 864 4485 964 4554; x_wconf 79' lang='grc' dir='ltr'>τὴν</span> <span class='ocrx_word' id='word_1_608' title='bbox 997 4483 1290 4552; x_wconf 82' lang='grc' dir='ltr'>μεσόγειαν</span> <span class='ocrx_word' id='word_1_609' title='bbox 1316 4478 1628 4551; x_wconf 78' lang='grc' dir='ltr'>ἐχώρησαν.</span> <span class='ocrx_word' id='word_1_610' title='bbox 1661 4481 1726 4534; x_wconf 88' lang='grc' dir='ltr'>Οί</span> <span class='ocrx_word' id='word_1_611' title='bbox 1764 4479 1880 4549; x_wconf 83' lang='grc' dir='ltr'>μέν·</span> 
     </span>
    </p>
   </div>
   <div class='ocr_carea' id='block_1_93' title="bbox 1979 4478 3565 4564">
    <p class='ocr_par' dir='ltr' id='par_1_93' title="bbox 1993 4493 3565 4564">
     <span class='ocr_line' id='line_1_93' title="bbox 1993 4493 3565 4564; baseline 0.004 -18"><span class='ocrx_word' id='word_1_612' title='bbox 1993 4501 2107 4546; x_wconf 91' lang='lat' dir='ltr'><strong>tum</strong></span> <span class='ocrx_word' id='word_1_613' title='bbox 2140 4501 2394 4562; x_wconf 89' lang='lat' dir='ltr'><strong>poterant</strong></span> <span class='ocrx_word' id='word_1_614' title='bbox 2418 4495 2696 4547; x_wconf 87' lang='lat' dir='ltr'><strong>creabant.</strong></span> <span class='ocrx_word' id='word_1_615' title='bbox 2723 4495 2801 4546; x_wconf 81' lang='lat' dir='ltr'><strong>Ad</strong></span> <span class='ocrx_word' id='word_1_616' title='bbox 2829 4493 3292 4564; x_wconf 88' lang='lat' dir='ltr'><strong>Didymotichum,</strong></span> <span class='ocrx_word' id='word_1_617' title='bbox 3326 4497 3414 4552; x_wconf 86' lang='lat' dir='ltr'><strong>ubi</strong></span> <span class='ocrx_word' id='word_1_618' title='bbox 3444 4506 3565 4552; x_wconf 89' lang='lat' dir='ltr'><strong>erat</strong></span> 
     </span>
    </p>
   </div>
   <div class='ocr_carea' id='block_1_94' title="bbox 316 4571 1893 4649">
    <p class='ocr_par' dir='ltr' id='par_1_94' title="bbox 316 4571 1893 4649">
     <span class='ocr_line' id='line_1_94' title="bbox 316 4571 1893 4649; baseline -0.009 -14"><span class='ocrx_word' id='word_1_619' title='bbox 316 4599 406 4635; x_wconf 81' lang='grc' dir='ltr'><strong>τοι</strong></span> <span class='ocrx_word' id='word_1_620' title='bbox 438 4579 693 4649; x_wconf 79' lang='grc' dir='ltr'>Ῥωμαῖοι</span> <span class='ocrx_word' id='word_1_621' title='bbox 723 4576 870 4630; x_wconf 79' lang='grc' dir='ltr'>οὕτω</span> <span class='ocrx_word' id='word_1_622' title='bbox 893 4575 986 4629; x_wconf 80' lang='grc' dir='ltr'>τοῦ</span> <span class='ocrx_word' id='word_1_623' title='bbox 1017 4576 1283 4645; x_wconf 85' lang='grc' dir='ltr'>χειμῶνος</span> <span class='ocrx_word' id='word_1_624' title='bbox 1305 4573 1613 4627; x_wconf 82' lang='grc' dir='ltr'>διετέλεσαν</span> <span class='ocrx_word' id='word_1_625' title='bbox 1643 4571 1893 4640; x_wconf 77' lang='grc' dir='ltr'>ἀλλήλοις</span> 
     </span>
    </p>
   </div>
   <div class='ocr_carea' id='block_1_95' title="bbox 321 4663 1894 4737">
    <p class='ocr_par' dir='ltr' id='par_1_95' title="bbox 321 4663 1894 4737">
     <span class='ocr_line' id='line_1_95' title="bbox 321 4663 1894 4737; baseline -0.008 -11"><span class='ocrx_word' id='word_1_626' title='bbox 321 4669 735 4734; x_wconf 81' lang='grc' dir='ltr'>ἁντεπεξιόντες</span> <span class='ocrx_word' id='word_1_627' title='bbox 783 4669 877 4721; x_wconf 73' lang='grc' dir='ltr'><strong>καί</strong></span> <span class='ocrx_word' id='word_1_628' title='bbox 917 4667 1243 4737; x_wconf 80' lang='grc' dir='ltr'>βλάπτοντες</span> <span class='ocrx_word' id='word_1_629' title='bbox 1281 4666 1382 4719; x_wconf 82' lang='grc' dir='ltr'>ὅσα</span> <span class='ocrx_word' id='word_1_630' title='bbox 1407 4665 1632 4719; x_wconf 85' lang='grc' dir='ltr'>δυνατά.</span> <span class='ocrx_word' id='word_1_631' title='bbox 1662 4663 1894 4732; x_wconf 84' lang='grc' dir='ltr'>Διδυμο-</span> 
     </span>
    </p>
   </div>
   <div class='ocr_carea' id='block_1_96' title="bbox 319 4752 1897 4834">
    <p class='ocr_par' dir='ltr' id='par_1_96' title="bbox 319 4752 1897 4834">
     <span class='ocr_line' id='line_1_96' title="bbox 319 4752 1897 4834; baseline -0.009 -15"><span class='ocrx_word' id='word_1_632' title='bbox 319 4763 491 4834; x_wconf 83' lang='grc' dir='ltr'>τείχῳ</span> <span class='ocrx_word' id='word_1_633' title='bbox 519 4762 576 4814; x_wconf 76' lang='grc' dir='ltr'>δὲ</span> <span class='ocrx_word' id='word_1_634' title='bbox 629 4762 662 4830; x_wconf 81' lang='grc' dir='ltr'><strong>ή</strong></span> <span class='ocrx_word' id='word_1_635' title='bbox 703 4762 766 4814; x_wconf 85' lang='grc' dir='ltr'><strong>ἐκ</strong></span> <span class='ocrx_word' id='word_1_636' title='bbox 812 4759 1108 4822; x_wconf 81' lang='grc' dir='ltr'>Βυζαντίου</span> <span class='ocrx_word' id='word_1_637' title='bbox 1169 4758 1398 4827; x_wconf 84' lang='grc' dir='ltr'>στρατιὰ</span> <span class='ocrx_word' id='word_1_638' title='bbox 1451 4755 1706 4809; x_wconf 81' lang='grc' dir='ltr'>οὐδέποτε</span> <span class='ocrx_word' id='word_1_639' title='bbox 1750 4752 1897 4806; x_wconf 81' lang='grc' dir='ltr'>ἐτόλ-</span> 
     </span>
    </p>
   </div>
   <div class='ocr_carea' id='block_1_97' title="bbox 325 4846 1896 4928">
    <p class='ocr_par' dir='ltr' id='par_1_97' title="bbox 325 4846 1896 4928">
     <span class='ocr_line' id='line_1_97' title="bbox 325 4846 1896 4928; baseline -0.007 -20"><span class='ocrx_word' id='word_1_640' title='bbox 325 4872 507 4928; x_wconf 84' lang='grc' dir='ltr'>μησεν</span> <span class='ocrx_word' id='word_1_641' title='bbox 535 4851 964 4921; x_wconf 81' lang='grc' dir='ltr'>ἐπιστρατεῦσαι</span> <span class='ocrx_word' id='word_1_642' title='bbox 998 4849 1267 4920; x_wconf 85' lang='grc' dir='ltr'>παρόντος</span> <span class='ocrx_word' id='word_1_643' title='bbox 1299 4847 1586 4918; x_wconf 84' lang='grc' dir='ltr'>βασιλέως.</span> <span class='ocrx_word' id='word_1_644' title='bbox 1619 4848 1682 4900; x_wconf 85' lang='grc' dir='ltr'>Οί</span> <span class='ocrx_word' id='word_1_645' title='bbox 1712 4846 1896 4915; x_wconf 83' lang='grc' dir='ltr'>μέντοι</span> 
     </span>
    </p>
   </div>
   <div class='ocr_carea' id='block_1_98' title="bbox 323 4939 1898 5018">
    <p class='ocr_par' dir='ltr' id='par_1_98' title="bbox 323 4939 1898 5018">
     <span class='ocr_line' id='line_1_98' title="bbox 323 4939 1898 5018; baseline -0.008 -16"><span class='ocrx_word' id='word_1_646' title='bbox 323 4953 392 5002; x_wconf 74' lang='grc' dir='ltr'><strong>ἐκ</strong></span> <span class='ocrx_word' id='word_1_647' title='bbox 419 4945 834 5018; x_wconf 77' lang='grc' dir='ltr'>Τςερνομιάνου</span> <span class='ocrx_word' id='word_1_648' title='bbox 868 4943 1128 5014; x_wconf 82' lang='grc' dir='ltr'>φρουρίου</span> <span class='ocrx_word' id='word_1_649' title='bbox 1167 4942 1309 5003; x_wconf 64' lang='grc' dir='ltr'>τινος</span> <span class='ocrx_word' id='word_1_650' title='bbox 1359 4939 1421 4993; x_wconf 81' lang='grc' dir='ltr'>οὐ</span> <span class='ocrx_word' id='word_1_651' title='bbox 1447 4941 1640 5011; x_wconf 77' lang='grc' dir='ltr'>πόρρω</span> <span class='ocrx_word' id='word_1_652' title='bbox 1669 4939 1898 5007; x_wconf 76' lang='grc' dir='ltr'>Διδυμοο</span> 
     </span>
    </p>
   </div>
   <div class='ocr_carea' id='block_1_99' title="bbox 320 5028 1898 5109">
    <p class='ocr_par' dir='ltr' id='par_1_99' title="bbox 320 5028 1898 5109">
     <span class='ocr_line' id='line_1_99' title="bbox 320 5028 1898 5109; baseline -0.006 -17"><span class='ocrx_word' id='word_1_653' title='bbox 320 5039 509 5109; x_wconf 85' lang='grc' dir='ltr'>τείχου</span> <span class='ocrx_word' id='word_1_654' title='bbox 541 5035 875 5107; x_wconf 82' lang='grc' dir='ltr'>ᾠκισμένον,</span> <span class='ocrx_word' id='word_1_655' title='bbox 902 5035 963 5086; x_wconf 84' lang='grc' dir='ltr'>οὐ</span> <span class='ocrx_word' id='word_1_656' title='bbox 1007 5031 1191 5102; x_wconf 78' lang='grc' dir='ltr'>φαῦλά</span> <span class='ocrx_word' id='word_1_657' title='bbox 1227 5049 1350 5085; x_wconf 88' lang='grc' dir='ltr'>τινα</span> <span class='ocrx_word' id='word_1_658' title='bbox 1375 5031 1730 5101; x_wconf 75' lang='grc' dir='ltr'>λῃστεύοντες</span> <span class='ocrx_word' id='word_1_659' title='bbox 1763 5028 1898 5083; x_wconf 75' lang='grc' dir='ltr'>ἐκάε-</span> 
     </span>
    </p>
   </div>
   <div class='ocr_carea' id='block_1_100' title="bbox 322 5119 1898 5196">
    <p class='ocr_par' dir='ltr' id='par_1_100' title="bbox 322 5119 1898 5196">
     <span class='ocr_line' id='line_1_100' title="bbox 322 5119 1898 5196; baseline -0.008 -13"><span class='ocrx_word' id='word_1_660' title='bbox 322 5146 484 5184; x_wconf 83' lang='grc' dir='ltr'>κουν.</span> <span class='ocrx_word' id='word_1_661' title='bbox 516 5126 709 5196; x_wconf 81' lang='grc' dir='ltr'>Σχεδὸν</span> <span class='ocrx_word' id='word_1_662' title='bbox 742 5125 850 5195; x_wconf 78' lang='grc' dir='ltr'><strong>γὰρ</strong></span> <span class='ocrx_word' id='word_1_663' title='bbox 880 5124 941 5177; x_wconf 87' lang='grc' dir='ltr'><strong>ού</strong></span> <span class='ocrx_word' id='word_1_664' title='bbox 979 5122 1216 5177; x_wconf 85' lang='grc' dir='ltr'>διέλιπον</span> <span class='ocrx_word' id='word_1_665' title='bbox 1265 5122 1354 5175; x_wconf 77' lang='grc' dir='ltr'><strong>ἀεὶ</strong></span> <span class='ocrx_word' id='word_1_666' title='bbox 1400 5120 1595 5184; x_wconf 80' lang='grc' dir='ltr'>νυκτὸς</span> <span class='ocrx_word' id='word_1_667' title='bbox 1629 5120 1700 5173; x_wconf 69' lang='grc' dir='ltr'>τὰ</span> <span class='ocrx_word' id='word_1_668' title='bbox 1743 5119 1898 5190; x_wconf 84' lang='grc' dir='ltr'>τείχη</span> 
     </span>
    </p>
   </div>
   <div class='ocr_carea' id='block_1_101' title="bbox 324 5206 1901 5290">
    <p class='ocr_par' dir='ltr' id='par_1_101' title="bbox 324 5206 1901 5290">
     <span class='ocr_line' id='line_1_101' title="bbox 324 5206 1901 5290; baseline -0.007 -19"><span class='ocrx_word' id='word_1_669' title='bbox 324 5218 641 5290; x_wconf 77' lang='grc' dir='ltr'>περιῖόνεες</span> <span class='ocrx_word' id='word_1_670' title='bbox 678 5214 772 5268; x_wconf 76' lang='grc' dir='ltr'>καὶ</span> <span class='ocrx_word' id='word_1_671' title='bbox 794 5213 1148 5284; x_wconf 81' lang='grc' dir='ltr'>λῃστεύοντες</span> <span class='ocrx_word' id='word_1_672' title='bbox 1185 5206 1265 5276; x_wconf 75' lang='grc' dir='ltr'>οἷς</span> <span class='ocrx_word' id='word_1_673' title='bbox 1299 5211 1365 5266; x_wconf 79' lang='grc' dir='ltr'>ἂν</span> <span class='ocrx_word' id='word_1_674' title='bbox 1388 5210 1684 5281; x_wconf 86' lang='grc' dir='ltr'>ἐντύχοιεν.</span> <span class='ocrx_word' id='word_1_675' title='bbox 1709 5207 1901 5262; x_wconf 80' lang='grc' dir='ltr'>Ἐλάν-</span> 
     </span>
    </p>
   </div>
   <div class='ocr_carea' id='block_1_102' title="bbox 327 5301 1904 5376">
    <p class='ocr_par' dir='ltr' id='par_1_102' title="bbox 327 5301 1904 5376">
     <span class='ocr_line' id='line_1_102' title="bbox 327 5301 1904 5376; baseline -0.009 -12"><span class='ocrx_word' id='word_1_676' title='bbox 327 5311 497 5364; x_wconf 70' lang='grc' dir='ltr'>Θανον</span> <span class='ocrx_word' id='word_1_677' title='bbox 543 5308 602 5362; x_wconf 70' lang='grc' dir='ltr'>δὲ</span> <span class='ocrx_word' id='word_1_678' title='bbox 645 5307 711 5360; x_wconf 77' lang='grc' dir='ltr'>οὐ</span> <span class='ocrx_word' id='word_1_679' title='bbox 748 5305 816 5359; x_wconf 87' lang='grc' dir='ltr'><strong>δι’</strong></span> <span class='ocrx_word' id='word_1_680' title='bbox 855 5305 1146 5376; x_wconf 81' lang='grc' dir='ltr'>ὀλιγότητα</span> <span class='ocrx_word' id='word_1_681' title='bbox 1195 5306 1379 5374; x_wconf 85' lang='grc' dir='ltr'>μόνον,</span> <span class='ocrx_word' id='word_1_682' title='bbox 1406 5303 1544 5357; x_wconf 77' lang='grc' dir='ltr'>ἀλλὰ</span> <span class='ocrx_word' id='word_1_683' title='bbox 1573 5302 1666 5356; x_wconf 80' lang='grc' dir='ltr'>καὶ</span> <span class='ocrx_word' id='word_1_684' title='bbox 1704 5301 1773 5354; x_wconf 63' lang='grc' dir='ltr'>διῗ</span> <span class='ocrx_word' id='word_1_685' title='bbox 1799 5301 1904 5369; x_wconf 79' lang='grc' dir='ltr'>ἐμ-</span> 
     </span>
    </p>
   </div>
   <div class='ocr_carea' id='block_1_103' title="bbox 329 5391 1905 5471">
    <p class='ocr_par' dir='ltr' id='par_1_103' title="bbox 329 5391 1905 5471">
     <span class='ocr_line' id='line_1_103' title="bbox 329 5391 1905 5471; baseline -0.007 -14"><span class='ocrx_word' id='word_1_686' title='bbox 329 5401 558 5471; x_wconf 84' lang='grc' dir='ltr'>πειρίαν</span> <span class='ocrx_word' id='word_1_687' title='bbox 590 5415 605 5430; x_wconf 88' lang='grc'><strong>·</strong></span> <span class='ocrx_word' id='word_1_688' title='bbox 656 5395 797 5470; x_wconf 77' lang='grc' dir='ltr'>ἦσαν</span> <span class='ocrx_word' id='word_1_689' title='bbox 846 5397 954 5468; x_wconf 80' lang='grc' dir='ltr'>γὰρ</span> <span class='ocrx_word' id='word_1_690' title='bbox 1011 5398 1142 5469; x_wconf 78' lang='grc' dir='ltr'>περὶ</span> <span class='ocrx_word' id='word_1_691' title='bbox 1189 5397 1440 5468; x_wconf 80' lang='grc' dir='ltr'>λῃστείας</span> <span class='ocrx_word' id='word_1_692' title='bbox 1485 5393 1748 5450; x_wconf 81' lang='grc' dir='ltr'>κάλλιστα</span> <span class='ocrx_word' id='word_1_693' title='bbox 1780 5391 1905 5462; x_wconf 77' lang='grc' dir='ltr'>ἐξη-</span> 
     </span>
    </p>
   </div>
   <div class='ocr_carea' id='block_1_104' title="bbox 333 5485 1908 5566">
    <p class='ocr_par' dir='ltr' id='par_1_104' title="bbox 333 5485 1908 5566">
     <span class='ocr_line' id='line_1_104' title="bbox 333 5485 1908 5566; baseline -0.007 -18"><span class='ocrx_word' id='word_1_694' title='bbox 333 5494 629 5564; x_wconf 80' lang='grc' dir='ltr'>σκημένοι.</span> <span class='ocrx_word' id='word_1_695' title='bbox 685 5493 1140 5566; x_wconf 83' lang='grc' dir='ltr'>,Προλοχήσαντες</span> <span class='ocrx_word' id='word_1_696' title='bbox 1200 5491 1259 5544; x_wconf 73' lang='grc' dir='ltr'>δὲ</span> <span class='ocrx_word' id='word_1_697' title='bbox 1318 5493 1370 5543; x_wconf 73' lang='lat' dir='ltr'><strong>ot</strong></span> <span class='ocrx_word' id='word_1_698' title='bbox 1425 5491 1482 5542; x_wconf 86' lang='grc' dir='ltr'><strong>ἐν</strong></span> <span class='ocrx_word' id='word_1_699' title='bbox 1537 5485 1908 5557; x_wconf 80' lang='grc' dir='ltr'>Διδυμοτείχφ</span> 
     </span>
    </p>
   </div>
   <div class='ocr_carea' id='block_1_105' title="bbox 334 5575 1906 5654">
    <p class='ocr_par' dir='ltr' id='par_1_105' title="bbox 334 5575 1906 5654">
     <span class='ocr_line' id='line_1_105' title="bbox 334 5575 1906 5654; baseline -0.004 -16"><span class='ocrx_word' id='word_1_700' title='bbox 334 5584 699 5654; x_wconf 85' lang='grc' dir='ltr'>στρατιῶται,</span> <span class='ocrx_word' id='word_1_701' title='bbox 741 5585 864 5638; x_wconf 84' lang='grc' dir='ltr'>ἐπεὶ</span> <span class='ocrx_word' id='word_1_702' title='bbox 887 5584 1028 5637; x_wconf 73' lang='grc' dir='ltr'>κατὰ</span> <span class='ocrx_word' id='word_1_703' title='bbox 1057 5583 1118 5636; x_wconf 81' lang='grc' dir='ltr'>τὸ</span> <span class='ocrx_word' id='word_1_704' title='bbox 1140 5583 1332 5645; x_wconf 80' lang='grc' dir='ltr'>εἰωθὸς</span> <span class='ocrx_word' id='word_1_705' title='bbox 1353 5583 1434 5644; x_wconf 87' lang='grc' dir='ltr'><strong>είς</strong></span> <span class='ocrx_word' id='word_1_706' title='bbox 1461 5579 1717 5652; x_wconf 78' lang='grc' dir='ltr'>λῃστείαν</span> <span class='ocrx_word' id='word_1_707' title='bbox 1747 5575 1906 5640; x_wconf 86' lang='grc' dir='ltr'>αὖθις</span> 
     </span>
    </p>
   </div>
   <div class='ocr_carea' id='block_1_106' title="bbox 329 5670 1919 5746">
    <p class='ocr_par' dir='ltr' id='par_1_106' title="bbox 329 5670 1919 5746">
     <span class='ocr_line' id='line_1_106' title="bbox 329 5670 1919 5746; baseline -0.003 -18"><span class='ocrx_word' id='word_1_708' title='bbox 329 5670 499 5746; x_wconf 78' lang='grc' dir='ltr'>ἧκον,</span> <span class='ocrx_word' id='word_1_709' title='bbox 540 5676 785 5739; x_wconf 72' lang='grc' dir='ltr'>πλείονες</span> <span class='ocrx_word' id='word_1_710' title='bbox 834 5675 989 5737; x_wconf 70' lang='grc' dir='ltr'>ὄντες</span> <span class='ocrx_word' id='word_1_711' title='bbox 1041 5674 1151 5728; x_wconf 87' lang='grc' dir='ltr'><strong>τῶν</strong></span> <span class='ocrx_word' id='word_1_712' title='bbox 1195 5674 1412 5727; x_wconf 74' lang='grc' dir='ltr'>ἐπιέναι</span> <span class='ocrx_word' id='word_1_713' title='bbox 1465 5672 1756 5738; x_wconf 82' lang='grc' dir='ltr'>εἰωθότων,</span> <span class='ocrx_word' id='word_1_714' title='bbox 1805 5671 1919 5724; x_wconf 79' lang='grc' dir='ltr'>οὐκ-</span> 
     </span>
    </p>
   </div>
   <div class='ocr_carea' id='block_1_107' title="bbox 333 5763 1905 5838">
    <p class='ocr_par' dir='ltr' id='par_1_107' title="bbox 333 5763 1905 5838">
     <span class='ocr_line' id='line_1_107' title="bbox 333 5763 1905 5838; baseline -0.002 -19"><span class='ocrx_word' id='word_1_715' title='bbox 333 5765 555 5838; x_wconf 75' lang='grc' dir='ltr'>ὀλίγους</span> <span class='ocrx_word' id='word_1_716' title='bbox 586 5766 913 5821; x_wconf 79' lang='grc' dir='ltr'>ἀπέκτειναν</span> <span class='ocrx_word' id='word_1_717' title='bbox 947 5765 1148 5830; x_wconf 76' lang='grc' dir='ltr'>αὐτῶν,</span> <span class='ocrx_word' id='word_1_718' title='bbox 1203 5764 1298 5819; x_wconf 82' lang='grc' dir='ltr'><strong>τοῦ</strong></span> <span class='ocrx_word' id='word_1_719' title='bbox 1349 5764 1508 5836; x_wconf 84' lang='grc' dir='ltr'>λόχου</span> <span class='ocrx_word' id='word_1_720' title='bbox 1549 5763 1905 5827; x_wconf 81' lang='grc' dir='ltr'>ἀναστάντες.</span> 
     </span>
    </p>
   </div>
   <div class='ocr_carea' id='block_1_108' title="bbox 1995 4580 3566 4652">
    <p class='ocr_par' dir='ltr' id='par_1_108' title="bbox 1995 4580 3566 4652">
     <span class='ocr_line' id='line_1_108' title="bbox 1995 4580 3566 4652; baseline 0.006 -18"><span class='ocrx_word' id='word_1_721' title='bbox 1995 4581 2330 4650; x_wconf 85' lang='lat' dir='ltr'><strong>imperator,</strong></span> <span class='ocrx_word' id='word_1_722' title='bbox 2409 4580 2689 4652; x_wconf 83' lang='lat' dir='ltr'><strong>Byzantini</strong></span> <span class='ocrx_word' id='word_1_723' title='bbox 2783 4597 3062 4652; x_wconf 84' lang='lat' dir='ltr'><strong>nunquam</strong></span> <span class='ocrx_word' id='word_1_724' title='bbox 3141 4600 3205 4639; x_wconf 78' lang='lat' dir='ltr'><strong>se</strong></span> <span class='ocrx_word' id='word_1_725' title='bbox 3275 4588 3566 4644; x_wconf 80' lang='lat' dir='ltr'><strong>admovere</strong></span> 
     </span>
    </p>
   </div>
   <div class='ocr_carea' id='block_1_109' title="bbox 1995 4669 3566 4744">
    <p class='ocr_par' dir='ltr' id='par_1_109' title="bbox 1995 4669 3566 4744">
     <span class='ocr_line' id='line_1_109' title="bbox 1995 4669 3566 4744; baseline 0.004 -19"><span class='ocrx_word' id='word_1_726' title='bbox 1995 4673 2114 4727; x_wconf 85' lang='lat' dir='ltr'><strong>ausi</strong></span> <span class='ocrx_word' id='word_1_727' title='bbox 2155 4679 2307 4736; x_wconf 87' lang='lat' dir='ltr'><strong>sunt,</strong></span> <span class='ocrx_word' id='word_1_728' title='bbox 2353 4669 2668 4740; x_wconf 87' lang='lat' dir='ltr'><strong>quanquam</strong></span> <span class='ocrx_word' id='word_1_729' title='bbox 2697 4709 2711 4735; x_wconf 91' lang='lat'><strong>,</strong></span> <span class='ocrx_word' id='word_1_730' title='bbox 2773 4687 2838 4726; x_wconf 81' lang='lat' dir='ltr'><strong>ex</strong></span> <span class='ocrx_word' id='word_1_731' title='bbox 2862 4677 3112 4742; x_wconf 82' lang='lat' dir='ltr'><strong>proximo</strong></span> <span class='ocrx_word' id='word_1_732' title='bbox 3163 4679 3413 4744; x_wconf 80' lang='lat' dir='ltr'><strong>castello,</strong></span> <span class='ocrx_word' id='word_1_733' title='bbox 3476 4681 3566 4734; x_wconf 89' lang='lat' dir='ltr'><strong>cui</strong></span> 
     </span>
    </p>
   </div>
   <div class='ocr_carea' id='block_1_110' title="bbox 1997 4759 3566 4837">
    <p class='ocr_par' dir='ltr' id='par_1_110' title="bbox 1997 4759 3566 4837">
     <span class='ocr_line' id='line_1_110' title="bbox 1997 4759 3566 4837; baseline 0.004 -22"><span class='ocrx_word' id='word_1_734' title='bbox 1997 4775 2195 4815; x_wconf 90' lang='lat' dir='ltr'><strong>nomen</strong></span> <span class='ocrx_word' id='word_1_735' title='bbox 2245 4759 2692 4825; x_wconf 84' lang='lat' dir='ltr'><strong>Zernomianum,</strong></span> <span class='ocrx_word' id='word_1_736' title='bbox 2751 4761 3152 4831; x_wconf 86' lang='lat' dir='ltr'><strong>direptionibus</strong></span> <span class='ocrx_word' id='word_1_737' title='bbox 3208 4781 3315 4820; x_wconf 91' lang='lat' dir='ltr'><strong>non</strong></span> <span class='ocrx_word' id='word_1_738' title='bbox 3374 4783 3566 4837; x_wconf 89' lang='lat' dir='ltr'><strong>parum</strong></span> 
     </span>
    </p>
   </div>
   <div class='ocr_carea' id='block_1_111' title="bbox 1968 4852 3566 4931">
    <p class='ocr_par' dir='ltr' id='par_1_111' title="bbox 1968 4852 3566 4931">
     <span class='ocr_line' id='line_1_111' title="bbox 1968 4852 3566 4931; baseline 0.004 -24"><span class='ocrx_word' id='word_1_739' title='bbox 1968 4929 1970 4931; x_wconf 1' lang='grc' dir='ltr'><strong>ρ</strong></span> <span class='ocrx_word' id='word_1_740' title='bbox 1998 4852 2383 4907; x_wconf 79' lang='lat' dir='ltr'><strong>infestabatur.</strong></span> <span class='ocrx_word' id='word_1_741' title='bbox 2412 4853 2606 4907; x_wconf 81' lang='lat' dir='ltr'><strong>Fertne</strong></span> <span class='ocrx_word' id='word_1_742' title='bbox 2629 4854 2777 4907; x_wconf 89' lang='lat' dir='ltr'><strong>enim</strong></span> <span class='ocrx_word' id='word_1_743' title='bbox 2798 4855 2850 4907; x_wconf 95' lang='lat' dir='ltr'><strong>in</strong></span> <span class='ocrx_word' id='word_1_744' title='bbox 2884 4864 3075 4908; x_wconf 89' lang='lat' dir='ltr'><strong>noctes</strong></span> <span class='ocrx_word' id='word_1_745' title='bbox 3098 4857 3342 4926; x_wconf 81' lang='lat' dir='ltr'><strong>singulas</strong></span> <span class='ocrx_word' id='word_1_746' title='bbox 3368 4861 3566 4914; x_wconf 65' lang='lat' dir='ltr'><strong>muenia</strong></span> 
     </span>
    </p>
   </div>
   <div class='ocr_carea' id='block_1_112' title="bbox 1999 4945 3569 5021">
    <p class='ocr_par' dir='ltr' id='par_1_112' title="bbox 1999 4945 3569 5021">
     <span class='ocr_line' id='line_1_112' title="bbox 1999 4945 3569 5021; baseline 0.003 -21"><span class='ocrx_word' id='word_1_747' title='bbox 1999 4945 2287 5006; x_wconf 86' lang='lat' dir='ltr'><strong>obeuntes,</strong></span> <span class='ocrx_word' id='word_1_748' title='bbox 2317 4959 2438 5012; x_wconf 61' lang='lat' dir='ltr'><strong>quae</strong></span> <span class='ocrx_word' id='word_1_749' title='bbox 2478 4945 2856 5012; x_wconf 83' lang='lat' dir='ltr'><strong>inveniebant,</strong></span> <span class='ocrx_word' id='word_1_750' title='bbox 2889 4948 3234 5013; x_wconf 60' lang='lat' dir='ltr'><strong>auferebam,</strong></span> <span class='ocrx_word' id='word_1_751' title='bbox 3270 4965 3370 5002; x_wconf 90' lang='lat' dir='ltr'><strong>nec</strong></span> <span class='ocrx_word' id='word_1_752' title='bbox 3400 4966 3569 5021; x_wconf 86' lang='lat' dir='ltr'><strong>prop-</strong></span> 
     </span>
    </p>
   </div>
   <div class='ocr_carea' id='block_1_113' title="bbox 2001 5033 3569 5108">
    <p class='ocr_par' dir='ltr' id='par_1_113' title="bbox 2001 5033 3569 5108">
     <span class='ocr_line' id='line_1_113' title="bbox 2001 5033 3569 5108; baseline 0.005 -21"><span class='ocrx_word' id='word_1_753' title='bbox 2001 5041 2087 5087; x_wconf 86' lang='lat' dir='ltr'><strong>ter</strong></span> <span class='ocrx_word' id='word_1_754' title='bbox 2110 5034 2445 5104; x_wconf 87' lang='lat' dir='ltr'><strong>paucitatem</strong></span> <span class='ocrx_word' id='word_1_755' title='bbox 2488 5033 2674 5100; x_wconf 87' lang='lat' dir='ltr'><strong>modo,</strong></span> <span class='ocrx_word' id='word_1_756' title='bbox 2709 5036 2803 5088; x_wconf 87' lang='lat' dir='ltr'><strong>sed</strong></span> <span class='ocrx_word' id='word_1_757' title='bbox 2833 5051 2989 5089; x_wconf 83' lang='lat' dir='ltr'><strong>usum</strong></span> <span class='ocrx_word' id='word_1_758' title='bbox 3047 5037 3214 5090; x_wconf 84' lang='lat' dir='ltr'><strong>etiam</strong></span> <span class='ocrx_word' id='word_1_759' title='bbox 3269 5038 3569 5108; x_wconf 79' lang='lat' dir='ltr'><strong>fallebant;</strong></span> 
     </span>
    </p>
   </div>
   <div class='ocr_carea' id='block_1_114' title="bbox 2001 5125 3569 5195">
    <p class='ocr_par' dir='ltr' id='par_1_114' title="bbox 2001 5125 3569 5195">
     <span class='ocr_line' id='line_1_114' title="bbox 2001 5125 3569 5195; baseline 0.004 -14"><span class='ocrx_word' id='word_1_760' title='bbox 2001 5133 2169 5181; x_wconf 79' lang='lat' dir='ltr'><strong>erant</strong></span> <span class='ocrx_word' id='word_1_761' title='bbox 2189 5125 2456 5194; x_wconf 88' lang='lat' dir='ltr'><strong>siquidem</strong></span> <span class='ocrx_word' id='word_1_762' title='bbox 2495 5126 2547 5179; x_wconf 93' lang='lat' dir='ltr'><strong>in</strong></span> <span class='ocrx_word' id='word_1_763' title='bbox 2582 5127 2877 5195; x_wconf 65' lang='lat' dir='ltr'><strong>praedando</strong></span> <span class='ocrx_word' id='word_1_764' title='bbox 2909 5127 3080 5182; x_wconf 89' lang='lat' dir='ltr'><strong>multo</strong></span> <span class='ocrx_word' id='word_1_765' title='bbox 3110 5131 3569 5188; x_wconf 80' lang='lat' dir='ltr'><strong>exercitatissimi.</strong></span> 
     </span>
    </p>
   </div>
   <div class='ocr_carea' id='block_1_115' title="bbox 2003 5215 3572 5291">
    <p class='ocr_par' dir='ltr' id='par_1_115' title="bbox 2003 5215 3572 5291">
     <span class='ocr_line' id='line_1_115' title="bbox 2003 5215 3572 5291; baseline 0.002 -18"><span class='ocrx_word' id='word_1_766' title='bbox 2003 5218 2104 5274; x_wconf 84' lang='lat' dir='ltr'><strong>Ubi</strong></span> <span class='ocrx_word' id='word_1_767' title='bbox 2139 5215 2230 5283; x_wconf 30' lang='lat' dir='ltr'><strong>.ad</strong></span> <span class='ocrx_word' id='word_1_768' title='bbox 2260 5215 2614 5285; x_wconf 65' lang='lat' dir='ltr'><strong>praedandum</strong></span> <span class='ocrx_word' id='word_1_769' title='bbox 2671 5229 2824 5268; x_wconf 89' lang='lat' dir='ltr'><strong>more</strong></span> <span class='ocrx_word' id='word_1_770' title='bbox 2852 5231 2974 5280; x_wconf 81' lang='lat' dir='ltr'><strong>suo,</strong></span> <span class='ocrx_word' id='word_1_771' title='bbox 3025 5226 3079 5271; x_wconf 92' lang='lat' dir='ltr'><strong>et</strong></span> <span class='ocrx_word' id='word_1_772' title='bbox 3117 5219 3334 5285; x_wconf 87' lang='lat' dir='ltr'><strong>quidem</strong></span> <span class='ocrx_word' id='word_1_773' title='bbox 3387 5221 3572 5291; x_wconf 72' lang='lat' dir='ltr'><strong>plures</strong></span> 
     </span>
    </p>
   </div>
   <div class='ocr_carea' id='block_1_116' title="bbox 2003 5303 3571 5373">
    <p class='ocr_par' dir='ltr' id='par_1_116' title="bbox 2003 5303 3571 5373">
     <span class='ocr_line' id='line_1_116' title="bbox 2003 5303 3571 5373; baseline 0.003 -12"><span class='ocrx_word' id='word_1_774' title='bbox 2003 5306 2165 5361; x_wconf 89' lang='lat' dir='ltr'><strong>solito</strong></span> <span class='ocrx_word' id='word_1_775' title='bbox 2209 5304 2512 5368; x_wconf 90' lang='lat' dir='ltr'><strong>redierunt,</strong></span> <span class='ocrx_word' id='word_1_776' title='bbox 2570 5303 2772 5358; x_wconf 86' lang='lat' dir='ltr'><strong>milites</strong></span> <span class='ocrx_word' id='word_1_777' title='bbox 2819 5303 2964 5373; x_wconf 86' lang='lat' dir='ltr'><strong>apud</strong></span> <span class='ocrx_word' id='word_1_778' title='bbox 3012 5305 3452 5372; x_wconf 79' lang='lat' dir='ltr'><strong>Didymoticbum</strong></span> <span class='ocrx_word' id='word_1_779' title='bbox 3504 5325 3571 5365; x_wconf 80' lang='lat' dir='ltr'><strong>ex</strong></span> 
     </span>
    </p>
   </div>
   <div class='ocr_carea' id='block_1_117' title="bbox 2007 5395 3570 5468">
    <p class='ocr_par' dir='ltr' id='par_1_117' title="bbox 2007 5395 3570 5468">
     <span class='ocr_line' id='line_1_117' title="bbox 2007 5395 3570 5468; baseline 0.004 -16"><span class='ocrx_word' id='word_1_780' title='bbox 2007 5396 2218 5452; x_wconf 83' lang='lat' dir='ltr'><strong>insidiis</strong></span> <span class='ocrx_word' id='word_1_781' title='bbox 2267 5404 2713 5465; x_wconf 88' lang='lat' dir='ltr'><strong>prorumpentes,</strong></span> <span class='ocrx_word' id='word_1_782' title='bbox 2753 5395 2951 5451; x_wconf 88' lang='lat' dir='ltr'><strong>bonam</strong></span> <span class='ocrx_word' id='word_1_783' title='bbox 2981 5409 3192 5468; x_wconf 79' lang='lat' dir='ltr'><strong>partem</strong></span> <span class='ocrx_word' id='word_1_784' title='bbox 3229 5400 3570 5460; x_wconf 88' lang='lat' dir='ltr'><strong>occiderunt.</strong></span> 
     </span>
    </p>
   </div>
   <div class='ocr_carea' id='block_1_118' title="bbox 2007 5486 3573 5561">
    <p class='ocr_par' dir='ltr' id='par_1_118' title="bbox 2007 5486 3573 5561">
     <span class='ocr_line' id='line_1_118' title="bbox 2007 5486 3573 5561; baseline 0.004 -18"><span class='ocrx_word' id='word_1_785' title='bbox 2007 5488 2310 5557; x_wconf 87' lang='lat' dir='ltr'><strong>Imperator</strong></span> <span class='ocrx_word' id='word_1_786' title='bbox 2337 5486 2776 5552; x_wconf 72' lang='lat' dir='ltr'><strong>Cantacucenus,</strong></span> <span class='ocrx_word' id='word_1_787' title='bbox 2804 5489 2908 5543; x_wconf 80' lang='lat' dir='ltr'><strong>etsi</strong></span> <span class='ocrx_word' id='word_1_788' title='bbox 2933 5491 3210 5561; x_wconf 91' lang='lat' dir='ltr'><strong>principio</strong></span> <span class='ocrx_word' id='word_1_789' title='bbox 3241 5495 3386 5548; x_wconf 88' lang='lat' dir='ltr'><strong>veris</strong></span> <span class='ocrx_word' id='word_1_790' title='bbox 3431 5495 3573 5550; x_wconf 87' lang='lat' dir='ltr'><strong>Con-</strong></span> 
     </span>
    </p>
   </div>
   <div class='ocr_carea' id='block_1_119' title="bbox 2007 5578 3574 5654">
    <p class='ocr_par' dir='ltr' id='par_1_119' title="bbox 2007 5578 3574 5654">
     <span class='ocr_line' id='line_1_119' title="bbox 2007 5578 3574 5654; baseline 0.006 -22"><span class='ocrx_word' id='word_1_791' title='bbox 2007 5579 2399 5649; x_wconf 85' lang='lat' dir='ltr'><strong>stantinopolin</strong></span> <span class='ocrx_word' id='word_1_792' title='bbox 2422 5579 2694 5648; x_wconf 75' lang='lat' dir='ltr'><strong>cogitabat</strong></span> <span class='ocrx_word' id='word_1_793' title='bbox 2718 5578 2997 5646; x_wconf 87' lang='lat' dir='ltr'><strong>invadere,</strong></span> <span class='ocrx_word' id='word_1_794' title='bbox 3018 5589 3341 5654; x_wconf 84' lang='lat' dir='ltr'><strong>tentareque</strong></span> <span class='ocrx_word' id='word_1_795' title='bbox 3365 5601 3432 5641; x_wconf 84' lang='lat' dir='ltr'><strong>an</strong></span> <span class='ocrx_word' id='word_1_796' title='bbox 3454 5601 3574 5642; x_wconf 87' lang='lat' dir='ltr'><strong>eam</strong></span> 
     </span>
    </p>
   </div>
   <div class='ocr_carea' id='block_1_120' title="bbox 2009 5669 3580 5742">
    <p class='ocr_par' dir='ltr' id='par_1_120' title="bbox 2009 5669 3580 5742">
     <span class='ocr_line' id='line_1_120' title="bbox 2009 5669 3580 5742; baseline 0.004 -18"><span class='ocrx_word' id='word_1_797' title='bbox 2009 5678 2196 5740; x_wconf 84' lang='lat' dir='ltr'><strong>posset</strong></span> <span class='ocrx_word' id='word_1_798' title='bbox 2229 5669 2503 5739; x_wconf 76' lang='lat' dir='ltr'><strong>subigere,</strong></span> <span class='ocrx_word' id='word_1_799' title='bbox 2546 5669 2904 5726; x_wconf 79' lang='lat' dir='ltr'><strong>nihilominus</strong></span> <span class='ocrx_word' id='word_1_800' title='bbox 2935 5681 3052 5742; x_wconf 84' lang='lat' dir='ltr'><strong>Ipsa</strong></span> <span class='ocrx_word' id='word_1_801' title='bbox 3117 5673 3295 5730; x_wconf 88' lang='lat' dir='ltr'><strong>hieme</strong></span> <span class='ocrx_word' id='word_1_802' title='bbox 3345 5677 3411 5731; x_wconf 88' lang='lat' dir='ltr'><strong>ad</strong></span> <span class='ocrx_word' id='word_1_803' title='bbox 3462 5691 3580 5730; x_wconf 76' lang='lat' dir='ltr'><strong>ma-</strong></span> 
     </span>
    </p>
   </div>
   <div class='ocr_carea' id='block_1_121' title="bbox 2013 5758 3576 5833">
    <p class='ocr_par' dir='ltr' id='par_1_121' title="bbox 2013 5758 3576 5833">
     <span class='ocr_line' id='line_1_121' title="bbox 2013 5758 3576 5833; baseline 0.003 -20"><span class='ocrx_word' id='word_1_804' title='bbox 2013 5761 2277 5831; x_wconf 76' lang='lat' dir='ltr'><strong>gistratus</strong></span> <span class='ocrx_word' id='word_1_805' title='bbox 2293 5758 2723 5833; x_wconf 43' lang='lat' dir='ltr'><strong>.Adrianopoliin</strong></span> <span class='ocrx_word' id='word_1_806' title='bbox 2744 5762 2960 5819; x_wconf 82' lang='lat' dir='ltr'><strong>occulte</strong></span> <span class='ocrx_word' id='word_1_807' title='bbox 2993 5765 3180 5830; x_wconf 79' lang='lat' dir='ltr'><strong>mittit,</strong></span> <span class='ocrx_word' id='word_1_808' title='bbox 3217 5773 3271 5819; x_wconf 87' lang='lat' dir='ltr'><strong>et</strong></span> <span class='ocrx_word' id='word_1_809' title='bbox 3299 5765 3365 5818; x_wconf 87' lang='lat' dir='ltr'><strong>ad</strong></span> <span class='ocrx_word' id='word_1_810' title='bbox 3386 5765 3576 5820; x_wconf 86' lang='lat' dir='ltr'><strong>urbem</strong></span> 
     </span>
    </p>
   </div>
  </div>
