3880 6578
415 359 524 427 δἿθ

1587 361 1917 433 ΙΟᾼΝΝΙΞ

2058 361 2483 427 NTACUZENI
3561 369 3644 432 880

399 476 718 535 tradendam
742 492 839 534 eos
866 477 1109 534 allectat.
1138 477 1264 534 Dies
1299 493 1407 555 quo
1436 479 1611 533 veniat
1645 478 1950 548 praelinitur

2086 475 2353 541 Βασιλεὺς
2409 484 2465 532 δὲ
2492 479 2518 532 ὁ
2551 478 3006 550 Καντακουζηνδς
3029 478 3292 533 διενοεῖτο
3329 477 3433 548 μὲν
3460 477 3531 543 ὡς
3553 481 3644 550 ἃμα

398 571 495 626 Ille
555 580 845 642 assumpto
898 571 1144 628 exercitu
1200 572 1266 625 ad
1334 571 1468 626 abas
1519 571 1766 627 Thracia:
1820 572 1982 626 urbes

396 665 602 720 iturum
670 664 903 734 illasque
955 665 1312 720 obsessurum
1358 665 1587 735 fingens,
1624 681 1692 720 ne
1764 667 1858 735 qui
1914 666 1983 720 ab

381 759 643 825 Augusta
681 755 922 820 stabant,
953 756 1213 811 infestum
1247 758 1366 826 ejus
1397 772 1681 812 accessum
1713 755 1982 811 Adriano-

398 848 568 916 polim
600 847 952 911 nuntiarent,
985 862 1148 917 supra
1177 847 1442 912 Hebrum,
1473 857 1533 902 ut
1566 848 1830 916 pastridie
1872 849 1977 901 ιιιὶ-

393 937 409 990 l
441 946 547 990 tetn
579 936 1030 1000 transducturus,
1067 945 1243 992 castra
1282 937 1431 992 facit.
1467 936 1630 990 Mittit
1658 952 1880 1007 quoque
1909 936 1976 992 ad

321 1007 324 1016 Ι
393 1029 716 1084 l’inceruam
743 1028 1160 1093 consobrinum,
1200 1030 1443 1098 quicum
1473 1030 1780 1084 millenario
1813 1032 1975 1085 Pam-

391 1121 604 1190 philum
643 1121 921 1184 servabat,
964 1129 1019 1176 et
1044 1137 1226 1176 arcem
1267 1137 1392 1176 cum
1424 1121 1547 1177 aliis
1570 1123 1752 1192 gravis
1791 1138 1972 1176 arma-

393 1223 530 1267 tura:
555 1227 616 1268 ac
635 1212 935 1282 sagittariis
978 1223 1234 1268 centum:
1260 1214 1502 1280 mandat,
1536 1223 1596 1268 ut
1620 1215 1806 1270 relicta
1831 1215 1976 1272 arcis

389 1305 659 1366 Cttstodia,
691 1314 748 1359 et
786 1320 854 1359 ex
889 1306 1136 1374 equitatu
1192 1307 1471 1369 trecentis,
1502 1307 1596 1376 qui
1659 1305 1973 1361 inferiorem

389 1395 581 1449 urbem
611 1404 924 1460 tuerentur,
959 1412 1083 1451 cum
1107 1407 1306 1454 caetero
1331 1400 1547 1470 agmine
1576 1398 1642 1454 ad
1666 1414 1724 1454 se
1749 1399 1970 1466 veniat;

385 1485 553 1558 449
577 1502 800 1542 causam
839 1487 1064 1558 insuper
1087 1489 1275 1555 addit,
1319 1506 1420 1545 cur
1453 1505 1580 1545 eum
1619 1499 1803 1545 vocet.
1841 1491 1972 1545 Pin-

385 1592 556 1630 cei‘na
598 1577 857 1646 Opinatus
891 1577 1067 1632 solum
1090 1579 1232 1633 arcis
1259 1581 1574 1648 praesidium
1605 1581 1726 1636 urbi
1753 1597 1972 1636 servan-

386 1673 469 1720 da:
495 1668 772 1734 sufficere,
817 1683 941 1722 cum
981 1677 1096 1723 toto
1123 1669 1372 1738 equitatu
1405 1669 1582 1726 adest.
1613 1669 1751 1724 Cum
1786 1680 1970 1726 autem

393 1774 494 1828 per
541 1767 756 1814 noctem
792 1760 940 1813 illam
990 1760 1192 1815 Boreas
1246 1761 1515 1832 spirasset
1557 1765 1966 1829 vehementius,

2085 563 2179 638 ἧρι
2209 569 2489 639 Βυζαντίῳ
2539 570 3011 640 ἐπιστρατεύσων,
3041 571 3138 623 καὶ
3181 572 3575 642 πειρασόμενος
3600 577 3640 626 ιι

2084 661 2302 714 δύναιτο
2332 662 2514 730 ἐαυτῷ
2546 662 2832 716 ύποποιεϊν
2858 679 2872 692 ·
2906 664 3056 733 ὅμως
3096 661 3192 718 τοῦ
3230 665 3507 734 χειμῶνος
3544 669 3640 730 τοῖς

2087 751 2144 804 ἐν
2205 750 2649 820 Ἀδριανουπόλει
2725 753 2955 823 ἄρχουσι
3021 755 3410 824 προσπέμπων
3482 757 3646 825 κρύφα

2085 841 2182 893 καὶ
2215 841 2622 914 διαλεγόμενος,
2650 841 2839 896 ἔπεισε
2865 845 2966 910 τὴν
2995 842 3148 896 πόλιν
3173 844 3525 915 ἐγχειρίζειν.
3554 848 3644 900 Καὶ
3670 858 3675 862 ”

2082 932 2206 984 ἐπεὶ
2253 921 2564 986 συντέθειτο
2610 933 2794 1004 ἡμέρα
2837 933 2960 988 καθ’
2992 934 3058 1004 ἦν
3110 934 3216 988 ἔδει
3263 936 3534 1002 ἐπελθεῖν,
3562 939 3646 1007 τὴν

2081 1021 2247 1076 οὖσαν
2298 1026 2561 1094 στρατιὰν
2613 1026 2968 1095 παραλαϐὼν,
3013 1026 3106 1080 καὶ
3143 1029 3646 1099 προσποιησάμενος

2080 1117 2164 1184 ἐφ’
2193 1116 2386 1186 ἐτέρας
2408 1117 2507 1186 τῆς
2533 1118 2757 1189 Θρᾴκης
2788 1118 3090 1187 βαδιεῖσθαι
3125 1119 3315 1182 πόλεις
3343 1120 3426 1183 ὡς
3451 1122 3650 1194 πολιορ-

2078 1209 2266 1277 κήσων
2305 1209 2391 1262 ἵνα
2429 1211 2504 1280 μὴ
2540 1211 2646 1264 ὑπό
2672 1228 2768 1264 του
2795 1212 2905 1264 τῶν
2949 1210 3019 1265 τὰ
3071 1212 3345 1282 βασιλίδος
3373 1215 3649 1285 ᾑρημένων

2078 1299 2218 1368 πρὸς
2265 1298 2365 1370 τὴν
2423 1300 2706 1371 Ἀδριανοῦ
2757 1303 2790 1372 ἡ
2840 1301 3031 1371 ἔφοδος
3087 1305 3328 1374 μηνυθῇ,
3377 1305 3531 1374 παρὰ
3569 1307 3648 1360 τὸν

2053 1389 2283 1460 ιἜϐρον
2317 1393 2816 1463 ἐστρατοπέδευσεν
2845 1393 2921 1457 ὡς
2964 1396 3415 1466 περαιωσάμενος
3452 1399 3531 1460 είς
3561 1397 3647 1468 τὴν

2077 1482 2398 1552 ὑστεραίαν.
2447 1483 2679 1555 Πέμψας
2739 1485 2796 1539 δέ
2846 1486 2944 1539 καὶ
3005 1487 3145 1559 πρὸς
3202 1489 3520 1559 Πιγκέρνην
3568 1491 3646 1543 τὸν

2073 1574 2318 1644 ἀνεψιὸν,
2375 1573 2436 1629 τὸ
2502 1577 2802 1647 Πάμφυλον
2863 1577 2984 1645 ἅμα
3045 1579 3242 1649 χιλίοις
3309 1580 3643 1651 φρουροῦντα

2074 1666 2461 1734 στρατιώταις,
2491 1668 2592 1737 τήν
2619 1685 2678 1721 τε
2711 1669 3010 1742 ἀκρόπολιν
3038 1671 3251 1742 ἑτέροις
3284 1672 3538 1734 ὁπλίταις
3562 1675 3646 1726 καὶ

2072 1755 2250 1826 ψιλοῖς
2277 1757 2520 1822 τοξόταις
2545 1760 2768 1824 ἑκατὸν,
2801 1762 3024 1816 ἐκέλευε
3048 1764 3148 1834 τὴν
3181 1766 3242 1816 ἐν
3265 1767 3338 1834 τῇ
3363 1764 3644 1833 ἀκροπόλει

384 1849 630 1902 ιιιιιιοιιιο
668 1849 871 1904 ﬂumen
897 1850 1240 1921 conglaciare
1289 1852 1579 1923 incipiens,
1615 1854 1757 1909 intra
1804 1854 1954 1911 breve

2073 1853 2318 1922 φρουρὰν
2367 1852 2763 1921 καταλιπόντα,
2792 1856 2888 1908 καὶ
2916 1857 3016 1926 τῆς
3056 1860 3328 1927 στρατιᾶς
3348 1858 3455 1924 τῆς
3499 1859 3640 1912 ἱππι-

385 1954 607 2013 tempus
640 1951 812 1997 totum
838 1943 1042 2015 frigore
1074 1945 1341 2001 constitit.
1367 1945 1558 2016 Neque
1583 1957 1768 2003 tamen
1816 1950 1960 2006 adeo

381 2035 537 2088 firma
584 2052 650 2091 ac
698 2037 866 2090 densa
920 2044 1038 2091 erat
1069 2036 1300 2106 glacies,
1360 2051 1420 2091 ut
1454 2047 1680 2107 portare
1722 2041 1967 2111 equitem

380 2140 586 2203 posset,
626 2147 724 2187 nec
754 2133 1034 2187 consuetis
1075 2131 1394 2188 actuariolis
1431 2135 1725 2192 ttansitnm
1756 2138 1963 2205 praebe-

379 2224 494 2288 bat,
526 2224 622 2277 sed
643 2222 713 2277 ad
741 2225 884 2279 istuc
914 2225 1126 2290 durior,
1154 2225 1219 2277 ad
1247 2238 1421 2294 equos
1452 2239 1588 2280 vero
1617 2226 1966 2282 sustinendos

379 2315 624 2382 fragilior
675 2316 1019 2385 apparebat:
1064 2331 1188 2385 quae
1241 2332 1328 2371 res
1382 2317 1612 2371 multam
1647 2321 1961 2376 transeundi

380 2404 786 2460 dubitationem
843 2399 1256 2460 habebat.'Per
1297 2408 1415 2461 dies
1465 2408 1649 2478 itaque
1679 2409 1963 2467 duodenos

379 2492 680 2562 imperator
727 2493 799 2547 ibi
835 2494 885 2546 in
929 2494 1141 2554 stativis
1181 2499 1403 2558 mansit,
1442 2506 1766 2566 exspectans
1791 2499 1962 2568 siquo

381 2586 544 2640 modo
577 2587 802 2639 daretur
831 2584 1075 2640 Hebrum
1105 2588 1500 2642 transmittere.
1545 2586 1601 2641 In
1641 2587 1726 2644 bis
1764 2589 1962 2644 Adria-

381 2676 620 2746 ii0p02im
653 2677 914 2748 Byzantio
961 2678 1419 2747 supervenientes
1448 2680 1692 2734 sexcenti
1736 2682 1959 2749 milites,

379 2786 496 2824 rem
532 2770 936 2824 disturbarunt.
970 2769 1039 2825 At
1062 2769 1357 2840 Pamphili,
1389 2773 1648 2840 quoniam
1691 2774 1958 2829 Pincerna

377 2875 504 2917 cum
521 2852 698 2931 copiis
713 2876 821 2915 nou
841 2861 1048 2938 aderat,
1063 2876 1174 2930 prae
1189 2861 1390 2931 quibus
1403 2862 1663 2932 oppidani
1677 2865 1957 2934 quippiam

381 2956 506 3011 novi
540 2960 750 3010 tentare
780 2952 1125 3020 metuebant,
1162 2955 1316 3022 prius
1351 2955 1676 3022 quibusdam
1715 2971 1745 3009 e
1771 2956 1956 3024 prasi-

381 3050 472 3103 dio
501 3046 731 3116 pecunia
767 3053 1053 3098 numerata
1088 3045 1394 3112 corruptis,
1443 3052 1499 3099 et
1548 3059 1616 3099 eo
1654 3045 1952 3115 perpulsis,

378 3149 438 3194 ut
456 3153 584 3192 vasa
604 3137 745 3192 clam
763 3142 1117 3199 evacuarent,
1139 3134 1194 3188 in
1221 3133 1423 3203 quibus
1449 3149 1646 3204 aquam
1669 3143 1723 3188 et
1743 3136 1949 3199 viuum,

376 3241 433 3284 et
457 3230 501 3294 si
535 3228 666 3298 quid
717 3227 862 3281 aliud
920 3225 1174 3295 potabilr,
1211 3227 1505 3280 servabant
1533 3231 1663 3295 (non
1707 3225 1854 3280 enim
1885 3241 1950 3280 ex

379 3330 549 3392 puteo
577 3317 796 3372 haurire
824 3317 1043 3396 licebat,
1073 3326 1362 3387 postquam
1397 3315 1501 3370 sibi
1524 3313 1697 3370 factas
1723 3316 1950 3371 insidias

376 3411 718 3479 audit-rant),
759 3413 1016 3465 custodes
1079 3410 1223 3463 arcis
1279 3409 1445 3464 simul
1473 3417 1583 3464 tota
1612 3412 1741 3465 urbs
1774 3425 1952 3480 oppu-

375 3517 523 3577 gnat,
559 3512 1012 3572 expugnatosque
1052 3510 1106 3555 et
1135 3500 1476 3555 intoleranda
1510 3501 1603 3556 siti
1656 3517 1950 3571 oppressos

376 3596 443 3646 ad
464 3594 795 3647 deditionem
831 3590 1018 3660 adigit,
1051 3604 1116 3643 ac
1151 3599 1262 3644 trcs
1285 3604 1476 3643 eorum
1517 3591 1687 3646 duces
1712 3593 1943 3657 vinctos,

375 3699 501 3738 cum
528 3690 642 3736 toto
672 3679 927 3750 praesidio
959 3682 1027 3733 ad
1055 3687 1356 3748 Augustam
1385 3680 1712 3752 Byzantium
1743 3683 1943 3752 mittitj;

371 3791 514 3845 quos
546 3773 789 3845 Byzantii
831 3771 1231 3826 contumeliose
1276 3779 1536 3825 tractatos
1579 3780 1633 3827 et
1686 3774 1945 3827 omnibus

373 3868 624 3922 dacteriis
658 3866 929 3919 l..ceratos
960 3865 1012 3917 in
1037 3879 1328 3932 carcerem
1351 3862 1639 3917 dederunt.
1682 3863 1742 3918 ln
1779 3865 1947 3934 impe-

372 3967 610 4012 ratorem
643 3970 867 4026 quoque
895 3954 1339 4010 Cantacuzenum
1383 3969 1442 4009 se
1466 3954 1718 4025 improbe
1742 3954 1942 4025 fgesse-

373 4061 522 4114 runt,
554 4066 583 4104 ιι
621 4049 768 4103 nulla
825 4046 1118 4101 verborum
1169 4046 1474 4115 petulantia
1532 4053 1941 4116 temperantes,

370 4154 544 4209 eoque
591 4135 904 4192 stoliditatis
954 4135 1230 4205 progressi
1282 4144 1430 4198 sunt,
1491 4143 1554 4189 ut
1618 4137 1662 4190 si
1720 4137 1942 4206 quando

368 4229 607 4285 Joannes
641 4227 944 4295 imperator
1003 4225 1325 4279 adolescens
1358 4239 1388 4278 e
1428 4225 1629 4294 palatio
1671 4227 1738 4282 ad
1773 4228 1940 4282 animi

373 4315 838 4374 oblectamentum
889 4317 1148 4386 quapiam
1190 4316 1436 4385 prodiret
1476 4316 1568 4385 (ob
1601 4326 1816 4372 aetatem
1872 4321 1945 4374 si-

366 4411 589 4480 quidem
632 4412 1002 4470 immaturam,
1053 4407 1284 4474 publica:
1312 4406 1390 4459 rei
1441 4407 1576 4461 nihil
1619 4410 1938 4479 attingebat,

2073 1942 2175 2011 κῆς
2205 1944 2579 2013 τριακοσίους,
2615 1944 2759 2000 ὥστε
2806 1949 3072 2019 φρουρεῖν
3116 1950 3218 2017 τὴν
3270 1951 3431 2004 κάτω
3474 1951 3638 2012 πόλιν,

2067 2034 2195 2096 τοὺς
2228 2034 2455 2099 λοιποὺς
2493 2035 2858 2103 ἀναλαϐόντα,
2887 2040 3049 2108 ἦκειν
3078 2039 3217 2108 πρὸς
3244 2040 3434 2106 αὐτὸν,
3468 2040 3640 2109 ἐδήλου

2065 2121 2123 2176 δέ
2155 2126 2251 2178 καὶ
2282 2123 2382 2194 τὴν
2420 2125 2600 2203 αἰτίαν
2646 2122 2712 2197 ἧς
2750 2128 2916 2182 ἕνεκα
2956 2128 3201 2183 καλοῖτο.
3245 2128 3306 2183 ⁸0
3345 2129 3397 2182 δ’
3441 2132 3638 2200 ἡγησά-

2070 2231 2230 2282 μενος
2261 2215 2360 2284 τὴν
2391 2219 2451 2269 ἐν
2480 2219 2544 2286 τῇ
2587 2218 2888 2288 ἀκροπόλει
2915 2220 3088 2290 μόνην
3109 2223 3363 2291 φρουρὰν
3390 2222 3639 2291 ἀρκέσειν

2067 2306 2206 2374 πρὸς
2232 2307 2573 2378 κατάσχεσιν
2605 2310 2704 2379 τῆς
2740 2310 2972 2377 πόλεως,
2995 2313 3125 2375 τοὺς
3161 2314 3369 2377 ἱππέας
3403 2315 3639 2376 ἅπαντας

2067 2395 2427 2467 παραλαϐὼν,
2454 2396 2590 2470 ἧκεν
2615 2400 2693 2464 ὡς
2717 2400 2966 2470 βασιλέα.
3010 2403 3124 2473 Τῆς
3153 2405 3327 2474 αὐτῆς
3362 2406 3426 2459 δὲ
3453 2406 3636 2471 νυκτὸς

2063 2491 2158 2544 τοῦ
2201 2493 2376 2561 Βορέα
2409 2494 2746 2558 πνεύσαντος
2771 2495 3130 2567 δριμύτερον,
3157 2497 3255 2566 ἅμ’
3288 2500 3479 2572 ἡμέρα
3511 2517 3635 2572 κρυ-

2065 2581 2392 2635 σταλοῦσθαι
2437 2583 2638 2654 ἤρχετο
2682 2587 2710 2638 ὁ
2768 2587 3039 2655 ποταμὸς,
3089 2587 3183 2640 καὶ
3214 2587 3384 2658 ὀλίγῳ
3417 2589 3635 2658 ὕστερον

2061 2675 2208 2741 ἅπας
2254 2678 2559 2746 διεφαίνετο
2622 2679 3056 2750 κρυσταλωθείς.
3108 2681 3248 2734 Οὖτε
3290 2681 3349 2734 δὲ
3380 2683 3631 2735 τοσοῦτον

2061 2762 2174 2838 εἶχε
2227 2771 2590 2841 στερρότητος
2628 2772 2657 2823 ὁ
2701 2772 2900 2839 πάγος,
2931 2771 3073 2824 ὥστε
3109 2773 3329 2841 στέγειν
3368 2775 3499 2837 τοὺς
3545 2775 3630 2826 ιπ-

2061 2858 2200 2920 πέας
2229 2859 2318 2912 ἐπ’
2350 2860 2514 2914 αὐτὸν
2556 2862 3017 2931 περαιουμένους,
3041 2860 3165 2915 οὔτε
3199 2866 3316 2926 τοῖς
3347 2863 3630 2934 συνήθεσιν

2058 2952 2305 3014 ἀκατίοις
2353 2953 2491 3022 πρὸς
2545 2953 2637 3008 τὸν
2694 2955 2866 3024 πόρον
2913 2954 3088 3007 δίοδον
3143 2957 3440 3025 παρεῖχεν,
3502 2956 3630 3009 ἀλλὰ

2057 3042 2150 3097 τοῦ
2183 3043 2304 3115 μὲν,
2340 3045 2699 3115 στερρότερος
2729 3043 3006 3114 ἐφαίνετο,
3053 3045 3146 3097 τοῦ
3179 3047 3400 3113 στέγειν
3426 3045 3483 3099 δὲ
3512 3046 3629 3108 τοὺς

2059 3135 2279 3202 ἵππους,
2338 3135 2756 3205 ἀδρανέστερος.
2822 3136 2913 3186 Διὸ
2975 3140 3068 3188 καὶ
3123 3135 3364 3203 ἀπορίαν
3427 3134 3624 3206 πολλὴν

2055 3227 2284 3296 παρεῖχε
2345 3225 2479 3294 πρὸς
2539 3225 2631 3278 τὸν
2689 3225 2879 3294 πόρον.
2949 3227 3292 3280 Δυοκαίδεκα
3371 3228 3473 3295 μὲν
3539 3221 3624 3279 οὖν

2053 3317 2542 3387 ἐστρατοπεδεύετο
2569 3317 2733 3369 ἐκεῖὸ
2760 3317 3015 3386 βασιλεὺς
3045 3318 3282 3388 ἡμέρας,
3313 3318 3623 3388 περιμένων

2053 3403 2100 3454 εί
2147 3405 2336 3473 τρόπῳ
2364 3404 2429 3472 δή
2478 3421 2585 3457 τινι
2637 3406 2917 3472 ἐγγένοιτο
2962 3405 3055 3458 τὸν
3103 3406 3307 3474 Ἕϐρον
3348 3406 3615 3477 διαϐῆναι.

2062 3495 2151 3547 Ἐν
2199 3497 2425 3558 ταύταις
2475 3498 2532 3550 δὲ
2565 3500 2631 3550 ἐκ
2664 3497 2966 3561 Βυζαντίου
3007 3501 3074 3570 τῇ
3113 3499 3404 3569 Ἀδριανοῦ
3439 3501 3616 3567 ἐπιγε-

2049 3587 2265 3656 νόμενοι
2335 3587 2666 3656 στρατιῶται
2751 3589 3025 3654 ἑξακόσιοι
3109 3589 3207 3659 τὴν
3278 3592 3617 3662 ἐπιχείρησιν

2048 3680 2352 3746 ἀφείλοντο.
2398 3681 2486 3731 Ἐν
2542 3681 2818 3750 Παμφίλῳ
2871 3681 2926 3733 δὲ
2978 3683 3099 3733 ἐπεὶ
3129 3685 3156 3733 ὁ
3202 3683 3514 3754 Πιγκέρνης
3558 3685 3613 3736 οὐ

2049 3771 2252 3840 παρῆν,
2289 3771 2432 3839 έχων
2476 3772 2577 3841 τὴν
2625 3774 2894 3842 στρατιὰν
2937 3774 3005 3844 ἢν
3037 3777 3237 3828 ἐκεῖνοι
3285 3775 3614 3828 ἐδεδοίκεσαν

2048 3865 2414 3932 νεωτερίζειν,
2447 3867 2712 3935 πρότερον
2743 3868 2852 3918 τῶν
2881 3867 3138 3936 φρουρῶν
3176 3884 3335 3930 τινας
3371 3869 3610 3937 χρήμασι

2046 3955 2503 4026 διαφθείραντες,
2562 3960 2656 4010 καὶ
2713 3958 3004 4021 πείσαντες
3060 3960 3128 4012 τὰ
3187 3961 3388 4027 ἀγγεῖα
3446 3959 3610 4026 λάθρα

2045 4047 2331 4110 ἐκκενοῦν,
2358 4049 2417 4100 ἐν
2456 4043 2540 4110 οἷς
2591 4048 2734 4118 ὕδωρ
2780 4050 2970 4113 αὐτοῖς
3011 4049 3105 4102 καὶ
3151 4045 3317 4114 οἶνος,
3353 4053 3448 4104 καὶ
3481 4050 3535 4102 ετ
3561 4067 3608 4102 τι

2045 4136 2234 4206 ἕτερον
2282 4137 2448 4208 ὑγρὸν
2498 4138 2635 4206 πρὸς
2685 4138 2846 4191 πόσιν
2891 4138 3252 4208 ἐφυλάττετο,
3303 4141 3368 4193 ού
3415 4141 3518 4210 γὰρ
3551 4143 3608 4192 ἐκ

2045 4229 2229 4298 πηγῆς
2269 4227 2537 4299 ἀρύεσθαι
2586 4230 2734 4299 ἐνῆν,
2763 4229 2840 4294 ὡς
2875 4230 3145 4283 ἐπύθοντο
3174 4231 3488 4301 ἠνυσμένην
3515 4231 3606 4300 τὴν

2043 4319 2356 4389 ἐπιϐουλὴν,
2380 4319 2618 4388 πόλεμον
2655 4320 2791 4388 πρὸς
2838 4320 2963 4382 τοὺς
3009 4321 3064 4372 ἐν
3109 4321 3412 4392 ἀκροπόλει
3447 4338 3605 4393 φροσιο
3652 4334 3659 4343 ·

2047 4408 2173 4477 ροὺς
2210 4413 2364 4478 κοινῇ
2411 4411 2566 4462 πᾶσα
2603 4411 2636 4478 ἡ
2683 4411 2837 4472 πόλις
2885 4409 3267 4480 ἀναιροῦνται.
3311 4414 3420 4467 Καὶ
3450 4416 3602 4465 ἐκποο

370 4499 592 4572 quando
652 4506 806 4565 patre
859 4496 1129 4550 moriente
1184 4511 1292 4550 non
1334 4497 1462 4566 plus
1517 4513 1715 4554 novem
1769 4516 1940 4558 annos

2058 4500 2435 4568 ttopxt'jcavrec
2481 4500 2540 4550 ὲν
2589 4498 2821 4562 ταύταις
2869 4503 2991 4563 ταῖς
3036 4502 3299 4570 ἡμέραις,
3339 4505 3603 4571 παρεστή-

366 4602 534 4649 natus
565 4590 724 4660 erat),
751 4589 1022 4660 prmmissi
1058 4588 1280 4658 quidam
1311 4591 1380 4646 ab
1403 4590 1468 4644 iis
1495 4592 1589 4660 qui
1621 4592 1686 4646 ad
1723 4593 1938 4648 clavum

368 4681 654 4745 sedebant,
688 4679 921 4734 feminas
946 4679 1100 4749 juxta
1139 4692 1202 4733 ac
1238 4680 1384 4734 viros
1433 4681 1749 4750 incitabant,
1793 4691 1852 4738 ut
1877 4699 1942 4738 eo

367 4783 687 4828 transeunte
716 4770 1001 4840 complura
1057 4771 1332 4840 longeque
1373 4773 1692 4842 turpissima
1725 4776 1777 4829 in
1803 4774 1944 4831 Can-

367 4875 697 4918 tucuzenum
743 4859 1032 4914 maledicta
1063 4871 1401 4916 evomerent.
1447 4863 1511 4918 Et
1537 4865 1640 4919 boc
1681 4875 1939 4936 tanquam

349 4953 666 5021 ‘jucundum
717 4967 918 5005 munus
969 4952 1285 5021 imperatori
1317 4968 1487 5021 puero
1533 4955 1851 5010 oll'erebant.
1879 4957 1940 5011 ln

364 5048 520 5102 hisce
587 5058 754 5116 porro
832 5043 1190 5098 contumeliis
1239 5043 1404 5097 ctiam
1472 5043 1577 5099 hoc
1629 5047 1731 5100 sibi
1761 5046 1939 5113 uole-

363 5139 501 5193 bant
565 5140 675 5204 (ut
741 5135 942 5204 populo
993 5135 1254 5205 majorem
1332 5136 1584 5190 timorem
1636 5137 1938 5205 jingeuera-

372 5229 540 5297 rent),
569 5229 1029 5290 Cantacnzenum,
1066 5229 1108 5280 si
1139 5227 1405 5289 vinceret,
1428 5227 1687 5280 atrociter
1711 5227 1938 5297 injurias

366 5327 816 5392 persecuturum,
875 5317 928 5372 id
981 5315 1128 5385 quod
1181 5317 1290 5370 illis
1323 5307 1389 5370 ex
1428 5317 1698 5371 sententia
1736 5319 1936 5372 evenit.

365 5410 558 5467 Omnis
591 5422 822 5474 namque
852 5406 1101 5479 populus,
1140 5421 1248 5473 quo
1280 5405 1453 5472 magis
1487 5404 1808 5469 insaniebat,
1837 5404 1940 5460 hoc

369 5501 609 5571 amplius
641 5499 934 5563 metuebat,
972 5506 1177 5551 etcum
1213 5496 1313 5549 sibi
1357 5495 1676 5566 condignam
1726 5511 1938 5552 merce-

363 5597 488 5649 dem
524 5604 812 5660 repensum
859 5590 924 5642 iri
961 5588 1298 5652 formidaret,
1331 5588 1594 5643 audacius
1613 5589 1845 5655 furebat,
1883 5598 1940 5645 et

361 5702 392 5739 a
429 5680 876 5740 reconciliatione
924 5677 1472 5748 magis'abburrebat.
1499 5678 1662 5751 450
1688 5680 1805 5736 Nisi
1849 5682 1938 5735 ille

363 5761 571 5830 viribus
599 5772 824 5828 omnino
845 5771 1144 5828 destitutus
1173 5787 1233 5827 ac
1281 5756 1528 5842 perditus
1557 5782 1716 5838 esset,
1750 5788 1855 5827 non
1878 5789 1936 5828 se

2047 4605 2212 4642 σαντο
2256 4591 2496 4658 μάλιστα
2534 4589 2662 4660 δίψῃ
2717 4591 3068 4654 πιεσθέντας.
3105 4594 3384 4662 Δήσαντες
3409 4595 3462 4646 δὲ
3485 4593 3600 4654 τούς

2043 4697 2104 4733 τε
2130 4681 2473 4751 ἡγουμένους
2505 4682 2704 4748 αὐτῶν,
2740 4682 2790 4734 οῖ
2820 4678 2962 4753 ἦσαν
2985 4686 3154 4751 τρεῖς,
3190 4684 3285 4738 καὶ
3321 4686 3423 4755 τὴν
3447 4702 3600 4755 φρουο

2048 4773 2166 4843 ράν,
2194 4772 2450 4842 ἔπεμψαν
2486 4773 2567 4834 είς
2608 4773 2880 4842 βασιλίδα.
2928 4773 3035 4828 Οὓς
3087 4775 3186 4828 καὶ
3235 4778 3596 4845 ἀτιμάσαντες

2043 4865 2090 4916 oi
2115 4866 2170 4916 ἐν
2192 4863 2472 4933 Βυζαντίῳ
2511 4858 2606 4915 καλ
2635 4866 2746 4917 πᾶν
2783 4860 2922 4927 εἶδος
2951 4865 3356 4936 ἐπιδειξάμενοι
3388 4872 3594 4937 ἐρεσχε-

2042 4953 2185 5016 λίας,
2217 4952 2362 5021 εἶχον
2410 4956 2466 5005 ἐν
2506 4953 2895 5023 δεσμωτηρίῳ.
2933 4954 3170 5022 Ὁμοίως
3222 4955 3279 5007 δὲ
3330 4957 3424 5008 καὶ
3475 4957 3593 5026 πρὸς

2045 5043 2270 5113 βασιλέα
2317 5044 2406 5096 τὸν
2460 5044 2915 5113 Καντακουζηνὸν
2967 5045 3170 5115 πολλὴν
3245 5046 3593 5100 ἐνεδείκνυντο

2042 5133 2462 5204 ἀγνωμοσύνην,
2495 5135 2756 5204 οὐδεμιᾶς
2783 5135 2995 5206 ὕϐρεως
3023 5138 3363 5207 φειδόμενοι.
3401 5141 3490 5202 Et;
3514 5154 3592 5190 το·

2045 5223 2318 5278 σοῦτονδέ
2348 5223 2616 5294 προῆλθον
2652 5225 2904 5289 ἀτοπίας,
2933 5226 3008 5289 ὡς
3042 5227 3096 5278 εί
3138 5245 3269 5280 ποτε
3316 5230 3413 5282 καὶ
3456 5229 3591 5299 βασι-

2041 5317 2167 5378 λεὺς
2197 5318 2224 5369 ὁ
2261 5316 2379 5381 νέος
2420 5314 2672 5385 Ἰωάννης
2703 5317 2888 5384 προῖοι
2915 5317 3024 5370 τῶν
3059 5316 3355 5386 βασιλείων
3396 5319 3588 5392 ῥᾳστώ-

2042 5424 2140 5476 νης
2175 5407 2360 5460 εἵνεκα
2387 5423 2399 5437 ο
2437 5407 2498 5458 ού
2537 5407 2647 5476 γὰρ
2675 5405 2737 5475 δὴ
2777 5406 2928 5477 αὐτῷ
2959 5424 3013 5458 τι
3041 5408 3148 5463 τῶν
3177 5412 3375 5466 κοινῶν
3409 5414 3592 5482 ἐπράτ-

2038 5514 2163 5552 τετο
2194 5498 2282 5550 διὰ
2310 5498 2370 5550 τὸ
2415 5497 2514 5566 τῆς
2542 5497 2758 5566 ἡλικίας
2798 5497 2937 5551 πάνυ
2968 5499 3178 5565 ἀτελὲς,
3203 5501 3358 5554 ἐννέα
3399 5503 3502 5572 γὰρ
3532 5499 3590 5572 ἦν

2041 5589 2136 5659 ἐτη
2173 5587 2414 5657 γεγονὼς
2465 5588 2829 5652 τελευτῶντος
2877 5590 2972 5642 τοῦ
3007 5594 3256 5667 πατρός·
3278 5595 3382 5647 ὑπὸ
3411 5597 3512 5647 τῶν
3533 5596 3590 5647 τά

2042 5681 2343 5755 πράγματα
2378 5679 2611 5749 ἐχόντων
2639 5682 3094 5751 προπεμπόμενοί
3124 5701 3293 5751 τινες,
3320 5687 3408 5738 τὸν
3436 5687 3588 5755 δῆμον

2039 5754 2346 5838 διηρέοιξον
2375 5770 2471 5821 καὶ
2499 5769 2701 5839 ἄνδρας
2730 5772 2826 5822 καὶ
2841 5757 3144 5840 ⁴γυναῖκας,
3176 5775 3320 5830 ὥστε
3355 5754 3568 5836 διίόντος
