3880 6576
399 417 507 480 883

1567 423 1894 485 JOANNIS
1933 420 2460 484 CANTACUZENI

3514 382 3614 477 Μ

402 534 594 589 nicare
631 534 945 601 consilium,
1003 550 1126 607 quae
1169 537 1285 592 visa
1329 546 1514 593 essent
1548 537 1653 593 sibi
1693 547 1749 594 et
1799 537 1965 594 sociis

2070 534 2520 607 ἐξενηνεγμένος·
2552 531 2678 587 ὅθεν
2724 534 2817 584 καὶ
2849 532 2960 583 τῶν
3007 526 3352 598 πραγμάτων
3386 525 3605 592 ἔπειγεν·

402 625 662 680 omnibus
695 627 1025 694 conducere,
1059 629 1309 684 confecta
1339 645 1459 685 esse
1499 647 1511 684 :
1545 631 1862 700 orabatque,
1896 644 1966 684 ne

401 715 610 771 idcirco
635 717 794 787 quasi
839 716 1081 789 despecti
1130 719 1571 790 indignarentur,
1606 721 1701 776 sed
1750 722 1795 777 si
1830 719 1964 792 quid

400 805 632 870 factum,
661 808 810 874 quod
843 809 1045 865 factum
1088 827 1198 866 non
1245 813 1603 882 oportuisset,
1633 828 1817 868 rerum
1863 827 1964 866 ne-

403 897 643 951 cessitati
671 899 1034 956 ascriberent.
1065 903 1275 957 Praator
1308 903 1476 972 igitur
1502 919 1603 958 nec
1632 904 1962 974 legationem

401 985 645 1052 admisit,
677 1003 780 1042 nec
807 989 874 1043 ad
907 989 1111 1046 bellum
1156 995 1429 1064 prorupit,
1480 995 1575 1049 sed
1623 995 1968 1050 communio-

399 1091 526 1130 nem
559 1080 939 1134 tantummodo
979 1085 1275 1139 recusavit.
1320 1085 1555 1140 Perinde
1598 1095 1966 1156 protostrator

405 1169 790 1236 imperatorem
822 1179 880 1224 ut
911 1172 1212 1228 amicorum
1236 1176 1394 1230 valde
1421 1177 1798 1234 immemorem
1831 1175 1967 1230 insi.

403 1263 667 1325 mutabat,
699 1261 845 1332 quod
891 1263 1154 1317 nimirum
1187 1279 1274 1331 se,
1297 1267 1400 1336 qui
1447 1276 1554 1321 tam
1590 1267 1778 1321 multis
1806 1267 1966 1322 annis

403 1361 606 1406 tantam
648 1355 699 1406 ei
737 1354 1174 1410 benevolentiam
1219 1365 1495 1422 navasset,
1547 1367 1606 1414 ut
1649 1357 1963 1427 quempiam

405 1458 543 1509 pene
580 1445 862 1514 vulgarem
909 1461 974 1500 ac
1020 1447 1294 1514 plebeium
1323 1452 1764 1520 contempsisset,
1800 1449 1965 1518 idque

400 1548 525 1586 cum
562 1550 674 1588 rem
725 1547 832 1591 tam
884 1538 1109 1592 arduam
1158 1539 1560 1596 meditaretur:
1598 1542 1734 1596 nihil
1783 1550 1965 1595 tamen

398 1624 584 1694 legato
643 1627 775 1681 fecit
825 1629 974 1689 ntali,
1032 1629 1135 1684 nisi
1187 1632 1332 1700 quod
1385 1647 1511 1687 mox
1558 1633 1624 1687 ad
1681 1633 1963 1687 dominum

401 1729 562 1769 eumn
598 1716 802 1771 reverti
829 1717 1012 1787 jussit.
1049 1719 1120 1773 At
1164 1721 1362 1791 Syrges
1405 1723 1520 1778 sive
1563 1738 1628 1777 ex
1659 1722 1966 1792 antiquiore

401 1807 636 1875 quadam
669 1822 833 1863 causa
862 1823 1214 1874 succensens,
1248 1813 1362 1868 sive
1395 1821 1510 1867 tum
1542 1814 1782 1882 primum
1820 1811 1965 1883 quod

2069 645 2197 691 των,
2226 629 2323 680 καὶ
2375 626 2506 696 πρὶν
2552 624 2734 687 αὐτοῖς
2778 620 3150 676 κοινώσασθαι
3178 617 3280 687 τὴν
3309 617 3550 686 γνώμην,
3578 616 3608 670 ἃ

2068 718 2217 788 αύτῷ
2271 703 2348 770 τί
2383 719 2478 770 καὶ⁸
2525 717 2661 769 πᾶσι
2708 717 2824 776 τοῖς
2870 712 3089 766 συνοῦσι
3117 709 3424 763 λυσιτελεῖν
3456 707 3610 759 ἐδόκει

2067 806 2550 877 καταπεπρᾶχθαι.
2593 804 2776 870 Ἦξίου
2809 821 2868 858 τε
2922 804 2996 874 μὴ
3029 803 3116 856 διὰ
3135 802 3203 853 τὰ
3248 799 3478 852 τοιαῦτα
3505 799 3616 850 δυσ·

2068 901 2342 970 χεραίνειν
2371 897 2447 959 ώς
2510 894 2908 966 περιοφθέντας
2936 909 2952 924 ο
2983 892 3100 946 ἀλλ’
3129 889 3185 943 εί
3208 907 3257 943 τι
3293 891 3390 942 καὶ
3418 887 3523 938 τῶν
3552 886 3615 956 μὴ

2065 991 2295 1044 δεόντων
2345 989 2580 1058 γένοιτο,
2610 987 2828 1059 ἀνάγκῃ
2859 984 2968 1037 τῶν
3016 980 3364 1050 πραγμάτων
3409 979 3619 1047 προσλο-

2068 1080 2345 1150 γίζεσθαι.
2395 1080 2683 1148 Ἐπαρχος
2739 1078 2835 1146 μὲν
2881 1071 2974 1128 οὖν
3017 1071 3142 1125 οὔτε
3189 1071 3288 1143 τὴν
3345 1068 3618 1139 πρεσϐείαν

2066 1173 2452 1243 προσεδέξατο,
2500 1170 2615 1239 οὒτ’
2668 1169 2834 1231 εὐθὺς
2889 1167 3025 1237 πρδς
3083 1166 3324 1233 πόλεμον
3389 1160 3618 1228 ἐκινήθη,

2065 1264 2201 1318 ἀλλὰ
2239 1266 2339 1334 τὴν
2367 1264 2652 1316 κοινωνίαν
2705 1261 2864 1329 μόνον
2905 1260 3271 1328 ἀπηγόρευεν.
3317 1253 3547 1322 Ὁμοίως
3571 1251 3620 1302 1Ξέ

2067 1356 2162 1408 καὶ
2208 1355 2650 1425 πρωτοστράτωρ
2693 1351 2894 1418 πολλὴν
2937 1348 3030 1400 τοῦ
3066 1345 3340 1415 βασιλέως
3391 1344 3622 1410 ἀμνημο-

2067 1446 2234 1516 σύνην
2285 1444 2394 1497 τῶν
2448 1446 2617 1513 φίλων
2651 1441 2965 1510 κατηγόρει,
3003 1439 3085 1490 ὅτι
3129 1436 3195 1504 δὴ
3241 1433 3411 1487 αὐτὸν
3443 1431 3623 1498 πολλὴν

2066 1539 2166 1607 τῆς
2202 1540 2281 1598 είς
2305 1539 2531 1598 ἐκεῖνον,
2566 1535 2781 1596 εὐνοίας
2826 1533 2889 1584 ἐκ
2931 1529 3141 1583 πολλῶν
3172 1527 3312 1578 ἐτῶν
3361 1524 3654 1588 ἀπόδειξιν·

2067 1627 2521 1694 ἐπιδεδειγμένον,
2561 1623 2637 1685 ὥς
2678 1640 2797 1676 τινα
2838 1621 2947 1674 τῶν
2985 1617 3198 1671 πολλῶν
3225 1617 3415 1684 ὀλίγον
3456 1613 3626 1680 δςαφέ-

2072 1739 2234 1794 ροντα
2283 1721 2522 1793 περιεῖδε
2560 1719 2654 1772 καὶ
2693 1717 2867 1770 ταῦτα
2899 1730 3165 1774 τοιουτοις
3216 1711 3434 1780 μέλλων
3465 1711 3626 1777 ἔγχει·

2073 1819 2208 1885 ρεῖν.
2242 1814 2407 1868 Οὐδὲν
2451 1814 2629 1882 μέντοι
2655 1809 2828 1864 δεινὸν
2859 1810 3116 1877 εἴργαστο
3147 1805 3236 1858 τίιν
3264 1800 3622 1874 πρεσϐευτὴν,

402 1912 463 1952 se
487 1911 860 1973 contemptum
893 1907 1287 1977 suspicaretur,
1315 1910 1738 1974 excandescens,
1761 1917 1818 1964 et
1841 1923 1968 1962 ver-

2070 1875 2186 1964 άλλ⁹
2249 1875 2502 1960 ἐκέλευεν
2548 1901 2704 1965 αὖθις
2756 1875 3117 1968 ἀναστρέφειν
3173 1896 3313 1967 πρὸς
3365 1895 3460 1947 τδν
3506 1892 3628 1961 πέμ-

403 1989 472 2044 ha
502 1991 808 2062 legatorum
857 2004 918 2051 ut
954 1999 1088 2052 nihil
1142 2002 1421 2054 sincerum
1458 2001 1820 2064 continentia,
1869 1997 1965 2054 sed

2070 2003 2266 2071 ψαντα.
2318 1997 2535 2067 Συργῆς
2585 1995 2662 2058 δὲ,
2698 1995 2807 2048 εἴτε
2859 1993 2955 2044 καὶ
2999 1993 3062 2043 ἐκ
3122 1987 3455 2059 προφάσεώς
3500 1998 3628 2044 τινος

402 2079 593 2137 dolose
621 2086 852 2141 conﬁcta
887 2088 1094 2159 rejecit,
1122 2089 1349 2157 addens,
1381 2092 1484 2146 etsi
1515 2106 1544 2145 a
1577 2089 1961 2145 Cantacuzeno

2071 2094 2435 2164 ἀρχαιοτέρας
2469 2087 2700 2157 μηνίων,
2756 2087 2865 2138 εἴτε
2903 2084 2998 2138 καὶ
3045 2082 3166 2134 τότε
3202 2080 3428 2148 πρῶτον
3460 2079 3521 2128 ἐκ
3544 2071 3627 2127 τού

404 2171 552 2227 inter
611 2173 864 2231 homines
914 2177 1133 2232 trioboli
1183 2187 1329 2234 esset
1377 2187 1720 2242 numeratus,
1785 2185 1966 2231 tamen

2072 2181 2464 2254 παρεωρᾶσθαι
2508 2178 2924 2233 ὑπωπτευκέναι
2974 2176 3111 2245 πρὸς
3157 2171 3332 2241 ὀργὴν
3391 2169 3626 2238 ἐξήγετο,

406 2266 585 2334 reipsa
617 2267 1040 2333 declaraturum,
1073 2286 1131 2326 se
1159 2286 1284 2325 cum
1320 2271 1510 2325 amicis
1541 2269 1823 2340 prodesse,
1853 2276 1967 2321 tum

2070 2277 2196 2339 τούς
2251 2293 2309 2328 τε
2352 2275 2549 2341 λόγους
2602 2272 2702 2341 τῆς
2753 2266 3049 2340 πρεσϐείας
3101 2265 3177 2329 ώς
3226 2264 3457 2333 ἔχοντας
3492 2258 3628 2311 οὖδέν

408 2355 648 2410 inimicis
691 2357 887 2412 obesse
933 2373 1100 2428 posse
1133 2358 1622 2427 quamplurimum,
1661 2367 1716 2412 et
1760 2357 1969 2427 legatos

2071 2351 2242 2436 ὑγιὲς,
2278 2368 2393 2420 ἀλλ’
2424 2361 2608 2438 ἀπάτῃ
2657 2357 3216 2427 συνεσκευασμένους,
3245 2353 3624 2422 ἀπεπέμπετο,

292 2494 296 2497 ,
405 2445 462 2500 in
484 2461 762 2502 carcerem
791 2449 1015 2504 inclusit
1040 2465 1055 2503 :
1085 2450 1422 2504 Demetrium
1451 2463 1648 2518 nempe
1669 2447 1972 2503 Casandre-

407 2551 563 2602 num,
598 2551 654 2594 et
685 2538 965 2594 Lascarim
998 2555 1255 2609 magnum
1281 2540 1697 2594 chartularium.
1721 2539 1971 2608 Cumque

405 2631 823 2687 Cantacuzenus
858 2631 1051 2686 Pheris
1086 2631 1312 2688 haberet
1345 2648 1455 2687 non
1503 2632 1678 2687 solum
1729 2632 1969 2701 pecoris,

405 2723 501 2783 sed
529 2733 587 2778 et
615 2722 787 2778 tritici
843 2723 1186 2794 aliarumque
1227 2723 1446 2794 frugum
1475 2723 1752 2791 ingentem
1779 2737 1974 2778 nume-

408 2827 554 2878 rum,
590 2820 876 2881 propterea
917 2812 1064 2882 quod
1101 2812 1394 2882 ampliores
1451 2826 1514 2867 ac
1556 2811 1744 2881 plures
1795 2809 1848 2865 ei
1881 2809 1973 2865 hic

408 2920 573 2975 quam
608 2903 750 2974 apud
786 2906 955 2959 urbes
987 2904 1123 2959 alias
1153 2905 1530 2969 possessiones
1558 2910 1738 2969 erant,
1785 2901 1972 2958 omnia

405 2998 590 3054 statim
637 2995 705 3051 ad
751 3011 814 3052 se
857 2997 1074 3051 avertit.
1126 2995 1246 3062 Quo
1298 2995 1510 3050 ﬁrmior
1563 2995 1808 3066 suspicio
1845 2993 1970 3061 fuit,

405 3089 575 3146 armis
607 3089 996 3157 imperatorem
1043 3087 1438 3157 appetiturum,
1481 3087 1633 3158 quod
1677 3086 1844 3142 sciret
1889 3087 1973 3155 (ut

405 3191 491 3236 est
519 3179 806 3249 credibile)
838 3180 1074 3250 majores
1101 3194 1167 3234 ex
1201 3178 1436 3234 dissidio
1477 3193 1604 3234 cum
1640 3179 1758 3242 illo,
1806 3193 1970 3248 quam

405 3289 474 3330 ex
503 3273 798 3328 concordia
848 3272 1059 3326 fructus
1079 3285 1202 3325 sese
1227 3280 1638 3340 percepturum,
1657 3280 1960 3340 quantum-

401 3367 488 3421 vis
531 3366 725 3435 primis
765 3364 835 3418 ab
891 3377 958 3419 eo
1003 3363 1463 3432 amplissimisque
1521 3361 1828 3417 honoribus
1871 3376 1971 3416 au-

405 3442 647 3531 geretur.
677 3456 788 3510 Nec
811 3454 991 3509 solum
1016 3463 1126 3508 tam
1151 3453 1446 3522 opulentus
1469 3452 1655 3507 subito
1679 3451 1967 3518 evadebat,

405 3550 500 3604 sed
538 3547 766 3616 insuper
798 3543 1004 3599 amicos
1036 3543 1178 3613 ejus,
1211 3541 1307 3611 qui
1354 3541 1611 3611 permulti
1651 3540 1856 3596 Pheras
1886 3541 1972 3594 in-

406 3639 685 3704 colebant,
720 3636 1091 3699 scrutabatur,
1147 3634 1416 3704 bonisque
1445 3633 1700 3688 omnibus
1731 3632 1968 3687 nudatos

408 3730 726 3788 immaniter
759 3728 1039 3800 puniebat.
1080 3727 1148 3782 Et
1191 3741 1315 3780 cum
1365 3733 1526 3780 antea
1565 3723 1632 3778 ad
1678 3723 1786 3779 hoc
1824 3731 1971 3778 esset

406 3821 892 3899 propensissimns,
924 3829 1039 3874 tum
1075 3815 1380 3888 praesertim
1415 3816 1551 3872 nihil
1580 3815 1646 3870 ad
1676 3814 1972 3871 crudelita-

407 3928 515 3974 tem
571 3911 772 3983 reltqui
837 3911 1022 3968 facere
1072 3908 1479 3976 contendebat,
1536 3918 1592 3962 et
1641 3906 1972 3978 Byzantinos

406 4012 568 4078 longo
609 4004 903 4066 intervallo
945 4001 1241 4072 superabat
1286 4003 1340 4057 in
1373 4001 1654 4064 omnibus,
1692 4000 1739 4055 si
1771 3999 1972 4054 verbo-

405 4116 528 4155 rum
571 4096 940 4153 contumelias
979 4093 1361 4162 excipias;.in
1414 4093 1577 4167 552
1615 4092 1720 4147 hoc
1765 4091 1971 4162 quippe

405 4205 518 4246 uno
547 4187 850 4242 modestius
871 4201 929 4239 se
954 4185 1198 4255 gerebat.
1229 4183 1578 4238 Connubium
1611 4191 1794 4237 autem
1822 4180 1970 4247 tiliae,

405 4280 553 4348 quod
602 4279 753 4348 prius
796 4278 908 4330 lilio
957 4275 1304 4345 imperatoris
1330 4274 1676 4344 promiserat,
1724 4273 1969 4328 rescidit.

406 4373 563 4429 Tunc
593 4370 760 4439 igitur
789 4369 860 4424 ob
907 4365 1312 4420 inclementiam
1363 4363 1582 4429 hiemis,
1608 4377 1729 4431 quae
1766 4362 1974 4432 Byzan-

407 4467 483 4519 tio
511 4462 760 4516 exierant
823 4467 877 4512 et
901 4472 1021 4526 quae
1045 4454 1410 4525 liidymotichi
1439 4463 1598 4509 erant
1624 4453 1815 4522 copiae,
1843 4468 1974 4506 con-

2073 2464 2299 2530 φάσκων
2327 2461 2402 2523 ώς
2443 2460 2493 2512 εί
2537 2459 2632 2510 καὶ
2682 2455 2812 2525 παρ’
2859 2453 3052 2521 ἐκείνῳ
3080 2449 3190 2502 τῶν
3219 2446 3453 2517 μηδενὸς
3481 2442 3628 2506 ἀξίων

2064 2550 2354 2621 ἐνομίσθη,
2385 2549 2500 2604 ἀλλ’
2540 2548 2702 2609 αὐτὸς
2733 2546 2919 2608 αὐτοῖς
2952 2543 3136 2612 ἔργοις
3187 2541 3446 2609 ποιήσειν
3475 2551 3626 2589 κατα·

2073 2643 2260 2717 φανές,
2294 2642 2368 2704 ώς
2412 2639 2537 2702 τούς
2568 2657 2628 2692 τε
2679 2638 2870 2707 φίλους
2899 2635 3155 2705 ὠφελεῖν,
3191 2631 3284 2685 καὶ
3319 2632 3454 2690 τοὺς
3484 2627 3627 2680 πολε·

2076 2716 2232 2809 μῖους
2300 2734 2559 2804 βλάπτειν
2629 2729 2847 2782 δύναιτο
2901 2727 2970 2779 τὰ
3040 2724 3303 2796 μέγιστα,
3365 2722 3466 2773 καὶ
3516 2716 3625 2809 τους

2074 2806 2332 2898 πρέσϐεις
2355 2827 2434 2888 είς
2459 2823 2519 2876 τὸ
2546 2822 2923 2889 δεσμωτήριον
2958 2817 3184 2884 εἰσῆγεν
3213 2831 3227 2846 ο
3252 2814 3303 2865 οἳ
3325 2806 3626 2898 Δημήτριός

2073 2937 2131 2976 τε
2177 2914 2317 2991 ἦσαν
2363 2919 2390 2970 ό
2437 2911 2824 2983 Κασανδρηνδς
2850 2909 2944 2963 καὶ
2994 2906 3244 2976 Λάσκαρ,
3279 2903 3338 2966 ὃς
3366 2897 3443 2972 ἦν
3472 2900 3626 2991 μέγας

2073 2989 2461 3086 χαρτουλάριος
2511 3007 2611 3075 τὴν
2649 3003 2832 3069 ἀξίαν.
2868 3002 3064 3062 Ὀντος
3111 2997 3167 3051 δὲ
3215 2997 3271 3049 ἐν
3321 2996 3522 3064 Φεραῖς
3570 2989 3623 3086 ού

2077 3081 2440 3175 βοσκημάτων
2519 3098 2680 3167 μόνον
2748 3094 2991 3165 πλήθους
3055 3084 3504 3156 Καντακουζηνῷ
3531 3081 3624 3175 Ῠτῷ

2075 3174 2303 3265 βασιλεῖ,
2341 3189 2475 3245 ἀλλὰ
2518 3189 2612 3242 καὶ
2654 3185 2882 3256 πυρρῶν
2927 3183 3023 3236 καὶ⁵
3067 3179 3298 3252 καρπῶν
3325 3177 3444 3259 τῶν
3469 3174 3624 3265 ἄλλων

2071 3263 2160 3342 διὰ
2204 3285 2265 3338 τὸ
2318 3282 2557 3354 μεγάλας
2605 3278 2700 3333 καὶ
2752 3277 3015 3338 πλείστας
3065 3275 3292 3342 κτήσεις
3329 3263 3620 3339 panem

2069 3377 2216 3434 κατὰ
2253 3376 2350 3439 τὰς
2381 3374 2547 3436 ἄλλας
2591 3369 2778 3432 πόλεις
2809 3354 3064 3421 ἐνταυθοῖ
3090 3361 3422 3432 κεκτῆσθαι,
3462 3359 3622 3412 πάντα

2070 3470 2306 3524 ἐποιεῖτο
2356 3466 2463 3520 ίδια
2521 3461 2703 3524 εὐθύς.
2743 3461 2824 3512 Δι’
2871 3458 2907 3512 ἃ
2940 3457 3037 3510 καί⁸
3070 3455 3272 3522 μᾶλλον
3303 3448 3620 3514 ὑπωπτεύθη

2072 3561 2168 3616 τδν
2224 3559 2360 3630 πρὸς
2410 3559 2616 3610 ἐκεῖνον
2674 3551 2930 3619 πόλεμον
2960 3546 3223 3620 ᾑρῆσθαι,
3275 3541 3529 3607 συνιδὼν,
3557 3539 3621 3600 ὡς

2069 3654 2268 3718 ἔοικεν,
2304 3650 2377 3713 ὡς
2405 3648 2468 3700 ἐκ
2499 3646 2602 3715 τῆς
2625 3643 2891 3711 διαφορᾶς
2922 3639 3023 3710 τῆς
3056 3637 3192 3709 πρὸς
3218 3637 3434 3689 ἐκεῖνον
3469 3631 3619 3702 μείζω

2069 3745 2289 3799 δύναιτο
2320 3737 2686 3809 καρποῦσθαι,
2722 3734 2756 3806 ἦ
2785 3732 2886 3804 τῆς
2914 3731 3192 3802 ὁμονοίας,
3219 3729 3273 3781 εῐ
3297 3743 3363 3794 γε
3399 3727 3499 3780 καὶ
3522 3722 3618 3776 τῶν

2069 3835 2303 3906 πρώτων
2358 3831 2452 3885 καὶ
2490 3827 2761 3899 μεγίστων
2791 3821 3057 3878 ἀπολαύοι
3090 3820 3224 3891 παρ’
3253 3818 3406 3885 αὐτῷ
3433 3815 3615 3906 τιμῶΪ.

2179 3925 2338 3994 μόνον
2385 3922 2493 3990 γάρ
2545 3919 2770 3971 ἐκείνων
2812 3911 3086 3969 τοσούτων
3128 3908 3534 3976 όντωνκύριος
3561 3901 3618 3974 ἦν

2070 4018 2254 4078 εὐθὺς,
2289 4011 2422 4068 ἀλλὰ
2467 4011 2564 4064 καὶ
2605 4008 2732 4070 τοὺς
2777 4006 2964 4075 φίλους
3009 4002 3288 4074 διηρεύνα,
3319 4000 3369 4053 οἳ
3413 3996 3550 4070 ἦσαν
3570 3999 3619 4048 ἐν

2070 4109 2270 4178 Φεραῖς
2308 4102 2517 4156 πολλοί.
2553 4101 2659 4154 Καὶ
2713 4099 2934 4152 πάντων
2983 4097 3084 4157 τὰς
3131 4093 3322 4154 οὐσίας
3368 4090 3616 4178 ἀφαιρού-

2076 4177 2256 4270 μενος,
2308 4191 2572 4255 ἐκόλαζεν
2628 4186 3052 4254 ἀπανθρώπως·
3089 4179 3159 4253 ἦν
3210 4183 3324 4250 γὰρ
3383 4182 3449 4250 δὴ
3501 4177 3619 4270 πρὸς

2071 4269 2230 4344 τοῦτο
2277 4282 2543 4355 πρότερόν
2595 4295 2654 4331 τε
2713 4278 2857 4346 έχων
2888 4273 3124 4344 μάλιστα
3171 4270 3510 4342 ἐπιρῤεπῶς,
3540 4269 3618 4318 καὶ

2073 4378 2194 4432 τότε
2271 4373 2505 4444 μάλιστα
2563 4367 2941 4439 ἐφιλονείκησε
3020 4362 3292 4434 μηδεμίαν
3355 4361 3618 4430 ὠμότητος

2076 4463 2385 4536 ὑπερϐολὴν
2413 4459 2717 4515 ἀπολιπεῖν.
2749 4455 2936 4526 Πολλῷ
2966 4456 3076 4524 γὰρ
3111 4452 3189 4522 τῷ
3217 4451 3402 4522 μέτρῳ
3429 4452 3549 4513 τοὺς
3570 4451 3617 4500 ἐν

407 4569 636 4612 currere
703 4551 1091 4620 nequiverunt.
1143 4547 1368 4602 interim
1426 4553 1792 4616 protostrator
1837 4543 1968 4599 facti

2077 4556 2352 4624 Βυζαντίῳ
2387 4553 2707 4622 παρήλασεν
2739 4551 2796 4602 ἐν
2825 4549 2984 4608 πᾶσι,
3007 4545 3148 4613 πλὴν
3171 4545 3269 4612 τῆς
3296 4543 3505 4612 ὕϐρεως
3524 4557 3540 4572 ο
3567 4541 3616 4592 ἐν

407 4649 706 4718 ρωιιίιειιε,
733 4642 875 4712 quod
903 4641 1226 4710 legationem
1252 4638 1562 4707 repulisset,
1589 4652 1686 4705 per
1715 4636 1970 4690 intimum

406 4737 699 4809 quemdam
747 4734 962 4789 occulte
1012 4732 1203 4784 urbem
1250 4729 1694 4784 Thessalonicam
1745 4728 1975 4796 impera-

410 4832 512 4888 tori
544 4845 602 4885 se
638 4828 966 4883 traditurum
1007 4823 1332 4895 pollicetur;
1363 4837 1482 4878 esse
1524 4823 1669 4877 enim
1708 4821 1839 4883 illic,
1877 4820 1971 4889 qui

408 4923 458 4979 ei
490 4922 757 4983 faverent,
789 4933 950 4986 quam
985 4917 1276 4986 plurimos;
1326 4923 1382 4968 et
1423 4915 1698 4978 monebat,
1733 4929 1800 4967 ne
1831 4929 1972 4967 cun-

407 5024 676 5077 ctaretur,
714 5013 808 5066 sed
861 5007 1007 5064 veris
1060 5007 1219 5062 initio
1269 5005 1576 5070 accederet,
1627 5005 1860 5061 multum
1912 5018 1972 5059 se

409 5108 534 5177 ejus
559 5102 868 5159 rationibus
893 5099 1390 5155 commodaturum.
1425 5097 1690 5152 Similiter
1719 5106 1774 5150 et
1802 5095 1974 5150 Chre-

411 5203 510 5266 les,
563 5201 663 5271 qui
713 5195 1008 5266 aliquando
1057 5210 1124 5250 ex
1173 5192 1433 5249 Triballis
1483 5192 1548 5247 ad
1600 5192 1973 5249 Andronicum

409 5290 798 5361 transfugerat,
839 5273 969 5342 sese
1014 5299 1139 5338 cum
1189 5282 1336 5336 mille
1375 5281 1661 5348 militibus,
1695 5291 1751 5338 et
1797 5282 1974 5338 tribus

408 5383 628 5454 cppidis
651 5379 941 5438 dediderat
969 5395 983 5430 :
1015 5389 1138 5444 quae
1173 5373 1433 5427 Romanis
1463 5373 1729 5442 subjecta,
1761 5374 1974 5429 Andro-

406 5475 550 5533 uicis
581 5472 723 5526 inter
768 5485 826 5523 se
871 5464 1340 5536 belligerantibus,
1377 5464 1598 5520 Triballi
1635 5465 1829 5520 incolis
1871 5468 1972 5522 de-

409 5565 678 5622 ditionem
711 5559 1043 5616 facientibus
1078 5566 1433 5626 occuparant.
1466 5556 1566 5613 Hic
1596 5560 1777 5628 itaque
1799 5559 1973 5616 Chre-

407 5663 486 5714 les
531 5653 762 5727 pecunia
821 5652 1147 5713 inStructus.
1202 5658 1258 5705 et
1283 5649 1585 5706 exercitum
1623 5650 1726 5708 sub
1770 5667 1828 5708 se
1860 5668 1972 5708 non

407 5742 818 5818 aspernandum
856 5741 1086 5806 habens,
1121 5749 1178 5796 et
1217 5752 1376 5796 antea
1407 5740 1722 5811 imperatori
1761 5741 1967 5802 Canta-

405 5852 612 5898 cv'zcno
640 5834 1016 5892 amicissimus
1046 5832 1166 5906 (per
1195 5847 1357 5906 quem
1391 5841 1448 5890 ct
1477 5832 1781 5889 Andronici
1829 5834 1968 5896 auii-

2031 4691 2035 4702 .
2072 4647 2247 4714 τούτῳ
2292 4644 2400 4714 γὰρ
2453 4642 2598 4711 μόνῳ
2644 4636 3026 4707 σωφρονοῦντα
3057 4633 3253 4687 ἐαυτὸν
3305 4631 3614 4701 παρέσχετο.

2073 4740 2117 4792 Τ
2121 4740 2187 4806 ἠν
2215 4753 2273 4788 τε
2309 4733 2606 4804 μνηστείαν
2649 4730 2749 4798 τῆς
2793 4727 3066 4797 θυγατρὸς
3103 4727 3173 4798 ην
3213 4727 3477 4796 πρότερον
3503 4723 3616 4793 πρὸς

2071 4831 2165 4884 τὸν
2198 4826 2462 4899 βασιλέως
2490 4825 2604 4878 υἱὸν
2638 4821 2928 4891 πεποίητο,
2967 4821 3204 4873 διέλυσε.
3239 4818 3378 4871 Τότε
3416 4819 3510 4888 μὲν
3537 4811 3614 4869 οὗν

2073 4920 2342 4993 χειμῶνος
2371 4916 2606 4980 ἐξαισίου
2637 4912 3050 4982 ἐπιγενομένου,
3073 4912 3108 4983 ἦ
3140 4927 3198 4963 τε
3251 4913 3314 4963 ἐκ
3342 4906 3614 4973 Βυζαντίου

2074 5016 2174 5068 καὶ
2214 5015 2247 5084 ἡ
2293 5012 2357 5063 ἐκ
2401 5009 2796 5084 Διδυμοτείχου³
2827 5007 3059 5076 στρατιὰ
3104 5004 3402 5075 ἡσύχαζον,
3438 5004 3515 5074 μὴ
3547 5001 3618 5054 δυ-

2075 5077 2298 5175 νάμενοι
2353 5101 2604 5171 ἀλλήλοις
2661 5077 3034 5161 ἁντεΰπεξιέναι
3085 5096 3174 5150 διὰ
3220 5097 3314 5150 τὸν
3366 5095 3613 5167 χειμῶνα.

2087 5196 2175 5248 Ἐν
2199 5193 2372 5264 τούτῳ
2394 5191 2451 5245 δὲ
2477 5192 2571 5246 καὶ
2597 5194 2624 5244 ὁ
2654 5188 3093 5261 πρωτοστράτωρ
3120 5190 3183 5241 ἐκ
3208 5189 3614 5254 Θεσσαλονίκης.

2075 5287 2155 5342 ὅτι
2181 5287 2280 5356 τὴν
2311 5285 2573 5357 βασιλέως
2594 5285 2867 5338 ἀπείπατο
2893 5282 3188 5353 πρεσϐείαν
3212 5278 3612 5351 μεταμεληθεὶς,

2075 5379 2183 5433 τῶν
2212 5379 2562 5433 οίκειοτάτων
2589 5377 2815 5446 πέμψας
2849 5378 2995 5434 τινὰ.
3031 5375 3220 5444 κρύφα
3261 5375 3532 5442 διελέγετο
3555 5372 3614 5431 ὡς

2075 5470 2476 5540 Θεσσαλονίκην
2533 5467 2907 5537 παραδώσων·
2959 5464 3098 5520 εἶναι
3149 5465 3255 5536 γὰρ
3316 5465 3464 5535 αὺτῷ
3510 5463 3615 5522 τοὺς

2078 5563 2531 5632 συμπράττοντας
2586 5561 2703 5614 ἐκεῖ
2754 5560 3003 5621 πολλούς.
3054 5556 3418 5612 Συνεϐούλευέ
3459 5571 3518 5610 τε
3555 5556 3613 5624 μὴ

2079 5654 2296 5724 μέλλειν
2317 5691 2334 5716 .
2364 5651 2480 5706 ἀλλ’
2513 5652 2628 5720 ἅμα
2655 5647 2750 5721 ἦρι
2783 5652 2937 5721 ἥκειν
2966 5651 3104 5718 πρὸς
3131 5650 3318 5716 αὐτὸν,
3338 5651 3414 5714 ώς
3438 5649 3614 5715 πολλῆς

2075 5745 2222 5814 αὐτῷ
2274 5744 2540 5812 ὠφελείας
2595 5744 2860 5812 ἐσομένης
2910 5743 2969 5807 ἐξ
3023 5741 3255 5795 ἐκείνου.
3300 5741 3531 5810 Ὁμοίως
3569 5738 3614 5791 δέ

2075 5839 2170 5894 καὶ
2201 5823 2436 5908 Χρέλης,
2466 5836 2521 5897 ὃς
2563 5831 2632 5906 ἦν
2671 5836 2936 5906 πρότερον
2984 5835 3114 5904 πρὸς
3165 5833 3500 5904 Ἀνδρόνικον
3539 5832 3614 5884 τὸν
