3880 6568
225 399 332 462 885

1355 402 1901 464 IIISTORIARUM
1944 404 2177 466 LIBER
2219 404 2337 468 III.

3369 403 3483 468 886

228 511 453 582 βασιλέα
490 512 887 586 ηὐτομοληκὼς
919 513 984 568 ἐκ
1015 515 1326 586 Τριϐαλῶν,
1359 515 1703 582 στρατιώτας
1742 531 1798 567 τε

1918 516 2092 571 :itiam
2115 517 2351 586 adeptus
2381 516 2588 590 fuerat)
2617 517 2766 574 misit
2797 517 2914 589 ipse
2945 529 3166 588 quoque
3196 515 3480 585 signiﬁca-

227 603 367 674 ἔχων
405 605 634 675 χιλίους,
667 608 764 661 καὶ
797 607 981 670 πόλεις
1008 609 1154 674 τρεῖς
1191 605 1623 676 παραδεδωκὼς,
1652 606 1796 660 κατὰ

225 697 318 750 τὸν
353 699 491 768 πρὸς
541 699 808 769 ἀλλήλους
851 698 960 752 τῶν
997 697 1356 768 Ἀνδρονίκων
1401 697 1668 767 βασιλέων
1703 697 1800 750 πό-

227 788 397 858 λεμον
441 790 710 860 κατέσχον
757 792 807 845 οῖ
837 789 1102 861 Τριϐαλοὶ
1143 789 1251 843 τῶν
1279 791 1623 858 κατεχόντων
1669 788 1802 840 Ῥω-

232 880 410 949 μαίων
457 881 830 953 παραδόντων.
875 874 1046 943 Οὗτος
1087 879 1152 949 δὴ
1197 875 1292 932 οὖν
1344 881 1371 932 ό
1422 878 1638 948 Χρέλης
1668 879 1803 947 χρή-

234 969 369 1038 μασί
412 986 472 1021 τε
518 969 854 1042 ἐρρωμένος,
880 971 975 1022 καὶ
1024 969 1290 1038 στρατιὰν
1338 968 1478 1038 ἔχων
1523 968 1802 1034 ἀξιόλογον

231 1061 322 1132 ὑφ’
355 1061 556 1131 ἐαυτῷ,
581 1063 675 1116 καὶ
703 1061 969 1131 πρότερον
997 1060 1208 1132 βασιλεῖ
1243 1060 1322 1132 τῷ
1352 1059 1803 1130 Καντακουζηνῷ

232 1158 291 1219 ἐς
317 1157 385 1211 τά
421 1157 656 1226 μάλιστα
701 1156 852 1225 φίλος
886 1155 984 1219 ὢν,
1012 1156 1080 1209 δι’
1105 1156 1273 1210 αὐτοῦ
1301 1155 1408 1226 γὰρ
1446 1156 1542 1208 καὶ
1580 1155 1804 1226 Ἀνδρος

232 1247 370 1317 νίκῳ
411 1245 688 1317 προσῆλθε
729 1245 807 1316 τῷ
841 1245 1072 1317 βασιλεῖ,
1101 1246 1453 1316 πέμψας’καὶ
1501 1245 1685 1309 αὐτὸς,
1721 1247 1806 1299 ὅτι

231 1353 293 1390 τε
323 1337 532 1405 αίροῖτο
555 1337 746 1406 ἐδήλου
777 1337 848 1390 τὰ
871 1337 1104 1400 ἐκείνου,
1133 1338 1231 1391 καὶ
1257 1335 1491 1408 παρῄνει
1524 1338 1616 1390 καὶ
1644 1336 1807 1399 αὐτὸς

235 1427 372 1498 πρὸς
403 1426 502 1496 τὴν
537 1427 778 1497 ἑσπέραν
807 1427 1011 1496 μᾶλλον
1044 1425 1374 1496 τρέπεσθαι,
1393 1425 1468 1487 ὡς
1500 1426 1560 1478 οὑ
1591 1424 1805 1495 φαύλης

235 1516 381 1579 τινὸς
425 1517 653 1570 αὐτόθεν
706 1517 970 1586 ἐσομένης
1020 1516 1312 1585 ὠφελείας.
1366 1515 1631 1578 Βασιλεὺς
1673 1515 1730 1568 δὲ
1778 1516 1808 1568 ό

237 1608 713 1679 Καντακουζηνδς,
746 1610 868 1662 ἐπεὶ
911 1607 1071 1680 ἔαρος
1099 1608 1219 1678 ὥρα
1253 1609 1353 1679 ήδη
1385 1603 1475 1680 ἢν,
1508 1608 1808 1679 ἐκκλησίαν

239 1699 562 1768 συναγαγὼν
613 1702 679 1754 εκ
723 1701 832 1754 τῶν
865 1701 1158 1765 συνόντων,
1192 1699 1330 1772 πρὸς
1376 1701 1404 1754 ὂ
1451 1717 1503 1753 τι
1547 1700 1656 1770 χρὴ
1686 1701 1810 1771 τρέ-

238 1791 437 1844 πεσθαι
488 1793 838 1850 εσκέπτοντο.
884 1793 1040 1846 Ὅσοι
1093 1793 1194 1862 μὲν
1236 1787 1332 1847 οὖν
1386 1793 1452 1847 ὲκ
1503 1793 1806 1858 Βυζαντίου

235 1879 400 1952 ἦσαν,
427 1883 525 1952 τὴν
570 1884 650 1948 εις
696 1885 992 1949 Βυζάντιον
1041 1884 1244 1954 μᾶλλον
1304 1884 1694 1941 συνεϐούλευον
1726 1887 1813 1939 αἱ-

241 1975 452 2045 ρεῖσθαι
483 1976 733 2046 εἰσϐολήν
776 1992 790 2007 ·
817 1977 892 2040 ὡς
929 1977 997 2048 ήν
1023 1978 1370 2048 κρατήσωσιν
1403 1978 1638 2042 ἐκείνου,
1671 1973 1814 2031 εἶναι

239 2067 299 2122 ει
339 2069 442 2122 οὐκ
483 2069 732 2136 ἀγεννεῖς
772 2069 1016 2135 ἐλπίδας,
1055 2069 1268 2122 πολλῶν
1308 2071 1426 2124 ἐκεῖ
1454 2070 1518 2124 τὰ
1547 2069 1816 2138 βασιλέως

241 2162 556 2233 ᾑρημένων,
591 2162 844 2231 μεγάλων
887 2161 1326 2231 ἀπαλλαξόμενοι
1372 2161 1468 2214 καὶ
1499 2162 1680 2216 πόνων
1719 2163 1816 2218 καὶΙ

241 2251 522 2308 κινδύνων.
556 2253 618 2305 Οί
647 2252 691 2306 δ’
720 2252 965 2318 ἑσπέριοι
1011 2254 1121 2316 τοῖς
1145 2255 1211 2306 ὲκ
1242 2253 1341 2320 τῆς
1373 2251 1615 2322 ἀσπέρας
1647 2268 1819 2324 προσ-

241 2343 388 2413 έχειν
438 2341 607 2413 ᾤοντο
665 2342 868 2412 μᾶλλον
911 2343 1202 2413 πράγμασι
1235 2343 1369 2410 δεῖν,
1399 2343 1476 2406 ὡς
1505 2344 1605 2397 οὒκ
1653 2347 1819 2396 ὲκπεο

244 2433 657 2502 πολεμωμένοις
710 2432 962 2504 βασιλεῖ,
1019 2434 1157 2488 ἀλλά
1213 2435 1680 2506 προσχωρήσουσι
1727 2435 1818 2488 διά

242 2524 344 2593 τήν
384 2498 602 2578 εὔνοιαν
651 2498 880 2596 ῥαδίως.
920 2525 999 2580 Τά
1049 2526 1096 2580 δ’
1140 2527 1198 2580 ὲν
1240 2498 1524 2599 ευξᾶντὶῴ
1572 2527 1820 2598 μεγάλης

240 2615 450 2670 δεῖσθαι
495 2614 596 2684 τῆς
646 2617 1030 2688 παρασκευῆς,
1079 2616 1293 2672 πολλῶν
1336 2617 1510 2672 ὄντων
1560 2619 1678 2672 ἐκεῖ
1709 2617 1820 2673 τῶν

244 2709 676 2778 πολεμιωτάτων
703 2709 936 2779 βασιλεῖ,
975 2710 1068 2764 καὶ
1116 2711 1246 2774 τοὺς
1276 2711 1472 2776 ἄλλους
1513 2711 1820 2781 ἔναγόντων

245 2799 387 2870 πρὸς
434 2800 526 2854 τὸν
573 2801 833 2870 πόλεμον.
859 2799 970 2866 ,σοῖς
1015 2803 1097 2858 δεῖ
1151 2803 1576 2874 ἐπιστρατεύειν
1616 2805 1822 2876 ἐπανήο

243 2906 446 2955 κοντας
481 2893 546 2944 ὲκ
575 2893 675 2962 τῆς
705 2892 968 2965 ἑσπέρας,
1002 2894 1099 2947 καὶ
1126 2893 1371 2964 μεγάλην
1414 2893 1630 2948 ἐκεῖθεν
1659 2912 1820 2965 περι·

244 2982 620 3053 ϐεϐλημένους
671 2985 924 3056 δύναμιν.
959 2987 1034 3041 Τὸ
1082 2987 1270 3056 μέντοι
1297 2985 1694 3058 μισθοφορικὸν
1723 2987 1822 3058 τῆς

247 3076 532 3144 στρατιᾶς,
561 3078 657 3130 καὶ
707 3078 822 3130 ὅσοι
881 3078 991 3131 τῶν
1049 3077 1315 3148 βασιλέως
1365 3073 1510 3149 ἦσαν
1567 3079 1819 3145 οἰκετῶν,

1903 613 2040 666 tum.
2081 622 2139 662 se
2183 608 2304 678 ejus
2347 618 2532 678 partes
2569 609 2748 679 sequi,
2785 623 2911 664 cum
2952 606 3360 669 cohortatione,
3397 607 3480 660 uti

1901 698 1966 753 ad
2004 697 2360 756 Occidentem
2411 715 2469 754 se
2501 709 2872 760 converteret.
2905 710 3094 768 utpote
3146 715 3260 752 non
3313 700 3480 752 mini-

1901 806 2023 846 mos
2049 791 2124 846 ibi
2155 792 2414 846 utilitatis
2441 791 2658 846 fructus
2687 792 3034 848 inventurus.
3061 787 3479 846 Cantacuzenus

1902 894 2027 936 cum
2055 885 2168 952 jam
2203 896 2437 936 vernum
2477 891 2694 950 tempus
2734 880 2975 942 adesset,
3009 888 3204 934 coacto
3249 894 3478 933 suorum

1903 971 2163 1036 concilio,
2223 987 2334 1042 quo
2367 970 2612 1027 eundum
2647 980 2814 1038 esset,
2865 970 3230 1025 deliberabat.
3277 969 3482 1040 Byzan-

1908 1063 2006 1119 tini
2033 1079 2226 1120 omnes
2259 1063 2668 1133 expeditionem
2711 1063 3071 1134 Byzantinam
3127 1059 3482 1128 antecapieu-

1905 1157 2029 1212 dam
2094 1156 2510 1222 decernebant;
2569 1171 2694 1212 nam
2755 1156 2799 1209 si
2855 1170 2918 1209 ea
2977 1153 3113 1207 urbe
3170 1153 3482 1222 potirentur

1907 1250 2050 1317 (esse
2079 1258 2260 1303 autem
2297 1247 2544 1318 potiundi
2580 1246 2895 1316 praeclaram
2930 1245 3132 1315 spem).
3180 1245 3372 1298 multis
3405 1244 3482 1299 ibi

1908 1337 2266 1408 imperatoris
2300 1349 2486 1407 partes
2533 1335 3014 1406 amplectentibus,
3066 1333 3276 1404 magnis
3325 1332 3485 1387 dein-

1907 1445 2038 1498 ceps
2066 1439 2121 1484 et
2153 1429 2440 1484 laboribus
2481 1439 2537 1484 et
2599 1428 2864 1500 periculis
2905 1427 3023 1481 fore
3067 1426 3291 1480 liberos.
3321 1421 3486 1479 Occi-

1907 1522 2157 1578 dentales
2203 1530 2384 1576 autem
2413 1521 2609 1591 —magis
2653 1519 2719 1572 ad
2775 1533 2865 1572 res
2923 1515 3237 1572 Occidentis
3271 1515 3488 1570 incum—

1909 1613 2151 1676 beudum
2186 1613 2526 1676 censebant;
2559 1610 2761 1681 quippe
2807 1608 2951 1662 haud
2997 1606 3244 1662 etl'eratis
3283 1605 3396 1660 illic
3427 1606 3484 1660 in

1911 1707 2298 1778 imperatorem
2326 1703 2674 1768 mortalibus,
2701 1717 2765 1757 ac
2795 1700 3030 1771 proinde
3053 1699 3125 1754 ob
3155 1698 3490 1754 benevolen-

1913 1801 2044 1855 tiam
2085 1815 2196 1854 non
2244 1797 2465 1853 dimcile
2513 1796 2581 1851 ad
2629 1794 2751 1864 ejus
2803 1792 3097 1863 imperium
3147 1789 3487 1847 accessuris.

1912 1893 2195 1949 Adversus
2236 1889 2570 1962 Byzantinos
2611 1901 2751 1957 opus
2786 1885 2906 1940 fore
2946 1898 3144 1954 magno
3195 1889 3487 1950 apparatu,

1917 1983 2141 2054 quando
2189 1981 2306 2036 illic
2350 1980 2508 2035 multi
2559 1978 2670 2033 sint
2717 1978 2839 2048 ejus
2885 1976 3072 2030 hostes
3119 1970 3489 2034 acerbissimi,

1916 2073 2012 2144 qui
2048 2083 2105 2128 et
2138 2073 2279 2129 alios
2313 2071 2381 2126 ad
2422 2085 2575 2125 arma
2604 2068 2944 2124 exsuscitent
2973 2083 2987 2121 :
3025 2067 3078 2120 in
3111 2080 3252 2136 quos
3282 2063 3352 2120 ab
3399 2077 3495 2118 oc-

1919 2165 2140 2221 cidente
2171 2173 2364 2220 auctos
2393 2161 2644 2236 potentia
2685 2174 2960 2222 reversos,
3009 2171 3232 2214 movere
3269 2163 3492 2226 oporte-

1919 2267 2026 2313 ret.
2059 2255 2382 2312 Mercenarii
2434 2262 2492 2310 et
2537 2252 2827 2309 domestici
2876 2251 3232 2320 imperatoris
3280 2248 3493 2303 nullum

1916 2347 2219 2403 discrimen
2255 2345 2557 2410 faciebant,
2598 2344 2774 2410 parati
2805 2343 2885 2398 ire
2920 2359 3029 2413 quo
3056 2342 3150 2398 ille
3179 2339 3495 2396 consultum

1919 2447 2160 2509 putaret.
2195 2436 2367 2506 Cujus
2421 2435 2540 2490 haec
2590 2434 2696 2488 fuit
2751 2433 3025 2489 sententia
3061 2447 3076 2486 :
3109 2429 3495 2486 Occidentales

1919 2532 2067 2587 ultro
2093 2537 2377 2592 vocantes,
2414 2534 2472 2583 et
2494 2537 2601 2582 tam
2631 2525 2787 2582 multi
2817 2525 2962 2580 haud
2993 2521 3304 2593 negligendi
3333 2527 3494 2586 sunt;

1919 2623 2016 2693 qui
2051 2622 2097 2678 si
2132 2621 2218 2676 vel
2254 2633 2368 2674 non
2412 2625 2700 2684 vocarent,
2731 2629 2790 2672 et
2831 2616 3010 2672 solum
3057 2611 3268 2684 aliquid
3308 2611 3499 2682 explo-

1921 2723 2054 2769 ratae
2081 2713 2202 2784 spei
2227 2709 2746 2776 subostenderetur,
2782 2707 2852 2764 ad
2881 2722 2984 2764 nos
3017 2721 3079 2761 se
3109 2703 3498 2776 adjungerent,

1921 2807 1970 2862 si
2021 2806 2097 2862 ibi
2143 2820 2413 2862 essemus.
2470 2805 2646 2859 Tanta
2696 2802 2867 2873 igitur
2919 2799 3243 2856 accessione
3294 2795 3499 2852 virium

1922 2907 2122 2969 sponte
2155 2897 2408 2962 dimissa,
2438 2910 2603 2968 quam
2645 2892 3113 2963 vituperationem
3157 2905 3272 2945 non
3321 2902 3502 2945 mere-

1922 2988 2148 3043 remur?
2195 2986 2358 3059 [‘53
2388 2986 2550 3042 Nunc
2601 2984 2867 3056 quoniam
2925 2983 3032 3054 ipsi
3079 2990 3395 3044 accersunt,
3442 2989 3502 3038 et

1923 3089 2140 3136 certum
2187 3088 2294 3144 est,
2327 3093 2430 3134 nos
2475 3092 2663 3133 rerum
2697 3075 2810 3133 illic
2849 3074 3150 3146 potituros,
3191 3087 3303 3127 non
3334 3070 3505 3127 habet

241 3165 559 3238 διεφέροντο
583 3168 720 3238 πρὸς
748 3169 901 3222 οὐδέν
934 3185 949 3201 ⁶
995 3169 1114 3223 ἀλλ’
1145 3169 1354 3240 ἕτοιμοι
1382 3164 1524 3240 ἦσαν
1548 3170 1685 3239 πρὸς
1715 3170 1742 3222 δ
1770 3187 1817 3223 τι

1930 3171 2232 3242 quidquam
2265 3185 2369 3226 nec
2394 3169 2672 3234 utilitatis,
2697 3182 2801 3224 nec
2839 3163 3168 3238 prudentiae,
3206 3173 3371 3220 tanta
3400 3177 3505 3233 op-

239 3256 317 3311 ἂν
348 3257 556 3327 βασιλεῖ
604 3260 736 3331 δοκῇ
791 3255 1092 3314 λυσιτελεῖν
1142 3261 1473 3332 τρεψόμενοι
1509 3262 1604 3316 καὶ
1641 3260 1817 3318 αὐτοί.

1927 3262 2252 3332 portunitati
2275 3261 2489 3329 deesse,
2521 3260 2619 3316 sed
2651 3260 2872 3315 illorum
2905 3271 3127 3330 quoque
3156 3253 3506 3312 assumendae

240 3348 512 3414 Βασιλεὺς
556 3350 612 3404 δὲ
643 3353 742 3404 οὐκ
775 3353 984 3420 ἔφασκε
1033 3353 1147 3406 δεῖν
1179 3355 1309 3415 τοὺς
1335 3354 1401 3406 ἐκ
1439 3351 1540 3422 τῆς
1580 3352 1817 3422 ἑσπέρας

1923 3355 2094 3415 vires,
2133 3362 2190 3408 et
2217 3354 2299 3408 sic
2332 3354 2554 3409 demum
2593 3351 2690 3406 alii
2721 3348 3058 3420 subjugandi
3095 3356 3248 3406 sunt.
3279 3347 3517 3410 Timens

237 3441 550 3507 καλοῦντας
597 3444 759 3510 ὄντας
822 3445 1180 3516 τηλικούτους
1241 3446 1542 3516 περιορᾷν·
1595 3447 1692 3499 καλ⁸
1743 3445 1817 3516 μὴ

1923 3446 2056 3502 dum
2105 3445 2330 3516 quippe,
2395 3444 2444 3501 si
2495 3459 2595 3500 eos
2648 3457 2760 3499 non
2816 3438 3228 3505 curaverimus,
3285 3451 3357 3493 ne
3409 3451 3509 3508 pro

238 3533 562 3590 καλούντων
610 3538 743 3610 γὰρ,
797 3540 848 3592 εἰ
911 3540 1074 3609 μόνον
1123 3538 1282 3602 δλπίς
1335 3555 1420 3601 τις
1483 3536 1817 3607 ὑπεφαίνετο

1926 3536 2122 3592 amicis
2149 3545 2206 3591 et
2239 3536 2424 3598 sociis,
2472 3535 2662 3591 hostes
2696 3549 2807 3589 una
2839 3548 2966 3589 cum
3004 3532 3220 3588 caeteris
3254 3529 3508 3600 experia-

243 3624 470 3697 βεϐαία,
501 3629 597 3684 τοῦ
655 3630 1026 3702 προσάξεσθαι
1086 3632 1286 3694 αὐτοὺς
1335 3631 1454 3686 ἐκεῖ
1505 3647 1817 3701 παραγενο-

1925 3644 2070 3683 mur.
2107 3627 2224 3693 His,
2257 3636 2314 3682 et
2342 3627 2468 3684 aliis
2500 3641 2628 3698 pars
2666 3626 2884 3692 volens,
2927 3639 3058 3696 pars
3104 3623 3276 3678 invita
3323 3622 3512 3679 calcu-

241 3718 469 3784 μινους,
501 3715 644 3792 ἦμεν
689 3723 756 3777 ἂν
799 3723 1054 3793 οὐδεμιᾶς
1087 3721 1501 3793 ἀπηλλαγμένοι
1529 3721 1814 3792 μέμψεωςο

1918 3721 2034 3775 lum
2060 3719 2412 3791 adjecerunt.

239 3810 301 3865 εί
336 3811 590 3882 τοιαύτην
642 3813 870 3886 δύναμιν
925 3813 1231 3885 προείμεθα
1283 3815 1530 3878 ἑκόντες·
1561 3814 1703 3868 Νυνὶ
1737 3813 1818 3878 δὲ,
1861 3811 2169 3866 καλούντων
2228 3828 2288 3864 τε
2352 3809 2554 3876 αὐτῶν,
2588 3811 2683 3865 καὶ
2713 3808 2940 3880 βεϐαίαν
2965 3808 3076 3864 τῶν
3102 3808 3222 3862 ἐκεῖ
3244 3809 3511 3880 πραγμά-

238 3920 361 3958 των
407 3905 756 3976 παρεχόντων
799 3907 900 3978 τεὴν
948 3906 1284 3978 παράληψιν,
1337 3905 1462 3960 οὔτε
1509 3905 1814 3967 λυσιτελὲς,
1853 3901 1982 3956 οὗτε
2049 3902 2268 3973 σῶφρον
2311 3903 2598 3973 παριδεῖν·
2673 3900 2809 3955 ἀλλὰ
2853 3901 2972 3955 δεον
3003 3903 3100 3956 καὶ
3129 3902 3230 3972 τὴν
3278 3902 3509 3956 ἐκείνων

243 3996 658 4066 προσλαϐόντας
701 3999 950 4070 δύναμιν,
991 3998 1135 4053 οὕτω
1208 4003 1408 4071 χωρεῖν
1456 4000 1550 4052 επὶ
1595 3999 1722 4061 τοὺς
1789 3995 2003 4060 ἀλλους.
2043 3997 2172 4058 Δέος
2242 3994 2351 4066 γὰρ
2398 3994 2474 4066 μὴ
2521 3993 2615 4048 καὶ
2671 3995 2878 4065 ταύτης
2920 3993 3317 4064 ἀμελήσαντες,
3383 3994 3511 4048 ἀντὶ

244 4090 543 4160 συμμάχου
589 4093 683 4146 καὶ
739 4092 918 4164 φίλης,
971 4093 1234 4162 πολεμίαν
1316 4095 1454 4164 πρὸς
1508 4096 1621 4156 τοῖς
1672 4092 1855 4156 ἀλλοις
1929 4091 2150 4161 ἕξομεν.
2205 4090 2393 4155 Οὕτως
2442 4089 2693 4154 εἰπόντος
2758 4088 3046 4161 βασιλέως,
3101 4090 3196 4143 καὶ
3253 4090 3304 4144 oi
3357 4088 3511 4148 sum

243 4184 676 4256 ἀπεψηφίζοντο,
704 4187 757 4242 οἱ
792 4189 892 4260 μὲν
921 4189 1160 4258 ἑκόντες,
1191 4190 1242 4244 oi
1271 4189 1317 4243 δ’
1350 4189 1617 4263 ἀνάγκῃη

1636 4309 1865 4367 CAPUT
1907 4309 2123 4367 XXXII.

248 4428 782 4510 ngs‘Didym‘otichi
808 4431 1210 4510 cautaquzenus
1244 4437 1533 4510 imperator
1560 4441 1716 4494 duces
1751 4441 1985 4509 equitum
2023 4445 2070 4492 et
2101 4437 2522 4493 suburbanorum
2570 4437 2864 4506 reliquerit.
2895 4432 3027 4510 Cum
3065 4430 3252 4510 quibus
3292 4429 3504 4510 exierit.

327 4499 559 4578 Qefectio
604 4501 945 4578 _(.'_oustautiui
980 4499 1493 4578 _l‘aia:ologi.'Bera
1550 4499 1832 4564 castellum
1889 4517 2153 4571 tentatur,
2205 4518 2252 4561 et
2309 4512 2521 4578 propter
2561 4499 2840 4578 monachos
2884 4507 2932 4559 ei
2977 4499 3232 4578 parcitur.
3277 4500 3509 4578 lout!!!“

317 4569 576 4709 amisss
599 4571 653 4624 id
685 4574 739 4626 in
767 4572 927 4639 ﬁdem
973 4569 1322 4646 imperatricis
1357 4581 1567 4652 redigit.
1593 4580 1724 4650 Ejus
1773 4583 1951 4634 timor.
2010 4569 2262 4682 Obsidio‘

327 4754 474 4824 Πρὸς
509 4754 608 4826 μὲν
641 4755 734 4810 οὖν
766 4758 1134 4832 Διδυμοτείχῳ
1166 4760 1415 4831 βασιλίδα
1440 4765 1540 4832 τὴν
1585 4765 1822 4833 γυναῖκα
1857 4776 1904 4834 ι)

2327 4571 2614 4633 eritheorii.
2673 4577 2927 4631 Batatzes
2957 4571 3220 4645 promissa
3280 4571 3509 4640 turpiter

1999 4761 2172 4832 Igitur
2191 4759 2336 4832 apud
2362 4758 2830 4832 Didymotichum,
2855 4757 3143 4828 coniugem
3171 4770 3294 4809 cum
3326 4755 3508 4812 tribus

249 4848 552 4903 κατέλιπεν
598 4850 627 4904 ό
671 4849 925 4919 βασιλεὺς
982 4849 1098 4924 ἅμα
1146 4856 1450 4926 θυγατράσι
1499 4858 1680 4926 τρισὶ,
1730 4849 1817 4909 καὶ

1936 4851 2180 4918 ﬁliabus,
2230 4860 2288 4906 et
2333 4851 2703 4920 Nicephorum
2769 4850 2987 4915 ducem,
3035 4847 3279 4917 despolze
3333 4847 3506 4901 (ilium

247 4940 414 4996 δουκὶ
450 4932 750 5016 Νικηφόρῳ
777 4945 855 5015 τῷ
877 4946 1136 5000 δεσπότου
1166 4948 1340 5014 παιδὶ,
1374 4940 1419 5016 ᾧ
1450 4948 1670 5017 Μαρίαν
1701 4962 1829 4998 συν-

249 5034 429 5106 ᾤκισε
492 5038 590 5106 τὴν
637 5036 933 5109 θυγατέρα,
986 5038 1263 5102 ἀδυνάτως
1315 5039 1494 5109 ἔχοντι
1535 5038 1830 5108 στρατεύε-

255 5125 387 5180 σθαι
419 5126 510 5181 διὰ
546 5129 644 5199 τὴν
681 5129 920 5201 ἠλικίαν,
953 5130 1032 5184 ἔτι
1068 5131 1175 5204 γὰρ
1225 5129 1539 5202 παρήμειϐε
1563 5130 1663 5201 τὴν
1703 5147 1835 5182 παι-

254 5219 457 5290 δικήνο
512 5221 770 5292 στρατιάν
807 5239 869 5275 τε
924 5223 1156 5294 ἱππικὴν
1190 5223 1326 5293 ὅσην
1385 5221 1522 5294 ᾤετο
1569 5221 1835 5292 ἀρκέσειν

257 5311 402 5381 πρὸς
447 5312 547 5376 τὰς
603 5314 668 5366 ὲκ
715 5313 824 5367 τῶν
873 5313 1052 5368 ἀλλων
1103 5315 1334 5380 πόλεων,
1383 5315 1479 5367 καὶ
1539 5311 1837 5376 Βυζαντίου

1938 4945 2047 5014 (cui
2082 4943 2307 4997 Mariam
2362 4943 2528 4997 ﬁliam
2572 4943 2971 5012 desponderat,
3007 4939 3215 5009 quique
3255 4951 3354 5008 per
3381 4949 3512 4996 mta-

1940 5043 2048 5090 tein
2083 5035 2410 5090 imbecillam
2436 5051 2500 5090 ac
2531 5033 2799 5105 puerilem
2830 5032 3064 5087 tolerare
3095 5029 3346 5084 militiam
3378 5044 3511 5084 non-

1933 5127 2065 5182 dum
2099 5135 2313 5198 poterat
2340 5127 2481 5200 [83])
2513 5136 2568 5182 et
2602 5137 2811 5181 turmas
2846 5133 3153 5194 equestres,
3183 5131 3319 5192 quot
3351 5122 3512 5176 nimi-

1933 5235 2056 5274 rum
2091 5231 2281 5275 contra
2319 5220 2552 5274 aliarum
2584 5217 2807 5273 urbium
2865 5225 2922 5271 et
2951 5213 3196 5286 Byzantii
3242 5213 3508 5284 impetum

1935 5322 2052 5367 tum
2109 5311 2441 5370 suffecturas
2490 5309 2774 5376 credebat,
2809 5306 3061 5379 reliquit.
3112 5303 3284 5359 Erant
3325 5312 3507 5360 autem

1535 5425 1752 5490 Jacobi
1784 5425 2051 5488 Pontani
2086 5433 2274 5490 uolua.

334 5527 450 5600 (8'5)
481 5530 634 5602 Apud
668 5529 917 5602 Euripid.
951 5530 1005 5602 in
1051 5529 1262 5585 Hecuba
1311 5529 1634 5602 Polydorus,
1667 5529 1828 5587 mini-

259 5614 384 5657 ntus
417 5601 669 5656 natorum
703 5601 922 5659 Priami.
953 5601 1020 5656 de
1050 5615 1148 5656 se:

403 5671 694 5743 Νεὼτατος
713 5671 758 5743 δέ
781 5667 850 5742 ἦν
887 5671 1199 5743 Πριαμιδῶν
1216 5684 1234 5701 ⁸
1251 5669 1298 5743 ίδ
1326 5670 1429 5743 καί
1455 5688 1521 5739 με
1547 5673 1654 5743 γῆς

411 5739 832 5827 ἷιζπέςέπεμψίῇ
859 5782 872 5804 ε
908 5739 1388 5827 ρξτεχᾲρῆφέρξιν
1416 5739 1580 5808 ὅπλῳ

407 5811 533 5866 Οὖτ*
567 5810 724 5881 ἔγχος
748 5810 856 5876 οἷός
881 5810 1014 5894 τ’ἧν
1044 5810 1149 5879 νέῳ
1177 5810 1443 5882 βραχίονι.

2072 5528 2338 5598 Eramque
2372 5537 2498 5583 natu
2528 5526 2859 5582 Priamidum
2890 5525 3204 5598 novissimus
3229 5536 3250 5576 :

2074 5593 2372 5668 Atque'hac
2411 5600 2554 5667 [oras
2582 5598 2914 5668 potissimum
2946 5613 3026 5668 me
3055 5593 3228 5666 qratia

2076 5616 2243 5720 mque
2272 5616 2372 5652 nac
2411 5616 2554 5667 (oras
2582 5616 2914 5668 ροιιεειπιιιηι
2946 5616 3026 5650 me
3055 5616 3170 5666 qrat

2076 5667 2152 5724 Su
2189 5670 2350 5726 misit.
2385 5685 2440 5721 ut
2475 5669 2562 5721 cui
2594 5685 2685 5722 nec
2717 5668 2951 5737 ferundae
2976 5667 3172 5737 lancea:

2078 5739 2140 5792 Et
2167 5739 2238 5792 ad
2263 5755 2416 5792 arma
2448 5738 2678 5793 nondum
2710 5748 2886 5791 tenera
2919 5736 3171 5806 suﬁccret
3197 5746 3412 5790 manus.
