3880 6606
194 463 297 527 839

1322 465 1696 525 HISTORIA
1711 463 1873 523 RUM
1917 460 2149 523 LIBER
2193 459 2309 523 ῐΙῐ.

3322 456 3429 519 890

212 579 538 652 ’Δνδρονίκου
564 582 993 654 προσηγόρευτο,
1020 583 1260 652 ἐγένετο,
1280 583 1375 637 καὶ
1400 582 1745 654 περιεκάθητι

1869 580 2102 637 urbibus
2127 596 2238 636 non
2266 580 2479 636 modica
2507 581 2765 651 adjuncta
2796 594 2979 643 manu,
3010 576 3136 648 quia
3167 589 3224 629 se
3254 575 3433 644 impe-

202 674 493 741 πολιορκῶν
548 676 609 728 ἐν
641 675 907 746 τέσσαρσι
950 677 1043 730 καὶ
1085 676 1294 730 εἴκοσιν
1342 677 1600 746 ήμέραις.
1649 669 1758 726 ἾΙν

197 767 295 836 γὰρ
321 766 385 834 δὴ
434 766 530 819 καὶ
563 767 699 837 προς
749 768 967 835 Χρέλην
1025 770 1123 822 καὶ
1175 770 1639 839 πρωτοσρτάτορα
1665 765 1757 817 τὸν

199 854 488 924 Συναδηνδν
536 854 594 906 ὲν
651 856 1023 928 Θεσσαλονίκῃ
1078 857 1205 920 τοὺς
1261 848 1608 927 μηνύσοντας
1660 852 1758 921 τὴν

195 945 391 996 ἐκείνου
427 943 614 1011 ἄφιξιν
660 946 999 1016 πεπομφὼς,
1028 948 1126 1001 καὶ
1187 947 1482 1017 περιέμενε
1537 945 1781 1018 μαθεῖν..

195 1036 238 1086 εἰ
269 1035 333 1086 τὰ
364 1034 452 1087 ῖσα
482 1033 672 1106 ὥσπερ
704 1037 798 1089 καὶ
829 1036 1096 1107 πρότερον
1129 1036 1258 1104 περὶ
1286 1034 1449 1088 αὐτοῦ
1474 1035 1756 1089 διανεοῦν-

192 1142 294 1177 ται.
343 1124 627 1196 Βατάτζης
690 1126 748 1180 δὲ
793 1126 919 1189 τούς
952 1143 1012 1179 τε
1043 1125 1386 1196 στρατιώτας
1423 1124 1524 1188 οὓς
1545 1126 1609 1177 ἐκ
1648 1126 1754 1177 Bu-

193 1213 402 1277 ζαντίου
431 1209 568 1287 ἦκιν
604 1215 752 1283 ἔχων
811 1217 1180 1286 ἑπαγόμενος,
1214 1218 1311 1271 καὶ
1372 1218 1435 1269 ἐκ
1472 1216 1581 1268 τῶν
1611 1215 1755 1269 κατὰ
1787 1217 1791 1221 ’

188 1306 280 1376 τήν
311 1307 532 1377 Θρᾴκην
568 1308 664 1361 καὶ
707 1307 972 1377 Ῥοδόπην
999 1309 1210 1362 πόλεων
1241 1309 1343 1361 οὐκ
1371 1308 1560 1377 ὀλίγην
1593 1324 1756 1375 στρα-

187 1399 302 1451 τιὰν
345 1397 690 1468 συνειλοχὼς,
719 1399 831 1452 οὐκ.
859 1397 1164 1469 ἀξιόμαχον
1197 1398 1255 1451 δὲ
1291 1394 1442 1468 ὅμως
1478 1397 1617 1467 πρὸς
1645 1399 1746 1467 τὴν

189 1489 473 1557 βασιλέως,
522 1485 590 1560 ἦν
628 1489 737 1560 γὰρ
782 1490 846 1560 δὴ
880 1491 943 1542 ὲκ
978 1488 1249 1559 βασιλίδος
1297 1489 1391 1541 καὶ
1436 1487 1547 1539 τῶν
1574 1485 1755 1540 ἄλλων

182 1580 289 1633 τῶν
316 1581 382 1634 τὰ
413 1580 725 1650 πράγματα
779 1580 1024 1648 ἀγόντων
1056 1581 1150 1633 τὸν
1187 1579 1325 1646 πρὸς
1375 1581 1584 1631 ἐκεῖνον
1627 1578 1753 1630 ἑπι-

180 1672 552 1739 τετραμμένο;
582 1670 845 1739 πόλεμον,
887 1670 1144 1738 ἐφείπετο
1171 1669 1271 1721 οὐκ
1321 1667 1576 1736 ἐγγύθεν,
1602 1665 1752 1720 ἀλλὰ

184 1765 310 1832 μιᾶς
359 1761 573 1831 ή·;έρας
622 1762 741 1815 ὁδὸν
792 1761 1004 1831 διέχων,
1044 1761 1139 1814 διὰ
1174 1758 1377 1828 πολλῆς
1399 1758 1753 1827 ,ποιούμενος

181 1856 415 1924 σπουδῆς
438 1855 498 1906 τὸ
531 1853 607 1924 μή
665 1856 731 1925 τῇ
780 1853 1049 1923 βασιλέως
1095 1853 1327 1923 στρατιᾷ
1393 1851 1747 1920 περιτυχεῖν·

1861 673 2027 728 ratori
2054 673 2321 741 imparem
2349 660 2631 739 cernebat,
2663 686 2770 725 non
2804 684 2996 740 pr0pe,
3019 667 3113 723 sed
3141 666 3431 722 intervallo

1860 766 2028 820 unius
2058 764 2168 819 diei
2197 764 2614 833 insequebatur,
2646 776 2906 831 perquam
2940 759 3172 813 sollicite
3203 773 3425 823 cavens,

1859 872 1927 912 ne
1984 857 2038 910 in
2090 856 2212 925 ejus
2262 855 2450 923 copias
2501 854 2805 917 incideret;
2856 851 3057 906 sciebat
3110 851 3258 905 enim
3309 851 3430 904 sine

1857 948 2010 1002 clade
2036 964 2095 1003 se
2138 961 2249 1001 non
2292 960 2611 1000 evasurum.
2642 944 2989 999 Peritheorio
3019 949 3203 995 autem
3226 941 3295 994 ab
3327 941 3430 992 im-

1860 1049 2113 1109 peratore
2158 1046 2310 1091 arcte
2356 1036 2601 1100 obsesso,
2639 1049 2856 1089 omnem
2903 1033 3188 1087 rudentem
3241 1046 3427 1085 move—

1857 1133 1972 1196 bat,
1999 1138 2060 1184 ut
2087 1144 2212 1183 cum
2242 1127 2430 1198 paucis
2460 1126 2790 1197 quibusdam
2825 1127 2972 1195 (quia
3009 1141 3132 1179 cum
3178 1122 3426 1194 pluribus

1855 1235 1971 1281 non
1999 1217 2224 1289 licebat)
2268 1205 2607 1272 clandestine
2662 1215 2717 1270 in
2770 1218 2961 1271 urbem
3008 1218 3127 1286 ejus
3183 1215 3425 1269 tutandae

1855 1328 2013 1366 causa
2037 1310 2389 1380 irrumperet.
2427 1309 2534 1365 Sed
2555 1308 2773 1363 frustra.
2796 1308 2932 1362 Nam
2970 1309 3269 1378 imperator
3285 1306 3425 1361 assi-

1855 1396 1960 1459 dua
1985 1396 2272 1459 obsidione
2298 1404 2555 1468 instabat,
2576 1410 2631 1457 et
2650 1417 2843 1457 omnes
2864 1394 3045 1455 aditus
3075 1400 3316 1455 custodia
3333 1414 3425 1453 se-

1856 1494 2058 1565 piebat,
2097 1494 2490 1565 machinasque
2524 1496 2843 1563 omnigenas
2892 1503 2948 1547 et
2978 1492 3153 1546 scalas
3186 1490 3251 1543 ad
3289 1503 3426 1543 mos-

1854 1587 1945 1642 nia
1971 1587 2393 1641 conseendenda
2424 1586 2797 1654 comparabat.
2825 1584 2989 1656 455
3018 1579 3267 1637 Batatzes
3299 1594 3422 1635 eum

1858 1680 2100 1735 obsessis
2129 1679 2279 1733 nulla
2310 1680 2396 1733 via
2422 1687 2609 1749 posset
2640 1691 2983 1739 succurrere,
3012 1674 3086 1729 ad
3125 1675 3424 1743 imperato-

1855 1787 1971 1825 rem
2005 1770 2254 1834 mittens,
2288 1779 2358 1824 κει
2403 1771 2693 1840 pristinam
2721 1766 3160 1823 benevolentiam
3201 1764 3426 1834 proﬁte-

1858 1869 1966 1922 tur,
1996 1870 2052 1914 et
2094 1875 2251 1928 aeque
2293 1870 2351 1914 ut
2400 1860 2556 1928 prius
2600 1857 3067 1914 studiosissimum
3114 1855 3265 1909 illius
3305 1854 3423 1908 fore

180 1947 294 2017 ᾔδει
319 1949 427 2016 γὰρ
456 1947 517 1999 οὺ
550 1948 721 2015 χωρὶς
755 1945 958 2016 ζημίας
997 1945 1343 2011 ἀπαλλάξων.
1377 1943 1745 2013 Περιθεωρίου

1855 1948 2163 2015 promittit;
2215 1949 2282 2002 ad
2341 1949 2618 2003 vitandam
2668 1964 2800 2002 vero
2851 1947 3218 2017 suspicionem
3275 1943 3421 2014 apud

176 2039 227 2091 δ’
265 2038 363 2090 ὑπὸ
390 2036 663 2107 βασιλέως
735 2037 1199 2107 πολιορκουμένου
1243 2035 1506 2107 ἀκριϐῶς,
1561 2036 1746 2087 πᾶσαν

179 2131 284 2201 μὲν
342 2129 512 2182 ἐκίνει
562 2130 837 2199 μηχανὴν,
872 2130 948 2193 ὡς
980 2130 1098 2200 ἅμα
1147 2131 1291 2182 τισὶν
1343 2128 1548 2195 ὀλίγοις
1572 2127 1620 2179 εί
1658 2125 1749 2178 δύ·-

177 2238 347 2286 ναιτο,
378 2221 595 2276 πλείοσι
624 2223 734 2292 γαρ
763 2222 865 2275 οὐκ
892 2221 1022 2291 ἐνῆν
1050 2221 1352 2285 διαλαθεῖν,
1409 2218 1747 2291 παρελευσό-

179 2331 340 2382 μενος
374 2316 454 2376 εἰς
483 2310 583 2384 τὴν
609 2314 769 2373 πόλιν
805 2314 900 2367 καὶ
938 2312 1215 2382 φυλάξων.
1269 2313 1442 2365 ’Πνυε
1483 2311 1539 2364 δὲ
1567 2310 1741 2373 οὐδὲν,

178 2403 444 2475 βασιλέως
482 2408 578 2474 τῆς
629 2405 949 2476 πολιορκίας
1008 2407 1280 2467 συντόνως
1330 2404 1616 2474 ἐχομένου,
1652 2401 1746 2454 καὶ

173 2496 266 2550 διὰ
294 2496 474 2565 πάσης
532 2496 861 2566 ποιουμένου
914 2496 1165 2565 φυλακῆς
1204 2512 1221 2529 ⁸
1256 2494 1633 2565 μηχανήματὰ
1685 2510 1745 2546 τε

169 2584 286 2654 γάρ
317 2584 636 2638 παντοδαπά
681 2586 778 2639 καὶ
834 2585 1117 2654 κλίμακας
1153 2586 1294 2655 πρὸς
1358 2585 1460 2654 τὴν
1490 2601 1748 2654 τειχομα-

174 2676 302 2746 χίαν
333 2675 746 2746 παρεσκεὺαξε.
783 2676 1069 2747 Βατὰτζης
1118 2677 1176 2729 δὲ
1212 2676 1389 2729 οὐδενὶ
1410 2674 1601 2746 τρόπῳ
1630 2676 1745 2736 τοῖς

173 2747 654 2835 πολιορκουμένοις
697 2763 922 2834 βοηθεῖν
964 2765 1280 2834 δυνάμενος.
1340 2763 1478 2832 πρὸς
1512 2763 1744 2832 βασιλέα

170 2854 423 2924 πέμψας,
465 2858 564 2925 τήν
598 2870 656 2909 τε
713 2854 935 2909 εὔνοιαν
973 2855 1246 2925 ὡμολόγει
1308 2854 1406 2926 τήν
1446 2855 1741 2925 προτέραν,

168 2943 274 2996 καὶ
308 2942 384 3006 ὡς
414 2942 567 2995 οὐδὲν
597 2937 819 3015 ἦττονῆ
852 2943 1150 3013 πρότερον,
1196 2943 1291 3019 καὶ
1330 2942 1435 2995 νῦν
1458 2941 1646 3004 εὔνους
1680 2941 1743 2996 τέ

169 3040 321 3089 ἐστιν
350 3035 500 3106 αὐτῷ
556 3036 652 3088 καὶ
683 3035 793 3087 τῶν
826 3035 1066 3104 μάλιστα
1126 3033 1455 3103 φιλούντων.
1501 3034 1741 3104 Ἀνάγκη

164 3130 230 3181 δὲ
260 3129 350 3181 τὸν
392 3129 634 3201 πόλεμον
660 3126 921 3182 ὑπελθεῖν
942 3127 1037 3181 τοῦ
1076 3127 1152 3198 μὴ
1180 3127 1331 3197 παρὰ
1359 3131 1473 3191 τοῖς
1512 3128 1742 3198 ἄρχουσι

184 3218 478 3290 Ῥωμαίων
521 3219 945 3273 ὑποπτεύεσθαι.
984 3219 1060 3273 Οὔ
1090 3220 1155 3289 δὴ
1199 3218 1362 3277 ἕνεκα
1413 3221 1511 3273 καὶ
1549 3219 1645 3272 νῦν
1674 3218 1740 3272 τὰ

1854 2038 2223 2093 Romanorum
2275 2040 2565 2095 arrhontas
2624 2055 2683 2094 se
2730 2040 2861 2093 huic
2906 2038 3049 2093 bello
3100 2037 3425 2092 submittere.

1852 2134 2134 2189 debuisse.
2179 2131 2550 2198 QuamObrcm
2596 2139 2652 2186 et
2697 2146 2865 2193 nunc,
2913 2146 3033 2200 qua:
3084 2128 3422 2185 conductura

1844 2226 2075 2298 judicet,
2106 2239 2422 2278 suasurum.
2465 2223 2599 2277 Nam
2642 2230 2701 2276 ut
2741 2221 3003 2282 amicum,
3056 2235 3179 2276 esse
3219 2218 3424 2273 sollici-

1851 2327 1988 2381 tum,
2030 2315 2178 2385 quod
2225 2315 2429 2370 bellum
2469 2315 2575 2369 hoc
2620 2329 2728 2367 non
2772 2310 3049 2368 Rbmanos
3094 2311 3277 2374 modo,
3326 2310 3422 2365 5rd

1849 2410 2031 2478 ipsum
2073 2424 2296 2478 quoque
2342 2406 2785 2463 Cantacuzenum
2831 2405 3154 2476 gravissime
3189 2403 3423 2457 alllictu-

1849 2518 1969 2557 rum
2003 2502 2076 2555 sit
2134 2502 2267 2559 Esse
2300 2508 2484 2554 autem
2521 2501 2636 2554 haec
2671 2513 2796 2567 quae
2830 2499 3078 2560 suadeat,
3119 2504 3181 2550 ut
3225 2495 3421 2566 positis

1847 2590 2016 2646 armis
2059 2591 2236 2646 fcedus
2280 2591 2431 2660 pacis
2465 2605 2589 2645 eum
2638 2589 2990 2659 imperatrice
3036 2587 3199 2642 feriat
3245 2593 3320 2649 ct,
3374 2582 3420 2638 si

1845 2683 2080 2753 placeat,
2116 2681 2233 2750 ipse
2268 2696 2434 2751 quam
2459 2676 2700 2751 primum
2745 2679 2813 2735 ad
2857 2694 2979 2734 eam
3013 2677 3420 2748 proﬁciscatur,

1847 2773 1915 2828 de
1944 2789 2077 2844 pace
2115 2787 2239 2829 cum
2272 2773 2463 2828 eadem
2492 2783 2719 2827 acturus
2749 2789 2762 2826 :
2812 2786 2976 2842 quam
3026 2770 3215 2839 utique
3250 2768 3422 2823 ﬂexu-

1846 2882 1944 2923 rns
1981 2852 2092 2931 ‘sit,
2142 2865 2188 2918 si
2240 2879 2394 2920 suam
2443 2865 2522 2918 illi
2569 2862 2870 2934 potentiam
2922 2861 3255 2923 declararit;
3291 2876 3418 2915 nam

1846 2958 1995 3031 quod
2051 2957 2493 3012 inﬁrmissimum
2547 2962 2825 3026 putarent,
2890 2952 3016 3008 ideo
3073 2952 3435 3040 adversarios

1845 3051 1966 3121 ejus
1998 3047 2065 3103 ad
2102 3062 2255 3102 arma
2289 3045 2632 3115 provolasse.
2666 3043 2817 3098 Talia
2845 3043 3098 3097 Batatzcs
3123 3058 3220 3112 per
3246 3042 3418 3095 inter-

1838 3135 2321 3205 'nuntium.Cujus
2363 3132 2659 3188 consilium
2705 3131 3008 3201 imperator
3036 3130 3278 3185 libenter
3320 3145 3423 3183 au-

1846 3227 2006 3295 divit,
2066 3240 2237 3298 seque
2283 3234 2434 3279 certo
2480 3222 2605 3278 loco
2651 3221 2936 3278 conveniri
2981 3220 3165 3293 jussit,
3212 3219 3305 3275 ubi
3350 3220 3420 3274 de

164 3311 431 3366 δοκοῦντα
475 3311 849 3381 λυσιτελήσειν
886 3311 1299 3381 συμϐουλεύειν.
1334 3310 1606 3382 Κήδεσθαι
1637 3310 1743 3382 γὰρ

1847 3320 1998 3392 pacis
2046 3296 2460 3374 conditionibus
2531 3312 2676 3369 inter
2723 3328 2784 3368 se
2841 3312 3309 3393 colloquerentur.
3350 3310 3419 3365 Et

162 3402 237 3458 οὐ
258 3402 562 3473 -Ῥωμαίων
603 3402 766 3474 μόνον
801 3403 871 3457 τά
897 3404 1101 3474 ἔσχατα
1122 3399 1199 3458 ’ὲκ
1228 3403 1324 3457 τοῦ
1357 3404 1597 3473 πολέμου
1623 3420 1744 3457 πει-
1778 3474 1791 3479 θ

167 3496 444 3566 σομένων,
472 3496 610 3551 ἀλλὰ
667 3498 763 3550 καὶ
812 3497 907 3550 σοῦ
937 3498 1026 3551 διὰ
1066 3497 1167 3569 τὴν
1199 3497 1408 3566 φιλίαν.
1470 3496 1659 3550 Ταῦτα
1683 3496 1743 3549 δι

160 3586 309 3651 ἐστι,
334 3586 428 3637 τὸν
457 3586 695 3655 πόλεμον
723 3586 1122 3656 καταθέμενον,
1148 3587 1385 3650 σπονδὰς
1405 3587 1741 3658 ποιήσασθαι

163 3675 309 3744 πρὸς
349 3673 597 3743 βασιλίδα
643 3675 773 3747 περὶ
823 3677 922 3745 τῆς
966 3677 1215 3747 εἰρήνης.
1278 3678 1390 3729 Καὶ
1441 3678 1558 3744 εἴγε
1598 3676 1741 3729 κατὰ

158 3766 394 3837 γνώμην
437 3766 591 3836 αὐτῷ
624 3767 734 3837 εἴη,
788 3768 950 3822 αὐτὸν
992 3769 1129 3839 πρὸς
1167 3762 1476 3842 βασιλίδα
1507 3767 1740 3839 τάχιστα

156 3859 387 3913 δύναιτο
438 3861 739 3913 ἀπελθόντα
789 3861 1131 3926 διαλέξεσθαι
1162 3862 1290 3930 περὶ
1323 3860 1545 3930 εἰρήνης
1590 3876 1604 3891 ·
1633 3858 1742 3911 οἴε-

158 3954 292 4008 σθαι
321 3952 378 4006 δὲ
412 3958 507 4006 και
566 3953 779 4006 πείσειν
815 3954 1010 4023 ῥᾷστα,
1066 3955 1165 4023 τὴν
1202 3952 1456 4022 δύναμιν,
1493 3954 1561 4023 ἢν
1594 3951 1741 4021 ἔχεις

156 4042 410 4112 φανερὰν
458 4042 788 4112 ποιήσαντα.
838 4026 1141 4103 Ἑκείνουςξ
1168 4041 1279 4111 γὰρ
1315 4038 1426 4113 τῶν
1460 4041 1581 4094 λίαν
1629 4038 1741 4093 οἰο-

158 4137 365 4204 μένους
419 4133 837 4186 ἀσθενεστάτων
897 4129 1198 4203 προθύμως
1255 4132 1556 4202 ὡρμῆσθαι
1601 4132 1739 4200 πρὸς

152 4228 253 4278 τὸν
315 4224 575 4295 πόλεμον.
642 4223 703 4278 '0
739 4224 838 4294 μὲν
870 4220 963 4280 οὖν
994 4222 1274 4291 Βατάτζης
1317 4221 1546 4276 τοιαῦτα
1575 4225 1741 4292 ἐπρε-

157 4316 416 4370 σὸεύετο.
450 4315 717 4379 Βασιλεὺς
770 4315 827 4368 δε
864 4316 1122 4382 ἁσμένως
1148 4330 1208 4367 τε
1240 4313 1460 4377 ἐδέξατο
1491 4315 1611 4376 τους
1644 4313 1736 4366 λό-

149 4421 317 4473 γους,
349 4405 445 4456 καὶ
474 4404 609 4473 πρός
635 4410 758 4456 τινα
797 4402 1012 4455 ἐκέλευε
1044 4401 1207 4455 τόπον
1248 4400 1529 4455 συνελθεῖν
1562 4401 1734 4472 αὐτῷ,

147 4501 215 4550 ὲν
244 4488 292 4564 ᾧ
324 4495 453 4566 περὶ
502 4495 596 4548 τοῦ
704 4495 809 4566 χρὴ
856 4494 1104 4564 γενέσθαι
1151 4495 1251 4565 τὴν
1311 4496 1537 4565 εἰρήνην
1565 4495 1739 4549 διαλέ-

1845 3415 1963 3484 ipse
1995 3411 2115 3467 sine
2149 3425 2304 3465 mora
2338 3409 2405 3463 ad
2447 3416 2668 3479 pactum
2714 3406 2896 3462 locum
2942 3407 3113 3471 venit,
3160 3404 3421 3459 Batatzen

1844 3512 2201 3575 exspectans.
2253 3500 2358 3567 Qui
2408 3499 2526 3554 sive
2573 3506 2770 3567 suopte
2816 3508 2979 3563 nutu,
3027 3498 3141 3553 sive
3191 3497 3421 3551 alterius

1844 3596 2110 3666 impulsu,
2142 3595 2438 3648 adventum
2470 3605 2633 3646 suum
2672 3591 2728 3644 in
2759 3590 2904 3645 diem
2936 3598 3216 3660 posterum
3243 3587 3422 3642 distu-

1840 3684 1928 3749 lit,
1964 3683 2243 3763 allirntans
2274 3681 2414 3736 velle
2446 3695 2505 3734 se
2544 3679 2765 3749 quidem
2803 3678 2955 3748 pacis
3002 3678 3144 3746 inter
3190 3677 3420 3742 impera-

1844 3787 1992 3830 tores
2034 3771 2390 3829 conciliandze
2436 3782 2690 3847 promum
2733 3769 2971 3823 condum
3012 3784 3167 3831 esse;
3222 3766 3420 3822 timere

1842 3877 2053 3931 tamen,
2080 3880 2149 3919 ne
2188 3878 2312 3918 cum
2347 3861 2529 3918 neutri
2572 3859 2718 3930 parti
2768 3858 3152 3920 commodarit,
3198 3858 3420 3912 sibimet

1841 3955 2204 4009 maximarum
2265 3950 2642 4006 calamitatum
2703 3949 2978 4004 maximus
3043 3957 3237 4003 auctor
3300 3946 3415 4002 ﬁat.

1842 4049 2057 4104 Idcirco
2095 4046 2162 4101 ad
2214 4047 2392 4114 ipsum
2441 4045 2499 4098 in
2557 4057 2798 4114 praesens
2848 4043 3082 4097 veritum
3130 4041 3415 4097 act-edere.

1838 4136 1976 4193 Nam
1999 4136 2090 4206 qui
2115 4135 2360 4206 Byzantii
2390 4149 2619 4189 summa:
2642 4149 2829 4187 rerum
2854 4132 3203 4203 praesideant,
3226 4146 3420 4200 quam-

1840 4231 1924 4286 vis
1951 4229 2157 4283 nullam
2191 4227 2529 4297 suspicionis
2563 4226 2913 4282 occasionem
2944 4224 3121 4288 danti,
3155 4223 3266 4277 imo
3289 4239 3419 4277 vero

1840 4336 1961 4392 qua:
1999 4321 2133 4389 ipsis
2158 4320 2464 4389 placerent,
2499 4317 2853 4390 perstudiose
2892 4316 3197 4386 prazstanti,
3246 4327 3302 4373 et
3349 4315 3419 4369 ab

1839 4430 1905 4468 eo
1935 4413 2213 4467 deficienti
2243 4410 2412 4481 (quod
2445 4410 2819 4474 fortunarum,
2852 4407 3420 4478 eharissimorumque

1837 4500 2165 4563 liberorum.
2195 4514 2252 4557 et
2297 4502 2484 4556 uxoris
2528 4500 2883 4556 amissionem
2917 4499 3060 4555 ferre
3088 4514 3197 4555 non
3213 4498 3418 4568 posset)

149 4586 346 4654 ξονται
367 4604 383 4619 ·
425 4586 593 4657 μηδέν
621 4604 680 4641 τε
710 4587 1007 4657 μελλήσας,
1042 4586 1176 4656 πρὸς
1206 4587 1296 4639 τὸν
1324 4586 1736 4657 συντεθειμένον

1847 4604 2030 4651 tamen
2067 4595 2317 4650 nondum
2367 4593 2530 4652 ﬁdem
2579 4595 2808 4659 habere,
2855 4592 2951 4648 sed
3002 4592 3178 4669 ipsius
3227 4592 3421 4647 interi-

144 4674 292 4752 ἦλθε
328 4680 516 4745 τόπον,
543 4680 634 4732 τὸν
666 4678 950 4750 Βατὰτζην
981 4679 1316 4748 περιμένων.
1359 4677 1418 4732 '0
1450 4678 1617 4749 δ’,εῖτ⁹
1640 4679 1736 4731 αὖ·

144 4776 243 4838 τὸς
269 4773 365 4842 ὑφ’
386 4772 606 4836 ἑαυτοῦ,
638 4772 741 4828 εἶθ’
771 4772 858 4824 ἑτέ
869 4788 961 4840 pou
986 4769 1447 4840 συμϐουλεύοντος
1469 4770 1736 4839 πεισθεὶς,

142 4869 238 4931 εἰς
269 4866 371 4939 τὴν
433 4868 729 4936 ὑστεραίαν
782 4864 1131 4927 ἀνεϐάλλετο,
1191 4864 1292 4934 τῆς
1358 4864 1456 4933 μὲν
1502 4865 1726 4934 εἰρήνης

145 4961 319 5029 ὑμῶν
366 4960 476 5013 τῶν
539 4956 806 5028 β-.σ,λέων
867 4960 1104 5027 μάλιστα
1139 4954 1429 5027 βούλεσθαι
1461 4955 1632 5009 εἰπὼν
1656 4957 1736 5009 αἰ-

143 5053 435 5114 τιώτατος
463 5051 745 5120 γενέσθαι,
787 5049 1091 5102 δεδοικέναι
1118 5048 1175 5101 δὲ
1207 5047 1283 5119 μὴ
1319 5047 1579 5117 οὐδεμίαν
1611 5048 1737 5119 δνη-

143 5162 242 5198 σιν
277 5143 568 5214 ἑκατέροις
621 5144 1046 5214 παρασχόμενος
1075 5122 1256 5212 ἑαυτῷ
1314 5142 1424 5193 τῶν
1457 5142 1734 5210 μεγίστων

140 5237 461 5308 συμφορῶν
511 5235 835 5298 αἰτιώτατος
887 5234 1221 5303 κατασταίη.
1262 5233 1357 5287 Διδ
1411 5234 1536 5287 οὐδὲ
1595 5235 1734 5306 πρὸς

140 5331 328 5383 αὑτὸν
349 5327 747 5398 τετολμηκέναι
777 5327 872 5383 νῦν
903 5326 1098 5381 ἐλθεῖν.
1126 5327 1265 5386 Τοὺς
1295 5327 1405 5396 γὰρ
1435 5330 1493 5380 ὲν
1522 5329 1731 5394 Βυζαν.

1844 4688 2031 4743 mendi
2077 4694 2400 4757 praetextum
2444 4702 2714 4756 quaerere.
2748 4684 3016 4751 Quocirca
3050 4698 3155 4738 nec
3196 4697 3297 4753 pro
3327 4697 3421 4738 se-

1840 4789 2069 4850 ‘questre
2119 4778 2293 4847 pacis,
2351 4787 2412 4832 ut
2458 4778 2678 4840 dixerit.
2733 4776 3056 4848 Byzantium
3105 4777 3183 4830 ire
3232 4788 3416 4844 posse.

1840 4873 2150 4942 Imperator
2177 4868 2331 4940 pacis
2356 4884 2468 4923 non
2503 4878 2610 4923 tam
2643 4884 2779 4931 suae,
2806 4883 2968 4938 quam
2997 4866 3187 4921 alienae
3211 4865 3421 4919 utilita-

1840 4965 1914 5020 tis
1953 4963 2130 5035 gratia
2161 4977 2219 5017 se
2251 4956 2672 5031 cupidissimum
2706 4976 2828 5015 esse
2872 4957 3193 5029 respondit;
3244 4957 3420 5010 nihilo

1839 5057 2030 5113 minus
2079 5054 2229 5111 haud
2281 5068 2615 5125 quemquam
2674 5052 2729 5107 in
2781 5052 3079 5107 discrimen
3125 5062 3417 5121 prmvnsum

1839 5149 2187 5213 adacturum,
2218 5159 2453 5215 seseque
2495 5146 2797 5209 nemluetn,
2829 5141 2975 5213 quod
3010 5141 3077 5197 ad
3121 5143 3300 5213 ipsum
3331 5148 3417 5193 at-

1839 5243 2034 5307 tineat,
2066 5240 2382 5306 laedentem,
2420 5239 2532 5293 Deo
2570 5236 2758 5292 omnia
2793 5235 3127 5307 inspectanti
3164 5233 3419 5290 fortunas

1836 5349 1968 5391 suas
1994 5332 2443 5387 commissurum.

139 5429 256 5496 τεῳ
323 5425 434 5479 τῶν
511 5428 856 5496 πραγμάτων
928 5424 1222 5495 ἄρχοντας,
1300 5428 1483 5481 καίτοι
1530 5430 1807 5502 μηδεμίαν
1845 5430 2081 5507 ὑποψίας
2135 5430 2425 5503 πρόφασιν,
2497 5427 2923 5499 παρασχομένῳ,
2986 5426 3125 5480 ἀλλὰ
3197 5426 3293 5480 καὶ
3348 5423 3418 5479 τὰ

142 5519 396 5581 ἐκείνοις
457 5516 717 5572 δοκοῦντα
776 5519 927 5589 πάσῃ
995 5519 1301 5599 ’πράττοντι⁶
1351 5526 1581 5597 σπουδῇ,
1649 5529 1743 5581 καὶ
1777 5528 1944 5582 αὐτοῦ
2009 5524 2343 5595 ἀφεστηκότι
2410 5523 2499 5578 διὰ
2532 5525 2592 5576 τὸ
2621 5524 2696 5594 μὴ
2716 5522 2814 5594 τὴν
2832 5522 3133 5576 τῶνόντων
3163 5520 3417 5595 στέρησιν

141 5614 250 5667 καὶ
284 5613 565 5682 φιλτάτων
608 5614 703 5667 καὶ
768 5616 1030 5681 γυναικὸς
1078 5615 1267 5686 φέρειν
1330 5617 1608 5681 δύνασθαι,
1642 5620 1794 5691 ὅμως
1832 5620 1989 5674 οῦδὲν
2052 5618 2380 5671 πεπεικέναι
2440 5618 2516 5681 ὡς
2564 5616 2742 5688 πιστῷ
2804 5618 2933 5688 περὶ
2982 5599 3181 5678 αὖτοὺς
3220 5615 3418 5685 προσέ-

141 5723 298 5773 χειν,
345 5704 486 5761 ἀλλὰ
550 5703 820 5773 πρόφασίν
886 5722 1007 5758 τινα
1059 5704 1243 5775 ζητεῖν
1310 5710 1367 5774 ἐξ
1404 5705 1471 5781 ἧς
1540 5711 1949 5784 διαφθεροῦσιν.
2010 5703 2111 5763 Ὧν
2171 5710 2335 5763 ἕνεκα
2403 5709 2513 5763 οὐδ’
2583 5708 2728 5780 ὑπὲρ
2798 5710 2895 5778 τῆς
2945 5711 3171 5780 εἰρήνης
3226 5707 3417 5779 ὥσπερ

138 5794 319 5852 εἶπεν
355 5799 436 5861 εἰς
481 5795 776 5863 Βυζάντιον
813 5799 1077 5855 δύνασθαι
1134 5804 1334 5857 ἐλθεῖν.
1410 5806 1673 5871 Βασιλεὺς
1745 5808 1803 5861 δὲ
1845 5811 2068 5877 εἰρήνης
2129 5808 2227 5879 μὲν
2274 5806 2481 5873 ἔφασκε
2530 5806 2637 5868 ,καὶ
2693 5806 2927 5876 μάλιστα
2991 5808 3061 5859 ὲπ
3087 5806 3280 5875 θυμεῑν
3314 5805 3416 5879 οὐχ

140 5890 364 5948 ἑαυτοῦ
432 5890 653 5962 μᾶλλον,
716 5891 749 5964 ἧ
784 5893 891 5948 τῶν
925 5894 1102 5950 ἄλλων
1146 5897 1410 5967 ὡςελεὶας
1458 5899 1641 5955 ἕνεκα.
1687 5902 1778 5967 Εἰς
1817 5902 2093 5973 προῦπτον
2120 5900 2173 5954 δὲ
2207 5900 2452 5956 κίνδυνον
2474 5900 2767 5972 ἐμϐάλλειν
2798 5900 2990 5956 ἑαυτὸν
3017 5900 3207 5956 οὐδένα
3238 5902 3409 5972 ἀναγ-
