3880 6596
206 453 292 530 893

201 659 290 711 ἀπὸ
314 658 448 712 Θεοῦ
512 659 844 732 χωρίζεσθαι
895 667 1188 736 προσήκει,
1239 669 1352 730 τοῖς
1405 667 1602 729 αἰτίοις
1638 665 1748 718 τῶν

201 749 366 803 κακῶν
394 752 802 822 γεγενημένοις.
831 757 908 809 Ob
944 757 1052 828 γὰρ
1087 758 1321 813 ἔπεσθαι
1352 757 1414 811 τὸ
1439 758 1596 811 Θεῖον
1627 759 1750 820 ταῖς

198 843 511 910 παραλόγοις
542 842 651 896 τῶν
691 847 993 917 ἀρχιερέων
1023 851 1246 919 ὁρμαῖς,
1275 850 1556 911 Διονύσιος
1590 851 1617 900 ὁ
1655 849 1751 919 μέ·

199 951 288 1000 γας
315 934 720 1004 ἀπεφθέγξατο.
756 939 923 1004 Αὖθίς
966 957 1025 993 τε
1069 918 1242 994 ἐδεῖτο
1273 942 1343 995 τά
1373 959 1432 994 τε
1462 943 1624 1011 μέχρι
1655 918 1751 996 νύν

141 1105 146 1112 Ι
195 1026 572 1099 τετολμημένα⁴
607 1029 891 1084 συνιδόντα
927 1031 1004 1094 ὡς
1043 1031 1214 1095 δεινὰ,
1261 1035 1355 1085 καὶ
1383 1032 1452 1085 τὰ
1487 1032 1752 1102 μέλλοντα

193 1116 263 1178 ὡς
288 1116 460 1186 πολλῷ
491 1119 568 1186 τῷ
599 1121 781 1189 μέτρῳ
802 1121 973 1192 χείρω
1003 1121 1392 1190 προσδοκᾶται,
1426 1121 1586 1191 ἥκειν
1616 1120 1752 1190 πρὸς

195 1205 344 1276 αὐτὴν
373 1209 468 1262 καὶ
504 1210 743 1264 διαλύειν
779 1214 878 1275 τὰς
909 1213 1199 1283 συμφορὰς
1233 1214 1557 1281 Ῥωμαίοις,
1587 1214 1752 1283 μόνον

196 1297 311 1354 ὄντα
359 1300 582 1356 δυνατὸν
630 1306 699 1358 τὰ
735 1306 962 1359 τοιαῦτα
1015 1308 1529 1378 καταπράττεσθαι.
1584 1309 1648 1362 Εἰ
1704 1297 1757 1360 δ’

195 1387 296 1455 οὖν,
319 1391 433 1443 ἀλλ’
463 1392 614 1463 αύτῷ
650 1395 746 1463 μὲν
778 1395 926 1450 ἅπαν
959 1397 1249 1466 εἴργασται
1281 1397 1343 1450 τὸ
1367 1397 1487 1450 δέον
1523 1398 1659 1462 πρός
1690 1413 1752 1450 τε

195 1479 311 1534 Θεὸν
338 1481 495 1551 ὁμοῦ,
545 1484 639 1538 καὶ
670 1486 808 1555 πρὸς
853 1487 980 1548 τοὺς
1010 1489 1078 1541 τὰ
1120 1487 1409 1556 Ῥωμαίων
1448 1487 1752 1557 πράγματα

193 1573 412 1640 ἄγοντας
441 1577 640 1640 αὐτοὺς
663 1578 801 1634 νυνί.
833 1581 1000 1633 Δύτοὶ
1026 1580 1072 1633 δ’
1096 1580 1161 1633 ἂν
1185 1581 1376 1632 εἰδεῖεν
1401 1579 1452 1632 εί
1479 1579 1584 1650 χρὴ
1614 1580 1754 1651 πρὸς

192 1661 281 1731 τὴν
303 1663 523 1738 εἰρήνην
551 1666 778 1735 μᾶλλον,
803 1667 837 1734 ἦ
862 1670 954 1722 τὸν
983 1669 1219 1738 πόλεμον
1256 1669 1572 1739 προθύμους
1607 1686 1752 1740 παρ⁶

194 1750 325 1821 ἐχειν
352 1753 596 1821 ἑαυτοὺς,
640 1755 700 1808 ἓν
745 1756 905 1810 τοῦτο
951 1758 1272 1825 σαφέστατα
1326 1758 1749 1826 πεπεισμένους,

191 1845 262 1909 ὡς
292 1846 396 1900 τῶν
431 1864 490 1900 τε
543 1848 937 1917 πραττομένων
968 1849 1060 1901 ὑπ’
1095 1849 1274 1902 αὐτῶν
1310 1847 1541 1910 εὐθύνας
1595 1845 1751 1899 αὐτοὶ

189 1939 385 1992 τίσουσι
407 1938 566 2009 παρὰ
590 1939 732 2008 Θεῷ,
761 1941 854 1993 καὶ
881 1941 933 1993 εἴ
961 1959 1014 1995 τι
1046 1939 1200 2010 παρὰ
1223 1940 1283 1992 τὸ
1321 1938 1623 2010 προσῆκον,
1659 1931 1751 1991 ὑπ’

187 2029 354 2082 αὐτῶν
429 2024 883 2098 συνελαυνόμενος
955 2029 1035 2093 είς
1099 2029 1366 2098 ἀνάγκην,
1437 2027 1583 2098 δρῴη
1655 2026 1750 2079 καὶ

189 2119 364 2183 αὐτός.
403 2121 639 2173 Τοιαῦτα
690 2121 786 2187 μὲν
845 2120 914 2172 τὰ
967 2119 1230 2189 βασιλέως
1278 2118 1583 2188 γράμματα
1631 2117 1753 2187 ἐδή-

187 2213 297 2270 λου.
312 2213 616 2282 Ἐπέμπετο
634 2215 688 2267 δὲ
707 2213 794 2268 διὰ
813 2214 1046 2284 μοναχοῦ
1068 2230 1210 2276 τινος
1232 2211 1434 2284 ἀρετῆς
1446 2225 1753 2266 αντιποιου-

191 2303 370 2372 μένου,
402 2306 496 2356 καὶ
535 2303 682 2374 ζήλῳ
725 2301 802 2370 τῷ
832 2303 972 2370 πρὸς
1003 2302 1068 2356 τὰ
1113 2301 1257 2355 καλὰ
1292 2302 1594 2369 ἑκοντὶτδν
1630 2299 1748 2354 κίν-

187 2391 336 2443 δυνον
367 2389 711 2452 ύπελθόντος.
739 2388 1170 2458 Πατριάρχηςδὲ
1201 2388 1325 2442 ἐπεὶ
1347 2389 1416 2442 τὰ
1444 2387 1750 2458 γράμματα

185 2482 410 2551 ἀνέγνω,
430 2482 584 2534 οὐδὲν
609 2483 706 2550 μὲν
735 2481 872 2551 πρὸς
901 2481 970 2534 τὰ
997 2480 1364 2551 γεγραμμένα
1388 2481 1747 2550 ἀπεκρίνατο,

183 2575 275 2627 τὸν
324 2574 554 2643 μοναχὸν
588 2573 645 2628 δὲ
697 2573 918 2626 ἐκέλευε
970 2572 1333 2642 δεσμωτηρίῳ
1377 2571 1744 2636 κατακλείειν,

183 2664 370 2735 ὥσπερ
398 2665 520 2718 τινὰ
549 2663 655 2717 τῶν
689 2665 781 2717 ἐπὶ
805 2663 1138 2726 δεινοτάτοις
1167 2663 1487 2716 ἑαλωκότων
1507 2677 1524 2696 ⁸
1557 2663 1747 2734 ὥσπερ

183 2755 366 2825 ιρείοις
409 2756 510 2824 τὴν
553 2755 852 2824 ἀπολογίαν
905 2758 1275 2825 πεποιημένος
1305 2756 1385 2808 ὃτι
1419 2755 1619 2824 μᾶλλον
1644 2756 1745 2817 ,τὸν

182 2850 416 2920 πόλεμον
463 2850 672 2919 αίροῖτο
700 2851 799 2918 τῆς
841 2849 1083 2920 εἰρήνης.
1116 2848 1182 2902 Ἦ
1214 2848 1422 2918 βασιλὶς
1452 2847 1508 2899 δὲ
1537 2848 1602 2899 ὲκ
1635 2845 1745 2900 τῶν

183 2943 574 3014 πραττομένων
609 2943 890 3012 συνορῶσα
921 2943 1013 2995 τόν
1043 2959 1102 2995 τε
1131 2941 1392 3011 πόλεμον,
1423 2940 1499 3002 ὡς
1535 2939 1746 2993 πολλῶν

179 3038 334 3090 ἐσται
355 3035 540 3090 κακῶν
580 3035 752 3097 αἴτιος
788 3033 1102 3102 Ῥωμαίοις,
1135 3032 1225 3086 τόν
1259 3050 1317 3086 τε
1353 3031 1575 3101 βασιλέα
1600 3031 1746 3083 Καν-

177 3126 512 3197 τακουζηνδν
533 3127 686 3180 οὐδὲν
717 3124 869 3196 παρὰ
887 3124 980 3177 τὸν
1011 3123 1105 3176 τοῦ
1137 3123 1378 3192 πολέμου
1407 3123 1598 3192 χρόνον
1627 3123 1744 3192 sip-

1317 461 1863 524 HISTORIARUM
1900 460 2133 523 LIBER
2173 463 2294 527 Ιῐῐ.

205 567 371 639 σϐέσῃ,
398 569 700 642 σκοπητέον
733 572 783 626 εί
832 573 910 645 μὴ
945 575 1152 646 μᾶλλον
1202 578 1336 643 τοῖς,
1371 577 1404 647 ἦ
1451 577 1646 646 ἐκείνῳ
1681 576 1744 630 τδ

1848 579 2140 647 non-sequi
2175 580 2564 650 episcoporum
2596 583 2803 641 alienas
2846 601 2876 640 a
2917 592 3066 642 recta
3101 584 3315 639 ratione
3341 583 3421 637 af—
3525 618 3528 622 -

3312 467 3420 531 694

1853 661 2137 731 féctiones.
2183 672 2442 740 praeclare
2493 675 2700 729 dictum
2728 691 2847 731 esse
2895 694 2924 730 a
2976 692 3174 747 magno
3219 676 3422 747 Diony-

1851 763 1934 817 sio
1967 763 2099 834 (85).
2128 763 2206 817 Ad
2243 775 2549 818 extremum
2591 767 2830 834 petebat.
2875 777 2937 822 ut
2972 769 3416 838 quandoquidem

1851 863 2056 913 nosset.
2084 864 2136 907 ct
2157 853 2441 924 hucusque
2469 867 2776 924 perpetrata
2802 873 2966 927 quam
2990 868 3176 913 essent
3208 861 3417 925 gravia,

1851 951 1909 997 et
1969 943 2158 997 multis
2202 944 2380 998 modis
2440 945 2691 1012 graviora
2739 949 3066 1016 exspectari,
3118 947 3416 1017 Augustam

1852 1034 2050 1093 adiret.
2082 1045 2137 1090 et
2173 1035 2432 1090 atrumnis
2465 1035 2837 1092 Romanorum
2877 1039 3037 1095 finem
3085 1041 3414 1109 imponeret,

1853 1124 2121 1192 siquidem
2180 1126 2234 1180 id
2308 1127 2519 1184 edicere
2583 1130 2733 1184 solus
2776 1142 2981 1200 posset.
3014 1131 3068 1186 Si
3127 1132 3418 1197 detrectet,

1853 1217 2042 1271 saltem
2075 1233 2132 1272 se
2159 1219 2425 1288 quidquid
2471 1220 2728 1274 debuerit
2755 1236 2878 1274 cum
2916 1223 3265 1288 erga’Deum,
3301 1231 3416 1273 tum

1852 1321 1980 1376 erga
2014 1322 2110 1362 eos
2144 1309 2236 1377 qui
2281 1323 2427 1363 nunc
2460 1324 2573 1362 rem
2607 1310 2906 1363 Romanam
2940 1321 3255 1383 procurent,
3283 1323 3420 1379 pra:-

1853 1399 2080 1454 stitisse.
2108 1400 2261 1468 Ipsos
2294 1406 2553 1461 scituros.
2585 1403 2652 1456 ad
2694 1417 2980 1471 pacemne,
3035 1418 3101 1456 an
3124 1402 3189 1455 ad
3214 1400 3418 1455 bellum

1852 1494 2192 1564 propendere
2223 1495 2346 1564 plus
2401 1494 2658 1556 debeant,
2688 1495 2974 1549 credentes
3003 1495 3332 1558 certissimo,
3363 1501 3421 1546 et

1853 1581 2048 1637 horum
2096 1599 2217 1653 qua:
2254 1585 2412 1646 ﬁunt,
2441 1594 2499 1638 et
2559 1585 2604 1638 si
2667 1584 2797 1653 quid
2851 1587 3014 1639 etiam
3047 1585 3183 1652 ipse,
3220 1583 3288 1636 ab
3336 1582 3417 1636 eis

1853 1683 2092 1738 coactus,
2146 1683 2336 1728 contra
2387 1673 2623 1728 cilicium
2685 1674 3013 1744 peccaverit.
3061 1674 3174 1727 Deo
3230 1686 3420 1741 poenas

1852 1765 2250 1835 persoluturos.
2285 1765 2410 1820 llaec
2433 1775 2630 1847 Oerant,
2673 1781 2795 1835 qua:
2827 1766 3027 1820 litteris
3070 1765 3420 1834 imperatoris

1852 1856 2356 1926 perscribebantur,
2408 1871 2546 1927 quas
2591 1857 2894 1910 monachus
2925 1855 3146 1926 quidam
3198 1857 3420 1911 virtutis

1853 1948 2055 2011 cultor,
2072 1963 2257 2001 amore
2280 1948 2491 2002 honesti
2511 1958 2703 2017 sponte
2716 1948 3014 2002 discrimini
3035 1963 3092 2002 se
3113 1947 3418 2017 objectans,

1853 2039 2103 2110 pertulit.
2131 2037 2447 2092 Patriarcha
2487 2039 2717 2107 epistola
2753 2039 2988 2106 perlecta
3022 2045 3203 2103 tacet;
3233 2055 3422 2094 mona-

1851 2135 2012 2188 chum
2063 2141 2123 2186 ut
2148 2131 2477 2186 atrocissimi
2529 2130 2756 2185 sceleris
2800 2145 2954 2184 reum
3006 2131 3061 2184 in
3108 2132 3418 2185 custodiam

1852 2222 2041 2286 mittit,
2068 2229 2124 2275 et
2155 2220 2228 2275 ita
2260 2223 2405 2274 iacto
2430 2217 2834 2288 quodammodo
2861 2218 3177 2287 respondet,
3220 2234 3276 2272 se
3307 2219 3421 2272 bel-

1850 2314 1965 2369 lum
1995 2313 2116 2383 paci
2147 2323 2503 2380 anteponere.
2550 2311 2872 2380 lmperairix
2901 2327 2933 2365 e
2976 2313 3140 2365 rebus
3185 2327 3420 2380 praesen-

1849 2405 2000 2461 tibus
2037 2403 2500 2466 animadvertens,
2527 2417 2690 2468 quam
2722 2400 2986 2456 Romanis
3031 2399 3233 2454 bellum
3275 2401 3419 2455 istuc

1850 2495 2221 2567 perniciosum
2285 2493 2604 2555 accideret,
2669 2501 2724 2545 et
2777 2492 3226 2547 Cantacuzenum
3275 2490 3416 2544 nihil

1843 2585 2032 2640 adhuc
2062 2585 2400 2654 designasse,
2431 2576 2576 2637 (inde
2604 2582 2878 2650 quispiam
2913 2582 3123 2636 oblatas
3152 2581 3201 2636 ei
3233 2581 3421 2635 crimi-

1845 2677 2098 2730 nationes
2137 2674 2356 2728 veritati
2392 2670 2580 2726 allines
2615 2686 2737 2726 esse
2774 2672 3022 2741 judicare
3052 2681 3254 2738 posset,
3293 2687 3418 2740 per-

1845 2767 1998 2822 culsa
2033 2775 2271 2821 mentem
2317 2765 2693 2828 vehementer,
2724 2778 2782 2818 se
2824 2774 2935 2817 tam
2975 2763 3315 2833 przecipitem
3345 2759 3413 2816 ad

1844 2872 1998 2911 arma
2027 2856 2193 2910 fuisse
2244 2854 2500 2908 indoluit.
2536 2851 2675 2906 Hinc
2699 2853 2994 2922 aliquando
3037 2854 3170 2908 solis
3197 2852 3417 2907 feminis

1844 2947 2208 3019 prasentibus
2239 2944 2359 3015 (86)
2397 2945 2553 3011 dixit,
2595 2944 2768 2998 videri
2797 2944 2901 2999 sibi
2951 2945 3006 2998 in
3043 2943 3288 2998 fraudem
3317 2944 3419 2997 im-

1845 3041 2084 3110 pulsam,
2117 3054 2349 3108 eamque
2374 3055 2481 3093 non
2515 3038 2868 3103 mediocrem,
2899 3053 3023 3091 cum
3049 3037 3117 3091 de
3147 3036 3418 3092 Cantacn-

1846 3146 1983 3186 zeno
2049 3131 2248 3186 falsum
2300 3130 2627 3186 crediderit.
2672 3131 3024 3201 lndagantem
3071 3129 3276 3199 quippe
3329 3145 3410 3194 se,

175 3218 452 3288 γασμένον
475 3217 535 3284 ἐξ
557 3213 630 3271 ὧν
662 3218 726 3272 ἄν
753 3234 835 3279 τις
865 3216 1114 3286 οἰήσαιτο
1153 3213 1330 3285 ἀληθῆ
1363 3213 1434 3266 τὰ
1479 3213 1743 3282 εἰρημένα

1852 3240 1973 3295 (ιιιω
2005 3233 2120 3278 ιοιο
2151 3223 2278 3279 belli
2312 3235 2560 3293 tempore
2606 3223 2818 3286 fecerit,
2862 3223 3002 3276 nihil
3047 3222 3318 3286 invenire,
3348 3237 3417 3276 ex

175 3308 321 3366 εἶναι
358 3313 477 3365 κατ’
511 3309 702 3375 αὑτοῦ,
735 3311 1028 3380 ὲπλήττετό
1072 3325 1132 3361 τε
1161 3307 1259 3378 τὴν
1313 3303 1489 3377 ψυχὴν
1531 3303 1741 3370 δεινῶς,

174 3404 275 3457 καὶ
317 3401 612 3470 μετέμελεν
661 3400 797 3470 αὐτῇ
844 3401 942 3467 τῆς
971 3398 1106 3468 πρὸς
1134 3398 1224 3451 τὸν
1266 3397 1504 3466 πόλεμον
1536 3393 1740 3464 ὁρμῆς.

174 3494 347 3548 Ὅθεν
371 3495 465 3548 καί
493 3509 650 3559 ποτε,
669 3493 769 3562 τῆς
792 3489 1233 3560 γυναικωνίτιδος
1253 3488 1519 3559 συνούσης
1552 3487 1743 3556 μόνης,

125 3571 130 3575 ’
168 3590 338 3642 Δοκεῖ
366 3604 478 3658 μοι,
513 3585 770 3653 ἔφασκεν,
805 3585 1020 3654 ἀπάτην
1046 3581 1362 3654 ὴπατῆσθαι
1387 3581 1447 3634 οὐ
1490 3579 1743 3650 μετρίαν,

168 3680 246 3734 τὰ
272 3679 374 3732 οὐκ
404 3678 532 3732 ὄντα
562 3677 881 3732 πεισθεῖσαν
913 3677 1043 3746 περὶ
1074 3671 1556 3742 Καντακουζηνού.
1597 3670 1747 3733 Ἐξε-

165 3770 450 3835 ταζουσαν
471 3771 583 3840 γὰρ
611 3770 714 3823 ὅσα
744 3771 951 3832 ἐκεῖνος
979 3771 1131 3838 παρὰ
1162 3769 1339 3820 πάντα
1368 3767 1624 3833 είργαστο
1652 3761 1746 3814 τὸν

125 3904 129 3908 -
166 3863 271 3918 τοῦ
326 3865 559 3931 πολέμου
610 3863 802 3933 χρόνον
848 3861 1018 3932 μηδὲν
1071 3859 1345 3925 εὑρίσκειν
1378 3851 1421 3925 ᾧ
1467 3853 1744 3921 πεισθείη,

165 3955 254 4018 ὡς
291 3952 618 4006 ἐπεϐούλευε
653 3953 811 4006 παισὶ
841 3953 954 4012 τοῖς
999 3950 1172 4019 αὐτῆς
1207 3950 1436 4010 ἐκεῖνος.
1470 3946 1650 4015 Αὐτὴν
1688 3943 1747 3996 δὲ

165 4053 278 4120 τὴν
312 4052 374 4103 ὲκ
407 4049 514 4102 τῶν
544 4046 884 4118 πραγμάτων
915 4043 1190 4107 ἀπόδειξιν
1225 4039 1626 4112 ἐναργεστάτην
1653 4037 1746 4092 οὗ·

165 4159 282 4195 σαν
308 4138 663 4210 παριδοῦσαν,
699 4137 879 4202 λόγοις
930 4135 1098 4204 μηδὲν
1131 4132 1350 4202 ἔχουσιν
1390 4129 1539 4197 ὑγιὲς
1579 4144 1748 4195 προσ·

163 4237 353 4304 σχεῖν,
377 4233 436 4298 ἐξ
460 4225 536 4287 ὧν
555 4234 651 4302 ούχ
670 4228 870 4299 ἑαυτὴν
901 4227 1086 4296 μόνον,
1106 4226 1240 4278 ἀλλὰ
1253 4225 1346 4277 καὶ
1375 4223 1444 4276 τὰ
1457 4221 1747 4290 Ῥωμαίων

162 4323 402 4394 βλάψειε
437 4323 742 4392 πράγματα
780 4319 838 4372 ού
880 4318 1080 4386 μέτριά
1135 4331 1282 4369 τινα.
1327 4313 1640 4385 Ἐρομένων
1689 4309 1746 4363 δὲ

156 4417 286 4468 τῶν
313 4414 609 4482 γυναικῶν,
636 4413 734 4465 καὶ
761 4412 892 4462 ποία
917 4410 982 4464 ἄν
1013 4427 1096 4470 τις
1129 4406 1442 4475 ἐπινοηθείη
1477 4402 1748 4474 θεραπεία

157 4507 284 4559 τῶν
327 4508 511 4559 κακῶν
544 4504 810 4574 βασιλέως
837 4504 1046 4556 ἐκείνου
1073 4497 1177 4572 ἠδή
1205 4500 1516 4568 γεγονότος,
1532 4496 1742 4567 Ῥαδία,

1850 3329 1962 3383 quo
1999 3313 2178 3383 ipsum
2209 3311 2399 3366 liberis
2421 3313 2534 3365 suis
2559 3312 2789 3366 insidias
2828 3312 3094 3365 struxisse
3130 3319 3416 3379 appareat.

1846 3405 1915 3460 Et
1939 3414 2116 3458 tamen
2147 3417 2205 3457 se
2234 3403 2593 3472 probationis.
2654 3417 2774 3470 qua:
2807 3417 2875 3455 ex
2918 3401 3075 3456 factis
3115 3401 3418 3454 evidentis-

1847 3498 1983 3551 sima
2023 3494 2268 3556 ducitur,
2315 3493 2699 3564 negligentem,
2737 3493 3088 3548 sermonibus
3128 3491 3414 3546 maledicis

1847 3604 2008 3655 aures
2035 3587 2272 3650 dedisse,
2302 3586 2537 3657 indeque
2565 3602 2674 3641 non
2720 3587 2824 3641 sibi
2871 3586 3155 3650 duntaxat,
3181 3585 3276 3639 sed
3310 3585 3420 3638 [lo-

1846 3695 2022 3735 manaa
2079 3693 2298 3748 quoque
2329 3677 2405 3732 rei
2456 3678 2687 3746 publica;
2713 3677 2879 3750 458
2907 3678 3164 3759 majorem
3195 3678 3248 3730 in
3304 3691 3420 3731 mo-

1847 3771 1978 3826 dum
2009 3771 2287 3825 nocuisse.
2335 3767 2758 3824 Sciscitantibus
2801 3766 3041 3832 feminis,
3080 3779 3254 3836 ecqua
3303 3781 3418 3820 me-

1849 3862 2030 3916 dicina
2059 3861 2237 3924 malis,
2276 3863 2392 3931 ipso
2413 3861 2525 3930 jam
2557 3873 2659 3928 pro
2692 3859 3020 3928 imperatore
3062 3872 3120 3911 se
3156 3866 3411 3927 gerente,

1849 3951 2149 4020 excogitari
2181 3958 2365 4019 queat,
2385 3949 2608 4010 Facilis,
2633 3947 2813 4016 inquit
2835 3948 2946 4001 illa.
2979 3947 3196 4001 Etenim
3220 3944 3420 4000 Canta-

1849 4057 2118 4098 cuzenum
2148 4041 2313 4096 etiam
2362 4041 2486 4094 vivo
2523 4039 2856 4108 imperatore
2882 4048 3089 4093 vestem
3125 4037 3422 4106 imperato-

1852 4136 1989 4190 riam
2015 4147 2124 4188 non
2158 4132 2426 4191 induisse.
2451 4139 2723 4203 potestate
2751 4141 2936 4185 tamen
2981 4143 3143 4184 usum
3183 4129 3421 4198 impera-

1849 4227 2012 4281 toria.
2061 4223 2210 4280 Nihil
2247 4238 2376 4293 ergo
2406 4237 2633 4287 novum,
2663 4223 2709 4277 si
2745 4237 2866 4292 quae
2903 4223 2958 4276 in
3008 4221 3221 4290 privata
3265 4227 3420 4274 veste

1848 4315 2095 4387 gesserit.
2127 4315 2318 4370 eadem
2346 4315 2572 4370 nuncin
2597 4312 2944 4384 imperatoria
2975 4317 3147 4383 gerat.
3173 4310 3280 4366 Pro
3301 4309 3421 4380 ejus

1849 4423 2016 4479 porro
2048 4408 2103 4462 in
2150 4423 2236 4463 me
2297 4405 2578 4477 ﬁliumque
2620 4419 2800 4461 meum
2831 4405 3220 4474 imperatorem
3253 4403 3424 4456 bene-

1847 4500 2111 4563 volentia,
2149 4500 2292 4554 bello
2341 4499 2576 4554 necdum
2603 4497 2866 4559 excitato,
2900 4497 3065 4551 tiliam
3112 4496 3285 4566 ipsius
3315 4493 3424 4548 He-

156 4598 420 4666 ἔφασκεν
472 4599 504 4666 ἠ
552 4595 784 4666 βασιλίς.
820 4592 1278 4661 Καντακουζηνὸν
1313 4591 1423 4660 γὰρ
1461 4591 1554 4642 καὶ
1586 4587 1738 4658 βασι-

1848 4593 2024 4648 lenam
2049 4591 2230 4647 eidem
2260 4591 2372 4646 ﬁlio
2419 4605 2542 4646 meo
2584 4603 2815 4645 uxorem
2859 4588 3096 4643 dandam
3145 4587 3288 4640 inter
3321 4599 3424 4645 nos

154 4690 314 4754 um;
367 4689 448 4742 ἔτι
481 4689 782 4756 περιόντος,
829 4685 1031 4753 ἐσθῆτα
1068 4684 1167 4753 μὲν
1212 4683 1273 4736 ού
1319 4679 1744 4751 περιὸεὸλῆσθαι

153 4783 489 4854 βασιλικὴν,
523 4780 753 4849 δύναμιν
788 4778 845 4832 δὲ
873 4779 1018 4848 ἔχειν
1057 4777 1362 4844 βασιλέω;.⁶
1385 4773 1451 4827 Τί
1496 4774 1588 4828 οὖν
1615 4774 1746 4826 θαυ-

156 4871 389 4941 μαστὸν
418 4871 468 4923 εί
493 4869 529 4924 ἂ
561 4869 668 4922 ὑπὸ
703 4868 804 4935 τὴν
842 4866 1115 4936 ἰδιωτικὴν
1149 4865 1354 4932 ἐσθῆτα
1382 4863 1637 4934 ἔπραττε,
1677 4863 1746 4916 τὰ

155 4966 266 5018 ἶσα
299 4962 398 5017 νῦν
427 4963 524 5016 καὶ
574 4961 671 5033 τὴν
725 4961 1009 5033 βασιλικὴν
1041 4958 1181 5030 ἔχων
1212 4957 1481 5028 πράττοις
1519 4957 1746 5021 Εύνοίας

1851 4685 2132 4740 convenit.
2157 4682 2314 4749 Quod
2345 4683 2439 4737 ubi
2477 4696 2626 4736 nunc
2670 4697 2728 4736 re
2757 4682 3063 4751 perfectum
3089 4679 3279 4740 fuerit,
3304 4675 3428 4730 bel-

1849 4778 1963 4832 lum
1995 4792 2164 4847 parvo
2196 4775 2413 4844 negotio
2448 4775 2714 4843 sopietur,
2751 4782 2806 4826 et
2831 4755 3138 4840 respublica
3165 4769 3241 4822 uti
3270 4769 3426 4837 prius

1851 4869 1920 4922 ab
1949 4866 2144 4922 eodem
2176 4864 2679 4919 administrabitnr.
2714 4862 2932 4931 Alioqui
2977 4859 3114 4914 nihil
3156 4857 3420 4922 obstabit,

1852 4959 1986 5030 quin
2015 4958 2298 5012 Romanus
2340 4957 2684 5028 principatus
2721 4955 2946 5008 sibimet
2991 4951 3157 5008 exitio
3201 4951 3292 5007 sit.
3325 4948 3428 5005 Fe-

1450 5049 1665 5155 lacobi
1696 5074 1964 5136 Pontani
1995 5081 2182 5134 notua.

240 5180 496 5254 (85)Non
528 5181 686 5238 affert
709 5181 873 5236 verba
910 5178 1151 5250 Dionysii
1185 5166 1520 5254 Areopagitae
1547 5175 1743 5254 Canta-

146 5247 446 5314 cuienus.
470 5254 562 5307 sed
603 5267 823 5306 sensum
874 5266 938 5303 ac
969 5247 1202 5302 mentem
1231 5247 1494 5313 ejusdem,
1523 5256 1586 5300 ex
1615 5248 1740 5314 epi-

147 5325 320 5380 stola
373 5323 585 5378 scilicet
628 5323 694 5376 ad
754 5319 1150 5388 Demophilum,
1200 5319 1255 5371 in
1289 5333 1392 5386 qua
1446 5317 1578 5370 nihil
1630 5317 1741 5385 agit

146 5393 352 5460 aliud,
373 5409 532 5461 quam
566 5403 623 5446 ut
648 5392 919 5452 ostendat,
943 5391 1051 5442 Den
1081 5403 1188 5442 non
1239 5389 1473 5461 piat-ere,
1503 5402 1622 5455 quae
1651 5402 1742 5456 ge-

144 5457 512 5517 runtur'aut
560 5471 757 5530 praeter
818 5471 1138 5530 petestaiem
1181 5457 1461 5530 _ordinis,A
1492 5466 1585 5510 aut
1646 5473 1741 5524 per
1778 5466 1786 5476 ‘

145 5532 352 5588 animi
404 5527 900 5600 impotentiam,'ut
935 5527 1136 5600 fecerat
1181 5527 1556 5596 Demophilus,
1588 5541 1751 5596 quem

145 5602 390 5658 idcirco
421 5598 666 5655 severius
700 5598 1071 5668 reprehendit.

237 5672 370 5741 (:86)
401 5671 681 5741 Γυναικὼν
711 5665 816 5741 est
839 5668 1118 5727 conclave,
1160 5665 1574 5741 contubernium
1629 5681 1750 5721 mu-

143 5737 408 5804 liei’utn,
463 5741 615 5794 locus
657 5740 710 5793 in
741 5739 968 5799 a-dibus,
1003 5741 1054 5789 in
1085 5753 1193 5804 quo
1222 5737 1478 5790 mulieres
1506 5751 1751 5790 Scorsum

143 5827 184 5865 a
247 5811 396 5866 viris
452 5810 716 5865 habitant.
775 5810 937 5868 Idem.
990 5817 1046 5861 et
1093 5807 1311 5876 quidem
1360 5807 1616 5860 usitatius
1670 5814 1754 5861 est

141 5884 592 5952 γυναικωνῖτις,
622 5897 729 5950 quo
765 5890 817 5935 et
854 5878 1027 5933 Latini
1060 5878 1140 5933 usi
1183 5887 1308 5932 sunt
1335 5892 1750 5950 nonnunquam.

1848 5177 2138 5231 Cornelius
2173 5176 2422 5236 Neposin
2461 5174 2665 5242 prmfat.
2697 5173 2797 5227 Ant
2830 5173 2981 5242 cujus
3017 5171 3424 5242 mazerfamilias

1848 5263 1950 5301 non
1979 5249 2208 5314 printum
2241 5245 2408 5300 ίοθιιηι
2441 5240 2574 5297 tenet
2605 5245 2819 5302 tertium,
2843 5240 3002 5312 aiquc
3029 5244 3083 5314 in
3126 5240 3424 5314 celebritate

1850 5309 2128 5372 uersatur?
2149 5318 2286 5386 quod
2332 5315 2510 5386 aliter,
2535 5315 2698 5367 muho
2738 5314 2877 5386 [ἰείη
2909 5309 3132 5386 Crtvcia.
3163 5309 3298 5362 Nam
3334 5327 3423 5362 ne-

1847 5403 1942 5456 que
1973 5388 2028 5438 in
2055 5385 2348 5440 conuiuium
2389 5385 2687 5446 adhibetur,
2717 5385 2815 5436 nisi
2847 5385 3281 5456 proniuquorum,
3332 5397 3422 5433 ne-

1845 5455 1943 5523 que
1977 5458 2138 5518 sedet,
2177 5457 2280 5508 nisi
2311 5458 2361 5506 in
2394 5456 2644 5508 interiore
2685 5468 2833 5524 parte
2872 5455 3088 5524 mdium.
3109 5468 3224 5521 qua:
3246 5466 3422 5524 ρειπω-

1851 5521 2036 5578 canitis
2067 5526 2388 5594 appet/amr,
2410 5541 2510 5592 quo
2535 5521 2713 5578 'nemb
2749 5525 2966 5586 accedit,
2988 5523 3091 5576 nisi
3128 5521 3421 5594 propinqua

1849 5591 2158 5666 cognatione
2211 5591 2540 5666 confunditis.
2588 5595 2681 5648 Est
2717 5605 2896 5647 tamen
2965 5593 3184 5666 quando
3242 5591 3434 5666 ipsunr

1849 5661 2171 5719 feminarum
2226 5679 2427 5718 coetum
2481 5665 2770 5734 signilicat,
2804 5671 2864 5718 ut
2916 5663 3083 5719 etiam
3137 5661 3418 5734 hocloco.

1823 5736 1929 5789 .lta
1961 5735 2104 5804 apud
2132 5735 2480 5789 Plutarchum
2513 5732 2579 5789 de
2611 5733 2908 5800 Herodoto,
2945 5735 3083 5804 μετὰ
3111 5732 3210 5804 τῆς
3235 5747 3422 5802 γυναι-

1852 5805 2126 5869 κωνίτιδος
2160 5807 2249 5858 ἐπὶ
2281 5805 2404 5868 τοὺς
2439 5805 2706 5872 Ἕλληνας
2737 5805 3123 5874 ἐστράτευσεν.
